4076 6226
917 339 1287 396 EXCERPTA
1326 341 1419 396 EX
1457 344 1660 399 ACTIS
1706 344 1763 401 S.
1805 346 2047 402 BASILll
2087 348 2845 407 BOLLANDIANIS.—V1TA
2884 353 3315 411 APOCBYPHA.

3561 372 3716 421 cccul

496 474 605 530 quo
633 459 769 516 liber
797 475 865 514 an
904 440 1295 519 abducentibus
1345 464 1596 519 satellitio
1646 467 2003 523 dimitteretur
2037 484 2050 520 :
2083 478 2127 531 Α
2165 468 2283 534 Quo
2312 477 2561 536 accepto,
2594 470 2667 522 ait
2708 468 2978 523 Basilius:
3010 489 3028 520 ι
3068 469 3176 523 Nos
3223 466 3436 538 quidem
3471 471 3586 533 tibi,
3614 473 3715 525 im-

487 554 575 608 ille
601 568 728 609 vero
755 554 1057 607 exhibitam
1103 555 1157 608 in
1196 556 1313 625 ipso
1339 558 1731 614 humanitatem
1768 577 1873 616 non
1901 564 2050 632 igno-

485 661 636 709 rans,
660 646 869 700 accedit
916 647 984 701 ad
1012 646 1271 702 Basilium
1305 649 1510 718 gratias
1535 666 1699 720 agens
1741 671 1754 706 :
1792 654 2049 708 advocata

483 747 662 791 autem
688 737 907 801 femina,
934 739 1154 807 duplum
1188 740 1237 795 ei
1262 741 1308 796 si
1340 741 1474 811 quid
1501 742 1773 809 debebat,
1811 759 1876 800 ex
1926 760 2049 815 pro-

484 828 613 896 priis
638 828 749 895 ipse
781 829 1029 884 reddidit.

551 916 708 972 Circa
740 918 790 973 id
820 930 1029 990 tempus
1061 935 1183 975 cum
1211 922 1456 977 Julianus
1501 924 1634 996 (58),
1678 928 2048 985 odiosissimus

484 1008 799 1077 imperator,
829 1011 1087 1067 adversus
1112 1013 1307 1069 Persas
1340 1016 1798 1085 proficisceretur,
1825 1021 1973 1074 venit
1994 1021 2047 1074 in

484 1110 665 1166 partes
687 1100 1111 1157 Caesareensium
1143 1123 1157 1159 :
1186 1105 1423 1161 Basilius
1472 1120 1673 1173 autem,
1714 1125 1817 1163 una
1842 1112 1890 1164 ei
1926 1126 2047 1165 cum

493 1192 679 1257 sociis,
706 1191 920 1246 obviam
970 1196 1253 1263 processit.
1311 1196 1444 1249 Eum
1480 1198 1705 1254 intuitus
1736 1200 2044 1268 imperator,

484 1283 709 1336 dixitn
754 1282 831 1338 Te
860 1285 1200 1355 phiIOSOphia
1253 1288 1380 1353 vici,
1434 1288 1621 1345 Basili.
1678 1310 1697 1343 ›
1753 1290 2048 1362 Respondit

482 1388 614 1429 vero
659 1374 934 1430 Basilius:
971 1395 989 1428 ι
1032 1376 1251 1432 Utinam
1294 1379 1674 1449 philosophum
1720 1383 1958 1452 egissesl
2020 1404 2039 1437 ι

484 1467 633 1523 Tunc
657 1480 875 1524 sanctus
905 1478 1015 1526 tres
1042 1470 1092 1525 ei
1115 1485 1281 1537 panes
1306 1472 1520 1536 obtulit,
1549 1489 1612 1527 ex
1638 1489 2045 1545 annona,quam

484 1556 768 1612 inferebat.
795 1560 866 1612 At
909 1560 1017 1626 ille,
1072 1575 1171 1629 pro
1205 1562 1446 1616 muneris
1496 1562 1761 1630 parvitate
1791 1572 1937 1617 ratus
1988 1578 2046 1618 se

483 1647 678 1718 injuria
711 1648 960 1703 affectum
990 1692 1006 1717 ,
1041 1649 1207 1718 jussit
1250 1650 1575 1706 satellitibus
1638 1662 1696 1705 ut
1731 1667 1897 1721 panes
1926 1654 2045 1721 qui-

485 1740 606 1796 dem
637 1742 943 1810 acciperent
964 1778 979 1807 ,
1030 1756 1216 1797 eorum
1244 1752 1422 1796 autem
1456 1742 1575 1797 loco
1620 1743 1801 1797 fenum
1832 1744 2043 1802 darent.

485 1924 734 1984 omisisse
780 1923 1012 1988 videtur,
1050 1924 1227 1978 victus
1279 1927 1459 1993 operis
1508 1926 1839 1995 prolixitate,
1888 1939 2048 1994 quam

484 1996 608 2062 quia
658 1994 870 2049 codices
928 1995 1095 2062 ipsius
1129 1995 1177 2047 id
1209 1994 1647 2050 desideraverint.
1672 1997 1801 2063 Cur,
1836 2010 2039 2063 quaeso,

489 2064 793 2130 prolixitate
837 2064 1080 2118 codicum
1119 2079 1335 2117 suorum
1386 2066 1692 2119 vinceretur
1724 2066 1891 2121 Ursus
1922 2105 1938 2127 ,
2000 2065 2047 2118 si

488 2133 543 2188 hi
598 2134 792 2204 capita;
836 2134 936 2204 ista
989 2134 1279 2204 habuerint
1313 2135 1336 2186 Ἰ
1369 2134 1571 2204 Neque
1622 2135 1850 2204 primum
1900 2142 2049 2188 caret

486 2204 634 2257 omni
668 2201 1018 2263 'ditﬁcnltate,
1057 2203 1303 2269 quamvis
1363 2203 1416 2258 id
1471 2201 2044 2272 putet'Combefisius:

486 2288 673 2341 parum
704 2273 898 2341 quippe
916 2272 1172 2325 credibile
1197 2273 1429 2337 videtur,
1460 2282 1859 2328 exauctoratum
1905 2288 2047 2342 prae-

487 2344 681 2405 sidem,
710 2344 858 2411 et_ad
893 2342 1103 2395 vincula
1134 2343 1467 2406 damnatum,
1496 2342 1677 2397 Basilii
1713 2345 1851 2411 apud
1882 2344 2050 2409 impe-

491 2421 727 2465 ratorem
755 2409 1027 2465 lulianum
1075 2421 1165 2464 aut
1203 2411 1578 2465 Constantium
1613 2409 2049 2467 intercessionem

490 2482 815 2550 postulasse,
841 2490 894 2534 ct
921 2495 1017 2550 per
1038 2496 1155 2534 eam
1188 2481 1430 2550 dignitati
1463 2482 1789 2536 restitutum.

562 2550 674 2619 ('58)
701 2550 825 2605 Haec
865 2550 930 2603 de
952 2548 1165 2603 Juliano
1214 2548 1539 2619 imperatore
1589 2551 1788 2605 omissa
1818 2561 1945 2605 sunt
1977 2551 2047 2605 ab

494 2620 633 2675 Urso
662 2620 1014 2679 subdiacono.
1040 2628 1092 2672 et
1117 2620 1308 2673 merito
1348 2621 1641 2675 omittenda
1683 2630 1837 2674 erant
1862 2622 1936 2686 ei,
1961 2621 2051 2688 qui

509 2688 678 2743 Vitam
720 2691 859 2744 hanc
912 2688 1096 2743 Basilii
1148 2689 1309 2743 vellet
1360 2689 1538 2743 facere
1588 2690 1918 2745 credibilem.
1981 2692 2053 2742 At

494 2760 846 2814 Combefisius
872 2800 886 2822 ,
916 2760 1099 2812 volens
1150 2759 1291 2811 hunc
1324 2766 1378 2813 et
1418 2760 1553 2814 alios
1607 2760 2055 2814 anachronismos

495 2844 780 2894 excusare,
820 2828 956 2883 dicit
1003 2828 1055 2882 in
1108 2828 1210 2882 hac
1244 2827 1366 2881 Vita
1408 2828 1537 2882 nihil
1586 2830 1772 2883 ordine
1803 2830 2057 2896 temporis

496 2901 727 2953 narrari.
773 2900 1022 2965 Adeoque
1046 2938 1061 2961 ,
1089 2899 1333 2967 quamvis
1359 2899 1620 2953 adventus
1653 2897 1848 2953 Iuliani
1881 2899 2057 2953 Caesa-

497 2984 644 3022 ream
686 2970 772 3023 hic
804 2977 1079 3033 narretur,
1122 2983 1185 3020 ac
1220 2968 1265 3021 si
1319 2968 1632 3035 contigisset
1688 2978 1809 3036 post
1849 2969 2055 3037 episco-

494 3040 666 3106 palem
693 3039 872 3091 Basilii
907 3038 1404 3101 consecrationem;
1455 3038 1587 3092 nihil
1619 3039 1879 3107 impedire
1918 3052 2055 3106 quo—

495 3111 672 3164 minus
717 3108 905 3161 referri
936 3108 1105 3177 possit
1161 3107 1227 3160 ad
1281 3108 1551 3161 anteriora
1595 3118 1875 3177 tempora,
1931 3123 2053 3163 cum

493 3194 687 3247 nempe
715 3177 945 3232 Basilius
978 3192 1071 3243 pro
1118 3178 1347 3230 Eusebio
1379 3179 1629 3245 episcopo
1684 3178 1905 3240 latente,
1958 3178 2051 3230 de-

490 3246 698 3305 functo.
736 3258 827 3301 aut
855 3248 1042 3300 saltem
1067 3247 1167 3299 alia
1198 3246 1264 3299 de
1291 3261 1451 3300 causa
1491 3249 1715 3317 absente
1745 3286 1762 3311 ,
1798 3258 2050 3317 tanquam

492 3318 779 3384 primarius
811 3318 949 3370 inter
975 3317 1314 3385 presbyteros
1346 3326 1397 3368 et
1424 3316 1658 3385 episcopi
1688 3317 1916 3371 vicarius
1945 3317 2050 3370 Ec-

488 3387 707 3440 clesiam
747 3388 1141 3440 Caesareensem
1173 3385 1589 3440 administraret.
1628 3386 1875 3455 Magnum
1898 3388 2053 3454 quip-

490 3472 557 3521 pe
587 3467 702 3510 erat
734 3455 922 3511 Basilii
974 3470 1193 3518 nomen,
1218 3455 1379 3508 etiam
1406 3466 1695 3522 antequam
1745 3457 2050 3510 sacerdotio

492 3526 807 3593 fungeretur
840 3526 978 3593 apud
1014 3523 1363 3593 Cappadocas
1415 3532 1468 3578 et
1522 3526 1768 3579 nationes
1815 3535 2050 3588 exteras,

492 3604 550 3647 ut
590 3592 656 3648 ex
714 3592 1054 3647 Nazianzeno
1110 3592 1339 3646 atﬁrmat
1398 3594 1750 3647 Combcfisius
1785 3611 1798 3649 :
1832 3595 2052 3662 ipsaque

490 3666 849 3719 Czesareensis
874 3664 1063 3717 civitas
1102 3678 1224 3716 eum
1258 3674 1508 3730 tauquam
1535 3665 1868 3716 conditorem
1895 3680 2050 3717 suum

489 3746 544 3787 et
573 3744 1004 3789 conservatorem
1044 3733 1386 3797 suspiciebat.
1428 3732 1648 3798 Deinde,
1684 3734 1853 3801 inquit
1885 3734 2047 3798 idem,

492 3804 626 3857 nihil
660 3816 912 3857 narratur
959 3812 1069 3856 tota
1126 3802 1226 3854 hac
1263 3801 1487 3855 historia
1537 3804 1735 3855 factum
1766 3818 1795 3855 a
1822 3801 2044 3865 Basilio,

490 3875 630 3941 quod
664 3890 693 3926 a
742 3874 1057 3942 presbytero
1086 3881 1139 3923 et
1189 3871 1678 3942 episcopinvicario
1710 3874 1888 3939 peragi
1942 3888 2050 3925 non

491 3940 757 4009 potuerit;
795 3940 919 4005 nec,
946 3942 1045 3995 nisi
1100 3941 1286 4003 semel,
1326 3940 1553 3993 Basilius
1585 3951 1811 3994 vocatur
1840 3942 2049 4009 episco-

489 4028 608 4080 pus.
639 4012 817 4066 Potuit
840 4024 1016 4065 autem
1055 4010 1211 4064 facile
1240 4011 1361 4063 ἀντὶ
1406 4011 1595 4080 ἱερέως
1625 4026 1719 4078 pro
1754 4012 2051 4080 ἀρχιερέως

490 4099 519 4133 a
546 4082 768 4135 librario
806 4083 1059 4150 quopiam
1090 4081 1355 4144 describi;
1390 4081 1472 4133 vel
1495 4083 1654 4132 etiam
1679 4086 1847 4148 potuit
1872 4082 2052 4150 ἀρχιε-

493 4151 619 4222 peti;
672 4161 815 4205 recte
841 4155 1019 4204 vocari
1071 4150 1496 4222 presbyter,_qui
1549 4150 1720 4203 ollicm
1753 4159 1810 4222 ct
1834 4152 2052 4219 jurisdi-

493 4220 690 4283 ctione,
720 4234 778 4273 ut
832 4230 1022 4274 vocant
1050 4260 1064 4284 ,
1098 4221 1329 4285 episcopi
1385 4220 1697 4286 fungeretur
1727 4236 1741 4272 :
1771 4221 1847 4272 sic
1905 4230 2052 4273 certe

494 4305 657 4342 unum
689 4292 922 4358 episcopi
969 4290 1265 4355 vicariique
1317 4289 1552 4341 tribunal
1589 4290 1963 4357 agnoscimus;
2001 4300 2053 4342 et

493 4369 641 4423 gesta
676 4361 859 4412 vicarii
892 4358 1059 4427 ipsius
1093 4360 1326 4425 episcopi
1368 4370 1516 4427 gesta
1549 4375 1940 4426 nuncupamus.
1976 4360 2050 4411 lta

493 4428 850 4483 Combefisius
874 4430 1011 4481 hunc
1030 4429 1499 4481 anachronismnm
1531 4442 1790 4481 excusare
1821 4429 2046 4480 nititur:

2153 570 2391 629 perator,
2429 576 2491 613 ex
2528 561 2592 613 iis
2619 561 2920 621 attulimus,
2946 565 3141 629 quibus
3162 575 3460 629 vescnmnr;
3517 571 3572 614 tu
3622 578 3716 616 au—

2154 661 2261 703 tem
2298 665 2363 703 ex
2390 650 2453 703 iis
2481 650 2806 715 retribuisti,
2836 650 3029 717 quibus
3054 652 3205 705 bruta
3227 649 3467 718 jumenta
3500 652 3620 718 alis,
3663 654 3713 705 id

2150 743 2366 811 quidem
2419 742 2668 797 affectata
2743 743 3006 795 irrisionis
3040 744 3248 812 specie;
3284 745 3374 799 sed
3405 745 3491 813 qui
3528 745 3714 798 nolens

2150 835 2205 889 in
2255 835 2483 903 hujusce
2514 834 2655 903 prati
2691 849 2886 902 pascua
2927 835 3034 903 ('59)
3065 850 3160 888 nos
3189 836 3388 890 mittas.
3423 854 3441 887 ι
3476 837 3714 891 Audiens

2152 938 2328 980 autem
2358 924 2622 990 Julianus,
2656 926 2797 994 quod
2819 926 2963 979 velut
2992 926 3281 995 imperator
3306 928 3535 995 gratiam
3561 944 3712 984 suam

2150 1034 2407 1073 revocare
2438 1034 2543 1073 non
2578 1028 2782 1087 posset,
2824 1018 3005 1071 furore
3039 1021 3273 1088 percitus
3299 1022 3374 1074 ait
3408 1022 3475 1075 ad
3512 1021 3659 1075 illum
3691 1041 3704 1076 :

2154 1126 2175 1159 ι
2215 1109 2476 1176 Equidem
2502 1109 2639 1176 prati
2660 1122 2857 1176 pascua
2885 1109 2982 1161 tibi
3011 1124 3126 1162 mea
3169 1109 3388 1163 donavit
3412 1112 3660 1181 majestas
3692 1129 3709 1177 ;

2149 1208 2398 1255 steterunt
2462 1199 2549 1253 ubi
2606 1200 2843 1253 subactis
2906 1198 3093 1253 Persis
3148 1200 3340 1253 iterum
3399 1201 3709 1266 divertcro,

2150 1302 2293 1346 tuam
2320 1293 2596 1346 civitatem
2628 1292 2742 1347 solo
2798 1302 3066 1360 aequatam
3103 1293 3267 1347 arabo
3299 1309 3311 1343 :
3346 1302 3405 1347 ut
3437 1293 3710 1348 fructifera

2146 1384 2326 1452 potius
2362 1381 2643 1445 efﬁciatur,
2674 1398 2834 1451 quam
2882 1383 3190 1436 hominibus
3231 1382 3453 1437 edendis
3478 1384 3715 1437 educan-

2149 1474 2339 1543 disque
2391 1483 2698 1542 comparata
2735 1475 2916 1527 :haud
2963 1476 3105 1527 enim
3154 1474 3360 1542 decepti
3392 1490 3419 1527 a
3454 1484 3504 1527 te
3533 1474 3711 1543 populi

2146 1565 2531 1634 impudentiam
2575 1566 2759 1619 nescio
2798 1585 2810 1619 :
2853 1574 2911 1619 ut
2955 1567 3280 1636 impotentes
3331 1568 3553 1631 invidia,
3579 1566 3713 1621 For-

2146 1667 2327 1710 tunam
2378 1670 2536 1724 quam
2568 1670 2667 1725 ego
2710 1657 2865 1711 deam
2908 1656 3017 1729 (40)
3065 1658 3266 1723 adoro,
3320 1668 3603 1726 postquam
3662 1659 3713 1713 ei

2147 1748 2328 1815 libavi,
2363 1748 2507 1801 omni
2546 1761 2766 1815 prorsus
2793 1749 3017 1813 honore,
3070 1748 3382 1803 minuerint.
3423 1767 3441 1799 ι
3490 1747 3584 1803 His
3614 1764 3712 1803 au-

2158 1928 2347 1981 damus
2370 1927 2716 1990 Combefisio,
2750 1943 2852 1995 qua
2886 1927 3096 1981 ratione
3122 1927 3353 1981 Basilius
3375 1926 3480 1981 dici
3516 1927 3715 1993 poterit

2156 1998 2391 2052 vicarius
2454 1998 2622 2051 fuisse
2678 1997 2926 2060 Eusebii,
2964 1998 3175 2051 vivente
3199 1996 3449 2051 Juliano?
3494 1997 3712 2061 Mortui,

2155 2067 2327 2135 inquit
2358 2068 2463 2126 ille.
2492 2076 2582 2119 aut
2612 2066 2849 2128 latentis,
2878 2077 2969 2119 aut
2997 2068 3156 2120 aliter
3207 2067 3467 2122 absentis.
3504 2067 3716 2121 Absen-

2159 2146 2267 2189 tem
2300 2137 2480 2189 tandiu
2521 2151 2754 2201 unquam
2798 2135 2966 2190 fuisse
2994 2153 3021 2189 a
3063 2151 3161 2191 suo
3209 2138 3517 2204 episcopatu
3548 2136 3715 2191 Euse-

2155 2206 2328 2269 bium,
2353 2215 2411 2259 ut
2441 2206 2645 2259 vicario
2679 2206 2999 2273 indiguerit,
3033 2206 3202 2274 gratis
3256 2207 3516 2259 asseritur
3544 2214 3598 2259 et
3620 2220 3717 2258 ne-

2152 2283 2331 2343 gatur.
2384 2274 2598 2329 Juliano
2652 2287 3031 2341 praemortuum
3077 2289 3217 2337 esse,
3270 2275 3459 2327 falsum
3494 2274 3716 2328 omnino

2154 2356 2277 2398 est:
2309 2354 2525 2397 constat
2579 2360 2809 2412 namque
2844 2360 2907 2397 ex
2939 2344 3278 2399 Nazianzeno
3303 2344 3504 2398 vixisse
3562 2344 3711 2397 illum

2155 2413 2314 2467 initio
2340 2412 2604 2467 Valentis.
2635 2414 2773 2479 Quin
2807 2428 3003 2480 capere
3048 2430 3149 2466 non
3177 2428 3415 2479 possum,
3446 2415 3713 2480 quomodo

2154 2482 2207 2535 id
2259 2484 2311 2535 in
2367 2494 2597 2535 mentem
2656 2484 2864 2552 venerit
2914 2483 3239 2537 Combefisio
3286 2494 3710 2552 :argumcnlum

2153 2552 2321 2616 enim,
2358 2567 2465 2620 quo
2504 2553 2805 2606 ostenditur
2833 2551 3187 2606 Basiliusnon
3221 2552 3389 2607 fuisse
3408 2551 3713 2620 imperante

2154 2620 2369 2675 Juliano
2418 2622 2725 2689 episcopus.
2762 2622 2884 2675 inde
2940 2622 3262 2685 desumitur,
3314 2625 3455 2689 quod
3488 2623 3587 2676 sub
3614 2620 3714 2673 Va—

2153 2692 2297 2745 lente
2332 2690 2505 2744 adhuc
2540 2692 2589 2744 in
2623 2692 2760 2744 vivis
2792 2700 2934 2744 esset
2967 2692 3247 2744 Eusebius.
3282 2691 3388 2743 Nec
3419 2691 3594 2757 aptius
3630 2700 3715 2743 est

2154 2761 2405 2829 effugium
2441 2776 2537 2827 per
2562 2761 2775 2814 Eusebii
2814 2762 3049 2829 latebras
3079 2778 3091 2813 :
3123 2776 3218 2812 cur
3248 2762 3390 2813 enim
3415 2762 3501 2813 hic
3524 2760 3713 2813 latuis-

2156 2839 2240 2886 set
2270 2827 2518 2884 veniente
2556 2830 2858 2884 Caesaream
2892 2827 3150 2883 Juliano?
3200 2830 3543 2883 lueurreraut
3592 2830 3714 2896 qni—

2156 2902 2276 2954 dem
2301 2900 2576 2969 Apostatie
2606 2900 2784 2953 odium
2817 2898 3210 2962 Caesareenses,
3246 2913 3435 2969 everso
3462 2898 3712 2951 Fortuna:

2157 2968 2395 3037 templo;
2433 2973 2527 3023 sed
2567 2970 2724 3023 minis
2750 2980 2803 3023 et
2830 2970 2994 3022 multa
3055 2968 3362 3037 pecuniaria
3392 2968 3711 3035 plerumque

2160 3040 2415 3094 saviebat
2444 3039 2555 3103 ille,
2595 3047 2652 3092 ut
2694 3054 2802 3105 prm
2841 3038 3063 3106 reliquis
3093 3038 3547 3101 Cmsareensibus,
3580 3037 3710 3089 nihil

2159 3109 2259 3163 sibi
2297 3110 2487 3162 timere
2535 3110 2753 3162 deberet
2782 3109 3063 3162 Eusebius.
3093 3111 3243 3174 Quod
3272 3110 3315 3161 si
3360 3118 3536 3159 tamen
3564 3106 3709 3174 judi-

2157 3188 2332 3233 casset
2358 3179 2611 3245 expedire
2645 3181 2904 3245 tantisper
2936 3179 3176 3231 iracundi
3217 3176 3557 3245 imperatoris
3590 3191 3713 3229 ocu-

2153 3248 2234 3301 los
2268 3246 2640 3313 subterfugere
2664 3288 2678 3311 ,
2724 3251 2911 3301 saltem
2942 3247 3073 3300 nihil
3094 3262 3226 3315 opus
3256 3257 3373 3301 erat
3399 3246 3566 3299 latere
3589 3258 3710 3313 post

2153 3318 2454 3373 discessum
2502 3317 2735 3381 Juliaui,
2773 3318 2880 3370 imo
2932 3326 3052 3385 post
3083 3332 3268 3371 necem
3315 3318 3482 3385 ipsius
3510 3354 3525 3379 ,
3549 3330 3709 3382 quam

2151 3387 2351 3440 dicitur
2400 3388 2677 3440 nuntiasse
2707 3386 3000 3452 Libanius;
3059 3395 3113 3441 et
3171 3398 3267 3453 pro
3315 3402 3421 3455 quo
3472 3397 3713 3453 tempore

2151 3455 2379 3511 Basilius
2454 3468 2674 3509 vocatur
2737 3456 3016 3524 pontifex,
3089 3470 3194 3509 non
3263 3456 3334 3509 ita
3405 3470 3536 3510 sane
3602 3469 3712 3524 gap-

2152 3527 2429 3592 pellandus
2494 3527 2561 3579 ab
2640 3523 3051 3592 Amphilochia,
3126 3526 3169 3579 si
3235 3527 3468 3579 vicarius
3535 3523 3710 3577 solum

2154 3595 2365 3649 fuisset.
2415 3594 2548 3647 Nam
2602 3610 2707 3647 non
2738 3595 3073 3663 distinguere
3102 3596 3241 3648 inter
3292 3596 3599 3663 episcopum
3659 3602 3714 3645 et

2153 3666 2267 3733 ejus
2291 3665 2549 3718 vicarium
2586 3664 2849 3731 imperitis
2878 3667 3196 3733 quandoque
3222 3665 3398 3733 possit
3426 3663 3710 3730 continge-

2154 3749 2233 3795 re,
2271 3750 2373 3786 non
2410 3749 2538 3787 vero
2564 3750 2740 3787 rerum
2778 3733 3264 3787 ecclesiasticarum
3301 3735 3545 3800 apprime
3578 3747 3710 3797 gna-

2154 3820 2236 3857 ro.
2270 3802 2499 3857 Librarii
2532 3818 2771 3857 errorem
2812 3804 2951 3871 quod
2989 3810 3229 3871 spectat,
3260 3804 3429 3869 gratis
3454 3802 3541 3854 hic
3570 3815 3707 3871 quo-

2152 3888 2255 3939 que
2314 3874 2650 3941 supponitur,
2683 3869 3229 3926 ntillo—allato‘codice
3289 3872 3338 3923 in
3394 3869 3713 3941 quojaliter

2155 3939 2393 4009 legatur,
2423 3942 2567 3995 nullo
2625 3951 2847 4010 urgente
2909 3951 3244 4011 argumento.
3300 3941 3477 3993 Manet
3528 3939 3711 4007 itaque

2155 4012 2602 4065 auarhronismus
2630 4054 2644 4077 ,
2674 4013 2905 4079 prodens
2948 4028 3108 4079 quam
3142 4013 3480 4079 impudenter
3526 4020 3713 4063 auctor

2152 4082 2588 4147 Amphilochium
2626 4082 2880 4135 mentitus
2915 4083 3004 4134 sit.

2228 4150 2336 4221 (3-9)
2376 4170 2393 4201 ‹
2433 4150 2661 4221 Videtur,
2686 4150 3087 4203 consuetudinis
3140 4149 3375 4203 fuisse...
3410 4159 3467 4202 ut
3500 4148 3585 4221 vel
3619 4163 3708 4221 ac-

2156 4220 2333 4287 ceptio
2392 4221 2471 4275 vel
2533 4220 2749 4274 traditio
2781 4220 3153 4273 nonnullarum
3211 4222 3421 4288 frugum
3475 4220 3713 4286 cujusvis

2157 4290 2329 4351 fundi,
2359 4291 2422 4341 ad
2451 4306 2609 4358 quem
2636 4292 2929 4358 imperator
2965 4291 3292 4353 advenisset,
3316 4299 3407 4341 aut
3432 4292 3712 4355 occupatio

2156 4359 2465 4424 haberetur,
2516 4369 2607 4412 aut
2642 4360 2827 4413 missio
2881 4362 2934 4411 in
2976 4360 3369 4426 possessionem
3406 4377 3417 4409 :
3452 4369 3509 4410 ut
3556 4360 3709 4410 deiu-

2158 4444 2282 4496 ceps
2310 4431 2388 4483 vel
2416 4430 2645 4496 principi
2669 4431 2903 4492 cederet,
2930 4428 2975 4480 si
3000 4428 3043 4480 is
3068 4429 3354 4495 quidquam
3389 4428 3454 4479 de
3483 4426 3709 4490 alicujus

492 4513 652 4566 quam
698 4498 925 4551 feliciter
968 4499 1172 4565 jndicet
1213 4499 1401 4551 lector.
1454 4498 1623 4551 Nemo
1670 4497 1859 4551 saltem
1920 4499 2051 4551 mihi
2082 4487 2125 4542 Ῐ)
2156 4487 2346 4566 privati
2383 4487 2508 4566 agro
2539 4487 2900 4566 sumpsisset;
2924 4498 3007 4550 vel
3054 4487 3104 4549 in
3138 4487 3229 4561 jus
3273 4497 3493 4549 alterius
3526 4538 3538 4557 ,
3567 4487 3713 4546 velut

492 4567 649 4622 facile
695 4570 1056 4635 persuadebit,
1095 4584 1203 4621 non
1259 4569 1425 4620 fuisse
1466 4578 1697 4620 mentem
1732 4568 1967 4619 auctoris
1998 4568 2051 4620 in

494 4638 593 4691 hac
628 4635 745 4691 Vita
791 4637 1133 4691 describenda
1167 4680 1181 4703 ,
1218 4651 1438 4691 servare
1487 4638 1729 4689 ordinem
1776 4637 2049 4703 temporis.

490 4706 651 4760 Certe
686 4708 859 4775 capita
907 4709 1169 4775 capitibus
1202 4716 1565 4760 annectuntur
1619 4707 2053 4772 inchoanturque

492 4779 560 4832 iis
588 4777 839 4845 loquendi
869 4776 1135 4840 formulis,
1161 4778 1360 4845 quibus
1393 4777 1467 4829 uti
1508 4776 1742 4831 solemus
1763 4790 1884 4828 eum
1914 4778 2053 4830 inter

490 4848 821 4901 narrandum
899 4848 1141 4900 ordinem
1217 4847 1470 4913 temporis
1526 4847 1924 4913 prosequimur.
1978 4846 2051 4898 Ita

488 4932 713 4971 numero
750 4916 863 4979 5‘2;
907 4928 1184 4984 postquam
1222 4916 1356 4969 dixit
1402 4932 1430 4969 a
1460 4916 1662 4967 Basilio
1697 4924 2051 4969 convocatum

489 4988 737 5057 populum
763 4987 827 5039 ad
862 4987 1144 5057 ecclesiam
1200 4988 1505 5039 auditurmu
1535 4985 1904 5057 verbnnrDei,
1968 5000 2052 5038 se—

486 5055 735 5127 quentem
770 5072 1049 5127 numerum
1078 5056 1168 5119 55,
1202 5071 1307 5125 quo
1331 5055 1776 5108 narraturJudtei
1825 5069 2052 5107 conver-

487 5126 588 5191 sio,
620 5129 697 5180 sic
719 5126 937 5180 inchoat
975 5144 1029 5179 ει
1072 5128 1201 5180 Cum
1236 5128 1417 5192 itaque
1439 5139 1524 5180 res
1553 5140 1702 5178 sacra
1735 5136 2002 5191 ageretur,
2028 5142 2045 5175 ι

487 5207 593 5250 etc.
625 5196 757 5262 Quis
784 5211 889 5248 non
931 5196 1146 5263 colliget
1182 5212 1244 5248 ex
1284 5197 1385 5248 hoc
1417 5195 1666 5262 loquendi
1702 5196 1877 5258 modo,
1920 5210 2050 5245 con-

490 5266 792 5320 versionem
824 5264 995 5318 Judzei
1018 5267 1261 5318 evenisse
1289 5265 1430 5317 inter
1454 5279 1565 5316 rem
1601 5263 1873 5327 divinam,
1934 5272 2054 5330 post

493 5336 728 5388 habitum
757 5336 822 5387 ad
856 5336 1109 5402 populum
1146 5334 1489 5393 sermonem?
1518 5334 1585 5386 Et
1606 5344 1885 5401 postquam
1906 5332 2050 5386 hunc

491 5419 766 5457 numerum
803 5403 855 5457 in
889 5404 1059 5459 Judzei
1078 5404 1397 5467 baptismate
1421 5405 1703 5467 conclusit,
1729 5403 1794 5455 ad
1827 5418 2053 5469 sequen-

494 5485 595 5526 tem
616 5474 682 5527 54
707 5474 786 5527 sic
816 5476 1048 5529 transit:
1087 5492 1105 5524 ‹
1134 5474 1375 5540 Cumque
1393 5484 1611 5527 sanctus
1629 5473 1991 5541 egrederetur.
2025 5491 2044 5523 ι

492 5544 773 5596 Contendit
798 5552 974 5598 tamen
1011 5543 1390 5607 Combefisius,
1419 5544 1676 5612 quidquid
1700 5543 1799 5595 hoc
1826 5556 2052 5597 numero

494 5622 766 5675 narratur,
818 5615 882 5667 ad
928 5615 1199 5668 anteriora
1252 5624 1492 5681 tempora
1544 5628 1705 5679 posse
1739 5622 1793 5666 et
1852 5612 2053 5666 debere

496 5682 707 5761 reﬂerri.
730 5684 798 5735 At
833 5685 1146 5761 quomodo?
1170 5684 1287 5761 nisi
1340 5681 2049 5761 contranmotlum.loquendi

491 5751 766 5821 usitatum,
800 5755 903 5808 vim
947 5753 1124 5810 verbis
1170 5753 1482 5810 inferamus.
1521 5751 1659 5821 Quin
1694 5764 1748 5808 ut
1776 5752 1828 5807 id
1856 5768 2047 5809 concc-

2158 4568 2397 4635 prineipe
2432 4571 2663 4621 donante
2707 4568 2980 4628 transiret,
3010 4567 3053 4619 si
3082 4567 3193 4633 ipse
3215 4566 3277 4619 de
3301 4581 3428 4635 agro
3450 4566 3709 4635 adipsum

2157 4634 2456 4704 spectante,
2490 4653 2553 4689 eo
2593 4637 2751 4690 modo
2777 4638 2975 4704 aliquid
3004 4637 3275 4688 donasset.
3317 4654 3334 4685 ι
3374 4634 3449 4685 lta
3485 4634 3712 4685 Cumbe-

2156 4708 2348 4770 tisius,
2411 4707 2642 4773 probans
2714 4706 2958 4773 exemplo
3023 4706 3320 4767 Eudoxim,
3380 4704 3543 4756 simili
3616 4718 3709 4773 ra-

2160 4777 2305 4829 tione
2337 4776 2687 4840 excusantis,
2733 4772 2965 4829 ablatam
3022 4776 3191 4828 vidua:
3239 4774 3577 4841 Theognistze
3626 4772 3710 4824 vi-

2155 4860 2329 4899 neam.

2227 4914 2337 4985 (40)
2367 4912 2466 4966 Vix
2519 4913 2736 4978 dubito,
2773 4914 2899 4983 quin
2940 4922 3126 4967 auctor
3165 4911 3331 4985 hujus
3372 4911 3529 4975 Vitae,
3554 4911 3709 4985 quis-

2154 4982 2366 5053 cunque
2387 4985 2600 5037 demum
2632 4982 2813 5049 fuerit,
2864 4985 3071 5037 incerto
3101 4983 3272 5037 relatu
3299 4991 3351 5035 et
3378 4982 3594 5053 mutatis
3622 4996 3709 5035 re-

2154 5052 2297 5107 runr
2329 5055 2746 5107 circumstantiis
2771 5070 2834 5107 ea
2865 5053 3150 5116 audiverit,
3186 5068 3307 5119 qua:
3335 5068 3363 5105 a
3406 5052 3711 5106 Sozomeno

2155 5125 2228 5176 ita
2276 5135 2586 5192 narrantur,
2644 5123 2737 5176 lib.
2764 5140 2819 5185 v,
2857 5138 2979 5192 cap.
3011 5122 3045 5175 4
3075 5138 3089 5176 :
3129 5141 3149 5173 ι
3188 5121 3297 5175 Sub
3328 5123 3465 5175 idem
3500 5132 3712 5189 tempus

2154 5194 2450 5262 imperator
2496 5190 2742 5247 Julianus
2762 5233 2777 5258 ,
2803 5190 3101 5247 Caesaream
3137 5194 3203 5245 ad
3226 5200 3461 5262 montem
3488 5194 3708 5262 Argium

2153 5259 2335 5325 sitam,
2370 5262 2555 5315 urbem
2581 5264 2834 5331 amplam,
2867 5263 3205 5328 locupletem,
3230 5270 3283 5315 et
3317 5260 3547 5331 regionis
3562 5259 3709 5331 Cap-

2154 5334 2392 5402 padocize
2433 5330 2767 5401 primariam,
2821 5347 2887 5385 ex
2921 5347 3143 5385 numero
3175 5332 3454 5385 civitatum
3490 5330 3707 5393 delevit,

2152 5413 2207 5457 et
2255 5404 2485 5457 Caesaris
2538 5404 2771 5471 privavit
2808 5403 3055 5468 nomine;
3088 5402 3227 5470 quod
3260 5402 3472 5469 quidem
3514 5414 3709 5471 nomen

2154 5484 2415 5541 regnante
2447 5468 2670 5525 Claudio
2699 5511 2715 5536 ,
2749 5488 2873 5525 eum
2929 5472 3078 5524 Maza
3104 5468 3225 5539 jam
3279 5468 3404 5523 ante
3445 5468 3709 5541 appellata

2153 5539 2362 5603 fuisset,
2391 5542 2717 5595 obtinuerat.
2763 5541 2893 5594 Nam
2928 5550 3114 5594 contra
3148 5541 3292 5594 cives
3315 5542 3430 5607 ejus
3462 5539 3699 5593 civitatis

2153 5615 2351 5667 dudum
2379 5613 2758 5681 gravissimum
2789 5611 2969 5664 odium
2994 5620 3350 5678 conceperat;
3412 5620 3543 5663 tum:
3565 5609 3704 5681 quod

2152 5696 2341 5755 omnes
2374 5677 2923 5755 fideIn_Ch_ristianatn
2963 5677 3523 5755 profiterentnrktum
3567 5677 3707 5755 quod

2155 5754 2281 5808 olim
2312 5752 2503 5819 templa
2533 5750 2678 5807 Jovis
2714 5751 2859 5807 urbis
2902 5753 3132 5820 patroni,
3160 5759 3213 5805 et
3246 5750 3403 5820 patrii
3447 5747 3708 5817 Apollinis
