4076 6226
413 384 565 427 αῖσιν

1760 370 2126 430 PROLEGOM
2135 375 2292 432 ENA.

418 501 524 546 tem
553 490 712 546 dictis
738 489 870 545 abiit
892 488 946 542 in
981 486 1260 542 Persidem
1297 503 1311 540 :
1360 485 1592 541 Basilius
1617 501 1746 541 vero
1771 487 1983 559 ingres-
2014 495 2061 552 Α
2096 491 2311 546 scelesti
2341 488 2684 559 imperatoris
2715 481 3000 544 consilium
3034 472 3282 559 dissipet,
3315 497 3523 560 rogent.
3542 489 3647 547 lllis

417 599 512 638 sus
543 583 836 646 civitatem,
867 579 1147 648 accitaque
1190 577 1438 632 universa
1471 576 1647 648 populi
1680 579 1982 636 multitudi~

417 691 510 742 ne,
541 673 883 729 denuntiavit
922 671 1265 740 imperatoris
1295 671 1481 734 verba,
1542 671 1778 740 bonique
1805 674 1982 728 consi-

415 765 474 820 lii
506 772 695 819 auctor
726 763 956 818 elIicitur
989 763 1212 820 dicens:
1247 780 1266 813 t
1319 761 1522 830 Nihili,
1559 761 1774 829 fratres,
1821 778 1981 831 pecu-

415 857 560 910 niam
613 854 896 919 facientes,
948 864 1184 909 vestram
1238 862 1423 909 curate
1457 854 1721 921 salutem;
1768 865 1869 919 ut,
1935 857 1980 912 si

412 947 579 1002 etiam
639 955 867 1017 tyranno
900 944 975 999 illi
1020 946 1332 1015 imperatori
1387 945 1716 1000 concedatur
1739 955 1978 1016 tempus,

413 1050 535 1090 eum
588 1036 908 1090 muneribus
942 1035 1268 1090 molliamus.
1309 1055 1329 1089 ι
1368 1036 1438 1090 At
1477 1036 1550 1089 illi
1598 1037 1651 1090 in
1675 1053 1801 1092 suas
1830 1039 1980 1106 quis-

415 1137 518 1192 que
549 1124 814 1180 abeuntes
845 1127 1053 1190 domos,
1085 1139 1180 1180 sua
1205 1123 1436 1195 singuli,
1470 1133 1581 1178 tum
1637 1125 1689 1179 iu
1742 1142 1878 1182 auro
1927 1137 1982 1186 et

413 1225 659 1286 argento,
687 1216 990 1285 lapillorum
1033 1216 1161 1269 item
1197 1205 1512 1270 immensam
1557 1217 1978 1287 multitudinem,

413 1307 528 1360 suis
561 1307 662 1376 ipsi
696 1307 946 1361 manibus
973 1305 1288 1359 attulerunt.
1315 1305 1514 1366 ls,vero
1546 1321 1734 1360 eorum
1768 1323 1984 1379 perspe-

415 1407 503 1453 cta
559 1399 843 1455 alacritate
889 1398 1178 1465 animoque
1233 1397 1300 1450 ad
1347 1399 1758 1466 obsequendum
1791 1399 1981 1469 facili,

415 1498 635 1558 accepta
669 1491 914 1559 deposuit
944 1490 996 1543 in
1044 1489 1288 1544 ecclesia:
1338 1490 1596 1554 armario,
1648 1491 1983 1562 singulorum

422 1580 703 1649 inscriptis
731 1579 1058 1643 nominibus,
1102 1580 1291 1633 dicens
1327 1595 1341 1632 ε
1369 1579 1555 1636 Potest
1582 1581 1981 1640 deStiuatorum

420 1669 685 1725 Dominus
711 1680 767 1725 et
793 1670 941 1724 illum
975 1669 1302 1736 interﬁcere,
1332 1681 1385 1725 et
1412 1681 1648 1727 vestram
1671 1675 1825 1730 vobis
1859 1676 1984 1731 sub-

416 1761 673 1816 stantiam
702 1762 1013 1816 restituere.

2093 582 2280 650 itaque
2317 580 2626 646 orantibus,
2656 588 2710 634 et
2744 582 2976 637 contrito
3033 579 3198 636 corde
3260 582 3607 650 pervigilibus
3629 621 3645 647 ,

2084 673 2231 728 videt
2254 672 2305 726 in
2342 671 2454 744 (41)
2478 671 2679 726 somnis
2709 670 2942 726 Basilius
2988 669 3381 726 multitudinem
3408 671 3648 728 caelestis

2090 763 2321 827 militiae,
2355 762 2442 816 hic
2483 761 2593 816 illic
2617 764 2669 816 in
2695 771 2916 828 monte;
2947 760 3285 831 mediamque
3313 761 3548 827 illorum,
3592 763 3644 816 in

2085 853 2219 910 sede
2247 854 2504 925 gloriosa,
2527 853 2777 908 muliebri
2800 851 2985 907 habitu
3008 852 3376 920 feminam,sie
3396 852 3644 908 aﬂ'antem

2088 955 2334 1002 astantes
2383 944 2504 1000 illos
2566 944 2716 1000 viros
2780 943 3097 1015 magniﬁcos
3143 964 3157 1000 :
3210 961 3229 996 t
3277 941 3476 1000 Vocate
3515 944 3645 999 mihi

2100 1037 2444 1103 Mercurium,
2471 1037 2673 1106 ibilque
2706 1045 2764 1091 ut
2801 1035 3075 1102 lulianum
3106 1035 3439 1102 interﬁciat,
3467 1038 3557 1106 qui
3589 1037 3645 1091 itt

2088 1128 2280 1185 Filium
2303 1143 2480 1184 meum
2507 1138 2562 1186 et
2589 1128 2870 1184 Dominum
2894 1126 3076 1183 Jesum
3100 1128 3281 1197 inique
3302 1127 3427 1196 egit.
3457 1146 3478 1180 ι
3511 1128 3648 1183 San-

2088 1233 2213 1279 ctus
2251 1235 2404 1285 vero,
2434 1221 2548 1275 suis
2579 1219 2827 1274 omnibus
2882 1219 3049 1273 armis
3082 1219 3398 1284 instructus,
3427 1219 3646 1288 jubeute

2085 1315 2205 1382 illa,
2256 1320 2460 1382 praisto
2521 1313 2842 1374 adveniens,
2881 1309 3161 1366 confestim
3195 1312 3309 1366 ivit.
3365 1311 3646 1368 Accersito

2088 1417 2277 1462 autem
2308 1405 2507 1459 Basilio
2548 1401 2770 1457 tradidit
2797 1403 2847 1456 ei
2877 1401 3090 1468 librum,
3123 1417 3230 1472 quo
3258 1411 3368 1458 tota
3418 1405 3646 1459 creatio-

2087 1497 2173 1552 nis
2224 1494 2472 1549 narratio
2499 1492 2700 1562 scripta
2732 1499 2898 1555 esset,
2947 1500 3384 1561 postremumque
3415 1494 3646 1550 hominis

2084 1595 2114 1635 a
2151 1580 2261 1635 Deo
2315 1579 2586 1634 formatio.
2629 1577 2798 1633 Porro
2850 1576 2969 1634 libri
3018 1578 3176 1633 initio
3220 1579 3336 1634 lucc
3362 1591 3478 1634 erat
3506 1584 3642 1637 scri—

2084 1671 2194 1740 ptio
2230 1687 2244 1724 :
2281 1687 2299 1720 t
2341 1669 2470 1734 Dic,
2507 1687 2527 1720 ›
2560 1667 2612 1721 in
2646 1666 2751 1721 ﬁne
2778 1677 2976 1730 autem,
3006 1664 3093 1720 ubi
3127 1667 3357 1723 hominis
3397 1669 3646 1726 formatio

2090 1762 2389 1818 habebatur
2413 1782 2425 1816 :
2464 1779 2484 1812 ε
2512 1759 2701 1814 Parce.
2735 1777 2753 1811 ι
2776 1758 3086 1828 Suscipiens
3104 1769 3280 1815 autem
3301 1761 3492 1817 librum
3519 1763 3647 1834 legit

490 1847 612 1902 Mox
642 1863 770 1918 ergo
790 1849 945 1918 jubet
993 1859 1052 1904 ut
1083 1849 1259 1906 clerus
1298 1852 1691 1921 universusque
1741 1852 1979 1910 civitatis
2013 1829 2057 1884 Β
2087 1865 2272 1906 coram
2294 1850 2593 1920 illa,usque
2615 1849 2680 1902 ad
2702 1848 2843 1902 illam
2868 1848 3342 1918 subscriptionem,
3362 1869 3382 1902 ι
3405 1829 3640 1919 Parce}:

413 1941 662 2011 populus,
689 1957 812 1996 cum
850 1941 1167 1997 mulieribus
1195 1952 1251 1998 et
1294 1944 1533 2013 parvulis
1562 1983 1578 2010 ,
1633 1946 1688 2000 in
1743 1954 1976 2000 montem

415 2033 669 2103 Didymi,
729 2033 818 2088 ubi
871 2048 1130 2102 perquam
1177 2035 1484 2089 venerabile
1543 2035 1636 2090 Dei
1699 2036 1979 2104 genitricis

415 2125 673 2195 templum
731 2127 924 2181 honori
997 2127 1222 2181 habetur
1277 2137 1331 2182 et
1381 2129 1600 2194 colitur,
1646 2131 1978 2196 ascendant;

416 2225 635 2286 tresque
664 2215 782 2270 dies
807 2214 1000 2283 jejuni,
1028 2214 1265 2270 orationi
1297 2216 1534 2282 instent;
1571 2231 1636 2270 ac
1686 2215 1876 2281 Deum,
1922 2225 1983 2271 ut

415 2396 730 2452 diruissent.
757 2395 892 2463 Quin
914 2395 1072 2450 etiam
1099 2396 1365 2452 universa:
1382 2397 1586 2453 civitati
1609 2395 1842 2464 graviter
1862 2409 1986 2448 suc-

416 2469 630 2536 censuit
663 2468 939 2530 iratusque
967 2475 1070 2536 est,
1123 2467 1474 2536 minatusque
1536 2466 1678 2534 quod
1734 2464 1987 2533 templum

416 2535 709 2608 fortuna,
739 2536 878 2603 quod
910 2535 1080 2588 solum
1137 2550 1202 2590 eo
1255 2535 1513 2608 regnante
1566 2544 1900 2608 supererat,
1957 2547 1986 2585 a

417 2605 1008 2677 Christianiseversum
1043 2615 1186 2658 esset
1223 2623 1236 2659 :
1272 2603 1430 2675 atque
1461 2605 1704 2677 gentiles,
1733 2603 1821 2677 qui
1853 2603 1903 2655 iu
1925 2617 1986 2677 ea

416 2673 552 2728 urbe
597 2674 753 2741 pauci
803 2688 1026 2726 numero
1071 2684 1249 2737 erant,
1308 2672 1487 2730 valde'
1512 2672 1798 2734 incusavit,
1845 2674 1987 2740 quod

418 2745 550 2797 illud
582 2743 793 2797 facinus
820 2743 913 2796 ttlti
956 2759 1060 2796 non
1096 2743 1328 2799 fuissent
1354 2766 1366 2801 :
1397 2756 1451 2801 et
1475 2745 1519 2800 si
1547 2744 1684 2797 forte
1707 2742 1988 2795 calamita-

418 2815 490 2867 tis
527 2813 728 2880 aliquid
761 2812 882 2866 ideo
911 2814 1250 2883 subeundum
1283 2825 1464 2880 esset,
1492 2814 1634 2883 quod
1682 2812 1732 2864 id
1767 2827 1870 2865 non
1921 2811 1985 2863 li-

417 2883 671 2936 bentibus
726 2883 921 2936 animis
976 2897 1072 2950 pro
1122 2881 1361 2938 Fortuna
1431 2881 1676 2938 tulissent
1729 2899 1748 2932 a:
1797 2895 1987 2935 omnes

420 2961 685 3022 praeterea
741 2965 871 3018 opes
922 2965 1247 3020 omnemque
1288 2955 1574 3022 pecuniam
1607 2951 1986 3022 ecclesiarum,

422 3032 534 3091 tum
561 3023 613 3073 in
648 3021 895 3076 Caesarea
924 3061 938 3082 ,
974 3030 1083 3091 tum
1120 3023 1172 3074 in
1204 3020 1454 3078 conﬁniis
1502 3023 1634 3091 ejus
1662 3020 1984 3088 positarum,

418 3090 708 3160 diligenter
745 3089 997 3160 vestigari
1049 3091 1210 3158 inque
1265 3095 1499 3146 medium
1532 3089 1780 3160 ’aﬁ'erri,
1826 3099 1988 3160 atque

420 3158 924 3230 statimAtrecentas
960 3158 1124 3230 libras
1155 3162 1272 3214 auri
1322 3164 1515 3216 aerario
1562 3158 1774 3230 publico
1828 3159 1984 3230 solvi,

420 3238 475 3281 et
501 3227 731 3282 clericos
757 3243 947 3282 omnes
977 3229 1029 3281 in
1076 3243 1359 3284 numerum
1391 3227 1644 3292 militum,
1681 3227 1770 3296 qui
1797 3227 1989 3295 praefe-

421 3307 514 3351 cto
547 3298 690 3367 illius
716 3298 953 3367 regionis
977 3298 1270 3365 parebant,
1304 3301 1500 3356 ascribi
1525 3299 1690 3366 jussit
1715 3315 1728 3363 ;
1757 3313 1876 3364 quae
1903 3311 1988 3352 res

422 3374 478 3418 et
515 3365 803 3435 plurimum
854 3377 1101 3435 sumptus
1154 3371 1426 3437 requirit,
1471 3365 1536 3422 et
1569 3371 1618 3421 in
1655 3367 1987 3437 exercitibus

424 3437 684 3490 Romanis
719 3441 911 3505 magno
934 3440 1132 3506 probro
1185 3435 1418 3494 ducitur.
1451 3439 1691 3504 Itemque
1743 3435 1986 3506 multitu-

423 3507 600 3559 dinem
627 3506 1081 3572 (Ihristianorum,
1107 3522 1213 3560 una
1241 3523 1362 3562 cum
1409 3507 1668 3561 uxoribus
1701 3515 1754 3559 et
1781 3505 1985 3572 liberis,

423 3575 672 3638 censeri;
711 3586 765 3628 et
800 3590 922 3646 non
982 3575 1140 3629 aliter
1182 3587 1343 3646 atque
1389 3580 1440 3632 in
1477 3577 1631 3646 pagis
1661 3575 1775 3629 ﬁeri
1808 3575 1940 3628 solet
1970 3615 1984 3637 ,

424 3646 624 3717 tributa
662 3644 932 3714 pensitare
963 3644 1274 3717 mandavit;—
1303 3663 1423 3701 cum
1468 3644 1820 3717 jurejurando
1841 3659 1989 3698 cum-

425 3713 706 3785 minatus’,
737 3729 911 3783 neque
941 3715 1009 3768 ab
1040 3715 1118 3767 ira
1158 3731 1238 3780 sc,
1271 3733 1444 3785 neque
1470 3713 1546 3769 'ah
1574 3715 1885 3785 amigemla
1913 3719 1988 3785 cl-

429 3783 594 3856 vitate
625 3782 1071 3856 temperaturum,
1130 3801 1305 3856 neque
1339 3782 1724 3856 permissurum
1749 3782 1987 3856 Galilteis

424 3854 524 3924 (sic
552 3853 695 3906 enim
743 3853 1084 3908 Christianos
1143 3853 1238 3924 per
1298 3853 1678 3911 contumeliam
1717 3853 1987 3924 appellare

423 3923 651 3992 solebat)
684 3924 861 3992 capita
885 3937 980 3978 sua
1015 3921 1321 3980 cervicibus
1350 3926 1604 3991 retinere,
1633 3925 1733 3977 nisi
1764 3921 1984 3992 delubra

425 3991 690 4063 idolorum
724 3993 1120 4060 quamprimum
1160 3997 1226 4048 de
1253 3997 1460 4063 integro
1477 3991 1982 4063 exstruerent.Cu—

419 4061 510 4182 jus
541 4063 698 4114 minae
733 4063 967 4116 fortasse
998 4063 1172 4130 reipsa
1226 4061 1449 4132 exple—tae
1479 4064 1726 4128 fuissent,
1755 4062 1856 4115 nisi
1895 4076 1985 4115 ce~

443 4130 588 4182 erius
636 4145 666 4182 e
696 4132 807 4182 vita
861 4132 1168 4182 migrasset.
1215 4153 1234 4182 )
1275 4135 1423 4182 Haec.
1459 4135 1712 4182 intutam.
1757 4131 1985 4182 nscudo—

443 4130 666 4202 eriusde
696 4132 807 4202 vita
861 4132 1168 4202 migrasset.
1215 4153 1234 4185 ι
1275 4130 1423 4197 Haec,
1459 4135 1712 4202 inquam,
1757 4131 1988 4198 pseudo-

421 4199 825 4268 Amphilochio,
853 4199 959 4254 diui
975 4211 1094 4268 post
1137 4219 1247 4256 rem
1297 4215 1501 4270 gestam
1538 4199 1828 4263 scribenti,
1856 4215 1985 4254 con-

423 4270 547 4323 fuso
601 4284 817 4323 rumore
876 4272 1057 4324 audita
1086 4312 1099 4334 ,
1132 4273 1480 4338 occasionem
1539 4275 1666 4325 dare
1699 4281 1985 4338 potuerunt

423 4339 864 4392 comminiscentli
924 4356 985 4394 ea
1024 4331 1143 4408 qua?
1200 4331 1273 4396 'de
1321 4344 1550 4396 adventu
1579 4331 1984 4396 JulianiCaesa-

424 4423 571 4462 ream
600 4419 654 4462 et
680 4410 864 4481 Basilii
898 4425 1018 4463 cum
1043 4426 1109 4465 eo
1155 4427 1451 4481 congressu
1482 4420 1701 4464 narrata
1736 4421 1882 4481 sunt.
1913 4409 1983 4462 At

2084 1942 2383 2001 statimque
2421 1950 2564 1996 metu
2594 1942 2796 2000 pariter
2821 1950 2877 1995 et
2900 1941 3094 2010 gaudio
3116 1952 3293 2008 actus,
3319 1951 3521 1998 tomum
3555 1945 3647 2001 de-

2083 2029 2266 2084 cussit.

2166 2121 2418 2190 Ejusdem
2450 2134 2612 2189 porro
2642 2120 2890 2187 rationis,
2935 2121 3097 2176 etiam
3120 2119 3376 2176 Libanius
3403 2133 3513 2193 tu)
3558 2138 3646 2178 so-

2088 2212 2288 2284 phista,
2317 2212 2432 2282 ipsa
2464 2222 2621 2267 nocte
2651 2214 2918 2268 somnium
2947 2213 3080 2268 vidit
3106 2252 3123 2280 ,
3165 2228 3285 2268 cum
3313 2211 3531 2270 Juliano
3585 2216 3641 2270 in

2094 2403 2226 2457 tam,
2257 2403 2378 2462 post
2436 2407 2620 2448 necem
2673 2393 2787 2462 ejus
2810 2435 2825 2462 ,
2855 2393 3052 2464 scripta
3089 2408 3184 2448 sua
3232 2395 3596 2450 elucubrarint
3620 2435 3635 2456 ,

2091 2465 2361 2532 quomodo
2409 2465 2460 2518 id
2517 2473 2763 2534 poterant
2807 2464 3102 2534 pra-terire
3137 2464 3448 2534 silentio,si
3507 2465 3638 2534 quid

2093 2535 2352 2602 ejusmodi
2412 2534 2612 2587 factum
2649 2532 2882 2590 fuisset?
2910 2533 3272 2600 Apparitiouis
3315 2543 3492 2588 autem
3525 2532 3639 2590 ’hie

2091 2615 2324 2658 narrata:
2362 2603 2577 2657 vacillat
2608 2603 2739 2657 ﬁdes
2771 2645 2786 2670 ,
2838 2613 3061 2672 propter
3112 2603 3451 2670 episcopatus
3501 2620 3634 2658 ana-

2093 2674 2484 2737 chronismum,
2516 2673 2605 2740 qui
2632 2673 2790 2727 etiam
2840 2673 3108 2741 reperitur
3137 2687 3202 2725 ex
3232 2673 3332 2726 alia
3374 2673 3534 2727 simili
3561 2675 3639 2730 le—

2093 2743 2287 2813 genda,
2314 2745 2364 2796 in
2394 2742 2651 2813 Chronico
2678 2743 3033 2796 Alexandrino
3072 2741 3136 2794 ad
3162 2757 3354 2813 artuum
3389 2743 3512 2808 563,
3538 2744 3639 2799 hoc

2095 2810 2277 2868 tenore
2311 2832 2324 2867 :
2356 2832 2372 2862 4
2406 2812 2602 2865 Eadem
2641 2822 2813 2882 nocte
2858 2814 2998 2882 (qua:
3029 2820 3148 2880 post
3185 2810 3638 2882 Julianiimortem

2090 2884 2262 2949 prima
2318 2882 2438 2951 fuit)
2478 2881 2746 2936 somnium
2796 2883 2931 2935 vidit
2980 2881 3358 2935 sanctissimus
3385 2881 3636 2946 Basilius,

2091 2954 2352 3007 Caesareas
2389 2952 2670 3020 episcOpus
2696 2992 2711 3016 ,
2742 2951 2909 3008 ccelos
2948 2959 3162 3020 apertos
3208 2959 3264 3004 et
3305 2952 3636 3007 Salvatorem

2090 3022 2368 3076 Christum
2403 3023 2453 3073 itt
2491 3022 2685 3075 throno
2717 3024 2990 3076 sedentem
3014 3060 3029 3082 ,
3075 3035 3375 3086 magnoque
3405 3021 3639 3076 clamore

2093 3094 2360 3145 dicentem
2394 3109 2407 3144 :
2445 3089 2697 3155 Mercuri,
2731 3091 2839 3153 abi,
2873 3090 3056 3144 occide
3083 3087 3351 3142 Julianutn
3400 3091 3632 3158 impera-

2015 3140 2056 3197 (ἶ
2284 3140 2432 3226 ζῖιῐυ
2506 3140 2523 3143 τ
2535 3140 3254 3215 ilidst‘etri—C’hrisiiano'ru—ui.7
3275 3140 3349 3211 Sa
3359 3140 3635 3214 uetustiu-

2092 3239 2197 3283 tem
2228 3231 2543 3293 Mercurius,
2583 3240 2736 3285 stans
2772 3244 2954 3284 coram
2992 3229 3220 3282 Domino
3249 3228 3414 3282 lorica
3458 3228 3633 3285 ferrea

2089 3300 2328 3362 indutus,
2383 3300 2565 3352 audito
2623 3300 2880 3354 mandato
2929 3299 3167 3351 evanuit.
3205 3297 3414 3352 Rursus
3443 3299 3638 3354 deinde

2089 3370 2236 3423 visus
2259 3380 2343 3423 est
2366 3378 2547 3422 astare
2581 3382 2761 3423 coram
2798 3368 3044 3432 Domino,
3087 3368 3398 3422 exclamans
3426 3386 3437 3422 :
3465 3368 3639 3422 Julia-

2089 3455 2191 3493 nus
2230 3442 2523 3508 imperator
2544 3437 2891 3508 interfectus,
2920 3449 3163 3508 mortuus
3186 3447 3291 3502 est,
3318 3451 3379 3492 ut
3400 3439 3635 3506 impera-

2088 3511 2176 3571 sti,
2233 3507 2480 3562 Domine.
2515 3507 2762 3562 Territus
2787 3523 2850 3562 eo
2886 3507 3127 3560 clamore
3172 3508 3455 3577 episcopus
3487 3509 3639 3563 Basi-

2088 3577 2190 3633 lius
2219 3594 2250 3632 e
2283 3592 2476 3632 somno
2501 3578 2774 3632 excitatur
2813 3595 2828 3631 :
2861 3577 3009 3631 illum
3053 3579 3194 3630 enim
3237 3577 3445 3631 colebat
3475 3577 3639 3632 Julia-

2087 3663 2192 3702 nus
2239 3650 2552 3716 imperator,
2599 3657 2655 3700 ut
2699 3649 2874 3701 virum
2912 3647 3177 3700 eruditum
3229 3655 3282 3698 et
3341 3650 3638 3701 studiorum

2087 3719 2293 3771 socium
2321 3756 2336 3780 ,
2385 3717 2738 3782 crebriusque
2770 3717 2837 3770 ad
2891 3716 3038 3769 illum
3091 3716 3344 3783 epistolas
3373 3718 3634 3770 mittebat.

2089 3785 2432 3841 Descendens
2486 3785 2684 3840 deinde
2759 3787 2898 3839 idem
2958 3785 3190 3841 Basilius
3243 3787 3529 3855 episcopus
3585 3787 3638 3838 in

2085 3857 2255 3909 aedem
2293 3869 2503 3910 sacram
2536 3856 2600 3908 ad
2632 3870 2819 3924 preces
2853 3857 3143 3908 matutinas
3172 3893 3188 3918 ,
3225 3857 3477 3909 universo
3538 3856 3635 3908 ad-

2086 3934 2279 3979 vocatu
2340 3926 2487 3979 clero
2511 3965 2526 3990 ,
2558 3925 2782 3978 visionis
2819 3939 3072 3976 arcanum
3125 3925 3355 3992 aperuit,
3387 3936 3440 3977 et
3493 3924 3636 3992 quod

2088 3994 2410 4049 interfectus
2440 4003 2583 4048 esset
2611 3993 2857 4048 Julianus
2887 3993 3200 4060 imperator,
3229 3994 3435 4061 hacque
3482 4005 3640 4046 nocte

2083 4064 2308 4120 obiisset
2340 4083 2356 4120 :
2391 4065 2424 4116 ii
2453 4078 2582 4118 vero
2614 4065 2921 4130 episcopum
2959 4072 3218 4130 rogarunt
3272 4073 3329 4116 ut
3363 4065 3476 4118 haec
3503 4064 3637 4118 reti-

2085 4145 2232 4188 ceret
2271 4135 2578 4202 nentiniqne
2601 4133 2928 4188 enuntiaret.
2962 4149 2982 4182 ι

2156 4203 2268 4272 (42)
2301 4199 2582 4272 Libanium
2620 4202 2914 4272 sophistam
2945 4216 3067 4256 cum
3097 4199 3308 4256 Iuliano
3335 4201 3388 4254 in
3421 4200 3640 4258 Perside

2085 4270 2278 4335 fuisse,
2315 4288 2422 4326 non
2473 4271 2630 4326 facile
2659 4270 2913 4337 credam;
2952 4271 3120 4325 multo
3155 4273 3331 4325 minus
3357 4275 3638 4339 quaestoris

2087 4359 2280 4397 munus
2305 4343 2506 4396 ohiisse
2535 4355 2550 4393 :
2585 4355 2760 4408 neque
2793 4341 2937 4394 enim
2973 4341 3038 4393 ad
3097 4341 3201 4394 tale
3233 4356 3429 4396 munus
3481 4353 3638 4410 aptus

2090 4412 2256 4467 fuisse
2305 4412 2520 4465 videtur
2555 4411 2848 4472 Libanius,
2911 4410 3274 4478 sophistarum
3331 4426 3481 4464 more
3515 4413 3639 4467 talia

423 4493 596 4548 neque
622 4487 706 4552 ex_
740 4479 1043 4552 _Sozomeno
1093 4474 1342 4552 sequit'ur
1391 4482 1660 4537 lulianum
1730 4480 1987 4552 Caesarea:
2018 4474 2062 4529 D
2091 4498 2281 4550 parum
2309 4496 2532 4546 curans,
2556 4474 2988 4552 dutnmodoisibi
3009 4489 3157 4552 esset
3178 4481 3313 4552 bene
3347 4499 3360 4533 :
3393 4483 3639 4548 quamvis

423 4547 890 4619 UIIQIIalIthiSSB:
925 4547 1218 4617 potuerunt
1259 4553 1404 4606 enim
1439 4553 1642 4615 omnia,
1673 4564 1792 4619 quae
1825 4548 1992 4603 Sozo-

423 4633 614 4674 menus
646 4617 786 4672 facta
810 4619 961 4690 dicit,
995 4620 1062 4673 ab
1112 4623 1436 4690 imperatore
1481 4617 1721 4689 apostata
1769 4619 1994 4690 perlit-

425 4698 568 4743 teras
623 4694 691 4742 ad
743 4689 1028 4758 praefectos
1078 4689 1321 4744 mandari
1354 4730 1368 4754 ,
1404 4701 1459 4746 et
1492 4692 1559 4744 ab
1596 4691 1678 4744 his
1706 4689 1895 4743 deduci
1924 4689 1993 4743 ad

421 4759 848 4813 exsecutionem.
884 4760 1017 4825 luto,
1055 4762 1099 4814 si
1139 4760 1439 4828 Nicephoro
1466 4760 1667 4816 Calisto
1699 4761 1989 4823 credimus,

423 4843 529 4879 non
561 4839 646 4882 est
685 4831 1017 4895 verosin‘tile,
1075 4829 1342 4884 lulianum
1408 4845 1640 4897 unquam
1677 4830 1842 4882 fuisse
1879 4828 1994 4882 Cte-

421 4912 592 4952 sareze
627 4917 642 4951 :
675 4899 746 4952 ita
802 4902 946 4954 enim
1005 4901 1108 4954 iste
1163 4901 1230 4954 de
1261 4901 1425 4970 impio
1483 4900 1574 4953 lib.
1608 4915 1674 4952 χι.
1698 4938 1712 4964 ,
1738 4914 1874 4970 ρει).
1902 4900 1937 4953 4
1974 4915 1988 4952 :

426 4985 451 5038 εί
508 4970 652 5034 Quas
707 4981 886 5022 autem
939 4971 1190 5025 civitates
1250 4971 1300 5023 in
1339 4969 1547 5024 L‘hristi
1600 4969 1856 5038 religione
1908 4985 1994 5022 ar—

422 5037 697 5093 tlentiores
759 5055 880 5092 esse
935 5043 1149 5104 sciret,
1209 5039 1439 5095 infestus
1487 5042 1566 5094 eis
1620 5037 1766 5103 fuit,
1820 5054 1993 5106 neque

421 5109 488 5159 ad
540 5122 632 5163 eas
679 5110 947 5163 divertere
1001 5111 1190 5164 voluit.
1253 5111 1318 5163 Et
1373 5113 1614 5178 persaepe
1669 5125 1790 5162 cum
1842 5109 1990 5178 lega-

421 5179 594 5249 tiones
645 5181 709 5231 ad
766 5193 914 5242 eum,
966 5191 1185 5249 prepter
1217 5195 1402 5234 casum
1433 5181 1659 5248 aliquem
1717 5178 1810 5247 qui
1859 5180 1994 5232 inci-

421 5248 606 5327 disset,
644 5248 1008 5320 provinciales
1037 5248 1339 5317 mitterent,
1389 5265 1580 5320 preces
1629 5263 1816 5303 eorum
1848 5249 1990 5316 reje-

421 5329 512 5369 l'll.
556 5337 574 5370 I

493 5386 604 5458 (4t)
629 5388 764 5443 Cum
791 5387 1038 5458 pluribus
1069 5390 1271 5445 sanctis
1300 5404 1395 5458 per
1424 5391 1602 5443 varias
1629 5388 1780 5443 orbis
1808 5397 1992 5458 partes

421 5454 619 5513 Jutiatii
687 5454 939 5514 interitus
993 5460 1251 5514 divinttus
1301 5454 1630 5523 innotuerit,
1688 5454 1992 5513 non—foret

422 5529 629 5580 creditu
660 5529 894 5591 dtﬁicile,
922 5531 1084 5584 etiam
1116 5529 1334 5594 Basilio,
1366 5533 1418 5584 in
1450 5530 1744 5583 solitudine
1769 5529 1990 5583 Pontica

423 5599 682 5663 versanti,
714 5601 862 5667 impii
887 5601 1165 5654 interitum
1199 5617 1293 5667 per
1317 5600 1700 5655 revelationem
1728 5599 1991 5653 innotuis-

421 5681 510 5739 ae,
555 5670 654 5720 nisi
689 5671 1021 5739 contrarium
1055 5672 1310 5726 suaderet
1359 5671 1529 5739 ipsius
1560 5671 1733 5723 sancti
1777 5678 1832 5723 ct
1885 5668 1991 5721 Na-

421 5738 668 5799 zianzeui
697 5738 996 5793 silentium.
1023 5739 1156 5795 Nam
1199 5755 1318 5798 cum
1361 5738 1518 5797 simul
1543 5749 1730 5797 contra
1762 5741 1987 5810 Aposta—

2097 4562 2232 4606 tcste
2270 4551 2514 4620 Eunapio
2544 4566 2648 4603 non
2677 4559 2824 4620 esset.
2860 4551 3033 4620 impar
3065 4551 3498 4605 administranda:
3530 4555 3637 4606 rei-

2095 4623 2341 4691 publicae,
2369 4618 2636 4675 eteausis
2657 4618 2906 4691 civilibus
2939 4619 3184 4691 idoneus,
3208 4620 3371 4691 etiam
3407 4623 3474 4673 ad
3533 4637 3632 4674 au-

2093 4687 2326 4745 dendum
2379 4690 2871 4758 perﬁciendumque
2926 4687 3028 4741 alia
3081 4689 3377 4752 nonnulla,
3417 4705 3532 4758 quae
3583 4692 3636 4746 in

2092 4764 2305 4816 theatro
2357 4772 2720 4830 spectatorum
2765 4760 2974 4812 animos
2999 4758 3224 4830 delinire
3277 4774 3342 4812 ac
3390 4776 3638 4816 recreare

2091 4841 2330 4900 possent.
2370 4832 2501 4884 Cum
2529 4831 2672 4884 enim
2704 4837 2991 4900 sequentes
3040 4829 3389 4900 imperatores
3419 4832 3607 4900 amplis

2093 4898 2288 4954 simum
2315 4901 2391 4955 illi
2420 4901 2692 4970 dignitatis
2714 4899 2936 4970 gradum
2963 4898 3279 4970 detulissent
3290 4901 3452 4970 (nam
3493 4898 3636 4953 salu-

2097 4980 2261 5024 latum
2282 4965 2815 5038 palatio'pratfect'um
2841 4982 2903 5022 eo
2921 4969 3123 5022 honore
3153 4965 3301 5038 fungi
3315 4965 3633 5038 jusseraut),

2092 5042 2264 5094 noluit
2299 5041 2566 5109 accipere,
2600 5040 2856 5093 dictitans
2881 5078 2899 5103 ,
2926 5039 3223 5106 sophistam
3260 5039 3350 5092 illo
3382 5039 3633 5103 majorem

2091 5125 2232 5165 esse.
2269 5110 2526 5178 Equidem
2554 5109 2736 5178 nescio
2756 5122 2859 5175 qua
2884 5109 3204 5178 auctoritate
3232 5118 3439 5162 asserat
3463 5109 3634 5160 Euna-

2091 5187 2231 5250 pius,
2265 5176 2553 5250 sequentes
2578 5249 2582 5250 ί
2603 5176 2872 5250 lulianum
2904 5177 3255 5250 imperatores
3280 5178 3634 5250 amplissimas

2093 5245 2383 5318 dignitates
2400 5248 2623 5303 Libanio
2653 5248 2911 5303 obtulisse
2933 5285 2949 5311 ,
2975 5245 3096 5300 cum
3125 5245 3433 5318 J_ovinianus
3460 5249 3632 5314 ipsum

2092 5315 2341 5376 occidere
2370 5320 2640 5384 voluerit,
2679 5327 2734 5371 et
2785 5319 3082 5386 imperante
3130 5315 3429 5373 Theodosio
3473 5332 3632 5370 senex

2091 5402 2257 5446 esset.
2299 5390 2430 5458 Quis
2457 5398 2632 5442 autem
2658 5390 2843 5458 credat
2866 5391 3005 5455 quod
3032 5386 3131 5458 hic
3149 5387 3498 5458 ultimus,qui
3534 5402 3634 5440 nec

2091 5456 2338 5515 militem'
2375 5461 2428 5513 in
2472 5459 2708 5513 exercitu
2758 5457 2954 5511 habere
2999 5456 3211 5510 volebat
3249 5471 3353 5509 non
3393 5457 3633 5526 baptiza-

2092 5541 2230 5595 tum,
2261 5529 2523 5584 voluisset
2551 5528 2769 5596 impium
2814 5526 3161 5596 idololatram
3182 5528 3409 5580 evehere
3437 5533 3502 5579 ad
3556 5528 3637 5580 tli-

2091 5601 2353 5671 gnitates?
2379 5600 2488 5654 Nec
2517 5600 2582 5653 de
2613 5595 3120 5671 Valente,_quatttvis
3139 5595 3362 5671 Ariano,
3383 5598 3637 5671 credibile

2091 5667 2175 5725 Est
2201 5672 2343 5739 quod
2389 5671 2646 5739 voluisset
2676 5669 2969 5739 honoribus
3011 5668 3287 5739 cumulare
3315 5677 3440 5739 tam
3477 5667 3635 5720 fatui-

2100 5736 2288 5796 liarém
2314 5741 2543 5796 amicum
2572 5736 2768 5794 Juliani
2798 5737 3101 5808 Apostatae,
3133 5737 3286 5808 cujus
3315 5737 3639 5809 impietatem
