4076 6226
361 303 515 346 CCCVI

1728 280 2262 340 PROLEGOMENA.

363 404 606 461 draconis
633 413 959 461 annuentem
986 401 1242 471 mulieri,
1278 405 1562 475 aspicienti
1591 408 1660 462 de
1687 409 1934 478 superio-
1961 413 2009 470 Α
2043 415 2173 473 tem,
2213 404 2513 475 captivitati
2566 404 2980 474 mancipandam
3010 444 3026 471 ,
3061 405 3302 461 liberasti
3325 446 3342 471 ,
3399 404 3605 477 Deique

368 497 522 551 ribus
545 498 817 562 deorsum,
836 511 900 550 ac
935 495 1211 550 inclinanti
1241 496 1294 550 in
1311 512 1434 552 eum
1470 516 1484 552 :
1516 512 1673 567 quem
1698 498 1744 551 is
1770 498 1938 568 gradu

372 599 601 652 motum,
632 589 775 642 intra
805 587 1088 643 ecclesiam
1129 590 1337 644 servari
1380 591 1653 660 prmrepit.
1697 591 1941 659 Cumque

371 681 451 736 sic
513 681 749 749 Spiritus
800 680 975 735 sancti
1009 681 1300 737 adventum
1332 681 1486 752 signo
1520 682 1718 737 visibili
1748 697 1940 753 perce-

372 772 565 838 pisset,
589 770 753 840 jussit
782 781 840 825 ut
885 773 1112 842 populus
1151 772 1433 828 universus
1465 774 1583 829 dies
1621 784 1824 843 septem
1884 773 1940 827 in

369 865 595 919 ecclesia
626 875 987 935 permaneret.
1022 866 1260 920 Diacono
1309 876 1488 922 autem
1517 865 1740 935 jejuniis
1768 874 1825 920 et
1850 866 1935 920 vi—

365 957 510 1025 giliis
542 958 872 1027 mancipato,
907 959 1052 1029 quod
1085 960 1135 1013 ei
1179 960 1548 1014 abundantius
1577 969 1695 1014 erat
1723 959 1790 1013 ad
1813 973 1938 1029 cge-

365 1063 555 1102 norum
583 1050 966 1103 sublevandam
997 1051 1233 1120 inopiam
1264 1052 1379 1106 dari
1417 1050 1730 1116 mandavit;
1767 1058 1933 1118 utque

364 1137 444 1191 sic
471 1136 734 1192 oil'ensum
767 1138 976 1193 Numen
1027 1140 1298 1209 placaret,
1347 1138 1539 1206 hisque
1573 1137 1788 1191 demum
1842 1150 1938 1189 ex-

364 1229 589 1295 piatus,
645 1231 1003 1285 ministerium
1060 1246 1274 1285 sacrum
1327 1237 1701 1299 praesumeret,
1752 1225 1933 1295 jussit.

364 1317 663 1374 Confestim
693 1335 822 1375 vero
849 1321 1103 1390 praecepit
1130 1320 1385 1388 suspendi
1416 1317 1532 1373 vela
1570 1318 1622 1370 in
1668 1317 1786 1370 loco
1841 1331 1937 1369 au-

364 1410 650 1476 dientium,
699 1410 982 1481 injungens
1035 1411 1390 1473 mulieribus,
1433 1417 1490 1462 ut
1518 1409 1564 1462 si
1589 1422 1710 1478 qua:
1739 1406 1936 1474 depre-

366 1503 531 1557 hensa
554 1514 719 1568 esset,
755 1504 987 1573 quandiu
1018 1518 1170 1557 sacra
1200 1511 1603 1574 peragerentur,
1636 1511 1791 1555 extra
1817 1498 1934 1553 vela

365 1594 668 1663 despicere,
700 1595 767 1648 de
801 1594 1028 1649 ecclesia
1063 1594 1356 1659 pelleretur
1404 1604 1459 1647 et
1487 1603 1637 1646 extra
1684 1606 1934 1645 commu-

367 1683 582 1738 nionem
637 1683 812 1737 ﬁeret.
849 1684 959 1737 Sub
1011 1683 1172 1737 ﬁnem
1225 1697 1389 1751 porro
1426 1692 1628 1750 septem
1683 1681 1934 1742 dierum,

2044 500 2118 554 tui
2179 498 2432 569 templum
2480 498 3017 568 magniﬁcentissime
3068 498 3379 563 exornasti;
3434 514 3602 551 unum

2041 601 2287 662 superest
2319 631 2334 656 ,
2380 601 2439 645 ut
2496 591 2707 659 plenam
2766 591 2923 646 nobis
2963 590 3181 644 virtutis
3205 589 3398 644 divina:
3433 587 3603 643 iacias

2040 683 2222 738 ﬁdem.
2254 700 2272 734 ι
2313 684 2383 736 At
2412 682 2501 736 ille
2522 724 2536 747 ,
2570 682 2660 736 ubi
2693 684 2842 737 brevi
2870 696 3120 736 sermone
3147 689 3360 736 ostensa
3394 681 3480 734 via
3514 695 3603 731 sa-

2039 772 2191 838 lutis,
2220 773 2482 827 suasisset
2509 783 2563 827 et
2589 772 2713 827 ﬁdei
2751 772 3071 827 rudimentis
3119 772 3461 835 instituisset,
3510 769 3607 825 ba-

2038 866 2235 934 ptismo
2304 863 2483 919 tinxit.
2538 863 2674 917 Cum
2732 874 2908 917 autem
2962 878 3118 919 sacra
3175 862 3599 929 Quadragesima

2041 954 2386 1019 advenisset,
2419 954 2654 1007 divinam
2690 953 2836 1007 illam
2872 954 3053 1024 operis
3094 967 3187 1007 sex
3243 953 3450 1007 dierum
3509 968 3605 1006 ex-

2037 1045 2357 1112 positionem
2396 1045 2590 1114 populo
2645 1060 2947 1112 enarrans,
2992 1047 3279 1115 plurimam
3332 1054 3442 1098 tum
3501 1041 3607 1097 lle-

2039 1134 2310 1190 braeorum
2342 1145 2451 1191 tum
2485 1138 2766 1209 gentilium
2815 1139 3215 1193 multitudinem
3243 1137 3459 1193 Christo
3506 1139 3603 1191 ob-

2039 1225 2180 1281 tulit.

2648 1338 2881 1394 CAPUT
2926 1338 3015 1396 lll.

2038 1448 2315 1503 Decretum
2360 1450 2529 1505 exsilii
2576 1452 2668 1506 sub
2719 1450 2934 1505 Valente
2965 1451 3294 1519 impeditum,
3323 1450 3482 1519 hujus
3505 1449 3606 1518 ﬁlis

2107 1522 2369 1574 interitus.
2405 1520 2826 1590 Chirographum
2870 1522 3131 1590 magicum
3163 1521 3386 1575 dwmoni
3432 1534 3607 1590 extor-

2112 1600 2243 1661 tum.
2270 1592 2545 1644 Anastasii
2569 1588 2863 1661 presbyteri
2899 1588 3176 1645 sanctitas.
3232 1594 3498 1645 Adventus
3538 1588 3600 1644 S.

2108 1660 2341 1728 Ephrem
2376 1663 2443 1714 ad
2470 1661 2753 1716 Basiliam.

364 1776 564 1830 celebri
596 1775 760 1829 totius
812 1777 995 1846 p0puli
1044 1786 1333 1841 conventu,
1366 1790 1487 1828 cum
1513 1774 1706 1829 festum
1746 1787 1936 1841 agere-
1966 1762 2009 1817 Β
2108 1774 2337 1840 Quidam
2386 1773 2551 1844 igitur
2576 1775 2642 1829 de
2665 1773 2868 1829 relictis
2904 1773 3192 1844 gentilibus
3219 1772 3355 1843 (46),
3388 1774 3513 1843 quin
3547 1780 3607 1826 et

365 1877 476 1933 tur,
535 1875 833 1935 essentque
888 1882 1076 1922 omnes
1125 1868 1176 1922 in
1203 1866 1427 1921 ecclesia
1468 1867 1820 1935 congregati;
1866 1879 1935 1919 en

363 1954 480 2027 (44)
529 1955 623 2010 tibi
674 1955 955 2024 Libanius,
1004 1957 1202 2012 Juliani
1241 1967 1500 2026 quaestor,
1549 1957 1672 2027 fuga
1725 1959 1931 2025 lapsus,

367 2048 642 2104 civitatem
678 2049 976 2118 ingressus,
1006 2051 1093 2104 ubi
1128 2049 1307 2119 pOpttli
1337 2052 1386 2103 in
1422 2049 1652 2104 ecclesia
1680 2048 1929 2116 frequen-

366 2141 498 2194 tiam
535 2140 743 2205 didicit,
781 2154 845 2194 eo
872 2140 1145 2204 accessit,
1179 2140 1571 2194 odiosissimam
1601 2136 1800 2193 Juliani
1854 2148 1937 2208 ty-

369 2232 525 2285 ranni
579 2241 807 2286 mortem
846 2232 1219 2295 annuntians;
1272 2231 1612 2301 genibusque
1668 2229 1940 2299 pontiﬁcis

367 2323 887 2389 advolutus,Christi
912 2322 1242 2392 signaculum
1272 2331 1427 2394 rogat
1462 2323 1711 2389 accipere
1747 2337 1758 2370 :
1794 2321 1938 2390 quod

368 2421 726 2480 consecutus,
789 2414 967 2470 factus
1000 2423 1084 2470 est
1122 2412 1319 2469 Basilio
1367 2412 1771 2469 contubernalis
1829 2426 1936 2466 una

369 2526 495 2565 cum
526 2509 754 2564 Eubulo.
918 2562 923 2565 _
1754 2515 1757 2518 ’

441 2602 700 2672 Sequenti
764 2609 942 2654 autem
1012 2600 1096 2654 die
1127 2599 1287 2666 jussit
1343 2599 1632 2664 omnibus,
1689 2609 1748 2652 ut
1817 2613 1943 2653 suas

370 2694 599 2763 quisque
665 2693 924 2762 pecunias
999 2689 1323 2761 reciperent.
1390 2689 1461 2744 At
1514 2690 1593 2745 illi
1647 2706 1750 2745 una
1808 2705 1943 2746 voce

372 2786 439 2839 ad
495 2786 727 2853 ipsum:
785 2802 805 2835 ι
857 2781 1062 2850 Quibus
1129 2782 1312 2838 animo
1368 2782 1722 2837 constitutum
1785 2792 1941 2849 erat,

376 2885 436 2928 ut
483 2877 550 2930 ad
595 2875 834 2930 civitatis
896 2874 1255 2930 amoliendam
1309 2876 1668 2941 eversionem,
1742 2885 1945 2930 morta-

372 2969 408 3022 li
458 2982 554 3023 eas
605 2967 917 3038 imperatori
977 2966 1375 3035 praeberemus,
1415 2967 1610 3035 potiori
1669 2964 1795 3034 jure
1851 2968 1944 3023 de-

373 3058 647 3113 huerimus
679 3054 875 3112 oﬁerre
908 3056 1196 3110 immortali
1235 3056 1571 3126 imperatori,
1619 3057 1709 3126 qui
1776 3072 1874 3112 nos
1914 3073 1942 3112 a

372 3158 525 3203 tanto
552 3148 789 3227 periculo
821 3147 1069 3202 redemit.
1103 3146 1242 3202 Ecce
1278 3161 1408 3203 vero
1439 3158 1565 3202 sunt
1595 3149 1847 3202 universa
1883 3149 1937 3203 in

375 3234 627 3288 inanibus
652 3233 780 3297 tuis,
809 3232 970 3288 facito
1001 3242 1058 3287 ut
1089 3234 1180 3288 tibi
1219 3233 1480 3290 Dominus
1503 3234 1753 3302 jusserit.
1789 3256 1810 3290 ι
1838 3237 1935 3292 llle

373 3327 602 3381 miratus
632 3340 885 3396 magnum
927 3325 1225 3380 ﬁdelissimi
1272 3325 1453 3396 populi
1504 3328 1785 3393 animum,
1842 3337 1945 3383 ter-

376 3415 504 3469 tiam
535 3425 743 3484 partem
774 3415 879 3471 illis
909 3414 1168 3484 praebuit;
1207 3431 1277 3492 ex
1333 3417 1557 3487 reliquis
1593 3432 1724 3472 vero
1751 3433 1944 3473 sacra-

373 3510 515 3561 rium
544 3516 715 3561 totum
747 3521 869 3561 cum
894 3506 1007 3579 (45)
1038 3509 1243 3563 ciborio
1271 3509 1482 3575 induit;
1515 3523 1749 3579 cumque
1775 3512 1946 3565 altare

372 3612 507 3652 auro
557 3597 758 3652 mundo
790 3604 845 3652 et
877 3596 1073 3667 lapillis
1112 3607 1400 3663 ornasset,
1455 3599 1714 3653 advocata
1747 3600 1943 3655 civium

375 3687 757 3753 multitudine,
787 3701 1086 3754 mensaque
1139 3704 1298 3743 sacra
1348 3686 1685 3744 sanctiﬁcata
1714 3728 1730 3753 ,
1779 3689 1944 3758 jussit

374 3780 554 3834 triduo
587 3778 783 3835 festum
819 3779 926 3846 agi.
967 3779 1098 3833 Cum
1143 3788 1319 3834 autem
1361 3780 1477 3835 haec
1508 3780 1579 3833 ita
1613 3795 1930 3850 perageren-

378 3883 488 3936 tur,
505 3871 720 3941 quidam
750 3872 978 3924 necdum
1006 3870 1272 3940 gentilitio
1313 3884 1501 3927 errore
1532 3871 1789 3935 absoluti,
1814 3886 1938 3926 eum

374 3961 720 4029 conveniunt,
755 3960 1034 4015 dicentes:
1073 3978 1093 4012 ι
1127 3960 1264 4016 Ecce
1290 3961 1540 4016 precibus
1583 3962 1691 4015 tuis
1743 3960 1942 4016 civita-

375 4182 523 4255 nisse
563 4180 961 4255 Nazianzenan
1016 4192 1072 4237 et
1128 4184 1427 4255 Nyssenum

379 4253 549 4334 magis
587 4253 803 4316 mirum,
831 4254 1029 4307 nullam
1065 4253 1193 4310 alibi
1223 4267 1443 4311 exstare
1474 4256 1593 4326 ejus
1622 4256 1699 4310 rei
1730 4271 1937 4311 memo-

376 4339 536 4378 l'lall'l.

1481 4202 1495 4240 :
1541 4186 1585 4240 si
1632 4187 1884 4241 omnibus
1915 4216 1963 4253 ,~

2039 1879 2103 1919 ex
2137 1864 2353 1918 Arianis
2380 1863 2708 1917 calumniam
2733 1864 2870 1933 apud
2903 1864 3181 1920 Valentem
3216 1865 3603 1933 imperatorem

2037 1955 2240 2009 Basilio
2295 1963 2558 2019 struunt,
2610 1964 2869 2025 tanquam
2919 1955 3076 2010 ﬁdem
3125 1955 3607 2012 Consubstantialis
3700 2020 3709 2025 .

2040 2046 2210 2116 gloria
2240 2043 2481 2111 efferret,
2506 2046 2829 2099 Arianorum
2857 2058 3036 2101 autem
3055 2047 3297 2102 lueresim
3330 2047 3606 2102 abominao

2041 2148 2194 2193 retur
2226 2147 2281 2192 et
2319 2139 2623 2207 deSpueret.
2655 2135 2724 2192 lis
2779 2140 2848 2192 ob
2880 2139 3045 2192 animi
3076 2138 3344 2193 levitatem
3373 2153 3600 2207 persua-

2044 2245 2136 2287 sus
2155 2228 2378 2294 Valens,
2409 2228 2561 2282 illum
2602 2230 2668 2283 ad
2698 2244 2757 2283 se
2800 2230 3139 2286 Antiochiam
3170 2232 3418 2285 accersit.
3470 2230 3604 2285 Cum

2042 2330 2222 2376 autem
2263 2321 2582 2375 Anastasius
2627 2321 2740 2391 (47)
2792 2334 3027 2392 quaestor
3069 2321 3376 2377 advenisset
3425 2321 3608 2378 Cassa-

2047 2424 2218 2474 ream,
2247 2408 2553 2477 Basilioque
2576 2410 2817 2478 iujuncta
2844 2411 2944 2466 sibi
2983 2410 3050 2465 ab
3083 2412 3406 2480 imperatore
3438 2428 3607 2482 expo-

2045 2501 2286 2568 suisset,
2322 2503 2397 2554 ait
2437 2500 2671 2556 Basilius
2705 2520 2719 2557 :
2756 2521 2775 2554 ¢
2833 2502 3008 2557 Etiam
3031 2518 3151 2571 ego,
3187 2503 3260 2556 ﬁli
3288 2543 3303 2567 ,
3327 2513 3452 2558 ante
3502 2519 3607 2557 non

2044 2605 2249 2660 paucos
2274 2591 2390 2645 dies
2440 2592 2708 2660 cognovi,
2737 2593 3007 2660 quomodo
3055 2592 3371 2663 imperator,
3430 2593 3611 2649 stultis

2045 2682 2354 2735 hominibus
2382 2680 2540 2734 ﬁdem
2564 2681 2795 2747 habens,
2830 2683 3220 2752 deportationis
3261 2697 3391 2737 meae
3423 2690 3610 2752 typum

2045 2781 2390 2834 exaraturus,
2422 2778 2532 2824 tres
2563 2771 2884 2827 eontriverit
2924 2771 3196 2837 calamos;
3246 2781 3407 2842 atque
3433 2773 3616 2826 insen-

2046 2862 2147 2917 sati
2177 2860 2394 2927 calami,
2436 2861 2793 2931 impotentem
2822 2852 2968 2917 illius
2990 2863 3252 2932 impetum
3278 2862 3615 2917 inbibuerint

2044 2954 2223 3023 (cuius
2249 2960 2360 3006 tota
2393 2951 2660 3021 cupiditas
2688 2961 2792 3019 est,
2833 2962 2891 3006 ut
2940 2955 3140 3009 veritas
3173 2955 3519 3018 obscuretur,
3560 2961 3615 3006 et

2047 3044 2387 3099 mendacium
2423 3044 2720 3115 obtineat),
2748 3059 2931 3100 secum
2975 3045 3170 3100 melius
3193 3054 3371 3101 actum
3402 3046 3465 3100 iri
3494 3046 3614 3099 exi~

2048 3133 2356 3199 stimantes,
2389 3143 2450 3188 ut
2470 3135 2965 3203 confringerentur,
2996 3150 3159 3204 quam
3189 3144 3248 3191 ut
3276 3135 3475 3207 iniqua:
3498 3135 3615 3203 ejus

2048 3228 2334 3282 sententiae
2364 3227 2717 3281 deservirent.
2756 3245 2776 3279 ι

2121 3317 2225 3374 Ubi
2256 3317 2421 3386 igitur
2467 3318 2688 3373 advenit
2720 3318 3061 3374 Antiochiam
3094 3359 3110 3386 ,
3145 3319 3211 3375 ad
3235 3319 3614 3391 praefectorum

2052 3412 2289 3468 tribunal
2342 3413 2650 3470 adducitur.
2684 3409 3061 3484 Interrogatus
3086 3425 3293 3480 autem,
3325 3430 3425 3471 cur
3456 3416 3616 3471 ﬁdem

2052 3505 2397 3574 imperatoris
2426 3505 2608 3559 minus
2645 3506 3100 3582 amplecteretur,
3151 3508 3426 3577 respondit
3452 3507 3619 3561 multa

2053 3612 2173 3651 cum
2200 3596 2448 3652 libertate
2472 3597 2567 3652 Dei
2595 3597 2924 3655 ltierarcha:
2957 3617 2976 3650 ‹
3006 3599 3159 3655 Absit
3186 3608 3244 3653 ut
3287 3600 3428 3652 viam
3476 3599 3618 3653 veri-

2052 3688 2178 3742 tatis
2211 3687 2459 3743 deseram
2481 3728 2496 3753 ,
2530 3688 2966 3762 Arianorumquc
2997 3705 3238 3745 errorem
3280 3699 3336 3745 et
3365 3690 3614 3743 haeresim

2048 3779 2385 3848 amplectar:
2418 3780 2619 3850 quippe
2657 3782 2821 3836 didici
2851 3796 2881 3836 a
2931 3779 3205 3846 Patribus,
3242 3780 3616 3836 Consubstau-

2052 3871 2195 3927 tialis
2230 3871 2389 3927 ﬁdem
2419 3872 2694 3942 amplecti,
2724 3882 2780 3927 et
2809 3873 2998 3928 honori
3025 3873 3245 3928 habere.
3281 3890 3301 3923 ι
3335 3871 3435 3926 Ubi
3472 3885 3615 3941 prae-

2051 3962 2225 4019 fectus
2251 3973 2480 4020 mortem
2509 3966 2559 4020 ei
2585 3965 2819 4021 minatus
2847 3974 2991 4021 esset
3053 3966 3129 4019 ait
3152 3962 3384 4019 Basilius
3411 3981 3424 4018 :
3450 3980 3469 4015 ‹
3507 3961 3614 4016 Fa-

2115 4186 2229 4257 (45)
2260 4188 2557 4253 Ciborium,
2584 4188 2963 4244 umbraculum
3005 4185 3215 4250 altaris,
3252 4194 3488 4255 quatuor
3524 4203 3618 4242 ro-

2044 4254 2241 4327 lumnis
2272 4259 2514 4311 innixum
2539 4297 2554 4321 ,
2581 4258 2735 4325 cujus
2783 4260 2923 4327 apud
2980 4254 3327 4327 Anastasium
3361 4258 3412 4310 iu
3482 4257 3616 4312 Vitis

2042 4326 2346 4394 pontiﬁcum
2400 4328 2730 4382 creberrima
2756 4325 2981 4394 mentio,
2996 4328 3063 4381 de
3090 4328 3189 4380 hoc
3211 4325 3333 4380 vide
3353 4327 3619 4396 Cangium

450 4391 561 4466 (4i)
610 4391 853 4466 Seposita
901 4411 1019 4464 quae
1056 4396 1228 4463 gratis
1268 4397 1489 4451 aﬂertur
1530 4411 1560 4450 a
1606 4392 1931 4466 Combeiisio
1965 4407 2010 4462 ι)
2042 4391 2096 4449 in
2146 4391 2375 4464 utroque
2427 4396 2705 4452 Glossario
2732 4439 2748 4465 ,
2792 4391 2985 4453 Graeco
3016 4412 3083 4452 ac
3113 4391 3617 4461 Latino-Barbam,

378 4462 685 4530 conjectura
711 4462 777 4518 de
805 4462 1013 4521 duobus
1058 4462 1297 4522 Libaniis
1323 4506 1340 4531 ,
1381 4467 1597 4521 omnino
1624 4464 1813 4518 falsum
1845 4474 1929 4519 est

379 4534 677 4604 sophistam
741 4549 975 4604 unquam
1037 4552 1352 4591 conversum
1405 4535 1609 4599 fuisse,
1662 4547 1755 4586 aut
1811 4543 1933 4603 post

380 4611 609 4659 mortem
640 4602 846 4658 Juiiani‘
877 4608 1087 4663 venisse
1110 4607 1407 4661 Caesaream
1436 4625 1447 4661 :
1483 4622 1604 4659 nam
1634 4602 1930 4658 Antiochiae

379 4674 498 4743 ejus
529 4675 826 4746 orationem
855 4676 1130 4732 funebrem
1159 4678 1314 4740 dixit,
1355 4686 1414 4729 ut
1452 4677 1565 4746 ipse
1596 4675 1666 4729 de
1684 4688 1741 4728 se
1769 4683 1933 4728 testa-

382 4753 506 4817 tur._
531 4762 551 4796 ‹
587 4743 766 4817 Visum
793 4758 897 4811 est,
927 4747 1196 4816 inquiens,
1237 4743 1486 4817 partium‘
1518 4759 1757 4800 mearum
1784 4758 1930 4807 esse,

380 4823 442 4867 ut
481 4813 690 4868 funebri
721 4821 965 4871 oratione
1001 4813 1118 4872 fato
1153 4813 1397 4872 functum
1422 4818 1851 4870 cohonestarem.
1906 4832 1925 4865 ι

381 4882 647 4958 P_rzrterea
673 4896 858 4958 narrat
880 4902 937 4958 se
960 4889 1083 4942 vitae
1109 4888 1401 4958 periculum
1437 4885 1722 4940 Joviniano
1735 4884 1930 4958 incur-

380 4953 518 5007 risse
545 4992 560 5017 ,
594 4956 718 5022 quia
774 4957 998 5012 nimium
1049 4953 1304 5012 laudabat
1351 4957 1642 5011 Juliauum.
1674 4972 1694 5007 ι
1735 4953 1932 5008 Postea

382 5036 590 5089 rursus,
619 5024 811 5093 inquit,
844 5028 925 5080 vir
945 5030 1207 5084 barbarus
1259 5026 1495 5081 irritavit
1541 5027 1593 5079 in
1630 5038 1715 5078 me
1738 5023 1935 5090 princi-

380 5106 537 5164 pem;
592 5108 714 5148 cum
757 5097 999 5162 diceret,
1034 5115 1119 5154 me
1165 5099 1323 5151 ﬁnem
1360 5113 1467 5151 non
1503 5096 1683 5151 facere
1717 5093 1932 5164 lugendi

382 5163 592 5232 plagam
614 5164 729 5233 ejus
754 5167 842 5233 qui
861 5171 1207 5224 occubuerat.
1225 5167 1455 5222 Proinde
1478 5167 1770 5236 imperator
1794 5163 1934 5216 male

382 5246 469 5306 tne
512 5235 733 5302 perdere
765 5237 1069 5304 cogitabat,
1121 5240 1371 5293 mteroris
1431 5234 1929 5306 pmn‘amexigens.

384 5301 490 5378 Sed
520 5301 872 5378 vir'quidatn
912 5301 1109 5376 pruinis
1151 5301 1484 5378 Cappadox,
1525 5301 1929 5378 condiscipulus

380 5370 734 5452 olim-meus".
786 5376 876 5445 qui
912 5370 1132 5447 inagnus
1163 5370 1281 5433 erat
1319 5380 1458 5452 apud
1501 5377 1650 5452 illum
1668 5416 1694 5452 _,
1760 5374 1930 5452 ἰιξιρτ·

382 5443 565 5522 cessit.
609 5463 630 5496 ι
667 5442 859 5522 Mirum
914 5442 1089 5522 tanien
1136 5463 1241 5522 non
1290 5442 1935 5522 sit',pseudo«A_mp_b_ilo-

382 5511 564 5564 citium
623 5516 935 5575 credidisse.
971 5518 1250 5572 Liiianium
1290 5511 1586 5586 sophistam
1640 5516 1708 5569 ad
1766 5513 1927 5586 fidem

383 5593 733 5649 conversum,
758 5586 828 5641 ob
855 5587 1147 5658 amicitiam
1183 5582 1604 5658 quain-Basilius
1633 5600 1730 5655 per
1791 5582 1935 5658 litte-

385 5664 630 5778 rasdcpm
664 5669 729 5711 eo
754 5657 951 5721 coluit,
984 5654 1236 5729 tauquam
1271 5674 1392 5716 cum
1422 5654 1659 5715 souhista
1712 5662 1768 5710 et
1816 5654 1933 5708 viro

385 5736 480 5777 eru
522 5738 616 5778 io.

382 5736 616 5781 ετιιαιιο.

2038 4480 2179 4538 smpe
2209 4466 2371 4519 etiam
2408 4467 2701 4538 Cyborium
2735 4468 3033 4538 scribitur;
3073 4476 3129 4522 et
3181 4468 3321 4538 hanc
3376 4468 3617 4538 origina-

2038 4535 2174 4605 riam
2210 4550 2331 4590 esse
2376 4535 2727 4605 scriptioncm
2791 4538 2879 4590 vix
2927 4537 3134 4600 dubito,
3189 4535 3301 4589 ἀπὸ
3363 4535 3619 4591 τοίἵΚύ-

2032 4602 2192 4729 ἓουὶι
2238 4608 2401 4672 cubo,
2422 4624 2442 4659 ι
2476 4602 2696 4678 prepter
2720 4608 2949 4664 formam
2979 4608 3248 4675 cubieam,
3274 4607 3326 4663 id
3347 4618 3452 4672 eSt,
3485 4623 3620 4678 qua-

2074 4690 2129 4727 ra
2160 4691 2268 4729 am.

2074 4684 2268 4729 ratam.

2107 4743 2585 4816 (46)Adgentiles
2643 4762 2834 4815 parum
2890 4748 3194 4814 spectabat,
3234 4748 3349 4802 sive
3375 4745 3612 4802 consub-

2032 4815 2305 4870 stantiaiis
2332 4815 2491 4871 ﬁdem
2526 4816 2843 4873 defenderet
2887 4817 3162 4880 Basilius,
3194 4818 3309 4873 sive
3339 4832 3466 4870 non.
3495 4816 3616 4871 Cae-

2036 4893 2207 4938 terum
2256 4900 2376 4953 quae
2409 4887 2495 4940 hic
2548 4897 2668 4941 acta
2696 4886 2996 4941 narrantur
3038 4887 3314 4942 Valentem
3351 4887 3497 4940 inter
3559 4894 3615 4937 et

2032 4952 2290 5008 Basilium
2326 4954 2574 5025 illiusque
2604 4957 2886 5011 miniStros
2908 4956 3297 5011 desiderantur
3329 4953 3604 5025 apudBo-

2032 5025 2415 5146 svveytluuvct
2441 5024 2595 5097 longe
2624 5028 2786 5081 aliter
2811 5028 2939 5082 data
2973 5028 3193 5082 inerunt
3237 5040 3305 5081 ex
3366 5024 3599 5078 Nazian-

2035 5108 2170 5146 zeuo
2203 5110 2255 5146 in
2333 5105 2424 5146 ita.

2035 5108 2170 5147 zeuo
2203 5110 2255 5147 ιη
2289 5105 2424 5151 Vlla.

2107 5163 2216 5233 (47)
2251 5163 2595 5219 Anastasium
2628 5164 2945 5235 praefectum
2990 5165 3074 5221 vel
3104 5172 3455 5236 quaestorem.
3499 5159 3598 5236 tibi

2035 5230 2371 5289 nominatum
2404 5230 2671 5289 invenerit
2701 5247 2916 5302 auctor,
2957 5230 3211 5304 equidem
3238 5236 3449 5302 ignoro.
3486 5230 3590 5283 Alii

2034 5318 2221 5357 omnes
2282 5305 2596 5371 praefectum
2650 5305 2954 5360 Modestum
3016 5316 3255 5367 vocant,
3291 5305 3443 5370 isque
3492 5309 3601 5353 tam

2035 5381 2194 5427 notus
2220 5374 2320 5427 fuit
2349 5389 2477 5428 vero
2500 5376 2900 5443 Ampliiloehio,
2938 5383 2995 5426 ut
3021 5374 3072 5428 in
3125 5376 3343 5428 nomine
3373 5371 3500 5443 ejus
3522 5385 3611 5423 er-

2035 5458 2160 5496 rare
2187 5458 2289 5496 non
2317 5446 2574 5511 pet-uerit.
2597 5441 2668 5498 At
2697 5444 3080 5507 Combeiisius,
3108 5460 3231 5498 cum
3260 5441 3458 5510 saepius
3490 5451 3611 5495 ten:

2039 5522 2146 5565 tata
2180 5515 2250 5567 sit
2286 5517 2385 5567 sub
2416 5513 2634 5568 Valente
2670 5515 2856 5569 Basilii
2882 5514 3188 5568 constantia
3223 5555 3238 5579 ,
3264 5522 3440 5582 putat,
3467 5513 3608 5566 inter

2036 5584 2216 5637 varios
2240 5584 2510 5639 adhibitos
2543 5584 2823 5639 ministros
2847 5623 2862 5647 ,
2893 5584 3133 5649 aliquem
3186 5595 3282 5636 aut
3320 5594 3609 5651 praetorem

2038 5662 2131 5705 aut
2160 5665 2469 5724 exactorem
2506 5656 2692 5710 inisse.
2717 5654 3093 5724 Anastasium,
3122 5656 3191 5711 ob
3230 5662 3611 5710 auctoritatem

2039 5724 2244 5779 scilicet
2273 5722 2629 5798 Ampltilochii
