4076 6226
837 288 1204 344 EXCERPTA
1242 290 1334 346 EX
1374 291 1574 348 ACTIS
1614 293 1673 348 S.
1712 291 1957 348 BASILI!
1998 288 2601 348 BOLLANDl:\NlS.-—
2635 293 2797 348 VlTA
2839 294 3280 352 APOCllYl’llA.

3455 317 3624 356 CCCVI

410 409 486 463 xit
518 406 755 474 Deus,ut
781 420 880 476 pro
902 407 1130 461 veritate
1156 408 1406 462 absolvar
1431 410 1660 464 vinculis
1688 409 1932 478 corporis
1959 426 1972 462 :
2005 413 2051 468 Α
2080 406 2186 460 ﬁlia
2213 421 2305 460 sua
2333 407 2657 475 perrexisset
2681 445 2696 470 ,
2727 407 2992 477 velletque
3017 409 3122 462 illic
3147 409 3376 478 puellam
3403 413 3642 476 tondere,

407 511 530 552 nam
563 498 654 552 diu
687 505 772 552 est
803 512 870 550 ex
901 512 1009 566 quo
1038 498 1088 550 id
1121 498 1310 566 cupio;
1361 500 1462 553 nisi
1502 509 1678 553 tamen
1708 499 1808 568 ipsi
1841 498 1976 551 rnol-

407 589 568 644 liores
603 590 736 645 estis
787 589 840 643 in
901 590 1220 658 praastaudis
1247 591 1552 659 promissis.
1589 608 1608 640 ›
1641 588 1809 641 Porro
1841 605 1978 656 prae-

410 680 580 734 fectus
619 693 917 748 pugnacem
952 679 1052 732 viri
1083 678 1426 732 renitentiam
1455 689 1509 733 et
1534 678 1974 732 immobilitatem

405 771 666 841 propositi
700 770 1012 838 imperatori
1039 769 1374 838 signiﬁcans,
1395 770 1470 822 ait
1500 784 1515 822 :
1559 787 1578 820 ι
1615 769 1973 833 Victisunius,

407 864 705 932 imperator
735 881 748 915 :
779 863 862 915 vir
895 861 1040 915 enim
1074 862 1237 916 minis
1289 862 1534 931 superior
1566 872 1672 927 est,
1699 861 1978 916 inﬂexibili

407 957 651 1024 duroque
681 967 735 1010 et
765 971 931 1010 saxeo
957 957 1157 1010 animo.
1184 975 1202 1008 ι

474 1047 612 1102 Cum
643 1059 822 1102 autem
857 1048 1159 1118 imperator
1202 1048 1279 1100 ira
1325 1046 1686 1101 effervescens
1713 1047 1978 1101 delibera-

408 1148 532 1206 ret,
575 1155 684 1209 quo
730 1154 852 1194 eum
901 1137 1092 1192 mortis
1134 1152 1332 1206 genere
1375 1138 1758 1192 interfecturus
1789 1145 1975 1203 esset;

405 1232 632 1302 contigit
687 1242 747 1284 ut
772 1231 888 1299 ejns
920 1229 1062 1283 ﬁlius
1110 1229 1161 1282 in
1204 1231 1448 1284 morbum
1483 1229 1741 1282 divinitus
1772 1229 1975 1281 illatum

407 1321 712 1384 incideret,
753 1320 831 1374 ita
857 1330 916 1374 ut
976 1320 1168 1374 medici
1220 1335 1370 1389 spem
1415 1320 1605 1374 salutis
1646 1320 1968 1386 ahjicercnt.

407 1413 577 1466 Porro
615 1419 788 1466 mater
819 1411 1134 1479 imperatori
1184 1412 1410 1479 supplex
1438 1412 1693 1464 accidens
1726 1451 1739 1474 ,
1783 1411 1917 1463 dixit
1961 1428 1972 1461 :

415 1502 649 1568 «'Quam
705 1501 844 1555 male
883 1515 1011 1571 erga
1051 1501 1218 1555 Deum
1249 1502 1472 1570 ejusque
1501 1501 1836 1556 sacerdotem
1872 1501 1976 1555 Ba-

408 1595 584 1650 silimu
617 1594 786 1648 habes
816 1593 828 1643 !
862 1594 938 1646 En
981 1594 1208 1647 moritur
1232 1603 1286 1648 et
1317 1594 1431 1663 ipse
1465 1610 1612 1662 puer.
1652 1614 1669 1643 ι
1703 1593 1796 1647 llis
1825 1595 1977 1646 audi-

411 1686 502 1748 tis,
541 1687 839 1753 imperator,
858 1683 1110 1737 Basilium
1135 1685 1446 1748 accersivit,
1479 1684 1658 1752 aitque
1689 1685 1754 1736 ad
1779 1683 1928 1735 illum
1961 1701 1974 1736 :

417 1793 437 1826 ι
470 1775 525 1829 Si
562 1791 688 1829 vera
719 1783 846 1830 sunt
875 1790 994 1844 quae
1016 1776 1198 1841 doces,
1253 1775 1427 1844 iisque
1453 1776 1592 1828 Deus
1625 1775 1926 1828 delectatur
1963 1814 1976 1837 ,

409 1868 660 1935 precibus
712 1867 819 1922 tuis
864 1869 957 1921 ﬁlii
991 1868 1094 1922 mei
1139 1869 1386 1920 morbum
1433 1868 1723 1936 depuleris.
1766 1887 1785 1918 ι
1820 1867 1976 1922 Tunc

409 1960 530 2014 ille:
557 1977 574 2010 t
611 1949 667 2012 Si
700 1960 995 2014 credideris
1028 1969 1188 2013 recta:
1239 1959 1362 2012 ﬁdei
1390 1998 1405 2022 ,
1462 1960 1772 2026 imperator,
1819 1969 1976 2026 teque

409 2047 665 2104 Ecclesiae
687 2051 778 2104 Dei
797 2051 1127 2119 adjunxcris,
1161 2050 1306 2104 vivet
1326 2051 1466 2104 ﬁlius
1502 2059 1644 2103 tuus.
1676 2069 1693 2100 ι
1728 2051 1822 2103 llln
1851 2067 1977 2118 pro-

409 2142 674 2206 mittente,
705 2142 877 2209 primo
923 2157 1021 2196 suo
1054 2141 1543 2210 adventu,Magnus
1563 2141 1812 2207 Basilius,
1835 2143 1978 2197 nulla

410 2247 584 2296 mora,
621 2233 866 2287 morbum
912 2233 1167 2287 leviorem
1208 2232 1357 2288 fecit.
1393 2232 1491 2299 Qui
1520 2242 1700 2287 autem
1743 2235 1978 2303 impera-

413 2324 514 2380 tori
541 2323 759 2378 asseclze
784 2333 942 2378 erant
966 2324 1202 2379 haeretici
1256 2308 1804 2393 episc0pi,lvictoriae
1849 2341 1976 2394 pro-

409 2414 565 2470 brum
597 2431 702 2469 non
739 2417 1000 2480 ferentes,
1035 2423 1286 2470 auctores
1308 2416 1528 2470 fuerunt
1561 2432 1630 2470 ne
1661 2432 1689 2469 a
1712 2418 1978 2472 sententia

411 2504 730 2570 discederet,
762 2505 855 2559 sed
885 2518 944 2558 se
988 2503 1235 2573 religioni
1266 2519 1454 2558 eorum
1483 2504 1818 2574 adjungeret,
1863 2521 1980 2574 per-

408 2614 514 2670 que
551 2599 696 2668 ipsos
725 2613 893 2667 puero
925 2601 1210 2652 sanitatem
1249 2607 1488 2666 pararet.
1512 2598 1626 2664 Quo
1659 2583 1831 2660 facto,
1853 2613 1978 2652 mox

407 2703 544 2759 puer
589 2687 645 2742 in
710 2687 963 2741 manibus
1042 2686 1252 2739 illorum
1307 2687 1543 2738 animam
1599 2685 1818 2739 efﬂavit.
1873 2685 1977 2740 Ubi

408 2795 574 2852 porro
602 2789 837 2849 quaestor
862 2781 976 2833 haec
1003 2779 1249 2842 vidisset,
1283 2789 1404 2846 post
1443 2788 1667 2832 mortem
1717 2776 1974 2844 Valentis,

410 2887 500 2927 res
533 2872 638 2925 viri
695 2870 956 2941 prmelare
1010 2880 1194 2939 gestas
1228 2869 1608 2923 Valentiniano
1662 2868 1977 2936 imperatori

410 2963 524 3036 (48)
545 2962 832 3016 nuntiavit.
865 2960 958 3016 llle
988 2961 1210 3015 audiens
1264 2969 1612 3030 stupensque,
1650 2960 1978 3028 gloriﬁcavit

408 3055 577 3113 Deum
613 3073 628 3110 :
661 3055 846 3110 multis
871 3068 1031 3122 porro
1059 3053 1304 3124 pecuniis
1332 3053 1502 3106 eidem
1528 3052 1782 3121 quarstori
1813 3052 1972 3116 datis,

410 3146 561 3200 misit
593 3143 662 3199 ad
691 3113 949 3196 Basiliuin
987 3142 1040 3195 in
1059 3113 1224 3194 'usum
1247 3113 1704 3210 egenorum-(49).
1740 3113 1974 3195 Basilius
2003 3113 2045 3171 θ

411 3245 589 3291 autem
664 3247 917 3304 maguum
972 3231 1317 3300 imperatoris
1378 3229 1616 3284 animum
1678 3231 1977 3298 suspiciens

409 3327 770 3398 probansque,
798 3325 914 3396 pias
935 3325 1122 3380 domos
1143 3331 1253 3378 tum
1280 3323 1332 3376 in
1361 3323 1512 3389 urbe,
1538 3332 1646 3376 tum
1673 3323 1724 3376 in
1749 3323 1977 3393 singulis

410 3420 702 3488 provinciae
719 3418 967 3488 partibus
983 3415 1272 3484 exstruxit,
1305 3415 1666 3470 refocillandis
1707 3416 1972 3484 inﬁrmis;

419 3509 596 3576 iisque
615 3509 761 3563 viros
784 3508 985 3563 multos
1009 3544 1025 3573 ,
1052 3516 1107 3561 et
1137 3507 1392 3561 mulieres
1441 3521 1768 3576 puerosque,
1810 3509 1977 3576 pluri-

411 3613 556 3652 mam
587 3599 667 3652 eis
697 3614 882 3653 curam
917 3598 1268 3666 levamenque
1301 3598 1590 3662 adhibens,
1621 3599 1674 3652 in
1700 3598 1855 3654 lectis
1892 3613 1981 3669 po-

411 3689 537 3743 suit.
577 3685 676 3742 Ubi
729 3703 856 3743 vero
904 3691 1200 3758 imperator
1240 3689 1480 3757 audivit,
1536 3690 1734 3745 multos
1773 3691 1976 3747 reditus

412 3780 466 3834 in
494 3793 680 3833 eorum
709 3788 956 3849 sumptus
985 3789 1040 3834 et
1092 3783 1544 3836 sustentationem
1575 3822 1589 3847 ,
1623 3780 1821 3836 Christi
1863 3782 1979 3836 hie-

412 3871 659 3926 rarcham
690 3881 744 3926 et
769 3872 1078 3940 pontiﬁcem
1112 3887 1210 3928 ceu
1263 3881 1471 3934 patrem
1519 3873 1708 3927 honori
1742 3875 1968 3942 habens,
1996 3899 2006 3910 -

413 3963 697 4032 largitione
733 3964 898 4018 dedit.

483 4051 760 4110 Helladius
815 4055 928 4127 (50)
982 4067 1184 4111 sancta:
1232 4059 1663 4122 recordationis,
1716 4059 1806 4128 qui
1864 4059 1978 4127 ipse

412 4145 686 4214 inspector
711 4156 764 4200 et
787 4147 1033 4201 minister
1074 4149 1175 4201 fuit
1208 4150 1589 4203 miraculorum
1641 4149 1708 4202 ab
1744 4151 1859 4218 ipso
1883 4165 1978 4218 pa-

411 4245 696 4301 tratorum,
717 4239 914 4306 quique
931 4249 1048 4307 post
1063 4241 1266 4294 obitum
1295 4243 1527 4295 conserti
1548 4242 1748 4295 honore
1767 4252 1980 4310 aposto-

411 4326 478 4381 lis
513 4326 711 4395 Basilii,
745 4330 860 4398 ejus
895 4331 1077 4385 sedem
1101 4347 1387 4387 successor
1418 4334 1664 4402 accepit,
1703 4333 1784 4386 vir
1803 4334 1975 4387 admi-

2080 507 2240 564 atque
2274 498 2325 549 in
2375 512 2588 550 sacram
2633 499 2867 567 aliquam
2909 501 3261 555 monasticam
3289 503 3456 555 :edem
3485 507 3643 556 tradi.

2080 597 2187 641 tam
2238 588 2345 641 Deo
2397 588 2724 641 sacriﬁcium
2786 590 3016 656 oll‘erre;
3073 593 3646 647 a-mulatushomiciiia

2080 679 2167 732 ille
2201 680 2267 732 ab
2316 679 2471 732 initio
2519 679 2764 733 diabolus
2811 681 3023 740 divinos
3056 686 3155 736 viri
3206 700 3384 738 mores
3429 685 3646 754 Denque

2079 781 2358 840 acceptum
2387 773 2757 839 propositum;
2788 776 3362 830 concitavitsenaturis
3389 778 3644 830 famulum

2079 863 2406 930 quemdam,
2468 863 2632 930 inque
2694 864 2883 932 puella:
2945 882 3182 920 amorem
3242 871 3537 923 succendit.
3599 869 3647 922 Is

2078 967 2260 1020 porro,
2291 953 2539 1020 indignus
2563 955 2650 1022 qui
2680 970 2790 1008 rem
2816 965 3016 1008 tantam
3052 958 3329 1011 moliretur
3353 1004 3367 1024 ,
3411 962 3646 1013 veritus-

2079 1059 2182 1112 que
2217 1045 2295 1098 vel
2326 1048 2589 1114 attingere
2614 1048 2757 1115 quod
2794 1057 2914 1100 erat
2953 1054 3324 1119 propositum,
3357 1054 3649 1122 alloquitur

2080 1151 2241 1188 unum
2282 1153 2344 1188 ex
2389 1139 2718 1190 detestandis
2773 1139 3066 1201 maleﬁcis,
3119 1144 3338 1196 multam
3383 1161 3647 1198 summam

2081 1227 2199 1278 auri
2254 1230 2600 1294 praahituruui
2638 1229 2907 1295 pollicitus
2935 1271 2948 1295 ,
2985 1233 3142 1285 modo
3181 1235 3296 1301 ipso
3346 1245 3535 1303 agente
3595 1239 3646 1289 ili

2079 1325 2400 1385 potestatem
2445 1319 2676 1386 puellam
2731 1323 3022 1390 acciperet.
3059 1323 3342 1379 Veneﬁcus
3391 1342 3518 1379 vero
3570 1330 3648 1378 ait

2082 1409 2147 1460 ad
2174 1425 2293 1461 cum
2339 1427 2353 1462 :
2396 1428 2413 1459 ι
2450 1409 2492 1463 Ο
2516 1409 2701 1474 homo,
2735 1411 2908 1480 impar
2937 1415 3002 1466 ad
3037 1414 3136 1468 hoc
3171 1416 3360 1468 virium
3398 1419 3644 1472 cxsisto:

2081 1501 2172 1555 sed
2225 1502 2267 1554 si
2310 1502 2389 1554 vis
2439 1502 2644 1555 mittam
2697 1513 2746 1557 te
2779 1505 2842 1557 ad
2879 1506 3209 1572 provisorem
3253 1524 3428 1563 mequ
3460 1512 3649 1564 diabo-

2080 1591 2213 1654 lum,
2244 1602 2298 1646 et
2331 1592 2418 1644 ille
2454 1593 2616 1646 faciet
2653 1594 2984 1650 voluntatem
3016 1609 3184 1661 tuam,
3217 1599 3261 1651 si
3294 1610 3346 1652 tn
3377 1603 3531 1654 modo
3557 1617 3652 1656 vo-

2082 1681 2342 1734 luntatem
2376 1683 2491 1749 ejus
2521 1685 2736 1738 feceris.
2775 1705 2791 1736 ι
2825 1686 2923 1752 Qui
2949 1689 3084 1740 dixit
3121 1690 3186 1741 ad
3212 1706 3332 1742 cum
3364 1709 3376 1744 :
3413 1710 3430 1741 ι
3489 1694 3650 1758 Qua:-

2012 1783 2053 1835 Β
2084 1787 2296 1838 cunque
2324 1773 2522 1826 dixerit
2557 1774 2711 1838 mihi,
2742 1775 2958 1828 faciam.
2992 1796 3010 1827 ι
3040 1778 3127 1831 Ait
3154 1779 3242 1833 ille
3274 1796 3286 1830 :
3318 1800 3334 1831 ι
3364 1782 3649 1838 Αιιιειιιιη-

2083 1864 2183 1915 tias
2206 1863 2424 1916 Christo
2456 1865 2505 1917 in
2534 1868 2795 1934 scriptis?
2828 1887 2846 1918 ι
2889 1870 3029 1922 Dicit
3051 1871 3099 1923 ei
3135 1889 3148 1924 :
3182 1889 3200 1921 ‹
3233 1872 3432 1926 Etiam.
3465 1895 3484 1926 ›
3520 1875 3652 1929 Por-

2082 1970 2142 2007 ro
2175 1957 2241 2008 ad
2272 1970 2394 2008 eum
2429 1957 2732 2026 iniquitatis
2757 1961 3036 2028 operarius
3065 1979 3075 2013 :
3115 1981 3133 2012 ι
3172 1963 3227 2016 Si
3259 1965 3321 2016 ad
3359 1966 3458 2019 hoc
3488 1982 3651 2034 para-

2083 2056 2167 2099 tus
2195 2063 2254 2100 es
2279 2086 2295 2110 ,
2337 2059 2660 2115 coeperator
2701 2052 2795 2104 tibi
2828 2051 3050 2105 elﬁciar.
3091 2073 3108 2104 ι
3139 2053 3232 2108 Ille
3257 2067 3436 2109 autem
3471 2060 3536 2110 ad
3573 2059 3652 2126 ip-

2079 2151 2196 2191 sum
2227 2157 2240 2191 :
2289 2157 2306 2187 ‹
2349 2139 2573 2194 Paratus
2598 2156 2742 2208 sum,
2773 2151 2979 2196 tantum
3006 2153 3063 2197 ut
3091 2161 3394 2215 consequar
3437 2149 3650 2203 deside-

2079 2244 2240 2283 rium.
2278 2250 2296 2282 ι

2149 2319 2282 2375 Cum
2307 2322 2486 2392 itaque
2517 2323 2767 2379 maleﬁcii
2791 2325 3038 2380 minister
3074 2327 3357 2396 epistolam
3405 2333 3650 2387 conscri-

2076 2413 2275 2482 psisset
2303 2415 2368 2466 ad
2398 2413 2688 2480 diabolum,
2719 2416 2766 2469 ei
2787 2419 3003 2470 tradidit
3025 2419 3124 2472 hoc
3154 2431 3336 2475 tenore
3355 2431 3407 2475 et
3437 2433 3655 2478 senten-

2080 2504 2149 2557 tia
2185 2523 2199 2558 :
2240 2525 2258 2555 ι
2295 2505 2585 2574 Quoniam
2614 2523 2710 2574 par
2756 2518 2840 2560 est
2867 2547 2881 2572 ,
2913 2519 2970 2561 ut
3029 2520 3284 2577 tanquam
3322 2512 3540 2567 domino
3598 2525 3654 2569 ct

2078 2599 2347 2665 provisori
2383 2615 2503 2652 meo
2551 2601 2818 2667 studeam,
2866 2602 3155 2670 enitarque
3196 2614 3307 2658 uta
3337 2605 3651 2660 Christiana

2081 2686 2341 2756 religione
2373 2687 2677 2744 abstractus
2714 2689 2964 2741 amiciti:c
3017 2701 3121 2744 tuae
3175 2694 3511 2758 admoveam,
3546 2711 3654 2764 quo

2079 2788 2170 2831 tua
2201 2793 2324 2847 pars
2355 2777 2672 2846 impleatur;
2712 2780 2828 2832 misi
2859 2783 2924 2831 ad
2961 2789 3010 2833 te
3029 2784 3374 2848 praesentium
3400 2783 3649 2849 latorem,

2079 2869 2268 2939 puellae
2296 2869 2587 2937 cupiditate
2607 2869 2909 2922 sauciatum
2935 2887 2948 2936 ;
3003 2871 3405 2942 impensiusque
3437 2891 3564 2945 rogo
3595 2889 3655 2931 ut

2079 2959 2185 3013 voti
2216 2973 2438 3028 compos
2469 2959 2558 3012 ﬁat
2585 2978 2599 3026 ;
2631 2974 2738 3028 quo
2767 2969 2821 3012 et
2869 2962 2921 3013 in
2957 2961 3060 3016 hoc
3089 2963 3309 3032 glorier,
3341 2963 3647 3035 rnajorique

2079 3052 2358 3106 alacritate
2386 3060 2503 3106 tuos
2548 3063 2818 3106 amatores
2848 3069 3195 3123 congregem.
3234 3075 3252 3108 ι
3292 3056 3423 3110 Data
3453 3073 3579 3112 vero
3601 3063 3651 3114 ei

2078 3143 2327 3213 epistola,
2362 3143 2532 3197 dixit:
2570 3162 2588 3192 ι
2624 3144 2767 3197 Vade
2791 3145 2882 3198 tali
2917 3147 3046 3199 hora
3078 3147 3276 3212 noctis,
3300 3158 3354 3202 et
3373 3158 3456 3202 sta
3489 3165 3652 3218 supra

2078 3246 2489 3289 monumentum
2515 3233 2717 3303 Pagani
2749 3237 3005 3300 hominis,
3040 3238 3398 3308 chartamque
3442 3241 3568 3296 tolle
3598 3242 3652 3296 in

2077 3341 2236 3392 aera;
2259 3335 2312 3380 et
2339 3335 2540 3394 praesto
2571 3337 2750 3392 erunt,
2781 3328 2871 3396 qui
2901 3339 2950 3382 te
2972 3331 3184 3383 ducturi
3218 3341 3346 3384 sunt
3378 3333 3441 3384 ad
3466 3333 3655 3387 diabo-

2078 3413 2211 3470 lum.
2255 3433 2275 3466 ι
2312 3413 2361 3467 ls
2391 3423 2499 3469 tota
2525 3417 2953 3484 promptitudine
2995 3419 3139 3486 quod
3173 3417 3471 3486 injunctum
3528 3433 3650 3475 erat

2077 3522 2288 3575 gerens,
2326 3507 2378 3560 in
2398 3507 2760 3562 miserabilem
2799 3508 2945 3562 illam
2980 3511 3161 3579 erupit
3195 3526 3403 3577 voceru,
3436 3515 3637 3568 diaboli

2077 3597 2324 3652 invocata
2347 3612 2466 3668 ope.
2514 3597 2782 3652 Continuo
2822 3608 3001 3653 autem
3050 3601 3328 3655 asﬁteruut
3372 3604 3649 3672 principes

2079 3691 2362 3758 potestatis
2409 3690 2753 3745 tenebrarum
2790 3729 2807 3756 ,
2839 3690 3064 3760 spiritus
3104 3694 3385 3760 nequitiac;
3419 3711 3648 3764 magno-

2079 3797 2183 3850 que
2206 3783 2401 3852 gaudio
2423 3783 2710 3850 deceptum
2747 3783 3106 3850 suscipientes
3131 3825 3146 3850 ,
3188 3785 3240 3838 in
3275 3786 3447 3838 locum
3477 3789 3640 3840 abdu-

2078 3883 2277 3928 xerunt
2305 3875 2392 3928 ubi
2416 3873 2661 3926 diabolus
2684 3882 2826 3940 erat,
2865 3884 3026 3942 atque
3058 3878 3347 3930 ostendunt
3374 3879 3648 3932 sedentem

2078 3963 2132 4017 in
2173 3964 2306 4018 solio
2339 3963 2574 4028 excelso,
2616 3979 2778 4032 quem
2827 3965 3054 4034 spiritus
3095 3982 3324 4035 nequam
3354 3969 3406 4022 in
3461 3972 3647 4026 orbein

2078 4055 2515 4109 circumstarent.
2551 4056 2805 4124 Acceptis
2834 4071 2961 4110 vero
3007 4057 3230 4112 veneﬁci
3285 4059 3483 4115 litteris
3510 4101 3523 4124 ,
3571 4065 3650 4116 ait

2077 4145 2142 4198 ad
2174 4147 2428 4200 miserum
2457 4163 2514 4200 τι
2547 4146 2737 4202 Credis
2765 4146 2924 4202 inme
2955 4147 3017 4201 ἲ»
3052 4150 3142 4202 Λίι
3173 4167 3186 4204 :
3225 4168 3243 4199 ι
3281 4150 3476 4206 Credo.
3511 4171 3530 4204 ι
3563 4154 3654 4207 Ait

2080 4235 2206 4290 ille:
2239 4253 2259 4286 ι
2293 4236 2435 4305 Nega
2476 4237 2751 4292 Christum
2783 4248 2952 4292 tuum.
2982 4256 3002 4291 ι
3042 4239 3186 4293 Dixit
3216 4240 3342 4295 ille:
3388 4259 3407 4292 ι
3439 4243 3602 4312 Nego.
3626 4263 3646 4294 ι

2077 4327 2166 4380 Ait
2196 4329 2296 4395 ipsi
2325 4329 2568 4383 diabolus
2601 4348 2614 4384 :
2653 4349 2672 4381 ‹
2703 4330 2931 4386 Scelesti
2962 4334 3092 4387 cstis
3115 4348 3209 4388 vos
3239 4335 3556 4402 Christiani,
3597 4347 3652 4392 et

413 4421 616 4474 randus
641 4461 656 4485 ,
686 4423 940 4486 omnique
983 4423 1184 4479 virtute
1233 4425 1662 4479 cumulatissime
1707 4434 1933 4479 ornatus
1956 4464 1971 4490 ,

2080 4418 2294 4486 quidem
2328 4420 2546 4487 quando
2579 4434 2664 4472 me
2717 4434 2852 4488 opus
2890 4419 3125 4486 habetis,
3167 4423 3365 4476 venitis
3401 4423 3468 4477 ad
3502 4441 3587 4478 me
3631 4442 3646 4478 ;

412 4510 543 4564 mihi
577 4511 783 4581 retulit.
822 4511 1052 4568 Senator
1073 4515 1317 4583 quidam,
1349 4517 1434 4568 vir
1475 4515 1670 4582 ﬁdelis,
1697 4515 1972 4571 Proterius

411 4602 649 4669 nomine,
679 4616 802 4656 cum
826 4603 892 4659 ad
919 4619 1072 4660 sacra
1111 4613 1168 4661 et
1195 4607 1498 4661 veneranda
1530 4607 1643 4662 loca
1696 4623 1799 4661 una
1846 4623 1969 4663 cum

480 4865 592 4938 (48)
627 4866 1064 4922 Valentinianum
1091 4868 1364 4936 iuniorem
1414 4869 1820 4937 intelligendum
1883 4869 1972 4924 hic

411 4947 600 5060 ιἮξιιθι
639 4939 1038 5006 Combetisius;
1097 4941 1280 4994 senior
1333 4940 1478 4993 enim
1533 4951 1660 4995 ante
1691 4940 1967 4994 Valentem

411 5021 442 5060 ο
484 5016 562 5060 ιιι.

409 5016 562 5060 ουιιι.

487 5076 596 5146 (49)
643 5074 817 5132 Fundi
848 5116 862 5139 ,
896 5092 925 5130 a
959 5075 1185 5131 Valente
1206 5078 1402 5134 Basilio
1429 5082 1495 5134 ad
1530 5078 1811 5147 hospitalis
1842 5094 1963 5133 sus-

410 5149 760 5201 tentationem
813 5149 945 5209 dati,
986 5148 1166 5200 forsan
1213 5153 1550 5204 occasionem
1593 5153 1704 5202 haec
1735 5151 1961 5202 comini-

409 5217 649 5288 uisceitdi
702 5219 1110 5288 praebuerunt:
1153 5234 1327 5288 neque
1375 5221 1518 5272 enim
1567 5231 1689 5288 post
1726 5217 1965 5273 Valentis

407 5286 614 5338 obitum
661 5289 844 5338 taudiu
881 5289 932 5340 in
965 5287 1102 5340 vivis
1151 5286 1378 5341 Basilius
1424 5286 1653 5351 fuit,*ut
1687 5303 1748 5343 ea
1781 5289 1960 5342 facere

410 5357 687 5428 moraliter
717 5359 1105 5424 potuerit,quze
1129 5357 1320 5412 fecisse
1347 5358 1544 5412 dicitur
1565 5371 1686 5427 post
1713 5369 1964 5428 acceptas

411 5439 440 5477 a
477 5425 848 5496 Valentiniano
879 5429 1151 5496 pecunias.

483 5493 596 5563 (50)
627 5493 926 5550 llelladiuiu
957 5495 1135 5549 Basilii
1164 5499 1216 5552 in
1252 5499 1560 5567 episcopatu
1591 5510 1960 5551 successorem

410 5562 599 5627 fuiSse,
639 5568 886 5619 omnibus
913 5576 994 5620 est
1019 5562 1374 5621 indubitatum
1416 5562 1628 5622 {Vitam
1660 5567 1963 5620 decessoris

411 5635 478 5707 ab
502 5634 592 5707 illo
627 5639 1008 5704 conscriptam,
1043 5640 1313 5692 credimus
1337 5641 1416 5707 (ut
1446 5653 1542 5705 par
1563 5646 1665 5702 e51)
1707 5637 1764 5688 ὃ.
1799 5635 1962 5687 Joan-

411 5705 466 5755 ni
499 5705 848 5770 Dam’asceuo,
875 5707 966 5775 qui
992 5707 1193 5761 utinam
1233 5709 1300 5762 ad
1346 5705 1443 5764 nos
1473 5717 1678 5762 tantum
1705 5708 1959 5761 transiui-

2083 4512 2172 4563 ubi
2204 4521 2382 4564 autem
2432 4511 2664 4565 assecuti
2697 4512 2831 4565 estis
2863 4513 3005 4579 quod
3033 4519 3116 4565 est
3150 4512 3201 4564 in
3226 4518 3385 4578 votis,
3414 4529 3498 4567 tne
3549 4529 3644 4566 ue-

2082 4602 2243 4671 gatis,
2295 4612 2350 4656 et
2376 4603 2632 4658 acceditis
2658 4603 2723 4657 ad
2755 4603 3029 4658 Christum
3057 4613 3334 4669 vestrum;
3368 4606 3460 4672 qui
3521 4619 3644 4660 cum

2082 4869 2603 4923 sissetthesanruml
2634 4885 2754 4923 eum
2784 4871 2925 4924 cnim
2961 4869 3171 4923 videtur
3216 4886 3324 4938 prie
3347 4869 3518 4925 oculis
3553 4870 3652 4924 ha-

2075 4940 2274 4996 buisse.
2305 4955 2426 4992 cuin
2461 4941 2634 4992 locum
2668 4941 2794 4994 inde
2818 4957 2979 4994 unum
3005 4941 3294 5008 descripsit
3326 4941 3377 4993 in
3407 4941 3652 4994 oratione

2075 5024 2176 5076 pro
2193 5011 2365 5062 sacris
2385 5010 2811 5077 imaginibus.An
2833 5026 2959 5065 vero
2979 5025 3063 5070 ea,
3083 5025 3202 5078 qum
3228 5011 3313 5065 hic
3336 5019 3646 5072 narrantur,

2075 5093 2140 5131 ex
2177 5078 2414 5131 llelladio
2446 5081 2572 5142 sint,
2605 5079 3014 5146 lectorjudicet.
3041 5079 3223 5134 Potuit
3245 5083 3388 5133 enim
3429 5080 3566 5142 ﬁeri,
3595 5093 3652 5133 ut

2069 5162 2134 5200 eo
2161 5165 2264 5214 quo
2294 5149 2937 5214 pseudo-Amphilochius
2965 5151 3191 5216 scripsit
3257 5161 3518 5217 tempore,
3540 5150 3650 5201 fra-

2077 5228 2290 5285 gmenta
2320 5220 2563 5288 quardam
2590 5217 2812 5270 llelladii
2850 5227 3142 5283 exstarent,
3170 5221 3418 5288 quzeipse
3452 5221 3650 5271 retuli--

2074 5294 2145 5338 rit
2199 5289 2248 5340 in
2315 5287 2570 5341 Basiliuui
2629 5303 2807 5340 suum.
2867 5289 3016 5351 Quod
3077 5293 3268 5342 attinet
3318 5287 3382 5342 ad
3419 5289 3645 5341 Protei-ii

2075 5357 2260 5420 ﬁliam,
2296 5374 2323 5409 ιι
2358 5360 2599 5411 (Ιωιιιιηιθ
2653 5359 2703 5409 in
2746 5373 2983 5427 antorem
3028 5358 3244 5427 juvenis
3293 5362 3644 5422 concitatam,

2072 5427 2248 5480 simile
2272 5429 2400 5496 quid
2435 5427 2728 5496 contigisse
2781 5425 2840 5478 Β.
2879 5425 3058 5480 Maria:
3089 5431 3442 5482 Antiochcnic
3497 5430 3639 5482 refe-

2073 5497 2241 5549 rimus
2270 5495 2413 5549 tmno
2454 5495 2538 5549 VII
2573 5499 2720 5564 Maii,
2749 5499 2833 5551 die
2864 5496 2952 5560 29,
3006 5515 3126 5567 pag.
3159 5499 3244 5551 52.
3289 5500 3414 5550 Mihi
3467 5509 3643 5550 tamen

2069 5569 2432 5620 verosiuiilius
2503 5577 2634 5632 est,
2715 5571 2962 5621 eumdem
3033 5571 3120 5635 qui
3203 5569 3640 5637 Amphilochium

2068 5639 2327 5691 mentitus
2377 5647 2460 5693 cst
2540 5639 2756 5693 tneutiri
2801 5640 2963 5694 etiatn
3026 5639 3327 5694 Hclladium
3387 5641 3644 5708 potuisse.
