4076 6226
399 296 604 337 CCCVI"

1763 270 2300 329 PROLEGOMENA.

407 405 478 459 sit
518 404 715 467 bonus,
741 414 839 456 vos
874 396 1121 468 suscipit.
1146 395 1440 451 Enimvero
1478 394 1562 449 fac
1607 396 1811 465 scripto
1865 406 1978 450 tum
2007 400 2054 459 Α
2085 395 2461 449 confusionem
2493 407 2667 447 meam
2698 393 2722 447 ?
2777 391 2889 447 Heu
2920 406 3008 448 me
3036 391 3349 448 infelicem!
3409 392 3466 449 in
3519 394 3664 464 quod

406 491 611 548 Christi
655 492 731 547 tui
781 498 835 545 et
860 487 1206 559 baptismatis
1243 496 1597 556 spontaneam
1631 487 1983 540 abrenuntia-

410 585 613 641 tionem
636 622 652 649 ,
689 592 802 637 tum
856 581 1085 635 liberam
1114 580 1168 633 in
1219 593 1307 632 me
1346 578 1398 632 in
1432 578 1628 633 saecula
1654 579 1983 645 cautionem,

409 678 662 747 quodque
693 688 904 729 mecum
939 672 1016 728 sis
1066 669 1281 725 futurus
1313 671 1367 724 in
1394 670 1481 725 die
1514 670 1727 740 judicii,
1773 686 1983 725 mecum

409 776 597 836 parata
630 765 763 821 mibi
788 774 990 820 aeterna
1020 771 1382 834 percepturus
1410 763 1701 833 supplicia,
1746 776 1982 833 moxque

410 858 607 927 impleo
646 866 769 912 vota
796 865 907 911 tua.
956 875 975 909 ι
1016 857 1086 911 At
1119 855 1208 911 ille
1256 872 1417 911 manu
1469 854 1687 926 prepria
1721 855 1984 925 scriptum

409 950 596 1014 edidit,
619 948 775 1018 quale
799 949 977 1003 fuerat
1002 957 1247 1019 rogatus.

479 1040 616 1096 Post
665 1042 782 1096 lucc
808 1055 938 1095 vero
971 1040 1275 1094 animarum
1300 1038 1525 1093 vitiator
1551 1036 1721 1091 draco
1749 1036 1987 1091 destinat

413 1133 689 1188 daemones
742 1131 1091 1187 fornicationi
1120 1131 1461 1201 praepositos,
1501 1128 1647 1197 iique
1670 1127 1903 1197 puellam
1934 1128 1987 1181 in

408 1224 512 1276 viri
532 1237 770 1277 amorem
805 1222 1121 1278 incendunt.
1148 1221 1239 1275 Illa
1269 1231 1448 1274 autem
1474 1220 1706 1289 seipsam
1736 1220 1789 1271 in
1816 1219 1987 1273 solum

403 1314 640 1382 jactans,
670 1315 839 1385 ccepit
864 1313 1100 1369 clamare
1121 1314 1186 1367 ad
1216 1323 1421 1382 patrem
1456 1328 1471 1365 :
1521 1328 1538 1361 ι
1587 1310 1842 1365 Miserere
1883 1309 1989 1365 mei

411 1405 667 1471 infelicis,
715 1421 881 1475 quam
913 1404 1079 1475 hujus
1129 1404 1281 1473 pueri
1315 1404 1643 1457 desiderium
1670 1402 1845 1456 dirius
1892 1417 1987 1456 ex-

411 1501 640 1555 cruciat.
672 1501 997 1570 Compatere
1041 1497 1343 1553 visceribus
1372 1497 1513 1563 tuis;
1556 1496 1784 1550 ostende
1818 1495 1870 1548 in
1906 1508 1991 1550 me

412 1592 744 1663 unigenitam
801 1601 945 1645 tuam
972 1629 989 1654 ,
1042 1589 1297 1643 affectum
1330 1599 1693 1659 -paternum;
1750 1588 1991 1656 mihique

409 1685 660 1755 conjugio
708 1684 897 1755 copula
924 1682 1347 1746 adolescentem,
1382 1696 1541 1751 quem
1572 1681 1739 1751 elegi;
1768 1680 1910 1750 quod
1941 1680 1987 1733 si

410 1775 551 1829 nolis
580 1784 867 1844 prmstare,
900 1774 1115 1828 videbis
1145 1774 1296 1829 brevi
1330 1772 1671 1826 amarissima
1717 1772 1985 1827 sublatam
2016 1758 2062 1816 Β

412 1876 611 1930 morte,
646 1867 864 1935 Deoque
893 1866 1162 1920 rationem
1208 1880 1306 1934 pro
1341 1879 1427 1918 me
1459 1864 1611 1918 dabis
1651 1863 1704 1916 in
1736 1863 1823 1916 die
1846 1862 1992 1931 judi-

411 1959 502 2013 eii.
541 1977 562 2011 ι
601 1960 759 2013 Pater
805 1970 985 2013 autem
1046 1974 1167 2013 cum
1241 1958 1496 2029 lacrymis
1544 1956 1791 2011 diccbat:
1826 1973 1844 2006 ι
1876 1955 1990 2009 lleu

412 2050 543 2105 mihi
574 2052 845 2119 peccatori
870 2050 883 2102 l
918 2049 1059 2115 Quid
1086 2051 1189 2103 hoc
1209 2049 1424 2103 miserae
1452 2062 1585 2101 meae
1611 2047 1733 2101 filice
1759 2046 1991 2101 accidit?

410 2141 535 2211 quis
566 2156 745 2196 meum
791 2143 1108 2194 thesaurum
1142 2137 1486 2208 deprazdatus
1518 2137 1651 2189 est?
1710 2138 1835 2206 quis
1868 2137 1992 2190 filiae

413 2248 546 2288 mea:
595 2232 852 2301 injuriam
886 2231 1117 2285 intulit?
1177 2232 1298 2297 quis
1328 2229 1484 2283 dulce
1521 2230 1800 2283 oculorum
1848 2243 1995 2283 meo-

414 2339 536 2377 rum
598 2323 775 2379 lumen
833 2322 1129 2377 exstinxit?
1178 2321 1477 2391 Equidem,
1534 2321 1716 2390 quite
1773 2320 1993 2375 Christo

413 2429 615 2485 sponso
642 2415 851 2470 caelesti
895 2414 1232 2484 desponsare
1278 2414 1613 2479 statuissem,
1649 2413 1995 2481 angelorum-

413 2522 519 2575 que
561 2506 1005 2561 contubernalem
1032 2505 1211 2560 facere
1232 2545 1247 2568 ,
1280 2520 1343 2559 ac
1368 2506 1419 2559 in
1450 2522 1513 2560 eo
1542 2506 1845 2575 posuissem
1879 2514 1993 2557 stu-

412 2599 563 2651 dium
598 2607 656 2651 ut
685 2598 737 2652 in
766 2597 989 2667 psalmis
1015 2606 1071 2652 et
1098 2597 1318 2668 hymnis
1346 2606 1402 2651 et
1442 2597 1669 2651 canticis
1698 2597 1995 2666 spirituali-

415 2691 517 2745 bns
544 2700 801 2745 cantares
841 2689 974 2755 Deo,
1000 2704 1097 2760 per
1124 2699 1175 2745 te
1200 2699 1621 2745 consecuturum
1655 2705 1741 2744 me
1764 2690 1993 2744 salutem

415 2784 737 2851 sperabam;
775 2792 834 2837 tu
875 2791 1055 2837 autem
1108 2783 1162 2837 in
1196 2782 1434 2837 lascivia:
1465 2792 1690 2836 (nstrum
1722 2781 1993 2836 insanisti.

416 2877 547 2931 Sine
576 2886 656 2941 ut,
690 2877 833 2931 sicut
870 2876 1011 2942 volo,
1042 2876 1179 2930 inito
1213 2887 1393 2946 pacto,
1426 2876 1534 2929 Deo
1566 2875 1874 2936 conciliem.
1896 2889 1997 2930 nec

417 2987 590 3025 meam
617 2972 683 3023 ad
713 2969 920 3024 inferos
949 2985 1071 3025 cum
1104 2968 1327 3023 tristitia
1372 2970 1608 3023 deducas
1638 2976 1993 3031 senectutem,

418 3077 482 3115 ac
518 3075 693 3129 neque
745 3069 1030 3128 parentum
1063 3069 1278 3113 tuorum
1310 3059 1648 3113 nobilitatem
1680 3059 1995 3113 confusione
2024 3097 2066 3154 C

416 3153 655 3221 operias.
699 3170 718 3203 ι
752 3151 823 3203 At
853 3150 942 3204 illa
1004 3150 1406 3218 floccipendens
1453 3150 1623 3220 patris
1658 3151 1843 3215 verba,
1875 3166 1998 3220 per-

418 3244 704 3297 severabat
733 3242 981 3295 clamans
1032 3261 1045 3295 :
1083 3258 1102 3293 ‹
1160 3240 1344 3305 Pater,
1392 3250 1486 3294 aut
1533 3241 1618 3295 fac
1665 3241 1993 3295 desiderium

420 3352 624 3401 meum,
652 3346 747 3389 aut
774 3344 897 3405 post
922 3332 1174 3405 pusillum
1203 3334 1412 3388 videbis
1439 3343 1727 3388 mortuam.
1782 3353 1801 3387 ι
1836 3333 1999 3388 Pater

422 3429 605 3495 itaque
629 3426 683 3478 in
712 3441 905 3493 magna
942 3426 1107 3479 animi
1158 3426 1407 3493 angustia
1451 3426 1797 3490 constitutus,
1829 3427 2000 3479 abun-

419 3517 768 3585 dantiorique
799 3516 1017 3571 tristitia
1053 3517 1345 3586 absorptus
1374 3557 1388 3581 ,
1426 3519 1839 3584 amicorumque
1866 3531 2001 3570 cou-

420 3609 557 3663 siliis
603 3608 995 3677 acquiescens;
1038 3609 1386 3662 monentibus
1437 3608 1545 3661 illis
1577 3624 1641 3662 ac
1671 3608 1997 3672 dicentibus,

419 3710 680 3769 praestare
711 3701 820 3755 voti
851 3710 1153 3770 compotem
1185 3700 1323 3765 fieri,
1349 3716 1509 3769 quam
1543 3709 1600 3753 ut
1626 3700 1728 3753 sibi
1753 3701 1864 3768 ipsa
1893 3701 1999 3753 vim

420 3792 690 3859 inferret;
729 3793 1009 3848 consensit
1037 3794 1317 3862 indulgere
1350 3796 1519 3862 magis
1555 3792 1824 3846 desiderio
1856 3790 1999 3855 filim,

421 3902 583 3952 quam
610 3896 669 3940 ut
717 3901 776 3941 se
824 3886 979 3940 mala:
1008 3886 1365 3952 exitioszeque
1421 3884 1539 3937 neci
1580 3886 1836 3936 traderet.
1889 3882 1999 3936 Ad-

424 3982 588 4033 ducto
622 3979 807 4048 itaque
839 3977 1069 4047 quasito
1116 3978 1477 4042 adolescente,
1508 3976 1722 4044 liliaque
1745 3991 1805 4029 ac
1836 3974 2003 4029 facul-

428 4069 630 4123 tatibus
681 4069 933 4123 omuibus
973 4084 1095 4123 eum
1150 4068 1459 4137 impertitus
1493 4107 1509 4132 ,
1555 4068 1692 4121 dixit
1731 4084 1743 4119 :
1786 4084 1804 4117 ι
1842 4067 2003 4120 Salva

426 4162 523 4223 sis,
572 4160 700 4224 filia,
735 4175 863 4214 vere
913 4161 1149 4226 misera;
1194 4160 1419 4213 multum
1474 4160 1815 4229 postmodum
1879 4172 1999 4228 pa:-

428 4254 609 4308 nitens
644 4253 1034 4323 lacrymaberis
1060 4295 1075 4321 ,
1111 4269 1231 4308 cum
1277 4251 1415 4306 nihil
1458 4253 1778 4322 pcenitendo
1840 4253 2005 4321 profi-

426 4361 560 4401 CICS.
608 4365 626 4398 l

2089 486 2404 556 perditionis
2470 486 2782 540 barathrum
2818 485 3118 541 descendi?
3148 494 3207 540 ut
3239 485 3369 555 quid
3420 500 3538 539 sum
3572 502 3670 540 na-

2089 588 2141 631 ta
2172 579 2196 631 ?
2234 588 2442 631 autcur
2470 586 2618 639 nata.
2649 591 2756 633 non
2792 578 2976 632 statim
3005 576 3230 647 abrepta
3259 592 3381 631 sum
3408 577 3432 631 ἲ
3467 596 3486 629 ι
3530 577 3666 633 Cum

2086 684 2216 739 ergo
2262 671 2343 723 vir
2370 669 2486 738 ejus
2508 710 2522 735 ,
2550 683 2741 723 errore
2782 670 3065 739 deceptus,
3114 670 3195 725 sic
3226 670 3517 739 ejulantem
3569 686 3667 725 no-

2087 763 2275 827 visset,
2346 763 2493 816 venit
2519 762 2586 815 ad
2623 776 2765 825 eam,
2797 776 3122 816 asseverans
3159 778 3265 817 non
3298 762 3375 816 ita
3408 762 3665 819 esse.llla

2088 868 2197 907 non
2226 852 2359 906 nihil
2402 851 2672 920 refrigerii
2704 868 2772 906 ex
2823 852 3010 907 verbis
3061 852 3179 921 ejus
3238 853 3529 909 delusoriis
3574 868 3667 908 ca—

2088 946 2261 1016 piens,
2289 946 2364 998 ait
2388 946 2454 998 ad
2492 944 2638 998 illum
2673 964 2688 1000 :
2722 962 2740 995 (
2774 945 2831 998 Si
2863 960 2948 999 me
2985 953 3043 1001 et
3093 945 3458 1000 miserabilem
3488 959 3664 999 meam

2090 1037 2325 1090 animam
2360 1036 2443 1089 vis
2499 1036 2791 1090 certiorem
2853 1037 3121 1104 reddere,
3183 1051 3344 1104 cras,
3402 1039 3666 1094 ambobus

2092 1127 2211 1196 pari
2245 1141 2513 1181 consensu
2540 1127 2590 1179 in
2614 1127 2903 1181 ecclesiam
2939 1127 3224 1197 profectis,
3262 1139 3531 1197 praesente
3580 1146 3667 1183 me

2091 1220 2413 1273 intemerata
2446 1229 2789 1273 sacramenta
2816 1235 3022 1283 sumas,
3041 1220 3226 1287 sicque
3252 1220 3456 1289 poteris
3487 1218 3665 1275 facere

2091 1325 2297 1369 certam
2332 1314 2489 1368 fidem
2538 1320 2595 1366 et
2650 1311 2992 1369 satisfacere.
3037 1331 3056 1364 ι
3096 1312 3251 1368 Tunc
3303 1314 3393 1368 ille
3446 1324 3667 1369 coactus

2090 1408 2227 1465 dixit
2249 1409 2395 1478 quod
2423 1408 2501 1462 rei
2538 1416 2700 1478 caput
2727 1417 2865 1464 erat.

2163 1500 2419 1554 Protinus
2444 1514 2597 1569 ergo,
2632 1497 2885 1552 muliebri
2921 1497 3242 1553 infirmitate
3275 1498 3515 1567 deposita
3568 1499 3668 1553 bo-

2092 1606 2269 1660 noque
2325 1591 2552 1646 consilio
2603 1590 2761 1653 inito,
2822 1589 2995 1643 currit
3036 1589 3125 1642 illa
3188 1590 3254 1643 ad
3300 1599 3573 1659 pastorem
3614 1600 3670 1643 et

2094 1682 2417 1751 discipulum
2446 1683 2651 1737 Christi
2678 1682 2936 1735 Basiliam
2964 1720 2980 1746 ,
3010 1681 3251 1736 clamore
3281 1683 3543 1737 adversus
3570 1684 3669 1736 im-

2093 1776 2349 1845 pietatem
2382 1774 2593 1830 sublato
2649 1793 2662 1829 :
2703 1792 2723 1827 ι
2762 1774 3020 1829 Miserere
3056 1774 3161 1827 mei
3215 1774 3449 1839 miserae,
3484 1784 3670 1829 sancte

2094 1866 2221 1931 Dei;
2272 1867 2536 1921 miserere
2572 1867 2717 1933 mei,
2760 1866 2963 1921 Christi
3012 1867 3283 1937 discipule
3312 1906 3328 1931 ,
3382 1882 3502 1937 quae
3548 1882 3667 1922 cum

2095 1956 2435 2011 daemonibus
2489 1968 2836 2013 contractum
2891 1957 2992 2011 feci
3025 1975 3039 2011 :
3072 1959 3333 2013 miserere
3384 1959 3515 2022 mei,
3552 1974 3671 2027 qua:

2094 2051 2233 2116 patri
2266 2065 2385 2104 meo
2413 2050 2727 2106 inobediens
2773 2050 2868 2105 fui.
2910 2070 2928 2101 ι
2958 2051 3193 2106 Sanctus
3229 2067 3359 2106 vero
3389 2053 3456 2105 ad
3490 2051 3667 2105 illam:

2101 2156 2119 2190 ι
2157 2139 2295 2206 Quid
2349 2141 2446 2196 tibi
2502 2142 2725 2209 accidit,
2761 2143 2996 2197 mulier?
3035 2162 3054 2195 ι
3088 2143 3159 2197 At
3191 2143 3278 2196 illa
3336 2144 3497 2198 docet
3544 2143 3668 2213 quid

2098 2247 2186 2285 res
2224 2232 2440 2287 habeat.
2493 2232 2663 2289 Porro
2710 2234 2805 2287 Dei
2853 2244 3091 2299 sanctus,
3151 2236 3419 2290 accersito
3479 2250 3664 2303 puero,

2096 2325 2372 2391 quaerebat
2404 2325 2471 2378 ab
2495 2326 2585 2379 illo
2616 2342 2743 2381 num
2802 2328 2873 2381 ita
2900 2337 3063 2381 esset.
3100 2326 3402 2397 Respondit
3431 2328 3520 2383 ille
3544 2345 3664 2383 cum

2096 2416 2385 2486 lacrymis:
2424 2436 2443 2468 ι
2479 2418 2656 2472 Etiam
2686 2458 2701 2480 .
2753 2430 2940 2473 sancte
2980 2419 3073 2473 Dei
3104 2436 3119 2473 :
3157 2436 3279 2473 nam
3310 2421 3412 2474 etsi
3453 2436 3551 2491 ego
3579 2429 3662 2475 ta-

2098 2522 2289 2573 cuero,
2316 2522 2479 2576 opera
2520 2524 2638 2561 mea
2680 2509 3028 2575 clamabunt;
3063 2528 3081 2561 ι
3122 2522 3449 2580 euarratque
3477 2522 3530 2565 et
3553 2511 3670 2580 ipse

2098 2600 2165 2653 ab
2198 2599 2357 2654 initio
2384 2601 2449 2652 ad
2485 2599 2647 2655 finem
2702 2616 2874 2669 usque
2934 2612 3243 2668 provectam
3296 2603 3496 2657 diaboli
3527 2594 3672 2657 frau-

2102 2692 2251 2746 dem.
2285 2692 2437 2746 Tunc
2467 2694 2544 2745 ait
2575 2694 2621 2745 ei
2660 2704 2882 2748 sanctus
2913 2712 2926 2747 :
2970 2712 2987 2746 ‹
3022 2693 3115 2749 V’is
3141 2698 3206 2750 ad
3235 2695 3399 2751 Deum
3430 2707 3672 2752 nostrqu

2098 2785 2387 2839 converti?
2423 2805 2441 2838 ι
2481 2786 2581 2851 Qui
2614 2786 2733 2840 ait:
2777 2806 2795 2837 ‹
2836 2787 3011 2841 Etiam
3059 2789 3180 2841 volo
3210 2833 3222 2855 ,
3264 2792 3356 2843 sed
3389 2805 3494 2844 non
3540 2805 3666 2858 pos-

2099 2892 2239 2930 sum.
2282 2895 2300 2928 )
2346 2876 2487 2931 Dicit
2516 2879 2564 2931 ei
2594 2887 2815 2933 sanctus
2854 2897 2866 2932 :
2909 2899 2927 2930 ι
2973 2879 3116 2945 Quid
3159 2881 3274 2935 ita?
3304 2900 3321 2931 ι
3362 2880 3662 2950 Respondit

2099 2969 2417 3024 adolescens
2453 2970 2642 3025 dicens
2674 2992 2685 3025 :
2718 2990 2737 3021 ‹
2780 2970 2999 3041 Scripto
3029 2974 3407 3028 abrenuntiavi
3429 2974 3673 3043 Christo,

2099 3069 2155 3114 et
2205 3060 2380 3115 foedus
2432 3062 2607 3132 pepigi
2662 3078 2785 3117 cum
2837 3065 3073 3118 diabolo.
3112 3083 3129 3116 ι
3166 3067 3376 3122 Dicitei
3402 3081 3671 3123 sanctus:

2105 3168 2126 3203 ‹
2165 3151 2243 3206 Ne
2273 3152 2365 3205 tibi
2397 3153 2468 3207 sit
2495 3168 2639 3207 curae
2674 3171 2689 3206 :
2724 3155 2895 3208 bonus
2922 3165 3007 3208 est
3042 3155 3184 3209 Deus
3213 3165 3267 3209 et
3293 3157 3671 3227 paenitentiam

2100 3254 2346 3311 agentem
2416 3254 2765 3313 siiscepturus
2794 3257 2876 3299 est
2908 3262 2921 3299 :
2949 3246 3061 3316 agit
3097 3246 3239 3300 enim
3295 3248 3676 3317 pmnitentiam

2101 3350 2267 3404 super
2315 3335 2536 3389 malitiis
2571 3337 2794 3389 nostris.
2832 3355 2848 3389 ι
2882 3335 3050 3390 Porro
3087 3338 3262 3407 puella
3322 3339 3389 3392 ad
3447 3339 3565 3408 ejus
3620 3354 3679 3394 se

2100 3430 2264 3498 pedes
2314 3427 2647 3497 projicieus,
2701 3427 3026 3484 obsecrabat
3060 3431 3240 3485 verbis
3294 3432 3618 3503 evangelicis
3659 3448 3675 3485 :

2106 3540 2124 3571 ι
2150 3520 2363 3573 Domini
2397 3530 2448 3573 et
2474 3520 2567 3573 Dei
2609 3520 2781 3574 nostri
2811 3522 3097 3590 discipule,
3125 3524 3167 3576 si
3205 3524 3332 3593 quid
3371 3534 3549 3591 potes,
3579 3524 3676 3577 ad-

2095 3609 2223 3678 juva
2258 3627 2376 3665 nos.
2411 3630 2430 3662 ι
2470 3612 2613 3664 Dicit
2638 3623 2863 3667 sanctus
2895 3616 2961 3666 ad
2987 3630 3210 3684 puerum
3242 3633 3255 3668 ε
3288 3633 3307 3666 ‹
3348 3614 3538 3670 Credis
3562 3615 3639 3669 sal
3663 3647 3675 3654 ο

2104 3716 2202 3754 vus
2231 3702 2386 3755 fieri?
2412 3722 2430 3755 ι
2460 3704 2548 3758 Ait
2574 3703 2663 3758 ille
2708 3721 2721 3757 :
2749 3729 2767 3757 ι
2790 3701 2978 3772 Credo,
3004 3704 3259 3771 Domine;
3290 3709 3485 3770 adiuva
3511 3708 3678 3759 incre—

2101 3792 2385 3846 dulitatem
2410 3811 2580 3847 meam
2615 3797 2713 3865 (η).
2748 3814 2767 3846 ι
2806 3797 2867 3849 Et
2896 3796 3178 3850 confestim
3207 3798 3541 3865 apprehensa
3561 3797 3676 3864 ejus

2102 3901 2288 3951 manu,
2322 3896 2377 3939 et
2426 3888 2569 3943 facto
2594 3901 2757 3956 super
2791 3890 2936 3941 illum
2966 3890 3162 3945 Christi
3204 3891 3503 3961 signaculo,
3532 3892 3679 3947 fusa-

2102 3990 2208 4044 que
2263 3978 2513 4031 oratione
2542 4018 2557 4041 ,
2598 3980 2821 4032 reclusit
2883 3982 3116 4048 quodam
3159 3980 3296 4045 loco,
3335 3981 3476 4033 intra
3519 3996 3677 4035 sacra

2103 4079 2253 4138 septa
2288 4086 2301 4121 :
2330 4069 2564 4137 dataque
2596 4073 2776 4139 regula
2804 4111 2820 4135 ,
2854 4086 2978 4124 cum
3018 4080 3128 4125 tres
3158 4072 3275 4126 dies
3298 4087 3401 4125 una
3434 4073 3681 4128 laboras-

2103 4167 2184 4209 set
2211 4166 2263 4209 et
2291 4172 2347 4211 se
2372 4156 2673 4222 afllixisset,
2697 4176 2819 4213 eum
2854 4161 3074 4227 invisit,
3108 4163 3288 4232 aitque
3316 4163 3389 4216 illi
3418 4181 3431 4217 :
3474 4182 3493 4214 ‹
3532 4163 3677 4230 Quo-

2104 4249 2261 4301 modo
2288 4250 2468 4311 babes,
2500 4251 2618 4302 fili?
2658 4270 2676 4302 ι
2706 4254 2775 4305 At
2808 4252 2897 4306 ille
2921 4254 2996 4306 ait
3031 4270 3043 4304 :
3080 4273 3097 4305 ι
3142 4252 3200 4308 In
3254 4270 3451 4324 magna
3507 4272 3626 4311 sum
3656 4296 3671 4320 ,

2104 4340 2321 4393 domine
2350 4349 2405 4393 et
2448 4356 2605 4395 serve
2650 4342 2770 4406 Dei,
2823 4345 3152 4399 necessitate
3186 4362 3198 4398 :
3229 4361 3332 4399 non
3369 4348 3512 4401 enim
3563 4348 3678 4404 fero

497 4436 670 4491 porro
719 4434 957 4491 nefando
1013 4434 1264 4505 conjugio
1304 4434 1585 4490 celeliralo
1612 4475 1627 4501 ,
1672 4434 2002 4504 impletaque
2033 4437 2079 4491 1)
2107 4429 2374 4485 clamores
2395 4444 2604 4495 eorum,
2635 4442 2689 4485 et
2722 4441 2959 4488 terrores
3010 4434 3328 4504 jaculaque,
3374 4446 3429 4491 et
3484 4438 3680 4494 missos

427 4529 695 4583 diabolica
721 4528 924 4594 fabula,
952 4543 1051 4583 nec
1084 4529 1251 4581 multo
1286 4527 1433 4598 lapso
1480 4536 1721 4597 tempore
1743 4567 1758 4592 ,
1810 4528 2001 4581 obser-

427 4622 683 4676 vantibus
717 4620 1042 4690 quibusdam
1072 4621 1468 4690 deprehensum
1504 4630 1611 4683 est,
1640 4620 1783 4688 quod
1818 4619 2006 4673 adole-

430 4726 589 4767 scens
632 4727 740 4766 non
781 4712 1159 4781 ingrederetur
1191 4710 1479 4766 ecclesiam
1504 4750 1520 4776 ,
1571 4725 1747 4779 neque
1777 4713 2005 4763 immor-

430 4803 555 4857 talia
584 4804 904 4873 vivificaque
933 4813 1275 4859 sacramenta
1314 4804 1607 4874 attingeret
1644 4821 1657 4856 :
1688 4804 2003 4872 dictumque

427 4904 513 4949 est
537 4895 859 4949 miseranda:
893 4897 1049 4949 uxori
1077 4895 1197 4965 ejus
1229 4914 1244 4950 :
1282 4914 1301 4947 ι
1342 4895 1570 4951 Noveris
1599 4896 1724 4964 quia
1775 4896 2004 4949 maritus

430 4995 553 5041 tuus
580 5025 598 5053 ,
632 5002 793 5056 quem
832 4986 1043 5056 elegisti
1071 5028 1085 5051 ,
1148 5004 1252 5041 non
1282 4997 1363 5041 est
1391 4988 1757 5053 Christianus,
1790 4989 1883 5041 sed
1909 5002 2008 5040 ex-

431 5086 655 5130 traneus
677 5091 707 5129 a
734 5075 838 5131 fide
876 5086 932 5131 et
968 5077 1185 5145 penitus
1210 5077 1444 5130 alienus.
1487 5096 1505 5128 ι
1530 5076 1629 5129 ~llla
1664 5076 1829 5145 igitur
1857 5085 2005 5129 tene-

433 5168 549 5221 bris
584 5177 639 5222 et
668 5168 851 5223 dolore
883 5168 1062 5237 plena,
1092 5169 1324 5238 jactavit
1381 5184 1441 5223 se
1486 5169 1541 5222 in
1596 5169 1961 5237 pavimentum
1989 5186 2005 5234 ;

431 5258 711 5327 coepitque
746 5259 983 5328 seipsam
1013 5260 1285 5328 unguibus
1314 5259 1540 5325 laniare,
1576 5269 1629 5313 et
1660 5262 1890 5313 tundere
1914 5274 2007 5328 pe-

432 5360 552 5403 ctus
578 5394 592 5417 ,
625 5360 790 5420 atque
826 5350 1064 5406 clamare
1104 5368 1117 5405 :
1165 5370 1184 5403 ‹
1234 5351 1405 5406 Nemo
1456 5368 1690 5421 unquam
1722 5393 1736 5417 ,
1770 5352 1859 5421 qui
1911 5351 2009 5419 pa-

435 5442 675 5495 rentibus
731 5443 1046 5500 inobediens
1078 5444 1198 5507 fuit,
1254 5444 1437 5497 salvus
1473 5443 1651 5498 factus
1702 5452 1805 5497 est.
1864 5443 2004 5507 Quid

432 5533 812 5599 exspectabam
865 5536 1112 5591 misera?
1156 5535 1288 5602 Quis
1317 5536 1455 5605 patri
1493 5550 1616 5590 meo
1657 5532 2005 5591 annuntiabit

507 5718 584 5788 (al
622 5717 783 5773 Marc.
818 5737 892 5785 Ix,
917 5721 1007 5775 ‘25.

2110 4520 2318 4588 lapides
2357 4536 2371 4572 :
2417 4533 2663 4575 tenentes
2692 4523 2834 4575 enim
2866 4540 3027 4578 manu
3055 4528 3269 4597 propria
3292 4526 3492 4583 editam
3518 4531 3679 4585 sche-

2109 4613 2231 4665 dam
2265 4652 2279 4678 ,
2331 4627 2543 4667 mecum
2593 4616 3181 4684 pugnant,dicentes:
3229 4618 3307 4672 Tu
3365 4621 3564 4676 venisti
3613 4622 3677 4676 ad

2108 4718 2240 4767 nos;
2274 4719 2377 4757 non
2403 4719 2498 4758 nos
2526 4705 2591 4758 ad
2628 4716 2697 4759 te.
2740 4725 2758 4758 ι
2787 4707 2876 4760 Ait
2898 4708 2972 4761 illi
2994 4719 3255 4765 sanctus:
3296 4728 3315 4762 ι
3353 4709 3432 4767 Ne
3465 4713 3679 4778 timeas,

2110 4795 2185 4849 fili
2216 4814 2229 4849 :
2264 4806 2472 4849 tantum
2504 4797 2699 4860 crede;
2726 4807 2779 4852 et
2807 4801 2927 4853 data
2948 4802 2997 4854 ei
3022 4816 3145 4855 esca
3170 4803 3406 4869 modica,
3436 4804 3683 4876 factoque

2110 4903 2330 4941 rursum
2381 4905 2546 4958 super
2589 4905 2710 4944 eum
2740 4891 2945 4947 Christi
3000 4895 3276 4965 signaculo
3305 4907 3360 4952 et
3408 4900 3682 4963 oratione,

2114 4980 2336 5034 inclusit
2371 4982 2571 5036 denuo.
2614 5002 2632 5034 ι
2665 4983 2795 5038 Post
2834 5002 3037 5054 paucos
3095 5004 3226 5043 vero
3273 4990 3387 5043 dies
3445 4990 3686 5045 visitavit

2116 5072 2319 5125 etdixit
2343 5089 2356 5125 :
2380 5091 2397 5123 ι
2422 5072 2701 5138 Quomodo
2723 5077 2906 5141 babes,
2940 5079 3075 5132 fili?»
3101 5081 3221 5133 A’it:
3247 5098 3264 5131 ι
3290 5080 3449 5135 Pater
3474 5092 3681 5150 sancte,

2113 5178 2143 5215 a
2172 5162 2331 5233 longe
2360 5164 2632 5222 clamores
2664 5166 2875 5222 illorum
2902 5179 2955 5223 et
2986 5172 3162 5227 minas
3184 5173 3343 5227 audio
3372 5191 3386 5228 :
3420 5188 3546 5227 nam
3576 5189 3683 5230 non

2114 5255 2271 5309 video
2296 5270 2409 5311 eos.
2444 5277 2463 5310 ι
2502 5258 2571 5312 Et
2606 5276 2816 5325 rursus,
2853 5261 2982 5316 dato
3013 5264 3063 5317 ei
3097 5264 3218 5317 cibo
3247 5272 3302 5317 et
3344 5263 3478 5317 fusis
3506 5266 3686 5334 preci-

2118 5350 2257 5413 bus,
2295 5348 2491 5405 clausit
2550 5353 2749 5405 ostium
2777 5392 2792 5418 ,
2839 5362 2893 5407 et
2932 5354 3199 5408 discessit.
3260 5354 3688 5426 Quadragesimo

2116 5440 2331 5493 demum
2361 5441 2447 5495 die
2470 5456 2593 5495 eum
2625 5444 2839 5511 adiens,
2868 5446 2943 5499 ait
2968 5444 3045 5499 illi
3082 5463 3095 5499 :
3127 5463 3147 5497 ι
3192 5446 3472 5512 Quomodo
3496 5448 3684 5516 haben,

2117 5529 2327 5587 frater?
2372 5551 2391 5585 ι
2424 5533 2726 5605 Respondit
2758 5537 2847 5594 ille
2882 5553 2892 5588 :
2934 5555 2953 5591 ι
2978 5536 3147 5609 Bene,
3184 5550 3373 5596 sancte
3403 5539 3500 5597 Dei
3519 5541 3687 5620 _:-virll
