4076 6226
802 300 1173 357 EXCERPTA
1212 302 1303 357 EX
1342 302 1548 360 ACTIS
1589 302 1645 357 S.
1690 299 1933 356 BASlLll
1974 296 2503 354 BOLLANDIANIS.
2562 327 2630 335 -—
2659 296 2818 349 VITA
2858 299 3297 357 APOCBYPHA.

3527 318 3684 360 CCCI!

418 417 563 475 enim
617 426 671 473 te
716 418 878 475 hodie
928 420 979 473 in
1036 421 1242 474 somnis
1296 433 1623 492 pugnantem
1657 437 1752 491 pro
1785 438 1900 487 me,
1947 431 2001 472 et
2032 428 2070 478 Α
2105 433 2225 471 nem
2282 428 2596 472 sanctorum
2653 416 2851 470 Christi
2889 418 3149 473 donorum
3203 418 3448 473 indulsit.
3510 417 3678 475 Facto

422 512 725 564 vincentem
785 511 1076 564 diabolmn.
1120 530 1137 562 ι
1186 510 1301 566 Mox
1363 528 1490 581 ergo
1516 553 1531 576 ,
1571 513 1709 565 facta
1745 515 1809 565 de
1842 529 1993 566 inure

420 607 669 658 oratione
688 640 704 671 ,
732 606 917 660 eduxit
950 606 1125 672 illum,
1149 617 1203 661 et
1232 609 1385 663 duxit
1407 609 1783 663 incuhiculum
1810 625 1994 664 suum.

422 697 575 750 Mane
598 706 776 750 autem
810 697 973 761 facto,
1005 699 1093 751 ubi
1131 710 1486 755 convocasset
1510 711 1620 755 tum
1661 711 1906 754 sanctum
1944 712 1999 754 et

424 787 782 842 venerabilem
817 788 1043 853 clermn,
1071 798 1180 842 Imn
1208 791 1535 845 monasteria
1572 791 1994 861 universumque

421 878 623 932 Christi
657 890 929 933 amantem
981 883 1234 950 populum
1262 925 1277 947 ,
1308 882 1445 937 dixit
1485 883 1630 937 illis:
1670 901 1688 935 t
1724 877 1843 937 Filii
1892 885 1992 936 inci

420 973 624 1040 dilerti,
665 987 889 1041 agamus
919 988 1108 1027 omnes
1139 974 1344 1043 gratias
1373 974 1599 1028 Domino
1629 990 1643 1027 :
1674 988 1801 1029 ecce
1846 976 1988 1028 enim

419 1075 574 1116 orem
600 1064 862 1132 perditam
897 1063 1087 1118 Pastor
1138 1066 1337 1132 bonus,
1385 1065 1690 1134 impositam
1754 1066 1998 1119 humeris

422 1158 747 1211 reducturus
771 1165 854 1209 est
878 1157 944 1209 ad
977 1156 1302 1210 Ecclesium.
1334 1156 1399 1210 Et
1423 1172 1521 1211 nos
1545 1166 1758 1226 Oportet
1816 1158 1992 1225 pervi-

422 1254 582 1318 gilt'ln
614 1252 811 1305 ducere
840 1262 1075 1318 noctem,
1115 1262 1165 1304 et
1214 1253 1490 1323 deprecari
1521 1253 1639 1320 ejus
1670 1253 1996 1318 bonitatem,

423 1351 479 1395 ut
540 1356 605 1395 ne
672 1341 849 1395 vincat
914 1342 1005 1395 ille
1079 1342 1381 1397 animarmn
1449 1354 1759 1413 corruptor.
1807 1364 1825 1396 ι
1887 1344 2001 1397 lloc

421 1441 598 1487 autem
648 1432 812 1497 facto,
870 1442 1219 1503 prompteque
1268 1443 1321 1488 et
1375 1434 1626 1489 alacriter
1675 1446 2000 1506 congregato

422 1522 651 1592 populo,
708 1531 873 1577 totam
929 1534 1175 1586 noctein,
1240 1539 1343 1577 una
1389 1540 1509 1578 cum
1556 1526 1696 1578 bono
1740 1537 1955 1595 pastore
1983 1566 1997 1588 ,

424 1608 587 1667 Deum
632 1615 1019 1681 deprecantur;
1069 1614 1368 1669 clamantes
1411 1630 1508 1683 pro
1554 1630 1617 1670 eo
1668 1634 1787 1669 cum
1824 1617 1999 1686 lac-ry-

424 1706 566 1758 mis:
617 1704 865 1769 Domine,
927 1704 1203 1758 miserere.
1256 1704 1430 1767 Atque
1499 1705 1731 1759 diluculo
1777 1706 1997 1759 collecta

2107 521 2234 561 vero
2262 508 2344 559 vir
2382 516 2605 559 sanctus
2635 520 2829 574 magno
2863 507 3135 571 convivio,
3172 507 3483 561 universum
3520 508 3679 563 Chri-

2104 602 2171 655 sti
2198 611 2470 652 amantem
2516 599 2768 667 populum
2801 600 3039 655 olllciose
3075 602 3261 655 habuit
3291 614 3344 655 et
3369 602 3524 656 l‘ovit.
3569 602 3679 657 Du-

2102 702 2192 746 cto
2221 702 2403 745 autem
2430 691 2799 754 adolescente,
2848 703 2902 746 et
2936 694 3223 755 instructo,
3260 710 3323 749 ac
3359 694 3408 747 ci
3438 709 3681 765 congrua

2105 785 2231 837 data
2284 783 2467 853 regula
2496 824 2510 847 ,
2546 783 2781 837 reddidit
2831 785 2987 838 uxori
3018 815 3031 849 ,
3072 786 3443 840 indesinenter
3472 784 3678 855 gloriﬁ-

2106 887 2319 930 cantem
2352 887 2404 929 et
2430 876 2837 929 hencdicentem
2873 876 3063 930 Deum.

2175 966 2349 1020 Etiam
2382 982 2512 1021 vero
2551 967 2679 1021 tnihi
2713 968 2815 1021 hoc
2845 968 3087 1020 narravit
3128 968 3390 1035 praal'atus
3419 972 3672 1043 egregius

2104 1059 2187 1113 vir
2220 1058 2513 1113 llclladius.
2550 1060 2645 1112 Die
2675 1059 2908 1128 quadam
2939 1068 3163 1113 sanctus
3187 1060 3348 1115 Pater
3415 1076 3601 1117 noster
3624 1070 3676 1117 et

2105 1166 2331 1221 magnus
2355 1150 2607 1216 Basilius,
2646 1152 2915 1204 illustrato
2954 1151 3149 1204 mentis
3184 1152 3362 1217 oculo,
3397 1153 3676 1221 profectus

2103 1242 2170 1294 de
2200 1240 2441 1306 civitate,
2485 1242 2689 1295 nemini
2721 1243 2907 1295 dicens
2931 1256 3037 1310 quo
3060 1252 3209 1296 esset
3234 1244 3412 1298 iturus
3447 1263 3461 1298 :
3494 1247 3677 1314 prior-

2103 1348 2207 1400 que
2238 1334 2351 1402 ipse
2387 1348 2660 1401 egressus,
2713 1344 2769 1387 et
2803 1350 2901 1388 nos
2930 1349 3120 1388 omnes
3169 1334 3504 1402 praecedens,
3540 1337 3680 1391 dixit

2103 1425 2260 1479 nobis
2294 1442 2307 1478 :
2352 1444 2369 1476 ι
2415 1425 2535 1479 Filii
2569 1427 2695 1490 mei,
2717 1426 3008 1496 sequimini
3035 1441 3144 1492 me,
3174 1438 3462 1482 utmecum
3495 1430 3679 1484 videa-

2105 1518 2175 1570 tis
2228 1518 2319 1570 Dei
2351 1515 2577 1587 gloriam
2611 1541 2620 1571 ;
2651 1532 2831 1588 exque
2860 1518 3149 1588 discipulis
3175 1521 3511 1575 admiremur
3566 1539 3682 1577 ma-

2108 1610 2353 1677 gistrum.
2386 1628 2404 1660 ι
2436 1608 2553 1662 Mox
2587 1625 2715 1679 ergo
2748 1618 2805 1663 ut
2834 1613 3138 1667 communis
3178 1611 3341 1666 Pater
3373 1628 3557 1669 nOSIer
3613 1617 3680 1669 de

2106 1711 2289 1791 nostra
2349 1701 2567 1755 civitate
2615 1703 2886 1770 prolicisci
2941 1703 3146 1772 cmpit,
3200 1707 3419 1775 agnovit
3479 1708 3679 1762 virtute

420 1815 541 1853 cum
595 1797 711 1867 ipso
772 1798 1022 1850 universa
1075 1796 1256 1866 pepuli
1315 1797 1658 1852 multitudine
1694 1840 1707 1861 ,
1773 1800 1996 1851 assumit
2034 1794 2432 1856 “sanctissimi
2474 1793 2730 1862 Spiritus,
2772 1796 3092 1848 Anastasius
3138 1798 3421 1866 presbyter
3442 1798 3590 1870 (5]);
3627 1811 3681 1853 et

420 1906 544 1945 eum
614 1900 838 1945 sanctus
892 1904 903 1939 :
952 1897 1247 1957 teneasque
1291 1888 1612 1953 dexteram,
1665 1905 1786 1942 cum
1845 1889 1991 1958 psal~

425 1982 527 2038 mis
595 1991 649 2038 et
699 1981 911 2052 hymnis
974 1981 1203 2036 ducebat
1265 1981 1332 2037 ad
1389 1991 1633 2037 sanctam
1671 1981 1763 2036 Dei
1818 1982 1993 2036 eccle-

424 2073 580 2127 siam.
1608 2124 1615 2141 κ

493 2168 632 2222 Ecce
655 2184 784 2223 vero
811 2168 1077 2233 diabolus,
1104 2166 1194 2234 qui
1250 2181 1465 2235 semper
1494 2163 1721 2230 invidet,
1760 2182 1857 2220 nec
1918 2168 1995 2220 vi-

421 2269 529 2312 tam
560 2270 797 2314 nostram
825 2276 854 2313 a
887 2260 1104 2314 tristitia
1145 2259 1371 2312 liberam
1400 2259 1656 2321 sustinet,
1698 2272 1820 2311 cum
1885 2265 1995 2311 tota

418 2351 645 2404 exitiosa
681 2351 879 2404 virtute
915 2366 1009 2404 sua
1044 2350 1232 2413 adest;
1265 2349 1831 2417 comprehensumque
1858 2348 1996 2400 invi-

419 2442 560 2497 sibili
591 2443 822 2512 quadam
850 2443 1062 2497 ratione
1084 2456 1309 2510 puerum
1337 2440 1506 2494 voluit
1528 2455 1719 2510 rapere
1745 2440 1811 2493 de
1836 2455 1994 2493 manu

420 2534 587 2587 sancti
622 2552 635 2587 :
662 2534 936 2604 cmpitqne
965 2549 1099 2604 puer
1132 2534 1405 2588 clamare:
1442 2552 1458 2583 ι
1494 2531 1663 2588 Serve
1695 2530 1815 2596 Dei,
1839 2534 1997 2599 adju-

422 2639 481 2675 va
516 2638 619 2679 me.
655 2643 673 2675 ι
700 2623 871 2679 Porro
912 2624 965 2678 in
1004 2633 1209 2678 tantum
1244 2624 1510 2692 processit
1540 2624 1824 2693 impudens
1860 2623 1999 2691 reni-

423 2717 615 2779 tentia,
645 2725 704 2768 ut
731 2716 908 2784 ipsum
952 2716 1190 2770 divinum
1223 2714 1482 2770 Basiliam
1530 2731 1635 2769 una
1690 2715 1998 2785 impelleret

418 2818 474 2860 et
513 2817 919 2877 contorqueret.
952 2807 1260 2863 Conversus
1295 2808 1478 2878 itaque
1506 2816 1728 2863 sanctus
1765 2808 1831 2860 ad
1881 2808 1996 2861 dia-

418 2897 598 2951 bolum
625 2938 638 2959 ,
678 2898 787 2952 ait:
820 2914 840 2948 ι
878 2896 1348 2966 lmpudentissime
1399 2907 1453 2952 et
1496 2898 1800 2951 animarum
1858 2898 1993 2965 lues,

418 2999 572 3058 pater
604 2989 949 3043 tenebrarum
997 2998 1051 3042 et
1100 2989 1425 3057 perditionis
1453 3024 1467 3054 ,
1498 3004 1605 3043 non
1642 2988 1736 3042 tibi
1770 2988 1992 3053 sumcit,

417 3096 581 3151 quant
621 3081 716 3134 tibi
748 3080 863 3148 ipse
897 3080 1103 3149 tibique
1134 3078 1399 3147 subjectis
1448 3079 1813 3148 acquisivisti,
1869 3094 1992 3147 per—

416 3176 551 3228 ditio
580 3174 850 3227 tuainon
877 3187 1056 3227 cessas
1091 3176 1256 3225 etiam
1312 3171 1407 3225 Dei
1457 3172 1714 3242 ﬁgmento
1767 3172 1994 3227 infestus

416 3280 535 3318 esse
566 3264 588 3317 ?
624 3283 642 3314 ι
683 3263 935 3319 Diabolus
973 3280 1100 3318 vero
1126 3264 1267 3318 dixit
1308 3264 1374 3319 ad
1399 3279 1522 3318 eum
1559 3278 1575 3317 :
1612 3282 1629 3313 ι
1668 3263 1797 3318 Mihi
1856 3264 1992 3320 facis

419 3357 696 3423 injuriam,
737 3354 899 3409 Basili
933 3373 946 3408 :
982 3374 999 3406 ι
1041 3359 1111 3409 ita
1168 3356 1346 3427 plane,
1407 3364 1464 3410 ut
1489 3356 1643 3410 multi
1679 3370 1839 3411 voces
1878 3357 1994 3426 ejus

417 3448 681 3501 audirent.
736 3450 807 3501 At
859 3458 1078 3501 sanctus
1124 3447 1216 3501 Dei
1257 3447 1323 3502 ad
1374 3447 1547 3517 ipsum
1599 3464 1613 3500 :
1677 3464 1697 3497 ι
1746 3448 1993 3517 Increpat

419 3551 468 3593 te
503 3542 782 3604 Dominus,
830 3541 1061 3592 diabole.
1099 3558 1117 3591 ι
1151 3539 1245 3594 llle
1288 3554 1417 3593 vero
1476 3540 1542 3593 ad
1572 3554 1694 3594 eum
1729 3557 1742 3593 :
1776 3558 1794 3591 ι
1859 3539 1988 3593 Mihi

414 3630 551 3685 facis
581 3630 859 3699 injuriam,
894 3628 1056 3684 Basili
1091 3647 1104 3683 :
1131 3645 1236 3684 non
1269 3644 1369 3699 ego
1405 3630 1471 3683 ad
1505 3631 1678 3698 ipsum
1705 3630 1813 3686 abii
1844 3671 1859 3697 ,
1890 3634 1988 3685 sed

416 3723 530 3790 ipse
561 3723 628 3777 ad
655 3737 757 3776 me.
808 3721 1219 3776 Abrenuntiavit
1262 3721 1483 3777 Christo
1513 3737 1632 3788 suo,
1667 3737 1987 3792 mecumque

414 3814 535 3866 iniit
573 3813 784 3877 itedus;
813 3822 866 3865 et
898 3826 1024 3866 ecce
1070 3812 1187 3880 ejus
1228 3814 1556 3882 scripturam
1594 3829 1704 3883 pra:
1735 3815 1983 3869 manibus

417 3906 609 3973 habeo,
640 3904 917 3960 delaturos
944 3906 995 3958 in
1026 3906 1111 3959 die
1133 3906 1323 3975 judicii
1355 3921 1541 3961 coram
1587 3908 1862 3986 communi
1893 3908 1982 3975 ju-

412 3999 552 4051 dice.
590 4017 610 4050 ι
654 3999 893 4053 Sanctus
919 4007 1099 4052 autem
1124 3998 1337 4053 Domini
1373 3999 1511 4054 dixit
1547 4016 1561 4053 :
1598 4018 1616 4051 ι
1654 3997 1982 4057 Benedictus

415 4089 673 4145 Dominus
700 4091 840 4147 Deus
864 4108 1016 4146 mens
1050 4110 1064 4146 :
1091 4106 1195 4147 non
1221 4093 1448 4161 deponet
1473 4092 1706 4162 populus
1728 4094 1828 4148 iste
1855 4110 1974 4148 ina-

413 4199 513 4237 nus
538 4184 604 4238 de
626 4185 841 4239 excelso
866 4185 1008 4243 coeli,
1042 4184 1213 4239 donec
1240 4185 1566 4256 scripturam
1608 4185 1821 4240 reddas.
1859 4204 1877 4237 ιι
1910 4185 1975 4239 Ει

412 4287 706 4327 conversus
734 4273 869 4327 dixit
901 4274 1040 4342 plebi
1068 4290 1082 4326 :
1120 4292 1140 4324 ι
1172 4272 1367 4329 Tollite
1392 4289 1582 4330 omnes
1614 4285 1821 4330 vestras
1861 4292 1981 4329 ma-

410 4381 511 4419 nus
538 4366 589 4417 in
620 4365 918 4425 excelsum,
942 4365 1235 4419 clamantes
1257 4381 1377 4419 cum
1398 4366 1650 4435 lacrymis
1674 4387 1685 4421 :
1718 4367 1966 4432 Domine,

409 4457 684 4511 miserere.
710 4475 729 4509 ι
755 4457 996 4528 Cumque
1024 4457 1252 4529 populus
1280 4468 1447 4512 staret
1481 4462 1546 4511 ad
1583 4460 1799 4527 longum
1833 4470 1968 4514 tem-

407 4567 506 4618 pus
561 4550 801 4605 extensis
847 4550 1093 4605 manibus
1145 4551 1198 4605 in
1242 4552 1436 4604 cmlum
1466 4591 1479 4612 ,
1530 4565 1657 4605 ecce
1705 4553 1961 4619 scriptum

408 4641 793 4705 adolescentis,
833 4642 885 4695 in
933 4656 1060 4696 aere
1094 4643 1457 4710 deportatum,
1498 4653 1660 4713 taque
1701 4642 1753 4695 in
1788 4644 1971 4698 eximii

406 4734 638 4801 pastoris
666 4732 841 4786 nostri
896 4748 1086 4785 manus
1135 4733 1651 4801 depositumnvenit.
1698 4733 1967 4804 Suscepto

406 4836 584 4879 autem
616 4825 726 4889 illo,
756 4826 956 4892 gratias
985 4840 1150 4894 agens
1177 4826 1303 4887 Deo,
1338 4826 1828 4895 vehementiusque
1869 4841 1964 4895 ga-

406 4919 552 4972 visus
571 4933 693 4972 cum
726 4918 921 4986 populo
948 4919 1219 4983 universo,
1253 4918 1387 4971 dixit
1420 4918 1485 4971 ad
1516 4917 1916 4973 adolescentem
1948 4936 1960 4969 :

409 5010 758 5079 «Cognoscis,
791 5010 977 5069 frater.
1000 5009 1273 5063 libellum?
1302 5029 1319 5061 ι
1356 5010 1447 5064 Ille
1474 5024 1602 5063 vero
1634 5009 1700 5063 ad
1736 5011 1913 5078 ipsum
1948 5027 1959 5060 :

409 5119 427 5151 ι
471 5101 668 5166 Etiam,
694 5112 880 5156 sancte
915 5101 1006 5154 Dei
1042 5118 1057 5153 :
1083 5116 1273 5155 manus
1303 5102 1534 5169 propria:
1561 5101 1788 5169 scriptio
1807 5110 1909 5155 est.
1939 5119 1959 5152 ι

404 5190 572 5245 Porro
600 5191 843 5259 disrupta
882 5191 1148 5259 scriptura
1179 5190 1392 5244 induxit
1433 5190 1485 5243 in
1515 5190 1842 5255 ecclesiam,
1871 5191 1968 5243 ad-

404 5283 679 5351 missoque
708 5284 773 5336 ad
804 5296 1019 5335 sacrum
1058 5283 1239 5336 missae
1269 5281 1620 5347 sacrilicium,
1651 5282 1974 5349 perceptio—

473 5395 580 5465 [51)
640 5394 887 5450 Historia:
932 5396 1089 5463 hujus
1143 5398 1493 5466 imposturam
1542 5414 1645 5449 non
1689 5396 1956 5449 immerito

403 5466 641 5532 patelieri
699 5476 950 5535 putamus
997 5485 1061 5521 ex
1098 5483 1184 5532 eo,
1214 5471 1355 5535 quod
1406 5468 1585 5520 oumia
1615 5506 1631 5531 ,
1660 5468 1812 5535 quasi
1862 5484 1957 5535 per

402 5539 518 5602 pios
543 5536 715 5600 dolos,
741 5547 799 5589 ut
830 5539 1053 5591 comicis
1080 5554 1195 5592 mus
1232 5548 1334 5601 est,
1368 5537 1635 5602 descripta
1659 5539 1802 5601 sint;
1836 5554 1954 5604 quse

401 5622 428 5656 ιι
470 5608 735 5677 gravitate
774 5606 953 5661 Basilii
1017 5611 1068 5661 in
1098 5609 1328 5677 agendo,
1356 5617 1412 5660 et
1462 5606 1689 5677 lielladii
1726 5610 1776 5660 iu
1811 5608 1947 5661 scri-

396 5677 576 5728 bendo
599 5676 908 5731 abhorrent.
947 5677 1086 5744 Quin
1113 5676 1153 5742 ,7
1177 5677 1426 5731 ostendat
1457 5676 1814 5731 Combelisius
1848 5715 1865 5741 ,
1909 5680 1953 5730 si

401 5747 591 5811 possit,
627 5751 895 5815 quomodo
921 5750 1238 5802 Anastasius
1268 5749 1570 5817 presbyter,
1599 5758 1706 5799 tam
1736 5759 1956 5801 sanctus

400 5826 453 5868 et
502 5818 609 5872 Deo
668 5820 880 5886 plenus,
932 5820 1104 5886 possit
1161 5819 1408 5872 excusari
1469 5818 1782 5884 mendacio;
1834 5835 1954 5873 cum

682 5914 988 5976 .PATROL.
1035 5914 1152 5977 Gn.
1194 5912 1434 5975 XXIX.

2103 1883 2237 1935 dixit
2270 1899 2402 1947 sum,
2431 1885 2585 1938 uxori
2621 1886 2838 1954 quidem
2866 1887 3105 1955 nomine,
3133 1905 3229 1941 usu
3254 1900 3432 1944 autem
3457 1894 3632 1946 sorori
3662 1911 3676 1947 :

2108 1993 2125 2024 ι
2162 1975 2273 2042 Ego
2318 1976 2456 2028 vado
2490 1976 2556 2029 ad
2608 1976 2876 2030 culturam
2917 1979 3067 2047 agri,
3118 1980 3332 2034 domina
3383 1982 3454 2036 mi
3497 1999 3679 2049 soror,

2101 2068 2193 2118 sed
2231 2081 2391 2134 surge
2441 2075 2495 2120 et
2546 2084 2680 2121 orna
2718 2070 2935 2123 domum
2970 2079 3154 2135 tuam;
3196 2083 3248 2127 et
3289 2075 3432 2128 circa
3479 2091 3678 2131 nonam

2102 2169 2323 2223 accepto
2348 2160 2624 2214 thuribulo
2661 2172 2717 2214 et
2745 2164 2940 2227 cereis,
2973 2179 3199 2217 occurre
3232 2166 3343 2220 sola
3382 2167 3440 2223 S.
3478 2166 3679 2223 Basilio

2104 2248 2514 2320 archiepiscopo
2536 2272 2549 2306 :
2570 2253 2716 2305 venit
2741 2254 2907 2320 enim,
2926 2266 2979 2306 ut
2999 2255 3050 2306 in
3071 2269 3308 2310 nostram
3328 2271 3678 2327 peccatorum

2103 2341 2318 2394 domum
2353 2344 2604 2397 divertat.
2638 2363 2657 2397 ι
2692 2344 2785 2398 Illa
2819 2356 3061 2402 tremens
3090 2364 3253 2418 super
3286 2353 3557 2406 sermonis
3584 2369 3681 2405 no-

2104 2435 2290 2498 \‘itate,
2327 2436 2454 2489 fecit
2479 2438 2622 2504 quod
2652 2438 2810 2492 docta
2872 2450 3007 2493 erat.
3042 2440 3169 2493 Erat
3202 2458 3361 2510 porro
3393 2445 3506 2499 haec
3528 2446 3680 2514 virgo

2102 2526 2327 2581 honeste
2350 2539 2567 2582 versata
2598 2547 2611 2583 :
2646 2545 2770 2583 nam
2802 2545 2924 2585 cum
2976 2547 3147 2588 annos
3180 2536 3541 2606 quadraginta
3584 2554 3681 2592 ex-

2100 2618 2300 2688 egisset
2350 2620 2403 2673 in
2442 2620 2533 2674 illo
2574 2620 2871 2691 conjugio.
2910 2625 3341 2693 mystcriumque
3376 2640 3678 2696 servasset,

2100 2713 2152 2765 in
2190 2713 2446 2782 opinione
2492 2715 2771 2767 h0minuut
2805 2716 3009 2769 sterilis
3038 2731 3177 2771 erat.
3208 2719 3341 2773 Cum
3378 2732 3559 2776 autem
3586 2724 3678 2777 de-

2098 2804 2209 2857 bita
2268 2805 2526 2859 modestia
2600 2806 2759 2860 nobis
2816 2809 3029 2861 obviam
3092 2812 3489 2880 processisset,
3551 2830 3678 2869 con-

2099 2910 2396 2964 gruamque
2431 2897 2807 2951 adorationem
2866 2892 3233 2965 impertisset;
3277 2903 3509 2970 primum
3549 2907 3674 2974 qui-

2068 2989 2219 3041 dem
2256 2988 2598 3042 benedicitur
2631 3005 2659 3042 a
2710 3002 2904 3044 sancto
2949 2990 3109 3046 Patre
3154 3004 3371 3060 nostro,
3413 3005 3521 3049 tum
3550 3013 3676 3052 vero

2097 3080 2171 3130 ait
2211 3078 2282 3130 illi
2306 3095 2327 3155 εκ
2360 3097 2377 3128 ι
2404 3078 2686 3143 Quomodo
2718 3082 2909 3144 habes,
2944 3083 3161 3137 domina
3191 3083 3508 3155 Theognia?
3534 3107 3550 3138 ι
3584 3087 3677 3142 illa

2023 3159 2063 3213 C
2106 3178 2331 3236 stupens
2360 3186 2425 3222 ex
2472 3171 2707 3225 nominis
2740 3174 3120 3243 appellatione,
3147 3178 3211 3228 ad
3245 3192 3411 3232 eum:
3454 3199 3472 3231 ι
3511 3180 3675 3247 Bene,

2101 3270 2286 3313 sancte
2318 3262 2431 3315 Dei.
2475 3282 2492 3313 ι
2534 3262 2675 3317 Dicit
2705 3264 2777 3318 illi
2802 3278 3024 3321 sanctus
3062 3270 3221 3322 Pater
3252 3281 3435 3325 uoster
3464 3290 3476 3302 ·
3517 3291 3537 3323 ‹
3576 3272 3676 3327 Ubi

2099 3362 2185 3407 est
2226 3354 2475 3408 dominus
2521 3356 2849 3411 Athanasius
2887 3360 3189 3431 presbyter,
3237 3361 3404 3417 frater
3454 3365 3623 3418 tuus?
3652 3384 3671 3416 ι

2102 3444 2244 3500 Dicit
2298 3446 2372 3500 illi
2406 3465 2419 3501 :
2469 3467 2485 3497 ι
2520 3447 2748 3502 Maritus
2772 3463 2920 3504 meus
2960 3461 3067 3516 est,
3108 3452 3343 3521 domine,
3381 3465 3435 3510 et
3478 3456 3573 3510 ivit
3607 3458 3676 3511 ad

2100 3537 2379 3592 colendam
2436 3550 2654 3594 terram.
2700 3558 2718 3591 ι
2776 3542 2845 3593 At
2898 3542 2989 3597 ille
3027 3562 3039 3596 :
3077 3562 3095 3594 ι
3136 3541 3193 3597 In
3225 3544 3387 3600 domo
3442 3556 3532 3602 tua
3565 3560 3668 3611 est,

2100 3644 2272 3699 neque
2298 3631 2560 3701 fatigeris.
2603 3649 2621 3682 ι
2657 3630 2917 3687 Perculsa
2956 3635 3123 3704 igitur
3176 3637 3374 3691 mulier
3419 3638 3470 3691 in
3506 3642 3675 3694 verbo

2105 3722 2243 3785 isto,
2275 3737 2378 3776 non
2410 3733 2614 3776 tantum
2644 3723 2788 3792 quod
2820 3739 2884 3777 ex
2922 3726 3139 3779 nomine
3181 3726 3543 3795 appellasset,
3577 3731 3671 3783 sed

2097 3811 2260 3864 etiam
2324 3815 2469 3881 quod
2533 3829 2753 3867 uxorem
2788 3814 3009 3883 quidem
3060 3816 3278 3870 nomine
3301 3856 3316 3882 ,
3354 3830 3453 3871 usu
3487 3826 3670 3871 autem

2097 3916 2359 3969 sororem,
2388 3903 2498 3957 Deo
2526 3903 2739 3957 alllatus
2763 3904 2925 3958 Pater
2980 3915 3165 3958 noster
3206 3906 3475 3973 dixisset;
3508 3908 3672 3963 vehe-

2096 3995 2373 4061 mentique
2406 3996 2766 4050 admiratione
2801 3998 3069 4061 attonita,
3128 4013 3191 4051 ac
3246 3999 3441 4053 timore
3494 4009 3667 4066 tenta,

2095 4089 2289 4140 cecidit
2334 4090 2385 4141 in
2439 4102 2678 4155 terram,
2735 4090 2975 4144 clamans
3029 4103 3082 4144 ct
3121 4095 3304 4148 dicens
3343 4110 3356 4145 :
3396 4109 3415 4143 ι
3471 4093 3670 4149 Sancte

2096 4180 2209 4243 Dei,
2260 4194 2352 4233 ora
2408 4194 2505 4249 pro
2540 4196 2625 4234 me
2676 4184 3016 4250 peccatrice,
3053 4185 3177 4251 quia
3213 4199 3298 4238 res
3332 4200 3552 4254 magnas
3612 4200 3667 4241 et

2094 4270 2442 4325 admirandas
2480 4271 2530 4324 in
2565 4282 2614 4325 te
2647 4283 2928 4328 contueor.
2955 4291 2973 4325 ι
3016 4272 3151 4327 Τιιιιι
3180 4273 3287 4341 ille,
3332 4274 3468 4330 fusis
3502 4292 3669 4347 super

2094 4363 2236 4416 illaut
2295 4365 2566 4432 precibus,
2621 4366 2828 4433 primus
2883 4366 3011 4420 ibat.
3056 4367 3415 4423 Venientibus
3473 4381 3657 4423 autem

2094 4456 2249 4510 nobis
2282 4456 2335 4509 iu
2372 4456 2588 4510 domum
2623 4459 2925 4527 presbyteri
2952 4500 2966 4523 ,
2998 4464 3164 4516 etiam
3196 4462 3313 4530 ipse
3339 4461 3552 4514 obviam
3578 4464 3662 4518 fa-

2090 4558 2244 4611 ctus;
2296 4548 2642 4602 honorabiles
2692 4551 2794 4603 viri
2851 4551 3013 4620 pedes
3045 4554 3391 4607 deosculatur
3432 4565 3530 4608 :at
3571 4555 3661 4610 ille

2090 4641 2137 4693 ei
2163 4640 2212 4692 in
2250 4639 2476 4694 Domino
2499 4640 2743 4694 osculum
2768 4642 3044 4696 dedit.Ait
3083 4660 3210 4699 vero
3236 4645 3308 4698 illi
3341 4648 3655 4717 presbyter:

2093 4754 2109 4784 ι
2141 4733 2290 4787 Unde
2317 4735 2417 4787 hoc
2446 4735 2598 4797 mihi,
2633 4745 2689 4787 ut
2724 4738 2932 4790 venerit
2959 4747 3179 4793 sanctus
3208 4738 3419 4794 Domini
3446 4742 3551 4794 mei
3594 4744 3662 4796 ad

2088 4826 2216 4880 me?
2254 4845 2273 4878 ι
2314 4824 2476 4879 Pater
2517 4836 2695 4882 autem
2739 4839 2925 4883 noster
2970 4830 3043 4881 ait
3088 4830 3160 4883 illi
3194 4850 3207 4885 :
3241 4848 3260 4883 ι
3300 4831 3442 4887 Bene
3484 4843 3537 4887 te
3570 4832 3656 4886 iu-

2086 4920 2228 4981 veni,
2260 4917 2462 4972 Christi
2504 4921 2804 4991 discipule:
2841 4937 3028 4975 eamus
3059 4962 3074 4985 ,
3102 4935 3156 4977 et
3188 4940 3299 4978 rem
3340 4940 3553 4979 sacram
3583 4926 3661 4979 fa-

2084 5010 2311 5065 ciamus.
2350 5028 2370 5062 ι
2426 5013 2557 5067 Erat
2582 5014 2726 5068 enim
2762 5015 2877 5085 ipse
2924 5019 3211 5085 presbyter
3241 5016 3483 5085 quotidie
3507 5014 3656 5085 jeju-

2085 5116 2243 5167 nans,
2297 5114 2352 5157 et
2381 5107 2767 5174 (praeterquam
2824 5104 3066 5160 Sabban
3099 5116 3153 5161 et
3202 5106 3290 5161 die
3344 5105 3652 5175 Dominica)

2085 5195 2216 5247 nihil
2239 5197 2558 5267 contingens
2595 5200 2697 5253 nisi
2727 5214 2918 5267 panem
2956 5209 3252 5269 etaquam.

2152 5286 2392 5356 Curaque
2431 5292 2861 5358 perrexissemus
2896 5291 2959 5380 ἰιι
3018 5300 3267 5347 sanctam
3328 5290 3425 5346 Dei
3485 5289 3659 5345 eccle-

2081 5414 2242 5473 supra
2287 5412 2536 5455 narratur
2585 5403 2788 5457 dixisse
2834 5405 2990 5458 uxori
3044 5420 3155 5459 suae
3196 5421 3208 5457 :
3243 5404 3357 5473 Ego
3405 5405 3541 5457 vado
3586 5404 3660 5456 ad

2080 5471 2340 5524 culturam
2366 5473 2503 5541 agri,
2532 5480 2586 5526 et
2619 5483 2799 5527 tamen
2832 5475 3008 5528 inscia
3056 5474 3145 5529 illa
3174 5471 3319 5528 domi
3354 5474 3657 5539 manserit;

2081 5542 2168 5593 ubi
2207 5542 2364 5609 paulo
2422 5542 2559 5596 inl‘ra
2631 5544 2827 5598 dicitur
2868 5545 3115 5598 inventus
3182 5561 3211 5599 a
3261 5543 3462 5599 Basilio
3530 5566 3542 5598 :
3602 5553 3660 5597 et

2082 5626 2202 5665 mox
2230 5612 2412 5681 jussus
2437 5614 2766 5669 Anastasius
2813 5616 3028 5683 aperire
3078 5616 3274 5670 ostium
3342 5614 3615 5669 conclavis
3638 5652 3656 5677 .

2082 5683 2132 5734 in
2166 5698 2270 5751 quo
2311 5686 2628 5739 servabatur
2678 5686 2839 5741 homo
2884 5688 3198 5754 ulcerosus,
3231 5685 3369 5742 dixit
3408 5701 3529 5741 esse
3558 5700 3655 5739 nc~

2079 5762 2312 5809 cessaria
2338 5756 2547 5811 domus.

3374 5924 3400 5975 ε
