4076 6226
400 357 529 399 CCCX

1760 327 2296 387 PROLEGOMENA.

402 463 563 524 siam,
613 460 867 538 precepil
898 454 1213 527 presbytero
1271 454 1327 501 ut
1382 446 1601 499 missam
1649 445 1974 499 celebraret.
2007 447 2051 503 A
2080 446 2358 500 civitatem
2416 461 2537 502 cum
2580 448 2778 518 gaudio
2809 490 2825 517 ,
2863 448 3146 507 laudantes
3186 465 3240 511 ει
3271 457 3655 515 δειιθάῑςεηιρε

401 556 493 611 llle
527 536 705 611 autem
756 553 829 607 ait
861 550 928 604 ad
966 560 1091 601 eum
1124 563 1137 597 ε
1182 559 1201 593 ι
1256 539 1458 595 Sancte
1493 536 1631 601 Dei,
1674 545 1729 589 ut
1786 537 1974 597 doces,

403 649 543 718 quod
573 648 749 702 minus
777 652 861 697 est
919 657 947 694 a
1002 626 1210 692 meliori
1271 631 1626 687 benedicitur.
1672 647 1690 681 υ
1750 629 1885 682 Dicit
1926 628 1975 682 ei

404 745 624 794 sanctus
669 735 833 789 Pater
879 738 1110 785 noster:
1147 742 1169 777 ‹
1207 724 1288 779 Ad
1325 723 1561 791 reliquas
1616 728 1736 774 tuas
1785 734 1976 774 omnes

402 833 667 893 virtutes,
701 825 1011 882 ohedientia
1047 817 1292 875 accedat.
1341 836 1360 868 ι
1405 814 1764 870 Consentiens
1792 821 1974 866 autem

404 922 713 994 presbyter,
752 917 926 973 astitit
957 917 1023 969 ad
1081 926 1236 967 sacra
1280 908 1591 963 missarum.
1624 904 1797 959 Porro
1830 912 1972 959 tem-

404 1027 535 1083 pore
579 1008 905 1067 elevationis
967 1004 1170 1060 viviﬁci
1230 1001 1475 1071 corporis
1536 996 1752 1053 Domini
1807 995 1977 1051 nostri

403 1105 528 1160 Jesu
551 1103 774 1166 Christi,
800 1101 936 1155 vidit
968 1105 1193 1153 sanctus
1212 1094 1305 1148 Dei
1331 1101 1386 1147 et
1421 1090 1641 1160 quidam
1675 1087 1740 1142 de
1772 1087 1974 1156 dignis,

405 1197 807 1253 sanctissimum
871 1191 1176 1263 Spiritum,
1228 1183 1645 1241 descendentem
1685 1181 1738 1234 in
1794 1180 1976 1249 specie

406 1288 566 1358 ignis,
614 1283 1151 1351 circumdantemque
1210 1278 1590 1348 presbyterum
1620 1283 1676 1327 et
1725 1283 1971 1326 sanetum

405 1366 596 1434 altaFe.
632 1378 879 1447 Cumque
908 1369 1466 1429 communicassemus
1490 1407 1505 1431 ,
1532 1374 1586 1420 et
1642 1367 1748 1419 Deo
1774 1364 1978 1430 PgiSse-

408 1487 528 1527 mus
553 1471 778 1539 gratias,
804 1467 1064 1522 rediimus
1097 1464 1149 1517 in
1185 1464 1400 1517 domum
1464 1457 1788 1528 presbyteri,
1826 1457 1979 1510 cibo-

410 1578 517 1633 que
582 1571 795 1631 sumpto
820 1600 836 1625 ,
875 1557 1011 1613 dixit
1043 1554 1120 1609 illi
1156 1560 1377 1608 sanctus
1415 1549 1543 1603 Dei:
1581 1567 1599 1600 ι
1635 1546 1794 1602 Refer
1848 1546 1976 1599 mihi

407 1653 550 1708 unde
584 1655 870 1706 thesaurus
921 1647 1060 1710 iste;
1097 1654 1151 1700 et
1179 1658 1299 1714 qua:
1341 1653 1426 1696 est
1453 1641 1561 1694 vita
1610 1640 1752 1693 tua?
1792 1659 1810 1690 ι
1843 1638 1981 1692 Dicit

408 1745 458 1800 ei
514 1744 795 1813 presbyter
828 1759 841 1793 :
874 1759 892 1791 ι
928 1738 1037 1808 Ego
1064 1775 1078 1801 ,
1120 1743 1308 1790 sancte
1360 1732 1494 1796 Dei,
1528 1732 1691 1785 homo
1729 1739 1981 1798 peccator

408 1819 589 1897 sum,’
611 1830 842 1902 publicis
876 1828 1094 1883 tributis
1122 1825 1416 1881 obnoxius.
1452 1844 1470 1876 ι
1516 1822 1654 1876 Sunt
1683 1837 1847 1892 porro
1873 1822 1978 1873 duo

402 1926 528 1997 juga
553 1926 744 1990 boum;
774 1936 939 1976 unum
976 1920 1194 1988 quidem
1225 1932 1326 1986 ego
1372 1917 1517 1969 mino
1544 1933 1558 1981 ;
1589 1914 1817 1968 alterum
1854 1928 1982 1967 vero

406 2032 562 2074 meus
602 2012 1009 2078 mercenarius;
1040 2020 1094 2065 et
1133 2009 1363 2064 alterum
1389 2007 1607 2077 quidem
1651 2007 1703 2058 in
1738 2003 1984 2058 ministe-

407 2110 551 2164 rium
584 2105 729 2163 cedit
753 2104 1022 2175 hospitum
1047 2120 1062 2171 ;
1086 2101 1319 2156 alterum
1338 2097 1535 2153 autem
1562 2099 1617 2152 in
1651 2097 1980 2165 obsequium

411 2202 736 2257 tributorum
766 2214 779 2251 :
811 2206 1003 2264 estque
1024 2190 1336 2249 confamula
1376 2191 1495 2244 haec
1535 2203 1672 2242 uxor
1711 2202 1854 2251 mea,
1881 2187 1984 2240 ho-

409 2293 641 2365 spitibus
702 2289 1018 2344 ministrans
1066 2293 1123 2340 et
1180 2283 1332 2338 mihi.
1385 2302 1403 2334 ι
1463 2282 1553 2336 Ait
1600 2279 1677 2335 illi
1718 2290 1979 2334 sanctus:

415 2405 435 2438 ι
473 2385 615 2440 Voca
681 2382 824 2437 illam
863 2393 1130 2444 sororem,
1176 2375 1330 2445 juxta
1388 2375 1530 2444 quod
1589 2382 1708 2438 est;
1743 2372 1985 2440 mihique

410 2478 610 2535 edicito
634 2474 874 2543 reliquas
909 2481 1030 2525 tuas
1067 2470 1320 2522 virtutes.
1363 2486 1381 2518 ι
1410 2465 1620 2520 Dicitei
1645 2465 1930 2534 presbyter
1965 2481 1981 2517 :

417 2565 591 2643 r‘Non
617 2567 791 2622 habeo
817 2563 1110 2634 quidquam
1138 2560 1262 2614 boni
1290 2573 1455 2628 super
1492 2557 1716 2621 terram,
1748 2555 1816 2609 ab
1837 2556 1984 2609 omni

410 2660 617 2716 virtute
640 2667 937 2713 extraneus
974 2669 1116 2708 sum.
1171 2671 1190 2703 ι
1221 2651 1356 2705 Dicit
1384 2649 1435 2704 ei
1466 2647 1767 2704 communis
1823 2645 1988 2700 Pater

411 2765 600 2811 noster
631 2769 646 2806 :
680 2769 699 2803 ι
737 2749 931 2820 Surge,
960 2755 1014 2801 et
1039 2761 1224 2802 eamus
1253 2743 1436 2802 simul.
1478 2760 1497 2794 ι
1534 2742 1692 2797 Ducit
1718 2755 1849 2795 vero
1863 2753 1987 2794 eum

411 2846 468 2899 in
509 2841 701 2900 cellam
726 2841 887 2895 uham
918 2837 1111 2892 domus
1137 2834 1277 2903 ejus,
1311 2843 1365 2890 et
1391 2832 1469 2888 ait
1494 2832 1568 2887 illi
1607 2848 1623 2887 ε
1660 2848 1682 2883 ι
1722 2829 1885 2901 Aperi
1905 2828 1991 2898 ja-

412 2951 600 2990 nuam.
624 2953 644 2987 ι
672 2934 742 2987 At
771 2931 862 2986 ille
887 2948 901 2985 :
934 2948 952 2982 ι
982 2927 1083 2995 Ne,
1105 2936 1291 2983 sancte
1314 2926 1431 2994 Dei,
1462 2923 1777 2993 nejusseris
1807 2922 1988 2994 ingre-

413 3029 466 3085 di
501 3047 514 3082 :
549 3027 800 3097 quoniam
835 3037 966 3077 usus
1012 3030 1095 3075 est
1141 3020 1356 3075 domus.
1409 3037 1428 3071 ›
1467 3016 1562 3072 Ait
1589 3016 1642 3070 ei
1699 3026 1922 3071 sanctus
1970 3032 1983 3066 :

2080 540 2266 593 Dettm.

2148 630 2393 696 Fratres,
2425 633 2793 687 narrationem
2837 633 2962 690 volo
2991 633 3170 692 facere
3204 638 3320 710 (52)
3349 641 3414 694 de
3460 658 3657 712 magno

2077 734 2131 777 et
2151 722 2351 778 celebri
2400 723 2620 791 Basilio,
2666 732 2721 778 et
2745 725 2983 793 Ephrem
3010 725 3150 798 Syro
3182 729 3316 800 (53).
3352 723 3412 784 Et
3443 747 3505 786 ea
3533 736 3654 802 qui-

2078 814 2198 868 dem
2241 828 2360 883 quae
2385 823 2635 882 spectant
2682 817 2748 869 ad
2780 814 2999 870 Patrem
3032 829 3302 886 nostrum,
3340 822 3456 889 ipse
3510 823 3652 887 vidi;

2077 921 2198 976 quae
2244 916 2422 962 autem
2453 909 2803 975 adjsanctum
2858 919 2914 963 et
2971 912 3228 966 eximium
3296 913 3555 983 Ephrem,
3590 932 3655 969 ex

2078 1000 2254 1054 veraci
2283 1000 2401 1068 ejus
2431 1016 2527 1055 ore
2572 1002 2752 1055 audivi
2782 1020 2795 1057 :
2822 1002 2901 1057 sic
2945 1011 3128 1057 autem
3159 1005 3383 1063 habent.
3425 1006 3523 1061 Ubi
3562 1025 3654 1062 ce-

2080 1091 2241 1148 lebris
2270 1094 2356 1148 ille
2386 1094 2619 1162 Ephrem
2650 1135 2665 1160 ,
2694 1110 2860 1163 agens
2891 1097 2941 1150 in
2992 1098 3229 1163 deserto,
3256 1114 3361 1169 qua
3390 1116 3455 1154 ex
3480 1101 3654 1169 Spiri-

2082 1196 2168 1241 tus
2198 1188 2374 1242 sancti
2400 1188 2757 1243 illustratione
2794 1190 3040 1256 vidisset,
3068 1206 3172 1259 qua
3198 1207 3265 1245 ex
3291 1193 3562 1246 desiderio
3597 1203 3653 1245 et

2080 1278 2522 1345 percunctatione
2585 1279 2866 1334 didicisset
2899 1280 3214 1335 admiranda
3266 1280 3445 1336 Patris
3487 1284 3656 1337 nostri

2081 1368 2267 1422 Basilii
2300 1384 2501 1437 opera;
2547 1369 2714 1425 Deum
2747 1372 2953 1425 intente
2978 1373 3286 1442 jugiterque
3338 1374 3569 1437 Orabat,
3600 1387 3658 1428 ut

2082 1460 2178 1528 ipsi
2204 1459 2494 1526 revelaret,
2529 1459 2703 1529 qualis
2746 1459 2969 1530 Magnus
2998 1461 3230 1516 Basilius
3267 1472 3432 1518 esset.
3465 1465 3520 1517 lu
3561 1480 3657 1519 ex-

2081 1556 2267 1610 stasim
2286 1570 2414 1627 ergo
2438 1565 2644 1625 raptus,
2671 1557 2812 1611 videt
2843 1556 3146 1612 columnam
3180 1559 3339 1628 ignis,
3361 1560 3512 1630 cujus
3536 1575 3658 1613 ver-

2085 1658 2171 1701 lex
2228 1648 2529 1719 attingebat
2559 1649 2760 1703 cmlum
2790 1667 2803 1702 :
2831 1664 3043 1718 voxque
3077 1652 3144 1704 de
3174 1651 3312 1704 caelo
3344 1653 3549 1716 audita,
3577 1652 3659 1704 di-

2084 1756 2213 1795 cens
2252 1757 2266 1793 :
2310 1758 2329 1793 ί
2356 1741 2601 1825 .Ephrent
2631 1780 2647 1805 ,
2677 1738 2914 1810 Ephrem
2948 1759 2960 1794 :
2992 1742 3444 1810 quemadmodum
3477 1744 3656 1797 vidisti

2085 1832 2392 1887 columnam
2430 1833 2591 1903 ignis,
2648 1835 2917 1904 ejusmodi
2961 1844 3045 1889 est
3077 1834 3301 1904 Magnus
3332 1835 3579 1889 Basilius.
3626 1853 3648 1887 ν

2088 1927 2153 1979 Et
2183 1927 2372 1981 statim
2420 1927 2663 1981 adhibito
2700 1927 3001 1996 interprete
3028 1968 3044 1993 ,
3081 1928 3225 1982 velut
3262 1928 3411 1982 rudis
3466 1928 3658 1995 lingua:

2085 2018 2305 2084 Graecae,
2341 2021 2484 2074 venit
2512 2019 2578 2073 ad
2604 2034 2853 2089 magnam
2882 2018 3171 2074 ecclesiam
3218 2020 3448 2074 celebris
3497 2021 3649 2074 urbis

2085 2109 2347 2165 Catsareaa
2380 2128 2395 2165 :
2436 2110 2503 2163 ad
2530 2124 2700 2179 quam
2732 2109 2848 2178 ipsa
2875 2125 3064 2178 magna
3098 2109 3521 2179 Epiphaniorum
3564 2124 3656 2163 so-

2088 2203 2367 2257 lemnitate
2411 2202 2740 2272 perveniens
2774 2241 2789 2266 ,
2832 2201 3079 2271 clamque
3130 2201 3411 2271 ingressus
3450 2240 3465 2266 ,
3521 2202 3653 2255 vidit

2088 2297 2465 2363 procedentem
2490 2293 2739 2363 Magnum
2767 2292 3020 2348 Basilium
3048 2311 3061 2359 ;
3109 2295 3291 2361 aitque
3324 2294 3474 2348 socio
3507 2308 3606 2348 suo
3634 2311 3650 2348 :

2094 2405 2112 2438 ι
2154 2385 2207 2440 lu
2244 2400 2467 2449 vanum,
2520 2396 2670 2453 puto,
2714 2384 3100 2439 laboravimus.
3142 2383 3335 2440 Frater
3363 2386 3463 2438 iste
3490 2384 3655 2446 enim,

2091 2480 2142 2533 in
2183 2487 2333 2534 tanto
2359 2477 2525 2548 gradu
2562 2477 2794 2547 positus,
2821 2485 3030 2530 nonest
3062 2475 3272 2544 qualem
3309 2476 3436 2529 vidi.
3475 2493 3493 2526 ι
3517 2474 3660 2529 Cou-

2090 2572 2356 2643 Spieiebat
2386 2571 2531 2625 enim
2565 2571 2819 2624 amictum
2853 2568 2991 2622 stola
3030 2569 3258 2622 candida
3285 2608 3299 2632 ,
3337 2580 3660 2633 sacrumque

2089 2666 2239 2725 circa
2268 2661 2443 2731 ipsum
2478 2661 2707 2723 clerum,
2746 2658 2882 2713 albis
2914 2658 3159 2712 indutum
3193 2667 3247 2712 et
3277 2658 3324 2712 ei
3355 2656 3658 2725 obsequen-

2094 2764 2224 2807 tem.
2269 2749 2434 2806 Stans
2488 2765 2618 2819 ergo
2661 2751 2713 2803 in
2758 2761 2973 2803 secreto
3018 2749 3136 2802 loco
3174 2747 3440 2813 ecclesim,
3498 2748 3664 2811 coepit

2090 2842 2236 2898 velut
2264 2844 2329 2897 de
2357 2844 2633 2912 proposito
2665 2843 2978 2909 desperare,
2997 2841 3183 2894 dicens
3207 2841 3345 2892 intra
3378 2854 3435 2894 se
3462 2857 3477 2892 :
3508 2857 3527 2889 ι
3556 2838 3662 2892 Nos

2090 2934 2178 3002 qui
2211 2934 2540 3004 portavimus
2576 2936 2784 3003 pondus
2833 2915 2939 2989 diei
2978 2943 3032 2987 et
3062 2942 3225 2987 aestus
3250 2931 3383 2985 nihil
3429 2930 3662 3001 profeci-

2092 3044 2247 3094 mus;
2285 3028 2373 3083 hic
2415 3039 2597 3084 autem
2621 3068 2634 3091 ,
2670 3029 2723 3081 in
2766 3036 2914 3081 tanto
2938 3025 3221 3086 comitatu,
3254 3033 3308 3078 et
3336 3023 3540 3076 lmuore
3565 3023 3664 3076 hu-

419 3143 437 3173 ι
468 3120 642 3174 Etiam
679 3133 778 3189 ego
812 3113 938 3170 veni
989 3115 1056 3168 ad
1086 3113 1231 3167 hunc
1266 3125 1445 3166 usum.
1489 3128 1509 3163 ι
1541 3108 1788 3178 Cumque
1818 3104 1985 3160 nollet
2012 3134 2059 3196 ο
2092 3132 2270 3183 mano,
2306 3127 2390 3172 est
2419 3117 2666 3171 columna
2700 3115 2882 3185 ignis?
2925 3113 3089 3167 Plane
3121 3114 3311 3166 miror.
3357 3130 3374 3163 ι
3414 3112 3538 3167 Ηπο
3564 3113 3668 3165 ita-

414 3212 705 3282 presbyter
729 3207 941 3278 aperire
972 3213 1226 3275 portam,
1278 3216 1529 3259 sermone
1559 3201 1778 3271 aperuit
1805 3198 1982 3254 admi-

415 3302 603 3359 rabilis
631 3300 791 3355 Pater
833 3305 1053 3353 uoster:
1088 3297 1476 3366 ingressusque
1534 3292 1841 3348 morbidum
1871 3291 1985 3345 illic

415 3393 687 3449 lto-niuem
710 3397 765 3444 et
794 3385 1120 3448 ulcerosum,
1149 3386 1233 3439 cui
1258 3383 1515 3453 pleraque
1541 3381 1792 3452 corporis
1812 3394 1985 3433 mem-

412 3489 510 3544 bra
542 3482 855 3546 deﬂuerent,
894 3478 1101 3535 invenit
1130 3518 1143 3542 ,
1170 3490 1279 3530 uno
1322 3476 1529 3530 sciente
1560 3473 1878 3544 presbytero
1934 3480 1989 3525 et

415 3591 603 3632 sorore
656 3573 796 3642 ejus.
850 3570 992 3626 Dicit
1018 3570 1067 3624 ei
1113 3577 1333 3623 sanctus
1387 3565 1550 3620 Pater
1593 3574 1814 3620 noster:
1856 3581 1876 3615 r
1917 3561 1989 3618 Ut

415 3672 544 3742 quid
578 3667 793 3724 voluisti
824 3664 1002 3721 celare
1032 3663 1347 3717 thesaurum
1383 3669 1531 3713 tuum
1559 3657 1722 3713 istum
1744 3657 1767 3710 7
1789 3674 1809 3708 ι
1847 3655 1990 3709 Dicit

415 3765 464 3819 ei
481 3760 765 3835 presbyter
790 3777 804 3813 :
834 3775 854 3809 ι
875 3756 1163 3826 Promptus
1186 3763 1290 3819 est,
1323 3751 1561 3819 domine,
1596 3760 1651 3807 et
1673 3751 1987 3820 iniuriosus,

420 3855 683 3923 timuique
710 3865 777 3906 ne
794 3848 932 3906 forte
953 3848 1008 3903 in
1027 3848 1196 3903 verbo
1212 3845 1528 3901 olfenderet.
1557 3862 1576 3895 ι
1601 3843 1742 3898 Dicit
1759 3843 1808 3899 ei
1831 3842 1990 3899 Pater

417 3955 600 4001 noster
637 3962 653 3999 :
687 3960 707 3995 ι
733 3940 1049 3997 Benecirca
1091 3939 1267 4009 ipsum
1308 3936 1531 3992 certasti
1566 3936 1731 3991 :sine
1764 3951 1896 3991 vero
1931 3946 1991 3990 ut

419 4048 475 4097 et
505 4052 605 4106 ego
634 4038 738 4092 hac
764 4042 953 4090 “nocte
999 4032 1073 4088 illi
1106 4031 1442 4095 ministrem;
1475 4045 1583 4100 quo
1606 4043 1704 4099 per
1737 4037 1789 4085 te
1823 4029 1988 4085 etiam

423 4130 731 4186 mercedem
761 4140 1088 4194 consequar.
1125 4143 1144 4177 ι
1204 4123 1434 4178 Dimisso
1476 4133 1655 4176 autem
1706 4129 1895 4177 sancto
1934 4122 1988 4175 in

418 4223 553 4279 cella
581 4236 703 4284 cum
737 4219 1004 4281 ulceroso,
1030 4216 1115 4272 cui
1147 4216 1319 4271 morbi
1343 4214 1423 4271 vis
1449 4214 1531 4268 vel
1557 4229 1741 4270 vocem
1768 4214 1991 4269 ademe-

418 4327 536 4379 rat,
566 4315 757 4370 elauso
797 4311 939 4369 osdo
965 4352 980 4375 ,
1020 4308 1398 4365 discessimus.
1440 4305 1547 4372 Qui
1589 4315 1770 4361 autem
1803 4306 1990 4361 vulne-

421 4409 571 4464 ribus
596 4404 935 4468 medebatur,
965 4401 1099 4456 tusis
1131 4414 1296 4469 super
1332 4413 1458 4453 eum
1492 4406 1616 4471 tota
1652 4405 1813 4453 nocte
1856 4413 1989 4468 pre-

2096 3222 2200 3277 que
2252 3208 2369 3277 ipso
2413 3208 2689 3276 cogitante
2716 3245 2730 3268 ,
2775 3204 2922 3259 misit
2962 3204 3026 3255 ad
3056 3217 3179 3255 eum
3221 3210 3442 3255 sanctus
3480 3203 3667 3256 archi-

2097 3301 2380 3355 diaconum
2438 3313 2636 3365 suum,
2671 3296 2898 3353 dicens:
2940 3312 2960 3346 ο
3002 3292 3151 3347 Vade
3187 3295 3252 3347 ad
3299 3305 3509 3365 portam
3548 3309 3668 3364 qua!

2098 3389 2321 3459 respicit
2354 3388 2715 3452 occidentem,
2757 3387 2941 3456 ibique
2974 3387 3024 3439 in
3061 3385 3306 3441 ecclesiae
3351 3385 3547 3455 angulo
3579 3401 3666 3438 re-

2095 3482 2273 3552 peries
2297 3480 2571 3546 abbatem,
2599 3477 2868 3533 cucullum
2905 3478 3192 3532 habentem
3227 3475 3280 3529 in
3309 3478 3509 3546 capite,
3545 3490 3666 3530 cum

2096 3573 2328 3644 quodam
2362 3572 2490 3638 alio,
2523 3571 2904 3635 raribarbium,
2935 3569 3209 3639 pusillum,
3239 3578 3294 3625 et
3322 3579 3516 3624 caetera
3552 3569 3671 3622 vui—

2098 3676 2184 3720 tus
2212 3665 2364 3737 ejus;
2395 3665 2655 3733 dicesque
2684 3664 2732 3717 ei
2760 3684 2772 3719 :
2807 3663 2998 3730 Quaeso
3027 3701 3043 3728 ,
3078 3662 3359 3732 ingredere
3392 3662 3444 3714 in
3478 3676 3663 3715 sacra-

2099 3759 2241 3812 rium
2276 3765 2485 3811 :vocat
2547 3768 2598 3811 te
2644 3756 3108 3824 archiepiscopus.
3161 3772 3180 3804 ι
3234 3752 3666 3807 Archidiaconus

2098 3859 2278 3906 autem
2307 3890 2323 3915 ,
2375 3849 2599 3905 discissa
2633 3847 2801 3901 multo
2852 3846 3034 3900 labore
3061 3844 3238 3913 populi
3274 3843 3614 3898 multitudine
3650 3882 3667 3907 ,

2099 3945 2245 4000 venit
2285 3945 2352 3999 ad
2414 3943 2588 3998 locum
2619 3941 2708 3995 ubi
2766 3938 2827 3993 S.
2856 3937 3087 4008 Ephrem
3126 3936 3473 3999 consisterat,
3501 3943 3556 3988 et
3593 3935 3672 3988 ait

2100 4037 2223 4091 illi:
2260 4053 2280 4087 ί
2328 4033 2583 4098 Benedic,
2635 4031 2887 4096 domine;
2926 4028 3060 4082 velis
3119 4026 3325 4095 ingredi
3385 4025 3437 4079 in
3486 4039 3672 4079 sacra-

2098 4132 2270 4197 rium;
2299 4135 2455 4183 vocat
2487 4125 2632 4181 enim
2685 4133 2734 4177 te
2761 4120 2922 4176 Pater
2964 4128 3088 4174 tuus
3115 4116 3582 4188 archiepiscopus.
3644 4136 3666 4169 ι

2100 4223 2203 4278 Ubi
2232 4230 2409 4276 autem
2444 4216 2708 4275 intellexit
2741 4231 2838 4288 per
2873 4216 3223 4285 interpretem
3277 4214 3422 4283 quod
3446 4214 3671 4268 diceba-

2101 4327 2209 4379 tur,
2243 4312 2524 4368 excusavit
2556 4310 2746 4365 dicens
2779 4327 2793 4363 :
2820 4326 2849 4364 ,ι
2886 4306 3072 4373 Erras,
3103 4307 3307 4371 frater;
3369 4321 3468 4361 nos
3496 4307 3674 4360 homi-

2100 4419 2196 4460 nes
2228 4402 2498 4473 peregrini
2530 4416 2720 4457 sumus
2755 4407 2811 4454 et
2840 4399 2889 4453 ei
2927 4397 3130 4468 ignoti.
3176 4417 3195 4450 ι
3233 4395 3468 4451 Rediens
3493 4407 3671 4452 autem

420 4499 594 4564 cibus.
626 4495 935 4567 supplicans
963 4493 1099 4559 Deo,
1122 4491 1215 4560 qui
1244 4490 1491 4546 morbum
1517 4503 1737 4544 omnem
1785 4497 1840 4544 el
1869 4489 1990 4543 lan-
2024 4494 2070 4550 D
2101 4496 2548 4556 archidiaconus.
2583 4492 2919 4549 renuntiavit
2974 4490 3168 4561 Magno
3224 4489 3444 4548 Basilio.
3505 4490 3674 4544 Porro

420 4605 644 4661 guorem
669 4595 845 4655 sanat,
880 4585 1095 4642 curavit
1118 4584 1288 4638 illum.
1334 4581 1630 4653 Presbyter
1655 4589 1837 4635 autem
1900 4582 1993 4651 qui

424 4681 558 4736 toris
584 4679 864 4735 nobiscum
891 4685 1031 4741 erat,
1058 4675 1134 4730 ait
1167 4692 1181 4729 :
1218 4691 1238 4725 ι
1292 4671 1480 4729 Gloria
1524 4671 1664 4739 tibi,
1701 4670 1873 4736 Deus,
1898 4670 1994 4740 qui

424 4776 559 4830 facis
608 4772 937 4828 voluntatem
973 4766 1273 4823 timentium
1303 4773 1356 4819 te
1387 4802 1403 4830 ,
1442 4772 1498 4819 et
1555 4763 1995 4834 deprecationem

422 4885 608 4927 eorum
623 4867 878 4930 exaudis;
901 4880 967 4919 en
993 4862 1234 4919 medicus
1266 4876 1456 4916 sanum
1486 4858 1616 4914 fecit
1638 4860 1932 4913 intirmum.
1971 4877 1988 4908 ι

424 4963 495 5018 Ει
551 4960 732 5018 statim
786 4957 1042 5014 clamavit
1103 4962 1365 5019 sanctus,
1424 4960 1482 5006 ut
1548 4959 1758 5021 portam
1817 4948 2000 5018 aperi-

424 5068 629 5122 remus,
659 5051 953 5121 eduxitque
982 5049 1289 5103 ulcerosum
1345 5045 1564 5123 integre
1593 5056 1784 5096 sanum
1817 5080 1834 5105 ,
1889 5053 1997 5094 nou

422 5146 713 5203 habentem
762 5142 1076 5200 cicatricem
1137 5139 1193 5192 in
1255 5150 1481 5205 corpore
1543 5149 1686 5195 suo,
1739 5131 1988 5202 expedite

425 5241 780 5311 loquentem,
831 5246 887 5291 et
942 5231 1331 5304 gloriﬁcantem
1386 5227 1577 5282 Deum.
1627 5224 1746 5280 Hoc
1808 5233 1987 5277 autem

427 5331 618 5401 grandi
647 5326 908 5385 miraculo
955 5324 1095 5379 facto
1120 5365 1135 5390 ,
1179 5322 1378 5377 reversi
1419 5333 1605 5374 sumus
1632 5317 1688 5371 in
1738 5324 1978 5370 nostram

499 5506 873 5578 (5‘2)V_idetur_
911 5503 999 5578 hic
1051 5516 1237 5557 rursus
1290 5498 1656 5562 narrationem
1713 5510 1988 5550 resumere

428 5572 1089 5648 pseudo-amphilochilis.

499 5647 612 5716 (55)
638 5635 971 5716 Congressus
994 5641 1229 5716 Ephrem
1260 5655 1382 5695 cum
1411 5638 1609 5716 Basnto
1641 5636 1859 5716 dabitur
1894 5635 1984 5688 in-

428 5706 607 5773 fra‘ad
637 5706 816 5771 Vitain
865 5713 982 5781 ejus
1009 5706 1137 5776 {ex
1189 5709 1429 5778 Nysseno
1467 5719 1522 5761 et
1562 5708 1677 5777 ipso
1703 5706 1981 5781 Ephrem,

428 5786 651 5846 omnino
674 5783 832 5839 aliter
853 5777 1016 5851 quam
1068 5781 1158 5837 hic
1199 5777 1487 5845 narretur;
1527 5792 1593 5833 ex
1624 5777 1819 5851 quibus
1872 5777 1985 5832 col-

2099 4590 2226 4643 dum
2254 4587 2484 4642 Basilius
2530 4586 2698 4641 libros
2753 4600 2940 4640 sacros
2972 4582 3199 4653 exponit
3250 4580 3468 4652 pOpulo,
3528 4582 3675 4636 videt

2100 4681 2158 4736 S.
2212 4678 2444 4750 Ephrem
2493 4678 2731 4748 linguam
2761 4664 2973 4749 igneam
3004 4715 3020 4742 ,
3048 4674 3165 4745 ejus
3216 4688 3313 4728 ore
3345 4674 3671 4742 loquentem.

2099 4773 2299 4841 Aitque
2371 4786 2587 4826 rursum
2647 4769 2874 4840 Magnus
2934 4766 3174 4822 Basilius
3241 4766 3672 4821 archidiacono:

2106 4882 2125 4915 ‹
2168 4863 2328 4928 Vade,
2364 4874 2420 4918 et
2457 4864 2543 4919 dic
2575 4864 2624 4918 ei
2656 4880 2670 4916 :
2701 4861 2929 4918 Domine
2990 4861 3225 4930 Ephrem
3249 4898 3266 4925 ,
3297 4860 3432 4914 velis
3469 4857 3672 4933 ingredi

2101 4958 2170 5009 ad
2202 4970 2416 5009 sacrum
2464 4956 2675 5009 altare:
2706 4962 2865 5009 vocat
2913 4962 2964 5007 te
3009 4951 3468 5021 archiepiscopus.
3527 4967 3546 5000 ι
3609 4945 3679 5001 Ει

2101 5052 2289 5106 abiens
2315 5050 2382 5104 sd
2406 5065 2527 5104 eum
2558 5048 2998 5112 archidiaconus,
3034 5047 3263 5117 ejusque
3291 5042 3538 5115 vestigiis
3566 5042 3672 5095 im-

2102 5156 2289 5211 presso
2318 5141 2523 5204 osculo,
2547 5140 2682 5193 dixit
2707 5139 2781 5193 illi
2817 5156 2831 5192 :
2865 5156 2884 5190 α
2927 5137 3155 5192 Domine
3180 5137 3434 5206 Ephrem,
3458 5148 3673 5202 quaeso,

2104 5247 2155 5289 te
2186 5235 2412 5288 accersit
2442 5233 2605 5287 Pater
2631 5242 2751 5286 tuus
2779 5230 3240 5300 archiepiscopus,
3289 5236 3345 5280 ut
3400 5224 3672 5293 ingredia~

2104 5328 2177 5379 ris
2199 5328 2250 5379 itt
2279 5326 2696 5394 presbyterium.
2737 5343 2755 5373 ι
2797 5322 3030 5376 Sanctus
3054 5337 3184 5389 ergo
3231 5334 3394 5388 super
3421 5318 3505 5371 his
3535 5325 3673 5369 atto-

2103 5501 2269 5570 ligere
2301 5499 2468 5552 lector
2502 5496 2720 5570 poterit,
2751 5509 2996 5570 quamam
3023 5492 3109 5570 hic
3141 5490 3450 5544 referantur
3472 5486 3679 5567 omissa

2103 5555 2173 5624 ab
2200 5570 2428 5638 Ephrem
2460 5555 2516 5621 et-
2550 5555 2831 5638 Nysseno;
2868 5562 3267 5638 judicabitquc,
3296 5555 3679 5638 amverosimi:

2103 5622 2163 5695 le
2177 5622 2286 5705 sit',
2315 5622 2615 5692 omittenda
2663 5622 2830 5689 fuisse
2854 5622 2885 5694 ,”
2912 5633 2959 5687 si
3013 5622 3411 5705 contigissent;
3445 5622 3681 5695 exempli

2104 5702 2284 5775 causa,
2326 5708 2394 5764 de
2424 5706 2761 5777 apparitione
2792 5705 3053 5761 columna:
3082 5702 3241 5770 ignis.
