4076 6226
812 272 1180 329 EXCERPTA
1217 271 1310 329 EX
1343 274 1543 332 ACTIS
1582 275 1639 330 S.
1677 277 1919 332 BASILIl
1953 277 2474 334 BOLIANDlANlS.
2508 310 2577 323 -
2607 280 2763 335 VlTA
2808 280 3246 337 APOCRYPHA.

1360 414 1423 452 ac
1491 402 1846 455 reverentiam
1925 402 2000 454 l'a'-
2032 407 2074 460 Α
2106 402 2355 469 natisque
2413 401 2705 469 interprete
2759 404 2809 456 in
2844 404 3129 458 diaconum
3161 444 3173 464 ,
3209 412 3263 457 et
3313 403 3427 469 ipso
3458 403 3511 455 in
3543 419 3670 470 pre-

423 394 569 452 nitus
632 394 782 449 dedit
847 398 1073 466 gloriam
1146 399 1283 463 Deo;

422 487 571 540 ciens
602 525 618 550 ,
672 486 1056 556 excipiensque
1086 489 1162 541 ait
1189 507 1202 542 :
1243 508 1259 538 ι
1296 488 1433 544 Vere
1487 491 1710 559 Magnus
1741 490 1992 545 Basilius.

424 575 562 631 Vere
610 578 859 631 columna
907 580 1044 648 ignis
1078 580 1330 635 Basilius.
1366 582 1499 636 Vere
1541 598 1638 651 per
1666 598 1726 636 os
1749 583 1868 651 ejus
1912 583 1994 637 lo-

422 670 606 736 quitur
627 668 860 737 Spiritus
891 681 1134 725 sanctus.
1175 691 1194 724 ι
1241 674 1470 743 Rogavit
1497 689 1625 727 vero
1659 674 1997 729 archidiaco-

425 776 550 812 num
585 770 641 813 ut
666 763 1059 830 responderet,
1117 767 1476 833 Opportnnius
1503 804 1517 826 ,
1551 774 1672 833 post
1720 777 1993 835 peractam

423 865 534 904 rem
556 865 790 916 sacram,
816 853 1174 907 salutatorum
1205 856 1255 907 in
1291 856 1612 914 secretario.

492 940 621 998 Post
657 945 876 998 missam
898 960 1026 999 vero
1054 946 1328 1016 ingressus
1357 947 1586 1003 Basilius
1616 950 1991 1016 secretarium,

419 1051 485 1091 eo
515 1037 574 1090 S.
604 1037 834 1106 Ephrem
895 1041 1283 1094 accersendum
1334 1041 1580 1106 curavit;
1639 1042 1880 1110 dansque
1939 1043 1990 1095 in

423 1130 646 1204 Domino
679 1131 946 1195 osculum,
980 1133 1052 1185 ait
1087 1150 1098 1184 :
1140 1150 1158 1182 ι
1199 1132 1346 1186 Bene
1382 1134 1599 1197 venisti,
1657 1133 1818 1187 Pater
1864 1133 1995 1188 lilio-

419 1236 536 1274 rum
577 1221 772 1276 deserti
801 1241 815 1277 :
850 1223 988 1277 bene
1022 1224 1215 1278 veniSIi
1246 1263 1262 1288 ,
1292 1225 1383 1293 qui
1414 1226 1465 1278 in
1497 1241 1563 1281 eo
1604 1227 1991 1293 discipulorum

417 1313 619 1368 Christi
651 1331 931 1369 numerum
967 1317 1163 1369 auxisti
1197 1357 1210 1381 ,
1264 1327 1318 1370 et
1353 1318 1621 1371 daemones
1645 1318 1918 1386 expulisti.
1967 1343 1986 1368 ι

420 1403 525 1458 Sed
562 1419 816 1472 quorsum
859 1420 980 1459 eum
1022 1407 1114 1461 tibi
1167 1406 1405 1460 laborem
1440 1409 1748 1476 suscepisti,
1802 1423 1835 1462 ο
1891 1408 1991 1460 Pa-

418 1496 545 1549 ter?
583 1492 784 1549 Venisti
822 1496 1096 1551 invisurus
1149 1497 1803 1568 hominem.peccatorem
1839 1519 1852 1553 :
1885 1500 1992 1553 lar-

413 1586 591 1654 giatur
615 1586 708 1640 tibi
744 1587 1048 1641 mercedem
1082 1588 1250 1648 Deus.
1274 1589 1428 1655 juxta
1467 1599 1615 1642 tuum
1645 1589 1906 1644 laborem.
1966 1610 1983 1640 ›

416 1674 516 1731 Ubi
545 1691 702 1745 porro
733 1679 1057 1732 venerabilis
1085 1679 1322 1747 Ephrem
1375 1681 1554 1734 omnia
1610 1681 1660 1733 in
1699 1682 1860 1734 corde
1893 1697 1988 1734 suo

414 1779 539 1820 nata
571 1768 818 1838 dictaque
844 1770 994 1823 socio
1039 1770 1220 1824 abbati
1265 1774 1600 1840 reSpondens
1631 1785 1943 1827 enarrasset
1970 1813 1984 1836 ,
2025 1745 2063 1800 Β

414 1863 848 1916 communionem
895 1863 947 1916 in
996 1879 1178 1918 sacras
1215 1880 1408 1918 manus
1453 1879 1579 1917 suas
1609 1865 1850 1934 accepit;
1891 1865 1988 1918 Ba-

413 1950 661 2019 silioque,
691 1967 787 2020 pro
813 1953 1030 2023 hospitii
1065 1954 1355 2024 religione,
1387 1955 1690 2024 excipiente
1717 1957 1983 2020 convivio,

413 2043 491 2097 ait
531 2043 586 2098 S.
617 2045 852 2114 Ephrem
887 2063 901 2100 :
940 2065 957 2098 ‹
995 2046 1175 2113 Pater,
1205 2063 1415 2102 summe
1467 2048 1804 2118 honorande,
1827 2063 1983 2101 uuam

413 2134 512 2187 abs
541 2143 592 2187 te
637 2135 869 2205 deposco
900 2138 1125 2206 gratiam
1155 2171 1170 2200 ,
1201 2146 1256 2190 et
1287 2137 1424 2190 hanc
1472 2138 1602 2190 mihi
1641 2154 1848 2190 annuas
1895 2153 1985 2189 ve-

411 2224 528 2278 lim.
571 2244 590 2276 ι
633 2227 712 2279 Ad
754 2243 916 2292 quem
951 2227 1226 2283 Basilius:
1272 2247 1288 2278 ι
1329 2227 1504 2294 Jube,
1529 2229 1615 2282 dic
1641 2243 1760 2297 qua:
1793 2229 1984 2281 viden-

411 2325 540 2382 tur;
587 2319 812 2373 multum
860 2321 1004 2373 enim
1050 2323 1243 2386 debeo,
1295 2321 1534 2372 maxime
1585 2321 1654 2373 ob
1691 2320 1764 2373 ttti
1794 2319 1860 2372 ad
1901 2335 1984 2373 me

414 2412 676 2464 adventus
725 2421 1058 2480 assumptum
1114 2412 1375 2465 laborem.
1445 2429 1464 2461 ι
1527 2410 1593 2463 Et
1649 2409 1983 2463 honorabilis

413 2502 646 2571 Ephrem
701 2504 767 2555 ad
804 2503 974 2572 ipsum
1005 2521 1017 2556 :
1050 2521 1069 2554 ε
1100 2502 1254 2567 Novi,
1298 2502 1462 2556 Pater
1495 2511 1699 2564 sancte,
1736 2503 1850 2556 l'ore
1903 2511 1979 2565 ut,

408 2593 452 2648 si
481 2608 600 2662 qua:
632 2609 661 2646 a
696 2594 804 2648 Deo
831 2595 1159 2664 poposceris,
1215 2595 1330 2663 ipse
1375 2593 1631 2662 prazbeat.
1666 2591 1838 2660 Cupio
1886 2607 1983 2646 au-

409 2689 519 2735 tem
550 2697 644 2750 pro
678 2697 764 2736 me
796 2697 951 2752 roges
978 2723 992 2746 ,
1023 2693 1080 2736 ut
1112 2682 1300 2738 Graece
1355 2681 1500 2751 loqui
1538 2681 1765 2751 possim.
1804 2699 1822 2731 ι
1883 2680 1980 2734 Cui

409 2771 637 2827 Basilius
673 2791 687 2826 :
725 2791 745 2823 ι
781 2773 912 2828 Bern
944 2774 1226 2842 postulasti
1259 2775 1610 2840 excedentem
1647 2773 1811 2826 vires.
1839 2771 1976 2838 Quia

409 2862 760 2919 nihilominus
792 2865 897 2918 lide
959 2865 1164 2934 petisti,
1191 2866 1308 2918 veni
1339 2907 1353 2930 ,
1386 2865 1546 2919 Pater
1579 2865 1979 2918 venerabilissi-

409 2971 494 3010 me
523 2958 797 3025 eremique
845 2958 1127 3026 pra'posite
1155 2996 1168 3020 ,
1223 2967 1278 3010 et
1332 2956 1618 3009 Dominum
1675 2972 1974 3026 rogemus:

407 3059 599 3118 potens
621 3048 764 3104 enim
809 3059 892 3105 est
915 3090 930 3113 ,
974 3059 1031 3103 ttt
1066 3049 1229 3104 faciat
1257 3051 1588 3103 voluntatem
1614 3059 1760 3102 tuam
1797 3069 1808 3101 :

408 3139 668 3208 scriptum
704 3150 818 3194 est:
869 3137 1197 3192 Voluntatem
1243 3139 1536 3191 timentium
1590 3154 1644 3192 se
1687 3139 1889 3208 faciet,
1927 3151 1971 3188 et

406 3230 825 3291 deprecationem
885 3245 1068 3282 eorum
1132 3229 1424 3292 exaudiet,
1475 3213 1533 3280 ἐι
1578 3229 1749 3281 salvos
1813 3228 1970 3295 faciet

405 3335 492 3372 eos
513 3319 608 3388 (a).
652 3338 670 3371 ›
696 3319 830 3373 Cum
865 3329 1040 3372 autem
1068 3318 1156 3372 diu
1197 3326 1466 3381 orassent,
1504 3318 1578 3369 ait
1605 3311 1826 3383 Magnus
1873 3316 1974 3368 Ba-

403 3409 555 3464 silius
586 3430 598 3464 :
645 3429 664 3462 ‹
707 3409 835 3477 Cur,
863 3410 1080 3464 domine
1112 3410 1348 3480 Ephrem
1378 3451 1396 3478 ,
1436 3424 1651 3464 sacram
1683 3410 1971 3463 sacerdotii

413 3504 834 3569 ordinationem,
876 3503 970 3556 tibi
1015 3519 1332 3573 congruam,
1383 3517 1489 3556 non
1532 3502 1778 3571 accipis?
1812 3522 1829 3552 ι
1874 3502 1972 3556 Cui

402 3593 636 3662 Ephrem
669 3610 761 3661 per
792 3594 1145 3662 interpretem
1182 3611 1195 3646 :
1230 3612 1248 3644 ‹
1297 3594 1434 3659 Quia
1465 3603 1716 3662 peccator
1749 3609 1894 3646 sum.
1946 3612 1964 3644 ι

404 3683 700 3751 Respondit
751 3685 799 3737 ei
857 3683 1078 3754 Magnus
1133 3683 1411 3738 Basilius:
1460 3703 1476 3734 ι
1515 3683 1730 3737 Utinam
1763 3693 1818 3735 et
1871 3699 1971 3750 ego

402 3779 524 3831 talis
571 3786 824 3845 peccator
855 3777 1062 3830 essem!
1120 3795 1140 3828 ι
1177 3775 1431 3845 Dixitque
1485 3777 1552 3830 ad
1581 3791 1702 3830 eum
1745 3792 1758 3829 :
1795 3794 1812 3827 ι
1849 3776 1972 3829 Fle-

400 3877 607 3920 ctamus
632 3881 825 3934 genua.
853 3887 874 3918 ι
905 3867 1111 3921 Etcum
1156 3867 1302 3921 humi
1340 3868 1595 3936 prostrati
1634 3875 1838 3930 essent,
1865 3867 1969 3920 im-

402 3959 582 4028 posuit
615 3959 899 4012 hierarcba
945 3974 1137 4012 manus
1173 3968 1363 4014 sancto
1399 3958 1669 4029 Ephrem;
1704 3959 1969 4014 recitans-

397 4065 504 4119 que
533 4052 830 4105 orationem
865 4051 1118 4115 diaconi,
1174 4051 1302 4105 dicit
1351 4052 1416 4104 ad
1441 4052 1625 4118 'ipsum
1658 4072 1669 4105 :
1713 4070 1732 4102 ι
1778 4049 1971 4116 Qmeso

403 4153 456 4196 te
482 4182 497 4205 ,
532 4159 627 4198 nos
653 4144 819 4212 erige.
854 4161 872 4194 ›
903 4145 1076 4212 Atque
1121 4153 1249 4196 tunc
1279 4144 1454 4198 soluta
1483 4152 1537 4197 et
1581 4144 1828 4212 expedita
1852 4143 1969 4212 ejus

399 4234 602 4303 .ingua,
636 4235 771 4288 dixit
801 4233 860 4288 S.
890 4235 1123 4304 Ephrem
1160 4235 1305 4289 clare
1341 4235 1519 4304 lingua
1542 4234 1770 4290 Graeca:
1805 4254 1823 4286 ι
1852 4234 1968 4289 Sal-

399 4341 486 4390 va,
521 4327 777 4380 miserere
805 4367 820 4392 ,
849 4327 1136 4390 resuscita,
1163 4336 1218 4381 et
1255 4327 1467 4380 custodi
1496 4343 1592 4380 nos
1623 4366 1638 4392 ,
1681 4327 1840 4392 Deus,
1878 4338 1964 4380 tua

1854 3065 1973 3101 Ιὶέὶιιὶ
2005 3083 2046 3136 C

3517 299 3668 339 CCCXI

2097 495 2370 564 sbyterum
2421 493 2557 563 (5.4),
2603 509 2696 548 eos
2745 495 2956 551 dimisit
3005 497 3057 551 in
3094 509 3250 565 pace,
3301 493 3669 564 gloriﬁcantes

2101 585 2288 648 Deum,
2313 573 2372 638 in
2392 585 2646 639 omnibus
2685 601 2804 654 quae
2834 589 3124 651 viderant,
3150 588 3292 641 sicut
3316 587 3522 640 dictum
3582 595 3666 639 est

2095 681 2162 733 ad
2187 692 2304 732 eos.

2721 793 2948 848 CAPUT
2973 790 3055 846 lV.

2101 908 2361 975 Reslituta
2391 905 2696 963 orthodoais
2732 908 2964 960 Nica’nis
2993 905 3231 958 ecclesia.
3261 904 3490 958 Castitas
3529 901 3667 956 Petri

2167 979 2437 1032 Sebnsleni
2475 986 2716 1048 probata.
2757 975 3078 1031 I’eccatricis
3112 976 3358 1028 etJmla'i
3381 976 3665 1028 conversio.

2093 1066 2098 1072 '
2166 1049 2330 1102 Mors.

2168 1138 2294 1192 Post
2329 1137 2714 1210 ValentisDeo
2749 1137 2899 1191 exosi
2955 1137 3243 1188 adventum
3302 1135 3368 1188 ad
3403 1150 3520 1198 nos,
3577 1134 3664 1201 qui

2095 1244 2228 1283 avus
2254 1228 2367 1298 (55)
2420 1227 2522 1280 fuit
2562 1226 2759 1282 Juliani
2795 1227 3086 1294 Apostatae,
3122 1233 3422 1278 revertente
3454 1225 3569 1292 ipso
3601 1223 3666 1274 ad

2095 1320 2462 1374 beatissimam
2496 1316 2840 1372 Constantini
2883 1316 3070 1370 urbem
3114 1330 3178 1369 ac
3218 1323 3532 1367 transeunte
3570 1311 3664 1364 Ni-

2093 1427 2255 1466 czcam
2279 1427 2292 1474 ;
2320 1417 2667 1463 accesserunt
2697 1408 2762 1462 ad
2791 1423 2910 1461 eum
2953 1407 3223 1476 principes
3252 1405 3464 1459 Arianae
3493 1403 3666 1456 haere-

2092 1502 2187 1567 sis,
2234 1500 2674 1570 ﬂagitaruntque,
2735 1497 3313 1554 consubstantialitatis
3367 1503 3666 1548 assertores

2092 1603 2276 1646 sancta
2328 1593 2591 1647 catholica
2644 1590 2875 1646 ecclesia
2932 1589 3228 1652 deturbari,
3268 1588 3454 1654 eisque
3494 1586 3662 1654 ipsam

2099 1688 2253 1739 tradi.
2293 1686 2464 1740 Porro
2491 1699 2755 1755 tyrannus
2795 1693 2850 1736 et
2883 1683 3135 1751 indignus
3167 1695 3421 1749 purpura,
3449 1679 3539 1747 qui
3569 1693 3666 1732 ex-

2091 1780 2364 1830 secrandae
2393 1777 2605 1830 illorum
2643 1776 2866 1828 haeresis
2901 1773 3309 1840 antesignanum
3344 1778 3548 1839 ageret.
3572 1782 3665 1836 pe-

2092 1863 2202 1915 titis
2245 1862 2828 1931 annuit;depulsoque
2875 1862 3094 1916 militari
3151 1875 3310 1912 manu
3363 1858 3662 1912 orthodoxa

2089 1954 2304 2022 populo,
2346 1954 2631 2008 ecclesiam
2669 1954 2888 2008 tradidit
2926 1953 3161 2005 Arianis.
3205 1950 3437 2004 Mmrens
3483 1950 3663 2018 itadue

2089 2047 2269 2100 animo
2297 2047 2416 2114 pius
2450 2047 2627 2100 omnis
2683 2048 2932 2115 populus,
2967 2045 3055 2096 diu
3116 2053 3382 2111 noctuque
3433 2041 3664 2094 orabant

2088 2132 2278 2197 Deum,
2310 2143 2368 2188 ut
2402 2149 2470 2188 ne
2510 2135 2626 2202 ejus
2655 2133 2884 2188 ecclesia
2917 2132 3187 2188 stabulum
3222 2133 3376 2186 lieret
3401 2140 3454 2185 et
3493 2131 3662 2184 senti‘

2088 2241 2156 2278 na
2184 2227 2481 2281 liarreseon.
2512 2225 2693 2295 Pergit
2733 2225 2913 2293 itaque
2945 2223 3174 2278 Nicazam
3222 2221 3524 2278 communis
3560 2220 3663 2276 Ec-

2087 2317 2371 2372 clesiarum
2399 2334 2598 2388 praeses
2618 2318 2878 2383 Basilius,
2906 2318 2971 2370 ad
3011 2332 3168 2388 quem
3197 2332 3529 2372 concurrens
3547 2317 3663 2368 uni-

2088 2425 2241 2465 versa
2277 2411 2703 2465 orthodoxorum
2749 2411 3054 2476 multitudo,
3084 2411 3250 2463 multo
3281 2408 3518 2462 clamore
3559 2423 3659 2462 ex-

2087 2503 2357 2573 postulant
2408 2503 2748 2572 imperatoris
2801 2501 3072 2570 injuriam.
3131 2504 3202 2556 At
3260 2501 3349 2555 ille
3385 2501 3453 2554 ad
3503 2515 3596 2556 eos
3642 2519 3656 2554 :

2092 2612 2112 2645 ι
2158 2593 2254 2661 Ne,
2280 2595 2458 2649 dilecti
2495 2594 2612 2661 ﬁlii,
2647 2593 3026 2663 ploraveritis:
3066 2594 3478 2662 haudquaquam
3512 2593 3658 2646 enim

2087 2684 2229 2737 istud
2258 2683 2401 2738 Deus
2443 2683 2495 2736 in
2531 2683 2690 2737 ﬁnem
2733 2683 3012 2751 permittet
3045 2701 3057 2735 :
3099 2683 3362 2737 sustinete
3391 2697 3520 2738 vero
3543 2683 3678 2738 lon~~

2085 2777 2326 2848 ganimes
2359 2775 2527 2842 ipsius
2557 2775 3008 2830 misericordiam.
3039 2793 3057 2825 ι

2156 2867 2351 2927 Porro.
2407 2871 2690 2936 ingressus
2731 2864 3278 2934 Constantinopolim,
3330 2866 3420 2920 ubi
3466 2866 3662 2920 Valen-

2087 2969 2193 3012 tem
2244 2960 2625 3026 imperatorem
2677 2956 2921 3020 vidisset,
2957 2956 3095 3011 dixit
3130 2975 3145 3010 :
3195 2975 3213 3008 ε
3249 2956 3294 3011 Ο
3337 2958 3653 3026 imperator,

2091 3048 2274 3115 Honor
2315 3050 2448 3118 regis
2471 3047 2739 3117 judicium
2770 3048 2943 3115 diligit
2993 3046 3102 3117 (c):
3138 3048 3322 3116 aitque
3358 3045 3652 3114 Sapientia,

2080 3139 2352 3192 Iudicium
2384 3142 2516 3208 regis
2539 3140 2757 3208 justitia
2792 3139 2892 3210 (ιι).
2925 3137 3032 3193 Cur
3049 3153 3176 3207 ergo
3204 3138 3543 3208 praesumpsit
3569 3148 3658 3191 tua

2082 3231 2402 3297 dominatio,
2445 3232 2762 3286 orthodoxis
2787 3247 2881 3285 sua
2924 3232 3161 3300 ipsorum
3196 3228 3422 3284 ecclesia
3466 3229 3632 3298 pulsi:

2080 3322 2222 3377 male
2242 3337 2405 3376 sanos
2437 3323 2490 3374 in
2520 3323 2622 3377 ﬁde
2664 3323 2717 3376 in
2754 3337 2874 3376 eam
2913 3321 3169 3374 mittere?
3203 3340 3221 3372 ›
3254 3323 3341 3374 Ait
3370 3319 3562 3374 Valens
3589 3323 3656 3375 ad

2081 3428 2243 3469 eum:
2288 3431 2306 3465 ι
2348 3412 2676 3477 Rursumne,
2713 3413 2898 3479 Basili,
2948 3413 3012 3465 ad
3051 3412 3428 3465 contumeliam
3465 3428 3655 3466 versus

2081 3504 2176 3558 es?
2199 3505 2271 3558 Ea
2307 3518 2396 3558 res
2418 3505 2514 3558 tibi
2539 3520 2645 3559 non
2671 3505 2940 3573 congruit.
2980 3523 2999 3555 ›
3040 3506 3129 3557 Ait
3161 3515 3380 3559 sanctus
3411 3522 3425 3557 :
3457 3523 3476 3554 ι
3511 3504 3654 3559 Con-

2081 3596 2224 3664 gruit
2259 3596 2411 3662 mihi,
2441 3607 2499 3649 ut
2522 3611 2617 3665 pro
2644 3595 2856 3664 justitia
2897 3597 3146 3666 bonoque
3180 3597 3341 3650 etiam
3371 3599 3592 3650 moriar.
3626 3615 3647 3647 ι

2081 3689 2380 3758 Imperator
2403 3689 2470 3742 ad
2519 3704 2640 3742 eum
2671 3706 2684 3740 :
2722 3706 2740 3739 ι
2777 3687 2942 3751 Vade,
2972 3697 3025 3740 tu
3054 3699 3173 3742 esto
3219 3689 3357 3741 inter
3386 3697 3650 3755 utrosque

2070 3780 2282 3849 judex:
2341 3781 2466 3835 vide
2517 3789 2718 3844 tamen,
2754 3790 2813 3834 ut
2863 3794 2929 3832 ne
2969 3778 3234 3834 aﬂ‘ectioni
3287 3779 3352 3832 ad
3395 3781 3650 3848 populum

2081 3882 2228 3927 tuum
2261 3872 2630 3926 concesseris:
2658 3886 2763 3925 non
2794 3871 2937 3926 enim
2966 3871 3140 3926 decet.
3174 3889 3192 3921 ι
3229 3870 3316 3924 Ait
3355 3869 3445 3925 ille
3481 3871 3653 3940 impe-

2078 3963 2284 4019 ratori:
2334 3982 2352 4015 ι
2416 3963 2474 4018 Si
2530 3962 2784 4031 habueris
2831 3976 2938 4032 quo
2983 3961 3347 4030 reprehendas
3383 3961 3647 4031 judicium

2079 4072 2278 4120 meum,
2302 4054 2444 4124 iuste
2478 4063 2534 4109 et
2569 4070 2654 4109 me
2689 4053 2882 4108 exsilio
2925 4054 3128 4123 relega,
3158 4061 3216 4107 et
3254 4050 3376 4108 illos
3416 4051 3644 4120 expelle,

2076 4149 2471 4217 ecclesiamque
2511 4146 2808 4201 victoribus
2841 4146 3036 4200 tribue.
3079 4165 3098 4197 ι
3121 4145 3325 4200 Abiens
3347 4144 3526 4213 itaque
3555 4143 3648 4197 Ni-

2075 4258 2240 4296 eaeam
2267 4257 2390 4296 cum
2437 4241 2634 4295 litteris
2675 4240 2938 4304 Valentis,
2976 4240 3253 4293 admonuit
3309 4239 3538 4293 Arianos
3594 4247 3649 4291 et

2077 4334 2212 4388 dixit
2249 4349 2263 4388 :
2305 4350 2324 4384 ‹
2374 4332 2510 4385 Ecce
2561 4332 2856 4399 imperator
2906 4330 3038 4383 mihi
3087 4329 3335 4395 iniunxit,
3396 4328 3580 4382 dicens
3630 4344 3644 4380 :

395 4419 592 4487 gratia.
631 4437 649 4470 ι
678 4419 747 4474 Et
780 4419 997 4489 impleta
1024 4429 1106 4475 est
1137 4417 1455 4489 Scriptura:
1495 4419 1640 4473 Tunc
1683 4420 1834 4473 saliet
1862 4421 1966 4474 εἰσ·
2000 4434 2044 4487 ι)
2068 4426 2219 4482 Vade
2247 4432 2300 4478 et
2333 4423 2477 4490 juste
2521 4423 2663 4475 inter
2697 4422 2947 4485 Arianos,
3000 4430 3054 4475 et
3106 4421 3195 4490 qui
3239 4419 3458 4488 sapiunt
3510 4434 3646 4473 con-

397 4521 452 4563 ut
479 4528 654 4565 cervus
702 4514 952 4576 claudus,
998 4522 1045 4564 et
1078 4521 1261 4580 aperta
1300 4513 1398 4564 erit
1445 4511 1624 4582 lingua
1671 4512 1965 4565 balbutien-

397 4606 532 4656 tium
567 4603 660 4675 (ὁ).
690 4602 933 4672 Cunique
964 4603 1054 4656 ille
1077 4619 1141 4657 ex
1184 4613 1427 4672 tempore
1455 4604 1637 4656 Omnia
1666 4603 1855 4658 Griece
1881 4603 1962 4657 lo-

397 4708 677 4766 queretur,
712 4700 824 4766 ipsa
856 4699 992 4752 hora
1020 4697 1462 4767 gloriﬁcaverunt
1493 4697 1683 4759 Deum,
1715 4697 1808 4765 qui
1846 4711 1964 4749 om—

397 4793 483 4844 nia
509 4800 684 4859 potest
711 4799 766 4843 et
795 4791 1016 4844 exaudit
1050 4803 1239 4858 preces
1275 4788 1799 4858 timentiumgipsum.
1829 4787 1965 4856 Spi-

397 4885 535 4938 ritali
567 4885 745 4953 itaque
773 4883 957 4936 lzetitia
994 4897 1117 4938 cum
1153 4881 1260 4936 illis
1287 4881 1464 4936 triduo
1501 4880 1740 4936 refectus
1763 4920 1780 4945 ,
1811 4881 1964 4936 ordi-

466 5015 574 5084 (54)
607 5014 1033 5068 Praedecessores
1061 5015 1226 5068 negtri
1259 5014 1276 5066 l
1323 5013 1624 5084 Februarii,
1681 5013 1730 5084 in
1790 5012 1955 5084 Com-

397 5081 658 5138 mentario
679 5086 875 5152 praevio
904 5087 968 5138 a.l
1005 5095 1124 5137 acta
1155 5085 1212 5138 S.
1251 5085 1479 5153 Ephrem
1520 5082 1643 5152 Syri
1694 5081 1720 5153 §
1762 5084 1794 5136 3
1819 5124 1832 5142 ,
1882 5081 1950 5135 de

395 5157 560 5222 gradu
614 5154 730 5221 ejus
796 5155 1164 5208 ecclesiastico
1220 5156 1599 5221 disputantes,
1640 5153 1953 5221 judicarunt

396 5225 526 5276 nihil
557 5227 768 5287 obesse,
803 5239 908 5292 quo
941 5225 1122 5276 minus
1156 5226 1438 5293 presbyter
1496 5225 1777 5276 ordinatus
1802 5224 1950 5293 credi

393 5303 613 5360 posset,
655 5294 701 5348 si
765 5305 1040 5348 constaret
1083 5293 1258 5347 Vitam
1314 5292 1453 5346 hanc
1480 5296 1545 5345 ab
1573 5292 1950 5358 Amphilochio

393 5365 647 5428 scriptam
687 5377 853 5418 esse:
890 5379 1013 5417 nam
1053 5363 1277 5430 objectis
1314 5379 1342 5415 a
1401 5363 1633 5414 Baronio
1686 5361 1951 5430 satisfacit

391 5434 748 5487 Coinbeiisius
796 5434 902 5488 hic.
936 5429 1135 5487 Verum
1187 5447 1310 5488 cum
1346 5433 1458 5486 lta-c
1498 5435 1629 5484 Acta
1671 5429 1950 5500 Amphilo-

393 5505 498 5556 chii
532 5505 796 5568 nousint,
841 5503 1042 5557 nullum
1066 5511 1313 5573 superest
1349 5502 1755 5556 l'umlamentum
1799 5515 1948 5553 asse-

466 5637 543 5702 (a)
578 5635 719 5689 Psal.
758 5613 943 5696 cxuv,
976 5635 1059 5688 l9.

467 5711 538 5762 (ω
573 5708 672 5760 lsa.
712 5721 873 5768 xxxv.
911 5706 964 5761 6.

2073 4513 2614 4577 substantialitatem,
2641 4527 2802 4578 super
2825 4511 3079 4572 ecclesia,
3119 4525 3278 4579 quam
3303 4519 3511 4564 armata
3541 4511 3644 4579 ipsi

2084 4621 2242 4659 manu
2275 4602 2546 4672 rapuiStis,
2577 4601 2778 4670 judica.
2825 4620 2842 4652 ι
2871 4601 2941 4654 At
2969 4601 3044 4654 illi
3078 4618 3091 4654 :
3129 4619 3147 4650 ι
3183 4599 3288 4654 Sed
3327 4615 3394 4654 ex
3417 4594 3646 4669 impera-

2083 4696 2215 4750 toris
2249 4694 2540 4749 sententia.
2576 4710 2595 4744 ι
2622 4692 2756 4746 Tum
2791 4692 2879 4747 ille
2908 4710 2921 4746 :
2951 4711 2970 4744 ι
3002 4691 3209 4756 Venite,
3235 4691 3442 4759 ipsique
3469 4700 3526 4744 et
3549 4705 3645 4745 or»

2071 4784 2332 4849 thodoxi;
2368 4782 2682 4850 clausaque,
2714 4790 2770 4836 et
2810 4791 3164 4850 utrorumque
3199 4781 3391 4849 sigillis
3434 4780 3644 4834 munita

2069 4876 2318 4940 ecclesia,
2351 4875 2624 4943 'datisque
2674 4874 3019 4940 custodibus,
3065 4887 3160 4927 vos
3209 4872 3367 4942 primi
3423 4881 3642 4937 euntes,

2069 5010 2220 5065 reudi
2262 5008 2495 5079 Ephrem
2530 5008 2907 5079 presbyterum
2962 5005 3167 5079 fuisse:
3200 5005 3373 5075 potuit
3399 5004 3540 5079 enim
3566 5003 3642 5079 an

2069 5082 2171 5135 hoc
2199 5073 2442 5142 auctore,
2469 5073 2560 5130 aut
2595 5073 2711 5130 alio'
2741 5077 2926 5143 simili,
2976 5076 3148 5145 decipi
3195 5073 3384 5130 auctor
3408 5073 3644 5127 Meuelo-

2066 5152 2134 5221 gii
2165 5148 2345 5221 Basilii
2372 5147 2741 5221 imperatoris.

2139 5220 2249 5289 (55)
2275 5219 2350 5273 De
2388 5213 2489 5271 hoc
2513 5216 3117 5289 pseudo-Ampltiloebii
3168 5228 3360 5289 errore
3411 5213 3521 5289 egi
3572 5214 3643 5289 ad

2064 5283 2349 5358 l’rologum
2378 5307 2391 5342 :
2418 5283 2680 5358 ubi—gnoto
2716 5283 2872 5356 quod
2889 5288 3003 5342 lucc
3030 5286 3256 5358 historia
3303 5285 3368 5338 de
3413 5283 3642 5358 ecclesia

2068 5351 2313 5429 Nic-aeria,
2350 5355 2662 5429 ortltodoxis
2708 5351 2953 5429 réstituta
2987 5359 3099 5429 sub.
3135 5356 3390 5419 Valente,
3439 5351 3642 5407 omissa

2062 5441 2143 5484 est
2180 5430 2246 5482 ab
2275 5427 2411 5482 Urso
2438 5429 2577 5495 apud
2606 5426 2984 5498 Rosweydum.

2133 5631 2205 5696 lc)
2235 5625 2379 5680 Psal.
2413 5624 2684 5696 XCVIII)!“

2131 5694 2208 5770 (ά)
2249 5697 2404 5752 Prov.
2439 5694 2657 5759 X\'l,13.
