4076 6226
401 314 578 360 cccxx:
1776 295 2305 353 PROLEiiOMENA.

405 412 698 485 precamini
747 412 936 467 diebus
975 409 1170 475 tribus,
1222 420 1277 464 et
1318 409 1488 465 tribus
1542 411 1813 477 noctibus,
1843 421 1983 466 tutn-
2012 417 2060 473 Α
2087 427 2191 482 qua
2224 413 2388 468 etiam
2413 412 2603 467 Ariani
2636 412 2990 469 intraverant.
3013 411 3209 481 Aitqne
3225 413 3453 483 populo:
3486 431 3505 466 ι
3538 413 3665 470 τοι.

406 521 512 574 que
541 504 608 560 ad
642 504 926 561 ecclesiam
957 502 1395 572 proficiscimini.
1430 503 1584 570 Quod
1616 504 1662 558 si
1690 503 1778 558 illa
1811 505 1986 574 preci-

408 600 510 653 bus
536 597 732 654 vestris
765 603 949 665 aperta
977 594 1130 651 vobis
1167 595 1422 665 patuerit,
1468 603 1678 650 maneat
1716 604 1984 651 aeternum

407 688 571 744 vestri
601 687 774 755 juris;
807 686 889 741 sin
918 701 1070 751 vero,
1113 687 1280 741 etiam
1321 686 1423 757 ipsi
1446 693 1661 742 noctem
1690 701 1854 741 unam
1888 686 1988 740 du-

406 795 592 835 cemus
641 778 982 849 pervigilem,
1027 780 1336 851 ibimusque
1364 794 1488 836 cum
1519 779 1744 852 psalmis
1783 779 1987 849 suppli-

406 867 580 922 cando
633 868 701 922 ad
731 869 1009 937 praefatam
1058 869 1378 935 ecclesiam;
1436 879 1489 925 et
1534 869 1800 938 siquidem
1832 869 1988 925 nobis

407 960 661 1029 patuerit,
694 961 801 1015 erit
831 971 1014 1017 nostra
1048 961 1101 1016 in
1138 972 1457 1032 perpetuum
1491 978 1505 1014 :
1539 963 1622 1018 sin
1654 976 1781 1017 vero
1810 976 1986 1030 neque

408 1051 568 1107 nobis
623 1051 789 1107 fuerit
826 1063 1036 1123 aperta,
1072 1053 1153 1109 sic
1198 1070 1416 1110 rursum
1448 1064 1629 1110 vestra
1663 1055 1787 1119 erit,
1824 1062 1988 1122 utque

406 1152 642 1196 vestram
679 1144 1016 1211 acceperitis.
1047 1162 1065 1194 ι
1095 1142 1304 1198 Placuit
1333 1152 1513 1198 autem
1539 1157 1721 1198 sermo
1756 1147 1873 1211 ejus
1901 1156 1988 1196 eo.

408 1247 526 1287 ram
555 1232 806 1299 Arianis;
842 1234 932 1303 qui
990 1249 1116 1289 vero
1161 1233 1478 1289 videbantur
1522 1248 1643 1288 esse
1673 1232 1984 1297 orthodoxi,

406 1323 555 1378 velut
605 1338 712 1378 non
743 1324 890 1394 juste
925 1324 1243 1393 iudicasset,
1281 1322 1790 1395 _reprebendebant.
1822 1322 1983 1377 Multa

408 1416 592 1484 itaque
619 1415 870 1470 cautione
894 1419 961 1470 ab
1005 1415 1250 1485 utrisque
1280 1415 1540 1479 adhibita,
1569 1415 1682 1470 dati
1720 1423 1852 1470 sunt
1887 1430 1985 1470 cu-

408 1507 614 1570 stodes,
633 1506 727 1576 qui
756 1504 1032 1576 diligentia
1054 1506 1201 1562 omni
1224 1506 1560 1561 custodirent
1582 1508 1984 1563 sanctissimam

407 1596 712 1657 ecclesiam.
760 1596 896 1652 Cum
942 1598 1144 1666 itaque,
1175 1598 1329 1669 juxta
1382 1599 1555 1653 sancti
1596 1598 1783 1654 l’atrls
1820 1599 1985 1655 nostri

409 1685 590 1741 Basilii
640 1687 943 1752 decretum,
976 1687 1162 1742 Ariani
1199 1699 1309 1743 tres
1358 1688 1478 1742 illos
1524 1688 1642 1744 dies
1690 1697 1985 1759 noctesque

2089 504 2182 559 lite
2236 519 2429 559 manus
2479 514 2689 559 vestras
2731 504 2786 558 in
2849 504 3080 559 sublime
3120 506 3265 569 cmli,
3296 516 3663 577 contentoque

2087 597 2268 650 animo
2296 597 2569 653 clamate:
2599 596 2850 662 Domine,
2889 598 3199 652 miserere.»
3221 598 3356 652 Tum
3384 601 3664 670 consigna-

2091 697 2144 742 to
2174 689 2393 758 populo,
2414 688 2694 743 silentium
2727 688 2948 755 indicit;
2983 697 3174 760 terque
3201 701 3405 745 sancte
3422 692 3662 747 ecclesiae

2086 789 2272 849 portas
2301 778 2502 850 signat,
2538 789 2593 834 et
2623 780 2737 835 ait:
2789 798 2808 831 ‹
2842 779 3167 837 Benedictus
3211 779 3357 836 Deus
3393 782 3661 837 Christia-

2087 886 2302 936 norum,
2332 870 2385 924 in
2432 870 2625 926 stecula
2667 871 3008 927 saeculorum.
3047 872 3240 928 Amen.
3282 891 3303 925 ι
3342 872 3451 928 Hac
3505 888 3666 942 porro

2087 961 2334 1016 oratione
2387 963 2605 1017 contriti
2639 975 2765 1018 sunt
2811 974 3014 1030 vectes,
3056 975 3113 1020 et
3159 964 3340 1020 claves
3367 964 3660 1023 confracta:

2086 1068 2207 1110 eum
2240 1055 2499 1125 pessulis;
2552 1066 2863 1126 apertaque
2908 1066 3034 1112 sunt
3058 1058 3238 1128 ianum
3273 1058 3396 1113 forti
3421 1074 3577 1120 aura,
3609 1068 3666 1112 et

2089 1146 2153 1199 ad
2201 1161 2382 1198 muros
2426 1146 2578 1201 illisa:
2608 1162 2620 1198 :
2673 1147 2894 1216 ipseque
2927 1149 3211 1219 deiloqnus
3252 1149 3306 1204 in
3339 1149 3427 1203 illa
3461 1151 3660 1205 verba:

2090 1235 2278 1292 Tollite
2312 1248 2513 1305 portus,
2547 1240 2832 1309 principes,
2858 1252 3078 1307 vestras,
3107 1250 3158 1295 et
3176 1241 3473 1307 eleramini,
3503 1251 3668 1310 porta:

2088 1329 2363 1382 a'ternales
2402 1328 2504 1399 (α),
2532 1330 2836 1384 orthodoxo
2882 1330 3079 1399 populo
3120 1332 3340 1395 comite,
3392 1333 3664 1403 ingressus

2087 1428 2165 1471 est
2208 1420 2259 1471 in
2308 1431 2554 1472 sanctam
2611 1419 2705 1473 Dei
2755 1419 3041 1474 ecclesiam
3080 1438 3094 1473 :
3136 1424 3459 1490 expleloque
3491 1423 3669 1477 missa:

2091 1509 2292 1575 oliicio,
2327 1511 2534 1565 dimisit
2561 1510 2811 1581 populum
2840 1527 2962 1565 cum
2993 1510 3174 1567 laetitia
3202 1522 3257 1568 et
3282 1528 3431 1581 pace,
3467 1515 3671 1585 glorifi-

2089 1612 2302 1657 eatuem
2318 1601 2508 1668 Deum,
2525 1604 2619 1674 qui
2638 1619 2741 1658 non
2760 1604 3006 1673 despexit
3028 1604 3362 1660 confidentes
3381 1607 3433 1660 in
3452 1607 3623 1674 ipsum
3649 1624 3663 1659 :

2091 1695 2372 1747 innumera
2412 1704 2591 1747 autem
2645 1692 2972 1748 Arianorum
3022 1694 3334 1760 multitudo,
3391 1710 3531 1752 novo
3577 1696 3671 1751 ill'o

408 1775 609 1844 precati
647 1783 849 1840 essent,
879 1791 943 1828 ac
960 1789 1085 1847 cum
1110 1774 1503 1845 supplicatione
1523 1774 1588 1829 ad
1617 1784 1862 1830 sanctam
1893 1774 1984 1828 Dei

2097 1784 2360 1840 miraculo
2389 1786 2737 1850 confirmata,
2789 1786 3194 1842 abrenuntiavit
3255 1787 3468 1851 haeresi,
3505 1803 3570 1842 ac
3613 1788 3666 1842 in

408 1866 694 1922 ecclesiam
721 1866 991 1935 progressi
1024 1874 1232 1931 essent,
1256 1866 1445 1934 sicque
1477 1880 1506 1918 a
1540 1878 1702 1918 mane
1728 1878 1900 1933 usque
1923 1865 1988 1917 ad

408 1963 616 2012 sextam
638 1956 914 2021 fecissent,
939 1957 1240 2013 clamantes
1263 1956 1428 2012 illud:
1462 1974 1483 2009 ι
1510 1955 1756 2023 Domine,
1776 1956 1994 2010 misere.

410 2066 490 2116 re,
535 2067 556 2102 ι
593 2065 696 2106 non
717 2058 1006 2120 estaperta
1040 2048 1271 2105 ecclesia
1300 2069 1313 2105 ;
1345 2048 1629 2119 fractaque
1667 2048 1834 2103 animi
1868 2064 1992 2104 con-

411 2144 673 2206 tentione,
697 2141 948 2197 abierunt
970 2155 1027 2196 re
1058 2140 1282 2199 infecta.

483 2238 776 2292 Aitautem
820 2246 1041 2292 sanctus
1072 2236 1304 2291 Basilius
1341 2234 1497 2308 (56):
1536 2256 1556 2288 ι
1604 2236 1743 2293 Ecce
1791 2235 1997 2293 fecistis

409 2339 469 2382 ut
514 2327 867 2384 constitutum
914 2335 1033 2381 erat
1070 2344 1084 2381 :
1129 2343 1252 2392 nec,
1285 2339 1343 2382 ut
1381 2328 1587 2397 accepi,
1620 2327 1773 2382 vobis
1805 2339 1990 2397 aperta

410 2434 493 2481 est
515 2422 778 2480 ecclesia:
804 2421 977 2476 adhuc
993 2432 1048 2477 et
1079 2422 1177 2493 ipsi
1209 2422 1555 2490 precabimur
1570 2428 1785 2477 noctem
1806 2435 1992 2483 unam,

411 2526 468 2573 et
496 2513 852 2586 supplicando
906 2511 1337 2583 processerimus
1371 2529 1385 2565 :
1436 2510 1579 2581 quod
1622 2510 1666 2565 si
1707 2524 1810 2565 nec
1840 2510 1995 2565 nobis

409 2607 578 2663 fuerit
614 2615 801 2675 aperta
827 2603 1082 2665 ecclesia,
1115 2617 1237 2658 eam
1260 2603 1361 2672 ipsi
1389 2602 1622 2671 accipite
1654 2601 1807 2669 juxta
1844 2600 1994 2669 judi-

410 2699 553 2754 cium
574 2711 773 2753 meum.
809 2714 829 2750 ι
854 2696 1151 2750 Assumens
1179 2694 1364 2764 itaque
1389 2703 1612 2749 sanctus
1631 2692 1789 2748 Pater
1810 2702 1994 2749 noster

410 2787 735 2845 etEcclesize
769 2801 990 2856 praeses,
1016 2786 1270 2857 populum
1304 2786 1692 2851 orthodoxam,
1719 2800 1842 2841 cum
1876 2801 1995 2841 mu.

411 2881 638 2939 lieribus
670 2888 726 2936 et
754 2879 1020 2951 parvulis,
1052 2878 1202 2935 foras
1254 2879 1533 2935 civitatem
1582 2879 1882 2948 egreditur,
1935 2878 1989 2932 in

413 2974 673 3047 templum
713 2973 887 3030 sancti
934 2982 989 3027 et
1014 2971 1235 3043 gloriosi
1269 2971 1523 3042 martyris
1558 2970 1867 3030 Diomedis;
1896 2985 1991 3023 ex-

2092 1876 2450 1931 orthodoxam
2482 1876 2639 1931 fidem
2674 1879 2974 1932 concessit.
3022 1875 3126 1932 Ubi
3190 1893 3321 1933 vero
3368 1879 3665 1949 imperator

2093 1967 2316 2022 rescivit
2340 1966 2484 2037 quod
2515 1977 2723 2038 gestum
2747 1977 2888 2031 erat,
2907 1969 3230 2038 vituperavit
3261 1970 3477 2038 quidem
3505 1970 3666 2025 Aria—
3730 1978 3733 1979 '

2094 2076 2175 2113 me
2206 2059 2428 2114 haeresis
2457 2060 2778 2128 nequitiam,
2827 2060 2964 2114 nihil
2994 2061 3200 2115 habens
3228 2074 3335 2130 quo
3385 2062 3560 2117 sancti
3618 2072 3669 2117 et

2094 2149 2274 2203 divina
2315 2150 2587 2221 sapientis
2614 2150 2794 2205 Patris
2821 2151 2989 2205 nostri
3030 2150 3215 2206 Basilii
3242 2151 3506 2220 judicium
3540 2169 3673 2208 car-7

2094 2252 2244 2310 peret
2267 2244 2439 2311 (nam,
2469 2242 2663 2312 inquit,
2689 2243 2854 2297 etiam
2876 2243 3030 2298 vobis
3044 2243 3276 2312 amplius
3301 2245 3675 2316 gratificavit),

2096 2332 2209 2402 ipse
2238 2340 2442 2395 tamen,
2495 2329 2607 2400 jam
2641 2331 2770 2385 olim
2825 2340 3007 2385 motus
3035 2331 3285 2387 sensibus
3327 2342 3670 2404 castratuqu

2093 2423 2272 2478 cordis
2309 2421 2530 2486 oculos,
2561 2436 2736 2491 neque
2760 2423 2839 2477 sic
2861 2431 2920 2476 ut
2951 2422 3018 2477 ad
3045 2422 3330 2476 Dominum
3386 2435 3668 2479 converte~

2096 2521 2243 2564 retur
2296 2510 2522 2579 adjecit;
2574 2511 2670 2565 sed
2726 2511 2927 2566 mansit
2976 2510 3204 2568 inﬂexus
3229 2522 3287 2568 et
3330 2514 3666 2583 obstinatus,

2093 2604 2313 2660 tradens
2343 2604 2396 2658 in
2431 2603 2576 2659 bello
2611 2605 2886 2675 spiritum,
2904 2613 3027 2678 post
3049 2621 3299 2677 magnam
3321 2607 3532 2664 cladem
3555 2625 3673 2664 am-

2094 2696 2287 2750 bustus
2328 2694 2380 2749 in
2406 2695 2698 2766 paleario,
2753 2696 2809 2751 in
2861 2697 3115 2767 partibus
3164 2697 3449 2767 Thracia);
3501 2715 3670 2770 eoque

2096 2786 2255 2840 modo
2288 2787 2518 2843 traditus
2564 2795 2648 2843 est
2680 2797 2886 2843 aeterno
2926 2789 3077 2858 igni,
3119 2790 3174 2845 in
3198 2791 3453 2846 saeculum
3489 2792 3677 2848 szeculi

2094 2879 2440 2934 cruciandus.

2166 2969 2310 3026 Bene
2360 2956 2658 3040 (58)-olim
2703 2971 2918 3026 divinus
2952 2971 3145 3036 David,
3173 2989 3271 3030 ceu
3321 2977 3542 3045 perenni
3577 2976 3666 3030 in-

366 3144 373 3149 _
411 3069 664 3140 pletaque
699 3076 858 3122 nocte
889 3063 1156 3136 pervigili,
1198 3080 1264 3118 ac
1296 3060 1580 3117 matutinis
1624 3056 1872 3131 precibus
1897 3062 1992 3127 ab-
2022 3092 2064 3149 ϐ
2098 3066 2365 3133 scnlptum
2391 3065 2507 3127 :Bl'i,
2536 3065 2837 3120 immortali
2889 3067 3033 3122 fama
3093 3069 3368 3137 publicum
3402 3068 3546 3133 fecit,
3587 3068 3670 3122 di-

413 3160 625 3223 solutis,
657 3157 910 3230 populum
952 3157 1180 3223 reducit,
1239 3163 1464 3210 cantans
1502 3153 1672 3208 illud:
1707 3173 1727 3205 ‹
1761 3154 1995 3207 Sanctus

414 3251 596 3317 Deus,
620 3259 842 3306 sanctus
877 3249 1055 3314 fortis,
1102 3256 1325 3303 sanctus
1359 3245 1702 3310 immortalis,
1736 3246 1995 3299 miserere

415 3343 606 3400 nobis:
645 3363 664 3396 ι
687 3342 1094 3412 ingrediturque
1112 3349 1312 3394 sanctae
1339 3339 1582 3394 ecclesia:
1607 3337 1833 3392 ferulam
1856 3337 1994 3409 (57),

491 3455 602 3529 (56)
630 3454 801 3529 Quam
827 3453 1068 3529 amplam
1099 3453 1381 3529 habuisset
1403 3451 1680 3529 l‘lyssenus
1708 3452 1991 3505 materiam

416 3543 516 3595 pro
557 3523 765 3580 funebri
796 3523 957 3579 simul
1004 3534 1060 3578 et
1099 3523 1484 3579 encomiastica
1531 3524 1784 3576 oratione
1816 3536 1990 3595 ,__qua

418 3591 922 3653 fratremBasilium
951 3596 1080 3649 Elia:
1126 3602 1520 3661 comparassrt,
1566 3601 1813 3646 sanctum
1845 3591 1993 3645 illum

419 3667 770 3724 introducens
804 3681 927 3721 cum
969 3665 1186 3719 Arianis
1220 3677 1316 3731 pro
1356 3664 1587 3718 ecclesia
1637 3663 1851 3716 Nicaena
1898 3663 1994 3715 de-

417 3745 739 3802 certantem,
769 3746 1026 3805 tanquam
1056 3735 1285 3789 alterum
1336 3734 1509 3789 Ellam
1548 3731 1996 3805 cuntsacerdoti-

421 3809 520 3863 bus
549 3805 677 3861 Baal
704 3804 1210 3876 super’ltolocansto
1236 3806 1248 3857 ι
1281 3808 1478 3876 verum
1503 3810 1658 3876 estne
1687 3804 1801 3857 hate
1823 3804 1997 3856 credi-

419 3879 547 3934 .iilis
575 3870 827 3940 historia,
864 3877 912 3932 si
942 3876 1107 3929 fuerit
1132 3877 1314 3943 ignota
1348 3870 1641 3944 Nysseno?

492 3946 606 4019 (57)
648 3945 857 4019 Ferula
882 3942 1208 4019 vesdhulum
1239 3985 1255 4010 ,
1297 3942 1405 4002 seu
1439 3944 1620 4013 potius
1643 3942 1885 4013 porticus
1928 3942 1995 3997 ad

422 4016 674 4089 ingrQSsn
676 4033 725 4069 ιιι
746 4016 1010 4089 ecclesiae.

492 4081 607 4159 (58)
637 4086 809 4153 Caput
834 4086 957 4147 hoc,
988 4081 1587 4159 inquit_(}omhelisins,
1623 4096 1691 4159 ex
1716 4081 1879 4159 unico
1904 4097 1997 4134 ro-

423 4152 544 4211 dice
568 4152 1043 4223 repraesentantus,
1062 4152 1423 4209 desiderante
1451 4152 1580 4207 alio.
1625 4152 1835 4223 Etenim
1885 4169 1997 4206 ute-

425 4237 597 4289 retur,
633 4222 681 4280 si
714 4227 857 4294 quod
880 4224 1048 4289 aliud,
1085 4224 1149 4277 ad
1175 4223 1391 4279 fabulas
1418 4222 1683 4291 relegari;
1713 4237 1818 4294 non
1843 4223 1994 4294 quod

425 4292 772 4349 continentiae
791 4295 1037 4362 probatio
1077 4308 1171 4363 per
1198 4295 1376 4364 ignem
1417 4307 1693 4364 nunquam
1721 4292 1882 4344 fuerit
1904 4295 1997 4344 ad-

425 4366 594 4421 hibita
640 4360 861 4425 (dicitur
898 4365 1040 4417 enim
1077 4360 1176 4417 tali
1220 4360 1490 4419 iniraculo
1526 4360 1750 4431 probata
1808 4364 1997 4415 uxoris

2097 3172 2273 3211 cens:
2314 3154 2601 3210 Generatio
2663 3168 2922 3211 rectorum
2974 3159 3304 3214 benedicatur
3338 3176 3357 3216 :
3388 3159 3559 3230 gloria
3620 3168 3673 3213 et

2095 3248 2295 3303 divitiae
2345 3249 2401 3300 in
2430 3248 2587 3303 domo
2646 3264 2832 3304 eorum
2862 3250 2962 3321 (b).
3007 3251 3150 3306 Vere
3203 3253 3348 3307 enim
3390 3252 3672 3322 generatio

2099 3349 2245 3393 recta
2268 3348 2322 3393 et
2351 3353 2538 3394 semen
2595 3338 2898 3410 longaevum
2922 3351 2977 3397 et
3008 3343 3283 3413 gentilitas
3320 3345 3499 3399 omnis
3551 3343 3669 3399 Deo

2098 3448 2476 3512 Sebastennm,
2499 3464 2722 3504 uxorem
2750 3452 2992 3507 habuerit
3017 3471 3032 3517 ;
3065 3463 3121 3509 et
3148 3454 3380 3510 alterum
3404 3466 3531 3510 natu
3564 3455 3664 3509 mi-

2098 3522 2301 3594 nimum
2330 3559 2346 3585 ,
2397 3529 2452 3594 et
2477 3520 2679 3594 prolem
2729 3534 3040 3578 sanctorum
3093 3535 3379 3594 parentum
3420 3527 3673 3581 duodeci-

2097 3604 2238 3665 mam
2270 3588 2456 3665 (credo
2479 3588 2746 3665 decimam
2787 3594 2968 3665 dicere
2995 3588 3258 3665 voluisse)
3305 3600 3663 3650 monasticam

2096 3660 2261 3729 vitam
2292 3660 2615 3727 professum.
2646 3660 2896 3717 Forsitan
2930 3665 3012 3718 vir
3059 3667 3163 3719 iste
3195 3660 3440 3720 erttditns
3472 3665 3662 3729 voluit,

2097 3728 2198 3782 hac
2226 3744 2320 3803 sua
2351 3730 2696 3799 cogitatione,
2724 3733 2962 3787 historia:
2990 3735 3179 3802 peritis
3206 3750 3510 3803 preponere
3553 3728 3665 3789 dis-

2097 3799 2313 3866 putandi
2369 3803 2650 3880 materiam
2682 3820 2697 3855 :
2732 3810 2785 3857 et
2815 3799 3104 3880 ostendere
3127 3799 3288 3880 quam
3308 3799 3552 3859 'diﬂicile
3575 3804 3667 3880 sit,

2097 3873 2457 3943 argumentis,
2484 3880 2537 3943 ut
2560 3873 2731 3935 aiunt,
2760 3873 3005 3938 positivis
3028 3875 3354 3928 convincere
3388 3890 3539 3938 eltltt,
3571 3878 3664 3943 qui

2096 3940 2409 4013 ohlirmavit
2434 3941 2674 4013 attimum
2712 3943 2934 4013 aliquid,
2967 3946 3214 4010 quamvis
3246 3944 3575 4013 paradoxum
3590 3940 3661 3998 'et

2097 4009 2350 4082 ttlllfllllus
2374 4010 2696 4082 inauditum,
2726 4009 3014 4082 sustinere.
3044 4009 3261 4066 Certum
3311 4014 3528 4082 quidem
3572 4025 3660 4068 est

2102 4079 2482 4148 tlasiliipatris
2535 4091 2589 4134 et
2636 4081 2907 4134 Etnmelim
2948 4081 3151 4135 liberos
3204 4079 3388 4137 decem
3443 4084 3673 4138 omnino

2101 4149 2306 4220 fuisse;
2337 4164 2405 4202 ex
2449 4150 2566 4203 istis
2603 4161 2833 4217 quatuor
2870 4150 3067 4205 fratres
3127 4160 3337 4205 tantum
3370 4155 3622 4208 novimus
3650 4194 3669 4220 ,

2102 4217 2509 4292 testeNysseno
2546 4220 2597 4272 in
2634 4220 2751 4274 Vita
2768 4220 3028 4292 illacrime
3059 4236 3160 4275 :ex
3210 4232 3448 4292 quatuor
3475 4217 3662 4277 fratri;

2101 4290 2220 4352 bus,
2248 4290 2290 4342 is
2313 4289 2404 4356 qui
2438 4292 2734 4343 secundum
2767 4288 3022 4344 Basiliam
3060 4302 3188 4345 natu
3228 4288 3503 4347 iunximus
3529 4304 3668 4356 erat,

2101 4356 2427 4413 Naucratius
2457 4361 2749 4413 vocabatur
2784 4377 2797 4414 :
2849 4361 3001 4415 locus
3027 4363 3188 4430 igitur
3235 4379 3340 4416 non
3380 4373 3465 4417 est
3510 4366 3669 4418 alteri

425 4435 710 4503 virginitas
734 4449 764 4488 a
801 4433 858 4488 S.
892 4434 1161 4488 Demetrio
1185 4436 1330 4489 inter
1370 4430 1711 4503 patriarchas
1755 4431 1993 4503 Alex_an-
2034 4437 2078 4494 ι)
2108 4430 2292 4503 l’etro,
2325 4430 2439 4503 _nisi
2485 4431 2753 4503 quinque__
2779 4430 2999 4494 fratres,
3053 4443 3241 4486 contra
3296 4435 3665 4489 testimoniqu

428 4499 616 4561 drinos
658 4505 1012 4567 duodecimo;
1050 4513 1106 4559 et
1156 4504 1223 4558 ab
1258 4499 1453 4559 abbate
1484 4503 1743 4571 quodam,
1796 4503 1851 4555 in
1882 4499 1998 4554 Vita

431 4580 491 4632 ὃ.
522 4574 748 4632 Joannis
771 4575 1194 4644 Eleemosynarii
1243 4574 1315 4629 25
1342 4573 1585 4629 Januarii
1612 4587 1832 4644 numer.
1867 4572 1996 4637 85);

428 4650 522 4700 sed
572 4646 713 4715 quod
771 4656 846 4699 tot
875 4642 1070 4715 fabulis
1099 4654 1153 4697 et
1178 4645 1394 4715 ineptiis
1425 4653 1752 4715 exornatum
1790 4642 1887 4705 sit,
1941 4651 1998 4694 ut

428 4714 781 4786 suam’palam
810 4715 968 4769 faciat
997 4714 1304 4769 falsitatem.
1336 4714 1494 4780 Nam,
1523 4725 1581 4767 ut
1614 4714 1858 4786 omittam
1882 4724 2001 4786 qua:

430 4782 797 4841 consideranti
822 4796 1026 4855 patent,
1063 4800 1336 4853 nunquam
1382 4786 1599 4838 vivente
1622 4782 1840 4855 ΔΒιιειιὶο
1898 4782 2000 4841 Pe-

431 4867 547 4911 trus
567 4852 921 4911 Sebastianum
945 4852 1309 4925 episcopatum
1328 4855 1519 4925 gessit,
1538 4852 1838 4925 ordinatus
1859 4866 1999 4905 anno

432 4927 625 4981 saltem
680 4941 790 4981 uno
840 4936 963 4994 post
978 4920 1217 4979 'mortetn
1249 4920 1434 4977 frairis
1468 4941 1481 4976 :
1510 4938 1782 4994 nunquam
1807 4920 2000 4994 Petrus

433 4997 767 5052 Sebastenus
801 4992 1086 5064 episcopus
1111 5010 1364 5063 sponsam
1396 5002 1489 5047 aut
1519 5008 1742 5046 uxorem
1773 4992 1995 5064 habuit:

432 5070 550 5133 sed,
587 5083 617 5119 a
645 5067 818 5135 prima
838 5061 1004 5119 tetate
1029 5061 1451 5135 per—Macrinam
1484 5077 1726 5135 sororem
1752 5076 1842 5135 pie
1868 5061 2000 5113 edu-

435 5148 589 5190 catus
617 5132 672 5190 εἰ
695 5138 998 5197 institutus,
1021 5134 1323 5188 solitariam
1347 5136 1514 5186 vitam
1550 5143 1605 5185 et
1630 5132 1996 5200 virginitatem

435 5207 638 5274 coluit;
675 5205 812 5260 utin
867 5204 983 5258 Vita
1023 5205 1194 5274 ipsius
1250 5205 1409 5274 Petri
1442 5202 2000 5274 a‘przedecessoribus

440 5277 573 5331 meis
601 5270 874 5330 ostensum
922 5284 1004 5326 est
1029 5270 1062 5328 9
1085 5272 1346 5328 Januarii.
1386 5273 1453 5325 At
1480 5270 1857 5333 Cotnbelisins,
1881 5285 1997 5323 cer-

437 5360 522 5400 tus
555 5345 733 5401 Vitam
770 5346 927 5407 hanc,
952 5345 1142 5396 saltent
1180 5355 1237 5395 ιιι
1265 5342 1600 5405 credibilem,
1630 5341 1853 5395 creditis
1896 5342 1998 5392 ob-

439 5418 674 5479 trudere,
706 5417 849 5470 sicut
869 5414 1095 5465 alterum
1118 5412 1399 5466 Libauinnt
1418 5412 1741 5480 sophistam,
1761 5410 1996 5464 alterum

436 5497 755 5555 quaestorem
799 5483 1005 5555 Juliani
1052 5483 1420 5555 excogitaret;
1460 5484 1535 5555 ita
1571 5494 1713 5533 nunc
1767 5482 1996 5555 alterum

437 5549 576 5609 inter
596 5557 795 5608 fratres
827 5553 1008 5606 Basilii
1037 5549 1470 5606 comminiscitur
1495 5549 1740 5613 Petrum,
1770 5550 1909 5603 inter
1930 5550 1994 5603 li-

429 5626 592 5681 beros
628 5632 749 5694 post
768 5623 1060 5679 Macrinam
1090 5622 1339 5690 primum,
1364 5623 1453 5692 qui
1478 5629 1609 5675 ante
1625 5621 1996 5690 episc0patum

498 5736 575 5805 (α)
600 5733 740 5788 PsaL
770 5746 928 5797 mn,
956 5729 1006 5797 7,
1034 5730 1089 5786 9.

2110 4495 2368 4571 Nysseni,
2397 4495 2666 4552 utut—teres.
2710 4499 2818 4555 Nec
2856 4511 3033 4556 tamen
3064 4513 3351 4571 propterea
3387 4505 3667 4558 credibilis

2108 4570 2563 4642 eonjectnralieri
2592 4579 2807 4642 potest,
2838 4571 2993 4642 alteri
3061 4587 3418 4642 praeterquam
3467 4573 3670 4642 juniori

2110 4654 2304 4692 nomen
2366 4639 2588 4694 inditum
2633 4640 2790 4696 Petro
2838 4640 3004 4695 fuisse
3035 4639 3126 4695 τ’δὶ
3151 4639 3294 4696 enini
3330 4639 3482 4697 alter'
3511 4644 3563 4697 iu
3604 4660 3670 4698 ea

2109 4709 2311 4782 latnilia
2336 4710 2558 4764 vixisset
2584 4710 2977 4782 Petrus,rcum
3038 4712 3255 4767 ultimus
3314 4715 3557 4782 prodiret
3614 4715 3667 4766 in

2109 4778 2306 4852 lucem,
2358 4781 2743 4834 verosimiliter
2796 4781 2883 4835 hic
2933 4783 3077 4852 aliud
3125 4778 3327 4838 nomen
3347 4784 3667 4850 accepisset.

2107 4849 2267 4915 Quin,
2325 4861 2384 4902 nt
2441 4853 2805 4906 concedamus
2856 4849 3671 4917 Comhelisio,alterum’fnisse

2107 4917 2326 4991 Petrum
2350 4919 2573 4973 fratrem
2601 4922 2812 4984 Basilii,
2843 4923 2934 4988 qui
2966 4923 3114 4991 prius
3172 4924 3517 4976 matrimonio
3555 4923 3672 4989 jun-

2109 5001 2260 5062 eius,‘
2276 4987 2448 5044 factus
2475 4991 2668 5044 deinde
2699 4993 2770 5044 sit
2793 4987 3083 5062 episcopus
3110 4991 3472 5059 Sehasteuns;
3498 4987 3671 5062 potuit

2109 5059 2160 5129 id
2184 5057 2356 5119 solum
2400 5070 2521 5126 post
2569 5069 2794 5114 mortem
2828 5057 3027 5115 Basilii
3061 5063 3349 5117 evenisse:
3383 5057 3510 5114 nam
3555 5063 3670 5129 ipso

2107 5125 2355 5188 florente,
2379 5125 2698 5183 Eustathius
2730 5133 2887 5184 istam
2914 5129 3213 5186 Eeclesiam
3258 5134 3512 5197 turbavit,
3565 5125 3669 5185 non

2109 5200 2286 5271 minus
2320 5213 2481 5267 quam
2526 5201 2865 5268 gubernavit.
2916 5204 3065 5255 Adde
3095 5211 3352 5271 pra-terea
3397 5202 3675 5255 silentium

2107 5269 2346 5340 omnium
2381 5272 2723 5338 antiquorum
2751 5286 2765 5322 :
2793 5286 2892 5326 nec
2919 5269 3105 5324 nuaur
3130 5276 3343 5340 quidem
3389 5289 3418 5324 ιι
3469 5271 3671 5325 Basilio

2109 5349 2201 5410 aut
2239 5335 2748 5407 Gregorio—exstare
2775 5343 2841 5392 ad
2894 5341 3066 5409 ipsum
3118 5335 3437 5410 epistolam;
3466 5342 3671 5394 nullam

2111 5406 2162 5481 i_u
2194 5418 2271 5481 tot
2288 5406 2508 5481 scriptis
2556 5406 2926 5481 mentionem.‘
2946 5412 3086 5476 Quid
3113 5406 3258 5481 quod
3291 5413 3401 5479 ipse
3438 5414 3670 5481 pseudo-

2106 5477 2539 5550 llmphilocb'tus,
2568 5480 2619 5531 in
2638 5481 2758 5550 line
2787 5481 2945 5550 hujus
2977 5477 3264 5545 Vitteftres
3287 5477 3459 5535 solum
3488 5480 3670 5534 Basilii

2110 5545 2307 5618 fratres
2337 5558 2603 5618 uolueret,
2634 5545 2879 5618 interque
2903 5567 2996 5605 eos
3028 5568 3192 5606 unum
3237 5552 3412 5608 solum
3448 5550 3678 5606 Petrum

2109 5617 2463 5670 Sebastenum
2487 5616 2511 5669 ?

2180 5729 2253 5800 (ὁ)
2279 5728 2421 5786 Psal.
2462 5747 2546 5799 tu,
2577 5730 2631 5800 2,
2655 5731 2710 5787 ὅ.
