4076 6226
808 352 1176 408 EXCEBPTA
1219 352 1311 409 EX
1352 354 1558 411 ACTIS
1600 355 1659 410 S.
1701 352 1948 409 BASILII
1987 351 2512 409 BOLLANDIANIS.
2543 338 2615 392 -έ-
2648 351 2811 407 VlTA
2842 350 3283 408 APOCRYPHA.

3456 370 3651 412 CCCXIII

406 467 626 536 placita.
662 466 815 532 Quod
844 466 1026 535 itaque
1056 469 1109 520 in
1139 466 1322 531 Petro,
1354 466 1531 522 Patris
1576 469 1746 523 nostri
1795 467 1976 521 Basilii
2007 474 2053 527 Α
2086 468 2172 522 illa
2200 487 2212 522 :
2247 486 2265 517 ι
2301 467 2429 520 Sum
2464 468 2515 521 in
2568 466 2816 521 manibus
2854 467 2958 520 tuis
2983 505 2997 530 ,
3030 466 3503 523 honorabilissime
3548 467 3653 523 Pa-

406 561 613 621 fratre,
675 566 797 625 post
851 556 1144 613 Macrinam
1201 559 1443 612 omnium
1490 558 1813 635 magistram
1873 558 1979 613 luci

406 652 637 721 primum
660 650 828 717 edito,
864 657 1074 717 gestum
1110 657 1198 703 est
1222 650 1432 718 signum
1482 665 1574 705 seu
1634 649 1973 715 miraculum,

408 743 801 796 corroborante
831 740 1059 794 Domino
1084 751 1268 795 nostro
1288 740 1415 796 Jesu
1453 742 1689 807 Christo,
1723 757 1983 797 enarrare

408 843 603 889 statuo.
631 832 824 887 Petrus
850 833 965 897 hic,
990 834 1262 887 secundus
1302 833 1391 888 ille
1445 832 1638 889 Petrus
1665 875 1679 897 ,
1714 835 1805 890 ille
1860 845 1982 904 post

408 924 626 978 Petrum
658 923 957 993 principem
1000 922 1148 976 illum
1179 923 1413 990 Petrus;
1451 925 1843 979 sacerdOtalem
1877 925 1978 980 Se-

408 1015 649 1069 bastenze
688 1015 953 1079 civitatis,
989 1015 1221 1085 benigna
1250 1014 1343 1069 Dei
1387 1018 1557 1072 nostri
1583 1028 1638 1071 et
1690 1017 1868 1073 Patris
1904 1018 1983 1072 lu-

412 1105 616 1157 minum
652 1102 1009 1172 providentia,
1042 1104 1269 1173 adeptus
1310 1107 1533 1173 sedem;
1584 1122 1706 1161 cum
1764 1111 1980 1177 propria

412 1196 566 1249 adest
586 1234 602 1259 ,
631 1209 797 1248 uxore
821 1194 1034 1263 quidem
1074 1196 1473 1264 nuncupatione
1498 1239 1512 1264 ,
1538 1213 1636 1253 usu
1668 1213 1797 1253 vero
1839 1214 1985 1254 soro-

413 1302 493 1341 re.
544 1284 621 1339 Eo
646 1284 951 1338 Ecclesiam
1002 1284 1148 1338 illam
1198 1285 1473 1353 sapienter
1523 1285 1980 1348 administrante,

410 1377 680 1432 aemulatio
713 1376 1081 1430 turbatoribus
1107 1377 1303 1431 animis
1323 1377 1689 1432 excitantibus
1718 1389 1836 1431 orta
1859 1388 1941 1432 est
1970 1400 1980 1431 ;

412 1470 663 1541 populum
692 1469 837 1523 enim
883 1477 1248 1535 provocarunt
1296 1470 1557 1535 dicentes,
1612 1468 1762 1523 nefas
1785 1480 1987 1524 esseut

410 1560 694 1629 cpiscopus
746 1573 856 1614 sua:
906 1559 1062 1614 uxori
1116 1560 1492 1626 cohabitaret;
1540 1560 1814 1630 multaque
1855 1576 1985 1615 cun-

412 1652 788 1707 siliaticontra
825 1665 1073 1705 normam
1128 1664 1409 1705 sacrorum
1465 1665 1731 1704 canonum
1784 1651 1849 1704 ad
1891 1666 1987 1704 no-

413 1751 588 1794 strum
621 1751 918 1808 pastorem,
952 1740 1084 1794 orbe
1126 1750 1310 1794 autem
1350 1748 1463 1793 toto
1494 1740 1983 1795 celebratissimum

2085 570 2185 614 ter.
2225 578 2243 611 ›
2284 561 2456 614 Porro
2482 558 2642 626 jussit
2689 570 2909 613 sanctus
2943 559 3057 622 Dei,
3105 568 3162 613 ut
3200 560 3411 615 modius
3443 559 3655 615 ferreus

2081 649 2389 719 aﬂ‘erretur,
2418 651 2610 719 plenus
2637 649 3029 704 ardentissimis
3048 649 3405 719 lampadibus,
3429 651 3610 720 aitque
3637 669 3652 705 :

2088 759 2107 793 ι
2152 742 2397 809 Explica,
2427 740 2646 795 domina
2674 740 2744 792 mi
2778 754 2997 808 sponsa,
3044 738 3264 806 pallium
3297 750 3486 795 tuum:
3534 760 3554 795 ›
3601 750 3658 795 et

2083 832 2391 900 explicavit.
2412 831 2612 900 Aitque
2633 830 2698 884 iis
2731 831 2822 899 qui
2849 830 3193 899 bajulabant:
3224 852 3240 883 ι
3269 832 3463 887 Mittite
3493 834 3545 887 in
3572 834 3654 903 ipa

2084 937 2201 977 sum
2234 921 2694 978 ﬂammatissimas
2716 921 3026 990 lampades;
3068 944 3084 974 ι
3111 925 3498 991 miseruntque.
3518 922 3653 977 Tum

2084 1015 2395 1083 aitsponsac
2432 1031 2447 1067 :
2482 1031 2500 1063 ς
2532 1013 2679 1068 Tene
2733 1013 2785 1065 in
2841 1013 2939 1067 hoc
2989 1016 3299 1083 maphorio,
3344 1016 3518 1069 donec
3557 1013 3655 1067 tibi

2084 1104 2283 1158 dicam.
2327 1121 2345 1156 ι
2371 1105 2569 1173 Aitque
2601 1122 2613 1157 :
2643 1123 2661 1155 ι
2700 1102 2903 1157 Aﬂ‘erte
2942 1103 3118 1159 adhuc
3169 1103 3470 1174 lampadem
3496 1105 3654 1159 aliam

2084 1197 2525 1252 aceeusissimam
2562 1215 2576 1252 :
2614 1216 2631 1248 ι
2686 1196 3117 1264 attulerunlque.
3151 1196 3288 1251 Tum
3334 1199 3421 1253 ille
3450 1199 3603 1253 fratri
3638 1217 3653 1254 :

2090 1306 2108 1337 ι
2155 1288 2394 1356 Explica,
2426 1288 2639 1342 domine
2671 1285 2858 1352 frater,
2904 1288 3155 1356 penulam
3195 1297 3341 1342 tuam
3381 1307 3393 1342 :
3436 1308 3456 1342 ι
3487 1299 3540 1344 et
3565 1304 3657 1344 ex-

2089 1379 2326 1445 plicavit.
2365 1376 2502 1432 Tum
2537 1378 2625 1433 ille
2656 1396 2671 1433 :
2701 1396 2721 1430 ι
2757 1376 2954 1435 Mittite
3006 1382 3060 1435 in
3112 1382 3328 1450 ipsum:
3367 1398 3385 1431 ι
3420 1390 3475 1433 et
3499 1381 3658 1434 mise-

2088 1480 2233 1526 runt.
2258 1472 2390 1526 Cum
2446 1485 2575 1525 vero
2638 1471 2942 1527 diutissime
2994 1480 3243 1528 tenerent
3288 1472 3367 1527 sic
3400 1485 3657 1526 accensas

2088 1563 2367 1632 lampades
2393 1572 2447 1617 et
2491 1572 2734 1628 starent,
2777 1564 2832 1617 in
2890 1573 3166 1632 stuporem
3218 1571 3371 1618 actus
3429 1563 3659 1632 populus

2088 1670 2253 1723 super
2280 1670 2344 1709 eo
2368 1656 2509 1724 quod
2540 1654 2847 1720 videbatur,
2874 1656 3117 1711 clamare
3153 1655 3317 1725 cmpit
3347 1664 3400 1710 et
3430 1656 3609 1710 dicere
3638 1672 3655 1707 :

2094 1762 2112 1794 ι
2157 1744 2421 1798 Dominus
2445 1744 2786 1798 conservabit
2813 1754 3031 1801 sanctos
3057 1760 3207 1809 suos,
3238 1754 3294 1801 et
3321 1745 3507 1799 beatos
3537 1744 3657 1799 illos

413 1833 691 1896 Basilium,
730 1832 857 1902 quid
902 1848 987 1885 res
1029 1832 1255 1887 haberet
1293 1833 1655 1899 informaturi,
1697 1843 1978 1888 venerunt.
2016 1811 2058 1866 Β
2089 1836 2252 1891 faciet
2285 1837 2335 1889 in
2368 1845 2510 1890 terra
2542 1835 2639 1907 (ὁ).
2674 1855 2692 1887 ι
2722 1835 3180 1907 Projeceruntque
3215 1851 3474 1892 accensas
3524 1837 3660 1890 lam-

411 1921 505 1976 llle
558 1923 755 1994 gaudio
808 1923 1186 1978 abundantiori
1238 1926 1493 1993 profusus
1524 1963 1541 1989 ,
1601 1924 1711 1978 ait:
1752 1943 1772 1976 ι
1817 1924 1980 1993 Bene,

414 2014 549 2078 ﬁlii,
603 2016 864 2069 veneritis
907 2034 920 2069 :
964 2015 1103 2070 vado
1157 2016 1435 2069 vobiscum
1499 2015 1564 2069 ad
1601 2018 1675 2070 rei
1715 2017 1987 2085 probatio-

413 2118 558 2158 nem.
621 2104 1066 2176 iProfectusque
1120 2107 1233 2161 ibat
1288 2123 1410 2161 cum
1463 2106 1569 2160 illis
1612 2109 1678 2161 ad
1732 2108 1986 2163 Scbaste-

414 2209 538 2246 nam
606 2196 942 2263 metropolim
997 2215 1010 2251 :
1064 2196 1261 2251 Petrus
1314 2209 1495 2251 autem
1566 2199 1733 2266 ipsius
1796 2199 1982 2267 frater,

414 2285 649 2338 adventu
702 2285 819 2354 ejus
856 2288 1093 2357 cognito,
1123 2288 1170 2341 ei
1215 2289 1454 2342 occurrit
1520 2291 1586 2344 ab
1629 2303 1754 2343 octo
1791 2292 1979 2344 millia-

415 2374 608 2440 ribus;
655 2377 1004 2446 exhibitaque
1039 2377 1221 2432 debita
1262 2380 1567 2433 reverentia
1601 2421 1615 2443 ,
1668 2396 1732 2434 ac
1766 2382 1817 2435 in
1878 2384 1981 2435 Du-

416 2468 561 2520 mino
588 2468 886 2532 osculatus,
918 2470 1157 2540 gratiose
1184 2469 1472 2527 subridens
1525 2472 1657 2526 dixit
1683 2473 1837 2527 fratri
1888 2490 1985 2529 suo

414 2568 469 2611 et
513 2556 662 2612 Patri
718 2569 907 2615 nostro
950 2560 1149 2616 Basilio
1184 2582 1243 2618 ε(
1286 2562 1568 2632 Tanquam
1616 2566 1681 2618 ad
1724 2566 1982 2620 latronem

419 2648 599 2701 exiisti
636 2689 651 2712 ,
714 2651 932 2705 domine
986 2652 1178 2719 frater,
1234 2670 1357 2709 cum
1401 2658 1587 2722 turba,
1632 2667 1691 2711 ut
1719 2672 1805 2712 me
1833 2674 1987 2728 cape-

416 2754 502 2791 res
528 2740 624 2809 (a).
654 2758 672 2790 ι

485 2828 621 2884 Cum
654 2840 831 2886 autem
880 2846 1128 2889 essemus
1162 2835 1386 2905 ingressi
1422 2836 1473 2890 in
1506 2838 1695 2891 urbem
1729 2837 1988 2892 Sebaste-

416 2935 568 2983 nam,
595 2921 992 2993 fuissemusque
1023 2926 1223 2993 precati
1268 2926 1319 2980 in
1368 2926 1835 2981 venerabilissimo
1863 2937 1987 2982 tem-

417 3011 505 3078 plo
542 3011 856 3082 Martyrum,
890 3014 1170 3085 multiplici
1199 3032 1399 3073 corona
1423 3016 1716 3073 illustrium
1748 3021 1987 3088 quadra-

418 3104 589 3173 ginta,
628 3104 1046 3161 ascendentibus
1069 3108 1225 3161 nobis
1256 3110 1321 3160 ad
1377 3124 1588 3165 sacram
1616 3110 1856 3179 episcopi
1891 3110 1987 3163 do-

418 3208 585 3259 mum,
624 3194 883 3250 salutavit
929 3196 1021 3253 ille
1053 3198 1325 3253 dominam
1360 3215 1648 3270 sponsam;
1681 3212 1735 3256 et
1767 3203 1840 3255 ait
1870 3202 1942 3255 illi
1970 3219 1984 3256 :

424 3302 442 3336 ι
500 3284 657 3340 Salve
680 3327 696 3352 ,
726 3301 852 3341 vera
884 3302 1002 3342 mea
1036 3304 1259 3357 sponsa,
1285 3306 1379 3346 seu
1418 3292 1599 3361 potius
1622 3292 1823 3347 Christi
1854 3311 1869 3349 :
1914 3296 1987 3348 tui

418 3390 579 3430 causa
613 3387 755 3432 totus
772 3378 927 3433 nobis
952 3378 1044 3433 hic
1071 3379 1229 3435 labor
1245 3392 1554 3450 assumptus
1581 3393 1683 3436 est.
1710 3402 1728 3435 ι
1750 3384 1984 3439 Aitilla:

423 3488 442 3520 ι
480 3466 608 3523 Sum
638 3469 691 3523 in
719 3469 966 3525 manibus
998 3471 1123 3534 tuis,
1152 3473 1625 3529 houorabilissime
1653 3473 1835 3533 Pater.
1880 3478 1989 3532 Do-

420 3560 602 3614 minus
629 3560 944 3615 occasiones
977 3560 1102 3616 facit
1139 3579 1153 3615 :
1188 3577 1382 3631 magno
1424 3564 1567 3617 enim
1595 3563 1870 3619 desiderio
1900 3575 1988 3618 te-

424 3664 556 3702 neor
612 3650 951 3718 amplexandi
988 3653 1258 3721 pretiosos
1290 3663 1413 3708 tuos
1442 3652 1609 3723 pedes
1645 3671 1659 3707 :
1690 3654 1848 3722 cujus
1912 3656 1987 3709 rei

419 3757 638 3812 compos
668 3742 881 3808 effecta,
939 3745 1143 3813 gratias
1172 3760 1273 3815 ago
1324 3744 1549 3800 Domino
1609 3761 1752 3802 meo.
1802 3745 1990 3803 Faciet

421 3848 570 3901 ergo.
608 3835 842 3887 maximo
866 3835 993 3889 mihi
1032 3838 1437 3905 prosequendus
1477 3838 1683 3893 honore
1710 3853 1861 3893 meus
1887 3839 1988 3893 Pa-

427 3934 531 3991 ter,
556 3927 607 3977 in
645 3926 809 3979 ﬁliam
867 3942 1042 3992 suam,
1078 3943 1419 3998 qumcuuque
1459 3930 1713 3983 voluerit.
1750 3950 1769 3982 ›
1796 3932 1990 4001 Aitque

421 4015 508 4069 ille
551 4018 741 4070 fratri:
778 4036 797 4070 ε
838 4018 987 4089 Rogo
1038 4030 1109 4085 te,
1155 4022 1368 4076 domine
1422 4022 1492 4074 mi
1550 4021 1738 4087 frater,
1771 4032 1829 4076 ut
1886 4040 1988 4077 una

421 4124 543 4161 cum
594 4108 813 4162 domina
848 4125 1046 4178 sponsa
1103 4129 1216 4164 mea
1266 4113 1502 4166 dormias
1544 4113 1595 4166 in
1649 4115 1988 4170 sanctissima

420 4197 671 4251 ecclesia.
706 4217 728 4251 ι
758 4198 828 4253 At
861 4200 951 4255 ille
976 4201 1041 4254 ad
1080 4215 1202 4254 eum
1237 4219 1249 4254 :
1289 4219 1307 4251 ι
1347 4202 1562 4257 Faciam
1582 4204 1840 4273 quidquid
1870 4207 1989 4275 jus-

422 4292 583 4353 seris,
614 4292 753 4346 sicut
783 4294 954 4347 debeo
989 4312 1003 4347 :
1035 4293 1288 4361 fecitque.
1330 4314 1350 4348 ι
1383 4297 1679 4351 Assumens
1703 4313 1833 4366 ergo
1866 4313 1990 4353 san-

422 4394 542 4436 ctus
566 4382 725 4437 Pater
761 4393 945 4438 noster
970 4386 1257 4441 nonnullos
1296 4387 1403 4441 Deo
1444 4385 1654 4444 aﬂlatos
1684 4400 1739 4444 et
1769 4390 1989 4459 spirita-

2086 1928 2283 1998 pades;
2314 1942 2413 1981 nec
2435 1937 2553 1981 erat
2579 1929 2630 1980 in
2660 1928 2739 1982 eis
2780 1927 2863 1981 vel
2911 1928 3041 1982 fumi
3080 1929 3231 1993 odor,
3294 1943 3466 1997 neque
3496 1926 3658 1982 vesti-

2090 2030 2272 2075 menta
2302 2019 2515 2073 illorum
2539 2021 2789 2074 ambusta
2820 2027 2966 2073 sunt.
3000 2017 3153 2073 Tunc
3190 2020 3461 2075 adducens
3491 2019 3652 2089 quin-

2085 2126 2192 2182 que
2220 2121 2440 2167 sanctos
2468 2111 2631 2176 viros,
2673 2111 2748 2165 ait
2776 2110 2886 2165 illis
2919 2128 2932 2163 :
2973 2129 2991 2163 ι
3032 2110 3239 2166 Edicite
3272 2110 3415 2180 quod
3443 2110 3655 2166 vidistis

2085 2202 2139 2254 in
2171 2202 2511 2257 sanctissima
2557 2201 2808 2256 ecclesia.
2859 2220 2878 2253 ι
2942 2201 3415 2272 Narravernntque
3441 2202 3657 2272 populo,

2086 2301 2142 2344 ut
2176 2291 2437 2346 vidissent
2477 2300 2698 2347 sanctos
2753 2291 2982 2362 angelos
3008 2331 3023 2357 ,
3051 2292 3374 2347 ventilantes
3415 2293 3658 2363 inculpa-

2089 2393 2199 2436 tum
2256 2397 2444 2438 eorum
2476 2383 2654 2437 cubile
2685 2401 2701 2437 :
2732 2393 2786 2437 et
2810 2382 3249 2453 glorificaverunt
3294 2383 3461 2438 Deum
3494 2425 3509 2450 ,
3566 2387 3659 2453 qui

2088 2472 2224 2528 facit
2272 2474 2540 2528 mirabilia
2607 2490 2798 2545 magna
2862 2483 2917 2528 et
2969 2474 3360 2529 inserutabilia.
3417 2475 3661 2544 Cumque

2087 2568 2308 2615 sanctus
2355 2558 2516 2614 Pater
2566 2571 2746 2615 noster
2788 2561 3019 2617 Basilius
3082 2577 3269 2629 pacem
3318 2564 3371 2616 in
3428 2564 3657 2618 Domino

2087 2652 2336 2717 dixisset,
2396 2651 2599 2706 reversi
2630 2667 2816 2706 sumus
2852 2652 2903 2705 in
2936 2661 3176 2707 nostram
3228 2653 3526 2721 civitatem,
3547 2653 3659 2722 glo-

2089 2744 2357 2812 riﬁcantes
2388 2742 2557 2797 Deum
2585 2782 2602 2809 ,
2646 2743 2736 2811 qui
2778 2744 2920 2798 dedit
2967 2753 3278 2814 potestatem
3310 2744 3469 2798 talem
3498 2745 3661 2799 homi-

2089 2837 2240 2887 nibus
2272 2832 2365 2904 (ε).

2165 2924 2290 2980 Fuit
2326 2925 2657 2992 temporibus
2692 2924 3020 2980 sanctissimi
3063 2940 3125 2979 ac
3157 2925 3458 2980 beatissimi
3484 2926 3654 2982 archi-

2101 3015 2339 3083 episcopi
2371 3013 2577 3081 Basilii,
2617 3014 2845 3069 Ineredis
2875 3014 3019 3068 illius
3070 3014 3218 3082 regni
3251 3013 3471 3077 Christi,
3520 3015 3663 3068 vasis

2038 3149 2055 3167 ,
2090 3103 2538 3159 electionisillius
2564 3105 2654 3174 qui
2687 3105 2924 3173 portavit
2964 3103 3167 3159 Christi
3222 3118 3422 3159 nomen
3475 3117 3661 3159 coram

2096 3197 2346 3267 gentibus
2374 3204 2429 3251 et
2469 3196 2687 3267 regibus
2715 3205 2770 3251 et
2800 3195 2925 3249 filiis
2948 3194 3134 3261 Israel,
3161 3196 3302 3251 sicut
3333 3196 3549 3252 divinus
3606 3207 3663 3250 et

2092 3290 2281 3344 beatus
2311 3288 2599 3354 Apostolus
2632 3288 2709 3361 (ά)
2738 3330 2751 3355 ,
2788 3287 2984 3343 mulier
3011 3289 3253 3357 quaedam
3280 3329 3295 3353 ,
3349 3286 3554 3343 divitiis
3608 3295 3658 3340 et

2091 3378 2377 3434 nobilitate
2406 3379 2552 3433 clara
2583 3418 2598 3443 ,
2626 3379 2962 3448 reliquisque
2998 3378 3063 3431 ad
3118 3392 3270 3432 vana:
3326 3376 3486 3445 hujus
3543 3377 3661 3432 vita

2093 3471 2353 3539 obsequia
2393 3471 2721 3539 comparatis
2744 3485 2904 3539 supra
2954 3484 3146 3525 omnes
3170 3470 3332 3524 elata.
3368 3469 3494 3525 Haec
3553 3482 3662 3524 sta—

2093 3574 2203 3618 tum
2243 3564 2505 3618 vidualem
2542 3563 2822 3631 amplexa,
2863 3562 3092 3630 turpiter
3146 3568 3412 3630 potestate
3460 3560 3652 3620 abusa.

2091 3656 2322 3724 Seipsam
2346 3654 2483 3723 gulae
2517 3654 2848 3722 luxuriaeque
2874 3652 3237 3721 mancipavit;
3277 3652 3411 3706 nihil
3458 3653 3662 3707 habens

2090 3762 2198 3815 quo
2225 3747 2465 3815 placeret
2488 3746 2617 3811 Deo,
2648 3746 2741 3799 sed
2769 3744 3002 3815 seipsam
3033 3744 3206 3798 instar
3244 3759 3530 3814 porcorum
3560 3758 3661 3797 vo-

2092 3838 2269 3892 lutans
2304 3840 2354 3891 in
2410 3838 2634 3892 luxuriae
2689 3850 2868 3891 coeno.
2932 3835 3171 3890 Tandem
3212 3834 3416 3905 itaque,
3444 3835 3662 3903 dispen-

2090 3940 2246 3983 sante
2282 3928 2412 3995 Deo,
2464 3929 2727 3982 immensa
2755 3944 2849 3982 sua
2881 3940 3107 3997 peccata
3150 3926 3334 3980 animo
3385 3937 3660 3996 repetens.

2093 4029 2379 4088 menteque
2434 4018 2647 4073 coalitus
2701 4017 2991 4083 illustrata,
3024 4024 3188 4086 atque
3224 4015 3449 4069 seorsim
3501 4017 3663 4071 tacite

2090 4122 2277 4179 agens,
2309 4122 2534 4177 pensare
2583 4107 2748 4176 coepit
2778 4106 3176 4162 multitudinem
3216 4120 3436 4160 suorum
3467 4121 3663 4174 pecca-

2092 4210 2267 4253 torum
2293 4216 2308 4253 :
2339 4200 2577 4267 dixitque
2602 4198 3021 4253 lanientabiliter
3044 4199 3297 4267 plorans:
3337 4215 3357 4249 ί
3383 4196 3496 4252 Heu
3525 4198 3540 4253 l
3579 4212 3663 4251 me

2089 4294 2451 4360 peccatricem
2471 4300 2525 4344 et
2547 4290 2875 4345 luxuriosam
2905 4291 2918 4344 Ξ
2952 4291 3220 4359 quomodo
3242 4290 3502 4343 immensa
3540 4304 3660 4357 qum

2093 4383 2308 4450 peccavi
2360 4382 2659 4435 confitebor
2701 4390 2755 4433 et
2781 4381 3009 4449 expiabo
3037 4380 3059 4432 ?
3087 4380 3368 4450 Templum
3416 4380 3660 4450 Spiritus

422 4470 500 4525 les
533 4473 681 4528 viros
709 4513 723 4537 ,
766 4474 1005 4543 quinque
1035 4490 1285 4539 numero,
1319 4492 1387 4530 ex
1437 4477 1634 4546 quibus
1694 4495 1831 4533 unus
1876 4496 1985 4534 rem
2026 4496 2066 4549 ι)
2097 4472 2267 4525 sancti
2297 4472 2493 4539 pollui;
2525 4472 2855 4525 habitantem
2888 4473 2940 4524 in
2969 4486 3195 4539 corpore
3227 4472 3463 4525 animam
3515 4474 3659 4525 coin-

421 4565 589 4633 probe
620 4575 813 4630 norat;
846 4567 1005 4620 etiam
1030 4567 1212 4634 ipsein
1239 4578 1426 4622 sancta
1450 4569 1677 4624 ecclesia
1705 4570 1983 4626 dormivit.

421 4656 579 4710 Circa
603 4658 832 4711 mediam
867 4669 1045 4711 autem
1077 4670 1290 4714 noctem
1329 4659 1447 4714 illos
1474 4662 1746 4716 suscitans
1781 4680 1807 4715 a
1838 4678 1981 4718 som-

423 4764 489 4802 no
519 4750 631 4804 ait:
683 4750 871 4815 «Quid
910 4751 1105 4805 videtis
1146 4751 1289 4807 circa
1324 4751 1543 4807 fratrem
1590 4755 1818 4807 meum?
1854 4773 1873 4806 ι
1923 4758 1989 4810 At

422 4841 542 4894 illi:
583 4858 603 4892 ι
650 4842 907 4896 Videmus
968 4859 1163 4895 nm'um
1231 4843 1569 4898 miraculum.
1616 4863 1635 4896 ι
1680 4844 1771 4897 llle
1816 4862 1985 4901 vero:

427 4950 445 4983 ι
510 4934 790 5000 Quodnam
854 4934 1029 4988 illud?
1069 4955 1086 4987 ι
1145 4935 1600 5003 Responderunt:
1647 4954 1666 4987 α
1738 4936 1988 4993 Videmus

423 5026 661 5097 angelos,
692 5025 1016 5080 ventilantes
1051 5025 1247 5081 lectum
1277 5025 1392 5092 ejus
1419 5027 1822 5096 inculpabilem.
1850 5046 1869 5080 ι
1897 5031 1988 5083 Ait

421 5130 603 5171 autem
635 5127 857 5172 sanctus
890 5116 1047 5171 Pater
1078 5127 1263 5173 noster
1291 5116 1524 5173 Basilius
1552 5135 1567 5173 :
1606 5137 1625 5170 ι
1655 5118 1867 5175 Nemini
1907 5124 1988 5175 di-

426 5210 619 5263 xeritis
647 5210 790 5278 quod
819 5210 1050 5264 vidistis.
1087 5228 1104 5260 ι

492 5299 748 5369 Sequenti
774 5316 902 5356 vero
930 5316 1087 5355 mane
1117 5302 1352 5356 reversis
1386 5302 1539 5356 nobis
1562 5304 1627 5356 ad
1654 5305 1982 5374 episcopum,

420 5391 601 5445 dixit:
646 5412 663 5443 ι
710 5391 943 5463 Tempus
974 5406 1079 5455 est,
1111 5394 1328 5447 domina
1380 5394 1450 5447 mi
1497 5408 1712 5462 sponsa,
1748 5410 1836 5447 seu
1888 5412 1977 5463 po-

423 5484 529 5537 tius
557 5482 778 5548 Christi,
815 5497 871 5538 ut
902 5487 1041 5553 quod
1070 5486 1330 5556 quaeritur
1388 5485 1440 5538 in
1495 5485 1668 5545 palam
1703 5485 1811 5539 fiat.
1850 5506 1868 5538 ι
1920 5489 1985 5541 At

492 5637 569 5688 καί
599 5635 762 5673 mare.
800 5635 906 5681 XIV,
938 5619 1026 5677 46.

494 5690 566 5760 (b)
601 5690 736 5760 Psal.
770 5706 855 5752 χι,
878 5691 933 5745 3.

494 5763 561 5829 (ε)
588 5759 775 5816 Matth.
814 5777 889 5827 Ix,
917 5762 948 5816 8

2098 4562 2313 4629 quinavi
2347 4580 2359 4614 :
2394 4563 2504 4616 lleu
2530 4578 2612 4615 me
2643 4562 2655 4614 !
2692 4561 2927 4630 proiecta
2964 4577 3103 4614 sum.
3139 4561 3273 4613 Num
3327 4560 3466 4613 sicut
3496 4571 3658 4611 mereo

2092 4655 2195 4705 trix
2218 4652 2305 4705 illa
2324 4653 2494 4705 dicam
2524 4672 2535 4705 ε
2561 4650 3019 4705 «Μὶεθτετειιιεὶἳι
3044 4647 3656 4703 autsicutPublicanus:

2096 4765 2112 4795 ι
2163 4744 2412 4805 Peccavi,
2451 4761 2471 4794 ι
2507 4758 2626 4797 cum
2657 4744 2954 4811 praasertim
3002 4751 3121 4809 post
3158 4741 3482 4809 baptismum
3538 4754 3659 4808 pec-

2091 4839 2330 4892 caverint
2360 4837 2384 4889 ?
2424 4837 2522 4901 Qui
2554 4851 2681 4889 vero
2716 4836 2917 4889 certior
2940 4833 3063 4887 ﬁam
3086 4875 3101 4897 ,
3140 4833 3279 4900 quod
3311 4832 3452 4885 Deus
3484 4833 3658 4900 paeni-

2094 4939 2288 4980 tentem
2354 4925 2656 4993 suscipiet?
2702 4944 2720 4976 ι
2778 4924 2902 4977 Hmc
2956 4938 3117 4992 porro
3178 4924 3290 4991 ipsa
3346 4922 3657 4990 cogitante,

2092 5021 2137 5073 is
2191 5020 2281 5088 qui
2341 5020 2445 5071 vult
2502 5034 2676 5071 omnes
2724 5021 2890 5070 salvos
2949 5016 3065 5083 ﬁeri
3117 5027 3163 5069 et
3225 5016 3293 5068 ad
3337 5015 3658 5083 agnitionem

2091 5111 2318 5163 veritatis
2377 5110 2550 5161 venire
2597 5108 2688 5180 (e),
2746 5120 2801 5162 et
2858 5110 3125 5162 neminem
3176 5108 3290 5160 vult
3333 5107 3548 5172 perire,
3606 5106 3656 5157 in

2091 5202 2406 5257 memoriam
2439 5203 2486 5255 ei
2519 5210 2755 5263 revocat,
2790 5214 2910 5269 qua:
2944 5215 2970 5250 a
3000 5198 3283 5267 juventute
3306 5196 3606 5265 deliquerat
3641 5211 3655 5246 :

2089 5292 2411 5361 sedensque,
2441 5308 2537 5346 sua
2587 5290 2777 5361 ipsius,
2812 5306 2841 5343 a
2876 5289 3100 5356 juvenili
3156 5291 3399 5355 adusque
3429 5284 3654 5339 senilem

2092 5394 2329 5449 aetatem,
2392 5392 2614 5451 peccata
2665 5382 2879 5449 scripsit
2932 5382 2983 5433 in
3033 5380 3219 5434 charta
3258 5377 3655 5432 :novissimum

2091 5483 2272 5527 autem
2309 5473 2549 5542 scripsit,
2578 5472 2721 5540 quod
2761 5471 2974 5526 dicebat
3028 5485 3279 5538 maguum
3329 5474 3657 5536 peccatum;

2164 5632 2382 5693 (d)Act.
2418 5646 2493 5691 ix,
2532 5630 2616 5681 15.

2168 5698 2285 5771 (e)l
2316 5698 2433 5753 Tim
2473 5716 2531 5764 II,
2561 5700 2611 5753 ι.
