  <div class='ocr_page' id='page_1' title='image "/cluster/home/n/w/nwhite01/storage/ocr_20150623/29/mdp.39015012934371/323.png"; bbox 0 0 4076 6226; ppageno 0'>
   <div class='ocr_carea' id='block_1_1' title="bbox 440 399 621 444">
    <p class='ocr_par' dir='ltr' id='par_1_1' title="bbox 440 399 621 444">
     <span class='ocr_line' id='line_1_1' title="bbox 440 399 621 444; baseline -0.022 0"><span class='ocrx_word' id='word_1_1' title='bbox 440 399 621 444; x_wconf 67' lang='grc' dir='ltr'>ωειιν</span> 
     </span>
    </p>
   </div>
   <div class='ocr_carea' id='block_1_2' title="bbox 1790 383 2318 443">
    <p class='ocr_par' dir='ltr' id='par_1_2' title="bbox 1790 383 2318 443">
     <span class='ocr_line' id='line_1_2' title="bbox 1790 383 2318 443; baseline 0.011 -6"><span class='ocrx_word' id='word_1_2' title='bbox 1790 383 2291 440; x_wconf 65' lang='lat' dir='ltr'><strong>VROLEGOMENA</strong></span> <span class='ocrx_word' id='word_1_3' title='bbox 2303 427 2318 443; x_wconf 92' lang='lat'><strong>.</strong></span> 
     </span>
    </p>
   </div>
   <div class='ocr_carea' id='block_1_3' title="bbox 424 497 3686 575">
    <p class='ocr_par' dir='ltr' id='par_1_3' title="bbox 424 497 3686 575">
     <span class='ocr_line' id='line_1_3' title="bbox 424 497 3686 575; baseline -0.002 -12"><span class='ocrx_word' id='word_1_4' title='bbox 424 507 792 575; x_wconf 58' lang='lat' dir='ltr'><strong>,chartamque</strong></span> <span class='ocrx_word' id='word_1_5' title='bbox 826 502 975 560; x_wconf 84' lang='lat' dir='ltr'><strong>bulla</strong></span> <span class='ocrx_word' id='word_1_6' title='bbox 996 502 1249 573; x_wconf 87' lang='lat' dir='ltr'><strong>plumbea</strong></span> <span class='ocrx_word' id='word_1_7' title='bbox 1281 501 1591 572; x_wconf 70' lang='lat' dir='ltr'><strong>obsignant</strong></span> <span class='ocrx_word' id='word_1_8' title='bbox 1620 499 1756 570; x_wconf 82' lang='lat'><strong>(59).</strong></span> <span class='ocrx_word' id='word_1_9' title='bbox 1779 498 2006 571; x_wconf 81' lang='lat' dir='ltr'><strong>Captato</strong></span> <span class='ocrx_word' id='word_1_10' title='bbox 2035 503 2083 561; x_wconf 77' lang='grc' dir='ltr'><strong>Α</strong></span> <span class='ocrx_word' id='word_1_11' title='bbox 2111 501 2254 556; x_wconf 91' lang='lat' dir='ltr'><strong>inter</strong></span> <span class='ocrx_word' id='word_1_12' title='bbox 2279 514 2468 555; x_wconf 88' lang='lat' dir='ltr'><strong>omnes</strong></span> <span class='ocrx_word' id='word_1_13' title='bbox 2495 499 2683 555; x_wconf 78' lang='lat' dir='ltr'><strong>Patres</strong></span> <span class='ocrx_word' id='word_1_14' title='bbox 2716 498 3016 566; x_wconf 83' lang='lat' dir='ltr'><strong>celebrem,</strong></span> <span class='ocrx_word' id='word_1_15' title='bbox 3042 498 3277 568; x_wconf 82' lang='lat' dir='ltr'><strong>Ephrem</strong></span> <span class='ocrx_word' id='word_1_16' title='bbox 3300 497 3414 570; x_wconf 81' lang='lat'><strong>(6|)</strong></span> <span class='ocrx_word' id='word_1_17' title='bbox 3448 500 3686 556; x_wconf 83' lang='lat' dir='ltr'><strong>nomine.</strong></span> 
     </span>
    </p>
   </div>
   <div class='ocr_carea' id='block_1_4' title="bbox 437 582 2007 665">
    <p class='ocr_par' dir='ltr' id='par_1_4' title="bbox 437 582 2007 665">
     <span class='ocr_line' id='line_1_4' title="bbox 437 582 2007 665; baseline -0.004 -14"><span class='ocrx_word' id='word_1_18' title='bbox 437 603 614 651; x_wconf 88' lang='lat' dir='ltr'><strong>autem</strong></span> <span class='ocrx_word' id='word_1_19' title='bbox 645 604 947 665; x_wconf 90' lang='lat' dir='ltr'><strong>opportuno</strong></span> <span class='ocrx_word' id='word_1_20' title='bbox 983 587 1245 663; x_wconf 87' lang='lat' dir='ltr'><strong>tempore,</strong></span> <span class='ocrx_word' id='word_1_21' title='bbox 1273 582 1653 647; x_wconf 34' lang='lat' dir='ltr'><strong>cum‘sanctus&#39;</strong></span> <span class='ocrx_word' id='word_1_22' title='bbox 1679 590 1915 646; x_wconf 76' lang='lat' dir='ltr'><strong>Basilius</strong></span> <span class='ocrx_word' id='word_1_23' title='bbox 1942 591 2007 645; x_wconf 90' lang='lat' dir='ltr'><strong>ad</strong></span> 
     </span>
    </p>
   </div>
   <div class='ocr_carea' id='block_1_5' title="bbox 435 683 2006 755">
    <p class='ocr_par' dir='ltr' id='par_1_5' title="bbox 435 683 2006 755">
     <span class='ocr_line' id='line_1_5' title="bbox 435 683 2006 755; baseline -0.001 -16"><span class='ocrx_word' id='word_1_24' title='bbox 435 702 626 755; x_wconf 84' lang='lat' dir='ltr'><strong>preces</strong></span> <span class='ocrx_word' id='word_1_25' title='bbox 653 686 844 741; x_wconf 90' lang='lat' dir='ltr'><strong>solitas</strong></span> <span class='ocrx_word' id='word_1_26' title='bbox 893 686 946 739; x_wconf 92' lang='lat' dir='ltr'><strong>in</strong></span> <span class='ocrx_word' id='word_1_27' title='bbox 992 685 1281 740; x_wconf 86' lang='lat' dir='ltr'><strong>ecclesiam</strong></span> <span class='ocrx_word' id='word_1_28' title='bbox 1327 683 1807 755; x_wconf 78' lang='lat' dir='ltr'><strong>proficisceretur,</strong></span> <span class='ocrx_word' id='word_1_29' title='bbox 1868 683 2006 740; x_wconf 89' lang='lat' dir='ltr'><strong>clam</strong></span> 
     </span>
    </p>
   </div>
   <div class='ocr_carea' id='block_1_6' title="bbox 435 774 2012 847">
    <p class='ocr_par' dir='ltr' id='par_1_6' title="bbox 435 774 2012 847">
     <span class='ocr_line' id='line_1_6' title="bbox 435 774 2012 847; baseline -0.001 -16"><span class='ocrx_word' id='word_1_30' title='bbox 435 791 775 847; x_wconf 64' lang='lat' dir='ltr'><strong>praecurrens</strong></span> <span class='ocrx_word' id='word_1_31' title='bbox 819 777 886 831; x_wconf 88' lang='lat' dir='ltr'><strong>ad</strong></span> <span class='ocrx_word' id='word_1_32' title='bbox 933 776 1097 845; x_wconf 88' lang='lat' dir='ltr'><strong>pedes</strong></span> <span class='ocrx_word' id='word_1_33' title='bbox 1130 776 1248 847; x_wconf 85' lang='lat' dir='ltr'><strong>ejus</strong></span> <span class='ocrx_word' id='word_1_34' title='bbox 1269 776 1513 831; x_wconf 80' lang='lat' dir='ltr'><strong>chartam</strong></span> <span class='ocrx_word' id='word_1_35' title='bbox 1539 774 1767 843; x_wconf 79' lang='lat' dir='ltr'><strong>proiecit</strong></span> <span class='ocrx_word' id='word_1_36' title='bbox 1802 794 1815 829; x_wconf 89' lang='lat'><strong>:</strong></span> <span class='ocrx_word' id='word_1_37' title='bbox 1847 788 2012 844; x_wconf 89' lang='lat' dir='ltr'><strong>seque</strong></span> 
     </span>
    </p>
   </div>
   <div class='ocr_carea' id='block_1_7' title="bbox 435 866 2005 938">
    <p class='ocr_par' dir='ltr' id='par_1_7' title="bbox 435 866 2005 938">
     <span class='ocr_line' id='line_1_7' title="bbox 435 866 2005 938; baseline -0.001 -15"><span class='ocrx_word' id='word_1_38' title='bbox 435 869 489 923; x_wconf 91' lang='lat' dir='ltr'><strong>in</strong></span> <span class='ocrx_word' id='word_1_39' title='bbox 515 866 707 922; x_wconf 89' lang='lat' dir='ltr'><strong>faciem</strong></span> <span class='ocrx_word' id='word_1_40' title='bbox 740 868 808 923; x_wconf 90' lang='lat' dir='ltr'><strong>ad</strong></span> <span class='ocrx_word' id='word_1_41' title='bbox 843 868 1011 938; x_wconf 89' lang='lat' dir='ltr'><strong>ipsius</strong></span> <span class='ocrx_word' id='word_1_42' title='bbox 1037 869 1202 937; x_wconf 85' lang='lat' dir='ltr'><strong>pedes</strong></span> <span class='ocrx_word' id='word_1_43' title='bbox 1233 868 1469 938; x_wconf 90' lang='lat' dir='ltr'><strong>jactans,</strong></span> <span class='ocrx_word' id='word_1_44' title='bbox 1503 867 2005 924; x_wconf 85' lang='lat' dir='ltr'><strong>clamabatdiceus:</strong></span> 
     </span>
    </p>
   </div>
   <div class='ocr_carea' id='block_1_8' title="bbox 440 958 2008 1028">
    <p class='ocr_par' dir='ltr' id='par_1_8' title="bbox 440 958 2008 1028">
     <span class='ocr_line' id='line_1_8' title="bbox 440 958 2008 1028; baseline 0.001 -18"><span class='ocrx_word' id='word_1_45' title='bbox 440 980 459 1010; x_wconf 79' lang='grc' dir='ltr'><strong>ι</strong></span> <span class='ocrx_word' id='word_1_46' title='bbox 496 958 752 1015; x_wconf 82' lang='lat' dir='ltr'><strong>Miserere</strong></span> <span class='ocrx_word' id='word_1_47' title='bbox 774 960 902 1024; x_wconf 92' lang='lat' dir='ltr'><strong>mei,</strong></span> <span class='ocrx_word' id='word_1_48' title='bbox 932 970 1120 1014; x_wconf 91' lang='lat' dir='ltr'><strong>sancte</strong></span> <span class='ocrx_word' id='word_1_49' title='bbox 1151 958 1267 1022; x_wconf 84' lang='lat' dir='ltr'><strong>Dei,</strong></span> <span class='ocrx_word' id='word_1_50' title='bbox 1310 975 1430 1028; x_wconf 65' lang='lat' dir='ltr'><strong>qua:</strong></span> <span class='ocrx_word' id='word_1_51' title='bbox 1473 974 1634 1027; x_wconf 88' lang='lat' dir='ltr'><strong>supra</strong></span> <span class='ocrx_word' id='word_1_52' title='bbox 1668 973 1858 1013; x_wconf 81' lang='lat' dir='ltr'><strong>omnes</strong></span> <span class='ocrx_word' id='word_1_53' title='bbox 1889 973 2008 1013; x_wconf 90' lang='lat' dir='ltr'><strong>sum</strong></span> 
     </span>
    </p>
   </div>
   <div class='ocr_carea' id='block_1_9' title="bbox 432 1050 2011 1121">
    <p class='ocr_par' dir='ltr' id='par_1_9' title="bbox 432 1050 2011 1121">
     <span class='ocr_line' id='line_1_9' title="bbox 432 1050 2011 1121; baseline -0.003 -15"><span class='ocrx_word' id='word_1_54' title='bbox 432 1052 731 1121; x_wconf 77' lang='lat' dir='ltr'><strong>peccatrix.</strong></span> <span class='ocrx_word' id='word_1_55' title='bbox 768 1070 787 1103; x_wconf 74' lang='grc' dir='ltr'><strong>ι</strong></span> <span class='ocrx_word' id='word_1_56' title='bbox 824 1051 990 1106; x_wconf 87' lang='lat' dir='ltr'><strong>Stans</strong></span> <span class='ocrx_word' id='word_1_57' title='bbox 1019 1062 1197 1104; x_wconf 89' lang='lat' dir='ltr'><strong>autem</strong></span> <span class='ocrx_word' id='word_1_58' title='bbox 1227 1052 1415 1105; x_wconf 89' lang='lat' dir='ltr'><strong>beatus</strong></span> <span class='ocrx_word' id='word_1_59' title='bbox 1441 1050 1533 1105; x_wconf 88' lang='lat' dir='ltr'><strong>ille</strong></span> <span class='ocrx_word' id='word_1_60' title='bbox 1568 1050 1773 1106; x_wconf 83' lang='lat' dir='ltr'><strong>Christi</strong></span> <span class='ocrx_word' id='word_1_61' title='bbox 1832 1050 2011 1103; x_wconf 81' lang='lat' dir='ltr'><strong>famu-</strong></span> 
     </span>
    </p>
   </div>
   <div class='ocr_carea' id='block_1_10' title="bbox 436 1138 2006 1213">
    <p class='ocr_par' dir='ltr' id='par_1_10' title="bbox 436 1138 2006 1213">
     <span class='ocr_line' id='line_1_10' title="bbox 436 1138 2006 1213; baseline -0.001 -17"><span class='ocrx_word' id='word_1_62' title='bbox 436 1142 542 1209; x_wconf 92' lang='lat' dir='ltr'><strong>lus,</strong></span> <span class='ocrx_word' id='word_1_63' title='bbox 566 1144 634 1198; x_wconf 89' lang='lat' dir='ltr'><strong>ab</strong></span> <span class='ocrx_word' id='word_1_64' title='bbox 664 1156 725 1196; x_wconf 92' lang='lat' dir='ltr'><strong>ea</strong></span> <span class='ocrx_word' id='word_1_65' title='bbox 753 1143 1099 1213; x_wconf 89' lang='lat' dir='ltr'><strong>perquirehat</strong></span> <span class='ocrx_word' id='word_1_66' title='bbox 1124 1156 1345 1197; x_wconf 87' lang='lat' dir='ltr'><strong>causam</strong></span> <span class='ocrx_word' id='word_1_67' title='bbox 1375 1141 1693 1207; x_wconf 81' lang='lat' dir='ltr'><strong>gemituum.</strong></span> <span class='ocrx_word' id='word_1_68' title='bbox 1721 1138 1858 1195; x_wconf 92' lang='lat' dir='ltr'><strong>Tum</strong></span> <span class='ocrx_word' id='word_1_69' title='bbox 1881 1140 1966 1194; x_wconf 92' lang='lat' dir='ltr'><strong>illa</strong></span> <span class='ocrx_word' id='word_1_70' title='bbox 1993 1158 2006 1194; x_wconf 88' lang='lat'>:</span> 
     </span>
    </p>
   </div>
   <div class='ocr_carea' id='block_1_11' title="bbox 440 1233 2008 1303">
    <p class='ocr_par' dir='ltr' id='par_1_11' title="bbox 440 1233 2008 1303">
     <span class='ocr_line' id='line_1_11' title="bbox 440 1233 2008 1303; baseline 0 -16"><span class='ocrx_word' id='word_1_71' title='bbox 440 1254 461 1287; x_wconf 76' lang='grc' dir='ltr'><strong>ι</strong></span> <span class='ocrx_word' id='word_1_72' title='bbox 493 1235 652 1299; x_wconf 85' lang='lat' dir='ltr'><strong>Ecce,</strong></span> <span class='ocrx_word' id='word_1_73' title='bbox 696 1233 935 1299; x_wconf 88' lang='lat' dir='ltr'><strong>domine,</strong></span> <span class='ocrx_word' id='word_1_74' title='bbox 969 1248 1086 1288; x_wconf 90' lang='lat' dir='ltr'><strong>mea</strong></span> <span class='ocrx_word' id='word_1_75' title='bbox 1124 1234 1304 1287; x_wconf 83' lang='lat' dir='ltr'><strong>omnia</strong></span> <span class='ocrx_word' id='word_1_76' title='bbox 1335 1242 1555 1303; x_wconf 88' lang='lat' dir='ltr'><strong>peccata</strong></span> <span class='ocrx_word' id='word_1_77' title='bbox 1597 1241 1653 1288; x_wconf 91' lang='lat' dir='ltr'><strong>et</strong></span> <span class='ocrx_word' id='word_1_78' title='bbox 1697 1234 1929 1287; x_wconf 87' lang='lat' dir='ltr'><strong>crimina</strong></span> <span class='ocrx_word' id='word_1_79' title='bbox 1956 1235 2008 1287; x_wconf 88' lang='lat' dir='ltr'><strong>in</strong></span> 
     </span>
    </p>
   </div>
   <div class='ocr_carea' id='block_1_12' title="bbox 437 1323 1995 1393">
    <p class='ocr_par' dir='ltr' id='par_1_12' title="bbox 437 1323 1995 1393">
     <span class='ocr_line' id='line_1_12' title="bbox 437 1323 1995 1393; baseline 0.002 -15"><span class='ocrx_word' id='word_1_80' title='bbox 437 1325 622 1380; x_wconf 89' lang='lat' dir='ltr'><strong>charta</strong></span> <span class='ocrx_word' id='word_1_81' title='bbox 671 1324 773 1379; x_wconf 86' lang='lat' dir='ltr'><strong>hac</strong></span> <span class='ocrx_word' id='word_1_82' title='bbox 806 1323 1040 1393; x_wconf 90' lang='lat' dir='ltr'><strong>scripsi,</strong></span> <span class='ocrx_word' id='word_1_83' title='bbox 1091 1333 1144 1377; x_wconf 89' lang='lat' dir='ltr'><strong>et</strong></span> <span class='ocrx_word' id='word_1_84' title='bbox 1172 1324 1482 1393; x_wconf 88' lang='lat' dir='ltr'><strong>obsignavi:</strong></span> <span class='ocrx_word' id='word_1_85' title='bbox 1515 1334 1567 1377; x_wconf 92' lang='lat' dir='ltr'><strong>tu</strong></span> <span class='ocrx_word' id='word_1_86' title='bbox 1604 1339 1754 1388; x_wconf 91' lang='lat' dir='ltr'><strong>vero,</strong></span> <span class='ocrx_word' id='word_1_87' title='bbox 1806 1337 1995 1381; x_wconf 82' lang='lat' dir='ltr'><strong>sancte</strong></span> 
     </span>
    </p>
   </div>
   <div class='ocr_carea' id='block_1_13' title="bbox 438 1414 1995 1486">
    <p class='ocr_par' dir='ltr' id='par_1_13' title="bbox 438 1414 1995 1486">
     <span class='ocr_line' id='line_1_13' title="bbox 438 1414 1995 1486; baseline 0.003 -17"><span class='ocrx_word' id='word_1_88' title='bbox 438 1417 556 1481; x_wconf 89' lang='lat' dir='ltr'><strong>Dei,</strong></span> <span class='ocrx_word' id='word_1_89' title='bbox 586 1430 652 1470; x_wconf 88' lang='lat' dir='ltr'><strong>ne</strong></span> <span class='ocrx_word' id='word_1_90' title='bbox 682 1416 1018 1486; x_wconf 69' lang='lat' dir='ltr'><strong>signaculum</strong></span> <span class='ocrx_word' id='word_1_91' title='bbox 1054 1414 1363 1484; x_wconf 81' lang='lat' dir='ltr'><strong>bullamque</strong></span> <span class='ocrx_word' id='word_1_92' title='bbox 1394 1418 1656 1482; x_wconf 87' lang='lat' dir='ltr'><strong>moveris;</strong></span> <span class='ocrx_word' id='word_1_93' title='bbox 1707 1418 1802 1472; x_wconf 90' lang='lat' dir='ltr'><strong>sed</strong></span> <span class='ocrx_word' id='word_1_94' title='bbox 1861 1420 1995 1473; x_wconf 88' lang='lat' dir='ltr'><strong>solis</strong></span> 
     </span>
    </p>
   </div>
   <div class='ocr_carea' id='block_1_14' title="bbox 438 1506 2005 1579">
    <p class='ocr_par' dir='ltr' id='par_1_14' title="bbox 438 1506 2005 1579">
     <span class='ocr_line' id='line_1_14' title="bbox 438 1506 2005 1579; baseline 0.004 -21"><span class='ocrx_word' id='word_1_95' title='bbox 438 1508 688 1576; x_wconf 82' lang='lat' dir='ltr'><strong>precibus</strong></span> <span class='ocrx_word' id='word_1_96' title='bbox 713 1523 776 1563; x_wconf 89' lang='lat' dir='ltr'><strong>ea</strong></span> <span class='ocrx_word' id='word_1_97' title='bbox 804 1506 1070 1577; x_wconf 86' lang='lat' dir='ltr'><strong>tlele(60)_.</strong></span> <span class='ocrx_word' id='word_1_98' title='bbox 1085 1506 1185 1572; x_wconf 87' lang='lat' dir='ltr'><strong>Qui</strong></span> <span class='ocrx_word' id='word_1_99' title='bbox 1206 1507 1348 1561; x_wconf 89' lang='lat' dir='ltr'><strong>enim</strong></span> <span class='ocrx_word' id='word_1_100' title='bbox 1386 1506 1523 1561; x_wconf 90' lang='lat' dir='ltr'><strong>hanc</strong></span> <span class='ocrx_word' id='word_1_101' title='bbox 1559 1509 1686 1562; x_wconf 86' lang='lat' dir='ltr'><strong>mihi</strong></span> <span class='ocrx_word' id='word_1_102' title='bbox 1721 1511 2005 1579; x_wconf 85' lang='lat' dir='ltr'><strong>cogitatio-</strong></span> 
     </span>
    </p>
   </div>
   <div class='ocr_carea' id='block_1_15' title="bbox 440 1598 2009 1671">
    <p class='ocr_par' dir='ltr' id='par_1_15' title="bbox 440 1598 2009 1671">
     <span class='ocr_line' id='line_1_15' title="bbox 440 1598 2009 1671; baseline 0.003 -18"><span class='ocrx_word' id='word_1_103' title='bbox 440 1615 562 1654; x_wconf 87' lang='lat' dir='ltr'><strong>nem</strong></span> <span class='ocrx_word' id='word_1_104' title='bbox 590 1598 753 1662; x_wconf 89' lang='lat' dir='ltr'><strong>dedit,</strong></span> <span class='ocrx_word' id='word_1_105' title='bbox 769 1598 925 1666; x_wconf 90' lang='lat' dir='ltr'><strong>plane</strong></span> <span class='ocrx_word' id='word_1_106' title='bbox 941 1598 1191 1653; x_wconf 90' lang='lat' dir='ltr'><strong>obaudiet</strong></span> <span class='ocrx_word' id='word_1_107' title='bbox 1212 1612 1308 1666; x_wconf 91' lang='lat' dir='ltr'><strong>pro</strong></span> <span class='ocrx_word' id='word_1_108' title='bbox 1337 1613 1422 1652; x_wconf 88' lang='lat' dir='ltr'><strong>me</strong></span> <span class='ocrx_word' id='word_1_109' title='bbox 1448 1609 1715 1654; x_wconf 88' lang='lat' dir='ltr'><strong>orantem.</strong></span> <span class='ocrx_word' id='word_1_110' title='bbox 1749 1601 2009 1671; x_wconf 65' lang='lat' dir='ltr'><strong>sMagnus</strong></span> 
     </span>
    </p>
   </div>
   <div class='ocr_carea' id='block_1_16' title="bbox 434 1687 2000 1758">
    <p class='ocr_par' dir='ltr' id='par_1_16' title="bbox 434 1687 2000 1758">
     <span class='ocr_line' id='line_1_16' title="bbox 434 1687 2000 1758; baseline 0.003 -16"><span class='ocrx_word' id='word_1_111' title='bbox 434 1704 596 1758; x_wconf 88' lang='lat' dir='ltr'><strong>porro</strong></span> <span class='ocrx_word' id='word_1_112' title='bbox 624 1687 851 1742; x_wconf 85' lang='lat' dir='ltr'><strong>Basilius</strong></span> <span class='ocrx_word' id='word_1_113' title='bbox 871 1689 1112 1742; x_wconf 85' lang='lat' dir='ltr'><strong>chartam</strong></span> <span class='ocrx_word' id='word_1_114' title='bbox 1150 1687 1388 1753; x_wconf 86' lang='lat' dir='ltr'><strong>elevans,</strong></span> <span class='ocrx_word' id='word_1_115' title='bbox 1423 1698 1479 1744; x_wconf 88' lang='lat' dir='ltr'><strong>et</strong></span> <span class='ocrx_word' id='word_1_116' title='bbox 1505 1690 1774 1758; x_wconf 82' lang='lat' dir='ltr'><strong>aspiciens</strong></span> <span class='ocrx_word' id='word_1_117' title='bbox 1806 1692 1857 1746; x_wconf 92' lang='lat' dir='ltr'><strong>in</strong></span> <span class='ocrx_word' id='word_1_118' title='bbox 1882 1706 2000 1747; x_wconf 62' lang='grc' dir='ltr'><strong>(εαξη</strong></span> 
     </span>
    </p>
   </div>
   <div class='ocr_carea' id='block_1_17' title="bbox 435 1778 2004 1852">
    <p class='ocr_par' dir='ltr' id='par_1_17' title="bbox 435 1778 2004 1852">
     <span class='ocr_line' id='line_1_17' title="bbox 435 1778 2004 1852; baseline 0.003 -18"><span class='ocrx_word' id='word_1_119' title='bbox 435 1783 544 1834; x_wconf 88' lang='lat' dir='ltr'><strong>lmn</strong></span> <span class='ocrx_word' id='word_1_120' title='bbox 578 1780 690 1835; x_wconf 89' lang='lat' dir='ltr'><strong>ait:</strong></span> <span class='ocrx_word' id='word_1_121' title='bbox 732 1798 752 1833; x_wconf 74' lang='grc' dir='ltr'><strong>ι</strong></span> <span class='ocrx_word' id='word_1_122' title='bbox 790 1779 990 1843; x_wconf 82' lang='grc' dir='ltr'>Τιιιιιιι,</span> <span class='ocrx_word' id='word_1_123' title='bbox 1028 1778 1276 1845; x_wconf 86' lang='lat' dir='ltr'><strong>Domine,</strong></span> <span class='ocrx_word' id='word_1_124' title='bbox 1326 1779 1493 1835; x_wconf 88' lang='lat' dir='ltr'><strong>solius</strong></span> <span class='ocrx_word' id='word_1_125' title='bbox 1527 1792 1608 1836; x_wconf 89' lang='lat' dir='ltr'><strong>est</strong></span> <span class='ocrx_word' id='word_1_126' title='bbox 1642 1798 1778 1852; x_wconf 91' lang='lat' dir='ltr'><strong>opus</strong></span> <span class='ocrx_word' id='word_1_127' title='bbox 1823 1783 2004 1839; x_wconf 91' lang='lat' dir='ltr'><strong>istud:</strong></span> 
     </span>
    </p>
   </div>
   <div class='ocr_carea' id='block_1_18' title="bbox 433 1872 2002 1948">
    <p class='ocr_par' dir='ltr' id='par_1_18' title="bbox 433 1872 2002 1948">
     <span class='ocr_line' id='line_1_18' title="bbox 433 1872 2002 1948; baseline 0.004 -23"><span class='ocrx_word' id='word_1_128' title='bbox 433 1874 524 1941; x_wconf 90' lang='lat' dir='ltr'><strong>qui</strong></span> <span class='ocrx_word' id='word_1_129' title='bbox 575 1873 720 1926; x_wconf 91' lang='lat' dir='ltr'><strong>enim</strong></span> <span class='ocrx_word' id='word_1_130' title='bbox 770 1872 911 1927; x_wconf 90' lang='lat' dir='ltr'><strong>tollis</strong></span> <span class='ocrx_word' id='word_1_131' title='bbox 965 1880 1246 1940; x_wconf 88' lang='lat' dir='ltr'><strong>peccatum</strong></span> <span class='ocrx_word' id='word_1_132' title='bbox 1279 1873 1512 1938; x_wconf 91' lang='lat' dir='ltr'><strong>mundi,</strong></span> <span class='ocrx_word' id='word_1_133' title='bbox 1539 1873 1754 1930; x_wconf 81' lang='lat' dir='ltr'><strong>facilius</strong></span> <span class='ocrx_word' id='word_1_134' title='bbox 1780 1892 2002 1948; x_wconf 89' lang='lat' dir='ltr'><strong>quoque</strong></span> 
     </span>
    </p>
   </div>
   <div class='ocr_carea' id='block_1_19' title="bbox 433 1964 2006 2040">
    <p class='ocr_par' dir='ltr' id='par_1_19' title="bbox 433 1964 2006 2040">
     <span class='ocr_line' id='line_1_19' title="bbox 433 1964 2006 2040; baseline 0.003 -19"><span class='ocrx_word' id='word_1_135' title='bbox 433 1967 595 2021; x_wconf 91' lang='lat' dir='ltr'><strong>unius</strong></span> <span class='ocrx_word' id='word_1_136' title='bbox 624 1964 784 2032; x_wconf 88' lang='lat' dir='ltr'><strong>hujus</strong></span> <span class='ocrx_word' id='word_1_137' title='bbox 815 1965 1011 2019; x_wconf 64' lang='lat' dir='ltr'><strong>animae</strong></span> <span class='ocrx_word' id='word_1_138' title='bbox 1046 1966 1279 2019; x_wconf 91' lang='lat' dir='ltr'><strong>crimina</strong></span> <span class='ocrx_word' id='word_1_139' title='bbox 1318 1966 1619 2023; x_wconf 79' lang='lat' dir='ltr'><strong>deleveris:</strong></span> <span class='ocrx_word' id='word_1_140' title='bbox 1653 1971 1833 2024; x_wconf 87' lang='lat' dir='ltr'><strong>omnia</strong></span> <span class='ocrx_word' id='word_1_141' title='bbox 1854 1972 2006 2040; x_wconf 87' lang='lat' dir='ltr'><strong>quip-</strong></span> 
     </span>
    </p>
   </div>
   <div class='ocr_carea' id='block_1_20' title="bbox 432 2058 2003 2133">
    <p class='ocr_par' dir='ltr' id='par_1_20' title="bbox 432 2058 2003 2133">
     <span class='ocr_line' id='line_1_20' title="bbox 432 2058 2003 2133; baseline 0.003 -19"><span class='ocrx_word' id='word_1_142' title='bbox 432 2076 500 2133; x_wconf 93' lang='lat' dir='ltr'><strong>pe</strong></span> <span class='ocrx_word' id='word_1_143' title='bbox 535 2069 720 2114; x_wconf 90' lang='lat' dir='ltr'><strong>nostra</strong></span> <span class='ocrx_word' id='word_1_144' title='bbox 748 2059 942 2114; x_wconf 87' lang='lat' dir='ltr'><strong>delicta</strong></span> <span class='ocrx_word' id='word_1_145' title='bbox 970 2058 1111 2127; x_wconf 90' lang='lat' dir='ltr'><strong>apud</strong></span> <span class='ocrx_word' id='word_1_146' title='bbox 1137 2067 1189 2111; x_wconf 88' lang='lat' dir='ltr'><strong>te</strong></span> <span class='ocrx_word' id='word_1_147' title='bbox 1235 2068 1521 2114; x_wconf 88' lang='lat' dir='ltr'><strong>numerata</strong></span> <span class='ocrx_word' id='word_1_148' title='bbox 1551 2069 1676 2115; x_wconf 90' lang='lat' dir='ltr'><strong>sunt</strong></span> <span class='ocrx_word' id='word_1_149' title='bbox 1702 2081 1716 2116; x_wconf 93' lang='lat'><strong>:</strong></span> <span class='ocrx_word' id='word_1_150' title='bbox 1742 2073 1828 2116; x_wconf 89' lang='lat' dir='ltr'><strong>tua</strong></span> <span class='ocrx_word' id='word_1_151' title='bbox 1875 2079 2003 2119; x_wconf 89' lang='lat' dir='ltr'><strong>vero</strong></span> 
     </span>
    </p>
   </div>
   <div class='ocr_carea' id='block_1_21' title="bbox 432 2150 1999 2220">
    <p class='ocr_par' dir='ltr' id='par_1_21' title="bbox 432 2150 1999 2220">
     <span class='ocr_line' id='line_1_21' title="bbox 432 2150 1999 2220; baseline 0.003 -15"><span class='ocrx_word' id='word_1_152' title='bbox 432 2150 804 2206; x_wconf 82' lang='lat' dir='ltr'><strong>misericordia</strong></span> <span class='ocrx_word' id='word_1_153' title='bbox 835 2150 1101 2205; x_wconf 87' lang='lat' dir='ltr'><strong>immensa</strong></span> <span class='ocrx_word' id='word_1_154' title='bbox 1134 2159 1236 2211; x_wconf 87' lang='lat' dir='ltr'><strong>est,</strong></span> <span class='ocrx_word' id='word_1_155' title='bbox 1286 2160 1355 2203; x_wconf 91' lang='lat' dir='ltr'><strong>.et</strong></span> <span class='ocrx_word' id='word_1_156' title='bbox 1409 2150 1934 2220; x_wconf 89' lang='lat' dir='ltr'><strong>impervestigabilis.</strong></span> <span class='ocrx_word' id='word_1_157' title='bbox 1979 2174 1999 2209; x_wconf 74' lang='grc' dir='ltr'><strong>ι</strong></span> 
     </span>
    </p>
   </div>
   <div class='ocr_carea' id='block_1_22' title="bbox 431 2239 2005 2309">
    <p class='ocr_par' dir='ltr' id='par_1_22' title="bbox 431 2239 2005 2309">
     <span class='ocr_line' id='line_1_22' title="bbox 431 2239 2005 2309; baseline 0.003 -12"><span class='ocrx_word' id='word_1_158' title='bbox 431 2242 530 2298; x_wconf 86' lang='lat' dir='ltr'><strong>His</strong></span> <span class='ocrx_word' id='word_1_159' title='bbox 560 2250 741 2295; x_wconf 89' lang='lat' dir='ltr'><strong>autem</strong></span> <span class='ocrx_word' id='word_1_160' title='bbox 774 2239 937 2294; x_wconf 90' lang='lat' dir='ltr'><strong>dictis</strong></span> <span class='ocrx_word' id='word_1_161' title='bbox 966 2280 983 2305; x_wconf 94' lang='lat'><strong>,</strong></span> <span class='ocrx_word' id='word_1_162' title='bbox 1038 2240 1314 2309; x_wconf 90' lang='lat' dir='ltr'><strong>ingressus</strong></span> <span class='ocrx_word' id='word_1_163' title='bbox 1341 2250 1425 2295; x_wconf 90' lang='lat' dir='ltr'><strong>est</strong></span> <span class='ocrx_word' id='word_1_164' title='bbox 1454 2241 1739 2297; x_wconf 87' lang='lat' dir='ltr'><strong>ecclesiam</strong></span> <span class='ocrx_word' id='word_1_165' title='bbox 1760 2284 1775 2309; x_wconf 89' lang='lat'><strong>,</strong></span> <span class='ocrx_word' id='word_1_166' title='bbox 1815 2254 2005 2302; x_wconf 90' lang='lat' dir='ltr'><strong>tenens</strong></span> 
     </span>
    </p>
   </div>
   <div class='ocr_carea' id='block_1_23' title="bbox 430 2330 2005 2401">
    <p class='ocr_par' dir='ltr' id='par_1_23' title="bbox 430 2330 2005 2401">
     <span class='ocr_line' id='line_1_23' title="bbox 430 2330 2005 2401; baseline 0.002 -12"><span class='ocrx_word' id='word_1_167' title='bbox 430 2336 674 2392; x_wconf 81' lang='lat' dir='ltr'><strong>chartam</strong></span> <span class='ocrx_word' id='word_1_168' title='bbox 707 2372 723 2399; x_wconf 97' lang='lat'><strong>,</strong></span> <span class='ocrx_word' id='word_1_169' title='bbox 759 2345 927 2401; x_wconf 89' lang='lat' dir='ltr'><strong>seque</strong></span> <span class='ocrx_word' id='word_1_170' title='bbox 976 2330 1192 2400; x_wconf 90' lang='lat' dir='ltr'><strong>jactans</strong></span> <span class='ocrx_word' id='word_1_171' title='bbox 1245 2347 1428 2386; x_wconf 90' lang='lat' dir='ltr'><strong>coram</strong></span> <span class='ocrx_word' id='word_1_172' title='bbox 1464 2332 1662 2398; x_wconf 90' lang='lat' dir='ltr'><strong>altari,</strong></span> <span class='ocrx_word' id='word_1_173' title='bbox 1691 2343 1858 2390; x_wconf 89' lang='lat' dir='ltr'><strong>totam</strong></span> <span class='ocrx_word' id='word_1_174' title='bbox 1913 2353 2005 2393; x_wconf 88' lang='lat' dir='ltr'><strong>no-</strong></span> 
     </span>
    </p>
   </div>
   <div class='ocr_carea' id='block_1_24' title="bbox 430 2422 2004 2495">
    <p class='ocr_par' dir='ltr' id='par_1_24' title="bbox 430 2422 2004 2495">
     <span class='ocr_line' id='line_1_24' title="bbox 430 2422 2004 2495; baseline 0.001 -14"><span class='ocrx_word' id='word_1_175' title='bbox 430 2437 571 2481; x_wconf 91' lang='lat' dir='ltr'><strong>ctem</strong></span> <span class='ocrx_word' id='word_1_176' title='bbox 626 2422 949 2495; x_wconf 74' lang='lat' dir='ltr'><strong>pervigilem</strong></span> <span class='ocrx_word' id='word_1_177' title='bbox 1005 2422 1060 2479; x_wconf 91' lang='lat' dir='ltr'><strong>in</strong></span> <span class='ocrx_word' id='word_1_178' title='bbox 1114 2424 1365 2493; x_wconf 87' lang='lat' dir='ltr'><strong>precibus</strong></span> <span class='ocrx_word' id='word_1_179' title='bbox 1394 2424 1531 2494; x_wconf 90' lang='lat' dir='ltr'><strong>egit;</strong></span> <span class='ocrx_word' id='word_1_180' title='bbox 1588 2426 1752 2493; x_wconf 89' lang='lat' dir='ltr'><strong>inque</strong></span> <span class='ocrx_word' id='word_1_181' title='bbox 1803 2431 2004 2483; x_wconf 87' lang='lat' dir='ltr'><strong>crasti-</strong></span> 
     </span>
    </p>
   </div>
   <div class='ocr_carea' id='block_1_25' title="bbox 432 2515 2004 2587">
    <p class='ocr_par' dir='ltr' id='par_1_25' title="bbox 432 2515 2004 2587">
     <span class='ocr_line' id='line_1_25' title="bbox 432 2515 2004 2587; baseline 0.002 -13"><span class='ocrx_word' id='word_1_182' title='bbox 432 2536 585 2583; x_wconf 81' lang='lat' dir='ltr'><strong>num,</strong></span> <span class='ocrx_word' id='word_1_183' title='bbox 633 2534 729 2587; x_wconf 91' lang='lat' dir='ltr'><strong>per</strong></span> <span class='ocrx_word' id='word_1_184' title='bbox 759 2525 869 2571; x_wconf 90' lang='lat' dir='ltr'><strong>tota</strong></span> <span class='ocrx_word' id='word_1_185' title='bbox 903 2516 1192 2570; x_wconf 90' lang='lat' dir='ltr'><strong>missarum</strong></span> <span class='ocrx_word' id='word_1_186' title='bbox 1226 2515 1489 2571; x_wconf 89' lang='lat' dir='ltr'><strong>solemnia</strong></span> <span class='ocrx_word' id='word_1_187' title='bbox 1509 2558 1524 2581; x_wconf 95' lang='lat'><strong>,</strong></span> <span class='ocrx_word' id='word_1_188' title='bbox 1555 2518 1724 2574; x_wconf 90' lang='lat' dir='ltr'><strong>Deum</strong></span> <span class='ocrx_word' id='word_1_189' title='bbox 1749 2521 2004 2577; x_wconf 82' lang='lat' dir='ltr'><strong>obnixius</strong></span> 
     </span>
    </p>
   </div>
   <div class='ocr_carea' id='block_1_26' title="bbox 430 2610 627 2667">
    <p class='ocr_par' dir='ltr' id='par_1_26' title="bbox 430 2610 627 2667">
     <span class='ocr_line' id='line_1_26' title="bbox 430 2610 627 2667; baseline -0.025 0"><span class='ocrx_word' id='word_1_190' title='bbox 430 2610 627 2667; x_wconf 83' lang='lat' dir='ltr'><strong>Oravit.</strong></span> 
     </span>
    </p>
   </div>
   <div class='ocr_carea' id='block_1_27' title="bbox 500 2698 1995 2764">
    <p class='ocr_par' dir='ltr' id='par_1_27' title="bbox 500 2698 1995 2764">
     <span class='ocr_line' id='line_1_27' title="bbox 500 2698 1995 2764; baseline 0.001 -7"><span class='ocrx_word' id='word_1_191' title='bbox 500 2703 627 2759; x_wconf 86' lang='lat' dir='ltr'><strong>Post</strong></span> <span class='ocrx_word' id='word_1_192' title='bbox 678 2702 872 2757; x_wconf 88' lang='lat' dir='ltr'><strong>factam</strong></span> <span class='ocrx_word' id='word_1_193' title='bbox 915 2708 1093 2754; x_wconf 88' lang='lat' dir='ltr'><strong>autem</strong></span> <span class='ocrx_word' id='word_1_194' title='bbox 1115 2698 1448 2764; x_wconf 84' lang='lat' dir='ltr'><strong>missionem,</strong></span> <span class='ocrx_word' id='word_1_195' title='bbox 1483 2703 1770 2757; x_wconf 88' lang='lat' dir='ltr'><strong>accersivit</strong></span> <span class='ocrx_word' id='word_1_196' title='bbox 1801 2704 1995 2759; x_wconf 90' lang='lat' dir='ltr'><strong>mulie-</strong></span> 
     </span>
    </p>
   </div>
   <div class='ocr_carea' id='block_1_28' title="bbox 430 2792 1997 2864">
    <p class='ocr_par' dir='ltr' id='par_1_28' title="bbox 430 2792 1997 2864">
     <span class='ocr_line' id='line_1_28' title="bbox 430 2792 1997 2864; baseline 0.001 -15"><span class='ocrx_word' id='word_1_197' title='bbox 430 2810 571 2858; x_wconf 89' lang='lat' dir='ltr'><strong>rem;</strong></span> <span class='ocrx_word' id='word_1_198' title='bbox 609 2795 932 2855; x_wconf 86' lang='lat' dir='ltr'><strong>tradensque</strong></span> <span class='ocrx_word' id='word_1_199' title='bbox 956 2792 1223 2855; x_wconf 88' lang='lat' dir='ltr'><strong>chartam,</strong></span> <span class='ocrx_word' id='word_1_200' title='bbox 1259 2794 1335 2846; x_wconf 89' lang='lat' dir='ltr'><strong>ait</strong></span> <span class='ocrx_word' id='word_1_201' title='bbox 1374 2806 1389 2845; x_wconf 91' lang='lat'><strong>:</strong></span> <span class='ocrx_word' id='word_1_202' title='bbox 1433 2812 1452 2845; x_wconf 80' lang='grc' dir='ltr'><strong>ι</strong></span> <span class='ocrx_word' id='word_1_203' title='bbox 1483 2794 1752 2850; x_wconf 87' lang='lat' dir='ltr'><strong>Audistin’</strong></span> <span class='ocrx_word' id='word_1_204' title='bbox 1782 2796 1997 2864; x_wconf 88' lang='lat' dir='ltr'><strong>mulier,</strong></span> 
     </span>
    </p>
   </div>
   <div class='ocr_carea' id='block_1_29' title="bbox 426 2883 2000 2957">
    <p class='ocr_par' dir='ltr' id='par_1_29' title="bbox 426 2883 2000 2957">
     <span class='ocr_line' id='line_1_29' title="bbox 426 2883 2000 2957; baseline 0.003 -18"><span class='ocrx_word' id='word_1_205' title='bbox 426 2888 573 2957; x_wconf 84' lang='lat' dir='ltr'><strong>quod</strong></span> <span class='ocrx_word' id='word_1_206' title='bbox 635 2901 793 2939; x_wconf 84' lang='lat' dir='ltr'><strong>nemo</strong></span> <span class='ocrx_word' id='word_1_207' title='bbox 849 2883 1019 2954; x_wconf 88' lang='lat' dir='ltr'><strong>possit</strong></span> <span class='ocrx_word' id='word_1_208' title='bbox 1072 2893 1291 2953; x_wconf 87' lang='lat' dir='ltr'><strong>peccata</strong></span> <span class='ocrx_word' id='word_1_209' title='bbox 1353 2884 1646 2948; x_wconf 90' lang='lat' dir='ltr'><strong>dimittere,</strong></span> <span class='ocrx_word' id='word_1_210' title='bbox 1698 2888 1803 2942; x_wconf 92' lang='lat' dir='ltr'><strong>nisi</strong></span> <span class='ocrx_word' id='word_1_211' title='bbox 1854 2889 2000 2944; x_wconf 89' lang='lat' dir='ltr'><strong>solus</strong></span> 
     </span>
    </p>
   </div>
   <div class='ocr_carea' id='block_1_30' title="bbox 431 2974 1999 3047">
    <p class='ocr_par' dir='ltr' id='par_1_30' title="bbox 431 2974 1999 3047">
     <span class='ocr_line' id='line_1_30' title="bbox 431 2974 1999 3047; baseline 0.003 -14"><span class='ocrx_word' id='word_1_212' title='bbox 431 2980 601 3033; x_wconf 83' lang='lat' dir='ltr'><strong>Deus?</strong></span> <span class='ocrx_word' id='word_1_213' title='bbox 640 2997 659 3029; x_wconf 74' lang='grc' dir='ltr'><strong>ι</strong></span> <span class='ocrx_word' id='word_1_214' title='bbox 715 2977 804 3030; x_wconf 82' lang='lat' dir='ltr'><strong>Ait</strong></span> <span class='ocrx_word' id='word_1_215' title='bbox 837 2976 965 3030; x_wconf 91' lang='lat' dir='ltr'><strong>illa:</strong></span> <span class='ocrx_word' id='word_1_216' title='bbox 1009 2993 1027 3026; x_wconf 85' lang='lat' dir='ltr'><strong>t</strong></span> <span class='ocrx_word' id='word_1_217' title='bbox 1071 2974 1293 3040; x_wconf 86' lang='lat' dir='ltr'><strong>Audivi,</strong></span> <span class='ocrx_word' id='word_1_218' title='bbox 1342 2975 1524 3042; x_wconf 86' lang='lat' dir='ltr'><strong>Pater,</strong></span> <span class='ocrx_word' id='word_1_219' title='bbox 1579 2987 1738 3047; x_wconf 83' lang='lat' dir='ltr'><strong>teque</strong></span> <span class='ocrx_word' id='word_1_220' title='bbox 1789 2980 1908 3036; x_wconf 89' lang='lat' dir='ltr'><strong>ideo</strong></span> <span class='ocrx_word' id='word_1_221' title='bbox 1932 2984 1999 3037; x_wconf 79' lang='lat' dir='ltr'><strong>ad</strong></span> 
     </span>
    </p>
   </div>
   <div class='ocr_carea' id='block_1_31' title="bbox 430 3064 2001 3134">
    <p class='ocr_par' dir='ltr' id='par_1_31' title="bbox 430 3064 2001 3134">
     <span class='ocr_line' id='line_1_31' title="bbox 430 3064 2001 3134; baseline 0.001 -11"><span class='ocrx_word' id='word_1_222' title='bbox 430 3067 867 3125; x_wconf 79' lang='lat' dir='ltr'><strong>intercedendum</strong></span> <span class='ocrx_word' id='word_1_223' title='bbox 915 3066 1056 3134; x_wconf 87' lang='lat' dir='ltr'><strong>apud</strong></span> <span class='ocrx_word' id='word_1_224' title='bbox 1100 3064 1662 3121; x_wconf 87' lang='lat' dir='ltr'><strong>misericordissimum</strong></span> <span class='ocrx_word' id='word_1_225' title='bbox 1699 3070 1863 3123; x_wconf 90' lang='lat' dir='ltr'><strong>Deum</strong></span> <span class='ocrx_word' id='word_1_226' title='bbox 1895 3070 2001 3125; x_wconf 65' lang='lat' dir='ltr'><strong>sol.</strong></span> 
     </span>
    </p>
   </div>
   <div class='ocr_carea' id='block_1_32' title="bbox 2116 588 3690 661">
    <p class='ocr_par' dir='ltr' id='par_1_32' title="bbox 2116 588 3690 661">
     <span class='ocr_line' id='line_1_32' title="bbox 2116 588 3690 661; baseline -0.001 -15"><span class='ocrx_word' id='word_1_227' title='bbox 2116 591 2251 647; x_wconf 88' lang='lat' dir='ltr'><strong>Huic</strong></span> <span class='ocrx_word' id='word_1_228' title='bbox 2299 593 2451 647; x_wconf 89' lang='lat' dir='ltr'><strong>trade</strong></span> <span class='ocrx_word' id='word_1_229' title='bbox 2480 593 2751 656; x_wconf 79' lang='lat' dir='ltr'><strong>chartam,</strong></span> <span class='ocrx_word' id='word_1_230' title='bbox 2784 590 2936 660; x_wconf 82' lang='lat' dir='ltr'><strong>isque</strong></span> <span class='ocrx_word' id='word_1_231' title='bbox 2985 591 3188 654; x_wconf 86' lang='lat' dir='ltr'><strong>orabit,</strong></span> <span class='ocrx_word' id='word_1_232' title='bbox 3215 598 3271 643; x_wconf 86' lang='lat' dir='ltr'><strong>et</strong></span> <span class='ocrx_word' id='word_1_233' title='bbox 3310 588 3474 643; x_wconf 89' lang='lat' dir='ltr'><strong>Deum</strong></span> <span class='ocrx_word' id='word_1_234' title='bbox 3506 592 3690 661; x_wconf 88' lang='lat' dir='ltr'><strong>propi-</strong></span> 
     </span>
    </p>
   </div>
   <div class='ocr_carea' id='block_1_33' title="bbox 2116 684 2637 739">
    <p class='ocr_par' dir='ltr' id='par_1_33' title="bbox 2116 684 2637 739">
     <span class='ocr_line' id='line_1_33' title="bbox 2116 684 2637 739; baseline -0.004 -1"><span class='ocrx_word' id='word_1_235' title='bbox 2116 684 2246 738; x_wconf 89' lang='lat' dir='ltr'><strong>tium</strong></span> <span class='ocrx_word' id='word_1_236' title='bbox 2282 684 2375 739; x_wconf 88' lang='lat' dir='ltr'><strong>tibi</strong></span> <span class='ocrx_word' id='word_1_237' title='bbox 2402 684 2582 739; x_wconf 78' lang='lat' dir='ltr'><strong>faciet.</strong></span> <span class='ocrx_word' id='word_1_238' title='bbox 2619 703 2637 736; x_wconf 76' lang='grc' dir='ltr'><strong>ι</strong></span> 
     </span>
    </p>
   </div>
   <div class='ocr_carea' id='block_1_34' title="bbox 2182 774 3673 839">
    <p class='ocr_par' dir='ltr' id='par_1_34' title="bbox 2182 774 3673 839">
     <span class='ocr_line' id='line_1_34' title="bbox 2182 774 3673 839; baseline -0.002 -9"><span class='ocrx_word' id='word_1_239' title='bbox 2182 776 2254 830; x_wconf 83' lang='lat' dir='ltr'><strong>At</strong></span> <span class='ocrx_word' id='word_1_240' title='bbox 2277 775 2361 829; x_wconf 88' lang='lat' dir='ltr'><strong>illa</strong></span> <span class='ocrx_word' id='word_1_241' title='bbox 2396 777 2699 831; x_wconf 83' lang='lat' dir='ltr'><strong>raledicens</strong></span> <span class='ocrx_word' id='word_1_242' title='bbox 2732 784 2938 839; x_wconf 90' lang='lat' dir='ltr'><strong>sancto,</strong></span> <span class='ocrx_word' id='word_1_243' title='bbox 2968 774 3206 828; x_wconf 86' lang='lat' dir='ltr'><strong>cucurrit</strong></span> <span class='ocrx_word' id='word_1_244' title='bbox 3235 774 3301 828; x_wconf 90' lang='lat' dir='ltr'><strong>ad</strong></span> <span class='ocrx_word' id='word_1_245' title='bbox 3346 775 3615 829; x_wconf 87' lang='lat' dir='ltr'><strong>desertum</strong></span> <span class='ocrx_word' id='word_1_246' title='bbox 3658 791 3673 827; x_wconf 94' lang='lat'><strong>:</strong></span> 
     </span>
    </p>
   </div>
   <div class='ocr_carea' id='block_1_35' title="bbox 2114 865 3675 935">
    <p class='ocr_par' dir='ltr' id='par_1_35' title="bbox 2114 865 3675 935">
     <span class='ocr_line' id='line_1_35' title="bbox 2114 865 3675 935; baseline -0.002 -14"><span class='ocrx_word' id='word_1_247' title='bbox 2114 865 2468 935; x_wconf 73' lang='lat' dir='ltr'><strong>confectoque</strong></span> <span class='ocrx_word' id='word_1_248' title='bbox 2501 866 2656 933; x_wconf 81' lang='lat' dir='ltr'><strong>longo</strong></span> <span class='ocrx_word' id='word_1_249' title='bbox 2681 866 2887 928; x_wconf 86' lang='lat' dir='ltr'><strong>itinere,</strong></span> <span class='ocrx_word' id='word_1_250' title='bbox 2924 866 3167 935; x_wconf 87' lang='lat' dir='ltr'><strong>pervenit</strong></span> <span class='ocrx_word' id='word_1_251' title='bbox 3198 866 3264 918; x_wconf 91' lang='lat' dir='ltr'><strong>ad</strong></span> <span class='ocrx_word' id='word_1_252' title='bbox 3294 875 3675 934; x_wconf 84' lang='lat' dir='ltr'><strong>praemonstra—</strong></span> 
     </span>
    </p>
   </div>
   <div class='ocr_carea' id='block_1_36' title="bbox 2116 956 3688 1028">
    <p class='ocr_par' dir='ltr' id='par_1_36' title="bbox 2116 956 3688 1028">
     <span class='ocr_line' id='line_1_36' title="bbox 2116 956 3688 1028; baseline 0.001 -17"><span class='ocrx_word' id='word_1_253' title='bbox 2116 969 2226 1012; x_wconf 88' lang='lat' dir='ltr'><strong>tutn</strong></span> <span class='ocrx_word' id='word_1_254' title='bbox 2275 959 2450 1013; x_wconf 90' lang='lat' dir='ltr'><strong>locum</strong></span> <span class='ocrx_word' id='word_1_255' title='bbox 2495 960 2672 1028; x_wconf 80' lang='lat' dir='ltr'><strong>magni</strong></span> <span class='ocrx_word' id='word_1_256' title='bbox 2731 958 2875 1011; x_wconf 92' lang='lat' dir='ltr'><strong>illius</strong></span> <span class='ocrx_word' id='word_1_257' title='bbox 2912 956 3566 1025; x_wconf 72' lang='lat' dir='ltr'><strong>cremitae;&#39;pulsansque</strong></span> <span class='ocrx_word' id='word_1_258' title='bbox 3620 957 3688 1012; x_wconf 86' lang='lat' dir='ltr'><strong>ad</strong></span> 
     </span>
    </p>
   </div>
   <div class='ocr_carea' id='block_1_37' title="bbox 2107 1048 3687 1119">
    <p class='ocr_par' dir='ltr' id='par_1_37' title="bbox 2107 1048 3687 1119">
     <span class='ocr_line' id='line_1_37' title="bbox 2107 1048 3687 1119; baseline -0.001 -15"><span class='ocrx_word' id='word_1_259' title='bbox 2107 1051 2329 1119; x_wconf 81' lang='lat' dir='ltr'><strong>ianuam</strong></span> <span class='ocrx_word' id='word_1_260' title='bbox 2358 1051 2630 1105; x_wconf 84' lang='lat' dir='ltr'><strong>clamabat</strong></span> <span class='ocrx_word' id='word_1_261' title='bbox 2659 1050 2846 1104; x_wconf 90' lang='lat' dir='ltr'><strong>dicens</strong></span> <span class='ocrx_word' id='word_1_262' title='bbox 2896 1068 2909 1103; x_wconf 88' lang='lat'><strong>:</strong></span> <span class='ocrx_word' id='word_1_263' title='bbox 2952 1068 2970 1101; x_wconf 77' lang='grc' dir='ltr'><strong>ι</strong></span> <span class='ocrx_word' id='word_1_264' title='bbox 3020 1048 3277 1103; x_wconf 81' lang='lat' dir='ltr'><strong>Miserere</strong></span> <span class='ocrx_word' id='word_1_265' title='bbox 3321 1048 3449 1111; x_wconf 88' lang='lat' dir='ltr'><strong>mei,</strong></span> <span class='ocrx_word' id='word_1_266' title='bbox 3500 1057 3687 1104; x_wconf 78' lang='lat' dir='ltr'><strong>sancte</strong></span> 
     </span>
    </p>
   </div>
   <div class='ocr_carea' id='block_1_38' title="bbox 2114 1140 3689 1212">
    <p class='ocr_par' dir='ltr' id='par_1_38' title="bbox 2114 1140 3689 1212">
     <span class='ocr_line' id='line_1_38' title="bbox 2114 1140 3689 1212; baseline -0.002 -15"><span class='ocrx_word' id='word_1_267' title='bbox 2114 1145 2230 1201; x_wconf 92' lang='lat' dir='ltr'><strong>Dei.</strong></span> <span class='ocrx_word' id='word_1_268' title='bbox 2271 1164 2290 1195; x_wconf 76' lang='grc' dir='ltr'><strong>ι</strong></span> <span class='ocrx_word' id='word_1_269' title='bbox 2326 1143 2415 1197; x_wconf 91' lang='lat' dir='ltr'><strong>Ille</strong></span> <span class='ocrx_word' id='word_1_270' title='bbox 2446 1142 2703 1212; x_wconf 79' lang='lat' dir='ltr'><strong>pra-scius</strong></span> <span class='ocrx_word' id='word_1_271' title='bbox 2744 1142 2935 1210; x_wconf 88' lang='lat' dir='ltr'><strong>spiritu</strong></span> <span class='ocrx_word' id='word_1_272' title='bbox 2974 1155 3136 1209; x_wconf 89' lang='lat' dir='ltr'><strong>quam</strong></span> <span class='ocrx_word' id='word_1_273' title='bbox 3167 1140 3237 1194; x_wconf 92' lang='lat' dir='ltr'><strong>ob</strong></span> <span class='ocrx_word' id='word_1_274' title='bbox 3262 1155 3480 1194; x_wconf 89' lang='lat' dir='ltr'><strong>causam</strong></span> <span class='ocrx_word' id='word_1_275' title='bbox 3501 1141 3689 1212; x_wconf 75' lang='lat' dir='ltr'><strong>_venis-</strong></span> 
     </span>
    </p>
   </div>
   <div class='ocr_carea' id='block_1_39' title="bbox 2112 1208 3684 1301">
    <p class='ocr_par' dir='ltr' id='par_1_39' title="bbox 2112 1208 3684 1301">
     <span class='ocr_line' id='line_1_39' title="bbox 2112 1208 3684 1301; baseline -0.004 -11"><span class='ocrx_word' id='word_1_276' title='bbox 2112 1244 2216 1301; x_wconf 90' lang='lat' dir='ltr'><strong>set,</strong></span> <span class='ocrx_word' id='word_1_277' title='bbox 2250 1236 2327 1289; x_wconf 90' lang='lat' dir='ltr'><strong>ait</strong></span> <span class='ocrx_word' id='word_1_278' title='bbox 2351 1234 2424 1290; x_wconf 77' lang='lat' dir='ltr'><strong>illi</strong></span> <span class='ocrx_word' id='word_1_279' title='bbox 2453 1253 2466 1288; x_wconf 89' lang='lat'>:</span> <span class='ocrx_word' id='word_1_280' title='bbox 2509 1252 2527 1285; x_wconf 83' lang='grc' dir='ltr'><strong>ι</strong></span> <span class='ocrx_word' id='word_1_281' title='bbox 2561 1232 2659 1287; x_wconf 83' lang='lat' dir='ltr'><strong>Exi</strong></span> <span class='ocrx_word' id='word_1_282' title='bbox 2692 1248 2720 1286; x_wconf 89' lang='lat' dir='ltr'><strong>a</strong></span> <span class='ocrx_word' id='word_1_283' title='bbox 2747 1248 2851 1297; x_wconf 87' lang='lat' dir='ltr'><strong>me,</strong></span> <span class='ocrx_word' id='word_1_284' title='bbox 2891 1232 3109 1297; x_wconf 89' lang='lat' dir='ltr'><strong>mulier,</strong></span> <span class='ocrx_word' id='word_1_285' title='bbox 3143 1233 3268 1299; x_wconf 92' lang='lat' dir='ltr'><strong>quia</strong></span> <span class='ocrx_word' id='word_1_286' title='bbox 3301 1232 3463 1286; x_wconf 91' lang='lat' dir='ltr'><strong>homo</strong></span> <span class='ocrx_word' id='word_1_287' title='bbox 3493 1208 3684 1301; x_wconf 78' lang='lat' dir='ltr'><strong>pecca—</strong></span> 
     </span>
    </p>
   </div>
   <div class='ocr_carea' id='block_1_40' title="bbox 2113 1321 3685 1394">
    <p class='ocr_par' dir='ltr' id='par_1_40' title="bbox 2113 1321 3685 1394">
     <span class='ocr_line' id='line_1_40' title="bbox 2113 1321 3685 1394; baseline -0.003 -13"><span class='ocrx_word' id='word_1_288' title='bbox 2113 1336 2198 1381; x_wconf 90' lang='lat' dir='ltr'><strong>tor</strong></span> <span class='ocrx_word' id='word_1_289' title='bbox 2223 1342 2365 1393; x_wconf 90' lang='lat' dir='ltr'><strong>sum,</strong></span> <span class='ocrx_word' id='word_1_290' title='bbox 2392 1325 2641 1394; x_wconf 70' lang='lat' dir='ltr'><strong>indigens</strong></span> <span class='ocrx_word' id='word_1_291' title='bbox 2670 1332 2725 1377; x_wconf 90' lang='lat' dir='ltr'><strong>et</strong></span> <span class='ocrx_word' id='word_1_292' title='bbox 2760 1323 2873 1392; x_wconf 84' lang='lat' dir='ltr'><strong>ipse</strong></span> <span class='ocrx_word' id='word_1_293' title='bbox 2903 1323 3198 1393; x_wconf 86' lang='lat' dir='ltr'><strong>adjutorio.</strong></span> <span class='ocrx_word' id='word_1_294' title='bbox 3235 1342 3255 1375; x_wconf 72' lang='grc' dir='ltr'><strong>ι</strong></span> <span class='ocrx_word' id='word_1_295' title='bbox 3293 1321 3363 1375; x_wconf 86' lang='lat' dir='ltr'><strong>At</strong></span> <span class='ocrx_word' id='word_1_296' title='bbox 3389 1322 3477 1375; x_wconf 89' lang='lat' dir='ltr'><strong>illa</strong></span> <span class='ocrx_word' id='word_1_297' title='bbox 3508 1323 3685 1390; x_wconf 85' lang='lat' dir='ltr'><strong>jacta-</strong></span> 
     </span>
    </p>
   </div>
   <div class='ocr_carea' id='block_1_41' title="bbox 2113 1413 3685 1483">
    <p class='ocr_par' dir='ltr' id='par_1_41' title="bbox 2113 1413 3685 1483">
     <span class='ocr_line' id='line_1_41' title="bbox 2113 1413 3685 1483; baseline 0 -15"><span class='ocrx_word' id='word_1_298' title='bbox 2113 1419 2476 1483; x_wconf 83' lang='lat' dir='ltr'><strong>vitcltartam,</strong></span> <span class='ocrx_word' id='word_1_299' title='bbox 2502 1417 2685 1469; x_wconf 77' lang='lat' dir='ltr'><strong>dicens</strong></span> <span class='ocrx_word' id='word_1_300' title='bbox 2716 1436 2726 1469; x_wconf 89' lang='lat'><strong>:</strong></span> <span class='ocrx_word' id='word_1_301' title='bbox 2761 1432 2781 1464; x_wconf 76' lang='grc' dir='ltr'><strong>ι</strong></span> <span class='ocrx_word' id='word_1_302' title='bbox 2810 1413 2949 1469; x_wconf 75' lang='lat' dir='ltr'><strong>Misit</strong></span> <span class='ocrx_word' id='word_1_303' title='bbox 2972 1430 3057 1469; x_wconf 76' lang='lat' dir='ltr'><strong>nte</strong></span> <span class='ocrx_word' id='word_1_304' title='bbox 3085 1416 3151 1467; x_wconf 88' lang='lat' dir='ltr'><strong>ad</strong></span> <span class='ocrx_word' id='word_1_305' title='bbox 3175 1424 3226 1468; x_wconf 88' lang='lat' dir='ltr'><strong>te</strong></span> <span class='ocrx_word' id='word_1_306' title='bbox 3250 1414 3685 1483; x_wconf 80' lang='lat' dir='ltr'><strong>archiepiscopus</strong></span> 
     </span>
    </p>
   </div>
   <div class='ocr_carea' id='block_1_42' title="bbox 2110 1506 3684 1576">
    <p class='ocr_par' dir='ltr' id='par_1_42' title="bbox 2110 1506 3684 1576">
     <span class='ocr_line' id='line_1_42' title="bbox 2110 1506 3684 1576; baseline -0.002 -13"><span class='ocrx_word' id='word_1_307' title='bbox 2110 1508 2365 1573; x_wconf 88' lang='lat' dir='ltr'><strong>Basilius,</strong></span> <span class='ocrx_word' id='word_1_308' title='bbox 2395 1518 2455 1561; x_wconf 93' lang='lat' dir='ltr'><strong>ut</strong></span> <span class='ocrx_word' id='word_1_309' title='bbox 2484 1508 2649 1561; x_wconf 80' lang='lat' dir='ltr'><strong>Deum</strong></span> <span class='ocrx_word' id='word_1_310' title='bbox 2677 1521 2773 1575; x_wconf 89' lang='lat' dir='ltr'><strong>pro</strong></span> <span class='ocrx_word' id='word_1_311' title='bbox 2795 1520 2878 1557; x_wconf 90' lang='lat' dir='ltr'><strong>tue</strong></span> <span class='ocrx_word' id='word_1_312' title='bbox 2907 1506 3235 1576; x_wconf 82' lang='lat' dir='ltr'><strong>depreceris,</strong></span> <span class='ocrx_word' id='word_1_313' title='bbox 3274 1520 3381 1575; x_wconf 90' lang='lat' dir='ltr'><strong>quo</strong></span> <span class='ocrx_word' id='word_1_314' title='bbox 3406 1515 3684 1575; x_wconf 88' lang='lat' dir='ltr'><strong>peccatum</strong></span> 
     </span>
    </p>
   </div>
   <div class='ocr_carea' id='block_1_43' title="bbox 2112 1598 3684 1672">
    <p class='ocr_par' dir='ltr' id='par_1_43' title="bbox 2112 1598 3684 1672">
     <span class='ocr_line' id='line_1_43' title="bbox 2112 1598 3684 1672; baseline -0.002 -16"><span class='ocrx_word' id='word_1_315' title='bbox 2112 1603 2165 1657; x_wconf 92' lang='lat' dir='ltr'><strong>in</strong></span> <span class='ocrx_word' id='word_1_316' title='bbox 2186 1604 2376 1657; x_wconf 90' lang='lat' dir='ltr'><strong>charta</strong></span> <span class='ocrx_word' id='word_1_317' title='bbox 2400 1602 2634 1672; x_wconf 85' lang='lat' dir='ltr'><strong>positqu</strong></span> <span class='ocrx_word' id='word_1_318' title='bbox 2675 1602 2920 1657; x_wconf 87' lang='lat' dir='ltr'><strong>deleatur</strong></span> <span class='ocrx_word' id='word_1_319' title='bbox 2953 1617 2967 1654; x_wconf 88' lang='lat'>:</span> <span class='ocrx_word' id='word_1_320' title='bbox 3003 1599 3199 1653; x_wconf 87' lang='lat' dir='ltr'><strong>delevit</strong></span> <span class='ocrx_word' id='word_1_321' title='bbox 3223 1598 3526 1667; x_wconf 87' lang='lat' dir='ltr'><strong>enitn,ipsa</strong></span> <span class='ocrx_word' id='word_1_322' title='bbox 3561 1613 3684 1666; x_wconf 82' lang='lat' dir='ltr'><strong>pre-</strong></span> 
     </span>
    </p>
   </div>
   <div class='ocr_carea' id='block_1_44' title="bbox 2109 1689 3684 1763">
    <p class='ocr_par' dir='ltr' id='par_1_44' title="bbox 2109 1689 3684 1763">
     <span class='ocr_line' id='line_1_44' title="bbox 2109 1689 3684 1763; baseline -0.004 -13"><span class='ocrx_word' id='word_1_323' title='bbox 2109 1705 2285 1760; x_wconf 87' lang='lat' dir='ltr'><strong>catus,</strong></span> <span class='ocrx_word' id='word_1_324' title='bbox 2314 1694 2543 1763; x_wconf 89' lang='lat' dir='ltr'><strong>reliqua.</strong></span> <span class='ocrx_word' id='word_1_325' title='bbox 2582 1692 2659 1747; x_wconf 93' lang='lat' dir='ltr'><strong>Tu</strong></span> <span class='ocrx_word' id='word_1_326' title='bbox 2689 1710 2818 1748; x_wconf 84' lang='lat' dir='ltr'><strong>vero</strong></span> <span class='ocrx_word' id='word_1_327' title='bbox 2851 1708 2918 1746; x_wconf 92' lang='lat' dir='ltr'><strong>ne</strong></span> <span class='ocrx_word' id='word_1_328' title='bbox 2965 1690 3244 1760; x_wconf 88' lang='lat' dir='ltr'><strong>pigriteris</strong></span> <span class='ocrx_word' id='word_1_329' title='bbox 3286 1704 3381 1759; x_wconf 91' lang='lat' dir='ltr'><strong>pro</strong></span> <span class='ocrx_word' id='word_1_330' title='bbox 3410 1689 3569 1745; x_wconf 91' lang='lat' dir='ltr'><strong>unico</strong></span> <span class='ocrx_word' id='word_1_331' title='bbox 3616 1690 3684 1744; x_wconf 89' lang='lat' dir='ltr'><strong>ad</strong></span> 
     </span>
    </p>
   </div>
   <div class='ocr_carea' id='block_1_45' title="bbox 2117 1781 3687 1853">
    <p class='ocr_par' dir='ltr' id='par_1_45' title="bbox 2117 1781 3687 1853">
     <span class='ocr_line' id='line_1_45' title="bbox 2117 1781 3687 1853; baseline -0.004 -12"><span class='ocrx_word' id='word_1_332' title='bbox 2117 1788 2283 1843; x_wconf 92' lang='lat' dir='ltr'><strong>Deum</strong></span> <span class='ocrx_word' id='word_1_333' title='bbox 2311 1786 2671 1848; x_wconf 84' lang='lat' dir='ltr'><strong>intercedere,</strong></span> <span class='ocrx_word' id='word_1_334' title='bbox 2697 1786 2964 1853; x_wconf 85' lang='lat' dir='ltr'><strong>siquidem</strong></span> <span class='ocrx_word' id='word_1_335' title='bbox 2988 1783 3054 1837; x_wconf 89' lang='lat' dir='ltr'><strong>ad</strong></span> <span class='ocrx_word' id='word_1_336' title='bbox 3082 1792 3133 1837; x_wconf 94' lang='lat' dir='ltr'><strong>te</strong></span> <span class='ocrx_word' id='word_1_337' title='bbox 3165 1782 3325 1837; x_wconf 89' lang='lat' dir='ltr'><strong>missa</strong></span> <span class='ocrx_word' id='word_1_338' title='bbox 3353 1781 3687 1837; x_wconf 62' lang='lat' dir='ltr'><strong>sumaTunc</strong></span> 
     </span>
    </p>
   </div>
   <div class='ocr_carea' id='block_1_46' title="bbox 2115 1873 3684 1941">
    <p class='ocr_par' dir='ltr' id='par_1_46' title="bbox 2115 1873 3684 1941">
     <span class='ocr_line' id='line_1_46' title="bbox 2115 1873 3684 1941; baseline -0.004 -9"><span class='ocrx_word' id='word_1_339' title='bbox 2115 1880 2181 1932; x_wconf 90' lang='lat' dir='ltr'><strong>ad</strong></span> <span class='ocrx_word' id='word_1_340' title='bbox 2213 1892 2332 1932; x_wconf 90' lang='lat' dir='ltr'><strong>eam</strong></span> <span class='ocrx_word' id='word_1_341' title='bbox 2360 1886 2581 1931; x_wconf 90' lang='lat' dir='ltr'><strong>sanctus</strong></span> <span class='ocrx_word' id='word_1_342' title='bbox 2621 1876 2714 1930; x_wconf 86' lang='lat' dir='ltr'><strong>Dei</strong></span> <span class='ocrx_word' id='word_1_343' title='bbox 2745 1894 2759 1930; x_wconf 89' lang='lat'>:</span> <span class='ocrx_word' id='word_1_344' title='bbox 2798 1894 2816 1925; x_wconf 79' lang='grc' dir='ltr'><strong>ι</strong></span> <span class='ocrx_word' id='word_1_345' title='bbox 2850 1875 2948 1938; x_wconf 79' lang='lat' dir='ltr'><strong>Ne,</strong></span> <span class='ocrx_word' id='word_1_346' title='bbox 2996 1873 3127 1936; x_wconf 86' lang='lat' dir='ltr'><strong>ﬁlia,</strong></span> <span class='ocrx_word' id='word_1_347' title='bbox 3161 1888 3228 1926; x_wconf 89' lang='lat' dir='ltr'><strong>ne</strong></span> <span class='ocrx_word' id='word_1_348' title='bbox 3259 1873 3331 1927; x_wconf 87' lang='lat' dir='ltr'><strong>ita</strong></span> <span class='ocrx_word' id='word_1_349' title='bbox 3366 1891 3379 1927; x_wconf 91' lang='lat'>:</span> <span class='ocrx_word' id='word_1_350' title='bbox 3414 1874 3506 1941; x_wconf 92' lang='lat' dir='ltr'><strong>qui</strong></span> <span class='ocrx_word' id='word_1_351' title='bbox 3542 1873 3684 1926; x_wconf 85' lang='lat' dir='ltr'><strong>enim</strong></span> 
     </span>
    </p>
   </div>
   <div class='ocr_carea' id='block_1_47' title="bbox 2113 1963 3683 2041">
    <p class='ocr_par' dir='ltr' id='par_1_47' title="bbox 2113 1963 3683 2041">
     <span class='ocr_line' id='line_1_47' title="bbox 2113 1963 3683 2041; baseline -0.004 -18"><span class='ocrx_word' id='word_1_352' title='bbox 2113 1985 2211 2041; x_wconf 91' lang='lat' dir='ltr'><strong>pro</strong></span> <span class='ocrx_word' id='word_1_353' title='bbox 2239 1968 2423 2024; x_wconf 90' lang='lat' dir='ltr'><strong>multis</strong></span> <span class='ocrx_word' id='word_1_354' title='bbox 2448 1968 2551 2022; x_wconf 87' lang='lat' dir='ltr'><strong>illis</strong></span> <span class='ocrx_word' id='word_1_355' title='bbox 2581 1968 2821 2037; x_wconf 84' lang='lat' dir='ltr'><strong>peccatis</strong></span> <span class='ocrx_word' id='word_1_356' title='bbox 2849 1965 3019 2031; x_wconf 88' lang='lat' dir='ltr'><strong>potuit</strong></span> <span class='ocrx_word' id='word_1_357' title='bbox 3051 1964 3213 2018; x_wconf 87' lang='lat' dir='ltr'><strong>Deum</strong></span> <span class='ocrx_word' id='word_1_358' title='bbox 3254 1963 3504 2032; x_wconf 91' lang='lat' dir='ltr'><strong>placare,</strong></span> <span class='ocrx_word' id='word_1_359' title='bbox 3523 1963 3683 2017; x_wconf 86' lang='lat' dir='ltr'><strong>etiam</strong></span> 
     </span>
    </p>
   </div>
   <div class='ocr_carea' id='block_1_48' title="bbox 2114 2056 3681 2133">
    <p class='ocr_par' dir='ltr' id='par_1_48' title="bbox 2114 2056 3681 2133">
     <span class='ocr_line' id='line_1_48' title="bbox 2114 2056 3681 2133; baseline -0.001 -20"><span class='ocrx_word' id='word_1_360' title='bbox 2114 2078 2213 2133; x_wconf 89' lang='lat' dir='ltr'><strong>pro</strong></span> <span class='ocrx_word' id='word_1_361' title='bbox 2264 2076 2371 2115; x_wconf 92' lang='lat' dir='ltr'><strong>uno</strong></span> <span class='ocrx_word' id='word_1_362' title='bbox 2411 2060 2553 2129; x_wconf 88' lang='lat' dir='ltr'><strong>quod</strong></span> <span class='ocrx_word' id='word_1_363' title='bbox 2599 2068 2840 2126; x_wconf 87' lang='lat' dir='ltr'><strong>superat,</strong></span> <span class='ocrx_word' id='word_1_364' title='bbox 2884 2056 3095 2111; x_wconf 79' lang='lat' dir='ltr'><strong>facilius</strong></span> <span class='ocrx_word' id='word_1_365' title='bbox 3132 2071 3295 2120; x_wconf 90' lang='lat' dir='ltr'><strong>quam</strong></span> <span class='ocrx_word' id='word_1_366' title='bbox 3336 2070 3434 2126; x_wconf 85' lang='lat' dir='ltr'><strong>ego</strong></span> <span class='ocrx_word' id='word_1_367' title='bbox 3466 2056 3681 2125; x_wconf 86' lang='lat' dir='ltr'><strong>poterit.</strong></span> 
     </span>
    </p>
   </div>
   <div class='ocr_carea' id='block_1_49' title="bbox 2114 2148 3683 2221">
    <p class='ocr_par' dir='ltr' id='par_1_49' title="bbox 2114 2148 3683 2221">
     <span class='ocr_line' id='line_1_49' title="bbox 2114 2148 3683 2221; baseline -0.003 -14"><span class='ocrx_word' id='word_1_368' title='bbox 2114 2154 2263 2208; x_wconf 90' lang='lat' dir='ltr'><strong>Vade</strong></span> <span class='ocrx_word' id='word_1_369' title='bbox 2298 2166 2450 2221; x_wconf 80' lang='lat' dir='ltr'><strong>ergo,</strong></span> <span class='ocrx_word' id='word_1_370' title='bbox 2488 2167 2553 2205; x_wconf 90' lang='lat' dir='ltr'><strong>ne</strong></span> <span class='ocrx_word' id='word_1_371' title='bbox 2593 2150 2915 2213; x_wconf 89' lang='lat' dir='ltr'><strong>tardaveris,</strong></span> <span class='ocrx_word' id='word_1_372' title='bbox 2967 2158 3027 2202; x_wconf 89' lang='lat' dir='ltr'><strong>ut</strong></span> <span class='ocrx_word' id='word_1_373' title='bbox 3060 2148 3341 2218; x_wconf 87' lang='lat' dir='ltr'><strong>pervenias</strong></span> <span class='ocrx_word' id='word_1_374' title='bbox 3374 2148 3439 2201; x_wconf 89' lang='lat' dir='ltr'><strong>ad</strong></span> <span class='ocrx_word' id='word_1_375' title='bbox 3484 2149 3683 2218; x_wconf 88' lang='lat' dir='ltr'><strong>ipsum,</strong></span> 
     </span>
    </p>
   </div>
   <div class='ocr_carea' id='block_1_50' title="bbox 2113 2239 3684 2319">
    <p class='ocr_par' dir='ltr' id='par_1_50' title="bbox 2113 2239 3684 2319">
     <span class='ocr_line' id='line_1_50' title="bbox 2113 2239 3684 2319; baseline -0.004 -17"><span class='ocrx_word' id='word_1_376' title='bbox 2113 2250 2428 2319; x_wconf 86' lang='lat' dir='ltr'><strong>priusquam</strong></span> <span class='ocrx_word' id='word_1_377' title='bbox 2478 2259 2507 2298; x_wconf 86' lang='lat' dir='ltr'><strong>a</strong></span> <span class='ocrx_word' id='word_1_378' title='bbox 2558 2259 2785 2313; x_wconf 90' lang='lat' dir='ltr'><strong>corpore</strong></span> <span class='ocrx_word' id='word_1_379' title='bbox 2834 2241 3163 2313; x_wconf 78' lang='lat' dir='ltr'><strong>migraverit.</strong></span> <span class='ocrx_word' id='word_1_380' title='bbox 3196 2258 3215 2292; x_wconf 75' lang='grc' dir='ltr'><strong>ι</strong></span> <span class='ocrx_word' id='word_1_381' title='bbox 3260 2239 3353 2294; x_wconf 91' lang='lat' dir='ltr'><strong>Illa</strong></span> <span class='ocrx_word' id='word_1_382' title='bbox 3379 2241 3684 2296; x_wconf 84' lang='lat' dir='ltr'><strong>valedicens</strong></span> 
     </span>
    </p>
   </div>
   <div class='ocr_carea' id='block_1_51' title="bbox 2114 2334 3680 2404">
    <p class='ocr_par' dir='ltr' id='par_1_51' title="bbox 2114 2334 3680 2404">
     <span class='ocr_line' id='line_1_51' title="bbox 2114 2334 3680 2404; baseline -0.004 -8"><span class='ocrx_word' id='word_1_383' title='bbox 2114 2351 2329 2404; x_wconf 88' lang='lat' dir='ltr'><strong>sancto,</strong></span> <span class='ocrx_word' id='word_1_384' title='bbox 2367 2339 2527 2393; x_wconf 84' lang='lat' dir='ltr'><strong>rediit</strong></span> <span class='ocrx_word' id='word_1_385' title='bbox 2576 2336 2900 2392; x_wconf 61' lang='lat' dir='ltr'><strong>Caesaream.</strong></span> <span class='ocrx_word' id='word_1_386' title='bbox 2950 2335 3193 2402; x_wconf 82' lang='lat' dir='ltr'><strong>Cumque</strong></span> <span class='ocrx_word' id='word_1_387' title='bbox 3224 2334 3599 2403; x_wconf 79' lang='lat' dir='ltr'><strong>ingrederetur</strong></span> <span class='ocrx_word' id='word_1_388' title='bbox 3626 2334 3680 2389; x_wconf 90' lang='lat' dir='ltr'><strong>in</strong></span> 
     </span>
    </p>
   </div>
   <div class='ocr_carea' id='block_1_52' title="bbox 2111 2423 3683 2495">
    <p class='ocr_par' dir='ltr' id='par_1_52' title="bbox 2111 2423 3683 2495">
     <span class='ocr_line' id='line_1_52' title="bbox 2111 2423 3683 2495; baseline -0.006 -7"><span class='ocrx_word' id='word_1_389' title='bbox 2111 2435 2425 2495; x_wconf 89' lang='lat' dir='ltr'><strong>civitatem,</strong></span> <span class='ocrx_word' id='word_1_390' title='bbox 2450 2428 2883 2484; x_wconf 89' lang='lat' dir='ltr'><strong>occurritsaucti</strong></span> <span class='ocrx_word' id='word_1_391' title='bbox 2918 2426 3101 2481; x_wconf 78' lang='lat' dir='ltr'><strong>Basilii</strong></span> <span class='ocrx_word' id='word_1_392' title='bbox 3134 2427 3368 2494; x_wconf 74' lang='lat' dir='ltr'><strong>corpori,</strong></span> <span class='ocrx_word' id='word_1_393' title='bbox 3398 2427 3539 2491; x_wconf 92' lang='lat' dir='ltr'><strong>quod</strong></span> <span class='ocrx_word' id='word_1_394' title='bbox 3553 2423 3683 2480; x_wconf 74' lang='lat' dir='ltr'><strong>elle-</strong></span> 
     </span>
    </p>
   </div>
   <div class='ocr_carea' id='block_1_53' title="bbox 2112 2518 3680 2592">
    <p class='ocr_par' dir='ltr' id='par_1_53' title="bbox 2112 2518 3680 2592">
     <span class='ocr_line' id='line_1_53' title="bbox 2112 2518 3680 2592; baseline -0.004 -12"><span class='ocrx_word' id='word_1_395' title='bbox 2112 2526 2334 2581; x_wconf 86' lang='lat' dir='ltr'><strong>rebatur</strong></span> <span class='ocrx_word' id='word_1_396' title='bbox 2368 2543 2381 2578; x_wconf 88' lang='lat'><strong>:</strong></span> <span class='ocrx_word' id='word_1_397' title='bbox 2414 2536 2588 2592; x_wconf 88' lang='lat' dir='ltr'><strong>eoque</strong></span> <span class='ocrx_word' id='word_1_398' title='bbox 2618 2521 2734 2575; x_wconf 91' lang='lat' dir='ltr'><strong>viso</strong></span> <span class='ocrx_word' id='word_1_399' title='bbox 2758 2534 2816 2574; x_wconf 91' lang='lat' dir='ltr'><strong>se</strong></span> <span class='ocrx_word' id='word_1_400' title='bbox 2845 2520 2897 2573; x_wconf 94' lang='lat' dir='ltr'><strong>in</strong></span> <span class='ocrx_word' id='word_1_401' title='bbox 2929 2530 3126 2573; x_wconf 88' lang='lat' dir='ltr'><strong>terram</strong></span> <span class='ocrx_word' id='word_1_402' title='bbox 3145 2518 3358 2588; x_wconf 85' lang='lat' dir='ltr'><strong>jactare</strong></span> <span class='ocrx_word' id='word_1_403' title='bbox 3374 2519 3561 2585; x_wconf 73' lang='lat' dir='ltr'><strong>cmpit;</strong></span> <span class='ocrx_word' id='word_1_404' title='bbox 3593 2532 3680 2583; x_wconf 90' lang='lat' dir='ltr'><strong>ac,</strong></span> 
     </span>
    </p>
   </div>
   <div class='ocr_carea' id='block_1_54' title="bbox 2109 2609 3680 2680">
    <p class='ocr_par' dir='ltr' id='par_1_54' title="bbox 2109 2609 3680 2680">
     <span class='ocr_line' id='line_1_54' title="bbox 2109 2609 3680 2680; baseline -0.006 -7"><span class='ocrx_word' id='word_1_405' title='bbox 2109 2620 2258 2673; x_wconf 90' lang='lat' dir='ltr'><strong>velut</strong></span> <span class='ocrx_word' id='word_1_406' title='bbox 2308 2625 2556 2672; x_wconf 87' lang='lat' dir='ltr'><strong>sanctum</strong></span> <span class='ocrx_word' id='word_1_407' title='bbox 2605 2613 2657 2667; x_wconf 91' lang='lat' dir='ltr'><strong>in</strong></span> <span class='ocrx_word' id='word_1_408' title='bbox 2705 2611 2795 2680; x_wconf 89' lang='lat' dir='ltr'><strong>jus</strong></span> <span class='ocrx_word' id='word_1_409' title='bbox 2838 2621 3097 2677; x_wconf 88' lang='lat' dir='ltr'><strong>vocaret,</strong></span> <span class='ocrx_word' id='word_1_410' title='bbox 3141 2612 3276 2665; x_wconf 89' lang='lat' dir='ltr'><strong>dixit</strong></span> <span class='ocrx_word' id='word_1_411' title='bbox 3312 2628 3325 2665; x_wconf 91' lang='lat'><strong>:</strong></span> <span class='ocrx_word' id='word_1_412' title='bbox 3359 2627 3377 2661; x_wconf 78' lang='grc' dir='ltr'><strong>ι</strong></span> <span class='ocrx_word' id='word_1_413' title='bbox 3430 2609 3539 2663; x_wconf 85' lang='lat' dir='ltr'><strong>Heu</strong></span> <span class='ocrx_word' id='word_1_414' title='bbox 3570 2625 3680 2674; x_wconf 90' lang='lat' dir='ltr'><strong>me,</strong></span> 
     </span>
    </p>
   </div>
   <div class='ocr_carea' id='block_1_55' title="bbox 2109 2700 3683 2768">
    <p class='ocr_par' dir='ltr' id='par_1_55' title="bbox 2109 2700 3683 2768">
     <span class='ocr_line' id='line_1_55' title="bbox 2109 2700 3683 2768; baseline -0.008 -1"><span class='ocrx_word' id='word_1_415' title='bbox 2109 2721 2296 2768; x_wconf 89' lang='lat' dir='ltr'><strong>sancte</strong></span> <span class='ocrx_word' id='word_1_416' title='bbox 2325 2710 2442 2768; x_wconf 87' lang='lat' dir='ltr'><strong>Dei,</strong></span> <span class='ocrx_word' id='word_1_417' title='bbox 2476 2706 2678 2762; x_wconf 91' lang='lat' dir='ltr'><strong>idcirco</strong></span> <span class='ocrx_word' id='word_1_418' title='bbox 2712 2720 2798 2759; x_wconf 88' lang='lat' dir='ltr'><strong>me</strong></span> <span class='ocrx_word' id='word_1_419' title='bbox 2824 2705 2876 2757; x_wconf 91' lang='lat' dir='ltr'><strong>in</strong></span> <span class='ocrx_word' id='word_1_420' title='bbox 2901 2705 3172 2759; x_wconf 86' lang='lat' dir='ltr'><strong>desertum</strong></span> <span class='ocrx_word' id='word_1_421' title='bbox 3204 2700 3422 2767; x_wconf 86' lang='lat' dir='ltr'><strong>misisti,</strong></span> <span class='ocrx_word' id='word_1_422' title='bbox 3450 2710 3510 2755; x_wconf 91' lang='lat' dir='ltr'><strong>ut</strong></span> <span class='ocrx_word' id='word_1_423' title='bbox 3541 2700 3683 2756; x_wconf 91' lang='lat' dir='ltr'><strong>liber</strong></span> 
     </span>
    </p>
   </div>
   <div class='ocr_carea' id='block_1_56' title="bbox 2108 2794 3679 2869">
    <p class='ocr_par' dir='ltr' id='par_1_56' title="bbox 2108 2794 3679 2869">
     <span class='ocr_line' id='line_1_56' title="bbox 2108 2794 3679 2869; baseline -0.007 -9"><span class='ocrx_word' id='word_1_424' title='bbox 2108 2822 2137 2860; x_wconf 91' lang='lat' dir='ltr'><strong>a</strong></span> <span class='ocrx_word' id='word_1_425' title='bbox 2164 2803 2409 2859; x_wconf 83' lang='lat' dir='ltr'><strong>molestia</strong></span> <span class='ocrx_word' id='word_1_426' title='bbox 2457 2796 2883 2869; x_wconf 81' lang='lat' dir='ltr'><strong>proﬁciscercris</strong></span> <span class='ocrx_word' id='word_1_427' title='bbox 2917 2813 2933 2849; x_wconf 92' lang='lat'><strong>:</strong></span> <span class='ocrx_word' id='word_1_428' title='bbox 2970 2803 3025 2849; x_wconf 90' lang='lat' dir='ltr'><strong>et</strong></span> <span class='ocrx_word' id='word_1_429' title='bbox 3055 2810 3201 2857; x_wconf 89' lang='lat' dir='ltr'><strong>ecce,</strong></span> <span class='ocrx_word' id='word_1_430' title='bbox 3239 2809 3296 2849; x_wconf 91' lang='lat' dir='ltr'><strong>re</strong></span> <span class='ocrx_word' id='word_1_431' title='bbox 3323 2794 3539 2854; x_wconf 73' lang='lat' dir='ltr'><strong>infecta,</strong></span> <span class='ocrx_word' id='word_1_432' title='bbox 3572 2801 3679 2849; x_wconf 85' lang='lat' dir='ltr'><strong>tam</strong></span> 
     </span>
    </p>
   </div>
   <div class='ocr_carea' id='block_1_57' title="bbox 2108 2885 3684 2953">
    <p class='ocr_par' dir='ltr' id='par_1_57' title="bbox 2108 2885 3684 2953">
     <span class='ocr_line' id='line_1_57' title="bbox 2108 2885 3684 2953; baseline -0.008 0"><span class='ocrx_word' id='word_1_433' title='bbox 2108 2900 2374 2953; x_wconf 90' lang='lat' dir='ltr'><strong>immenso</strong></span> <span class='ocrx_word' id='word_1_434' title='bbox 2434 2892 2631 2947; x_wconf 89' lang='lat' dir='ltr'><strong>itinere</strong></span> <span class='ocrx_word' id='word_1_435' title='bbox 2683 2888 2885 2943; x_wconf 91' lang='lat' dir='ltr'><strong>frustra</strong></span> <span class='ocrx_word' id='word_1_436' title='bbox 2948 2886 3217 2949; x_wconf 88' lang='lat' dir='ltr'><strong>confecto,</strong></span> <span class='ocrx_word' id='word_1_437' title='bbox 3279 2885 3432 2939; x_wconf 91' lang='lat' dir='ltr'><strong>redii.</strong></span> <span class='ocrx_word' id='word_1_438' title='bbox 3491 2885 3684 2940; x_wconf 90' lang='lat' dir='ltr'><strong>Videat</strong></span> 
     </span>
    </p>
   </div>
   <div class='ocr_carea' id='block_1_58' title="bbox 2062 2976 3680 3053">
    <p class='ocr_par' dir='ltr' id='par_1_58' title="bbox 2062 2976 3680 3053">
     <span class='ocr_line' id='line_1_58' title="bbox 2062 2976 3680 3053; baseline -0.01 -8"><span class='ocrx_word' id='word_1_439' title='bbox 2062 2980 2063 2989; x_wconf 46' lang='grc'><em>“</em></span> <span class='ocrx_word' id='word_1_440' title='bbox 2109 2991 2270 3049; x_wconf 90' lang='lat' dir='ltr'><strong>Deus,</strong></span> <span class='ocrx_word' id='word_1_441' title='bbox 2301 2983 2577 3053; x_wconf 89' lang='lat' dir='ltr'><strong>etjudicet</strong></span> <span class='ocrx_word' id='word_1_442' title='bbox 2605 2982 2745 3035; x_wconf 90' lang='lat' dir='ltr'><strong>inter</strong></span> <span class='ocrx_word' id='word_1_443' title='bbox 2783 2996 2868 3034; x_wconf 91' lang='lat' dir='ltr'><strong>me</strong></span> <span class='ocrx_word' id='word_1_444' title='bbox 2900 2988 2954 3033; x_wconf 88' lang='lat' dir='ltr'><strong>et</strong></span> <span class='ocrx_word' id='word_1_445' title='bbox 2986 2986 3035 3031; x_wconf 92' lang='lat' dir='ltr'><strong>te</strong></span> <span class='ocrx_word' id='word_1_446' title='bbox 3068 2992 3083 3030; x_wconf 90' lang='lat'><strong>:</strong></span> <span class='ocrx_word' id='word_1_447' title='bbox 3120 2977 3260 3044; x_wconf 87' lang='lat' dir='ltr'><strong>quod</strong></span> <span class='ocrx_word' id='word_1_448' title='bbox 3281 2991 3404 3030; x_wconf 91' lang='lat' dir='ltr'><strong>cum</strong></span> <span class='ocrx_word' id='word_1_449' title='bbox 3437 2976 3551 3046; x_wconf 90' lang='lat' dir='ltr'><strong>ipse</strong></span> <span class='ocrx_word' id='word_1_450' title='bbox 3581 2990 3680 3044; x_wconf 82' lang='lat' dir='ltr'><strong>po-</strong></span> 
     </span>
    </p>
   </div>
   <div class='ocr_carea' id='block_1_59' title="bbox 2106 3067 3680 3142">
    <p class='ocr_par' dir='ltr' id='par_1_59' title="bbox 2106 3067 3680 3142">
     <span class='ocr_line' id='line_1_59' title="bbox 2106 3067 3680 3142; baseline -0.008 -7"><span class='ocrx_word' id='word_1_451' title='bbox 2106 3083 2304 3135; x_wconf 84' lang='lat' dir='ltr'><strong>tuisses</strong></span> <span class='ocrx_word' id='word_1_452' title='bbox 2365 3077 2534 3131; x_wconf 88' lang='lat' dir='ltr'><strong>Deum</strong></span> <span class='ocrx_word' id='word_1_453' title='bbox 2591 3072 2887 3142; x_wconf 87' lang='lat' dir='ltr'><strong>pr0pitium</strong></span> <span class='ocrx_word' id='word_1_454' title='bbox 2926 3070 3123 3133; x_wconf 85' lang='lat' dir='ltr'><strong>facere,</strong></span> <span class='ocrx_word' id='word_1_455' title='bbox 3159 3083 3244 3122; x_wconf 91' lang='lat' dir='ltr'><strong>me</strong></span> <span class='ocrx_word' id='word_1_456' title='bbox 3292 3067 3558 3122; x_wconf 83' lang='lat' dir='ltr'><strong>direxeris</strong></span> <span class='ocrx_word' id='word_1_457' title='bbox 3609 3067 3680 3123; x_wconf 87' lang='lat' dir='ltr'><strong>ad</strong></span> 
     </span>
    </p>
   </div>
   <div class='ocr_carea' id='block_1_60' title="bbox 430 3158 2000 3254">
    <p class='ocr_par' dir='ltr' id='par_1_60' title="bbox 430 3158 1999 3230">
     <span class='ocr_line' id='line_1_60' title="bbox 430 3158 1999 3230; baseline 0.003 -15"><span class='ocrx_word' id='word_1_458' title='bbox 430 3162 652 3217; x_wconf 83' lang='lat' dir='ltr'><strong>Iicitavi.</strong></span> <span class='ocrx_word' id='word_1_459' title='bbox 698 3180 719 3214; x_wconf 70' lang='grc' dir='ltr'><strong>ι</strong></span> <span class='ocrx_word' id='word_1_460' title='bbox 759 3160 935 3227; x_wconf 79' lang='lat' dir='ltr'><strong>Atque</strong></span> <span class='ocrx_word' id='word_1_461' title='bbox 993 3159 1077 3212; x_wconf 87' lang='lat' dir='ltr'><strong>his</strong></span> <span class='ocrx_word' id='word_1_462' title='bbox 1124 3158 1307 3223; x_wconf 82' lang='lat' dir='ltr'><strong>dictis,</strong></span> <span class='ocrx_word' id='word_1_463' title='bbox 1354 3158 1598 3213; x_wconf 86' lang='lat' dir='ltr'><strong>chartam</strong></span> <span class='ocrx_word' id='word_1_464' title='bbox 1652 3163 1880 3230; x_wconf 88' lang='lat' dir='ltr'><strong>aperuit,</strong></span> <span class='ocrx_word' id='word_1_465' title='bbox 1915 3172 1999 3219; x_wconf 92' lang='lat' dir='ltr'><strong>to-</strong></span> 
     </span>
    </p>
   </div>
   <div class='ocr_carea' id='block_1_61' title="bbox 2105 3158 3681 3254">
    <p class='ocr_par' dir='ltr' id='par_1_61' title="bbox 2111 3159 3681 3230">
     <span class='ocr_line' id='line_1_61' title="bbox 2111 3159 3681 3230; baseline -0.011 0"><span class='ocrx_word' id='word_1_466' title='bbox 2111 3175 2292 3230; x_wconf 87' lang='lat' dir='ltr'><strong>alium.</strong></span> <span class='ocrx_word' id='word_1_467' title='bbox 2305 3189 2322 3224; x_wconf 84' lang='grc' dir='ltr'><strong>ι</strong></span> <span class='ocrx_word' id='word_1_468' title='bbox 2335 3168 2430 3224; x_wconf 82' lang='lat' dir='ltr'><strong>His</strong></span> <span class='ocrx_word' id='word_1_469' title='bbox 2443 3181 2565 3221; x_wconf 90' lang='lat' dir='ltr'><strong>cum</strong></span> <span class='ocrx_word' id='word_1_470' title='bbox 2583 3164 2815 3217; x_wconf 82' lang='lat' dir='ltr'><strong>clamore</strong></span> <span class='ocrx_word' id='word_1_471' title='bbox 2832 3159 3238 3229; x_wconf 88' lang='lat' dir='ltr'><strong>dictis,projecit</strong></span> <span class='ocrx_word' id='word_1_472' title='bbox 3255 3159 3498 3213; x_wconf 88' lang='lat' dir='ltr'><strong>chartam</strong></span> <span class='ocrx_word' id='word_1_473' title='bbox 3516 3173 3681 3228; x_wconf 85' lang='lat' dir='ltr'><strong>super</strong></span> 
     </span>
    </p>
   </div>
   <div class='ocr_carea' id='block_1_62' title="bbox 430 3250 2001 3322">
    <p class='ocr_par' dir='ltr' id='par_1_62' title="bbox 430 3250 2001 3322">
     <span class='ocr_line' id='line_1_62' title="bbox 430 3250 2001 3322; baseline 0.003 -16"><span class='ocrx_word' id='word_1_474' title='bbox 430 3265 648 3321; x_wconf 79' lang='lat' dir='ltr'><strong>tamque</strong></span> <span class='ocrx_word' id='word_1_475' title='bbox 680 3251 911 3305; x_wconf 80' lang='lat' dir='ltr'><strong>deletam</strong></span> <span class='ocrx_word' id='word_1_476' title='bbox 947 3250 1154 3304; x_wconf 90' lang='lat' dir='ltr'><strong>invenit</strong></span> <span class='ocrx_word' id='word_1_477' title='bbox 1199 3268 1213 3303; x_wconf 87' lang='lat'><strong>:</strong></span> <span class='ocrx_word' id='word_1_478' title='bbox 1243 3264 1555 3318; x_wconf 82' lang='lat' dir='ltr'><strong>quanquam</strong></span> <span class='ocrx_word' id='word_1_479' title='bbox 1594 3267 1698 3306; x_wconf 92' lang='lat' dir='ltr'><strong>non</strong></span> <span class='ocrx_word' id='word_1_480' title='bbox 1732 3264 2001 3322; x_wconf 81' lang='lat' dir='ltr'><strong>expuncto</strong></span> 
     </span>
    </p>
   </div>
   <div class='ocr_carea' id='block_1_63' title="bbox 427 3339 1998 3415">
    <p class='ocr_par' dir='ltr' id='par_1_63' title="bbox 427 3339 1998 3415">
     <span class='ocr_line' id='line_1_63' title="bbox 427 3339 1998 3415; baseline 0.003 -19"><span class='ocrx_word' id='word_1_481' title='bbox 427 3344 646 3411; x_wconf 82' lang='lat' dir='ltr'><strong>grandis</strong></span> <span class='ocrx_word' id='word_1_482' title='bbox 675 3342 815 3397; x_wconf 92' lang='lat' dir='ltr'><strong>illius</strong></span> <span class='ocrx_word' id='word_1_483' title='bbox 870 3341 1077 3411; x_wconf 89' lang='lat' dir='ltr'><strong>peccati</strong></span> <span class='ocrx_word' id='word_1_484' title='bbox 1140 3339 1374 3410; x_wconf 90' lang='lat' dir='ltr'><strong>piaculo.</strong></span> <span class='ocrx_word' id='word_1_485' title='bbox 1409 3339 1613 3397; x_wconf 87' lang='lat' dir='ltr'><strong>Videns</strong></span> <span class='ocrx_word' id='word_1_486' title='bbox 1651 3354 1833 3399; x_wconf 89' lang='lat' dir='ltr'><strong>autem</strong></span> <span class='ocrx_word' id='word_1_487' title='bbox 1887 3347 1998 3415; x_wconf 83' lang='lat' dir='ltr'><strong>illa,</strong></span> 
     </span>
    </p>
   </div>
   <div class='ocr_carea' id='block_1_64' title="bbox 426 3432 2002 3501">
    <p class='ocr_par' dir='ltr' id='par_1_64' title="bbox 426 3432 2002 3501">
     <span class='ocr_line' id='line_1_64' title="bbox 426 3432 2002 3501; baseline 0.005 -14"><span class='ocrx_word' id='word_1_488' title='bbox 426 3432 883 3495; x_wconf 83' lang='lat' dir='ltr'><strong>conciditanimo,</strong></span> <span class='ocrx_word' id='word_1_489' title='bbox 917 3433 1258 3501; x_wconf 89' lang='lat' dir='ltr'><strong>tundensque</strong></span> <span class='ocrx_word' id='word_1_490' title='bbox 1284 3442 1471 3500; x_wconf 88' lang='lat' dir='ltr'><strong>pectus</strong></span> <span class='ocrx_word' id='word_1_491' title='bbox 1502 3435 1769 3500; x_wconf 91' lang='lat' dir='ltr'><strong>manibus,</strong></span> <span class='ocrx_word' id='word_1_492' title='bbox 1797 3440 2002 3494; x_wconf 90' lang='lat' dir='ltr'><strong>corruit</strong></span> 
     </span>
    </p>
   </div>
   <div class='ocr_carea' id='block_1_65' title="bbox 425 3523 1998 3596">
    <p class='ocr_par' dir='ltr' id='par_1_65' title="bbox 425 3523 1998 3596">
     <span class='ocr_line' id='line_1_65' title="bbox 425 3523 1998 3596; baseline 0.004 -16"><span class='ocrx_word' id='word_1_493' title='bbox 425 3528 491 3580; x_wconf 84' lang='lat' dir='ltr'><strong>ad</strong></span> <span class='ocrx_word' id='word_1_494' title='bbox 524 3526 687 3594; x_wconf 79' lang='lat' dir='ltr'><strong>Pedes</strong></span> <span class='ocrx_word' id='word_1_495' title='bbox 719 3524 855 3592; x_wconf 86' lang='lat' dir='ltr'><strong>ejus,</strong></span> <span class='ocrx_word' id='word_1_496' title='bbox 878 3538 998 3576; x_wconf 91' lang='lat' dir='ltr'><strong>cum</strong></span> <span class='ocrx_word' id='word_1_497' title='bbox 1024 3523 1265 3578; x_wconf 88' lang='lat' dir='ltr'><strong>clamore</strong></span> <span class='ocrx_word' id='word_1_498' title='bbox 1288 3524 1506 3578; x_wconf 81' lang='lat' dir='ltr'><strong>dicens:</strong></span> <span class='ocrx_word' id='word_1_499' title='bbox 1542 3544 1560 3575; x_wconf 78' lang='grc' dir='ltr'><strong>ι</strong></span> <span class='ocrx_word' id='word_1_500' title='bbox 1589 3527 1842 3583; x_wconf 81' lang='lat' dir='ltr'><strong>Miserere</strong></span> <span class='ocrx_word' id='word_1_501' title='bbox 1871 3532 1998 3596; x_wconf 91' lang='lat' dir='ltr'><strong>mei,</strong></span> 
     </span>
    </p>
   </div>
   <div class='ocr_carea' id='block_1_66' title="bbox 425 3614 2000 3685">
    <p class='ocr_par' dir='ltr' id='par_1_66' title="bbox 425 3614 2000 3685">
     <span class='ocr_line' id='line_1_66' title="bbox 425 3614 2000 3685; baseline 0.004 -15"><span class='ocrx_word' id='word_1_502' title='bbox 425 3630 586 3670; x_wconf 86' lang='lat' dir='ltr'><strong>serve</strong></span> <span class='ocrx_word' id='word_1_503' title='bbox 616 3615 706 3668; x_wconf 89' lang='lat' dir='ltr'><strong>Dei</strong></span> <span class='ocrx_word' id='word_1_504' title='bbox 732 3614 977 3667; x_wconf 87' lang='lat' dir='ltr'><strong>altissimi</strong></span> <span class='ocrx_word' id='word_1_505' title='bbox 1010 3631 1025 3668; x_wconf 89' lang='lat'><strong>:</strong></span> <span class='ocrx_word' id='word_1_506' title='bbox 1068 3625 1124 3667; x_wconf 81' lang='lat' dir='ltr'><strong>et</strong></span> <span class='ocrx_word' id='word_1_507' title='bbox 1155 3630 1260 3683; x_wconf 89' lang='lat' dir='ltr'><strong>qua</strong></span> <span class='ocrx_word' id='word_1_508' title='bbox 1300 3615 1513 3669; x_wconf 90' lang='lat' dir='ltr'><strong>ratione</strong></span> <span class='ocrx_word' id='word_1_509' title='bbox 1562 3633 1657 3685; x_wconf 92' lang='lat' dir='ltr'><strong>pro</strong></span> <span class='ocrx_word' id='word_1_510' title='bbox 1698 3620 1835 3674; x_wconf 91' lang='lat' dir='ltr'><strong>meis</strong></span> <span class='ocrx_word' id='word_1_511' title='bbox 1879 3637 2000 3676; x_wconf 91' lang='lat' dir='ltr'><strong>om-</strong></span> 
     </span>
    </p>
   </div>
   <div class='ocr_carea' id='block_1_67' title="bbox 426 3707 1996 3779">
    <p class='ocr_par' dir='ltr' id='par_1_67' title="bbox 426 3707 1996 3779">
     <span class='ocr_line' id='line_1_67' title="bbox 426 3707 1996 3779; baseline 0.003 -16"><span class='ocrx_word' id='word_1_512' title='bbox 426 3711 585 3764; x_wconf 87' lang='lat' dir='ltr'><strong>nibus</strong></span> <span class='ocrx_word' id='word_1_513' title='bbox 615 3708 854 3779; x_wconf 85' lang='lat' dir='ltr'><strong>peccatis</strong></span> <span class='ocrx_word' id='word_1_514' title='bbox 890 3707 1208 3771; x_wconf 90' lang='lat' dir='ltr'><strong>decertasti,</strong></span> <span class='ocrx_word' id='word_1_515' title='bbox 1245 3723 1310 3763; x_wconf 90' lang='lat' dir='ltr'><strong>ac</strong></span> <span class='ocrx_word' id='word_1_516' title='bbox 1360 3707 1502 3763; x_wconf 90' lang='lat' dir='ltr'><strong>fuisti</strong></span> <span class='ocrx_word' id='word_1_517' title='bbox 1557 3712 1867 3777; x_wconf 83' lang='lat' dir='ltr'><strong>exauditus,</strong></span> <span class='ocrx_word' id='word_1_518' title='bbox 1899 3727 1996 3768; x_wconf 92' lang='lat' dir='ltr'><strong>ea-</strong></span> 
     </span>
    </p>
   </div>
   <div class='ocr_carea' id='block_1_68' title="bbox 423 3800 2001 3873">
    <p class='ocr_par' dir='ltr' id='par_1_68' title="bbox 423 3800 2001 3873">
     <span class='ocr_line' id='line_1_68' title="bbox 423 3800 2001 3873; baseline 0.004 -18"><span class='ocrx_word' id='word_1_519' title='bbox 423 3805 546 3857; x_wconf 87' lang='lat' dir='ltr'><strong>dem</strong></span> <span class='ocrx_word' id='word_1_520' title='bbox 580 3816 802 3873; x_wconf 78' lang='lat' dir='ltr'><strong>queque</strong></span> <span class='ocrx_word' id='word_1_521' title='bbox 830 3814 927 3870; x_wconf 93' lang='lat' dir='ltr'><strong>pro</strong></span> <span class='ocrx_word' id='word_1_522' title='bbox 977 3801 1079 3853; x_wconf 90' lang='lat' dir='ltr'><strong>isto</strong></span> <span class='ocrx_word' id='word_1_523' title='bbox 1123 3800 1392 3869; x_wconf 82' lang='lat' dir='ltr'><strong>supplica,</strong></span> <span class='ocrx_word' id='word_1_524' title='bbox 1444 3801 1710 3871; x_wconf 82' lang='lat' dir='ltr'><strong>planeque</strong></span> <span class='ocrx_word' id='word_1_525' title='bbox 1744 3806 2001 3862; x_wconf 83' lang='lat' dir='ltr'><strong>oblitera-</strong></span> 
     </span>
    </p>
   </div>
   <div class='ocr_carea' id='block_1_69' title="bbox 424 3890 1998 3960">
    <p class='ocr_par' dir='ltr' id='par_1_69' title="bbox 424 3890 1998 3960">
     <span class='ocr_line' id='line_1_69' title="bbox 424 3890 1998 3960; baseline 0.003 -14"><span class='ocrx_word' id='word_1_526' title='bbox 424 3892 593 3947; x_wconf 86' lang='lat' dir='ltr'><strong>hitur.</strong></span> <span class='ocrx_word' id='word_1_527' title='bbox 637 3910 656 3943; x_wconf 73' lang='grc' dir='ltr'><strong>ι</strong></span> <span class='ocrx_word' id='word_1_528' title='bbox 693 3890 1048 3960; x_wconf 86' lang='lat' dir='ltr'><strong>Lacrymatus</strong></span> <span class='ocrx_word' id='word_1_529' title='bbox 1093 3904 1221 3943; x_wconf 90' lang='lat' dir='ltr'><strong>vero</strong></span> <span class='ocrx_word' id='word_1_530' title='bbox 1261 3893 1759 3949; x_wconf 60' lang='lat' dir='ltr'><strong>corumimwationis</strong></span> <span class='ocrx_word' id='word_1_531' title='bbox 1802 3894 1998 3950; x_wconf 82' lang='lat' dir='ltr'><strong>aﬂ&#39;ectu</strong></span> 
     </span>
    </p>
   </div>
   <div class='ocr_carea' id='block_1_70' title="bbox 424 3980 2001 4057">
    <p class='ocr_par' dir='ltr' id='par_1_70' title="bbox 424 3980 2001 4057">
     <span class='ocr_line' id='line_1_70' title="bbox 424 3980 2001 4057; baseline 0.009 -27"><span class='ocrx_word' id='word_1_532' title='bbox 424 3984 886 4052; x_wconf 68' lang='lat' dir='ltr'><strong>archiepiscopus,</strong></span> <span class='ocrx_word' id='word_1_533' title='bbox 922 3981 1098 4034; x_wconf 84' lang='lat' dir='ltr'><strong>dixit:</strong></span> <span class='ocrx_word' id='word_1_534' title='bbox 1144 4000 1163 4032; x_wconf 81' lang='grc' dir='ltr'><strong>ι</strong></span> <span class='ocrx_word' id='word_1_535' title='bbox 1198 3980 1393 4050; x_wconf 77' lang='lat' dir='ltr'><strong>Surge,</strong></span> <span class='ocrx_word' id='word_1_536' title='bbox 1421 3984 1632 4047; x_wconf 88' lang='lat' dir='ltr'><strong>mulier,</strong></span> <span class='ocrx_word' id='word_1_537' title='bbox 1662 4001 1785 4040; x_wconf 91' lang='lat' dir='ltr'><strong>nam</strong></span> <span class='ocrx_word' id='word_1_538' title='bbox 1814 3996 1869 4043; x_wconf 90' lang='lat' dir='ltr'><strong>et</strong></span> <span class='ocrx_word' id='word_1_539' title='bbox 1900 4002 2001 4057; x_wconf 88' lang='lat' dir='ltr'><strong>ego</strong></span> 
     </span>
    </p>
   </div>
   <div class='ocr_carea' id='block_1_71' title="bbox 425 4074 1999 4145">
    <p class='ocr_par' dir='ltr' id='par_1_71' title="bbox 425 4074 1999 4145">
     <span class='ocr_line' id='line_1_71' title="bbox 425 4074 1999 4145; baseline 0 -14"><span class='ocrx_word' id='word_1_540' title='bbox 425 4079 588 4131; x_wconf 89' lang='lat' dir='ltr'><strong>homo</strong></span> <span class='ocrx_word' id='word_1_541' title='bbox 616 4085 868 4144; x_wconf 87' lang='lat' dir='ltr'><strong>peccator</strong></span> <span class='ocrx_word' id='word_1_542' title='bbox 896 4090 1039 4138; x_wconf 89' lang='lat' dir='ltr'><strong>sum,</strong></span> <span class='ocrx_word' id='word_1_543' title='bbox 1092 4075 1182 4142; x_wconf 92' lang='lat' dir='ltr'><strong>qui</strong></span> <span class='ocrx_word' id='word_1_544' title='bbox 1217 4083 1271 4126; x_wconf 90' lang='lat' dir='ltr'><strong>et</strong></span> <span class='ocrx_word' id='word_1_545' title='bbox 1315 4074 1431 4142; x_wconf 90' lang='lat' dir='ltr'><strong>ipse</strong></span> <span class='ocrx_word' id='word_1_546' title='bbox 1490 4076 1822 4145; x_wconf 84' lang='lat' dir='ltr'><strong>indulgentia</strong></span> <span class='ocrx_word' id='word_1_547' title='bbox 1857 4079 1999 4131; x_wconf 87' lang='lat' dir='ltr'><strong>iudi-</strong></span> 
     </span>
    </p>
   </div>
   <div class='ocr_carea' id='block_1_72' title="bbox 426 4166 1995 4237">
    <p class='ocr_par' dir='ltr' id='par_1_72' title="bbox 426 4166 1995 4237">
     <span class='ocr_line' id='line_1_72' title="bbox 426 4166 1995 4237; baseline 0.003 -18"><span class='ocrx_word' id='word_1_548' title='bbox 426 4182 603 4237; x_wconf 81' lang='lat' dir='ltr'><strong>geam.</strong></span> <span class='ocrx_word' id='word_1_549' title='bbox 636 4166 736 4232; x_wconf 85' lang='lat' dir='ltr'><strong>Qui</strong></span> <span class='ocrx_word' id='word_1_550' title='bbox 767 4166 961 4219; x_wconf 89' lang='lat' dir='ltr'><strong>delevit</strong></span> <span class='ocrx_word' id='word_1_551' title='bbox 992 4173 1219 4234; x_wconf 86' lang='lat' dir='ltr'><strong>peccata</strong></span> <span class='ocrx_word' id='word_1_552' title='bbox 1248 4174 1512 4234; x_wconf 91' lang='lat' dir='ltr'><strong>tua,quot</strong></span> <span class='ocrx_word' id='word_1_553' title='bbox 1558 4167 1725 4220; x_wconf 84' lang='lat' dir='ltr'><strong>voluit</strong></span> <span class='ocrx_word' id='word_1_554' title='bbox 1762 4168 1995 4235; x_wconf 84' lang='lat' dir='ltr'><strong>delevit;</strong></span> 
     </span>
    </p>
   </div>
   <div class='ocr_carea' id='block_1_73' title="bbox 425 4253 1997 4322">
    <p class='ocr_par' dir='ltr' id='par_1_73' title="bbox 425 4253 1997 4322">
     <span class='ocr_line' id='line_1_73' title="bbox 425 4253 1997 4322; baseline 0.004 -15"><span class='ocrx_word' id='word_1_555' title='bbox 425 4262 732 4322; x_wconf 89' lang='lat' dir='ltr'><strong>potestque,</strong></span> <span class='ocrx_word' id='word_1_556' title='bbox 759 4253 849 4320; x_wconf 91' lang='lat' dir='ltr'><strong>qui</strong></span> <span class='ocrx_word' id='word_1_557' title='bbox 879 4253 1062 4306; x_wconf 88' lang='lat' dir='ltr'><strong>mundi</strong></span> <span class='ocrx_word' id='word_1_558' title='bbox 1101 4262 1381 4321; x_wconf 82' lang='lat' dir='ltr'><strong>peccatum</strong></span> <span class='ocrx_word' id='word_1_559' title='bbox 1421 4253 1583 4319; x_wconf 92' lang='lat' dir='ltr'><strong>tollit,</strong></span> <span class='ocrx_word' id='word_1_560' title='bbox 1625 4257 1790 4309; x_wconf 90' lang='lat' dir='ltr'><strong>etiam</strong></span> <span class='ocrx_word' id='word_1_561' title='bbox 1828 4258 1929 4313; x_wconf 92' lang='lat' dir='ltr'><strong>hoc</strong></span> <span class='ocrx_word' id='word_1_562' title='bbox 1967 4276 1997 4313; x_wconf 92' lang='lat' dir='ltr'><strong>a</strong></span> 
     </span>
    </p>
   </div>
   <div class='ocr_carea' id='block_1_74' title="bbox 426 4340 1995 4416">
    <p class='ocr_par' dir='ltr' id='par_1_74' title="bbox 426 4340 1995 4416">
     <span class='ocr_line' id='line_1_74' title="bbox 426 4340 1995 4416; baseline 0.003 -18"><span class='ocrx_word' id='word_1_563' title='bbox 426 4354 480 4398; x_wconf 86' lang='lat' dir='ltr'><strong>te</strong></span> <span class='ocrx_word' id='word_1_564' title='bbox 500 4353 778 4413; x_wconf 88' lang='lat' dir='ltr'><strong>peccatum</strong></span> <span class='ocrx_word' id='word_1_565' title='bbox 814 4342 1020 4397; x_wconf 91' lang='lat' dir='ltr'><strong>tollere.</strong></span> <span class='ocrx_word' id='word_1_566' title='bbox 1059 4340 1116 4395; x_wconf 82' lang='lat' dir='ltr'><strong>Si</strong></span> <span class='ocrx_word' id='word_1_567' title='bbox 1150 4343 1307 4395; x_wconf 89' lang='lat' dir='ltr'><strong>modo</strong></span> <span class='ocrx_word' id='word_1_568' title='bbox 1334 4345 1585 4414; x_wconf 86' lang='lat' dir='ltr'><strong>deinceps</strong></span> <span class='ocrx_word' id='word_1_569' title='bbox 1615 4354 1712 4401; x_wconf 86' lang='lat' dir='ltr'><strong>tea</strong></span> <span class='ocrx_word' id='word_1_570' title='bbox 1766 4358 1995 4416; x_wconf 89' lang='lat' dir='ltr'><strong>peccato</strong></span> 
     </span>
    </p>
   </div>
   <div class='ocr_carea' id='block_1_75' title="bbox 425 4434 1996 4503">
    <p class='ocr_par' dir='ltr' id='par_1_75' title="bbox 425 4434 1996 4503">
     <span class='ocr_line' id='line_1_75' title="bbox 425 4434 1996 4503; baseline 0.003 -14"><span class='ocrx_word' id='word_1_571' title='bbox 425 4434 777 4497; x_wconf 82' lang='lat' dir='ltr'><strong>contmueris,</strong></span> <span class='ocrx_word' id='word_1_572' title='bbox 799 4435 1020 4503; x_wconf 86' lang='lat' dir='ltr'><strong>viasque</strong></span> <span class='ocrx_word' id='word_1_573' title='bbox 1047 4434 1255 4488; x_wconf 86' lang='lat' dir='ltr'><strong>Domini</strong></span> <span class='ocrx_word' id='word_1_574' title='bbox 1276 4435 1660 4502; x_wconf 83' lang='lat' dir='ltr'><strong>ambulareris,</strong></span> <span class='ocrx_word' id='word_1_575' title='bbox 1697 4454 1802 4491; x_wconf 89' lang='lat' dir='ltr'><strong>non</strong></span> <span class='ocrx_word' id='word_1_576' title='bbox 1824 4440 1996 4495; x_wconf 92' lang='lat' dir='ltr'><strong>solum</strong></span> 
     </span>
    </p>
   </div>
   <div class='ocr_carea' id='block_1_76' title="bbox 2100 3250 3676 3333">
    <p class='ocr_par' dir='ltr' id='par_1_76' title="bbox 2100 3250 3676 3333">
     <span class='ocr_line' id='line_1_76' title="bbox 2100 3250 3676 3333; baseline -0.01 -14"><span class='ocrx_word' id='word_1_577' title='bbox 2100 3264 2373 3333; x_wconf 87' lang='lat' dir='ltr'><strong>capulum,</strong></span> <span class='ocrx_word' id='word_1_578' title='bbox 2441 3273 2553 3313; x_wconf 88' lang='lat' dir='ltr'><strong>rem</strong></span> <span class='ocrx_word' id='word_1_579' title='bbox 2587 3253 2890 3309; x_wconf 86' lang='lat' dir='ltr'><strong>minutatim</strong></span> <span class='ocrx_word' id='word_1_580' title='bbox 2921 3254 3170 3306; x_wconf 85' lang='lat' dir='ltr'><strong>universo</strong></span> <span class='ocrx_word' id='word_1_581' title='bbox 3196 3250 3393 3320; x_wconf 88' lang='lat' dir='ltr'><strong>populo</strong></span> <span class='ocrx_word' id='word_1_582' title='bbox 3422 3265 3676 3305; x_wconf 88' lang='lat' dir='ltr'><strong>narrans.</strong></span> 
     </span>
    </p>
   </div>
   <div class='ocr_carea' id='block_1_77' title="bbox 2100 3340 3682 3411">
    <p class='ocr_par' dir='ltr' id='par_1_77' title="bbox 2100 3340 3682 3411">
     <span class='ocr_line' id='line_1_77' title="bbox 2100 3340 3682 3411; baseline -0.008 -3"><span class='ocrx_word' id='word_1_583' title='bbox 2100 3353 2270 3408; x_wconf 89' lang='lat' dir='ltr'><strong>Porro</strong></span> <span class='ocrx_word' id='word_1_584' title='bbox 2300 3362 2440 3403; x_wconf 89' lang='lat' dir='ltr'><strong>unus</strong></span> <span class='ocrx_word' id='word_1_585' title='bbox 2459 3345 2527 3400; x_wconf 90' lang='lat' dir='ltr'><strong>de</strong></span> <span class='ocrx_word' id='word_1_586' title='bbox 2546 3344 2713 3405; x_wconf 88' lang='lat' dir='ltr'><strong>clero,</strong></span> <span class='ocrx_word' id='word_1_587' title='bbox 2745 3341 2887 3395; x_wconf 87' lang='lat' dir='ltr'><strong>scire</strong></span> <span class='ocrx_word' id='word_1_588' title='bbox 2914 3340 3099 3395; x_wconf 91' lang='lat' dir='ltr'><strong>volens</strong></span> <span class='ocrx_word' id='word_1_589' title='bbox 3123 3355 3284 3411; x_wconf 88' lang='lat' dir='ltr'><strong>quam</strong></span> <span class='ocrx_word' id='word_1_590' title='bbox 3312 3340 3514 3407; x_wconf 87' lang='lat' dir='ltr'><strong>grande</strong></span> <span class='ocrx_word' id='word_1_591' title='bbox 3534 3348 3682 3395; x_wconf 83' lang='lat' dir='ltr'><strong>esset</strong></span> 
     </span>
    </p>
   </div>
   <div class='ocr_carea' id='block_1_78' title="bbox 2102 3433 3679 3512">
    <p class='ocr_par' dir='ltr' id='par_1_78' title="bbox 2102 3433 3679 3512">
     <span class='ocr_line' id='line_1_78' title="bbox 2102 3433 3679 3512; baseline -0.015 -13"><span class='ocrx_word' id='word_1_592' title='bbox 2102 3444 2232 3500; x_wconf 88' lang='lat' dir='ltr'><strong>illud</strong></span> <span class='ocrx_word' id='word_1_593' title='bbox 2267 3447 2573 3512; x_wconf 89' lang='lat' dir='ltr'><strong>peccatum,</strong></span> <span class='ocrx_word' id='word_1_594' title='bbox 2608 3433 2826 3490; x_wconf 90' lang='lat' dir='ltr'><strong>sustulit</strong></span> <span class='ocrx_word' id='word_1_595' title='bbox 2872 3433 3156 3499; x_wconf 82' lang='lat' dir='ltr'><strong>chartam;</strong></span> <span class='ocrx_word' id='word_1_596' title='bbox 3202 3442 3679 3502; x_wconf 72' lang='lat' dir='ltr'><strong>apertamqtte,-to.</strong></span> 
     </span>
    </p>
   </div>
   <div class='ocr_carea' id='block_1_79' title="bbox 2104 3522 3675 3592">
    <p class='ocr_par' dir='ltr' id='par_1_79' title="bbox 2104 3522 3675 3592">
     <span class='ocr_line' id='line_1_79' title="bbox 2104 3522 3675 3592; baseline -0.01 0"><span class='ocrx_word' id='word_1_597' title='bbox 2104 3548 2210 3592; x_wconf 89' lang='lat' dir='ltr'><strong>tam</strong></span> <span class='ocrx_word' id='word_1_598' title='bbox 2252 3533 2481 3590; x_wconf 89' lang='lat' dir='ltr'><strong>deletam</strong></span> <span class='ocrx_word' id='word_1_599' title='bbox 2534 3527 2771 3589; x_wconf 86' lang='lat' dir='ltr'><strong>invenit;</strong></span> <span class='ocrx_word' id='word_1_600' title='bbox 2818 3540 2883 3579; x_wconf 90' lang='lat' dir='ltr'><strong>ac</strong></span> <span class='ocrx_word' id='word_1_601' title='bbox 2913 3539 3044 3578; x_wconf 82' lang='lat' dir='ltr'><strong>voce</strong></span> <span class='ocrx_word' id='word_1_602' title='bbox 3079 3539 3272 3592; x_wconf 65' lang='lat' dir='ltr'><strong>magna</strong></span> <span class='ocrx_word' id='word_1_603' title='bbox 3323 3523 3576 3577; x_wconf 89' lang='lat' dir='ltr'><strong>clamavit</strong></span> <span class='ocrx_word' id='word_1_604' title='bbox 3608 3522 3675 3577; x_wconf 87' lang='lat' dir='ltr'><strong>ad</strong></span> 
     </span>
    </p>
   </div>
   <div class='ocr_carea' id='block_1_80' title="bbox 2103 3615 3676 3689">
    <p class='ocr_par' dir='ltr' id='par_1_80' title="bbox 2103 3615 3676 3689">
     <span class='ocr_line' id='line_1_80' title="bbox 2103 3615 3676 3689; baseline -0.01 -8"><span class='ocrx_word' id='word_1_605' title='bbox 2103 3628 2380 3689; x_wconf 87' lang='lat' dir='ltr'><strong>feminam,</strong></span> <span class='ocrx_word' id='word_1_606' title='bbox 2433 3622 2657 3676; x_wconf 90' lang='lat' dir='ltr'><strong>dicens:</strong></span> <span class='ocrx_word' id='word_1_607' title='bbox 2698 3635 2717 3668; x_wconf 76' lang='grc' dir='ltr'><strong>ι</strong></span> <span class='ocrx_word' id='word_1_608' title='bbox 2759 3615 2803 3671; x_wconf 91' lang='lat'>0</span> <span class='ocrx_word' id='word_1_609' title='bbox 2838 3615 3050 3678; x_wconf 83' lang='lat' dir='ltr'><strong>mulier,</strong></span> <span class='ocrx_word' id='word_1_610' title='bbox 3086 3616 3281 3667; x_wconf 84' lang='lat' dir='ltr'><strong>munda</strong></span> <span class='ocrx_word' id='word_1_611' title='bbox 3304 3623 3388 3667; x_wconf 87' lang='lat' dir='ltr'><strong>est</strong></span> <span class='ocrx_word' id='word_1_612' title='bbox 3414 3615 3599 3666; x_wconf 86' lang='lat' dir='ltr'><strong>charta</strong></span> <span class='ocrx_word' id='word_1_613' title='bbox 3622 3620 3676 3666; x_wconf 92' lang='lat' dir='ltr'><strong>et</strong></span> 
     </span>
    </p>
   </div>
   <div class='ocr_carea' id='block_1_81' title="bbox 2101 3703 3671 3787">
    <p class='ocr_par' dir='ltr' id='par_1_81' title="bbox 2101 3703 3671 3787">
     <span class='ocr_line' id='line_1_81' title="bbox 2101 3703 3671 3787; baseline -0.01 -14"><span class='ocrx_word' id='word_1_614' title='bbox 2101 3726 2394 3787; x_wconf 77' lang='lat' dir='ltr'><strong>expuncto.</strong></span> <span class='ocrx_word' id='word_1_615' title='bbox 2431 3711 2569 3779; x_wconf 87' lang='lat' dir='ltr'><strong>Quid</strong></span> <span class='ocrx_word' id='word_1_616' title='bbox 2603 3723 2754 3774; x_wconf 86' lang='lat' dir='ltr'><strong>vero,</strong></span> <span class='ocrx_word' id='word_1_617' title='bbox 2797 3707 2887 3761; x_wconf 90' lang='lat' dir='ltr'><strong>Dei</strong></span> <span class='ocrx_word' id='word_1_618' title='bbox 2928 3706 2979 3760; x_wconf 93' lang='lat' dir='ltr'><strong>in</strong></span> <span class='ocrx_word' id='word_1_619' title='bbox 3026 3715 3077 3759; x_wconf 94' lang='lat' dir='ltr'><strong>te</strong></span> <span class='ocrx_word' id='word_1_620' title='bbox 3127 3705 3539 3758; x_wconf 85' lang='lat' dir='ltr'><strong>inenarrabilem</strong></span> <span class='ocrx_word' id='word_1_621' title='bbox 3570 3703 3671 3757; x_wconf 88' lang='lat' dir='ltr'><strong>mi-</strong></span> 
     </span>
    </p>
   </div>
   <div class='ocr_carea' id='block_1_82' title="bbox 2101 3793 3663 3871">
    <p class='ocr_par' dir='ltr' id='par_1_82' title="bbox 2101 3793 3663 3871">
     <span class='ocr_line' id='line_1_82' title="bbox 2101 3793 3663 3871; baseline -0.01 -7"><span class='ocrx_word' id='word_1_622' title='bbox 2101 3807 2452 3864; x_wconf 86' lang='lat' dir='ltr'><strong>sericordiam</strong></span> <span class='ocrx_word' id='word_1_623' title='bbox 2477 3804 2754 3871; x_wconf 79' lang='lat' dir='ltr'><strong>ignorans,</strong></span> <span class='ocrx_word' id='word_1_624' title='bbox 2794 3796 3085 3867; x_wconf 78' lang='lat' dir='ltr'><strong>afﬂigeris?</strong></span> <span class='ocrx_word' id='word_1_625' title='bbox 3115 3814 3135 3846; x_wconf 76' lang='grc' dir='ltr'><strong>ι</strong></span> <span class='ocrx_word' id='word_1_626' title='bbox 3161 3794 3287 3849; x_wconf 83' lang='lat' dir='ltr'><strong>Viso</strong></span> <span class='ocrx_word' id='word_1_627' title='bbox 3316 3796 3497 3863; x_wconf 91' lang='lat' dir='ltr'><strong>itaque</strong></span> <span class='ocrx_word' id='word_1_628' title='bbox 3524 3793 3663 3848; x_wconf 90' lang='lat' dir='ltr'><strong>insi-</strong></span> 
     </span>
    </p>
   </div>
   <div class='ocr_carea' id='block_1_83' title="bbox 2100 3887 3656 3971">
    <p class='ocr_par' dir='ltr' id='par_1_83' title="bbox 2100 3887 3656 3971">
     <span class='ocr_line' id='line_1_83' title="bbox 2100 3887 3656 3971; baseline -0.008 -20"><span class='ocrx_word' id='word_1_629' title='bbox 2100 3901 2188 3971; x_wconf 77' lang='lat' dir='ltr'><strong>gni</strong></span> <span class='ocrx_word' id='word_1_630' title='bbox 2231 3896 2511 3959; x_wconf 88' lang='lat' dir='ltr'><strong>miraculo,</strong></span> <span class='ocrx_word' id='word_1_631' title='bbox 2542 3893 2765 3963; x_wconf 82' lang='lat' dir='ltr'><strong>pepulus</strong></span> <span class='ocrx_word' id='word_1_632' title='bbox 2794 3891 3074 3944; x_wconf 82' lang='lat' dir='ltr'><strong>universus</strong></span> <span class='ocrx_word' id='word_1_633' title='bbox 3112 3890 3274 3942; x_wconf 87' lang='lat' dir='ltr'><strong>Deum</strong></span> <span class='ocrx_word' id='word_1_634' title='bbox 3310 3887 3656 3957; x_wconf 80' lang='lat' dir='ltr'><strong>gloriﬁcavit,</strong></span> 
     </span>
    </p>
   </div>
   <div class='ocr_carea' id='block_1_84' title="bbox 2099 3980 3669 4063">
    <p class='ocr_par' dir='ltr' id='par_1_84' title="bbox 2099 3980 3669 4063">
     <span class='ocr_line' id='line_1_84' title="bbox 2099 3980 3669 4063; baseline -0.009 -16"><span class='ocrx_word' id='word_1_635' title='bbox 2099 3993 2192 4063; x_wconf 92' lang='lat' dir='ltr'><strong>qui</strong></span> <span class='ocrx_word' id='word_1_636' title='bbox 2227 3992 2282 4046; x_wconf 90' lang='lat' dir='ltr'><strong>in</strong></span> <span class='ocrx_word' id='word_1_637' title='bbox 2317 4000 2460 4045; x_wconf 91' lang='lat' dir='ltr'><strong>terra</strong></span> <span class='ocrx_word' id='word_1_638' title='bbox 2507 3993 2829 4057; x_wconf 90' lang='lat' dir='ltr'><strong>potestatem</strong></span> <span class='ocrx_word' id='word_1_639' title='bbox 2866 3984 3027 4037; x_wconf 89' lang='lat' dir='ltr'><strong>habet</strong></span> <span class='ocrx_word' id='word_1_640' title='bbox 3060 3980 3360 4035; x_wconf 78' lang='lat' dir='ltr'><strong>dimittendi</strong></span> <span class='ocrx_word' id='word_1_641' title='bbox 3406 3988 3622 4048; x_wconf 87' lang='lat' dir='ltr'><strong>peccata</strong></span> <span class='ocrx_word' id='word_1_642' title='bbox 3652 3996 3669 4033; x_wconf 91' lang='lat'><strong>:</strong></span> 
     </span>
    </p>
   </div>
   <div class='ocr_carea' id='block_1_85' title="bbox 2101 4072 3674 4155">
    <p class='ocr_par' dir='ltr' id='par_1_85' title="bbox 2101 4072 3674 4155">
     <span class='ocr_line' id='line_1_85' title="bbox 2101 4072 3674 4155; baseline -0.004 -22"><span class='ocrx_word' id='word_1_643' title='bbox 2101 4085 2299 4155; x_wconf 82' lang='lat' dir='ltr'><strong>quippe</strong></span> <span class='ocrx_word' id='word_1_644' title='bbox 2355 4091 2556 4135; x_wconf 85' lang='lat' dir='ltr'><strong>tantam</strong></span> <span class='ocrx_word' id='word_1_645' title='bbox 2624 4077 2797 4133; x_wconf 88' lang='lat' dir='ltr'><strong>servis</strong></span> <span class='ocrx_word' id='word_1_646' title='bbox 2833 4075 2945 4129; x_wconf 90' lang='lat' dir='ltr'><strong>suis</strong></span> <span class='ocrx_word' id='word_1_647' title='bbox 2994 4072 3262 4127; x_wconf 86' lang='lat' dir='ltr'><strong>concessit</strong></span> <span class='ocrx_word' id='word_1_648' title='bbox 3315 4073 3565 4142; x_wconf 76' lang='lat' dir='ltr'><strong>gratiam,</strong></span> <span class='ocrx_word' id='word_1_649' title='bbox 3614 4081 3674 4126; x_wconf 93' lang='lat' dir='ltr'><strong>ut</strong></span> 
     </span>
    </p>
   </div>
   <div class='ocr_carea' id='block_1_86' title="bbox 2100 4168 3673 4242">
    <p class='ocr_par' dir='ltr' id='par_1_86' title="bbox 2100 4168 3673 4242">
     <span class='ocr_line' id='line_1_86' title="bbox 2100 4168 3673 4242; baseline -0.008 -12"><span class='ocrx_word' id='word_1_650' title='bbox 2100 4178 2262 4230; x_wconf 90' lang='lat' dir='ltr'><strong>etiam</strong></span> <span class='ocrx_word' id='word_1_651' title='bbox 2297 4184 2416 4242; x_wconf 89' lang='lat' dir='ltr'><strong>post</strong></span> <span class='ocrx_word' id='word_1_652' title='bbox 2450 4179 2678 4223; x_wconf 90' lang='lat' dir='ltr'><strong>mortem</strong></span> <span class='ocrx_word' id='word_1_653' title='bbox 2728 4168 3040 4237; x_wconf 85' lang='lat' dir='ltr'><strong>languorem</strong></span> <span class='ocrx_word' id='word_1_654' title='bbox 3068 4178 3282 4217; x_wconf 89' lang='lat' dir='ltr'><strong>omnem</strong></span> <span class='ocrx_word' id='word_1_655' title='bbox 3325 4171 3519 4217; x_wconf 88' lang='lat' dir='ltr'><strong>sauent</strong></span> <span class='ocrx_word' id='word_1_656' title='bbox 3555 4179 3673 4217; x_wconf 70' lang='lat' dir='ltr'><strong>omo</strong></span> 
     </span>
    </p>
   </div>
   <div class='ocr_carea' id='block_1_87' title="bbox 2102 4258 3673 4339">
    <p class='ocr_par' dir='ltr' id='par_1_87' title="bbox 2102 4258 3673 4339">
     <span class='ocr_line' id='line_1_87' title="bbox 2102 4258 3673 4339; baseline -0.008 -13"><span class='ocrx_word' id='word_1_657' title='bbox 2102 4285 2334 4339; x_wconf 88' lang='lat' dir='ltr'><strong>nemque</strong></span> <span class='ocrx_word' id='word_1_658' title='bbox 2372 4268 2731 4324; x_wconf 87' lang='lat' dir='ltr'><strong>debilitatem,</strong></span> <span class='ocrx_word' id='word_1_659' title='bbox 2758 4263 2887 4330; x_wconf 87' lang='lat' dir='ltr'><strong>qttiu</strong></span> <span class='ocrx_word' id='word_1_660' title='bbox 2918 4260 3081 4315; x_wconf 87' lang='lat' dir='ltr'><strong>etiam</strong></span> <span class='ocrx_word' id='word_1_661' title='bbox 3109 4268 3167 4311; x_wconf 92' lang='grc' dir='ltr'><strong>ιιι</strong></span> <span class='ocrx_word' id='word_1_662' title='bbox 3193 4268 3407 4327; x_wconf 81' lang='lat' dir='ltr'><strong>peceata</strong></span> <span class='ocrx_word' id='word_1_663' title='bbox 3445 4258 3673 4314; x_wconf 77' lang='lat' dir='ltr'><strong>ﬁdeliter</strong></span> 
     </span>
    </p>
   </div>
   <div class='ocr_carea' id='block_1_88' title="bbox 2096 4356 2806 4417">
    <p class='ocr_par' dir='ltr' id='par_1_88' title="bbox 2096 4356 2806 4417">
     <span class='ocr_line' id='line_1_88' title="bbox 2096 4356 2806 4417; baseline -0.017 1"><span class='ocrx_word' id='word_1_664' title='bbox 2096 4360 2472 4417; x_wconf 83' lang='lat' dir='ltr'><strong>accedentium</strong></span> <span class='ocrx_word' id='word_1_665' title='bbox 2511 4356 2806 4409; x_wconf 86' lang='lat' dir='ltr'><strong>remittant.</strong></span> 
     </span>
    </p>
   </div>
   <div class='ocr_carea' id='block_1_89' title="bbox 2173 4441 3670 4519">
    <p class='ocr_par' dir='ltr' id='par_1_89' title="bbox 2173 4441 3670 4519">
     <span class='ocr_line' id='line_1_89' title="bbox 2173 4441 3670 4519; baseline -0.007 -12"><span class='ocrx_word' id='word_1_666' title='bbox 2173 4451 2395 4519; x_wconf 83' lang='lat' dir='ltr'><strong>Joseph,</strong></span> <span class='ocrx_word' id='word_1_667' title='bbox 2419 4456 2681 4516; x_wconf 77' lang='lat' dir='ltr'><strong>przestans</strong></span> <span class='ocrx_word' id='word_1_668' title='bbox 2712 4444 2902 4513; x_wconf 88' lang='lat' dir='ltr'><strong>peritia</strong></span> <span class='ocrx_word' id='word_1_669' title='bbox 2936 4443 3072 4498; x_wconf 89' lang='lat' dir='ltr'><strong>artis</strong></span> <span class='ocrx_word' id='word_1_670' title='bbox 3090 4442 3330 4505; x_wconf 70' lang='lat' dir='ltr'><strong>medicae,</strong></span> <span class='ocrx_word' id='word_1_671' title='bbox 3364 4441 3516 4495; x_wconf 86' lang='lat' dir='ltr'><strong>valde</strong></span> <span class='ocrx_word' id='word_1_672' title='bbox 3543 4457 3670 4510; x_wconf 83' lang='lat' dir='ltr'><strong>pro-</strong></span> 
     </span>
    </p>
   </div>
   <div class='ocr_carea' id='block_1_90' title="bbox 425 4525 3667 4608">
    <p class='ocr_par' dir='ltr' id='par_1_90' title="bbox 425 4525 3667 4608">
     <span class='ocr_line' id='line_1_90' title="bbox 425 4525 3667 4608; baseline 0.003 -31"><span class='ocrx_word' id='word_1_673' title='bbox 425 4525 778 4592; x_wconf 80' lang='lat' dir='ltr'><strong>consequeris</strong></span> <span class='ocrx_word' id='word_1_674' title='bbox 796 4525 1240 4589; x_wconf 82' lang='lat' dir='ltr'><strong>veniam,verum</strong></span> <span class='ocrx_word' id='word_1_675' title='bbox 1270 4526 1432 4578; x_wconf 88' lang='lat' dir='ltr'><strong>etiam</strong></span> <span class='ocrx_word' id='word_1_676' title='bbox 1463 4526 1628 4593; x_wconf 72' lang='lat' dir='ltr'><strong>gloria</strong></span> <span class='ocrx_word' id='word_1_677' title='bbox 1656 4528 1990 4596; x_wconf 79' lang='lat' dir='ltr'><strong>dignaberis.</strong></span> <span class='ocrx_word' id='word_1_678' title='bbox 2027 4536 2074 4594; x_wconf 87' lang='lat' dir='ltr'><strong>D</strong></span> <span class='ocrx_word' id='word_1_679' title='bbox 2104 4546 2261 4599; x_wconf 69' lang='grc' dir='ltr'>ιηιιιιε</span> <span class='ocrx_word' id='word_1_680' title='bbox 2321 4543 2606 4608; x_wconf 73' lang='lat' dir='ltr'><strong>clarusque</strong></span> <span class='ocrx_word' id='word_1_681' title='bbox 2655 4538 2704 4590; x_wconf 86' lang='lat' dir='ltr'><strong>in</strong></span> <span class='ocrx_word' id='word_1_682' title='bbox 2749 4537 2834 4590; x_wconf 83' lang='lat' dir='ltr'><strong>illa</strong></span> <span class='ocrx_word' id='word_1_683' title='bbox 2887 4535 3007 4599; x_wconf 86' lang='lat' dir='ltr'><strong>fuit,</strong></span> <span class='ocrx_word' id='word_1_684' title='bbox 3061 4548 3325 4589; x_wconf 88' lang='lat' dir='ltr'><strong>summam</strong></span> <span class='ocrx_word' id='word_1_685' title='bbox 3382 4534 3667 4603; x_wconf 88' lang='lat' dir='ltr'><strong>quamdam</strong></span> 
     </span>
    </p>
   </div>
   <div class='ocr_carea' id='block_1_91' title="bbox 424 4612 1996 4688">
    <p class='ocr_par' dir='ltr' id='par_1_91' title="bbox 424 4612 1996 4688">
     <span class='ocr_line' id='line_1_91' title="bbox 424 4612 1996 4688; baseline 0.003 -17"><span class='ocrx_word' id='word_1_686' title='bbox 424 4612 575 4671; x_wconf 59' lang='lat' dir='ltr'><strong>Vade</strong></span> <span class='ocrx_word' id='word_1_687' title='bbox 604 4616 805 4686; x_wconf 79' lang='lat' dir='ltr'><strong>ergoin</strong></span> <span class='ocrx_word' id='word_1_688' title='bbox 832 4618 1128 4684; x_wconf 83' lang='lat' dir='ltr'><strong>desertum,</strong></span> <span class='ocrx_word' id='word_1_689' title='bbox 1150 4616 1506 4687; x_wconf 86' lang='lat' dir='ltr'><strong>inveniesque</strong></span> <span class='ocrx_word' id='word_1_690' title='bbox 1534 4619 1707 4673; x_wconf 85' lang='lat' dir='ltr'><strong>virum</strong></span> <span class='ocrx_word' id='word_1_691' title='bbox 1729 4631 1996 4688; x_wconf 89' lang='lat' dir='ltr'><strong>sanetum,</strong></span> 
     </span>
    </p>
   </div>
   <div class='ocr_carea' id='block_1_92' title="bbox 479 4811 1993 4886">
    <p class='ocr_par' dir='ltr' id='par_1_92' title="bbox 479 4811 1993 4886">
     <span class='ocr_line' id='line_1_92' title="bbox 479 4811 1993 4886; baseline 0.003 -20"><span class='ocrx_word' id='word_1_692' title='bbox 479 4812 590 4883; x_wconf 79' lang='lat'><strong>(59)</strong></span> <span class='ocrx_word' id='word_1_693' title='bbox 608 4812 794 4886; x_wconf 65' lang='lat' dir='ltr'><strong>Grece</strong></span> <span class='ocrx_word' id='word_1_694' title='bbox 814 4811 1045 4886; x_wconf 77' lang='grc' dir='ltr'><strong>μολίϐδῳ</strong></span> <span class='ocrx_word' id='word_1_695' title='bbox 1063 4814 1392 4869; x_wconf 75' lang='grc' dir='ltr'><strong>ἐϐούλλωσεν</strong></span> <span class='ocrx_word' id='word_1_696' title='bbox 1413 4831 1427 4867; x_wconf 91' lang='lat'><strong>:</strong></span> <span class='ocrx_word' id='word_1_697' title='bbox 1454 4814 1701 4886; x_wconf 72' lang='lat' dir='ltr'><strong>«plumlto</strong></span> <span class='ocrx_word' id='word_1_698' title='bbox 1719 4817 1962 4884; x_wconf 87' lang='lat' dir='ltr'><strong>hullavit,</strong></span> <span class='ocrx_word' id='word_1_699' title='bbox 1975 4838 1993 4871; x_wconf 83' lang='grc' dir='ltr'><strong>ι</strong></span> 
     </span>
    </p>
   </div>
   <div class='ocr_carea' id='block_1_93' title="bbox 426 4883 2000 4961">
    <p class='ocr_par' dir='ltr' id='par_1_93' title="bbox 426 4883 2000 4961">
     <span class='ocr_line' id='line_1_93' title="bbox 426 4883 2000 4961; baseline 0.006 -30"><span class='ocrx_word' id='word_1_700' title='bbox 426 4886 652 4961; x_wconf 65' lang='lat' dir='ltr'><strong>vet-hum</strong></span> <span class='ocrx_word' id='word_1_701' title='bbox 671 4883 956 4961; x_wconf 77' lang='lat' dir='ltr'><strong>barbarum</strong></span> <span class='ocrx_word' id='word_1_702' title='bbox 977 4883 1138 4961; x_wconf 78' lang='lat' dir='ltr'><strong>medii</strong></span> <span class='ocrx_word' id='word_1_703' title='bbox 1162 4886 1281 4950; x_wconf 68' lang='lat' dir='ltr'><strong>aevi,</strong></span> <span class='ocrx_word' id='word_1_704' title='bbox 1300 4901 1408 4961; x_wconf 81' lang='lat' dir='ltr'><strong>quo</strong></span> <span class='ocrx_word' id='word_1_705' title='bbox 1425 4884 1851 4961; x_wconf 72' lang='lat' dir='ltr'><strong>Amphilochius,</strong></span> <span class='ocrx_word' id='word_1_706' title='bbox 1876 4883 2000 4961; x_wconf 60' lang='lat' dir='ltr'><strong>ern-</strong></span> 
     </span>
    </p>
   </div>
   <div class='ocr_carea' id='block_1_94' title="bbox 427 4951 1998 5021">
    <p class='ocr_par' dir='ltr' id='par_1_94' title="bbox 427 4951 1998 5021">
     <span class='ocr_line' id='line_1_94' title="bbox 427 4951 1998 5021; baseline 0.01 -23"><span class='ocrx_word' id='word_1_707' title='bbox 427 4952 573 5021; x_wconf 76' lang='lat' dir='ltr'><strong>ditns</strong></span> <span class='ocrx_word' id='word_1_708' title='bbox 613 4951 800 5007; x_wconf 57' lang='lat' dir='ltr'><strong>Graeca</strong></span> <span class='ocrx_word' id='word_1_709' title='bbox 854 4954 1182 5021; x_wconf 88' lang='lat' dir='ltr'><strong>eloquentia,</strong></span> <span class='ocrx_word' id='word_1_710' title='bbox 1220 4951 1440 5010; x_wconf 80' lang='lat' dir='ltr'><strong>minime</strong></span> <span class='ocrx_word' id='word_1_711' title='bbox 1481 4951 1610 5009; x_wconf 80' lang='lat' dir='ltr'><strong>usus</strong></span> <span class='ocrx_word' id='word_1_712' title='bbox 1658 4951 1874 5011; x_wconf 85' lang='lat' dir='ltr'><strong>fuisset.</strong></span> <span class='ocrx_word' id='word_1_713' title='bbox 1932 4957 1998 5014; x_wconf 87' lang='lat' dir='ltr'><strong>Et</strong></span> 
     </span>
    </p>
   </div>
   <div class='ocr_carea' id='block_1_95' title="bbox 426 5020 1997 5097">
    <p class='ocr_par' dir='ltr' id='par_1_95' title="bbox 426 5020 1997 5097">
     <span class='ocr_line' id='line_1_95' title="bbox 426 5020 1997 5097; baseline 0.005 -25"><span class='ocrx_word' id='word_1_714' title='bbox 426 5020 625 5097; x_wconf 28' lang='lat' dir='ltr'><strong>fati-tur</strong></span> <span class='ocrx_word' id='word_1_715' title='bbox 646 5020 999 5077; x_wconf 81' lang='lat' dir='ltr'><strong>Combelisius</strong></span> <span class='ocrx_word' id='word_1_716' title='bbox 1026 5026 1127 5079; x_wconf 88' lang='lat' dir='ltr'><strong>hac</strong></span> <span class='ocrx_word' id='word_1_717' title='bbox 1149 5025 1203 5097; x_wconf 82' lang='lat' dir='ltr'><strong>in</strong></span> <span class='ocrx_word' id='word_1_718' title='bbox 1237 5023 1382 5086; x_wconf 84' lang='lat' dir='ltr'><strong>Vita,</strong></span> <span class='ocrx_word' id='word_1_719' title='bbox 1412 5024 1641 5097; x_wconf 82' lang='lat' dir='ltr'><strong>subinde</strong></span> <span class='ocrx_word' id='word_1_720' title='bbox 1660 5026 1820 5080; x_wconf 86' lang='lat' dir='ltr'><strong>verba</strong></span> <span class='ocrx_word' id='word_1_721' title='bbox 1848 5026 1997 5097; x_wconf 85' lang='lat' dir='ltr'><strong>ejus-</strong></span> 
     </span>
    </p>
   </div>
   <div class='ocr_carea' id='block_1_96' title="bbox 426 5092 1997 5163">
    <p class='ocr_par' dir='ltr' id='par_1_96' title="bbox 426 5092 1997 5163">
     <span class='ocr_line' id='line_1_96' title="bbox 426 5092 1997 5163; baseline 0.006 -21"><span class='ocrx_word' id='word_1_722' title='bbox 426 5092 570 5145; x_wconf 89' lang='lat' dir='ltr'><strong>modi</strong></span> <span class='ocrx_word' id='word_1_723' title='bbox 614 5105 929 5158; x_wconf 90' lang='lat' dir='ltr'><strong>occurrere;</strong></span> <span class='ocrx_word' id='word_1_724' title='bbox 963 5093 1232 5163; x_wconf 87' lang='lat' dir='ltr'><strong>quomodo</strong></span> <span class='ocrx_word' id='word_1_725' title='bbox 1269 5105 1448 5147; x_wconf 89' lang='lat' dir='ltr'><strong>autem</strong></span> <span class='ocrx_word' id='word_1_726' title='bbox 1493 5093 1607 5147; x_wconf 73' lang='lat' dir='ltr'><strong>hrec</strong></span> <span class='ocrx_word' id='word_1_727' title='bbox 1639 5097 1819 5163; x_wconf 91' lang='lat' dir='ltr'><strong>operis</strong></span> <span class='ocrx_word' id='word_1_728' title='bbox 1844 5092 1997 5151; x_wconf 78' lang='lat' dir='ltr'><strong>novi-</strong></span> 
     </span>
    </p>
   </div>
   <div class='ocr_carea' id='block_1_97' title="bbox 428 5164 1781 5229">
    <p class='ocr_par' dir='ltr' id='par_1_97' title="bbox 428 5164 1781 5229">
     <span class='ocr_line' id='line_1_97' title="bbox 428 5164 1781 5229; baseline 0.004 -18"><span class='ocrx_word' id='word_1_729' title='bbox 428 5169 594 5213; x_wconf 87' lang='lat' dir='ltr'><strong>tatem</strong></span> <span class='ocrx_word' id='word_1_730' title='bbox 623 5176 727 5215; x_wconf 92' lang='lat' dir='ltr'><strong>non</strong></span> <span class='ocrx_word' id='word_1_731' title='bbox 751 5173 998 5229; x_wconf 87' lang='lat' dir='ltr'><strong>arguant,</strong></span> <span class='ocrx_word' id='word_1_732' title='bbox 1026 5173 1086 5217; x_wconf 92' lang='lat' dir='ltr'><strong>ut</strong></span> <span class='ocrx_word' id='word_1_733' title='bbox 1119 5164 1258 5216; x_wconf 86' lang='lat' dir='ltr'><strong>idem</strong></span> <span class='ocrx_word' id='word_1_734' title='bbox 1299 5166 1395 5224; x_wconf 89' lang='lat' dir='ltr'><strong>ait.</strong></span> <span class='ocrx_word' id='word_1_735' title='bbox 1431 5165 1544 5229; x_wconf 83' lang='lat' dir='ltr'><strong>ipse</strong></span> <span class='ocrx_word' id='word_1_736' title='bbox 1569 5165 1781 5218; x_wconf 90' lang='lat' dir='ltr'><strong>viderit.</strong></span> 
     </span>
    </p>
   </div>
   <div class='ocr_carea' id='block_1_98' title="bbox 499 5230 1992 5301">
    <p class='ocr_par' dir='ltr' id='par_1_98' title="bbox 499 5230 1992 5301">
     <span class='ocr_line' id='line_1_98' title="bbox 499 5230 1992 5301; baseline 0.005 -18"><span class='ocrx_word' id='word_1_737' title='bbox 499 5230 609 5301; x_wconf 89' lang='grc'><strong>(60)</strong></span> <span class='ocrx_word' id='word_1_738' title='bbox 640 5232 826 5285; x_wconf 74' lang='lat' dir='ltr'><strong>Simile</strong></span> <span class='ocrx_word' id='word_1_739' title='bbox 861 5232 1061 5286; x_wconf 85' lang='lat' dir='ltr'><strong>factum</strong></span> <span class='ocrx_word' id='word_1_740' title='bbox 1095 5234 1334 5287; x_wconf 83' lang='lat' dir='ltr'><strong>mulieris</strong></span> <span class='ocrx_word' id='word_1_741' title='bbox 1370 5235 1642 5287; x_wconf 86' lang='lat' dir='ltr'><strong>invenitur</strong></span> <span class='ocrx_word' id='word_1_742' title='bbox 1672 5234 1726 5287; x_wconf 88' lang='lat' dir='ltr'><strong>itt</strong></span> <span class='ocrx_word' id='word_1_743' title='bbox 1771 5233 1890 5288; x_wconf 87' lang='lat' dir='ltr'><strong>Vita</strong></span> <span class='ocrx_word' id='word_1_744' title='bbox 1933 5235 1992 5290; x_wconf 92' lang='lat' dir='ltr'><strong>S.</strong></span> 
     </span>
    </p>
   </div>
   <div class='ocr_carea' id='block_1_99' title="bbox 424 5295 1994 5373">
    <p class='ocr_par' dir='ltr' id='par_1_99' title="bbox 424 5295 1994 5373">
     <span class='ocr_line' id='line_1_99' title="bbox 424 5295 1994 5373; baseline 0.005 -22"><span class='ocrx_word' id='word_1_745' title='bbox 424 5295 651 5373; x_wconf 52' lang='lat' dir='ltr'><strong>Joannis</strong></span> <span class='ocrx_word' id='word_1_746' title='bbox 706 5302 1128 5373; x_wconf 81' lang='lat' dir='ltr'><strong>Eleemosynarii</strong></span> <span class='ocrx_word' id='word_1_747' title='bbox 1166 5302 1236 5358; x_wconf 74' lang='grc'><strong>25</strong></span> <span class='ocrx_word' id='word_1_748' title='bbox 1274 5302 1513 5358; x_wconf 81' lang='lat' dir='ltr'><strong>Januarii</strong></span> <span class='ocrx_word' id='word_1_749' title='bbox 1572 5319 1693 5370; x_wconf 84' lang='lat' dir='ltr'><strong>cap.</strong></span> <span class='ocrx_word' id='word_1_750' title='bbox 1728 5304 1819 5371; x_wconf 78' lang='grc'><strong>15,</strong></span> <span class='ocrx_word' id='word_1_751' title='bbox 1852 5308 1994 5373; x_wconf 88' lang='lat' dir='ltr'><strong>quod</strong></span> 
     </span>
    </p>
   </div>
   <div class='ocr_carea' id='block_1_100' title="bbox 425 5370 1996 5442">
    <p class='ocr_par' dir='ltr' id='par_1_100' title="bbox 425 5370 1996 5442">
     <span class='ocr_line' id='line_1_100' title="bbox 425 5370 1996 5442; baseline 0.006 -21"><span class='ocrx_word' id='word_1_752' title='bbox 425 5370 609 5442; x_wconf 74' lang='lat' dir='ltr'><strong>fors_an</strong></span> <span class='ocrx_word' id='word_1_753' title='bbox 634 5371 922 5442; x_wconf 83' lang='lat' dir='ltr'><strong>occasione</strong></span> <span class='ocrx_word' id='word_1_754' title='bbox 949 5370 1175 5440; x_wconf 81' lang='lat' dir='ltr'><strong>praebuit</strong></span> <span class='ocrx_word' id='word_1_755' title='bbox 1216 5374 1843 5442; x_wconf 81' lang='lat' dir='ltr'><strong>pseudo-Amphilochia,</strong></span> <span class='ocrx_word' id='word_1_756' title='bbox 1869 5370 1996 5430; x_wconf 77' lang='grc' dir='ltr'>Ἰιοο</span> 
     </span>
    </p>
   </div>
   <div class='ocr_carea' id='block_1_101' title="bbox 426 5438 1991 5513">
    <p class='ocr_par' dir='ltr' id='par_1_101' title="bbox 426 5438 1991 5513">
     <span class='ocr_line' id='line_1_101' title="bbox 426 5438 1991 5513; baseline 0.005 -22"><span class='ocrx_word' id='word_1_757' title='bbox 426 5439 492 5492; x_wconf 86' lang='lat' dir='ltr'><strong>de.</strong></span> <span class='ocrx_word' id='word_1_758' title='bbox 524 5438 720 5495; x_wconf 86' lang='lat' dir='ltr'><strong>Basilio</strong></span> <span class='ocrx_word' id='word_1_759' title='bbox 749 5438 1071 5513; x_wconf 82' lang='lat' dir='ltr'><strong>miraculum</strong></span> <span class='ocrx_word' id='word_1_760' title='bbox 1098 5438 1567 5513; x_wconf 44' lang='lat' dir='ltr'><strong>coniminiscettdi‘.</strong></span> <span class='ocrx_word' id='word_1_761' title='bbox 1600 5443 1866 5513; x_wconf 86' lang='lat' dir='ltr'><strong>Quidquid</strong></span> <span class='ocrx_word' id='word_1_762' title='bbox 1902 5447 1991 5511; x_wconf 91' lang='lat' dir='ltr'><strong>sit,</strong></span> 
     </span>
    </p>
   </div>
   <div class='ocr_carea' id='block_1_102' title="bbox 426 5512 1996 5578">
    <p class='ocr_par' dir='ltr' id='par_1_102' title="bbox 426 5512 1996 5578">
     <span class='ocr_line' id='line_1_102' title="bbox 426 5512 1996 5578; baseline 0.005 -18"><span class='ocrx_word' id='word_1_763' title='bbox 426 5521 574 5578; x_wconf 80' lang='lat' dir='ltr'><strong>recte</strong></span> <span class='ocrx_word' id='word_1_764' title='bbox 606 5521 787 5567; x_wconf 90' lang='lat' dir='ltr'><strong>monet</strong></span> <span class='ocrx_word' id='word_1_765' title='bbox 818 5512 1199 5578; x_wconf 85' lang='lat' dir='ltr'><strong>Combefisius,</strong></span> <span class='ocrx_word' id='word_1_766' title='bbox 1231 5513 1429 5565; x_wconf 79' lang='lat' dir='ltr'><strong>factum</strong></span> <span class='ocrx_word' id='word_1_767' title='bbox 1468 5513 1606 5566; x_wconf 90' lang='lat' dir='ltr'><strong>istud</strong></span> <span class='ocrx_word' id='word_1_768' title='bbox 1634 5528 1739 5567; x_wconf 90' lang='lat' dir='ltr'><strong>non</strong></span> <span class='ocrx_word' id='word_1_769' title='bbox 1758 5512 1996 5568; x_wconf 75' lang='lat' dir='ltr'><strong>trahen-</strong></span> 
     </span>
    </p>
   </div>
   <div class='ocr_carea' id='block_1_103' title="bbox 424 5577 1992 5655">
    <p class='ocr_par' dir='ltr' id='par_1_103' title="bbox 424 5577 1992 5655">
     <span class='ocr_line' id='line_1_103' title="bbox 424 5577 1992 5655; baseline 0.008 -27"><span class='ocrx_word' id='word_1_770' title='bbox 424 5577 639 5655; x_wconf 37' lang='lat' dir='ltr'><strong>d‘ttmhin</strong></span> <span class='ocrx_word' id='word_1_771' title='bbox 663 5581 989 5655; x_wconf 63' lang='lat' dir='ltr'><strong>exemplum,</strong></span> <span class='ocrx_word' id='word_1_772' title='bbox 1025 5577 1235 5649; x_wconf 87' lang='lat' dir='ltr'><strong>quodsi</strong></span> <span class='ocrx_word' id='word_1_773' title='bbox 1268 5583 1440 5636; x_wconf 91' lang='lat' dir='ltr'><strong>solum</strong></span> <span class='ocrx_word' id='word_1_774' title='bbox 1464 5583 1517 5635; x_wconf 89' lang='lat' dir='ltr'><strong>in</strong></span> <span class='ocrx_word' id='word_1_775' title='bbox 1558 5582 1659 5636; x_wconf 88' lang='lat' dir='ltr'><strong>hac</strong></span> <span class='ocrx_word' id='word_1_776' title='bbox 1688 5584 1992 5655; x_wconf 85' lang='lat' dir='ltr'><strong>apocrypha</strong></span> 
     </span>
    </p>
   </div>
   <div class='ocr_carea' id='block_1_104' title="bbox 422 5643 1993 5726">
    <p class='ocr_par' dir='ltr' id='par_1_104' title="bbox 422 5643 1993 5726">
     <span class='ocr_line' id='line_1_104' title="bbox 422 5643 1993 5726; baseline 0.007 -28"><span class='ocrx_word' id='word_1_777' title='bbox 422 5643 632 5726; x_wconf 70' lang='lat' dir='ltr'><strong>Basilii_</strong></span> <span class='ocrx_word' id='word_1_778' title='bbox 668 5647 783 5726; x_wconf 84' lang='lat' dir='ltr'><strong>Vita</strong></span> <span class='ocrx_word' id='word_1_779' title='bbox 822 5643 1146 5726; x_wconf 39' lang='lat' dir='ltr'><strong>&#39;nhaberetur,</strong></span> <span class='ocrx_word' id='word_1_780' title='bbox 1205 5656 1398 5726; x_wconf 60' lang='lat' dir='ltr'><strong>[nerito</strong></span> <span class='ocrx_word' id='word_1_781' title='bbox 1429 5643 1798 5726; x_wconf 81' lang='lat' dir='ltr'><strong>computarém</strong></span> <span class='ocrx_word' id='word_1_782' title='bbox 1828 5643 1993 5726; x_wconf 59' lang='lat' dir='ltr'><strong>inter</strong></span> 
     </span>
    </p>
   </div>
   <div class='ocr_carea' id='block_1_105' title="bbox 422 5718 1993 5791">
    <p class='ocr_par' dir='ltr' id='par_1_105' title="bbox 422 5718 1993 5791">
     <span class='ocr_line' id='line_1_105' title="bbox 422 5718 1993 5791; baseline 0.008 -24"><span class='ocrx_word' id='word_1_783' title='bbox 422 5718 788 5791; x_wconf 13' lang='lat' dir='ltr'><strong>pias‘fabulas.</strong></span> <span class='ocrx_word' id='word_1_784' title='bbox 820 5718 949 5791; x_wconf 86' lang='lat' dir='ltr'><strong>Sed</strong></span> <span class='ocrx_word' id='word_1_785' title='bbox 971 5722 1112 5789; x_wconf 88' lang='lat' dir='ltr'><strong>quod</strong></span> <span class='ocrx_word' id='word_1_786' title='bbox 1139 5735 1171 5776; x_wconf 90' lang='lat' dir='ltr'><strong>a</strong></span> <span class='ocrx_word' id='word_1_787' title='bbox 1205 5720 1427 5775; x_wconf 87' lang='lat' dir='ltr'><strong>Leontio</strong></span> <span class='ocrx_word' id='word_1_788' title='bbox 1465 5718 1727 5791; x_wconf 88' lang='lat' dir='ltr'><strong>scriptum</strong></span> <span class='ocrx_word' id='word_1_789' title='bbox 1757 5722 1993 5780; x_wconf 87' lang='lat' dir='ltr'><strong>refertur</strong></span> 
     </span>
    </p>
   </div>
   <div class='ocr_carea' id='block_1_106' title="bbox 424 5789 1988 5864">
    <p class='ocr_par' dir='ltr' id='par_1_106' title="bbox 424 5789 1988 5864">
     <span class='ocr_line' id='line_1_106' title="bbox 424 5789 1988 5864; baseline 0.005 -24"><span class='ocrx_word' id='word_1_790' title='bbox 424 5790 478 5841; x_wconf 88' lang='lat' dir='ltr'><strong>in</strong></span> <span class='ocrx_word' id='word_1_791' title='bbox 515 5789 632 5842; x_wconf 76' lang='lat' dir='ltr'><strong>Vita</strong></span> <span class='ocrx_word' id='word_1_792' title='bbox 674 5790 729 5845; x_wconf 71' lang='grc' dir='ltr'><strong>ὃ.</strong></span> <span class='ocrx_word' id='word_1_793' title='bbox 763 5789 985 5846; x_wconf 79' lang='lat' dir='ltr'><strong>Joatmis</strong></span> <span class='ocrx_word' id='word_1_794' title='bbox 1010 5792 1455 5861; x_wconf 75' lang='lat' dir='ltr'><strong>Eleemosyuarii,</strong></span> <span class='ocrx_word' id='word_1_795' title='bbox 1483 5789 1660 5861; x_wconf 27' lang='lat' dir='ltr'><strong>pro‘ea</strong></span> <span class='ocrx_word' id='word_1_796' title='bbox 1692 5808 1851 5864; x_wconf 88' lang='lat' dir='ltr'><strong>quam</strong></span> <span class='ocrx_word' id='word_1_797' title='bbox 1876 5809 1988 5848; x_wconf 90' lang='lat' dir='ltr'><strong>me-</strong></span> 
     </span>
    </p>
   </div>
   <div class='ocr_carea' id='block_1_107' title="bbox 2103 4626 3670 4706">
    <p class='ocr_par' dir='ltr' id='par_1_107' title="bbox 2103 4626 3670 4706">
     <span class='ocr_line' id='line_1_107' title="bbox 2103 4626 3670 4706; baseline -0.004 -17"><span class='ocrx_word' id='word_1_798' title='bbox 2103 4638 2329 4706; x_wconf 84' lang='lat' dir='ltr'><strong>adeptns</strong></span> <span class='ocrx_word' id='word_1_799' title='bbox 2356 4648 2422 4688; x_wconf 82' lang='lat' dir='ltr'><strong>ex</strong></span> <span class='ocrx_word' id='word_1_800' title='bbox 2455 4631 2696 4700; x_wconf 89' lang='lat' dir='ltr'><strong>pulsibus</strong></span> <span class='ocrx_word' id='word_1_801' title='bbox 2738 4628 2929 4697; x_wconf 90' lang='lat' dir='ltr'><strong>jndicii</strong></span> <span class='ocrx_word' id='word_1_802' title='bbox 2974 4627 3390 4692; x_wconf 89' lang='lat' dir='ltr'><strong>certitudinem;</strong></span> <span class='ocrx_word' id='word_1_803' title='bbox 3424 4639 3483 4681; x_wconf 91' lang='lat' dir='ltr'><strong>ut</strong></span> <span class='ocrx_word' id='word_1_804' title='bbox 3527 4626 3670 4683; x_wconf 90' lang='lat' dir='ltr'><strong>nullo</strong></span> 
     </span>
    </p>
   </div>
   <div class='ocr_carea' id='block_1_108' title="bbox 2102 4822 3669 4897">
    <p class='ocr_par' dir='ltr' id='par_1_108' title="bbox 2102 4822 3669 4897">
     <span class='ocr_line' id='line_1_108' title="bbox 2102 4822 3669 4897; baseline -0.004 -12"><span class='ocrx_word' id='word_1_805' title='bbox 2102 4842 2248 4886; x_wconf 86' lang='lat' dir='ltr'><strong>retnr</strong></span> <span class='ocrx_word' id='word_1_806' title='bbox 2288 4829 2467 4893; x_wconf 78' lang='lat' dir='ltr'><strong>ﬁdem,</strong></span> <span class='ocrx_word' id='word_1_807' title='bbox 2520 4837 2703 4897; x_wconf 86' lang='lat' dir='ltr'><strong>potest</strong></span> <span class='ocrx_word' id='word_1_808' title='bbox 2765 4827 3000 4894; x_wconf 82' lang='lat' dir='ltr'><strong>benigne</strong></span> <span class='ocrx_word' id='word_1_809' title='bbox 3045 4823 3338 4897; x_wconf 74' lang='lat' dir='ltr'><strong>explicari;</strong></span> <span class='ocrx_word' id='word_1_810' title='bbox 3373 4822 3416 4877; x_wconf 86' lang='lat' dir='ltr'><strong>si</strong></span> <span class='ocrx_word' id='word_1_811' title='bbox 3451 4824 3669 4897; x_wconf 74' lang='lat' dir='ltr'><strong>dicatur</strong></span> 
     </span>
    </p>
   </div>
   <div class='ocr_carea' id='block_1_109' title="bbox 2099 4893 3670 4965">
    <p class='ocr_par' dir='ltr' id='par_1_109' title="bbox 2099 4893 3670 4965">
     <span class='ocr_line' id='line_1_109' title="bbox 2099 4893 3670 4965; baseline -0.005 -10"><span class='ocrx_word' id='word_1_812' title='bbox 2099 4910 2340 4960; x_wconf 85' lang='lat' dir='ltr'><strong>sanctus,</strong></span> <span class='ocrx_word' id='word_1_813' title='bbox 2403 4893 2707 4960; x_wconf 80' lang='lat' dir='ltr'><strong>mulierem,</strong></span> <span class='ocrx_word' id='word_1_814' title='bbox 2763 4893 3040 4965; x_wconf 87' lang='lat' dir='ltr'><strong>peccatum</strong></span> <span class='ocrx_word' id='word_1_815' title='bbox 3068 4894 3312 4949; x_wconf 84' lang='lat' dir='ltr'><strong>confiteri</strong></span> <span class='ocrx_word' id='word_1_816' title='bbox 3349 4893 3670 4965; x_wconf 81' lang='lat' dir='ltr'><strong>erubescen—</strong></span> 
     </span>
    </p>
   </div>
   <div class='ocr_carea' id='block_1_110' title="bbox 2103 4963 3667 5035">
    <p class='ocr_par' dir='ltr' id='par_1_110' title="bbox 2103 4963 3667 5035">
     <span class='ocr_line' id='line_1_110' title="bbox 2103 4963 3667 5035; baseline -0.005 -10"><span class='ocrx_word' id='word_1_817' title='bbox 2103 4983 2231 5032; x_wconf 89' lang='lat' dir='ltr'><strong>tem,</strong></span> <span class='ocrx_word' id='word_1_818' title='bbox 2275 4970 2553 5026; x_wconf 83' lang='lat' dir='ltr'><strong>induxisse</strong></span> <span class='ocrx_word' id='word_1_819' title='bbox 2582 4978 2639 5021; x_wconf 90' lang='lat' dir='ltr'><strong>ttt</strong></span> <span class='ocrx_word' id='word_1_820' title='bbox 2668 4963 2869 5035; x_wconf 88' lang='lat' dir='ltr'><strong>scripto</strong></span> <span class='ocrx_word' id='word_1_821' title='bbox 2894 4966 3036 5020; x_wconf 88' lang='lat' dir='ltr'><strong>istud</strong></span> <span class='ocrx_word' id='word_1_822' title='bbox 3059 4973 3357 5035; x_wconf 79' lang='lat' dir='ltr'><strong>exponeret</strong></span> <span class='ocrx_word' id='word_1_823' title='bbox 3376 4964 3429 5017; x_wconf 94' lang='lat' dir='ltr'><strong>in</strong></span> <span class='ocrx_word' id='word_1_824' title='bbox 3455 4963 3667 5027; x_wconf 88' lang='lat' dir='ltr'><strong>charta,</strong></span> 
     </span>
    </p>
   </div>
   <div class='ocr_carea' id='block_1_111' title="bbox 2100 5033 3669 5110">
    <p class='ocr_par' dir='ltr' id='par_1_111' title="bbox 2100 5033 3669 5110">
     <span class='ocr_line' id='line_1_111' title="bbox 2100 5033 3669 5110; baseline -0.005 -15"><span class='ocrx_word' id='word_1_825' title='bbox 2100 5040 2276 5110; x_wconf 79' lang='lat' dir='ltr'><strong>sigillo</strong></span> <span class='ocrx_word' id='word_1_826' title='bbox 2331 5041 2637 5110; x_wconf 70' lang='lat' dir='ltr'><strong>obsignata,</strong></span> <span class='ocrx_word' id='word_1_827' title='bbox 2682 5033 2923 5110; x_wconf 81' lang='lat' dir='ltr'><strong>adeoque</strong></span> <span class='ocrx_word' id='word_1_828' title='bbox 2975 5051 3004 5086; x_wconf 91' lang='lat' dir='ltr'><strong>a</strong></span> <span class='ocrx_word' id='word_1_829' title='bbox 3049 5035 3266 5110; x_wconf 67' lang='lat' dir='ltr'><strong>nemine</strong></span> <span class='ocrx_word' id='word_1_830' title='bbox 3315 5033 3561 5110; x_wconf 82' lang='lat' dir='ltr'><strong>legenda,</strong></span> <span class='ocrx_word' id='word_1_831' title='bbox 3604 5050 3669 5087; x_wconf 90' lang='lat' dir='ltr'><strong>eo</strong></span> 
     </span>
    </p>
   </div>
   <div class='ocr_carea' id='block_1_112' title="bbox 2097 5104 3669 5174">
    <p class='ocr_par' dir='ltr' id='par_1_112' title="bbox 2097 5104 3669 5174">
     <span class='ocr_line' id='line_1_112' title="bbox 2097 5104 3669 5174; baseline -0.005 -10"><span class='ocrx_word' id='word_1_832' title='bbox 2097 5104 2344 5173; x_wconf 60' lang='lat' dir='ltr'><strong>cdnsilio,</strong></span> <span class='ocrx_word' id='word_1_833' title='bbox 2381 5117 2438 5161; x_wconf 92' lang='lat' dir='ltr'><strong>ttt</strong></span> <span class='ocrx_word' id='word_1_834' title='bbox 2459 5104 2661 5161; x_wconf 87' lang='lat' dir='ltr'><strong>deinde</strong></span> <span class='ocrx_word' id='word_1_835' title='bbox 2688 5104 3036 5174; x_wconf 86' lang='lat' dir='ltr'><strong>persuaderet</strong></span> <span class='ocrx_word' id='word_1_836' title='bbox 3070 5104 3304 5168; x_wconf 86' lang='lat' dir='ltr'><strong>facilius,</strong></span> <span class='ocrx_word' id='word_1_837' title='bbox 3334 5104 3669 5170; x_wconf 86' lang='lat' dir='ltr'><strong>permitteret</strong></span> 
     </span>
    </p>
   </div>
   <div class='ocr_carea' id='block_1_113' title="bbox 2098 5174 3667 5243">
    <p class='ocr_par' dir='ltr' id='par_1_113' title="bbox 2098 5174 3667 5243">
     <span class='ocr_line' id='line_1_113' title="bbox 2098 5174 3667 5243; baseline -0.006 -10"><span class='ocrx_word' id='word_1_838' title='bbox 2098 5181 2385 5233; x_wconf 87' lang='lat' dir='ltr'><strong>ehartama</strong></span> <span class='ocrx_word' id='word_1_839' title='bbox 2423 5194 2482 5232; x_wconf 90' lang='lat' dir='ltr'><strong>se</strong></span> <span class='ocrx_word' id='word_1_840' title='bbox 2520 5178 2636 5231; x_wconf 88' lang='lat' dir='ltr'><strong>solo</strong></span> <span class='ocrx_word' id='word_1_841' title='bbox 2659 5177 2853 5243; x_wconf 91' lang='lat' dir='ltr'><strong>aperiri</strong></span> <span class='ocrx_word' id='word_1_842' title='bbox 2873 5185 2925 5228; x_wconf 92' lang='lat' dir='ltr'><strong>et</strong></span> <span class='ocrx_word' id='word_1_843' title='bbox 2952 5174 3076 5242; x_wconf 77' lang='lat' dir='ltr'><strong>legi,</strong></span> <span class='ocrx_word' id='word_1_844' title='bbox 3120 5183 3280 5241; x_wconf 88' lang='lat' dir='ltr'><strong>atque</strong></span> <span class='ocrx_word' id='word_1_845' title='bbox 3314 5174 3385 5226; x_wconf 86' lang='lat' dir='ltr'><strong>ita</strong></span> <span class='ocrx_word' id='word_1_846' title='bbox 3412 5188 3535 5227; x_wconf 91' lang='lat' dir='ltr'><strong>cum</strong></span> <span class='ocrx_word' id='word_1_847' title='bbox 3564 5174 3667 5225; x_wconf 91' lang='lat' dir='ltr'><strong>mi-</strong></span> 
     </span>
    </p>
   </div>
   <div class='ocr_carea' id='block_1_114' title="bbox 2100 5243 3666 5314">
    <p class='ocr_par' dir='ltr' id='par_1_114' title="bbox 2100 5243 3666 5314">
     <span class='ocr_line' id='line_1_114' title="bbox 2100 5243 3666 5314; baseline -0.005 -12"><span class='ocrx_word' id='word_1_848' title='bbox 2100 5250 2218 5302; x_wconf 90' lang='lat' dir='ltr'><strong>nori</strong></span> <span class='ocrx_word' id='word_1_849' title='bbox 2256 5248 2632 5303; x_wconf 63' lang='lat' dir='ltr'><strong>erultescentia</strong></span> <span class='ocrx_word' id='word_1_850' title='bbox 2666 5257 2946 5314; x_wconf 84' lang='lat' dir='ltr'><strong>peccatum</strong></span> <span class='ocrx_word' id='word_1_851' title='bbox 2975 5259 3128 5297; x_wconf 90' lang='lat' dir='ltr'><strong>suum</strong></span> <span class='ocrx_word' id='word_1_852' title='bbox 3155 5243 3541 5314; x_wconf 71' lang='lat' dir='ltr'><strong>confiteretur;</strong></span> <span class='ocrx_word' id='word_1_853' title='bbox 3573 5245 3666 5295; x_wconf 88' lang='lat' dir='ltr'><strong>sed</strong></span> 
     </span>
    </p>
   </div>
   <div class='ocr_carea' id='block_1_115' title="bbox 2097 5312 3667 5381">
    <p class='ocr_par' dir='ltr' id='par_1_115' title="bbox 2097 5312 3667 5381">
     <span class='ocr_line' id='line_1_115' title="bbox 2097 5312 3667 5381; baseline -0.004 -10"><span class='ocrx_word' id='word_1_854' title='bbox 2097 5334 2219 5371; x_wconf 89' lang='lat' dir='ltr'><strong>cum</strong></span> <span class='ocrx_word' id='word_1_855' title='bbox 2267 5328 2487 5372; x_wconf 90' lang='lat' dir='ltr'><strong>sanctus</strong></span> <span class='ocrx_word' id='word_1_856' title='bbox 2523 5318 2627 5369; x_wconf 80' lang='lat' dir='ltr'><strong>vita</strong></span> <span class='ocrx_word' id='word_1_857' title='bbox 2649 5312 2992 5378; x_wconf 76' lang='lat' dir='ltr'><strong>excessisset,</strong></span> <span class='ocrx_word' id='word_1_858' title='bbox 3021 5325 3304 5381; x_wconf 87' lang='lat' dir='ltr'><strong>antequam</strong></span> <span class='ocrx_word' id='word_1_859' title='bbox 3329 5313 3379 5366; x_wconf 88' lang='lat' dir='ltr'><strong>id</strong></span> <span class='ocrx_word' id='word_1_860' title='bbox 3404 5312 3667 5379; x_wconf 86' lang='lat' dir='ltr'><strong>perlicere</strong></span> 
     </span>
    </p>
   </div>
   <div class='ocr_carea' id='block_1_116' title="bbox 2096 5382 3666 5457">
    <p class='ocr_par' dir='ltr' id='par_1_116' title="bbox 2096 5382 3666 5457">
     <span class='ocr_line' id='line_1_116' title="bbox 2096 5382 3666 5457; baseline -0.004 -17"><span class='ocrx_word' id='word_1_861' title='bbox 2096 5390 2301 5455; x_wconf 82' lang='lat' dir='ltr'><strong>posset,</strong></span> <span class='ocrx_word' id='word_1_862' title='bbox 2345 5398 2465 5457; x_wconf 88' lang='lat' dir='ltr'><strong>post</strong></span> <span class='ocrx_word' id='word_1_863' title='bbox 2502 5397 2725 5439; x_wconf 90' lang='lat' dir='ltr'><strong>tnortem</strong></span> <span class='ocrx_word' id='word_1_864' title='bbox 2762 5384 3108 5457; x_wconf 80' lang='lat' dir='ltr'><strong>apparuerit;</strong></span> <span class='ocrx_word' id='word_1_865' title='bbox 3139 5393 3194 5435; x_wconf 90' lang='lat' dir='ltr'><strong>et</strong></span> <span class='ocrx_word' id='word_1_866' title='bbox 3229 5393 3478 5457; x_wconf 79' lang='lat' dir='ltr'><strong>tanquam</strong></span> <span class='ocrx_word' id='word_1_867' title='bbox 3505 5382 3666 5457; x_wconf 75' lang='lat' dir='ltr'><strong>mini-</strong></span> 
     </span>
    </p>
   </div>
   <div class='ocr_carea' id='block_1_117' title="bbox 2097 5449 3665 5512">
    <p class='ocr_par' dir='ltr' id='par_1_117' title="bbox 2097 5449 3665 5512">
     <span class='ocr_line' id='line_1_117' title="bbox 2097 5449 3665 5512; baseline -0.005 -1"><span class='ocrx_word' id='word_1_868' title='bbox 2097 5449 2209 5511; x_wconf 61' lang='lat' dir='ltr'><strong>ater</strong></span> <span class='ocrx_word' id='word_1_869' title='bbox 2250 5449 2575 5512; x_wconf 74' lang='lat' dir='ltr'><strong>sacramenti</strong></span> <span class='ocrx_word' id='word_1_870' title='bbox 2614 5449 3075 5509; x_wconf 75' lang='lat' dir='ltr'><strong>extraordinarius</strong></span> <span class='ocrx_word' id='word_1_871' title='bbox 3109 5449 3458 5506; x_wconf 78' lang='lat' dir='ltr'><strong>conﬁtentem</strong></span> <span class='ocrx_word' id='word_1_872' title='bbox 3486 5449 3665 5505; x_wconf 90' lang='lat' dir='ltr'><strong>absol-</strong></span> 
     </span>
    </p>
   </div>
   <div class='ocr_carea' id='block_1_118' title="bbox 2095 5522 3667 5595">
    <p class='ocr_par' dir='ltr' id='par_1_118' title="bbox 2095 5522 3667 5595">
     <span class='ocr_line' id='line_1_118' title="bbox 2095 5522 3667 5595; baseline 0 -19"><span class='ocrx_word' id='word_1_873' title='bbox 2095 5528 2268 5592; x_wconf 79' lang='lat' dir='ltr'><strong>verit;</strong></span> <span class='ocrx_word' id='word_1_874' title='bbox 2312 5537 2474 5595; x_wconf 88' lang='lat' dir='ltr'><strong>atque</strong></span> <span class='ocrx_word' id='word_1_875' title='bbox 2515 5528 2568 5578; x_wconf 92' lang='lat' dir='ltr'><strong>in</strong></span> <span class='ocrx_word' id='word_1_876' title='bbox 2602 5527 2811 5594; x_wconf 84' lang='lat' dir='ltr'><strong>signum</strong></span> <span class='ocrx_word' id='word_1_877' title='bbox 2848 5538 2971 5576; x_wconf 81' lang='lat' dir='ltr'><strong>vere</strong></span> <span class='ocrx_word' id='word_1_878' title='bbox 3003 5522 3212 5576; x_wconf 86' lang='lat' dir='ltr'><strong>remissi</strong></span> <span class='ocrx_word' id='word_1_879' title='bbox 3243 5522 3469 5590; x_wconf 85' lang='lat' dir='ltr'><strong>peccati,</strong></span> <span class='ocrx_word' id='word_1_880' title='bbox 3492 5536 3558 5577; x_wconf 90' lang='lat' dir='ltr'><strong>co</strong></span> <span class='ocrx_word' id='word_1_881' title='bbox 3577 5522 3667 5576; x_wconf 84' lang='lat' dir='ltr'><strong>de-</strong></span> 
     </span>
    </p>
   </div>
   <div class='ocr_carea' id='block_1_119' title="bbox 2097 5596 2819 5651">
    <p class='ocr_par' dir='ltr' id='par_1_119' title="bbox 2097 5596 2819 5651">
     <span class='ocr_line' id='line_1_119' title="bbox 2097 5596 2819 5651; baseline -0.001 -2"><span class='ocrx_word' id='word_1_882' title='bbox 2097 5597 2201 5650; x_wconf 85' lang='lat' dir='ltr'><strong>leto</strong></span> <span class='ocrx_word' id='word_1_883' title='bbox 2236 5599 2478 5651; x_wconf 82' lang='lat' dir='ltr'><strong>chartam</strong></span> <span class='ocrx_word' id='word_1_884' title='bbox 2506 5596 2819 5649; x_wconf 83' lang='lat' dir='ltr'><strong>restituerit.</strong></span> 
     </span>
    </p>
   </div>
   <div class='ocr_carea' id='block_1_120' title="bbox 2168 5661 3663 5737">
    <p class='ocr_par' dir='ltr' id='par_1_120' title="bbox 2168 5661 3663 5737">
     <span class='ocr_line' id='line_1_120' title="bbox 2168 5661 3663 5737; baseline -0.003 -16"><span class='ocrx_word' id='word_1_885' title='bbox 2168 5666 2280 5737; x_wconf 85' lang='lat'><strong>(6|)</strong></span> <span class='ocrx_word' id='word_1_886' title='bbox 2315 5667 2373 5721; x_wconf 84' lang='lat' dir='ltr'><strong>S.</strong></span> <span class='ocrx_word' id='word_1_887' title='bbox 2407 5667 2637 5734; x_wconf 85' lang='lat' dir='ltr'><strong>Ephrem</strong></span> <span class='ocrx_word' id='word_1_888' title='bbox 2670 5676 2793 5737; x_wconf 83' lang='lat' dir='ltr'><strong>ante</strong></span> <span class='ocrx_word' id='word_1_889' title='bbox 2938 5661 3192 5715; x_wconf 85' lang='lat' dir='ltr'><strong>Basilinm</strong></span> <span class='ocrx_word' id='word_1_890' title='bbox 3220 5669 3490 5718; x_wconf 88' lang='lat' dir='ltr'><strong>mortuum</strong></span> <span class='ocrx_word' id='word_1_891' title='bbox 3517 5674 3663 5737; x_wconf 74' lang='lat' dir='ltr'><strong>esse,</strong></span> 
     </span>
    </p>
   </div>
   <div class='ocr_carea' id='block_1_121' title="bbox 2096 5732 3591 5809">
    <p class='ocr_par' dir='ltr' id='par_1_121' title="bbox 2096 5732 3591 5809">
     <span class='ocr_line' id='line_1_121' title="bbox 2096 5732 3591 5809; baseline -0.005 -16"><span class='ocrx_word' id='word_1_892' title='bbox 2096 5732 2519 5809; x_wconf 58' lang='lat' dir='ltr'><strong>Supra&#39;diximus</strong></span> <span class='ocrx_word' id='word_1_893' title='bbox 2559 5751 2621 5791; x_wconf 78' lang='lat' dir='ltr'><strong>ex</strong></span> <span class='ocrx_word' id='word_1_894' title='bbox 2659 5733 2867 5789; x_wconf 85' lang='lat' dir='ltr'><strong>meliori</strong></span> <span class='ocrx_word' id='word_1_895' title='bbox 2898 5744 3139 5788; x_wconf 87' lang='lat' dir='ltr'><strong>anetore.</strong></span> <span class='ocrx_word' id='word_1_896' title='bbox 3582 5732 3591 5739; x_wconf 88' lang='grc'><strong>’</strong></span> 
     </span>
    </p>
   </div>
  </div>
