4076 6226
840 380 1202 440 EXCEBPTA
1243 386 1337 442 EX
1381 388 1584 445 ACTIS
1625 390 1681 446 S.
1726 391 1964 445 BASILII
2007 391 2530 448 BOLLANDIANIS.
2570 422 2641 432 —
2681 393 2837 448 VITA
2880 392 3317 458 APOCR‘YPHA'.

3517 405 3683 448 (τισιν

450 502 661 554 errore,
708 502 833 547 ante
889 498 1104 549 tertium
1154 499 1472 566 qnintumve
1517 502 1680 567 diem,
1725 506 2015 558 morituros
2044 509 2090 563 Α
2124 513 2202 567 ιιι,
2233 505 2276 557 si
2308 504 2359 558 in
2385 507 2682 558 craStinutn
2725 507 2944 572 vixeris,
2980 508 3300 574 baptismum
3337 503 3679 572 suscipiam.»

450 583 754 650 prmsciret;
812 596 974 653 utque
1024 589 1187 644 verbo
1227 592 1425 658 dicam,
1473 603 1654 648 tantus
1691 605 1828 658 erat,
1878 606 2018 651 utet

451 673 672 726 medicis
698 685 752 727 et
777 677 1111 746 phil050phis
1141 681 1396 734 invidiam
1424 693 1683 738 moveret.
1705 684 1814 740 Deo
1836 697 2016 741 autem

450 759 659 819 amatus
690 764 849 819 Pater
877 777 1085 833 noster,
1113 771 1292 824 divina
1324 772 1618 840 praesciens
1658 773 2018 828 illustratione

449 853 590 918 quod
622 853 676 908 in
717 869 780 909 eo
829 858 1122 924 gerendum
1163 869 1318 925 erat,
1353 861 1526 929 ipsum
1574 861 1871 930 impensius
1896 862 2018 915 dili-

449 944 627 1012 gebat,
652 947 1006 1014 crebriusque
1035 953 1100 1004 ad
1132 966 1485 1021 congressum
1513 954 1771 1020 vocabat;
1816 957 2018 1010 docens

451 1033 663 1102 planam
719 1039 1033 1108 regiarnque
1080 1043 1323 1098 veritatis
1375 1045 1520 1097 viam
1571 1045 1841 1100 incedere.
1884 1046 2016 1101 Cutn

450 1127 631 1196 itaque
655 1145 762 1183 non
806 1146 929 1185 raro
954 1133 1283 1197 hortaretur,
1316 1145 1664 1206 moneretque
1687 1145 1743 1190 ut
1763 1139 2019 1193 abscede-

450 1228 534 1272 ret
575 1217 605 1273 a
647 1222 868 1276 scelesta
931 1224 1213 1295 religione,
1268 1228 1652 1299 Christumque
1697 1231 2018 1300 baptismate

449 1326 606 1365 sacro
634 1313 906 1382 indueret;
940 1331 1046 1370 non
1078 1317 1316 1381 admisit,
1348 1319 1563 1374 dicens:
1603 1338 1622 1372 ι
1656 1321 1713 1375 In
1735 1337 1838 1391 qua
1863 1332 2018 1378 natus

450 1419 568 1456 sum
588 1404 713 1470 ﬁde,
739 1407 789 1460 in
814 1424 874 1460 ea
903 1418 956 1462 et
978 1409 1199 1464 moriar.
1222 1428 1240 1460 ι
1268 1411 1337 1463 At
1363 1421 1581 1465 sanctus
1609 1412 1699 1467 Dei
1719 1414 1780 1466 ad
1810 1414 2012 1482 ipsum:

454 1515 472 1546 ι
510 1496 831 1554 Persuasum
874 1502 1031 1568 habe,
1073 1502 1294 1574 Joseph,
1329 1504 1446 1560 fore
1482 1517 1539 1560 ut
1577 1521 1750 1576 neque
1775 1522 1896 1575 ego,
1926 1524 2018 1562 ne-

448 1603 555 1656 que
589 1597 644 1643 tu
679 1590 804 1645 vita:
851 1595 1132 1659 praesentis
1191 1596 1496 1651 turbinibus
1535 1597 1767 1652 absoluti
1822 1600 2017 1666 migre-

449 1695 588 1743 mus,
625 1683 796 1736 donec
833 1684 1092 1740 Dominus
1121 1701 1273 1741 meus
1311 1703 1410 1757 per
1448 1705 1644 1757 aquam
1677 1698 1731 1742 et
1767 1691 2016 1758 Spiritum

450 1779 501 1821 te
528 1776 928 1840 regcneraverit
956 1794 968 1830 :
1002 1777 1117 1830 ﬁeri
1143 1777 1286 1832 enim
1309 1779 1517 1847 nequit,
1547 1789 1605 1833 ut
1630 1781 1753 1848 quis
1790 1781 1905 1834 sine
1932 1781 2016 1836 his

449 1860 614 1914 intret
652 1862 704 1914 in
748 1879 973 1932 regnum
1024 1868 1138 1922 Dei.
1183 1867 1376 1923 Nonne
1425 1871 1586 1924 etiam
1631 1882 1810 1940 patres
1853 1875 2015 1927 vestri

448 1950 705 2019 baptizati
744 1965 869 2009 sunt
894 1958 945 2011 in
977 1958 1179 2030 Moyse,
1225 1971 1278 2014 et
1316 1961 1369 2014 in
1398 1965 1538 2017 nube
1577 1965 1702 2017 etin
1739 1967 1903 2029 mari,
1933 1967 2015 2020 bi—

448 2043 757 2114 beruntque
807 2049 874 2102 de
927 2051 1192 2119 spirituali
1229 2065 1599 2123 consequente
1645 2056 2013 2124 petra?Petra

448 2145 626 2187 autem
652 2147 768 2191 erat
803 2138 1053 2194 Christus
1095 2142 1194 2213 (a),
1237 2146 1328 2214 qui
1376 2147 1688 2202 novissimis
1717 2149 1907 2202 diebus
1953 2151 2017 2204 de

453 2224 670 2296 Virgine
685 2229 1018 2288 uincarnatus
1047 2246 1151 2302 est,
1189 2249 1242 2291 et
1277 2249 1497 2308 propter
1530 2249 1768 2294 nostram
1791 2241 2014 2296 salutem

448 2321 627 2377 factus
661 2326 843 2392 homo,
890 2342 1254 2401 operatusque
1293 2343 1375 2388 est
1412 2335 1674 2389 miracula
1709 2346 1764 2390 et
1791 2345 1962 2390 morte
1988 2352 2017 2388 a

447 2416 694 2482 patribus
729 2421 926 2475 vestris
961 2423 1012 2475 in
1044 2439 1209 2478 carne
1244 2424 1500 2490 affectus;
1535 2427 1904 2496 sepultusque,
1933 2416 2037 2482 die

447 2511 602 2561 tertia
625 2514 954 2580 resurrexit;
987 2518 1297 2572 et-ascendit
1331 2520 1382 2573 in
1424 2522 1640 2586 coelum,
1664 2524 1920 2591 sedetque
1951 2525 2016 2576 ad

447 2596 722 2652 dexteram
755 2601 959 2658 Patris:
988 2607 1077 2675 qui
1112 2608 1272 2660 etiam
1307 2619 1564 2665 venturus
1594 2621 1700 2677 est,
1733 2613 1788 2666 in
1823 2628 2016 2682 magna

446 2689 617 2758 gloria
649 2707 770 2747 cum
805 2698 1030 2766 angelis,
1061 2698 1400 2768 judicaturus
1424 2703 1576 2757 vivos
1600 2711 1655 2756 et
1675 2715 1937 2767 mortuos,
1967 2713 2020 2758 et

447 2783 737 2852 unicuique
773 2791 1080 2844 redditurus
1108 2789 1258 2856 juxta
1283 2809 1446 2862 opera
1469 2795 1602 2860 ejus.
1628 2793 1811 2864 Itaque
1835 2797 2020 2864 nequit

451 2873 590 2939 ﬁeri,
627 2887 682 2929 ut
727 2879 928 2934 dictum
960 2893 1064 2945 est,
1100 2891 1155 2937 ut
1184 2884 1306 2952 quis
1347 2885 1510 2939 intret
1549 2887 1600 2939 in
1644 2903 1864 2956 regnum
1902 2888 2016 2952 Dei,

447 2964 551 3019 nisi
585 2981 681 3035 per
725 2984 920 3038 aquam
971 2984 1026 3026 et
1061 2975 1345 3042 spiritum,
1390 2987 1444 3030 et
1493 2978 1592 3032 nisi
1626 2980 1836 3033 viviﬁca
1883 2982 2019 3033 anti-

451 3066 570 3124 lypa
625 3058 735 3128 (62)
770 3061 1077 3119 intenterati
1131 3070 1378 3137 corporis
1406 3079 1461 3123 et
1510 3072 1788 3139 sanguinis
1819 3072 2018 3126 Christi

447 3151 752 3214 sumpserit.
792 3171 811 3204 ι

515 3239 756 3312 Cumque
799 3254 1018 3302 sanctus
1075 3249 1269 3306 talibus
1311 3253 1708 3308 hortationibus
1757 3263 2019 3320 uteretur,

450 3347 555 3386 non
587 3337 886 3394 sustinebat
919 3342 1091 3410 ipsum
1117 3346 1324 3402 audire.
1355 3346 1456 3402 Ubi
1487 3359 1667 3402 autem
1714 3349 1763 3402 ei
1800 3350 2020 3418 placuit,

448 3426 538 3491 qui
565 3443 686 3481 eum
725 3445 1103 3500 segregaverat
1135 3439 1204 3492 ab
1241 3449 1399 3493 utero
1427 3442 1614 3494 matris
1646 3456 1775 3506 suae,
1805 3452 1863 3496 nt
1898 3460 2023 3498 sur-

449 3517 653 3586 eiperet
701 3525 1119 3580 sacratissimum
1162 3529 1452 3599 baptisma,
1505 3547 1626 3585 eum
1680 3534 1764 3587 vir
1805 3546 2026 3589 sanctus

445 3608 556 3679 jam
596 3613 720 3667 vitae
762 3614 918 3685 hujus
965 3619 1270 3674 turbinibus
1328 3622 1667 3687 eximendus,
1717 3624 2019 3687 accersivit,

449 3711 711 3768 prmtexlu
762 3708 1014 3762 nimirum
1070 3712 1310 3765 scientias
1365 3715 1623 3779 mediete,
1676 3714 1858 3784 aitque
1891 3715 1962 3768 illi
2005 3734 2018 3770 :

457 3813 476 3843 ι
509 3794 647 3862 Quid
673 3797 765 3852 tibi
793 3801 858 3853 de
889 3817 973 3856 me
999 3804 1243 3858 videtur?
1277 3823 1296 3856 ι
1331 3805 1442 3868 Ille,
1491 3823 1555 3859 ex
1589 3806 1744 3875 pulsu
1785 3809 2023 3863 sentiens

450 3887 568 3956 ejus
611 3889 752 3945 vires
795 3894 1098 3960 proximam
1141 3897 1333 3950 minari
1378 3899 1814 3966 mortem,jussit
1841 3901 2023 3955 dome-

451 3978 624 4043 sticis,
681 3990 740 4034 ut
793 3992 1127 4050 opportunas
1186 3986 1477 4054 sepultura:
1506 3999 1684 4042 vestes
1731 4001 2019 4050 emerent;

456 4084 475 4116 ι
515 4066 674 4133 Nam,
721 4071 919 4139 inquit,
961 4073 1069 4127 cito
1106 4076 1270 4129 citius
1303 4075 1598 4130 moriturus
1625 4087 1728 4133 est.
1765 4096 1785 4130 ι
1815 4080 1906 4133 Ait
1955 4083 2022 4134 ad

451 4175 574 4214 eum
605 4177 829 4232 magnus
860 4162 1087 4218 Basilius
1121 4182 1135 4216 :
1175 4183 1194 4215 ι
1237 4166 1423 4220 Nescis
1451 4168 1581 4236 quid
1612 4167 1784 4223 dicas.
1819 4187 1836 4220 ι
1885 4170 2023 4224 Dicit

453 4253 528 4306 illi
559 4251 754 4324 Joseph
789 4255 1048 4312 Hebraaus
1082 4277 1094 4311 :
1137 4276 1155 4308 ι
1196 4258 1416 4324 Credas,
1463 4261 1700 4327 domine,
1743 4262 1822 4317 sol
1863 4262 2023 4316 hodie

457 4361 580 4400 cum
608 4348 723 4400 sole
753 4350 987 4405 occidet.
1029 4369 1047 4402 ι
1073 4351 1162 4404 Ait
1187 4351 1258 4404 illi
1295 4362 1516 4407 sanctus
1551 4373 1563 4406 :
1611 4372 1629 4404 ι
1668 4355 1805 4408 Ouid
1831 4369 1953 4408 vero
1974 4357 2017 4408 si

452 4453 558 4493 non
607 4449 731 4493 ante
780 4456 938 4494 mane
981 4443 1220 4496 moriar?
1256 4463 1274 4496 ι
1315 4443 1458 4498 Dixit
1499 4443 1801 4500 Hebraeus:
1839 4465 1857 4498 ι
1901 4446 2015 4500 Non

452 4541 630 4598 potest
660 4533 759 4587 hoc
794 4548 916 4588 esse

450 4632 539 4677 tua
572 4624 624 4678 in
653 4633 723 4678 te.
761 4623 956 4679 Verum
982 4626 1206 4694 dispone
1247 4627 1313 4680 de
1345 4638 1433 4681 tua
1469 4629 1708 4684 Ecclesia
1748 4645 1801 4685 et
1835 4632 1902 4686 de
1937 4651 2019 4690 re-

449 4717 549 4770 bus
579 4716 684 4770 tuis
710 4735 722 4770 :
749 4732 853 4770 non
880 4719 1047 4781 enim,
1069 4727 1118 4771 te
1140 4719 1418 4781 vivo,dies
1439 4721 1601 4775 hodie
1630 4725 2014 4783 tenebrescet.)

447 4805 537 4859 Ait
568 4805 616 4858 ei
657 4814 920 4860 sanctus:
970 4825 988 4856 ι
1027 4804 1166 4872 Quid
1197 4807 1240 4860 si
1273 4823 1468 4862 venero
1513 4826 1680 4880 usque
1713 4813 1779 4865 ad
1807 4822 2016 4868 sextam

449 4913 626 4962 mane,
684 4898 813 4966 quid
861 4911 920 4951 es
957 4897 1216 4952 acturus?
1261 4917 1278 4948 ι
1329 4899 1624 4968 Respondit
1681 4904 1814 4957 ille:
1849 4924 1867 4958 ι
1905 4908 2018 4962 Μο-

445 4987 579 5042 ‘riar.
616 5008 634 5040 ι
671 4990 761 5042 Ait
791 4999 1050 5042 sanctus:
1086 5008 1104 5039 ι
1149 4989 1345 5044 Etiam.
1380 4991 1627 5048 Moriaris
1662 5007 1901 5064 peccato,
1943 5001 2020 5050 vi-

446 5093 543 5131 vas
599 5089 775 5130 autem
815 5077 1030 5131 Christo
1065 5093 1204 5132 meo.
1254 5097 1271 5128 ι
1315 5081 1450 5133 Dicit
1500 5081 1587 5134 ille
1619 5101 1633 5136 :
1666 5102 1684 5132 ι
1720 5084 1843 5140 Scio
1892 5087 2016 5154 quid

448 5173 598 5232 velis,
625 5185 679 5224 et
702 5171 894 5224 faciam
937 5171 1078 5237 quod
1126 5171 1308 5239 jubes,
1335 5171 1495 5225 Pater
1533 5185 1753 5241 sancte;
1788 5179 1831 5231 si
1860 5177 2020 5234 fuerit

449 5264 589 5331 quod
621 5265 728 5326 ais,
760 5263 985 5316 terribili
1022 5277 1107 5316 me
1141 5274 1486 5318 sacramento
1515 5266 1856 5336 obstringens
1882 5270 2014 5337 fore,

482 5402 633 5477 -(6?)
661 5402 740 5477 An
789 5416 948 5477 verus
980 5401 1392 5477 Amphilochius
1431 5420 1534 5477 non
1564 5402 1766 5477 fuisset
1821 5409 2018 5462 clarius

451 5471 764 5546 locntnsde
807 5471 935 5546 reali
969 5472 1183 5546 Christi
1236 5475 1518 5546 praesentia
1559 5475 1612 5527 in
1657 5473 2015 5546 Eucharistia,

450 5542 744 5610 praesertim
771 5542 858 5594 tthi
883 5538 1095 5594 Iudaeus
1125 5538 1455 5596 instituitur?

525 5612 635 5679 (ϋῦ)
667 5610 851 5663 Refert
869 5611 1242 5664 Nazianzenus
1264 5613 1512 5667 oratione
1535 5612 1626 5677 20,
1656 5615 1905 5670 Basilium
1920 5620 2018 5672 sub

453 5681 615 5734 ﬁnem
671 5683 791 5734 vitae
823 5682 892 5733 ad
919 5681 1136 5750 aliquod
1187 5692 1396 5750 tempus
1460 5685 1532 5738 ita
1559 5685 1658 5741 sibi
1713 5687 2017 5743 restitutum

525 5818 596 5886 (π)
634 5817 795 5870 lCor.
819 5835 870 5881 κ,
901 5786 970 5871 ιζ

2122 596 2348 666 Rogavit
2375 613 2501 668 ergo
2523 599 2688 652 Deum
2715 600 3060 654 admirandus
3080 599 3258 664 Pater,
3282 608 3339 651 ut
3365 600 3431 651 ad
3456 597 3684 653 salutem

2121 690 2357 745 hominis
2382 691 2481 745 sibi
2533 690 2898 746 accessionem
2921 693 3277 755 concederet,
3303 698 3466 759 utque
3493 688 3683 743 mulieo

2129 800 2240 837 rem
2275 799 2331 837 re
2360 783 2559 839 infecta
2583 799 2611 836 a
2645 783 2701 838 S.
2748 783 2979 853 Ephrem
3024 783 3334 838 redeuntem
3367 781 3683 850 susciperet.

2124 873 2244 928 Voti
2293 887 2472 929 autem
2537 890 2758 943 compos
2819 873 3043 928 effectus
3085 885 3304 929 sanctus
3343 873 3474 945 (65),
3523 872 3688 926 mittit

2126 979 2284 1019 mane
2317 974 2371 1018 et
2397 963 2944 1019 accersitllebrzenm.
2968 965 3082 1033 Ipse
3099 978 3203 1018 non
3235 965 3482 1028 credens,
3518 963 3682 1024 venit,

2123 1059 2280 1128 plane
2321 1059 2640 1112 existimans
2693 1057 2854 1113 morti
2897 1057 3253 1112 concessisse.
3301 1057 3500 1110 Videns
3557 1071 3687 1109 vero

2122 1155 2326 1215 vivum,
2362 1152 2640 1220 factusque
2694 1151 2748 1204 in
2788 1149 3070 1213 exstasim,
3123 1156 3178 1202 et
3227 1161 3388 1202 ruens
3417 1147 3482 1200 ad
3527 1147 3688 1215 pedes

2121 1244 2257 1313 ejus,
2278 1245 2388 1299 ait:
2416 1263 2434 1295 ι
2463 1241 2520 1296 In
2544 1242 2768 1297 veritate
2798 1240 3078 1308 conﬁteor,
3103 1253 3352 1307 maguum
3385 1252 3504 1292 esse
3519 1236 3685 1292 Deum

2127 1337 2562 1390 Christianorum
2601 1336 2888 1404 :qnodque
2918 1349 3022 1388 non
3051 1333 3122 1386 sit
3156 1331 3294 1386 alius
3320 1331 3461 1384 Deus
3494 1339 3688 1398 praeter

2122 1432 2322 1496 ipsum.
2354 1429 2688 1483 Abrenuntio
2714 1430 2894 1497 itaque
2926 1427 3159 1482 inimica:
3196 1424 3409 1478 Christo
3441 1422 3686 1490 religioni

2127 1520 2459 1594 Judzeorum,
2497 1533 2687 1587 meque
2720 1519 2936 1575 veritati
2985 1515 3213 1571 ﬁdeliter
3265 1513 3516 1585 adjungo.
3552 1511 3687 1566 Jube

2120 1629 2268 1683 ergo,
2301 1612 2614 1666 honorande
2648 1610 2889 1676 Pater,ut
2910 1610 3026 1663 sine
3060 1608 3318 1662 dilatione
3349 1606 3462 1674 ipse
3485 1605 3690 1658 omnis-

2121 1721 2226 1774 que
2276 1707 2465 1758 domus
2485 1719 2599 1756 mea
2629 1703 2830 1758 Christi
2886 1701 3177 1770 consigner
3209 1696 3506 1768 signaculo.
3539 1716 3556 1748 ι
3599 1698 3689 1753 Ait

2119 1797 2192 1848 illi
2216 1805 2434 1849 sanctus
2464 1811 2480 1848 :
2519 1813 2536 1846 ι
2567 1794 2683 1862 Ipse
2712 1793 2974 1862 intingam
3002 1793 3248 1845 manibus
3279 1790 3410 1844 meis
3435 1805 3556 1842 cum
3580 1799 3689 1843 tota

2120 1889 2298 1940 domo.
2337 1905 2354 1938 ι

2193 1979 2542 2046 Rursumque
2602 1977 2863 2031 accedens
2920 1976 3195 2040 medicus,
3246 1975 3687 2044 apprehensaqne

2119 2069 2235 2139 ejus
2257 2071 2503 2136 dextera,
2530 2069 2644 2123 ait:
2698 2086 2715 2119 ι
2752 2067 3119 2136 Elanguerunt
3167 2077 3269 2120 tua:
3321 2068 3486 2132 vires,
3522 2065 3690 2120 domi-

2120 2176 2187 2212 ne
2221 2174 2238 2213 :
2269 2167 2573 2226 naturaque.
2614 2164 2916 2210 extremum
2957 2153 3236 2209 debilitata
3287 2154 3510 2208 fatiscit.
3548 2173 3567 2205 ι
3599 2155 3690 2208 Ait

2120 2259 2383 2304 sanctus:
2418 2268 2437 2300 ι
2497 2247 2771 2302 Habemus
2802 2255 3010 2300 natura:
3056 2257 3359 2310 auctorem,
3413 2245 3502 2315 qui
3535 2246 3688 2300 nobis

2121 2342 2281 2396 addat
2313 2343 2477 2396 vires.
2511 2360 2530 2391 ι
2560 2340 2910 2409 Surgensque
2948 2352 3139 2407 gressu
3164 2338 3441 2393 contendit
3485 2340 3552 2392 ad
3603 2353 3691 2391 ec-

2121 2433 2368 2497 clesiam,
2399 2439 2453 2484 et
2504 2431 2604 2484 sui)
2639 2430 2881 2483 omnium
2915 2428 3228 2496 praesentia,
3257 2443 3380 2482 eum
3427 2427 3547 2483 ﬁdei
3599 2442 3688 2482 sa-

2121 2534 2398 2577 cramento
2422 2523 2581 2575 tinxit
2611 2560 2624 2585 ,
2655 2535 2707 2574 et
2739 2519 2956 2574 domum
2987 2521 3104 2587 ejus
3130 2527 3291 2573 totam
3327 2538 3342 2576 :
3370 2519 3691 2590 vocavitque

2123 2630 2320 2670 nomen
2357 2614 2494 2682 ejus,
2528 2613 2789 2668 Joannem
2827 2633 2838 2668 :
2873 2612 3296 2681 impcrtitusque
3343 2613 3558 2666 viviﬁca
3600 2629 3684 2666 sa-

2122 2716 2424 2770 cramenta,
2452 2721 2572 2759 eum
2605 2704 2902 2773 assumpsit
2935 2713 2990 2758 et
3035 2703 3250 2758 reduxit
3281 2705 3347 2757 ad
3378 2703 3686 2759 cubiculum

2121 2816 2325 2854 suum:
2379 2797 2606 2864 ciboque
2661 2796 2926 2865 apposito,
2982 2794 3301 2862 docuitquae
3325 2803 3571 2861 spectant
3624 2796 3692 2848 ad

2122 2896 2284 2947 vitam
2319 2903 2596 2957 :eternam,
2631 2888 2923 2958 adjungens
2952 2903 3050 2943 suo
3079 2887 3204 2941 ovili
3231 2901 3431 2941 novum
3460 2885 3689 2940 militem

2121 3002 2241 3042 cum
2269 3000 2431 3039 uxore
2461 2993 2513 3038 et
2544 2983 2684 3036 ﬁliis.
2705 2983 2854 3048 Quod
2878 2996 3005 3034 vero
3033 2979 3294 3048 reliquum
3319 2979 3440 3031 vitae
3459 2979 3578 3040 fuit,
3603 2994 3692 3032 sa-

2120 3094 2240 3132 cras
2265 3079 2409 3133 aedes
2437 3086 2490 3132 et
2530 3075 2759 3144 hospitia
2806 3088 3100 3142 pauperum
3138 3073 3379 3126 lustrans
3402 3113 3418 3138 ,
3445 3087 3562 3141 qua:
3585 3071 3688 3126 sibi

2049 3189 2092 3248 ρ
2128 3173 2346 3225 fuerunt
2373 3171 2567 3223 donata
2593 3184 2623 3221 a
2650 3166 2877 3231 medico,
2910 3174 2962 3218 et
2981 3180 3100 3234 quae
3131 3166 3196 3219 de
3224 3165 3457 3236 propriis
3482 3162 3686 3232 reliqua

2127 3275 2336 3325 erant,
2389 3261 2626 3316 donavit.
2658 3259 2815 3312 Circa
2867 3273 3060 3311 nouant
3104 3264 3282 3311 autem
3342 3265 3535 3326 praesto
3587 3255 3689 3310 fuit

2137 3357 2203 3410 ad
2260 3353 2528 3408 sacrificia
2587 3351 2872 3404 missarum
2924 3351 2975 3403 in
3014 3349 3380 3404 sacratissima
3428 3347 3678 3411 ecclesia,

2127 3461 2232 3499 una
2261 3460 2382 3498 cum
2415 3443 2542 3496 cleri
2575 3451 2630 3497 et
2664 3441 2898 3495 civitatis
2935 3439 3305 3509 primoribus;
3337 3453 3458 3492 cum
3487 3439 3680 3508 quibus

2126 3547 2382 3606 percepto
2414 3535 2609 3589 itermn
2644 3547 2783 3601 pane
2810 3575 2824 3597 ,
2863 3532 3072 3587 dimisit
3104 3546 3199 3586 eos
3225 3570 3241 3595 ,
3277 3546 3340 3584 ac
3385 3530 3692 3586 valedieens

2129 3639 2185 3683 et
2208 3628 2528 3682 tleoscnlans
2567 3627 2620 3680 in
2655 3624 2842 3679 osculo
2870 3634 3062 3679 sancto
3106 3622 3463 3688 dimisitcos,
3491 3636 3689 3674 novum

2126 3720 2324 3776 Christi
2350 3719 2606 3790 '9pugilem
2640 3718 3026 3784 universosque
3081 3713 3466 3769 commendans
3519 3713 3689 3768 Chri-

2126 3819 2232 3864 sto.
2265 3809 2614 3864 Testamento
2645 3818 2823 3861 autem
2859 3805 3078 3875 sepeliri
3131 3805 3349 3867 sanxit,
3381 3819 3502 3858 cum
3535 3805 3690 3857 tertia

2127 3901 2216 3954 illa
2246 3887 2497 3970 pertione
2526 3899 2663 3952 datae
2695 3897 2796 3952 sibi
2822 3913 2850 3949 a
2882 3896 2990 3950 Deo
3015 3894 3433 3951 communionis.
3463 3893 3693 3949 Recum-

2127 3995 2372 4061 bensque
2401 3993 2452 4045 in
2488 3990 2648 4053 lecto,
2676 4005 2798 4044 cum
2834 3988 3173 4042 Eucharistia
3225 3988 3400 4040 adhuc
3457 3987 3510 4040 in
3573 4001 3687 4053 ore,

2126 4081 2622 4149 reddiditSpiritum
2653 4079 2911 4141 Domino;
2963 4076 3359 4146 adjunctusque
3399 4085 3481 4130 est
3515 4077 3694 4144 ponti-

2125 4175 2320 4229 ficibus
2375 4172 2619 4242 pontifex
2655 4172 2780 4234 ille,
2835 4180 2889 4223 et
2947 4168 3397 4238 przedicatoribus
3436 4184 3690 4238 magnum

2127 4268 2256 4323 illud
2286 4265 2556 4322 sermonis
2588 4264 2818 4317 tonitru.
2847 4260 3048 4316 Videtis
3087 4272 3262 4314 autem
3294 4259 3466 4314 ﬁdelis
3491 4276 3556 4314 ex
3585 4260 3690 4314 lle-

2126 4367 2270 4418 braeo
2301 4360 2562 4421 medicus,
2595 4359 2665 4410 ita
2701 4355 2792 4410 Dei
2836 4354 3111 4408 hominem
3153 4363 3205 4406 ct
3238 4352 3543 4420 pontiﬁcem
3574 4366 3693 4405 ma-

2125 4468 2288 4521 gnum
2336 4450 2593 4506 Basilium
2642 4448 2936 4516 quievisse,
2977 4443 3248 4513 quomodo
3277 4444 3522 4509 dixerat,
3567 4456 3692 4510 pro-

961 4549 972 4584 :
1011 4535 1097 4587 vix
1128 4536 1270 4589 enim
1317 4547 1438 4604 post
1466 4537 1652 4590 horam
1686 4542 1791 4592 erit
1840 4541 2017 4592 anima
2055 4529 2096 4584 ί)
2130 4561 2293 4597 ruens
2340 4544 2390 4595 in
2423 4543 2538 4609 ejus
2581 4549 2769 4606 pectus
2797 4553 2916 4590 cum
2942 4535 3195 4603 lacrymis
3225 4533 3481 4586 dicebat:
3534 4551 3552 4582 ι
3589 4533 3692 4585 lte-

2130 4649 2276 4694 vera,
2313 4633 2405 4686 Dei
2440 4629 2638 4684 famule
2675 4626 2861 4691 Basili,
2897 4641 3068 4693 neque
3107 4623 3266 4677 modo
3308 4622 3500 4677 fuisses
3544 4637 3690 4676 mor-

2129 4735 2271 4786 tuus,
2312 4722 2412 4775 nisi
2441 4719 2721 4773 volulsses.
2761 4736 2778 4769 ι

2201 4813 2468 4869 Postridie
2516 4821 2695 4865 autem
2752 4807 3005 4863 convenit
3059 4805 3309 4860 universa
3343 4806 3631 4860 multitudo
3673 4825 3687 4871 ;

2130 4907 2356 4975 ejusque
2376 4905 2589 4973 corpori
2619 4901 2876 4971 pretioso,
2901 4899 3042 4968 quod
3069 4908 3233 4952 totam
3258 4899 3498 4952 materite
3532 4900 3690 4953 obni-

2131 4999 2353 5053 tenliam
2391 5003 2778 5064 superaverat,
2816 4995 2868 5047 in
2929 4992 3352 5046 sacratissimam
3405 4990 3690 5046 ecclesiam

2133 5093 2308 5152 illato,
2341 5089 2481 5159 justa
2514 5087 2757 5141 fecerunt
2787 5127 2802 5148 ,
2835 5086 2978 5140 omni
3032 5095 3424 5154 unguentorum
3463 5083 3694 5152 thymia-

2131 5196 2444 5251 matumque
2497 5182 2778 5248 obsequio.
2809 5180 3049 5234 Audiens
3097 5194 3224 5233 vero
3269 5188 3323 5233 et
3379 5177 3691 5246 Gregorius,

2131 5277 2507 5331 Nazianzenus
2533 5273 2815 5342 episc0pus
2837 5271 2972 5341 (64),
3006 5271 3246 5326 adfuitet
3274 5270 3387 5339 ipse
3415 5269 3641 5324 festinus
3673 5286 3689 5324 :

2127 5412 2318 5471 fuisse,
2355 5419 2412 5463 ut
2440 5406 2698 5477 quosdam
2736 5405 2906 5477 sacris
2937 5403 3462 5477 orntntousinitiare
3496 5411 3687 5477 potue-

2131 5483 2203 5534 rit
2230 5499 2242 5532 :
2271 5472 2474 5548 quidni—
2493 5487 2545 5531 et
2579 5477 2845 5548 potuisset
2885 5476 3027 5528 hunc
3064 5472 3695 5548 Iosephutnsolemniter

2130 5552 2182 5604 in
2201 5542 2426 5605 ecclesia
2449 5542 2756 5615 baptizare?
2778 5545 2996 5608 Verum,
3019 5557 3075 5596 ut
3097 5545 3294 5615 factum
3321 5544 3372 5596 id
3391 5542 3558 5615 fuisse
3577 5556 3697 5596 cre—

2129 5623 2336 5677 damus,
2360 5635 2462 5672 non
2487 5613 2681 5671 sufﬁcit
2707 5614 3297 5682 pseudo-Amphilochii
3329 5613 3644 5666 auctoritas.

2201 5691 2313 5761 (64)
2343 5689 2659 5759 Gregorium
2684 5685 3014 5753 Theologum
3045 5699 3150 5740 non
3180 5683 3486 5739 interfuisse
3532 5682 3709 5744 morti
