4076 6226
376 340 567 384 CCCX"

1741 335 2276 396 PROLEGOMENA.

374 444 672 518 vidensque
723 449 994 518 pretiosas
1048 448 1311 521 reliquias
1335 491 1352 517 ,
1388 449 1442 505 in
1503 466 1599 506 eas
1646 454 1957 523 procidens,
1989 458 2038 514 Δ
2066 456 2260 514 relicta
2290 453 2572 521 Ecclesiis,
2609 469 2772 526 quam
2797 452 3036 525 Spiritus
3072 450 3245 511 sancti
3279 449 3479 507 virtute
3507 462 3642 505 con-

372 536 576 607 diuque
608 538 974 607 lamentatus,
1007 542 1261 600 hortatus
1313 543 1381 598 ad
1428 559 1618 615 preces
1675 546 1956 616 populum,

372 630 628 698 congruis
655 630 953 689 honoribus
986 634 1279 706 gloriosam
1318 636 1499 707 magni
1549 638 1820 708 pontificis
1844 654 1954 694 me-

372 721 603 779 moriam
632 735 952 793 prosecutus
976 738 1079 791 est,
1114 728 1165 782 in
1200 729 1417 800 hymnis
1446 738 1502 785 et
1537 731 1767 787 canticis
1797 731 1957 803 spiri-

382 812 644 880 malibus;
683 813 970 872 duodecim
1027 820 1303 890 episcopis
1356 821 1449 889 qui
1512 831 1952 891 concurrerant,

371 901 1056 975 civiumquemultitudine
1086 950 1102 974 ,
1135 911 1341 966 sociam
1387 912 1775 968 adhibentibus
1818 928 1954 984 ope-

374 1008 510 1049 ram.
569 995 1049 1071 Deposueruntque
1097 1002 1270 1072 ipsum
1318 1005 1369 1057 iu
1418 1004 1633 1073 capulo,
1663 1005 1713 1059 in
1749 1005 1953 1077 templo

370 1087 545 1142 Sancti
591 1091 850 1160 martyris
906 1093 1239 1164 Eupsyehii;
1301 1097 1391 1150 ubi
1434 1097 1599 1151 etiam
1654 1095 1950 1163 Leontius,

370 1175 492 1244 ejus
542 1178 596 1232 iu
640 1181 959 1253 episcopatu
1020 1199 1356 1253 antecessor,
1397 1202 1519 1242 cum
1577 1190 1951 1246 sacerdotibus

375 1268 500 1329 aliis
536 1272 759 1330 dormit.
806 1276 1096 1347 Requievit
1138 1288 1342 1343 autem,
1373 1280 1465 1348 qui
1495 1280 1799 1350 angelicam
1830 1282 1952 1336 vita:

363 1361 641 1418 tationem
696 1366 748 1419 in
801 1368 967 1424 terris
1009 1369 1322 1424 instituerat
1348 1370 1600 1435 Basilius,
1639 1372 1815 1441 prima
1862 1370 1951 1427 Ja-

374 1456 548 1508 nuarii
613 1458 738 1513 anni
775 1457 885 1530 (63)
929 1461 1102 1532 quinti
1151 1460 1399 1517 Valentis
1450 1472 1501 1516 et
1544 1461 1949 1529 Valentiniani;

376 1660 469 1705 aut
497 1650 671 1728 funeri
710 1654 768 1710 S.
794 1654 1297 1728 Basilii,eolligitur
1329 1675 1397 1714 ex
1432 1658 1660 1728 epistola
1697 1660 1840 1716 illius
1856 1661 1947 1724 '57,

373 1735 479 1785 qua
505 1720 805 1794 Nyssenum
830 1729 879 1780 in
906 1720 1075 1781 morte
1097 1720 1281 1784 fratris
1304 1732 1384 1784 sui
1415 1720 1729 1785 consolatur
1756 1746 1770 1784 :
1807 1720 1950 1787 malo

2063 550 2287 621 scripsit
2306 547 2723 622 composuitque
2742 587 2759 613 ,
2789 546 3006 602 munda:
3035 559 3147 600 sua:
3177 543 3302 600 vita
3327 557 3643 598 monumen-

2064 650 2200 706 tum,
2238 639 2498 696 librorum
2529 638 2896 709 supellectili,
2950 636 3018 692 ad
3071 634 3296 706 gloriam
3338 643 3394 689 et
3428 630 3639 687 laudem

2061 729 2277 785 Domini
2316 730 2490 786 nostri
2513 727 2640 785 Jesu
2670 728 2871 784 Christi
2907 747 2921 785 :
2952 742 3076 783 cum
3107 740 3216 796 quo
3254 722 3404 778 Patri
3437 722 3631 794 gloria,

2056 837 2163 876 una
2193 838 2316 877 cum
2342 830 2531 878 sancto
2557 829 2612 876 et
2645 818 2861 876 vivifico
2889 818 3132 890 Spiritu;
3186 830 3349 880 nunc,
3393 823 3448 870 et
3490 829 3636 868 sem-

2055 928 2175 981 per,
2207 927 2265 968 et
2287 914 2342 967 in
2377 912 2575 969 saecula
2618 910 2962 967 saeculorum.
2994 910 3190 964 Amen.
3240 905 3436 961 Habuit
3461 914 3637 960 autem

2055 1003 2289 1061 Basilius
2345 1011 2401 1058 et
2457 1012 2570 1057 tres
2620 1001 2821 1058 fratres
2873 999 3250 1071 :Gregorium
3304 995 3635 1068 Nyssenum,

2054 1096 2277 1151 Petrum
2329 1094 2712 1161 Sebastenum,
2759 1102 2814 1149 et
2853 1092 3212 1148 Naucratium
3259 1092 3351 1159 qui
3383 1089 3483 1144 fuit
3516 1103 3634 1143 mo-

2040 1173 2281 1244 nachus.
2316 1188 2544 1259 Magnus
2583 1201 2715 1242 vero
2768 1184 3003 1241 Basilius
3053 1192 3180 1240 octo
3242 1182 3397 1237 annis
3444 1179 3635 1235 defun-

2053 1291 2172 1334 ctus
2190 1281 2525 1349 episcopatu,
2557 1278 2932 1349 peregrinatus
2960 1285 3044 1333 est
3067 1276 3134 1331 ad
3158 1274 3439 1330 Dominum
3463 1281 3642 1342 ;post.

2053 1385 2217 1440 quam
2246 1386 2464 1438 pravam
2491 1385 2707 1424 omnem
2732 1369 3031 1425 doctrinam
3047 1367 3444 1426 haereticorum,
3467 1364 3638 1419 instar

2052 1461 2377 1516 silvestrium
2407 1459 2639 1513 ferarqu
2667 1497 2684 1525 ,
2710 1457 2826 1514 solo
2853 1457 3031 1529 patrio
3058 1456 3327 1527 abegisset
3361 1452 3493 1526 (66).

2051 1654 2179 1709 olim
2212 1654 2374 1709 vertit
2404 1653 2585 1709 nescio
2611 1653 2734 1722 qui;
2758 1652 2913 1720 cuius
2934 1650 3435 1720 interpretationem
3460 1650 3636 1722 habeo

2055 1737 2123 1778 ex
2172 1724 2361 1778 codice
2418 1720 2814 1795 Marchianensi
2875 1724 3243 1795 vetustissimo
3296 1733 3436 1795 (qua
3495 1720 3635 1795 stylo

373 1792 567 1868 autem
594 1792 770 1868 Vitam
825 1797 964 1868 hanc
994 1798 1401 1868 Antphilochio,
1442 1814 1602 1868 quam
1653 1800 1796 1854 illam
1832 1802 1949 1868 epi-
1982 1800 2028 1861 Β
2057 1795 2332 1868 convenit
2367 1809 2503 1868 eam
2542 1809 2605 1847 ea
2630 1808 2750 1868 quae
2790 1794 2841 1868 in
2891 1793 3025 1847 Vitis
3061 1792 3278 1846 Patrum
3306 1792 3632 1868 'est)_ru_dem

375 1860 571 1935 stolam
594 1862 876 1935 :I'lteologo
910 1860 1246 1935 abjudieare,
1296 1880 1354 1923 ut
1399 1860 1531 1924 facit
1573 1860 1949 1927 Combetisius.

449 1930 563 2009 (ϐξ)
710 1930 953 2004 tempore
978 1930 1097 2009 vquo
1129 1930 1350 1994 sanctus
1371 1941 1507 1995 obiit
1529 1980 1547 2006 ,
1586 1941 1831 2009 pluribus
1855 1956 1951 1997 ac-

373 2004 801 2074 tumiufiomm.
842 2008 1044 2074 praevio
1076 2023 1300 2063 numero
1341 2009 1433 2064 67.

443 2070 857 2150 (66‘)_Haetenns
877 2075 1016 2150 Vita_
1037 2077 1299 2150 S._Basilii
1323 2079 1700 2150 Amphilochia
1722 2081 1952 2137 attribu-

373 2148 448 2219 ta,
473 2156 503 2195 a
529 2142 856 2200 Combelisio
888 2160 954 2199 ex
986 2147 1186 2219 duplici
1228 2142 1598 2219 manuscripto
1637 2151 1819 2214 edita;
1849 2166 1952 2207 ste-

373 2210 494 2287 p_ius
532 2220 731 2287 _tamen
785 2224 932 2279 ante,
977 2228 1037 2269 ut
1062 2210 1189 2271 'dixi
1242 2232 1430 2287 supra,
1466 2210 1739 2276 adiversis
1769 2210 1951 2278 diver-

373 2279 580 2353 simodc
625 2286 847 2353 scripta,
885 2287 1153 2340 diversam
1189 2279 1457 2343 fortunam
1497 2300 1554 2344 et
1592 2293 1945 2348 mutationem

369 2350 597 2431 subiit_:
648 2350 993 2431 quodu'scire
1037 2357 1208 2431 juvat,
1253 2372 1309 2412 et
1356 2359 1717 2431 llosweydum
1772 2363 1839 2416 de
1881 2378 1945 2417 ea

369 2435 530 2494 quam
559 2423 673 2489 ipse
691 2424 880 2489 edidit,
914 2423 1092 2494 legere
1122 2428 1235 2482 haec
1261 2423 1587 2484 scribentem
1616 2447 1631 2484 :
1669 2449 1687 2481 ι
1716 2431 1791 2486 Ita
1824 2446 1944 2486 eam

371 2487 1089 2570 floma_ex__co_ugregativone
1126 2497 1360 2570 Oratorii
1398 2501 1603 2570 accepi,
1649 2501 1946 2570 interprete

374 2559 513 2615 Urso
544 2561 601 2616 S.
724 2559 795 2617 ΕΣ
827 2559 1177 2637 subdiacono.
1205 2568 1336 2635 Quae
1369 2559 1944 2637 plane-convertit'cum

368 2646 456 2691 ea,
495 2646 614 2700 quae
640 2634 897 2711 hactenus
918 2634 1149 2711 barbaro
1179 2634 1235 2693 et
1270 2634 1384 2694 rudi
1421 2641 1585 2711 stylo,
1620 2640 1832 2695 incerto
1862 2643 1944 2696 iu-

369 2711 629 2781 terpretc,
659 2704 733 2781 “in
774 2703 913 2781 Vitis
943 2705 1167 2762 Patrum
1198 2719 1285 2781 est
1316 2703 1610 2778 divulgata.
1637 2711 1749 2766 Nisi
1795 2713 1940 2781 quod

370 2771 424 2848 in
464 2771 760 2848 ea_in_fiue
797 2777 1028 2830 addatur
1062 2793 1157 2832 seu
1194 2771 1553 2835 interserzttttr
1579 2771 1828 2848 historia,
1877 2784 1945 2837 de

367 2838 828 2921 J_oseph_Hebrmo
852 2848 1082 2921 medico,
1133 2859 1188 2901 et
1227 2850 1645 2921 morteBasilii,
1681 2838 1825 2921 quae,
1852 2854 1942 2908 hic

369 2909 965 2990 deestalnltaecoutra
992 2909 1159 2972 habes
1188 2930 1350 2988 caput
1387 2920 1442 2982 5,
1499 2909 1768 2990 quomodo
1793 2921 1944 2977 Basi-

368 2979 472 3061 lius
524 2979 877 3061 Antiochiam
912 2979 1337 3054 perveneritfet
1384 2979 1603 3061 hiha’uii
1649 2993 1940 3061 discipulus

2057 1864 2215 1932 plane
2237 1872 2294 1918 et
2321 1863 2619 1932 impolitam
2648 1861 2664 1917 Ξ
2696 1865 2749 1917 in
2796 1862 2990 1918 Graeco
3018 1874 3195 1917 tamen
3220 1861 3513 1931 exemplari
3542 1876 3636 1915 ca-

2060 1944 2154 2002 put
2176 1951 2340 1988 unum
2361 1943 2467 2012 est.
2484 1934 2558 1989 De
2585 1933 2846 1989 miraculo
2869 1933 3056 2012 Basilii
3078 1934 3132 1987 in
3164 1932 3382 2012 [fetrum
3408 1932 3632 2012 fratrem

2057 2018 2237 2083 suum,
2265 2015 2327 2083 et
2374 2004 2498 2083 ejus_
2520 2018 2765 2083 uxorem,
2799 2005 2941 2083 quo-tl
2986 2004 3150 2083 etiam
3187 2003 3239 2083 in
3272 2002 3360 2083 illa
3385 2002 3636 2083 versione

2055 2074 2227 2133 deest.
2260 2072 2444 2129 Graeca
2486 2074 2601 2128 haec
2631 2074 2774 2139 Vita,
2806 2084 2861 2128 et
2900 2072 3089 2128 Latina
3125 2082 3278 2127 vetus
3308 2072 3631 2126 innominati

2055 2143 2614 2224 interpretis_vers_i9,
2670 2144 2913 2224 continet
2958 2145 3072 2224 haec
3118 2154 3378 2224 pratterfa
3431 2143 3630 2224 capita,

2051 2230 2172 2283 qua:
2201 2224 2256 2269 et
2292 2215 2345 2268 in
2377 2215 2479 2283 hac
2528 2213 2654 2269 Vita
2704 2212 2909 2279 Basilii,
2962 2212 3261 2280 interprete
3294 2212 3453 2283 Urso,
3491 2221 3548 2264 et
3577 2212 3631 2283 in

2051 2281 2142 2339 illa
2170 2300 2291 2351 qum
2320 2285 2374 2339 in
2411 2282 2551 2338 Vitis
2592 2283 2813 2339 Patrum
2849 2283 3113 2339 hactenus
3155 2283 3275 2346 fuit,
3308 2282 3540 2351 desunt_;
3565 2281 3633 2335 de

2051 2349 2278 2425 mystica
2310 2354 2640 2409 revelatione
2666 2363 2908 2409 etmorte
2934 2353 3208 2425 Appstata:
3230 2352 3456 2425 Juliaui.
3498 2349 3630 2405 Item

2049 2423 2119 2479 de
2160 2427 2426 2493 scriptura
2457 2439 2618 2494 quam
2660 2425 2975 2480 muliercula
3008 2423 3172 2478 fecit:
3215 2424 3282 2477 ad
3314 2423 3450 2484 haec,
3497 2434 3635 2492 quo-

2051 2496 2207 2550 modo
2237 2493 2491 2565 Spiritus
2506 2493 2676 2549 sancti
2711 2495 3019 2565 adventum;
3033 2494 3189 2555 vidit.
3223 2504 3279 2548 et
3301 2495 3369 2565 de
3397 2494 3630 2565 quodam

2047 2561 2293 2643 diacono
2315 2564 2657 2643 e_t___Libanio_
2682 2563 2951 2643 sophista.
2974 2562 3286 2643 Praeterea,
3314 2562 3390 2617 De
3402 2561 3633 2643 quibus-

2047 2637 2170 2690 dam
2209 2634 2521 2701 gentilibus,
2556 2645 2611 2689 et
2645 2634 3098 2704 interpretatione
3125 2632 3443 2704 Hexameri,
3474 2632 3631 2704 Dein-

2046 2707 2112 2759 de
2157 2700 2428 2775 quomodo
2459 2706 2652 2759 ductus
2679 2715 2767 2775 est
2793 2700 3166 2775 'Autiochiam,
3194 2715 3249 2756 et
3283 2704 3349 2758 de
3377 2703 3487 2757 filio
3519 2700 3631 2757 Va-

2047 2772 2227 2853 lentis.
2283 2775 2541 2853 Denique,
2578 2775 2649 2853 de
2694 2772 3061 2853 Valentepeo
3087 2774 3297 2853 odibili,
3346 2788 3440 2853 seu
3472 2786 3630 2853 aper-

2046 2846 2192 2900 tione
2227 2842 2473 2900 ecclesiae
2506 2845 2559 2898 in
2587 2844 2786 2900 Nicaea.
2823 2845 3041 2904 Surius,
3078 2842 3319 2899 offensus
3363 2842 3627 2912 impolitia

2043 2918 2246 2970 veteris
2285 2916 2575 2980 versionis,
2601 2929 2762 2983 quam
2795 2931 2894 2967 ms.
2926 2913 3192 2981 integram
3228 2914 3444 2974 habuit,
3471 2927 3634 2967 exce-

2042 2996 2135 3054 pto
2160 2987 2338 3053 capite
2387 2984 2498 3052 jam
2551 2986 2694 3040 dicto
2740 2985 2809 3038 de
2840 2984 3000 3039 Petro
3050 2986 3217 3039 fratre
3258 2983 3460 3054 Basilii,
3492 2996 3633 3054 eam

369 3051 891 3135 i"5"'“‘°"i.‘z.q"°d.
914 3050 1269 3135 δθρυεάθθέι
1319 3061 1370 3113 in
1415 3058 1551 3135 Vili}
1585 3050 1803 3116 Patrqu
1822 3079 1837 3127 ;
1859 3072 1940 3135 ut
2040 3050 2182 3126 stylo
2202 3050 2474 3135 Latiniore
2495 3054 2834 3135 reformavit,
2853 3065 3197 3135 attento‘suo
3217 3055 3395 3135 pri-mo.
3410 3053 3475 3106 de
3492 3050 3634 3128 Vitis

366 3131 624 3199 appareat
659 3121 836 3177 Vitam
878 3121 1018 3205 hanc
1039 3127 1297 3205 olim_per
1327 3131 1477 3183 varia
1499 3121 1937 3205 fragmenta'da.
1965 3143 2011 3205 ρ
2042 3121 2351 3205 sanctarum
2382 3124 2408 3178 1
2440 3122 2682 3205 Januarii
2721 3125 2970 3205 inseruit.
2997 3124 3102 3205 βψ
3141 3121 3394 3205 quia‘ipsi
3438 3121 3627 3205 exent-

366 3190 623 3270 icriptam
658 3201 715 3270 et
769 3190 1443 3270 translatatn.__lntegram
1499 3190 1679 3259 Vitam
1729 3201 1936 3270 Basilii,

362 3255 552 3341 Graece
574 3262 829 3341 scriptam
857 3276 914 3319 et
942 3255 1322 3341 Amphilochi?
1345 3255 1562 3341 nomine
1604 3255 1936 3341 insignitam;

365 3330 550 3398 accepi
600 3328 825 3388 Parisiis
884 3350 951 3390 ex
1016 3328 1341 3394 bibliotheca
1374 3338 1565 3410 Regia,
1611 3328 1774 3410 qua‘iu
1821 3328 1932 3408 jam

370 3543 1047 3639 M

2046 3196 2164 3263 plur
2205 3194 2454 3251 Graecum
2505 3194 2694 3260 defuit,
2735 3196 2862 3248 dum
2910 3195 3110 3248 insistit
3163 3193 3514 3263 confragosis
3542 3204 3631 3263 ve-

2050 3260 2179 3319 teris
2211 3267 2478 3320 versionis
2513 3265 2775 3335 vestigiis,
2839 3279 2947 3318 non
3014 3264 3193 3334 potuit
3249 3260 3377 3318 nou'
3398 3260 3631 3317 subinde

2045 3337 2331 3405 cespitare,
2362 3354 2380 3387 ι

1053 3550 3591 3580 ww

1231 3657 2010 3922 NICOLAI
2093 3759 2762 3916 ΒΑΥΑΞΙ

1433 4028 1915 4097 TRACTATUS
1956 4030 2558 4097 PRELIMINARIS

599 4188 692 4259 De
719 4187 1038 4253 acoluthia
1070 4189 1264 4254 ofﬁcii
1298 4193 1591 4255 canonici
1637 4211 1750 4273 pro
1781 4194 2090 4257 Ecclesiis
2135 4196 2562 4261 orientalibus
2609 4197 2974 4263 Graecorum
3008 4195 3078 4262 in
3111 4193 3387 4265 solemni

1375 4301 1989 4363 commemoratione
2015 4302 2206 4364 trium
2245 4304 2582 4366 doctorum

1128 4463 1466 4533 “sua.
1518 4464 1625 4527 NA
1634 4463 2055 4533 ZIANZENI
2094 4467 2210 4530 ET
2249 4446 2883 4537 CHRYSOSTOMI.‘

1406 4630 1544 4697 (4cm
1570 4632 1665 4681 SS.
1698 4627 1949 4695 Boarium,
1984 4631 2121 4695 Junii
2146 4638 2265 4683 tom.
2301 4629 2365 4692 Il,
2389 4646 2438 4696 p.
2472 4630 2605 4698 xm.)

1664 4936 2346 5031 PRIEFATIO.

432 5117 484 5171 1.
505 5116 676 5172 Simul
715 5136 780 5175 ac
807 5121 1043 5191 primum
1100 5138 1186 5177 me
1219 5122 1277 5178 P.
1306 5121 1515 5193 Danieli
1545 5121 1934 5193 'Papebrochio
1965 5130 2009 5186 υ
2039 5125 2149 5194 pite
2198 5125 2252 5181 in
2283 5127 2385 5181 hoc
2418 5130 2659 5185 secundo
2685 5128 2833 5188 Junii
2882 5140 3033 5188 tomo
3082 5133 3298 5206 legitur.
3327 5137 3504 5204 Atque
3555 5153 3618 5195 ea

358 5207 581 5275 ejusque
610 5211 773 5264 sociis
800 5253 815 5275 ,
847 5211 912 5266 at]
938 5215 1310 5282 prosequenda
1342 5222 1655 5269 sanctorum
1703 5216 1836 5271 Acta
1864 5235 1932 5277 ex

360 5298 764 5355 moderatorum
795 5302 1022 5372 imperio
1049 5303 1430 5371 adjunxeram,
1463 5318 1684 5376 regatus
1734 5307 1832 5373 fui,
1874 5321 1934 5364 ut

358 5391 895 5447 commemorationis
929 5391 983 5447 in
1046 5393 1202 5447 titulo
1257 5395 1520 5463 expositae
1561 5396 1844 5454 historiam
1903 5416 1935 5455 e

359 5473 547 5533 Grmca
579 5476 827 5535 Latittrtm
854 5479 1113 5553 facerem,
1148 5484 1518 5539 eruditissimo
1564 5486 1624 5540 P.
1650 5487 1929 5545 Francisci

357 5565 560 5622 Baertii
598 5571 663 5625 de
716 5572 894 5644 Magni
932 5575 1115 5632 Basilii
1148 5579 1257 5632 vita
1307 5581 1600 5643 tractatui,
1639 5580 1751 5647 jam
1799 5592 1927 5637 tunc

355 5658 591 5715 maxima
639 5679 705 5717 ex
756 5677 910 5733 parte
957 5668 1241 5737 impresso,
1290 5669 1658 5726 inserendam.
1716 5671 1771 5726 ld
1830 5687 1929 5744 ego

352 5750 582 5824 pmstiti
610 5769 674 5811 eo
704 5756 864 5811 modo
890 5796 905 5823 ,
935 5773 1042 5828 quo
1078 5758 1150 5814 ibi
1201 5770 1397 5818 octavo
1437 5773 1491 5828 et
1536 5764 1810 5821 tricesimo
1842 5782 1931 5820 ca-

2037 5218 2328 5274 occasione
2351 5218 2519 5275 incidi
2552 5221 2605 5277 in
2634 5221 2886 5280 Rituales
2905 5223 3219 5282 Graecorum
3240 5227 3409 5283 libros
3424 5229 3622 5285 multos

2041 5322 2104 5361 ac
2127 5309 2342 5375 varios;
2380 5325 2582 5381 eosque
2612 5316 2755 5384 ccepi
2804 5326 2858 5370 et
2892 5317 3147 5375 evolvere
3191 5322 3461 5379 curiosius
3492 5363 3510 5391 ,
3563 5334 3618 5379 et

2042 5415 2165 5454 cum
2213 5402 2414 5457 nostris
2443 5403 2762 5461 Latinorqu
2817 5409 3097 5469 conferre.
3131 5412 3262 5467 Cum
3294 5424 3477 5470 autem
3515 5414 3617 5470 Ec-

2038 5490 2261 5546 clesiam
2305 5493 2548 5552 Grmcatn
2595 5514 2624 5551 a
2670 5497 2859 5554 Latina
2907 5502 2996 5558 hic
3025 5519 3133 5559 non
3165 5505 3377 5562 modice
3404 5508 3615 5564 discre-

2037 5597 2169 5652 pare
2233 5585 2725 5645 animadverterem
2759 5630 2774 5653 ,
2809 5608 2991 5654 operae
3046 5595 3280 5665 pretium
3328 5611 3450 5654 esse
3497 5598 3616 5654 exi-

2037 5674 2254 5730 stimavi
2316 5688 2486 5734 totam
2533 5682 2730 5736 seriem
2789 5684 2958 5739 divini
3008 5686 3206 5752 cilicii,
3267 5690 3409 5758 apud
3456 5688 3611 5746 Gra-

2038 5782 2134 5829 cos
2182 5768 2571 5836 celebrioribus
2626 5773 2819 5841 diebus
2850 5777 3034 5843 usitati
3066 5819 3080 5840 ,
3115 5795 3144 5836 ο
3176 5782 3391 5844 nemine
3420 5823 3433 5844 .
3466 5780 3612 5844 quod
