4076 6226
946 367 1035 422 AD
1072 368 1525 428 ACOLUTHIAM
1560 372 1809 431 OFFlCll
1850 375 2084 432 GRxE-Cl
2127 375 2588 431 DISSERTATIO
2628 374 3097 431 ONOMASTICA.

399 476 591 545 sciam,
622 495 794 550 usque
825 482 1000 537 adhuc
1032 498 1131 552 pro
1178 486 1443 555 dignitate
1487 488 1838 558 explicatam,
1874 506 1970 558 po-
1997 499 2043 553 Α
2074 491 2233 544 verba
2265 490 2432 545 solius
2465 488 2653 559 Typici
2689 508 2702 542 :

407 589 538 627 nere
592 573 663 627 ob
710 574 937 638 oculos,
979 585 1035 631 et
1095 580 1247 647 quasi
1291 591 1552 651 perpetuo
1584 585 1975 639 commentario

403 664 699 718 illustrare.

474 753 527 807 2.
563 754 629 807 Ει
656 770 785 810 vero
815 757 861 809 si
916 758 1001 811 ltic
1032 773 1168 828 Opus
1216 771 1301 815 est
1349 763 1688 832 oppositione
1718 764 1970 833 exempli,

401 844 539 898 sicut
590 862 778 903 revera
821 864 956 917 Opus
1011 860 1114 915 est,
1170 869 1276 907 non
1321 855 1508 910 videor
1556 856 1688 911 mibi
1738 857 1975 921 deligere

399 950 561 1005 posse
590 938 755 991 ullum
781 944 980 1010 aptius,
1021 958 1182 1011 quam
1222 944 1455 1000 oﬂicium
1484 947 1615 1001 illud
1642 988 1658 1012 ,
1684 949 1826 1017 quod
1871 964 1970 1017 po-

400 1031 625 1085 niturin
671 1034 898 1089 solemni
940 1040 1456 1095 commemoratione
1499 1041 1660 1095 trium
1688 1041 1969 1094 doctorum

400 1120 714 1178 Graecorum
747 1167 762 1191 ,
802 1126 985 1182 Basilii
1013 1170 1029 1193 ,
1064 1129 1395 1185 Nazianzeni
1439 1143 1493 1187 et
1550 1132 1925 1205 Chrysostomi
1954 1149 1968 1185 :

401 1222 513 1265 tom
565 1217 689 1283 quia
717 1232 747 1269 a
776 1219 1048 1287 praecipuo
1085 1221 1243 1289 hujus
1280 1225 1407 1279 tomi
1438 1234 1777 1292 argumento,
1820 1223 1926 1275 vita
1952 1265 1967 1289 ,

400 1304 644 1372 inquam,
676 1307 855 1379 Magni
889 1310 1074 1367 Basilii
1104 1314 1339 1369 alienum
1374 1332 1478 1371 non
1507 1325 1626 1382 est;
1664 1326 1775 1369 tum
1813 1315 1966 1384 quia,

399 1394 476 1446 uti
512 1392 716 1450 Menam
747 1408 1038 1466 testantur,
1077 1415 1296 1471 superat
1331 1406 1595 1476 quidquid
1627 1407 1678 1461 iu
1728 1406 1820 1460 illo
1870 1420 1967 1475 ge-

400 1500 532 1541 nere
566 1490 770 1544 editum
822 1504 913 1549 est
947 1496 1211 1551 hactenus
1236 1541 1251 1565 ,
1287 1509 1342 1552 et
1377 1500 1429 1554 in
1454 1510 1729 1568 posterum
1758 1500 1965 1553 edetur.

398 1573 511 1632 Hoc
539 1590 647 1634 tam
680 1594 947 1652 praestans
980 1589 1240 1643 horarum
1286 1591 1674 1645 canonicarum
1734 1588 1969 1645 ofﬁcium

398 1681 679 1740 acceptum
717 1677 920 1734 referre
948 1681 1210 1736 debemus
1239 1682 1431 1737 Joanni
1459 1682 1845 1738 Euchaitorum
1869 1696 1969 1733 au-

399 1761 593 1828 tistiti,
660 1768 754 1836 qui
806 1785 915 1839 quo
961 1773 1133 1841 major
1193 1784 1341 1829 esset
1387 1774 1566 1843 populi
1615 1789 1747 1843 erga
1818 1771 1972 1826 insti-

3438 388 3644 427 CCCX‘II

2756 489 3022 559 Ἐσπέρας
3051 482 3143 540 οὖν
3180 488 3237 539 ὲν
3267 487 3330 555 τῇ
3370 484 3646 555 ἀγρυπνίᾳ

2073 580 2346 652 ψάλλομεν
2366 580 2682 634 ἀκολουθίαν
2702 581 2791 634 τὸν
2810 583 3092 648 γεγονυῖαν
3114 578 3263 650 παρὰ
3282 577 3374 629 τοῦ
3393 578 3449 629 ὲν
3470 576 3646 643 ἁγίοις

2074 672 2288 743 Πατρὸς
2306 671 2462 743 ἡμῶν
2491 670 2738 725 Ἰωάννου
2763 670 3156 741 μητροπολίτω
3178 669 3478 738 Εὑχαίτων.
3507 685 3524 716 ι
3540 663 3641 718 Ve-

2073 777 2229 830 spere
2263 762 2316 815 in
2370 760 2654 831 pervigilio
2699 761 2946 814 canimus
2993 759 3299 814 acoluthian
3332 768 3641 811 sanctorum

2072 855 2277 925 (Basilii
2316 853 2513 921 Magni,
2542 854 2782 923 Gregorii
2816 853 3095 923 Tbeologi,
3127 864 3180 907 et
3211 851 3435 907 Joannis
3464 849 3642 918 Chry-

2071 944 2316 1018 snstomi)
2349 947 2702 1015 compositam
2740 964 2767 999 a
2798 955 2985 1000 sancto
3025 945 3183 1000 Patre
3222 956 3404 999 nostro
3434 940 3643 997 Joanne

2073 1039 2410 1109 Inetropolita
2442 1038 2855 1093 Eucltaitorutn.
2898 1056 2917 1088 ι

2140 1223 2191 1275 5.
2220 1221 2317 1275 Ubi
2338 1222 2509 1275 obiter
2532 1231 2583 1274 et
2601 1219 2750 1290 quasi
2767 1234 2860 1286 per
2883 1226 3226 1271 transennam
3243 1216 3530 1269 observare
3550 1228 3644 1282 po-

2073 1322 2176 1366 test
2204 1314 2447 1367 eruditus
2471 1312 2659 1377 lector,
2689 1311 2921 1366 ofﬁcium
2948 1311 3189 1364 divinum
3222 1324 3250 1361 a
3279 1308 3483 1362 Grtecis
3516 1308 3644 1360 ἀκο-

2067 1403 2288 1459 λουθίαν
2334 1405 2635 1473 appellari:
2687 1420 2792 1457 non
2840 1402 2999 1455 aliam
3042 1402 3272 1456 fortasse
3308 1399 3378 1454 ob
3404 1414 3642 1464 causam,

2068 1512 2228 1565 quam
2245 1498 2383 1566 quod
2406 1512 2594 1551 omnes
2616 1497 2733 1565 ejus
2766 1502 2946 1563 partes
2970 1494 3245 1563 aptissime
3275 1492 3648 1545 cohaerescant

2070 1588 2209 1640 inter
2235 1603 2314 1653 se,
2353 1598 2408 1642 et
2435 1587 2555 1641 alia:
2587 1587 2721 1640 alias
2766 1595 3203 1654 consequantur:
3254 1583 3449 1651 quippe
3505 1580 3650 1649 quod

2075 1697 2093 1728 ι
2118 1680 2374 1746 consequi
2427 1697 2446 1730 ι
2476 1688 2560 1732 est
2581 1680 2720 1747 apud
2756 1678 2994 1742 Latinos,
3022 1677 3123 1730 hoc
3163 1686 3248 1729 cst
3271 1674 3407 1737 apud
3433 1670 3651 1727 Grzecos

2070 1766 2409 1821 ἀκολουθεῖν.
2446 1766 2515 1821 Ut
2555 1778 2732 1819 autem
2770 1782 2857 1820 res
2898 1774 3006 1818 tota
3054 1764 3251 1818 clarius
3291 1760 3649 1830 intelligatur;

400 1860 568 1906 tutam
619 1871 649 1909 a
705 1872 763 1914 se
806 1860 969 1915 trium
1009 1862 1221 1917 illorum
1263 1866 1542 1919 doctorum
1598 1863 1967 1917 celebritatem
2002 1875 2043 1929 Β
2074 1857 2251 1925 placet
2277 1858 2521 1922 qumdam
2552 1856 2769 1910 nomina
2815 1871 2879 1909 eo
2915 1854 3235 1922 spectantia,
3276 1862 3331 1905 et
3360 1850 3557 1919 passim
3595 1851 3650 1903 in

400 1944 588 2011 religio
626 1986 642 2009 .
709 1949 813 2004 boe
884 1950 1114 2006 oliicium
1187 1970 1285 2022 pro
1350 1971 1444 2009 sua
1504 1954 1768 2008 industria
1836 1968 1966 2006 con-

400 2033 678 2102 cinnavit,
739 2043 1035 2109 quotannis
1084 2045 1136 2099 in
1202 2044 1390 2100 Graeca
1456 2045 1694 2100 Ecclesia
1751 2044 1838 2097 die
1895 2042 1965 2096 50

397 2121 639 2180 Januarii
702 2131 1039 2187 recitandum
1077 2152 1090 2187 :
1127 2135 1270 2203 quod
1331 2151 1558 2190 cernere
1610 2145 1694 2189 est
1740 2143 1846 2189 tam
1900 2150 1967 2187 ex

399 2213 601 2284 Typico
656 2218 714 2276 S.
762 2220 919 2276 Sabre
949 2264 964 2288 ,
1011 2239 1173 2292 quam
1218 2242 1282 2281 ex
1339 2225 1581 2281 Medicis.
1642 2224 1967 2280 Nemeorum

396 2305 559 2357 verba
582 2305 825 2363 invenies
851 2308 903 2362 in
935 2314 1135 2367 nostris
1173 2312 1232 2366 S.
1267 2311 1966 2382 BasiliiActis,capitejam

395 2411 553 2466 supra
590 2399 758 2456 dicto.
778 2400 1139 2468 Quamobrem
1171 2407 1307 2463 satis
1336 2408 1549 2461 habebo
1588 2407 1690 2460 huc
1723 2404 1969 2476 proferre

2071 1963 2395 2017 quocunque
2422 1950 2489 2003 de
2516 1948 2878 2018 peculiaribus
2900 1946 3101 1999 sanctis
3147 1943 3322 1998 ollicio
3364 1956 3651 1997 recurren-

2073 2040 2166 2105 tia,
2216 2049 2340 2093 ante
2394 2039 2686 2109 explicare.
2730 2038 2857 2093 Mihi
2908 2039 3048 2092 enim
3096 2035 3434 2089 verissimum
3480 2032 3650 2086 videri

2065 2131 2201 2183 solet
2225 2130 2377 2197 illud,
2411 2130 2556 2199 quod
2585 2130 2721 2184 scite
2752 2130 2975 2183 omnino
3014 2128 3390 2195 sapienterque
3422 2124 3474 2177 in
3512 2123 3649 2177 Cra-

2069 2221 2177 2292 tylo
2208 2222 2578 2292 pronuntiavit
2604 2219 2797 2276 Plato:
2830 2221 2919 2289 qui
2954 2236 3129 2274 rerum
3167 2218 3385 2273 nomina
3418 2217 3652 2284 penitius

2069 2313 2384 2381 perviderit,
2417 2312 2666 2368 eumdem
2689 2321 2744 2368 et
2775 2329 2863 2367 res
2895 2313 3080 2367 itidem
3108 2312 3254 2382 ipsas
3286 2310 3524 2366 funditus
3556 2323 3653 2363 ex-

2067 2406 2306 2472 ploratas
2337 2415 2758 2476 compertasque
2783 2404 3118 2462 habiturum.

1327 2717 2116 2809 DISSERTA'I‘IO
2191 2721 2711 2810 PRIEVIA.

835 2916 918 2975 De
950 2910 1339 2975 quibusdam
1385 2910 1740 2989 generatim
1788 2910 1866 2971 ad
1910 2911 2301 2973 acoluthiam
2336 2913 2699 2974 Graecorum
2741 2912 3197 2990 spectantibus.

399 3251 496 3326 §l.
540 3252 681 3327 Quid
738 3253 808 3305 sit
838 3251 1023 3327 celius
1061 3251 1166 3304 sire
1195 3260 1357 3327 ton-us
1401 3259 1451 3302 et
1498 3250 1815 3327 quotumas;
1849 3251 1975 3319 quid
2003 3256 2046 3312 C
2084 3253 2169 3306 nis
2222 3252 2310 3307 διὰ
2364 3255 2681 3327 τεσσάρων,
2722 3257 2807 3313 vel
2872 3257 2916 3311 si
2974 3256 3145 3311 mavis
3177 3268 3285 3311 una
3326 3264 3522 3325 quarta
3551 3255 3654 3312 sub

442 3324 759 3394 troparium,
785 3323 1072 3376 sticberum
1096 3333 1145 3374 et
1176 3322 1386 3376 sticbus
1410 3337 1425 3386 ;
1448 3323 1573 3390 quid
1595 3320 1929 3378 idiomelum.

464 3440 518 3493 4.
550 3436 1008 3504 Quemadmodum
1058 3435 1112 3489 in
1162 3435 1402 3491 Ecclesia
1449 3436 1664 3504 Latina,
1704 3438 1784 3492 sic
1804 3447 1859 3491 et
1915 3438 1968 3491 in

395 3529 603 3594 Grmca,
644 3526 877 3583 ofﬁcium
913 3525 1156 3579 divinum
1188 3527 1491 3580 concinitur
1516 3525 1807 3581 modulate.
1842 3527 1969 3581 Per-

397 3636 578 3688 peram
623 3629 801 3674 tamen
846 3617 1175 3672 existimavit
1216 3615 1483 3673 Meursius
1520 3614 1674 3689 ἦχος,
1717 3634 1837 3684 quae
1866 3635 1965 3673 vox

397 3714 449 3765 iu
515 3712 714 3765 rituum
766 3709 1073 3765 Graecorum
1115 3708 1392 3762 codicibus
1430 3710 1655 3763 recurrit
1713 3708 1970 3779 frequen-

398 3805 623 3865 tissime,
656 3803 962 3869 signilicare
995 3819 1014 3852 ‹
1053 3802 1345 3855 canticum.
1391 3820 1408 3851 ι
1455 3801 1669 3855 Meursii
1730 3811 1967 3855 erratum

395 3896 673 3950 confutant
700 3893 931 3948 Jacobus
977 3892 1185 3947 Goarus
1230 3902 1283 3944 et
1333 3893 1445 3946 Leo
1492 3895 1757 3947 Allatius:
1798 3894 1883 3947 ltic
1914 3895 1965 3947 in

396 3986 833 4041 dissertatione!
890 3984 964 4037 De
1010 3984 1157 4037 libris
1211 3986 1577 4038 ecclesiasticis
1638 3985 1966 4050 Gra'corum,

398 4096 517 4149 pag.
561 4080 648 4141 66,
674 4078 763 4131 ille
802 4078 852 4130 in
876 4074 1227 4146 Eucltologio,
1262 4092 1384 4147 pag.
1420 4078 1545 4139 206,
1578 4078 1666 4131 ubi
1691 4079 1769 4132 sic
1793 4078 1967 4146 loqui-

400 4182 485 4224 tur
516 4185 531 4223 :
578 4187 597 4221 ι
626 4170 845 4237 Proprie
878 4166 1032 4240 ἦχος,
1072 4170 1123 4222 in
1161 4178 1321 4223 cantu
1364 4169 1551 4224 (ἑκ-ωοο
1576 4171 1962 4232 ecclesiastico,

398 4263 535 4315 idem
576 4270 656 4315 est
698 4263 838 4330 quod
872 4280 889 4312 ι
921 4270 1079 4315 tonus
1116 4279 1135 4313 ι
1185 4260 1237 4313 in
1277 4258 1489 4316 Latino.
1538 4260 1748 4313 Habent
1783 4270 1964 4313 autent

396 4354 566 4408 ϐριεςί
586 4369 714 4408 suos
731 4363 855 4407 octo
877 4363 1049 4429 tonos,
1070 4368 1097 4405 a
1117 4353 1310 4420 quibus
1327 4352 1539 4406 libellus
1564 4352 1890 4423 Ὀκτὼηχος,
1913 4354 1963 4406 id

395 4456 495 4509 est,
530 4463 550 4496 ι
580 4448 862 4500 continens
891 4455 1013 4500 octo
1043 4455 1220 4507 lOliOs,
1250 4463 1266 4495 ι
1301 4446 1515 4499 dicitur.
1569 4445 1809 4512 Quatuor
1856 4448 1964 4501 toni

397 4539 603 4606 priores
646 4539 944 4607 simplicem
999 4537 1412 4605 appellationem
1465 4547 1593 4591 sunt
1627 4538 1801 4593 nacti:
1833 4534 1964 4609 ἦχος

395 4602 465 4691 ἐν,
506 4602 766 4698 ρτὶιηυεξ
795 4625 927 4699 ἦχος
982 4602 1047 4698 βξ
1072 4602 1383 4693 secundus;
1434 4623 1566 4698 ἦχος
1614 4626 1682 4696 γ’,
1739 4602 1963 4695 tertius:
1999 4602 2043 4658 D

394 4716 523 4791 ἦχος
544 4720 608 4783 δ’.
637 4730 881 4788 quartus.
906 4720 1147 4786 Quatuor
1175 4719 1505 4789 posteriores
1548 4721 1815 4787 disparem
1848 4737 1963 4775 sor-

396 4814 599 4864 tiuntur
650 4810 1139 4864 denominationem
1180 4827 1194 4865 ς
1247 4811 1470 4879 quintus
1508 4811 1652 4864 enim
1702 4821 1785 4865 est
1831 4807 1964 4882 ἦχος

393 4903 626 4972 πλαγίου
677 4902 917 4975 πρώτου,
974 4904 1334 4971 scribiturque
1378 4898 1512 4974 ἦχος
1546 4903 1637 4959 πλ.
1686 4911 1755 4968 α’,
1809 4915 1965 4960 tonus

392 4993 642 5062 obliquus
691 4994 933 5059 primos:
988 5004 1173 5047 sextus
1229 5002 1313 5046 est
1341 4988 1473 5063 ἦχος
1507 4993 1597 5048 πλ.
1641 4992 1707 5064 β’,
1754 4995 1855 5048 hoc
1880 5006 1966 5049 est

392 5084 624 5155 πλαγίου
654 5084 932 5155 δευτέρου,
966 5096 1124 5138 tonus
1148 5086 1399 5153 obliquus
1419 5086 1712 5139 secundus.
1753 5085 1968 5140 Tertius

391 5178 587 5232 dicitur
607 5173 740 5248 ἦχος
769 5176 960 5248 βαρύς.
1001 5189 1161 5231 tonus
1182 5178 1389 5247 gravis,
1422 5186 1641 5247 propter
1679 5193 1883 5231 moram
1913 5189 1964 5231 et

389 5266 899 5338 vocis‘gravitatem
946 5270 1084 5322 inter
1114 5269 1261 5322 illum
1291 5271 1614 5333 canendum,
1656 5284 1962 5338 quanquam

391 5362 601 5413 dicatur
645 5361 809 5413 etiam
882 5355 1014 5430 ἦχος
1084 5360 1175 5414 πλ.
1232 5366 1301 5428 γ’.
1384 5360 1617 5415 liltimus
1680 5370 1765 5414 est
1829 5356 1963 5431 ἦχος

392 5450 484 5502 πλ.
514 5449 579 5514 δ’,
608 5458 766 5505 tonus
799 5450 1054 5520 obliquus
1081 5450 1135 5503 4.
1174 5468 1191 5500 ι
1228 5450 1427 5503 Eadem
1465 5458 1789 5517 repetuntur
1820 5466 1948 5518 pag.

392 5541 499 5596 435
519 5550 575 5596 et
611 5542 827 5597 additur
866 5560 879 5595 :
923 5562 941 5594 ι
985 5540 1122 5596 Τοηί
1172 5541 1331 5611 primi
1366 5550 1607 5609 quatuor
1637 5550 1900 5595 vocantur
1934 5558 1961 5594 a

396 5634 635 5690 musices
667 5636 954 5697 studiosis.
1000 5635 1327 5705 principales
1353 5643 1408 5688 et
1438 5633 1594 5688 recti.
1623 5634 1750 5698 Alii,
1785 5634 1964 5687 minus

393 5726 696 5795 praecipui,
732 5729 973 5797 obliqui,
1011 5728 1280 5792 ministri;
1316 5742 1616 5795 eorumque
1676 5744 1703 5779 a
1764 5728 1958 5795 primis

396 5817 447 5872 in
478 5832 544 5873 eo
569 5826 679 5887 stat
706 5819 1022 5888 discrimen,
1043 5818 1183 5882 quod
1212 5817 1430 5882 vocibus
1454 5829 1711 5887 quatuor,
1748 5832 1841 5874 seu
1866 5832 1955 5872 so-

2077 3343 2357 3412 prineipali
2390 3345 2744 3402 descendunt.
2790 3368 2808 3399 ι

2146 3434 2203 3489 5.
2234 3435 2421 3506 Neque
2468 3438 2723 3493 dissentit
2755 3439 2986 3493 Allatius
3025 3438 3156 3507 :qui
3208 3454 3331 3494 cum
3366 3440 3417 3494 in
3457 3441 3661 3511 prmdio

2077 3540 2163 3580 cta
2202 3528 2612 3594 dissertatione,
2648 3547 2773 3601 pag.
2830 3532 2920 3596 δι,
2959 3532 3207 3586 eamdem
3238 3542 3487 3586 tonorum
3521 3548 3648 3599 par-

2079 3622 2351 3688 titionem,
2386 3622 2605 3677 brevius
2632 3624 2850 3691 quidem
2874 3665 2889 3688 ,
2922 3625 3016 3678 sed
3048 3625 3227 3678 minus
3275 3625 3532 3679 distincte
3559 3639 3652 3679 ex-

2080 3714 2388 3781 posuisset;
2446 3714 2514 3769 de
2557 3728 2744 3769 eorum
2795 3715 2934 3771 libro
2994 3715 3109 3769 sive
3162 3716 3413 3769 octmclto
3466 3716 3653 3770 dicere

2075 3805 2385 3873 aggreditur
2414 3815 2506 3859 :ct
2536 3823 2554 3857 ε
2591 3807 2843 3859 Canones
2867 3821 3056 3860 omnes
3076 3849 3091 3870 ,
3119 3807 3316 3874 inquit,
3379 3804 3495 3859 sive
3546 3815 3651 3859 tro-

2076 3898 2247 3965 paria,
2281 3907 2334 3950 et
2365 3912 2703 3966 qumcunque
2757 3898 2875 3951 alia:
2928 3898 3212 3952 cantiones
3264 3899 3316 3951 in
3367 3898 3472 3950 hoc
3504 3897 3641 3951 libro

2075 3997 2370 4054 contentae,
2408 3988 2483 4042 ita
2514 3989 2789 4057 (liSpositte
2840 4000 3008 4053 sunt,
3036 3998 3096 4041 ιιι
3128 4004 3248 4057 qua:
3300 3989 3476 4058 primo
3521 3997 3650 4043 tono

2074 4079 2461 4142 concinuntur,
2492 4079 2674 4133 omnia
2711 4080 2876 4133 simul
2923 4081 3157 4147 primum
3191 4080 3293 4133 sibi
3324 4079 3502 4134 locum
3555 4094 3649 4133 oe-

2074 4180 2305 4240 cupent;
2339 4187 2457 4239 qure
2487 4176 2749 4236 secundo,
2784 4172 3115 4233 secundum;
3154 4187 3274 4240 quae
3311 4172 3498 4237 tertio,
3534 4181 3644 4224 ter-

2076 4262 2209 4315 tium
2245 4278 2260 4316 :
2293 4271 2347 4314 et
2374 4262 2453 4317 sic
2485 4264 2550 4315 de
2579 4262 2829 4331 singulis,
2857 4261 3031 4316 donec
3059 4262 3123 4315 ad
3149 4262 3428 4331 obliquum
3459 4262 3644 4332 quarti

2073 4354 2451 4421 perveniatur,
2483 4354 2573 4420 qui
2610 4356 2753 4409 inter
2781 4364 2936 4408 tonos
2964 4354 3214 4416 ultimus,
3240 4354 3489 4407 ultimum
3523 4368 3649 4421 qum

2073 4457 2178 4509 que
2217 4443 2320 4497 sibi
2376 4442 2552 4496 locum
2588 4444 2861 4507 vindicat,
2892 4454 2944 4499 ct
2975 4446 3257 4499 cautiones
3300 4461 3364 4498 eo
3404 4445 3650 4498 modula-

2076 4544 2141 4588 tae
2181 4549 2246 4588 ac
2290 4548 2748 4589 commensuratae
2782 4576 2797 4599 ,
2834 4537 3027 4589 ultimo
3055 4552 3275 4606 quoque
3333 4538 3453 4590 loco
3488 4553 3647 4606 repo-

2074 4636 2296 4681 nuntur.
2320 4625 2577 4681 Continet
2606 4638 2787 4681 autem
2819 4640 3024 4683 tantum
3050 4630 3286 4696 troparia
3314 4640 3645 4691 etcanones,

2072 4719 2163 4785 qui
2192 4733 2219 4770 a
2241 4718 2433 4785 primis
2457 4720 2703 4789 vesperis
2728 4720 3020 4774 Dominicze
3043 4722 3107 4773 ad
3145 4722 3301 4774 linem
3326 4734 3495 4789 usque
3519 4721 3648 4774 mis-

2072 4825 2146 4864 sze
2171 4819 2467 4875 canuntur,
2501 4820 2556 4864 et
2580 4819 2707 4864 octo
2764 4810 3059 4864 Dominicis
3107 4826 3205 4878 pro
3239 4820 3490 4863 tonorum
3541 4825 3644 4863 nu-

2080 4916 2232 4955 mero
2285 4901 2491 4955 ﬁnitur.
2534 4902 2740 4971 Singuli
2801 4903 2910 4956 toui
2949 4915 3061 4956 tres
3114 4902 3316 4956 habent
3377 4915 3637 4955 canones.

2072 4991 2335 5055 Primum,
2366 4991 2759 5063 ἀναστάσιμον,
2801 4993 2892 5060 qui
2930 4994 2981 5046 in
3019 4992 3433 5046 resurrectionis
3466 4991 3645 5043 Domi-

2075 5084 2212 5137 nicze
2238 5099 2252 5147 ;
2287 5084 2608 5147 secundum,
2636 5084 3226 5155 σταυροαναστάσιμον,
3252 5083 3343 5151 qui
3371 5083 3420 5134 iu
3452 5080 3646 5135 Cruois

2074 5185 2129 5227 et
2186 5173 2664 5234 Resurrectionis;
2697 5175 2937 5239 tertium,
2971 5175 3061 5241 qui
3096 5175 3148 5225 in
3184 5173 3361 5225 Maria:
3394 5168 3638 5239 Virginis

2072 5263 2319 5318 laudibus
2371 5262 2730 5325 celebrandis,
2782 5272 3086 5316 versantur.
3129 5260 3196 5314 Et
3240 5261 3352 5313 Itazc
3380 5260 3433 5313 in
3475 5270 3644 5312 θειω-

2072 5354 2190 5409 chis
2220 5355 2456 5425 antiquis
2489 5354 2855 5410 habebantur.
2911 5354 2966 5407 In
3044 5353 3439 5407 recentioribus
3485 5350 3645 5403 tuodo

2072 5446 2292 5500 additur
2322 5461 2422 5517 pro
2466 5447 2694 5515 singulis
2728 5447 2869 5501 tonis
2917 5461 3089 5500 canon
3118 5485 3134 5507 ,
3183 5444 3273 5515 qui
3318 5444 3373 5496 in
3413 5458 3644 5513 μεσονυ-

2068 5536 2220 5589 κτίου
2251 5537 2330 5590 vel
2358 5537 2773 5605 μεσονυκτικοῦ,
2796 5537 2986 5591 mediae
3012 5537 3221 5593 scilicet
3244 5536 3420 5590 noctis
3445 5533 3641 5595 oilieio,

2070 5630 2192 5683 cani
2226 5631 2438 5693 suevit;
2473 5632 2692 5699 etquod
2730 5631 2794 5685 de
2826 5631 3093 5685 Triuitate
3133 5637 3457 5701 pertractet,
3506 5632 3639 5682 tria-

2074 5725 2235 5785 dicus
2256 5723 2475 5776 dicitur.
2516 5744 2534 5774 ι

2137 5818 2189 5877 6.
2224 5813 2369 5872 Libri
2408 5817 2493 5872 isti
2529 5816 2732 5872 Graecis
2763 5815 3154 5873 ecclesiasticis
3176 5814 3330 5871 valde
3365 5810 3636 5874 commodi
