4076 6226
423 361 656 406 CCCXVIII

1806 350 2336 412 PBOLEGOMENA.

427 475 577 532 sunt,
627 468 738 522 imo
776 479 914 535 pene
962 464 1292 531 necessarii;
1326 479 1477 531 nam,
1509 474 1570 521 ut
1596 472 1829 522 testatur
1861 468 2004 524 Goa-
2031 480 2081 537 Α
2109 472 2323 527 caeteris
2351 471 2586 526 discreto
2618 484 2753 525 sono
2777 469 3062 524 accinitur.
3097 469 3176 524 Ad
3197 471 3467 540 obiectum
3489 476 3670 535 locum

428 575 523 613 rns
552 572 677 629 pag.
702 556 810 610 454
836 597 851 621 ,
906 575 923 607 ι
953 555 1123 611 libros
1159 557 1291 612 totis
1326 556 1551 612 musicis
1578 567 1836 613 exaratos
1862 559 2003 614 inter

428 651 756 705 cantandum
779 648 1061 705 rarissime
1093 650 1467 719 conspiciunt,
1497 650 1581 705 vel
1609 652 1774 706 ctiam
1805 651 2004 706 habent

425 743 600 799 Graeci
643 757 659 796 :
699 756 1124 811 communesque
1173 743 1317 808 ideo,
1375 752 1432 796 et
1483 744 1668 798 verbis
1722 752 1778 797 et
1815 754 2000 809 cantu,

426 834 703 890 memoriae
765 835 1033 889 tenaciter
1092 834 1322 905 inﬁgunt
1370 834 1601 906 hymnos
1630 873 1644 898 ,
1678 833 1745 887 ad
1772 849 2001 902 quorum

429 943 678 982 normam
715 928 852 982 alios
884 928 1000 998 pari
1050 928 1382 998 syllabarum
1418 942 1648 981 numero
1688 936 2005 981 constantes

426 1020 698 1076 cantando
726 1019 1012 1074 inﬂectunt
1036 1037 1051 1086 ;
1082 1020 1310 1088 ideoque
1332 1034 1519 1074 eorum
1554 1019 1850 1086 primordia
1875 1032 2005 1071 can-

427 1108 551 1163 ticis
580 1108 702 1163 aliis
746 1109 1077 1171 inscribunt,
1109 1118 1166 1161 ut
1224 1107 1289 1161 ad
1339 1123 1526 1160 eorum
1564 1106 1805 1176 regulam
1835 1147 1849 1170 ,
1919 1122 2004 1160 se-

430 1211 660 1271 quentes
686 1202 925 1257 indicent
971 1216 1092 1256 esse
1142 1201 1535 1253 decantandos.
1584 1218 1603 1250 ι
1643 1196 1850 1252 Versus
1907 1213 2005 1252 au-

430 1304 560 1357 tem,
586 1295 675 1363 qui
712 1294 767 1349 in
795 1295 941 1349 hunc
973 1295 1131 1348 linem
1174 1292 1370 1360 aequali
1402 1290 1737 1360 syllabarum
1776 1307 2004 1343 attinero

427 1388 738 1457 alligantur,
784 1374 1043 1442 dicuntur
1101 1383 1341 1456 στιχηρὰ
1378 1384 1704 1456 προσόμοια,
1741 1382 2006 1452 Papebro-

427 1480 585 1534 ebius
624 1494 815 1534 versus
868 1477 1140 1533 similares
1172 1476 1448 1546 appellare
1501 1474 1809 1529 consuevit.
1867 1473 2004 1528 llinc

426 1570 746 1639 intelligitur
778 1570 906 1638 quid
934 1570 1036 1623 sibi
1093 1568 1262 1622 velint
1309 1583 1373 1623 ea
1427 1583 1548 1637 quae
1605 1568 1862 1637 leguntur
1892 1579 2004 1622 sta-

427 1664 526 1716 tim
578 1663 630 1716 in
678 1664 793 1732 ipsa
843 1662 1198 1731 inscriptione
1248 1662 1507 1731 promissi
1556 1660 1754 1715 tollicii.
1792 1660 2005 1714 Ψάλλο-

432 1766 534 1819 μεν
609 1751 839 1822 στιχηρὰ
905 1752 1231 1822 προσόμοια.
1291 1747 1465 1823 Ἧχος
1526 1751 1589 1805 δ’.
1628 1753 1717 1813 Ὠς
1761 1754 2004 1820 γενναῖον

2105 563 2252 630 quod
2280 560 2495 623 attinet,
2517 560 2562 612 is
2585 560 2739 614 nobis
2768 574 3103 628 nequaquam
3120 559 3311 617 ollicit:
3337 578 3512 633 neque
3528 568 3671 622 enim

2103 653 2397 721 quidquam
2426 652 2569 705 aliud
2602 650 2672 705 ibi
2702 654 2816 703 vult
2842 651 3100 716 Codinus,
3129 665 3292 720 quam
3328 668 3493 722 super
3525 673 3675 712 men-

2104 760 2219 799 sam
2244 744 2592 814 imperatoris
2606 759 2634 797 a
2663 742 2977 798 cantoribus
2997 745 3211 798 concini
3238 745 3524 803 idemillud
3550 749 3678 804 me.

2110 836 2300 906 μελον,
2336 838 2478 904 quod
2504 851 2568 889 eo
2591 835 2675 889 die
2693 837 2904 888 canitur
2934 835 2986 888 in
3012 835 3260 891 ecclesia.
3300 837 3413 893 Huc
3442 841 3672 906 accedit,

2106 930 2248 996 quod
2285 927 2551 998 ἱδιόμελον
2585 926 2781 981 ibidem
2811 926 2862 979 in
2888 928 3135 998 margine
3153 931 3441 998 exponitur
3467 936 3673 1004 proprii

2106 1027 2302 1070 cantus
2352 1015 2646 1070 canticum.
2676 1016 2852 1085 Atque
2900 1016 3015 1071 haec
3059 1018 3376 1087 marginalis
3408 1024 3675 1092 expositio

2108 1107 2346 1162 recurrit
2400 1110 2575 1162 denuo
2606 1121 2728 1175 cap.
2759 1107 2850 1171 10,
2899 1124 3049 1163 num.
3087 1108 3142 1174 5,
3176 1111 3265 1164 ubi
3297 1122 3483 1167 narrat
3532 1115 3671 1169 idem

2107 1198 2366 1262 Codinus,
2397 1198 2593 1267 quibus
2628 1199 2969 1253 caeremoniis
3018 1200 3155 1255 l'esto
3203 1200 3510 1257 Palmarum
3546 1223 3566 1258 ι
3618 1206 3670 1261 in

2107 1290 2484 1343 ambulacrum
2512 1289 2694 1342 veniat
2727 1289 3112 1359 lampadarins.
3141 1290 3440 1360 lampadem
3468 1294 3670 1361 ferens,

2109 1392 2388 1452 totumque
2448 1381 2569 1435 festi
2617 1382 2896 1451 proprium
2944 1384 3215 1436 canticum
3275 1387 3612 1453 decantans,
3645 1415 3667 1442 ο

2110 1470 2298 1525 Gra-ce
2333 1479 2545 1524 tantum
2573 1480 2657 1525 est
2678 1470 2897 1541 ψάλλων
2917 1471 3037 1526 ὅλον
3062 1472 3123 1525 τὸ
3152 1472 3414 1544 ἰδιόμελον
3453 1489 3676 1546 praeter-

2109 1564 2274 1617 misso
2308 1563 2521 1625 verbo,.
2546 1562 2647 1632 τῆς
2678 1564 2889 1634 ἑορτῆς.
2915 1562 3032 1616 Jam
3063 1579 3193 1619 vero
3225 1567 3353 1635 quid
3386 1575 3491 1636 est,
3523 1584 3675 1624 ama-

2108 1655 2216 1716 bo.
2290 1671 2309 1704 ι
2377 1656 2576 1723 preprii
2639 1666 2833 1710 cantus
2901 1658 3212 1724 canticum,
3267 1678 3286 1712 ι
3349 1661 3451 1716 nisi
3497 1663 3673 1717 canti-

2108 1762 2231 1798 rmn
2265 1746 2524 1813 peculiari
2562 1762 2623 1801 ac
2646 1749 2867 1817 proprio
2898 1748 3204 1804 modulandi
3235 1766 3432 1820 genere
3458 1763 3676 1809 cantan-

428 1844 491 1894 ἐν
536 1843 831 1914 μάρχυσιν.
885 1846 957 1896 At
1018 1858 1150 1899 vero
1206 1858 1313 1898 non
1365 1843 1599 1912 quilibet
1648 1859 1838 1899 versus
1891 1860 2004 1896 στι-

2113 1842 2231 1890 tlttm
2253 1838 2276 1875 9

429 1934 576 2005 χηρὰ
607 1936 949 2002 vocitantur;
1003 1938 1097 1990 sed
1151 1935 1249 1990 soli
1288 1936 1361 1990 illi
1403 1938 1494 2006 qui
1533 1936 1692 2007 paulo
1734 1936 2008 2006 longiores

428 2036 557 2080 sunt
579 2066 594 2083 .
618 2036 673 2082 et
698 2028 765 2081 ab
798 2026 1223 2098 Hymnographo
1261 2029 1638 2085 ecclesiastiro
1690 2029 2003 2098 conscripti.

430 2113 567 2169 Nam
606 2130 798 2170 versus
829 2117 1107 2171 breviores
1128 2158 1142 2180 ,
1169 2131 1223 2171 et
1252 2133 1283 2171 e
1311 2116 1542 2172 Psalmis
1570 2116 1864 2184 Davidicis,
1923 2117 2007 2170 vel
2033 2153 2038 2162 ι

430 2206 554 2261 aliis
571 2204 865 2276 Scriptura:
877 2207 1007 2263 locis
1022 2208 1282 2277 excerpti,
1309 2207 1644 2278 appellantur
1658 2207 1851 2279 στίχοι.
1873 2209 2008 2263 llinc

430 2300 609 2353 oritur
634 2298 964 2370 στιχολογία,
992 2315 1110 2367 qua:
1153 2310 1238 2354 est
1276 2299 1481 2353 alterna
1519 2297 1855 2353 Psalmorum
1892 2299 1999 2352 Da-

436 2392 738 2444 vidicorum
785 2407 881 2458 per
913 2407 1103 2446 versus
1138 2392 1405 2447 recitatio.
1442 2390 1558 2445 Non
1594 2406 1810 2460 possum
1829 2401 2005 2445 tamen

434 2483 701 2537 assentire
735 2482 959 2553 Cangio,
1002 2484 1093 2548 qui
1137 2492 1291 2554 putat
1321 2483 1522 2554 στίχος,
1575 2485 1909 2547 versiculum,
1954 2493 2043 2538 et‘

437 2577 693 2649 στιχηρὸν
732 2594 955 2642 uersum,
1009 2577 1204 2632 L-tline
1250 2580 1397 2633 reddi
1442 2594 1620 2649 posse.
1667 2578 1801 2633 Cum
1859 2579 2003 2634 enim

435 2672 521 2741 (nt
577 2688 642 2726 ex
698 2670 811 2739 jam
863 2672 1026 2726 dictis
1075 2680 1328 2734 constat,
1382 2679 1438 2725 et
1486 2670 1870 2726 animadvertit
1922 2672 2003 2740 ipv

430 2777 489 2815 se
531 2760 784 2829 Congius)
841 2762 1023 2832 στίχος
1073 2761 1365 2831 Scriptum
1415 2762 1594 2817 verbis
1625 2803 1641 2828 ,
1699 2772 1756 2817 et
1811 2779 2001 2833 στιχη-

433 2851 525 2922 ρον
556 2852 732 2907 verbis
776 2850 1177 2923 Hymnograpbi
1231 2861 1643 2917 conterantur,
1703 2853 1787 2908 hac
1839 2868 2006 2908 voces

431 2959 608 2996 versus
634 2953 688 2998 et
724 2943 1008 2997 versiculus
1059 2944 1200 2997 istud
1239 2943 1530 2998 discrimen
1570 2943 1712 2997 haud
1755 2944 1887 2998 satis
1914 2945 2008 2999 de-

432 3034 667 3088 clarant.
721 3032 855 3089 Nolo
911 3044 1087 3089 tamen
1128 3034 1472 3105 λογομαχεῖν,
1523 3035 1638 3088 sive
1683 3036 2008 3090 contendere

433 3126 502 3178 de
531 3125 773 3178 nomine.
826 3123 1167 3193 Quapropter
1215 3126 1376 3178 modo
1409 3124 1636 3191 intelligi
1685 3140 1772 3177 me
1797 3126 2004 3189 sciam,

2111 1930 2138 2001 §
2189 1930 2251 1983 ll.
2313 1928 2464 1984 Unde
2514 1932 2657 1984 dicta
2707 1932 2941 2001 troparia
2991 1944 3036 1984 et
3079 1932 3243 1987 hirmi
3281 1950 3293 1996 ;
3332 1935 3450 2004 quis
3493 1935 3674 1990 horum

2819 2019 2964 2057 usus.

2180 2117 2237 2173 8.
2273 2116 2308 2169 A
2341 2116 2596 2170 sticberis
2623 2116 2689 2170 ad
2727 2117 2964 2186 troparia
3005 2117 3303 2173 veniamus.
3333 2117 3676 2190 Troparium.

2111 2210 2286 2277 inquit
2313 2207 2522 2263 Gnarus
2549 2222 2671 2277 pag.
2704 2208 2804 2272 52,
2835 2224 2937 2263 vox
2967 2210 3218 2278 generiea
3246 2219 3364 2277 est,
3393 2221 3446 2266 et
3469 2212 3678 2265 cunctis

2109 2299 2341 2353 canticis
2367 2299 2418 2351 in
2446 2297 2683 2353 Ecclesia
2709 2298 2898 2353 Graeca
2931 2300 3162 2368 receptis
3190 2302 3534 2366 communis;
3563 2301 3678 2356 Mo-

2109 2392 2296 2445 dulnm
2333 2391 2533 2460 ubique
2567 2391 3053 2459 interpretamur...
3088 2392 3277 2459 Quoad
3327 2394 3411 2448 sui
3459 2410 3678 2465 compo-

2110 2484 2362 2538 sitionem
2422 2482 2628 2536 Latinis
2678 2482 3002 2551 Antiphonis
3049 2484 3241 2539 similis
3302 2484 3437 2540 est:
3485 2501 3675 2555 quam-

2113 2578 2192 2630 vis
2263 2575 2618 2643 antipbonam
2696 2575 2799 2629 ulla
2868 2577 3079 2629 ratione
3157 2576 3504 2645 interpretari
3575 2593 3675 2632 ne-

2114 2681 2399 2735 queamus.
2430 2666 2579 2720 llanc
2609 2680 2795 2719 vocem
2831 2665 2910 2719 sic
2956 2666 3190 2734 explicat
3235 2665 3481 2721 laudatus
3514 2666 3674 2737 Liga-

2114 2759 2309 2825 ridus,
2366 2766 2619 2827 tanquam
2676 2759 2723 2812 si
2778 2759 3173 2830 τροπαιάριον,
3231 2758 3340 2813 ἀπὸ
3399 2758 3492 2813 τοῦ
3551 2776 3678 2835 τρο-

2115 2851 2320 2916 παίου,
2380 2851 2690 2916 derivetur;
2750 2861 2801 2907 et
2846 2854 2918 2906 sit
2949 2853 3104 2921 quasi
3156 2851 3312 2906 Paean
3368 2854 3482 2908 sive
3527 2853 3682 2924 bym-

2115 2959 2214 3000 nus
2240 2984 2255 3011 ,
2291 2944 2343 2997 in
2373 2959 2480 3013 quo
2506 2953 2734 2998 canatur
2761 2944 3019 3010 victoria;
3049 2944 3129 2997 vel
3185 2945 3235 2998 in
3269 2945 3464 3013 quibus
3487 2946 3537 2999 οἱ
3560 2946 3684 3018 τρό-

2115 3052 2230 3098 ποι,
2262 3035 2312 3089 id
2337 3045 2440 3098 est,
2477 3050 2656 3089 mores
2681 3034 2907 3100 alicujus
2941 3036 3111 3089 sancti
3140 3034 3460 3089 referantur.
3480 3037 3680 3090 Verum

2112 3126 2257 3182 Goar
2288 3127 2612 3180 existimans
2642 3125 2751 3178 ἀπὸ
2782 3125 2876 3178 τοῦ
2901 3125 3123 3197 τρέπειν
3154 3136 3398 3189 vertere,
3431 3125 3513 3179 vel
3547 3142 3678 3195 pro-

438 3217 608 3270 liasce
631 3215 976 3270 Grazcanicas
1000 3231 1162 3271 voces
1191 3216 1245 3269 in
1278 3225 1555 3283 posterum
1585 3217 1659 3270 ita
1713 3214 1903 3269 Latine
1929 3220 2004 3268 in-
2037 3195 2078 3249 θ
2115 3220 2373 3288 pinquins
2400 3218 2508 3271 ἀπὸ
2554 3218 2768 3290 τροπῆς
2794 3219 3147 3273 conversione
3193 3219 3459 3289 originem
3512 3219 3630 3274 duci
3665 3238 3683 3285 ;

434 3307 790 3376 terpretabor.
824 3307 991 3361 Porro
1016 3306 1246 3380 στιχηρὰ
1269 3308 1371 3362 alia
1403 3319 1527 3362 sunt
1549 3308 1881 3380 προσόμοια,
1902 3312 2007 3362 alia

438 3396 698 3468 ίδιόμελα.
751 3397 882 3465 Quae
932 3399 1044 3453 sint
1098 3400 1442 3472 προσόμοια,
1476 3401 1677 3454 dictum
1714 3417 1856 3454 nunc
1904 3413 2006 3454 est.

447 3488 714 3561 Ἰδιόμελα
738 3505 868 3544 vero
893 3501 1021 3545 sunt
1047 3506 1109 3546 ea
1137 3492 1392 3564 στιχηρὰ,
1437 3485 1559 3561 quae
1600 3492 1682 3562 (ut
1715 3493 1791 3546 ait
1820 3494 2010 3547 doctus

436 3578 723 3649 Ligaridus
750 3582 891 3650 apud
927 3581 1163 3637 Goarum
1186 3584 1382 3654 p.206)
1410 3583 1668 3652 peculiari
1704 3583 1830 3645 sibi,
1861 3583 2010 3652 gravi

436 3687 630 3740 nempe
649 3680 703 3727 et
723 3673 1010 3740 concinna,
1040 3689 1170 3728 voce
1198 3674 1472 3728 recitando
1519 3682 1665 3737 sunt,
1687 3675 1840 3740 quasi
1883 3673 2013 3727 ἴδιον

440 3762 641 3835 μέλος,
700 3764 751 3818 id
798 3773 931 3829 est,
989 3766 1261 3835 pr0priam
1321 3764 1743 3820 modulationem
1807 3765 2012 3820 baben-

436 3864 532 3906 ιιιι.

547 3947 603 4001 7.
677 3945 977 4015 Objlt'lellll‘
1042 3948 1273 4003 fortasse
1342 3949 1468 4004 huic
1540 3950 1847 4006 deﬁnitioni
1907 3950 2013 4006 Co-

438 4038 633 4101 diuus,
673 4039 726 4092 in
781 4040 921 4093 libro
962 4039 1036 4093 De
1082 4040 1386 4109 ofﬁcialibus
1443 4041 1631 4105 palatii
1676 4041 1790 4097 (ΣΡ.
1838 4054 1890 4096 et
1937 4044 2014 4097 De

438 4130 616 4198 ofﬁciis
673 4146 878 4199 magna:
925 4131 1209 4196 Ecclesiw,
1272 4149 1391 4202 cap.
1442 4133 1495 4198 7,
1550 4151 1603 4186 n.
1638 4135 1732 4200 23,
1762 4135 2007 4211 .dicens:

440 4222 793 4294 Εἰσέρχονται
835 4226 930 4278 καὶ
985 4228 1031 4282 οἱ
1094 4226 1312 4295 ψάλται.
1339 4268 1355 4282 .
1392 4270 1404 4283 .
1433 4268 1446 4280 .
1480 4267 1495 4284 .
1526 4268 1539 4281 .
1598 4231 1691 4282 καὶ
1721 4230 2013 4300 ψάλλουσιν

441 4315 703 4387 ἰδιόμελον
774 4318 872 4386 τῆς
944 4320 1183 4390 ἑορτῆς·
1243 4322 1385 4389 quod
1455 4321 1526 4374 ita
1597 4325 1762 4377 vertit
1826 4336 2014 4379 noster

439 4404 733 4460 Gretserus
762 4430 773 4463 ;
806 4427 825 4459 ι
857 4408 1237 4477 lngrediuntur
1262 4411 1428 4463 etiam
1472 4423 1750 4475 cantores,
1780 4424 2011 4467 canunt-

2119 3331 2137 3363 ι
2173 3312 2299 3366 Sive
2344 3312 2511 3372 dicas.
2552 3312 2749 3379 inquit,
2781 3310 2851 3365 ob
2882 3314 3091 3377 vocem:
3119 3311 3172 3363 in
3215 3312 3488 3366 cantando
3527 3312 3677 3365 varie

2116 3419 2328 3458 versam
2361 3414 2411 3457 et
2438 3404 2725 3469 inﬂexam,
2752 3422 2770 3454 ι
2805 3407 2947 3473 (quae
2993 3403 3123 3456 mihi
3160 3403 3298 3456 ratio
3320 3412 3424 3467 est,
3463 3412 3523 3457 ut
3570 3419 3680 3458 mo-

2114 3496 2296 3547 dulum
2329 3510 2547 3563 semper
2607 3493 2954 3564 reddiderim)
2986 3513 3006 3544 r
3047 3494 3162 3548 sive
3194 3538 3205 3557 ,
3243 3495 3367 3565 quia
3422 3509 3689 3551 canonar-

2113 3586 2240 3651 cha,
2281 3585 2406 3639 dum
2450 3588 2745 3653 troparium
2776 3586 2903 3640 illud
2940 3602 3034 3655 per
3057 3599 3326 3640 commata
3355 3587 3622 3657 suggerit,
3656 3604 3676 3637 ι

2115 3678 2263 3747 (raro
2288 3692 2519 3745 namque
2545 3676 2764 3744 pulpitis
2797 3684 2976 3730 astant
3004 3675 3200 3745 Gra'ci,
3234 3693 3252 3725 ι
3293 3676 3450 3729 modo
3476 3678 3526 3728 in
3549 3673 3682 3728 cbo.

2116 3780 2234 3818 rum
2272 3767 2435 3826 hunc.
2458 3768 2616 3819 modo
2642 3766 2694 3818 in
2723 3765 2887 3819 alium
2924 3765 3202 3835 τρέπεται,
3230 3766 3342 3818 sive
3372 3764 3619 3818 vertitur.
3652 3782 3673 3815 ι

2116 3855 2375 3923 Superest
2408 3858 2673 3913 sententia
2736 3856 2838 3908 alia
2867 3896 2881 3919 ,
2918 3856 3009 3910 sed
3062 3871 3181 3923 qua:
3246 3855 3401 3923 plene
3447 3855 3681 3924 intelligi

2114 3958 2242 4002 ante
2273 3965 2377 4003 non
2410 3959 2609 4019 potest,
2637 3964 2795 4018 quam
2836 3950 2915 4001 vis
2953 3962 3018 4001 ac
3057 3956 3254 4000 natura
3300 3946 3460 4001 hirmi
3502 3946 3685 4002 decla-

2118 4051 2234 4092 rata
2264 4040 2444 4094 fuerit.

2188 4132 2240 4186 9.
2270 4152 2290 4183 ι
2331 4132 2552 4186 Hirmus
2582 4146 2745 4201 porro
2771 4174 2785 4196 ,
2830 4151 2848 4182 ι
2887 4139 2942 4183 ιιι
2973 4139 3051 4183 est
3095 4128 3234 4196 apud
3278 4125 3538 4181 Allatiun't
3570 4128 3680 4187 loc.

2115 4224 2208 4277 cit.
2235 4239 2357 4293 pag.
2382 4224 2471 4288 98,
2496 4242 2514 4275 ι
2534 4234 2617 4278 est
2649 4226 2879 4295 hymnus
2909 4223 3024 4276 sive
3053 4221 3375 4290 troparium,
3404 4237 3432 4273 a
3468 4234 3576 4289 quo
3598 4235 3685 4275 re-

2116 4315 2383 4384 liquorum
2419 4316 2797 4385 tropariornm,
2821 4329 2938 4384 quae
2970 4314 3021 4367 in
3067 4329 3130 4368 ea
3173 4313 3276 4367 ode
3333 4322 3683 4376 canerentur,

2115 4408 2504 4477 consequentia
2543 4418 2598 4461 et
2650 4409 2819 4462 series
2852 4387 3171 4460 ducebatur.
3203 4404 3371 4474 quue
3423 4406 3493 4458 ita
3558 4418 3682 4459 esse

438 4515 543 4565 que
601 4498 726 4554 festi
808 4505 1086 4569 proprium
1149 4502 1446 4558 canticum.
1512 4522 1532 4555 ι
1589 4504 1744 4558 Unde
1802 4506 2014 4557 videtur
2049 4535 2087 4587 ο
2120 4500 2500 4552 notaruntviri
2528 4500 2671 4553 docti
2704 4539 2718 4561 ,
2757 4516 2820 4553 ex
2855 4500 3124 4553 Simeonis
3179 4498 3685 4553 Thessalonicensis

439 4605 600 4658 posse
632 4592 880 4645 concludi
912 4634 927 4657 ,
979 4593 1254 4647 Canticum
1295 4594 1512 4664 aliquod
1547 4598 1848 4663 nuncupari
1882 4596 2011 4649 ἰδιό-

444 4682 631 4753 μελον,
657 4685 781 4752 quia
821 4682 962 4739 festo
986 4685 1257 4754 proprium
1281 4688 1373 4751 sit,
1405 4703 1509 4741 non
1547 4704 1677 4742 vero
1711 4690 1834 4757 quia
1860 4705 2016 4758 pecn-

440 4773 636 4829 liarem
669 4776 773 4829 sibi
801 4776 1220 4830 modulationem
1275 4778 1536 4833 vindicet.
1574 4780 1677 4833 Per
1715 4780 1830 4834 haec
1883 4796 2015 4834 sane

442 4864 639 4920 Codini
669 4868 833 4921 verba
858 4869 1143 4935 serupulus
1172 4909 1187 4933 ,
1243 4868 1435 4933 fateor,
1471 4871 1599 4924 mihi
1647 4872 1877 4941 injectus
1916 4871 2015 4924 fuit

441 4974 547 5012 non
572 4958 703 5013 levis
726 4975 741 5026 ;
764 4963 853 5013 sed
873 4965 1113 5026 evanuit,
1133 4968 1350 5034 quando
1376 4965 1481 5017 vidi
1504 4966 1654 5033 plura
1680 4980 1800 5018 esse
1820 4966 2018 5018 sticbe-

441 5067 501 5106 ra
538 5051 679 5106 festo
733 5057 1125 5123 congruentia,
1156 5072 1275 5126 quae
1308 5072 1412 5111 non
1465 5058 1840 5123 inscribuntur
1890 5057 2016 5109 tam-

446 5141 607 5211 μελα.
645 5142 724 5196 Ne
759 5145 970 5215 longius
1022 5148 1312 5214 abeamus;
1373 5147 1559 5202 lideles
1615 5158 1735 5202 tuos
1788 5148 2012 5211 oculos,

444 5232 664 5299 Lector,
691 5236 744 5289 in
778 5237 968 5291 horum
1000 5239 1158 5292 trium
1189 5240 1478 5308 praesulum
1500 5239 1732 5294 ollicinm
1760 5240 2011 5293 intende:

444 5332 499 5375 et
523 5322 650 5376 licet
681 5325 914 5379 sticbera
953 5328 1134 5382 omnia
1163 5330 1272 5383 sint
1302 5330 1424 5383 huic
1452 5329 1589 5384 festo
1616 5332 1830 5399 prepria
1853 5347 2013 5400 quam

445 5429 565 5481 quae
607 5416 857 5483 tnaxime,
891 5430 1069 5473 tamen
1102 5436 1205 5474 non
1239 5421 1485 5475 invenias
1515 5422 1617 5474 alia
1648 5421 1872 5476 inscribi
1899 5422 2018 5475 ἰδιό-

451 5504 590 5574 μελα
645 5518 841 5574 praeter
896 5511 1129 5564 sticbera
1191 5513 1293 5566 Nili
1354 5513 1680 5581 Xanthopuli
1718 5553 1732 5577 ,
1776 5515 1827 5568 id
1873 5521 2014 5583 qttuzl

449 5596 608 5648 nobis
677 5611 991 5665 argumento
1065 5604 1222 5658 debet
1300 5621 1465 5673 esse,
1551 5623 1655 5661 non
1727 5619 2011 5676 propterea

448 5688 720 5740 canticum
801 5693 1020 5762 aliquo'l
1101 5700 1239 5765 apud
1314 5699 1535 5753 Gra'cos
1615 5699 1719 5752 dici
1807 5699 2013 5769 ἱδιόμε-

449 5779 566 5847 λον,
595 5780 719 5848 quia
738 5781 876 5839 festo
907 5787 1181 5856 proprium
1211 5799 1313 5855 cst,
1344 5790 1437 5845 sed
1461 5792 1585 5861 quia
1625 5790 1881 5861 peculiari
1911 5802 2014 5847 cta

2117 4592 2511 4661 archiepisc0pi
2545 4592 2683 4645 libro
2720 4591 2795 4645 De
2823 4592 3032 4660 templo.
3068 4592 3340 4645 sacerdote
3390 4601 3437 4644 et
3491 4600 3686 4661 myrta-

2115 4685 2290 4755 gogia.
2330 4686 2464 4739 Addi
2517 4695 2691 4753 potest
2716 4684 2953 4738 Zonaras
2980 4724 2995 4747 ,
3025 4694 3318 4737 comment.
3359 4685 3411 4737 in
3440 4698 3679 4737 canones

2116 4780 2483 4831 Anastasimns
2509 4779 2843 4840 Damasceni,
2877 4778 2926 4829 in
2957 4777 3249 4844 protemio:
3286 4775 3490 4846 Εἰρμδς
3519 4774 3577 4827 δὲ
3599 4774 3687 4827 λέ-

2118 4883 2272 4934 γεται
2306 4867 2382 4930 ὡς
2417 4850 2738 4920 ἀκολουθίαν
2764 4867 2905 4929 τινὰ,
2930 4866 3024 4944 καὶ
3048 4864 3201 4931 τάξιν
3227 4865 3439 4936 μέλους,
3475 4864 3566 4917 καὶ
3592 4865 3688 4935 ἀρ-

2122 4958 2310 5028 μονίας
2331 4960 2506 5022 διδοὺς
2532 4962 2646 5022 τοῖς
2691 4959 2806 5029 μετ’
2848 4957 3011 5011 αὐτοῦ
3048 4957 3382 5028 τροπαρίοις.
3415 4956 3555 5025 Πρὸς
3579 4954 3687 5025 γὰρ

2117 5052 2183 5104 τὸ
2216 5052 2328 5105 τῶν
2352 5051 2562 5122 εἱρμῶν
2587 5052 2747 5121 μέλος
2772 5053 3000 5104 κάκεῖνα
3030 5049 3396 5122 ρυθμίζονται,
3423 5047 3515 5099 καὶ
3552 5046 3688 5115 πρὸς

2121 5145 2331 5197 ἐκεῖνον
2376 5145 2763 5215 ἀναφερόμενα
2796 5140 3127 5212 ἁρμόζονται
3156 5158 3213 5193 τε
3257 5140 3349 5192 καὶ
3374 5137 3684 5211 ψάλλονται.

2119 5238 2214 5291 καὶ
2233 5239 2298 5308 τῇ
2335 5235 2568 5308 ἁρμονίᾳ
2594 5233 2686 5288 τοῦ
2716 5234 2923 5305 μελῳδή
2934 5249 3099 5303 ματος
3133 5232 3339 5285 ἐκείνου
3365 5226 3687 5283 ἀκολουθοῦ-

2124 5346 2228 5394 σιν,
2274 5329 2307 5401 ἢ
2355 5329 2435 5383 ὅτι
2471 5328 2705 5398 συνείρει
2745 5326 2840 5380 καὶ
2898 5324 3195 5396 συμπλέκει
3246 5322 3423 5392 ἑαυτῷ
3458 5322 3599 5373 κατὰ
3627 5318 3687 5371 τδ

2131 5423 2294 5492 μέλος
2321 5425 2348 5476 ὁ
2380 5420 2571 5492 εἱρμὸς
2600 5419 2661 5472 τὸ
2710 5416 3024 5490 τροπάριον,
3063 5436 3081 5467 ι
3121 5414 3339 5469 llirmus
3368 5411 3685 5480 appellatur,

2121 5530 2184 5568 eo
2210 5515 2350 5582 quod
2384 5514 2578 5567 seriem
2631 5511 2917 5580 quamdam
2952 5518 3007 5563 et
3045 5506 3432 5562 connexiouem
3465 5514 3517 5558 et
3541 5501 3687 5557 ordi-

2122 5621 2243 5657 nem
2290 5614 2481 5659 cantus
2524 5612 2579 5658 et
2605 5601 2971 5657 consonantiae
3001 5600 3200 5653 tribuat
3235 5594 3688 5664 consequentibus

2122 5707 2244 5763 post
2271 5710 2330 5749 se
2378 5694 2648 5763 tropariis.
2678 5692 2811 5746 Nam
2854 5692 2920 5745 ad
2954 5702 3167 5745 cantum
3211 5690 3509 5744 hirmorum
3551 5699 3684 5738 con-

2124 5791 2445 5854 formantur,
2473 5794 2528 5840 et
2564 5793 2988 5854 attemperantur
3034 5783 3200 5840 etiam
3231 5780 3485 5852 troparia,
3506 5787 3561 5834 et
3586 5776 3681 5832 de-
