  <div class='ocr_page' id='page_1' title='image "/cluster/home/n/w/nwhite01/storage/ocr_20150623/29/mdp.39015012934371/328.png"; bbox 0 0 4076 6226; ppageno 0'>
   <div class='ocr_carea' id='block_1_1' title="bbox 967 374 3126 445">
    <p class='ocr_par' dir='ltr' id='par_1_1' title="bbox 967 374 3126 445">
     <span class='ocr_line' id='line_1_1' title="bbox 967 374 3126 445; baseline 0.008 -17"><span class='ocrx_word' id='word_1_1' title='bbox 967 374 1055 429; x_wconf 83' lang='lat' dir='ltr'><strong>AD</strong></span> <span class='ocrx_word' id='word_1_2' title='bbox 1092 375 1547 436; x_wconf 82' lang='lat' dir='ltr'><strong>ACOLUTHIAM</strong></span> <span class='ocrx_word' id='word_1_3' title='bbox 1583 376 1832 436; x_wconf 81' lang='lat' dir='ltr'><strong>OFFICII</strong></span> <span class='ocrx_word' id='word_1_4' title='bbox 1871 380 2108 439; x_wconf 67' lang='lat' dir='ltr'><strong>GBECI</strong></span> <span class='ocrx_word' id='word_1_5' title='bbox 2153 381 2399 438; x_wconf 82' lang='lat' dir='ltr'><strong>DISSER</strong></span> <span class='ocrx_word' id='word_1_6' title='bbox 2414 383 2622 441; x_wconf 85' lang='lat' dir='ltr'><strong>TATlO</strong></span> <span class='ocrx_word' id='word_1_7' title='bbox 2662 386 3126 445; x_wconf 74' lang='lat' dir='ltr'><strong>ONOMAS&#39;HLA.</strong></span> 
     </span>
    </p>
   </div>
   <div class='ocr_carea' id='block_1_2' title="bbox 3513 411 3701 453">
    <p class='ocr_par' dir='ltr' id='par_1_2' title="bbox 3513 411 3701 453">
     <span class='ocr_line' id='line_1_2' title="bbox 3513 411 3701 453; baseline 0.016 -3"><span class='ocrx_word' id='word_1_8' title='bbox 3513 411 3701 453; x_wconf 69' lang='lat' dir='ltr'><strong>CCCXIX</strong></span> 
     </span>
    </p>
   </div>
   <div class='ocr_carea' id='block_1_3' title="bbox 432 490 3702 573">
    <p class='ocr_par' dir='ltr' id='par_1_3' title="bbox 432 490 3702 573">
     <span class='ocr_line' id='line_1_3' title="bbox 432 490 3702 573; baseline 0.005 -26"><span class='ocrx_word' id='word_1_9' title='bbox 432 498 725 548; x_wconf 85' lang='lat' dir='ltr'><strong>cantantur</strong></span> <span class='ocrx_word' id='word_1_10' title='bbox 777 504 886 544; x_wconf 91' lang='lat' dir='ltr'><strong>non</strong></span> <span class='ocrx_word' id='word_1_11' title='bbox 940 490 1062 546; x_wconf 84' lang='lat' dir='ltr'><strong>sine</strong></span> <span class='ocrx_word' id='word_1_12' title='bbox 1105 491 1369 549; x_wconf 98' lang='lat' dir='ltr'><strong>relatione</strong></span> <span class='ocrx_word' id='word_1_13' title='bbox 1418 494 1486 549; x_wconf 90' lang='lat' dir='ltr'><strong>ad</strong></span> <span class='ocrx_word' id='word_1_14' title='bbox 1520 495 1747 561; x_wconf 85' lang='lat' dir='ltr'><strong>hirmos,</strong></span> <span class='ocrx_word' id='word_1_15' title='bbox 1779 511 2009 566; x_wconf 89' lang='lat' dir='ltr'><strong>quorum</strong></span> <span class='ocrx_word' id='word_1_16' title='bbox 2042 498 2089 552; x_wconf 81' lang='grc' dir='ltr'>Λ</span> <span class='ocrx_word' id='word_1_17' title='bbox 2115 512 2215 550; x_wconf 82' lang='lat' dir='ltr'><strong>vox</strong></span> <span class='ocrx_word' id='word_1_18' title='bbox 2248 497 2596 568; x_wconf 76' lang='lat' dir='ltr'><strong>psallentium</strong></span> <span class='ocrx_word' id='word_1_19' title='bbox 2620 500 2891 571; x_wconf 74' lang='lat' dir='ltr'><strong>exigatur,</strong></span> <span class='ocrx_word' id='word_1_20' title='bbox 2920 517 3095 573; x_wconf 89' lang='lat' dir='ltr'><strong>neque</strong></span> <span class='ocrx_word' id='word_1_21' title='bbox 3118 508 3421 559; x_wconf 88' lang='lat' dir='ltr'><strong>concinnus</strong></span> <span class='ocrx_word' id='word_1_22' title='bbox 3443 507 3546 561; x_wconf 89' lang='lat' dir='ltr'><strong>erit</strong></span> <span class='ocrx_word' id='word_1_23' title='bbox 3574 523 3702 562; x_wconf 80' lang='lat' dir='ltr'><strong>can-</strong></span> 
     </span>
    </p>
   </div>
   <div class='ocr_carea' id='block_1_4' title="bbox 432 582 2018 644">
    <p class='ocr_par' dir='ltr' id='par_1_4' title="bbox 432 582 2018 644">
     <span class='ocr_line' id='line_1_4' title="bbox 432 582 2018 644; baseline 0.003 -4"><span class='ocrx_word' id='word_1_24' title='bbox 432 585 622 640; x_wconf 89' lang='lat' dir='ltr'><strong>itidem</strong></span> <span class='ocrx_word' id='word_1_25' title='bbox 678 582 963 637; x_wconf 88' lang='lat' dir='ltr'><strong>melodiam</strong></span> <span class='ocrx_word' id='word_1_26' title='bbox 1019 593 1076 638; x_wconf 93' lang='lat' dir='ltr'><strong>et</strong></span> <span class='ocrx_word' id='word_1_27' title='bbox 1130 598 1323 639; x_wconf 89' lang='lat' dir='ltr'><strong>sonum</strong></span> <span class='ocrx_word' id='word_1_28' title='bbox 1381 585 1688 643; x_wconf 85' lang='lat' dir='ltr'><strong>imitantur.</strong></span> <span class='ocrx_word' id='word_1_29' title='bbox 1745 586 1842 641; x_wconf 85' lang='lat' dir='ltr'><strong>Vel</strong></span> <span class='ocrx_word' id='word_1_30' title='bbox 1894 589 2018 644; x_wconf 90' lang='lat' dir='ltr'><strong>inde</strong></span> 
     </span>
    </p>
   </div>
   <div class='ocr_carea' id='block_1_5' title="bbox 434 676 2018 745">
    <p class='ocr_par' dir='ltr' id='par_1_5' title="bbox 434 676 2018 745">
     <span class='ocr_line' id='line_1_5' title="bbox 434 676 2018 745; baseline 0.003 -13"><span class='ocrx_word' id='word_1_31' title='bbox 434 679 648 732; x_wconf 82' lang='lat' dir='ltr'><strong>hit-mus</strong></span> <span class='ocrx_word' id='word_1_32' title='bbox 688 690 882 730; x_wconf 88' lang='lat' dir='ltr'><strong>nomen</strong></span> <span class='ocrx_word' id='word_1_33' title='bbox 931 676 1117 742; x_wconf 86' lang='lat' dir='ltr'><strong>habet,</strong></span> <span class='ocrx_word' id='word_1_34' title='bbox 1158 680 1301 745; x_wconf 87' lang='lat' dir='ltr'><strong>quod</strong></span> <span class='ocrx_word' id='word_1_35' title='bbox 1330 680 1622 734; x_wconf 87' lang='lat' dir='ltr'><strong>contrahat</strong></span> <span class='ocrx_word' id='word_1_36' title='bbox 1647 689 1703 735; x_wconf 92' lang='lat' dir='ltr'><strong>et</strong></span> <span class='ocrx_word' id='word_1_37' title='bbox 1730 689 2018 736; x_wconf 89' lang='lat' dir='ltr'><strong>connectat</strong></span> 
     </span>
    </p>
   </div>
   <div class='ocr_carea' id='block_1_6' title="bbox 431 765 2017 838">
    <p class='ocr_par' dir='ltr' id='par_1_6' title="bbox 431 765 2017 838">
     <span class='ocr_line' id='line_1_6' title="bbox 431 765 2017 838; baseline 0.004 -16"><span class='ocrx_word' id='word_1_38' title='bbox 431 769 535 823; x_wconf 92' lang='lat' dir='ltr'><strong>sibi</strong></span> <span class='ocrx_word' id='word_1_39' title='bbox 582 767 638 821; x_wconf 91' lang='lat' dir='ltr'><strong>in</strong></span> <span class='ocrx_word' id='word_1_40' title='bbox 681 765 911 821; x_wconf 86' lang='lat' dir='ltr'><strong>melodia</strong></span> <span class='ocrx_word' id='word_1_41' title='bbox 959 776 1016 822; x_wconf 88' lang='lat' dir='ltr'><strong>et</strong></span> <span class='ocrx_word' id='word_1_42' title='bbox 1061 778 1218 822; x_wconf 89' lang='lat' dir='ltr'><strong>cantu</strong></span> <span class='ocrx_word' id='word_1_43' title='bbox 1252 771 1570 838; x_wconf 89' lang='lat' dir='ltr'><strong>troparinm.</strong></span> <span class='ocrx_word' id='word_1_44' title='bbox 1599 791 1617 824; x_wconf 78' lang='grc' dir='ltr'><strong>ι</strong></span> <span class='ocrx_word' id='word_1_45' title='bbox 1656 772 1720 826; x_wconf 84' lang='grc' dir='ltr'>Ει</span> <span class='ocrx_word' id='word_1_46' title='bbox 1748 784 1894 828; x_wconf 88' lang='lat' dir='ltr'><strong>certe</strong></span> <span class='ocrx_word' id='word_1_47' title='bbox 1922 774 2017 828; x_wconf 77' lang='grc' dir='ltr'><strong>Εἴ-</strong></span> 
     </span>
    </p>
   </div>
   <div class='ocr_carea' id='block_1_7' title="bbox 435 858 2019 931">
    <p class='ocr_par' dir='ltr' id='par_1_7' title="bbox 435 858 2019 931">
     <span class='ocr_line' id='line_1_7' title="bbox 435 858 2019 931; baseline 0.004 -19"><span class='ocrx_word' id='word_1_48' title='bbox 435 877 549 931; x_wconf 84' lang='grc' dir='ltr'><strong>ρω,</strong></span> <span class='ocrx_word' id='word_1_49' title='bbox 598 874 629 913; x_wconf 87' lang='lat' dir='ltr'><strong>a</strong></span> <span class='ocrx_word' id='word_1_50' title='bbox 682 873 789 928; x_wconf 90' lang='lat' dir='ltr'><strong>quo</strong></span> <span class='ocrx_word' id='word_1_51' title='bbox 840 858 1049 913; x_wconf 90' lang='lat' dir='ltr'><strong>hirmus</strong></span> <span class='ocrx_word' id='word_1_52' title='bbox 1095 859 1414 927; x_wconf 86' lang='lat' dir='ltr'><strong>deducitur,</strong></span> <span class='ocrx_word' id='word_1_53' title='bbox 1450 863 1720 931; x_wconf 80' lang='lat' dir='ltr'><strong>signiﬁcat</strong></span> <span class='ocrx_word' id='word_1_54' title='bbox 1767 867 1924 919; x_wconf 83' lang='lat' dir='ltr'><strong>trabo</strong></span> <span class='ocrx_word' id='word_1_55' title='bbox 1964 876 2019 919; x_wconf 86' lang='lat' dir='ltr'><strong>et</strong></span> 
     </span>
    </p>
   </div>
   <div class='ocr_carea' id='block_1_8' title="bbox 434 951 2017 1027">
    <p class='ocr_par' dir='ltr' id='par_1_8' title="bbox 434 951 2017 1027">
     <span class='ocr_line' id='line_1_8' title="bbox 434 951 2017 1027; baseline 0.005 -23"><span class='ocrx_word' id='word_1_56' title='bbox 434 960 609 1016; x_wconf 80' lang='lat' dir='ltr'><strong>necto,</strong></span> <span class='ocrx_word' id='word_1_57' title='bbox 647 961 706 1005; x_wconf 90' lang='lat' dir='ltr'><strong>ut</strong></span> <span class='ocrx_word' id='word_1_58' title='bbox 736 960 884 1020; x_wconf 90' lang='lat' dir='ltr'><strong>patet</strong></span> <span class='ocrx_word' id='word_1_59' title='bbox 914 966 977 1006; x_wconf 76' lang='lat' dir='ltr'><strong>ex</strong></span> <span class='ocrx_word' id='word_1_60' title='bbox 1006 951 1120 1016; x_wconf 87' lang='lat' dir='ltr'><strong>illo,</strong></span> <span class='ocrx_word' id='word_1_61' title='bbox 1165 953 1308 1023; x_wconf 85' lang='lat' dir='ltr'><strong>quod</strong></span> <span class='ocrx_word' id='word_1_62' title='bbox 1343 953 1607 1011; x_wconf 81' lang='lat' dir='ltr'><strong>Hesiodus</strong></span> <span class='ocrx_word' id='word_1_63' title='bbox 1634 957 1686 1010; x_wconf 92' lang='lat' dir='ltr'><strong>in</strong></span> <span class='ocrx_word' id='word_1_64' title='bbox 1719 955 2017 1027; x_wconf 83' lang='lat' dir='ltr'><strong>Theogonia</strong></span> 
     </span>
    </p>
   </div>
   <div class='ocr_carea' id='block_1_9' title="bbox 435 1044 969 1099">
    <p class='ocr_par' dir='ltr' id='par_1_9' title="bbox 435 1044 969 1099">
     <span class='ocr_line' id='line_1_9' title="bbox 435 1044 969 1099; baseline 0 -1"><span class='ocrx_word' id='word_1_65' title='bbox 435 1045 503 1098; x_wconf 87' lang='lat' dir='ltr'><strong>de</strong></span> <span class='ocrx_word' id='word_1_66' title='bbox 532 1044 699 1099; x_wconf 82' lang='lat' dir='ltr'><strong>Musis</strong></span> <span class='ocrx_word' id='word_1_67' title='bbox 729 1045 927 1099; x_wconf 86' lang='lat' dir='ltr'><strong>cecinit</strong></span> <span class='ocrx_word' id='word_1_68' title='bbox 955 1066 969 1098; x_wconf 88' lang='lat'><strong>:</strong></span> 
     </span>
    </p>
   </div>
   <div class='ocr_carea' id='block_1_10' title="bbox 438 1181 1632 1249">
    <p class='ocr_par' dir='ltr' id='par_1_10' title="bbox 438 1181 1632 1249">
     <span class='ocr_line' id='line_1_10' title="bbox 438 1181 1632 1249; baseline 0 -14"><span class='ocrx_word' id='word_1_69' title='bbox 438 1181 1632 1249; x_wconf 76' lang='grc' dir='ltr'><strong>.............τίιὶΔιὶπατρὶ</strong></span> 
     </span>
    </p>
   </div>
   <div class='ocr_carea' id='block_1_11' title="bbox 446 1249 2017 1322">
    <p class='ocr_par' dir='ltr' id='par_1_11' title="bbox 446 1249 2017 1322">
     <span class='ocr_line' id='line_1_11' title="bbox 446 1249 2017 1322; baseline 0.002 -18"><span class='ocrx_word' id='word_1_70' title='bbox 446 1249 770 1322; x_wconf 65' lang='grc' dir='ltr'><strong>’Υμφςεῦσαι</strong></span> <span class='ocrx_word' id='word_1_71' title='bbox 791 1249 1283 1322; x_wconf 64' lang='grc' dir='ltr'><strong>τέρπουσιμέγαν</strong></span> <span class='ocrx_word' id='word_1_72' title='bbox 1308 1252 1455 1305; x_wconf 73' lang='grc' dir='ltr'>νόον</span> <span class='ocrx_word' id='word_1_73' title='bbox 1481 1253 1655 1318; x_wconf 82' lang='grc' dir='ltr'><strong>ἐντὸς</strong></span> <span class='ocrx_word' id='word_1_74' title='bbox 1690 1252 2017 1322; x_wconf 72' lang='grc' dir='ltr'><strong>Ὀλύμπου,</strong></span> 
     </span>
    </p>
   </div>
   <div class='ocr_carea' id='block_1_12' title="bbox 431 1320 2016 1392">
    <p class='ocr_par' dir='ltr' id='par_1_12' title="bbox 431 1320 2016 1392">
     <span class='ocr_line' id='line_1_12' title="bbox 431 1320 2016 1392; baseline 0.003 -19"><span class='ocrx_word' id='word_1_75' title='bbox 431 1320 711 1392; x_wconf 75' lang='grc' dir='ltr'><strong>Εἰρεῦσαι</strong></span> <span class='ocrx_word' id='word_1_76' title='bbox 734 1320 808 1373; x_wconf 84' lang='grc' dir='ltr'><em>τά</em></span> <span class='ocrx_word' id='word_1_77' title='bbox 831 1323 883 1392; x_wconf 71' lang='grc' dir='ltr'><strong>τ’</strong></span> <span class='ocrx_word' id='word_1_78' title='bbox 904 1322 1086 1375; x_wconf 76' lang='grc' dir='ltr'>ἐόντα</span> <span class='ocrx_word' id='word_1_79' title='bbox 1106 1321 1176 1374; x_wconf 84' lang='grc' dir='ltr'><strong>τά</strong></span> <span class='ocrx_word' id='word_1_80' title='bbox 1192 1323 1240 1375; x_wconf 89' lang='grc' dir='ltr'><strong>τ’</strong></span> <span class='ocrx_word' id='word_1_81' title='bbox 1266 1322 1573 1392; x_wconf 76' lang='grc' dir='ltr'><strong>ἐσσόμενα</strong></span> <span class='ocrx_word' id='word_1_82' title='bbox 1602 1324 1718 1392; x_wconf 80' lang='grc' dir='ltr'><strong>πρό</strong></span> <span class='ocrx_word' id='word_1_83' title='bbox 1740 1327 1790 1377; x_wconf 84' lang='grc' dir='ltr'><em>τ’</em></span> <span class='ocrx_word' id='word_1_84' title='bbox 1819 1320 2016 1387; x_wconf 79' lang='grc' dir='ltr'><strong>ἐόντα,</strong></span> 
     </span>
    </p>
   </div>
   <div class='ocr_carea' id='block_1_13' title="bbox 435 1391 979 1461">
    <p class='ocr_par' dir='ltr' id='par_1_13' title="bbox 435 1391 979 1461">
     <span class='ocr_line' id='line_1_13' title="bbox 435 1391 979 1461; baseline -0.009 -12"><span class='ocrx_word' id='word_1_85' title='bbox 435 1391 607 1461; x_wconf 77' lang='grc' dir='ltr'><em>Φωνὴ</em></span> <span class='ocrx_word' id='word_1_86' title='bbox 632 1391 979 1461; x_wconf 81' lang='grc' dir='ltr'><strong>ὁμηρεῦσαι.</strong></span> 
     </span>
    </p>
   </div>
   <div class='ocr_carea' id='block_1_14' title="bbox 438 1525 1851 1599">
    <p class='ocr_par' dir='ltr' id='par_1_14' title="bbox 438 1525 1851 1599">
     <span class='ocr_line' id='line_1_14' title="bbox 438 1525 1851 1599; baseline 0 -16"><span class='ocrx_word' id='word_1_87' title='bbox 438 1569 451 1583; x_wconf 92' lang='grc'><strong>.</strong></span> <span class='ocrx_word' id='word_1_88' title='bbox 497 1566 512 1583; x_wconf 91' lang='grc'><strong>.</strong></span> <span class='ocrx_word' id='word_1_89' title='bbox 556 1569 570 1582; x_wconf 91' lang='grc'><strong>.</strong></span> <span class='ocrx_word' id='word_1_90' title='bbox 614 1567 629 1581; x_wconf 92' lang='grc'><strong>.</strong></span> <span class='ocrx_word' id='word_1_91' title='bbox 674 1567 688 1582; x_wconf 93' lang='grc'><strong>.</strong></span> <span class='ocrx_word' id='word_1_92' title='bbox 734 1566 749 1580; x_wconf 93' lang='grc'><strong>.</strong></span> <span class='ocrx_word' id='word_1_93' title='bbox 795 1564 811 1580; x_wconf 92' lang='grc'><strong>.</strong></span> <span class='ocrx_word' id='word_1_94' title='bbox 857 1570 868 1582; x_wconf 95' lang='grc'><em>,</em></span> <span class='ocrx_word' id='word_1_95' title='bbox 910 1525 1197 1581; x_wconf 79' lang='lat' dir='ltr'><strong>Hominum</strong></span> <span class='ocrx_word' id='word_1_96' title='bbox 1221 1544 1422 1597; x_wconf 68' lang='lat' dir='ltr'><strong>patrem</strong></span> <span class='ocrx_word' id='word_1_97' title='bbox 1450 1539 1605 1599; x_wconf 84' lang='lat' dir='ltr'><strong>atque</strong></span> <span class='ocrx_word' id='word_1_98' title='bbox 1634 1531 1851 1583; x_wconf 85' lang='lat' dir='ltr'><strong>deorum</strong></span> 
     </span>
    </p>
   </div>
   <div class='ocr_carea' id='block_1_15' title="bbox 437 1599 2006 1673">
    <p class='ocr_par' dir='ltr' id='par_1_15' title="bbox 437 1599 2006 1673">
     <span class='ocr_line' id='line_1_15' title="bbox 437 1599 2006 1673; baseline 0.002 -19"><span class='ocrx_word' id='word_1_99' title='bbox 437 1599 763 1673; x_wconf 65' lang='lat' dir='ltr'><strong>Laudantes,</strong></span> <span class='ocrx_word' id='word_1_100' title='bbox 790 1614 1036 1673; x_wconf 74' lang='lat' dir='ltr'><strong>magnam</strong></span> <span class='ocrx_word' id='word_1_101' title='bbox 1067 1606 1292 1673; x_wconf 77' lang='lat' dir='ltr'><strong>mentem</strong></span> <span class='ocrx_word' id='word_1_102' title='bbox 1328 1600 1627 1673; x_wconf 72' lang='lat' dir='ltr'><strong>exhilarant</strong></span> <span class='ocrx_word' id='word_1_103' title='bbox 1659 1603 1715 1653; x_wconf 82' lang='lat' dir='ltr'><strong>in</strong></span> <span class='ocrx_word' id='word_1_104' title='bbox 1747 1602 2006 1673; x_wconf 70' lang='lat' dir='ltr'><strong>Olympo;</strong></span> 
     </span>
    </p>
   </div>
   <div class='ocr_carea' id='block_1_16' title="bbox 437 1669 1774 1740">
    <p class='ocr_par' dir='ltr' id='par_1_16' title="bbox 437 1669 1774 1740">
     <span class='ocr_line' id='line_1_16' title="bbox 437 1669 1774 1740; baseline 0.001 -18"><span class='ocrx_word' id='word_1_105' title='bbox 437 1670 715 1740; x_wconf 51' lang='lat' dir='ltr'><strong>ﬂectentes</strong></span> <span class='ocrx_word' id='word_1_106' title='bbox 744 1670 1053 1740; x_wconf 53' lang='lat' dir='ltr'><strong>prementia.</strong></span> <span class='ocrx_word' id='word_1_107' title='bbox 1084 1669 1350 1733; x_wconf 53' lang='lat' dir='ltr'><strong>praeterita</strong></span> <span class='ocrx_word' id='word_1_108' title='bbox 1383 1678 1538 1740; x_wconf 82' lang='lat' dir='ltr'><strong>atque</strong></span> <span class='ocrx_word' id='word_1_109' title='bbox 1573 1672 1774 1739; x_wconf 71' lang='lat' dir='ltr'><strong>futura,</strong></span> 
     </span>
    </p>
   </div>
   <div class='ocr_carea' id='block_1_17' title="bbox 435 1736 1259 1808">
    <p class='ocr_par' dir='ltr' id='par_1_17' title="bbox 435 1736 1259 1808">
     <span class='ocr_line' id='line_1_17' title="bbox 435 1736 1259 1808; baseline 0 -16"><span class='ocrx_word' id='word_1_110' title='bbox 435 1736 658 1792; x_wconf 72' lang='lat' dir='ltr'><strong>Cultura</strong></span> <span class='ocrx_word' id='word_1_111' title='bbox 686 1737 965 1808; x_wconf 77' lang='lat' dir='ltr'><strong>fundentes</strong></span> <span class='ocrx_word' id='word_1_112' title='bbox 1026 1751 1259 1792; x_wconf 78' lang='lat' dir='ltr'><strong>cantant.</strong></span> 
     </span>
    </p>
   </div>
   <div class='ocr_carea' id='block_1_18' title="bbox 438 1874 2021 1947">
    <p class='ocr_par' dir='ltr' id='par_1_18' title="bbox 438 1874 2021 1947">
     <span class='ocr_line' id='line_1_18' title="bbox 438 1874 2021 1947; baseline 0.001 -17"><span class='ocrx_word' id='word_1_113' title='bbox 438 1877 504 1930; x_wconf 87' lang='lat' dir='ltr'><strong>Et</strong></span> <span class='ocrx_word' id='word_1_114' title='bbox 529 1875 774 1945; x_wconf 87' lang='lat' dir='ltr'><strong>quamvis</strong></span> <span class='ocrx_word' id='word_1_115' title='bbox 810 1876 1049 1931; x_wconf 88' lang='lat' dir='ltr'><strong>Boninus</strong></span> <span class='ocrx_word' id='word_1_116' title='bbox 1095 1874 1463 1939; x_wconf 77' lang='lat' dir='ltr'><strong>Mombritius,</strong></span> <span class='ocrx_word' id='word_1_117' title='bbox 1516 1878 1767 1947; x_wconf 83' lang='lat' dir='ltr'><strong>patritius</strong></span> <span class='ocrx_word' id='word_1_118' title='bbox 1820 1878 2021 1932; x_wconf 84' lang='lat' dir='ltr'><strong>Medio-</strong></span> 
     </span>
    </p>
   </div>
   <div class='ocr_carea' id='block_1_19' title="bbox 436 1967 2019 2039">
    <p class='ocr_par' dir='ltr' id='par_1_19' title="bbox 436 1967 2019 2039">
     <span class='ocr_line' id='line_1_19' title="bbox 436 1967 2019 2039; baseline 0.003 -19"><span class='ocrx_word' id='word_1_119' title='bbox 436 1967 697 2033; x_wconf 80' lang='lat' dir='ltr'><strong>lanensis,</strong></span> <span class='ocrx_word' id='word_1_120' title='bbox 731 1967 784 2021; x_wconf 91' lang='lat' dir='ltr'><strong>in</strong></span> <span class='ocrx_word' id='word_1_121' title='bbox 817 1981 914 2022; x_wconf 89' lang='lat' dir='ltr'><strong>sua</strong></span> <span class='ocrx_word' id='word_1_122' title='bbox 944 1967 1346 2036; x_wconf 83' lang='lat' dir='ltr'><strong>elegantissima</strong></span> <span class='ocrx_word' id='word_1_123' title='bbox 1405 1968 1721 2039; x_wconf 73' lang='lat' dir='ltr'><strong>Theogonia:</strong></span> <span class='ocrx_word' id='word_1_124' title='bbox 1749 1972 2019 2033; x_wconf 84' lang='lat' dir='ltr'><strong>versione.</strong></span> 
     </span>
    </p>
   </div>
   <div class='ocr_carea' id='block_1_20' title="bbox 437 2058 2019 2130">
    <p class='ocr_par' dir='ltr' id='par_1_20' title="bbox 437 2058 2019 2130">
     <span class='ocr_line' id='line_1_20' title="bbox 437 2058 2019 2130; baseline 0.003 -20"><span class='ocrx_word' id='word_1_125' title='bbox 437 2075 543 2111; x_wconf 90' lang='lat' dir='ltr'><strong>non</strong></span> <span class='ocrx_word' id='word_1_126' title='bbox 572 2058 817 2115; x_wconf 72' lang='lat' dir='ltr'><strong>videatur</strong></span> <span class='ocrx_word' id='word_1_127' title='bbox 851 2073 1070 2114; x_wconf 91' lang='lat' dir='ltr'><strong>sensum</strong></span> <span class='ocrx_word' id='word_1_128' title='bbox 1099 2058 1313 2114; x_wconf 85' lang='lat' dir='ltr'><strong>Hesiodi</strong></span> <span class='ocrx_word' id='word_1_129' title='bbox 1348 2060 1485 2113; x_wconf 81' lang='lat' dir='ltr'><strong>satis</strong></span> <span class='ocrx_word' id='word_1_130' title='bbox 1507 2061 1864 2130; x_wconf 84' lang='lat' dir='ltr'><strong>expressisse,</strong></span> <span class='ocrx_word' id='word_1_131' title='bbox 1893 2063 2019 2117; x_wconf 90' lang='lat' dir='ltr'><strong>dum</strong></span> 
     </span>
    </p>
   </div>
   <div class='ocr_carea' id='block_1_21' title="bbox 436 2149 647 2204">
    <p class='ocr_par' dir='ltr' id='par_1_21' title="bbox 436 2149 647 2204">
     <span class='ocr_line' id='line_1_21' title="bbox 436 2149 647 2204; baseline 0.009 -4"><span class='ocrx_word' id='word_1_132' title='bbox 436 2149 597 2204; x_wconf 83' lang='lat' dir='ltr'><strong>vertit</strong></span> <span class='ocrx_word' id='word_1_133' title='bbox 632 2166 647 2202; x_wconf 88' lang='lat'><strong>:</strong></span> 
     </span>
    </p>
   </div>
   <div class='ocr_carea' id='block_1_22' title="bbox 438 2264 2017 2406">
    <p class='ocr_par' dir='ltr' id='par_1_22' title="bbox 438 2264 2017 2406">
     <span class='ocr_line' id='line_1_22' title="bbox 438 2264 2017 2406; baseline 0.004 -21"><span class='ocrx_word' id='word_1_134' title='bbox 438 2301 634 2386; x_wconf 46' lang='lat' dir='ltr'><strong>.Ldude&#39;</strong></span> <span class='ocrx_word' id='word_1_135' title='bbox 647 2300 881 2388; x_wconf 57' lang='lat' dir='ltr'><strong>animum</strong></span> <span class='ocrx_word' id='word_1_136' title='bbox 911 2303 1078 2404; x_wconf 60' lang='lat' dir='ltr'><strong>putris</strong></span> <span class='ocrx_word' id='word_1_137' title='bbox 1097 2302 1403 2391; x_wconf 41' lang='lat' dir='ltr'><strong>emititaordn;</strong></span> <span class='ocrx_word' id='word_1_138' title='bbox 1431 2303 1465 2390; x_wconf 48' lang='grc' dir='ltr'><strong>ς.</strong></span> <span class='ocrx_word' id='word_1_139' title='bbox 1484 2264 1796 2406; x_wconf 51' lang='lat' dir='ltr'><strong>plerumlqlft‘:</strong></span> <span class='ocrx_word' id='word_1_140' title='bbox 1821 2352 2017 2392; x_wconf 85' lang='lat' dir='ltr'><strong>canen-</strong></span> 
     </span>
    </p>
   </div>
   <div class='ocr_carea' id='block_1_23' title="bbox 439 2407 1912 2547">
    <p class='ocr_par' dir='ltr' id='par_1_23' title="bbox 439 2407 1912 2547">
     <span class='ocr_line' id='line_1_23' title="bbox 439 2407 1912 2547; baseline 0.013 -23"><span class='ocrx_word' id='word_1_141' title='bbox 439 2473 569 2539; x_wconf 73' lang='lat' dir='ltr'><strong>Quw</strong></span> <span class='ocrx_word' id='word_1_142' title='bbox 597 2474 725 2537; x_wconf 77' lang='lat' dir='ltr'><strong>sint,</strong></span> <span class='ocrx_word' id='word_1_143' title='bbox 756 2491 872 2542; x_wconf 74' lang='lat' dir='ltr'><strong>qua:</strong></span> <span class='ocrx_word' id='word_1_144' title='bbox 888 2475 1107 2543; x_wconf 76' lang='lat' dir='ltr'><strong>fuerint,</strong></span> <span class='ocrx_word' id='word_1_145' title='bbox 1136 2488 1179 2531; x_wconf 87' lang='lat' dir='ltr'><strong>et</strong></span> <span class='ocrx_word' id='word_1_146' title='bbox 1208 2493 1324 2547; x_wconf 66' lang='lat' dir='ltr'><strong>qua?</strong></span> <span class='ocrx_word' id='word_1_147' title='bbox 1350 2486 1566 2531; x_wconf 76' lang='grc' dir='ltr'><strong>υεηιῑιΐα</strong></span> <span class='ocrx_word' id='word_1_148' title='bbox 1600 2407 1912 2543; x_wconf 45' lang='lat' dir='ltr'><strong>lraha’lgl’f&#39;:2</strong></span> 
     </span>
    </p>
   </div>
   <div class='ocr_carea' id='block_1_24' title="bbox 438 2610 2017 2683">
    <p class='ocr_par' dir='ltr' id='par_1_24' title="bbox 438 2610 2017 2683">
     <span class='ocr_line' id='line_1_24' title="bbox 438 2610 2017 2683; baseline 0.002 -21"><span class='ocrx_word' id='word_1_149' title='bbox 438 2618 616 2662; x_wconf 87' lang='lat' dir='ltr'><strong>tamen</strong></span> <span class='ocrx_word' id='word_1_150' title='bbox 658 2625 687 2663; x_wconf 87' lang='lat' dir='ltr'><strong>a</strong></span> <span class='ocrx_word' id='word_1_151' title='bbox 738 2610 1139 2678; x_wconf 79' lang='lat' dir='ltr'><strong>signiﬁcatione</strong></span> <span class='ocrx_word' id='word_1_152' title='bbox 1192 2610 1342 2665; x_wconf 82' lang='lat' dir='ltr'><strong>verbi</strong></span> <span class='ocrx_word' id='word_1_153' title='bbox 1399 2611 1548 2683; x_wconf 80' lang='grc' dir='ltr'><strong>Εἵρω</strong></span> <span class='ocrx_word' id='word_1_154' title='bbox 1576 2611 1891 2681; x_wconf 86' lang='lat' dir='ltr'><strong>neutiquam</strong></span> <span class='ocrx_word' id='word_1_155' title='bbox 1929 2625 2017 2665; x_wconf 85' lang='lat' dir='ltr'><strong>re-</strong></span> 
     </span>
    </p>
   </div>
   <div class='ocr_carea' id='block_1_25' title="bbox 437 2701 620 2755">
    <p class='ocr_par' dir='ltr' id='par_1_25' title="bbox 437 2701 620 2755">
     <span class='ocr_line' id='line_1_25' title="bbox 437 2701 620 2755; baseline 0 -1"><span class='ocrx_word' id='word_1_156' title='bbox 437 2701 620 2755; x_wconf 83' lang='lat' dir='ltr'><strong>cessit.</strong></span> 
     </span>
    </p>
   </div>
   <div class='ocr_carea' id='block_1_26' title="bbox 510 2792 2018 2864">
    <p class='ocr_par' dir='ltr' id='par_1_26' title="bbox 510 2792 2018 2864">
     <span class='ocr_line' id='line_1_26' title="bbox 510 2792 2018 2864; baseline -0.001 -17"><span class='ocrx_word' id='word_1_157' title='bbox 510 2792 598 2847; x_wconf 82' lang='grc'><strong>10.</strong></span> <span class='ocrx_word' id='word_1_158' title='bbox 651 2792 871 2848; x_wconf 89' lang='lat' dir='ltr'><strong>Hirmus</strong></span> <span class='ocrx_word' id='word_1_159' title='bbox 894 2807 1045 2864; x_wconf 86' lang='lat' dir='ltr'><strong>ergo,</strong></span> <span class='ocrx_word' id='word_1_160' title='bbox 1094 2793 1272 2863; x_wconf 81' lang='lat' dir='ltr'><strong>quoad</strong></span> <span class='ocrx_word' id='word_1_161' title='bbox 1307 2792 1431 2846; x_wconf 78' lang='lat' dir='ltr'><strong>licet</strong></span> <span class='ocrx_word' id='word_1_162' title='bbox 1460 2807 1699 2861; x_wconf 88' lang='lat' dir='ltr'><strong>asseqm,</strong></span> <span class='ocrx_word' id='word_1_163' title='bbox 1731 2802 2018 2861; x_wconf 89' lang='lat' dir='ltr'><strong>sequentes</strong></span> 
     </span>
    </p>
   </div>
   <div class='ocr_carea' id='block_1_27' title="bbox 439 2881 2019 2948">
    <p class='ocr_par' dir='ltr' id='par_1_27' title="bbox 439 2881 2019 2948">
     <span class='ocr_line' id='line_1_27' title="bbox 439 2881 2019 2948; baseline -0.001 -10"><span class='ocrx_word' id='word_1_164' title='bbox 439 2884 684 2939; x_wconf 84' lang='lat' dir='ltr'><strong>modulos</strong></span> <span class='ocrx_word' id='word_1_165' title='bbox 713 2887 778 2939; x_wconf 89' lang='lat' dir='ltr'><strong>ad</strong></span> <span class='ocrx_word' id='word_1_166' title='bbox 827 2900 980 2939; x_wconf 84' lang='lat' dir='ltr'><strong>suam</strong></span> <span class='ocrx_word' id='word_1_167' title='bbox 1035 2881 1294 2939; x_wconf 79' lang='lat' dir='ltr'><strong>musicam</strong></span> <span class='ocrx_word' id='word_1_168' title='bbox 1332 2883 1674 2939; x_wconf 82' lang='lat' dir='ltr'><strong>inﬂexionem</strong></span> <span class='ocrx_word' id='word_1_169' title='bbox 1712 2885 1905 2948; x_wconf 86' lang='lat' dir='ltr'><strong>trahit,</strong></span> <span class='ocrx_word' id='word_1_170' title='bbox 1934 2893 2019 2937; x_wconf 81' lang='lat' dir='ltr'><strong>at-</strong></span> 
     </span>
    </p>
   </div>
   <div class='ocr_carea' id='block_1_28' title="bbox 437 2971 2019 3045">
    <p class='ocr_par' dir='ltr' id='par_1_28' title="bbox 437 2971 2019 3045">
     <span class='ocr_line' id='line_1_28' title="bbox 437 2971 2019 3045; baseline -0.004 -16"><span class='ocrx_word' id='word_1_171' title='bbox 437 2991 543 3045; x_wconf 86' lang='lat' dir='ltr'><strong>que</strong></span> <span class='ocrx_word' id='word_1_172' title='bbox 578 2977 694 3031; x_wconf 90' lang='lat' dir='ltr'><strong>ideo</strong></span> <span class='ocrx_word' id='word_1_173' title='bbox 728 2992 833 3030; x_wconf 89' lang='lat' dir='ltr'><strong>non</strong></span> <span class='ocrx_word' id='word_1_174' title='bbox 861 2976 1003 3029; x_wconf 90' lang='lat' dir='ltr'><strong>male</strong></span> <span class='ocrx_word' id='word_1_175' title='bbox 1036 2990 1065 3028; x_wconf 90' lang='lat' dir='ltr'><strong>a</strong></span> <span class='ocrx_word' id='word_1_176' title='bbox 1101 2973 1281 3029; x_wconf 87' lang='lat' dir='ltr'><strong>Goaro</strong></span> <span class='ocrx_word' id='word_1_177' title='bbox 1314 2973 1557 3028; x_wconf 85' lang='lat' dir='ltr'><strong>redditur</strong></span> <span class='ocrx_word' id='word_1_178' title='bbox 1610 2983 1835 3027; x_wconf 77' lang='lat' dir='ltr'><strong>tractus.</strong></span> <span class='ocrx_word' id='word_1_179' title='bbox 1882 2971 2019 3025; x_wconf 88' lang='lat' dir='ltr'><strong>Tra-</strong></span> 
     </span>
    </p>
   </div>
   <div class='ocr_carea' id='block_1_29' title="bbox 437 3064 2019 3134">
    <p class='ocr_par' dir='ltr' id='par_1_29' title="bbox 437 3064 2019 3134">
     <span class='ocr_line' id='line_1_29' title="bbox 437 3064 2019 3134; baseline -0.001 -13"><span class='ocrx_word' id='word_1_180' title='bbox 437 3079 583 3122; x_wconf 89' lang='lat' dir='ltr'><strong>ctum</strong></span> <span class='ocrx_word' id='word_1_181' title='bbox 628 3076 806 3120; x_wconf 86' lang='lat' dir='ltr'><strong>autem</strong></span> <span class='ocrx_word' id='word_1_182' title='bbox 836 3082 957 3121; x_wconf 90' lang='lat' dir='ltr'><strong>cum</strong></span> <span class='ocrx_word' id='word_1_183' title='bbox 990 3067 1134 3128; x_wconf 87' lang='lat' dir='ltr'><strong>dico,</strong></span> <span class='ocrx_word' id='word_1_184' title='bbox 1190 3065 1353 3120; x_wconf 87' lang='lat' dir='ltr'><strong>nolim</strong></span> <span class='ocrx_word' id='word_1_185' title='bbox 1382 3066 1631 3134; x_wconf 82' lang='lat' dir='ltr'><strong>equidem</strong></span> <span class='ocrx_word' id='word_1_186' title='bbox 1668 3080 1790 3119; x_wconf 93' lang='lat' dir='ltr'><strong>cum</strong></span> <span class='ocrx_word' id='word_1_187' title='bbox 1838 3064 2019 3131; x_wconf 88' lang='lat' dir='ltr'><strong>aliquo</strong></span> 
     </span>
    </p>
   </div>
   <div class='ocr_carea' id='block_1_30' title="bbox 439 3156 2017 3227">
    <p class='ocr_par' dir='ltr' id='par_1_30' title="bbox 439 3156 2017 3227">
     <span class='ocr_line' id='line_1_30' title="bbox 439 3156 2017 3227; baseline -0.001 -16"><span class='ocrx_word' id='word_1_188' title='bbox 439 3158 577 3227; x_wconf 90' lang='lat' dir='ltr'><strong>apud</strong></span> <span class='ocrx_word' id='word_1_189' title='bbox 608 3158 860 3211; x_wconf 85' lang='lat' dir='ltr'><strong>Allatium</strong></span> <span class='ocrx_word' id='word_1_190' title='bbox 892 3158 1191 3219; x_wconf 77' lang='lat' dir='ltr'><strong>existimes,</strong></span> <span class='ocrx_word' id='word_1_191' title='bbox 1224 3157 1456 3210; x_wconf 89' lang='lat' dir='ltr'><strong>hirmum</strong></span> <span class='ocrx_word' id='word_1_192' title='bbox 1481 3170 1510 3209; x_wconf 92' lang='lat' dir='ltr'><strong>a</strong></span> <span class='ocrx_word' id='word_1_193' title='bbox 1547 3163 1720 3209; x_wconf 89' lang='lat' dir='ltr'><strong>tractu</strong></span> <span class='ocrx_word' id='word_1_194' title='bbox 1762 3156 2017 3210; x_wconf 80' lang='lat' dir='ltr'><strong>Ecclesiae</strong></span> 
     </span>
    </p>
   </div>
   <div class='ocr_carea' id='block_1_31' title="bbox 440 3245 2018 3311">
    <p class='ocr_par' dir='ltr' id='par_1_31' title="bbox 440 3245 2018 3311">
     <span class='ocr_line' id='line_1_31' title="bbox 440 3245 2018 3311; baseline -0.001 -8"><span class='ocrx_word' id='word_1_195' title='bbox 440 3249 647 3303; x_wconf 68' lang='lat' dir='ltr'><strong>Latinae</strong></span> <span class='ocrx_word' id='word_1_196' title='bbox 702 3265 804 3303; x_wconf 92' lang='lat' dir='ltr'><strong>non</strong></span> <span class='ocrx_word' id='word_1_197' title='bbox 834 3248 1075 3303; x_wconf 75' lang='lat' dir='ltr'><strong>diﬂ‘erre.</strong></span> <span class='ocrx_word' id='word_1_198' title='bbox 1129 3248 1363 3311; x_wconf 87' lang='lat' dir='ltr'><strong>Etenim,</strong></span> <span class='ocrx_word' id='word_1_199' title='bbox 1399 3256 1456 3301; x_wconf 87' lang='lat' dir='ltr'><strong>ut</strong></span> <span class='ocrx_word' id='word_1_200' title='bbox 1504 3245 1794 3302; x_wconf 87' lang='lat' dir='ltr'><strong>Gretserus</strong></span> <span class='ocrx_word' id='word_1_201' title='bbox 1836 3257 2018 3301; x_wconf 88' lang='lat' dir='ltr'><strong>noster</strong></span> 
     </span>
    </p>
   </div>
   <div class='ocr_carea' id='block_1_32' title="bbox 442 3337 2011 3408">
    <p class='ocr_par' dir='ltr' id='par_1_32' title="bbox 442 3337 2011 3408">
     <span class='ocr_line' id='line_1_32' title="bbox 442 3337 2011 3408; baseline -0.001 -15"><span class='ocrx_word' id='word_1_202' title='bbox 442 3350 570 3396; x_wconf 88' lang='lat' dir='ltr'><strong>tom.</strong></span> <span class='ocrx_word' id='word_1_203' title='bbox 611 3340 697 3404; x_wconf 90' lang='lat' dir='ltr'><strong>lll,</strong></span> <span class='ocrx_word' id='word_1_204' title='bbox 726 3341 793 3394; x_wconf 89' lang='lat' dir='ltr'><strong>de</strong></span> <span class='ocrx_word' id='word_1_205' title='bbox 824 3354 1003 3404; x_wconf 86' lang='lat' dir='ltr'><strong>cruce,</strong></span> <span class='ocrx_word' id='word_1_206' title='bbox 1036 3355 1155 3408; x_wconf 82' lang='lat' dir='ltr'><strong>pag.</strong></span> <span class='ocrx_word' id='word_1_207' title='bbox 1175 3338 1316 3393; x_wconf 72' lang='lat'><strong>2528</strong></span> <span class='ocrx_word' id='word_1_208' title='bbox 1345 3338 1671 3406; x_wconf 86' lang='lat' dir='ltr'><strong>observavit,</strong></span> <span class='ocrx_word' id='word_1_209' title='bbox 1697 3337 2011 3392; x_wconf 84' lang='lat' dir='ltr'><strong>Latinorum</strong></span> 
     </span>
    </p>
   </div>
   <div class='ocr_carea' id='block_1_33' title="bbox 441 3430 2018 3499">
    <p class='ocr_par' dir='ltr' id='par_1_33' title="bbox 441 3430 2018 3499">
     <span class='ocr_line' id='line_1_33' title="bbox 441 3430 2018 3499; baseline -0.001 -13"><span class='ocrx_word' id='word_1_210' title='bbox 441 3443 645 3487; x_wconf 89' lang='lat' dir='ltr'><strong>tractus</strong></span> <span class='ocrx_word' id='word_1_211' title='bbox 707 3448 736 3485; x_wconf 89' lang='lat' dir='ltr'><strong>a</strong></span> <span class='ocrx_word' id='word_1_212' title='bbox 794 3432 1058 3485; x_wconf 85' lang='lat' dir='ltr'><strong>trahendo</strong></span> <span class='ocrx_word' id='word_1_213' title='bbox 1116 3431 1292 3485; x_wconf 82' lang='lat' dir='ltr'><strong>dictus</strong></span> <span class='ocrx_word' id='word_1_214' title='bbox 1347 3440 1470 3496; x_wconf 91' lang='lat' dir='ltr'><strong>est,</strong></span> <span class='ocrx_word' id='word_1_215' title='bbox 1518 3446 1624 3484; x_wconf 84' lang='lat' dir='ltr'><strong>non</strong></span> <span class='ocrx_word' id='word_1_216' title='bbox 1676 3445 1741 3485; x_wconf 92' lang='lat' dir='ltr'><strong>eo</strong></span> <span class='ocrx_word' id='word_1_217' title='bbox 1797 3430 2018 3499; x_wconf 88' lang='lat' dir='ltr'><strong>quidem</strong></span> 
     </span>
    </p>
   </div>
   <div class='ocr_carea' id='block_1_34' title="bbox 440 3522 2017 3594">
    <p class='ocr_par' dir='ltr' id='par_1_34' title="bbox 440 3522 2017 3594">
     <span class='ocr_line' id='line_1_34' title="bbox 440 3522 2017 3594; baseline -0.001 -18"><span class='ocrx_word' id='word_1_218' title='bbox 440 3525 583 3594; x_wconf 90' lang='lat' dir='ltr'><strong>quod</strong></span> <span class='ocrx_word' id='word_1_219' title='bbox 614 3525 683 3577; x_wconf 91' lang='lat' dir='ltr'><strong>sit</strong></span> <span class='ocrx_word' id='word_1_220' title='bbox 708 3539 893 3577; x_wconf 89' lang='lat' dir='ltr'><strong>norma</strong></span> <span class='ocrx_word' id='word_1_221' title='bbox 925 3523 990 3576; x_wconf 87' lang='lat' dir='ltr'><strong>ad</strong></span> <span class='ocrx_word' id='word_1_222' title='bbox 1023 3538 1182 3591; x_wconf 89' lang='lat' dir='ltr'><strong>quam</strong></span> <span class='ocrx_word' id='word_1_223' title='bbox 1234 3522 1591 3576; x_wconf 89' lang='lat' dir='ltr'><strong>concinantur</strong></span> <span class='ocrx_word' id='word_1_224' title='bbox 1630 3522 2017 3592; x_wconf 86' lang='lat' dir='ltr'><strong>subsequentia</strong></span> 
     </span>
    </p>
   </div>
   <div class='ocr_carea' id='block_1_35' title="bbox 441 3615 2020 3687">
    <p class='ocr_par' dir='ltr' id='par_1_35' title="bbox 441 3615 2020 3687">
     <span class='ocr_line' id='line_1_35' title="bbox 441 3615 2020 3687; baseline -0.001 -17"><span class='ocrx_word' id='word_1_225' title='bbox 441 3617 586 3687; x_wconf 89' lang='lat' dir='ltr'><strong>(nam</strong></span> <span class='ocrx_word' id='word_1_226' title='bbox 628 3615 942 3671; x_wconf 85' lang='lat' dir='ltr'><strong>Latinorqu</strong></span> <span class='ocrx_word' id='word_1_227' title='bbox 989 3624 1192 3669; x_wconf 89' lang='lat' dir='ltr'><strong>tractus</strong></span> <span class='ocrx_word' id='word_1_228' title='bbox 1247 3615 1367 3668; x_wconf 85' lang='lat' dir='ltr'><strong>talis</strong></span> <span class='ocrx_word' id='word_1_229' title='bbox 1402 3629 1586 3667; x_wconf 83' lang='lat' dir='ltr'><strong>norma</strong></span> <span class='ocrx_word' id='word_1_230' title='bbox 1631 3630 1733 3668; x_wconf 91' lang='lat' dir='ltr'><strong>non</strong></span> <span class='ocrx_word' id='word_1_231' title='bbox 1763 3616 1891 3681; x_wconf 84' lang='lat' dir='ltr'><strong>est),</strong></span> <span class='ocrx_word' id='word_1_232' title='bbox 1926 3617 2020 3669; x_wconf 88' lang='lat' dir='ltr'><strong>sed</strong></span> 
     </span>
    </p>
   </div>
   <div class='ocr_carea' id='block_1_36' title="bbox 441 3704 2023 3777">
    <p class='ocr_par' dir='ltr' id='par_1_36' title="bbox 441 3704 2023 3777">
     <span class='ocr_line' id='line_1_36' title="bbox 441 3704 2023 3777; baseline 0.001 -20"><span class='ocrx_word' id='word_1_233' title='bbox 441 3708 583 3777; x_wconf 87' lang='lat' dir='ltr'><strong>quod</strong></span> <span class='ocrx_word' id='word_1_234' title='bbox 616 3707 830 3760; x_wconf 83' lang='lat' dir='ltr'><strong>tractim</strong></span> <span class='ocrx_word' id='word_1_235' title='bbox 850 3717 1119 3762; x_wconf 89' lang='lat' dir='ltr'><strong>cantetur.</strong></span> <span class='ocrx_word' id='word_1_236' title='bbox 1151 3706 1317 3774; x_wconf 88' lang='lat' dir='ltr'><strong>Igitur</strong></span> <span class='ocrx_word' id='word_1_237' title='bbox 1335 3722 1455 3759; x_wconf 85' lang='lat' dir='ltr'><strong>cum</strong></span> <span class='ocrx_word' id='word_1_238' title='bbox 1475 3704 1785 3760; x_wconf 74' lang='lat' dir='ltr'><strong>Cra-cornuti</strong></span> <span class='ocrx_word' id='word_1_239' title='bbox 1815 3706 2023 3759; x_wconf 89' lang='lat' dir='ltr'><strong>hirmus</strong></span> 
     </span>
    </p>
   </div>
   <div class='ocr_carea' id='block_1_37' title="bbox 440 3798 2023 3869">
    <p class='ocr_par' dir='ltr' id='par_1_37' title="bbox 440 3798 2023 3869">
     <span class='ocr_line' id='line_1_37' title="bbox 440 3798 2023 3869; baseline -0.003 -16"><span class='ocrx_word' id='word_1_240' title='bbox 440 3816 614 3853; x_wconf 86' lang='lat' dir='ltr'><strong>canon</strong></span> <span class='ocrx_word' id='word_1_241' title='bbox 650 3802 721 3854; x_wconf 89' lang='lat' dir='ltr'><strong>sit</strong></span> <span class='ocrx_word' id='word_1_242' title='bbox 756 3816 819 3853; x_wconf 87' lang='lat' dir='ltr'><strong>ac</strong></span> <span class='ocrx_word' id='word_1_243' title='bbox 846 3799 1028 3869; x_wconf 86' lang='lat' dir='ltr'><strong>regula</strong></span> <span class='ocrx_word' id='word_1_244' title='bbox 1086 3798 1427 3867; x_wconf 88' lang='lat' dir='ltr'><strong>sequentium</strong></span> <span class='ocrx_word' id='word_1_245' title='bbox 1478 3798 1863 3866; x_wconf 73' lang='lat' dir='ltr'><strong>ll&#39;Oliﬂl&#39;iOi‘llm,</strong></span> <span class='ocrx_word' id='word_1_246' title='bbox 1911 3809 2023 3851; x_wconf 86' lang='lat' dir='ltr'><strong>tra-</strong></span> 
     </span>
    </p>
   </div>
   <div class='ocr_carea' id='block_1_38' title="bbox 441 3887 2019 3958">
    <p class='ocr_par' dir='ltr' id='par_1_38' title="bbox 441 3887 2019 3958">
     <span class='ocr_line' id='line_1_38' title="bbox 441 3887 2019 3958; baseline -0.002 -13"><span class='ocrx_word' id='word_1_247' title='bbox 441 3904 562 3946; x_wconf 86' lang='lat' dir='ltr'><strong>ctus</strong></span> <span class='ocrx_word' id='word_1_248' title='bbox 586 3891 900 3944; x_wconf 82' lang='lat' dir='ltr'><strong>Latinorum</strong></span> <span class='ocrx_word' id='word_1_249' title='bbox 937 3905 1039 3944; x_wconf 90' lang='lat' dir='ltr'><strong>non</strong></span> <span class='ocrx_word' id='word_1_250' title='bbox 1073 3890 1236 3956; x_wconf 86' lang='lat' dir='ltr'><strong>item;</strong></span> <span class='ocrx_word' id='word_1_251' title='bbox 1275 3903 1615 3958; x_wconf 89' lang='lat' dir='ltr'><strong>consequens</strong></span> <span class='ocrx_word' id='word_1_252' title='bbox 1656 3898 1762 3952; x_wconf 90' lang='lat' dir='ltr'><strong>est,</strong></span> <span class='ocrx_word' id='word_1_253' title='bbox 1800 3898 1857 3940; x_wconf 93' lang='lat' dir='ltr'><strong>ut</strong></span> <span class='ocrx_word' id='word_1_254' title='bbox 1884 3887 2019 3943; x_wconf 90' lang='lat' dir='ltr'><strong>alte-</strong></span> 
     </span>
    </p>
   </div>
   <div class='ocr_carea' id='block_1_39' title="bbox 445 3978 2020 4046">
    <p class='ocr_par' dir='ltr' id='par_1_39' title="bbox 445 3978 2020 4046">
     <span class='ocr_line' id='line_1_39' title="bbox 445 3978 2020 4046; baseline -0.003 -11"><span class='ocrx_word' id='word_1_255' title='bbox 445 3998 562 4035; x_wconf 89' lang='lat' dir='ltr'><strong>rum</strong></span> <span class='ocrx_word' id='word_1_256' title='bbox 600 3981 667 4034; x_wconf 88' lang='lat' dir='ltr'><strong>ab</strong></span> <span class='ocrx_word' id='word_1_257' title='bbox 695 3981 866 4035; x_wconf 90' lang='lat' dir='ltr'><strong>altero</strong></span> <span class='ocrx_word' id='word_1_258' title='bbox 901 3980 1115 4033; x_wconf 76' lang='lat' dir='ltr'><strong>uiﬂerre</strong></span> <span class='ocrx_word' id='word_1_259' title='bbox 1146 3979 1579 4046; x_wconf 89' lang='lat' dir='ltr'><strong>pronuntiemus.</strong></span> <span class='ocrx_word' id='word_1_260' title='bbox 1612 3978 1705 4032; x_wconf 83' lang='lat' dir='ltr'><strong>Est</strong></span> <span class='ocrx_word' id='word_1_261' title='bbox 1731 3988 1909 4030; x_wconf 83' lang='lat' dir='ltr'><strong>autem</strong></span> <span class='ocrx_word' id='word_1_262' title='bbox 1934 3978 2020 4031; x_wconf 88' lang='lat' dir='ltr'><strong>in-</strong></span> 
     </span>
    </p>
   </div>
   <div class='ocr_carea' id='block_1_40' title="bbox 444 4056 2019 4136">
    <p class='ocr_par' dir='ltr' id='par_1_40' title="bbox 444 4056 2019 4136">
     <span class='ocr_line' id='line_1_40' title="bbox 444 4056 2019 4136; baseline -0.006 -9"><span class='ocrx_word' id='word_1_263' title='bbox 444 4082 527 4127; x_wconf 88' lang='lat' dir='ltr'><strong>ter</strong></span> <span class='ocrx_word' id='word_1_264' title='bbox 555 4071 866 4127; x_wconf 66' lang='lat' dir='ltr'><strong>Graecorum</strong></span> <span class='ocrx_word' id='word_1_265' title='bbox 902 4070 1073 4123; x_wconf 87' lang='lat' dir='ltr'><strong>libros</strong></span> <span class='ocrx_word' id='word_1_266' title='bbox 1112 4056 1516 4122; x_wconf 87' lang='lat' dir='ltr'><strong>ecclesiasticos</strong></span> <span class='ocrx_word' id='word_1_267' title='bbox 1541 4066 1760 4136; x_wconf 83' lang='lat' dir='ltr'><strong>aliquis,</strong></span> <span class='ocrx_word' id='word_1_268' title='bbox 1788 4066 1877 4135; x_wconf 93' lang='lat' dir='ltr'><strong>qui</strong></span> <span class='ocrx_word' id='word_1_269' title='bbox 1903 4067 2019 4121; x_wconf 85' lang='lat' dir='ltr'><strong>hir-</strong></span> 
     </span>
    </p>
   </div>
   <div class='ocr_carea' id='block_1_41' title="bbox 444 4158 2017 4229">
    <p class='ocr_par' dir='ltr' id='par_1_41' title="bbox 444 4158 2017 4229">
     <span class='ocr_line' id='line_1_41' title="bbox 444 4158 2017 4229; baseline -0.004 -12"><span class='ocrx_word' id='word_1_270' title='bbox 444 4178 583 4229; x_wconf 91' lang='lat' dir='ltr'><strong>mos,</strong></span> <span class='ocrx_word' id='word_1_271' title='bbox 620 4162 915 4216; x_wconf 91' lang='lat' dir='ltr'><strong>secundum</strong></span> <span class='ocrx_word' id='word_1_272' title='bbox 946 4169 1070 4215; x_wconf 89' lang='lat' dir='ltr'><strong>octo</strong></span> <span class='ocrx_word' id='word_1_273' title='bbox 1105 4170 1352 4214; x_wconf 90' lang='lat' dir='ltr'><strong>tonorum</strong></span> <span class='ocrx_word' id='word_1_274' title='bbox 1396 4159 1716 4213; x_wconf 86' lang='lat' dir='ltr'><strong>varietatem</strong></span> <span class='ocrx_word' id='word_1_275' title='bbox 1744 4158 2017 4222; x_wconf 88' lang='lat' dir='ltr'><strong>collectos,</strong></span> 
     </span>
    </p>
   </div>
   <div class='ocr_carea' id='block_1_42' title="bbox 443 4250 1702 4323">
    <p class='ocr_par' dir='ltr' id='par_1_42' title="bbox 443 4250 1702 4323">
     <span class='ocr_line' id='line_1_42' title="bbox 443 4250 1702 4323; baseline -0.006 -13"><span class='ocrx_word' id='word_1_276' title='bbox 443 4255 709 4318; x_wconf 79' lang='lat' dir='ltr'><strong>continet,</strong></span> <span class='ocrx_word' id='word_1_277' title='bbox 750 4263 915 4321; x_wconf 83' lang='lat' dir='ltr'><strong>atque</strong></span> <span class='ocrx_word' id='word_1_278' title='bbox 950 4252 1072 4306; x_wconf 91' lang='lat' dir='ltr'><strong>ideo</strong></span> <span class='ocrx_word' id='word_1_279' title='bbox 1111 4250 1454 4323; x_wconf 82' lang='grc' dir='ltr'>εἱρμολόγιον</span> <span class='ocrx_word' id='word_1_280' title='bbox 1484 4250 1702 4305; x_wconf 88' lang='lat' dir='ltr'><strong>dicitur.</strong></span> 
     </span>
    </p>
   </div>
   <div class='ocr_carea' id='block_1_43' title="bbox 518 4343 2016 4415">
    <p class='ocr_par' dir='ltr' id='par_1_43' title="bbox 518 4343 2016 4415">
     <span class='ocr_line' id='line_1_43' title="bbox 518 4343 2016 4415; baseline -0.005 -14"><span class='ocrx_word' id='word_1_281' title='bbox 518 4349 602 4403; x_wconf 87' lang='grc'><strong>11.</strong></span> <span class='ocrx_word' id='word_1_282' title='bbox 627 4346 786 4401; x_wconf 87' lang='lat' dir='ltr'><strong>Hisce</strong></span> <span class='ocrx_word' id='word_1_283' title='bbox 815 4346 1103 4415; x_wconf 78' lang='lat' dir='ltr'><strong>explicatis</strong></span> <span class='ocrx_word' id='word_1_284' title='bbox 1131 4346 1347 4399; x_wconf 90' lang='lat' dir='ltr'><strong>videtur</strong></span> <span class='ocrx_word' id='word_1_285' title='bbox 1380 4343 1511 4397; x_wconf 91' lang='lat' dir='ltr'><strong>mihi</strong></span> <span class='ocrx_word' id='word_1_286' title='bbox 1541 4345 1650 4412; x_wconf 88' lang='lat' dir='ltr'><strong>jam</strong></span> <span class='ocrx_word' id='word_1_287' title='bbox 1686 4343 2016 4397; x_wconf 87' lang='lat' dir='ltr'><strong>redeundum</strong></span> 
     </span>
    </p>
   </div>
   <div class='ocr_carea' id='block_1_44' title="bbox 441 4432 2014 4509">
    <p class='ocr_par' dir='ltr' id='par_1_44' title="bbox 441 4432 2014 4509">
     <span class='ocr_line' id='line_1_44' title="bbox 441 4432 2014 4509; baseline -0.007 -13"><span class='ocrx_word' id='word_1_288' title='bbox 441 4443 507 4496; x_wconf 83' lang='lat' dir='ltr'><strong>ad</strong></span> <span class='ocrx_word' id='word_1_289' title='bbox 547 4442 804 4509; x_wconf 88' lang='lat' dir='ltr'><strong>troparia,</strong></span> <span class='ocrx_word' id='word_1_290' title='bbox 850 4448 906 4494; x_wconf 89' lang='lat' dir='ltr'><strong>et</strong></span> <span class='ocrx_word' id='word_1_291' title='bbox 959 4437 1432 4493; x_wconf 83' lang='lat' dir='ltr'><strong>commemoranda</strong></span> <span class='ocrx_word' id='word_1_292' title='bbox 1474 4435 1741 4489; x_wconf 86' lang='lat' dir='ltr'><strong>sententia</strong></span> <span class='ocrx_word' id='word_1_293' title='bbox 1803 4432 2014 4503; x_wconf 73' lang='lat' dir='ltr'><strong>Cangi’i,</strong></span> 
     </span>
    </p>
   </div>
   <div class='ocr_carea' id='block_1_45' title="bbox 440 4526 2096 4600">
    <p class='ocr_par' dir='ltr' id='par_1_45' title="bbox 440 4526 2096 4600">
     <span class='ocr_line' id='line_1_45' title="bbox 440 4526 2096 4600; baseline -0.005 -16"><span class='ocrx_word' id='word_1_294' title='bbox 440 4535 529 4600; x_wconf 86' lang='lat' dir='ltr'><strong>qui</strong></span> <span class='ocrx_word' id='word_1_295' title='bbox 564 4532 830 4587; x_wconf 84' lang='lat' dir='ltr'><strong>Zonaram</strong></span> <span class='ocrx_word' id='word_1_296' title='bbox 882 4541 1123 4595; x_wconf 84' lang='lat' dir='ltr'><strong>secutus,</strong></span> <span class='ocrx_word' id='word_1_297' title='bbox 1155 4529 1229 4582; x_wconf 85' lang='lat' dir='ltr'><strong>ait</strong></span> <span class='ocrx_word' id='word_1_298' title='bbox 1283 4528 1407 4581; x_wconf 88' lang='lat' dir='ltr'><strong>inde</strong></span> <span class='ocrx_word' id='word_1_299' title='bbox 1457 4526 1695 4596; x_wconf 85' lang='lat' dir='ltr'><strong>tmparia</strong></span> <span class='ocrx_word' id='word_1_300' title='bbox 1736 4526 2016 4595; x_wconf 86' lang='lat' dir='ltr'><strong>appellari,</strong></span> <span class='ocrx_word' id='word_1_301' title='bbox 2051 4541 2096 4595; x_wconf 77' lang='grc' dir='ltr'>ι)</span> 
     </span>
    </p>
   </div>
   <div class='ocr_carea' id='block_1_46' title="bbox 445 4620 2020 4693">
    <p class='ocr_par' dir='ltr' id='par_1_46' title="bbox 445 4620 2020 4693">
     <span class='ocr_line' id='line_1_46' title="bbox 445 4620 2020 4693; baseline -0.004 -16"><span class='ocrx_word' id='word_1_302' title='bbox 445 4645 464 4677; x_wconf 73' lang='grc' dir='ltr'><strong>ι</strong></span> <span class='ocrx_word' id='word_1_303' title='bbox 507 4626 647 4693; x_wconf 87' lang='lat' dir='ltr'><strong>quod</strong></span> <span class='ocrx_word' id='word_1_304' title='bbox 678 4625 741 4677; x_wconf 89' lang='lat' dir='ltr'><strong>ad</strong></span> <span class='ocrx_word' id='word_1_305' title='bbox 776 4625 961 4677; x_wconf 89' lang='lat' dir='ltr'><strong>modos</strong></span> <span class='ocrx_word' id='word_1_306' title='bbox 998 4623 1293 4675; x_wconf 83' lang='lat' dir='ltr'><strong>hirntorum</strong></span> <span class='ocrx_word' id='word_1_307' title='bbox 1316 4620 1631 4690; x_wconf 80' lang='grc' dir='ltr'><strong>τρέπονται,</strong></span> <span class='ocrx_word' id='word_1_308' title='bbox 1662 4627 1944 4673; x_wconf 89' lang='lat' dir='ltr'><strong>vertuntur</strong></span> <span class='ocrx_word' id='word_1_309' title='bbox 1967 4628 2020 4670; x_wconf 80' lang='lat' dir='ltr'><strong>et</strong></span> 
     </span>
    </p>
   </div>
   <div class='ocr_carea' id='block_1_47' title="bbox 439 4709 2015 4781">
    <p class='ocr_par' dir='ltr' id='par_1_47' title="bbox 439 4709 2015 4781">
     <span class='ocr_line' id='line_1_47' title="bbox 439 4709 2015 4781; baseline -0.006 -10"><span class='ocrx_word' id='word_1_310' title='bbox 439 4716 807 4771; x_wconf 81' lang='lat' dir='ltr'><strong>inﬂectuntur.</strong></span> <span class='ocrx_word' id='word_1_311' title='bbox 867 4735 885 4767; x_wconf 75' lang='grc' dir='ltr'><strong>ι</strong></span> <span class='ocrx_word' id='word_1_312' title='bbox 933 4715 1156 4768; x_wconf 58' lang='lat' dir='ltr'><strong>Zonaras</strong></span> <span class='ocrx_word' id='word_1_313' title='bbox 1201 4715 1390 4778; x_wconf 85' lang='lat' dir='ltr'><strong>verba,</strong></span> <span class='ocrx_word' id='word_1_314' title='bbox 1446 4727 1567 4781; x_wconf 74' lang='lat' dir='ltr'><strong>qua:</strong></span> <span class='ocrx_word' id='word_1_315' title='bbox 1626 4726 1658 4763; x_wconf 90' lang='lat' dir='ltr'><strong>a</strong></span> <span class='ocrx_word' id='word_1_316' title='bbox 1703 4709 1910 4779; x_wconf 86' lang='lat' dir='ltr'><strong>Caugio</strong></span> <span class='ocrx_word' id='word_1_317' title='bbox 1963 4710 2015 4763; x_wconf 88' lang='lat' dir='ltr'><strong>in</strong></span> 
     </span>
    </p>
   </div>
   <div class='ocr_carea' id='block_1_48' title="bbox 441 4804 2018 4877">
    <p class='ocr_par' dir='ltr' id='par_1_48' title="bbox 441 4804 2018 4877">
     <span class='ocr_line' id='line_1_48' title="bbox 441 4804 2018 4877; baseline -0.007 -10"><span class='ocrx_word' id='word_1_318' title='bbox 441 4815 582 4867; x_wconf 87' lang='lat' dir='ltr'><strong>hanc</strong></span> <span class='ocrx_word' id='word_1_319' title='bbox 606 4812 928 4867; x_wconf 88' lang='lat' dir='ltr'><strong>sententiam</strong></span> <span class='ocrx_word' id='word_1_320' title='bbox 970 4811 1330 4871; x_wconf 88' lang='lat' dir='ltr'><strong>adducuntur,</strong></span> <span class='ocrx_word' id='word_1_321' title='bbox 1369 4809 1485 4862; x_wconf 65' lang='lat' dir='ltr'><strong>haec</strong></span> <span class='ocrx_word' id='word_1_322' title='bbox 1512 4815 1637 4859; x_wconf 89' lang='lat' dir='ltr'><strong>sunt</strong></span> <span class='ocrx_word' id='word_1_323' title='bbox 1671 4822 1685 4859; x_wconf 89' lang='lat'><strong>:</strong></span> <span class='ocrx_word' id='word_1_324' title='bbox 1725 4804 2018 4877; x_wconf 80' lang='grc' dir='ltr'><strong>Τροπάρια</strong></span> 
     </span>
    </p>
   </div>
   <div class='ocr_carea' id='block_1_49' title="bbox 438 4897 2019 4974">
    <p class='ocr_par' dir='ltr' id='par_1_49' title="bbox 438 4897 2019 4974">
     <span class='ocr_line' id='line_1_49' title="bbox 438 4897 2019 4974; baseline -0.006 -17"><span class='ocrx_word' id='word_1_325' title='bbox 438 4904 708 4973; x_wconf 67' lang='grc' dir='ltr'><strong>λέγονται,</strong></span> <span class='ocrx_word' id='word_1_326' title='bbox 745 4903 823 4967; x_wconf 84' lang='grc' dir='ltr'><strong>ὡς</strong></span> <span class='ocrx_word' id='word_1_327' title='bbox 849 4903 981 4974; x_wconf 77' lang='grc' dir='ltr'>πρὸς</span> <span class='ocrx_word' id='word_1_328' title='bbox 1008 4905 1137 4963; x_wconf 82' lang='grc' dir='ltr'><strong>τοὺς</strong></span> <span class='ocrx_word' id='word_1_329' title='bbox 1180 4902 1408 4973; x_wconf 82' lang='grc' dir='ltr'><strong>εἱρμοὺς</strong></span> <span class='ocrx_word' id='word_1_330' title='bbox 1437 4899 1768 4972; x_wconf 82' lang='grc' dir='ltr'><strong>τρεπόμενα,</strong></span> <span class='ocrx_word' id='word_1_331' title='bbox 1799 4898 1893 4950; x_wconf 80' lang='grc' dir='ltr'><strong>καὶ</strong></span> <span class='ocrx_word' id='word_1_332' title='bbox 1921 4897 2019 4967; x_wconf 71' lang='grc' dir='ltr'><strong>τὴν</strong></span> 
     </span>
    </p>
   </div>
   <div class='ocr_carea' id='block_1_50' title="bbox 436 4989 2020 5068">
    <p class='ocr_par' dir='ltr' id='par_1_50' title="bbox 436 4989 2020 5068">
     <span class='ocr_line' id='line_1_50' title="bbox 436 4989 2020 5068; baseline -0.006 -18"><span class='ocrx_word' id='word_1_333' title='bbox 436 4996 719 5068; x_wconf 80' lang='grc' dir='ltr'>ἀναφορὰν</span> <span class='ocrx_word' id='word_1_334' title='bbox 747 4992 841 5048; x_wconf 79' lang='grc' dir='ltr'><strong>τοῦ</strong></span> <span class='ocrx_word' id='word_1_335' title='bbox 867 4994 1059 5065; x_wconf 83' lang='grc' dir='ltr'><strong>μέλους</strong></span> <span class='ocrx_word' id='word_1_336' title='bbox 1083 4993 1221 5065; x_wconf 77' lang='grc' dir='ltr'>πρὸς</span> <span class='ocrx_word' id='word_1_337' title='bbox 1243 4992 1484 5056; x_wconf 75' lang='grc' dir='ltr'>ἐκείνους</span> <span class='ocrx_word' id='word_1_338' title='bbox 1512 4989 1828 5060; x_wconf 82' lang='grc' dir='ltr'><strong>ποιούμενα·</strong></span> <span class='ocrx_word' id='word_1_339' title='bbox 1861 4989 1893 5059; x_wconf 82' lang='grc' dir='ltr'>ἢ</span> <span class='ocrx_word' id='word_1_340' title='bbox 1926 4989 2020 5042; x_wconf 80' lang='grc' dir='ltr'><strong>καὶ</strong></span> 
     </span>
    </p>
   </div>
   <div class='ocr_carea' id='block_1_51' title="bbox 437 5082 2020 5159">
    <p class='ocr_par' dir='ltr' id='par_1_51' title="bbox 437 5082 2020 5159">
     <span class='ocr_line' id='line_1_51' title="bbox 437 5082 2020 5159; baseline -0.004 -19"><span class='ocrx_word' id='word_1_341' title='bbox 437 5088 710 5158; x_wconf 75' lang='grc' dir='ltr'><strong>τρέποντα</strong></span> <span class='ocrx_word' id='word_1_342' title='bbox 742 5086 841 5157; x_wconf 82' lang='grc' dir='ltr'><strong>τὴν</strong></span> <span class='ocrx_word' id='word_1_343' title='bbox 876 5086 1058 5158; x_wconf 79' lang='grc' dir='ltr'>φωνὴν</span> <span class='ocrx_word' id='word_1_344' title='bbox 1085 5086 1195 5140; x_wconf 84' lang='grc' dir='ltr'><strong>τῶν</strong></span> <span class='ocrx_word' id='word_1_345' title='bbox 1224 5085 1458 5157; x_wconf 85' lang='grc' dir='ltr'><strong>ᾀδόντων</strong></span> <span class='ocrx_word' id='word_1_346' title='bbox 1481 5084 1619 5159; x_wconf 76' lang='grc' dir='ltr'><strong>πρὸς</strong></span> <span class='ocrx_word' id='word_1_347' title='bbox 1648 5084 1710 5136; x_wconf 81' lang='grc' dir='ltr'><strong>τὸ</strong></span> <span class='ocrx_word' id='word_1_348' title='bbox 1740 5082 1896 5153; x_wconf 82' lang='grc' dir='ltr'><strong>μέλος</strong></span> <span class='ocrx_word' id='word_1_349' title='bbox 1926 5082 2020 5135; x_wconf 77' lang='grc' dir='ltr'>καὶ</span> 
     </span>
    </p>
   </div>
   <div class='ocr_carea' id='block_1_52' title="bbox 437 5171 2020 5250">
    <p class='ocr_par' dir='ltr' id='par_1_52' title="bbox 437 5171 2020 5250">
     <span class='ocr_line' id='line_1_52' title="bbox 437 5171 2020 5250; baseline -0.006 -17"><span class='ocrx_word' id='word_1_350' title='bbox 437 5181 529 5233; x_wconf 75' lang='grc' dir='ltr'>τὸν</span> <span class='ocrx_word' id='word_1_351' title='bbox 565 5178 775 5249; x_wconf 77' lang='grc' dir='ltr'>ῥυθμὸν</span> <span class='ocrx_word' id='word_1_352' title='bbox 799 5178 907 5231; x_wconf 81' lang='grc' dir='ltr'><strong>τῶν</strong></span> <span class='ocrx_word' id='word_1_353' title='bbox 939 5178 1168 5250; x_wconf 81' lang='grc' dir='ltr'>εἱρμῶν.</span> <span class='ocrx_word' id='word_1_354' title='bbox 1208 5178 1273 5230; x_wconf 77' lang='grc' dir='ltr'><strong>Εἰ</strong></span> <span class='ocrx_word' id='word_1_355' title='bbox 1320 5175 1393 5247; x_wconf 84' lang='grc' dir='ltr'><strong>μὴ</strong></span> <span class='ocrx_word' id='word_1_356' title='bbox 1423 5174 1533 5245; x_wconf 82' lang='grc' dir='ltr'><strong>γὰρ</strong></span> <span class='ocrx_word' id='word_1_357' title='bbox 1559 5174 1694 5243; x_wconf 82' lang='grc' dir='ltr'><strong>πρὸς</strong></span> <span class='ocrx_word' id='word_1_358' title='bbox 1732 5171 1972 5235; x_wconf 74' lang='grc' dir='ltr'><strong>ἐκείνους</strong></span> <span class='ocrx_word' id='word_1_359' title='bbox 1992 5172 2020 5224; x_wconf 84' lang='grc' dir='ltr'>ὁ</span> 
     </span>
    </p>
   </div>
   <div class='ocr_carea' id='block_1_53' title="bbox 439 5259 2020 5338">
    <p class='ocr_par' dir='ltr' id='par_1_53' title="bbox 439 5259 2020 5338">
     <span class='ocr_line' id='line_1_53' title="bbox 439 5259 2020 5338; baseline -0.005 -17"><span class='ocrx_word' id='word_1_360' title='bbox 439 5269 547 5321; x_wconf 77' lang='grc' dir='ltr'><strong>τῶν</strong></span> <span class='ocrx_word' id='word_1_361' title='bbox 576 5269 713 5323; x_wconf 82' lang='grc' dir='ltr'><strong>αὐτὰ</strong></span> <span class='ocrx_word' id='word_1_362' title='bbox 727 5268 1036 5338; x_wconf 75' lang='grc' dir='ltr'>ψαλλόντων</span> <span class='ocrx_word' id='word_1_363' title='bbox 1065 5267 1300 5336; x_wconf 80' lang='grc' dir='ltr'><strong>φθόγγος</strong></span> <span class='ocrx_word' id='word_1_364' title='bbox 1324 5264 1616 5328; x_wconf 76' lang='grc' dir='ltr'><strong>εὐθύνοιτο,</strong></span> <span class='ocrx_word' id='word_1_365' title='bbox 1634 5263 1734 5315; x_wconf 83' lang='grc' dir='ltr'>οὐκ</span> <span class='ocrx_word' id='word_1_366' title='bbox 1751 5259 2020 5332; x_wconf 74' lang='grc' dir='ltr'>εὔρυθμον</span> 
     </span>
    </p>
   </div>
   <div class='ocr_carea' id='block_1_54' title="bbox 439 5353 2018 5432">
    <p class='ocr_par' dir='ltr' id='par_1_54' title="bbox 439 5353 2018 5432">
     <span class='ocr_line' id='line_1_54' title="bbox 439 5353 2018 5432; baseline -0.006 -19"><span class='ocrx_word' id='word_1_367' title='bbox 439 5361 593 5414; x_wconf 77' lang='grc' dir='ltr'><strong>ἔσται</strong></span> <span class='ocrx_word' id='word_1_368' title='bbox 624 5362 685 5415; x_wconf 85' lang='grc' dir='ltr'>τὸ</span> <span class='ocrx_word' id='word_1_369' title='bbox 721 5362 902 5432; x_wconf 79' lang='grc' dir='ltr'><strong>μέλος,</strong></span> <span class='ocrx_word' id='word_1_370' title='bbox 932 5361 1050 5414; x_wconf 72' lang='grc' dir='ltr'>οὐδὲ</span> <span class='ocrx_word' id='word_1_371' title='bbox 1076 5358 1416 5430; x_wconf 80' lang='grc' dir='ltr'><strong>ἐναρμόνιον,</strong></span> <span class='ocrx_word' id='word_1_372' title='bbox 1437 5356 1557 5410; x_wconf 81' lang='grc' dir='ltr'>οὐδὲ</span> <span class='ocrx_word' id='word_1_373' title='bbox 1583 5354 1742 5427; x_wconf 82' lang='grc' dir='ltr'>μέλος</span> <span class='ocrx_word' id='word_1_374' title='bbox 1762 5353 1826 5407; x_wconf 87' lang='grc' dir='ltr'>ἂν</span> <span class='ocrx_word' id='word_1_375' title='bbox 1841 5353 2018 5422; x_wconf 79' lang='grc' dir='ltr'><strong>γένοι-</strong></span> 
     </span>
    </p>
   </div>
   <div class='ocr_carea' id='block_1_55' title="bbox 440 5443 2018 5523">
    <p class='ocr_par' dir='ltr' id='par_1_55' title="bbox 440 5443 2018 5523">
     <span class='ocr_line' id='line_1_55' title="bbox 440 5443 2018 5523; baseline -0.005 -18"><span class='ocrx_word' id='word_1_376' title='bbox 440 5469 523 5514; x_wconf 82' lang='grc' dir='ltr'><strong>το,</strong></span> <span class='ocrx_word' id='word_1_377' title='bbox 549 5453 661 5506; x_wconf 81' lang='grc' dir='ltr'>ἀλλ’</span> <span class='ocrx_word' id='word_1_378' title='bbox 685 5452 895 5523; x_wconf 78' lang='grc' dir='ltr'><strong>ἀπηχὲς</strong></span> <span class='ocrx_word' id='word_1_379' title='bbox 918 5452 1010 5505; x_wconf 71' lang='grc' dir='ltr'>καὶ</span> <span class='ocrx_word' id='word_1_380' title='bbox 1039 5449 1379 5521; x_wconf 75' lang='grc' dir='ltr'><strong>ἀνάρμοστον</strong></span> <span class='ocrx_word' id='word_1_381' title='bbox 1405 5446 1642 5516; x_wconf 81' lang='grc' dir='ltr'><strong>φώνημα</strong></span> <span class='ocrx_word' id='word_1_382' title='bbox 1675 5462 1688 5499; x_wconf 88' lang='lat'><strong>:</strong></span> <span class='ocrx_word' id='word_1_383' title='bbox 1713 5463 1731 5496; x_wconf 80' lang='grc' dir='ltr'><strong>ι</strong></span> <span class='ocrx_word' id='word_1_384' title='bbox 1762 5443 2018 5512; x_wconf 85' lang='lat' dir='ltr'><strong>Troparia</strong></span> 
     </span>
    </p>
   </div>
   <div class='ocr_carea' id='block_1_56' title="bbox 442 5543 2017 5615">
    <p class='ocr_par' dir='ltr' id='par_1_56' title="bbox 442 5543 2017 5615">
     <span class='ocr_line' id='line_1_56' title="bbox 442 5543 2017 5615; baseline -0.003 -19"><span class='ocrx_word' id='word_1_385' title='bbox 442 5554 727 5613; x_wconf 79' lang='lat' dir='ltr'><strong>vocantur,</strong></span> <span class='ocrx_word' id='word_1_386' title='bbox 759 5555 816 5598; x_wconf 91' lang='lat' dir='ltr'><strong>ut</strong></span> <span class='ocrx_word' id='word_1_387' title='bbox 849 5560 969 5615; x_wconf 76' lang='lat' dir='ltr'><strong>quae</strong></span> <span class='ocrx_word' id='word_1_388' title='bbox 1016 5543 1083 5597; x_wconf 88' lang='lat' dir='ltr'><strong>ad</strong></span> <span class='ocrx_word' id='word_1_389' title='bbox 1131 5544 1338 5596; x_wconf 87' lang='lat' dir='ltr'><strong>hirmos</strong></span> <span class='ocrx_word' id='word_1_390' title='bbox 1370 5547 1655 5592; x_wconf 85' lang='lat' dir='ltr'><strong>vertuntur</strong></span> <span class='ocrx_word' id='word_1_391' title='bbox 1686 5552 1887 5605; x_wconf 85' lang='lat' dir='ltr'><strong>eosque</strong></span> <span class='ocrx_word' id='word_1_392' title='bbox 1930 5552 2017 5591; x_wconf 88' lang='lat' dir='ltr'><strong>re-</strong></span> 
     </span>
    </p>
   </div>
   <div class='ocr_carea' id='block_1_57' title="bbox 444 5629 2017 5704">
    <p class='ocr_par' dir='ltr' id='par_1_57' title="bbox 444 5629 2017 5704">
     <span class='ocr_line' id='line_1_57' title="bbox 444 5629 2017 5704; baseline -0.006 -14"><span class='ocrx_word' id='word_1_393' title='bbox 444 5636 679 5704; x_wconf 88' lang='lat' dir='ltr'><strong>spiciunt</strong></span> <span class='ocrx_word' id='word_1_394' title='bbox 727 5645 985 5703; x_wconf 71' lang='lat' dir='ltr'><strong>tanquam</strong></span> <span class='ocrx_word' id='word_1_395' title='bbox 1047 5632 1435 5689; x_wconf 87' lang='lat' dir='ltr'><strong>modulationis</strong></span> <span class='ocrx_word' id='word_1_396' title='bbox 1508 5629 1868 5684; x_wconf 85' lang='lat' dir='ltr'><strong>subsidium:</strong></span> <span class='ocrx_word' id='word_1_397' title='bbox 1935 5629 2017 5681; x_wconf 85' lang='lat' dir='ltr'><strong>vel</strong></span> 
     </span>
    </p>
   </div>
   <div class='ocr_carea' id='block_1_58' title="bbox 445 5720 2016 5797">
    <p class='ocr_par' dir='ltr' id='par_1_58' title="bbox 445 5720 2016 5797">
     <span class='ocr_line' id='line_1_58' title="bbox 445 5720 2016 5797; baseline -0.006 -15"><span class='ocrx_word' id='word_1_398' title='bbox 445 5726 635 5791; x_wconf 77' lang='lat' dir='ltr'><strong>etiam,</strong></span> <span class='ocrx_word' id='word_1_399' title='bbox 665 5729 781 5797; x_wconf 69' lang='lat' dir='ltr'><strong>qua:</strong></span> <span class='ocrx_word' id='word_1_400' title='bbox 805 5735 1022 5781; x_wconf 86' lang='lat' dir='ltr'><strong>vertunt</strong></span> <span class='ocrx_word' id='word_1_401' title='bbox 1068 5725 1378 5779; x_wconf 87' lang='lat' dir='ltr'><strong>canentium</strong></span> <span class='ocrx_word' id='word_1_402' title='bbox 1424 5736 1583 5776; x_wconf 90' lang='lat' dir='ltr'><strong>voces</strong></span> <span class='ocrx_word' id='word_1_403' title='bbox 1609 5720 1674 5773; x_wconf 87' lang='lat' dir='ltr'><strong>ad</strong></span> <span class='ocrx_word' id='word_1_404' title='bbox 1706 5720 1892 5773; x_wconf 87' lang='lat' dir='ltr'><strong>modos</strong></span> <span class='ocrx_word' id='word_1_405' title='bbox 1917 5737 2016 5773; x_wconf 88' lang='lat' dir='ltr'><strong>nu-</strong></span> 
     </span>
    </p>
   </div>
   <div class='ocr_carea' id='block_1_59' title="bbox 448 5813 2013 5888">
    <p class='ocr_par' dir='ltr' id='par_1_59' title="bbox 448 5813 2013 5888">
     <span class='ocr_line' id='line_1_59' title="bbox 448 5813 2013 5888; baseline -0.003 -15"><span class='ocrx_word' id='word_1_406' title='bbox 448 5832 735 5888; x_wconf 79' lang='lat' dir='ltr'><strong>merosque</strong></span> <span class='ocrx_word' id='word_1_407' title='bbox 764 5818 1084 5876; x_wconf 86' lang='lat' dir='ltr'><strong>hirmorum.</strong></span> <span class='ocrx_word' id='word_1_408' title='bbox 1117 5814 1229 5872; x_wconf 80' lang='lat' dir='ltr'><strong>Nisi</strong></span> <span class='ocrx_word' id='word_1_409' title='bbox 1259 5816 1403 5870; x_wconf 87' lang='lat' dir='ltr'><strong>enim</strong></span> <span class='ocrx_word' id='word_1_410' title='bbox 1448 5813 1514 5869; x_wconf 87' lang='lat' dir='ltr'><strong>ad</strong></span> <span class='ocrx_word' id='word_1_411' title='bbox 1546 5827 1733 5868; x_wconf 90' lang='lat' dir='ltr'><strong>eorum</strong></span> <span class='ocrx_word' id='word_1_412' title='bbox 1771 5826 2013 5868; x_wconf 88' lang='lat' dir='ltr'><strong>normam</strong></span> 
     </span>
    </p>
   </div>
   <div class='ocr_carea' id='block_1_60' title="bbox 2120 591 3704 665">
    <p class='ocr_par' dir='ltr' id='par_1_60' title="bbox 2120 591 3704 665">
     <span class='ocr_line' id='line_1_60' title="bbox 2120 591 3704 665; baseline 0.008 -23"><span class='ocrx_word' id='word_1_413' title='bbox 2120 597 2229 653; x_wconf 90' lang='lat' dir='ltr'><strong>tus,</strong></span> <span class='ocrx_word' id='word_1_414' title='bbox 2258 603 2431 660; x_wconf 86' lang='lat' dir='ltr'><strong>neque</strong></span> <span class='ocrx_word' id='word_1_415' title='bbox 2456 591 2641 645; x_wconf 82' lang='lat' dir='ltr'><strong>suavis</strong></span> <span class='ocrx_word' id='word_1_416' title='bbox 2686 592 2994 660; x_wconf 88' lang='lat' dir='ltr'><strong>harmonia,</strong></span> <span class='ocrx_word' id='word_1_417' title='bbox 3039 609 3215 664; x_wconf 89' lang='lat' dir='ltr'><strong>neque</strong></span> <span class='ocrx_word' id='word_1_418' title='bbox 3249 596 3478 651; x_wconf 90' lang='lat' dir='ltr'><strong>melodia</strong></span> <span class='ocrx_word' id='word_1_419' title='bbox 3504 599 3704 665; x_wconf 88' lang='lat' dir='ltr'><strong>poterit</strong></span> 
     </span>
    </p>
   </div>
   <div class='ocr_carea' id='block_1_61' title="bbox 2119 680 3691 748">
    <p class='ocr_par' dir='ltr' id='par_1_61' title="bbox 2119 680 3691 748">
     <span class='ocr_line' id='line_1_61' title="bbox 2119 680 3691 748; baseline 0.009 -17"><span class='ocrx_word' id='word_1_420' title='bbox 2119 680 2401 748; x_wconf 73' lang='lat' dir='ltr'><strong>appellari,</strong></span> <span class='ocrx_word' id='word_1_421' title='bbox 2437 682 2530 737; x_wconf 90' lang='lat' dir='ltr'><strong>sed</strong></span> <span class='ocrx_word' id='word_1_422' title='bbox 2561 681 2876 739; x_wconf 82' lang='lat' dir='ltr'><strong>vociferatio</strong></span> <span class='ocrx_word' id='word_1_423' title='bbox 2910 686 3232 743; x_wconf 90' lang='lat' dir='ltr'><strong>inconcinna</strong></span> <span class='ocrx_word' id='word_1_424' title='bbox 3261 698 3313 741; x_wconf 91' lang='lat' dir='ltr'><strong>et</strong></span> <span class='ocrx_word' id='word_1_425' title='bbox 3343 690 3635 746; x_wconf 65' lang='lat' dir='ltr'><strong>inamoena.</strong></span> <span class='ocrx_word' id='word_1_426' title='bbox 3670 710 3691 745; x_wconf 75' lang='grc' dir='ltr'><strong>ι</strong></span> 
     </span>
    </p>
   </div>
   <div class='ocr_carea' id='block_1_62' title="bbox 2121 772 3698 842">
    <p class='ocr_par' dir='ltr' id='par_1_62' title="bbox 2121 772 3698 842">
     <span class='ocr_line' id='line_1_62' title="bbox 2121 772 3698 842; baseline 0.01 -17"><span class='ocrx_word' id='word_1_427' title='bbox 2121 772 2343 827; x_wconf 73' lang='grc' dir='ltr'><strong>Ζοηειντε</strong></span> <span class='ocrx_word' id='word_1_428' title='bbox 2395 776 2662 829; x_wconf 86' lang='lat' dir='ltr'><strong>consentit</strong></span> <span class='ocrx_word' id='word_1_429' title='bbox 2714 778 3001 842; x_wconf 76' lang='lat' dir='ltr'><strong>Arcadius,</strong></span> <span class='ocrx_word' id='word_1_430' title='bbox 3064 780 3331 834; x_wconf 82' lang='lat' dir='ltr'><strong>consentit</strong></span> <span class='ocrx_word' id='word_1_431' title='bbox 3388 781 3698 841; x_wconf 86' lang='lat' dir='ltr'><strong>Gretserus.</strong></span> 
     </span>
    </p>
   </div>
   <div class='ocr_carea' id='block_1_63' title="bbox 2121 863 3694 944">
    <p class='ocr_par' dir='ltr' id='par_1_63' title="bbox 2121 863 3694 944">
     <span class='ocr_line' id='line_1_63' title="bbox 2121 863 3694 944; baseline 0.007 -26"><span class='ocrx_word' id='word_1_432' title='bbox 2121 863 2226 919; x_wconf 84' lang='lat' dir='ltr'><strong>Sed</strong></span> <span class='ocrx_word' id='word_1_433' title='bbox 2257 866 2299 919; x_wconf 90' lang='lat' dir='ltr'><strong>si</strong></span> <span class='ocrx_word' id='word_1_434' title='bbox 2331 867 2432 921; x_wconf 91' lang='lat' dir='ltr'><strong>hoc</strong></span> <span class='ocrx_word' id='word_1_435' title='bbox 2464 867 2535 921; x_wconf 92' lang='lat' dir='ltr'><strong>ita</strong></span> <span class='ocrx_word' id='word_1_436' title='bbox 2572 868 2666 930; x_wconf 92' lang='lat' dir='ltr'><strong>sit,</strong></span> <span class='ocrx_word' id='word_1_437' title='bbox 2718 868 2818 922; x_wconf 88' lang='lat' dir='ltr'><strong>tria</strong></span> <span class='ocrx_word' id='word_1_438' title='bbox 2868 870 3000 924; x_wconf 87' lang='lat' dir='ltr'><strong>satis</strong></span> <span class='ocrx_word' id='word_1_439' title='bbox 3060 872 3247 926; x_wconf 91' lang='lat' dir='ltr'><strong>mirari</strong></span> <span class='ocrx_word' id='word_1_440' title='bbox 3294 889 3400 928; x_wconf 92' lang='lat' dir='ltr'><strong>non</strong></span> <span class='ocrx_word' id='word_1_441' title='bbox 3449 890 3694 944; x_wconf 91' lang='lat' dir='ltr'><strong>possum.</strong></span> 
     </span>
    </p>
   </div>
   <div class='ocr_carea' id='block_1_64' title="bbox 2120 956 3702 1036">
    <p class='ocr_par' dir='ltr' id='par_1_64' title="bbox 2120 956 3702 1036">
     <span class='ocr_line' id='line_1_64' title="bbox 2120 956 3702 1036; baseline 0.008 -23"><span class='ocrx_word' id='word_1_442' title='bbox 2120 956 2296 1013; x_wconf 89' lang='lat' dir='ltr'><strong>Unum</strong></span> <span class='ocrx_word' id='word_1_443' title='bbox 2350 969 2455 1022; x_wconf 88' lang='lat' dir='ltr'><strong>est,</strong></span> <span class='ocrx_word' id='word_1_444' title='bbox 2493 960 2636 1027; x_wconf 89' lang='lat' dir='ltr'><strong>quod</strong></span> <span class='ocrx_word' id='word_1_445' title='bbox 2676 961 2887 1015; x_wconf 89' lang='lat' dir='ltr'><strong>hirmus</strong></span> <span class='ocrx_word' id='word_1_446' title='bbox 2936 963 3004 1016; x_wconf 88' lang='lat' dir='ltr'><strong>ab</strong></span> <span class='ocrx_word' id='word_1_447' title='bbox 3037 964 3234 1018; x_wconf 90' lang='lat' dir='ltr'><strong>Allatio</strong></span> <span class='ocrx_word' id='word_1_448' title='bbox 3286 967 3429 1021; x_wconf 91' lang='lat' dir='ltr'><strong>inter</strong></span> <span class='ocrx_word' id='word_1_449' title='bbox 3462 971 3702 1036; x_wconf 86' lang='lat' dir='ltr'><strong>troparia</strong></span> 
     </span>
    </p>
   </div>
   <div class='ocr_carea' id='block_1_65' title="bbox 2120 1051 3702 1132">
    <p class='ocr_par' dir='ltr' id='par_1_65' title="bbox 2120 1051 3702 1132">
     <span class='ocr_line' id='line_1_65' title="bbox 2120 1051 3702 1132; baseline 0.008 -29"><span class='ocrx_word' id='word_1_450' title='bbox 2120 1060 2432 1119; x_wconf 88' lang='lat' dir='ltr'><strong>reponatur.</strong></span> <span class='ocrx_word' id='word_1_451' title='bbox 2483 1051 2749 1118; x_wconf 86' lang='lat' dir='ltr'><strong>Alterum,</strong></span> <span class='ocrx_word' id='word_1_452' title='bbox 2790 1055 2930 1123; x_wconf 89' lang='lat' dir='ltr'><strong>quod</strong></span> <span class='ocrx_word' id='word_1_453' title='bbox 2979 1056 3212 1123; x_wconf 86' lang='lat' dir='ltr'><strong>Cangius</strong></span> <span class='ocrx_word' id='word_1_454' title='bbox 3249 1059 3412 1112; x_wconf 85' lang='lat' dir='ltr'><strong>etiam</strong></span> <span class='ocrx_word' id='word_1_455' title='bbox 3477 1060 3702 1132; x_wconf 86' lang='grc' dir='ltr'>Ἰδιόμε-</span> 
     </span>
    </p>
   </div>
   <div class='ocr_carea' id='block_1_66' title="bbox 2119 1140 3702 1223">
    <p class='ocr_par' dir='ltr' id='par_1_66' title="bbox 2119 1140 3702 1223">
     <span class='ocr_line' id='line_1_66' title="bbox 2119 1140 3702 1223; baseline 0.009 -28"><span class='ocrx_word' id='word_1_456' title='bbox 2119 1141 2211 1195; x_wconf 86' lang='grc' dir='ltr'>λον</span> <span class='ocrx_word' id='word_1_457' title='bbox 2244 1140 2473 1197; x_wconf 79' lang='lat' dir='ltr'><strong>afﬁrmet</strong></span> <span class='ocrx_word' id='word_1_458' title='bbox 2502 1159 2624 1199; x_wconf 89' lang='lat' dir='ltr'><strong>esse</strong></span> <span class='ocrx_word' id='word_1_459' title='bbox 2657 1148 2989 1218; x_wconf 81' lang='lat' dir='ltr'><strong>troparinm.</strong></span> <span class='ocrx_word' id='word_1_460' title='bbox 3031 1147 3274 1203; x_wconf 87' lang='lat' dir='ltr'><strong>Tertium</strong></span> <span class='ocrx_word' id='word_1_461' title='bbox 3304 1150 3536 1221; x_wconf 90' lang='lat' dir='ltr'><strong>denique</strong></span> <span class='ocrx_word' id='word_1_462' title='bbox 3560 1155 3702 1223; x_wconf 90' lang='lat' dir='ltr'><strong>quod</strong></span> 
     </span>
    </p>
   </div>
   <div class='ocr_carea' id='block_1_67' title="bbox 2124 1234 3704 1307">
    <p class='ocr_par' dir='ltr' id='par_1_67' title="bbox 2124 1234 3704 1307">
     <span class='ocr_line' id='line_1_67' title="bbox 2124 1234 3704 1307; baseline 0.008 -20"><span class='ocrx_word' id='word_1_463' title='bbox 2124 1234 2265 1287; x_wconf 89' lang='lat' dir='ltr'><strong>idem</strong></span> <span class='ocrx_word' id='word_1_464' title='bbox 2303 1234 2541 1305; x_wconf 76' lang='lat' dir='ltr'><strong>Congius</strong></span> <span class='ocrx_word' id='word_1_465' title='bbox 2587 1251 2707 1290; x_wconf 90' lang='lat' dir='ltr'><strong>cum</strong></span> <span class='ocrx_word' id='word_1_466' title='bbox 2735 1237 2937 1303; x_wconf 87' lang='lat' dir='ltr'><strong>Goaro,</strong></span> <span class='ocrx_word' id='word_1_467' title='bbox 2974 1239 3271 1307; x_wconf 87' lang='lat' dir='ltr'><strong>troparium</strong></span> <span class='ocrx_word' id='word_1_468' title='bbox 3305 1241 3526 1297; x_wconf 89' lang='lat' dir='ltr'><strong>deﬁniat</strong></span> <span class='ocrx_word' id='word_1_469' title='bbox 3557 1264 3577 1296; x_wconf 85' lang='grc'><strong>‹</strong></span> <span class='ocrx_word' id='word_1_470' title='bbox 3613 1260 3704 1300; x_wconf 87' lang='lat' dir='ltr'><strong>vo-</strong></span> 
     </span>
    </p>
   </div>
   <div class='ocr_carea' id='block_1_68' title="bbox 2122 1328 3706 1397">
    <p class='ocr_par' dir='ltr' id='par_1_68' title="bbox 2122 1328 3706 1397">
     <span class='ocr_line' id='line_1_68' title="bbox 2122 1328 3706 1397; baseline 0.008 -17"><span class='ocrx_word' id='word_1_471' title='bbox 2122 1341 2238 1381; x_wconf 89' lang='lat' dir='ltr'><strong>cem</strong></span> <span class='ocrx_word' id='word_1_472' title='bbox 2273 1328 2580 1397; x_wconf 86' lang='lat' dir='ltr'><strong>genericam</strong></span> <span class='ocrx_word' id='word_1_473' title='bbox 2622 1338 2674 1382; x_wconf 89' lang='lat' dir='ltr'><strong>et</strong></span> <span class='ocrx_word' id='word_1_474' title='bbox 2701 1331 2909 1385; x_wconf 88' lang='lat' dir='ltr'><strong>cunctis</strong></span> <span class='ocrx_word' id='word_1_475' title='bbox 2937 1332 3187 1397; x_wconf 86' lang='lat' dir='ltr'><strong>canticis,</strong></span> <span class='ocrx_word' id='word_1_476' title='bbox 3218 1332 3270 1386; x_wconf 92' lang='lat' dir='ltr'><strong>in</strong></span> <span class='ocrx_word' id='word_1_477' title='bbox 3291 1332 3531 1389; x_wconf 84' lang='lat' dir='ltr'><strong>Ecclesia</strong></span> <span class='ocrx_word' id='word_1_478' title='bbox 3555 1335 3706 1392; x_wconf 58' lang='lat' dir='ltr'><strong>Grat-</strong></span> 
     </span>
    </p>
   </div>
   <div class='ocr_carea' id='block_1_69' title="bbox 2122 1419 3704 1486">
    <p class='ocr_par' dir='ltr' id='par_1_69' title="bbox 2122 1419 3704 1486">
     <span class='ocr_line' id='line_1_69' title="bbox 2122 1419 3704 1486; baseline 0.006 -15"><span class='ocrx_word' id='word_1_479' title='bbox 2122 1430 2184 1471; x_wconf 92' lang='lat' dir='ltr'><strong>ca</strong></span> <span class='ocrx_word' id='word_1_480' title='bbox 2220 1419 2474 1486; x_wconf 87' lang='lat' dir='ltr'><strong>receptis,</strong></span> <span class='ocrx_word' id='word_1_481' title='bbox 2500 1433 2866 1474; x_wconf 86' lang='lat' dir='ltr'><strong>communem.</strong></span> <span class='ocrx_word' id='word_1_482' title='bbox 2903 1438 2923 1472; x_wconf 85' lang='grc'>›</span> <span class='ocrx_word' id='word_1_483' title='bbox 2950 1421 3160 1475; x_wconf 86' lang='lat' dir='ltr'><strong>Etenim</strong></span> <span class='ocrx_word' id='word_1_484' title='bbox 3192 1423 3387 1477; x_wconf 86' lang='lat' dir='ltr'><strong>tradita</strong></span> <span class='ocrx_word' id='word_1_485' title='bbox 3424 1439 3454 1479; x_wconf 88' lang='lat' dir='ltr'><strong>a</strong></span> <span class='ocrx_word' id='word_1_486' title='bbox 3494 1423 3704 1481; x_wconf 87' lang='lat' dir='ltr'><strong>Zonara</strong></span> 
     </span>
    </p>
   </div>
   <div class='ocr_carea' id='block_1_70' title="bbox 2124 1507 3702 1584">
    <p class='ocr_par' dir='ltr' id='par_1_70' title="bbox 2124 1507 3702 1584">
     <span class='ocr_line' id='line_1_70' title="bbox 2124 1507 3702 1584; baseline 0.006 -25"><span class='ocrx_word' id='word_1_487' title='bbox 2124 1507 2480 1575; x_wconf 84' lang='lat' dir='ltr'><strong>tropariorum</strong></span> <span class='ocrx_word' id='word_1_488' title='bbox 2510 1508 2775 1575; x_wconf 89' lang='lat' dir='ltr'><strong>deﬁnitio,</strong></span> <span class='ocrx_word' id='word_1_489' title='bbox 2806 1526 2912 1564; x_wconf 93' lang='lat' dir='ltr'><strong>non</strong></span> <span class='ocrx_word' id='word_1_490' title='bbox 2937 1510 3583 1584; x_wconf 89' lang='lat' dir='ltr'><strong>complectiturtanquam</strong></span> <span class='ocrx_word' id='word_1_491' title='bbox 3607 1531 3702 1570; x_wconf 91' lang='lat' dir='ltr'><strong>sua</strong></span> 
     </span>
    </p>
   </div>
   <div class='ocr_carea' id='block_1_71' title="bbox 2125 1598 3703 1675">
    <p class='ocr_par' dir='ltr' id='par_1_71' title="bbox 2125 1598 3703 1675">
     <span class='ocr_line' id='line_1_71' title="bbox 2125 1598 3703 1675; baseline 0.008 -26"><span class='ocrx_word' id='word_1_492' title='bbox 2125 1598 2361 1651; x_wconf 82' lang='lat' dir='ltr'><strong>membra</strong></span> <span class='ocrx_word' id='word_1_493' title='bbox 2389 1608 2481 1651; x_wconf 87' lang='lat' dir='ltr'><strong>aut</strong></span> <span class='ocrx_word' id='word_1_494' title='bbox 2511 1600 2746 1653; x_wconf 87' lang='lat' dir='ltr'><strong>hirmmn</strong></span> <span class='ocrx_word' id='word_1_495' title='bbox 2781 1612 2879 1654; x_wconf 84' lang='lat' dir='ltr'><strong>aut</strong></span> <span class='ocrx_word' id='word_1_496' title='bbox 2908 1602 3244 1668; x_wconf 90' lang='lat' dir='ltr'><strong>idiomelum,</strong></span> <span class='ocrx_word' id='word_1_497' title='bbox 3280 1614 3466 1674; x_wconf 89' lang='lat' dir='ltr'><strong>utpote</strong></span> <span class='ocrx_word' id='word_1_498' title='bbox 3499 1621 3620 1675; x_wconf 76' lang='lat' dir='ltr'><strong>qua:</strong></span> <span class='ocrx_word' id='word_1_499' title='bbox 3636 1607 3703 1663; x_wconf 89' lang='lat' dir='ltr'><strong>ad</strong></span> 
     </span>
    </p>
   </div>
   <div class='ocr_carea' id='block_1_72' title="bbox 2123 1688 3706 1767">
    <p class='ocr_par' dir='ltr' id='par_1_72' title="bbox 2123 1688 3706 1767">
     <span class='ocr_line' id='line_1_72' title="bbox 2123 1688 3706 1767; baseline 0.009 -26"><span class='ocrx_word' id='word_1_500' title='bbox 2123 1688 2320 1744; x_wconf 89' lang='lat' dir='ltr'><strong>nullius</strong></span> <span class='ocrx_word' id='word_1_501' title='bbox 2350 1692 2514 1746; x_wconf 88' lang='lat' dir='ltr'><strong>hirmi</strong></span> <span class='ocrx_word' id='word_1_502' title='bbox 2552 1705 2809 1747; x_wconf 89' lang='lat' dir='ltr'><strong>numeros</strong></span> <span class='ocrx_word' id='word_1_503' title='bbox 2845 1692 3213 1750; x_wconf 85' lang='lat' dir='ltr'><strong>inﬂectuntur.</strong></span> <span class='ocrx_word' id='word_1_504' title='bbox 3247 1696 3347 1763; x_wconf 84' lang='lat' dir='ltr'><strong>Qui</strong></span> <span class='ocrx_word' id='word_1_505' title='bbox 3384 1697 3548 1767; x_wconf 88' lang='lat' dir='ltr'><strong>igitur</strong></span> <span class='ocrx_word' id='word_1_506' title='bbox 3569 1700 3706 1756; x_wconf 88' lang='lat' dir='ltr'><strong>idio-</strong></span> 
     </span>
    </p>
   </div>
   <div class='ocr_carea' id='block_1_73' title="bbox 2126 1779 3706 1852">
    <p class='ocr_par' dir='ltr' id='par_1_73' title="bbox 2126 1779 3706 1852">
     <span class='ocr_line' id='line_1_73' title="bbox 2126 1779 3706 1852; baseline 0.006 -20"><span class='ocrx_word' id='word_1_507' title='bbox 2126 1779 2321 1834; x_wconf 91' lang='lat' dir='ltr'><strong>melum</strong></span> <span class='ocrx_word' id='word_1_508' title='bbox 2357 1790 2411 1836; x_wconf 95' lang='lat' dir='ltr'><strong>et</strong></span> <span class='ocrx_word' id='word_1_509' title='bbox 2451 1782 2658 1836; x_wconf 87' lang='lat' dir='ltr'><strong>hinnus</strong></span> <span class='ocrx_word' id='word_1_510' title='bbox 2698 1786 2936 1852; x_wconf 84' lang='lat' dir='ltr'><strong>treparia</strong></span> <span class='ocrx_word' id='word_1_511' title='bbox 2982 1799 3103 1839; x_wconf 90' lang='lat' dir='ltr'><strong>esse</strong></span> <span class='ocrx_word' id='word_1_512' title='bbox 3137 1785 3551 1852; x_wconf 79' lang='lat' dir='ltr'><strong>dicuntur?Qui</strong></span> <span class='ocrx_word' id='word_1_513' title='bbox 3599 1802 3706 1842; x_wconf 77' lang='lat' dir='ltr'><strong>vox</strong></span> 
     </span>
    </p>
   </div>
   <div class='ocr_carea' id='block_1_74' title="bbox 2126 1871 3706 1939">
    <p class='ocr_par' dir='ltr' id='par_1_74' title="bbox 2126 1871 3706 1939">
     <span class='ocr_line' id='line_1_74' title="bbox 2126 1871 3706 1939; baseline 0.008 -16"><span class='ocrx_word' id='word_1_514' title='bbox 2126 1871 2212 1925; x_wconf 90' lang='lat' dir='ltr'><strong>illa</strong></span> <span class='ocrx_word' id='word_1_515' title='bbox 2246 1875 2538 1939; x_wconf 79' lang='lat' dir='ltr'><strong>troparinrn</strong></span> <span class='ocrx_word' id='word_1_516' title='bbox 2569 1877 2871 1931; x_wconf 90' lang='lat' dir='ltr'><strong>communis</strong></span> <span class='ocrx_word' id='word_1_517' title='bbox 2902 1886 2982 1931; x_wconf 87' lang='lat' dir='ltr'><strong>est</strong></span> <span class='ocrx_word' id='word_1_518' title='bbox 3007 1876 3260 1931; x_wconf 88' lang='lat' dir='ltr'><strong>omnibus</strong></span> <span class='ocrx_word' id='word_1_519' title='bbox 3284 1876 3546 1934; x_wconf 63' lang='lat' dir='ltr'><strong>Ecclesiae</strong></span> <span class='ocrx_word' id='word_1_520' title='bbox 3573 1893 3706 1935; x_wconf 89' lang='lat' dir='ltr'><strong>cau-</strong></span> 
     </span>
    </p>
   </div>
   <div class='ocr_carea' id='block_1_75' title="bbox 2126 1964 2403 2019">
    <p class='ocr_par' dir='ltr' id='par_1_75' title="bbox 2126 1964 2403 2019">
     <span class='ocr_line' id='line_1_75' title="bbox 2126 1964 2403 2019; baseline 0.004 -2"><span class='ocrx_word' id='word_1_521' title='bbox 2126 1964 2403 2019; x_wconf 88' lang='lat' dir='ltr'><strong>tionibus?</strong></span> 
     </span>
    </p>
   </div>
   <div class='ocr_carea' id='block_1_76' title="bbox 2193 2054 3703 2136">
    <p class='ocr_par' dir='ltr' id='par_1_76' title="bbox 2193 2054 3703 2136">
     <span class='ocr_line' id='line_1_76' title="bbox 2193 2054 3703 2136; baseline 0.007 -26"><span class='ocrx_word' id='word_1_522' title='bbox 2193 2055 2284 2110; x_wconf 71' lang='grc'><strong>12.</strong></span> <span class='ocrx_word' id='word_1_523' title='bbox 2323 2054 2514 2112; x_wconf 64' lang='lat' dir='ltr'><strong>Hareo</strong></span> <span class='ocrx_word' id='word_1_524' title='bbox 2550 2057 2790 2114; x_wconf 86' lang='lat' dir='ltr'><strong>incertus</strong></span> <span class='ocrx_word' id='word_1_525' title='bbox 2824 2059 3013 2123; x_wconf 89' lang='lat' dir='ltr'><strong>animi,</strong></span> <span class='ocrx_word' id='word_1_526' title='bbox 3052 2075 3228 2130; x_wconf 86' lang='lat' dir='ltr'><strong>neque</strong></span> <span class='ocrx_word' id='word_1_527' title='bbox 3259 2070 3438 2118; x_wconf 87' lang='lat' dir='ltr'><strong>tamen</strong></span> <span class='ocrx_word' id='word_1_528' title='bbox 3463 2078 3703 2136; x_wconf 87' lang='lat' dir='ltr'><strong>tnepos-</strong></span> 
     </span>
    </p>
   </div>
   <div class='ocr_carea' id='block_1_77' title="bbox 2121 2147 3702 2215">
    <p class='ocr_par' dir='ltr' id='par_1_77' title="bbox 2121 2147 3702 2215">
     <span class='ocr_line' id='line_1_77' title="bbox 2121 2147 3702 2215; baseline 0.006 -14"><span class='ocrx_word' id='word_1_529' title='bbox 2121 2162 2239 2201; x_wconf 89' lang='lat' dir='ltr'><strong>snm</strong></span> <span class='ocrx_word' id='word_1_530' title='bbox 2263 2147 2553 2215; x_wconf 88' lang='lat' dir='ltr'><strong>adducere,</strong></span> <span class='ocrx_word' id='word_1_531' title='bbox 2579 2156 2638 2202; x_wconf 93' lang='lat' dir='ltr'><strong>ut</strong></span> <span class='ocrx_word' id='word_1_532' title='bbox 2662 2151 2810 2206; x_wconf 89' lang='lat' dir='ltr'><strong>viros</strong></span> <span class='ocrx_word' id='word_1_533' title='bbox 2840 2153 2892 2205; x_wconf 89' lang='lat' dir='ltr'><strong>in</strong></span> <span class='ocrx_word' id='word_1_534' title='bbox 2918 2152 3120 2206; x_wconf 89' lang='lat' dir='ltr'><strong>rituum</strong></span> <span class='ocrx_word' id='word_1_535' title='bbox 3141 2152 3454 2211; x_wconf 68' lang='lat' dir='ltr'><strong>Graecorum</strong></span> <span class='ocrx_word' id='word_1_536' title='bbox 3473 2156 3702 2212; x_wconf 89' lang='lat' dir='ltr'><strong>scientia</strong></span> 
     </span>
    </p>
   </div>
   <div class='ocr_carea' id='block_1_78' title="bbox 2122 2238 3702 2316">
    <p class='ocr_par' dir='ltr' id='par_1_78' title="bbox 2122 2238 3702 2316">
     <span class='ocr_line' id='line_1_78' title="bbox 2122 2238 3702 2316; baseline 0.008 -25"><span class='ocrx_word' id='word_1_537' title='bbox 2122 2239 2367 2309; x_wconf 87' lang='lat' dir='ltr'><strong>apprime</strong></span> <span class='ocrx_word' id='word_1_538' title='bbox 2415 2249 2681 2305; x_wconf 89' lang='lat' dir='ltr'><strong>versatos,</strong></span> <span class='ocrx_word' id='word_1_539' title='bbox 2715 2253 2771 2297; x_wconf 92' lang='lat' dir='ltr'><strong>et</strong></span> <span class='ocrx_word' id='word_1_540' title='bbox 2795 2242 2895 2298; x_wconf 87' lang='lat' dir='ltr'><strong>hoc</strong></span> <span class='ocrx_word' id='word_1_541' title='bbox 2943 2245 3161 2299; x_wconf 90' lang='lat' dir='ltr'><strong>nomine</strong></span> <span class='ocrx_word' id='word_1_542' title='bbox 3196 2260 3295 2316; x_wconf 88' lang='lat' dir='ltr'><strong>per</strong></span> <span class='ocrx_word' id='word_1_543' title='bbox 3317 2238 3485 2301; x_wconf 76' lang='lat' dir='ltr'><strong>tutum</strong></span> <span class='ocrx_word' id='word_1_544' title='bbox 3515 2251 3702 2305; x_wconf 90' lang='lat' dir='ltr'><strong>orbem</strong></span> 
     </span>
    </p>
   </div>
   <div class='ocr_carea' id='block_1_79' title="bbox 2122 2332 3708 2409">
    <p class='ocr_par' dir='ltr' id='par_1_79' title="bbox 2122 2332 3708 2409">
     <span class='ocr_line' id='line_1_79' title="bbox 2122 2332 3708 2409; baseline 0.009 -26"><span class='ocrx_word' id='word_1_545' title='bbox 2122 2340 2391 2386; x_wconf 91' lang='lat' dir='ltr'><strong>terrarum</strong></span> <span class='ocrx_word' id='word_1_546' title='bbox 2422 2332 2693 2398; x_wconf 87' lang='lat' dir='ltr'><strong>celebres,</strong></span> <span class='ocrx_word' id='word_1_547' title='bbox 2719 2342 2993 2391; x_wconf 88' lang='lat' dir='ltr'><strong>autumem</strong></span> <span class='ocrx_word' id='word_1_548' title='bbox 3026 2336 3171 2406; x_wconf 91' lang='lat' dir='ltr'><strong>loqui</strong></span> <span class='ocrx_word' id='word_1_549' title='bbox 3199 2341 3515 2409; x_wconf 87' lang='lat' dir='ltr'><strong>pugnantia,</strong></span> <span class='ocrx_word' id='word_1_550' title='bbox 3538 2351 3594 2396; x_wconf 91' lang='lat' dir='ltr'><strong>et</strong></span> <span class='ocrx_word' id='word_1_551' title='bbox 3615 2341 3708 2397; x_wconf 84' lang='lat' dir='ltr'><strong>hic</strong></span> 
     </span>
    </p>
   </div>
   <div class='ocr_carea' id='block_1_80' title="bbox 2129 2423 3706 2497">
    <p class='ocr_par' dir='ltr' id='par_1_80' title="bbox 2129 2423 3706 2497">
     <span class='ocr_line' id='line_1_80' title="bbox 2129 2423 3706 2497; baseline 0.01 -21"><span class='ocrx_word' id='word_1_552' title='bbox 2129 2437 2160 2476; x_wconf 92' lang='lat' dir='ltr'><strong>a</strong></span> <span class='ocrx_word' id='word_1_553' title='bbox 2199 2438 2329 2477; x_wconf 90' lang='lat' dir='ltr'><strong>vero</strong></span> <span class='ocrx_word' id='word_1_554' title='bbox 2352 2423 2562 2478; x_wconf 88' lang='lat' dir='ltr'><strong>abesse.</strong></span> <span class='ocrx_word' id='word_1_555' title='bbox 2591 2423 2729 2491; x_wconf 84' lang='lat' dir='ltr'><strong>Quid</strong></span> <span class='ocrx_word' id='word_1_556' title='bbox 2761 2425 2961 2497; x_wconf 80' lang='lat' dir='ltr'><strong>igitur?</strong></span> <span class='ocrx_word' id='word_1_557' title='bbox 2989 2428 3055 2483; x_wconf 90' lang='lat' dir='ltr'><strong>Ut</strong></span> <span class='ocrx_word' id='word_1_558' title='bbox 3081 2430 3162 2483; x_wconf 76' lang='lat' dir='ltr'><strong>ha:</strong></span> <span class='ocrx_word' id='word_1_559' title='bbox 3196 2445 3382 2484; x_wconf 89' lang='lat' dir='ltr'><strong>eormn</strong></span> <span class='ocrx_word' id='word_1_560' title='bbox 3405 2432 3706 2490; x_wconf 85' lang='lat' dir='ltr'><strong>locutiones</strong></span> 
     </span>
    </p>
   </div>
   <div class='ocr_carea' id='block_1_81' title="bbox 2124 2515 3707 2586">
    <p class='ocr_par' dir='ltr' id='par_1_81' title="bbox 2124 2515 3707 2586">
     <span class='ocr_line' id='line_1_81' title="bbox 2124 2515 3707 2586; baseline 0.008 -18"><span class='ocrx_word' id='word_1_561' title='bbox 2124 2516 2389 2570; x_wconf 76' lang='lat' dir='ltr'><strong>duntaxat</strong></span> <span class='ocrx_word' id='word_1_562' title='bbox 2428 2515 2482 2569; x_wconf 93' lang='lat' dir='ltr'><strong>in</strong></span> <span class='ocrx_word' id='word_1_563' title='bbox 2529 2517 2768 2584; x_wconf 88' lang='lat' dir='ltr'><strong>speciem</strong></span> <span class='ocrx_word' id='word_1_564' title='bbox 2803 2529 3108 2586; x_wconf 70' lang='lat' dir='ltr'><strong>pugnantes</strong></span> <span class='ocrx_word' id='word_1_565' title='bbox 3157 2523 3522 2579; x_wconf 91' lang='lat' dir='ltr'><strong>concilientur</strong></span> <span class='ocrx_word' id='word_1_566' title='bbox 3565 2526 3707 2582; x_wconf 89' lang='lat' dir='ltr'><strong>inter</strong></span> 
     </span>
    </p>
   </div>
   <div class='ocr_carea' id='block_1_82' title="bbox 2122 2606 3706 2688">
    <p class='ocr_par' dir='ltr' id='par_1_82' title="bbox 2122 2606 3706 2688">
     <span class='ocr_line' id='line_1_82' title="bbox 2122 2606 3706 2688; baseline 0.008 -26"><span class='ocrx_word' id='word_1_567' title='bbox 2122 2623 2202 2667; x_wconf 91' lang='lat' dir='ltr'><strong>se.</strong></span> <span class='ocrx_word' id='word_1_568' title='bbox 2271 2614 2492 2675; x_wconf 91' lang='lat' dir='ltr'><strong>totaque</strong></span> <span class='ocrx_word' id='word_1_569' title='bbox 2530 2606 2892 2676; x_wconf 89' lang='lat' dir='ltr'><strong>tropariorum</strong></span> <span class='ocrx_word' id='word_1_570' title='bbox 2954 2622 3147 2665; x_wconf 88' lang='lat' dir='ltr'><strong>natura</strong></span> <span class='ocrx_word' id='word_1_571' title='bbox 3201 2614 3551 2685; x_wconf 79' lang='lat' dir='ltr'><strong>intelligatur,</strong></span> <span class='ocrx_word' id='word_1_572' title='bbox 3602 2631 3706 2688; x_wconf 72' lang='lat' dir='ltr'><strong>ego</strong></span> 
     </span>
    </p>
   </div>
   <div class='ocr_carea' id='block_1_83' title="bbox 2119 2698 3707 2768">
    <p class='ocr_par' dir='ltr' id='par_1_83' title="bbox 2119 2698 3707 2768">
     <span class='ocr_line' id='line_1_83' title="bbox 2119 2698 3707 2768; baseline 0.008 -17"><span class='ocrx_word' id='word_1_573' title='bbox 2119 2699 2334 2767; x_wconf 87' lang='lat' dir='ltr'><strong>quidem</strong></span> <span class='ocrx_word' id='word_1_574' title='bbox 2360 2698 2440 2753; x_wconf 89' lang='lat' dir='ltr'><strong>sic</strong></span> <span class='ocrx_word' id='word_1_575' title='bbox 2469 2707 2686 2753; x_wconf 86' lang='lat' dir='ltr'><strong>statuo:</strong></span> <span class='ocrx_word' id='word_1_576' title='bbox 2713 2699 3011 2768; x_wconf 86' lang='lat' dir='ltr'><strong>quamlibet</strong></span> <span class='ocrx_word' id='word_1_577' title='bbox 3035 2702 3085 2755; x_wconf 93' lang='lat' dir='ltr'><strong>in</strong></span> <span class='ocrx_word' id='word_1_578' title='bbox 3110 2703 3349 2759; x_wconf 85' lang='lat' dir='ltr'><strong>Ecclesia</strong></span> <span class='ocrx_word' id='word_1_579' title='bbox 3373 2705 3557 2762; x_wconf 60' lang='lat' dir='ltr'><strong>Graeca</strong></span> <span class='ocrx_word' id='word_1_580' title='bbox 3577 2724 3707 2764; x_wconf 83' lang='lat' dir='ltr'><strong>can-</strong></span> 
     </span>
    </p>
   </div>
   <div class='ocr_carea' id='block_1_84' title="bbox 2121 2791 3706 2865">
    <p class='ocr_par' dir='ltr' id='par_1_84' title="bbox 2121 2791 3706 2865">
     <span class='ocr_line' id='line_1_84' title="bbox 2121 2791 3706 2865; baseline 0.007 -20"><span class='ocrx_word' id='word_1_581' title='bbox 2121 2791 2319 2847; x_wconf 91' lang='lat' dir='ltr'><strong>tionem</strong></span> <span class='ocrx_word' id='word_1_582' title='bbox 2351 2792 2624 2846; x_wconf 89' lang='lat' dir='ltr'><strong>commnni</strong></span> <span class='ocrx_word' id='word_1_583' title='bbox 2674 2794 2894 2848; x_wconf 87' lang='lat' dir='ltr'><strong>nomine</strong></span> <span class='ocrx_word' id='word_1_584' title='bbox 2950 2795 3211 2864; x_wconf 84' lang='lat' dir='ltr'><strong>appellari</strong></span> <span class='ocrx_word' id='word_1_585' title='bbox 3266 2800 3586 2865; x_wconf 90' lang='lat' dir='ltr'><strong>troparium,</strong></span> <span class='ocrx_word' id='word_1_586' title='bbox 3617 2801 3706 2856; x_wconf 85' lang='lat' dir='ltr'><strong>vel</strong></span> 
     </span>
    </p>
   </div>
   <div class='ocr_carea' id='block_1_85' title="bbox 2118 2883 3707 2958">
    <p class='ocr_par' dir='ltr' id='par_1_85' title="bbox 2118 2883 3707 2958">
     <span class='ocr_line' id='line_1_85' title="bbox 2118 2883 3707 2958; baseline 0.008 -21"><span class='ocrx_word' id='word_1_587' title='bbox 2118 2883 2188 2937; x_wconf 87' lang='lat' dir='ltr'><strong>ob</strong></span> <span class='ocrx_word' id='word_1_588' title='bbox 2213 2898 2424 2947; x_wconf 91' lang='lat' dir='ltr'><strong>vocem,</strong></span> <span class='ocrx_word' id='word_1_589' title='bbox 2450 2899 2571 2952; x_wconf 72' lang='lat' dir='ltr'><strong>qua:</strong></span> <span class='ocrx_word' id='word_1_590' title='bbox 2608 2883 2750 2938; x_wconf 87' lang='lat' dir='ltr'><strong>inter</strong></span> <span class='ocrx_word' id='word_1_591' title='bbox 2801 2888 3130 2939; x_wconf 86' lang='lat' dir='ltr'><strong>cantandum</strong></span> <span class='ocrx_word' id='word_1_592' title='bbox 3184 2889 3467 2958; x_wconf 89' lang='lat' dir='ltr'><strong>multiplici</strong></span> <span class='ocrx_word' id='word_1_593' title='bbox 3522 2906 3587 2947; x_wconf 89' lang='lat' dir='ltr'><strong>ac</strong></span> <span class='ocrx_word' id='word_1_594' title='bbox 3622 2894 3707 2948; x_wconf 88' lang='lat' dir='ltr'><strong>di-</strong></span> 
     </span>
    </p>
   </div>
   <div class='ocr_carea' id='block_1_86' title="bbox 2118 2970 3702 3052">
    <p class='ocr_par' dir='ltr' id='par_1_86' title="bbox 2118 2970 3702 3052">
     <span class='ocr_line' id='line_1_86' title="bbox 2118 2970 3702 3052; baseline 0.008 -27"><span class='ocrx_word' id='word_1_595' title='bbox 2118 2986 2279 3027; x_wconf 86' lang='lat' dir='ltr'><strong>verso</strong></span> <span class='ocrx_word' id='word_1_596' title='bbox 2309 2973 2468 3027; x_wconf 91' lang='lat' dir='ltr'><strong>modo</strong></span> <span class='ocrx_word' id='word_1_597' title='bbox 2513 2970 2834 3037; x_wconf 88' lang='lat' dir='ltr'><strong>inﬂectitur;</strong></span> <span class='ocrx_word' id='word_1_598' title='bbox 2866 2974 2945 3029; x_wconf 85' lang='lat' dir='ltr'><strong>vel</strong></span> <span class='ocrx_word' id='word_1_599' title='bbox 2976 2977 3138 3030; x_wconf 90' lang='lat' dir='ltr'><strong>etiam</strong></span> <span class='ocrx_word' id='word_1_600' title='bbox 3169 2978 3238 3033; x_wconf 92' lang='lat' dir='ltr'><strong>ob</strong></span> <span class='ocrx_word' id='word_1_601' title='bbox 3277 2982 3702 3052; x_wconf 87' lang='lat' dir='ltr'><strong>canonarcham,</strong></span> 
     </span>
    </p>
   </div>
   <div class='ocr_carea' id='block_1_87' title="bbox 2119 3064 3701 3144">
    <p class='ocr_par' dir='ltr' id='par_1_87' title="bbox 2119 3064 3701 3144">
     <span class='ocr_line' id='line_1_87' title="bbox 2119 3064 3701 3144; baseline 0.01 -30"><span class='ocrx_word' id='word_1_602' title='bbox 2119 3064 2209 3133; x_wconf 88' lang='lat' dir='ltr'><strong>qui</strong></span> <span class='ocrx_word' id='word_1_603' title='bbox 2240 3064 2364 3119; x_wconf 90' lang='lat' dir='ltr'><strong>dum</strong></span> <span class='ocrx_word' id='word_1_604' title='bbox 2397 3079 2493 3133; x_wconf 89' lang='lat' dir='ltr'><strong>per</strong></span> <span class='ocrx_word' id='word_1_605' title='bbox 2522 3075 2788 3119; x_wconf 91' lang='lat' dir='ltr'><strong>commata</strong></span> <span class='ocrx_word' id='word_1_606' title='bbox 2822 3067 3128 3123; x_wconf 90' lang='lat' dir='ltr'><strong>cantionem</strong></span> <span class='ocrx_word' id='word_1_607' title='bbox 3166 3071 3402 3140; x_wconf 82' lang='lat' dir='ltr'><strong>aliquant</strong></span> <span class='ocrx_word' id='word_1_608' title='bbox 3436 3076 3701 3144; x_wconf 80' lang='lat' dir='ltr'><strong>suggerit,</strong></span> 
     </span>
    </p>
   </div>
   <div class='ocr_carea' id='block_1_88' title="bbox 2119 3156 3708 3235">
    <p class='ocr_par' dir='ltr' id='par_1_88' title="bbox 2119 3156 3708 3235">
     <span class='ocr_line' id='line_1_88' title="bbox 2119 3156 3708 3235; baseline 0.011 -27"><span class='ocrx_word' id='word_1_609' title='bbox 2119 3156 2602 3210; x_wconf 86' lang='lat' dir='ltr'><strong>varium-vertitur</strong></span> <span class='ocrx_word' id='word_1_610' title='bbox 2660 3158 2712 3212; x_wconf 91' lang='lat' dir='ltr'><strong>in</strong></span> <span class='ocrx_word' id='word_1_611' title='bbox 2762 3161 3020 3224; x_wconf 87' lang='lat' dir='ltr'><strong>chorum;</strong></span> <span class='ocrx_word' id='word_1_612' title='bbox 3076 3162 3147 3215; x_wconf 90' lang='lat' dir='ltr'><strong>ita</strong></span> <span class='ocrx_word' id='word_1_613' title='bbox 3200 3170 3257 3216; x_wconf 92' lang='lat' dir='ltr'><strong>ut</strong></span> <span class='ocrx_word' id='word_1_614' title='bbox 3304 3167 3601 3235; x_wconf 88' lang='lat' dir='ltr'><strong>troparium</strong></span> <span class='ocrx_word' id='word_1_615' title='bbox 3635 3170 3708 3224; x_wconf 81' lang='lat' dir='ltr'><strong>sit</strong></span> 
     </span>
    </p>
   </div>
   <div class='ocr_carea' id='block_1_89' title="bbox 2125 3249 3708 3320">
    <p class='ocr_par' dir='ltr' id='par_1_89' title="bbox 2125 3249 3708 3320">
     <span class='ocr_line' id='line_1_89' title="bbox 2125 3249 3708 3320; baseline 0.009 -19"><span class='ocrx_word' id='word_1_616' title='bbox 2125 3249 2288 3303; x_wconf 90' lang='lat' dir='ltr'><strong>veluti</strong></span> <span class='ocrx_word' id='word_1_617' title='bbox 2336 3264 2506 3317; x_wconf 80' lang='lat' dir='ltr'><strong>genus</strong></span> <span class='ocrx_word' id='word_1_618' title='bbox 2551 3250 2617 3303; x_wconf 91' lang='lat' dir='ltr'><strong>ad</strong></span> <span class='ocrx_word' id='word_1_619' title='bbox 2652 3251 2833 3320; x_wconf 84' lang='lat' dir='ltr'><strong>plures</strong></span> <span class='ocrx_word' id='word_1_620' title='bbox 2865 3253 3178 3306; x_wconf 84' lang='lat' dir='ltr'><strong>cantionum</strong></span> <span class='ocrx_word' id='word_1_621' title='bbox 3221 3253 3556 3314; x_wconf 78' lang='lat' dir='ltr'><strong>diﬂ‘erentias</strong></span> <span class='ocrx_word' id='word_1_622' title='bbox 3594 3261 3708 3315; x_wconf 86' lang='lat' dir='ltr'><strong>sive</strong></span> 
     </span>
    </p>
   </div>
   <div class='ocr_carea' id='block_1_90' title="bbox 2124 3341 3706 3423">
    <p class='ocr_par' dir='ltr' id='par_1_90' title="bbox 2124 3341 3706 3423">
     <span class='ocr_line' id='line_1_90' title="bbox 2124 3341 3706 3423; baseline 0.009 -28"><span class='ocrx_word' id='word_1_623' title='bbox 2124 3341 2325 3397; x_wconf 79' lang='lat' dir='ltr'><strong>formas</strong></span> <span class='ocrx_word' id='word_1_624' title='bbox 2346 3343 2641 3412; x_wconf 90' lang='lat' dir='ltr'><strong>pertinens.</strong></span> <span class='ocrx_word' id='word_1_625' title='bbox 2685 3343 2861 3413; x_wconf 87' lang='lat' dir='ltr'><strong>Atque</strong></span> <span class='ocrx_word' id='word_1_626' title='bbox 2897 3345 3160 3401; x_wconf 86' lang='lat' dir='ltr'><strong>alterutro</strong></span> <span class='ocrx_word' id='word_1_627' title='bbox 3194 3362 3384 3415; x_wconf 86' lang='lat' dir='ltr'><strong>sensu,</strong></span> <span class='ocrx_word' id='word_1_628' title='bbox 3416 3351 3499 3405; x_wconf 90' lang='lat' dir='ltr'><strong>vel</strong></span> <span class='ocrx_word' id='word_1_629' title='bbox 3525 3354 3706 3423; x_wconf 73' lang='lat' dir='ltr'><strong>potius</strong></span> 
     </span>
    </p>
   </div>
   <div class='ocr_carea' id='block_1_91' title="bbox 2125 3433 3707 3508">
    <p class='ocr_par' dir='ltr' id='par_1_91' title="bbox 2125 3433 3707 3508">
     <span class='ocr_line' id='line_1_91' title="bbox 2125 3433 3707 3508; baseline 0.006 -22"><span class='ocrx_word' id='word_1_630' title='bbox 2125 3444 2375 3502; x_wconf 89' lang='lat' dir='ltr'><strong>utroque,</strong></span> <span class='ocrx_word' id='word_1_631' title='bbox 2403 3442 2458 3487; x_wconf 84' lang='lat' dir='ltr'><strong>et</strong></span> <span class='ocrx_word' id='word_1_632' title='bbox 2481 3433 2728 3488; x_wconf 85' lang='lat' dir='ltr'><strong>idiomela</strong></span> <span class='ocrx_word' id='word_1_633' title='bbox 2766 3444 2822 3489; x_wconf 93' lang='lat' dir='ltr'><strong>et</strong></span> <span class='ocrx_word' id='word_1_634' title='bbox 2854 3437 3015 3490; x_wconf 82' lang='lat' dir='ltr'><strong>hinni</strong></span> <span class='ocrx_word' id='word_1_635' title='bbox 3061 3447 3117 3491; x_wconf 92' lang='lat' dir='ltr'><strong>et</strong></span> <span class='ocrx_word' id='word_1_636' title='bbox 3156 3439 3391 3495; x_wconf 90' lang='lat' dir='ltr'><strong>sticltera</strong></span> <span class='ocrx_word' id='word_1_637' title='bbox 3425 3449 3479 3496; x_wconf 83' lang='lat' dir='ltr'><strong>et</strong></span> <span class='ocrx_word' id='word_1_638' title='bbox 3518 3442 3707 3508; x_wconf 83' lang='lat' dir='ltr'><strong>stichi,</strong></span> 
     </span>
    </p>
   </div>
   <div class='ocr_carea' id='block_1_92' title="bbox 2123 3524 3709 3603">
    <p class='ocr_par' dir='ltr' id='par_1_92' title="bbox 2123 3524 3709 3603">
     <span class='ocr_line' id='line_1_92' title="bbox 2123 3524 3709 3603; baseline 0.007 -25"><span class='ocrx_word' id='word_1_639' title='bbox 2123 3533 2178 3578; x_wconf 90' lang='lat' dir='ltr'><strong>et</strong></span> <span class='ocrx_word' id='word_1_640' title='bbox 2199 3524 2478 3578; x_wconf 90' lang='lat' dir='ltr'><strong>cautiones</strong></span> <span class='ocrx_word' id='word_1_641' title='bbox 2496 3525 2716 3593; x_wconf 83' lang='lat' dir='ltr'><strong>reliquae</strong></span> <span class='ocrx_word' id='word_1_642' title='bbox 2732 3540 2921 3580; x_wconf 90' lang='lat' dir='ltr'><strong>omnes</strong></span> <span class='ocrx_word' id='word_1_643' title='bbox 2942 3528 3064 3597; x_wconf 87' lang='lat' dir='ltr'><strong>jure</strong></span> <span class='ocrx_word' id='word_1_644' title='bbox 3099 3530 3296 3585; x_wconf 90' lang='lat' dir='ltr'><strong>merito</strong></span> <span class='ocrx_word' id='word_1_645' title='bbox 3324 3545 3709 3603; x_wconf 86' lang='lat' dir='ltr'><strong>nuncupantur</strong></span> 
     </span>
    </p>
   </div>
   <div class='ocr_carea' id='block_1_93' title="bbox 2126 3616 3706 3694">
    <p class='ocr_par' dir='ltr' id='par_1_93' title="bbox 2126 3616 3706 3694">
     <span class='ocr_line' id='line_1_93' title="bbox 2126 3616 3706 3694; baseline 0.006 -24"><span class='ocrx_word' id='word_1_646' title='bbox 2126 3616 2389 3684; x_wconf 86' lang='lat' dir='ltr'><strong>troparia.</strong></span> <span class='ocrx_word' id='word_1_647' title='bbox 2419 3616 2500 3670; x_wconf 81' lang='lat' dir='ltr'><strong>An</strong></span> <span class='ocrx_word' id='word_1_648' title='bbox 2537 3616 2679 3671; x_wconf 89' lang='lat' dir='ltr'><strong>enim</strong></span> <span class='ocrx_word' id='word_1_649' title='bbox 2712 3620 2895 3672; x_wconf 92' lang='lat' dir='ltr'><strong>cantio</strong></span> <span class='ocrx_word' id='word_1_650' title='bbox 2932 3626 3111 3688; x_wconf 89' lang='lat' dir='ltr'><strong>potest</strong></span> <span class='ocrx_word' id='word_1_651' title='bbox 3145 3635 3264 3675; x_wconf 84' lang='lat' dir='ltr'><strong>esse</strong></span> <span class='ocrx_word' id='word_1_652' title='bbox 3288 3623 3421 3687; x_wconf 87' lang='lat' dir='ltr'><strong>ulla,</strong></span> <span class='ocrx_word' id='word_1_653' title='bbox 3448 3623 3504 3678; x_wconf 90' lang='lat' dir='ltr'><strong>in</strong></span> <span class='ocrx_word' id='word_1_654' title='bbox 3542 3639 3706 3694; x_wconf 91' lang='lat' dir='ltr'><strong>quam</strong></span> 
     </span>
    </p>
   </div>
   <div class='ocr_carea' id='block_1_94' title="bbox 2125 3708 3708 3782">
    <p class='ocr_par' dir='ltr' id='par_1_94' title="bbox 2125 3708 3708 3782">
     <span class='ocr_line' id='line_1_94' title="bbox 2125 3708 3708 3782; baseline 0.006 -21"><span class='ocrx_word' id='word_1_655' title='bbox 2125 3717 2356 3777; x_wconf 87' lang='lat' dir='ltr'><strong>utraque</strong></span> <span class='ocrx_word' id='word_1_656' title='bbox 2379 3708 2468 3761; x_wconf 89' lang='lat' dir='ltr'><strong>illa</strong></span> <span class='ocrx_word' id='word_1_657' title='bbox 2505 3708 2642 3762; x_wconf 91' lang='lat' dir='ltr'><strong>ratio</strong></span> <span class='ocrx_word' id='word_1_658' title='bbox 2668 3724 2773 3763; x_wconf 90' lang='lat' dir='ltr'><strong>non</strong></span> <span class='ocrx_word' id='word_1_659' title='bbox 2795 3711 3119 3766; x_wconf 85' lang='lat' dir='ltr'><strong>conveniat?</strong></span> <span class='ocrx_word' id='word_1_660' title='bbox 3146 3712 3468 3782; x_wconf 83' lang='lat' dir='ltr'><strong>Quanquam</strong></span> <span class='ocrx_word' id='word_1_661' title='bbox 3501 3716 3708 3770; x_wconf 90' lang='lat' dir='ltr'><strong>cantio-</strong></span> 
     </span>
    </p>
   </div>
   <div class='ocr_carea' id='block_1_95' title="bbox 2124 3799 3707 3871">
    <p class='ocr_par' dir='ltr' id='par_1_95' title="bbox 2124 3799 3707 3871">
     <span class='ocr_line' id='line_1_95' title="bbox 2124 3799 3707 3871; baseline 0.006 -19"><span class='ocrx_word' id='word_1_662' title='bbox 2124 3815 2218 3853; x_wconf 91' lang='lat' dir='ltr'><strong>ues</strong></span> <span class='ocrx_word' id='word_1_663' title='bbox 2241 3799 2343 3853; x_wconf 68' lang='lat' dir='ltr'><strong>illae</strong></span> <span class='ocrx_word' id='word_1_664' title='bbox 2369 3800 2486 3852; x_wconf 63' lang='lat' dir='ltr'><strong>aliae</strong></span> <span class='ocrx_word' id='word_1_665' title='bbox 2534 3800 2650 3853; x_wconf 85' lang='lat' dir='ltr'><strong>sive</strong></span> <span class='ocrx_word' id='word_1_666' title='bbox 2691 3800 2916 3864; x_wconf 91' lang='lat' dir='ltr'><strong>moduli,</strong></span> <span class='ocrx_word' id='word_1_667' title='bbox 2948 3803 3037 3871; x_wconf 89' lang='lat' dir='ltr'><strong>qui</strong></span> <span class='ocrx_word' id='word_1_668' title='bbox 3085 3804 3229 3858; x_wconf 88' lang='lat' dir='ltr'><strong>inter</strong></span> <span class='ocrx_word' id='word_1_669' title='bbox 3258 3806 3560 3860; x_wconf 90' lang='lat' dir='ltr'><strong>canendum</strong></span> <span class='ocrx_word' id='word_1_670' title='bbox 3596 3807 3707 3862; x_wconf 86' lang='lat' dir='ltr'><strong>hir-</strong></span> 
     </span>
    </p>
   </div>
   <div class='ocr_carea' id='block_1_96' title="bbox 2125 3893 3704 3966">
    <p class='ocr_par' dir='ltr' id='par_1_96' title="bbox 2125 3893 3704 3966">
     <span class='ocr_line' id='line_1_96' title="bbox 2125 3893 3704 3966; baseline 0.006 -23"><span class='ocrx_word' id='word_1_671' title='bbox 2125 3893 2227 3944; x_wconf 87' lang='lat' dir='ltr'><strong>mis</strong></span> <span class='ocrx_word' id='word_1_672' title='bbox 2266 3901 2719 3960; x_wconf 85' lang='lat' dir='ltr'><strong>attemperantur,</strong></span> <span class='ocrx_word' id='word_1_673' title='bbox 2769 3907 2875 3947; x_wconf 87' lang='lat' dir='ltr'><strong>non</strong></span> <span class='ocrx_word' id='word_1_674' title='bbox 2907 3895 3080 3949; x_wconf 90' lang='lat' dir='ltr'><strong>solum</strong></span> <span class='ocrx_word' id='word_1_675' title='bbox 3134 3906 3357 3966; x_wconf 83' lang='lat' dir='ltr'><strong>prepter</strong></span> <span class='ocrx_word' id='word_1_676' title='bbox 3387 3898 3704 3954; x_wconf 86' lang='lat' dir='ltr'><strong>alterutram</strong></span> 
     </span>
    </p>
   </div>
   <div class='ocr_carea' id='block_1_97' title="bbox 2122 3982 3709 4059">
    <p class='ocr_par' dir='ltr' id='par_1_97' title="bbox 2122 3982 3709 4059">
     <span class='ocr_line' id='line_1_97' title="bbox 2122 3982 3709 4059; baseline 0.008 -24"><span class='ocrx_word' id='word_1_677' title='bbox 2122 3982 2206 4036; x_wconf 86' lang='lat' dir='ltr'><strong>vel</strong></span> <span class='ocrx_word' id='word_1_678' title='bbox 2244 3996 2530 4052; x_wconf 89' lang='lat' dir='ltr'><strong>utramque</strong></span> <span class='ocrx_word' id='word_1_679' title='bbox 2553 3984 2845 4048; x_wconf 88' lang='lat' dir='ltr'><strong>rationem,</strong></span> <span class='ocrx_word' id='word_1_680' title='bbox 2877 3986 2971 4040; x_wconf 87' lang='lat' dir='ltr'><strong>sed</strong></span> <span class='ocrx_word' id='word_1_681' title='bbox 2992 3989 3157 4041; x_wconf 90' lang='lat' dir='ltr'><strong>etiam</strong></span> <span class='ocrx_word' id='word_1_682' title='bbox 3187 4000 3406 4059; x_wconf 83' lang='lat' dir='ltr'><strong>pmpter</strong></span> <span class='ocrx_word' id='word_1_683' title='bbox 3434 3991 3578 4046; x_wconf 89' lang='lat' dir='ltr'><strong>illam</strong></span> <span class='ocrx_word' id='word_1_684' title='bbox 3604 4005 3709 4048; x_wconf 88' lang='lat' dir='ltr'><strong>tcr-</strong></span> 
     </span>
    </p>
   </div>
   <div class='ocr_carea' id='block_1_98' title="bbox 2126 4075 3703 4153">
    <p class='ocr_par' dir='ltr' id='par_1_98' title="bbox 2126 4075 3703 4153">
     <span class='ocr_line' id='line_1_98' title="bbox 2126 4075 3703 4153; baseline 0.008 -26"><span class='ocrx_word' id='word_1_685' title='bbox 2126 4075 2252 4128; x_wconf 85' lang='lat' dir='ltr'><strong>tiam</strong></span> <span class='ocrx_word' id='word_1_686' title='bbox 2303 4091 2330 4127; x_wconf 88' lang='lat' dir='ltr'><strong>a</strong></span> <span class='ocrx_word' id='word_1_687' title='bbox 2377 4075 2588 4130; x_wconf 87' lang='lat' dir='ltr'><strong>Zonara</strong></span> <span class='ocrx_word' id='word_1_688' title='bbox 2646 4075 2885 4143; x_wconf 86' lang='lat' dir='ltr'><strong>allatam,</strong></span> <span class='ocrx_word' id='word_1_689' title='bbox 2920 4093 3207 4134; x_wconf 88' lang='lat' dir='ltr'><strong>commune</strong></span> <span class='ocrx_word' id='word_1_690' title='bbox 3248 4096 3444 4136; x_wconf 90' lang='lat' dir='ltr'><strong>nomen</strong></span> <span class='ocrx_word' id='word_1_691' title='bbox 3478 4086 3703 4153; x_wconf 88' lang='lat' dir='ltr'><strong>troparii</strong></span> 
     </span>
    </p>
   </div>
   <div class='ocr_carea' id='block_1_99' title="bbox 2121 4167 3704 4242">
    <p class='ocr_par' dir='ltr' id='par_1_99' title="bbox 2121 4167 3704 4242">
     <span class='ocr_line' id='line_1_99' title="bbox 2121 4167 3704 4242; baseline 0.006 -21"><span class='ocrx_word' id='word_1_692' title='bbox 2121 4168 2222 4221; x_wconf 86' lang='lat' dir='ltr'><strong>sibi</strong></span> <span class='ocrx_word' id='word_1_693' title='bbox 2260 4167 2558 4230; x_wconf 86' lang='lat' dir='ltr'><strong>vindicent,</strong></span> <span class='ocrx_word' id='word_1_694' title='bbox 2593 4175 2849 4237; x_wconf 89' lang='lat' dir='ltr'><strong>tanquam</strong></span> <span class='ocrx_word' id='word_1_695' title='bbox 2884 4170 3155 4237; x_wconf 88' lang='lat' dir='ltr'><strong>peculiare</strong></span> <span class='ocrx_word' id='word_1_696' title='bbox 3185 4181 3239 4224; x_wconf 94' lang='lat' dir='ltr'><strong>et</strong></span> <span class='ocrx_word' id='word_1_697' title='bbox 3276 4174 3581 4242; x_wconf 84' lang='lat' dir='ltr'><strong>proprium,</strong></span> <span class='ocrx_word' id='word_1_698' title='bbox 3618 4176 3704 4231; x_wconf 87' lang='lat' dir='ltr'><strong>id-</strong></span> 
     </span>
    </p>
   </div>
   <div class='ocr_carea' id='block_1_100' title="bbox 2120 4261 3472 4329">
    <p class='ocr_par' dir='ltr' id='par_1_100' title="bbox 2120 4261 3472 4329">
     <span class='ocr_line' id='line_1_100' title="bbox 2120 4261 3472 4329; baseline 0.009 -24"><span class='ocrx_word' id='word_1_699' title='bbox 2120 4274 2226 4327; x_wconf 84' lang='lat' dir='ltr'><strong>que</strong></span> <span class='ocrx_word' id='word_1_700' title='bbox 2253 4273 2347 4327; x_wconf 89' lang='lat' dir='ltr'><strong>per</strong></span> <span class='ocrx_word' id='word_1_701' title='bbox 2368 4261 2794 4311; x_wconf 84' lang='lat' dir='ltr'><strong>antonomasiam</strong></span> <span class='ocrx_word' id='word_1_702' title='bbox 2827 4269 2919 4313; x_wconf 89' lang='lat' dir='ltr'><strong>aut</strong></span> <span class='ocrx_word' id='word_1_703' title='bbox 2940 4275 3034 4329; x_wconf 89' lang='lat' dir='ltr'><strong>per</strong></span> <span class='ocrx_word' id='word_1_704' title='bbox 3068 4261 3472 4317; x_wconf 79' lang='lat' dir='ltr'><strong>excellentiam.</strong></span> 
     </span>
    </p>
   </div>
   <div class='ocr_carea' id='block_1_101' title="bbox 2121 4345 3705 4419">
    <p class='ocr_par' dir='ltr' id='par_1_101' title="bbox 2121 4345 3705 4419">
     <span class='ocr_line' id='line_1_101' title="bbox 2121 4345 3705 4419; baseline 0.008 -19"><span class='ocrx_word' id='word_1_705' title='bbox 2121 4345 2148 4419; x_wconf 82' lang='lat'><strong>§</strong></span> <span class='ocrx_word' id='word_1_706' title='bbox 2182 4346 2264 4403; x_wconf 91' lang='lat' dir='ltr'><strong>Ill.</strong></span> <span class='ocrx_word' id='word_1_707' title='bbox 2297 4347 2439 4412; x_wconf 79' lang='lat' dir='ltr'><strong>Quid</strong></span> <span class='ocrx_word' id='word_1_708' title='bbox 2482 4349 2809 4415; x_wconf 82' lang='lat' dir='ltr'><strong>conlucium,</strong></span> <span class='ocrx_word' id='word_1_709' title='bbox 2845 4351 2964 4418; x_wconf 82' lang='lat' dir='ltr'><strong>quis</strong></span> <span class='ocrx_word' id='word_1_710' title='bbox 2988 4351 3103 4419; x_wconf 78' lang='lat' dir='ltr'><strong>ejus</strong></span> <span class='ocrx_word' id='word_1_711' title='bbox 3140 4353 3414 4417; x_wconf 82' lang='lat' dir='ltr'><strong>inventor;</strong></span> <span class='ocrx_word' id='word_1_712' title='bbox 3443 4357 3571 4419; x_wconf 81' lang='lat' dir='ltr'><strong>quid</strong></span> <span class='ocrx_word' id='word_1_713' title='bbox 3611 4370 3705 4411; x_wconf 86' lang='lat' dir='ltr'><strong>ca-</strong></span> 
     </span>
    </p>
   </div>
   <div class='ocr_carea' id='block_1_102' title="bbox 2614 4422 3194 4490">
    <p class='ocr_par' dir='ltr' id='par_1_102' title="bbox 2614 4422 3194 4490">
     <span class='ocr_line' id='line_1_102' title="bbox 2614 4422 3194 4490; baseline 0.01 -20"><span class='ocrx_word' id='word_1_714' title='bbox 2614 4436 2718 4471; x_wconf 87' lang='lat' dir='ltr'><strong>non</strong></span> <span class='ocrx_word' id='word_1_715' title='bbox 2742 4457 2757 4482; x_wconf 90' lang='lat'><strong>,</strong></span> <span class='ocrx_word' id='word_1_716' title='bbox 2801 4429 2851 4473; x_wconf 86' lang='lat' dir='ltr'><strong>et</strong></span> <span class='ocrx_word' id='word_1_717' title='bbox 2895 4422 3194 4490; x_wconf 74' lang='lat' dir='ltr'><strong>quotuplex.</strong></span> 
     </span>
    </p>
   </div>
   <div class='ocr_carea' id='block_1_103' title="bbox 2196 4530 3703 4606">
    <p class='ocr_par' dir='ltr' id='par_1_103' title="bbox 2196 4530 3703 4606">
     <span class='ocr_line' id='line_1_103' title="bbox 2196 4530 3703 4606; baseline 0.007 -23"><span class='ocrx_word' id='word_1_718' title='bbox 2196 4530 2281 4584; x_wconf 72' lang='grc'><strong>15.</strong></span> <span class='ocrx_word' id='word_1_719' title='bbox 2316 4530 2521 4599; x_wconf 86' lang='lat' dir='ltr'><strong>Duplex</strong></span> <span class='ocrx_word' id='word_1_720' title='bbox 2557 4530 2645 4584; x_wconf 90' lang='lat' dir='ltr'><strong>illa</strong></span> <span class='ocrx_word' id='word_1_721' title='bbox 2678 4531 3025 4601; x_wconf 87' lang='lat' dir='ltr'><strong>signiﬁcatio,</strong></span> <span class='ocrx_word' id='word_1_722' title='bbox 3060 4549 3224 4603; x_wconf 88' lang='lat' dir='ltr'><strong>quam</strong></span> <span class='ocrx_word' id='word_1_723' title='bbox 3255 4537 3375 4591; x_wconf 91' lang='lat' dir='ltr'><strong>voci</strong></span> <span class='ocrx_word' id='word_1_724' title='bbox 3406 4540 3703 4606; x_wconf 84' lang='lat' dir='ltr'><strong>troparium</strong></span> 
     </span>
    </p>
   </div>
   <div class='ocr_carea' id='block_1_104' title="bbox 2126 4622 3704 4700">
    <p class='ocr_par' dir='ltr' id='par_1_104' title="bbox 2126 4622 3704 4700">
     <span class='ocr_line' id='line_1_104' title="bbox 2126 4622 3704 4700; baseline 0.006 -23"><span class='ocrx_word' id='word_1_725' title='bbox 2126 4637 2286 4691; x_wconf 85' lang='lat' dir='ltr'><strong>Supra</strong></span> <span class='ocrx_word' id='word_1_726' title='bbox 2316 4622 2579 4687; x_wconf 89' lang='lat' dir='ltr'><strong>dedimus,</strong></span> <span class='ocrx_word' id='word_1_727' title='bbox 2632 4625 2791 4676; x_wconf 90' lang='lat' dir='ltr'><strong>modo</strong></span> <span class='ocrx_word' id='word_1_728' title='bbox 2818 4626 3067 4693; x_wconf 79' lang='lat' dir='ltr'><strong>generica</strong></span> <span class='ocrx_word' id='word_1_729' title='bbox 3090 4667 3107 4692; x_wconf 92' lang='lat'><strong>,</strong></span> <span class='ocrx_word' id='word_1_730' title='bbox 3141 4627 3301 4683; x_wconf 90' lang='lat' dir='ltr'><strong>modo</strong></span> <span class='ocrx_word' id='word_1_731' title='bbox 3324 4630 3597 4700; x_wconf 89' lang='lat' dir='ltr'><strong>speciﬁca,</strong></span> <span class='ocrx_word' id='word_1_732' title='bbox 3654 4631 3704 4687; x_wconf 83' lang='lat' dir='ltr'><strong>si</strong></span> 
     </span>
    </p>
   </div>
   <div class='ocr_carea' id='block_1_105' title="bbox 2127 4712 3704 4783">
    <p class='ocr_par' dir='ltr' id='par_1_105' title="bbox 2127 4712 3704 4783">
     <span class='ocr_line' id='line_1_105' title="bbox 2127 4712 3704 4783; baseline 0.01 -18"><span class='ocrx_word' id='word_1_733' title='bbox 2127 4714 2466 4778; x_wconf 85' lang='lat' dir='ltr'><strong>admittatur,</strong></span> <span class='ocrx_word' id='word_1_734' title='bbox 2493 4712 2648 4782; x_wconf 85' lang='lat' dir='ltr'><strong>plana</strong></span> <span class='ocrx_word' id='word_1_735' title='bbox 2676 4723 2805 4767; x_wconf 82' lang='lat' dir='ltr'><strong>sunt</strong></span> <span class='ocrx_word' id='word_1_736' title='bbox 2848 4719 3055 4783; x_wconf 87' lang='lat' dir='ltr'><strong>omnia,</strong></span> <span class='ocrx_word' id='word_1_737' title='bbox 3102 4719 3236 4774; x_wconf 89' lang='lat' dir='ltr'><strong>nihil</strong></span> <span class='ocrx_word' id='word_1_738' title='bbox 3274 4721 3326 4775; x_wconf 90' lang='lat' dir='ltr'><strong>in</strong></span> <span class='ocrx_word' id='word_1_739' title='bbox 3358 4722 3704 4780; x_wconf 86' lang='lat' dir='ltr'><strong>doctissimo-</strong></span> 
     </span>
    </p>
   </div>
   <div class='ocr_carea' id='block_1_106' title="bbox 2127 4804 3702 4880">
    <p class='ocr_par' dir='ltr' id='par_1_106' title="bbox 2127 4804 3702 4880">
     <span class='ocr_line' id='line_1_106' title="bbox 2127 4804 3702 4880; baseline 0.006 -21"><span class='ocrx_word' id='word_1_740' title='bbox 2127 4822 2245 4860; x_wconf 90' lang='lat' dir='ltr'><strong>rum</strong></span> <span class='ocrx_word' id='word_1_741' title='bbox 2295 4806 2572 4859; x_wconf 90' lang='lat' dir='ltr'><strong>hominum</strong></span> <span class='ocrx_word' id='word_1_742' title='bbox 2629 4804 2988 4862; x_wconf 82' lang='lat' dir='ltr'><strong>locutionibus</strong></span> <span class='ocrx_word' id='word_1_743' title='bbox 3034 4825 3304 4880; x_wconf 77' lang='lat' dir='ltr'><strong>pugnans,</strong></span> <span class='ocrx_word' id='word_1_744' title='bbox 3346 4813 3480 4868; x_wconf 89' lang='lat' dir='ltr'><strong>nihil</strong></span> <span class='ocrx_word' id='word_1_745' title='bbox 3521 4815 3702 4871; x_wconf 88' lang='lat' dir='ltr'><strong>ambi-</strong></span> 
     </span>
    </p>
   </div>
   <div class='ocr_carea' id='block_1_107' title="bbox 2126 4897 3706 4966">
    <p class='ocr_par' dir='ltr' id='par_1_107' title="bbox 2126 4897 3706 4966">
     <span class='ocr_line' id='line_1_107' title="bbox 2126 4897 3706 4966; baseline 0.011 -19"><span class='ocrx_word' id='word_1_746' title='bbox 2126 4912 2308 4966; x_wconf 82' lang='lat' dir='ltr'><strong>guum.</strong></span> <span class='ocrx_word' id='word_1_747' title='bbox 2340 4897 2408 4950; x_wconf 90' lang='lat' dir='ltr'><strong>Et</strong></span> <span class='ocrx_word' id='word_1_748' title='bbox 2441 4912 2570 4952; x_wconf 87' lang='lat' dir='ltr'><strong>vero</strong></span> <span class='ocrx_word' id='word_1_749' title='bbox 2600 4898 2915 4952; x_wconf 87' lang='lat' dir='ltr'><strong>admittetur</strong></span> <span class='ocrx_word' id='word_1_750' title='bbox 2938 4901 3057 4956; x_wconf 90' lang='lat' dir='ltr'><strong>sine</strong></span> <span class='ocrx_word' id='word_1_751' title='bbox 3095 4903 3202 4958; x_wconf 89' lang='lat' dir='ltr'><strong>ulla</strong></span> <span class='ocrx_word' id='word_1_752' title='bbox 3238 4909 3606 4962; x_wconf 90' lang='lat' dir='ltr'><strong>controversia</strong></span> <span class='ocrx_word' id='word_1_753' title='bbox 3634 4907 3706 4964; x_wconf 88' lang='lat' dir='ltr'><strong>ab</strong></span> 
     </span>
    </p>
   </div>
   <div class='ocr_carea' id='block_1_108' title="bbox 2127 4987 3703 5063">
    <p class='ocr_par' dir='ltr' id='par_1_108' title="bbox 2127 4987 3703 5063">
     <span class='ocr_line' id='line_1_108' title="bbox 2127 4987 3703 5063; baseline 0.009 -23"><span class='ocrx_word' id='word_1_754' title='bbox 2127 4987 2213 5052; x_wconf 90' lang='lat' dir='ltr'><strong>iis,</strong></span> <span class='ocrx_word' id='word_1_755' title='bbox 2252 4987 2341 5056; x_wconf 92' lang='lat' dir='ltr'><strong>qui</strong></span> <span class='ocrx_word' id='word_1_756' title='bbox 2368 4995 2568 5041; x_wconf 88' lang='lat' dir='ltr'><strong>norunt</strong></span> <span class='ocrx_word' id='word_1_757' title='bbox 2601 4989 2806 5042; x_wconf 90' lang='lat' dir='ltr'><strong>similes</strong></span> <span class='ocrx_word' id='word_1_758' title='bbox 2850 4991 3301 5063; x_wconf 82' lang='lat' dir='ltr'><strong>homonymiasin</strong></span> <span class='ocrx_word' id='word_1_759' title='bbox 3331 4995 3703 5054; x_wconf 88' lang='lat' dir='ltr'><strong>ecclesiastico</strong></span> 
     </span>
    </p>
   </div>
   <div class='ocr_carea' id='block_1_109' title="bbox 2125 5076 3697 5148">
    <p class='ocr_par' dir='ltr' id='par_1_109' title="bbox 2125 5076 3697 5148">
     <span class='ocr_line' id='line_1_109' title="bbox 2125 5076 3697 5148; baseline 0.005 -16"><span class='ocrx_word' id='word_1_760' title='bbox 2125 5076 2434 5132; x_wconf 70' lang='lat' dir='ltr'><strong>Grtecorum</strong></span> <span class='ocrx_word' id='word_1_761' title='bbox 2479 5091 2727 5131; x_wconf 77' lang='lat' dir='ltr'><strong>sermone</strong></span> <span class='ocrx_word' id='word_1_762' title='bbox 2751 5092 2872 5131; x_wconf 90' lang='lat' dir='ltr'><strong>esse</strong></span> <span class='ocrx_word' id='word_1_763' title='bbox 2918 5080 3243 5148; x_wconf 88' lang='lat' dir='ltr'><strong>complures.</strong></span> <span class='ocrx_word' id='word_1_764' title='bbox 3276 5082 3562 5141; x_wconf 74' lang='lat' dir='ltr'><strong>Vocabula?</strong></span> <span class='ocrx_word' id='word_1_765' title='bbox 3588 5084 3697 5140; x_wconf 86' lang='lat' dir='ltr'><strong>alia</strong></span> 
     </span>
    </p>
   </div>
   <div class='ocr_carea' id='block_1_110' title="bbox 2128 5170 3703 5242">
    <p class='ocr_par' dir='ltr' id='par_1_110' title="bbox 2128 5170 3703 5242">
     <span class='ocr_line' id='line_1_110' title="bbox 2128 5170 3703 5242; baseline 0.003 -19"><span class='ocrx_word' id='word_1_766' title='bbox 2128 5178 2184 5223; x_wconf 95' lang='lat' dir='ltr'><strong>ut</strong></span> <span class='ocrx_word' id='word_1_767' title='bbox 2220 5176 2558 5236; x_wconf 71' lang='lat' dir='ltr'><strong>praeteream,</strong></span> <span class='ocrx_word' id='word_1_768' title='bbox 2590 5183 2752 5221; x_wconf 88' lang='lat' dir='ltr'><strong>unum</strong></span> <span class='ocrx_word' id='word_1_769' title='bbox 2772 5170 3058 5225; x_wconf 81' lang='grc' dir='ltr'>κοντάκιον</span> <span class='ocrx_word' id='word_1_770' title='bbox 3090 5188 3251 5240; x_wconf 91' lang='lat' dir='ltr'><strong>quam</strong></span> <span class='ocrx_word' id='word_1_771' title='bbox 3282 5174 3446 5227; x_wconf 86' lang='lat' dir='ltr'><strong>multa</strong></span> <span class='ocrx_word' id='word_1_772' title='bbox 3481 5176 3703 5242; x_wconf 80' lang='lat' dir='ltr'><strong>signiﬁ—</strong></span> 
     </span>
    </p>
   </div>
   <div class='ocr_carea' id='block_1_111' title="bbox 2126 5257 3705 5329">
    <p class='ocr_par' dir='ltr' id='par_1_111' title="bbox 2126 5257 3705 5329">
     <span class='ocr_line' id='line_1_111' title="bbox 2126 5257 3705 5329; baseline 0.003 -16"><span class='ocrx_word' id='word_1_773' title='bbox 2126 5260 2250 5313; x_wconf 87' lang='lat' dir='ltr'><strong>cat!</strong></span> <span class='ocrx_word' id='word_1_774' title='bbox 2283 5273 2443 5328; x_wconf 81' lang='lat' dir='ltr'><strong>quam</strong></span> <span class='ocrx_word' id='word_1_775' title='bbox 2480 5258 2723 5312; x_wconf 77' lang='lat' dir='ltr'><strong>divcha!</strong></span> <span class='ocrx_word' id='word_1_776' title='bbox 2772 5257 3054 5329; x_wconf 84' lang='lat' dir='ltr'><strong>Signiﬁcat</strong></span> <span class='ocrx_word' id='word_1_777' title='bbox 3086 5262 3229 5317; x_wconf 87' lang='lat' dir='ltr'><strong>aliud</strong></span> <span class='ocrx_word' id='word_1_778' title='bbox 3268 5264 3320 5317; x_wconf 92' lang='lat' dir='ltr'><strong>in</strong></span> <span class='ocrx_word' id='word_1_779' title='bbox 3366 5278 3705 5320; x_wconf 84' lang='lat' dir='ltr'><strong>commenta-</strong></span> 
     </span>
    </p>
   </div>
   <div class='ocr_carea' id='block_1_112' title="bbox 2129 5347 3703 5418">
    <p class='ocr_par' dir='ltr' id='par_1_112' title="bbox 2129 5347 3703 5418">
     <span class='ocr_line' id='line_1_112' title="bbox 2129 5347 3703 5418; baseline 0.002 -13"><span class='ocrx_word' id='word_1_780' title='bbox 2129 5352 2293 5415; x_wconf 84' lang='lat' dir='ltr'><strong>tione,</strong></span> <span class='ocrx_word' id='word_1_781' title='bbox 2328 5349 2471 5404; x_wconf 89' lang='lat' dir='ltr'><strong>aliud</strong></span> <span class='ocrx_word' id='word_1_782' title='bbox 2493 5349 2547 5402; x_wconf 90' lang='lat' dir='ltr'><strong>in</strong></span> <span class='ocrx_word' id='word_1_783' title='bbox 2571 5347 2754 5403; x_wconf 90' lang='lat' dir='ltr'><strong>divino</strong></span> <span class='ocrx_word' id='word_1_784' title='bbox 2781 5351 3037 5405; x_wconf 86' lang='lat' dir='ltr'><strong>horarum</strong></span> <span class='ocrx_word' id='word_1_785' title='bbox 3069 5352 3265 5418; x_wconf 81' lang='lat' dir='ltr'><strong>cilicio,</strong></span> <span class='ocrx_word' id='word_1_786' title='bbox 3290 5356 3433 5409; x_wconf 84' lang='lat' dir='ltr'><strong>aliud</strong></span> <span class='ocrx_word' id='word_1_787' title='bbox 3467 5357 3518 5409; x_wconf 92' lang='lat' dir='ltr'><strong>iu</strong></span> <span class='ocrx_word' id='word_1_788' title='bbox 3547 5356 3703 5408; x_wconf 83' lang='lat' dir='ltr'><strong>litur-</strong></span> 
     </span>
    </p>
   </div>
   <div class='ocr_carea' id='block_1_113' title="bbox 2126 5440 3702 5512">
    <p class='ocr_par' dir='ltr' id='par_1_113' title="bbox 2126 5440 3702 5512">
     <span class='ocr_line' id='line_1_113' title="bbox 2126 5440 3702 5512; baseline 0.004 -18"><span class='ocrx_word' id='word_1_789' title='bbox 2126 5444 2233 5512; x_wconf 83' lang='lat' dir='ltr'><strong>gia,</strong></span> <span class='ocrx_word' id='word_1_790' title='bbox 2267 5442 2459 5496; x_wconf 90' lang='lat' dir='ltr'><strong>iterum</strong></span> <span class='ocrx_word' id='word_1_791' title='bbox 2492 5440 2544 5493; x_wconf 93' lang='lat' dir='ltr'><strong>in</strong></span> <span class='ocrx_word' id='word_1_792' title='bbox 2585 5440 2930 5496; x_wconf 90' lang='lat' dir='ltr'><strong>ordinatione</strong></span> <span class='ocrx_word' id='word_1_793' title='bbox 2978 5443 3121 5496; x_wconf 90' lang='lat' dir='ltr'><strong>aliud</strong></span> <span class='ocrx_word' id='word_1_794' title='bbox 3159 5456 3324 5512; x_wconf 89' lang='lat' dir='ltr'><strong>atque</strong></span> <span class='ocrx_word' id='word_1_795' title='bbox 3361 5448 3527 5500; x_wconf 77' lang='lat' dir='ltr'><strong>aliud.</strong></span> <span class='ocrx_word' id='word_1_796' title='bbox 3591 5446 3702 5501; x_wconf 87' lang='lat' dir='ltr'><strong>Has</strong></span> 
     </span>
    </p>
   </div>
   <div class='ocr_carea' id='block_1_114' title="bbox 2126 5533 3701 5611">
    <p class='ocr_par' dir='ltr' id='par_1_114' title="bbox 2126 5533 3701 5611">
     <span class='ocr_line' id='line_1_114' title="bbox 2126 5533 3701 5611; baseline 0.002 -20"><span class='ocrx_word' id='word_1_797' title='bbox 2126 5535 2552 5605; x_wconf 82' lang='lat' dir='ltr'><strong>signiﬁcationes</strong></span> <span class='ocrx_word' id='word_1_798' title='bbox 2578 5533 2838 5602; x_wconf 80' lang='lat' dir='ltr'><strong>singulas,</strong></span> <span class='ocrx_word' id='word_1_799' title='bbox 2879 5536 2930 5589; x_wconf 93' lang='lat' dir='ltr'><strong>in</strong></span> <span class='ocrx_word' id='word_1_800' title='bbox 2973 5537 3394 5611; x_wconf 83' lang='grc' dir='ltr'><strong>’Λρχιερατικῷ,</strong></span> <span class='ocrx_word' id='word_1_801' title='bbox 3424 5540 3539 5595; x_wconf 89' lang='lat' dir='ltr'><strong>sive</strong></span> <span class='ocrx_word' id='word_1_802' title='bbox 3562 5539 3701 5595; x_wconf 89' lang='lat' dir='ltr'><strong>libro</strong></span> 
     </span>
    </p>
   </div>
   <div class='ocr_carea' id='block_1_115' title="bbox 2125 5621 3701 5700">
    <p class='ocr_par' dir='ltr' id='par_1_115' title="bbox 2125 5621 3701 5700">
     <span class='ocr_line' id='line_1_115' title="bbox 2125 5621 3701 5700; baseline 0.007 -24"><span class='ocrx_word' id='word_1_803' title='bbox 2125 5623 2415 5696; x_wconf 83' lang='lat' dir='ltr'><strong>pontiﬁcali</strong></span> <span class='ocrx_word' id='word_1_804' title='bbox 2449 5621 2705 5677; x_wconf 69' lang='lat' dir='ltr'><strong>Ecclesiae</strong></span> <span class='ocrx_word' id='word_1_805' title='bbox 2737 5622 2957 5690; x_wconf 65' lang='lat' dir='ltr'><strong>Graecae,</strong></span> <span class='ocrx_word' id='word_1_806' title='bbox 2989 5643 3217 5698; x_wconf 85' lang='lat' dir='ltr'><strong>Operose</strong></span> <span class='ocrx_word' id='word_1_807' title='bbox 3254 5645 3457 5700; x_wconf 86' lang='lat' dir='ltr'><strong>perque</strong></span> <span class='ocrx_word' id='word_1_808' title='bbox 3491 5632 3701 5687; x_wconf 87' lang='lat' dir='ltr'><strong>erudite</strong></span> 
     </span>
    </p>
   </div>
   <div class='ocr_carea' id='block_1_116' title="bbox 2124 5712 3701 5788">
    <p class='ocr_par' dir='ltr' id='par_1_116' title="bbox 2124 5712 3701 5788">
     <span class='ocr_line' id='line_1_116' title="bbox 2124 5712 3701 5788; baseline 0.002 -15"><span class='ocrx_word' id='word_1_809' title='bbox 2124 5717 2358 5786; x_wconf 74' lang='lat' dir='ltr'><strong>explicat</strong></span> <span class='ocrx_word' id='word_1_810' title='bbox 2384 5715 2619 5771; x_wconf 88' lang='lat' dir='ltr'><strong>lsaacius</strong></span> <span class='ocrx_word' id='word_1_811' title='bbox 2653 5712 2941 5788; x_wconf 81' lang='lat' dir='ltr'><strong>Habertus,</strong></span> <span class='ocrx_word' id='word_1_812' title='bbox 2971 5720 3161 5775; x_wconf 88' lang='lat' dir='ltr'><strong>doctor</strong></span> <span class='ocrx_word' id='word_1_813' title='bbox 3187 5720 3544 5784; x_wconf 87' lang='lat' dir='ltr'><strong>Sorbonicus,</strong></span> <span class='ocrx_word' id='word_1_814' title='bbox 3569 5730 3701 5776; x_wconf 86' lang='lat' dir='ltr'><strong>tunc</strong></span> 
     </span>
    </p>
   </div>
   <div class='ocr_carea' id='block_1_117' title="bbox 2124 5804 3735 5883">
    <p class='ocr_par' dir='ltr' id='par_1_117' title="bbox 2124 5804 3735 5883">
     <span class='ocr_line' id='line_1_117' title="bbox 2124 5804 3735 5883; baseline 0.001 -18"><span class='ocrx_word' id='word_1_815' title='bbox 2124 5812 2290 5866; x_wconf 85' lang='lat' dir='ltr'><strong>abbas</strong></span> <span class='ocrx_word' id='word_1_816' title='bbox 2320 5809 2377 5864; x_wconf 84' lang='lat' dir='ltr'><strong>S.</strong></span> <span class='ocrx_word' id='word_1_817' title='bbox 2422 5804 2604 5862; x_wconf 72' lang='lat' dir='ltr'><strong>Maria:</strong></span> <span class='ocrx_word' id='word_1_818' title='bbox 2634 5805 2702 5862; x_wconf 90' lang='lat' dir='ltr'><strong>de</strong></span> <span class='ocrx_word' id='word_1_819' title='bbox 2748 5807 2992 5880; x_wconf 84' lang='lat' dir='ltr'><strong>Allodiis,</strong></span> <span class='ocrx_word' id='word_1_820' title='bbox 3030 5822 3220 5883; x_wconf 81' lang='lat' dir='ltr'><strong>postea</strong></span> <span class='ocrx_word' id='word_1_821' title='bbox 3253 5812 3546 5870; x_wconf 80' lang='lat' dir='ltr'><strong>Vabrensis</strong></span> <span class='ocrx_word' id='word_1_822' title='bbox 3580 5812 3697 5875; x_wconf 76' lang='lat' dir='ltr'><strong>epi-</strong></span> <span class='ocrx_word' id='word_1_823' title='bbox 3730 5840 3735 5847; x_wconf 93' lang='lat'><strong><em>-</em></strong></span> 
     </span>
    </p>
   </div>
  </div>
