4076 6226
378 367 548 409 CCCX!

1743 342 2279 401 PROLEGOMENA.

382 481 777 538 scopus,.quem
804 464 992 520 avidus
1022 462 1226 519 sciendi
1244 462 1417 517 lector
1435 468 1610 531 potest
1638 459 1953 516 consulere:
1985 465 2032 522 Α
2062 458 2463 513 solemnitatum
2496 496 2512 520 ,
2543 455 2636 512 sed
2684 463 2738 510 et
2775 454 3062 511 illustrium
3098 465 3412 514 sanctorum
3444 470 3633 515 conta-

384 558 602 629 longum
641 568 725 612 est
757 557 904 610 enim
948 554 1142 610 allerre
1168 562 1370 610 omnia.
1405 555 1479 608 At
1528 567 1658 608 vero
1703 567 1826 608 cum
1868 551 1955 605 liic

381 650 690 704 Graecorum
752 646 1072 702 ἀκολουθίαν
1147 643 1499 700 evolvendam
1580 643 1949 713 susceperim,

381 754 603 794 necesse
639 748 723 793 est
771 739 972 804 dicere,
1007 738 1159 809 quid,
1210 738 1531 802 κοντάκιον,·
1555 736 1744 790 saltem
1793 736 1845 789 in
1889 750 1952 790 ea

380 831 664 901 signilicet.
701 848 720 881 ι
763 828 819 883 In
854 830 1122 897 oratione,
1162 849 1181 881 ι
1214 829 1390 897 inquit
1421 828 1492 883 ibi
1531 826 1800 882 Habertus
1830 841 1950 897 pag.

380 921 468 984 59,
507 938 526 972 ι
562 936 655 975 seu
687 921 854 976 divini
898 921 1153 975 horarum
1191 919 1351 974 oﬂicii
1380 920 1699 975 recitatione
1727 919 1809 972 vel
1854 919 1952 973 de-

380 1010 712 1076 cantatione,
764 1012 1066 1065 contacium
1099 1018 1182 1064 εει
1201 1025 1371 1081 genus
1400 1011 1672 1080 quoddam
1711 1009 1951 1063 modula-

381 1112 491 1153 tum
522 1100 705 1171 hymni
734 1116 828 1156 seu
860 1104 1053 1158 cantici
1074 1103 1449 1166 ecclesiastici,
1482 1105 1694 1157 caeteris
1738 1101 1949 1173 simpli-

378 1193 518 1257 cius,
575 1190 748 1265 iisque
803 1196 1042 1263 brevius,
1082 1201 1240 1267 quale
1284 1197 1509 1267 singulis
1560 1198 1747 1252 diebus
1800 1196 1952 1252 festis

378 1286 650 1354 proprium
699 1296 821 1343 est:
869 1290 1010 1344 unde
1034 1291 1351 1346 ιΚοντὰκιον
1376 1291 1477 1362 τῆς
1510 1291 1723 1363 ἡμέρας
1763 1300 1951 1344 conta-

378 1376 520 1429 cium
553 1378 655 1433 diei
680 1390 923 1437 vocatur.
956 1401 974 1435 ι
1039 1382 1175 1437 Tum
1213 1383 1432 1451 subjicit
1476 1385 1782 1451 exemplum
1821 1399 1952 1437 con—

381 1469 505 1522 tacii
531 1468 647 1536 ejus
674 1473 780 1526 diei
815 1474 867 1527 in
899 1488 1004 1542 quo
1035 1475 1101 1529 de
1125 1475 1375 1529 contacin
1392 1475 1683 1540 scribebat,
1711 1477 1800 1545 qui
1832 1485 1950 1530 erat

379 1560 495 1613 dies
520 1575 675 1615 sacer
696 1573 885 1618 sancto
910 1564 1165 1635 Georgio.
1190 1564 1306 1618 Non
1339 1575 1423 1620 est
1464 1566 1516 1618 in
1554 1564 1739 1619 animo
1761 1580 1948 1619 exem-

377 1648 522 1716 plum
548 1651 676 1706 illud
708 1655 1091 1718 transcribere,
1127 1657 1253 1726 quia
1281 1656 1426 1711 aliud
1460 1657 1513 1711 in
1549 1656 1724 1712 olIicio
1752 1657 1946 1712 horum

380 1742 540 1795 trium
573 1756 883 1800 sanctorum
917 1765 1040 1802 mox
1081 1750 1399 1804 inventurus
1430 1762 1514 1806 est
1541 1751 1733 1804 lector.

451 1832 535 1886 14.
570 1834 737 1891 Porro
764 1852 829 1892 ex
869 1839 970 1894 bac
998 1839 1219 1896 liaberti
1244 1842 1611 1912 descriptione
1633 1840 1770 1896 efﬁci
1797 1841 1949 1911 cogi-

377 1938 484 1991 que
528 1936 723 1993 potest,
773 1931 1078 1984 contacium
1141 1930 1410 2001 profluere
1459 1948 1489 1986 a
1539 1933 1774 1989 dictione
1823 1949 1949 1987 κον-

376 2013 489 2079 τός,
524 2029 637 2068 rem
658 2016 873 2073 brevem
908 2020 1271 2088 significante.
1301 2021 1486 2091 Neque
1507 2038 1635 2077 vero
1668 2023 1950 2093 placetLi-

375 2104 646 2174 garidius,
670 2108 761 2176 qui
797 2111 957 2164 audet
984 2110 1092 2165 ἀπὸ
1114 2112 1206 2166 τοῦ
1230 2112 1421 2169 κοντοῦ
1440 2115 1506 2169 ab
1538 2115 1693 2170 hasta
1718 2116 1833 2170 sive
1860 2115 1945 2184 ja-

375 2192 775 2251 culodeducere
800 2197 1082 2253 κοντάκιον
1104 2242 1119 2266 ,
1152 2202 1379 2272 perinde
1412 2204 1566 2272 quasi
1601 2203 1741 2257 foret
1762 2212 1949 2258 conta-

374 2284 517 2338 cium
562 2287 737 2340 oratio
765 2304 927 2358 quam
954 2306 1213 2347 vocamus
1234 2293 1770 2362 jaculatoriam.l\'on
1803 2296 1945 2349 enim

375 2375 565 2439 κοντός
615 2376 854 2443 jaculnm
910 2384 1126 2450 proprie
1173 2384 1472 2454 signiﬁcat;
1535 2386 1661 2440 licet
1715 2385 1948 2441 Joannes

374 2465 612 2520 Morintts
648 2467 723 2522 De
758 2475 922 2525 sacris
959 2474 1384 2530 ordinationibus
1430 2493 1554 2547 pag.
1572 2477 1699 2542 250,
1738 2478 1789 2532 id
1814 2480 1950 2533 velle

375 2562 611 2628 probare
635 2562 879 2617 videatur
907 2579 969 2618 ex
1006 2565 1098 2621 illo
1119 2564 1339 2622 llomeri
1373 2569 1641 2624 versiculo
1675 2568 1867 2641 Odyss.
1892 2588 1946 2626 I:

451 2653 647 2722 Αὐτὰρ
659 2653 774 2724 ἐγὼ
796 2656 1069 2724 χείρεσσι
1094 2659 1297 2712 λαϐὼν
1323 2659 1648 2731 περιμήκεα
1680 2665 1916 2718 κοντόν.

376 2737 529 2794 Ilunc
584 2741 800 2799 llotneri
852 2747 1028 2801 locum
1086 2750 1131 2803 si
1166 2749 1406 2807 Morinus
1453 2753 1694 2815 adiisset,
1725 2754 1951 2810 vidisset

376 2829 495 2885 luce
533 2832 751 2898 clarius,
793 2837 980 2901 κοντός
1025 2855 1128 2893 ιιοιι
1159 2854 1277 2894 esse
1311 2839 1573 2909 iaculum,
1601 2843 1693 2897 sed
1719 2844 1948 2913 praelon-

376 2937 496 2988 gam
547 2927 809 2994 perticam
865 2944 969 2998 qua
1028 2931 1237 2986 minora
1293 2934 1506 3003 navigia
1582 2935 1948 3004 impelluntur,

375 3014 565 3071 Latine
590 3033 801 3089 quoque
827 3035 1014 3075 cantus
1042 3024 1269 3089 dictam;
1319 3024 1388 3078 ibi
1413 3027 1555 3080 enim
1599 3027 1725 3080 facit
1758 3027 1952 3084 Home-

2055 550 2144 605 cia
2179 549 2428 621 perfecit,
2456 549 2527 602 ita
2561 557 2619 602 ut
2648 548 3022 603 contaciorum
3058 551 3126 604 ab
3158 550 3275 620 ipso
3297 553 3627 621 composito—

2058 658 2176 696 rum
2211 641 2366 712 c0pia
2392 639 2754 695 millenarium
2797 639 3044 705 excedat,
3078 643 3129 695 in
3157 655 3290 710 pace
3316 641 3481 696 vitam
3510 641 3631 697 fini-

2056 736 2151 787 vit.
2193 752 2213 787 ι

2032 836 2035 839 ·
2131 823 2217 879 l6.
2247 823 2445 879 Verum
2475 823 2553 894 (id
2576 824 2718 894 quod
2757 840 2889 895 pace
2929 823 3030 878 viri
3062 825 3197 879 tanti
3231 822 3487 888 dixerim)
3512 824 3629 881 haec

2058 916 2384 972 Menazorum
2408 917 2570 971 verba
2596 918 2836 972 indicant
2865 918 3107 988 quidem,
3137 916 3405 981 contacia,
3440 931 3469 968 a
3497 931 3627 970 san-

2053 1018 2143 1063 cto
2176 1009 2421 1064 Romano
2443 1011 2738 1081 composita
2761 1010 2931 1065 fuisse
2954 1024 3114 1079 quam
3142 1008 3410 1076 plurima;
3442 1009 3534 1062 sed
3556 1008 3625 1065 ab

2054 1101 2173 1170 ipso
2194 1099 2361 1155 fuisse
2380 1102 2613 1171 primum
2640 1101 2929 1155 adinventa
2951 1116 3055 1155 non
3079 1101 3338 1154 indicant.
3357 1099 3622 1155 Praeterea

2052 1193 2225 1247 sancti
2262 1190 2490 1246 Romani
2522 1191 2715 1247 festum
2744 1193 2799 1246 in
2829 1190 3049 1247 Menaeis
3071 1192 3148 1246 sic
3171 1190 3625 1261 ἰιιόίεἰιυνςΜνή-

2058 1302 2133 1356 μη
2164 1284 2259 1337 τοῦ
2299 1285 2451 1338 ὁσίου
2500 1284 2713 1356 Πατρὺς
2747 1284 2900 1356 ἡμῶν
2935 1283 3199 1355 Ῥομανοῦ
3242 1283 3466 1354 ποιητοῦ
3516 1285 3623 1340 τῶν

2052 1374 2377 1429 κοντακίων.
2413 1376 2512 1430 Ubi
2536 1376 2931 1430 observandum
2967 1385 3078 1442 est,
3110 1372 3336 1446 ποιητοῦ
3358 1373 3467 1429 τῶν
3495 1387 3619 1429 κον-

2050 1466 2275 1531 τακίων,
2329 1478 2499 1538 poetae
2542 1468 2657 1522 sive
2714 1468 3015 1523 conditoris
3067 1468 3433 1522 contaciorutn
3475 1467 3616 1530 dici;

2051 1575 2156 1613 non
2210 1559 2438 1630 εὑρετοῦ
2470 1560 2807 1624 inventuris,
2844 1575 2954 1630 quo
3007 1568 3167 1628 pacto
3209 1558 3355 1626 loqui
3415 1556 3620 1612 Herum

2053 1650 2391 1714 debuissent,
2426 1651 2472 1707 si
2501 1651 2800 1708 voluissent
2848 1650 3221 1706 contaciorum
3252 1650 3619 1705 inventionem

2055 1743 2113 1796 D.
2178 1742 2422 1800 Romano
2475 1744 2796 1801 attribuere.
2840 1744 3005 1799 Miror
3055 1758 3189 1798 sane
3249 1744 3618 1798 acutissimum

2054 1835 2344 1891 llabertum
2369 1835 2436 1890 ad
2464 1836 2580 1891 haec
2614 1851 2720 1891 non
2752 1837 3055 1890 advertisse
3081 1836 3346 1904 animum,
3385 1852 3491 1890 non
3520 1837 3620 1889 ad-

2051 1924 2278 1979 vertisse
2312 1923 2595 1993 Morinum,
2628 1941 2731 1979 non
2765 1924 3103 1991 Gretserum,
3157 1943 3263 1981 non
3294 1928 3446 1982 viros
3478 1927 3619 1982 alios

2048 2016 2311 2069 eruditos.
2347 2017 2525 2085 Atque
2562 2017 2675 2071 lucc
2705 2017 2837 2071 mihi
2871 2017 3166 2087 disputanti
3197 2017 3349 2072 venit
3381 2018 3433 2072 in
3464 2033 3618 2072 men-

2051 2117 2156 2161 tem
2193 2106 2473 2177 Ligaridii,
2504 2109 2594 2177 qui
2628 2118 2766 2163 teste
2822 2106 3022 2174 Goaro,
3057 2110 3395 2165 inventorem
3433 2119 3615 2179 tropa—

2050 2201 2251 2254 riorum
2287 2200 2414 2255 facit
2442 2201 2917 2275 Chrysostomum.
2953 2202 3035 2255 An
3087 2202 3391 2271 Ligaridius
3421 2202 3616 2259 habeat

2049 2300 2324 2345 auctorem
2359 2292 2609 2346 idoneum
2631 2332 2646 2355 ,
2678 2307 2783 2345 non
2809 2292 2946 2347 scio.
2979 2290 3092 2346 Hoc
3122 2292 3254 2359 scio,
3279 2292 3430 2348 circa
3490 2300 3617 2349 aeta-

2053 2395 2160 2438 tem
2197 2384 2575 2454 Chrysostomi
2609 2385 2660 2437 in
2691 2398 2788 2437 usu
2832 2382 2997 2435 fuisse
3021 2383 3295 2452 traparia;
3332 2385 3458 2452 quia
3515 2383 3616 2438 Ce-

2048 2480 2248 2532 drenus
2285 2487 2581 2540 memorat,
2615 2490 2756 2530 anno
2788 2486 2981 2531 octavo
3012 2476 3209 2530 Leonis
3235 2474 3412 2545 Magni
3450 2476 3618 2546 impe-

2049 2568 2267 2633 ratoris,
2307 2568 2639 2639 Antltymnm
2667 2582 2732 2621 ac
2764 2566 3056 2622 Timoclem
3082 2568 3442 2637 tropariurum
3481 2583 3613 2638 poe-

2051 2666 2132 2710 tas
2172 2657 2493 2711 innotuisse.
2559 2655 2783 2712 Molesta
2829 2655 3062 2714 fortasse
3108 2656 3299 2711 lecton
3353 2658 3612 2713 acciderit

2049 2748 2162 2804 haec
2201 2749 2375 2817 qualis
2406 2748 2582 2819 qualis
2621 2749 2687 2802 ad
2720 2748 3029 2804 inventores
3055 2749 3342 2821 digressio,
3365 2763 3532 2818 quare
3549 2750 3616 2804 ad

2051 2841 2385 2910 propositum
2418 2848 2774 2895 revertamur.
2804 2840 3127 2896 Contacium
3179 2856 3308 2910 ergo
3336 2842 3620 2912 subsequi-

2052 2938 2139 2982 tur
2165 2922 2346 2992 Οἶκος,
2373 2928 2461 2996 qni
2497 2943 2525 2980 a
2557 2927 2736 2984 Goaro
2777 2943 2831 2997 p.
2859 2929 2925 2983 67
2950 2930 3281 2984 describitur
3312 2948 3326 2984 :
3366 2948 3384 2980 ι
3419 2928 3615 3000 liymni

2051 3034 2221 3089 genus
2252 3020 2304 3073 in
2341 3019 2431 3073 Del
2487 3018 2573 3074 vel
2631 3020 2805 3074 sancti
2841 3020 3067 3091 alicujus
3100 3020 3313 3074 laudem
3356 3020 3429 3073 ita
3484 3036 3618 3074 con-

377 3121 469 3161 rus
514 3106 756 3180 Ulyssem
806 3127 1054 3179 narrare,
1112 3114 1384 3183 quomodo
1429 3117 1948 3186 appropinquantem
1976 3140 2022 3204 ο
2052 3118 2344 3177 structum,
2376 3121 2434 3164 ut
2489 3110 2643 3179 quasi
2683 3125 2997 3180 compagem
3031 3152 3046 3172 ,
3101 3110 3410 3179 aedilicium,
3448 3111 3613 3165 fabri.

375 3196 444 3249 ad
488 3197 638 3253 littus
687 3198 1068 3273 Polyphemum
1101 3204 1413 3272 detruserit,
1467 3218 1686 3278 arrepto
1728 3209 1948 3265 immani

377 3295 559 3342 conto.

449 3377 538 3432 15.
564 3378 670 3435 Sed
705 3379 860 3450 juvat
883 3385 1082 3438 iterum
1100 3385 1292 3441 audire
1321 3386 1619 3443 llabertum
1653 3390 1734 3445 sic
1755 3406 1948 3457 prose-

377 3479 633 3534 quentem
670 3486 684 3522 :
717 3489 736 3523 ι
775 3471 899 3528 Haec
930 3483 1107 3530 autem
1140 3477 1386 3532 conlacia
1423 3479 1641 3534 inventa
1677 3491 1804 3537 sunt
1852 3485 1951 3537 cir-

378 3579 439 3613 ca
472 3577 673 3617 artuum
716 3565 927 3620 Domini
963 3568 1479 3637 quingentesimum,
1526 3573 1626 3627 sub
1658 3573 1950 3629 Anastasio

377 3651 723 3717 imperatore.
778 3655 1019 3724 Inventa,
1055 3659 1297 3729 inquam,
1346 3660 1604 3717 divinitus
1636 3680 1666 3717 a
1706 3664 1949 3719 Romano

377 3743 686 3814 (Eineseno)
727 3748 991 3813 diacono;
1018 3752 1131 3819 qui,
1171 3751 1300 3805 dum
1338 3751 1391 3806 itt
1427 3755 1659 3822 quadam
1711 3755 1951 3823 Deiparzn

377 3834 602 3891 ecclesia
632 3837 733 3908 τὴν
758 3838 1077 3908 παννυχίδα,
1112 3855 1296 3896 sacras
1324 3841 1535 3911 vigilias
1562 3854 1862 3912 perageret,
1895 3853 1951 3896 ιιι

379 3937 633 3980 narratur
667 3929 718 3981 in
756 3927 957 3984 Memno
990 3930 1299 3985 Graecorum
1326 3933 1434 4001 (die
1471 3936 1486 3988 Ι
1526 3933 1832 4001 Octobris);
1879 3934 1952 3988 Τὸ

377 4016 643 4087 χάρισμα,
668 4017 861 4086 inquit,
884 4020 982 4090 τῆς
1005 4022 1276 4088 συνάξεως
1306 4024 1609 4091 (legendum
1630 4026 1950 4098 συντάξεως)

376 4106 486 4158 τῶν
513 4106 809 4161 κοντακίων
842 4109 1051 4177 ἔλαϐεν,
1085 4112 1442 4185 ἐπιφανείσης
1484 4115 1634 4187 αὐτῴ
1661 4117 1761 4187 τῆς
1783 4118 1952 4189 ὑπερ-

378 4201 539 4267 αγίας
567 4201 827 4255 Θεοτὸκου
875 4206 992 4256 κατ’
1016 4205 1167 4278 ὄναρ,
1196 4206 1292 4260 καὶ
1325 4207 1486 4278 τόμον
1510 4210 1710 4282 χάρτου
1745 4211 1954 4265 ἐπιδού-

381 4308 480 4360 σης
511 4292 604 4345 καὶ
644 4293 981 4366 κελευσὰσης
1013 4296 1174 4349 αὑτὸν
1222 4302 1577 4366 καταφαγεῖν.
1617 4300 1833 4366 Ἔδοξεν
1860 4297 1953 4355 οὖν

380 4381 586 4449 ἀνοῖξαι
616 4383 677 4436 τὸ
709 4384 884 4454 στόμα
915 4386 1010 4440 καὶ
1044 4390 1333 4441 καταπιεῖν
1378 4388 1468 4442 τὸν
1512 4389 1739 4461 χάρτην·
1774 4387 1864 4462 (ἦν
1896 4391 1953 4445 δὲ

2055 3213 2286 3269 eamque
2317 3199 2577 3254 virtutum
2616 3199 2737 3270 ejus
2768 3210 2825 3255 et
2877 3200 3063 3271 gloriae
3101 3200 3346 3254 videatur
3399 3215 3616 3270 compo-

2051 3307 2180 3347 nere
2207 3311 2222 3348 :
2252 3301 2308 3349 et
2341 3292 2463 3347 ideo
2485 3291 2757 3364 κοντακίῳ
2787 3294 3097 3363 opponitur,
3132 3302 3190 3347 ut
3216 3308 3281 3348 eo
3308 3293 3539 3365 amplius
3564 3301 3621 3347 et

2053 3385 2325 3441 diffusius.
2381 3405 2398 3436 ι
2441 3385 2834 3456 Explicationis
2872 3386 3119 3441 clarioris
3171 3400 3332 3441 causa
3360 3427 3377 3450 ,
3440 3386 3621 3441 subdit

2050 3479 2193 3534 Goar
2249 3493 2264 3533 :
2332 3495 2353 3530 ι
2425 3477 2542 3532 Itali
2611 3492 2826 3548 quoque
2888 3493 2988 3532 sua
3052 3486 3299 3547 poemata
3367 3476 3566 3532 habent
3600 3493 3615 3506 ο

2049 3582 2231 3625 stanze
2287 3585 2385 3625 sua
2438 3569 2655 3641 lingua,
2707 3568 2758 3624 id
2814 3579 2898 3625 est
2944 3569 3136 3624 domus
3167 3570 3282 3625 sive
3314 3567 3618 3625 habitacula

2052 3664 2215 3718 dicta.
2244 3681 2265 3713 ι

2125 3754 2213 3807 17.
2260 3752 2384 3825 ’ῼδὴ
2419 3763 2598 3807 autem
2650 3752 2735 3806 vel
2789 3753 3065 3807 canticum
3103 3753 3231 3822 quid
3272 3752 3383 3816 sit,
3438 3751 3618 3806 notius

2054 3844 2269 3897 videtur
2322 3857 2464 3906 esse,
2499 3856 2659 3910 quam
2692 3852 2749 3896 ut
2800 3842 2889 3896 hic
2920 3857 2948 3895 a
2982 3857 3068 3896 me
3093 3840 3354 3911 explicari
3405 3840 3616 3896 debeat.

2053 3934 2184 3999 Quis
2206 3931 2349 3987 enim
2377 3924 2558 3997 Musis,
2587 3933 2838 3987 !l:ibacnc
2866 3932 3202 4000 aliorumque
3231 3930 3617 4000 prophetarum

2056 4025 2270 4079 cantica
2331 4024 2588 4093 ignoret?
2650 4021 2835 4077 Solent
2862 4032 3043 4078 autent
3080 4038 3270 4076 novem
3323 4022 3622 4091 Scriptura:

2054 4131 2226 4170 sacra:
2254 4115 2487 4180 cantica,
2511 4116 2801 4170 secundum
2835 4115 3079 4169 ordinem
3110 4125 3164 4169 et
3204 4114 3393 4180 ferias,
3420 4116 3471 4167 in
3501 4113 3620 4168 Ma-

2056 4207 2228 4259 tutino
2253 4206 2481 4260 recitare
2508 4204 2703 4261 Graaci.
2734 4204 2973 4260 Primum
3008 4206 3225 4275 quidem
3259 4205 3535 4260 Dominica
3567 4214 3623 4257 et

2058 4295 2187 4349 feria
2226 4310 2300 4360 ιι,
2333 4296 2604 4352 canticum
2656 4295 2820 4350 Mosis
2870 4294 3051 4366 (quod
3098 4305 3275 4350 exstat
3320 4298 3485 4350 lixodi
3531 4309 3621 4359 xv,

2053 4396 2104 4438 et
2129 4386 2178 4438 in
2204 4384 2445 4439 Romano
2471 4383 2748 4440 Breviario
2765 4386 2902 4440 seria
2930 4400 2984 4447 v,
3000 4376 3080 4438 'ad
3102 4383 3623 4456 ιιιιιιιοε),’ᾼσωμεν

380 4472 414 4542 ἡ
441 4471 601 4543 ἑορτὴ
630 4471 723 4526 τοῦ
774 4475 1007 4547 Χριστοῦ
1040 4477 1289 4544 γενεῶν),
1330 4479 1424 4531 καὶ
1477 4480 1680 4544 εὐθέως
1723 4480 1951 4547 ἔξυπνος
1983 4505 2025 4559 D
2053 4475 2132 4546 τῷ
2166 4475 2378 4547 Κυρίῳ,
2405 4475 2631 4543 ἐνδόξως
2653 4476 2762 4549 γὰρ
2782 4476 3112 4544 δεδόξασται,
3144 4475 3421 4532 Cantemus
3446 4477 3624 4530 Domi-

378 4564 686 4637 γενόμενος,
742 4566 948 4631 ἀναϐὰς
980 4568 1140 4640 ἐντῷ
1186 4570 1419 4640 ἄμόωνι,
1468 4570 1671 4642 ἤρξατο
1706 4570 1947 4641 ψάλλειν·

393 4650 458 4703 Ἦ
492 4652 767 4723 Παρθένος
824 4657 1063 4728 σήμερον
1108 4657 1196 4711 τὸν
1238 4660 1560 4730 ὑπερούσιον
1612 4660 1805 4715 τίκτει.
1843 4661 1955 4718 Καὶ

384 4746 614 4815 ποιήσας
642 4748 738 4801 καὶ
786 4747 893 4801 τῶν
930 4748 1130 4803 λοιπῶν
1157 4751 1359 4824 ἑορτῶν
1400 4753 1467 4806 τὰ
1509 4754 1785 4818 κοντάκια,
1817 4753 1954 4809 ἀλλὰ

381 4832 444 4903 δὴ
472 4835 567 4887 καὶ
593 4836 699 4890 τῶν
728 4839 1012 4909 ἐπισήμων
1047 4841 1238 4907 ἁγίων,
1260 4841 1334 4906 ὡς
1356 4840 1494 4897 εἶναι
1523 4845 1583 4897 τὸ
1614 4844 1817 4915 πλῆθος
1845 4845 1953 4899 τῶν

382 4924 477 4979 ὑπ’
519 4927 681 4980 αὐτοῦ
719 4932 1022 5001 γενομένων
1061 4934 1358 4988 κοντακίων
1399 4934 1541 5007 ὑπὲρ
1573 4935 1642 4989 τὰ
1685 4936 1850 5007 χίλια,
1898 4938 1955 4990 ὲν

383 5019 574 5092 εἰρήνῃ
629 5020 940 5095 ἐτελειώθη.
1001 5042 1020 5074 ι
1072 5025 1346 5080 Romanus
1401 5027 1658 5082 diaconus
1725 5031 1952 5099 gratiam

384 5110 787 5179 compositionis
835 5116 1205 5169 contaeiorum
1265 5115 1635 5172 faciendorum
1696 5120 1952 5188 accepit,

386 5215 508 5253 cum
561 5203 620 5257 in
670 5205 875 5259 somnis
925 5209 1268 5275 apparuisset
1312 5208 1414 5278 ipsi
1459 5210 1802 5265 sanctissima
1858 5210 1950 5263 Dei

386 5288 659 5357 Genitrix,
713 5295 872 5363 eique
924 5304 1126 5351 tomum
1163 5314 1256 5353 seu
1308 5309 1515 5369 partem
1552 5300 1757 5356 chartae
1787 5300 1954 5355 tradi-

387 5381 574 5449 disset,
622 5387 954 5440 manducare
979 5388 1197 5456 iubens.
1257 5386 1418 5443 Visus
1443 5399 1685 5459 estergo
1731 5404 1794 5445 os
1819 5402 1951 5459 ape-

387 5471 498 5527 rire
543 5481 599 5529 et
656 5474 901 5531 chartam
966 5478 1260 5534 absorbere
1311 5480 1450 5550 (erat
1518 5489 1699 5534 autem
1762 5479 1955 5534 natalis

386 5561 591 5621 Christi
624 5565 785 5638 dies),
838 5578 1002 5639 atque
1050 5570 1333 5626 confestim
1356 5586 1549 5629 somno
1581 5573 1809 5634 solutus,
1841 5587 1958 5624 am-

388 5652 586 5709 bouem
621 5659 992 5715 conscendens
1032 5670 1261 5717 cantare
1312 5662 1525 5733 erepit:
1566 5662 1735 5718 llodie
1795 5661 1957 5733 Virgo

390 5747 969 5816 supersubstantialem
1027 5756 1194 5822 parit.
1258 5755 1428 5827 Atque
1480 5755 1568 5811 ubi
1624 5757 1953 5826 reliquarum

2055 4584 2123 4620 no
2165 4581 2184 4621 :
2228 4569 2452 4637 gloriose
2502 4569 2642 4622 enim
2713 4570 3079 4640 magniﬁcatus
3143 4581 3240 4624 est.
3313 4568 3622 4625 Secundum

2057 4658 2222 4727 (quod
2285 4668 2366 4727 est
2413 4657 2577 4713 Mosis
2625 4660 2895 4713 canticum
2961 4660 3193 4714 alterum
3224 4698 3240 4725 ,
3285 4674 3351 4715 ex
3392 4661 3621 4715 Denter.

2059 4764 2250 4813 xxx",
2297 4726 2351 4801 έι
2393 4748 2446 4802 in
2506 4747 2784 4803 Breviario
2854 4750 3097 4804 Romano
3153 4753 3371 4819 ponitur
3412 4751 3620 4807 Subba-

2058 4851 2112 4894 to
2157 4841 2222 4895 ad
2251 4839 2508 4911 Laudes),
2550 4841 2846 4911 incipitque
2876 4841 3376 4915 Πρόσεχε,οὑρανὲ,
3413 4844 3508 4898 καὶ
3531 4841 3627 4896 λα-

2054 4932 2224 5004 λήσω·
2275 4933 2487 4997 Audite,
2517 4932 2653 4997 cali,
2704 4949 2820 4999 quae
2845 4940 3051 5003 loquor,
3078 4945 3132 4988 et
3165 4944 3416 4988 cantatur
3444 4937 3544 4989 hoc
3581 4950 3612 4988 a

2056 5025 2259 5079 Graecis
2278 5025 2412 5078 feria
2437 5040 2517 5080 ιιι.
2534 5024 2799 5089 Tertium,
2825 5024 3210 5098 Ἐστερεώθηὴ
3232 5024 3426 5097 καρδία
3449 5042 3549 5097 μου
3567 5027 3625 5079 ὲν

2057 5116 2268 5189 Κυρίῳ,
2293 5116 2587 5170 Exsultat-it
2608 5131 2701 5169 cor
2728 5132 2899 5170 meum
2927 5118 2983 5170 in
3007 5115 3254 5179 Domino,
3283 5130 3475 5186 nempe
3495 5131 3627 5169 ean-

2059 5209 2224 5262 ticum
2271 5209 2463 5273 Annae,
2505 5208 2797 5262 ascribitur
2857 5208 3007 5262 ferite
3060 5223 3133 5273 tv,
3194 5209 3334 5262 sicut
3379 5216 3434 5261 et
3479 5207 3619 5275 apud

2058 5298 2301 5354 Latinos.
2352 5297 2615 5365 Quartum
2650 5338 2665 5363 ,
2710 5296 2883 5369 Κύριε
2912 5337 2927 5362 ,
2972 5299 3271 5371 εἰσακήκοα
3312 5296 3412 5369 τὴν
3457 5298 3627 5368 ἀκοήν

2060 5405 2154 5442 σου
2176 5426 2191 5452 ,
2231 5385 2451 5441 Domine
2473 5426 2491 5451 ,
2531 5387 2712 5441 audivi
2765 5388 3094 5441 auditionem
3139 5401 3284 5441 tuam
3309 5426 3326 5452 ,
3353 5385 3625 5441 canticum

2059 5479 2268 5534 scilicet
2302 5476 2578 5542 Habacuc,
2615 5494 2644 5532 a
2679 5478 2891 5534 Latinis
2918 5479 3051 5534 feria
3077 5487 3231 5533 sexta
3255 5478 3360 5534 dici
3383 5477 3626 5543 solitum,

2061 5552 2196 5626 feria
2247 5587 2279 5625 v
2338 5584 2629 5639 usurpatur
2678 5588 2708 5625 ιι
2757 5571 2987 5627 Graecis.
3042 5572 3321 5639 Quintum,
3363 5570 3505 5641 quod
3541 5578 3623 5624 est

2059 5664 2329 5720 canticum
2362 5662 2510 5718 Isaia:
2540 5707 2555 5731 ,
2593 5680 2698 5717 non
2752 5665 2879 5717 illud
2912 5663 3126 5732 quidem
3160 5666 3302 5732 quod
3325 5673 3408 5718 est
3462 5661 3615 5719 Isaia)

2064 5772 2161 5822 χιι,
2193 5767 2247 5811 et
2278 5756 2485 5828 incipit,
2522 5756 2824 5826 Conﬁtebor
2853 5757 2976 5823 tibi,
3011 5755 3254 5823 Domine,
3285 5754 3624 5826 proponitur-
