4076 6226
961 309 1051 364 AD
1089 308 1540 366 ACOLUTIIIAM
1573 309 1824 365 OFFlCll
1866 307 2100 365 GRAECI
2149 308 2599 365 DISSERTATIO
2635 309 3104 368 ONOMASTICA.
3480 322 3677 376 nec“!

420 443 527 501 que
572 430 626 484 in
675 428 919 484 Romano
959 429 1241 485 Breviario
1273 431 1406 484 feria
1433 446 1495 494 ιι,
1530 431 1596 484 ad
1632 430 1874 494 Laudes;
1909 431 2001 483 sed
2031 435 2078 490 Α
2106 443 2344 483 canones
2368 431 2520 482 relati
2547 438 2693 495 sunt,
2730 440 2784 484 et
2815 430 2906 499 qui
2933 431 3135 486 idcirco
3169 429 3324 485 libris
3348 431 3678 488 ecclesiasti-

418 527 563 594 qnod
617 523 767 578 Isaiae
815 538 935 592 cap.
983 539 1133 587 xxvi,
1163 538 1214 575 v.
1245 523 1278 578 9
1314 563 1328 586 ,
1380 523 1569 591 incipit
1618 524 1669 576 in
1718 524 1942 593 Vulgata
1981 540 1994 577 :
2105 522 2185 576 cis
2215 531 2558 577 accensetur.

420 617 612 670 Anima
638 632 751 669 mea
775 615 1089 669 desiderarit
1116 627 1164 668 te
1185 617 1237 668 in
1273 628 1438 679 nocte,
1487 617 1582 669 Ἐκ
1604 616 1796 679 νυκτὸς
1815 615 2000 686 «speet-
2174 613 2264 669 20.
2317 614 2498 684 Pergit
2541 614 2777 684 Cangins
2816 623 2871 668 et
2900 615 2977 668 ait
3007 629 3024 670 :
3073 633 3093 668 ‹
3129 614 3377 670 Canones
3417 625 3676 682 praeterea

419 706 503 772 ζει
543 707 605 761 τὸ
639 706 860 778 πνεῦμά
895 725 994 778 μου
1038 706 1175 778 πρὸς
1210 707 1303 772 σὲ,
1332 711 1359 760 ὁ
1388 708 1519 771 Θεὸς
1553 726 1567 741 ’
1603 709 1705 762 hoc
1727 750 1740 772 ,
1776 710 1996 776 inquam

2107 724 2172 761 ex
2204 710 2430 762 materia
2460 724 2620 775 quam
2676 718 2911 762 tractant
2969 709 3183 761 nomina
3228 723 3528 776 sumpsere.
3573 709 3699 770 Alii.

422 801 570 853 Isaiz-e
600 801 871 854 canticum
912 799 1141 854 alterum
1174 803 1311 870 apud
1349 800 1568 854 Cra-cos
1601 802 1879 870 proprium
1909 812 1996 855 est
2031 856 2035 860 ,
2107 801 2251 853 enim
2293 800 2660 870 ἀναστάσιμοι
2694 801 2968 866 dicuntur,
2997 803 3135 867 quod
3164 802 3229 854 de
3260 800 3462 854 Christi
3498 799 3701 854 resorv'

422 892 566 946 ferire
611 907 683 945 vt.
719 893 955 946 Sabbato
997 908 1125 946 vero
1165 903 1399 955 sextum,
1450 893 1686 964 Ἐὄόησα
1719 895 1775 945 ὲν
1817 893 1996 963 θλίψει

2107 894 2345 947 rcctione
2368 903 2560 959 agant;
2601 890 2995 962 σταυρὼσιμοι,
3027 892 3115 961 qui
3153 893 3218 946 de
3250 907 3446 958 cruce;
3474 892 3675 963 νεκρὼ-

424 1001 523 1055 pou
557 983 695 1056 πρὸς
723 983 948 1054 Κύριον,
990 985 1104 1037 sive
1136 983 1408 1036 canticum
1439 981 1622 1047 Jonte,
1660 981 1900 1036 Clamari
1933 989 1998 1037 de

2107 1003 2254 1056 σιμοι
2297 997 2350 1039 et
2397 984 2788 1055 ἀναπαύσιμοι,
2837 986 2925 1052 qui
2959 986 3022 1037 de
3079 986 3340 1050 mortuis;
3386 1002 3678 1058 σταυρονε-

421 1076 762 1130 tribulatione
788 1091 901 1127 mea
927 1077 994 1127 ad
1029 1074 1309 1128 Dominum
1335 1093 1354 1140 ;
1398 1085 1452 1128 et
1483 1077 1770 1142 septimum
1792 1117 1808 1138 ,
1835 1076 1994 1129 Εὑλο⁶

2105 1077 2397 1150 κρὼσιμοι,
2439 1078 2530 1146 qui
2583 1077 2651 1130 de
2707 1092 2869 1130 cruce
2917 1086 2973 1128 ct
3038 1075 3299 1140 mortuis;
3337 1076 3678 1147 παρακλητι-

420 1167 586 1238 γητδς
611 1161 682 1233 εἴ,
723 1166 897 1235 Κύριε
920 1168 948 1219 ὁ
978 1165 1110 1229 Θεὸς
1139 1165 1246 1218 τῶν
1281 1167 1533 1239 πατέρων
1560 1165 1740 1237 ἡμῶν,
1775 1167 1997 1220 Benedi-

2106 1169 2212 1233 κοί,
2248 1170 2336 1237 qui
2380 1170 2445 1222 de
2493 1169 2758 1221 solamine
2810 1167 3154 1231 animarum;
3211 1168 3499 1238 ἱκετήριοι,
3550 1185 3677 1235 Sttp-

422 1271 538 1314 ctus
587 1276 664 1320 es,
716 1257 938 1311 Domine
975 1257 1114 1311 Deus
1167 1267 1380 1326 patrum
1412 1273 1735 1312 nostrorum.
1769 1261 1994 1329 lleliqna

2107 1261 2406 1329 plit-atorii;
2459 1259 2744 1332 τριαδικοί,
2808 1259 2900 1328 qui
2958 1258 3024 1312 de
3082 1255 3372 1324 Trinitate;
3422 1261 3675 1329 δογματι-

425 1355 549 1415 tluo,
575 1350 781 1404 scilicet
809 1351 978 1404 beatae
1009 1350 1190 1404 Mariae
1223 1349 1456 1419 Virginis
1484 1361 1536 1404 et
1561 1350 1840 1405 Zachariae
1866 1369 1992 1422 pro-
2106 1352 2214 1414 κοί,
2246 1353 2334 1420 qui
2386 1351 2450 1403 de
2479 1349 2816 1418 dogmatibus
2857 1358 3045 1418 agunt,
3085 1357 3140 1400 et.
3183 1348 3262 1400 sic
3300 1349 3366 1400 de
3416 1350 3672 1417 reliquis;

425 1444 620 1512 pheta},
654 1441 760 1494 alio
791 1451 1031 1510 tempore
1064 1441 1444 1494 decantantur.
2105 1456 2342 1495 canones
2374 1443 2554 1509 itaque
2582 1442 2634 1493 in
2666 1440 2800 1495 odas
2818 1440 3166 1503 dividuntur,
3192 1440 3308 1492 uda:
3337 1439 3389 1492 in
3419 1441 3677 1505 troparia,

494 1533 1109 1602 18.Atqueha:cnovem
1143 1535 1350 1588 cantica
1374 1535 1814 1605 integra,ineu:n
1837 1551 1995 1604 quem
2106 1550 2170 1587 ex
2203 1534 2398 1603 quibus
2427 1543 2848 1602 componuntur.
2878 1531 3113 1600 Singula:
3147 1545 3382 1599 namque
3417 1531 3496 1601 (ut
3519 1531 3677 1585 habet

416 1624 528 1695 jam
571 1625 819 1677 recensui
867 1625 1112 1678 ordinem
1157 1625 1659 1694 redacta,rcperire
1691 1637 1772 1679 est
1799 1628 1851 1680 in
1888 1627 1996 1698 νέῳ
2107 1623 2212 1677 alio
2252 1625 2371 1678 loco
2401 1626 2540 1679 idem
2592 1625 2827 1693 Cangius
2873 1640 2937 1678 ex
2974 1625 3193 1695 Allatio)
3227 1627 3467 1695 troparia
3507 1626 3668 1680 conti-

434 1715 752 1785 Ἀνθολογίῳ
779 1717 890 1770 sive
920 1731 1058 1768 novo
1081 1715 1598 1781 FlorilegioAntonii
1618 1719 1853 1780 Arcadii,
1877 1736 2001 1772 con-
2108 1725 2236 1769 ncnt
2266 1715 2419 1783 plura
2449 1725 2540 1768 aut
2562 1716 2839 1786 pauciora,
2872 1732 2992 1770 cum
3025 1732 3209 1770 eorum
3231 1733 3488 1772 t‘tumerus
3506 1720 3678 1770 deter-

421 1811 574 1860 tinno
611 1817 733 1875 post
769 1806 1092 1859 Psalterium
1133 1825 1187 1860 :r
1211 1805 1516 1860 Secundum
1551 1820 1728 1861 autem
1760 1809 1996 1874 illorum,
2034 1794 2073 1848 Β
2105 1807 2344 1861 minatus
2364 1823 2468 1861 non
2498 1808 2592 1863 sit.
2639 1805 2904 1876 Troparia
2946 1823 3108 1877 porro
3152 1809 3481 1878 quandoque
3506 1809 3675 1862 libera

421 1897 685 1968 Πρόσεχε,
730 1896 946 1968 οὐρανὲ,
996 1897 1091 1950 καὶ
1116 1896 1353 1968 λαλήσω,
1403 1899 1529 1968 quia
1561 1901 1998 1969 correptionibus

2102 1912 2194 1951 aut
2226 1915 2357 1970 vaga
2412 1899 2826 1969 relinquuntur;
2866 1901 3189 1970 quandoque
3231 1902 3424 1970 primis
3455 1900 3671 1964 litteris,

420 1999 472 2042 et
504 1989 665 2042 minis
703 1990 754 2042 in
779 1991 1090 2057 pervicaces
1115 2001 1168 2044 et
1192 1991 1496 2060 perduelles
1524 1991 1785 2048 llebraaos
1815 2003 1995 2061 tonat,
2101 1992 2256 2059 quasi
2301 1990 2517 2044 annnlis
2551 1991 2604 2044 in
2651 1992 2834 2046 verbis
2868 1991 3026 2045 veluti
3057 1992 3304 2046 catennla
3344 1993 3678 2056 inseruntur,

421 2081 680 2135 omissum
717 2081 925 2135 idcirco
959 2090 1074 2136 toto
1107 2084 1235 2136 anni
1291 2082 1524 2139 decursu
1555 2124 1571 2147 ,
1607 2085 1724 2139 solo
1754 2085 2000 2152 Quadra-
2103 2099 2264 2151 quam
2291 2085 2658 2137 acrosticliida
2684 2093 2939 2137 auctores
2957 2095 3170 2136 vocant.
3193 2082 3308 2138 Non
3335 2085 3402 2138 ab
3429 2086 3678 2138 omnibus

423 2175 638 2244 gcsimte
669 2189 875 2244 magna:
903 2187 1146 2245 tempore
1189 2175 1403 2246 lugubri
1427 2216 1442 2241 ,
1473 2191 1582 2245 quo
1614 2179 1998 2232 comminatio-
2105 2187 2284 2230 tamen
2316 2174 2405 2228 illa
2438 2174 2727 2243 colligendi
2761 2177 2899 2230 ratio
2922 2187 2976 2229 et
3021 2177 3209 2229 modus
3243 2184 3514 2230 servatur.
3546 2175 3678 2242 Qui-

424 2266 583 2322 nibus
644 2276 698 2321 et
748 2267 923 2322 tristis
957 2268 1169 2338 augurii
1215 2270 1442 2324 vocibus
1482 2280 1799 2340 peccatores
1829 2281 2002 2327 terret
2103 2267 2227 2322 dam
2280 2267 2552 2337 alphabeti
2582 2268 2827 2321 ordinem
2859 2279 3100 2330 servant,
3137 2267 3208 2320 ita
3249 2275 3308 2320 ut
3329 2268 3562 2336 primum
3589 2283 3678 2322 ca-

425 2357 686 2421 Ecclesia,
710 2361 1041 2414 cantandum
1079 2361 1322 2415 resumit.
1360 2381 1378 2413 ι
1402 2362 1475 2416 Ita
1502 2362 1730 2427 Goarus,
1759 2364 2000 2433 allegatis
2104 2360 2264 2434 nonis
2307 2359 2605 2429 troparium
2636 2359 2705 2414 ab
2731 2361 2776 2412 A
2805 2361 3051 2429 incipiat,
3091 2369 3145 2414 et
3183 2361 3238 2414 in
3266 2360 3308 2412 Ω
3341 2359 3556 2415 demum
3591 2363 3678 2416 de-

426 2448 698 2521 llorologii
725 2461 932 2520 typum.
961 2451 1184 2516 ‘Ioae'ov,
1209 2453 1289 2505 ὅτι
1310 2455 1342 2524 ἠ
1362 2453 1718 2527 δευτέραῲδὴ
1743 2454 2000 2507 οὐδέποτε

2104 2452 2268 2506 sinat.
2299 2451 2410 2514 _Alii
2460 2450 2515 2504 in
2555 2451 2926 2506 acrosticbide
2958 2451 3220 2505 Θεοτὸκια.
3246 2455 3507 2522 (troparia
3549 2462 3680 2508 sunt

428 2542 837 2614 στιχολογεῖται,
866 2545 916 2596 εἰ
955 2544 1030 2616 μὴ
1061 2547 1118 2598 ὲν
1151 2545 1286 2618 μόνῃ
1312 2548 1377 2618 τῇ
1409 2547 1623 2620 μεγάλῃ
1653 2547 2005 2620 Τεσσαρακο-

2105 2545 2328 2599 odarum
2360 2553 2660 2614 postrema,
2693 2544 2745 2597 in
2767 2544 3028 2598 honorem
3053 2541 3290 2615 Virginis
3329 2546 3677 2616 concinnata)

427 2637 524 2706 στῇ
563 2634 704 2689 κατὰ
751 2634 850 2706 τὴν
875 2636 1086 2708 τρίτην.
1125 2637 1416 2692 Sciendum
1466 2642 1609 2707 quod
1635 2638 1669 2692 2
1725 2642 1998 2692 canticum

2105 2633 2410 2689 includunt.
2436 2632 2540 2686 Alii
2573 2642 2728 2686 extra
2745 2647 2864 2687 eam
2880 2647 2977 2688 suo
3009 2634 3167 2688 modo
3189 2633 3270 2704 agi
3307 2632 3547 2706 ferrique
3586 2650 3676 2691 ca-

427 2741 702 2795 nunquam
744 2741 839 2796 per
874 2743 1066 2782 versus
1115 2728 1396 2794 recitatur,
1422 2729 1524 2783 nisi
1565 2727 2002 2800 Quadragesimae
2105 2739 2277 2779 nones
2307 2739 2434 2778 suos
2460 2723 2671 2777 sinunt.
2705 2741 2725 2774 ι

426 2833 632 2887 magna:
659 2819 833 2872 tertiis
855 2819 1030 2872 feriis.
2175 2816 2266 2872 2i.
2296 2817 2400 2871 Alii
2434 2817 2625 2886 primis
2661 2815 3026 2884 tropariorum
3061 2815 3257 2869 litteris
3290 2817 3525 2884 aliquam
3555 2833 3678 2872 sen-

495 2909 582 2963 19.
618 2907 742 2963 llaec
771 2909 836 2963 de
889 2911 1176 2978 scriptura:
1233 2909 1482 2964 canticis.
1520 2908 1844 2980 Progredior
1889 2910 2000 2982 jam
2107 2910 2330 2965 tentiam
2367 2917 2698 2974 contexunt;
2731 2905 3076 2978 alphabetum
3108 2907 3218 2972 alii,
3251 2917 3452 2962 ettunc
3483 2909 3679 2963 dicitur

425 3001 490 3053 ad
515 3016 802 3064 canunem,
827 3016 946 3064 quae
993 3011 1077 3055 est
1133 3016 1257 3070 pars
1285 2999 1457 3055 Ollicii
1495 3000 1670 3056 Graeci
1706 3002 1843 3056 bene
1883 3019 2000 3056 ma-
2105 3016 2276 3055 canon
2312 3000 2452 3054 κατὰ
2481 2998 2834 3070 ἀλφάϐητονε
2889 3009 2945 3053 et
2991 2999 3295 3070 exetnplum
3322 3000 3680 3069 alphabetiraa

425 3107 554 3161 gna.
584 3092 790 3161 Quippe
842 3112 861 3146 ι
923 3108 1160 3147 canones
1221 3094 1302 3162 (ut
1360 3095 1596 3164 loquitur
1631 3095 1888 3165 Congius)
1948 3096 1999 3149 in
2029 3142 2074 3197 ϐ
2107 3093 2450 3149 acrostichize
2506 3093 2728 3147 exhibet
2765 3092 3154 3146 Paracleticom
3190 3108 3241 3161 p.
3306 3093 3394 3147 l6.
3435 3093 3676 3148 Aliorum

424 3183 662 3238 Ecclesia
692 3183 882 3239 Graeca
941 3185 1192 3239 dicuntur
1224 3186 1408 3256 hymni
1455 3188 1542 3256 (ex
1575 3198 1840 3255 perpetuo
1865 3189 1996 3241 oda-
2031 3181 2074 3197 ’³
2105 3183 2350 3254 exempla
2384 3184 2531 3237 varia
2561 3183 2783 3236 exhibet
2810 3183 3100 3252 aliquoties
3133 3181 3556 3250 Papebrocbius,
3579 3199 3678 3239 oc-

422 3289 542 3329 rum
576 3284 630 3328 et
685 3277 1044 3345 tr0pariorum
1080 3278 1270 3332 ordine
1297 3292 1359 3331 ac
1391 3278 1530 3331 serie
1574 3277 1646 3330 ita
1679 3277 1991 3347 appellati),
2102 3280 2320 3332 casiOue
2344 3285 2656 3332 sanctorum
2678 3277 3056 3345 quorumdam,
3085 3276 3243 3328 aliam
3264 3275 3376 3330 fere
3398 3275 3678 3330 historiam

423 3366 514 3433 qui
575 3373 696 3434 post
757 3365 1005 3422 Psalmos
1044 3367 1354 3434 Davidicos,
1391 3383 1687 3438 precesque
1711 3408 1727 3432 ,
1785 3378 1841 3423 et
1891 3370 1995 3423 alia
2101 3370 2186 3422 vel
2220 3371 2527 3424 encomium
2561 3383 2665 3421 non
2695 3368 3230 3438 habentium.Longe
3253 3369 3682 3438 pulcherrimum

424 3458 686 3528 troparia,
747 3469 1040 3526 antequam
1091 3459 1351 3512 liniantur
1403 3459 1584 3514 divina
1641 3458 1850 3524 olIicia,
1878 3476 1997 3530 qua}
2103 3464 2192 3517 dat
2221 3463 2376 3518 nobis
2404 3464 2564 3516 trium
2593 3465 2874 3516 doctorum
2909 3461 3218 3516 Graecorum
3259 3460 3680 3532 ollicium,quod

423 3558 689 3603 nocturno
723 3560 969 3617 tempore
995 3549 1139 3603 domi
1174 3560 1267 3604 aut
1299 3551 1351 3604 in
1406 3551 1654 3607 ecclesiis
1677 3553 1992 3621 exiguntur,
2095 3556 2206 3625 jam
2239 3571 2498 3628 paramus
2535 3555 2832 3621 illustrare,
2860 3557 3171 3624 exprimens
3203 3556 3412 3625 primus
3441 3554 3679 3610 clemen-

422 3641 540 3694 cani
572 3649 665 3694 aut
694 3641 910 3695 recitari
949 3642 1143 3696 solent.
1170 3642 1412 3697 Zonaras
1455 3645 1520 3697 ad
1564 3644 1814 3700 Canones
1848 3637 1995 3700 Ana-
2101 3650 2172 3702 tis
2201 3651 2346 3703 hunc
2377 3663 2592 3701 versum
2618 3648 2907 3701 iatnbicnm
2950 3670 2962 3701 :

422 3733 672 3786 atasitnos
702 3727 1013 3787 Damasceni
1044 3751 1062 3787 :
1086 3735 1280 3787 Κανὼν
1311 3736 1549 3802 λέγεται,
1581 3737 1662 3790 ὃτι
1690 3737 1998 3809 ὡρισμένον

1827 3737 1998 3809 ’μένον
2247 3739 2567 3808 Τρισήλιον
2587 3737 2732 3808 φῶς,
2765 3738 2914 3806 τρεῖς
2944 3735 3181 3805 ἀνῆψεν
3204 3739 3437 3805 ἡλίους.

422 3827 515 3878 καὶ
539 3825 922 3896 τετυπωμένον
947 3826 1058 3896 ἔχει
1085 3827 1146 3878 τὸ
1192 3827 1391 3899 μέτρον
1418 3830 1576 3883 ὲννὲα
1610 3829 1773 3900 ᾠδαῖς
1812 3848 1995 3884 συντε-

2101 3830 2273 3901 llnjus
2302 3848 2522 3886 sensum
2558 3832 2750 3886 Latine
2785 3833 3002 3884 reddatn
3033 3832 3187 3894 alibi,
3226 3833 3446 3885 totidem
3480 3831 3680 3888 litteris

421 3911 701 3984 λούμενον.
767 3915 1038 4005 Canones.
1083 3918 1247 3986 igitur
1313 3920 1625 3973 dividuntur
1687 3923 1738 3973 in
1805 3937 1994 3976 novem
2104 3925 2702 3995 totidemquetropariis
2727 3940 2820 3978 seu
2855 3925 3111 3992 strophis.
3137 3924 3200 3977 Et
3225 3939 3374 3989 vero,
3400 3940 3468 3979 nc
3491 3937 3676 3994 postea

421 4006 590 4070 udas;
628 4005 771 4060 inter
813 4021 949 4076 quas
1007 4020 1184 4062 tamen
1243 4011 1484 4064 secunda
1518 4011 1710 4066 nullibi
1749 4026 1993 4082 apparet,
2103 4019 2329 4085 laureas,
2388 4025 2603 4086 oportet
2653 4031 3037 4084 praetttoneam,
3087 4024 3293 4069 tantum
3349 4016 3562 4083 abesse,
3618 4028 3679 4073 ut

422 4099 515 4153 sed
576 4100 954 4168 componentis
1025 4101 1077 4152 in
1159 4111 1376 4168 pectore
1444 4112 1729 4170 remanet;
1800 4115 1920 4172 post
1963 4106 1998 4158 4
2101 4107 2363 4176 ejusmodi
2390 4109 2788 4164 acrosticltides
2819 4123 3035 4176 semper
3065 4109 3528 4163 continuenturet
3553 4125 3678 4177 pro-

423 4204 551 4242 veto
594 4191 731 4243 oden
771 4199 813 4260 ,ε
845 4206 1016 4244 canon
1077 4193 1486 4261 interrumpitur
1530 4197 1652 4258 ταῖς
1717 4195 1991 4265 Ἀναγνώ-
2103 4201 2248 4255 xime
2269 4201 2578 4254 cohaereant
2602 4199 2745 4253 inter
2775 4213 2857 4264 se,
2891 4209 2950 4252 ut
2974 4198 3290 4265 intcrjectos
3317 4207 3369 4252 et
3401 4199 3676 4268 dispersos

423 4297 561 4336 σεσι.
587 4281 721 4336 Tum
753 4285 896 4336 enim
925 4285 1179 4340 lectiones
1207 4286 1274 4338 de
1301 4284 1436 4340 Vitis
1479 4300 1812 4351 sanctorum,
1851 4305 1994 4358 quo-
2103 4294 2336 4347 habeant
2363 4300 2443 4359 et;
2473 4292 2680 4346 hirmos
2727 4302 2783 4346 et
2814 4293 3074 4359 troparia,
3116 4292 3427 4362 martyrica,
3463 4292 3677 4346 theoto-

425 4394 541 4430 rum
571 4392 636 4429 eo
680 4377 763 4430 die
814 4377 1266 4432 commemoratio
1305 4379 1630 4442 celebratur,
1660 4393 1753 4433 aut
1794 4381 1862 4435 de
1893 4383 1994 4434 diei
2101 4386 2207 4446 cia,
2237 4385 2476 4453 aliaque,
2523 4386 2723 4453 quibus
2756 4385 2966 4438 exactis
3001 4385 3295 4437 resumitnr
3325 4398 3494 4437 canon
3529 4400 3549 4438 ε·
3581 4385 3679 4453 qui

422 4467 674 4530 historia,
726 4468 902 4520 altiori
935 4483 1063 4522 voce
1117 4470 1185 4522 ab
1217 4471 1504 4524 sacerdote
1535 4471 1618 4523 vel
1659 4471 1726 4524 ab
1764 4472 1872 4524 alio
1920 4473 1996 4525 le-
2032 4512 2077 4567 Β
2103 4475 2144 4526 si
2177 4473 2373 4543 dop!ex
2405 4483 2512 4540 est,
2543 4483 2602 4527 ιιι
2626 4484 2713 4528 est
2749 4489 2911 4543 διξερε,
2936 4473 3160 4527 alterius
3182 4475 3370 4527 canoni
3395 4476 3674 4528 continua-

422 4570 622 4622 guntur
647 4575 660 4610 :
689 4557 882 4625 quibus
909 4548 1083 4610 'iinitis
1111 4557 1331 4626 reliquae
1368 4559 1594 4613 canonis
1623 4561 1738 4615 oda:
1774 4577 1997 4628 percur-
2032 4548 2076 4567 υ
2104 4565 2233 4616 tioni
2284 4565 2616 4633 praeponitur
2649 4579 2750 4618 vos
2798 4563 2975 4627 ἄλλος,
3031 4562 3350 4632 plerumque
3383 4578 3512 4618 vero
3565 4574 3670 4617 tam

423 4658 634 4702 runtur.
682 4649 864 4718 Neque
912 4665 1051 4702 unus
1086 4665 1259 4703 canon
1320 4650 1372 4703 in
1415 4666 1519 4701 uno
1571 4651 1750 4704 ollicio
1781 4667 1998 4721 semper
2099 4656 2262 4710 unius
2287 4671 2449 4724 quam
2477 4655 2702 4708 alterius
2730 4656 2953 4708 canonis
3003 4656 3119 4708 odze
3150 4655 3554 4724 distinguuntur
3579 4669 3680 4723 per

421 4742 643 4803 dicitur,
694 4743 788 4795 sed
841 4741 1108 4794 interdum
1162 4743 1268 4796 duo
1299 4742 1384 4795 vel
1415 4753 1544 4806 tres,
1576 4758 1700 4796 raro
1735 4755 1995 4811 quatuor,
2099 4763 2352 4802 numeros
2382 4747 2580 4801 litteris
2623 4747 2894 4816 alphabeti
2930 4746 3174 4814 signatos
3207 4747 3310 4800 hoc
3345 4747 3526 4811 modo,
3559 4744 3675 4819 ᾠδὴ

421 4849 519 4902 pro
567 4833 796 4902 plurium
844 4833 934 4888 illo
959 4835 1046 4889 die
1080 4833 1442 4888 festivitatum
1485 4850 1784 4900 concursu,
1825 4836 1995 4891 inter-
2096 4833 2164 4898 α’,
2189 4832 2256 4902 β’,
2278 4838 2350 4902 γ’,
2369 4844 2476 4886 etc.
2501 4834 2630 4900 Qua:
2652 4835 2833 4888 omnia
2857 4834 3193 4903 appositione
3215 4835 3466 4904 promissi
3491 4850 3677 4890 exeat-

419 4927 737 4979 miscentur.
767 4925 1027 4992 Quamvis
1059 4942 1186 4981 vero
1218 4928 1519 4981 canonibus
1545 4929 1662 4982 oda:
1689 4929 1996 4984 tribuantur
2105 4924 2174 4993 pli
2207 4925 2438 4980 clariora
2468 4926 2719 4979 evadent.

419 5033 640 5081 novem,
672 5034 775 5072 non
806 5020 877 5072 ita
911 5026 1090 5072 tamen
1126 5020 1254 5073 illttd
1303 5030 1626 5089 perpetuum
1658 5033 1762 5084 est,
1809 5033 1866 5074 ut
1895 5022 1994 5076 ali-
2171 5015 2259 5069 ‘29-
2279 5016 2580 5085 Atquinam
2608 5016 2758 5071 luere
2787 5032 3052 5072 canonum
3087 5018 3377 5074 auctores?
3401 5017 3674 5074 lnlinitttin

418 5110 632 5176 quando
682 5125 938 5164 numerus
977 5125 1164 5164 earum
1214 5126 1319 5164 non
1371 5113 1743 5166 imminuatur,
1799 5113 1989 5178 Quan-
2102 5116 2185 5160 cst.
2217 5123 2504 5163 recensere
2527 5123 2744 5174 omnes,
2772 5125 2946 5178 neque
2984 5109 3039 5163 id
3071 5111 3241 5164 nostri
3276 5112 3415 5166 ratio
3439 5114 3671 5167 instituti

419 5199 596 5267 doque
627 5201 771 5253 cutim
800 5201 974 5255 tribus
1022 5201 1105 5255 vel
1137 5212 1372 5270 quatuor
1408 5210 1614 5256 tantum
1673 5204 1792 5258 odis
1824 5205 1992 5258 intcr-
2102 5201 2372 5268 postulat;
2429 5217 2551 5256 eum
2603 5215 2698 5255 eos
2736 5217 2927 5256 omnes
2975 5202 3193 5256 novisse
3242 5204 3310 5256 ad
3359 5202 3675 5259 Graacorum-

416 5289 687 5342 cluditur:
711 5293 849 5346 unde
872 5293 1371 5348 canonibusnomen
1401 5295 1648 5366 τριῳδίου
1680 5307 1732 5350 et
1758 5314 1993 5369 τετραῳ·
2103 5293 2432 5347 acoluthiam
2485 5295 2892 5364 intelligendam
2938 5294 3070 5349 nihil
3102 5296 3336 5349 intersit.
3365 5295 3676 5366 Praecipuus

417 5376 552 5434 δίου.
599 5399 617 5430 ι
651 5380 853 5437 Trioilii
897 5394 1076 5438 tamen
1117 5400 1311 5438 nomen
1347 5385 1507 5439 latius
1531 5397 1680 5456 patet
1711 5405 1724 5441 :
1762 5405 1884 5442 nam
1912 5391 1994 5461 (ut
2102 5386 2290 5440 lectori
2315 5395 2570 5457 suggeret
2595 5388 2758 5458 typici
2813 5397 2976 5456 caput
3017 5387 3072 5450 6,
3111 5391 3251 5457 quod
3285 5389 3371 5443 hic
3404 5391 3671 5458 praeteriri

420 5470 664 5538 pluribus
718 5486 771 5528 et
802 5477 1014 5530 erudite
1049 5478 1384 5530 demonstrat
1435 5477 1667 5532 Allatius
1723 5479 1797 5532 De
1843 5481 1992 5535 libris

2095 5478 2235 5529 haud
2265 5487 2456 5544 potest.
2509 5477 2703 5531 ’ἰστέον
2735 5478 2792 5531 δὲ
2819 5480 2914 5530 καὶ
2944 5478 3124 5539 τοῦτο.
3159 5481 3256 5544 ὡς,
3283 5481 3444 5551 εἴπερ
3469 5479 3580 5550 ἔχει
3613 5478 3682 5534 τὸ

417 5563 705 5618 aclesiast.
759 5563 929 5621 erc.
977 5570 1198 5622 dissert.
1255 5570 1306 5635 l,
1340 5584 1465 5639 pag.
1520 5568 1632 5640 71),
1676 5586 1778 5624 non
1819 5573 1992 5626 solum

2092 5567 2334 5652 Mqvaiov
2354 5569 2412 5622 ὲν
2431 5571 2623 5642 μνήμῃ
2652 5570 2811 5639 ἁγίου
2834 5570 2980 5634 τινὸς
3010 5572 3240 5635 κανόνας
3259 5573 3369 5625 τῶν
3397 5572 3678 5646 διαφόρων

419 5667 680 5709 canonem
718 5660 990 5714 extribus
1041 5667 1384 5713 constantem
1426 5658 1547 5714 odis
1586 5660 1990 5729 complectitur,

2093 5660 2351 5731 ποιητῶν,
2395 5662 2442 5714 εἰ
2473 5655 2574 5730 μέν
2597 5664 2710 5714 ἐστι
2733 5679 2910 5716 κανων
2941 5661 3034 5716 τοῦ
3065 5663 3170 5733 κῦρ
3191 5665 3405 5735 Κοσμᾶ,
3444 5681 3672 5736 προκριθ-

416 5757 605 5799 verum
631 5745 794 5800 etiam
841 5747 1037 5802 librum
1097 5748 1292 5818 ipsum,
1336 5750 1390 5802 in
1414 5762 1573 5816 quem
1613 5749 1989 5818 hujuscemodi

2093 5747 2230 5812 τέος·
2257 5750 2304 5800 εἰ
2333 5749 2386 5802 δὲ
2430 5748 2524 5802 τοῦ
2557 5748 2663 5821 κῦρ
2702 5751 2950 5804 Ἰωάννου
2987 5753 3077 5805 καὶ
3109 5753 3332 5824 ἐτέρων,
3356 5753 3448 5806 τοῦ
3484 5754 3663 5808 Ἰωάν-
