4076 6226
402 258 611 304 σεε-χιιι

1772 242 2304 304 l’liULlﬁGUMENA.

400 380 493 418 νον
518 364 891 443 προκρζνεταιο
923 365 972 417 εἰ
1000 363 1057 417 δὲ
1078 361 1173 418 τοῦ
1201 361 1306 435 κῦρ
1320 362 1628 433 Θεοφάνους
1644 362 1740 417 καὶ
1761 362 1972 433 ἑτέρων.

2091 366 2416 435 composita,
2447 368 2778 423 exsecranda
2820 378 3107 438 putemus;
3143 371 3276 428 facit
3316 370 3554 443 ejusdem
3598 380 3667 435 ad

403 462 432 513 ὁ
459 458 553 513 τοῦ
598 440 721 530 κῦρ⁸
734 459 1039 528 Θεοφάνους
1080 458 1455 530 προκρίνεται·
1487 455 1850 529 προτιμητέος
1877 454 1987 525 γάρ

403 554 521 606 ἐστι
548 552 658 608 τῶν
687 552 879 606 ἄλλωψ
920 554 969 605 εἰ
996 552 1052 605 δὲ
1078 550 1172 604 τοῦ
1190 549 1297 622 κῦρ
1326 549 1544 621 Ἰωσὴφ,
1574 542 1730 613 οὗτος
1752 549 1860 602 τῶν
1875 548 1988 601 λοι-

404 643 522 699 πῶν
555 644 951 716 προτετίμηται
983 642 1245 713 ποιητῶν·
1286 641 1493 695 τούτων
1525 640 1583 695 δὲ
1618 640 1694 713 μὴ
1723 640 1915 705 ὄντων,
1935 640 1987 693 οἱ

401 736 496 791 τοῦ
538 736 646 809 κῦρ
680 737 948 791 Ἰωάννου·
981 736 1160 790 αὐτῶν
1190 735 1246 788 δὲ
1277 735 1351 806 μὴ
1384 734 1778 805 τυγχανόντων.
1813 736 1861 787 οἱ
1890 730 1985 785 τοῦ

402 827 508 897 κῦρ
547 827 873 896 Θεοφάνους·
892 828 1140 881 ἀπόντων
1163 828 1221 881 δὲ
1264 827 1490 892 τούτων,
1525 827 1573 879 οἱ
1604 824 1697 880 τοῦ
1721 825 1826 896 κῦρ
1867 826 1983 878 Ἰωο

404 921 514 993 σὴφ
536 921 646 975 τῶν
671 921 876 975 λοιπῶν
902 921 1148 974 ἀπόντων
1191 918 1598 992 προκρίνονται.
1637 937 1656 968 ι
1696 917 1807 973 Hoc
1837 932 1976 986 quo-

402 1028 509 1083 que
540 1014 816 1067 sciendum
851 1023 954 1074 est,
979 1013 1022 1065 si
1055 1010 1317 1065 Menwum
1358 1012 1519 1064 habet
1553 1010 1607 1063 in
1661 1010 1981 1065 memoriam

405 1105 633 1172 alicujus
658 1104 741 1169 S.,
778 1120 1014 1158 canones
1038 1105 1318 1158 diversorii
1333 1119 1381 1155 ιιι
1409 1113 1707 1169 poetarum,
1732 1101 1777 1154 si
1807 1115 1979 1154 canon

408 1195 644 1250 adfuerit
692 1194 872 1250 domui
908 1193 1137 1257 Cosmae,
1178 1194 1321 1246 hunc
1373 1191 1492 1245 aliis
1541 1189 1978 1260 prmferendum;

403 1284 447 1341 si
466 1285 648 1339 domni
673 1285 899 1339 Joannis
917 1283 1236 1343 etaliorum,
1260 1297 1381 1335 eum
1406 1282 1498 1351 qui
1515 1280 1984 1350 Joannisestprae-

414 1371 545 1426 ferri
565 1390 578 1430 :
599 1372 642 1426 si
663 1375 841 1426 domui
861 1370 1201 1439 Theophanis
1219 1371 1536 1435 etaliorum,
1554 1369 1616 1424 D.
1639 1369 1981 1438 Theophanis

402 1465 670 1534 praferri,
708 1464 794 1519 ille
826 1465 969 1518 enim
1012 1475 1136 1517 ante
1163 1464 1296 1518 alios
1327 1462 1669 1518 honorandus
1698 1472 1810 1528 est;
1840 1462 1882 1516 si
1919 1462 1978 1514 Ι).

400 1553 643 1626 Josephi,
673 1557 816 1609 hunc
849 1555 1069 1623 reliquis
1092 1555 1263 1622 poetis
1294 1553 1544 1623 anteponi
1565 1553 1639 1619 ;si
1668 1553 1851 1607 catteri
1887 1554 1982 1606 de-

403 1645 957 1712 furrint,D.Joannis;
977 1648 1022 1700 si
1043 1647 1095 1700 hi
1115 1646 1982 1716 quoquedefuerint,D.The0pha-

2089 456 2345 512 unionem
2383 457 2677 514 Romanam
2710 462 2954 517 accessio
2992 476 3137 518 anno
3165 480 3450 521 ucccuvn
3493 472 3667 537 patri-

2088 545 2343 602 archatus
2380 549 2463 603 sui
2522 550 2715 618 quinto
2745 590 2761 615 ,
2806 551 2859 604 in
2901 565 3075 620 eaque
3120 558 3203 624 (ut
3247 557 3460 625 opinari
3517 559 3667 628 licet)

2086 640 2488 706 perseverantia
2514 656 2684 710 usque
2710 643 2777 695 ad
2821 643 3005 709 linem,
3041 644 3094 699 id
3135 653 3221 699 est
3260 662 3434 716 usque
3463 648 3532 702 ad
3562 665 3663 702 au-

2092 745 2217 782 num
2250 745 2452 785 “CCCLX
2464 749 2489 784 ι
2499 747 2589 789 ιν.

2156 821 2246 878 25.
2279 821 2562 879 Philotheo
2603 824 2657 879 in
2711 825 2812 880 ista
2867 827 3072 884 Catena
3113 832 3361 887 succedit
3413 833 3660 890 Andreas

2086 912 2362 968 Cretensis
2393 915 2858 986 archiepiscopus,
2885 919 2955 973 de
3010 934 3139 989 quo,
3177 931 3438 992 tauquam
3481 926 3658 996 magni

2084 1004 2323 1059 Cauouis
2344 1015 2588 1072 auctore,
2623 1008 2869 1077 qumdam
2899 1010 3137 1066 diximus
3160 1012 3195 1066 2
3224 1014 3454 1083 Aprilis,
3487 1030 3660 1085 agen-

2087 1104 2169 1149 tes
2204 1097 2270 1150 de
2303 1096 2363 1150 S.
2401 1095 2569 1150 Maria
2593 1097 2914 1168 Egyptiaca
2946 1111 3000 1156 et
3040 1103 3182 1157 inl‘ra
3222 1106 3486 1160 dicemus.
3515 1108 3660 1161 Coll—

2086 1197 2173 1242 tur
2206 1190 2238 1243 4
2290 1188 2414 1244 Julii
2458 1199 2552 1245 aut
2580 1190 2749 1248 Junii.
2784 1192 3017 1259 Quintus
3053 1197 3106 1249 in
3137 1197 3239 1252 hoc
3266 1200 3444 1254 dextri
3475 1199 3659 1256 lateris

2083 1280 2272 1333 ordine
2305 1278 2541 1334 Joannes
2570 1279 2958 1336 Euchaitarum
3004 1287 3382 1354 metropolitae,
3417 1299 3503 1343 est
3557 1304 3655 1342 an-

2083 1384 2220 1439 ctor,
2261 1383 2319 1426 ut
2359 1373 2615 1438 diximus,
2647 1373 2766 1442 ejus
2798 1375 2958 1429 ollicii
2989 1380 3133 1447 quod
3184 1379 3273 1434 hic
3327 1389 3650 1436 tractamus.

2084 1463 2341 1532 Sequitur
2375 1464 2641 1534 Georgius
2671 1465 2997 1523 Nicomedia:
3043 1471 3484 1542 archiepiscopus
3522 1492 3535 1528 :
3567 1475 3654 1528 cui

2085 1554 2263 1609 varias
2287 1569 2609 1625 panegvres,
2638 1556 2705 1607 ad
2738 1555 3139 1626 Metaphrasten
3187 1560 3440 1631 imperite
3466 1565 3618 1618 trado
3640 1596 3655 1606 -

2083 1658 2224 1711 ctas,
2259 1647 2502 1702 restituit
2554 1647 2784 1702 Allatius
2815 1687 2830 1712 ,
2871 1650 3116 1720 pluribus
3153 1652 3219 1707 de
3271 1669 3339 1709 eo
3388 1670 3553 1725 agens
3600 1658 3652 1710 in

401 1740 502 1801 nis;
519 1741 562 1793 si
583 1739 916 1803 hietiam,D.
934 1738 1151 1808 Josephi
1173 1739 1383 1793 caeteris
1399 1739 1649 1793 omnibus
1668 1737 1971 1805 anteponi.»
2008 1711 2051 1766 Β
2090 1735 2336 1792 Diatriba
2375 1738 2442 1793 de
2465 1738 2714 1808 Georgiis
2746 1758 2760 1791 :
2796 1754 2903 1808 quo
2937 1751 3118 1796 autem
3154 1744 3354 1801 vixerit
3383 1754 3650 1818 tempore,

465 1830 557 1885 23.
590 1833 669 1886 Ex
701 1832 860 1886 dictis
910 1846 1016 1885 non
1055 1841 1264 1885 tantum
1320 1832 1620 1901 colligitur,
1652 1831 1745 1899 qui
1785 1830 1980 1898 quibus

401 1922 454 1978 in
490 1938 755 1977 canonum
782 1937 1050 1978 concursu
1089 1933 1524 1991 anteponantur;
1564 1938 1751 1977 verum
1786 1924 1975 1987 etiam,

397 2017 617 2086 quinam
649 2015 967 2070 sinteorum
999 2026 1250 2069 auctores
1290 2014 1569 2084 prmcipui.
1596 2013 1810 2067 Talium
1840 2012 1977 2067 insi-

398 2125 559 2179 gnem
589 2117 836 2163 catenam
859 2108 1043 2162 videre
1057 2116 1140 2163 est
1165 2118 1292 2162 ante
1324 2106 1620 2170 Triodium,
1643 2121 1788 2159 anno
1815 2103 1974 2169 l60l,

397 2216 657 2257 excusum
692 2200 952 2264 Venetiis,
997 2214 1161 2268 opera
1183 2208 1238 2253 et
1261 2199 1437 2253 studio
1471 2196 1689 2252 Maximi
1720 2197 1979 2267 Cythero—

397 2308 516 2347 rum
547 2295 604 2348 in
618 2292 794 2364 Cypro
813 2292 1072 2361 episcopi.
1093 2291 1465 2361 lbispectatur
1493 2291 1546 2346 in
1565 2290 1743 2345 fronte
1776 2289 1975 2361 imago,

399 2387 614 2441 titulum
659 2386 779 2440 libri
810 2384 1197 2454 complectens,
1230 2393 1443 2454 sumpta
1483 2399 1549 2438 ex
1578 2384 1811 2452 quodam
1864 2384 1978 2437 ma-

396 2479 697 2548 nuscripto,
749 2478 978 2532 duorum
1034 2486 1128 2530 aut
1185 2479 1346 2531 trium
1405 2475 1725 2530 saeculorum
1761 2483 1975 2530 aetatem

394 2570 667 2626 habente:
724 2569 776 2623 in
827 2584 931 2638 qua
962 2569 1220 2638 imagine,
1257 2568 1562 2623 ministerio
1590 2568 1752 2623 trium
1792 2567 1978 2637 genio-

396 2675 515 2715 rum
579 2661 846 2713 minorum
902 2658 1241 2727 duorumque
1315 2658 1581 2727 majorum
1658 2659 1974 2727 angelorum

394 2752 652 2822 utrinque
695 2753 954 2807 stantium
992 2791 1006 2815 ,
1066 2753 1491 2807 circumducitur
1543 2754 1696 2823 quasi
1755 2763 1976 2823 torques

392 2859 488 2899 seu
537 2852 727 2899 catena
777 2843 1099 2898 annulorum
1150 2844 1338 2915 viginti
1389 2858 1606 2911 novem,
1683 2853 1871 2899 mutuo
1914 2859 1976 2901 se

392 2935 899 3005 complectentium,
927 2935 1233 3004 dependens
1253 2950 1321 2989 ex
1348 2949 1567 2990 summo
1596 2948 1704 2989 uno
1726 2935 1975 2989 ornatio-

392 3028 547 3098 rique
563 3029 1172 3094 toreumate,Christum
1200 3028 1487 3083 Dominum
1512 3034 1970 3097 repraesentante;
1999 3052 2043 3110 ρ

389 3130 513 3174 cum
540 3118 644 3175 hoc
670 3134 764 3189 per
784 3120 1020 3176 extimos
1042 3119 1355 3189 angelorum
1379 3119 1688 3175 lateralium
1710 3119 1969 3175 humeros

389 3208 655 3267 deﬂuente
692 3211 958 3267 versiculo
984 3229 999 3265 :

501 3387 567 3455 Ol
604 3383 675 3439 τὰ
689 3385 845 3454 μέλη
871 3384 1202 3453 πλέξαντες
1225 3386 1426 3455 ὕμνων
1449 3386 1690 3454 ἐνθέων,

497 3454 827 3523 Hymuorunt
858 3459 1097 3511 modulos
1128 3459 1181 3510 Ιιὶ
1205 3473 1537 3527 composuere
1564 3476 1858 3518 sacrorum.

390 3634 550 3691 Juvat
584 3636 744 3706 hujus
773 3648 980 3693 catena:
1003 3638 1419 3708 explicationem
1458 3639 1570 3708 jam
1611 3656 1641 3695 a
1691 3640 1750 3695 P.
1797 3643 1968 3711 Pape-

390 3731 614 3787 brochio
648 3732 717 3788 ad
748 3731 891 3787 diem
925 3731 993 3787 30
1021 3732 1242 3802 Aprilis,
1274 3742 1402 3788 tom.
1438 3733 1524 3799 lll,
1559 3750 1610 3804 p.
1650 3734 1775 3798 788,
1802 3750 1964 3791 exor-

391 3835 545 3887 sam,
579 3821 701 3876 istic
737 3837 1123 3891 recognoscere
1149 3832 1311 3893 atque
1338 3825 1633 3893 corrigere,
1662 3825 1820 3896 juxta
1851 3842 1970 3881 tne-

390 3913 557 3968 liores
581 3913 801 3969 notitias
829 3923 1012 3983 postea
1047 3926 1324 3985 acceptas.

459 4004 549 4058 24.
604 4003 1030 4076 Uuiuscujusque
1085 4007 1226 4061 sacri
1297 4000 1464 4077 poetae
1518 4010 1639 4064 icon
1703 4010 1963 4076 dimidia,

388 4097 608 4167 proprio
642 4098 853 4151 habitus
901 4108 956 4152 et
1000 4099 1204 4152 ordinis
1238 4102 1512 4156 schemate
1541 4102 1820 4168 distincta,
1884 4103 1969 4156 in-

390 4198 472 4244 tra
525 4189 811 4259 praedictos
833 4189 1081 4259 ,annulos
1133 4201 1563 4261 repraesentatur.
1601 4193 1694 4260 Et,
1726 4211 1793 4250 ne
1835 4212 1970 4267 vaga

389 4288 611 4335 exerrat
655 4278 1001 4348 conjectura,
1066 4280 1336 4335 adduntur
1388 4283 1594 4338 circum
1647 4296 1808 4355 caput
1869 4302 1969 4341 no-

2082 1830 2313 1882 necdum
2336 1829 2727 1898 comperimus.
2763 1829 3000 1885 Proximi
3029 1831 3262 1905 Georgio
3282 1845 3338 1890 et
3365 1835 3508 1892 inter
3532 1840 3646 1907 epi-

2079 1936 2271 1992 scopos
2304 1922 2480 1976 ultimi
2512 1930 2770 1977 notantur
2800 1922 3123 1992 Methodius,
3151 1929 3481 1999 Cyprianus,
3507 1932 3653 1985 Atta-

2081 2015 2243 2070 tolius
2272 2032 2287 2069 :
2321 2029 2512 2069 omnes
2561 2015 2722 2070 nobis
2772 2017 2958 2088 ignoti.
3013 2018 3145 2086 Quis
3187 2022 3330 2075 enim
3379 2034 3652 2091 poetrcmo

2078 2104 2199 2160 loco
2228 2105 2454 2160 relatum
2490 2105 2680 2160 credat
2723 2120 2844 2162 esse
2893 2108 2951 2163 S.
2987 2110 3323 2177 Anatolium,
3345 2112 3445 2167 sub
3476 2114 3652 2167 Theo-

2079 2194 2234 2249 dosio
2265 2194 2490 2252 Juuiore
2543 2199 3200 2270 Conslantinopolitanum
3229 2203 3593 2271 patriarcham
3628 2205 3652 2256 2

2078 2283 2318 2341 Primum
2342 2288 2530 2344 liceret
2562 2291 2926 2346 verosimilius
2956 2293 3178 2347 credere
3208 2306 3331 2348 esse
3378 2309 3526 2360 eum,
3555 2298 3646 2365 qui

2076 2379 2179 2433 sub
2207 2379 2266 2434 S.
2293 2379 2577 2437 Theodora
2603 2384 2987 2439 orthodoxiam
3044 2384 3320 2452 restituit;
3370 2388 3469 2443 sed
3520 2398 3649 2444 tunc

2084 2468 2360 2525 debuisset
2386 2473 2622 2543 praeponi
2660 2472 2945 2529 Philotheo
2965 2484 3020 2529 et
3053 2476 3266 2531 caeteris
3290 2478 3648 2533 intermediis.

2077 2556 2353 2613 Claudunt
2402 2575 2568 2629 porro
2599 2561 2742 2617 hanc
2775 2564 2973 2618 seriem
3022 2565 3318 2634 scriptores
3360 2581 3428 2621 ex
3459 2568 3651 2622 ordine

2076 2649 2323 2704 saeculari
2350 2653 2621 2723 quinque,
2646 2655 2753 2710 Leo
2785 2655 3064 2725 Despotes,
3095 2656 3203 2711 Leo
3226 2656 3500 2727 Magister,
3542 2658 3649 2711 Ba-

2074 2740 2230 2796 silius
2276 2739 2614 2813 Pegoriotes,
2659 2745 2926 2815 Justinus,
2959 2746 3180 2818 Sergius
3207 2765 3222 2802 :
3253 2749 3318 2804 de
3346 2750 3540 2819 quibus
3566 2752 3651 2805 oio

2075 2832 2152 2887 hil
2173 2832 2370 2890 docere
2396 2851 2638 2905 possum.

2148 2927 2408 2983 Catenam
2454 2929 2837 2999 praelaudatam
2871 2932 2923 2985 in
2960 2929 3181 2989 sinistro
3210 2934 3381 2990 latere
3411 2937 3637 3007 implent

2076 3033 2140 3073 ex
2180 3020 2369 3074 ordine
2403 3022 2705 3078 monastico
2760 3025 3054 3094 scriptores
3107 3028 3555 3099 quatuordecim.
3591 3031 3646 3085 lu

2078 3112 2163 3167 his
2224 3114 2380 3169 nobis
2415 3114 2615 3185 cogniti
2681 3124 2827 3183 sunt,
2883 3116 3118 3174 Joannes
3163 3119 3554 3187 Damascenus,
3593 3134 3647 3175 et

1992 3264 1998 3271 ,
2075 3219 2197 3259 cum
2227 3205 2331 3260 hoc
2371 3206 2577 3275 pariter
2607 3205 2872 3262 educatus
2899 3207 3124 3264 Cosmas
3143 3248 3159 3277 ,
3188 3222 3377 3280 postea
3405 3214 3648 3283 Majumm

1988 3326 1996 3351 λ
2078 3297 2389 3368 episcopus,
2418 3299 2484 3352 de
2528 3312 2637 3368 quo
2673 3313 2899 3369 agemus
2962 3300 3026 3356 l4
3074 3302 3364 3370 Octobris;
3420 3304 3647 3377 Joseph,

1976 3391 1987 3460 ξ
2075 3389 2447 3445 communiter
2482 3388 2936 3462 Hymnographus
2967 3393 3168 3449 'dictus
3199 3435 3216 3460 ,
3253 3396 3409 3466 cujus
3464 3396 3645 3452 Vitam

2074 3480 2321 3536 dedimus
2348 3497 2410 3537 tu
2435 3481 2669 3551 Aprilis;
2702 3482 3080 3553 Theophanes,
3111 3499 3475 3557 cognomento
3509 3492 3649 3548 Gra-

2072 3580 2215 3642 ptus,
2253 3574 2322 3629 ob
2354 3572 2590 3630 frontem
2629 3576 3044 3633 contumeliosis
3076 3580 3327 3637 versibus
3357 3585 3423 3638 ab
3456 3584 3645 3639 icono-

2073 3668 2269 3720 macho
2301 3664 2600 3737 Theophila
2622 3678 2924 3736 exaratam,
2955 3669 3049 3739 qui
3085 3686 3138 3726 χι
3184 3672 3434 3729 Octobris
3467 3676 3655 3741 solus,~

2071 3766 2125 3811 et
2158 3771 2375 3811 rursum
2415 3772 2539 3812 cum
2594 3758 2762 3814 fratre
2806 3759 3091 3817 Theodoro
3127 3778 3277 3818 xxv"
3329 3765 3642 3821 Decembris

2072 3856 2541 3901 commemoratur.
2560 3847 2751 3903 Cameri
2771 3852 2926 3906 nobis
2945 3852 3114 3922 ignoti
3144 3864 3294 3921 sunt,
3322 3856 3640 3926 Byzantius,

2072 3933 2383 4005 Stephanus
2414 3936 2783 4008 Hagiopolites
2808 3980 2824 4007 ,
2857 3939 3125 4012 Georgius
3176 3943 3484 4012 Siceliotes,
3550 3948 3637 4001 Si-

2071 4042 2250 4093 meon,
2278 4027 2616 4095 Philotheus,
2643 4030 2907 4088 Arsenius
2927 4075 2943 4100 ,
2984 4035 3231 4107 Babylas,
3256 4037 3493 4108 Ephrem
3542 4040 3643 4095 Ca-

2069 4118 2200 4183 riae,
2258 4120 2502 4176 Andreas
2556 4121 2804 4193 Pyrrhus
2854 4125 2970 4182 sive
3011 4128 3180 4184 Rufus
3214 4171 3229 4194 ,
3270 4140 3326 4185 et
3377 4131 3641 4188 Studites.

2069 4209 2202 4278 Quis
2244 4221 2424 4266 autem
2455 4214 2546 4268 hic
2585 4228 2681 4282 per
2713 4220 3142 4274 antonomasiam
3195 4222 3268 4275 ita
3298 4222 3474 4278 dictus
3502 4224 3525 4277 ?
3556 4202 3638 4277 Ᾰιι

2073 4317 2302 4371 magnus
2336 4302 2661 4359 Theodorus
2687 4304 2711 4358 ?
2739 4306 2809 4360 At
2840 4307 2983 4362 inter
3007 4311 3216 4379 primos
3260 4311 3425 4368 locari
3474 4331 3639 4371 merc-

390 4373 560 4439 mina,
613 4380 672 4426 ut
721 4372 898 4427 solent
940 4373 991 4427 in
1037 4370 1271 4428 nutnmis
1303 4391 1317 4430 :
1352 4382 1514 4444 atque
1562 4376 1632 4430 ita
1665 4392 1732 4431 ex
1771 4379 1959 4434 dextro
1995 4390 2041 4447 υ
2067 4370 2262 4448 δεηιᾷτῖ

395 4466 565 4521 latere
591 4464 946 4530 descendunt,
986 4463 1315 4529 Germanus,
1346 4468 1657 4534 patriarcha
1687 4469 1962 4524 Constan-

391 4557 820 4627 tinopolitanus,
857 4559 947 4626 qui
1008 4557 1202 4612 colitur
1268 4558 1336 4612 l2
1389 4557 1550 4626 Maii,
1609 4559 1733 4614 ﬁdei
1796 4576 1960 4616 causa

389 4649 491 4705 sub
514 4647 695 4704 Leone
728 4650 964 4704 Armeno
1012 4651 1142 4705 sede
1171 4665 1266 4705 sua
1314 4650 1555 4722 ejectus:
1587 4650 1958 4722 Sophrouius,

388 4743 694 4812 patriarcha
744 4740 1297 4813 Hierosolymitanus,
1349 4747 1414 4798 de
1460 4743 1614 4813 cujus
1645 4760 1834 4816 opera,
1903 4748 1959 4801 in

388 4834 736 4890 restituendis
778 4835 994 4890 Menzeis
1054 4851 1174 4890 cum
1220 4834 1278 4892 S.
1332 4835 1544 4892 Joanne
1613 4838 1957 4896 Damasceno

389 4925 653 4995 impensa,
680 4927 887 4995 egimus
918 4927 979 4981 ll
1024 4926 1201 4982 Martii
1236 4925 1598 4984 :Philotheus
1632 4931 1952 5000 patriarcha

386 5018 1144 5089 Coustantinopolitanus,ah
1175 5037 1317 5077 anno
1361 5036 1613 5097 ucccaxu
1671 5037 1843 5092 usque
1885 5023 1981 5078 ad

386 5125 529 5165 Lxxv
550 5110 789 5180 ejusdem
820 5111 998 5167 saeculi
1033 5128 1235 5181 :quem
1303 5113 1429 5168 licet
1471 5113 1950 5184 Wangnerechius

386 5212 597 5265 noster,
641 5202 694 5255 in
737 5202 872 5257 libro
904 5203 976 5257 De
1004 5202 1253 5257 Mariana
1282 5200 1586 5259 Grcecarum
1613 5206 1826 5273 pietate,
1887 5220 1953 5262 ac

386 5290 496 5348 Leo
550 5292 780 5349 Allatius
833 5294 1025 5348 merito
1085 5294 1335 5364 sugillent
1366 5333 1384 5360 ,
1417 5310 1523 5349 non
1585 5294 1756 5350 solum
1817 5295 1956 5351 schi-

388 5384 577 5438 smatis
605 5385 778 5447 titulo,
808 5384 900 5439 sed
929 5386 1091 5441 etiam
1122 5387 1394 5441 haereseos
1431 5387 1482 5440 in
1517 5386 1755 5458 Georgio
1796 5387 1952 5443 Pala-

388 5489 476 5528 ma
500 5515 518 5543 ,
556 5475 894 5532 Thaboritici
943 5477 1161 5533 luminis
1204 5490 1476 5535 assertore
1510 5518 1526 5546 ,
1562 5480 1791 5535 laudata:
1818 5520 1834 5546 ,
1888 5494 1955 5534 ne

389 5575 569 5623 tamen
592 5567 708 5638 ejus
736 5585 901 5640 opera
928 5573 1132 5639 omnia,
1156 5573 1209 5627 in
1241 5573 1455 5628 laudem
1505 5583 1822 5629 sanctorum
1857 5591 1955 5630 va-

396 5663 599 5720 riorum
645 5673 698 5721 et
753 5664 1224 5734 Iocupletationem
1280 5682 1578 5732 sacrorum,
1618 5668 1942 5739 hymnorum

2134 4483 2223 4538 26.
2259 4481 2405 4536 lnl'ra
2442 4499 2657 4550 omnes,
2694 4494 2749 4540 et
2801 4488 2956 4556 quasi
3002 4503 3229 4559 gemma:
3262 4494 3423 4547 seriei
3459 4495 3639 4549 vincu-

2064 4571 2172 4627 lum
2200 4613 2215 4639 ,
2252 4574 2476 4643 ponitur
2526 4576 2715 4631 Cassia
2741 4617 2757 4644 ,
2799 4578 2865 4633 de
2895 4595 3002 4650 qua
3055 4581 3373 4639 Theodorus
3399 4586 3634 4640 Prodro-

2066 4679 2186 4720 mus
2219 4665 2361 4736 apud
2382 4666 2642 4722 Allatium
2669 4667 2888 4725 dissert.
2924 4672 2949 4725 1
2985 4671 3051 4726 de
3074 4672 3232 4728 libris
3257 4676 3453 4731 eccles.
3487 4678 3637 4733 Grat-

2062 4768 2250 4810 corum
2306 4770 2432 4826 pag.
2473 4756 2563 4823 75,
2594 4771 2762 4829 agens
2808 4761 2876 4816 de
2908 4776 3119 4816 canone
3162 4762 3386 4820 Sabbati
3409 4769 3584 4821 sancti
3619 4785 3635 4820 :

2069 4862 2089 4896 ι
2125 4843 2273 4914 Opus
2308 4846 2526 4915 quidem
2556 4857 2661 4913 est,
2697 4850 2890 4920 inquit,
2927 4853 2993 4906 ad
3021 4851 3266 4921 quintam
3297 4855 3468 4925 ipsam
3497 4858 3634 4912 oden

2061 4936 2227 4993 Marci
2253 4938 2492 5009 episcopi
2526 4938 2892 5010 Hydruntini;
2919 4943 2987 4998 ab
3012 4960 3076 5000 ea
3104 4961 3281 5016 usque
3312 4948 3379 5002 ad
3412 4964 3631 5013 nonam,

2061 5030 2239 5100 magni
2285 5040 2460 5101 poetae
2503 5030 2750 5100 Cosmze;
2787 5036 2881 5090 sed
2918 5036 3086 5092 multo
3115 5048 3242 5094 ante
3266 5038 3551 5109 (Marcum)
3577 5052 3637 5094 ut

2060 5136 2127 5176 ex
2151 5136 2256 5176 non
2297 5123 2499 5192 scripta
2543 5124 2837 5182 traditione
2869 5126 3153 5197 discimus,
3176 5131 3371 5185 mulier
3387 5133 3632 5200 quaedam

2059 5214 2277 5276 nouilis,
2313 5222 2460 5270 casta
2491 5224 2546 5271 et
2568 5218 2741 5287 virgo,
2773 5219 2857 5274 cui
2880 5235 3076 5276 nomen
3102 5221 3330 5288 Cassiae,
3366 5224 3630 5293 ejusmodi

2059 5305 2441 5361 modulationis
2478 5308 2649 5375 prima
2690 5311 2790 5364 fuit
2838 5318 3052 5376 auctor,
3082 5321 3425 5368 etcanonem
3454 5314 3661 5403 ipsumj

2059 5397 2306 5456 absolvit.
2346 5397 2447 5465 Qui
2477 5414 2607 5455 vero
2638 5416 2760 5456 eam
2805 5404 3082 5459 subsecuti
3138 5413 3288 5469 sunt,
3324 5404 3492 5460 melos
3536 5407 3633 5458 ad-

2056 5490 2266 5556 mirati,
2294 5491 2573 5561 indignum
2604 5494 2970 5565 nihilominus
3003 5496 3314 5566 judicantes
3346 5497 3630 5579 mOuliebri-

2056 5580 2159 5635 bus
2221 5582 2563 5639 sermonibus
2633 5585 2818 5641 herois
2880 5585 3024 5642 illius
3077 5587 3287 5642 Cosmae
3350 5588 3631 5643 cautiones

2060 5671 2424 5744 conjungere,
2475 5675 2641 5733 Melas
2700 5678 2973 5735 tradentes
3034 5678 3213 5737 Marco
3244 5719 3260 5748 ,
3302 5690 3357 5737 et
3420 5681 3632 5736 hirnos
