4076 6226
890 313 982 366 AD
1018 311 1468 367 ACOLUTHIAM
1510 314 1758 370 Olt'FlCll
1797 316 2031 372 GILECI
2078 318 2538 374 DISSERTATIO
2568 319 3038 376 ONOMASTICA.

3399 341 3634 387 cccnul

359 428 769 498 consignanles,
814 429 1179 498 tropariorum
1238 433 1692 500 compositionem
1727 433 1802 486 illi
1838 434 1936 486 soli
1969 443 2010 495 Α
2046 435 2238 497 velim;
2299 435 2555 487 nimirum
2618 439 2761 503 quod
2807 452 3088 494 auctorum
3145 445 3362 496 nomina
3419 450 3664 506 sint:an

355 524 770 577 omnmiserunt.
833 541 851 574 ι
910 520 1058 578 ldent
1119 526 1187 579 de
1226 524 1446 590 Marco,
1482 525 1692 580 Cosmae
1749 542 1938 595 poema

355 617 662 687 supp!ente,
695 615 834 684 apud
871 618 1118 670 eumdem
1152 617 1408 670 Allatium
1442 618 1574 670 dicit
1605 617 1940 685 Nicephorus

357 707 644 769 Callistus,
678 706 904 769 addens,
931 708 1075 774 quod
1102 707 1190 760 ille
1225 707 1275 760 id
1304 709 1485 776 operis
1526 707 1846 776 susceperit,
1874 723 1940 760 ex

361 799 754 868 sapientissimi
816 799 1162 868 imperatoris
1221 800 1422 854 Leonis
1463 801 1744 854 mandato.
1774 801 1938 866 Atqui

360 890 471 945 Leo
513 891 767 960 Sapiens,
797 891 912 944 sive
945 890 1327 960 Philosophus,
1358 892 1646 960 imperavit
1681 894 1732 945 in
1765 892 1939 946 conli-

359 984 468 1037 niis
523 984 648 1036 noni
706 998 769 1036 ac
819 982 1019 1035 decimi
1057 983 1278 1036 saeculi:
1307 983 1533 1036 Cosmas
1575 991 1754 1035 autem
1814 999 1938 1036 cum

354 1073 563 1132 Joanne
592 1076 928 1129 Daniasceno
978 1073 1159 1126 ﬂoruit
1193 1075 1394 1128 saeculo
1437 1085 1630 1129 octavo
1659 1075 1886 1129 dimidio
1922 1094 1934 1130 :

357 1168 502 1220 unde
527 1165 899 1232 consequitur,
932 1175 991 1218 ut
1026 1164 1232 1229 Cassia,
1260 1165 1404 1218 inter
1441 1163 1691 1219 Cosmum
1720 1175 1772 1218 et
1799 1163 1939 1218 Mar-

352 1270 481 1311 cum
521 1256 718 1318 media,
752 1270 858 1307 non
891 1255 1121 1322 amplius
1157 1270 1266 1308 uuo
1293 1256 1491 1309 smculo
1523 1256 1760 1309 Marcum
1797 1271 1937 1323 pra:-

356 1352 619 1416 cesserit;
668 1350 806 1403 citra
851 1351 1279 1403 coiitroversiam
1310 1349 1613 1403 orthodoxa
1645 1391 1660 1415 ,
1700 1362 1753 1404 et
1814 1365 1939 1403 san-

357 1445 529 1497 etiore
560 1443 754 1510 Spiritu
798 1440 974 1495 aﬂlata
1006 1481 1020 1506 ,
1063 1457 1227 1511 quam
1272 1443 1361 1495 illa
1392 1442 1667 1510 quondam
1696 1442 1938 1494 celeber-

358 1537 492 1590 rima
521 1535 739 1605 Sappho
770 1576 784 1599 ,
823 1546 879 1588 ut
917 1534 1126 1589 Grzccia
1157 1535 1467 1588 Christiana
1495 1535 1677 1602 gentili
1710 1533 1936 1586 Grtccia:

355 1645 423 1682 ie
452 1630 504 1682 in
543 1631 644 1681 hoc
673 1629 891 1696 quidem
919 1629 1169 1691 cederet;
1225 1627 1382 1694 digna
1419 1626 1504 1678 illa
1543 1625 1810 1694 profecto,
1868 1625 1938 1678 de

364 1735 459 1789 qua
512 1721 664 1789 plura
720 1721 982 1772 sciantur.
1037 1717 1323 1772 Seirentttr
1375 1728 1552 1770 autem
1613 1716 1763 1785 plura
1823 1719 1934 1769 for-

2045 528 2274 597 singulis
2308 529 2611 581 cannnibus
2637 531 2841 600 prasiigi
2877 533 3074 599 solent,
3111 540 3326 590 tametsi
3360 539 3632 598 interdum

2047 629 2361 686 taceantur,
2393 623 2722 689 quandoque
2755 624 2920 678 etiam
2959 627 3304 681 acrostichitli
3343 631 3542 688 innecti
3567 640 3630 688 ad

2046 711 2227 764 ﬁnem.
2269 712 2446 780 Atque
2473 712 2585 766 haec
2615 713 2680 765 de
2720 716 3100 770 communibus
3149 721 3452 776 canonibus
3486 725 3629 778 dicta

2043 813 2228 857 SllﬂlO.

2111 916 2137 987 §
2167 915 2253 972 IV.
2283 917 2360 971 De
2387 917 2582 989 Magno
2613 936 2814 972 canone
2834 961 2848 982 ,
2889 921 3183 990 doxologiis
3207 965 3222 989 ,
3261 926 3555 990 theotociis.

2487 992 2782 1054 Catabasiu,
2813 1001 2861 1044 et
2895 993 3180 1060 apolytico.

2111 1078 2196 1132 29.
2231 1079 2285 1133 In
2317 1080 2511 1133 triodio
2547 1090 2722 1133 exstat
2758 1081 2895 1134 alius
2920 1098 3133 1152 quoque
3159 1101 3356 1150 canon,
3383 1089 3470 1156 qni
3514 1107 3628 1143 ma-

2041 1186 2176 1240 gnus
2199 1171 2522 1240 appellatur,
2563 1182 2672 1224 tum
2704 1174 3105 1239 quiaabundat
3158 1182 3445 1248 exquisitis
3498 1199 3622 1252 gra-

2041 1261 2389 1328 vissimisque
2423 1263 2744 1327 sententiis;
2780 1273 2890 1317 tum
2921 1266 3068 1335 quia,
3097 1283 3218 1322 cum
3253 1272 3620 1325 czetericano-

2043 1367 2139 1406 nes
2195 1353 2436 1421 triginta,
2498 1365 2592 1405 aut
2649 1355 2804 1422 paulo
2851 1358 3129 1424 amplius,
3170 1362 3406 1428 troparia
3445 1365 3623 1416 couti-

2043 1457 2231 1510 neanl,
2277 1447 2374 1498 iste
2399 1446 2463 1499 ad
2497 1448 2724 1500 ducenta
2745 1457 2797 1502 et
2823 1451 3216 1520 quinquaginta
3250 1455 3611 1521 progreditur.

2043 1535 2193 1601 Quod
2219 1536 2555 1604 signiﬁcatur
2597 1538 2742 1591 hisce
2774 1538 2976 1592 Triodii
3016 1542 3192 1595 verbis
3227 1559 3240 1595 :
3281 1534 3516 1611 Λέγεται
3559 1546 3618 1597 δὲ

2044 1629 2216 1698 μέγας
2257 1627 2458 1691 κανὼν,
2495 1627 2623 1690 ἴσως
2658 1629 2721 1682 ἄν
2753 1647 2838 1693 τις
2881 1632 3045 1696 εἴποι,
3072 1634 3168 1686 καὶ
3193 1635 3312 1687 κατ’
3343 1636 3512 1701 αὑτὰς
3539 1640 3627 1690 ὲν-

2040 1721 2186 1782 νοίας
2215 1721 2308 1772 καὶ
2351 1720 2420 1772 τὰ
2447 1721 2878 1792 ἐνθυμήματα...
2926 1727 3018 1778 καὶ
3040 1727 3142 1790 ὅτι,
3167 1726 3276 1778 τῶν
3295 1727 3497 1782 λοιπῶν
3531 1748 3628 1783 κα-

358 1814 538 1878 tassis,
586 1813 626 1864 si
687 1811 1023 1865 inveniretur
1075 1810 1385 1879 pra-laudati
1427 1809 1606 1862 Allatii
1670 1819 1924 1863 tractatus

2043 1813 2230 1874 νὸνων.
2260 1813 2363 1866 ἀνὰ
2391 1815 2689 1885 τριάκοντα
2734 1817 2829 1868 καὶ
2867 1819 3064 1888 μικρόν
3101 1837 3153 1870 τι
3187 1819 3324 1892 πρὸς
3351 1822 3629 1894 τροπέίρια

354 1907 432 1961 De
474 1905 699 1960 meiodis
755 1904 1091 1965 Graecorum,
1126 1918 1262 1972 Opus
1290 1903 1578 1971 allegatum
1611 1903 1680 1956 ab
1709 1914 1933 1957 auctore

354 2013 477 2068 pag.
519 1997 588 2051 8‘2
611 1998 788 2052 citata}
826 1997 1238 2051 Dissertationis
1269 2034 1284 2059 ,
1321 1996 1410 2048 ubi
1465 1995 1597 2048 satis
1646 1995 1809 2047 habet
1841 2011 1932 2050 eo-

353 2091 600 2146 rumdem
653 2091 870 2144 nomina
924 2091 1054 2142 dare
1121 2103 1294 2156 usque
1343 2089 1408 2140 ad
1477 2089 1816 2158 septuaginta
1879 2101 1934 2146 et

354 2199 519 2238 unum
549 2223 564 2250 ,
594 2197 763 2252 eaque
794 2198 900 2236 non
947 2181 1150 2246 omnia,
1185 2179 1363 2249 qualia
1426 2182 1530 2235 huc
1563 2184 1932 2238 transcribere

355 2290 462 2330 non
492 2276 780 2345 gravabor.

424 2367 511 2421 27.
548 2385 565 2417 ι
602 2366 735 2420 Sunt
762 2375 962 2429 autem,
988 2363 1272 2418 Anatolius
1297 2406 1310 2427 ,
1340 2365 1587 2420 Andreas
1617 2365 1926 2432 Cretensis,

353 2460 603 2514 Andreas
651 2459 918 2530 Pyrrhus,
948 2460 1234 2512 Anthimus
1267 2498 1281 2521 ,
1313 2458 1662 2521 Athanasius,
1694 2459 1928 2516 Basilius

359 2552 675 2615 monachus,
695 2551 922 2604 Basilius
946 2550 1250 2620 Pegoriota,
1276 2549 1452 2619 ByZaS
1469 2551 1583 2604 sive
1610 2550 1926 2621 Byzantius,

352 2643 542 2697 Cassia
607 2645 722 2697 sive
774 2643 1031 2698 Cassiana
1084 2643 1198 2698 sive
1253 2643 1424 2697 Icasia
1455 2686 1468 2709 ,
1501 2643 1929 2712 Christophorus

357 2745 784 2806 protoasecreta,
845 2733 1096 2790 Clemens
1123 2774 1139 2800 ,
1181 2733 1572 2788 Constantinus
1619 2733 1930 2804 Porpher-

352 2837 602 2897 genueta,
627 2828 874 2892 Cosmus,
901 2826 1205 2898 Cyprianus
1253 2828 1576 2891 monachus,
1613 2825 1804 2888 David,
1833 2828 1931 2880 De-

355 2920 604 2985 metrius,
633 2918 938 2972 Dorotheus
975 2920 1298 2981 monachus,
1353 2919 1668 2972 Emmanuel
1721 2918 1929 2972 Palam-

351 3009 571 3069 Iaurita,
607 3010 921 3063 Emmanuel
950 3009 1124 3077 Phile,
1159 3011 1410 3079 Ephrem,
1441 3009 1764 3080 Euthymins
1810 3024 1926 3062 mo-

350 3102 579 3164 nachus,
607 3099 847 3164 Gabriel,
874 3101 1139 3172 Georgius
1165 3100 1620 3164 Nicomediensis,
1653 3101 1917 3172 Georgius

348 3192 582 3256 Siculus,
600 3192 900 3247 Germanus
924 3195 1236 3262 patriarcha
1260 3194 1914 3265 Constantinopolitanus,

350 3284 674 3339 Hierotheus
736 3287 1059 3352 monachus,
1097 3284 1614 3355 lgnatius,Joannes
1651 3290 1926 3360 archiepi-

351 3392 547 3445 scopus
571 3418 584 3442 ,
621 3375 857 3432 Joannes
911 3378 1277 3433 Damascenus
1303 3420 1318 3444 ,
1357 3378 1595 3435 Joannes
1653 3381 1921 3438 Euehaita

351 3480 710 3540 cognomento
747 3468 1056 3539 Maurotius,
1095 3468 1334 3525 Joannes
1373 3472 1716 3540 Stanracius,
1745 3473 1916 3530 Joan-

350 3578 444 3616 nes
496 3561 763 3623 Zonaras,
806 3560 1072 3630 Josephns
1116 3561 1349 3629 Studita,
1386 3564 1631 3622 Justinus
1667 3567 1921 3635 Decadio,

344 3655 455 3711 Leo
485 3658 804 3724 imperator,
838 3655 944 3708 Leo
981 3655 1258 3724 magister,
1285 3653 1398 3710 Leo
1451 3657 1738 3728 Peganius,
1779 3659 1922 3712 Mar-

346 3763 439 3803 cus
495 3747 836 3812 monachus,
876 3745 1183 3812 Mauroleo,
1243 3745 1551 3803 Methodius
1601 3759 1748 3819 patr.
1815 3751 1919 3806 CP.

346 3837 749 3906 Metrophanes,
776 3835 1005 3889 Michael
1027 3835 1252 3900 Psellus,
1287 3835 1616 3905 Nicephorus
1644 3825 1918 3906 Callistus,

346 3931 558 3984 Nicetas
609 3929 952 3993 ileraclcota,
985 3929 1199 3983 Nicetas
1227 3930 1543 3987 Stecltatius
1572 3972 1587 3996 ,
1629 3933 1918 4000 Nicolaus,

345 4023 496 4076 NlilIS
543 4021 882 4092 Xantopolus
909 4063 922 4086 ,
956 4022 1156 4077 Paulus
1191 4025 1507 4079 Ammonius
1533 4064 1549 4090 ,
1603 4025 1918 4097 Philippus,

343 4115 658 4170 Philotheus
713 4126 855 4186 patr.
913 4114 1018 4170 CP.
1053 4115 1277 4171 Photius
1328 4121 1658 4184 monachus,
1693 4118 1920 4176 Photius

341 4219 484 4276 patr.
528 4207 660 4272 CP.,
689 4206 988 4276 Procopius
1013 4207 1769 4279 chartopltylaxhRomanus,
1796 4210 1918 4264 Ste-

343 4304 555 4368 pltauus
602 4297 940 4370 Hagiopolita
967 4339 982 4364 ,
1019 4297 1333 4368 Stephanus
1381 4301 1601 4354 Sabaita
1631 4342 1646 4364 ,
1686 4301 1914 4370 Sergius

340 4390 702 4460 llagi0p0lita,
737 4390 1077 4460 Sophronius
1099 4403 1238 4460 patr.
1280 4391 1566 4458 llierosol.,
1594 4393 1912 4449 Theodorus

2042 1904 2294 1972 ἐχόντων,
2341 1897 2496 1968 οὗτος
2544 1907 2622 1968 εἰς
2655 1906 2902 1960 διακόσια
2948 1909 3042 1962 καὶ
3079 1913 3416 1982 πεντήκοντα
3444 1914 3625 1984 πρόει-

2044 2009 2148 2044 σιν.
2189 1993 2293 2045 Sed
2351 1993 2536 2060 quidni
2588 1995 2704 2063 ejus
2760 1998 2985 2049 canonis
3040 2011 3318 2054 auctorem
3364 2012 3419 2054 et
3466 2019 3626 2070 argn-

2043 2094 2279 2136 meututa
2316 2098 2380 2137 ex
2416 2086 2604 2137 eodem
2659 2087 2752 2140 iilo
2799 2086 3020 2142 Triodio
3074 2091 3340 2144 declarem
3370 2092 3392 2144 ?
3424 2092 3633 2164 Τοῦτ-οη

2039 2175 2146 2226 τῶν
2170 2175 2338 2238 ὅντως
2375 2177 2611 2230 κανόνων
2668 2178 2923 2247 μέγιστον
2973 2181 3227 2234 ἁπάντων
3256 2184 3490 2254 ἀρίστως
3531 2186 3624 2237 καὶ

2038 2267 2370 2338 τεχνηέντως
2423 2270 2725 2340 ἡρμόσατο,
2773 2272 2867 2324 καὶ
2907 2274 3245 2343 συνέγραψεν
3286 2279 3313 2328 6
3349 2278 3406 2329 ὲν
3450 2278 3624 2345 ἁγίοις

2040 2359 2229 2429 Πατὴρ
2266 2359 2422 2430 ἡμῶν
2461 2361 2735 2431 Ἀνδρέας,
2771 2365 2798 2415 6
2850 2365 3279 2435 ἀρχιεπίσκοπος
3314 2370 3559 2440 Κρήτης,
3597 2371 3626 2421 ὁ

2039 2451 2132 2502 καὶ
2170 2451 2606 2524 Ἱεροσολυμίτης
2629 2454 3045 2525 ὀνομαζόμενος,
3086 2458 3144 2520 ὃς
3169 2457 3394 2530 ὥρμητο
3423 2461 3518 2529 μὲν
3560 2462 3624 2512 ἐκ

2038 2543 2453 2614 Δαμασκοῦ.....
2479 2546 2666 2598 Πᾶσαν
2691 2546 2800 2618 γὰρ
2829 2549 3074 2612 Παλαιᾶς
3103 2553 3196 2603 καὶ
3216 2552 3360 2615 Νέας
3381 2554 3624 2625 ἱστορίαν

2037 2637 2314 2708 Διαθήκης
2335 2639 2745 2708 ἐρανισὰμενος,
2783 2642 2877 2693 και¹
2905 2642 3184 2713 ἀθροίσας,
3225 2645 3286 2696 τὸ
3328 2646 3499 2716 παρὸν
3527 2649 3622 2717 ήρο

2041 2729 2244 2798 μὸσατο
2301 2731 2482 2800 μέλος,
2531 2733 2639 2784 ἀπὸ
2688 2728 2860 2804 Ἀδὰμ
2910 2734 3108 2805 δηλαδὴ
3147 2736 3307 2807 μέχρι
3329 2740 3424 2791 καὶ
3455 2739 3622 2810 αὐτῆς

2037 2821 2273 2890 Χριστοῦ
2303 2822 2644 2894 ἀναλήψεως,
2680 2825 2773 2877 καὶ
2805 2823 2901 2876 τοῦ
2937 2825 3046 2877 τῶν
3091 2827 3405 2881 ἀποστόλων
3448 2831 3622 2900 κηρύ-

2035 2928 2264 2982 γματος.
2302 2913 2677 2984 Προτρέπεται
2714 2914 2846 2984 γοῦν
2873 2915 2964 2968 διὰ
2994 2917 3185 2970 τούτου
3216 2921 3394 2972 πᾶσαν
3423 2920 3621 2992 ψυχὴν,

2036 3003 2135 3056 ὅσα
2180 3004 2277 3073 μὲν
2311 3005 2490 3070 ἀγαθὰ
2528 3007 2625 3075 τῆς
2676 3006 2915 3077 ἱστορίας
2963 3008 3158 3079 ζηλοῦν
3197 3013 3292 3064 καὶ
3338 3013 3620 3082 μιμεῖσθαι

2036 3095 2172 3165 πρὸς
2198 3096 2448 3166 δύναμιν·
2499 3097 2599 3150 ὅσα
2629 3097 2686 3150 δὲ
2727 3099 2834 3152 τῶν
2867 3099 3086 3169 φαύλων
3137 3103 3492 3172 ἀποφεύγειν,
3529 3107 3617 3159 καὶ

2039 3190 2126 3241 ἀεὶ
2157 3190 2290 3260 πρὸς
2313 3191 2443 3243 Θεὸν
2461 3191 2776 3262 ἀνατρέχειν
2797 3193 2884 3246 διὰ
2904 3195 3210 3264 μετανοίας,
3240 3196 3326 3249 διὰ
3349 3196 3620 3267 δακρύων,

2032 3283 2124 3335 καὶ
2147 3281 2608 3352 ἐξομολογήσεως,
2628 3285 2720 3336 καὶ
2753 3286 2856 3354 τῆς
2883 3287 3047 3356 ἄλλης
3077 3287 3316 3357 δηλονότι
3333 3289 3608 3360 εὐαριστή.

2030 3393 2186 3438 σεως.
2222 3375 2366 3446 Πλὴν
2398 3377 2478 3439 εἰς
2512 3376 2765 3428 τοσοῦτόν
2809 3378 2958 3430 ἐστιν
2985 3377 3179 3449 εὔρους
3223 3382 3316 3433 καὶ
3351 3381 3617 3452 ἐμμελὴς.

2025 3467 2101 3530 ὡς
2131 3469 2224 3520 καὶ
2254 3467 2426 3538 αὐτὴν
2453 3468 2552 3538 τὴν
2598 3467 2970 3538 σκληροτέραν
2997 3468 3173 3540 ψυχὴν
3209 3470 3407 3534 ἱκανῶς
3442 3471 3618 3541 μαλά-

2029 3560 2137 3625 ξαι,
2169 3561 2264 3612 καὶ
2318 3562 2453 3630 πρὸς
2482 3559 2750 3630 ἀνάληψιν
2797 3561 3004 3628 ἁγαθοῦ
3049 3561 3333 3633 διεγεῖραι,
3361 3564 3409 3615 εἰ
3460 3564 3617 3634 μόνον

2031 3653 2170 3722 μετὰ
2195 3651 2666 3723 συντετριμμένης
2696 3651 2924 3723 καρδίας
2945 3653 3040 3705 καὶ
3073 3652 3349 3723 προσοχῆς
3384 3653 3616 3724 ἀνηκού-

2028 3763 2128 3818 σης
2148 3744 2423 3814 ψάλλοιτο.
2461 3744 2612 3811 Quod
2643 3745 2720 3799 sic
2755 3743 2950 3798 Latine
2984 3748 3145 3800 reddo
3169 3761 3187 3798 :

2101 3855 2120 3887 ‹
2163 3836 2316 3890 Hunc
2350 3850 2479 3888 vere
2531 3850 2597 3888 ex
2641 3835 2894 3889 omnibus
2943 3837 3244 3892 canonibus
3293 3841 3611 3905 maximum,

2023 3930 2230 3997 Optime
2271 3928 2675 3995 artiticioseque
2712 3930 2886 3981 texuit
2920 3939 3082 3997 atque
3124 3934 3453 3999 conscripsit
3482 3951 3609 3988 san-

2023 4032 2146 4076 ctus
2187 4021 2349 4075 Pater
2402 4028 2590 4073 noster
2631 4020 2898 4085 Andreas,
2935 4021 3205 4075 Cretensis
3245 4025 3610 4092 archiepisco-

2024 4131 2143 4184 pus,
2197 4125 2555 4184 cognomento
2605 4114 3153 4186 llierosolymitanus,
3219 4130 3283 4168 ex
3344 4117 3608 4175 Damaer

2021 4208 2380 4263 oriundus....
2417 4208 2686 4265 Universa
2716 4211 2862 4263 enim
2893 4208 3102 4278 antiqui
3145 4219 3196 4263 et
3230 4211 3352 4264 novi
3389 4211 3607 4267 hederis

2023 4302 2275 4364 historia,
2301 4312 2486 4357 coacta
2509 4303 2560 4356 in
2599 4318 2790 4366 unum,
2819 4303 2885 4354 ab
2906 4302 3116 4356 Adamo
3147 4318 3316 4372 usque
3355 4305 3421 4356 ad
3447 4303 3606 4358 Chri~

2021 4395 2088 4448 sti
2137 4411 2430 4449 ascensum
2472 4395 2950 4466 apostolorumque
2990 4396 3456 4462 prtedicationem,
3499 4397 3603 4451 hoe

339 4485 632 4556 (Imtouita,
657 4483 978 4538 Theodorus
1003 4483 1616 4549 Studitaﬁ'l‘heodosius
1635 4484 1911 4552 Lascaris,
1949 4495 1993 4550 D
2023 4496 2342 4556 perpetuum
2381 4489 2657 4542 canticum
2705 4486 2951 4541 deduxit.
2985 4486 3323 4541 Adhortatur
3351 4502 3479 4558 ergo
3510 4504 3604 4556 per

339 4574 679 4630 Theodosius
723 4573 980 4646 Syceota,
1010 4573 1397 4644 Theophanes,
1430 4575 1770 4646 TheOphilus
1810 4579 1917 4634 im-

337 4681 578 4740 perator,
607 4669 902 4724 Timoclcs.
937 4689 956 4720 ι

404 4760 493 4815 28.
551 4759 822 4817 Hactenus
854 4762 1116 4829 Allatius,
1148 4764 1241 4820 sed
1277 4765 1468 4822 ordine
1515 4767 1661 4823 nullo
1697 4786 1710 4821 :
1750 4783 1913 4839 quem

334 4869 458 4923 ego,
509 4863 562 4907 ut
620 4857 956 4910 commodior
988 4866 1157 4921 esset,
1207 4857 1606 4928 alphabeticum
1646 4861 1796 4925 feci;
1845 4862 1916 4915 li-

335 4946 553 5000 bentius
603 4946 892 5019 utiliusque
937 4949 1378 5021 chronologicnm
1444 4951 1690 5018 daturus,
1744 4957 1788 5009 si
1849 4956 1914 5009 de

333 5038 564 5108 singulis
592 5039 928 5094 haberentur
977 5041 1298 5096 documenta
1331 5043 1542 5097 idonea.
1572 5045 1638 5098 Et
1665 5045 1777 5100 haec
1807 5047 1913 5100 alia

335 5130 506 5196 possit
540 5144 660 5184 esse
721 5145 886 5185 causa
947 5133 1209 5202 optandi,
1255 5144 1311 5187 ut
1364 5133 1614 5188 alicunde
1683 5140 1912 5205 prodeat

334 5221 706 5291 prmlaudatus
735 5223 800 5277 de
819 5221 1130 5278 Graecorum
1163 5225 1387 5280 melodis
1441 5234 1730 5283 tractatus.
1761 5228 1909 5281 lnte-

335 5312 436 5366 rim
489 5313 678 5367 iisdem
718 5316 912 5369 merito
966 5316 1406 5374 adnumerandus
1457 5323 1763 5390 suggeritur
1822 5336 1912 5375 uo-

335 5403 571 5459 minatus
629 5421 792 5476 supra
856 5408 1172 5463 Theodorus
1225 5409 1558 5465 Prodromus
1615 5413 1704 5482 qui
1768 5412 1913 5480 ipsos

335 5508 576 5549 canones
633 5499 839 5565 primus
909 5502 1329 5556 commentando
1381 5504 1683 5572 exposuit;
1748 5503 1908 5559 Nice-

334 5586 505 5656 phoro
535 5585 862 5658 Blen'nnidze,
900 5592 952 5646 in
993 5602 1132 5646 orat.
1179 5595 1202 5645 1
1243 5595 1307 5647 de
1348 5610 1590 5664 process.
1625 5595 1682 5648 S.
1735 5595 1912 5664 Spiri-

334 5687 437 5734 tus.
471 5679 588 5731 ideo
612 5679 786 5735 dictus
807 5685 834 5734 6
864 5683 971 5736 τῶν
1002 5686 1162 5757 ἱερῶν
1189 5685 1442 5739 Κανὸνων
1468 5687 1681 5758 πρῶτος
1723 5703 1907 5757 σαφηα

333 5768 543 5833 νιστήςο
587 5771 680 5826 Est
705 5785 754 5828 cl
781 5776 950 5843 aliud,
1005 5778 1071 5832 de
1118 5793 1226 5848 quo
1287 5788 1339 5836 te
1372 5779 1902 5851 monitunt,_lector,

2024 4577 2127 4632 hoc
2152 4593 2371 4632 omnem
2402 4579 2664 4641 animam,
2689 4587 2747 4630 ut
2791 4593 2911 4647 quae
2935 4577 2985 4631 in
3021 4579 3369 4632 historiarum
3406 4595 3601 4630 tuomt-

2024 4668 2226 4721 mentis
2277 4669 2452 4720 cernit
2483 4682 2600 4721 esse
2630 4669 2767 4719 bona
2819 4678 2872 4720 et
2905 4666 3217 4732 laudabilia,
3248 4681 3310 4719 ea
3343 4683 3440 4733 pro
3474 4667 3602 4718 viri-

2020 4757 2121 4813 bus
2183 4769 2456 4824 sectetur;
2483 4776 2602 4830 qnte
2637 4759 2800 4823 mala,
2837 4759 3005 4828 fugiat
3032 4768 3086 4812 et
3115 4771 3428 4826 aversetur;
3455 4775 3599 4813 sern-

2019 4867 2226 4921 perqne
2271 4853 2338 4905 ad
2388 4851 2556 4905 Deum
2594 4861 2836 4907 recurrat
2869 4866 2964 4920 per
3000 4852 3449 4920 resipiscentiam,
3503 4868 3600 4920 per

2019 4943 2285 5014 lacrymas
2304 4984 2318 5009 ,
2355 4960 2451 5012 per
2483 4945 2803 5000 delictorum
2840 4947 3256 5013 confessionem,
3286 4957 3340 5001 et
3367 4963 3467 5015 per
3492 4947 3598 5001 alia

2019 5034 2327 5100 huiusmodi
2364 5037 2608 5104 placandi
2642 5039 2806 5091 divini
2847 5037 3090 5093 numinis
3144 5039 3475 5108 adjumenta.
3507 5040 3598 5094 Et-

2017 5129 2162 5181 enim
2197 5127 2283 5181 hic
2309 5143 2482 5182 canon
2512 5138 2618 5182 tam
2645 5127 2840 5183 ﬂuidus
2871 5139 2956 5184 est
2997 5139 3213 5198 tamque
3249 5141 3472 5202 argutus
3494 5172 3510 5192 ,
3542 5141 3598 5184 nt

2019 5230 2250 5273 utentem
2275 5219 2440 5273 etiam
2465 5221 2736 5274 duriorem
2763 5223 2895 5275 satis
2920 5221 3181 5288 emolliat,
3202 5231 3254 5276 et
3278 5225 3342 5276 ad
3365 5239 3596 5293 sequcn-l

2017 5313 2143 5366 dum
2194 5313 2482 5366 honestum
2536 5315 2902 5382 decorumque
2931 5315 3155 5379 excitet,
3211 5316 3372 5370 modo
3412 5317 3594 5369 animo

2018 5408 2251 5462 contrito
2285 5417 2340 5462 et
2377 5408 2554 5463 debita
2592 5423 2714 5464 cum
2745 5409 3051 5464 attentione
3077 5409 3360 5479 pSaHatur.
3401 5427 3420 5458 ι
3461 5411 3593 5475 Quae

2017 5497 2232 5567 quidem
2266 5501 2494 5555 attentio
2528 5516 2596 5555 ne
2637 5501 2810 5567 desit,
2857 5508 3110 5554 cantatur
3149 5499 3314 5563 lente,
3340 5514 3475 5553 sono
3509 5499 3591 5551 lu~

2017 5591 2212 5660 gubri,
2263 5603 2317 5645 et
2368 5595 2539 5646 ternis
2600 5595 2664 5646 ad
2713 5592 2948 5660 troparia
3009 5591 3216 5659 singula
3266 5592 3589 5658 prostratio-

2019 5683 2194 5736 nibus.

2088 5778 2175 5833 50.
2215 5775 2446 5848 Tempus
2471 5788 2796 5849 autem,quo
2842 5776 3064 5848 Magnus
3094 5777 3180 5833 ille
3214 5791 3383 5833 canon
3411 5777 3464 5832 in
3493 5789 3586 5832 ec-

3653 851 3663 893 l
