  <div class='ocr_page' id='page_1' title='image "/cluster/home/n/w/nwhite01/storage/ocr_20150623/29/mdp.39015012934371/333.png"; bbox 0 0 4076 6226; ppageno 0'>
   <div class='ocr_carea' id='block_1_1' title="bbox 417 295 643 337">
    <p class='ocr_par' dir='ltr' id='par_1_1' title="bbox 417 295 643 337">
     <span class='ocr_line' id='line_1_1' title="bbox 417 295 643 337; baseline -0.013 -2"><span class='ocrx_word' id='word_1_1' title='bbox 417 295 643 337; x_wconf 68' lang='grc' dir='ltr'><strong>(30ῦίῐὶῚῖ</strong></span> 
     </span>
    </p>
   </div>
   <div class='ocr_carea' id='block_1_2' title="bbox 1753 277 2290 338">
    <p class='ocr_par' dir='ltr' id='par_1_2' title="bbox 1753 277 2290 338">
     <span class='ocr_line' id='line_1_2' title="bbox 1753 277 2290 338; baseline -0.006 -2"><span class='ocrx_word' id='word_1_2' title='bbox 1753 277 2266 338; x_wconf 69' lang='grc' dir='ltr'><strong>ΡΗΟΙΛίϐΟΜΕΝᾹ</strong></span> <span class='ocrx_word' id='word_1_3' title='bbox 2277 317 2290 333; x_wconf 94' lang='grc'><strong>.</strong></span> 
     </span>
    </p>
   </div>
   <div class='ocr_carea' id='block_1_3' title="bbox 417 389 3674 470">
    <p class='ocr_par' dir='ltr' id='par_1_3' title="bbox 417 389 3674 470">
     <span class='ocr_line' id='line_1_3' title="bbox 417 389 3674 470; baseline -0.002 -17"><span class='ocrx_word' id='word_1_4' title='bbox 417 400 587 455; x_wconf 85' lang='lat' dir='ltr'><strong>clesia</strong></span> <span class='ocrx_word' id='word_1_5' title='bbox 633 398 942 453; x_wconf 85' lang='lat' dir='ltr'><strong>recitandus</strong></span> <span class='ocrx_word' id='word_1_6' title='bbox 985 407 1067 452; x_wconf 82' lang='lat' dir='ltr'><strong>est</strong></span> <span class='ocrx_word' id='word_1_7' title='bbox 1117 407 1260 452; x_wconf 85' lang='lat' dir='ltr'><strong>totus</strong></span> <span class='ocrx_word' id='word_1_8' title='bbox 1288 397 1434 468; x_wconf 84' lang='lat' dir='ltr'><strong>(nam</strong></span> <span class='ocrx_word' id='word_1_9' title='bbox 1467 413 1564 468; x_wconf 85' lang='lat' dir='ltr'><strong>per</strong></span> <span class='ocrx_word' id='word_1_10' title='bbox 1591 409 1770 470; x_wconf 83' lang='lat' dir='ltr'><strong>partes</strong></span> <span class='ocrx_word' id='word_1_11' title='bbox 1799 401 1993 455; x_wconf 82' lang='lat' dir='ltr'><strong>recila-</strong></span> <span class='ocrx_word' id='word_1_12' title='bbox 2025 407 2070 460; x_wconf 77' lang='grc' dir='ltr'>Α</span> <span class='ocrx_word' id='word_1_13' title='bbox 2101 401 2172 454; x_wconf 84' lang='grc' dir='ltr'>ιὶο</span> <span class='ocrx_word' id='word_1_14' title='bbox 2217 395 2409 467; x_wconf 83' lang='lat' dir='ltr'><strong>major.</strong></span> <span class='ocrx_word' id='word_1_15' title='bbox 2456 395 2663 452; x_wconf 65' lang='lat' dir='ltr'><strong>Praeter</strong></span> <span class='ocrx_word' id='word_1_16' title='bbox 2692 395 2960 464; x_wconf 87' lang='lat' dir='ltr'><strong>duplicem</strong></span> <span class='ocrx_word' id='word_1_17' title='bbox 2992 394 3152 448; x_wconf 73' lang='lat' dir='ltr'><strong>iatam</strong></span> <span class='ocrx_word' id='word_1_18' title='bbox 3184 389 3526 462; x_wconf 80' lang='grc' dir='ltr'>Δοξολογιαν,</span> <span class='ocrx_word' id='word_1_19' title='bbox 3556 410 3674 450; x_wconf 82' lang='lat' dir='ltr'><strong>ma-</strong></span> 
     </span>
    </p>
   </div>
   <div class='ocr_carea' id='block_1_4' title="bbox 421 489 1990 560">
    <p class='ocr_par' dir='ltr' id='par_1_4' title="bbox 421 489 1990 560">
     <span class='ocr_line' id='line_1_4' title="bbox 421 489 1990 560; baseline -0.001 -15"><span class='ocrx_word' id='word_1_20' title='bbox 421 498 512 545; x_wconf 84' lang='lat' dir='ltr'><strong>tur</strong></span> <span class='ocrx_word' id='word_1_21' title='bbox 546 491 715 558; x_wconf 89' lang='lat' dir='ltr'><strong>prima</strong></span> <span class='ocrx_word' id='word_1_22' title='bbox 749 489 1580 560; x_wconf 73' lang='lat' dir='ltr'><strong>Quadragesima:hebdomada),</strong></span> <span class='ocrx_word' id='word_1_23' title='bbox 1607 491 1914 560; x_wconf 85' lang='lat' dir='ltr'><strong>assignatur</strong></span> <span class='ocrx_word' id='word_1_24' title='bbox 1939 491 1990 544; x_wconf 87' lang='lat' dir='ltr'><strong>itt</strong></span> 
     </span>
    </p>
   </div>
   <div class='ocr_carea' id='block_1_5' title="bbox 423 580 1993 654">
    <p class='ocr_par' dir='ltr' id='par_1_5' title="bbox 423 580 1993 654">
     <span class='ocr_line' id='line_1_5' title="bbox 423 580 1993 654; baseline 0.001 -21"><span class='ocrx_word' id='word_1_25' title='bbox 423 582 620 635; x_wconf 90' lang='lat' dir='ltr'><strong>triodio</strong></span> <span class='ocrx_word' id='word_1_26' title='bbox 671 580 899 650; x_wconf 78' lang='lat' dir='ltr'><strong>aliisque</strong></span> <span class='ocrx_word' id='word_1_27' title='bbox 954 580 1105 634; x_wconf 85' lang='lat' dir='ltr'><strong>libris</strong></span> <span class='ocrx_word' id='word_1_28' title='bbox 1141 581 1525 637; x_wconf 78' lang='lat' dir='ltr'><strong>ecclesiasticis</strong></span> <span class='ocrx_word' id='word_1_29' title='bbox 1573 583 1861 654; x_wconf 80' lang='grc' dir='ltr'>ήπέμπτη</span> <span class='ocrx_word' id='word_1_30' title='bbox 1894 583 1993 652; x_wconf 79' lang='grc' dir='ltr'><strong>τῆς</strong></span> 
     </span>
    </p>
   </div>
   <div class='ocr_carea' id='block_1_6' title="bbox 421 670 1991 742">
    <p class='ocr_par' dir='ltr' id='par_1_6' title="bbox 421 670 1991 742">
     <span class='ocr_line' id='line_1_6' title="bbox 421 670 1991 742; baseline 0.003 -20"><span class='ocrx_word' id='word_1_31' title='bbox 421 670 678 741; x_wconf 81' lang='grc' dir='ltr'><strong>πέμπτης</strong></span> <span class='ocrx_word' id='word_1_32' title='bbox 725 671 1014 742; x_wconf 77' lang='grc' dir='ltr'>ἑϐδομάδος</span> <span class='ocrx_word' id='word_1_33' title='bbox 1066 672 1165 741; x_wconf 76' lang='grc' dir='ltr'><strong>τῆς</strong></span> <span class='ocrx_word' id='word_1_34' title='bbox 1215 673 1690 742; x_wconf 81' lang='grc' dir='ltr'>Τεσσαρακοστῆς,</span> <span class='ocrx_word' id='word_1_35' title='bbox 1745 674 1844 727; x_wconf 80' lang='lat' dir='ltr'><strong>hoc</strong></span> <span class='ocrx_word' id='word_1_36' title='bbox 1887 684 1991 738; x_wconf 88' lang='lat' dir='ltr'><strong>est,</strong></span> 
     </span>
    </p>
   </div>
   <div class='ocr_carea' id='block_1_7' title="bbox 343 761 1989 834">
    <p class='ocr_par' dir='ltr' id='par_1_7' title="bbox 343 761 1989 834">
     <span class='ocr_line' id='line_1_7' title="bbox 343 761 1989 834; baseline 0.003 -23"><span class='ocrx_word' id='word_1_37' title='bbox 343 775 354 786; x_wconf 86' lang='lat'><strong>&#39;</strong></span> <span class='ocrx_word' id='word_1_38' title='bbox 429 781 446 811; x_wconf 77' lang='grc' dir='ltr'><strong>ι</strong></span> <span class='ocrx_word' id='word_1_39' title='bbox 475 761 606 815; x_wconf 83' lang='lat' dir='ltr'><strong>feria</strong></span> <span class='ocrx_word' id='word_1_40' title='bbox 632 764 818 830; x_wconf 89' lang='lat' dir='ltr'><strong>quinta</strong></span> <span class='ocrx_word' id='word_1_41' title='bbox 855 766 1055 832; x_wconf 72' lang='lat' dir='ltr'><strong>quinta:</strong></span> <span class='ocrx_word' id='word_1_42' title='bbox 1090 765 1989 834; x_wconf 64' lang='lat' dir='ltr'><strong>ltebdomadtequadragesimalis.»</strong></span> 
     </span>
    </p>
   </div>
   <div class='ocr_carea' id='block_1_8' title="bbox 422 849 1996 924">
    <p class='ocr_par' dir='ltr' id='par_1_8' title="bbox 422 849 1996 924">
     <span class='ocr_line' id='line_1_8' title="bbox 422 849 1996 924; baseline 0.006 -26"><span class='ocrx_word' id='word_1_43' title='bbox 422 863 542 917; x_wconf 69' lang='lat' dir='ltr'><strong>qum</strong></span> <span class='ocrx_word' id='word_1_44' title='bbox 569 849 706 902; x_wconf 89' lang='lat' dir='ltr'><strong>hanc</strong></span> <span class='ocrx_word' id='word_1_45' title='bbox 727 849 796 902; x_wconf 89' lang='lat' dir='ltr'><strong>ob</strong></span> <span class='ocrx_word' id='word_1_46' title='bbox 823 865 1043 903; x_wconf 85' lang='lat' dir='ltr'><strong>causam</strong></span> <span class='ocrx_word' id='word_1_47' title='bbox 1075 867 1102 903; x_wconf 90' lang='lat' dir='ltr'><strong>a</strong></span> <span class='ocrx_word' id='word_1_48' title='bbox 1127 852 1330 906; x_wconf 60' lang='lat' dir='ltr'><strong>Gra’cis</strong></span> <span class='ocrx_word' id='word_1_49' title='bbox 1357 853 1616 918; x_wconf 80' lang='lat' dir='ltr'><strong>peculiari</strong></span> <span class='ocrx_word' id='word_1_50' title='bbox 1641 854 1996 924; x_wconf 77' lang='lat' dir='ltr'><strong>appellatione</strong></span> 
     </span>
    </p>
   </div>
   <div class='ocr_carea' id='block_1_9' title="bbox 425 939 1995 1012">
    <p class='ocr_par' dir='ltr' id='par_1_9' title="bbox 425 939 1995 1012">
     <span class='ocr_line' id='line_1_9' title="bbox 425 939 1995 1012; baseline 0.006 -23"><span class='ocrx_word' id='word_1_51' title='bbox 425 939 621 993; x_wconf 88' lang='lat' dir='ltr'><strong>dicitur</strong></span> <span class='ocrx_word' id='word_1_52' title='bbox 657 939 850 993; x_wconf 79' lang='lat' dir='ltr'><strong>festum</strong></span> <span class='ocrx_word' id='word_1_53' title='bbox 881 941 974 993; x_wconf 81' lang='grc' dir='ltr'><strong>τοῦ</strong></span> <span class='ocrx_word' id='word_1_54' title='bbox 1000 941 1235 1012; x_wconf 79' lang='grc' dir='ltr'><strong>μεγάλου</strong></span> <span class='ocrx_word' id='word_1_55' title='bbox 1254 942 1502 1008; x_wconf 85' lang='grc' dir='ltr'><strong>κανόνος,</strong></span> <span class='ocrx_word' id='word_1_56' title='bbox 1538 944 1807 998; x_wconf 81' lang='lat' dir='ltr'><strong>interdum</strong></span> <span class='ocrx_word' id='word_1_57' title='bbox 1833 946 1995 998; x_wconf 89' lang='lat' dir='ltr'><strong>ctiam</strong></span> 
     </span>
    </p>
   </div>
   <div class='ocr_carea' id='block_1_10' title="bbox 425 1029 1997 1100">
    <p class='ocr_par' dir='ltr' id='par_1_10' title="bbox 425 1029 1997 1100">
     <span class='ocr_line' id='line_1_10' title="bbox 425 1029 1997 1100; baseline 0.005 -19"><span class='ocrx_word' id='word_1_58' title='bbox 425 1029 650 1100; x_wconf 83' lang='grc' dir='ltr'><strong>πέμπτη</strong></span> <span class='ocrx_word' id='word_1_59' title='bbox 678 1029 772 1082; x_wconf 80' lang='grc' dir='ltr'>τοῦ</span> <span class='ocrx_word' id='word_1_60' title='bbox 808 1031 1047 1094; x_wconf 83' lang='grc' dir='ltr'><strong>κανόνος.</strong></span> <span class='ocrx_word' id='word_1_61' title='bbox 1084 1031 1236 1087; x_wconf 90' lang='lat' dir='ltr'><strong>Unde</strong></span> <span class='ocrx_word' id='word_1_62' title='bbox 1269 1049 1371 1087; x_wconf 91' lang='lat' dir='ltr'><strong>uon</strong></span> <span class='ocrx_word' id='word_1_63' title='bbox 1404 1034 1674 1087; x_wconf 89' lang='lat' dir='ltr'><strong>immerito</strong></span> <span class='ocrx_word' id='word_1_64' title='bbox 1713 1049 1742 1087; x_wconf 90' lang='lat' dir='ltr'><strong>a</strong></span> <span class='ocrx_word' id='word_1_65' title='bbox 1780 1033 1997 1089; x_wconf 84' lang='lat' dir='ltr'><strong>Gretse-</strong></span> 
     </span>
    </p>
   </div>
   <div class='ocr_carea' id='block_1_11' title="bbox 426 1123 1994 1193">
    <p class='ocr_par' dir='ltr' id='par_1_11' title="bbox 426 1123 1994 1193">
     <span class='ocr_line' id='line_1_11' title="bbox 426 1123 1994 1193; baseline 0.003 -18"><span class='ocrx_word' id='word_1_66' title='bbox 426 1137 486 1176; x_wconf 90' lang='lat' dir='ltr'><strong>ro</strong></span> <span class='ocrx_word' id='word_1_67' title='bbox 515 1133 699 1176; x_wconf 89' lang='lat' dir='ltr'><strong>nostro</strong></span> <span class='ocrx_word' id='word_1_68' title='bbox 727 1124 1139 1192; x_wconf 83' lang='lat' dir='ltr'><strong>reprehenditur</strong></span> <span class='ocrx_word' id='word_1_69' title='bbox 1167 1123 1359 1178; x_wconf 82' lang='lat' dir='ltr'><strong>Junius</strong></span> <span class='ocrx_word' id='word_1_70' title='bbox 1379 1163 1394 1187; x_wconf 94' lang='lat'><strong>,</strong></span> <span class='ocrx_word' id='word_1_71' title='bbox 1422 1124 1564 1193; x_wconf 92' lang='lat' dir='ltr'><strong>quod</strong></span> <span class='ocrx_word' id='word_1_72' title='bbox 1596 1124 1764 1191; x_wconf 88' lang='lat' dir='ltr'><strong>dicat,</strong></span> <span class='ocrx_word' id='word_1_73' title='bbox 1802 1128 1994 1181; x_wconf 89' lang='lat' dir='ltr'><strong>festum</strong></span> 
     </span>
    </p>
   </div>
   <div class='ocr_carea' id='block_1_12' title="bbox 426 1214 1996 1282">
    <p class='ocr_par' dir='ltr' id='par_1_12' title="bbox 426 1214 1996 1282">
     <span class='ocr_line' id='line_1_12' title="bbox 426 1214 1996 1282; baseline 0.001 -15"><span class='ocrx_word' id='word_1_74' title='bbox 426 1214 604 1282; x_wconf 89' lang='lat' dir='ltr'><strong>magni</strong></span> <span class='ocrx_word' id='word_1_75' title='bbox 641 1216 866 1269; x_wconf 81' lang='lat' dir='ltr'><strong>canonis</strong></span> <span class='ocrx_word' id='word_1_76' title='bbox 897 1231 1017 1268; x_wconf 86' lang='lat' dir='ltr'><strong>esse</strong></span> <span class='ocrx_word' id='word_1_77' title='bbox 1067 1217 1404 1270; x_wconf 85' lang='lat' dir='ltr'><strong>Dominicam</strong></span> <span class='ocrx_word' id='word_1_78' title='bbox 1453 1217 1808 1271; x_wconf 69' lang='lat' dir='ltr'><strong>orthodoxiaa.</strong></span> <span class='ocrx_word' id='word_1_79' title='bbox 1839 1236 1858 1269; x_wconf 73' lang='grc' dir='ltr'><strong>ι</strong></span> <span class='ocrx_word' id='word_1_80' title='bbox 1898 1219 1996 1269; x_wconf 67' lang='grc' dir='ltr'><strong>Ιίτο</strong></span> 
     </span>
    </p>
   </div>
   <div class='ocr_carea' id='block_1_13' title="bbox 426 1305 1999 1376">
    <p class='ocr_par' dir='ltr' id='par_1_13' title="bbox 426 1305 1999 1376">
     <span class='ocr_line' id='line_1_13' title="bbox 426 1305 1999 1376; baseline 0.001 -17"><span class='ocrx_word' id='word_1_81' title='bbox 426 1315 533 1368; x_wconf 88' lang='lat' dir='ltr'><strong>rat,</strong></span> <span class='ocrx_word' id='word_1_82' title='bbox 563 1307 737 1376; x_wconf 89' lang='lat' dir='ltr'><strong>inquit</strong></span> <span class='ocrx_word' id='word_1_83' title='bbox 765 1305 1078 1370; x_wconf 88' lang='lat' dir='ltr'><strong>Gretserus,</strong></span> <span class='ocrx_word' id='word_1_84' title='bbox 1109 1323 1257 1359; x_wconf 90' lang='lat' dir='ltr'><strong>more</strong></span> <span class='ocrx_word' id='word_1_85' title='bbox 1292 1323 1390 1361; x_wconf 90' lang='lat' dir='ltr'><strong>suo</strong></span> <span class='ocrx_word' id='word_1_86' title='bbox 1429 1307 1688 1372; x_wconf 87' lang='lat' dir='ltr'><strong>solemni;</strong></span> <span class='ocrx_word' id='word_1_87' title='bbox 1741 1323 1863 1360; x_wconf 88' lang='lat' dir='ltr'><strong>nam</strong></span> <span class='ocrx_word' id='word_1_88' title='bbox 1895 1309 1999 1361; x_wconf 89' lang='lat' dir='ltr'><strong>Do-</strong></span> 
     </span>
    </p>
   </div>
   <div class='ocr_carea' id='block_1_14' title="bbox 426 1398 2000 1470">
    <p class='ocr_par' dir='ltr' id='par_1_14' title="bbox 426 1398 2000 1470">
     <span class='ocr_line' id='line_1_14' title="bbox 426 1398 2000 1470; baseline 0.003 -20"><span class='ocrx_word' id='word_1_89' title='bbox 426 1398 622 1453; x_wconf 89' lang='lat' dir='ltr'><strong>tuiuica</strong></span> <span class='ocrx_word' id='word_1_90' title='bbox 653 1400 990 1453; x_wconf 69' lang='lat' dir='ltr'><strong>orthodoxim</strong></span> <span class='ocrx_word' id='word_1_91' title='bbox 1013 1407 1131 1452; x_wconf 89' lang='lat' dir='ltr'><strong>erat</strong></span> <span class='ocrx_word' id='word_1_92' title='bbox 1170 1399 1346 1467; x_wconf 87' lang='lat' dir='ltr'><strong>prima</strong></span> <span class='ocrx_word' id='word_1_93' title='bbox 1382 1399 1662 1454; x_wconf 90' lang='lat' dir='ltr'><strong>Dominica</strong></span> <span class='ocrx_word' id='word_1_94' title='bbox 1683 1400 2000 1470; x_wconf 81' lang='lat' dir='ltr'><strong>Quadrage-</strong></span> 
     </span>
    </p>
   </div>
   <div class='ocr_carea' id='block_1_15' title="bbox 427 1489 2002 1560">
    <p class='ocr_par' dir='ltr' id='par_1_15' title="bbox 427 1489 2002 1560">
     <span class='ocr_line' id='line_1_15' title="bbox 427 1489 2002 1560; baseline 0.001 -16"><span class='ocrx_word' id='word_1_95' title='bbox 427 1489 578 1544; x_wconf 76' lang='lat' dir='ltr'><strong>sinite</strong></span> <span class='ocrx_word' id='word_1_96' title='bbox 606 1505 620 1543; x_wconf 89' lang='lat'><strong>:</strong></span> <span class='ocrx_word' id='word_1_97' title='bbox 649 1511 667 1543; x_wconf 77' lang='grc' dir='ltr'><strong>ι</strong></span> <span class='ocrx_word' id='word_1_98' title='bbox 689 1507 807 1559; x_wconf 78' lang='lat' dir='ltr'><strong>qua:</strong></span> <span class='ocrx_word' id='word_1_99' title='bbox 836 1493 972 1545; x_wconf 85' lang='lat' dir='ltr'><strong>ratio</strong></span> <span class='ocrx_word' id='word_1_100' title='bbox 1004 1491 1158 1560; x_wconf 90' lang='lat' dir='ltr'><strong>plana</strong></span> <span class='ocrx_word' id='word_1_101' title='bbox 1190 1493 1249 1545; x_wconf 86' lang='lat' dir='ltr'><strong>lit</strong></span> <span class='ocrx_word' id='word_1_102' title='bbox 1281 1508 1405 1545; x_wconf 90' lang='lat' dir='ltr'><strong>cum</strong></span> <span class='ocrx_word' id='word_1_103' title='bbox 1433 1507 1498 1547; x_wconf 86' lang='lat' dir='ltr'><strong>ex</strong></span> <span class='ocrx_word' id='word_1_104' title='bbox 1530 1492 1672 1556; x_wconf 90' lang='lat' dir='ltr'><strong>aliis,</strong></span> <span class='ocrx_word' id='word_1_105' title='bbox 1695 1504 1807 1546; x_wconf 90' lang='lat' dir='ltr'><strong>tum</strong></span> <span class='ocrx_word' id='word_1_106' title='bbox 1831 1495 2002 1548; x_wconf 81' lang='lat' dir='ltr'><strong>maxi-</strong></span> 
     </span>
    </p>
   </div>
   <div class='ocr_carea' id='block_1_16' title="bbox 428 1581 2002 1653">
    <p class='ocr_par' dir='ltr' id='par_1_16' title="bbox 428 1581 2002 1653">
     <span class='ocr_line' id='line_1_16' title="bbox 428 1581 2002 1653; baseline 0.004 -21"><span class='ocrx_word' id='word_1_107' title='bbox 428 1595 513 1633; x_wconf 92' lang='lat' dir='ltr'><strong>me</strong></span> <span class='ocrx_word' id='word_1_108' title='bbox 540 1596 606 1634; x_wconf 82' lang='lat' dir='ltr'><strong>ex</strong></span> <span class='ocrx_word' id='word_1_109' title='bbox 637 1583 815 1651; x_wconf 85' lang='lat' dir='ltr'><strong>typico</strong></span> <span class='ocrx_word' id='word_1_110' title='bbox 834 1581 891 1635; x_wconf 91' lang='lat' dir='ltr'><strong>S.</strong></span> <span class='ocrx_word' id='word_1_111' title='bbox 914 1583 1069 1636; x_wconf 76' lang='lat' dir='ltr'><strong>Saba:</strong></span> <span class='ocrx_word' id='word_1_112' title='bbox 1098 1598 1217 1649; x_wconf 85' lang='lat' dir='ltr'><strong>cap.</strong></span> <span class='ocrx_word' id='word_1_113' title='bbox 1252 1582 1342 1649; x_wconf 68' lang='lat'><strong>42,</strong></span> <span class='ocrx_word' id='word_1_114' title='bbox 1366 1585 1519 1653; x_wconf 87' lang='lat' dir='ltr'><strong>cujus</strong></span> <span class='ocrx_word' id='word_1_115' title='bbox 1555 1585 1744 1638; x_wconf 89' lang='lat' dir='ltr'><strong>titulus</strong></span> <span class='ocrx_word' id='word_1_116' title='bbox 1761 1597 1863 1645; x_wconf 86' lang='lat' dir='ltr'><strong>est,</strong></span> <span class='ocrx_word' id='word_1_117' title='bbox 1884 1586 2002 1639; x_wconf 78' lang='grc' dir='ltr'><strong>Διά-</strong></span> 
     </span>
    </p>
   </div>
   <div class='ocr_carea' id='block_1_17' title="bbox 425 1669 2003 1749">
    <p class='ocr_par' dir='ltr' id='par_1_17' title="bbox 425 1669 2003 1749">
     <span class='ocr_line' id='line_1_17' title="bbox 425 1669 2003 1749; baseline 0.006 -28"><span class='ocrx_word' id='word_1_118' title='bbox 425 1669 576 1735; x_wconf 80' lang='grc' dir='ltr'>ταξις</span> <span class='ocrx_word' id='word_1_119' title='bbox 600 1672 698 1742; x_wconf 85' lang='grc' dir='ltr'><strong>τῆς</strong></span> <span class='ocrx_word' id='word_1_120' title='bbox 715 1671 934 1742; x_wconf 84' lang='grc' dir='ltr'><strong>πρώτης</strong></span> <span class='ocrx_word' id='word_1_121' title='bbox 957 1673 1227 1744; x_wconf 78' lang='grc' dir='ltr'><strong>κυριακῆς</strong></span> <span class='ocrx_word' id='word_1_122' title='bbox 1255 1674 1365 1726; x_wconf 83' lang='grc' dir='ltr'>τῶν</span> <span class='ocrx_word' id='word_1_123' title='bbox 1382 1676 1553 1744; x_wconf 81' lang='grc' dir='ltr'>ἁγίων</span> <span class='ocrx_word' id='word_1_124' title='bbox 1571 1677 1853 1746; x_wconf 69' lang='grc' dir='ltr'>νηςτειῶν,</span> <span class='ocrx_word' id='word_1_125' title='bbox 1884 1680 2003 1749; x_wconf 76' lang='grc' dir='ltr'><strong>ἦτοι</strong></span> 
     </span>
    </p>
   </div>
   <div class='ocr_carea' id='block_1_18' title="bbox 425 1757 2076 1835">
    <p class='ocr_par' dir='ltr' id='par_1_18' title="bbox 425 1757 2076 1835">
     <span class='ocr_line' id='line_1_18' title="bbox 425 1757 2076 1835; baseline 0.007 -22"><span class='ocrx_word' id='word_1_126' title='bbox 425 1763 524 1832; x_wconf 78' lang='grc' dir='ltr'><strong>τῆς</strong></span> <span class='ocrx_word' id='word_1_127' title='bbox 552 1763 881 1835; x_wconf 82' lang='grc' dir='ltr'>ὀρθοδοξίας.</span> <span class='ocrx_word' id='word_1_128' title='bbox 919 1783 936 1815; x_wconf 78' lang='grc' dir='ltr'><strong>ι</strong></span> <span class='ocrx_word' id='word_1_129' title='bbox 976 1766 1120 1818; x_wconf 82' lang='lat' dir='ltr'><strong>Ordo</strong></span> <span class='ocrx_word' id='word_1_130' title='bbox 1148 1769 1334 1834; x_wconf 73' lang='lat' dir='ltr'><strong>prima:</strong></span> <span class='ocrx_word' id='word_1_131' title='bbox 1374 1768 1663 1822; x_wconf 71' lang='lat' dir='ltr'><strong>Dominicae</strong></span> <span class='ocrx_word' id='word_1_132' title='bbox 1686 1781 1998 1825; x_wconf 91' lang='lat' dir='ltr'><strong>sanctorum</strong></span> <span class='ocrx_word' id='word_1_133' title='bbox 2035 1757 2076 1810; x_wconf 77' lang='grc' dir='ltr'><strong><em>Β</em></strong></span> 
     </span>
    </p>
   </div>
   <div class='ocr_carea' id='block_1_19' title="bbox 421 1855 2001 1932">
    <p class='ocr_par' dir='ltr' id='par_1_19' title="bbox 421 1855 2001 1932">
     <span class='ocr_line' id='line_1_19' title="bbox 421 1855 2001 1932; baseline 0.008 -27"><span class='ocrx_word' id='word_1_134' title='bbox 421 1855 749 1926; x_wconf 71' lang='grc' dir='ltr'>]‹·]ιιιιίοι·υιιι</span> <span class='ocrx_word' id='word_1_135' title='bbox 807 1857 885 1911; x_wconf 91' lang='lat' dir='ltr'><strong>vel</strong></span> <span class='ocrx_word' id='word_1_136' title='bbox 936 1858 1290 1912; x_wconf 70' lang='lat' dir='ltr'><strong>orthodoxite.</strong></span> <span class='ocrx_word' id='word_1_137' title='bbox 1327 1879 1346 1910; x_wconf 70' lang='grc' dir='ltr'><strong>ι</strong></span> <span class='ocrx_word' id='word_1_138' title='bbox 1407 1859 1586 1914; x_wconf 75' lang='lat' dir='ltr'><strong>Prima</strong></span> <span class='ocrx_word' id='word_1_139' title='bbox 1633 1877 1848 1932; x_wconf 86' lang='lat' dir='ltr'><strong>quoque</strong></span> <span class='ocrx_word' id='word_1_140' title='bbox 1880 1879 2001 1918; x_wconf 88' lang='lat' dir='ltr'><strong>ver-</strong></span> 
     </span>
    </p>
   </div>
   <div class='ocr_carea' id='block_1_20' title="bbox 427 1948 2000 2025">
    <p class='ocr_par' dir='ltr' id='par_1_20' title="bbox 427 1948 2000 2025">
     <span class='ocr_line' id='line_1_20' title="bbox 427 1948 2000 2025; baseline 0.007 -27"><span class='ocrx_word' id='word_1_141' title='bbox 427 1950 492 1998; x_wconf 87' lang='lat' dir='ltr'><strong>ba</strong></span> <span class='ocrx_word' id='word_1_142' title='bbox 520 1948 664 2001; x_wconf 92' lang='lat' dir='ltr'><strong>illius</strong></span> <span class='ocrx_word' id='word_1_143' title='bbox 695 1949 888 2013; x_wconf 85' lang='lat' dir='ltr'><strong>capitis</strong></span> <span class='ocrx_word' id='word_1_144' title='bbox 927 1949 1041 2003; x_wconf 80' lang='lat' dir='ltr'><strong>lnec</strong></span> <span class='ocrx_word' id='word_1_145' title='bbox 1073 1961 1238 2004; x_wconf 87' lang='lat' dir='ltr'><strong>sunt:</strong></span> <span class='ocrx_word' id='word_1_146' title='bbox 1268 1954 1336 2022; x_wconf 80' lang='grc' dir='ltr'><strong>τῇ</strong></span> <span class='ocrx_word' id='word_1_147' title='bbox 1383 1956 1620 2023; x_wconf 84' lang='grc' dir='ltr'>κυριακῇ</span> <span class='ocrx_word' id='word_1_148' title='bbox 1651 1954 1749 2025; x_wconf 75' lang='grc' dir='ltr'><strong>τῆς</strong></span> <span class='ocrx_word' id='word_1_149' title='bbox 1781 1954 2000 2025; x_wconf 69' lang='grc' dir='ltr'>ὀρθοδοο</span> 
     </span>
    </p>
   </div>
   <div class='ocr_carea' id='block_1_21' title="bbox 427 2034 2000 2116">
    <p class='ocr_par' dir='ltr' id='par_1_21' title="bbox 427 2034 2000 2116">
     <span class='ocr_line' id='line_1_21' title="bbox 427 2034 2000 2116; baseline 0.005 -25"><span class='ocrx_word' id='word_1_150' title='bbox 427 2034 565 2116; x_wconf 75' lang='grc' dir='ltr'><strong>ξὶας.</strong></span> <span class='ocrx_word' id='word_1_151' title='bbox 607 2041 747 2105; x_wconf 74' lang='lat' dir='ltr'><strong>Quid</strong></span> <span class='ocrx_word' id='word_1_152' title='bbox 798 2055 926 2094; x_wconf 79' lang='lat' dir='ltr'><strong>vero</strong></span> <span class='ocrx_word' id='word_1_153' title='bbox 961 2039 1176 2094; x_wconf 87' lang='lat' dir='ltr'><strong>Junium</strong></span> <span class='ocrx_word' id='word_1_154' title='bbox 1210 2044 1261 2094; x_wconf 90' lang='lat' dir='ltr'><strong>in</strong></span> <span class='ocrx_word' id='word_1_155' title='bbox 1298 2043 1439 2097; x_wconf 92' lang='lat' dir='ltr'><strong>hunc</strong></span> <span class='ocrx_word' id='word_1_156' title='bbox 1467 2061 1712 2100; x_wconf 87' lang='lat' dir='ltr'><strong>errorem</strong></span> <span class='ocrx_word' id='word_1_157' title='bbox 1737 2050 2000 2116; x_wconf 87' lang='lat' dir='ltr'><strong>rapuerit,</strong></span> 
     </span>
    </p>
   </div>
   <div class='ocr_carea' id='block_1_22' title="bbox 429 2113 2001 2207">
    <p class='ocr_par' dir='ltr' id='par_1_22' title="bbox 429 2113 2001 2207">
     <span class='ocr_line' id='line_1_22' title="bbox 429 2113 2001 2207; baseline 0.006 -23"><span class='ocrx_word' id='word_1_158' title='bbox 429 2113 563 2184; x_wconf 71' lang='lat' dir='ltr'><strong>titihi</strong></span> <span class='ocrx_word' id='word_1_159' title='bbox 597 2131 811 2199; x_wconf 89' lang='lat' dir='ltr'><strong>quidem</strong></span> <span class='ocrx_word' id='word_1_160' title='bbox 851 2147 954 2184; x_wconf 88' lang='lat' dir='ltr'><strong>non</strong></span> <span class='ocrx_word' id='word_1_161' title='bbox 981 2144 1064 2186; x_wconf 85' lang='lat' dir='ltr'><strong>est</strong></span> <span class='ocrx_word' id='word_1_162' title='bbox 1097 2133 1342 2187; x_wconf 87' lang='lat' dir='ltr'><strong>divinatu</strong></span> <span class='ocrx_word' id='word_1_163' title='bbox 1373 2135 1608 2190; x_wconf 82' lang='lat' dir='ltr'><strong>diﬂicile.</strong></span> <span class='ocrx_word' id='word_1_164' title='bbox 1638 2113 1902 2207; x_wconf 77' lang='lat' dir='ltr'><strong>Agedum,</strong></span> <span class='ocrx_word' id='word_1_165' title='bbox 1923 2138 2001 2193; x_wconf 87' lang='lat' dir='ltr'><strong>fa-</strong></span> 
     </span>
    </p>
   </div>
   <div class='ocr_carea' id='block_1_23' title="bbox 428 2222 1998 2297">
    <p class='ocr_par' dir='ltr' id='par_1_23' title="bbox 428 2222 1998 2297">
     <span class='ocr_line' id='line_1_23' title="bbox 428 2222 1998 2297; baseline 0.005 -22"><span class='ocrx_word' id='word_1_166' title='bbox 428 2222 639 2275; x_wconf 83' lang='lat' dir='ltr'><strong>ciamus</strong></span> <span class='ocrx_word' id='word_1_167' title='bbox 666 2222 986 2290; x_wconf 91' lang='lat' dir='ltr'><strong>periculum.</strong></span> <span class='ocrx_word' id='word_1_168' title='bbox 1013 2223 1190 2277; x_wconf 89' lang='lat' dir='ltr'><strong>Prima</strong></span> <span class='ocrx_word' id='word_1_169' title='bbox 1223 2223 1312 2277; x_wconf 90' lang='lat' dir='ltr'><strong>illa</strong></span> <span class='ocrx_word' id='word_1_170' title='bbox 1355 2225 1790 2297; x_wconf 79' lang='lat' dir='ltr'><strong>Quadragesima:</strong></span> <span class='ocrx_word' id='word_1_171' title='bbox 1815 2227 1998 2283; x_wconf 89' lang='lat' dir='ltr'><strong>Domi-</strong></span> 
     </span>
    </p>
   </div>
   <div class='ocr_carea' id='block_1_24' title="bbox 429 2310 1999 2385">
    <p class='ocr_par' dir='ltr' id='par_1_24' title="bbox 429 2310 1999 2385">
     <span class='ocr_line' id='line_1_24' title="bbox 429 2310 1999 2385; baseline 0.004 -20"><span class='ocrx_word' id='word_1_172' title='bbox 429 2315 551 2366; x_wconf 89' lang='lat' dir='ltr'><strong>nica</strong></span> <span class='ocrx_word' id='word_1_173' title='bbox 579 2310 762 2383; x_wconf 88' lang='lat' dir='ltr'><strong>(quam</strong></span> <span class='ocrx_word' id='word_1_174' title='bbox 799 2327 864 2375; x_wconf 67' lang='lat' dir='ltr'><strong>ex</strong></span> <span class='ocrx_word' id='word_1_175' title='bbox 895 2313 1145 2368; x_wconf 89' lang='lat' dir='ltr'><strong>restituto</strong></span> <span class='ocrx_word' id='word_1_176' title='bbox 1180 2315 1475 2385; x_wconf 89' lang='lat' dir='ltr'><strong>imaginum</strong></span> <span class='ocrx_word' id='word_1_177' title='bbox 1521 2331 1800 2371; x_wconf 84' lang='lat' dir='ltr'><strong>sacrarum</strong></span> <span class='ocrx_word' id='word_1_178' title='bbox 1831 2320 1999 2384; x_wconf 88' lang='lat' dir='ltr'><strong>cttltu,</strong></span> 
     </span>
    </p>
   </div>
   <div class='ocr_carea' id='block_1_25' title="bbox 427 2405 1999 2478">
    <p class='ocr_par' dir='ltr' id='par_1_25' title="bbox 427 2405 1999 2478">
     <span class='ocr_line' id='line_1_25' title="bbox 427 2405 1999 2478; baseline 0.004 -19"><span class='ocrx_word' id='word_1_179' title='bbox 427 2416 482 2459; x_wconf 91' lang='lat' dir='ltr'><strong>et</strong></span> <span class='ocrx_word' id='word_1_180' title='bbox 514 2405 780 2459; x_wconf 70' lang='lat' dir='ltr'><strong>haereticis</strong></span> <span class='ocrx_word' id='word_1_181' title='bbox 809 2405 1106 2474; x_wconf 82' lang='lat' dir='ltr'><strong>profligatis</strong></span> <span class='ocrx_word' id='word_1_182' title='bbox 1125 2405 1457 2478; x_wconf 76' lang='grc' dir='ltr'>ὀρθοδοξίας,</span> <span class='ocrx_word' id='word_1_183' title='bbox 1490 2409 1642 2478; x_wconf 90' lang='lat' dir='ltr'><strong>quasi</strong></span> <span class='ocrx_word' id='word_1_184' title='bbox 1677 2421 1838 2465; x_wconf 60' lang='lat' dir='ltr'><strong>rectae</strong></span> <span class='ocrx_word' id='word_1_185' title='bbox 1879 2413 1999 2466; x_wconf 87' lang='lat' dir='ltr'><strong>ﬁdei</strong></span> 
     </span>
    </p>
   </div>
   <div class='ocr_carea' id='block_1_26' title="bbox 429 2499 2000 2570">
    <p class='ocr_par' dir='ltr' id='par_1_26' title="bbox 429 2499 2000 2570">
     <span class='ocr_line' id='line_1_26' title="bbox 429 2499 2000 2570; baseline 0.002 -18"><span class='ocrx_word' id='word_1_186' title='bbox 429 2499 734 2568; x_wconf 90' lang='lat' dir='ltr'><strong>nominant)</strong></span> <span class='ocrx_word' id='word_1_187' title='bbox 768 2514 906 2552; x_wconf 80' lang='lat' dir='ltr'><strong>vera:</strong></span> <span class='ocrx_word' id='word_1_188' title='bbox 935 2510 1204 2569; x_wconf 60' lang='lat' dir='ltr'><strong>rectaeque</strong></span> <span class='ocrx_word' id='word_1_189' title='bbox 1236 2500 1358 2554; x_wconf 90' lang='lat' dir='ltr'><strong>ﬁdei</strong></span> <span class='ocrx_word' id='word_1_190' title='bbox 1400 2501 1817 2570; x_wconf 82' lang='lat' dir='ltr'><strong>professionem.</strong></span> <span class='ocrx_word' id='word_1_191' title='bbox 1841 2503 2000 2556; x_wconf 88' lang='lat' dir='ltr'><strong>emit-</strong></span> 
     </span>
    </p>
   </div>
   <div class='ocr_carea' id='block_1_27' title="bbox 432 2591 2000 2664">
    <p class='ocr_par' dir='ltr' id='par_1_27' title="bbox 432 2591 2000 2664">
     <span class='ocr_line' id='line_1_27' title="bbox 432 2591 2000 2664; baseline 0.003 -19"><span class='ocrx_word' id='word_1_192' title='bbox 432 2602 550 2645; x_wconf 89' lang='lat' dir='ltr'><strong>tuut</strong></span> <span class='ocrx_word' id='word_1_193' title='bbox 577 2591 774 2656; x_wconf 67' lang='lat' dir='ltr'><strong>Graeci,</strong></span> <span class='ocrx_word' id='word_1_194' title='bbox 803 2601 854 2644; x_wconf 88' lang='lat' dir='ltr'><strong>et</strong></span> <span class='ocrx_word' id='word_1_195' title='bbox 884 2591 1094 2662; x_wconf 87' lang='lat' dir='ltr'><strong>singula</strong></span> <span class='ocrx_word' id='word_1_196' title='bbox 1127 2592 1404 2660; x_wconf 83' lang='lat' dir='ltr'><strong>religionis</strong></span> <span class='ocrx_word' id='word_1_197' title='bbox 1431 2596 1627 2664; x_wconf 87' lang='lat' dir='ltr'><strong>capita,</strong></span> <span class='ocrx_word' id='word_1_198' title='bbox 1660 2595 1831 2664; x_wconf 88' lang='lat' dir='ltr'><strong>palam</strong></span> <span class='ocrx_word' id='word_1_199' title='bbox 1863 2607 1918 2649; x_wconf 88' lang='lat' dir='ltr'><strong>et</strong></span> <span class='ocrx_word' id='word_1_200' title='bbox 1947 2597 2000 2650; x_wconf 91' lang='lat' dir='ltr'><strong>in</strong></span> 
     </span>
    </p>
   </div>
   <div class='ocr_carea' id='block_1_28' title="bbox 428 2681 1999 2757">
    <p class='ocr_par' dir='ltr' id='par_1_28' title="bbox 428 2681 1999 2757">
     <span class='ocr_line' id='line_1_28' title="bbox 428 2681 1999 2757; baseline 0.003 -21"><span class='ocrx_word' id='word_1_201' title='bbox 428 2692 644 2752; x_wconf 84' lang='lat' dir='ltr'><strong>aperto,</strong></span> <span class='ocrx_word' id='word_1_202' title='bbox 669 2699 802 2737; x_wconf 85' lang='lat' dir='ltr'><strong>voce</strong></span> <span class='ocrx_word' id='word_1_203' title='bbox 825 2681 934 2737; x_wconf 88' lang='lat' dir='ltr'><strong>alta</strong></span> <span class='ocrx_word' id='word_1_204' title='bbox 958 2683 1305 2753; x_wconf 87' lang='lat' dir='ltr'><strong>conﬁtentur,</strong></span> <span class='ocrx_word' id='word_1_205' title='bbox 1333 2689 1703 2757; x_wconf 88' lang='lat' dir='ltr'><strong>sectariosque</strong></span> <span class='ocrx_word' id='word_1_206' title='bbox 1730 2700 1784 2742; x_wconf 92' lang='lat' dir='ltr'><strong>et</strong></span> <span class='ocrx_word' id='word_1_207' title='bbox 1813 2703 1999 2744; x_wconf 89' lang='lat' dir='ltr'><strong>eorum</strong></span> 
     </span>
    </p>
   </div>
   <div class='ocr_carea' id='block_1_29' title="bbox 429 2775 2002 2845">
    <p class='ocr_par' dir='ltr' id='par_1_29' title="bbox 429 2775 2002 2845">
     <span class='ocr_line' id='line_1_29' title="bbox 429 2775 2002 2845; baseline 0.006 -18"><span class='ocrx_word' id='word_1_208' title='bbox 429 2777 666 2830; x_wconf 81' lang='lat' dir='ltr'><strong>lnereses</strong></span> <span class='ocrx_word' id='word_1_209' title='bbox 712 2775 868 2845; x_wconf 81' lang='lat' dir='ltr'><strong>longo</strong></span> <span class='ocrx_word' id='word_1_210' title='bbox 918 2776 1111 2831; x_wconf 87' lang='lat' dir='ltr'><strong>ordine</strong></span> <span class='ocrx_word' id='word_1_211' title='bbox 1162 2776 1374 2834; x_wconf 86' lang='lat' dir='ltr'><strong>iteratis</strong></span> <span class='ocrx_word' id='word_1_212' title='bbox 1432 2781 1799 2836; x_wconf 86' lang='lat' dir='ltr'><strong>anathematis</strong></span> <span class='ocrx_word' id='word_1_213' title='bbox 1849 2784 2002 2836; x_wconf 91' lang='lat' dir='ltr'><strong>dam-</strong></span> 
     </span>
    </p>
   </div>
   <div class='ocr_carea' id='block_1_30' title="bbox 429 2875 580 2919">
    <p class='ocr_par' dir='ltr' id='par_1_30' title="bbox 429 2875 580 2919">
     <span class='ocr_line' id='line_1_30' title="bbox 429 2875 580 2919; baseline 0.013 -1"><span class='ocrx_word' id='word_1_214' title='bbox 429 2875 580 2919; x_wconf 88' lang='lat' dir='ltr'><strong>naut.</strong></span> 
     </span>
    </p>
   </div>
   <div class='ocr_carea' id='block_1_31' title="bbox 499 2955 2001 3032">
    <p class='ocr_par' dir='ltr' id='par_1_31' title="bbox 499 2955 2001 3032">
     <span class='ocr_line' id='line_1_31' title="bbox 499 2955 2001 3032; baseline 0.005 -21"><span class='ocrx_word' id='word_1_215' title='bbox 499 2957 586 3011; x_wconf 79' lang='lat'><strong>5|.</strong></span> <span class='ocrx_word' id='word_1_216' title='bbox 614 2955 739 3011; x_wconf 58' lang='grc' dir='ltr'><strong>ηερε</strong></span> <span class='ocrx_word' id='word_1_217' title='bbox 763 2961 904 3027; x_wconf 86' lang='lat' dir='ltr'><strong>apud</strong></span> <span class='ocrx_word' id='word_1_218' title='bbox 923 2960 1260 3016; x_wconf 87' lang='lat' dir='ltr'><strong>Philotheum</strong></span> <span class='ocrx_word' id='word_1_219' title='bbox 1293 2963 1656 3032; x_wconf 87' lang='lat' dir='ltr'><strong>patriarchum</strong></span> <span class='ocrx_word' id='word_1_220' title='bbox 1683 2963 2001 3019; x_wconf 81' lang='lat' dir='ltr'><strong>Constanti-</strong></span> 
     </span>
    </p>
   </div>
   <div class='ocr_carea' id='block_1_32' title="bbox 429 3047 2002 3120">
    <p class='ocr_par' dir='ltr' id='par_1_32' title="bbox 429 3047 2002 3120">
     <span class='ocr_line' id='line_1_32' title="bbox 429 3047 2002 3120; baseline 0.006 -20"><span class='ocrx_word' id='word_1_221' title='bbox 429 3047 799 3115; x_wconf 89' lang='lat' dir='ltr'><strong>nopolitanum</strong></span> <span class='ocrx_word' id='word_1_222' title='bbox 832 3049 1065 3105; x_wconf 91' lang='lat' dir='ltr'><strong>aliumve</strong></span> <span class='ocrx_word' id='word_1_223' title='bbox 1103 3051 1309 3120; x_wconf 78' lang='lat' dir='ltr'><strong>legerat</strong></span> <span class='ocrx_word' id='word_1_224' title='bbox 1341 3053 1574 3109; x_wconf 77' lang='lat' dir='ltr'><strong>fortasse</strong></span> <span class='ocrx_word' id='word_1_225' title='bbox 1597 3053 1822 3119; x_wconf 85' lang='lat' dir='ltr'><strong>Junius;</strong></span> <span class='ocrx_word' id='word_1_226' title='bbox 1855 3071 2002 3111; x_wconf 48' lang='lat' dir='ltr'><strong>cum.</strong></span> 
     </span>
    </p>
   </div>
   <div class='ocr_carea' id='block_1_33' title="bbox 2091 486 3674 558">
    <p class='ocr_par' dir='ltr' id='par_1_33' title="bbox 2091 486 3674 558">
     <span class='ocr_line' id='line_1_33' title="bbox 2091 486 3674 558; baseline -0.001 -14"><span class='ocrx_word' id='word_1_227' title='bbox 2091 490 2264 558; x_wconf 85' lang='lat' dir='ltr'><strong>jorem</strong></span> <span class='ocrx_word' id='word_1_228' title='bbox 2287 499 2342 544; x_wconf 90' lang='lat' dir='ltr'><strong>et</strong></span> <span class='ocrx_word' id='word_1_229' title='bbox 2385 490 2674 554; x_wconf 88' lang='lat' dir='ltr'><strong>minorem,</strong></span> <span class='ocrx_word' id='word_1_230' title='bbox 2724 500 2806 544; x_wconf 80' lang='lat' dir='ltr'><strong>est</strong></span> <span class='ocrx_word' id='word_1_231' title='bbox 2859 497 2914 542; x_wconf 91' lang='lat' dir='ltr'><strong>et</strong></span> <span class='ocrx_word' id='word_1_232' title='bbox 2968 488 3148 550; x_wconf 89' lang='lat' dir='ltr'><strong>tertia,</strong></span> <span class='ocrx_word' id='word_1_233' title='bbox 3194 486 3488 557; x_wconf 81' lang='grc' dir='ltr'>Τρισὰγιον</span> <span class='ocrx_word' id='word_1_234' title='bbox 3533 488 3674 542; x_wconf 88' lang='lat' dir='ltr'><strong>dicta</strong></span> 
     </span>
    </p>
   </div>
   <div class='ocr_carea' id='block_1_34' title="bbox 2096 579 3674 649">
    <p class='ocr_par' dir='ltr' id='par_1_34' title="bbox 2096 579 3674 649">
     <span class='ocr_line' id='line_1_34' title="bbox 2096 579 3674 649; baseline -0.001 -14"><span class='ocrx_word' id='word_1_235' title='bbox 2096 593 2236 638; x_wconf 89' lang='lat' dir='ltr'><strong>ater</strong></span> <span class='ocrx_word' id='word_1_236' title='bbox 2277 584 2503 648; x_wconf 89' lang='lat' dir='ltr'><strong>repetita</strong></span> <span class='ocrx_word' id='word_1_237' title='bbox 2547 596 2676 635; x_wconf 86' lang='lat' dir='ltr'><strong>voce</strong></span> <span class='ocrx_word' id='word_1_238' title='bbox 2708 582 2922 649; x_wconf 66' lang='grc' dir='ltr'>Ἄγιος.</span> <span class='ocrx_word' id='word_1_239' title='bbox 2971 594 3162 649; x_wconf 89' lang='lat' dir='ltr'><strong>nempe</strong></span> <span class='ocrx_word' id='word_1_240' title='bbox 3209 579 3402 648; x_wconf 74' lang='grc' dir='ltr'>Ἄγιος</span> <span class='ocrx_word' id='word_1_241' title='bbox 3431 582 3465 633; x_wconf 85' lang='grc' dir='ltr'><em>ὁ</em></span> <span class='ocrx_word' id='word_1_242' title='bbox 3509 580 3674 648; x_wconf 85' lang='grc' dir='ltr'><strong>Θεὸς,</strong></span> 
     </span>
    </p>
   </div>
   <div class='ocr_carea' id='block_1_35' title="bbox 2097 669 3675 745">
    <p class='ocr_par' dir='ltr' id='par_1_35' title="bbox 2097 669 3675 745">
     <span class='ocr_line' id='line_1_35' title="bbox 2097 669 3675 745; baseline -0.003 -16"><span class='ocrx_word' id='word_1_243' title='bbox 2097 675 2263 745; x_wconf 78' lang='grc' dir='ltr'>ἅγιος</span> <span class='ocrx_word' id='word_1_244' title='bbox 2316 673 2584 744; x_wconf 77' lang='grc' dir='ltr'><strong>ἰσχυρὸς,</strong></span> <span class='ocrx_word' id='word_1_245' title='bbox 2632 673 2798 743; x_wconf 77' lang='grc' dir='ltr'>ἅγιος</span> <span class='ocrx_word' id='word_1_246' title='bbox 2846 670 3165 739; x_wconf 79' lang='grc' dir='ltr'><strong>ἀθάνατος,</strong></span> <span class='ocrx_word' id='word_1_247' title='bbox 3200 670 3464 739; x_wconf 78' lang='grc' dir='ltr'><strong>ἐλέησον</strong></span> <span class='ocrx_word' id='word_1_248' title='bbox 3495 669 3675 741; x_wconf 74' lang='grc' dir='ltr'><strong>ἡμᾶς,</strong></span> 
     </span>
    </p>
   </div>
   <div class='ocr_carea' id='block_1_36' title="bbox 2099 763 3676 833">
    <p class='ocr_par' dir='ltr' id='par_1_36' title="bbox 2099 763 3676 833">
     <span class='ocr_line' id='line_1_36' title="bbox 2099 763 3676 833; baseline -0.003 -13"><span class='ocrx_word' id='word_1_249' title='bbox 2099 764 2326 820; x_wconf 75' lang='lat' dir='ltr'><strong>Sanctus</strong></span> <span class='ocrx_word' id='word_1_250' title='bbox 2357 766 2516 830; x_wconf 77' lang='lat' dir='ltr'><strong>Deus,</strong></span> <span class='ocrx_word' id='word_1_251' title='bbox 2548 774 2763 819; x_wconf 74' lang='lat' dir='ltr'><strong>sanctus</strong></span> <span class='ocrx_word' id='word_1_252' title='bbox 2785 763 2962 833; x_wconf 75' lang='lat' dir='ltr'><strong>fortis,</strong></span> <span class='ocrx_word' id='word_1_253' title='bbox 2987 773 3201 817; x_wconf 77' lang='lat' dir='ltr'><strong>sanctus</strong></span> <span class='ocrx_word' id='word_1_254' title='bbox 3222 764 3553 828; x_wconf 73' lang='lat' dir='ltr'><strong>inmortalis,</strong></span> <span class='ocrx_word' id='word_1_255' title='bbox 3579 765 3676 816; x_wconf 80' lang='lat' dir='ltr'><strong>mi-</strong></span> 
     </span>
    </p>
   </div>
   <div class='ocr_carea' id='block_1_37' title="bbox 2097 854 3676 924">
    <p class='ocr_par' dir='ltr' id='par_1_37' title="bbox 2097 854 3676 924">
     <span class='ocr_line' id='line_1_37' title="bbox 2097 854 3676 924; baseline -0.003 -13"><span class='ocrx_word' id='word_1_256' title='bbox 2097 874 2268 912; x_wconf 78' lang='lat' dir='ltr'><strong>serere</strong></span> <span class='ocrx_word' id='word_1_257' title='bbox 2297 859 2487 913; x_wconf 71' lang='lat' dir='ltr'><strong>rtostrt’.</strong></span> <span class='ocrx_word' id='word_1_258' title='bbox 2509 857 2732 923; x_wconf 88' lang='lat' dir='ltr'><strong>Quando</strong></span> <span class='ocrx_word' id='word_1_259' title='bbox 2749 867 2926 910; x_wconf 89' lang='lat' dir='ltr'><strong>autem</strong></span> <span class='ocrx_word' id='word_1_260' title='bbox 2946 865 3000 910; x_wconf 93' lang='lat' dir='ltr'><strong>et</strong></span> <span class='ocrx_word' id='word_1_261' title='bbox 3017 855 3283 924; x_wconf 89' lang='lat' dir='ltr'><strong>quomodo</strong></span> <span class='ocrx_word' id='word_1_262' title='bbox 3307 855 3379 908; x_wconf 88' lang='lat' dir='ltr'><strong>sit</strong></span> <span class='ocrx_word' id='word_1_263' title='bbox 3408 854 3496 908; x_wconf 91' lang='lat' dir='ltr'><strong>ille</strong></span> <span class='ocrx_word' id='word_1_264' title='bbox 3521 855 3676 909; x_wconf 88' lang='lat' dir='ltr'><strong>trisa-</strong></span> 
     </span>
    </p>
   </div>
   <div class='ocr_carea' id='block_1_38' title="bbox 2099 943 3676 1018">
    <p class='ocr_par' dir='ltr' id='par_1_38' title="bbox 2099 943 3676 1018">
     <span class='ocr_line' id='line_1_38' title="bbox 2099 943 3676 1018; baseline -0.001 -18"><span class='ocrx_word' id='word_1_265' title='bbox 2099 947 2173 1018; x_wconf 85' lang='lat' dir='ltr'><strong>gii</strong></span> <span class='ocrx_word' id='word_1_266' title='bbox 2203 947 2438 1018; x_wconf 85' lang='lat' dir='ltr'><strong>hymnus</strong></span> <span class='ocrx_word' id='word_1_267' title='bbox 2471 947 2830 1008; x_wconf 88' lang='lat' dir='ltr'><strong>introductus,</strong></span> <span class='ocrx_word' id='word_1_268' title='bbox 2869 946 3081 1000; x_wconf 85' lang='lat' dir='ltr'><strong>erudite</strong></span> <span class='ocrx_word' id='word_1_269' title='bbox 3116 945 3362 1012; x_wconf 76' lang='lat' dir='ltr'><strong>diSputat</strong></span> <span class='ocrx_word' id='word_1_270' title='bbox 3399 943 3676 1000; x_wconf 86' lang='lat' dir='ltr'><strong>llabertus</strong></span> 
     </span>
    </p>
   </div>
   <div class='ocr_carea' id='block_1_39' title="bbox 2102 1035 3322 1106">
    <p class='ocr_par' dir='ltr' id='par_1_39' title="bbox 2102 1035 3322 1106">
     <span class='ocr_line' id='line_1_39' title="bbox 2102 1035 3322 1106; baseline -0.003 -14"><span class='ocrx_word' id='word_1_271' title='bbox 2102 1040 2154 1093; x_wconf 93' lang='lat' dir='ltr'><strong>in</strong></span> <span class='ocrx_word' id='word_1_272' title='bbox 2185 1039 2346 1092; x_wconf 81' lang='lat' dir='ltr'><strong>Libro</strong></span> <span class='ocrx_word' id='word_1_273' title='bbox 2381 1037 2681 1106; x_wconf 81' lang='lat' dir='ltr'><strong>Pontiﬁcali</strong></span> <span class='ocrx_word' id='word_1_274' title='bbox 2711 1047 2838 1091; x_wconf 89' lang='lat' dir='ltr'><strong>ante</strong></span> <span class='ocrx_word' id='word_1_275' title='bbox 2864 1037 3052 1102; x_wconf 83' lang='lat' dir='ltr'><strong>citato,</strong></span> <span class='ocrx_word' id='word_1_276' title='bbox 3077 1052 3198 1106; x_wconf 85' lang='lat' dir='ltr'><strong>pag.</strong></span> <span class='ocrx_word' id='word_1_277' title='bbox 3233 1035 3322 1089; x_wconf 77' lang='grc'><strong>64.</strong></span> 
     </span>
    </p>
   </div>
   <div class='ocr_carea' id='block_1_40' title="bbox 2169 1124 3673 1197">
    <p class='ocr_par' dir='ltr' id='par_1_40' title="bbox 2169 1124 3673 1197">
     <span class='ocr_line' id='line_1_40' title="bbox 2169 1124 3673 1197; baseline -0.003 -11"><span class='ocrx_word' id='word_1_278' title='bbox 2169 1131 2260 1186; x_wconf 77' lang='grc'><strong>52.</strong></span> <span class='ocrx_word' id='word_1_279' title='bbox 2293 1131 2400 1184; x_wconf 88' lang='lat' dir='ltr'><strong>Sed</strong></span> <span class='ocrx_word' id='word_1_280' title='bbox 2429 1147 2514 1184; x_wconf 89' lang='lat' dir='ltr'><strong>me</strong></span> <span class='ocrx_word' id='word_1_281' title='bbox 2549 1141 2806 1185; x_wconf 87' lang='lat' dir='ltr'><strong>revocant</strong></span> <span class='ocrx_word' id='word_1_282' title='bbox 2845 1129 3131 1194; x_wconf 80' lang='grc' dir='ltr'><strong>Θεοτόκια,</strong></span> <span class='ocrx_word' id='word_1_283' title='bbox 3167 1145 3283 1197; x_wconf 71' lang='lat' dir='ltr'><strong>quae</strong></span> <span class='ocrx_word' id='word_1_284' title='bbox 3310 1128 3450 1182; x_wconf 91' lang='lat' dir='ltr'><strong>unde</strong></span> <span class='ocrx_word' id='word_1_285' title='bbox 3481 1124 3673 1182; x_wconf 77' lang='lat' dir='ltr'><strong>nomen</strong></span> 
     </span>
    </p>
   </div>
   <div class='ocr_carea' id='block_1_41' title="bbox 2103 1216 3673 1288">
    <p class='ocr_par' dir='ltr' id='par_1_41' title="bbox 2103 1216 3673 1288">
     <span class='ocr_line' id='line_1_41' title="bbox 2103 1216 3673 1288; baseline -0.002 -17"><span class='ocrx_word' id='word_1_286' title='bbox 2103 1219 2429 1282; x_wconf 89' lang='lat' dir='ltr'><strong>invenerint,</strong></span> <span class='ocrx_word' id='word_1_287' title='bbox 2451 1219 2684 1288; x_wconf 80' lang='lat' dir='ltr'><strong>ignorari</strong></span> <span class='ocrx_word' id='word_1_288' title='bbox 2715 1235 2821 1272; x_wconf 92' lang='lat' dir='ltr'><strong>non</strong></span> <span class='ocrx_word' id='word_1_289' title='bbox 2843 1229 3039 1287; x_wconf 81' lang='lat' dir='ltr'><strong>potest,</strong></span> <span class='ocrx_word' id='word_1_290' title='bbox 3069 1219 3172 1272; x_wconf 86' lang='lat' dir='ltr'><strong>nisi</strong></span> <span class='ocrx_word' id='word_1_291' title='bbox 3199 1218 3267 1270; x_wconf 90' lang='lat' dir='ltr'><strong>ab</strong></span> <span class='ocrx_word' id='word_1_292' title='bbox 3287 1233 3352 1270; x_wconf 92' lang='lat' dir='ltr'><strong>eo</strong></span> <span class='ocrx_word' id='word_1_293' title='bbox 3373 1216 3459 1270; x_wconf 90' lang='lat' dir='ltr'><strong>cui</strong></span> <span class='ocrx_word' id='word_1_294' title='bbox 3493 1217 3673 1285; x_wconf 89' lang='lat' dir='ltr'><strong>ignota</strong></span> 
     </span>
    </p>
   </div>
   <div class='ocr_carea' id='block_1_42' title="bbox 2104 1309 3673 1379">
    <p class='ocr_par' dir='ltr' id='par_1_42' title="bbox 2104 1309 3673 1379">
     <span class='ocr_line' id='line_1_42' title="bbox 2104 1309 3673 1379; baseline 0.001 -15"><span class='ocrx_word' id='word_1_295' title='bbox 2104 1321 2187 1364; x_wconf 92' lang='lat' dir='ltr'><strong>est</strong></span> <span class='ocrx_word' id='word_1_296' title='bbox 2224 1309 2542 1365; x_wconf 81' lang='lat' dir='ltr'><strong>Nestoriaua</strong></span> <span class='ocrx_word' id='word_1_297' title='bbox 2598 1311 2822 1379; x_wconf 82' lang='lat' dir='ltr'><strong>perfidia</strong></span> <span class='ocrx_word' id='word_1_298' title='bbox 2860 1328 2874 1364; x_wconf 87' lang='lat'><strong>:</strong></span> <span class='ocrx_word' id='word_1_299' title='bbox 2919 1311 3105 1379; x_wconf 82' lang='lat' dir='ltr'><strong>paucis</strong></span> <span class='ocrx_word' id='word_1_300' title='bbox 3127 1325 3256 1376; x_wconf 79' lang='lat' dir='ltr'><strong>ergo</strong></span> <span class='ocrx_word' id='word_1_301' title='bbox 3298 1311 3348 1364; x_wconf 93' lang='lat' dir='ltr'><strong>id</strong></span> <span class='ocrx_word' id='word_1_302' title='bbox 3373 1312 3673 1379; x_wconf 84' lang='lat' dir='ltr'><strong>expediam.</strong></span> 
     </span>
    </p>
   </div>
   <div class='ocr_carea' id='block_1_43' title="bbox 2105 1401 3675 1472">
    <p class='ocr_par' dir='ltr' id='par_1_43' title="bbox 2105 1401 3675 1472">
     <span class='ocr_line' id='line_1_43' title="bbox 2105 1401 3675 1472; baseline 0.001 -16"><span class='ocrx_word' id='word_1_303' title='bbox 2105 1403 2401 1457; x_wconf 88' lang='lat' dir='ltr'><strong>Tortuosus</strong></span> <span class='ocrx_word' id='word_1_304' title='bbox 2442 1401 2534 1456; x_wconf 92' lang='lat' dir='ltr'><strong>ille</strong></span> <span class='ocrx_word' id='word_1_305' title='bbox 2581 1403 2803 1456; x_wconf 83' lang='lat' dir='ltr'><strong>coluber</strong></span> <span class='ocrx_word' id='word_1_306' title='bbox 2835 1403 2934 1470; x_wconf 87' lang='lat' dir='ltr'><strong>(sic</strong></span> <span class='ocrx_word' id='word_1_307' title='bbox 2971 1403 3037 1455; x_wconf 85' lang='lat' dir='ltr'><strong>ab</strong></span> <span class='ocrx_word' id='word_1_308' title='bbox 3061 1402 3426 1458; x_wconf 77' lang='lat' dir='ltr'><strong>Alexandrino</strong></span> <span class='ocrx_word' id='word_1_309' title='bbox 3475 1403 3675 1472; x_wconf 84' lang='lat' dir='ltr'><strong>Cyrillo</strong></span> 
     </span>
    </p>
   </div>
   <div class='ocr_carea' id='block_1_44' title="bbox 2107 1493 3674 1566">
    <p class='ocr_par' dir='ltr' id='par_1_44' title="bbox 2107 1493 3674 1566">
     <span class='ocr_line' id='line_1_44' title="bbox 2107 1493 3674 1566; baseline 0 -18"><span class='ocrx_word' id='word_1_310' title='bbox 2107 1496 2418 1549; x_wconf 90' lang='lat' dir='ltr'><strong>nominatur</strong></span> <span class='ocrx_word' id='word_1_311' title='bbox 2439 1494 2738 1566; x_wconf 84' lang='lat' dir='ltr'><strong>Nestorius)</strong></span> <span class='ocrx_word' id='word_1_312' title='bbox 2762 1495 3128 1548; x_wconf 84' lang='lat' dir='ltr'><strong>beatissimam</strong></span> <span class='ocrx_word' id='word_1_313' title='bbox 3157 1493 3426 1565; x_wconf 74' lang='lat' dir='ltr'><strong>Virginem</strong></span> <span class='ocrx_word' id='word_1_314' title='bbox 3447 1493 3674 1548; x_wconf 83' lang='lat' dir='ltr'><strong>Mariam</strong></span> 
     </span>
    </p>
   </div>
   <div class='ocr_carea' id='block_1_45' title="bbox 2107 1588 3674 1658">
    <p class='ocr_par' dir='ltr' id='par_1_45' title="bbox 2107 1588 3674 1658">
     <span class='ocr_line' id='line_1_45' title="bbox 2107 1588 3674 1658; baseline 0.001 -17"><span class='ocrx_word' id='word_1_315' title='bbox 2107 1589 2438 1658; x_wconf 85' lang='lat' dir='ltr'><strong>pernegabat</strong></span> <span class='ocrx_word' id='word_1_316' title='bbox 2467 1603 2583 1643; x_wconf 89' lang='lat' dir='ltr'><strong>esse</strong></span> <span class='ocrx_word' id='word_1_317' title='bbox 2612 1588 2873 1641; x_wconf 81' lang='grc' dir='ltr'>Θεοτὸκον</span> <span class='ocrx_word' id='word_1_318' title='bbox 2887 1589 2999 1642; x_wconf 91' lang='lat' dir='ltr'><strong>sive</strong></span> <span class='ocrx_word' id='word_1_319' title='bbox 3025 1588 3336 1656; x_wconf 87' lang='lat' dir='ltr'><strong>Deiparam;</strong></span> <span class='ocrx_word' id='word_1_320' title='bbox 3370 1590 3674 1643; x_wconf 87' lang='lat' dir='ltr'><strong>asserebat-</strong></span> 
     </span>
    </p>
   </div>
   <div class='ocr_carea' id='block_1_46' title="bbox 2107 1681 3674 1755">
    <p class='ocr_par' dir='ltr' id='par_1_46' title="bbox 2107 1681 3674 1755">
     <span class='ocr_line' id='line_1_46' title="bbox 2107 1681 3674 1755; baseline 0.004 -23"><span class='ocrx_word' id='word_1_321' title='bbox 2107 1695 2210 1748; x_wconf 90' lang='lat' dir='ltr'><strong>quc</strong></span> <span class='ocrx_word' id='word_1_322' title='bbox 2230 1682 2405 1748; x_wconf 89' lang='lat' dir='ltr'><strong>potius</strong></span> <span class='ocrx_word' id='word_1_323' title='bbox 2426 1681 2791 1753; x_wconf 83' lang='grc' dir='ltr'>Χριστοτόκος</span> <span class='ocrx_word' id='word_1_324' title='bbox 2823 1694 2876 1735; x_wconf 92' lang='lat' dir='ltr'><strong>et</strong></span> <span class='ocrx_word' id='word_1_325' title='bbox 2897 1683 3334 1755; x_wconf 81' lang='grc' dir='ltr'>ἀνθρωποτόκον,</span> <span class='ocrx_word' id='word_1_326' title='bbox 3362 1699 3454 1738; x_wconf 90' lang='lat' dir='ltr'><strong>seu</strong></span> <span class='ocrx_word' id='word_1_327' title='bbox 3469 1739 3472 1742; x_wconf 77' lang='grc'>,</span> <span class='ocrx_word' id='word_1_328' title='bbox 3487 1703 3504 1735; x_wconf 79' lang='grc' dir='ltr'><strong>ι</strong></span> <span class='ocrx_word' id='word_1_329' title='bbox 3527 1683 3674 1738; x_wconf 87' lang='lat' dir='ltr'><strong>Chri-</strong></span> 
     </span>
    </p>
   </div>
   <div class='ocr_carea' id='block_1_47' title="bbox 2106 1774 3672 1843">
    <p class='ocr_par' dir='ltr' id='par_1_47' title="bbox 2106 1774 3672 1843">
     <span class='ocr_line' id='line_1_47' title="bbox 2106 1774 3672 1843; baseline 0.006 -23"><span class='ocrx_word' id='word_1_330' title='bbox 2106 1774 2359 1842; x_wconf 55' lang='lat' dir='ltr'><strong>stiparam</strong></span> <span class='ocrx_word' id='word_1_331' title='bbox 2414 1783 2469 1827; x_wconf 92' lang='lat' dir='ltr'><strong>et</strong></span> <span class='ocrx_word' id='word_1_332' title='bbox 2525 1775 2762 1828; x_wconf 86' lang='lat' dir='ltr'><strong>hominis</strong></span> <span class='ocrx_word' id='word_1_333' title='bbox 2817 1776 3177 1843; x_wconf 71' lang='lat' dir='ltr'><strong>genitricem)</strong></span> <span class='ocrx_word' id='word_1_334' title='bbox 3212 1791 3332 1830; x_wconf 86' lang='lat' dir='ltr'><strong>esse</strong></span> <span class='ocrx_word' id='word_1_335' title='bbox 3373 1776 3672 1830; x_wconf 88' lang='lat' dir='ltr'><strong>dicendam.</strong></span> 
     </span>
    </p>
   </div>
   <div class='ocr_carea' id='block_1_48' title="bbox 2107 1864 3675 1937">
    <p class='ocr_par' dir='ltr' id='par_1_48' title="bbox 2107 1864 3675 1937">
     <span class='ocr_line' id='line_1_48' title="bbox 2107 1864 3675 1937; baseline 0.002 -19"><span class='ocrx_word' id='word_1_336' title='bbox 2107 1864 2254 1918; x_wconf 82' lang='lat' dir='ltr'><strong>lianc</strong></span> <span class='ocrx_word' id='word_1_337' title='bbox 2279 1864 2609 1934; x_wconf 89' lang='lat' dir='ltr'><strong>impietatem</strong></span> <span class='ocrx_word' id='word_1_338' title='bbox 2639 1881 2744 1918; x_wconf 92' lang='lat' dir='ltr'><strong>non</strong></span> <span class='ocrx_word' id='word_1_339' title='bbox 2771 1867 3012 1920; x_wconf 90' lang='lat' dir='ltr'><strong>tulerunt</strong></span> <span class='ocrx_word' id='word_1_340' title='bbox 3033 1867 3322 1921; x_wconf 82' lang='lat' dir='ltr'><strong>Catholici.</strong></span> <span class='ocrx_word' id='word_1_341' title='bbox 3346 1865 3486 1937; x_wconf 87' lang='lat' dir='ltr'><strong>Ergo</strong></span> <span class='ocrx_word' id='word_1_342' title='bbox 3510 1867 3675 1921; x_wconf 67' lang='lat' dir='ltr'><strong>varia:</strong></span> 
     </span>
    </p>
   </div>
   <div class='ocr_carea' id='block_1_49' title="bbox 2105 1956 3674 2029">
    <p class='ocr_par' dir='ltr' id='par_1_49' title="bbox 2105 1956 3674 2029">
     <span class='ocr_line' id='line_1_49' title="bbox 2105 1956 3674 2029; baseline 0 -17"><span class='ocrx_word' id='word_1_343' title='bbox 2105 1966 2291 2012; x_wconf 86' lang='lat' dir='ltr'><strong>contra</strong></span> <span class='ocrx_word' id='word_1_344' title='bbox 2321 1956 2622 2012; x_wconf 82' lang='lat' dir='ltr'><strong>Nestorium</strong></span> <span class='ocrx_word' id='word_1_345' title='bbox 2647 1966 2913 2028; x_wconf 86' lang='lat' dir='ltr'><strong>coguntur</strong></span> <span class='ocrx_word' id='word_1_346' title='bbox 2943 1960 3154 2026; x_wconf 76' lang='lat' dir='ltr'><strong>synodi,</strong></span> <span class='ocrx_word' id='word_1_347' title='bbox 3178 1957 3399 2029; x_wconf 84' lang='lat' dir='ltr'><strong>ejusque</strong></span> <span class='ocrx_word' id='word_1_348' title='bbox 3426 1960 3674 2014; x_wconf 71' lang='lat' dir='ltr'><strong>hzeresitr-</strong></span> 
     </span>
    </p>
   </div>
   <div class='ocr_carea' id='block_1_50' title="bbox 2106 2049 3671 2120">
    <p class='ocr_par' dir='ltr' id='par_1_50' title="bbox 2106 2049 3671 2120">
     <span class='ocr_line' id='line_1_50' title="bbox 2106 2049 3671 2120; baseline 0 -16"><span class='ocrx_word' id='word_1_349' title='bbox 2106 2049 2501 2116; x_wconf 88' lang='lat' dir='ltr'><strong>condemnant;</strong></span> <span class='ocrx_word' id='word_1_350' title='bbox 2528 2059 2584 2103; x_wconf 92' lang='lat' dir='ltr'><strong>et</strong></span> <span class='ocrx_word' id='word_1_351' title='bbox 2617 2051 2759 2105; x_wconf 89' lang='lat' dir='ltr'><strong>inter</strong></span> <span class='ocrx_word' id='word_1_352' title='bbox 2784 2049 2922 2104; x_wconf 89' lang='lat' dir='ltr'><strong>alias</strong></span> <span class='ocrx_word' id='word_1_353' title='bbox 2944 2050 3235 2120; x_wconf 82' lang='lat' dir='ltr'><strong>Ephesina,</strong></span> <span class='ocrx_word' id='word_1_354' title='bbox 3256 2065 3374 2120; x_wconf 79' lang='lat' dir='ltr'><strong>qua:</strong></span> <span class='ocrx_word' id='word_1_355' title='bbox 3399 2051 3476 2106; x_wconf 92' lang='lat' dir='ltr'><strong>sic</strong></span> <span class='ocrx_word' id='word_1_356' title='bbox 3500 2051 3671 2104; x_wconf 88' lang='lat' dir='ltr'><strong>fulmi-</strong></span> 
     </span>
    </p>
   </div>
   <div class='ocr_carea' id='block_1_51' title="bbox 2107 2137 3675 2214">
    <p class='ocr_par' dir='ltr' id='par_1_51' title="bbox 2107 2137 3675 2214">
     <span class='ocr_line' id='line_1_51' title="bbox 2107 2137 3675 2214; baseline -0.001 -17"><span class='ocrx_word' id='word_1_357' title='bbox 2107 2152 2237 2198; x_wconf 86' lang='lat' dir='ltr'><strong>nat:</strong></span> <span class='ocrx_word' id='word_1_358' title='bbox 2264 2141 2332 2194; x_wconf 84' lang='grc' dir='ltr'><strong>Εῐ</strong></span> <span class='ocrx_word' id='word_1_359' title='bbox 2359 2159 2443 2206; x_wconf 79' lang='grc' dir='ltr'><strong>τις</strong></span> <span class='ocrx_word' id='word_1_360' title='bbox 2467 2143 2568 2213; x_wconf 85' lang='grc' dir='ltr'>οὐχ</span> <span class='ocrx_word' id='word_1_361' title='bbox 2595 2141 2849 2213; x_wconf 78' lang='grc' dir='ltr'>ὁμολογεῖ</span> <span class='ocrx_word' id='word_1_362' title='bbox 2879 2142 3011 2195; x_wconf 84' lang='grc' dir='ltr'>Θεὸν</span> <span class='ocrx_word' id='word_1_363' title='bbox 3061 2137 3199 2195; x_wconf 73' lang='grc' dir='ltr'>εἶναι</span> <span class='ocrx_word' id='word_1_364' title='bbox 3231 2142 3373 2195; x_wconf 79' lang='grc' dir='ltr'><strong>κατὰ</strong></span> <span class='ocrx_word' id='word_1_365' title='bbox 3423 2141 3675 2214; x_wconf 84' lang='grc' dir='ltr'>ἀλήθειαν</span> 
     </span>
    </p>
   </div>
   <div class='ocr_carea' id='block_1_52' title="bbox 2103 2233 3674 2306">
    <p class='ocr_par' dir='ltr' id='par_1_52' title="bbox 2103 2233 3674 2306">
     <span class='ocr_line' id='line_1_52' title="bbox 2103 2233 3674 2306; baseline -0.002 -17"><span class='ocrx_word' id='word_1_366' title='bbox 2103 2235 2192 2289; x_wconf 87' lang='grc' dir='ltr'>τὸν</span> <span class='ocrx_word' id='word_1_367' title='bbox 2239 2235 2607 2306; x_wconf 72' lang='grc' dir='ltr'><strong>Ἐμμανουὴλ.</strong></span> <span class='ocrx_word' id='word_1_368' title='bbox 2645 2235 2740 2288; x_wconf 71' lang='grc' dir='ltr'><strong>καὶ</strong></span> <span class='ocrx_word' id='word_1_369' title='bbox 2769 2235 2859 2290; x_wconf 83' lang='grc' dir='ltr'><strong>διὰ</strong></span> <span class='ocrx_word' id='word_1_370' title='bbox 2904 2235 3067 2289; x_wconf 77' lang='grc' dir='ltr'>τοῦτο</span> <span class='ocrx_word' id='word_1_371' title='bbox 3095 2235 3356 2288; x_wconf 84' lang='grc' dir='ltr'>Θεοτόκον</span> <span class='ocrx_word' id='word_1_372' title='bbox 3395 2234 3493 2305; x_wconf 76' lang='grc' dir='ltr'>τὴν</span> <span class='ocrx_word' id='word_1_373' title='bbox 3518 2233 3674 2302; x_wconf 83' lang='grc' dir='ltr'>ἁγίαν</span> 
     </span>
    </p>
   </div>
   <div class='ocr_carea' id='block_1_53' title="bbox 2105 2324 3674 2397">
    <p class='ocr_par' dir='ltr' id='par_1_53' title="bbox 2105 2324 3674 2397">
     <span class='ocr_line' id='line_1_53' title="bbox 2105 2324 3674 2397; baseline 0.001 -20"><span class='ocrx_word' id='word_1_374' title='bbox 2105 2324 2381 2397; x_wconf 81' lang='grc' dir='ltr'><strong>Παρθένον</strong></span> <span class='ocrx_word' id='word_1_375' title='bbox 2420 2325 2740 2396; x_wconf 76' lang='grc' dir='ltr'>(γεγέννηκε</span> <span class='ocrx_word' id='word_1_376' title='bbox 2777 2326 2884 2396; x_wconf 82' lang='grc' dir='ltr'>γὰρ</span> <span class='ocrx_word' id='word_1_377' title='bbox 2912 2325 3186 2397; x_wconf 78' lang='grc' dir='ltr'><strong>σαρκικῶς</strong></span> <span class='ocrx_word' id='word_1_378' title='bbox 3217 2324 3394 2396; x_wconf 80' lang='grc' dir='ltr'>σάρκα</span> <span class='ocrx_word' id='word_1_379' title='bbox 3418 2325 3674 2393; x_wconf 81' lang='grc' dir='ltr'>γεγονότα</span> 
     </span>
    </p>
   </div>
   <div class='ocr_carea' id='block_1_54' title="bbox 2104 2415 3674 2486">
    <p class='ocr_par' dir='ltr' id='par_1_54' title="bbox 2104 2415 3674 2486">
     <span class='ocr_line' id='line_1_54' title="bbox 2104 2415 3674 2486; baseline -0.001 -17"><span class='ocrx_word' id='word_1_380' title='bbox 2104 2415 2195 2469; x_wconf 81' lang='grc' dir='ltr'>τὸν</span> <span class='ocrx_word' id='word_1_381' title='bbox 2249 2417 2314 2469; x_wconf 80' lang='grc' dir='ltr'>ὲκ</span> <span class='ocrx_word' id='word_1_382' title='bbox 2365 2416 2500 2469; x_wconf 80' lang='grc' dir='ltr'>Θεοῦ</span> <span class='ocrx_word' id='word_1_383' title='bbox 2532 2415 2750 2486; x_wconf 78' lang='grc' dir='ltr'>Λόγον)ο</span> <span class='ocrx_word' id='word_1_384' title='bbox 2785 2415 3033 2486; x_wconf 81' lang='grc' dir='ltr'>ἀνάθεμα</span> <span class='ocrx_word' id='word_1_385' title='bbox 3062 2415 3222 2468; x_wconf 73' lang='grc' dir='ltr'><strong>ἔστω.</strong></span> <span class='ocrx_word' id='word_1_386' title='bbox 3257 2432 3278 2468; x_wconf 78' lang='lat' dir='ltr'><strong>t</strong></span> <span class='ocrx_word' id='word_1_387' title='bbox 3321 2415 3377 2468; x_wconf 89' lang='lat' dir='ltr'><strong>Si</strong></span> <span class='ocrx_word' id='word_1_388' title='bbox 3403 2415 3524 2484; x_wconf 86' lang='lat' dir='ltr'><strong>quis</strong></span> <span class='ocrx_word' id='word_1_389' title='bbox 3573 2429 3674 2468; x_wconf 81' lang='lat' dir='ltr'><strong>nor</strong></span> 
     </span>
    </p>
   </div>
   <div class='ocr_carea' id='block_1_55' title="bbox 2106 2505 3675 2570">
    <p class='ocr_par' dir='ltr' id='par_1_55' title="bbox 2106 2505 3675 2570">
     <span class='ocr_line' id='line_1_55' title="bbox 2106 2505 3675 2570; baseline 0 -10"><span class='ocrx_word' id='word_1_390' title='bbox 2106 2505 2396 2560; x_wconf 87' lang='lat' dir='ltr'><strong>conﬁtetur</strong></span> <span class='ocrx_word' id='word_1_391' title='bbox 2426 2506 2827 2560; x_wconf 83' lang='lat' dir='ltr'><strong>Etutnanuclem</strong></span> <span class='ocrx_word' id='word_1_392' title='bbox 2883 2521 3069 2560; x_wconf 89' lang='lat' dir='ltr'><strong>verum</strong></span> <span class='ocrx_word' id='word_1_393' title='bbox 3096 2505 3263 2560; x_wconf 90' lang='lat' dir='ltr'><strong>Deum</strong></span> <span class='ocrx_word' id='word_1_394' title='bbox 3285 2519 3426 2570; x_wconf 86' lang='lat' dir='ltr'><strong>esse,</strong></span> <span class='ocrx_word' id='word_1_395' title='bbox 3453 2515 3508 2560; x_wconf 93' lang='lat' dir='ltr'><strong>et</strong></span> <span class='ocrx_word' id='word_1_396' title='bbox 3532 2506 3600 2560; x_wconf 94' lang='lat' dir='ltr'><strong>ob</strong></span> <span class='ocrx_word' id='word_1_397' title='bbox 3626 2506 3675 2560; x_wconf 91' lang='lat' dir='ltr'><strong>id</strong></span> 
     </span>
    </p>
   </div>
   <div class='ocr_carea' id='block_1_56' title="bbox 2108 2596 3674 2668">
    <p class='ocr_par' dir='ltr' id='par_1_56' title="bbox 2108 2596 3674 2668">
     <span class='ocr_line' id='line_1_56' title="bbox 2108 2596 3674 2668; baseline 0 -16"><span class='ocrx_word' id='word_1_398' title='bbox 2108 2607 2354 2652; x_wconf 87' lang='lat' dir='ltr'><strong>sanctam</strong></span> <span class='ocrx_word' id='word_1_399' title='bbox 2393 2597 2665 2668; x_wconf 80' lang='lat' dir='ltr'><strong>Virginem</strong></span> <span class='ocrx_word' id='word_1_400' title='bbox 2740 2598 2834 2653; x_wconf 89' lang='lat' dir='ltr'><strong>Dei</strong></span> <span class='ocrx_word' id='word_1_401' title='bbox 2890 2598 3204 2668; x_wconf 80' lang='lat' dir='ltr'><strong>genitricem</strong></span> <span class='ocrx_word' id='word_1_402' title='bbox 3267 2596 3478 2668; x_wconf 81' lang='lat' dir='ltr'><strong>(genuit</strong></span> <span class='ocrx_word' id='word_1_403' title='bbox 3533 2597 3674 2652; x_wconf 88' lang='lat' dir='ltr'><strong>enim</strong></span> 
     </span>
    </p>
   </div>
   <div class='ocr_carea' id='block_1_57' title="bbox 2105 2688 3658 2760">
    <p class='ocr_par' dir='ltr' id='par_1_57' title="bbox 2105 2688 3658 2760">
     <span class='ocr_line' id='line_1_57' title="bbox 2105 2688 3658 2760; baseline -0.003 -16"><span class='ocrx_word' id='word_1_404' title='bbox 2105 2689 2549 2746; x_wconf 88' lang='lat' dir='ltr'><strong>illaincarnatum</strong></span> <span class='ocrx_word' id='word_1_405' title='bbox 2571 2691 2660 2746; x_wconf 90' lang='lat' dir='ltr'><strong>Dei</strong></span> <span class='ocrx_word' id='word_1_406' title='bbox 2686 2692 2919 2745; x_wconf 84' lang='lat' dir='ltr'><strong>Verbum</strong></span> <span class='ocrx_word' id='word_1_407' title='bbox 2937 2693 3234 2745; x_wconf 89' lang='lat' dir='ltr'><strong>secundum</strong></span> <span class='ocrx_word' id='word_1_408' title='bbox 3255 2688 3529 2760; x_wconf 88' lang='lat' dir='ltr'><strong>carnem),</strong></span> <span class='ocrx_word' id='word_1_409' title='bbox 3557 2704 3658 2741; x_wconf 89' lang='lat' dir='ltr'><strong>ana</strong></span> 
     </span>
    </p>
   </div>
   <div class='ocr_carea' id='block_1_58' title="bbox 2107 2785 3654 2854">
    <p class='ocr_par' dir='ltr' id='par_1_58' title="bbox 2107 2785 3654 2854">
     <span class='ocr_line' id='line_1_58' title="bbox 2107 2785 3654 2854; baseline -0.001 -15"><span class='ocrx_word' id='word_1_410' title='bbox 2107 2786 2290 2839; x_wconf 91' lang='lat' dir='ltr'><strong>thema</strong></span> <span class='ocrx_word' id='word_1_411' title='bbox 2346 2787 2438 2840; x_wconf 87' lang='lat' dir='ltr'><strong>sit.</strong></span> <span class='ocrx_word' id='word_1_412' title='bbox 2484 2804 2503 2837; x_wconf 83' lang='grc' dir='ltr'><strong>ι</strong></span> <span class='ocrx_word' id='word_1_413' title='bbox 2540 2785 2615 2841; x_wconf 77' lang='lat' dir='ltr'><strong>Ex</strong></span> <span class='ocrx_word' id='word_1_414' title='bbox 2661 2786 2764 2840; x_wconf 93' lang='lat' dir='ltr'><strong>hoc</strong></span> <span class='ocrx_word' id='word_1_415' title='bbox 2810 2797 2988 2840; x_wconf 90' lang='lat' dir='ltr'><strong>autem</strong></span> <span class='ocrx_word' id='word_1_416' title='bbox 3053 2795 3292 2854; x_wconf 90' lang='lat' dir='ltr'><strong>tempore</strong></span> <span class='ocrx_word' id='word_1_417' title='bbox 3340 2801 3440 2841; x_wconf 82' lang='lat' dir='ltr'><strong>vox</strong></span> <span class='ocrx_word' id='word_1_418' title='bbox 3489 2785 3654 2838; x_wconf 85' lang='grc' dir='ltr'>Θεοτό</span> 
     </span>
    </p>
   </div>
   <div class='ocr_carea' id='block_1_59' title="bbox 2105 2878 3673 2949">
    <p class='ocr_par' dir='ltr' id='par_1_59' title="bbox 2105 2878 3673 2949">
     <span class='ocr_line' id='line_1_59' title="bbox 2105 2878 3673 2949; baseline 0.001 -18"><span class='ocrx_word' id='word_1_419' title='bbox 2105 2894 2200 2941; x_wconf 86' lang='grc' dir='ltr'><strong>κος</strong></span> <span class='ocrx_word' id='word_1_420' title='bbox 2243 2878 2293 2931; x_wconf 94' lang='lat' dir='ltr'><strong>in</strong></span> <span class='ocrx_word' id='word_1_421' title='bbox 2350 2878 2672 2948; x_wconf 78' lang='lat' dir='ltr'><strong>explicando</strong></span> <span class='ocrx_word' id='word_1_422' title='bbox 2717 2879 3112 2934; x_wconf 86' lang='lat' dir='ltr'><strong>lucaruatiouis</strong></span> <span class='ocrx_word' id='word_1_423' title='bbox 3164 2880 3423 2949; x_wconf 78' lang='lat' dir='ltr'><strong>mysterio</strong></span> <span class='ocrx_word' id='word_1_424' title='bbox 3447 2880 3673 2933; x_wconf 85' lang='lat' dir='ltr'><strong>obtinuit</strong></span> 
     </span>
    </p>
   </div>
   <div class='ocr_carea' id='block_1_60' title="bbox 2105 2971 3675 3042">
    <p class='ocr_par' dir='ltr' id='par_1_60' title="bbox 2105 2971 3675 3042">
     <span class='ocr_line' id='line_1_60' title="bbox 2105 2971 3675 3042; baseline 0.003 -20"><span class='ocrx_word' id='word_1_425' title='bbox 2105 2972 2353 3024; x_wconf 74' lang='lat' dir='ltr'><strong>euntdem</strong></span> <span class='ocrx_word' id='word_1_426' title='bbox 2414 2986 2570 3024; x_wconf 88' lang='lat' dir='ltr'><strong>usum</strong></span> <span class='ocrx_word' id='word_1_427' title='bbox 2604 2983 2693 3025; x_wconf 80' lang='lat' dir='ltr'><strong>ae‘</strong></span> <span class='ocrx_word' id='word_1_428' title='bbox 2724 2972 3110 3040; x_wconf 85' lang='lat' dir='ltr'><strong>principatum,</strong></span> <span class='ocrx_word' id='word_1_429' title='bbox 3148 2986 3305 3040; x_wconf 86' lang='lat' dir='ltr'><strong>quem</strong></span> <span class='ocrx_word' id='word_1_430' title='bbox 3337 2973 3389 3024; x_wconf 91' lang='lat' dir='ltr'><strong>in</strong></span> <span class='ocrx_word' id='word_1_431' title='bbox 3419 2971 3675 3042; x_wconf 84' lang='lat' dir='ltr'><strong>mysterio</strong></span> 
     </span>
    </p>
   </div>
   <div class='ocr_carea' id='block_1_61' title="bbox 2109 3060 3675 3134">
    <p class='ocr_par' dir='ltr' id='par_1_61' title="bbox 2109 3060 3675 3134">
     <span class='ocr_line' id='line_1_61' title="bbox 2109 3060 3675 3134; baseline 0.002 -20"><span class='ocrx_word' id='word_1_432' title='bbox 2109 3060 2390 3116; x_wconf 86' lang='lat' dir='ltr'><strong>Trinitatis</strong></span> <span class='ocrx_word' id='word_1_433' title='bbox 2418 3073 2546 3117; x_wconf 89' lang='lat' dir='ltr'><strong>ante</strong></span> <span class='ocrx_word' id='word_1_434' title='bbox 2595 3064 2908 3118; x_wconf 90' lang='lat' dir='ltr'><strong>obtinuerat</strong></span> <span class='ocrx_word' id='word_1_435' title='bbox 2948 3079 3048 3117; x_wconf 78' lang='lat' dir='ltr'><strong>vox</strong></span> <span class='ocrx_word' id='word_1_436' title='bbox 3081 3063 3386 3134; x_wconf 80' lang='grc' dir='ltr'><strong>ὁμοούσιος.</strong></span> <span class='ocrx_word' id='word_1_437' title='bbox 3415 3063 3486 3118; x_wconf 86' lang='lat' dir='ltr'><strong>Ut</strong></span> <span class='ocrx_word' id='word_1_438' title='bbox 3535 3065 3675 3119; x_wconf 90' lang='lat' dir='ltr'><strong>enim</strong></span> 
     </span>
    </p>
   </div>
   <div class='ocr_carea' id='block_1_62' title="bbox 427 3119 3674 3224">
    <p class='ocr_par' dir='ltr' id='par_1_62' title="bbox 427 3119 3674 3224">
     <span class='ocr_line' id='line_1_62' title="bbox 427 3119 3674 3224; baseline 0.007 -36"><span class='ocrx_word' id='word_1_439' title='bbox 427 3150 536 3205; x_wconf 89' lang='lat' dir='ltr'><strong>que</strong></span> <span class='ocrx_word' id='word_1_440' title='bbox 591 3137 852 3204; x_wconf 90' lang='lat' dir='ltr'><strong>novisset,</strong></span> <span class='ocrx_word' id='word_1_441' title='bbox 903 3139 1135 3208; x_wconf 89' lang='lat' dir='ltr'><strong>plurium</strong></span> <span class='ocrx_word' id='word_1_442' title='bbox 1186 3143 1544 3198; x_wconf 89' lang='lat' dir='ltr'><strong>conciliorum</strong></span> <span class='ocrx_word' id='word_1_443' title='bbox 1589 3145 1900 3202; x_wconf 87' lang='lat' dir='ltr'><strong>sanctiones</strong></span> <span class='ocrx_word' id='word_1_444' title='bbox 1949 3157 2003 3202; x_wconf 92' lang='lat' dir='ltr'><strong>et</strong></span> <span class='ocrx_word' id='word_1_445' title='bbox 2030 3119 2073 3176; x_wconf 64' lang='grc' dir='ltr'>ε·</span> <span class='ocrx_word' id='word_1_446' title='bbox 2109 3154 2161 3207; x_wconf 91' lang='lat' dir='ltr'><strong>in</strong></span> <span class='ocrx_word' id='word_1_447' title='bbox 2191 3153 2474 3208; x_wconf 88' lang='lat' dir='ltr'><strong>Trinitatis</strong></span> <span class='ocrx_word' id='word_1_448' title='bbox 2501 3156 2762 3224; x_wconf 81' lang='lat' dir='ltr'><strong>mysterio</strong></span> <span class='ocrx_word' id='word_1_449' title='bbox 2795 3165 2904 3210; x_wconf 90' lang='lat' dir='ltr'><strong>tota</strong></span> <span class='ocrx_word' id='word_1_450' title='bbox 2945 3157 3068 3210; x_wconf 86' lang='lat' dir='ltr'><strong>ﬁdei</strong></span> <span class='ocrx_word' id='word_1_451' title='bbox 3110 3157 3392 3211; x_wconf 76' lang='lat' dir='ltr'><strong>catholica:</strong></span> <span class='ocrx_word' id='word_1_452' title='bbox 3431 3157 3569 3211; x_wconf 89' lang='lat' dir='ltr'><strong>ratio</strong></span> <span class='ocrx_word' id='word_1_453' title='bbox 3600 3167 3674 3210; x_wconf 81' lang='lat' dir='ltr'><strong>at-</strong></span> 
     </span>
    </p>
   </div>
   <div class='ocr_carea' id='block_1_63' title="bbox 429 3226 2004 3305">
    <p class='ocr_par' dir='ltr' id='par_1_63' title="bbox 429 3226 2004 3305">
     <span class='ocr_line' id='line_1_63' title="bbox 429 3226 2004 3305; baseline 0.008 -27"><span class='ocrx_word' id='word_1_454' title='bbox 429 3226 914 3282; x_wconf 88' lang='lat' dir='ltr'><strong>anathematismos</strong></span> <span class='ocrx_word' id='word_1_455' title='bbox 943 3231 1124 3284; x_wconf 88' lang='lat' dir='ltr'><strong>vocari</strong></span> <span class='ocrx_word' id='word_1_456' title='bbox 1175 3245 1439 3298; x_wconf 88' lang='lat' dir='ltr'><strong>canones,</strong></span> <span class='ocrx_word' id='word_1_457' title='bbox 1472 3235 1618 3288; x_wconf 91' lang='lat' dir='ltr'><strong>venit</strong></span> <span class='ocrx_word' id='word_1_458' title='bbox 1644 3236 1742 3305; x_wconf 87' lang='lat' dir='ltr'><strong>ipsi</strong></span> <span class='ocrx_word' id='word_1_459' title='bbox 1774 3237 1827 3290; x_wconf 92' lang='lat' dir='ltr'><strong>in</strong></span> <span class='ocrx_word' id='word_1_460' title='bbox 1854 3252 2004 3291; x_wconf 91' lang='lat' dir='ltr'><strong>meu-</strong></span> 
     </span>
    </p>
   </div>
   <div class='ocr_carea' id='block_1_64' title="bbox 434 3318 2000 3397">
    <p class='ocr_par' dir='ltr' id='par_1_64' title="bbox 434 3318 2000 3397">
     <span class='ocr_line' id='line_1_64' title="bbox 434 3318 2000 3397; baseline 0.008 -27"><span class='ocrx_word' id='word_1_461' title='bbox 434 3328 538 3371; x_wconf 91' lang='lat' dir='ltr'><strong>tem</strong></span> <span class='ocrx_word' id='word_1_462' title='bbox 574 3318 835 3388; x_wconf 85' lang='lat' dir='ltr'><strong>cogitare,</strong></span> <span class='ocrx_word' id='word_1_463' title='bbox 866 3320 1120 3391; x_wconf 80' lang='lat' dir='ltr'><strong>Magnum</strong></span> <span class='ocrx_word' id='word_1_464' title='bbox 1155 3339 1420 3377; x_wconf 86' lang='lat' dir='ltr'><strong>canoncm</strong></span> <span class='ocrx_word' id='word_1_465' title='bbox 1456 3340 1576 3380; x_wconf 89' lang='lat' dir='ltr'><strong>esse</strong></span> <span class='ocrx_word' id='word_1_466' title='bbox 1607 3326 1818 3397; x_wconf 85' lang='lat' dir='ltr'><strong>longam</strong></span> <span class='ocrx_word' id='word_1_467' title='bbox 1853 3327 2000 3383; x_wconf 81' lang='lat' dir='ltr'><strong>illaut</strong></span> 
     </span>
    </p>
   </div>
   <div class='ocr_carea' id='block_1_65' title="bbox 429 3411 2002 3487">
    <p class='ocr_par' dir='ltr' id='par_1_65' title="bbox 429 3411 2002 3487">
     <span class='ocr_line' id='line_1_65' title="bbox 429 3411 2002 3487; baseline 0.01 -26"><span class='ocrx_word' id='word_1_468' title='bbox 429 3423 710 3463; x_wconf 84' lang='lat' dir='ltr'><strong>sacrorum</strong></span> <span class='ocrx_word' id='word_1_469' title='bbox 767 3411 1074 3481; x_wconf 83' lang='lat' dir='ltr'><strong>dogmatnm</strong></span> <span class='ocrx_word' id='word_1_470' title='bbox 1121 3422 1282 3483; x_wconf 89' lang='lat' dir='ltr'><strong>atque</strong></span> <span class='ocrx_word' id='word_1_471' title='bbox 1336 3418 1737 3472; x_wconf 80' lang='lat' dir='ltr'><strong>anathematunt</strong></span> <span class='ocrx_word' id='word_1_472' title='bbox 1785 3421 2002 3487; x_wconf 80' lang='lat' dir='ltr'><strong>seriem,</strong></span> 
     </span>
    </p>
   </div>
   <div class='ocr_carea' id='block_1_66' title="bbox 426 3502 2004 3578">
    <p class='ocr_par' dir='ltr' id='par_1_66' title="bbox 426 3502 2004 3578">
     <span class='ocr_line' id='line_1_66' title="bbox 426 3502 2004 3578; baseline 0.01 -27"><span class='ocrx_word' id='word_1_473' title='bbox 426 3515 590 3569; x_wconf 82' lang='lat' dir='ltr'><strong>quam</strong></span> <span class='ocrx_word' id='word_1_474' title='bbox 618 3502 774 3557; x_wconf 90' lang='lat' dir='ltr'><strong>modo</strong></span> <span class='ocrx_word' id='word_1_475' title='bbox 795 3504 1054 3558; x_wconf 81' lang='lat' dir='ltr'><strong>diximus.</strong></span> <span class='ocrx_word' id='word_1_476' title='bbox 1080 3505 1170 3558; x_wconf 86' lang='lat' dir='ltr'><strong>llis</strong></span> <span class='ocrx_word' id='word_1_477' title='bbox 1201 3519 1379 3560; x_wconf 90' lang='lat' dir='ltr'><strong>autem</strong></span> <span class='ocrx_word' id='word_1_478' title='bbox 1412 3510 1482 3561; x_wconf 90' lang='lat' dir='ltr'><strong>ita</strong></span> <span class='ocrx_word' id='word_1_479' title='bbox 1510 3511 1838 3578; x_wconf 90' lang='lat' dir='ltr'><strong>constitutis,</strong></span> <span class='ocrx_word' id='word_1_480' title='bbox 1877 3529 2004 3567; x_wconf 85' lang='lat' dir='ltr'><strong>cen-</strong></span> 
     </span>
    </p>
   </div>
   <div class='ocr_carea' id='block_1_67' title="bbox 430 3591 1999 3670">
    <p class='ocr_par' dir='ltr' id='par_1_67' title="bbox 430 3591 1999 3670">
     <span class='ocr_line' id='line_1_67' title="bbox 430 3591 1999 3670; baseline 0.009 -27"><span class='ocrx_word' id='word_1_481' title='bbox 430 3591 546 3644; x_wconf 81' lang='lat' dir='ltr'><strong>sen‘</strong></span> <span class='ocrx_word' id='word_1_482' title='bbox 587 3592 703 3646; x_wconf 85' lang='lat' dir='ltr'><strong>ﬁeri</strong></span> <span class='ocrx_word' id='word_1_483' title='bbox 749 3595 1012 3664; x_wconf 78' lang='lat' dir='ltr'><strong>potuisse,</strong></span> <span class='ocrx_word' id='word_1_484' title='bbox 1052 3596 1322 3652; x_wconf 79' lang='lat' dir='ltr'><strong>utJunius</strong></span> <span class='ocrx_word' id='word_1_485' title='bbox 1359 3599 1532 3667; x_wconf 88' lang='lat' dir='ltr'><strong>prima</strong></span> <span class='ocrx_word' id='word_1_486' title='bbox 1565 3599 1843 3658; x_wconf 88' lang='lat' dir='ltr'><strong>Dominica</strong></span> <span class='ocrx_word' id='word_1_487' title='bbox 1863 3603 1999 3670; x_wconf 83' lang='lat' dir='ltr'><strong>Qua-</strong></span> 
     </span>
    </p>
   </div>
   <div class='ocr_carea' id='block_1_68' title="bbox 429 3685 2005 3762">
    <p class='ocr_par' dir='ltr' id='par_1_68' title="bbox 429 3685 2005 3762">
     <span class='ocr_line' id='line_1_68' title="bbox 429 3685 2005 3762; baseline 0.012 -29"><span class='ocrx_word' id='word_1_488' title='bbox 429 3685 748 3751; x_wconf 71' lang='lat' dir='ltr'><strong>dragesimtc</strong></span> <span class='ocrx_word' id='word_1_489' title='bbox 777 3685 974 3739; x_wconf 89' lang='lat' dir='ltr'><strong>festum</strong></span> <span class='ocrx_word' id='word_1_490' title='bbox 1001 3686 1179 3758; x_wconf 80' lang='lat' dir='ltr'><strong>Magni</strong></span> <span class='ocrx_word' id='word_1_491' title='bbox 1224 3692 1448 3744; x_wconf 84' lang='lat' dir='ltr'><strong>canonis</strong></span> <span class='ocrx_word' id='word_1_492' title='bbox 1467 3694 1552 3762; x_wconf 89' lang='lat' dir='ltr'><strong>agi</strong></span> <span class='ocrx_word' id='word_1_493' title='bbox 1580 3709 1686 3748; x_wconf 90' lang='lat' dir='ltr'><strong>non</strong></span> <span class='ocrx_word' id='word_1_494' title='bbox 1713 3696 2005 3750; x_wconf 51' lang='lat' dir='ltr'><strong>arbitrare-</strong></span> 
     </span>
    </p>
   </div>
   <div class='ocr_carea' id='block_1_69' title="bbox 435 3773 2005 3859">
    <p class='ocr_par' dir='ltr' id='par_1_69' title="bbox 435 3773 2005 3859">
     <span class='ocr_line' id='line_1_69' title="bbox 435 3773 2005 3859; baseline 0.011 -34"><span class='ocrx_word' id='word_1_495' title='bbox 435 3784 520 3826; x_wconf 91' lang='lat' dir='ltr'><strong>tur</strong></span> <span class='ocrx_word' id='word_1_496' title='bbox 540 3774 562 3827; x_wconf 87' lang='lat'><strong>?</strong></span> <span class='ocrx_word' id='word_1_497' title='bbox 586 3773 662 3826; x_wconf 70' lang='lat' dir='ltr'><strong>lin</strong></span> <span class='ocrx_word' id='word_1_498' title='bbox 709 3776 872 3845; x_wconf 87' lang='lat' dir='ltr'><strong>igitur</strong></span> <span class='ocrx_word' id='word_1_499' title='bbox 904 3779 1068 3848; x_wconf 87' lang='lat' dir='ltr'><strong>stirps</strong></span> <span class='ocrx_word' id='word_1_500' title='bbox 1095 3796 1158 3834; x_wconf 89' lang='lat' dir='ltr'><strong>ac</strong></span> <span class='ocrx_word' id='word_1_501' title='bbox 1174 3797 1355 3834; x_wconf 78' lang='lat' dir='ltr'><strong>semen</strong></span> <span class='ocrx_word' id='word_1_502' title='bbox 1384 3780 1600 3837; x_wconf 61' lang='lat' dir='ltr'><strong>duuiani</strong></span> <span class='ocrx_word' id='word_1_503' title='bbox 1631 3787 2005 3859; x_wconf 84' lang='lat' dir='ltr'><strong>crrorisl0uge</strong></span> 
     </span>
    </p>
   </div>
   <div class='ocr_carea' id='block_1_70' title="bbox 441 3865 2004 3948">
    <p class='ocr_par' dir='ltr' id='par_1_70' title="bbox 441 3865 2004 3948">
     <span class='ocr_line' id='line_1_70' title="bbox 441 3865 2004 3948; baseline 0.011 -32"><span class='ocrx_word' id='word_1_504' title='bbox 441 3865 928 3932; x_wconf 75' lang='lat' dir='ltr'><strong>verisimillimum;</strong></span> <span class='ocrx_word' id='word_1_505' title='bbox 974 3880 1028 3924; x_wconf 90' lang='lat' dir='ltr'><strong>et</strong></span> <span class='ocrx_word' id='word_1_506' title='bbox 1066 3871 1224 3924; x_wconf 90' lang='lat' dir='ltr'><strong>simul</strong></span> <span class='ocrx_word' id='word_1_507' title='bbox 1267 3874 1504 3938; x_wconf 89' lang='lat' dir='ltr'><strong>addisce,</strong></span> <span class='ocrx_word' id='word_1_508' title='bbox 1555 3889 1816 3944; x_wconf 91' lang='lat' dir='ltr'><strong>quantum</strong></span> <span class='ocrx_word' id='word_1_509' title='bbox 1861 3881 2004 3948; x_wconf 84' lang='lat' dir='ltr'><strong>peri-</strong></span> 
     </span>
    </p>
   </div>
   <div class='ocr_carea' id='block_1_71' title="bbox 440 3959 2003 4037">
    <p class='ocr_par' dir='ltr' id='par_1_71' title="bbox 440 3959 2003 4037">
     <span class='ocr_line' id='line_1_71' title="bbox 440 3959 2003 4037; baseline 0.012 -31"><span class='ocrx_word' id='word_1_510' title='bbox 440 3959 620 4012; x_wconf 71' lang='lat' dir='ltr'><strong>culum</strong></span> <span class='ocrx_word' id='word_1_511' title='bbox 653 3961 867 4014; x_wconf 87' lang='lat' dir='ltr'><strong>errandi</strong></span> <span class='ocrx_word' id='word_1_512' title='bbox 900 3964 1097 4016; x_wconf 86' lang='lat' dir='ltr'><strong>adeant</strong></span> <span class='ocrx_word' id='word_1_513' title='bbox 1123 3963 1218 4026; x_wconf 89' lang='lat' dir='ltr'><strong>illi,</strong></span> <span class='ocrx_word' id='word_1_514' title='bbox 1243 3963 1331 4032; x_wconf 91' lang='lat' dir='ltr'><strong>qui</strong></span> <span class='ocrx_word' id='word_1_515' title='bbox 1357 3974 1481 4018; x_wconf 91' lang='lat' dir='ltr'><strong>ante</strong></span> <span class='ocrx_word' id='word_1_516' title='bbox 1521 3969 1587 4021; x_wconf 86' lang='lat' dir='ltr'><strong>de</strong></span> <span class='ocrx_word' id='word_1_517' title='bbox 1609 3969 1787 4037; x_wconf 86' lang='lat' dir='ltr'><strong>aliqua</strong></span> <span class='ocrx_word' id='word_1_518' title='bbox 1820 3985 1877 4024; x_wconf 89' lang='lat' dir='ltr'><strong>re</strong></span> <span class='ocrx_word' id='word_1_519' title='bbox 1919 3969 2003 4024; x_wconf 52' lang='lat' dir='ltr'><strong>di.</strong></span> 
     </span>
    </p>
   </div>
   <div class='ocr_carea' id='block_1_72' title="bbox 429 4053 2002 4128">
    <p class='ocr_par' dir='ltr' id='par_1_72' title="bbox 429 4053 2002 4128">
     <span class='ocr_line' id='line_1_72' title="bbox 429 4053 2002 4128; baseline 0.01 -26"><span class='ocrx_word' id='word_1_520' title='bbox 429 4059 562 4104; x_wconf 85' lang='lat' dir='ltr'><strong>cunt</strong></span> <span class='ocrx_word' id='word_1_521' title='bbox 607 4053 930 4106; x_wconf 83' lang='lat' dir='ltr'><strong>sententiam</strong></span> <span class='ocrx_word' id='word_1_522' title='bbox 959 4095 975 4121; x_wconf 93' lang='lat'><strong>,</strong></span> <span class='ocrx_word' id='word_1_523' title='bbox 1004 4069 1164 4122; x_wconf 90' lang='lat' dir='ltr'><strong>quam</strong></span> <span class='ocrx_word' id='word_1_524' title='bbox 1219 4056 1529 4126; x_wconf 67' lang='lat' dir='ltr'><strong>intelligunt</strong></span> <span class='ocrx_word' id='word_1_525' title='bbox 1576 4062 1702 4128; x_wconf 89' lang='lat' dir='ltr'><strong>quid</strong></span> <span class='ocrx_word' id='word_1_526' title='bbox 1743 4062 1813 4116; x_wconf 90' lang='lat' dir='ltr'><strong>sit</strong></span> <span class='ocrx_word' id='word_1_527' title='bbox 1849 4062 1899 4115; x_wconf 94' lang='lat' dir='ltr'><strong>id</strong></span> <span class='ocrx_word' id='word_1_528' title='bbox 1936 4065 2002 4118; x_wconf 91' lang='lat' dir='ltr'><strong>de</strong></span> 
     </span>
    </p>
   </div>
   <div class='ocr_carea' id='block_1_73' title="bbox 430 4142 2000 4215">
    <p class='ocr_par' dir='ltr' id='par_1_73' title="bbox 430 4142 2000 4215">
     <span class='ocr_line' id='line_1_73' title="bbox 430 4142 2000 4215; baseline 0.011 -25"><span class='ocrx_word' id='word_1_529' title='bbox 430 4156 540 4208; x_wconf 90' lang='lat' dir='ltr'><strong>quo</strong></span> <span class='ocrx_word' id='word_1_530' title='bbox 595 4142 920 4209; x_wconf 87' lang='lat' dir='ltr'><strong>disputetur.</strong></span> <span class='ocrx_word' id='word_1_531' title='bbox 973 4144 1080 4200; x_wconf 87' lang='lat' dir='ltr'><strong>Nos</strong></span> <span class='ocrx_word' id='word_1_532' title='bbox 1134 4148 1456 4215; x_wconf 81' lang='lat' dir='ltr'><strong>disputaturi</strong></span> <span class='ocrx_word' id='word_1_533' title='bbox 1526 4167 1646 4206; x_wconf 78' lang='lat' dir='ltr'><strong>mox</strong></span> <span class='ocrx_word' id='word_1_534' title='bbox 1701 4155 1766 4207; x_wconf 90' lang='lat' dir='ltr'><strong>de</strong></span> <span class='ocrx_word' id='word_1_535' title='bbox 1808 4154 2000 4208; x_wconf 87' lang='grc' dir='ltr'>Θεοτο-</span> 
     </span>
    </p>
   </div>
   <div class='ocr_carea' id='block_1_74' title="bbox 431 4229 1999 4312">
    <p class='ocr_par' dir='ltr' id='par_1_74' title="bbox 431 4229 1999 4312">
     <span class='ocr_line' id='line_1_74' title="bbox 431 4229 1999 4312; baseline 0.01 -28"><span class='ocrx_word' id='word_1_536' title='bbox 431 4229 592 4294; x_wconf 68' lang='grc' dir='ltr'><strong>λεοις,</strong></span> <span class='ocrx_word' id='word_1_537' title='bbox 628 4231 921 4299; x_wconf 87' lang='lat' dir='ltr'><strong>periculum</strong></span> <span class='ocrx_word' id='word_1_538' title='bbox 971 4234 1110 4288; x_wconf 90' lang='lat' dir='ltr'><strong>istud</strong></span> <span class='ocrx_word' id='word_1_539' title='bbox 1134 4237 1425 4293; x_wconf 86' lang='lat' dir='ltr'><strong>lorntidare</strong></span> <span class='ocrx_word' id='word_1_540' title='bbox 1469 4241 1687 4296; x_wconf 91' lang='lat' dir='ltr'><strong>minime</strong></span> <span class='ocrx_word' id='word_1_541' title='bbox 1711 4243 1999 4312; x_wconf 90' lang='lat' dir='ltr'><strong>debemus;</strong></span> 
     </span>
    </p>
   </div>
   <div class='ocr_carea' id='block_1_75' title="bbox 430 4320 2001 4394">
    <p class='ocr_par' dir='ltr' id='par_1_75' title="bbox 430 4320 2001 4394">
     <span class='ocr_line' id='line_1_75' title="bbox 430 4320 2001 4394; baseline 0.012 -22"><span class='ocrx_word' id='word_1_542' title='bbox 430 4321 559 4389; x_wconf 87' lang='lat' dir='ltr'><strong>quia</strong></span> <span class='ocrx_word' id='word_1_543' title='bbox 581 4320 866 4376; x_wconf 85' lang='grc' dir='ltr'>Θεοτόκιον</span> <span class='ocrx_word' id='word_1_544' title='bbox 892 4325 1020 4394; x_wconf 92' lang='lat' dir='ltr'><strong>quid</strong></span> <span class='ocrx_word' id='word_1_545' title='bbox 1049 4327 1142 4390; x_wconf 83' lang='lat' dir='ltr'><strong>sit,</strong></span> <span class='ocrx_word' id='word_1_546' title='bbox 1167 4325 1278 4394; x_wconf 85' lang='lat' dir='ltr'><strong>jam</strong></span> <span class='ocrx_word' id='word_1_547' title='bbox 1308 4343 1451 4382; x_wconf 90' lang='lat' dir='ltr'><strong>nunc</strong></span> <span class='ocrx_word' id='word_1_548' title='bbox 1487 4330 1820 4387; x_wconf 90' lang='lat' dir='ltr'><strong>instituimus</strong></span> <span class='ocrx_word' id='word_1_549' title='bbox 1850 4335 2001 4390; x_wconf 78' lang='lat' dir='ltr'><strong>dice-</strong></span> 
     </span>
    </p>
   </div>
   <div class='ocr_carea' id='block_1_76' title="bbox 2106 3245 3674 3316">
    <p class='ocr_par' dir='ltr' id='par_1_76' title="bbox 2106 3245 3674 3316">
     <span class='ocr_line' id='line_1_76' title="bbox 2106 3245 3674 3316; baseline 0.001 -17"><span class='ocrx_word' id='word_1_550' title='bbox 2106 3260 2214 3316; x_wconf 91' lang='lat' dir='ltr'><strong>que</strong></span> <span class='ocrx_word' id='word_1_551' title='bbox 2237 3245 2501 3315; x_wconf 75' lang='lat' dir='ltr'><strong>professio</strong></span> <span class='ocrx_word' id='word_1_552' title='bbox 2532 3261 2643 3301; x_wconf 91' lang='lat' dir='ltr'><strong>uno</strong></span> <span class='ocrx_word' id='word_1_553' title='bbox 2688 3247 3172 3302; x_wconf 87' lang='lat' dir='ltr'><strong>consubstantialis</strong></span> <span class='ocrx_word' id='word_1_554' title='bbox 3215 3248 3474 3302; x_wconf 88' lang='lat' dir='ltr'><strong>vocabulo</strong></span> <span class='ocrx_word' id='word_1_555' title='bbox 3510 3247 3674 3301; x_wconf 88' lang='lat' dir='ltr'><strong>conti-</strong></span> 
     </span>
    </p>
   </div>
   <div class='ocr_carea' id='block_1_77' title="bbox 2105 3338 3678 3409">
    <p class='ocr_par' dir='ltr' id='par_1_77' title="bbox 2105 3338 3678 3409">
     <span class='ocr_line' id='line_1_77' title="bbox 2105 3338 3678 3409; baseline 0.001 -17"><span class='ocrx_word' id='word_1_556' title='bbox 2105 3339 2221 3392; x_wconf 89' lang='lat' dir='ltr'><strong>neri</strong></span> <span class='ocrx_word' id='word_1_557' title='bbox 2251 3338 2577 3409; x_wconf 88' lang='lat' dir='ltr'><strong>putabatur;</strong></span> <span class='ocrx_word' id='word_1_558' title='bbox 2609 3339 2746 3393; x_wconf 89' lang='lat' dir='ltr'><strong>adeo</strong></span> <span class='ocrx_word' id='word_1_559' title='bbox 2783 3349 2842 3392; x_wconf 91' lang='lat' dir='ltr'><strong>ut</strong></span> <span class='ocrx_word' id='word_1_560' title='bbox 2894 3349 3150 3408; x_wconf 88' lang='lat' dir='ltr'><strong>tanquam</strong></span> <span class='ocrx_word' id='word_1_561' title='bbox 3202 3351 3403 3395; x_wconf 88' lang='lat' dir='ltr'><strong>tessera</strong></span> <span class='ocrx_word' id='word_1_562' title='bbox 3434 3341 3678 3408; x_wconf 64' lang='lat' dir='ltr'><strong>quaedam</strong></span> 
     </span>
    </p>
   </div>
   <div class='ocr_carea' id='block_1_78' title="bbox 2106 3430 3680 3501">
    <p class='ocr_par' dir='ltr' id='par_1_78' title="bbox 2106 3430 3680 3501">
     <span class='ocr_line' id='line_1_78' title="bbox 2106 3430 3680 3501; baseline 0.002 -19"><span class='ocrx_word' id='word_1_563' title='bbox 2106 3430 2416 3500; x_wconf 86' lang='lat' dir='ltr'><strong>haberetur,</strong></span> <span class='ocrx_word' id='word_1_564' title='bbox 2446 3446 2566 3500; x_wconf 71' lang='lat' dir='ltr'><strong>qua:</strong></span> <span class='ocrx_word' id='word_1_565' title='bbox 2593 3431 2842 3486; x_wconf 74' lang='lat' dir='ltr'><strong>ftedcrati</strong></span> <span class='ocrx_word' id='word_1_566' title='bbox 2874 3433 3173 3501; x_wconf 87' lang='lat' dir='ltr'><strong>sociatique</strong></span> <span class='ocrx_word' id='word_1_567' title='bbox 3199 3433 3463 3488; x_wconf 85' lang='lat' dir='ltr'><strong>Catholici</strong></span> <span class='ocrx_word' id='word_1_568' title='bbox 3496 3441 3680 3486; x_wconf 85' lang='lat' dir='ltr'><strong>mutuo</strong></span> 
     </span>
    </p>
   </div>
   <div class='ocr_carea' id='block_1_79' title="bbox 2107 3522 3679 3588">
    <p class='ocr_par' dir='ltr' id='par_1_79' title="bbox 2107 3522 3679 3588">
     <span class='ocr_line' id='line_1_79' title="bbox 2107 3522 3679 3588; baseline 0.003 -15"><span class='ocrx_word' id='word_1_569' title='bbox 2107 3537 2226 3574; x_wconf 63' lang='lat' dir='ltr'><strong>sese</strong></span> <span class='ocrx_word' id='word_1_570' title='bbox 2249 3522 2631 3576; x_wconf 76' lang='lat' dir='ltr'><strong>discernebant</strong></span> <span class='ocrx_word' id='word_1_571' title='bbox 2651 3523 2720 3577; x_wconf 89' lang='lat' dir='ltr'><strong>ab</strong></span> <span class='ocrx_word' id='word_1_572' title='bbox 2751 3523 3019 3588; x_wconf 89' lang='lat' dir='ltr'><strong>hostibus,</strong></span> <span class='ocrx_word' id='word_1_573' title='bbox 3052 3536 3108 3579; x_wconf 91' lang='lat' dir='ltr'><strong>et</strong></span> <span class='ocrx_word' id='word_1_574' title='bbox 3140 3525 3441 3579; x_wconf 86' lang='lat' dir='ltr'><strong>contrarias</strong></span> <span class='ocrx_word' id='word_1_575' title='bbox 3471 3524 3572 3578; x_wconf 89' lang='lat' dir='ltr'><strong>sibi</strong></span> <span class='ocrx_word' id='word_1_576' title='bbox 3598 3524 3679 3578; x_wconf 83' lang='lat' dir='ltr'><strong>iu-</strong></span> 
     </span>
    </p>
   </div>
   <div class='ocr_carea' id='block_1_80' title="bbox 2107 3611 3679 3685">
    <p class='ocr_par' dir='ltr' id='par_1_80' title="bbox 2107 3611 3679 3685">
     <span class='ocr_line' id='line_1_80' title="bbox 2107 3611 3679 3685; baseline 0.003 -22"><span class='ocrx_word' id='word_1_577' title='bbox 2107 3612 2280 3666; x_wconf 82' lang='lat' dir='ltr'><strong>vicem</strong></span> <span class='ocrx_word' id='word_1_578' title='bbox 2329 3611 2551 3667; x_wconf 89' lang='lat' dir='ltr'><strong>Sabellii</strong></span> <span class='ocrx_word' id='word_1_579' title='bbox 2587 3622 2643 3669; x_wconf 86' lang='lat' dir='ltr'><strong>et</strong></span> <span class='ocrx_word' id='word_1_580' title='bbox 2681 3614 2798 3669; x_wconf 81' lang='lat' dir='ltr'><strong>Arii</strong></span> <span class='ocrx_word' id='word_1_581' title='bbox 2826 3615 3062 3670; x_wconf 65' lang='lat' dir='ltr'><strong>haereses</strong></span> <span class='ocrx_word' id='word_1_582' title='bbox 3099 3630 3202 3669; x_wconf 89' lang='lat' dir='ltr'><strong>una</strong></span> <span class='ocrx_word' id='word_1_583' title='bbox 3239 3615 3393 3685; x_wconf 79' lang='lat' dir='ltr'><strong>plaga</strong></span> <span class='ocrx_word' id='word_1_584' title='bbox 3423 3615 3679 3669; x_wconf 89' lang='lat' dir='ltr'><strong>conﬁcie-</strong></span> 
     </span>
    </p>
   </div>
   <div class='ocr_carea' id='block_1_81' title="bbox 2109 3705 3677 3776">
    <p class='ocr_par' dir='ltr' id='par_1_81' title="bbox 2109 3705 3677 3776">
     <span class='ocr_line' id='line_1_81' title="bbox 2109 3705 3677 3776; baseline 0.001 -19"><span class='ocrx_word' id='word_1_585' title='bbox 2109 3705 2272 3769; x_wconf 90' lang='lat' dir='ltr'><strong>bant;</strong></span> <span class='ocrx_word' id='word_1_586' title='bbox 2309 3705 2386 3759; x_wconf 89' lang='lat' dir='ltr'><strong>sic</strong></span> <span class='ocrx_word' id='word_1_587' title='bbox 2421 3705 2485 3759; x_wconf 87' lang='lat' dir='ltr'><strong>ad</strong></span> <span class='ocrx_word' id='word_1_588' title='bbox 2504 3707 2857 3776; x_wconf 91' lang='lat' dir='ltr'><strong>proﬁtendam</strong></span> <span class='ocrx_word' id='word_1_589' title='bbox 2885 3708 3192 3762; x_wconf 88' lang='lat' dir='ltr'><strong>distinctius</strong></span> <span class='ocrx_word' id='word_1_590' title='bbox 3225 3708 3677 3770; x_wconf 74' lang='lat' dir='ltr'><strong>lnraruatiouem,</strong></span> 
     </span>
    </p>
   </div>
   <div class='ocr_carea' id='block_1_82' title="bbox 2109 3798 3678 3866">
    <p class='ocr_par' dir='ltr' id='par_1_82' title="bbox 2109 3798 3678 3866">
     <span class='ocr_line' id='line_1_82' title="bbox 2109 3798 3678 3866; baseline 0.001 -16"><span class='ocrx_word' id='word_1_591' title='bbox 2109 3798 2438 3866; x_wconf 87' lang='lat' dir='ltr'><strong>praecipuum</strong></span> <span class='ocrx_word' id='word_1_592' title='bbox 2476 3800 2528 3852; x_wconf 92' lang='lat' dir='ltr'><strong>in</strong></span> <span class='ocrx_word' id='word_1_593' title='bbox 2556 3813 2686 3854; x_wconf 88' lang='lat' dir='ltr'><strong>voce</strong></span> <span class='ocrx_word' id='word_1_594' title='bbox 2721 3799 2988 3862; x_wconf 83' lang='grc' dir='ltr'>Θεοτόκος</span> <span class='ocrx_word' id='word_1_595' title='bbox 3018 3808 3348 3853; x_wconf 89' lang='lat' dir='ltr'><strong>momentum</strong></span> <span class='ocrx_word' id='word_1_596' title='bbox 3381 3816 3410 3853; x_wconf 88' lang='lat' dir='ltr'><strong>a</strong></span> <span class='ocrx_word' id='word_1_597' title='bbox 3435 3798 3678 3853; x_wconf 77' lang='lat' dir='ltr'><strong>Catholi-</strong></span> 
     </span>
    </p>
   </div>
   <div class='ocr_carea' id='block_1_83' title="bbox 2104 3891 3678 3964">
    <p class='ocr_par' dir='ltr' id='par_1_83' title="bbox 2104 3891 3678 3964">
     <span class='ocr_line' id='line_1_83' title="bbox 2104 3891 3678 3964; baseline -0.001 -19"><span class='ocrx_word' id='word_1_598' title='bbox 2104 3893 2184 3945; x_wconf 91' lang='lat' dir='ltr'><strong>cis</strong></span> <span class='ocrx_word' id='word_1_599' title='bbox 2217 3892 2566 3946; x_wconf 91' lang='lat' dir='ltr'><strong>constitutum</strong></span> <span class='ocrx_word' id='word_1_600' title='bbox 2593 3900 2706 3958; x_wconf 83' lang='lat' dir='ltr'><strong>est;</strong></span> <span class='ocrx_word' id='word_1_601' title='bbox 2732 3903 2788 3947; x_wconf 90' lang='lat' dir='ltr'><strong>ct</strong></span> <span class='ocrx_word' id='word_1_602' title='bbox 2809 3907 2971 3964; x_wconf 86' lang='lat' dir='ltr'><strong>quam</strong></span> <span class='ocrx_word' id='word_1_603' title='bbox 2999 3893 3087 3947; x_wconf 93' lang='lat' dir='ltr'><strong>isti</strong></span> <span class='ocrx_word' id='word_1_604' title='bbox 3121 3893 3172 3945; x_wconf 90' lang='lat' dir='ltr'><strong>in</strong></span> <span class='ocrx_word' id='word_1_605' title='bbox 3203 3892 3398 3946; x_wconf 88' lang='lat' dir='ltr'><strong>tuenda</strong></span> <span class='ocrx_word' id='word_1_606' title='bbox 3435 3891 3520 3944; x_wconf 87' lang='lat' dir='ltr'><strong>illa</strong></span> <span class='ocrx_word' id='word_1_607' title='bbox 3548 3905 3678 3944; x_wconf 84' lang='lat' dir='ltr'><strong>voce</strong></span> 
     </span>
    </p>
   </div>
   <div class='ocr_carea' id='block_1_84' title="bbox 2105 3983 3678 4054">
    <p class='ocr_par' dir='ltr' id='par_1_84' title="bbox 2105 3983 3678 4054">
     <span class='ocr_line' id='line_1_84' title="bbox 2105 3983 3678 4054; baseline -0.001 -18"><span class='ocrx_word' id='word_1_608' title='bbox 2105 3993 2440 4047; x_wconf 90' lang='lat' dir='ltr'><strong>constantes,</strong></span> <span class='ocrx_word' id='word_1_609' title='bbox 2473 3993 2581 4037; x_wconf 91' lang='lat' dir='ltr'><strong>tam</strong></span> <span class='ocrx_word' id='word_1_610' title='bbox 2627 3985 2814 4038; x_wconf 90' lang='lat' dir='ltr'><strong>eadem</strong></span> <span class='ocrx_word' id='word_1_611' title='bbox 2844 3987 3204 4054; x_wconf 84' lang='lat' dir='ltr'><strong>oppugnanda</strong></span> <span class='ocrx_word' id='word_1_612' title='bbox 3253 3984 3562 4052; x_wconf 89' lang='lat' dir='ltr'><strong>pervicaces</strong></span> <span class='ocrx_word' id='word_1_613' title='bbox 3586 3983 3678 4036; x_wconf 90' lang='lat' dir='ltr'><strong>ad-</strong></span> 
     </span>
    </p>
   </div>
   <div class='ocr_carea' id='block_1_85' title="bbox 2108 4072 3678 4145">
    <p class='ocr_par' dir='ltr' id='par_1_85' title="bbox 2108 4072 3678 4145">
     <span class='ocr_line' id='line_1_85' title="bbox 2108 4072 3678 4145; baseline 0.001 -20"><span class='ocrx_word' id='word_1_614' title='bbox 2108 4074 2332 4128; x_wconf 89' lang='lat' dir='ltr'><strong>versarii</strong></span> <span class='ocrx_word' id='word_1_615' title='bbox 2376 4072 2547 4128; x_wconf 90' lang='lat' dir='ltr'><strong>fuere.</strong></span> <span class='ocrx_word' id='word_1_616' title='bbox 2591 4073 2768 4145; x_wconf 83' lang='lat' dir='ltr'><strong>Atque</strong></span> <span class='ocrx_word' id='word_1_617' title='bbox 2803 4091 2864 4128; x_wconf 86' lang='lat' dir='ltr'><strong>ea</strong></span> <span class='ocrx_word' id='word_1_618' title='bbox 2906 4090 3069 4129; x_wconf 84' lang='lat' dir='ltr'><strong>causa</strong></span> <span class='ocrx_word' id='word_1_619' title='bbox 3109 4075 3320 4144; x_wconf 90' lang='lat' dir='ltr'><strong>impulit</strong></span> <span class='ocrx_word' id='word_1_620' title='bbox 3351 4074 3586 4137; x_wconf 74' lang='lat' dir='ltr'><strong>Graecos.</strong></span> <span class='ocrx_word' id='word_1_621' title='bbox 3620 4087 3678 4127; x_wconf 93' lang='lat' dir='ltr'><strong>ut</strong></span> 
     </span>
    </p>
   </div>
   <div class='ocr_carea' id='block_1_86' title="bbox 2106 4165 3676 4234">
    <p class='ocr_par' dir='ltr' id='par_1_86' title="bbox 2106 4165 3676 4234">
     <span class='ocr_line' id='line_1_86' title="bbox 2106 4165 3676 4234; baseline 0.001 -17"><span class='ocrx_word' id='word_1_622' title='bbox 2106 4179 2293 4232; x_wconf 88' lang='lat' dir='ltr'><strong>preces</strong></span> <span class='ocrx_word' id='word_1_623' title='bbox 2339 4175 2395 4219; x_wconf 90' lang='lat' dir='ltr'><strong>et</strong></span> <span class='ocrx_word' id='word_1_624' title='bbox 2448 4165 2877 4231; x_wconf 88' lang='lat' dir='ltr'><strong>obsecrationes,</strong></span> <span class='ocrx_word' id='word_1_625' title='bbox 2923 4168 3120 4234; x_wconf 91' lang='lat' dir='ltr'><strong>quibus</strong></span> <span class='ocrx_word' id='word_1_626' title='bbox 3153 4167 3319 4220; x_wconf 90' lang='lat' dir='ltr'><strong>divini</strong></span> <span class='ocrx_word' id='word_1_627' title='bbox 3367 4166 3523 4221; x_wconf 87' lang='lat' dir='ltr'><strong>ollicii</strong></span> <span class='ocrx_word' id='word_1_628' title='bbox 3551 4175 3676 4221; x_wconf 55' lang='lat' dir='ltr'><strong>tem.</strong></span> 
     </span>
    </p>
   </div>
   <div class='ocr_carea' id='block_1_87' title="bbox 2106 4256 3676 4328">
    <p class='ocr_par' dir='ltr' id='par_1_87' title="bbox 2106 4256 3676 4328">
     <span class='ocr_line' id='line_1_87' title="bbox 2106 4256 3676 4328; baseline 0.002 -22"><span class='ocrx_word' id='word_1_629' title='bbox 2106 4270 2236 4323; x_wconf 89' lang='lat' dir='ltr'><strong>pore</strong></span> <span class='ocrx_word' id='word_1_630' title='bbox 2266 4271 2421 4324; x_wconf 89' lang='lat' dir='ltr'><strong>opem</strong></span> <span class='ocrx_word' id='word_1_631' title='bbox 2471 4271 2678 4327; x_wconf 75' lang='lat' dir='ltr'><strong>magnze</strong></span> <span class='ocrx_word' id='word_1_632' title='bbox 2706 4256 2890 4311; x_wconf 84' lang='lat' dir='ltr'><strong>Matris</strong></span> <span class='ocrx_word' id='word_1_633' title='bbox 2935 4259 3245 4327; x_wconf 89' lang='lat' dir='ltr'><strong>implorant,</strong></span> <span class='ocrx_word' id='word_1_634' title='bbox 3287 4258 3546 4312; x_wconf 81' lang='grc' dir='ltr'><strong>Θεοτόκια</strong></span> <span class='ocrx_word' id='word_1_635' title='bbox 3585 4274 3676 4328; x_wconf 84' lang='lat' dir='ltr'><strong>ap-</strong></span> 
     </span>
    </p>
   </div>
   <div class='ocr_carea' id='block_1_88' title="bbox 2107 4345 3676 4419">
    <p class='ocr_par' dir='ltr' id='par_1_88' title="bbox 2107 4345 3676 4419">
     <span class='ocr_line' id='line_1_88' title="bbox 2107 4345 3676 4419; baseline 0.001 -19"><span class='ocrx_word' id='word_1_636' title='bbox 2107 4345 2385 4415; x_wconf 88' lang='lat' dir='ltr'><strong>pellandas</strong></span> <span class='ocrx_word' id='word_1_637' title='bbox 2411 4349 2741 4403; x_wconf 87' lang='lat' dir='ltr'><strong>censuerint.</strong></span> <span class='ocrx_word' id='word_1_638' title='bbox 2773 4347 2918 4403; x_wconf 93' lang='lat' dir='ltr'><strong>Scita</strong></span> <span class='ocrx_word' id='word_1_639' title='bbox 2937 4350 3179 4418; x_wconf 86' lang='lat' dir='ltr'><strong>profecto</strong></span> <span class='ocrx_word' id='word_1_640' title='bbox 3202 4361 3255 4403; x_wconf 89' lang='lat' dir='ltr'><strong>et</strong></span> <span class='ocrx_word' id='word_1_641' title='bbox 3280 4351 3427 4405; x_wconf 87' lang='lat' dir='ltr'><strong>utilis</strong></span> <span class='ocrx_word' id='word_1_642' title='bbox 3452 4350 3676 4419; x_wconf 85' lang='lat' dir='ltr'><strong>appella-</strong></span> 
     </span>
    </p>
   </div>
   <div class='ocr_carea' id='block_1_89' title="bbox 431 4415 2001 4519">
    <p class='ocr_par' dir='ltr' id='par_1_89' title="bbox 431 4415 2001 4494">
     <span class='ocr_line' id='line_1_89' title="bbox 431 4415 2001 4494; baseline 0.008 -26"><span class='ocrx_word' id='word_1_643' title='bbox 431 4429 524 4480; x_wconf 86' lang='lat' dir='ltr'><strong>re;</strong></span> <span class='ocrx_word' id='word_1_644' title='bbox 557 4429 754 4483; x_wconf 86' lang='lat' dir='ltr'><strong>nempe</strong></span> <span class='ocrx_word' id='word_1_645' title='bbox 794 4415 1038 4470; x_wconf 87' lang='lat' dir='ltr'><strong>ultimunt</strong></span> <span class='ocrx_word' id='word_1_646' title='bbox 1069 4419 1292 4472; x_wconf 89' lang='lat' dir='ltr'><strong>odarum</strong></span> <span class='ocrx_word' id='word_1_647' title='bbox 1322 4419 1436 4474; x_wconf 83' lang='lat' dir='ltr'><strong>sive</strong></span> <span class='ocrx_word' id='word_1_648' title='bbox 1457 4425 1788 4478; x_wconf 84' lang='lat' dir='ltr'><strong>canticorum</strong></span> <span class='ocrx_word' id='word_1_649' title='bbox 1825 4437 2001 4494; x_wconf 78' lang='lat' dir='ltr'><strong>tropa-</strong></span> 
     </span>
    </p>
   </div>
   <div class='ocr_carea' id='block_1_90' title="bbox 2104 4415 3672 4519">
    <p class='ocr_par' dir='ltr' id='par_1_90' title="bbox 2110 4440 3672 4512">
     <span class='ocr_line' id='line_1_90' title="bbox 2110 4440 3672 4512; baseline 0.001 -22"><span class='ocrx_word' id='word_1_650' title='bbox 2110 4440 2184 4492; x_wconf 90' lang='lat' dir='ltr'><strong>tio</strong></span> <span class='ocrx_word' id='word_1_651' title='bbox 2213 4460 2226 4493; x_wconf 95' lang='lat'><strong><em>:</em></strong></span> <span class='ocrx_word' id='word_1_652' title='bbox 2269 4455 2392 4492; x_wconf 86' lang='lat' dir='ltr'><strong>natu</strong></span> <span class='ocrx_word' id='word_1_653' title='bbox 2432 4441 2860 4510; x_wconf 88' lang='lat' dir='ltr'><strong>quotiescunque</strong></span> <span class='ocrx_word' id='word_1_654' title='bbox 2881 4442 2962 4496; x_wconf 83' lang='lat' dir='ltr'><strong>vel</strong></span> <span class='ocrx_word' id='word_1_655' title='bbox 2993 4443 3200 4495; x_wconf 89' lang='lat' dir='ltr'><strong>titulum</strong></span> <span class='ocrx_word' id='word_1_656' title='bbox 3236 4443 3422 4497; x_wconf 88' lang='lat' dir='ltr'><strong>harum</strong></span> <span class='ocrx_word' id='word_1_657' title='bbox 3457 4457 3672 4512; x_wconf 78' lang='lat' dir='ltr'><strong>precum</strong></span> 
     </span>
    </p>
   </div>
   <div class='ocr_carea' id='block_1_91' title="bbox 430 4507 2000 4584">
    <p class='ocr_par' dir='ltr' id='par_1_91' title="bbox 430 4507 2000 4584">
     <span class='ocr_line' id='line_1_91' title="bbox 430 4507 2000 4584; baseline 0.01 -26"><span class='ocrx_word' id='word_1_658' title='bbox 430 4509 593 4572; x_wconf 84' lang='lat' dir='ltr'><strong>riunt,</strong></span> <span class='ocrx_word' id='word_1_659' title='bbox 639 4523 744 4574; x_wconf 90' lang='lat' dir='ltr'><strong>quo</strong></span> <span class='ocrx_word' id='word_1_660' title='bbox 787 4507 1000 4576; x_wconf 88' lang='lat' dir='ltr'><strong>aliquod</strong></span> <span class='ocrx_word' id='word_1_661' title='bbox 1055 4509 1294 4579; x_wconf 74' lang='lat' dir='ltr'><strong>Virginis</strong></span> <span class='ocrx_word' id='word_1_662' title='bbox 1333 4513 1521 4568; x_wconf 87' lang='lat' dir='ltr'><strong>matris</strong></span> <span class='ocrx_word' id='word_1_663' title='bbox 1569 4518 1920 4584; x_wconf 67' lang='lat' dir='ltr'><strong>praeconium,</strong></span> <span class='ocrx_word' id='word_1_664' title='bbox 1948 4528 2000 4573; x_wconf 88' lang='lat' dir='ltr'><strong>et</strong></span> 
     </span>
    </p>
   </div>
   <div class='ocr_carea' id='block_1_92' title="bbox 429 4599 2003 4672">
    <p class='ocr_par' dir='ltr' id='par_1_92' title="bbox 429 4599 2003 4672">
     <span class='ocr_line' id='line_1_92' title="bbox 429 4599 2003 4672; baseline 0.011 -24"><span class='ocrx_word' id='word_1_665' title='bbox 429 4599 649 4667; x_wconf 88' lang='lat' dir='ltr'><strong>quidem</strong></span> <span class='ocrx_word' id='word_1_666' title='bbox 679 4601 1144 4653; x_wconf 79' lang='lat' dir='ltr'><strong>accouuuodatuut</strong></span> <span class='ocrx_word' id='word_1_667' title='bbox 1181 4606 1428 4672; x_wconf 83' lang='lat' dir='ltr'><strong>tempori,</strong></span> <span class='ocrx_word' id='word_1_668' title='bbox 1475 4607 1800 4662; x_wconf 89' lang='lat' dir='ltr'><strong>continetur.</strong></span> <span class='ocrx_word' id='word_1_669' title='bbox 1855 4609 2003 4665; x_wconf 88' lang='lat' dir='ltr'><strong>Solet</strong></span> 
     </span>
    </p>
   </div>
   <div class='ocr_carea' id='block_1_93' title="bbox 432 4690 2000 4759">
    <p class='ocr_par' dir='ltr' id='par_1_93' title="bbox 432 4690 2000 4759">
     <span class='ocr_line' id='line_1_93' title="bbox 432 4690 2000 4759; baseline 0.013 -19"><span class='ocrx_word' id='word_1_670' title='bbox 432 4700 613 4742; x_wconf 85' lang='lat' dir='ltr'><strong>autem</strong></span> <span class='ocrx_word' id='word_1_671' title='bbox 653 4691 706 4744; x_wconf 91' lang='lat' dir='ltr'><strong>in</strong></span> <span class='ocrx_word' id='word_1_672' title='bbox 736 4690 928 4746; x_wconf 80' lang='lat' dir='ltr'><strong>olliciis</strong></span> <span class='ocrx_word' id='word_1_673' title='bbox 955 4694 1340 4751; x_wconf 87' lang='lat' dir='ltr'><strong>ecclesiasticis</strong></span> <span class='ocrx_word' id='word_1_674' title='bbox 1365 4708 1641 4754; x_wconf 89' lang='lat' dir='ltr'><strong>contracta</strong></span> <span class='ocrx_word' id='word_1_675' title='bbox 1677 4702 1777 4757; x_wconf 91' lang='lat' dir='ltr'><strong>hac</strong></span> <span class='ocrx_word' id='word_1_676' title='bbox 1805 4715 1930 4758; x_wconf 89' lang='lat' dir='ltr'><strong>nota</strong></span> <span class='ocrx_word' id='word_1_677' title='bbox 1972 4705 2000 4759; x_wconf 83' lang='lat'><strong>0</strong></span> 
     </span>
    </p>
   </div>
   <div class='ocr_carea' id='block_1_94' title="bbox 433 4785 2000 4863">
    <p class='ocr_par' dir='ltr' id='par_1_94' title="bbox 433 4785 2000 4863">
     <span class='ocr_line' id='line_1_94' title="bbox 433 4785 2000 4863; baseline 0.011 -28"><span class='ocrx_word' id='word_1_678' title='bbox 433 4799 538 4836; x_wconf 92' lang='lat' dir='ltr'><strong>non</strong></span> <span class='ocrx_word' id='word_1_679' title='bbox 565 4797 689 4837; x_wconf 88' lang='lat' dir='ltr'><strong>raro</strong></span> <span class='ocrx_word' id='word_1_680' title='bbox 715 4785 930 4855; x_wconf 86' lang='lat' dir='ltr'><strong>depiugi</strong></span> <span class='ocrx_word' id='word_1_681' title='bbox 950 4804 963 4853; x_wconf 93' lang='lat'><strong>;</strong></span> <span class='ocrx_word' id='word_1_682' title='bbox 985 4799 1039 4840; x_wconf 91' lang='lat' dir='ltr'><strong>et</strong></span> <span class='ocrx_word' id='word_1_683' title='bbox 1067 4798 1192 4842; x_wconf 89' lang='lat' dir='ltr'><strong>ante</strong></span> <span class='ocrx_word' id='word_1_684' title='bbox 1217 4793 1571 4858; x_wconf 91' lang='lat' dir='ltr'><strong>peuultimum</strong></span> <span class='ocrx_word' id='word_1_685' title='bbox 1594 4798 1885 4863; x_wconf 83' lang='lat' dir='ltr'><strong>trepariunt</strong></span> <span class='ocrx_word' id='word_1_686' title='bbox 1920 4800 2000 4863; x_wconf 82' lang='grc' dir='ltr'><strong>τὸ,</strong></span> 
     </span>
    </p>
   </div>
   <div class='ocr_carea' id='block_1_95' title="bbox 428 4879 2004 4957">
    <p class='ocr_par' dir='ltr' id='par_1_95' title="bbox 428 4879 2004 4957">
     <span class='ocr_line' id='line_1_95' title="bbox 428 4879 2004 4957; baseline 0.008 -25"><span class='ocrx_word' id='word_1_687' title='bbox 428 4879 584 4944; x_wconf 82' lang='grc' dir='ltr'><strong>Δόξα</strong></span> <span class='ocrx_word' id='word_1_688' title='bbox 621 4880 803 4948; x_wconf 83' lang='grc' dir='ltr'><strong>Πατρὶ</strong></span> <span class='ocrx_word' id='word_1_689' title='bbox 829 4881 926 4935; x_wconf 79' lang='grc' dir='ltr'><strong>καὶ</strong></span> <span class='ocrx_word' id='word_1_690' title='bbox 975 4881 1083 4947; x_wconf 86' lang='grc' dir='ltr'><strong>Υἱῷ</strong></span> <span class='ocrx_word' id='word_1_691' title='bbox 1134 4882 1232 4936; x_wconf 80' lang='grc' dir='ltr'><strong>καὶ</strong></span> <span class='ocrx_word' id='word_1_692' title='bbox 1273 4884 1418 4953; x_wconf 79' lang='grc' dir='ltr'><strong>ἁγίῳ</strong></span> <span class='ocrx_word' id='word_1_693' title='bbox 1473 4888 1790 4957; x_wconf 57' lang='lat' dir='ltr'><strong>nmmum,</strong></span> <span class='ocrx_word' id='word_1_694' title='bbox 1823 4888 2004 4944; x_wconf 83' lang='lat' dir='ltr'><strong>Gloria</strong></span> 
     </span>
    </p>
   </div>
   <div class='ocr_carea' id='block_1_96' title="bbox 430 4969 2005 5048">
    <p class='ocr_par' dir='ltr' id='par_1_96' title="bbox 430 4969 2005 5048">
     <span class='ocr_line' id='line_1_96' title="bbox 430 4969 2005 5048; baseline 0.01 -24"><span class='ocrx_word' id='word_1_695' title='bbox 430 4969 606 5038; x_wconf 81' lang='lat' dir='ltr'><strong>Patri,</strong></span> <span class='ocrx_word' id='word_1_696' title='bbox 623 5002 806 5048; x_wconf 35' lang='grc' dir='ltr'><strong>χχχ</strong></span> <span class='ocrx_word' id='word_1_697' title='bbox 841 4988 887 5029; x_wconf 84' lang='lat' dir='ltr'><strong>et</strong></span> <span class='ocrx_word' id='word_1_698' title='bbox 919 4975 1059 5029; x_wconf 77' lang='lat' dir='ltr'><strong>Filio</strong></span> <span class='ocrx_word' id='word_1_699' title='bbox 1085 4990 1129 5031; x_wconf 82' lang='lat' dir='ltr'><strong>et</strong></span> <span class='ocrx_word' id='word_1_700' title='bbox 1160 4979 1380 5048; x_wconf 76' lang='lat' dir='ltr'><strong>Spiritui</strong></span> <span class='ocrx_word' id='word_1_701' title='bbox 1408 4990 1587 5032; x_wconf 79' lang='lat' dir='ltr'><strong>sancto</strong></span> <span class='ocrx_word' id='word_1_702' title='bbox 1611 4991 1887 5036; x_wconf 88' lang='lat' dir='ltr'><strong>contracte</strong></span> <span class='ocrx_word' id='word_1_703' title='bbox 1907 4984 2005 5040; x_wconf 86' lang='lat' dir='ltr'><strong>hac</strong></span> 
     </span>
    </p>
   </div>
   <div class='ocr_carea' id='block_1_97' title="bbox 428 5002 2003 5144">
    <p class='ocr_par' dir='ltr' id='par_1_97' title="bbox 428 5002 2003 5144">
     <span class='ocr_line' id='line_1_97' title="bbox 430 5002 2003 5048; baseline 0.009 -23"><span class='ocrx_word' id='word_1_704' title='bbox 430 5002 454 5025; x_wconf 74' lang='grc' dir='ltr'><strong><em>ι</em></strong></span> <span class='ocrx_word' id='word_1_705' title='bbox 483 5002 606 5038; x_wconf 73' lang='lat' dir='ltr'><strong>una,</strong></span> <span class='ocrx_word' id='word_1_706' title='bbox 841 5002 886 5029; x_wconf 72' lang='grc' dir='ltr'><strong>τι</strong></span> <span class='ocrx_word' id='word_1_707' title='bbox 919 5002 952 5028; x_wconf 84' lang='grc' dir='ltr'><strong>ι’</strong></span> <span class='ocrx_word' id='word_1_708' title='bbox 971 5002 1059 5029; x_wconf 88' lang='lat' dir='ltr'><strong>uw</strong></span> <span class='ocrx_word' id='word_1_709' title='bbox 1085 5002 1127 5031; x_wconf 71' lang='lat' dir='ltr'><strong>et</strong></span> <span class='ocrx_word' id='word_1_710' title='bbox 1160 5002 1379 5048; x_wconf 69' lang='lat' dir='ltr'><strong>.‘pn&#39;ttul</strong></span> <span class='ocrx_word' id='word_1_711' title='bbox 1408 5002 1587 5032; x_wconf 65' lang='grc' dir='ltr'><strong>θαησιο</strong></span> <span class='ocrx_word' id='word_1_712' title='bbox 1611 5002 1887 5036; x_wconf 73' lang='grc' dir='ltr'><strong>υυιιιῐειςιϐ</strong></span> <span class='ocrx_word' id='word_1_713' title='bbox 1907 5002 2003 5040; x_wconf 85' lang='lat' dir='ltr'><strong>nac</strong></span> 
     </span>
     <span class='ocr_line' id='line_1_98' title="bbox 428 5002 2003 5144; baseline 0.004 -22"><span class='ocrx_word' id='word_1_714' title='bbox 428 5066 598 5136; x_wconf 81' lang='lat' dir='ltr'><strong>ﬁgura</strong></span> <span class='ocrx_word' id='word_1_715' title='bbox 618 5002 1084 5129; x_wconf 59' lang='lat' dir='ltr'><strong>3&gt;notatum</strong></span> <span class='ocrx_word' id='word_1_716' title='bbox 1117 5076 1448 5142; x_wconf 58' lang='lat' dir='ltr'><strong>conspicitur</strong></span> <span class='ocrx_word' id='word_1_717' title='bbox 1480 5089 1865 5144; x_wconf 88' lang='lat' dir='ltr'><strong>;.scqueusque</strong></span> <span class='ocrx_word' id='word_1_718' title='bbox 1888 5091 2003 5129; x_wconf 84' lang='lat' dir='ltr'><strong>ver-</strong></span> 
     </span>
    </p>
   </div>
   <div class='ocr_carea' id='block_1_98' title="bbox 429 5166 2003 5234">
    <p class='ocr_par' dir='ltr' id='par_1_98' title="bbox 429 5166 2003 5234">
     <span class='ocr_line' id='line_1_99' title="bbox 429 5166 2003 5234; baseline -0.001 -12"><span class='ocrx_word' id='word_1_719' title='bbox 429 5167 656 5234; x_wconf 87' lang='lat' dir='ltr'><strong>siculus,</strong></span> <span class='ocrx_word' id='word_1_720' title='bbox 686 5168 795 5221; x_wconf 78' lang='grc' dir='ltr'><strong>Καὶ</strong></span> <span class='ocrx_word' id='word_1_721' title='bbox 835 5166 973 5234; x_wconf 77' lang='grc' dir='ltr'><strong>νῦν,</strong></span> <span class='ocrx_word' id='word_1_722' title='bbox 1010 5167 1110 5220; x_wconf 78' lang='grc' dir='ltr'><strong>καὶ</strong></span> <span class='ocrx_word' id='word_1_723' title='bbox 1141 5167 1276 5231; x_wconf 71' lang='grc' dir='ltr'><strong>αἰεὶ,</strong></span> <span class='ocrx_word' id='word_1_724' title='bbox 1325 5167 1425 5221; x_wconf 81' lang='grc' dir='ltr'><strong>καὶ</strong></span> <span class='ocrx_word' id='word_1_725' title='bbox 1470 5169 1556 5233; x_wconf 79' lang='grc' dir='ltr'><strong>εἰς</strong></span> <span class='ocrx_word' id='word_1_726' title='bbox 1599 5167 1741 5234; x_wconf 80' lang='grc' dir='ltr'><strong>τοὺς</strong></span> <span class='ocrx_word' id='word_1_727' title='bbox 1784 5167 2003 5233; x_wconf 73' lang='grc' dir='ltr'><strong>αἰῶνας</strong></span> 
     </span>
    </p>
   </div>
   <div class='ocr_carea' id='block_1_99' title="bbox 426 5259 2016 5328">
    <p class='ocr_par' dir='ltr' id='par_1_99' title="bbox 426 5259 2016 5328">
     <span class='ocr_line' id='line_1_100' title="bbox 426 5259 2016 5328; baseline 0 -14"><span class='ocrx_word' id='word_1_728' title='bbox 426 5259 547 5315; x_wconf 79' lang='grc' dir='ltr'><strong>τῶν</strong></span> <span class='ocrx_word' id='word_1_729' title='bbox 578 5260 826 5324; x_wconf 76' lang='grc' dir='ltr'><strong>αἰώνων,</strong></span> <span class='ocrx_word' id='word_1_730' title='bbox 850 5259 916 5312; x_wconf 83' lang='grc' dir='ltr'>Ει</span> <span class='ocrx_word' id='word_1_731' title='bbox 942 5276 1077 5313; x_wconf 83' lang='lat' dir='ltr'><strong>nunc</strong></span> <span class='ocrx_word' id='word_1_732' title='bbox 1105 5271 1152 5314; x_wconf 85' lang='lat' dir='ltr'><strong>et</strong></span> <span class='ocrx_word' id='word_1_733' title='bbox 1185 5276 1384 5328; x_wconf 77' lang='lat' dir='ltr'><strong>semper</strong></span> <span class='ocrx_word' id='word_1_734' title='bbox 1407 5271 1454 5313; x_wconf 85' lang='lat' dir='ltr'><strong>et</strong></span> <span class='ocrx_word' id='word_1_735' title='bbox 1485 5261 1539 5313; x_wconf 82' lang='lat' dir='ltr'><strong>in</strong></span> <span class='ocrx_word' id='word_1_736' title='bbox 1564 5262 1755 5314; x_wconf 65' lang='lat' dir='ltr'><strong>saecula</strong></span> <span class='ocrx_word' id='word_1_737' title='bbox 1784 5262 2016 5314; x_wconf 54' lang='lat' dir='ltr'><strong>sa&#39;culo-r</strong></span> 
     </span>
    </p>
   </div>
   <div class='ocr_carea' id='block_1_100' title="bbox 429 5352 1998 5425">
    <p class='ocr_par' dir='ltr' id='par_1_100' title="bbox 429 5352 1998 5425">
     <span class='ocr_line' id='line_1_101' title="bbox 429 5352 1998 5425; baseline -0.001 -18"><span class='ocrx_word' id='word_1_738' title='bbox 429 5369 543 5407; x_wconf 84' lang='lat' dir='ltr'><strong>rum</strong></span> <span class='ocrx_word' id='word_1_739' title='bbox 564 5395 580 5421; x_wconf 92' lang='lat'><strong>,</strong></span> <span class='ocrx_word' id='word_1_740' title='bbox 609 5353 689 5420; x_wconf 79' lang='grc' dir='ltr'><strong>τῷ</strong></span> <span class='ocrx_word' id='word_1_741' title='bbox 717 5353 990 5425; x_wconf 80' lang='grc' dir='ltr'>Θεοτοκίῳ</span> <span class='ocrx_word' id='word_1_742' title='bbox 1012 5369 1225 5424; x_wconf 88' lang='lat' dir='ltr'><strong>semper</strong></span> <span class='ocrx_word' id='word_1_743' title='bbox 1248 5355 1611 5424; x_wconf 55' lang='lat' dir='ltr'><strong>prtia-mittitur.</strong></span> <span class='ocrx_word' id='word_1_744' title='bbox 1643 5352 1758 5406; x_wconf 86' lang='lat' dir='ltr'><strong>Non</strong></span> <span class='ocrx_word' id='word_1_745' title='bbox 1781 5369 1998 5418; x_wconf 81' lang='lat' dir='ltr'><strong>[)OSSUIII</strong></span> 
     </span>
    </p>
   </div>
   <div class='ocr_carea' id='block_1_101' title="bbox 427 5443 2001 5515">
    <p class='ocr_par' dir='ltr' id='par_1_101' title="bbox 427 5443 2001 5515">
     <span class='ocr_line' id='line_1_102' title="bbox 427 5443 2001 5515; baseline 0.004 -19"><span class='ocrx_word' id='word_1_746' title='bbox 427 5447 555 5515; x_wconf 87' lang='lat' dir='ltr'><strong>quin</strong></span> <span class='ocrx_word' id='word_1_747' title='bbox 599 5447 685 5502; x_wconf 83' lang='lat' dir='ltr'><strong>hic</strong></span> <span class='ocrx_word' id='word_1_748' title='bbox 714 5449 874 5502; x_wconf 89' lang='lat' dir='ltr'><strong>etiam</strong></span> <span class='ocrx_word' id='word_1_749' title='bbox 907 5449 1072 5503; x_wconf 89' lang='lat' dir='ltr'><strong>verbo</strong></span> <span class='ocrx_word' id='word_1_750' title='bbox 1100 5447 1375 5512; x_wconf 78' lang='lat' dir='ltr'><strong>adnoteui,</strong></span> <span class='ocrx_word' id='word_1_751' title='bbox 1409 5445 1592 5500; x_wconf 80' lang='lat' dir='ltr'><strong>Gloria</strong></span> <span class='ocrx_word' id='word_1_752' title='bbox 1625 5443 1827 5500; x_wconf 81' lang='lat' dir='ltr'><strong>Patria</strong></span> <span class='ocrx_word' id='word_1_753' title='bbox 1851 5446 2001 5502; x_wconf 69' lang='lat' dir='ltr'><strong>Grae-</strong></span> 
     </span>
    </p>
   </div>
   <div class='ocr_carea' id='block_1_102' title="bbox 427 5539 1998 5616">
    <p class='ocr_par' dir='ltr' id='par_1_102' title="bbox 427 5539 1998 5616">
     <span class='ocr_line' id='line_1_103' title="bbox 427 5539 1998 5616; baseline -0.001 -22"><span class='ocrx_word' id='word_1_754' title='bbox 427 5540 507 5594; x_wconf 87' lang='lat' dir='ltr'><strong>cis</strong></span> <span class='ocrx_word' id='word_1_755' title='bbox 543 5539 992 5610; x_wconf 72' lang='grc' dir='ltr'>(1ἱεὶΔοξο).ογίαν</span> <span class='ocrx_word' id='word_1_756' title='bbox 1017 5542 1241 5616; x_wconf 87' lang='grc' dir='ltr'>μικράν,</span> <span class='ocrx_word' id='word_1_757' title='bbox 1269 5543 1385 5597; x_wconf 87' lang='lat' dir='ltr'><strong>sive</strong></span> <span class='ocrx_word' id='word_1_758' title='bbox 1417 5539 1866 5610; x_wconf 87' lang='lat' dir='ltr'><strong>gloriﬁcationem</strong></span> <span class='ocrx_word' id='word_1_759' title='bbox 1895 5539 1998 5592; x_wconf 90' lang='lat' dir='ltr'><strong>mi-</strong></span> 
     </span>
    </p>
   </div>
   <div class='ocr_carea' id='block_1_103' title="bbox 422 5629 1997 5704">
    <p class='ocr_par' dir='ltr' id='par_1_103' title="bbox 422 5629 1997 5704">
     <span class='ocr_line' id='line_1_104' title="bbox 422 5629 1997 5704; baseline -0.001 -17"><span class='ocrx_word' id='word_1_760' title='bbox 422 5645 614 5688; x_wconf 83' lang='lat' dir='ltr'><strong>norem</strong></span> <span class='ocrx_word' id='word_1_761' title='bbox 664 5633 730 5686; x_wconf 90' lang='lat' dir='ltr'><strong>ad</strong></span> <span class='ocrx_word' id='word_1_762' title='bbox 787 5632 1142 5688; x_wconf 83' lang='lat' dir='ltr'><strong>dill&#39;ereutiam</strong></span> <span class='ocrx_word' id='word_1_763' title='bbox 1198 5635 1382 5704; x_wconf 86' lang='lat' dir='ltr'><strong>hymni</strong></span> <span class='ocrx_word' id='word_1_764' title='bbox 1430 5631 1680 5702; x_wconf 83' lang='lat' dir='ltr'><strong>angelici,</strong></span> <span class='ocrx_word' id='word_1_765' title='bbox 1726 5629 1906 5684; x_wconf 84' lang='lat' dir='ltr'><strong>Gloria</strong></span> <span class='ocrx_word' id='word_1_766' title='bbox 1943 5633 1997 5685; x_wconf 74' lang='lat' dir='ltr'><strong>in</strong></span> 
     </span>
    </p>
   </div>
   <div class='ocr_carea' id='block_1_104' title="bbox 425 5723 1996 5796">
    <p class='ocr_par' dir='ltr' id='par_1_104' title="bbox 425 5723 1996 5796">
     <span class='ocr_line' id='line_1_105' title="bbox 425 5723 1996 5796; baseline 0 -17"><span class='ocrx_word' id='word_1_767' title='bbox 425 5723 663 5786; x_wconf 66' lang='lat' dir='ltr'><strong>excelsis.</strong></span> <span class='ocrx_word' id='word_1_768' title='bbox 682 5739 800 5788; x_wconf 61' lang='lat' dir='ltr'><strong>quae</strong></span> <span class='ocrx_word' id='word_1_769' title='bbox 824 5724 1023 5780; x_wconf 89' lang='lat' dir='ltr'><strong>dicitur</strong></span> <span class='ocrx_word' id='word_1_770' title='bbox 1044 5725 1329 5794; x_wconf 81' lang='grc' dir='ltr'>Δοξολογία</span> <span class='ocrx_word' id='word_1_771' title='bbox 1365 5725 1578 5796; x_wconf 81' lang='grc' dir='ltr'>μεγάλη</span> <span class='ocrx_word' id='word_1_772' title='bbox 1594 5727 1638 5782; x_wconf 89' lang='lat' dir='ltr'><strong>si</strong></span> <span class='ocrx_word' id='word_1_773' title='bbox 1648 5741 1709 5782; x_wconf 85' lang='lat' dir='ltr'><strong>re</strong></span> <span class='ocrx_word' id='word_1_774' title='bbox 1727 5725 1996 5796; x_wconf 80' lang='lat' dir='ltr'><strong>glorifica-</strong></span> 
     </span>
    </p>
   </div>
   <div class='ocr_carea' id='block_1_105' title="bbox 2106 4531 3676 4605">
    <p class='ocr_par' dir='ltr' id='par_1_105' title="bbox 2106 4531 3676 4605">
     <span class='ocr_line' id='line_1_106' title="bbox 2106 4531 3676 4605; baseline 0.003 -23"><span class='ocrx_word' id='word_1_775' title='bbox 2106 4531 2840 4602; x_wconf 84' lang='lat' dir='ltr'><strong>intuebautur(intuebantur</strong></span> <span class='ocrx_word' id='word_1_776' title='bbox 2876 4543 3053 4587; x_wconf 89' lang='lat' dir='ltr'><strong>autem</strong></span> <span class='ocrx_word' id='word_1_777' title='bbox 3086 4535 3430 4605; x_wconf 70' lang='lat' dir='ltr'><strong>swpissitnc),</strong></span> <span class='ocrx_word' id='word_1_778' title='bbox 3458 4549 3561 4587; x_wconf 92' lang='lat' dir='ltr'><strong>non</strong></span> <span class='ocrx_word' id='word_1_779' title='bbox 3583 4548 3676 4602; x_wconf 88' lang='lat' dir='ltr'><strong>po-</strong></span> 
     </span>
    </p>
   </div>
   <div class='ocr_carea' id='block_1_106' title="bbox 2107 4625 3674 4698">
    <p class='ocr_par' dir='ltr' id='par_1_106' title="bbox 2107 4625 3674 4698">
     <span class='ocr_line' id='line_1_107' title="bbox 2107 4625 3674 4698; baseline 0.003 -23"><span class='ocrx_word' id='word_1_780' title='bbox 2107 4633 2247 4676; x_wconf 88' lang='lat' dir='ltr'><strong>terat</strong></span> <span class='ocrx_word' id='word_1_781' title='bbox 2277 4640 2379 4678; x_wconf 90' lang='lat' dir='ltr'><strong>tt0n</strong></span> <span class='ocrx_word' id='word_1_782' title='bbox 2406 4625 2536 4693; x_wconf 87' lang='lat' dir='ltr'><strong>ipsis</strong></span> <span class='ocrx_word' id='word_1_783' title='bbox 2577 4626 2762 4679; x_wconf 85' lang='lat' dir='ltr'><strong>venire</strong></span> <span class='ocrx_word' id='word_1_784' title='bbox 2795 4627 2846 4678; x_wconf 92' lang='lat' dir='ltr'><strong>in</strong></span> <span class='ocrx_word' id='word_1_785' title='bbox 2881 4637 3141 4690; x_wconf 88' lang='lat' dir='ltr'><strong>mentem,</strong></span> <span class='ocrx_word' id='word_1_786' title='bbox 3162 4642 3214 4682; x_wconf 90' lang='lat' dir='ltr'><strong>et</strong></span> <span class='ocrx_word' id='word_1_787' title='bbox 3253 4628 3409 4682; x_wconf 81' lang='lat' dir='ltr'><strong>fidem</strong></span> <span class='ocrx_word' id='word_1_788' title='bbox 3433 4628 3674 4698; x_wconf 79' lang='lat' dir='ltr'><strong>profiteri</strong></span> 
     </span>
    </p>
   </div>
   <div class='ocr_carea' id='block_1_107' title="bbox 2104 4717 3675 4787">
    <p class='ocr_par' dir='ltr' id='par_1_107' title="bbox 2104 4717 3675 4787">
     <span class='ocr_line' id='line_1_108' title="bbox 2104 4717 3675 4787; baseline 0.001 -18"><span class='ocrx_word' id='word_1_789' title='bbox 2104 4717 2482 4779; x_wconf 82' lang='lat' dir='ltr'><strong>orthodoxam,</strong></span> <span class='ocrx_word' id='word_1_790' title='bbox 2503 4727 2556 4772; x_wconf 91' lang='lat' dir='ltr'><strong>et</strong></span> <span class='ocrx_word' id='word_1_791' title='bbox 2588 4718 2916 4787; x_wconf 84' lang='lat' dir='ltr'><strong>impietatem</strong></span> <span class='ocrx_word' id='word_1_792' title='bbox 2944 4717 3180 4773; x_wconf 72' lang='lat' dir='ltr'><strong>Nestorii</strong></span> <span class='ocrx_word' id='word_1_793' title='bbox 3205 4721 3503 4774; x_wconf 80' lang='lat' dir='ltr'><strong>exsecrari.</strong></span> <span class='ocrx_word' id='word_1_794' title='bbox 3524 4719 3675 4773; x_wconf 80' lang='lat' dir='ltr'><strong>Mitto</strong></span> 
     </span>
    </p>
   </div>
   <div class='ocr_carea' id='block_1_108' title="bbox 2103 4809 3672 4881">
    <p class='ocr_par' dir='ltr' id='par_1_108' title="bbox 2103 4809 3672 4881">
     <span class='ocr_line' id='line_1_109' title="bbox 2103 4809 3672 4881; baseline 0.002 -21"><span class='ocrx_word' id='word_1_795' title='bbox 2103 4809 2285 4863; x_wconf 88' lang='lat' dir='ltr'><strong>dicere</strong></span> <span class='ocrx_word' id='word_1_796' title='bbox 2313 4820 2645 4879; x_wconf 81' lang='lat' dir='ltr'><strong>quantopere</strong></span> <span class='ocrx_word' id='word_1_797' title='bbox 2672 4827 2734 4865; x_wconf 82' lang='lat' dir='ltr'><strong>ex</strong></span> <span class='ocrx_word' id='word_1_798' title='bbox 2765 4821 2870 4866; x_wconf 88' lang='lat' dir='ltr'><strong>tam</strong></span> <span class='ocrx_word' id='word_1_799' title='bbox 2899 4813 3083 4866; x_wconf 85' lang='lat' dir='ltr'><strong>multis</strong></span> <span class='ocrx_word' id='word_1_800' title='bbox 3113 4821 3332 4881; x_wconf 89' lang='lat' dir='ltr'><strong>tamque</strong></span> <span class='ocrx_word' id='word_1_801' title='bbox 3347 4813 3514 4866; x_wconf 88' lang='lat' dir='ltr'><strong>variis</strong></span> <span class='ocrx_word' id='word_1_802' title='bbox 3543 4813 3672 4863; x_wconf 53' lang='grc' dir='ltr'>Θεοί</span> 
     </span>
    </p>
   </div>
   <div class='ocr_carea' id='block_1_109' title="bbox 2102 4901 3669 4971">
    <p class='ocr_par' dir='ltr' id='par_1_109' title="bbox 2102 4901 3669 4971">
     <span class='ocr_line' id='line_1_110' title="bbox 2102 4901 3669 4971; baseline 0.001 -18"><span class='ocrx_word' id='word_1_803' title='bbox 2102 4901 2322 4965; x_wconf 80' lang='grc' dir='ltr'><strong>τοκίοις,</strong></span> <span class='ocrx_word' id='word_1_804' title='bbox 2357 4903 2409 4955; x_wconf 91' lang='lat' dir='ltr'><strong>in</strong></span> <span class='ocrx_word' id='word_1_805' title='bbox 2464 4904 2655 4971; x_wconf 91' lang='lat' dir='ltr'><strong>quovis</strong></span> <span class='ocrx_word' id='word_1_806' title='bbox 2690 4905 2942 4957; x_wconf 82' lang='lat' dir='ltr'><strong>horarum</strong></span> <span class='ocrx_word' id='word_1_807' title='bbox 2981 4903 3156 4958; x_wconf 80' lang='lat' dir='ltr'><strong>ollicio</strong></span> <span class='ocrx_word' id='word_1_808' title='bbox 3196 4905 3413 4958; x_wconf 87' lang='lat' dir='ltr'><strong>recitari</strong></span> <span class='ocrx_word' id='word_1_809' title='bbox 3475 4903 3669 4967; x_wconf 80' lang='lat' dir='ltr'><strong>SOllllS,</strong></span> 
     </span>
    </p>
   </div>
   <div class='ocr_carea' id='block_1_110' title="bbox 2105 4993 3671 5064">
    <p class='ocr_par' dir='ltr' id='par_1_110' title="bbox 2105 4993 3671 5064">
     <span class='ocr_line' id='line_1_111' title="bbox 2105 4993 3671 5064; baseline 0.003 -18"><span class='ocrx_word' id='word_1_810' title='bbox 2105 4993 2338 5048; x_wconf 81' lang='lat' dir='ltr'><strong>Mariana</strong></span> <span class='ocrx_word' id='word_1_811' title='bbox 2379 4995 2553 5064; x_wconf 90' lang='lat' dir='ltr'><strong>pietas</strong></span> <span class='ocrx_word' id='word_1_812' title='bbox 2592 4994 2906 5050; x_wconf 67' lang='lat' dir='ltr'><strong>Grtecorum</strong></span> <span class='ocrx_word' id='word_1_813' title='bbox 2955 4999 3165 5050; x_wconf 89' lang='lat' dir='ltr'><strong>eluceat</strong></span> <span class='ocrx_word' id='word_1_814' title='bbox 3200 5013 3213 5049; x_wconf 92' lang='lat'><strong>:</strong></span> <span class='ocrx_word' id='word_1_815' title='bbox 3247 4999 3347 5050; x_wconf 87' lang='lat' dir='ltr'><strong>hoc</strong></span> <span class='ocrx_word' id='word_1_816' title='bbox 3394 4997 3536 5051; x_wconf 87' lang='lat' dir='ltr'><strong>enim</strong></span> <span class='ocrx_word' id='word_1_817' title='bbox 3585 5011 3671 5064; x_wconf 86' lang='lat' dir='ltr'><strong>pe-</strong></span> 
     </span>
    </p>
   </div>
   <div class='ocr_carea' id='block_1_111' title="bbox 2103 5085 3671 5157">
    <p class='ocr_par' dir='ltr' id='par_1_111' title="bbox 2103 5085 3671 5157">
     <span class='ocr_line' id='line_1_112' title="bbox 2103 5085 3671 5157; baseline 0.001 -19"><span class='ocrx_word' id='word_1_818' title='bbox 2103 5085 2292 5138; x_wconf 85' lang='lat' dir='ltr'><strong>culiari</strong></span> <span class='ocrx_word' id='word_1_819' title='bbox 2339 5101 2503 5156; x_wconf 89' lang='lat' dir='ltr'><strong>opere</strong></span> <span class='ocrx_word' id='word_1_820' title='bbox 2540 5087 2716 5142; x_wconf 82' lang='lat' dir='ltr'><strong>facere</strong></span> <span class='ocrx_word' id='word_1_821' title='bbox 2749 5089 2971 5157; x_wconf 70' lang='lat' dir='ltr'><strong>iucmpit</strong></span> <span class='ocrx_word' id='word_1_822' title='bbox 3005 5100 3191 5144; x_wconf 87' lang='lat' dir='ltr'><strong>noster</strong></span> <span class='ocrx_word' id='word_1_823' title='bbox 3219 5088 3404 5142; x_wconf 88' lang='lat' dir='ltr'><strong>Simon</strong></span> <span class='ocrx_word' id='word_1_824' title='bbox 3433 5088 3671 5157; x_wconf 83' lang='lat' dir='ltr'><strong>Wagne-</strong></span> 
     </span>
    </p>
   </div>
   <div class='ocr_carea' id='block_1_112' title="bbox 2103 5176 3672 5248">
    <p class='ocr_par' dir='ltr' id='par_1_112' title="bbox 2103 5176 3672 5248">
     <span class='ocr_line' id='line_1_113' title="bbox 2103 5176 3672 5248; baseline 0 -18"><span class='ocrx_word' id='word_1_825' title='bbox 2103 5177 2376 5242; x_wconf 82' lang='lat' dir='ltr'><strong>reechius,</strong></span> <span class='ocrx_word' id='word_1_826' title='bbox 2401 5178 2564 5231; x_wconf 90' lang='lat' dir='ltr'><strong>editis</strong></span> <span class='ocrx_word' id='word_1_827' title='bbox 2610 5176 2885 5232; x_wconf 86' lang='lat' dir='ltr'><strong>Ceuturiis</strong></span> <span class='ocrx_word' id='word_1_828' title='bbox 2914 5179 3161 5248; x_wconf 86' lang='lat' dir='ltr'><strong>quinque</strong></span> <span class='ocrx_word' id='word_1_829' title='bbox 3197 5179 3448 5233; x_wconf 81' lang='lat' dir='ltr'><strong>chiliadis</strong></span> <span class='ocrx_word' id='word_1_830' title='bbox 3488 5179 3672 5244; x_wconf 74' lang='lat' dir='ltr'><strong>prima:</strong></span> 
     </span>
    </p>
   </div>
   <div class='ocr_carea' id='block_1_113' title="bbox 2101 5268 3672 5341">
    <p class='ocr_par' dir='ltr' id='par_1_113' title="bbox 2101 5268 3672 5341">
     <span class='ocr_line' id='line_1_114' title="bbox 2101 5268 3672 5341; baseline 0.001 -19"><span class='ocrx_word' id='word_1_831' title='bbox 2101 5268 2362 5335; x_wconf 86' lang='lat' dir='ltr'><strong>ejusmodi</strong></span> <span class='ocrx_word' id='word_1_832' title='bbox 2422 5271 2839 5335; x_wconf 84' lang='lat' dir='ltr'><strong>theotociorum,</strong></span> <span class='ocrx_word' id='word_1_833' title='bbox 2880 5268 3023 5325; x_wconf 72' lang='lat' dir='ltr'><strong>aliis&#39;</strong></span> <span class='ocrx_word' id='word_1_834' title='bbox 3065 5283 3248 5341; x_wconf 67' lang='lat' dir='ltr'><strong>carpta</strong></span> <span class='ocrx_word' id='word_1_835' title='bbox 3309 5271 3672 5325; x_wconf 74' lang='lat' dir='ltr'><strong>continuando</strong></span> 
     </span>
    </p>
   </div>
   <div class='ocr_carea' id='block_1_114' title="bbox 2103 5360 3368 5430">
    <p class='ocr_par' dir='ltr' id='par_1_114' title="bbox 2103 5360 3368 5430">
     <span class='ocr_line' id='line_1_115' title="bbox 2103 5360 3368 5430; baseline 0.013 -18"><span class='ocrx_word' id='word_1_836' title='bbox 2103 5360 2436 5430; x_wconf 88' lang='lat' dir='ltr'><strong>relinquens.</strong></span> <span class='ocrx_word' id='word_1_837' title='bbox 3361 5413 3368 5420; x_wconf 67' lang='grc' dir='ltr'><strong>ς</strong></span> 
     </span>
    </p>
   </div>
   <div class='ocr_carea' id='block_1_115' title="bbox 2171 5451 3670 5517">
    <p class='ocr_par' dir='ltr' id='par_1_115' title="bbox 2171 5451 3670 5517">
     <span class='ocr_line' id='line_1_116' title="bbox 2171 5451 3670 5517; baseline -0.001 -12"><span class='ocrx_word' id='word_1_838' title='bbox 2171 5451 2259 5506; x_wconf 80' lang='lat'><strong>53.</strong></span> <span class='ocrx_word' id='word_1_839' title='bbox 2323 5453 2625 5517; x_wconf 77' lang='grc' dir='ltr'>Θεοτοκίοις</span> <span class='ocrx_word' id='word_1_840' title='bbox 2691 5454 2961 5508; x_wconf 90' lang='lat' dir='ltr'><strong>interdum</strong></span> <span class='ocrx_word' id='word_1_841' title='bbox 3015 5454 3360 5509; x_wconf 88' lang='lat' dir='ltr'><strong>subnectitur</strong></span> <span class='ocrx_word' id='word_1_842' title='bbox 3427 5451 3670 5506; x_wconf 82' lang='grc' dir='ltr'><strong>καταϐα-</strong></span> 
     </span>
    </p>
   </div>
   <div class='ocr_carea' id='block_1_116' title="bbox 2099 5544 3668 5616">
    <p class='ocr_par' dir='ltr' id='par_1_116' title="bbox 2099 5544 3668 5616">
     <span class='ocr_line' id='line_1_117' title="bbox 2099 5544 3668 5616; baseline 0.001 -20"><span class='ocrx_word' id='word_1_843' title='bbox 2099 5544 2210 5598; x_wconf 82' lang='grc' dir='ltr'><strong>σία.</strong></span> <span class='ocrx_word' id='word_1_844' title='bbox 2257 5545 2363 5600; x_wconf 85' lang='lat' dir='ltr'><strong>Sed</strong></span> <span class='ocrx_word' id='word_1_845' title='bbox 2390 5547 2456 5600; x_wconf 90' lang='lat' dir='ltr'><strong>de</strong></span> <span class='ocrx_word' id='word_1_846' title='bbox 2480 5549 2582 5600; x_wconf 89' lang='lat' dir='ltr'><strong>hac</strong></span> <span class='ocrx_word' id='word_1_847' title='bbox 2610 5560 2742 5601; x_wconf 89' lang='lat' dir='ltr'><strong>voce</strong></span> <span class='ocrx_word' id='word_1_848' title='bbox 2775 5546 2944 5600; x_wconf 91' lang='lat' dir='ltr'><strong>altum</strong></span> <span class='ocrx_word' id='word_1_849' title='bbox 2973 5547 3152 5616; x_wconf 41' lang='lat' dir='ltr'><strong>.silent</strong></span> <span class='ocrx_word' id='word_1_850' title='bbox 3183 5557 3436 5601; x_wconf 90' lang='lat' dir='ltr'><strong>auctores</strong></span> <span class='ocrx_word' id='word_1_851' title='bbox 3458 5559 3668 5609; x_wconf 90' lang='lat' dir='ltr'><strong>omnes,</strong></span> 
     </span>
    </p>
   </div>
   <div class='ocr_carea' id='block_1_117' title="bbox 2101 5638 3669 5710">
    <p class='ocr_par' dir='ltr' id='par_1_117' title="bbox 2101 5638 3669 5710">
     <span class='ocr_line' id='line_1_118' title="bbox 2101 5638 3669 5710; baseline -0.001 -20"><span class='ocrx_word' id='word_1_852' title='bbox 2101 5654 2238 5706; x_wconf 91' lang='lat' dir='ltr'><strong>quos</strong></span> <span class='ocrx_word' id='word_1_853' title='bbox 2293 5638 2424 5692; x_wconf 91' lang='lat' dir='ltr'><strong>mihi</strong></span> <span class='ocrx_word' id='word_1_854' title='bbox 2473 5640 2658 5694; x_wconf 89' lang='lat' dir='ltr'><strong>videre</strong></span> <span class='ocrx_word' id='word_1_855' title='bbox 2719 5655 2958 5710; x_wconf 86' lang='lat' dir='ltr'><strong>unquam</strong></span> <span class='ocrx_word' id='word_1_856' title='bbox 3017 5641 3210 5706; x_wconf 93' lang='lat' dir='ltr'><strong>licuit,</strong></span> <span class='ocrx_word' id='word_1_857' title='bbox 3266 5649 3462 5710; x_wconf 84' lang='lat' dir='ltr'><strong>praeter</strong></span> <span class='ocrx_word' id='word_1_858' title='bbox 3505 5653 3669 5692; x_wconf 90' lang='lat' dir='ltr'><strong>unum</strong></span> 
     </span>
    </p>
   </div>
   <div class='ocr_carea' id='block_1_118' title="bbox 2099 5722 3670 5799">
    <p class='ocr_par' dir='ltr' id='par_1_118' title="bbox 2099 5722 3670 5799">
     <span class='ocr_line' id='line_1_119' title="bbox 2099 5722 3670 5799; baseline 0.003 -23"><span class='ocrx_word' id='word_1_859' title='bbox 2099 5723 2388 5796; x_wconf 63' lang='lat' dir='ltr'><strong>tiangium.</strong></span> <span class='ocrx_word' id='word_1_860' title='bbox 2443 5722 2544 5782; x_wconf 84' lang='lat' dir='ltr'><strong>Hic</strong></span> <span class='ocrx_word' id='word_1_861' title='bbox 2606 5727 2807 5782; x_wconf 89' lang='lat' dir='ltr'><strong>fatetur</strong></span> <span class='ocrx_word' id='word_1_862' title='bbox 2824 5728 2943 5798; x_wconf 81' lang='lat' dir='ltr'><strong>ejus</strong></span> <span class='ocrx_word' id='word_1_863' title='bbox 2972 5728 3083 5784; x_wconf 86' lang='lat' dir='ltr'><strong>vim</strong></span> <span class='ocrx_word' id='word_1_864' title='bbox 3113 5743 3177 5784; x_wconf 92' lang='lat' dir='ltr'><strong>ac</strong></span> <span class='ocrx_word' id='word_1_865' title='bbox 3217 5727 3670 5799; x_wconf 78' lang='lat' dir='ltr'><strong>signiﬁcationem</strong></span> 
     </span>
    </p>
   </div>
  </div>
