4076 6226
918 280 1009 335 AD
1047 272 1506 333 AGOLUTHIAM
1547 268 1792 328 OFFlCll
1833 264 2072 323 ϐῐὶᾸζιῖῐ
2116 258 2580 324 DISSERTATIO
2620 253 3086 316 ONOMASTICA.

3427 263 3633 313 CCCXXV

398 398 613 456 nescire
637 408 716 458 se,
740 393 977 458 facitque
997 390 1365 459 conjecturam
1390 387 1625 454 aliquam
1656 399 1724 440 ex
1745 381 1952 451 signiﬁ-
1979 434 1984 444 ,

2088 382 2227 454 ζύριε
2259 382 2288 433 ὁ
2315 380 2449 441 Θεὸς
2487 376 2665 448 ἡμῶν,
2703 372 3081 443 ὲξαπόστειλον
3127 371 3259 443 ἡμῖν
3312 368 3542 441 δύναμιν
3574 360 3633 431 ἐξ

398 489 604 545 catione
624 486 771 539 vocis
794 482 1076 544 ἀνάϐασις,
1095 481 1169 534 ita
1190 479 1437 534 scribens
1460 495 1473 531 ε
1503 494 1521 527 ι
1547 476 1684 543 Quid
1716 476 1817 529 hac
1835 488 1966 528 voce

397 578 565 635 (ἓνωεί
612 575 950 643 intelligant,
988 571 1221 625 nondum
1269 584 1388 629 sum
1443 575 1746 629 assecutus,
1771 564 1874 617 nisi
1907 572 1969 617 ut

399 665 703 735 ἀναϐαθμοί
747 663 949 717 fuerint
993 661 1288 724 ἀναϐάσεις
1331 658 1560 729 καρδίας
1602 672 1696 711 seu
1724 654 1966 717 εὐσεϐεῖς

399 760 526 832 ’περὶ¹
545 756 680 811 Θεοῦ
705 753 972 825 λογισμοί,
999 763 1055 805 ut
1076 753 1315 821 loquitur
1343 751 1590 812 Suidas,»
1621 749 1724 803 hoc
1747 756 1850 813 est,
1877 761 1964 801 as-

402 866 593 905 census
618 849 784 903 animi
820 862 913 901 seu
938 848 1036 915 pia:
1068 844 1425 914 cogitationes
1456 843 1524 897 de
1561 842 1701 895 Deo:
1730 857 1748 890 ι
1775 840 1846 892 ita
1869 854 1968 891 κα-

400 941 657 1003 ταϐάσεις
698 938 902 993 fuerint
951 938 1104 1005 quasi
1155 936 1476 999 descensus,
1511 948 1606 988 seu
1640 934 1706 987 de
1731 932 1969 985 humana

403 1034 691 1104 fragilitate
725 1031 1112 1100 cogitationes.
1161 1047 1180 1080 ι
1217 1027 1371 1082 Sicut
1409 1027 1633 1095 ubique,
1684 1026 1755 1079 ita
1785 1033 1840 1079 et
1880 1022 1970 1077 hic

403 1140 665 1181 summam
708 1124 807 1175 viri
850 1123 1210 1175 eruditionem
1242 1134 1497 1181 veneror,
1526 1116 1646 1185 pari
1692 1114 1970 1169 modestiae

404 1216 778 1285 coniunctam;
829 1213 933 1267 ista
974 1220 1152 1265 tamen
1186 1211 1356 1280 ipsius
1410 1210 1719 1277 conjectura
1757 1206 1971 1261 videtur

406 1306 534 1361 mihi
568 1319 635 1359 ne
660 1302 953 1372 probabilis
989 1301 1209 1369 quidem

473 1396 563 1450 54.
604 1394 717 1449 Cur
745 1402 924 1447 autem
956 1391 1030 1446 ita
1054 1391 1328 1453 videatur,
1353 1400 1687 1458 cognoscere
1709 1396 1769 1441 ut
1799 1386 1969 1454 possit

408 1488 597 1552 lector,
628 1485 781 1555 quasi
807 1500 871 1539 ea
897 1498 1018 1553 quae
1069 1482 1244 1538 oculis
1282 1488 1600 1542 cernuntur,
1627 1478 1856 1532 sulliciet
1893 1476 1967 1530 illi

409 1573 489 1625 vel
514 1572 703 1625 unicus
737 1569 982 1624 modulus
1002 1582 1067 1622 ex
1094 1568 1185 1631 iis,
1215 1565 1412 1635 quibus
1441 1565 1494 1618 in
1515 1573 1769 1618 secuturo
1797 1560 1970 1615 officio

408 1662 732 1717 Καταὸασία
760 1660 1094 1722 inscribitur,
1115 1659 1195 1712 sic
1212 1656 1507 1725 procedens
1539 1668 1554 1707 :
1587 1653 1660 1706 Τὸ
1688 1653 1972 1724 στερέωμα

2067 476 2237 546 ὕψους
2296 472 2450 541 ἁγίου
2498 487 2613 532 σου,
2666 468 2759 521 καὶ
2812 466 3091 536 ὲνίσχυσον
3122 464 3271 535 ἡμᾶς
3308 461 3632 534 προσφέρειν

2068 585 2149 621 σοι
2180 565 2369 619 θυσίαν
2397 560 2763 632 ἀναιμάκτην,
2797 569 2905 613 etc.
2941 576 2960 610 ι
2996 556 3219 611 Domine
3251 554 3391 610 Deus
3428 562 3628 621 noster,

2067 659 2255 712 emitte
2311 655 2470 711 nobis
2532 655 2598 707 de
2658 650 2877 706 excelso
2941 658 3132 704 sancto
3189 657 3280 702 tuo
3333 646 3633 709 virtutem;

2067 758 2121 805 et
2181 746 2474 803 eorrobora
2541 757 2686 806 nos,
2747 749 2808 795 ut
2878 739 2975 793 tibi
3040 737 3331 793 offeramus
3403 738 3634 793 hostiam

2070 842 2430 899 incruentam,
2455 855 2472 888 ι
2502 844 2609 889 etc.
2647 834 2718 887 At
2743 847 2871 886 vero
2907 846 3031 885 cum
3063 846 3163 885 vox
3205 831 3297 886 illa
3325 830 3637 898 ὲξαπόστει·

2067 932 2159 985 λον
2184 946 2289 985 non
2324 937 2579 983 occurrat
2601 927 2654 980 in
2679 922 2910 978 modulis
2938 923 3043 977 illis
3066 924 3337 989 omnibus,
3354 939 3459 978 non
3480 925 3637 979 video

2069 1023 2338 1092 quomodo
2371 1022 2484 1075 haec
2528 1018 2717 1088 Cangii
2754 1015 3055 1080 sententia,
3104 1027 3360 1086 tanquam
3392 1016 3639 1087 probabi‘

2068 1115 2192 1177 lior,
2227 1112 2435 1166 admitti
2468 1120 2652 1182 queat.

2140 1205 2230 1268 '56,
2263 1205 2352 1261 57.
2379 1202 2511 1257 Tam
2557 1201 2783 1256 multum
2827 1198 3085 1254 molestiae
3134 1214 3242 1253 non
3280 1200 3499 1256 facessit
3536 1214 3636 1256 vox

2069 1296 2435 1349 ἁπολυτίκιον.
2461 1293 2608 1348 lianc
2629 1293 2864 1347 breviter
2884 1307 2947 1346 ac
2970 1302 3115 1346 recte
3140 1292 3370 1360 explicat
3391 1293 3639 1348 doctissia

2071 1403 2191 1441 mus
2223 1386 2533 1452 Enchologii
2571 1387 2838 1453 interpres
2882 1376 3090 1439 Goarus
3133 1399 3255 1452 pag.
3288 1382 3378 1437 52.
3416 1401 3436 1435 ι
3489 1383 3641 1439 Finis

2070 1480 2228 1537 ollicii
2252 1477 2515 1539 ἀπόλυσις
2553 1483 2657 1543 εει,
2695 1476 2809 1531 sive
2841 1475 3085 1529 dimissio
3112 1494 3125 1529 ε
3154 1474 3402 1530 Modulus
3428 1475 3515 1530 ille
3547 1480 3639 1547 qui

2074 1570 2416 1627 terminando
2478 1567 2653 1623 ollicio
2722 1567 2949 1622 idoneus
3016 1578 3307 1633 censetur,
3381 1566 3641 1623 ἀπολυτι-

2076 1681 2194 1718 κιον
2244 1672 2329 1716 εει
2372 1671 2471 1714 :et
2526 1660 2652 1729 quia
2716 1659 2853 1713 varii
2902 1667 3026 1712 sunt
3065 1658 3371 1728 hujusmodi
3416 1676 3638 1726 versus.

408 1756 512 1809 τῶν
537 1756 628 1809 ἐπὶ
662 1754 747 1808 σο)Ι
779 1751 1113 1805 πεποιθότων
1144 1749 1465 1819 στερέωσον,
1500 1746 1693 1817 Κύριε,
1725 1745 1822 1817 τὴν
1856 1746 1976 1798 Ἐκ-

2088 1760 2123 1810 is
2160 1756 2251 1824 qui
2275 1754 2381 1809 dici
2410 1752 2554 1807 illius
2583 1751 2833 1820 pr0prius
2871 1761 2974 1814 est,
2999 1750 3345 1805 ἀπολυτίκιον
3381 1753 3483 1824 τῆς
3507 1752 3643 1825 ἠμέ-

410 1848 657 1919 κλησίαν,
688 1848 753 1918 ἣν
778 1846 994 1916 ἐκτήσω
1023 1843 1101 1914 τῷ
1146 1842 1311 1912 τιμίῳ
1341 1858 1432 1893 σου
1465 1839 1678 1910 αἵματι.
1718 1856 1739 1890 ι
1772 1838 1977 1892 Firma-

412 1949 648 1995 mentum
688 1937 1073 1993 conﬁdentium
1103 1935 1158 1988 in
1191 1944 1242 1988 te
1264 1974 1279 1998 ,
1321 1933 1568 1997 Domine,
1617 1932 1770 1984 firma
1794 1929 1977 1984 Eccle-

412 2033 568 2095 siam,
622 2044 784 2098 quam
837 2026 1171 2096 acquisivisti
1211 2024 1449 2094 pretioso
1496 2033 1584 2077 tuo
1636 2022 1914 2092 sanguine.
1953 2039 1972 2072 ι

414 2122 529 2176 lluc
558 2124 817 2183 animum,
871 2120 974 2175 huc
1014 2118 1224 2184 oculos,
1272 2116 1461 2171 lector.
1495 2114 1866 2184 Quidquamne
1898 2122 1980 2168 est

416 2215 466 2267 in
497 2214 598 2268 hoc
626 2211 842 2266 modulo
876 2210 1017 2279 quod
1073 2209 1389 2263 memoriam
1445 2208 1647 2262 excitet
1676 2207 1743 2261 ad
1777 2206 1980 2275 cogita-

417 2308 614 2361 tionem
648 2304 966 2373 fragilitatis
996 2302 1248 2356 humana:
1276 2301 1298 2354 ?
1330 2300 1497 2369 Atqui
1527 2298 1830 2367 hujusmodi
1858 2307 1981 2351 sunt

416 2395 613 2451 moduli
675 2394 857 2450 caeteri
921 2409 1131 2454 ornnes,
1196 2393 1392 2458 quibus
1435 2406 1538 2445 vox
1602 2392 1701 2444 ista
1751 2392 1979 2459 praeﬁgi-

419 2502 526 2553 tnr,
560 2499 619 2544 ut
675 2496 860 2558 postea
916 2484 1201 2540 constabit.
1254 2483 1423 2554 Igitur
1472 2484 1577 2538 alio
1622 2484 1980 2538 convertenda

419 2598 570 2638 mens
630 2591 737 2646 est,
778 2581 883 2635 alia
918 2578 1165 2633 facienda
1210 2577 1548 2645 conjectura.
1578 2575 1708 2646 Ego,
1749 2585 1807 2628 ut
1840 2578 1981 2643 quod

418 2675 593 2730 sentio
618 2674 669 2728 in
694 2689 752 2729 re
776 2674 1008 2727 obscura
1041 2710 1055 2735 ,
1092 2670 1142 2723 id
1173 2669 1343 2723 libere
1384 2668 1692 2738 proloquar,
1727 2669 1985 2724 Καταὸα-

421 2768 512 2822 σία
569 2782 675 2823 non
720 2776 854 2836 puto
906 2778 1025 2820 esse
1084 2761 1308 2831 troparii
1351 2760 1622 2815 modulive
1652 2774 1840 2830 genus,
1891 2760 1986 2816 sed

419 2860 654 2928 aliquam
683 2857 1072 2929 praprietatem
1107 2855 1252 2919 toni;
1306 2853 1381 2906 ita
1418 2859 1475 2905 ut
1519 2851 1659 2905 idem
1708 2851 1778 2905 sit
1841 2851 1986 2920 quod

424 2947 578 3001 vocis
632 2945 906 3015 depressio
934 2983 949 3009 ,
1011 2942 1273 2998 demissio
1299 2980 1315 3003 ,
1350 2948 1403 2996 et
1428 2940 1493 3011 (si
1523 2940 1747 2995 musicis
1789 2940 1985 3012 placet)

422 3038 582 3092 etiam
637 3037 919 3093 descensio
999 3034 1150 3089 Hanc
1192 3033 1325 3087 mihi
1386 3043 1620 3087 mentem
1664 3030 1850 3099 injecit
1879 3032 1985 3086 Ha-

424 3127 703 3197 giopolites
735 3126 821 3180 ille
856 3141 948 3180 seu
978 3124 1113 3179 liber
1148 3139 1252 3177 ms.
1278 3123 1344 3177 de
1376 3123 1583 3177 musica
1613 3123 1983 3177 ecclesiastica

423 3219 756 3282 Grrecorum,
781 3216 874 3286 qui
901 3217 1041 3286 apud
1075 3215 1354 3270 laudatum
1387 3212 1650 3283 Cangium
1677 3216 1840 3268 verbo
1877 3231 1989 3283 φω-

429 3312 493 3381 νή
558 3313 700 3364 inter
736 3310 845 3363 toni
902 3309 1260 3378 proprietates
1313 3307 1709 3373 novemdecim,
1761 3308 1992 3361 collocat

426 3416 615 3459 octavo
666 3403 788 3458 loco
820 3401 1167 3471 κατάϐασμα.
1223 3400 1358 3453 Nam
1398 3400 1539 3469 apud
1592 3399 1811 3454 Graecos
1846 3401 1991 3453 nihi-

429 3497 477 3549 lo
532 3497 647 3565 plus
683 3494 817 3548 mihi
863 3494 1074 3547 videtur
1132 3494 1395 3547 interesse
1443 3494 1586 3547 inter
1642 3492 1983 3547 καταϐασίαν

429 3597 483 3641 ει
527 3584 857 3655 κατάδασμα
884 3624 900 3650 ,
956 3599 1117 3652 qnam
1176 3583 1318 3637 inter
1365 3584 1769 3639 descensionem
1813 3595 1868 3640 et
1896 3587 1986 3640 de-

430 3690 680 3730 scensum
738 3674 879 3744 apud
934 3672 1179 3729 Latinos.
1218 3673 1473 3742 Sequitur
1499 3688 1628 3743 ergo
1655 3683 1713 3728 ut
1744 3674 1993 3728 καταϐα-

432 3768 520 3821 aiat
551 3767 604 3821 in
638 3765 811 3822 ofﬁcio
837 3766 1206 3821 ecclesiastico
1242 3767 1440 3819 rectius
1467 3767 1681 3820 dicatur
1706 3782 1827 3837 esse
1851 3782 1991 3835 qua-

431 3861 475 3913 si
510 3860 719 3929 signum
746 3858 987 3926 aliquod,
1006 3872 1114 3926 quo
1142 3857 1410 3911 indicetur
1435 3860 1667 3925 cantori,
1689 3859 1993 3927 proximum

433 3952 731 4021 troparium
764 3950 1153 4006 succinendum
1183 3963 1302 4003 esse
1327 3948 1583 4016 depressa
1620 3963 1754 4004 voce
1784 3948 1995 4004 minus-

433 4058 535 4112 que
560 4042 720 4097 elata.

500 4136 587 4190 55.
612 4134 798 4204 Neque
816 4134 991 4187 minus
1014 4131 1229 4187 diﬂicile
1251 4141 1333 4186 est
1360 4132 1562 4195 dicere,
1583 4134 1709 4201 quid
1734 4133 1805 4187 sit
1836 4133 1993 4199 Ἐξα-

435 4229 825 4299 ποστειλάριον.
849 4226 945 4281 Est
965 4226 1180 4295 quidem
1212 4225 1457 4280 modulus
1488 4226 1682 4293 aliquis
1734 4226 1849 4279 sive
1880 4236 1990 4280 tro-

436 4322 675 4390 parium;
713 4319 805 4373 sed
835 4333 932 4388 per
957 4317 1085 4385 quid
1140 4317 1207 4371 ab
1257 4317 1379 4370 aliis
1408 4316 1643 4381 differat,
1686 4321 1845 4371 varia:
1872 4328 1997 4371 sunt

438 4411 777 4479 maximeque
820 4410 1192 4478 discrepantes
1236 4409 1523 4462 sententiae

436 4504 643 4558 videtur
664 4500 973 4570 complexus
999 4513 1117 4555 esse
1147 4499 1360 4554 Goarus
1394 4515 1517 4568 pag.
1540 4499 1629 4565 27,
1662 4500 1734 4555 ita
1762 4501 1984 4555 interro~

435 4611 600 4666 gans:
624 4614 642 4646 ι
670 4592 806 4649 Num
831 4593 919 4647 ille
947 4594 1176 4663 hymnus
1201 4601 1305 4657 est,
1328 4593 1394 4646 ad
1417 4608 1575 4661 quem
1602 4594 1993 4648 concinendum

437 4690 487 4740 in
519 4685 670 4741 chori
720 4685 987 4754 gremium
1029 4683 1261 4737 mittitur
1294 4683 1535 4751 aliquis?
1586 4686 1668 4737 An
1701 4684 1824 4739 talis
1856 4684 1995 4739 alius

438 4777 528 4845 qui
569 4778 623 4829 in
655 4776 827 4829 sancti
860 4775 943 4829 vel
974 4772 1219 4844 mysterii
1245 4771 1470 4843 alicujus
1510 4775 1826 4829 memoriam
1871 4774 1995 4838 ἑξα-

437 4868 804 4933 ποστὲλλεται,
830 4865 1152 4922 emittatur?
1181 4863 1318 4919 Num
1350 4865 1531 4935 potius
1562 4866 1609 4921 is
1639 4876 1723 4921 est
1743 4865 1835 4935 qui
1866 4866 1993 4920 mit-

440 4961 653 5015 tendam
689 4960 923 5027 Spiritus
963 4959 1135 5014 sancti
1163 4958 1396 5028 gratiam
1431 4959 1703 5014 advocet?
1737 4958 1820 5014 vel
1846 4958 1997 5013 deni-

436 5068 540 5121 que
560 5052 673 5121 qui,
697 5051 849 5119 juxta
884 5049 1026 5104 docti
1053 5048 1313 5118 Ligaridii
1343 5064 1583 5116 sensum,
1610 5049 1727 5105 fere
1779 5063 1995 5119 semper

437 5148 503 5200 de
530 5143 892 5212 apostolorum
914 5142 967 5196 in
994 5142 1179 5195 orbem
1211 5142 1546 5211 dispersione
1571 5150 1625 5197 et
1650 5142 1997 5211 praedicatio-

438 5250 523 5299 ne,
552 5243 737 5305 aperte
756 5233 841 5286 vel
867 5233 1195 5287 subobscure
1218 5235 1530 5288 memoriam
1552 5232 1781 5289 habeat?
1803 5252 1821 5285 ι
1839 5232 1999 5288 Certe

437 5330 593 5397 longe
651 5327 865 5380 videtur
929 5325 1296 5394 probabilius,
1351 5326 1527 5396 inquit
1596 5326 1876 5396 Cangius,
1926 5326 1998 5380 ita

438 5417 760 5489 appellatum
814 5415 1079 5484 ejusmodi
1114 5417 1372 5485 hymnum
1417 5433 1447 5471 a
1479 5430 1613 5472 voce
1653 5416 1999 5483 Ἐξαπόστει-

437 5511 550 5571 λον,
581 5521 698 5577 qua:
732 5506 783 5559 in
822 5507 889 5560 iis
920 5504 1034 5560 fere
1066 5526 1281 5580 semper
1306 5510 1580 5574 occurrit,
1610 5518 1669 5563 ut
1714 5520 1798 5563 est
1826 5510 2000 5563 oratio

438 5609 526 5664 illa
556 5612 611 5665 in
645 5611 861 5682 liturgia
886 5606 1494 5667 Praesanctiiicatorum,
1524 5602 1576 5656 id
1614 5610 1717 5667 est,
1746 5602 1910 5654 missa
1948 5600 2000 5653 in

436 5700 667 5772 quajam
704 5714 863 5757 antea
898 5706 1275 5757 consecratum
1313 5709 1508 5766 corpus
1526 5691 1726 5748 Christi
1746 5692 1997 5746 sumitur.

678 5794 951 5857 Panos.
982 5792 1102 5855 Gn.
1143 5788 1385 5854 XXIX.

2080 1866 2177 1921 ρας
2219 1847 2403 1912 audit;
2461 1855 2516 1899 et
2575 1858 2763 1898 vocem
2820 1842 3005 1907 aliam,
3067 1844 3322 1915 στιχηρὸν
3369 1846 3640 1913 videlicet,

2077 1941 2495 1999 subaudiendum
2520 1938 2773 2008 postulat.
2798 1955 2815 1987 ι
2841 1936 2906 1989 Ει
2924 1952 3042 2007 pag.
3073 1937 3169 1992 1‘21
3204 1937 3461 2010 adiungit,
3490 1959 3508 1991 ι
3537 1958 3641 1997 non

2079 2044 2285 2088 tantum
2314 2031 2476 2087 ollicii
2516 2028 2766 2098 completi
2830 2027 2922 2081 lini
2956 2068 2971 2091 ,
3006 2042 3191 2083 verum
3240 2036 3295 2083 et
3345 2030 3487 2099 parti
3521 2030 3641 2098 ejus

2079 2124 2385 2195 prolixiori,
2421 2123 2702 2192 signanter
2739 2120 2808 2174 ab
2838 2119 3010 2173 altera
3052 2119 3301 2185 diversae,
3327 2134 3479 2175 suam
3511 2123 3649 2177 ἀπό-

2076 2217 2230 2270 λυσιν
2263 2226 2317 2271 ει
2361 2216 2651 2270 terminum
2688 2211 2974 2282 assignari.
3033 2230 3054 2264 ι
3095 2209 3193 2266 Hic
3235 2226 3338 2268 vox
3367 2213 3482 2282 ipsa
3511 2214 3647 2269 ἀπό-

2078 2308 2233 2372 λυσις
2265 2322 2349 2362 me
2370 2314 2676 2361 commonet
2710 2312 2768 2358 ut
2804 2304 3029 2358 missum
3068 2318 3282 2374 quoque
3314 2302 3512 2360 faciam
3541 2306 3650 2363 lec-

2081 2398 2402 2466 torem,jam
2424 2395 2563 2452 forte
2586 2394 2869 2464 fatigatum
2889 2393 3114 2464 legenda
3143 2394 3302 2449 nimis
3324 2395 3482 2466 longa
3500 2397 3651 2453 circa

2082 2490 2342 2544 terminos
2365 2487 2509 2544 solos
2536 2486 2933 2543 dissertatione.
2955 2484 3176 2554 Verum,
3195 2502 3315 2541 cum
3342 2487 3415 2543 sit
3432 2489 3485 2542 in
3502 2504 3651 2545 more

2080 2583 2314 2653 positum
2336 2581 2693 2649 institutoque
2709 2578 3043 2642 Graecorum,
3061 2586 3117 2632 ut
3137 2579 3654 2647 pronuntiata’Am-

2084 2673 2297 2737 λύσεως
2326 2671 2559 2727 formula
2582 2711 2595 2735 ,
2630 2669 2957 2739 quandoque
2998 2669 3200 2738 aliquid
3235 2672 3599 2741 superaddant
3630 2691 3647 2740 ;

2085 2767 2242 2823 dabis
2283 2765 2413 2819 mihi
2447 2764 2590 2819 hanc
2622 2763 2833 2817 veniam
2857 2803 2871 2829 ,
2900 2762 3113 2816 erudite
3138 2761 3329 2829 lector,
3354 2772 3412 2818 ut
3440 2779 3541 2834 ego
3565 2766 3652 2822 hic

2087 2874 2301 2930 quoque
2324 2856 2684 2927 superaddam
2726 2854 2931 2923 aliquid
2964 2853 3032 2908 de
3064 2851 3288 2923 Typico,
3315 2853 3538 2926 ejusque
3569 2858 3652 2914 hi-

2088 2952 2273 3005 storia.
2300 2949 2557 3020 Typicum
2594 2947 2731 3001 liber
2771 2944 3085 3001 Grazcorum
3120 2944 3519 3004 ecclesiasticus
3546 2958 3651 3016 est,

2089 3045 2179 3114 qui
2215 3042 2341 3112 quid
2370 3055 2586 3111 quoquo
2611 3040 2699 3095 die
2732 3040 2786 3093 in
2816 3037 3047 3114 ecclesia
3078 3047 3319 3106 tempore
3344 3038 3515 3094 divini
3543 3040 3653 3095 olli~

2088 3112 2158 3190 cii
2185 3135 2519 3189 recitandum
2547 3131 2880 3203 agendumve
2932 3112 3023 3193 εἰί,
3054 3129 3199 3183 facili
3231 3129 3485 3186 methodo
3518 3146 3655 3202 prae-

2090 3226 2301 3281 scribit.
2335 3223 2499 3278 Varia
2530 3234 2709 3277 autem
2751 3222 2907 3276 initio
2939 3222 3091 3277 fuere
3120 3221 3342 3292 Typica,
3373 3225 3445 3279 ita
3482 3230 3541 3278 ut
3568 3238 3658 3279 cs.

2091 3328 2210 3375 sent
2237 3326 2315 3373 tot
2342 3316 2513 3370 ferme
2542 3323 2674 3384 quot
2714 3313 2978 3368 ecclesiae.
3012 3313 3118 3368 Sed
3160 3315 3373 3369 tandem
3425 3314 3659 3370 labenti-

2090 3413 2191 3469 bus
2242 3410 2453 3466 saeculis
2500 3410 2702 3478 primas
2740 3406 2973 3461 obtinuit
3023 3404 3173 3472 illud,
3207 3406 3348 3475 quod
3384 3405 3442 3461 S.
3502 3406 3661 3463 Saba

2094 3504 2314 3560 nomine
2373 3501 2685 3570 insignitur,
2740 3509 2795 3552 et
2852 3496 2993 3565 quod
3021 3505 3241 3552 sanctus
3290 3495 3380 3551 ille
3409 3495 3597 3565 abbas,
3627 3512 3659 3551 a

2095 3596 2196 3649 SS.
2224 3592 2509 3663 Euthymio
2541 3601 2594 3644 et
2622 3588 2939 3645 Theoctisto
2964 3596 3269 3655 acceptum,
3319 3587 3435 3642 suis
3467 3602 3659 3643 mona-

2095 3686 2216 3742 chis
2246 3682 2756 3753 llierosolymitanis
2785 3679 3138 3749 praescripsit,
3171 3677 3313 3733 unde
3336 3687 3391 3733 et
3420 3677 3662 3739 Hieroso-

2095 3775 2391 3848 lymiticum
2419 3790 2449 3829 a
2476 3773 2750 3829 nonnullis
2781 3772 3001 3827 dicitur.
3028 3771 3221 3839 Porro,
3244 3785 3366 3826 cum
3400 3770 3662 3827 barbaroa

2098 3885 2215 3924 rum
2247 3867 2556 3921 incursione
2588 3864 2978 3928 intercidisset,
3019 3863 3329 3919 restitutum
3369 3867 3455 3919 est
3480 3865 3662 3920 studio

2098 3975 2161 4015 ac
2210 3960 2396 4014 labore
2428 3960 2486 4012 S.
2515 3958 2807 4027 Sophronii
2839 3957 3162 4028 patriarchae
3211 3955 3663 4029 Hierosolymitao

2097 4047 2188 4111 ni;
2227 4045 2422 4101 deinde
2453 4055 2507 4099 et
2532 4060 2561 4098 a
2598 4045 2656 4099 S.
2688 4043 2897 4100 Joanne
2923 4044 3261 4101 Damasceno
3290 4060 3470 4100 rerum
3510 4048 3665 4103 theo-

2098 4138 2390 4207 logicarum
2435 4136 2765 4206 peritissimo
2800 4136 3112 4190 innovatum
3144 4136 3265 4203 fuit,
3298 4146 3354 4190 et
3388 4137 3460 4191 ab
3487 4138 3665 4192 omni-

2099 4227 2199 4282 bus
2232 4242 2368 4295 pene
2394 4228 2687 4282 admissum
2715 4267 2730 4290 ,
2762 4238 2821 4281 ut
2858 4227 3023 4282 refert
3047 4227 3282 4298 Symeon
3313 4228 3663 4283 Thessaloni-

2100 4320 2278 4375 censis
2330 4321 2383 4373 in
2414 4318 2634 4388 Dialogo
2677 4328 2866 4375 contra
2914 4319 3166 4376 haereses.
3190 4320 3366 4387 Atque
3424 4320 3528 4374 hoc
3583 4329 3668 4375 est

1568 4427 1580 4461 :
1628 4423 1763 4476 quas
1809 4409 1995 4477 paucis
2027 4416 2071 4470 ι)
2102 4410 2229 4464 illud
2255 4409 2540 4478 Typicum,
2566 4408 2710 4475 quod
2740 4408 2869 4461 mihi
2908 4407 2959 4461 in
2991 4408 3092 4462 hac
3116 4423 3176 4462 re
3213 4408 3370 4479 longe
3392 4409 3667 4465 obscuris-

2103 4503 2261 4567 sima,
2294 4500 2489 4554 nullius
2518 4499 2644 4553 trita
2668 4497 2931 4567 vestigiis,
2962 4497 3135 4553 facem
3159 4498 3507 4568 prrelaturum
3531 4514 3666 4555 con-

2103 4592 2229 4653 lido,
2261 4598 2315 4643 et
2341 4591 2483 4658 quod
2510 4588 2597 4642 hic
2637 4588 2879 4657 reperies
2910 4602 2939 4642 a
2977 4602 3064 4643 me
3101 4603 3471 4657 saepenumero
3497 4588 3669 4644 nomia

2103 4683 2242 4738 nari.
2279 4681 2605 4751 Impressnm
2633 4688 2814 4734 autem
2867 4678 2997 4733 illud
3024 4679 3253 4735 habetur
3278 4677 3519 4736 Venetiis
3560 4695 3666 4736 una

2104 4794 2223 4831 cum
2268 4776 2541 4844 plerisque
2591 4771 2894 4839 huiusmodi
2949 4769 3101 4826 libris
3155 4784 3299 4826 anno
3339 4769 3477 4827 1605
3526 4776 3669 4843 apud

2102 4870 2391 4923 Antonium
2419 4864 2682 4921 Pinellum
2706 4903 2721 4928 ,
2755 4863 2894 4917 sicut
2941 4862 3075 4916 illud
3120 4863 3288 4918 multa
3320 4867 3671 4921 accuratione

2103 4960 2482 5014 emendaverat
2528 4956 2790 5024 Josaphat
2840 4954 3327 5021 hieromonachus,
3381 4971 3446 5011 ex
3481 4960 3668 5013 Andro

2104 5051 2383 5115 oriundus,
2420 5048 2763 5104 sanctissimo
2792 5046 2992 5102 domno
3029 5045 3282 5101 Gabriele
3326 5049 3663 5115 patriarcha.

2104 5143 2208 5197 lem
2252 5143 2502 5195 thronum
2530 5141 2826 5194 obtinente.
2862 5138 3022 5206 Atqui
3053 5137 3273 5193 Gabriel
3309 5139 3551 5193 Flamma
3578 5155 3670 5209 p.1-

2107 5234 2461 5287 triarchatum
2517 5229 2761 5287 Venetiis
2794 5230 3029 5287 obtinuit
3071 5230 3225 5299 juxta
3263 5229 3544 5299 Ughellum
3603 5232 3673 5289 ab

2106 5339 2246 5380 anno
2280 5322 2442 5389 1584,
2494 5323 2715 5377 ineunte
2738 5320 2994 5376 Januario
3048 5320 3115 5374 ad
3161 5319 3228 5374 14
3264 5318 3387 5375 Julii
3425 5320 3547 5373 anni
3592 5336 3674 5375 se-

2105 5416 2356 5487 quentis;
2392 5415 2537 5471 unde
2564 5412 2834 5483 intelligas
2862 5426 3048 5466 curam
3081 5411 3226 5466 illam
3261 5411 3422 5465 annis
3451 5414 3672 5467 octode-

2106 5509 2210 5562 cim
2240 5507 2393 5577 prius
2418 5506 2720 5575 impensam
2748 5504 2920 5572 operi,
2950 5516 3109 5572 quam
3134 5502 3264 5557 illud
3292 5503 3436 5572 typis
3480 5504 3670 5558 admo-

2106 5607 2342 5653 veretur.
2364 5596 2422 5650 Si
2446 5611 2566 5665 qute
2595 5611 2696 5650 vox
2719 5595 2822 5649 alia
2852 5594 3136 5649 obscurior
3161 5603 3436 5662 occurrat,
3466 5610 3585 5651 eam
3614 5597 3669 5651 in

2054 5761 2065 5769 _
2107 5687 2494 5761 Commentarii
2540 5687 2683 5745 serie
2708 5686 3115 5759 explicabimus.

3314 5796 3357 5839 υ
