4076 6226
1598 271 1824 329 ACOLU
1838 270 1998 328 TlllA
2034 273 2369 331 TRIPLIGIS
2410 276 2632 337 FESTI.

3492 298 3744 340 CCCXXV“

515 399 537 434 ι
573 381 1009 447 reboanlibus,iu
1045 384 1428 452 patriarchium
1448 385 1748 444 deducitur.
1773 390 1873 457 Qui
1902 402 2078 445 autem
2109 399 2154 455 Α
2184 395 2350 462 nulla,
2390 411 2493 450 non
2523 411 2714 465 magna
2750 397 3034 453 admodum
3060 440 3074 462 ,
3100 400 3192 454 sed
3229 414 3417 469 pennae
3475 402 3743 457 anserina:

513 490 534 524 ι
571 489 635 527 ex
671 474 817 529 clero
841 485 1015 542 erant,
1050 474 1135 531 vix
1164 479 1484 549 vespertinis
1510 480 1758 539 laudibus
1792 484 2075 554 sejunctim

511 580 532 614 ι
567 564 847 631 absolutis,
880 581 999 618 cum
1032 569 1348 623 matutinum
1387 580 1595 641 tempus
1620 574 1856 641 adesset,
1898 586 1953 630 et
1981 591 2078 645 pro

509 672 529 703 ς
568 670 716 709 more
750 656 802 708 in
854 657 1135 711 ecclesiam
1165 660 1560 727 convenissent,
1600 662 1934 719 inaccessum
1968 666 2070 719 sibi

514 763 531 795 ι
571 744 823 814 templum
846 760 963 801 esse
989 746 1240 800 videbant
1263 758 1513 818 tanquam
1534 751 1623 819 qui
1650 766 1823 821 neque
1851 767 2066 822 campa-

512 856 531 888 ‹
568 838 649 891 nis
688 851 862 906 neque
887 838 1255 892 tintinnabulis
1278 838 1856 912 fuissentcongregati.
1898 863 1916 896 ι
1960 845 2075 900 Huc

503 928 647 982 addit
669 928 893 983 Allatius
919 928 1036 983 loco
1059 930 1355 997 praecitato,
1384 946 1449 984 ex
1470 931 1744 988 Michaelis
1768 933 1925 989 Pselli
1954 950 2073 990 ora-

505 1021 649 1075 tione
685 1021 922 1075 nondum
952 1022 1093 1074 edita
1123 1022 1188 1073 ad
1214 1020 1628 1076 Constantinum
1664 1026 2071 1078 monomachum

504 1112 863 1166 testimonium
919 1110 1022 1164 tale
1062 1111 1247 1163 τἈλλ’
1302 1113 1361 1164 οὐ
1405 1111 1580 1182 πάντη
1628 1114 1909 1185 τερφθήσῃ
1965 1119 2074 1179 τοῖς

500 1200 815 1269 ὀφθαλμοῖς,
855 1199 974 1252 οὐδὲ
1023 1201 1107 1268 ἐφ’
1163 1201 1302 1264 ὅλοις
1347 1204 1753 1274 προμειδιὰσεις
1794 1209 1907 1269 τοῖς
1933 1209 2067 1278 ὁρω-

505 1293 705 1363 μένοις·
748 1292 987 1362 ἐξεγερεῖ
1016 1293 1123 1363 γάρ
1149 1310 1205 1345 σε
1238 1295 1410 1365 μέσης
1439 1296 1632 1359 νυκτὸς
1661 1299 1689 1349 ὁ
1718 1296 1905 1351 κώδων
1939 1300 1967 1350 ὁ
1996 1301 2071 1351 ἱε-

504 1383 614 1453 ρδς,
670 1384 762 1436 καὶ
815 1383 975 1447 θείοις
1013 1384 1396 1458 ὲνστηλωθήσῃ
1429 1386 1697 1455 ἐδάφεσιν.
1754 1407 1773 1439 t
1820 1390 1923 1444 Sed
1967 1405 2070 1445 non

500 1474 645 1529 omni
674 1488 737 1528 ex
766 1482 917 1543 parte
962 1475 1133 1530 oculis
1169 1475 1546 1541 delectaberis,
1583 1494 1682 1533 nec
1731 1480 1783 1533 in
1817 1482 2070 1537 omnibus

503 1564 804 1620 visibilibus
830 1567 1090 1635 gaudebis
1129 1585 1142 1621 :
1173 1567 1433 1623 excitabit
1453 1569 1598 1623 enim
1635 1579 1685 1623 te
1708 1572 1883 1626 media
1915 1583 2072 1628 nocte

500 1673 714 1712 sacrum
773 1658 1216 1723 tintinnabulum,
1254 1668 1309 1715 et
1359 1662 1531 1718 sacris
1587 1662 1867 1718 incumbes
1917 1666 2054 1734 pavi

501 1748 714 1802 utentis.
749 1766 769 1801 ι
1837 1770 1842 1777 ·

568 1858 655 1912 42.
677 1859 754 1912 Ex
792 1860 873 1913 his
903 1862 1107 1916 duobus
1144 1864 1464 1921 testimoniis
1496 1875 1640 1922 recte
1673 1870 1896 1925 conficit
1926 1871 2069 1925 Alla-

501 1950 625 2015 tius,
657 1964 943 2019 campanas
988 1955 1274 2021 postremis
1320 1959 1672 2026 temporibus,
1723 1962 1776 2015 id
1809 1969 1893 2017 est
1920 1963 2063 2017 circa

500 2055 623 2095 ann.
673 2056 779 2095 tm.
828 2043 881 2095 in
925 2058 1022 2097 usu
1069 2042 1235 2099 fuisse
1283 2050 1423 2117 apud
1468 2048 1719 2115 Graacos;
1750 2066 2064 2121 quanquam

498 2143 674 2200 putem
704 2148 800 2202 ego
828 2134 991 2188 fuisse
1025 2136 1191 2191 multo
1216 2146 1361 2193 ante.
1396 2138 1609 2195 Etenim
1643 2142 1786 2198 hunc
1850 2140 2064 2201 Graacus

502 2224 769 2293 accepisse
796 2241 825 2278 a
846 2223 1062 2280 Venetis
1102 2227 1201 2283 sub
1231 2244 1429 2283 annum
1459 2246 1755 2287 ncccuxrv
1774 2243 1961 2288 auctor
1984 2246 2065 2291 est

502 2316 744 2369 Andreas
777 2314 1069 2382 Dandulus,
1104 2319 1155 2372 in
1183 2320 1443 2376 chronico
1467 2338 1566 2377 ms.
1602 2333 1657 2378 et
1680 2339 1747 2378 ex
1780 2340 1844 2380 eo
1871 2326 2061 2382 Sabel-

497 2407 631 2462 licus
659 2408 897 2462 Ennead.
929 2408 985 2473 9,
1014 2409 1107 2464 lib.
1137 2425 1175 2463 ι.
1214 2411 1321 2466 Sed
1361 2413 1570 2483 direpto
1603 2416 1942 2483 postmodum
1976 2419 2056 2486 (ut

498 2502 833 2569 prosequitur
878 2502 1127 2567 Allatius,
1187 2519 1309 2573 pag.
1362 2505 1487 2577 102)
1539 2524 1559 2558 ‹
1614 2507 1826 2576 imperii
1889 2513 2061 2580 capite

498 2590 774 2662 Byzantio,
831 2593 1141 2664 ditioneque
1200 2595 1404 2664 reliqua
1445 2596 1756 2653 Graecorum
1804 2615 1833 2653 a
1866 2600 2059 2657 Turcis

495 2691 775 2750 occupata,
806 2697 1190 2752 campanarum
1220 2700 1347 2740 usus
1393 2687 1447 2740 in
1482 2688 1728 2755 urbibus,
1768 2690 1818 2743 in
1862 2691 2058 2759 quibus

500 2770 598 2838 ipsi
623 2770 842 2839 degunt,
874 2771 1215 2828 intermissus
1243 2782 1346 2837 est,
1378 2789 1443 2829 ne
1475 2790 1569 2844 per
1607 2791 1785 2831 aerem
1806 2779 2049 2847 palantes

498 2857 731 2927 animas,
765 2864 924 2918 timor
948 2863 1213 2930 incussus,
1243 2866 1422 2935 quiete
1457 2882 1561 2937 qua
1589 2868 1859 2933 fruutttur,
1889 2885 2054 2939 expo-

498 2952 609 3005 liet.
646 2950 721 3005 Ita
766 2950 984 3008 fanatici
1010 2954 1082 3008 illi
1115 2956 1379 3022 homines,
1409 2972 1475 3011 ex
1518 2960 1854 3013 ethnicorum
1882 2963 2059 3027 genti-

496 3043 731 3111 liumque
779 3046 1132 3113 nugamentis,
1167 3047 1233 3102 de
1280 3049 1558 3104 animabus
1593 3051 2055 3119 philosophantur.
2086 3075 2128 3130 ς,

495 3131 830 3202 Quapropter
850 3137 1155 3190 sacerdotes
1172 3136 1343 3193 Graeci
1372 3138 1550 3209 ligneo
1576 3141 1960 3207 instrumento,
1988 3144 2056 3197 ad

494 3223 710 3279 Gnaeos
752 3226 804 3279 in
848 3227 1131 3282 ecclesiam
1181 3232 1579 3299 convocandos,
1622 3242 1866 3287 utuntur.
1897 3234 1954 3289 Id
1976 3242 2061 3289 est

496 3316 695 3386 lignum
722 3317 963 3372 binarum
986 3321 1428 3389 decempedarum
1454 3322 1806 3393 longitudine,
1831 3327 2058 3380 duorum

494 3406 783 3476 digitorum
822 3412 1199 3475 crassitudine,
1255 3412 1539 3468 latitudine
1594 3426 1844 3483 quatuor,
1892 3433 2055 3486 quam

496 3501 700 3569 optime
740 3502 1064 3569 dedolatum,
1106 3523 1213 3561 non
1248 3507 1429 3562 fissum
1466 3517 1557 3562 aut
1599 3510 1882 3574 rimosum,
1914 3514 2055 3581 quod

498 3605 654 3643 manu
714 3592 927 3649 sinistra
986 3597 1219 3649 medium
1279 3605 1469 3651 tenens
1512 3600 1770 3653 sacerdos
1810 3600 1892 3654 vel
1915 3602 2053 3657 alius

499 3684 610 3753 (qui
649 3685 1028 3740 Λαοσυνάκτου
1066 3703 1261 3742 munus
1300 3689 1452 3743 obire
1482 3689 1661 3761 debet)
1698 3691 1886 3746 dextra
1920 3694 2057 3747 mal-

499 3773 581 3827 leo
608 3790 675 3829 ex
697 3777 882 3831 eodem
917 3778 1083 3848 ligno,
1106 3779 1310 3833 cursim
1343 3780 1471 3833 hinc
1494 3780 1621 3836 inde
1655 3792 2057 3849 transcurrens,

499 3868 656 3921 modo
686 3867 739 3922 in
770 3884 928 3921 unam
960 3879 1191 3938 partem,
1224 3870 1382 3924 modo
1414 3870 1466 3923 in
1494 3871 1744 3940 alteram,
1777 3889 1946 3945 prepe
1970 3876 2058 3929 vel

496 3959 705 4013 eminus
730 3960 796 4013 ab
820 3961 933 4028 ipsa
965 3961 1182 4015 sinistra
1206 4000 1221 4024 ,
1254 3962 1327 4015 ita
1364 3960 1564 4032 lignttm
1602 3965 1943 4028 deverberat,
1997 3976 2056 4020 ut

500 4046 687 4111 ictum,
724 4063 866 4103 nunc
902 4049 1116 4117 plenum
1144 4091 1161 4115 ,
1194 4066 1337 4105 nunc
1371 4067 1615 4119 gravem,
1642 4070 1785 4110 nunc
1812 4067 2052 4125 acutum,

502 4150 643 4190 nunc
701 4138 991 4205 crebrum,
1043 4155 1187 4193 nunc
1242 4150 1523 4195 extensum
1590 4145 1777 4209 edens,
1814 4146 2087 4214 perfecta_

498 4228 725 4281 musices
754 4229 982 4284 scientia
1007 4231 1230 4286 auribus
1270 4233 1593 4288 suavissime
1616 4235 1957 4307 moduletur;
2002 4247 2059 4293 et

493 4316 595 4372 hoc
623 4320 992 4391 σημαντήριον
1024 4332 1383 4392 nuncupatur,
1401 4324 1680 4394 magisque
1704 4328 1923 4397 proprio
1952 4342 2050 4384 no-

495 4408 636 4462 mine
662 4412 1149 4482 χειροσήμαντρσν,
1167 4413 1307 4480 quod
1332 4420 1579 4469 manibus
1608 4425 1854 4471 teneatur
1874 4418 2050 4489 iisque
2082 4412 2126 4466 Ῑ)

494 4498 746 4568 pulsetur,
770 4503 835 4554 ad
855 4501 1213 4557 dili'erentiam
1238 4504 1461 4560 alterius
1491 4507 1688 4575 magni,
1710 4510 1849 4577 quod
1873 4510 2050 4580 μέγας

494 4592 802 4664 σήμαντρον
828 4594 1043 4656 dicitttr,
1088 4609 1151 4649 ex
1190 4597 1375 4651 eodem
1410 4597 1554 4668 ligno
1577 4638 1591 4664 ,
1624 4608 1680 4653 et
1719 4600 1773 4653 in
1813 4602 2051 4658 turribus

493 4683 609 4737 sive
648 4686 1029 4748 campanariis,
1069 4688 1275 4742 catenis
1314 4688 1507 4745 ferreis
1552 4691 1665 4745 suis
1690 4694 2053 4749 extremitati-

494 4770 595 4825 bus
620 4775 958 4843 appenditur.
1003 4774 1134 4830 Illud
1190 4788 1274 4831 est
1320 4778 1511 4848 insigni
1566 4780 1957 4850 magnitudine,
1993 4792 2053 4837 ut

494 4864 815 4933 quandoque
840 4880 930 4919 sex
986 4865 1192 4934 palmos
1248 4867 1494 4931 latitudo,
1524 4884 1687 4922 unum
1723 4870 2047 4937 crassitudo,

494 4954 713 5022 triginta
736 4955 1008 5025 longitudo
1033 4956 1300 5026 exmquel,
1339 4958 1640 5027 malleoque
1686 4974 1786 5029 pro
1844 4962 2052 5031 magni-

493 5042 676 5096 tudine
709 5044 1020 5098 semanterii
1065 5044 1323 5112 pulsetur.
1364 5064 1383 5096 ι

558 5134 651 5187 45.
683 5133 957 5190 Hactenus
981 5137 1233 5198 Allatius,
1265 5154 1293 5191 a
1318 5155 1422 5209 quo
1458 5141 1816 5215 Hieronymus
1836 5144 2044 5216 Magius

489 5241 594 5281 non
630 5228 764 5282 nihil
795 5228 1081 5298 discrepat,
1112 5230 1166 5283 in
1205 5230 1299 5285 illo
1328 5232 1468 5288 libro
1485 5250 1642 5302 quem
1670 5238 1736 5290 de
1764 5236 2051 5290 Tintinna-

486 5318 628 5373 bulis
658 5320 796 5387 apud
832 5319 1145 5390 Byzantios,
1185 5324 1326 5377 inter
1352 5327 1639 5394 compedes
1686 5326 1925 5395 scripsit.
1965 5326 2045 5383 lbi

484 5408 628 5461 enim
659 5423 778 5477 cap.
814 5410 877 5463 15
903 5410 1151 5480 afﬁrmat,
1186 5416 1568 5470 semanterium
1602 5418 1813 5472 duobus
1846 5418 2048 5485 pulsari

490 5499 696 5554 malleis
723 5540 737 5565 ,
775 5517 948 5571 neque
982 5505 1114 5558 adeo
1146 5507 1318 5560 teneri
1367 5522 1547 5561 manu.
1580 5506 1745 5561 Juvat
1774 5508 2050 5577 subjicere

488 5587 658 5657 ipsius
686 5592 848 5645 verba
873 5608 993 5662 quae
1010 5595 1122 5649 haec
1144 5604 1268 5649 sunt
1294 5614 1307 5649 :
1340 5613 1361 5647 ι
1398 5596 1744 5652 Simandrum
1762 5612 1882 5653 esse
1902 5597 2052 5655 scias

487 5678 719 5748 ligneam
750 5683 1075 5741 tabulam....
1108 5684 1296 5753 Capita
1327 5685 1591 5745 foramina
1638 5689 1839 5747 habent
1888 5701 2041 5745 non-

2182 489 2458 544 calamove
2491 489 2777 558 scriptorio
2806 491 3012 559 pervia.
3045 492 3104 545 In
3132 491 3309 547 medio
3343 502 3557 548 tenuem
3591 494 3739 551 funi-

2181 581 2360 636 culum
2388 582 2650 636 continet.
2684 582 2783 647 Qui
2816 583 3068 652 populum
3100 584 3167 639 ad
3217 588 3472 653 templum
3500 595 3582 640 est
3611 601 3743 641 con-

2180 685 2538 728 vocaturus...
2563 682 2689 727 ante
2723 673 2869 729 fores
2899 676 3101 757 templi.
3127 674 3208 729 vel
3259 678 3404 732 cdito
3434 677 3551 734 loco
3584 678 3741 733 tabu-

2180 764 2287 820 lam
2318 774 2669 835 przenotatam
2699 764 2906 820 malleis
2948 765 3157 820 duobus
3179 766 3371 835 ligneis
3398 767 3596 838 pulsat,
3627 783 3739 825 non

2179 858 2295 913 sine
2318 857 2499 927 aliqua
2537 861 2747 912 ratione
2774 857 3000 921 musica,
3032 866 3190 927 atque
3215 858 3432 913 interim
3468 860 3524 913 in
3545 863 3740 931 gyrum

2180 950 2382 1004 sensim
2440 949 2718 1004 volvitur:
2751 964 2853 1016 qua
2888 964 2946 1003 re
2992 947 3085 1013 fit,
3123 957 3181 1002 ut
3210 951 3424 1019 gravior
3468 965 3589 1005 cum
3633 964 3739 1004 non

2180 1043 2389 1110 ingrata
2423 1042 2715 1096 raucedine
2744 1055 2911 1095 sonus
2935 1041 3230 1094 emittatur.
3262 1036 3485 1108 Tabula,
3506 1058 3609 1096 non
3631 1056 3739 1111 qua

2177 1135 2355 1199 latior,
2394 1134 2486 1189 sed
2515 1148 2618 1203 qua
2654 1133 2860 1187 arctior
2894 1140 2978 1187 est
3003 1172 3018 1196 ,
3048 1132 3199 1200 quasi
3252 1133 3401 1188 librae
3430 1148 3626 1203 scapus
3680 1135 3736 1187 in

2177 1225 2397 1279 sinistro
2430 1223 2693 1291 pulsantis
2720 1222 2947 1274 humero
2975 1219 3240 1288 quiescit;
3276 1234 3336 1274 ac
3369 1234 3435 1273 ne
3474 1220 3736 1289 pulsando

2176 1315 2468 1378 dilabatur,
2503 1313 2745 1367 funiculo
2786 1311 3047 1381 pracdicto
3095 1309 3368 1363 mordicus
3394 1311 3736 1379 apprehenso

2177 1407 2481 1461 retinetur:
2524 1404 2772 1457 manibus
2807 1401 2949 1456 enim
2980 1418 3084 1457 non
3141 1401 3300 1466 licet,
3339 1411 3448 1455 tum
3476 1400 3637 1470 quod,
3672 1415 3735 1454 ea

2175 1495 2538 1567 apprehensa,
2590 1509 2721 1549 sono
2762 1508 2866 1547 non
2920 1507 3109 1561 parum
3145 1493 3390 1557 decedit;
3432 1500 3544 1545 tum
3606 1491 3735 1560 quia

2177 1597 2405 1656 utraque
2459 1600 2652 1639 manus
2701 1584 2894 1639 malleo
2926 1584 3233 1654 impeditur.
3275 1583 3551 1638 Ambabus
3590 1584 3734 1639 enim

2179 1680 2428 1734 manibus
2456 1678 2701 1748 pulsatur
2736 1678 2861 1732 hinc
2884 1678 3009 1731 inde
3038 1716 3053 1741 ,
3084 1686 3141 1731 ut
3170 1692 3312 1731 nunc
3338 1678 3581 1746 quaedam
3636 1677 3737 1730 fre-

2173 1779 2574 1839 quentamenta,
2604 1783 2744 1823 nunc
2768 1768 3025 1836 quasdam
3041 1782 3240 1836 pansas
3268 1768 3474 1822 audias.
3530 1786 3550 1819 ι

2237 1930 2326 1984 44.
2357 1929 2488 1983 Cum
2528 1936 2707 1982 autem
2750 1927 2882 1981 dicit
2928 1926 3136 1996 Magius
3169 1925 3313 1979 illam
3349 1925 3586 1980 tabulam
3621 1942 3730 1982 non

2168 2036 2324 2089 posse
2386 2019 2558 2072 teneri
2622 2019 2893 2084 manibus,
2932 2033 2997 2072 eo
3027 2017 3169 2085 quod
3194 2032 3257 2071 ea
3290 2017 3369 2072 sic
3394 2018 3730 2088 apprehensa

2169 2125 2387 2164 necesse
2442 2111 2513 2164 sit
2572 2108 2800 2163 multum
2851 2108 2917 2161 de
2965 2122 3097 2160 sono
3151 2107 3429 2171 decedere,
3460 2107 3731 2163 videbitur

2166 2206 2397 2257 fortasse
2454 2200 2724 2269 aliquibus
2776 2197 3104 2266 rejiciendus
3148 2212 3270 2253 esse
3321 2198 3573 2263 Allatius,
3636 2203 3730 2270 qui

2165 2308 2284 2348 eam
2335 2307 2495 2346 manu
2548 2291 2768 2345 sinistra
2807 2291 2974 2346 teneri
3007 2288 3258 2357 affirmat,
3290 2297 3341 2344 et
3372 2289 3724 2345 nihilominus

2164 2385 2543 2441 suavissimum
2577 2386 2739 2437 edere
2778 2391 3119 2437 concentum.
3148 2382 3214 2435 At
3246 2380 3405 2435 facile
3435 2382 3730 2452 dissipatur

2167 2480 2266 2532 ista
2294 2476 2433 2531 ratio
2473 2494 2484 2529 :
2518 2476 2716 2544 quippe
2747 2476 2791 2529 si
2812 2489 2969 2528 manu
2992 2474 3451 2542 apprehendatur,
3477 2488 3584 2528 non
3614 2474 3728 2544 ipsa

2166 2567 2473 2623 immediate
2509 2546 2711 2631 tabula,
2746 2565 2840 2619 sed
2861 2562 3129 2619 funiculus
3161 2564 3247 2617 ille
3274 2579 3380 2632 quo
3430 2564 3610 2619 tabula
3671 2566 3725 2619 in

2166 2660 2346 2714 medio
2370 2658 2602 2712 libratur
2630 2670 2685 2711 et
2720 2657 2937 2725 paribus
2995 2655 3336 2710 examinatur
3370 2656 3721 2723 ponderibus,

2166 2760 2273 2803 tam
2304 2747 2485 2803 clarus
2515 2748 2693 2802 editur
2748 2761 2913 2801 sonus
2935 2784 2952 2810 ,
2990 2760 3147 2814 quam
3183 2745 3225 2798 si
3285 2745 3725 2814 apprehendatur

2163 2842 2414 2897 dentibus
2449 2858 2462 2893 :
2497 2839 2625 2908 quid
2658 2840 2801 2894 enim
2834 2838 2902 2892 ad
2926 2852 3116 2892 sonum
3153 2837 3403 2903 interest,
3433 2838 3723 2891 manibus-

2164 2947 2231 2986 ne
2250 2946 2317 2986 an
2345 2930 2595 2991 dentibus
2625 2927 2897 2982 funiculus
2924 2928 3025 2982 iste
3059 2936 3306 2980 teneatur
3328 2926 3350 2979 ?
3372 2925 3438 2981 Et
3472 2941 3600 2981 vero
3625 2927 3724 2979 mi-

2167 3038 2283 3077 rum
2314 3030 2417 3086 est,
2455 3022 2557 3076 hoc
2617 3033 2721 3074 non
2773 3017 3106 3073 succurrisse
3169 3016 3363 3086 Magio,
3416 3016 3713 3072 delincanti

2162 3115 2388 3168 formam
2414 3111 2759 3182 bagiusideri,
2798 3112 2941 3180 quod
2980 3110 3061 3181 (ut
3088 3110 3268 3164 videre
3299 3117 3380 3164 est
3418 3108 3596 3176 capite
3634 3123 3723 3163 se-

2160 3202 2372 3274 quenti)
2394 3202 2659 3256 retinetur
2686 3215 2847 3254 manu
2873 3238 2889 3264 ,
2921 3196 3218 3253 funiculum
3247 3195 3713 3265 apprehendente.

2158 3296 2240 3349 An
2272 3293 2411 3347 forte
2438 3290 2649 3361 putavit
2685 3290 2739 3343 in
2774 3287 3113 3357 hagiosidero
3146 3300 3252 3339 non
3287 3284 3579 3339 intercludi
3635 3300 3724 3338 se-

2159 3398 2311 3448 num,
2339 3380 2624 3435 intercludi
2656 3387 2835 3433 autem
2865 3380 2918 3431 in
2942 3377 3033 3431 illo
3057 3377 3182 3440 alio,
3213 3379 3354 3445 quod
3381 3376 3493 3446 jam
3521 3384 3721 3429 tracta-

2160 3490 2299 3539 mus,
2333 3472 2658 3529 semanterio
2686 3470 2909 3540 ligneo?
2942 3470 3127 3537 lnepta
3168 3477 3219 3523 et
3254 3467 3483 3523 ridicula
3535 3468 3723 3522 istha:c

2157 3574 2300 3624 esset
2339 3565 2520 3634 opinio
2556 3582 2569 3617 :
2609 3578 2728 3633 qua:
2767 3563 2908 3616 enim
2942 3560 3163 3629 hujusce
3211 3559 3539 3614 discriminis
3584 3561 3723 3613 ratio

2158 3654 2459 3716 adinveniri
2494 3651 2727 3721 posset?
2763 3651 2876 3705 Huc
2930 3648 3135 3703 accedit
3194 3648 3338 3717 quod
3388 3648 3567 3716 potius
3620 3650 3723 3701 mi-

2157 3757 2354 3801 nuatur
2381 3761 2565 3807 sonus,
2594 3743 2808 3812 quando
2836 3754 3088 3810 percussa
3121 3737 3298 3793 tabula
3342 3739 3604 3809 pulsantis
3656 3739 3712 3793 in

2160 3841 2382 3893 humero
2410 3834 2763 3905 conquiescit,
2798 3834 2872 3886 uti
2902 3832 3015 3886 ﬁeri
3048 3833 3124 3885 ait
3170 3830 3395 3901 Magius.
3425 3829 3521 3886 ilic
3554 3830 3722 3901 igitur

2158 3929 2288 3982 nihil
2323 3937 2406 3982 est
2434 3927 2577 3997 quod
2608 3941 2705 3979 nos
2734 3934 2891 3993 cogat
2922 3924 2988 3977 ad
3020 3922 3276 3976 Allatium
3318 3922 3671 3978 deserendum
3698 3939 3716 3990 ;

2161 4016 2290 4072 nihil
2320 4016 2487 4072 etiam
2520 4030 2618 4071 cur
2641 4014 2776 4068 ﬁdes
2807 4013 3096 4081 abrogetur
3133 4010 3329 4082 Magio,
3360 4013 3453 4081 qui
3483 4028 3603 4081 quae
3626 4013 3716 4067 hic

2158 4110 2361 4172 refert,
2392 4109 2506 4164 suis
2536 4108 2761 4178 ipsemet
2791 4104 3071 4173 usurpavit
3118 4105 3288 4159 oculis
3319 4122 3333 4159 :
3363 4114 3522 4173 atque
3577 4106 3710 4159 adeo

2156 4216 2261 4256 non
2306 4200 2413 4255 erit
2451 4198 3078 4271 impudentiacjudicare,
3110 4199 3243 4253 locis
3268 4208 3351 4253 vel
3379 4198 3714 4266 temporibus

2158 4293 2387 4348 diversis
2422 4291 2691 4346 diversam
2722 4290 2891 4347 fuisse
2931 4290 3174 4360 pulsandi
3209 4289 3520 4344 semanterii
3552 4288 3717 4341 ratio-

2158 4396 2301 4435 nem.
2333 4379 2562 4448 Lignum
2584 4395 2731 4444 vero,
2760 4395 2827 4435 ex
2859 4395 2965 4449 quo
2990 4379 3274 4435 conficitur
3295 4378 3712 4441 semanterium,

2156 4473 2459 4541 prmdurum
2490 4480 2652 4525 estet
2690 4486 2720 4523 a
2777 4470 2976 4525 Graecis
3030 4468 3305 4538 σφενδάκη
3363 4468 3663 4538 appellatur
3699 4484 3713 4520 :

2154 4560 2435 4629 Corrupte,
2475 4561 2650 4628 inquit
2686 4559 2937 4622 Allatius,
2964 4573 3028 4613 eo
3058 4557 3202 4626 quod
3248 4572 3353 4613 non
3402 4557 3547 4611 aliud
3594 4555 3714 4609 fue-

2157 4653 2245 4716 rit,
2310 4662 2365 4703 ut
2425 4651 2537 4719 ipse
2598 4650 2815 4720 quidem
2853 4651 3165 4713 existimat,
3210 4664 3373 4719 quam
3440 4644 3713 4715 σφένδαμ-

2154 4760 2241 4807 νος
2293 4743 2676 4812 Theophrasti,
2719 4753 2774 4797 et
2802 4758 2925 4799 acer
2963 4743 3140 4797 Plinii.
3177 4741 3414 4797 Rectene
3446 4755 3512 4794 an
3556 4752 3714 4794 secus

2155 4835 2244 4887 hic
2282 4842 2522 4895 censeat,
2566 4848 2670 4888 non
2706 4833 2879 4887 habeo
2907 4832 3089 4887 dicere

2222 4967 2312 5021 45.
2344 4966 2456 5021 Hoc
2488 4967 2630 5033 dico,
2656 4983 2810 5022 usum
2866 4966 3239 5035 hujuscemodi
3274 4966 3543 5037 lignorum
3592 4980 3713 5023 esse

2155 5059 2586 5128 antiquissimum
2625 5077 2640 5113 :
2680 5059 2734 5113 id
2762 5059 2907 5113 enim
2958 5059 3226 5129 colligitur
3248 5075 3313 5114 ex
3354 5061 3584 5118 concilio
3620 5063 3719 5119 Ni-

2154 5165 2303 5204 (εωηο
2341 5166 2400 5213 tt,
2448 5159 2554 5204 act.
2594 5149 2649 5213 4,
2685 5150 2772 5203 ubi
2813 5136 3131 5221 Euthymius
3171 5151 3429 5207 diaconus
3480 5162 3537 5207 et
3594 5169 3716 5210 mo-

2156 5240 2360 5294 nachus
2393 5255 2489 5309 pro
2518 5240 2771 5310 episcopo
2798 5239 3033 5295 Gotthiae
3082 5241 3197 5294 haec
3237 5240 3389 5310 legit,
3417 5256 3487 5296 ex
3542 5242 3716 5298 mira-

2154 5330 2286 5385 culis
2319 5328 2377 5387 S.
2406 5331 2676 5385 Anastasii
2708 5332 2983 5401 martyris.
3014 5330 3149 5401 Φέρε
3172 5331 3236 5402 δὴ
3271 5331 3365 5383 καὶ
3399 5330 3466 5383 τὰ
3495 5335 3552 5387 ὲν
3578 5334 3717 5386 Και-

2155 5422 2316 5491 σαρίᾳ.
2338 5421 2435 5491 τῆς
2454 5421 2816 5491 Παλαιστίνης
2843 5420 3108 5491 γενόμενα.
3133 5420 3237 5473 ὑπὸ
3260 5421 3353 5474 τοῦ
3380 5423 3537 5490 ἁγίου
3574 5422 3718 5478 κατὰ

2152 5512 2210 5564 τὸ
2256 5511 2475 5563 δυνατὸν
2524 5512 2907 5583 ἱστορήσωμεν⁸
2960 5511 3358 5581 Πλησιάσαντος
3408 5516 3463 5567 ὲν
3491 5516 3557 5586 τῇ
3588 5515 3718 5585 ἁγίᾳ

2153 5596 2306 5648 πόλει
2349 5596 2441 5649 τοῦ
2469 5597 2623 5665 ἁγίου
2658 5597 2930 5666 λειψάνου,
2960 5599 3198 5666 γνωστὸν
3234 5601 3423 5671 γέγονε
3453 5604 3601 5675 πάσῃ
3648 5606 3715 5674 τῇ

2154 5688 2333 5742 πόλει¹
2365 5689 2455 5743 καὶ
2472 5688 2808 5758 εὐφροσύνης
2836 5689 3075 5757 μεγάλης
3104 5692 3429 5760 πλησθέντες
3459 5696 3714 5761 ἅπαντες,
