4076 6226
400 346 668 388 CCCXXV"!

1772 322 2299 380 PROLEGOMENA.

400 445 746 509 ἀναστάντες,
778 444 844 498 τά
873 461 930 496 τε
965 443 1082 516 ίερὰ
1123 440 1254 508 ξύλα
1287 441 1650 512 σημάναντες,
1689 437 1969 509 συνηθροέ-
1998 450 2042 501 Α
2140 442 2392 516 {auara
2447 443 2628 512 καιρῷ
2652 446 2718 500 τὸ
2751 445 2962 514 ξύλον,
3003 447 3148 503 καθὸ
3197 437 3342 504 δέοι.

401 535 605 604 σθησαν
633 534 868 595 ἆπαντες
899 535 956 585 ὲν
984 529 1062 600 τῷ
1092 529 1382 599 πανσέπτῳ
1410 525 1523 598 ναῷ
1549 525 1649 595 τῆς
1681 525 1964 586 Θεοτόκσυ,

400 624 767 695 ἐπιλεγομένῳ
802 624 900 694 τῆς
926 623 1092 686 Νέας.
1129 640 1149 674 ς
1189 622 1281 675 Eia
1315 635 1477 682 nunc,
1513 628 1567 672 et
1588 632 1649 672 ea
1676 631 1797 687 quae
1829 620 1968 685 apud

397 714 702 770 Caesaream
748 713 1048 768 Palaestina:
1106 727 1135 765 a
1174 711 1232 766 S.
1267 709 1558 765 Anastasio
1616 709 1760 762 facta
1791 718 1960 773 sunt,

399 807 576 876 quoad
627 807 745 876 ejus
781 806 895 859 ﬁeri
948 814 1147 876 potest,
1183 817 1519 858 enarremus.
1551 799 1688 855 Cum
1722 800 1788 852 ad
1841 814 1967 852 san-

398 909 541 953 ctam
575 897 852 952 civitatem
905 897 1446 966 appropinquassent
1491 891 1665 948 sancti
1708 889 1966 960 reliquiae,

399 989 453 1044 id
492 989 726 1045 innotuit
752 990 1019 1044 universa:
1048 987 1300 1051 civitati,
1341 995 1394 1041 et
1432 984 1610 1040 lmlitia
1648 996 1840 1052 magna
1865 981 1967 1035 im-

399 1081 528 1150 pleti
551 1089 676 1136 sunt
698 1097 908 1136 omnes.
926 1079 994 1134 Et
1017 1088 1299 1150 surgentes
1317 1091 1580 1145 sacraque
1608 1075 1751 1144 ligna
1771 1088 1964 1143 pereu-

401 1173 594 1228 tientes
624 1181 996 1228 convenerunt
1024 1173 1078 1226 in
1102 1185 1313 1226 summe
1331 1167 1694 1225 venerandum
1717 1165 1960 1236 Deiparze

401 1262 676 1332 templum,
711 1265 854 1332 quod
875 1262 1073 1318 dicitur
1103 1261 1282 1316 Novae.
1308 1280 1326 1313 ι
1363 1259 1515 1328 Ligni
1551 1258 1732 1312 itidem
1768 1257 1957 1310 memi-

397 1351 722 1409 nitJoannes
752 1352 1022 1418 Moschus,
1049 1353 1102 1406 in
1137 1352 1299 1405 Prata
1326 1346 1726 1418 Spirit.cap.il
1751 1343 1962 1415 εΚρού-

399 1460 588 1506 σαντος
613 1443 706 1496 τοῦ
737 1442 1067 1514 κανονάρχου
1109 1441 1171 1493 τὺ
1205 1439 1380 1506 ξύλον,
1414 1439 1500 1507 ἐφ’
1528 1430 1572 1506 ᾧ
1607 1435 1812 1497 πάντας
1838 1433 1964 1496 τοὺς

2139 510 2206 564 Et
2234 525 2461 580 tempore
2485 510 2677 581 etrite,
2710 510 2777 570 ut
2797 510 3112 589 tuba,’ligno
3141 535 3290 573 cane.

2071 605 2217 659 Alios
2270 605 2416 660 locos
2462 610 2741 678 congessit
2769 609 3029 676 Allatius,
3069 611 3344 682 congessit
3381 617 3440 666 et
3493 609 3639 667 Can-

2070 697 2208 765 gius,
2248 711 2384 767 quos
2421 707 2601 767 potest
2631 701 2879 756 curiosus
2939 701 3108 756 lector
3140 701 3447 758 consulere.
3504 701 3635 756 Mihi

2069 787 2201 842 satis
2231 787 2390 843 debet
2424 804 2544 866 esse
2573 792 2662 846 hic
2703 795 2890 860 paucis
2924 795 3249 860 ostendisse,
3278 793 3408 864 quid
3462 794 3533 849 sit
3566 794 3641 848 si-

2069 893 2230 946 gnum
2286 879 2466 936 minus
2499 920 2512 945 ,
2549 882 2678 950 quid
2725 881 2921 951 majus.
2973 883 3137 938 Extra
3187 885 3302 938 lucc
3349 883 3456 938 duo
3487 883 3638 952 signa

2069 976 2194 1021 sunt
2237 977 2291 1022 et
2345 968 2449 1023 alia
2475 1009 2490 1034 ,
2519 985 2639 1041 qua:
2660 983 2914 1028 secuturo
2946 975 3122 1042 capite
3151 974 3331 1028 locum
3359 973 3641 1030 invenient

2070 1073 2247 1112 suum.
2281 1058 2396 1114 Jam
2444 1061 2587 1115 enim
2640 1062 2850 1133 signum
2889 1064 3066 1118 minus
3115 1079 3214 1118 nos
3266 1065 3333 1118 ad
3384 1065 3638 1134 templum

2068 1145 2378 1202 Grrecorum
2405 1161 2581 1215 vocat,
2608 1160 2665 1204 ut
2697 1153 2748 1206 in
2775 1154 3072 1208 tninoribus
3095 1155 3332 1223 vesperis
3353 1163 3408 1209 et
3437 1163 3639 1222 specte-

2072 1255 2190 1293 mus
2220 1252 2574 1311 congregalos
2602 1243 2818 1310 fratres,
2853 1254 2906 1300 et
2939 1246 3275 1300 sacerdotem
3303 1246 3637 1302 intonantem

2069 1330 2371 1384 audiamus.

2135 1418 2224 1472 46.
2285 1418 2376 1475 Sic
2424 1435 2555 1489 ergo
2610 1425 2955 1492 prosequitur
2995 1424 3254 1496 Typicum
3293 1423 3633 1495 εΣυναχθέν-

396 1535 658 1605 ἀδελφοὺς
687 1511 1036 1606 συναχθῆναι.
1073 1551 1092 1585 ι
1116 1533 1466 1587 Canonarcha
1502 1530 1698 1599 lignum
1722 1527 1954 1597 pulsante

2066 1528 2173 1564 των
2211 1511 2319 1566 τῶν
2369 1513 2614 1583 ἀδελφῶν
2666 1517 2725 1568 ὲν
2774 1519 2839 1586 τῇ
2891 1515 3156 1588 ἐκκλησίᾳ
3207 1515 3436 1588 ἄρχεται
3487 1517 3517 1568 ό
3556 1516 3634 1568 Ec-

396 1627 464 1682 ad
525 1641 710 1682 omnes
763 1626 954 1680 fratres
992 1623 1417 1694 congregandos.
1455 1640 1474 1673 ι
1530 1622 1596 1676 Ει
1651 1619 1966 1674 Theodorus

396 1717 628 1780 Studita,
671 1717 724 1770 in
761 1716 1090 1774 carminibus
1121 1715 1316 1786 quibus
1348 1713 1638 1781 alloquitur
1691 1722 1961 1762 eanonar-

395 1805 550 1860 cham
579 1823 592 1858 :

992 2066 1368 2122 SAGERDOS.

461 2159 782 2218 Benedictus
812 2158 951 2213 Deus
997 2167 1203 2224 noster,
1233 2173 1373 2212 nunc
1439 2167 1494 2212 et
1537 2169 1770 2224 semper,
1811 2162 1864 2208 et
1902 2151 1955 2208 in

395 2249 594 2308 saecula
619 2249 958 2306 seculorum.
985 2249 1177 2305 Amen.

821 2337 1112 2393 PBIESES
1158 2335 1532 2394 ECCLESUE.

490 2429 698 2497 Venite,
723 2429 1031 2484 adoremus.
1843 2503 1848 2507 .

463 2523 569 2592 47.:
597 2523 664 2577 Et
715 2521 897 2592 psallit
924 2521 1189 2590 psalmum
1239 2515 1646 2591 promniiacum,
1702 2519 1954 2586 Benedic,

392 2615 570 2670 anima
607 2627 746 2679 mea,
782 2613 1086 2670 Dominum.
1139 2613 1363 2669 Domine
1410 2613 1550 2669 Deus
1596 2627 1764 2681 meus,
1805 2621 1956 2667 tran-

394 2702 557 2774 quilla
616 2714 671 2758 et
728 2704 997 2759 submissa
1031 2719 1184 2763 voce.
1216 2705 1284 2759 Et
1312 2705 1500 2760 eodem
1533 2705 1693 2760 modo
1749 2703 1952 2759 dicitur

392 2796 679 2865 psalmus,
757 2793 1018 2863 Domine,
1084 2795 1359 2861 clamavi,
1429 2804 1556 2850 tono
1611 2794 1947 2850 dominicati.

389 2885 708 2942 Recitantur
737 2885 989 2941 versiculi
1025 2895 1150 2941 tres.
1193 2887 1258 2941 Et
1283 2886 1583 2954 psalluntur
1606 2901 1797 2941 versus
1833 2901 1956 2954 pro-

389 2979 547 3034 somii
595 2978 712 3034 sive
754 2977 1019 3032 similares
1071 2978 1179 3032 toni
1233 2977 1287 3043 5,
1329 2979 1472 3033 sicut
1513 2978 1599 3040 Ὠς
1625 2979 1873 3046 γενναῖον
1895 2979 1952 3030 ὲν

392 3070 682 3142 μάρτυσιν.

825 3159 1097 3218 VERSUS
1136 3157 1515 3215 SIMILARES.

457 3252 549 3310 48.
600 3252 806 3308 Christi
857 3253 1161 3317 charitate,
1213 3251 1409 3319 Basili,
1459 3251 1754 3308 ascendens
1785 3253 1837 3307 in
1872 3253 1954 3308 al-

2070 1603 2214 1672 ρεύς.
2274 1605 2630 1676 Congregatis
2673 1609 2727 1662 in
2778 1607 3006 1682 ecclesia
3037 1608 3294 1664 fratribus
3332 1607 3522 1664 incinit
3546 1621 3635 1664 sa-

2069 1697 2276 1749 cerdos.

2713 2049 2979 2103 ΙΕΡΕΥΣ.

2135 2143 2436 2213 Εὐλογητὸς
2483 2143 2511 2195 ὁ
2545 2141 2676 2205 Θεὸς
2709 2142 2864 2212 ἡμῶν
2889 2143 2976 2196 ἀεὶ
3008 2143 3102 2196 καὶ
3134 2145 3215 2207 είς
3259 2143 3388 2209 τοὺς
3432 2143 3631 2208 αἰῶνας

2057 2234 2163 2289 τῶν
2186 2233 2417 2288 αἰώνων.
2465 2235 2657 2304 Ἀμήν.

2557 2325 3120 2379 ΕΚΚΑΗΣΙΑΡΧἨΣ.

2132 2415 2318 2479 Δεῦτε,
2353 2416 2840 2486 προσκυνήσωμεν.

2130 2507 2241 2561 Καὶ
2264 2506 2454 2576 ψάλλει
2483 2506 2573 2559 τὸν
2605 2505 2961 2576 προοιμιακὸν
2999 2505 3208 2577 ψαλμὸν
3257 2507 3338 2572 τὸ,
3381 2507 3628 2577 Εύλόγει,

2058 2597 2093 2666 ἡ
2127 2596 2272 2668 ψυχή
2308 2613 2432 2667 μου,
2457 2597 2547 2651 τὸν
2577 2596 2799 2667 Κύριον·
2829 2597 2999 2668 Κύριε
3047 2600 3075 2650 ό
3107 2597 3238 2661 Θεός
3283 2616 3404 2670 μου,
3445 2599 3627 2670 ἡσύχῳ

2057 2689 2328 2759 φωνῇκαὶ
2372 2689 2631 2759 ἠρεμαίᾳ.
2665 2683 2779 2741 Εἶθ’
2802 2687 2976 2752 οὕτως
3016 2688 3248 2760 λέγομεν
3289 2689 3371 2756 τὸ,
3433 2689 3627 2762 Κύριε,

2056 2777 2346 2850 ἐκέκραξα,
2395 2782 2475 2843 είς
2514 2780 2605 2832 τὸν
2653 2776 2785 2852 ἦχον
2818 2780 2918 2850 τῆς
2951 2781 3238 2851 κυριακῆς.
3286 2781 3539 2852 Ἰστῶμεν
3570 2782 3627 2836 δὲ

2058 2870 2271 2939 στίχους
2289 2870 2352 2922 δ’.
2400 2871 2508 2923 Kal.
2537 2868 2809 2940 ψάλλομεν
2843 2870 3075 2941 στιχηρὰ
3099 2870 3401 2941 προσόμοια
3428 2872 3561 2943 ἡχου
3581 2871 3626 2925 δ’

2063 2958 2199 3028 πρὸς
2225 2959 2285 3011 τό
2320 2959 2407 3021 Ὠς
2443 2961 2684 3026 γενναῖον
2715 2960 2772 3010 ὲν
2797 2960 3082 3029 μάρτυσιν.

2465 3173 2765 3226 ΣΤΙΧΗΡΑ
2792 3173 3209 3228 ΠΡΟΣΟΜΟΙΑ.

2140 3265 2226 3319 Ἐν
2269 3264 2357 3336 τῷ,
2389 3263 2532 3335 ὕψει,
2577 3263 2842 3327 Βασίλειε,
2888 3265 2987 3336 τῆς
3024 3263 3258 3335 Χριστοῦ
3297 3264 3624 3336 ἀγαπήσεως

388 3353 541 3410 tum,
593 3343 984 3414 contemplatus
1031 3358 1092 3400 es
1146 3345 1420 3399 recondita
1468 3345 1636 3414 ipsius
1675 3361 1741 3400 ac
1770 3346 1948 3401 divina

2058 3355 2260 3418 ἀναϐὰς
2291 3355 2682 3417 κατώπτευσας
2713 3352 2782 3406 τὰ
2811 3353 3095 3426 ἀπόρρητα
3142 3353 3306 3408 αὑτοῦ
3362 3355 3454 3408 καὶ
3505 3355 3624 3409 θεῖα

390 3433 646 3502 mysteria
675 3475 689 3500 ,
723 3448 842 3502 quae
875 3441 1128 3503 tanquam
1151 3433 1367 3504 pietatis
1405 3449 1583 3505 praeco
1610 3436 1828 3506 sapiens
1860 3437 1954 3493 de-

394 3523 573 3579 texisti
599 3531 653 3580 et
679 3523 1041 3579 manifestasti
1067 3525 1298 3594 populis.
1316 3525 1494 3593 Quare
1516 3533 1659 3596 pete,
1681 3542 1715 3582 ο
1744 3537 1951 3594 sancte,

391 3630 421 3669 a
452 3614 691 3684 pernicie
715 3613 1077 3684 periculisque
1102 3613 1323 3670 liberari
1341 3615 1459 3670 illos
1487 3615 1577 3685 qui
1613 3615 1843 3672 ﬁdeliter
1867 3631 1956 3672 se-

391 3715 631 3776 quuntur
657 3715 746 3759 tua
775 3705 1046 3777 dogmata.

458 3796 550 3852 49.
614 3795 943 3852 Semnonum
995 3805 1211 3852 tuorum
1267 3813 1331 3853 ac
1378 3800 1684 3867 dogmatum
1737 3799 1952 3870 sapien-

391 3885 486 3949 tia,
539 3894 727 3941 sancte
752 3884 998 3957 Gregori,
1036 3886 1248 3942 solvisti
1277 3887 1490 3942 vincula
1531 3889 1841 3957 liazresum;
1898 3900 1954 3945 et

387 3975 703 4031 orthodoxa:
734 3976 858 4031 ﬁdei
884 3977 1170 4031 concordia
1197 3978 1525 4047 conjunxisti
1559 3980 1747 4044 bonos,
1780 3994 1944 4048 agno-

388 4074 600 4123 scentes
636 4077 691 4120 et
720 4065 1000 4122 laudantes
1022 4067 1302 4122 Christum
1331 4085 1345 4122 :
1379 4084 1408 4122 a
1445 4083 1552 4137 quo
1578 4078 1704 4139 pete
1725 4069 1950 4125 liberari

389 4175 419 4213 a
449 4157 683 4228 pernicie
709 4157 1068 4228 periculisque
1095 4159 1233 4224 illos,
1268 4160 1360 4228 qui
1391 4159 1620 4215 ﬁdeliter
1646 4162 1948 4233 suscipiunt

389 4257 476 4304 tua
500 4249 758 4304 divinitus
789 4249 986 4303 dictata
1016 4249 1286 4319 dogmata.

456 4341 546 4396 50.
607 4340 858 4397 Christus
937 4349 988 4395 te
1049 4341 1230 4413 posuit
1274 4340 1488 4396 ﬁrmum
1551 4341 1946 4399 ﬁrmamentum

389 4433 642 4489 Ecclesiae
685 4448 819 4500 suat,
864 4431 1024 4488 Pater
1050 4444 1256 4501 sancte,
1282 4433 1463 4488 divina
1491 4433 1671 4489 locute
1701 4434 1946 4506 Chryso-

385 4538 580 4591 Stome,
616 4535 674 4581 ιιι
697 4541 816 4581 eam
856 4540 1101 4581 servares
1151 4525 1476 4581 immobilem
1528 4535 1688 4598 atque
1720 4527 1949 4598 inexpu-

387 4618 652 4689 gnabilem
696 4621 956 4674 adversus
989 4620 1332 4674 inimicorum
1359 4620 1614 4690 impetus,
1647 4632 1702 4676 et
1749 4631 1807 4677 ut
1855 4639 1948 4693 pe—

387 4721 528 4765 teres
577 4710 803 4766 letiferis
828 4711 1130 4767 animorum
1170 4713 1662 4782 perturbationibus
1730 4714 1945 4770 liberari

384 4815 500 4868 eos,
532 4804 621 4873 qui
661 4804 855 4858 sitiunt
908 4813 1119 4860 tuorum
1182 4820 1488 4861 sermonum
1517 4809 1940 4863 sententiarum-

383 4907 490 4963 que
519 4894 760 4963 pelagus.

455 4983 544 5038 51.
591 4983 872 5040 Trinitatis
930 4986 1157 5040 selectos
1204 4982 1386 5050 ﬂores,
1425 4987 1674 5055 pratique
1723 4988 1945 5041 immor-

384 5074 506 5130 talis
533 5084 865 5146 unguentum
912 5077 1251 5144 exhalantes,
1298 5070 1484 5148 atque
1515 5079 1944 5146 iucundissimos

381 5167 733 5238 intelligibilis
761 5168 894 5224 solis
943 5171 1144 5236 radios,
1185 5181 1240 5226 et
1270 5170 1469 5227 divinis
1495 5172 1610 5226 suis
1645 5173 1944 5229 luminibus

381 5259 750 5316 illuminantes
782 5261 1353 5329 terram,celebremus
1387 5263 1649 5320 Joannem
1667 5264 1941 5337 Magnum,

381 5347 625 5404 divinum
675 5350 980 5420 theologum
1033 5351 1393 5421 Gregorium,
1447 5362 1503 5407 et
1547 5353 1653 5408 alta
1711 5355 1941 5423 quadam

381 5449 562 5496 mente
591 5442 872 5511 praeditum
896 5441 1171 5499 Basilium.

522 5529 725 5586 Gloria.
1235 5534 1426 5591 "Tonus
1462 5533 1710 5606 obliquus
1740 5533 1797 5591 2.

451 5619 706 5677 Homines
741 5621 835 5677 Dei
884 5630 939 5678 et
986 5624 1170 5679 ﬁdeles
1216 5625 1383 5689 servi,
1415 5624 1726 5680 sacerdotes
1758 5623 1940 5680 Domi-

2060 3448 2352 3520 μυστήρια,
2407 3446 2549 3516 άπερ
2592 3445 2930 3508 ἀνεκάλυψας
2970 3446 3061 3498 καὶ
3101 3445 3411 3516 ὲτράνωσας
3451 3445 3619 3512 λαοῖς,

2056 3538 2329 3602 εὐσεϐείας
2353 3537 2427 3601 ὡς
2478 3537 2651 3608 κῆρυξ
2683 3538 2864 3606 σοφός.
2905 3537 2994 3590 Διὸ
3021 3538 3288 3610 πρέσϐευε
3332 3539 3396 3590 ἐκ
3419 3537 3622 3610 φθορᾶς

2055 3627 2147 3682 καὶ
2186 3626 2438 3680 κινδύνων
2484 3625 2824 3696 λυτρωθῆναι
2870 3626 2995 3690 τοὺς
3021 3627 3226 3690 πιστῶς
3254 3626 3620 3697 ὲφεπομένους

2052 3720 2162 3780 τοῖς
2197 3719 2308 3780 σοῖς
2326 3716 2607 3786 δόγμασιν,
2643 3717 2776 3772 ὅσιε.

2123 3807 2261 3870 Τοὺς
2313 3805 2640 3876 συνδέσμους
2683 3804 2930 3867 διέλυσας
2984 3803 3092 3857 τῶν
3132 3804 3416 3875 αἱρέσεων,
3467 3805 3620 3868 ὃσιε,

2054 3900 2116 3968 τῇ
2149 3897 2309 3968 σοφίᾳ
2340 3897 2448 3950 τῶν
2477 3898 2649 3966 λόγων
2685 3898 2778 3949 καὶ
2801 3897 3082 3967 δογμάτων
3120 3914 3232 3961 σου,
3282 3897 3467 3960 καὶείς
3493 3895 3620 3966 ὁμό-

2053 4006 2198 4043 νοιαν
2225 3989 2483 4060 ἦθροισας
2519 3987 2796 4060 ὀρθοδόξου
2831 3988 3064 4051 πίστεως
3099 3986 3226 4051 τοὺς
3253 3986 3618 4057 εὐγνώμονας,

2053 4080 2283 4150 Χριστὸν
2301 4079 2700 4151 εὐφημοῦντας,
2718 4079 3006 4150 Γρηγόριε,
3026 4080 3083 4133 ὃν
3104 4081 3310 4134 ἱκέτευε
3341 4083 3402 4133 ὲκ
3419 4079 3619 4149 φθορᾶς

2053 4169 2311 4224 κινδύνων
2355 4170 2691 4242 λυτρωθῆναι
2749 4172 2873 4234 τοὺς
2921 4171 3124 4237 πιστῶς
3159 4171 3618 4243 προσδεχομένους

2053 4261 2121 4313 τὰ
2151 4261 2219 4314 σὰ
2251 4261 2555 4330 θεόφθογγα
2597 4261 2866 4331 δόγματα.

2139 4355 2378 4425 Ἀῤῥαγῆ
2433 4371 2490 4407 σε
2543 4355 2789 4424 θεμέλιον
2831 4355 2860 4406 ὁ
2905 4355 3138 4425 Χριστὸς
3193 4353 3514 4426 ὲπεστήριξε
3549 4355 3617 4424 τῆ

2052 4444 2216 4498 αὐτοῦ
2249 4444 2560 4514 Ἐκκλησία,
2592 4445 2772 4516 Πάτερ
2795 4446 2926 4508 ὄσιε,
2961 4445 3228 4517 τηροῦντα
3255 4445 3457 4516 ταύτην
3487 4446 3617 4499 dadi-

2051 4537 2256 4599 λευτον,
2283 4536 2378 4589 καὶ
2411 4536 2831 4607 ἀκαταμάχητον
2861 4536 2964 4588 τῶν
2999 4535 3205 4607 ἐχθρῶν
3234 4537 3353 4598 ταῖς
3389 4534 3616 4606 προσϐο-

2051 4627 2188 4691 λαῖς,
2245 4627 2547 4699 θεορρἦμον
2605 4627 2973 4697 Χρυσόστομε,
3025 4627 3119 4678 κοιλ⁴
3153 4625 3517 4698 πρεσϐεύοντα
3552 4627 3616 4677 ἐκ

2051 4717 2236 4771 παθῶν
2289 4717 2644 4788 ψυχοερθόρων
2670 4715 3008 4786 λυτρωθῆναι
3041 4715 3166 4778 τοὺς
3213 4713 3480 4782 διψῶντας
3509 4711 3615 4766 τῶν

2049 4808 2155 4862 σῶν
2173 4808 2345 4876 λόγων
2371 4808 2463 4860 καὶ
2493 4807 2776 4877 νοημάτων
2796 4807 2856 4858 τὸ
2882 4805 3133 4874 πέλαγος.

2116 4988 2226 5057 Τῆς
2261 4988 2486 5058 Τριάδος
2515 4987 2754 5055 ὲκλόγια,
2777 4987 3050 5059 ἀκηράτου
3081 4986 3340 5057 λειμῶνός
3370 5002 3429 5038 τε
3451 4983 3607 5054 ἄνθη,

2045 5079 2111 5130 τὰ
2137 5078 2402 5149 μυρίπνοα
2436 5079 2526 5130 καί⁵
2556 5077 2912 5146 τερπνότατα,
2937 5076 3030 5129 τοῦ
3046 5075 3237 5146 νοητοῦ
3261 5075 3336 5139 ὡς
3351 5075 3612 5146 ὑπάρχον-

2045 5186 2140 5233 τας
2171 5171 2394 5232 ἀκτῖνας
2427 5168 2600 5239 ἡλίου,
2634 5169 2728 5221 καὶ
2753 5169 3082 5236 φωτίζοντας
3113 5166 3210 5238 τὴν
3241 5167 3342 5237 γῆν
3367 5171 3487 5229 ταῖς
3509 5167 3612 5219 αύ-

2044 5260 2151 5313 τῶν
2203 5262 2372 5324 θεῖαις
2419 5259 2706 5330 λάμψεσιν,
2764 5260 3169 5330 εὐφημήσωμεν
3220 5258 3468 5328 Ἰωάννην
3521 5256 3612 5310 τόν

2049 5353 2219 5423 μέγαν
2256 5354 2351 5406 σὺν
2381 5351 2459 5423 τῷ
2489 5352 2616 5423 θείῳ
2660 5351 2896 5422 θεολόγῳ
2929 5352 2967 5403 Γ
2973 5351 3213 5423 ρηγορὶῳ
3247 5351 3339 5404 καὶ
3363 5351 3454 5403 τὸν
3483 5349 3607 5418 ὑψί-

2044 5464 2165 5499 νουν
2197 5443 2492 5497 Βασίλειον.

2217 5537 2370 5603 Δόξα.
3087 5529 3255 5603 Ἠχος
3279 5532 3367 5586 πλ.
3403 5532 3468 5602 β’.

2120 5627 2428 5699 νΑνθρωϊιοι
2480 5625 2572 5679 τοῦ
2615 5625 2748 5678 Θεοῦ
2779 5625 2872 5678 καὶ
2909 5625 3086 5677 πιστοὶ
3115 5624 3319 5676 οἰκέται
3342 5664 3356 5688 ,
3383 5621 3613 5692 λειτουρ-

381 5714 460 5780 ni,
489 5715 588 5769 viri
617 5714 1025 5780 desideriorum,
1061 5730 1187 5770 vasa
1233 5716 1536 5784 electionis,
1573 5717 1836 5772 columna:
1872 5725 1925 5770 et

2058 5716 2116 5769 ὀἱ
2145 5716 2372 5783 Κυρίου,
2401 5715 2591 5783 ἄνδρες
2618 5711 2942 5782 ἐπιθυμιῶν,
2971 5711 3137 5781 σκεύη
3162 5711 3413 5780 ἐκλογῆς,
3434 5708 3611 5762 στῦλοι
