4076 6226
1608 329 2019 386 'ACOLUTHIA
2056 329 2393 387 TtthLlClS
2434 329 2655 385 FESTI.
3517 345 3739 388 cccxxrx

500 448 594 499 ml
647 445 994 516 στηρίγματα
1025 446 1125 517 τῆς
1186 447 1531 519 Ἐκκλησίας,
1586 450 1857 519 βασιλείας
1887 453 2110 523 κληροη

2130 457 2155 514 ι
2186 450 2495 506 fulcimenta
2525 447 2803 515 Ecclesiae,
2828 447 2985 519 regni
3014 448 3278 516 heredes,
3310 460 3380 504 ne
3409 448 3740 519 cessetispro

501 536 675 605 νόμοι,
726 535 801 606 μὴ
842 537 1235 606 παρασιωπᾶτε
1283 536 1377 590 τοῦ
1405 539 1534 609 βοᾷν
1566 540 1706 611 ὑπὲρ
1732 541 1886 611 ήμῶν
1942 542 2074 612 πρὸς

1415 539 1534 609 Βοᾷν
1566 540 1706 611 ὑπὲρ
1732 541 1886 611 ήμῶν
1942 542 2074 612 πρὸς
2178 541 2333 596 nobis
2363 540 2597 595 clamare
2630 540 2697 594 ad
2721 539 3025 596 Dominum.

501 628 726 699 Κύριον.

629 717 739 769 Καὶ
761 716 855 768 νῦν
1629 720 1927 772 Θεοτόκιον.

2318 724 2384 777 Et
2412 738 2571 776 nunc.
3358 722 3600 779 Mariale.

574 806 824 870 Θεοτόκε,
856 809 919 860 σὺ
950 802 1001 860 εἴ
1028 809 1060 878 ἡ
1089 808 1330 878 ἄμπελος
1362 810 1395 880 ή
1422 809 1666 881 ἀληθινή.
2180 815 2184 866 Ι

1459 809 1666 881 ληθινή.
2180 814 2274 868 Dei
2306 813 2573 881 Genitrix,
2603 824 2657 870 tu
2683 829 2741 869 es
2769 815 2898 870 vitis
2921 828 3067 870 vera.

574 898 751 952 Const.
790 896 879 951 52.
915 898 1018 976 llic_
1038 899 1249 952 videtur
1279 900 1515 976 recitari
1544 902 1715 954 oratio
1753 900 1872 964 Φῶς
1920 901 2123 971 ἱλαρὸν,
2154 918 2179 956 s

2154 903 2342 976 Saltem
2372 912 2629 976 quantum
2657 901 3281 976 posspmjonjicereex
3305 920 3426 976 cap.
3459 907 3485 959 l
3521 903 3736 975 Typici.

509 965 637 1020 Eam
675 979 853 1021 autem
885 969 1181 1022 orationem
1207 970 1437 1023 exhibeo
1472 971 1759 1039 integram,
1792 983 1957 1039 prout
1979 965 2155 1026 esstat
2187 975 2325 1040 apud
2359 965 2600 1029 Goarum
2636 965 2759 1044 pag.
2784 972 2855 1027 '52
2889 965 3221 1043 Euchologii.

575 1060 694 1122 Φῶς
737 1059 917 1128 ἱλαρὸν
952 1059 1112 1126 ἁγίας
1156 1058 1314 1131 δόξης
1359 1060 1628 1115 ἀθανάτου
1657 1064 1887 1135 Πατρὸς,
1914 1063 2077 1134 οὐρα-

2254 1064 2456 1119 Lumen
2538 1065 2831 1135 jucundum
2897 1074 3103 1120 sanctae
3181 1063 3363 1136 gloria:
3424 1063 3742 1119 immortalis

506 1153 639 1215 νίου,
664 1152 839 1221 ἁγίου,
870 1152 1132 1223 μάκαρος,
1169 1153 1342 1224 Ἰησοῦ
1375 1155 1595 1224 Χριστὲ,
1621 1155 1964 1219 ὲλθόντεςὲπ“ι
1982 1156 2078 1225 τὴν

2183 1154 2381 1214 Patris.
2410 1154 2675 1219 ctelestis,
2697 1154 2893 1221 sancti,
2928 1155 3092 1221 beati,
3122 1154 3249 1211 Jesu
3279 1154 3510 1219 Christe,
3548 1168 3743 1223 prove.

507 1244 597 1297 τοῦ
615 1243 763 1313 ἡλίου
781 1242 949 1308 δύσιν,
986 1243 1182 1306 ἰδόντες
1212 1244 1327 1311 φῶς
1353 1245 1654 1316 ἑσπερινὸν,
1674 1245 1948 1316 ὑμνοῦμεν
1971 1246 2081 1298 Πα-

2186 1246 2257 1299 cti
2288 1248 2353 1299 ad
2383 1246 2512 1301 solis
2543 1261 2818 1313 occasum,
2840 1256 2893 1302 et
2914 1258 3196 1303 cernentes
3223 1246 3393 1303 lucem
3416 1248 3742 1308 serotinam,

505 1335 662 1405 τέρα,
712 1334 861 1392 Υἰὸν.
900 1334 992 1386 καὶ
1026 1334 1179 1401 ἅγιον
1210 1334 1452 1405 Πνεῦμα,
1489 1336 1642 1389 Θεὸν.
1694 1337 1876 1401 ’Ἅξιόν
1920 1354 1978 1390 σε
2024 1340 2081 1390 ὲν

2182 1338 2461 1394 laudamus
2518 1340 2753 1406 Patrem,
2802 1340 3020 1405 Filium,
3050 1349 3105 1396 et
3164 1340 3427 1409 Spiritum
3476 1346 3742 1410 sanctum,

510 1429 642 1480 πᾶσι
678 1429 889 1496 καιροῖς
924 1426 1204 1495 ὑμνεῖσθαι
1238 1431 1441 1494 φωναῖς
1476 1429 1703 1495 αἰσίαις,
1731 1430 1826 1481 Υἱὲ
1850 1429 2005 1492 Θεοῦ,
2052 1432 2079 1482 6

2188 1431 2375 1485 Deum.
2401 1428 2639 1501 Equum
2672 1438 2756 1486 est
2792 1440 2864 1497 te,
2889 1430 2989 1485 Fili
3013 1430 3105 1486 Dei
3128 1469 3145 1496 ,
3172 1430 3394 1502 largitor
3428 1429 3575 1493 vitae,
3598 1428 3746 1484 omni

508 1518 681 1580 διδοὺς
707 1517 869 1589 ζωήν·
907 1517 986 1570 διὸ
1015 1519 1043 1570 6
1071 1518 1273 1588 κόσμος
1294 1535 1352 1571 σε
1380 1518 1590 1583 δοξάζει

2187 1522 2469 1577 celebrare
2521 1532 2806 1593 tempore;
2864 1521 3091 1593 ideoque
3121 1533 3170 1578 te
3193 1522 3423 1578 mundus
3455 1531 3595 1577 totus
3627 1521 3745 1576 lau-

2108 1609 2147 1662 B
2186 1612 2343 1667 dibus
2366 1613 2725 1683 prosequitur.

579 1698 753 1777 Gonx.
904 1699 1103 1777 Deinde
1126 1701 1691 1777 .cantaturpsalmus,
1727 1703 1784 1777 :0
1809 1702 2023 1777 _Ktipto;
2049 1707 2183 1759 ὲὸασ

2137 1708 2419 1771 ισίλευσεν,
2453 1726 2472 1759 ι
2505 1706 2766 1762 Dominus
2793 1708 3038 1775 regnavit
3067 1722 3082 1761 :
3112 1726 3131 1760 ι
3161 1708 3256 1763 sed
3285 1706 3405 1776 quis
3438 1706 3658 1777 praecise
3681 1721 3747 1762 ex

511 1769 684 1845 tribus
706 1771 961 1845 -psalmis
993 1771 1093 1845 ita-
1125 1770 1525 1845 incipientibus,
1580 1788 1682 1825 non
1732 1769 1945 1845 indicat
1996 1776 2275 1845 ’l‘ypicum.
2326 1769 2460 1831 Tum
2496 1779 2691 1831 dicitur
2739 1769 2934 1843 oratio,
2961 1769 3331 1844 Καταξίωσον,
3381 1769 3540 1845 quam
3576 1776 3629 1830 in
3654 1791 3750 1829 an-

514 1839 676 1915 tiquis
699 1837 1007 1915 Graecorum
1029 1837 1341 1915 Ritualibus
1374 1842 1463 1893 diu
1499 1842 1969 1915 _l'rustraquresivi.
2003 1837 2183 1909 Q'u'arc
2213 1852 2388 1902 visum
2440 1847 2542 1900 fuit
2589 1861 2709 1901 eam
2755 1837 3066 1903 describere
3100 1837 3167 1901 ei
3208 1837 3495 1915 Horolo'gio
3536 1845 3749 1915 Crypta:

516 1906 770 1970 Ferratm,
800 1911 1063 1978 impresso
1099 1909 1279 1965 Romae
1306 1926 1456 1963 anno
1490 1911 1646 1964 1077.
1683 1906 1773 1965 Sic
1805 1928 1932 1981 ergo
1955 1906 2130 1968 sonat.

579 2000 946 2065 Καταξίωσον,
981 2001 1175 2075 Κύριε,
1200 2003 1258 2055 ἐν
1292 2005 1357 2074 τῇ
1394 2004 1600 2075 ἑσπέρᾳ
1627 2006 1796 2077 ταύτῃ
1838 2007 2082 2079 ἀναμαρ-

2259 2009 2526 2079 Dignare,
2607 2009 2868 2073 Domine,
2923 2009 3024 2064 hoc
3079 2024 3302 2080 vespere
3355 2010 3473 2062 sine
3527 2017 3749 2079 peccato

512 2092 703 2161 τήτους
755 2092 1092 2163 φυλαχθῆναι
1129 2095 1297 2164 ἡμᾶς,
1355 2095 1657 2165 Εὐλογητὸς
1698 2092 1766 2159 εἴ,
1804 2096 1995 2167 Κύριε,
2025 2101 2077 2151 -ὁ

2187 2115 2283 2153 nos
2312 2099 2607 2154 custodire.
2637 2097 2959 2153 Benedictus
2985 2112 3065 2161 es,
3085 2099 3331 2161 Domine,
3361 2096 3503 2152 Deus
3530 2096 3748 2151 Patrum

512 2182 642 2247 Θεὸς
660 2183 914 2255 Πατέρων
930 2184 1108 2254 ἡμῶν,
1130 2185 1221 2237 καὶ
1251 2186 1459 2239 αἰνετὸν
1486 2187 1579 2239 καὶ
1609 2186 1990 2258 δεδοξασμένον
2020 2190 2079 2242 τὸ

2186 2198 2494 2244 nostrorum
2521 2204 2537 2254 ;
2573 2198 2628 2243 et
2653 2187 2923 2243 laudabile
2949 2197 3003 2243 et
3050 2188 3343 2258 gloriosum
3375 2200 3572 2242 nomen
3601 2194 3747 2241 tuum

512 2275 683 2344 ὄνομά
713 2291 803 2328 σου
838 2278 919 2339 εἰς
940 2278 1066 2339 τοὺς
1094 2276 1313 2341 αίῶνας.
1359 2279 1547 2349 Ἀμήν.

1094 2276 1313 2341 αἰῶνας.
1359 2279 1547 2349 Ἀμήν.
2180 2281 2233 2335 in
2264 2282 2478 2336 saecula.
2506 2281 2697 2335 Amen.

584 2363 990 2440 Coun._Veru_tn
1023 2383 1106 2440 _an
1155 2370 1400 2423 eamdem
1430 2370 1573 2423 illam
1607 2372 1904 2425 orationem
1933 2372 2276 2427 adhibuerint
2310 2371 2649 2440 antiquiores
2702 2370 2899 2434 Graeci,
2947 2370 3136 2426 dubito
3166 2371 3339 2440 :iquia
3374 2371 3477 2425 hoc
3520 2368 3750 2426 Horolo-

516 2435 659 2509 gium
698 2436 858 2489 habet
902 2437 1149 2504 plurima,
1181 2454 1301 2508 quae
1332 2448 1457 2493 sunt
1488 2441 1681 2494 ritibus
1713 2440 2026 2495 Latinorum
2059 2445 2234 2509 potius
2265 2435 2673 2508 quam'Grazcor
2695 2457 2787 2494 um
2832 2440 3152 2495 conformia.
3180 2435 3309 2496 Post
3330 2440 3630 2495 orationem
3652 2455 3753 2494 κα-

514 2502 797 2570 ταξίωσον,
825 2502 1158 2575 quaecunque
1184 2502 1398 2563 demum
1427 2509 1511 2562 illa
1542 2509 1723 2573 fuerit,
1753 2512 2011 2566 videntur
2034 2502 2139 2565 dici
2171 2502 2472 2579 sequentia.

516 2594 611 2661 Εἰς
660 2595 751 2651 τὸν
801 2599 1001 2672 στίχονΔ
1033 2600 1261 2671 στιχηρὰ
1295 2601 1611 2672 προσόμοια,
1658 2599 1829 2671 Ἦχος
1869 2603 1957 2656 πλ.
2016 2600 2080 2670 β’,

2189 2601 2276 2655 54.
2306 2600 2388 2654 Ad
2441 2599 2765 2672 versiculum
2813 2613 3005 2672 versus
3041 2598 3333 2672 _similar_es.
3370 2597 3508 2672 Ton.
3560 2599 3671 2656 obl.
3694 2600 3750 2668 2,

875 2668 1183 2741 Τριήμερος
1215 2668 1716 2742 ἀνέστης,”Χριστέ.
1741 2668 1771 2671 ”
2016 2668 2025 2670 ἡ
2455 2671 2596 2725 sicut
2618 2670 2927 2741 Τριήμερος
2959 2668 3209 2739 ἀνέστης,
3243 2669 3463 2739 Χριστι.

599 2760 663 2813 'H
719 2760 877 2832 χάρις
935 2763 1334 2833 ὑπερίσχυσεν,
1388 2766 1421 2835 ἡ
1466 2764 1647 2828 πίστις
1696 2766 2085 2836 ἐπεκράτησεν,

2259 2761 2441 2819 Gratia
2501 2761 2828 2830 praevaluit,
2891 2759 3236 2830 exsuperavit
3287 2759 3461 2824 ﬁdes,
3513 2760 3742 2815 scientia

518 2849 807 2922 ἐπληρώθη
858 2852 1034 2905 πάντα
1067 2852 1319 2921 γνώσεως
1373 2854 1529 2919 Θεοῦ,
1585 2856 1670 2909 διὰ
1705 2856 1812 2910 τῶν
1858 2858 2089 2910 ἀποστό-

2194 2851 2289 2905 Dei
2322 2851 2542 2921 impleta
2585 2860 2717 2905 sunt
2762 2851 2963 2914 omnia,
2999 2864 3096 2920 per
3126 2849 3422 2920 apostolos,
3469 2858 3631 2920 atque
3661 2851 3754 2906 do-

520 2945 647 3010 λων,
699 2943 786 3000 διὰ
813 2944 920 2999 τῶν
971 2945 1325 3010 διδασκάλων,
1383 2947 1477 3000 καὶ
1522 2949 1790 3019 σωτηρίαν
1830 2948 2090 3019 ἐπλουτή-

1765 2967 1790 3001 ν
1830 2948 2090 3019 ὲπλουτή-
2189 2954 2395 3007 ctores,
2420 2951 2476 2998 et
2502 2957 2601 2998 nos
2630 2942 2802 2998 salute
2828 2940 3140 3011 locupletati
3167 2955 3375 2996 sumus.

524 3054 710 3107 σαμεν.

595 3129 802 3198 Στίχος.
832 3129 1212 3199 Καυχήσονται
1235 3130 1369 3183 ὅσιοι
1394 3132 1451 3183 ὲν
1478 3129 1625 3202 δόξῃ.
2119 3131 2159 3186 C

2119 3131 2159 3186 c
2267 3124 2355 3178 55.
2387 3122 2596 3179 Versic.
2624 3123 2982 3179 Exsultabunt
3007 3122 3183 3181 sancti
3215 3123 3268 3177 in
3293 3122 3487 3193 gloria.

593 3220 831 3291 Οὑράνια
878 3212 1170 3291 μυστήρια,
1210 3220 1525 3291 ἀνθρώπινα
1579 3221 1900 3292 μαθήματα,
1942 3239 2068 3293 χαρι

2265 3214 2518 3270 Caelestia
2565 3229 2761 3269 arcana
2787 3254 2803 3281 ,
2842 3216 3089 3269 humanae
3131 3213 3400 3278 scientiae,
3449 3227 3744 3270 concursus

525 3313 744 3383 σμὰτων
774 3311 1042 3383 συνδρομὴ
1071 3312 1426 3366 παντοδαπῶν
1477 3312 1618 3383 μετὰ
1661 3312 2096 3384 κατορθωμάτων

2196 3308 2487 3379 gratiarum
2535 3308 2711 3361 omnis
2764 3307 2978 3377 generis
3015 3320 3137 3361 cum
3165 3315 3313 3360 recte
3360 3303 3543 3369 factis,
3591 3318 3754 3374 supe-

525 3404 795 3458 νικώντων
823 3404 1000 3457 πάντα
1020 3403 1195 3473 λόγον,
1223 3405 1345 3469 τοὺς
1380 3408 1527 3477 τρεῖς
1544 3405 1731 3473 ἁγίους
1746 3405 2098 3476 ὲθαυμάστω-

2199 3405 2443 3459 rantibus
2465 3417 2680 3458 omnem
2711 3403 3037 3469 orationem,
3068 3404 3166 3459 bos
3198 3412 3307 3459 tres
3335 3413 3557 3459 sanctos
3587 3403 3754 3458 admi-

532 3513 651 3551 σαν.

2201 3494 2403 3550 rabiles
2425 3493 2624 3549 fecere.

607 3589 813 3659 Στίχος.
856 3591 918 3643 Οἱ
963 3591 1129 3660 ἱερεῖς
1168 3608 1282 3655 σου,
1310 3590 1505 3661 Κύριε,
1536 3592 1845 3645 ὲνδύσονται
1892 3590 2097 3643 δικαιο-

2270 3583 2360 3639 56.
2416 3584 2625 3640 Versic.
2684 3583 3003 3641 Sacerdotes
3066 3584 3174 3650 tui,
3235 3584 3482 3648 Domine,
3536 3584 3756 3640 induent

532 3680 716 3750 σύνην.

2203 3675 2488 3745 justitiam.

602 3771 874 3835 Βασίλειος
906 3774 934 3824 ὁ
976 3770 1153 3834 ἔνθεος
1185 3771 1327 3837 νοῦς,
1378 3771 1676 3843 Γρηγόριος
1709 3772 1741 3840 ἡ
1774 3769 1893 3824 θεία
1925 3767 2095 3838 φωνὴ,

2273 3767 2515 3824 Basilius
2575 3782 2727 3823 mens
2781 3767 2890 3823 Deo
2954 3764 3151 3837 plena,
3224 3761 3521 3833 Gregorius
3579 3762 3757 3817 divina

545 3862 793 3933 Ἰωάννης
816 3865 845 3915 6
871 3862 1205 3933 παγκόσμιος
1240 3862 1515 3934 λαμπτὴρ,
1536 3865 1587 3915 οἱ
1608 3865 1755 3933 τρεῖς
1775 3864 1873 3931 τῆς
1893 3858 2098 3915 ἀνωτά-

2202 3876 2329 3927 vox,
2357 3858 2597 3915 Joannes
2624 3860 2769 3915 omni
2803 3874 2869 3915 ex
2898 3869 3053 3930 parte
3079 3865 3331 3913 ornatum
3354 3854 3757 3923 candelabrum,

531 3970 608 4006 τω
637 3952 961 4025 Θεράποντες
984 3954 1206 4026 Τριάδος
1234 3954 1323 4006 καὶ
1348 3954 1648 4007 λειτουονοὶ
1674 3951 2100 4017 συνδοξαζέσθω-

2203 3963 2314 4008 tres
2345 3954 2576 4008 ministri
2596 3969 2861 4025 suprema:
2894 3952 3186 4008 Trinitatis
3209 3967 3272 4006 ac
3300 3951 3613 4013 sacerdotes
3633 3964 3758 4006 con~

537 4061 655 4097 σαν.

2202 4044 2568 4116 gloriﬁcentur
2586 4066 2597 4083 -

658 4136 812 4202 Δόξα.
1570 4133 1744 4208 Ἦχος
1774 4138 1955 4200 αὑτός.

2342 4138 2544 4194 Gloria.
3251 4129 3427 4187 Tonus
3460 4135 3622 4192 idem.

606 4222 700 4289 Εὖ,
724 4227 902 4280 δοῦ).οι
938 4228 1129 4297 ἀγαθοὶ
1170 4230 1263 4282 καὶ
1296 4230 1498 4295 πιστοὶ,
1521 4223 1603 4293 εῦ,
1630 4231 1857 4301 ἐργάται
1882 4229 1975 4283 τοῦ
1997 4230 2102 4300 ἀμ-

2272 4230 2359 4285 57.
2427 4228 2587 4284 Servi
2649 4227 2775 4284 boni
2829 4235 2883 4282 et
2934 4225 3150 4292 ﬁdeles,
3203 4224 3371 4282 seduli
3423 4222 3655 4293 operarii
3711 4222 3764 4276 in

540 4319 773 4384 πελῶνος
804 4319 1060 4390 Χριστοῦ,
1079 4322 1125 4373 οἱ
1148 4321 1240 4373 καὶ
1271 4320 1329 4373 τὸ
1358 4319 1519 4392 βάρος
1547 4323 1644 4391 τῆς
1674 4320 1883 4391 ἡμέρας
1908 4319 2103 4390 βαστά-

2211 4320 2413 4375 Christi
2447 4322 2627 4384 vinea,
2654 4320 2748 4389 qui
2787 4320 3042 4388 portastis
3074 4320 3283 4389 pondus
3322 4318 3451 4382 diei,
3481 4327 3533 4369 et
3581 4315 3765 4369 datum

540 4427 746 4475 σαντες,
790 4412 884 4469 καὶ
913 4412 975 4463 τὸ
1005 4411 1283 4482 δεδομένον
1320 4412 1578 4465 τάλαντον
1608 4410 1956 4483 αὐξήσαντες,
2008 4412 2101 4463 καὶ
2137 4479 2150 4483 _

2157 4481 2165 4483 ξ
2211 4412 2466 4467 talentum
2494 4411 2749 4480 auxistis,
2783 4426 2959 4481 neque
2995 4410 3261 4466 invidistis
3287 4417 3409 4480 post
3432 4423 3524 4463 vos
3548 4406 3767 4461 venien-

536 4505 648 4565 τοῖς
676 4502 793 4573 μεθ’
820 4504 972 4574 ὑμῶν
993 4479 1206 4557 ἐλθοῦσι
1226 4505 1298 4575 μὴ
1334 4503 1715 4574 φθονήσαντες.
1733 4479 1835 4556 ’Διὸ
1862 4503 2104 4573 ἣνοικται
2137 4479 2146 4533 Ῑ

2156 4481 2179 4533 )
2211 4504 2375 4559 tibus.
2415 4503 2539 4558 Ideo
2572 4504 2723 4558 vobis
2752 4479 2940 4572 aperta
2972 4514 3054 4557 est
3085 4503 3237 4573 regni
3276 4479 3465 4572 jianua.
3496 4499 3766 4553 lntrantes

541 4594 681 4665 πύλη
715 4594 989 4665 βασιλείας
1020 4596 1167 4666 ὑμῖν.
1203 4594 1549 4657 Είσελθόντες
1579 4590 1670 4647 οῦν
1702 4597 1782 4657 είς
1814 4593 1910 4663 τὴν
1934 4591 2104 4663 χαρὰν

2212 4593 2378 4662 igitur
2400 4592 2452 4645 in
2496 4591 2750 4662 gaudium
2782 4590 3113 4656 Conditoris,
3148 4600 3299 4647 orate
3320 4604 3417 4660 pro
3447 4588 3621 4655 nobis,
3644 4602 3767 4641 san-

538 4686 629 4739 τοῦ
658 4690 999 4758 ποιήσαντος,
1028 4686 1398 4758 πρεσϐεύσατε
1422 4686 1559 4755 ὑπὲρ
1585 4688 1617 4755 ἡ
1627 4686 1762 4756 μῶν,
1793 4686 1933 4753 ἆγιοι
1958 4683 2104 4737 διδά-

968 4706 999 4752 ;,
1028 4686 1398 4758 πρεσϐεύσατε
1422 4686 1559 4755 ὑπὲρ
1585 4686 1762 4756 ἡμῶν,
1793 4686 1933 4753 ἆγιοι
1958 4683 2104 4737 διδά-
2207 4685 2276 4739 cli
2312 4685 2578 4739 doctores.

543 4779 749 4834 σκαλοι.

664 4872 773 4924 Καὶ
805 4870 918 4924 νῦν.
1664 4868 1964 4920 Θεοτόκιον.

2344 4861 2411 4914 Ει
2437 4875 2599 4913 nunc.
3386 4857 3622 4911 Mariale.

610 4962 797 5024 Οὐδεὶς
845 4960 1191 5033 προστρέχων
1236 4961 1329 5011 ἐπὶ
1392 4961 1473 5013 σοὶ
1513 4960 1967 5032 κατῃσχυμμένος
2000 4957 2107 5011 ἀπὸ

2275 4949 2443 5005 Nemo
2480 4965 2771 5006 accurrens
2821 4954 2888 5005 ad
2921 4960 2988 5012 te,
3038 4965 3170 5019 pura
3197 4947 3356 5017 Virgo
3380 4947 3625 5003 Genitrix
3652 4949 3764 5016 Dei,

540 5054 633 5107 σοῦ
661 5053 1034 5124 ἐκπορεύεται,
1056 5051 1192 5121 ἁγνὴ
1216 5052 1458 5123 Παρθένε
1482 5052 1728 5105 Θεοτόκε·
1744 5049 1857 5102 ἀλλ’
1881 5050 2107 5101 αίτείται

2211 5043 2510 5098 derelictus
2538 5043 2635 5097 abs
2664 5052 2717 5098 te
2742 5042 3008 5107 discedit;
3032 5042 3125 5098 sed
3153 5042 3286 5110 petit
3315 5041 3565 5111 gratiam,
3596 5049 3652 5095 et
3674 5040 3769 5096 do-

540 5147 637 5214 τὴν
668 5147 845 5217 χάριν,
863 5145 957 5199 καὶ
981 5146 1244 5216 λαμϐάνει
1269 5146 1330 5198 τὸ
1346 5144 1574 5216 δώρημα
1597 5144 1733 5215 πρὸς
1758 5144 1818 5196 τὸ
1836 5141 2108 5212 συμφέρον

1607 5144 1733 5215 πρὸς
1758 5144 1818 5196 τὸ
1836 5141 2108 5212 συμφέρον
2210 5151 2335 5188 num
2368 5135 2561 5204 accipit
2584 5136 2825 5206 petitioni
2865 5134 3217 5191 conveniens.

541 5238 638 5306 τῆς
671 5238 794 5307 αίτή
802 5254 959 5301 σεως.

614 5349 726 5403 Νῦν
751 5350 1004 5414 ἀπολύεις
1062 5350 1153 5403 τὸν
1198 5351 1381 5404 δοῦλόν
1416 5366 1530 5402 σου.
1568 5348 1641 5399 T6
1677 5346 1985 5417 Τρισάγιον.

2279 5336 2432 5390 Nunc
2488 5336 2712 5391 dimittis
2784 5349 2997 5389 servum
3060 5343 3227 5386 tuum.
3288 5331 3630 5401 Trisagiutu,
3706 5329 3769 5383 de

2211 5444 2318 5499 quo
2343 5445 2491 5483 num.
2522 5430 2608 5482 ⁵51.

1084 5568 1582 5623 ΑΠΟΛΥΤΙΚΙΟΝ.

2755 5555 3223 5613 DlMlSSORIUM.

620 5657 686 5716 Οἱ
713 5660 821 5713 τῶν
857 5661 1164 5714 ἀποστόλων
1191 5660 1504 5731 ὁμότροποι,
1544 5657 1639 5709 καὶ
1674 5656 1773 5725 τῆς
1793 5654 2113 5724 οἰκουμένης

2286 5652 2372 5707 58.
2404 5651 2593 5707 Iisdem
2638 5651 2831 5719 quibus
2868 5649 3090 5719 apostoli
3130 5647 3368 5702 moribus
3414 5646 3647 5714 praediti,
3688 5646 3772 5698 do-

551 5747 875 5815 διδάσκαλοι,
905 5751 983 5820 τῷ
1005 5749 1245 5822 Δεσπότῃ
1272 5749 1377 5804 τῶν
1407 5749 1540 5803 ὅλων
1573 5745 1941 5819 πρεσϐεύσατε
1968 5747 2114 5818 είρή-

2219 5753 2413 5800 ctores
2450 5743 2686 5799 universi
2736 5744 2882 5799 orbis
2911 5784 2926 5809 ,
2977 5750 3130 5798 orate
3188 5742 3556 5796 universorum
3593 5736 3773 5793 Domi-
