4076 6226
1551 403 1944 457 ACULUTHIA
1984 402 2312 452 'l‘lthLtLtb
2349 402 2570 450 r'bb'l'i.
3476 407 3700 453 cccxxx:

534 522 801 579 Εἰσελθὼν
845 522 901 575 δὲ
939 522 1034 575 καὶ
1099 522 1179 585 εἰς
1220 520 1283 574 τὸ
1329 520 1483 589 ἅγιον
1534 521 1702 592 βῆμα,
1752 519 1899 587 λέγει
1944 518 2041 588 τὴν
2072 518 2118 577 Α

2095 519 2118 575 ι
2216 513 2306 568 66.
2378 511 2659 580 Ingressus
2740 519 2918 566 autem
2992 517 3236 564 sanctum
3305 508 3508 563 aditum
3572 507 3705 564 dicit

468 617 629 692 εὐχὴν
645 615 737 669 τοῦ
773 615 1118 685 θυμιάματος
1139 613 1258 667 καθ’
1280 614 1490 667 ἑαυτόν.

2146 614 2364 660 secreto
2425 602 2727 657 orationem
2795 604 2860 657 ad
2926 600 3350 657 incensationem
3402 599 3507 654 dici
3573 598 3700 654 soli-

2143 708 2271 751 tam.

547 785 724 839 Coum.
760 784 932 848 lianc,
968 785 1056 841 hic
1085 785 1139 839 in
1172 785 1373 856 Typico
1401 788 1679 851 omissam,
1710 788 1921 842 Goarus
1955 792 2175 846 exhibet
2197 789 2546 858 sequentibus
2578 786 2776 843 verbis.

535 877 876 931 Κατεύθυνον
929 875 1029 947 τὴν
1084 878 1394 948 προσευχὴν
1433 877 1612 947 ἡμῶν,
1660 878 1735 941 ὡς
1790 878 2039 951 θυμίαμα

2221 880 2405 949 Dirige
2488 878 2790 935 orationem
2859 884 3143 939 nostram,
3212 884 3271 930 ut
3323 874 3599 931 incensum
3650 874 3704 928 in

469 969 699 1023 ἐνώπιόν
727 985 841 1033 σου,
890 968 984 1020 καὶ
1033 967 1321 1037 πρόσδεξαι
1374 969 1541 1037 αὐτὴν
1576 970 1654 1031 εἰς
1698 968 1872 1039 ὀσμὴν
1906 972 2039 1022 εὐω-

2145 981 2441 1041 conspectu
2477 981 2588 1037 tuo,
2615 978 2671 1026 et
2720 966 2941 1037 suscipe
2988 982 3105 1022 eam
3133 967 3188 1022 in
3221 968 3438 1025 odorem
3470 965 3706 1022 suavita-

467 1063 594 1123 δίας.

2145 1066 2233 1146 tis.

540 1158 699 1211 Certe
729 1156 841 1210 haec
864 1156 1036 1209 oratio
1071 1169 1099 1207 a
1128 1152 1307 1210 Goaro
1339 1157 1767 1238 exbibeturpag.
1798 1158 1890 1223 29,
1914 1173 2087 1226 neque
2112 1160 2271 1213 aliam
2305 1176 2403 1231 ego
2444 1160 2657 1229 uspiam
2682 1159 2886 1214 inveni.

556 1248 615 1303 '0
666 1247 723 1301 δὲ
774 1245 1153 1315 κανδηλάπτης
1216 1247 1490 1314 ὲκφωνεί,
1548 1249 1897 1312 Κελεύσατε,
1944 1266 2038 1317 γε-

2218 1251 2351 1306 Τυηι
2388 1251 2764 1319 candelaptes,
2814 1264 2975 1304 manu
3026 1247 3317 1318 prazferens
3367 1247 3703 1317 lampadem,

468 1340 742 1411 γωνοτέρᾳ
770 1341 941 1411 φωνῇ,
962 1339 1177 1409 κρατῶν
1202 1342 1296 1393 καὶ
1324 1340 1420 1409 τὴν
1442 1339 1699 1410 λαμπάδα
1729 1341 1786 1393 ὲν
1815 1343 1880 1410 τῇ
1898 1342 2042 1411 χειρὶ

1486 1340 1699 1410 ιμπάδα
1729 1341 1786 1393 ὲν
1815 1343 1880 1410 τῇ
1898 1342 2042 1411 χειεῦ⁸
2151 1342 2415 1397 exclamat
2449 1340 2679 1396 clariore
2703 1355 2856 1407 voce,
2886 1338 3096 1395 Jubete.

468 1432 653 1486 αὑτοῦ.

538 1525 713 1579 (Σοιιιι.
750 1540 768 1573 ι
803 1522 920 1589 Quo
958 1523 1125 1594 verbo
1160 1516 1263 1578 neu
1285 1524 1438 1591 jubet
1466 1524 1665 1594 (inquit
1696 1525 1907 1580 Goarus
1941 1525 2059 1578 loco
2086 1522 2212 1594 jam
2239 1519 2428 1589 citato)
2461 1529 2520 1573 ut
2554 1518 2840 1594 sacerdote
2869 1519 3195 1594 adveniente
3223 1517 3402 1594 cpncti
3440 1526 3704 1594 surgant:

467 1594 596 1663 quin
632 1587 1164 1663 potius—humilitatis
1192 1587 1577 1658 niodestizequé
1606 1596 2039 1649 demonstrandae
2075 1587 2274 1663 studio,
2308 1587 2463 1657 rogat
2498 1598 2556 1643 ut
2602 1589 2849 1663 jubeant,
2894 1589 3050 1663 quasi
3086 1587 3208 1641 aliis
3237 1587 3573 1663 imperaturi
3592 1594 3704 1663 ;__t_tt

466 1656 769 1733 assurgant.
803 1661 992 1733 {Rem
1055 1678 1158 1717 non
1193 1664 1413 1717 omnino
1464 1656 1765 1717 absimilem
1817 1664 1948 1733 facit
1994 1664 2132 1730 apud
2159 1656 2393 1714 Latinos
2421 1656 2772 1733 lector,_qui,
2796 1656 2952 1733 juvta
2982 1657 3201 1712 Petrum
3236 1656 3577 1733 Damianum,
3609 1656 3701 1710 lib.

469 1725 728 1787 Dominus
762 1732 1021 1786 vobiscum
1076 1733 1361 1801 appellato,
1428 1748 1548 1801 cap.
1604 1734 1660 1795 2,
1700 1755 1717 1785 ι
1758 1725 2184 1788 benedictionem
2217 1745 2246 1783 a
2297 1729 2578 1785 sacerdote
2614 1725 2738 1782 dum
2781 1728 2937 1797 petit,
2975 1743 3081 1781 non
3111 1735 3260 1795 rogat
3296 1736 3349 1779 ut
3387 1725 3705 1790 benedicat;

465 1805 558 1859 sed
587 1812 643 1856 ut
677 1803 997 1856 benedicere
1022 1801 1531 1872 jubeatquempiatn
1557 1805 1744 1857 alium.
1787 1821 1804 1852 ι

535 1894 816 1964 Θυμιάσας
868 1892 926 1946 δὲ
973 1893 1001 1945 ὁ
1059 1893 1237 1964 ἱερεὺς
1317 1894 1677 1965 σταυροειδῶς
1725 1896 1823 1964 τὴν
1878 1895 2037 1963 ἁγίαν
2068 1904 2110 1959 Β

2100 1909 2110 1956 ι
2209 1893 2297 1947 67.
2344 1892 2478 1947 Cum
2538 1891 2793 1947 sacerdos
2841 1889 2894 1943 in
2940 1887 3165 1943 formam
3226 1887 3406 1942 crucis
3462 1888 3710 1942 incensa‘

464 1984 739 2058 τράπεζαν
770 1986 863 2038 καὶ
900 1986 1019 2038 ὅλον
1065 1986 1125 2037 τὸ
1180 1984 1585 2056 θυσιαστήριον,
1637 1985 1912 2057 ἐξέρχεται
1954 1986 2041 2039 διὰ

2142 1987 2217 2040 vit
2256 1993 2499 2039 sanctam
2561 1997 2804 2037 mensam
2854 1989 3135 2048 totumque
3186 1977 3380 2044 altare,
3432 1978 3710 2049 egreditur

463 2076 571 2129 τῶν
621 2075 789 2145 ἁγίων
831 2075 1032 2147 θυρῶν,
1082 2076 1175 2128 καὶ
1222 2078 1451 2146 ποιήσας
1501 2076 1731 2147 σταυρὸν
1764 2076 1899 2145 μετὰ
1948 2078 2040 2130 τοῦ

2138 2075 2345 2130 sanctis
2375 2074 2570 2144 portis,
2595 2082 2650 2127 et
2681 2070 2958 2126 thuribulo
2991 2078 3115 2123 ante
3145 2068 3423 2124 cancellos
3476 2070 3709 2126 bematis

466 2168 728 2238 θυμιατοῦ
748 2167 1085 2221 κατενώπιον
1115 2167 1205 2220 τοῦ
1234 2166 1567 2238 ἱλαστηρίου,
1604 2168 1924 2238 ἀπέρχεται,
1950 2167 2042 2218 καὶ

2138 2166 2368 2221 formata
2422 2180 2605 2231 cruce,
2638 2163 2751 2217 abit
2795 2170 2852 2217 et
2904 2162 3150 2214 incensat
3189 2159 3478 2230 imaginem
3537 2162 3709 2217 sancti

465 2258 637 2330 θυμιᾷ
663 2259 759 2329 τὴν
782 2260 963 2312 εἰκόνα
993 2259 1087 2312 τοῦ
1124 2259 1300 2327 ἁγίου,
1334 2256 1449 2313 εἶτα
1481 2260 1618 2312 κατὰ
1651 2260 1741 2311 τὸν
1768 2258 2040 2328 καθηγού-

2140 2257 2243 2327 (vel
2291 2256 2436 2312 illius
2475 2258 2566 2325 qui
2624 2264 2708 2311 est
2760 2250 3009 2308 ecclesiae
3083 2250 3359 2314 tutelaris,
3415 2250 3503 2306 vel
3556 2251 3709 2322 cujus

468 2368 647 2420 μενον,
672 2350 765 2401 καὶ
795 2352 874 2411 εἰς
905 2350 1030 2412 τοὺς
1059 2349 1152 2402 δύο
1180 2352 1371 2420 χοροὺς
1398 2349 1536 2402 κατὰ
1568 2348 1741 2413 τάξιν,
1779 2351 1875 2419 τῆς
1900 2348 2037 2417 λαμ-

2141 2346 2337 2401 l‘estum
2419 2343 2658 2415 agitur),
2713 2340 2908 2396 deinde
2968 2338 3544 2407 incensat‘praesidem
3588 2356 3601 2392 :
3654 2347 3709 2394 et

463 2443 630 2504 πάδος
667 2440 906 2510 δηλονότι
934 2441 1414 2512 προπορευομένης
1432 2440 1615 2495 αὑτοῦ.
1646 2442 1703 2493 '0
1723 2439 1779 2492 δὲ
1810 2438 2037 2506 ἐξελθὼν

2143 2438 2279 2493 duos
2342 2437 2542 2492 choros
2596 2441 2816 2490 servato
2872 2431 3106 2496 ordine,
3151 2431 3408 2486 nimirum
3460 2431 3711 2500 lampade

464 2533 560 2586 καὶ
583 2533 661 2594 εἰς
688 2532 813 2594 τοὺς
848 2531 1150 2603 νάρθηκας,
1183 2533 1274 2585 καὶ
1306 2530 1882 2601 θυμιάσαςκὰνταῦθα
1913 2530 2035 2597 τοὺς

2141 2542 2263 2583 eum
2304 2536 2601 2596 praeeunte.
2635 2524 2929 2593 Postquam
2980 2531 3163 2577 autem
3215 2537 3471 2594 egressus
3516 2532 3601 2579 est
3655 2524 3709 2578 in

464 2624 725 2687 ἀδελφοὺς
755 2622 896 2676 κατὰ
926 2623 1077 2689 τάξιν
1109 2622 1457 2696 ὑποστρέφει.

2140 2620 2475 2685 narthecem,
2510 2627 2675 2688 atque
2713 2617 2785 2671 ibi
2818 2615 3013 2672 ordine
3049 2615 3352 2671 incensavit
3379 2615 3595 2680 fratres,
3624 2630 3709 2670 re-

2146 2708 2396 2761 vertitur.

540 2804 631 2860 68.
689 2803 868 2876 count.
920 2802 1228 2876 Iucundum!
1269 2804 1360 2860 hic
1413 2804 1560 2876 forte
1606 2802 1791 2876 lectori
1848 2802 2004 2856 fuerit
2060 2802 2377 2872 intelligere,
2420 2802 2545 2876 quid
2578 2803 2648 2856 sit
2687 2803 2868 2876 templi
2902 2803 3130 2876 νάρθηξ.
3184 2804 3277 2858 Est
3310 2818 3446 2876 ergo
3492 2804 3711 2876 proprie

540 2823 631 2860 υδ.
689 2823 868 2861 LOMI.
920 2823 1221 2860 Jucunaum
1270 2823 1360 2860 DIC
1413 2823 1551 2859 IOl'le
1606 2823 1791 2857 [CCIOI'I
1848 2823 2004 2856 luent
2060 2823 2377 2872 Intelligere,
2420 2823 2545 2869 qum
2578 2823 2648 2856 Sll
2687 2823 2868 2873 temp"
2902 2823 2969 2858 να
3008 2823 3130 2876 υης.
3184 2823 3277 2858 [ιδι
3316 2823 3446 2872 ergo
3492 2823 3708 2871 proprie

468 2876 696 2929 nartbex
744 2874 890 2930 locus
934 2874 1336 2944 pcenitentibus,
1394 2873 1900 2944 catechumenisque
1958 2880 2146 2944 alque_
2175 2872 2574 2944 energnmenisg
2599 2872 2924 2944 assignatus.
2960 2823 3030 2929 ﬁt
3067 2876 3248 2944 dicere
3272 2874 3360 2926 ubi
3393 2873 3477 2925 ille
3508 2872 3708 2936 fuerit,

470 2952 700 2997 extrane
728 2958 795 2998 an
836 2942 976 2998 intra
1008 2944 1317 3008 ecclesiam,
1349 2944 1449 2997 hoc
1498 2957 1653 3010 opus,
1685 2944 1770 2995 hic
1796 2942 1946 2995 labor
1974 2944 2057 2995 eSt
2086 2959 2099 2995 :
2136 2942 2187 2995 id
2216 2951 2392 2995 tamen
2425 2942 2660 2995 conabor
2686 2943 2968 2999 declarare
2995 2943 3260 2999 brevitate
3291 2953 3488 3011 quanta
3522 2952 3709 3011 potero

471 3028 726 3067 maxuma.

537 3082 767 3153 Allatius
809 3084 1023 3151 quidem
1074 3082 1413 3153 Narthecem',
1452 3081 1543 3151 qui
1608 3081 1928 3153 θῐᾲπρόναος
1984 3080 2229 3153 όίηἰιιιι,
2251 3081 2401 3148 quasi
2444 3098 2461 3131 ι
2491 3079 2734 3153 anterius
2777 3082 3058 3152 templum,
3105 3101 3123 3135 ι
3159 3081 3349 3153 iisdem
3393 3080 3588 3150 quibus
3617 3096 3708 3135 ec-

474 3152 698 3220 clesiam
731 3149 901 3206 muris
930 3152 1351 3216 circumscribit,
1389 3149 1647 3220 ponitque
1672 3149 1810 3205 intra
1846 3153 1991 3220 illam
2024 3167 2036 3203 :
2072 3153 2166 3203 sed
2196 3149 2409 3220 Goarus
2437 3151 2773 3220 ponitextra,
2799 3161 2853 3207 et
2876 3149 3062 3207 censet
3080 3166 3199 3207 esse
3225 3149 3465 3206 ecclesia:
3494 3169 3511 3201 ι
3544 3153 3709 3220 vesti.

474 3166 698 3205 ctesmm
731 3168 901 3206 muris
930 3166 1351 3216 circumscribit,
1389 3166 1647 3220 ponitque
1672 3166 1810 3205 Intra
1846 3166 1991 3203 utam
2024 3167 2036 3203 :
2072 3166 2166 3203 seu
2196 3166 2409 3205 boarus
2472 3166 2773 3213 onitextra,
2799 3166 2853 3207 et
2876 3166 3062 3207 censet
3080 3166 3199 3207 esse
3225 3166 3465 3206 ecctesm
3494 3169 3511 3201 ι
3544 3166 3709 3205 vesti.

470 3219 677 3285 bulum,
712 3222 1043 3290 propylaeum
1081 3242 1100 3274 ι
1139 3236 1230 3276 seu
1273 3240 1292 3272 ι
1323 3222 1588 3290 porticum
1625 3240 1643 3273 ι
1670 3219 1948 3291 (porticula
1990 3220 2181 3289 vulgus
2211 3166 2467 3290 appellat?
2491 3234 2611 3291 quae
2638 3219 2770 3274 aedis
2794 3235 2963 3291 sacrae
2987 3223 3154 3290 portis
3180 3224 3519 3276 obversatur.
3546 3218 3709 3275 Uter~

469 3304 574 3356 que
602 3289 785 3358 prose
819 3289 974 3345 aﬂ‘ert
1004 3289 1361 3347 auctoritates
1395 3306 1497 3344 non
1524 3289 1905 3345 leves.‘Verum
1933 3300 2063 3358 puto
2090 3303 2211 3355 ego,
2269 3290 2405 3342 banc
2440 3289 2753 3357 Opinionum
2791 3289 3105 3345 varietatem
3135 3302 3317 3345 natam
3356 3306 3476 3345 esse
3521 3305 3587 3343 ex
3620 3304 3707 3355 eo,

469 3363 614 3424 quod
639 3375 743 3415 non
764 3361 897 3414 satis
916 3361 1653 3416 observaverintGrmcorum
1672 3360 1956 3425 ecclesias,
1986 3359 2117 3412 alias
2135 3372 2255 3429 esse
2274 3359 2593 3429 catholicas,
2622 3373 2740 3427 qua:
2765 3360 2970 3413 scilicet
2992 3361 3207 3429 utrique
3232 3360 3383 3414 sexui
3414 3360 3709 3429 universim

469 3437 689 3493 patent;
716 3429 847 3483 alias
869 3432 1221 3495 monasticas,
1251 3446 1368 3498 qua:
1401 3430 1530 3485 solis
1552 3431 1683 3484 viris
1704 3473 1719 3496 ,
1748 3429 1793 3482 si
1821 3429 2093 3494 virorum;
2119 3428 2205 3481 vel
2237 3427 2367 3482 solis
2403 3428 2748 3494 mulieribus,
2783 3429 2827 3482 si
2866 3427 3359 3498 sanctimonialium
3406 3430 3533 3484 sint.
3573 3428 3707 3483 Nam

470 3498 746 3619 prioribus
777 3502 1007 3623 naatlie;
1041 3497 1283 3555 exterior
1307 3508 1408 3564 est,
1461 3500 1851 3569 posterioribus
1906 3512 2009 3552 non
2037 3500 2197 3561 item;
2256 3499 2329 3551 uti
2378 3498 2620 3568 pluribus
2648 3499 2884 3553 ostendit
2925 3498 3171 3553 eruditus
3216 3497 3473 3568 Cangius,
3500 3514 3567 3552 ex
3602 3513 3711 3567 quo

470 3582 590 3623 luva
646 3582 814 3623 Dauca
888 3585 953 3623 ei
998 3585 1109 3623 are.

493 3576 617 3619 uvat
646 3582 814 3623 Dauca
852 3572 1109 3623 delibare.

493 3582 617 3619 uvat
684 3583 814 3621 auca
921 3582 936 3620 ι
998 3585 1025 3621 a
1095 3608 1109 3623 .

465 3582 484 3635 J
542 3582 1271 3708 69.li’ostqu(:ltinmprl::clarus
1296 3638 1383 3692 ille
1417 3646 1628 3700 auctor,
1657 3636 1709 3689 in
1749 3636 2020 3691 Glossario
2050 3638 2237 3708 media:
2265 3645 2313 3689 et
2340 3637 2534 3705 inﬁmw
2565 3633 2863 3690 ercitatis
2888 3638 3139 3708 dixisset,
3177 3654 3195 3686 ι
3228 3637 3543 3708 nartltecem
3588 3653 3710 3708 esse

470 3705 737 3776 porticum
777 3705 902 3761 ante
932 3705 1115 3776 templi
1150 3709 1495 3770 vestibulum,
1535 3709 1613 3761 sic
1638 3708 1834 3760 dictam
1867 3708 2008 3775 quod
2042 3706 2227 3761 ferula:
2257 3709 2491 3775 speciem
2529 3709 2800 3774 praaferat,
2832 3722 2954 3761 cum
2992 3707 3043 3760 in
3068 3706 3407 3776 latitudinem
3436 3708 3503 3759 ad
3536 3707 3712 3773 ipsius

470 3776 600 3828 tedis
628 3773 818 3828 faciem
842 3773 1166 3842 diducatur;
1197 3792 1425 3843 esseque
1448 3786 1597 3831 extra
1635 3776 1830 3839 ardem,
1864 3773 1906 3830 si
1949 3776 2207 3830 ecclesias
2238 3773 2541 3829 catholicas
2560 3786 2895 3844 spectemus,
2930 3795 2947 3828 ι
2990 3777 3040 3829 id
3072 3779 3215 3844 quod
3244 3775 3335 3828 lib.
3362 3792 3418 3828 ιιι
3446 3776 3711 3829 Conclam-

472 3845 717 3915 tinOpolis
749 3846 1083 3911 Christianaz,
1117 3864 1265 3901 num.
1304 3848 1371 3899 l8
1391 3887 1405 3911 ,
1432 3847 1623 3915 probat
1648 3860 1713 3899 ex
1751 3846 2035 3914 Procopio,
2054 3846 2281 3911 Codino,
2317 3844 2640 3910 Theoriano,
2668 3844 2983 3900 Silentiario
3013 3856 3068 3900 et
3093 3845 3242 3911 aliis;
3280 3847 3461 3915 statim
3489 3848 3668 3915 subdit
3694 3865 3708 3902 :

478 3930 497 3963 ι
522 3912 580 3966 In
603 3918 1010 3985 monachorum
1035 3931 1164 3970 vero
1197 3912 1446 3971 ecclesiis
1475 3916 1636 3969 aliter
1670 3929 1727 3968 se
1759 3930 1845 3969 res
1875 3912 2057 3969 habet.
2087 3916 2174 3969 Ea:
2200 3917 2343 3969 enim
2372 3916 2422 3967 in
2458 3926 2570 3968 tres
2601 3924 2782 3985 partes
2812 3916 3125 3969 dividuntur
3163 3933 3176 3969 :
3214 3916 3264 3967 in
3298 3914 3449 3985 βῆμα
3479 3931 3581 3985 seu
3607 3914 3710 3969 Sa-

472 3983 733 4054 crarlum,
763 3988 876 4039 suis
904 3986 1158 4040 cancellis
1200 3988 1563 4054 disparatum;
1606 3986 1657 4037 in
1710 3986 1855 4047 ναόν,
1895 3985 1944 4038 in
2003 4000 2108 4052 quo
2144 3985 2394 4038 monachi
2429 3980 2751 4049 consistunt,
2783 3988 2895 4039 suis
2930 3986 3132 4053 pariter
3174 3980 3431 4038 cancellis
3479 3984 3709 4054 divisum

471 4067 501 4103 a
534 4052 739 4126 reliqua
772 4057 907 4126 aede,
962 4070 1122 4123 quam
1158 4052 1405 4126 νάρθηκα
1461 4054 1766 4126 appellant,
1797 4054 1939 4123 quod
1963 4055 2027 4107 iis
2066 4074 2081 4107 ι

2098 4053 2337 4125 άρθηκος
2376 4057 2547 4126 vicem
2572 4062 2810 4126 praestet
2830 4092 2845 4117 ,
2879 4052 3005 4109 licet
3030 4068 3135 4106 non
3153 4055 3233 4126 psit
3264 4068 3451 4108 revera
3480 4053 3707 4124 νάρθηξ,

472 4130 534 4195 ut
582 4125 670 4189 qui
703 4124 842 4176 intra
870 4125 1039 4192 ipsam
1073 4122 1240 4179 aedeni
1277 4122 1453 4178 exstet
1480 4125 1729 4191 illiusque
1781 4134 1927 4195 septa
1967 4141 1982 4178 :
2018 4126 2071 4177 in
2108 4122 2427 4193 q'ua’tamen
2459 4122 2733 4195 νάρθηκος
2782 4124 3011 4195 ﬁguram
3062 4125 3283 4183 retinet,
3333 4139 3455 4178 cum
3486 4122 3713 4195 excepto

471 4191 685 4248 bemate
716 4231 733 4256 ,
761 4191 1023 4260 ponerem
1059 4195 1190 4248 azdis
1238 4204 1443 4263 partem
1491 4195 1730 4247 obtineat
1783 4191 1910 4247 ναὸν
1941 4232 1955 4257 ,
1989 4210 2083 4248 seu
2125 4191 2544 4247 inonacborutn'
2567 4191 2767 4249 chorus
2789 4211 2803 4259 ;
2825 4191 3067 4262 'reliqna
3121 4204 3273 4262 parte
3299 4233 3313 4256 ,
3376 4203 3435 4248 ut
3464 4194 3578 4249 dixi
3603 4191 3709 4259 {in

478 4271 769 4331 angustum
796 4272 1099 4326 contracta,
1138 4275 1193 4316 et
1251 4267 1302 4318 in
1358 4264 1699 4318 latitudmem
1752 4264 1993 4329 diducta,
2028 4279 2200 4331 eaque
2260 4264 2610 4317 susculari'bns
2646 4265 2933 4331 permissa,
2963 4275 3216 4331 tanquam
3270 4277 3334 4316 eo
3390 4265 3562 4319 instar
3597 4278 3713 4330 pm-

476 4330 763 4384 nitentium
792 4334 1195 4394 accedentibus,
1229 4350 1347 4386 cum
1384 4337 1449 4387 iis
1484 4335 1623 4385 intra
1663 4334 1789 4385 ναὸν
1815 4330 2127 4387 consistere
2161 4348 2264 4392 non
2319 4334 2570 4387 liceat....
2604 4330 2777 4400 Atque
2805 4349 2923 4387 eam
2970 4330 3138 4387 ferme
3184 4333 3346 4387 etiam
3385 4334 3711 4387 monastica-

473 4414 593 4476 rum
619 4402 968 4476 ecclesiarum
997 4402 1222 4476 formam
1251 4420 1484 4476 semper_
1512 4402 1842 4476 fuisseapud
1877 4418 1990 4476 nos
2009 4418 2103 4455 seu
2140 4402 2381 4476 Latinos,
2430 4403 2589 4476 facile
2623 4405 2903 4467 concedat,
2940 4403 3187 4471 quisquis
3218 4405 3475 4476 attentius
3505 4413 3714 4457 veteres

476 4471 739 4540 ejusmodi
782 4472 1108 4526 monasticas
1131 4473 1272 4525 ades
1299 4471 1730 4526 consideraverit
1754 4488 1767 4535 ;
1795 4472 1846 4524 in
1882 4471 2078 4540 quibus
2108 4472 2497 4526 monachorum
2530 4473 2775 4536 chorum,
2812 4488 2970 4534 quem
3002 4487 3225 4539 capsum
3277 4473 3520 4527 ecclesia:
3550 4486 3712 4525 voca-

474 4538 605 4612 bant
635 4542 717 4609 (ut
748 4542 964 4612 quidam
1004 4542 1208 4612 volunt)
1265 4545 1529 4608 potiorem
1558 4542 1685 4612 tedis
1715 4538 1922 4612 partem
1952 4556 2221 4612 occupare
2250 4543 2727 4612 animadverteret,
2767 4542 2971 4609 reliqua
2998 4538 3471 4612 smcularibuskseu
3522 4558 3714 4612 κοσμι-

473 4611 590 4671 κοῖς
653 4617 889 4683 patente.
932 4609 1198 4679 Quidquid
1249 4612 1411 4679 igitur
1449 4612 1501 4664 in
1563 4610 1628 4683 iis
1655 4611 2045 4683 monachorum

2103 4611 2330 4683 :cclesiis
2382 4620 2535 4683 estra
2568 4611 2879 4683 narthecem
2919 4622 3021 4683 est,
3061 4609 3375 4683 ἐξωνάρθηξ
3402 4623 3469 4683 et
3504 4609 3713 4683 ξώσξης

471 4688 727 4751 corrupte
759 4680 975 4743 dicitur,
1005 4685 1137 4734 aedis
1190 4683 1397 4734 scilicet
1456 4680 1803 4751 vestibulum,
1835 4681 1921 4751 ubi
1975 4681 2027 4732 in
2062 4680 2309 4733 ecclesiis
2344 4679 2625 4751 catholicis
2668 4679 2874 4751 νάρθηξ
2921 4681 3197 4733 collocari
3235 4679 3408 4751 solet,
3461 4682 3513 4734 in
3562 4681 3714 4749 cujus

472 4748 761 4820 discrimen
791 4788 805 4812 ,
855 4751 1168 4820 interiorem
1238 4753 1548 4803 nartbecem
1580 4788 1594 4811 ,
1648 4750 2040 4819 Ἐσωναρθηκα
2112 4760 2325 4803 vocant.
2387 4768 2404 4799 ι
2470 4748 2593 4802 llaec
2638 4748 2910 4817 (Zangius,
2955 4752 3150 4817 quibus
3201 4749 3335 4801 scite
3393 4748 3717 4820 egregieque

470 4818 699 4937 positis,
737 4830 791 4872 et
851 4819 1208 4873 conciliantur
1257 4821 1625 4887 discicpantes
1661 4818 1958 4883 doctorum
1992 4820 2311 4885 sententias,
2345 4827 2399 4871 et
2456 4821 2615 4872 facile
2664 4820 3033 4889 intelliguntur
3095 4834 3156 4873 ca
3204 4833 3322 4885 qua:
3374 4818 3718 4888 prosequitur

520 4903 754 4937 VDICUIII.
2752 4914 2757 4921 '

517 4903 754 4956 yptcunt.
2752 4914 2757 4921 ε

540 4983 650 5034 Καὶ
694 4984 948 5038 εἰσελθὼν
986 4986 1115 5037 εἵσω
1142 4986 1239 5056 τῆς
1285 4985 1567 5056 βασιλικῆς
1603 4985 1794 5055 πύλης,
1842 4987 2045 5056 χαρά-ε·
2072 4992 2112 5047 C

2104 4994 2112 5045 :
2219 4986 2307 5040 7U.
2363 4984 2427 5038 Et
2469 4987 2679 5039 intrans
2710 4998 2920 5056 portam
2975 4988 3275 5053 basilicam,
3325 4990 3438 5039 sive
3488 4986 3714 5056 regiam,

468 5090 549 5125 τει
577 5075 716 5145 μετὰ
746 5076 838 5128 τοῦ
885 5078 1147 5147 θυμιατοῢ
1184 5079 1433 5150 σταυρόν.

1298 5079 1433 5150 δρὸν.
2152 5081 2425 5134 tltnribulo
2449 5096 2662 5135 crucem
2689 5081 2908 5149 eﬂiugit.

540 5168 721 5247 (igitur:
762 5173 967 5247 Quippe
996 5176 1293 5247 quodante
1322 5176 1582 5237 diximus,
1615 5191 1710 5243 per
1736 5184 1918 5243 portas
1940 5174 2208 5247 basilicas
2254 5185 2439 5244 patere
2478 5178 2681 5231 aditum
2733 5178 2786 5231 in
2844 5178 3096 5247 templum
3123 5217 3137 5240 ,
3171 5176 3224 5231 id
3278 5180 3347 5247 de
3394 5176 3592 5243 templo
3622 5190 3712 5228 ca-

472 5239 672 5317 tholico
706 5239 1048 5317 intellectu":
1068 5245 1187 5317 volo
1218 5283 1231 5307 ,
1266 5260 1368 5317 non
1403 5246 1469 5297 de
1497 5239 1828 5317 monastico;
1860 5246 1983 5313 quia
2046 5247 2097 5299 in
2150 5239 2601 5317 monasteriorum
2651 5247 2861 5315 templis
2916 5239 3092 5317 (qttale
3120 5256 3239 5301 erat
3273 5246 3421 5317 illud!
3461 5239 3563 5317 pro
3612 5257 3718 5311 quo

469 5311 728 5376 scriptum
756 5324 841 5363 est
881 5313 980 5367 hoc
1009 5313 1311 5383 Typicum),
1339 5324 1506 5380 portae
1530 5315 1763 5369 basilica:
1792 5311 1894 5368 non
1923 5326 2049 5368 sunt
2086 5327 2256 5383 porta:
2290 5316 2593 5372 exteriores
2619 5326 2673 5371 et
2700 5311 3250 5380 omniuni'maximai;
3282 5316 3376 5369 sed
3411 5315 3715 5373 interiores,

469 5388 522 5459 ﬁt
555 5394 672 5445 qua:
700 5396 729 5459 e
757 5383 1014 5437 narthece
1038 5393 1240 5459 ducunt
1292 5389 1368 5459 ad
1398 5384 1525 5459 ναὸν
1560 5388 1671 5438 sive
1701 5388 1962 5459 chorum.
2010 5387 2147 5459 Quid
2200 5401 2336 5459 opus
2392 5397 2494 5459 est_
2512 5387 2798 5459 pluribus?
2839 5388 2998 5441 Porta
3063 5386 3389 5459 basilica__in
3446 5385 3547 5459 hoc
3600 5383 3717 5450 ipso

472 5442 674 5525 Typth
704 5450 841 5525 intra
880 5454 1231 5525 monasticam
1259 5454 1541 5508 ecclesiam
1570 5454 1853 5509 manifeste
1876 5442 2252 5509 constituitur:
2279 5456 2331 5507 Id
2357 5442 2739 5524 quod'patcbit
2765 5459 2924 5512 etiam
2956 5473 3023 5512 ex
3061 5455 3428 5525 sequentibus.
3470 5442 3715 5522 Quaproo

470 5527 590 5580 pter
624 5516 809 5586 Typici
846 5523 1041 5575 seriem
1078 5534 1402 5592 repetamus.
2285 5545 2301 5561 ⁸

544 5609 649 5660 Καὶ
678 5612 910 5679 ὲκφωνεῖ
946 5615 1341 5684 μεγαλοφώνως
1382 5616 1463 5683 τὸ,
1503 5616 1694 5687 Κύριε,
1730 5616 2041 5688 εὐλόγησον,

2223 5620 2309 5671 7i.
2363 5618 2427 5672 Et
2478 5619 2612 5673 elata
2654 5636 2784 5674 voce
2840 5620 3144 5675 exclamat:
3178 5618 3427 5683 Benedic,
3459 5614 3712 5671 Domine:

474 5698 565 5750 καὶ
591 5698 757 5771 θυμιᾷ
776 5698 929 5767 αὖθις
944 5705 1032 5758 τὸν
1059 5707 1375 5777 προεστῶτα
1398 5707 1429 5777 ἢ
1450 5708 1526 5772 εἰς
1554 5709 1641 5763 τὸν
1666 5707 1825 5763 τόπον
1855 5709 2039 5775 αὐτοῦ,

2152 5720 2207 5765 et
2232 5711 2474 5764 inccnsat
2508 5712 2698 5766 iterum
2729 5714 3006 5783 praesidem
3042 5712 3122 5767 t'cl
3150 5713 3316 5782 ipsius
3349 5710 3544 5774 locum,
3566 5706 3712 5761 dein-

470 5787 588 5844 εἷτα
616 5792 703 5846 τὸν
730 5792 899 5861 ἅγιον.

895 5834 899 5847 ·
2152 5804 2217 5859 de.
2244 5812 2505 5857 sanctum.
