4076 6226
378 399 624 440 CCCXXX"

1743 392 2271 450 PROLEGOMENA.

451 503 628 585 Quum.
653 506 726 560 De
743 506 858 585 line
896 518 1085 585 sa_uc_to
1121 521 1245 585 ante
1274 513 1437 565 verba
1472 511 1718 579 fecimus,
1742 524 1795 569 et
1825 515 1941 585 ejus
1991 517 2169 584 imago
2197 510 2488 579 conspicua
2524 515 2607 563 est
2644 510 2696 560 In
2735 501 3002 575 pracipua
3028 499 3180 556 chori
3223 511 3373 562 $809.
3397 497 3627 566 Ιάεοψιο

379 571 546 626 είκὼν
581 575 848 630 στασιδίου
878 577 970 630 τοῦ
1008 581 1312 651 ἡγουμένου
1344 594 1702 652 nuncupatur.

453 665 519 720 Et
544 667 817 738 ingressus
864 672 916 725 in
957 684 1201 728 sanctum
1243 677 1421 739 bema,
1464 687 1546 731 ter
1579 678 1792 746 signum
1819 693 1944 731 cru-

2120 673 2228 728 Καὶ
2257 671 2510 726 εἰσελθὼν
2555 673 2636 735 είς
2681 669 2740 723 τὸ
2777 667 2930 736 ἆγιον
2965 663 3135 736 βῆμα,
3166 663 3378 715 ἵσταται
3415 661 3624 734 ἔμπρο-

381 754 460 810 cis
494 759 747 826 exprimit
781 761 1076 818 tburibulo.
1102 764 1179 818 lta
1213 765 1427 820 demum
1479 767 1785 822 exclamat:
1819 768 1948 822 Glo-

380 849 460 902 ria
486 859 688 904 sanctae
714 863 767 906 et
797 852 1020 908 viviﬂcae
1054 864 1107 908 et
1152 857 1440 913 individua:
1491 858 1766 922 Triuilali,
1804 875 1948 913 sem-

376 953 498 1006 per,
530 956 689 1006 nunc,
743 951 796 997 et
845 944 900 998 in
951 955 1291 1015 perpetuum,
1322 959 1376 1004 et
1409 951 1460 1002 in
1487 950 1678 1004 saecula
1717 951 1945 1004 saeculo-

383 1049 520 1088 rum.

452 1210 539 1266 72.
600 1212 667 1266 Et
714 1213 858 1270 dicto
891 1215 1104 1284 Amen,
1143 1217 1325 1286 incipit
1389 1233 1587 1288 praeses
1637 1219 1720 1273 vel
1772 1220 1947 1274 eccle-

382 1302 595 1357 siarcha
617 1322 632 1358 :
658 1303 868 1370 Venite,
888 1309 1170 1362 adoremus
1199 1321 1253 1364 et
1275 1310 1616 1378 procidamus
1648 1323 1771 1364 ante
1799 1312 1949 1366 Chri-

381 1402 520 1448 stum
570 1410 749 1466 regem
802 1410 1042 1452 nostrum
1113 1398 1318 1463 Deum,
1388 1402 1631 1456 dicentes
1680 1403 1808 1456 illud
1867 1405 1946 1459 bis

380 1486 520 1539 elata
570 1502 702 1542 voce
751 1505 850 1543 nec
897 1491 1013 1544 sine
1048 1500 1230 1544 cantu.
1279 1491 1414 1546 Tum
1454 1493 1647 1546 iterum
1682 1511 1697 1547 :
1731 1492 1944 1558 Venite,

381 1575 666 1630 adoremus
694 1587 748 1631 et
781 1579 1121 1647 procidamus
1159 1590 1283 1635 ante
1314 1581 1587 1636 Christum
1632 1598 1812 1652 regem
1845 1602 1944 1638 no-

380 1674 551 1720 5trum
588 1667 772 1730 Deum,
825 1668 1068 1724 dicentes
1111 1681 1165 1725 et
1213 1671 1340 1725 illud
1381 1673 1568 1727 semel.
1596 1675 1796 1729 Deinde
1823 1678 1939 1729 sic:

385 1750 593 1817 Venite,
628 1757 912 1811 adoremus
940 1768 994 1812 et
1034 1761 1374 1828 procidamus
1414 1770 1539 1816 ante
1585 1761 1759 1832 ipsum
1785 1762 1942 1820 Chri-

379 1854 520 1897 stum
559 1861 736 1915 regem
768 1858 822 1903 et
855 1849 1020 1904 Deum
1046 1861 1313 1905 nostrum.

455 1934 649 1992 Postea
696 1939 885 2009 incipit
915 1942 1278 1996 ecclesiarcha
1319 1957 1451 1996 voce
1474 1941 1705 1998 clariore
1735 1954 1790 1998 et
1818 1953 1943 1999 tono

377 2025 594 2095 obliquo
616 2041 806 2098 quarto
839 2033 1116 2102 (psalmum
1150 2038 1302 2104 cm):
1331 2033 1776 2097 Benedic,anima
1803 2051 1941 2103 mea,

379 2115 682 2180 Dominum,
739 2123 1150 2178 concinentibus
1204 2125 1426 2194 reliquis
1480 2124 1760 2190 fratribus,
1798 2126 1942 2184 lente

378 2217 434 2262 et
468 2225 590 2264 cum
621 2213 801 2281 aliqua
849 2215 1237 2271 modulatione.

451 2301 539 2356 75.
570 2303 837 2360 Sacerdos
884 2322 1005 2361 cum
1055 2308 1371 2378 candelapte
1409 2326 1662 2382 egressus
1711 2327 1742 2367 e
1790 2326 1946 2366 sacro

379 2392 566 2464 adyto,
611 2395 860 2467 tactaque
892 2408 1017 2453 ante
1040 2410 1261 2456 sanctas
1297 2413 1479 2472 portas
1503 2405 1825 2470 reverentia,
1853 2420 1946 2472 pa—

386 2483 519 2537 riter
551 2499 614 2539 ac
644 2500 831 2542 versus
884 2487 1124 2545 alternos
1178 2493 1374 2547 choros
1411 2494 1523 2549 abit
1576 2499 1643 2550 ad
1675 2512 1829 2550 suum
1864 2510 1947 2550 se-

383 2573 510 2642 dile,
545 2577 725 2648 ibique
752 2588 880 2636 stat.

2054 766 2177 821 σθεν
2215 766 2316 835 τῆς
2361 764 2524 834 ἁγίας
2563 760 2859 834 τραπέζης,
2889 757 2986 813 καὶ
3017 758 3158 810 ποιεῖ
3187 754 3448 826 σταυροὺς
3475 756 3623 823 τρεῖς

2054 856 2192 928 μετὰ
2227 856 2322 910 τοῦ
2347 853 2634 926 θυμιατοῦ,
2669 852 2974 906 τελευταῖον
3005 847 3236 916 ὲκφωνεῖ
3261 843 3451 907 οὕτως’
3487 842 3624 905 Δόξα

2049 951 2114 1018 τῇ
2147 947 2275 1019 ἁγίᾳ
2325 948 2416 1000 καὶ
2448 943 2714 1017 ὁμοουσίῳ
2767 942 2861 995 καὶ
2910 937 3156 1007 ζωοποιῷ
3207 936 3299 989 καὶ
3336 932 3624 1004 ἀδιαιρέτῳ

2050 1039 2240 1109 Τριάδι
2264 1041 2512 1100 πάντοτε,
2531 1035 2647 1098 νῦν,
2681 1034 2774 1086 καὶ
2791 1034 2896 1096 ἀεὶ,
2923 1031 3016 1084 καὶ
3045 1032 3123 1092 είς
3145 1028 3271 1090 τοὺς
3302 1024 3502 1087 αἰῶνας
3514 1023 3621 1076 τῶν

2049 1130 2278 1187 αἰώνων.

2118 1224 2228 1276 Καὶ
2257 1220 2394 1292 μετὰ
2416 1221 2476 1272 τὸ
2491 1217 2660 1287 Ἀμὴν
2693 1217 2917 1286 ἄρχεται
2949 1215 2976 1266 6
3005 1208 3284 1282 προεστὼς
3317 1208 3350 1279 ἢ
3374 1210 3401 1261 ὁ
3421 1206 3618 1276 ἐκκλη-

2051 1313 2309 1384 σιάρχης·
2349 1309 2511 1362 Δεῦτε
2535 1348 2549 1372 ,
2583 1307 3045 1380 προσκυνήσωμεν
3089 1301 3182 1354 καὶ
3229 1298 3620 1370 προσπέσωμεν

2048 1401 2266 1474 Χριστῷ
2311 1399 2389 1470 τῷ
2436 1397 2643 1469 βασιλεῖ
2696 1395 2850 1466 ήμῶν
2881 1392 3020 1463 Θεῷ,
3063 1391 3310 1459 λέγοντες
3369 1387 3497 1440 αὐτὸ
3541 1386 3622 1449 δὶς

2050 1491 2445 1564 μεγαλοφώνως
2489 1490 2582 1544 καὶ
2629 1487 2767 1559 μετά
2810 1485 3022 1557 μέλους.
3065 1479 3197 1537 Εἶτα
3222 1481 3400 1536 πάλιν·
3435 1478 3620 1542 Δεῦτε,

2048 1585 2514 1655 προσκυνήσωμεν
2547 1582 2642 1634 καὶ
2665 1578 3058 1651 προσπέσωμεν
3077 1573 3297 1645 Χριστῷ
3313 1572 3387 1643 τῷ
3420 1570 3623 1641 βασιλεῖ

2052 1676 2208 1746 ἡμῶν
2241 1674 2380 1745 Θεῷ,
2427 1674 2674 1741 λέγοντες
2717 1671 2810 1724 καὶ
2844 1667 3001 1722 τοῦτο
3056 1665 3222 1732 ἅπαξ.
3254 1661 3386 1718 Εἶτα
3430 1662 3620 1724 οὕτως·

2045 1763 2233 1826 Δεῦτε,
2270 1762 2734 1834 προσκυνήσωμεν
2772 1759 2866 1811 καὶ
2899 1756 3297 1828 προσπέσωμεν
3322 1751 3466 1822 αύτῷ
3492 1753 3622 1821 Χρι-

2047 1854 2174 1925 στῷ,
2199 1853 2274 1925 τῷ
2307 1852 2515 1922 βασιλεῖ
2530 1853 2622 1905 καὶ
2646 1850 2723 1920 τῷ
2754 1847 2871 1919 Θεῷ
2901 1847 3078 1918 ἡμῶν.

2116 1942 2249 1998 Εἶτα
2290 1946 2518 2016 ἄρχεται
2567 1944 2595 1995 6
2641 1937 3048 2009 ὲκκλησιάρχης
3094 1933 3439 2005 γεγωνοτέρᾳ
3473 1933 3620 2001 φωνῇ

1980 2017 2018 2071 Β
2044 2037 2123 2098 είς
2148 2031 2277 2106 ἦχον
2302 2035 2392 2089 πλ.
2412 2035 2476 2097 δ’,
2507 2032 2586 2098 τὸ,
2610 2030 2856 2098 Εύλόγει,
2894 2030 2926 2099 ἡ
2961 2028 3104 2098 ψυχή
3131 2043 3254 2097 μου,
3275 2024 3365 2078 τὸν
3398 2022 3621 2093 Κύριον,

2049 2123 2231 2195 ἀργῶς
2253 2124 2346 2175 καὶ
2379 2121 2515 2192 μετὰ
2547 2120 2764 2191 μέλους,
2796 2135 2857 2171 συ
2866 2115 3212 2188 μψαλλόντων
3235 2111 3382 2183 αύτῷ
3406 2114 3498 2164 καὶ
3516 2110 3623 2164 τῶν

2048 2213 2250 2266 λοιπῶν
2288 2212 2549 2280 ἀδελφῶν.

2131 2306 2187 2359 Ὀ
2218 2304 2274 2357 δὲ
2324 2305 2503 2374 ἱερεὺς
2539 2301 2674 2374 μετὰ
2712 2299 2804 2356 τοῦ
2849 2297 3246 2367 κανδηλάπτου,
3272 2290 3501 2358 ἐξελθὼν
3535 2287 3622 2342 τοῦ

2049 2400 2202 2467 ἁγίου
2234 2393 2641 2467 θυσιαστηρίου,
2681 2394 2775 2446 καὶ
2807 2393 3041 2462 ποιήσας
3079 2387 3362 2459 μετάνοιαν
3389 2379 3624 2436 κατενὼο

2049 2505 2169 2541 πιον
2221 2487 2328 2540 τῶν
2355 2487 2522 2554 ἁγίων
2544 2483 2744 2554 Θυρῶν,
2765 2483 3026 2543 ὡσαύτως
3044 2481 3136 2534 καὶ
3167 2479 3247 2539 είς
3275 2477 3401 2540 τοὺς
3428 2473 3622 2545 χοροὺς

2048 2579 2183 2650 πρὸς
2243 2579 2368 2649 μίαν
2411 2575 2804 2646 ἀπερχόμενος,
2854 2574 3070 2626 ἵσταται
3117 2572 3196 2634 είς
3244 2570 3305 2622 τὸ
3357 2565 3623 2620 στασίδιον

2046 2688 2233 2724 αυτου.

447 2749 622 2832 Ceuu.
665 2751 762 2806 Hic
809 2754 1056 2820 observa,
1106 2756 1322 2812 Graecos
1380 2774 1485 2813 non
1544 2760 1646 2814 nisi
1702 2775 1824 2816 raro
1852 2761 1916 2832 in
1970 2763 2215 2818 ecclesiis
2260 2763 2470 2827 sedere,
2502 2769 2556 2816 et
2597 2760 2782 2832 sedilia
2816 2773 2937 2814 esse
2966 2757 3081 2832 illis
3114 2763 3315 2832 erecta,
3345 2761 3404 2806 ut
3431 2764 3623 2832 prope~

379 2823 598 2902 modum
626 2835 840 2902 semper
869 2833 1071 2902 stantes
1103 2839 1555 2902 pe_rsc\:crcnt,__et
1581 2831 1927 2902 χειρονομία,
1957 2834 2004 2884 id
2051 2845 2134 2886 est
2176 2848 2428 2886 manuum
2456 2823 2891 2902 'gesticulatione
2912 2868 2928 2894 ,
2952 2826 3287 2902 moderando
3318 2823 3500 2902 Canuti
3532 2835 3623 2902 va-

377 2899 503 2966 cent
546 2891 713 2944 innixi
740 2887 978 2966 _'iuterim
1034 2887 1248 2950 brachia
1284 2897 1336 2950 in
1372 2887 1618 2952 sedilium
1652 2887 2038 2956 fulcri's.'Umle
2073 2903 2269 2957 factum
2298 2911 2381 2956 est
2405 2943 2418 2966 ,
2457 2887 2514 2956 υἷ
2560 2901 2747 2956 sedilia
2793 2899 2894 2954 ista
2913 2887 3183 2952 'dicantur
3213 2895 3398 2950 Grazce
3425 2887 3620 2944 Στασί-

375 2958 464 3018 δια
490 2975 517 3012 a
547 2978 565 3010 ι
598 2963 785 3016 stando
823 2981 841 3013 ›
876 2974 928 3017 et
963 2975 1142 3018 erecto
1172 2970 1412 3035 corporis
1440 2980 1578 3022 statu
1608 2971 1804 3036 potius,
1837 2987 1996 3038 quam
2044 2989 2073 3025 a
2101 2974 2360 3027 sedendo.

447 3050 673 3116 Quando
722 3053 1063 3121 pervenimus
1099 3055 1165 3109 ad
1195 3057 1516 3112 versiculum
1563 3057 1851 3126 Aperiente
1898 3072 1946 3118 te

379 3157 598 3197 manum
653 3153 800 3198 tuam
839 3186 852 3205 .
910 3147 1128 3200 exhibet
1179 3149 1539 3204 ecclesiarcha
1587 3155 1942 3208 reverentiam

383 3235 596 3303 praesidi
621 3236 736 3289 sive
769 3237 950 3291 abbati
983 3278 997 3301 ,
1038 3249 1093 3293 et
1129 3241 1322 3308 repetit
1347 3241 1676 3297 versiculum
1709 3284 1724 3308 ,
1774 3249 1946 3315 magis

382 3329 614 3383 etferens
661 3344 870 3384 vocem.
908 3331 1166 3387 Absoluta
1213 3344 1394 3388 autem
1439 3334 1666 3405 psalmo,
1720 3337 1945 3393 collecta

380 3417 554 3486 major
587 3418 784 3472 dicitur
811 3434 838 3472 a
864 3419 1102 3476 diacono.

2120 3064 2247 3116 Ὅτε
2292 3062 2350 3116 δὲ
2400 3061 2694 3133 φθάσωμεν
2742 3061 2835 3113 τὸν
2894 3058 3093 3127 στίχον,
3141 3052 3474 3117 Ἀνοίξαντός
3529 3067 3622 3104 σου

2045 3155 2144 3226 τὴν
2175 3157 2350 3224 χεῖρα,
2375 3155 2519 3206 ποιεῖ
2554 3152 2583 3203 ὁ
2614 3149 3014 3222 ἐκκλησιάρχης
3055 3145 3340 3217 μετάνοιαν
3364 3140 3441 3211 τῷ
3469 3142 3624 3212 ἡγου-

2047 3244 2214 3316 μένῳ,
2243 3247 2337 3298 καὶ
2366 3245 2644 3315 ἀναφωνεῖ
2672 3242 2764 3297 τὸν
2801 3241 2982 3310 στίχον
3027 3236 3376 3308 ὑψηλότερον·
3411 3231 3625 3304 πληρωο

2047 3336 2210 3407 μένου
2245 3337 2302 3390 δὲ
2342 3335 2437 3389 τοῦ
2485 3333 2725 3406 ψαλμοῦ,
2762 3333 2971 3402 γίνεται
3007 3327 3253 3398 συναπτὴ
3283 3324 3490 3397 μεγάλη
3521 3320 3625 3375 ὑπδ

2047 3427 2144 3481 τοῦ
2170 3427 2439 3482 διακόνου.

454 3507 544 3587 μ.
600 3508 775 3587 Count.
831 3509 1020 3587 Esstat
1071 3512 1204 3587 lure
1252 3511 1304 3587 in
1365 3512 1696 3587 Euclrologio
1753 3530 1876 3586 pag.
1928 3515 2034 3581 57,
2079 3529 2134 3572 et
2185 3520 2323 3587 apud
2374 3518 2431 3572 S.
2489 3519 2782 3587 Maximum
2831 3507 3613 3587 patriarchamConstantium

355 3576 797 3658 'politanum,in
856 3580 992 3635 libro
1047 3583 1133 3635 cui
1171 3581 1398 3646 titulus,
1459 3574 1701 3654 Litur§ia
1755 3574 2058 3655 explicata}
2121 3599 2176 3643 et
2221 3574 2498 3658 'impresso
2550 3586 2789 3643 Venetiis
2831 3574 2993 3656 'apud
3039 3582 3123 3637 Jo.
3185 3578 3475 3634 Antonium
3531 3574 3624 3632 Ju-

381 3649 606 3704 Hauunn

448 3738 504 3794 lu
569 3754 702 3809 pace
769 3739 1052 3804 Dominum
1112 3758 1416 3812 precemur.
1467 3744 1679 3802 Chorus

379 3833 544 3898 mine,
579 3833 862 3888 miserere.

453 3923 555 3978 Pro
633 3939 867 3990 superna
946 3940 1120 3994 pace,
1191 3936 1247 3980 et
1299 3926 1600 3980 animarum
1643 3937 1951 3984 nostrarqu

379 4013 906 4080 salute,Dominum
966 4031 1270 4084 precemur.
1349 4015 1448 4071 Ch.
1530 4017 1774 4083 Domine,
1848 4019 1951 4072 mi-

378 4120 584 4163 serere.

447 4194 552 4250 Pro
589 4211 721 4265 pace
770 4196 932 4250 totius
971 4194 1174 4259 mundi,
1219 4203 1530 4249 sanctarum
1561 4195 1653 4249 Dei
1691 4195 1956 4250 Ecclesia-

380 4303 501 4345 rum
539 4297 682 4342 statu
724 4302 1005 4358 prospero,
1059 4297 1115 4341 et
1145 4288 1391 4342 omnium
1422 4288 1739 4354 concordia,
1773 4288 1954 4342 Domi-

381 4397 508 4436 num
550 4395 853 4448 precemur.
877 4379 978 4436 Cb.
1007 4381 1250 4450 Domine,
1287 4363 1565 4438 miserere.

449 4555 556 4612 Pro
603 4566 787 4612 sancta
831 4557 932 4613 hac
965 4559 1123 4611 domo
1162 4598 1178 4622 ,
1207 4567 1264 4612 et
1296 4558 1547 4612 omnibus
1579 4573 1700 4612 cum
1754 4560 1954 4627 pietate

381 4659 435 4702 et
461 4649 553 4703 Dei
583 4649 778 4703 timore
814 4650 866 4701 in
891 4663 1010 4702 eam
1044 4649 1399 4714 intrantibus,
1439 4649 1726 4704 Dominum
1762 4663 1948 4717 prece-

383 4753 523 4793 mur.
557 4737 656 4793 Cll.
685 4733 932 4804 Domine,
958 4740 1236 4795 miserere.

454 4918 558 4974 Pro
599 4921 1005 4990 archiepiscopo
1053 4931 1239 4975 nostro
1277 4920 1366 4984 N.,
1390 4921 1702 4976 venerando
1733 4919 1954 4990 presby-

382 5011 540 5075 terio,
567 5012 757 5066 ordine
783 5013 1133 5067 diacnuorum
1183 5013 1236 5066 i-n
1265 5012 1513 5076 Christo,
1545 5013 1693 5066 omni
1721 5012 1869 5066 clero
1901 5022 1955 5065 et

1738 3765 1756 3805 ι
1831 3749 2012 3813 Do-c

2125 3752 2214 3804 Ἐν
2269 3752 2461 3823 εἰρήνῃ
2520 3749 2612 3804 τοῦ
2671 3746 2875 3819 Κυρίου
2939 3742 3238 3815 δεηθῶμεν.
3308 3740 3367 3790 '0
3425 3737 3621 3810 χορόςο

2053 3843 2246 3916 Κύριε,
2273 3844 2511 3913 ἐλέησον.
3073 3867 3076 3872 -

2132 3936 2304 4007 ’Υπὲρ
2360 3935 2459 4005 τῆς
2511 3933 2714 3987 ἄνωθεν
2761 3932 2982 4002 εἰρήνης
3011 3970 3025 3992 ,
3085 3927 3177 3980 καὶ
3210 3929 3308 3998 τῆς
3357 3922 3623 3993 σωτηρίας

2051 4028 2158 4080 τῶν
2181 4027 2367 4098 ψυχῶν
2405 4027 2580 4098 ἡμῶν,
2619 4024 2711 4078 τοῦ
2753 4024 2954 4095 Κυρίου
2991 4020 3288 4092 δεηϐῶμεν.
3322 4019 3390 4072 Χ.
3431 4014 3621 4085 Κύριε,

2053 4117 2175 4188 ὲλέη
2183 4134 2293 4170 σον.

2135 4207 2303 4278 ’Υπὲρ
2347 4207 2448 4277 τῆς
2489 4207 2709 4276 εἰρήνης
2750 4203 2844 4257 τοῦ
2886 4202 3200 4270 σύμπαντος
3247 4197 3450 4267 κόσμου
3479 4238 3493 4260 ,
3533 4194 3624 4248 e6-

2055 4299 2306 4364 σταθείας
2330 4297 2438 4352 τῶν
2458 4297 2624 4366 ἁγίων
2647 4296 2737 4350 τοῦ
2755 4295 2888 4349 Θεοῦ
2919 4291 3272 4363 Ἐκκλησιῶν,
3293 4289 3497 4359 καὶτῆς
3519 4287 3626 4343 τῶν

2054 4391 2270 4444 πάντων
2315 4389 2578 4455 ὲνώσεως,
2619 4389 2711 4442 τοῦ
2755 4389 2959 4444 Κυρίου
2993 4384 3291 4457 δεηθῶμεν.
3337 4383 3402 4434 Χ.
3433 4380 3624 4452 Κύριε,

2054 4482 2176 4552 ὲλέη
2185 4499 2296 4537 σον,

2137 4575 2309 4645 ’Υπὲρ
2380 4573 2473 4626 τοῦ
2541 4572 2696 4640 ἁγίου
2763 4572 2911 4624 οἴκου
2960 4567 3173 4630 τούτου,
3222 4566 3315 4618 καὶ
3370 4563 3478 4616 τῶν
3529 4579 3616 4633 με·

2054 4665 2122 4718 τὰ
2170 4666 2423 4727 πίστεως,
2467 4663 2772 4726 εὐλαϐείας,
2830 4663 2924 4715 καὶ
2975 4661 3139 4730 φόϐου
3168 4654 3328 4715 Θεοῦ¹
3356 4654 3628 4709 εἰσιόντων

2055 4758 2113 4808 ὲν
2158 4755 2326 4826 αὐτῷ,
2360 4754 2453 4807 τοῦ
2495 4754 2700 4823 Κυρίου
2756 4752 3056 4824 δεηθῶμεν.
3116 4751 3183 4802 Χ.
3225 4746 3416 4816 Κύριε,
3477 4744 3628 4815 ἐλέη-

2057 4865 2168 4900 σον.

2138 4938 2309 5008 ’Υπὲρ
2353 4936 2443 4989 τοῦ
2491 4936 2920 5007 ἀρχιεπισκόπου
2973 4935 3155 5007 ἡμῶν,
3210 4939 3239 4990 6
3278 4937 3471 4998 δεῖνος,
3534 4930 3628 4986 τοῦ

2053 5029 2234 5098 τιμίου
2260 5027 2669 5098 πρεσϐυτερίου,
2697 5027 2796 5096 τῆς
2831 5029 2888 5080 ἐν
2908 5027 3128 5098 Χριστῷ
3157 5028 3449 5090 διακονίας,
3493 5041 3628 5078 παν-

382 5104 600 5174 populo,
657 5103 941 5158 Dominum
994 5118 1298 5174 precemur.
1361 5104 1460 5159 Ch.
1523 5103 1788 5167 Domine,
1851 5107 1947 5158 mi-

2053 5118 2144 5180 τὸς
2170 5117 2262 5169 τοῦ
2295 5117 2494 5187 κλήρου
2534 5119 2625 5169 καὶ
2661 5117 2754 5171 τοῦ
2790 5117 2940 5179 λαοῦ,
2972 5117 3064 5170 τοῦ
3095 5118 3298 5190 Κυρίου
3331 5115 3626 5189 δεηθῶμεν.

384 5208 589 5252 serere.

454 5285 559 5342 Pro
603 5286 705 5341 hoc
742 5295 930 5340 sancto
979 5288 1353 5353 monasterio,
1404 5290 1658 5345 universa
1716 5287 1956 5354 civitate,

385 5388 437 5434 et
473 5382 717 5447 regione,
743 5392 796 5435 et
824 5397 920 5450 pro
954 5383 1206 5437 omnibus
1260 5381 1506 5437 ﬁdelibus
1553 5381 1605 5436 in
1637 5382 1767 5452 ipsis
1801 5382 1958 5435 babi-

386 5471 666 5535 tantibus,
746 5471 1031 5526 Dominum
1111 5488 1418 5542 precemur.
1482 5472 1582 5528 Cb.
1691 5473 1956 5538 Domine,

384 5577 578 5616 misere
587 5579 661 5618 re.

452 5631 557 5686 Pro
631 5633 774 5687 aeris
841 5635 1142 5702 temperie,
1217 5636 1487 5690 fructuum
1573 5648 1728 5691 terrze
1787 5639 1949 5691 uber-

389 5710 650 5776 t_ate,_et
687 5705 1012 5776 _tranquil|is
1068 5707 1193 5760 anni
1241 5708 1652 5776 tempestatibus
1704 5711 1954 5763 obtinen-

386 5774 472 5827 dis
548 5772 862 5829 Dominum‘
904 5788 1206 5842 precemur.
1282 5772 1373 5832 Chl
1463 5777 1721 5842 Domine,
1792 5780 1945 5831 mise-

390 5859 526 5899 rere.

2055 5211 2122 5263 X.
2156 5208 2349 5278 Κύριε,
2375 5209 2616 5276 ἐλέησον.

2134 5301 2307 5374 ’Υπὲρ
2339 5302 2436 5373 τῆς
2485 5303 2645 5369 ἁγίας
2697 5302 2866 5372 μονῆς
2912 5303 3136 5371 ταύτης,
3175 5303 3356 5371 πάσης
3402 5300 3627 5361 πόλεως,

2054 5393 2256 5467 χώρας,
2283 5396 2377 5448 καὶ
2392 5394 2500 5447 τῶν
2514 5395 2691 5446 πίστει
2708 5394 2998 5448 οἰκούντων
3016 5397 3073 5448 ὲν
3088 5394 3296 5458 αὐταῖς,
3316 5393 3409 5446 τοῦ
3424 5391 3628 5465 Κυρίου

2054 5485 2357 5557 δεηθῶμεν.
2394 5487 2461 5541 Χ.
2493 5485 2688 5557 Κύριε,
2718 5485 2959 5556 ἐλέησον,

2139 5662 2312 5733 Ὑπὲρ
2360 5661 2655 5734 εὐκρασίας
2697 5661 2894 5732 ἀέρων,
2948 5661 3207 5732 εύφορίας·
3237 5660 3344 5713 τῶν
3404 5657 3629 5729 καρπῶν

2057 5752 2158 5821 τῆς
2196 5753 2320 5822 γῆς,
2361 5753 2454 5806 καὶ
2492 5750 2702 5823 καιρῶν
2748 5750 3058 5822 εἰρηνικῶν,
3078 5750 3168 5803 τοῦ
3202 5749 3406 5818 Κυρίου
3430 5745 3629 5820 δεηθῶ-

2063 5861 2181 5918 μεν.
2218 5844 2284 5903 Χ.
2315 5842 2509 5915 Κύριε,
2546 5840 2783 5913 ἐλέησον.
