4076 6226
1428 318 1820 376 ACOLUTIIIA
1870 323 2209 379 TRIPLICIS
2243 323 2462 381 FESTI.

459 434 630 506 ’Υπὲρ
705 432 974 487 πλεόντων
1008 472 1022 497 ,
1085 433 1509 505 ὁδοιπορούντων

377 528 711 598 καμνόντων,
755 524 1133 595 αἰχμαλώτων,
1167 529 1260 579 καὶ
1301 529 1399 598 τῆς
1450 531 1719 600 σωτηρίας
1750 533 1947 598 αὐτῶν,

379 619 470 673 τοῦ
502 618 707 688 Κυρίου
737 617 1038 689 δεηθῶμεν.
1069 620 1136 671 Χ.
1169 618 1361 690 Κύριε,
1389 620 1627 691 ἐλέησον.

461 711 632 779 Ὑπὲρ
676 710 769 763 τοῦ
819 710 1080 781 ῥυσθῆναι
1126 712 1274 781 ἡμᾶς
1329 712 1436 764 ἀπὸ
1489 714 1668 784 πάσης
1699 714 1948 784 θλίψεως,

379 803 569 877 ὀργῆς,
601 802 695 854 καὶ
724 802 988 874 ἀνάγκης,
1028 802 1122 857 τοῦ
1157 804 1363 874 Κυρίου
1402 803 1698 875 δεηθῶμεν.
1730 806 1796 861 Χ.
1841 808 1953 860 Κύ-

382 913 484 967 ριε,
520 894 762 963 ἐλέησον.

457 985 789 1051 Ἀντιλάϐου,
875 985 1069 1049 σῶσον,
1159 986 1409 1058 ἐλέησον,
1475 990 1569 1042 καὶ
1628 990 1953 1059 διαφύλαξον

380 1083 565 1152 ἡμᾶς,
620 1084 648 1135 ὁ
683 1080 850 1143 Θεὸς,
903 1083 969 1149 τῇ
1018 1082 1083 1150 σῇ
1134 1080 1337 1151 χάριτι.
1408 1073 1473 1134 Χ.
1524 1082 1739 1154 Κύριε,
1802 1084 1954 1154 eaex;-

386 1190 494 1225 σον.

454 1263 564 1332 Τῆς
607 1261 899 1330 παναγίας,
942 1263 1232 1333 ἁχράντου,
1283 1265 1812 1336 ύπερευλογημένης,
1869 1269 1955 1319 ὲν-

382 1352 532 1417 δόξου
583 1351 863 1423 δεσποίνης
906 1351 1062 1421 ἡμῶν
1111 1353 1392 1418 Θεοτόκου,
1432 1357 1524 1408 καὶ
1558 1356 1643 1408 ἀεὶ
1676 1355 1954 1425 Παρθένου

384 1442 622 1514 Μαρίας,
667 1442 802 1512 μετὰ
854 1444 1067 1495 πάντων
1098 1444 1205 1497 τῶν
1248 1446 1416 1512 ἁγίων
1466 1445 1955 1516 μνημονεύσαντες,

385 1533 608 1595 ἑαυτοὺς
629 1533 722 1585 καὶ
749 1532 1009 1603 ἀλλήλους
1036 1535 1214 1588 πᾶσαν
1248 1535 1344 1606 τὴν
1383 1536 1526 1608 ζωὴν
1549 1537 1707 1608 ἡμῶν
1740 1536 1959 1607 Χριστῷ

384 1626 461 1697 τῷ
486 1625 603 1696 Θεῷ
635 1624 1029 1697 παραθώμεθα.
1067 1627 1135 1679 Χ.
1182 1627 1294 1691 Σοὶ,
1326 1626 1520 1698 Κύριε.

454 1801 564 1853 Καὶ
592 1801 828 1869 ὲκφωνεῖ
866 1802 893 1853 ὁ
929 1800 1123 1871 ἱερεύς·
1166 1800 1290 1852 Ὀτι
1334 1799 1533 1869 πρέπει
1581 1817 1661 1851 σοι
1695 1801 1845 1853 πᾶσα
1874 1800 1957 1852 δό-
1987 1801 2029 1854 Β

387 1889 471 1955 ξα,
498 1889 631 1961 τιμὴ
678 1891 769 1942 καὶ
819 1888 1207 1960 προσκύνησις,
1235 1876 1313 1957 τῷ
1340 1888 1535 1957 Πατρὶ,
1586 1885 1775 1955 καὶτῷ
1821 1885 1956 1954 Υίῷ,

385 1983 479 2035 καὶ
511 1981 588 2051 τῷ
621 1980 757 2050 ἁγίῳ
777 1979 1075 2049 Πνεύματι,
1105 1978 1197 2031 νῦν
1215 1980 1305 2031 καὶ
1328 1979 1435 2039 ἀεὶ,
1461 1979 1554 2030 καὶ
1579 1980 1657 2041 είς
1680 1978 1801 2040 τοὺς
1834 1976 1964 2030 alt?)-

384 2088 482 2136 νας
509 2072 616 2124 τῶν
649 2069 881 2125 αἰώνων.
927 2069 1117 2139 Ἀμήν.

467 2163 659 2216 ’Ῑστέον
689 2162 764 2220 δὲ,
809 2162 911 2226 ὅτι,
953 2162 1080 2214 ὅταν
1120 2160 1347 2231 λέγομεν
1376 2161 1454 2225 τὸ,
1496 2160 1825 2224 Ἀνοίξαντός
1870 2177 1962 2213 σου

384 2254 484 2324 τὴν
517 2255 671 2323 χεῖρα
694 2292 709 2315 ,
757 2254 785 2303 ὁ
818 2252 995 2323 ἱερεὺς
1043 2250 1292 2303 ἀπελθὼν
1330 2251 1477 2319 λέγει
1513 2251 1610 2315 τὰς
1657 2251 1821 2321 εὐχὰς
1864 2251 1958 2303 τοῦ

385 2343 657 2415 λυχνικοῦ,
698 2343 980 2413 ἱστάμενος
1013 2342 1258 2411 ἁσκεπὴς
1304 2342 1609 2413 ἔμπροσθεν
1640 2343 1747 2396 τῶν
1791 2343 1960 2410 ἁγίων

386 2436 584 2509 θυρῶν.

1546 478 1559 501 ,
1620 438 1953 505 νοσούντων,
1987 450 2031 503 Α
2129 442 2235 496 Pro
2314 441 2686 511 navigantibus
2732 480 2748 503 ,

3364 340 3631 386 CCCXXX"!

2828 440 2933 493 lter
3031 438 3375 509 agentibus,
3467 440 3631 494 inﬁr-

2054 534 2197 600 mis,
2247 533 2613 588 iaborantibus
2653 572 2667 596 ,
2732 532 3003 600 captivis,
3055 541 3109 585 et
3163 546 3349 586 eorum
3404 531 3627 599 salute,

2054 626 2335 679 Dominum
2384 639 2681 692 precemur.
2739 624 2837 676 Ch.
2891 624 3151 686 Domine,
3216 624 3492 677 miserere.

2126 716 2195 771 Ut
2248 716 2546 769 liberemur
2600 715 2667 768 ab
2716 714 2861 767 omni
2914 730 3177 779 mrumna,
3225 715 3402 784 plaga,
3437 724 3491 768 et
3538 728 3631 770 nec

2054 807 2340 872 cessitate,
2424 805 2716 859 Dominum
2808 820 3108 874 precemur.
3183 805 3281 861 Cb.
3363 806 3618 861 Domine»

2057 899 2333 951 miserere.

2127 988 2373 1053 Suscipe,
2403 1002 2580 1052 serva,
2627 987 2887 1039 miserere
2929 996 2979 1039 et
3033 988 3244 1040 custodi
3291 1003 3412 1053 nos,
3462 988 3629 1051 Deus,

2059 1088 2147 1131 tua
2183 1080 2383 1145 gratia.
2415 1079 2516 1132 Cb.
2548 1079 2793 1138 Domine.
2821 1078 3098 1131 miserere.

2129 1255 2513 1317 Sanctissimm,
2560 1254 2912 1317 intemeratae,
2957 1266 3118 1320 super
3156 1266 3346 1306 omnes
3398 1252 3620 1306 benedi-

2058 1356 2181 1406 ctae,
2208 1344 2455 1413 gloriosae
2483 1346 2720 1397 Domina:
2751 1353 2949 1397 nostrae
2979 1342 3244 1411 Deiparze,
3300 1354 3353 1397 et
3413 1357 3633 1411 semper

2058 1436 2279 1504 virginis
2346 1434 2526 1488 Maria:
2599 1450 2663 1488 ac
2741 1436 2983 1489 omnium
3051 1444 3365 1489 sanctorum
3430 1448 3634 1488 memo-

2060 1527 2193 1580 riam
2243 1537 2487 1597 agentes,
2532 1542 2628 1580 nos
2667 1528 2833 1596 ipsos,
2864 1539 2918 1580 et
2951 1529 3204 1588 invicem,
3251 1538 3303 1581 et
3334 1528 3494 1579 vitam
3529 1540 3624 1580 no-

2059 1627 2226 1670 stram
2280 1619 2495 1672 Christo
2567 1618 2675 1670 Deo
2724 1619 3163 1673 commendemus
3231 1637 3244 1671 :
3301 1618 3401 1671 (Ili.
3458 1617 3617 1681 Tibi,

2064 1710 2304 1763 Domine.

2129 1801 2218 1856 75.
2256 1802 2321 1854 Et
2353 1800 2617 1854 exclamat
2663 1802 2915 1855 sacerdos
2973 1818 2986 1854 :
3040 1800 3173 1868 Quia
3228 1801 3478 1855 convenit
3536 1802 3628 1855 tibi

2060 1895 2239 1947 omnis
2268 1892 2462 1961 gloria,
2506 1893 2679 1944 honor
2710 1904 2763 1945 et
2791 1892 3056 1955 adoratio,
3089 1893 3257 1957 Patri,
3299 1900 3353 1945 et
3389 1892 3545 1955 Filio,
3578 1901 3635 1947 et

2061 1984 2284 2051 Spiritui
2310 1994 2499 2036 sancto
2530 2002 2545 2038 :
2573 1999 2715 2037 nunc
2740 1994 2795 2037 et
2835 1998 3048 2051 semper
3077 1995 3130 2038 et
3159 1986 3210 2038 in
3240 1985 3433 2039 saecula
3463 2000 3630 2039 saecu-

2061 2075 2258 2127 lorum.
2287 2076 2479 2129 Amen.

2153 2164 2444 2218 Sciendum
2482 2174 2660 2218 autem
2686 2174 2767 2219 est
2787 2206 2801 2230 ,
2841 2168 2982 2237 quod
3011 2169 3226 2238 quando
3259 2168 3487 2222 dicimus
3516 2182 3642 2221 ver-

2066 2254 2292 2308 siculum
2323 2255 2615 2323 Aperiente
2660 2267 2709 2312 te
2748 2275 3001 2322 manum,
3035 2260 3289 2313 sacerdos
3347 2258 3544 2311 habeat
3582 2266 3639 2312 et

2066 2349 2259 2399 recitet
2298 2347 2572 2401 orationes
2601 2348 2894 2405 Iucernarii
2927 2360 3075 2405 stans
3104 2352 3346 2405 detectus
3368 2360 3493 2405 ante
3517 2366 3642 2404 san—

2066 2447 2182 2490 ctas
2206 2438 2368 2495 fores.

456 2577 637 2655 Comi:
684 2574 757 2628 Ex
804 2574 905 2627 hoc
960 2572 1428 2655 locomconlicitur,
1478 2573 1795 2655 Ἐςσπερινόν
1841 2572 1971 2655 intet

2075 2587 2083 2629 L
2126 2577 2380 2648 λυχνικόν
2422 2582 2716 2655 discrimen
2776 2597 2895 2637 esse
2940 2596 3044 2635 non
3093 2582 3383 2655 modicum.
3436 2581 3642 2655 Quippe

388 2648 669 2719 ἑσπερινόν
702 2655 804 2708 est,
845 2654 1012 2724 totum
1039 2642 1269 2724 cilicium
1299 2642 1661 2703 vespertinum
1690 2683 1704 2705 ,
1732 2642 1973 2724 ’λυχνικὸ

2075 2642 2326 2704 κεῖθ”εθυ
2368 2669 2387 2701 ‹
2421 2651 2784 2706 lucernarium
2828 2672 2847 2703 ι
2886 2662 2969 2706 est
3028 2661 3238 2705 tantum
3291 2642 3479 2718 aliqua
3524 2642 3641 2720 ejus

388 2714 539 2790 pars,
560 2732 650 2771 seu
681 2714 923 2785 pauculae
951 2715 1241 2773 orationes,
1269 2728 1406 2781 quas
1430 2729 1531 2766 non
1562 2714 1828 2781 gravabor
1860 2715 2185 2774 describere.

1008 2850 1198 2902 ΕΥΧΗ
1259 2849 1337 2902 A'.

461 2944 630 3015 Κύριε
685 2943 967 3014 οίκτίρμον
1014 2943 1108 2996 καὶ
1146 2941 1416 3011 ὲλεῆμον,
1461 2940 1819 3011 μακρόθυμε,
1875 2940 1967 2992 καὶ

392 3034 666 3099 πολυέλεε,
701 3034 952 3088 ἐνώτισαι
974 3034 1071 3104 τὴν
1106 3034 1413 3105 προσευχὴν
1440 3032 1617 3102 ἡμῶν,
1671 3033 1765 3084 καὶ
1797 3031 1969 3103 πρόσ-

394 3145 486 3199 χες
510 3130 575 3198 τῇ
604 3130 754 3197 φωνῇ
786 3110 888 3196 τῆς
919 3126 1156 3197 δεήσεως
1197 3124 1373 3194 ήμῶνυ
1406 3125 1631 3194 ποίησον
1672 3123 1787 3193 μεθ’
1814 3122 1970 3193 ἡμῶν

397 3220 618 3288 σημεῖον
650 3216 726 3277 είς
754 3214 976 3283 ἀγαθόν·
1012 3215 1274 3285 ὁδὴγησον
1315 3216 1464 3284 ἡμᾶς
1492 3215 1550 3265 ἐν
1601 3217 1667 3285 τῇ
1704 3212 1808 3283 ὁδῷ
1853 3230 1968 3275 σου,

393 3310 487 3365 τοῦ
519 3308 840 3381 πορεύεσθαι
869 3310 927 3362 ὲν
957 3311 1022 3379 τῇ
1046 3308 1272 3379 ἀληθείᾳ
1292 3323 1404 3360 σουο
1434 3305 1703 3376 εύφρανον
1729 3306 1826 3368 τὰς
1846 3322 1974 3376 καρο

395 3402 512 3465 δίας
544 3402 699 3473 ἡμῶν
738 3402 818 3465 είς
844 3400 905 3453 τὸ
931 3400 1211 3468 φοϐεῖσθαι
1260 3400 1321 3451 τὸ
1349 3399 1520 3468 ὄνομά
1568 3415 1661 3451 σου
1693 3398 1753 3450 τὸ
1798 3397 1969 3465 ἅγιονο

397 3494 528 3547 διότι
557 3495 727 3564 μέγας
760 3489 811 3545 εἴ
845 3493 910 3545 σὺ
945 3492 1039 3545 καὶ
1090 3490 1260 3543 ποιῶν
1309 3490 1609 3561 θαυμάσια”
1653 3492 1715 3543 σὺ
1753 3485 1803 3542 εἴ
1845 3489 1974 3552 Θεὸς

402 3584 583 3655 μόνος,
616 3585 710 3637 καὶ
738 3585 837 3637 ούκ
863 3583 1010 3637 ἐστιν
1059 3583 1241 3653 ὅμοιός
1270 3600 1350 3636 σοι
1376 3586 1431 3635 ἐν
1456 3582 1616 3645 θεοῖς,
1656 3582 1849 3653 Κύριε,
1882 3582 1975 3633 δυ-

399 3676 557 3739 νατὸς
582 3677 639 3727 ὲν
672 3675 829 3740 ἐλέει,
886 3675 978 3728 καὶ
1004 3673 1205 3742 ἀγαθὸς
1236 3676 1291 3725 εν
1324 3672 1491 3744 ἰσχύϊ,
1525 3674 1606 3736 εἰς
1636 3672 1698 3725 τὸ
1740 3671 1973 3742 βοηθεῖν,

402 3768 495 3822 καὶ
526 3768 878 3831 παρακαλεῖν,
914 3767 1007 3820 καὶ
1039 3765 1230 3829 σώζειν
1261 3766 1469 3829 πάντας
1500 3767 1627 3826 τοὺς
1659 3764 1978 3828 ἐλπίζοντας

400 3861 481 3923 sic;
505 3859 673 3930 ὄνομά
720 3876 813 3912 σου
845 3858 905 3912 τὸ
954 3858 1126 3927 ἆγιον·
1163 3860 1245 3912 ὅτι
1281 3858 1481 3928 πρέπει
1530 3874 1611 3910 σοι
1651 3858 1801 3909 πᾶσα
1829 3856 1976 3920 δόξα,

401 3953 534 4024 τιμὴ
567 3951 662 4004 καὶ
690 3950 1072 4022 προσκύνησις,
1099 3949 1175 4020 τῷ
1197 3950 1388 4020 Πατρὶ,
1417 3950 1509 4002 καὶ
1528 3947 1605 4018 τῷ
1632 3948 1768 4017 Υίῴ,
1786 3947 1879 4000 καὶ
1902 3945 1980 4016 τῷ

404 4044 543 4116 ἁγίῳ
579 4045 878 4114 Πνεύματι,
912 4042 1028 4106 νῦν,
1063 4043 1158 4095 καὶ
1209 4042 1321 4107 ἀεὶ,
1372 4041 1464 4094 καὶ
1493 4041 1573 4103 είς
1622 4039 1749 4102 τοὺς
1780 4038 1980 4101 αἰῶνας

404 4138 511 4192 τῶν
540 4136 770 4191 αἰώνων.
810 4136 1001 4207 Ἀμήν.

1030 4227 1221 4279 ΕΥΧΗ
1261 4226 1334 4278 Β¹.

475 4318 669 4390 Κύριε,
706 4319 779 4390 μὴ
810 4316 887 4387 τῷ
925 4315 1081 4386 θυμῷ
1118 4334 1211 4369 σου
1250 4314 1475 4386 ἐλέγξῃς
1519 4316 1688 4385 ἡμᾶς,
1746 4315 1877 4385 μηδὲ
1913 4316 1980 4385 τῇ

406 4415 541 4484 ὀργῇ
578 4430 669 4465 σου
696 4410 989 4483 παιδεύσῃς
1020 4411 1187 4480 ἡμᾶς·
1225 4408 1361 4461 ἁλλὰ
1402 4408 1627 4478 ποίησον
1664 4408 1782 4477 μεθ’
1827 4408 1983 4478 ἡμῶν

406 4505 547 4561 κατὰ
590 4504 687 4575 τὴν
740 4502 1036 4557 ἐπιείκειάν
1077 4518 1191 4564 σου,
1238 4502 1385 4572 ἰατρὲ
1416 4503 1510 4554 καὶ
1539 4500 1846 4573 θεραπευτὰ
1876 4500 1983 4553 τῶν

406 4598 590 4668 ψυχῶν
625 4597 798 4668 ήμῶνο
861 4596 1123 4666 ὁδήγησον
1154 4595 1301 4665 ἡμᾶς
1343 4596 1435 4646 ἐπὶ
1460 4594 1652 4664 λιμένα
1684 4593 1985 4663 θελήματός

411 4706 522 4741 σου·
559 4689 792 4758 φώτισον
815 4691 939 4750 τοὺς
970 4686 1278 4755 ὀφθαλμοὺς
1304 4685 1409 4738 τῶν
1446 4685 1683 4756 καρδιῶν
1715 4686 1870 4756 ἡμῶν
1905 4686 1987 4748 είς

408 4781 701 4849 ἐπίγνωσιν
742 4780 843 4849 τῆς
898 4778 996 4846 σῆς
1031 4776 1302 4848 ἀληθείας·
1342 4775 1437 4829 καὶ
1475 4776 1713 4848 δώρησαι
1743 4778 1873 4846 ἡμῖν
1926 4776 1987 4828 τὸ

408 4869 591 4926 λοιπὸν
613 4872 711 4942 τῆς
739 4870 1019 4940 παρούσης
1050 4870 1263 4940 ἡμέρας
1294 4869 1567 4938 εἰρηνικὸν
1604 4871 1700 4922 καὶ
1740 4869 1988 4940 ἀναμάρ-

410 4982 589 5037 τητον,
621 4965 715 5017 καὶ
746 4963 925 5016 πάντα
945 4962 1037 5015 τὸν
1086 4963 1275 5032 χρόνον
1325 4960 1423 5030 τῆς
1450 4956 1596 5028 ζωῆς
1642 4960 1819 5030 ἡμῶν,
1854 4977 1987 5031 πρε-

412 5058 618 5121 σϐείαις
645 5057 746 5126 τῆς
775 5056 934 5125 ἁγίας
979 5054 1240 5107 Θεοτόκου
1276 5054 1371 5106 καὶ
1405 5054 1618 5105 πάντων
1654 5052 1762 5105 τῶν
1795 5053 1984 5120 ἁγίων.

410 5152 531 5204 ’Ότι
559 5150 649 5203 σὸν
678 5148 739 5201 τὸ
766 5147 986 5217 κράτος,
1018 5147 1113 5198 καὶ
1145 5145 1238 5198 σοῦ
1267 5146 1412 5197 ἐστιν
1432 5146 1464 5212 ἡ
1504 5143 1771 5213 βασιλεία,
1824 5144 1920 5197 καὶ
1954 5146 1987 5214 ἡ

411 5242 656 5313 δύναμις,
676 5241 775 5295 καλ⁵
806 5242 841 5310 ἡ
862 5239 1006 5305 δόξα,
1027 5236 1121 5290 τοῦ
1153 5236 1364 5306 Πατρὸς
1384 5276 1398 5297 ,
1424 5235 1519 5289 καὶ
1556 5235 1647 5289 τοῦ
1684 5234 1840 5296 Υἱοῦ,
1896 5236 1991 5289 καὶ¹

412 5333 503 5387 τοῦ
539 5333 693 5401 ἁγίου
714 5331 1048 5401 Πνεύματος,
1068 5329 1183 5390 νῦν,
1216 5328 1309 5379 καὶ
1333 5330 1439 5391 ἀεὶ,
1473 5328 1566 5380 καὶ
1588 5330 1669 5389 εἰς
1700 5327 1826 5389 τοὺς
1855 5325 1990 5379 αἰῶ-

416 5440 509 5487 νας
538 5423 645 5475 τῶν
674 5421 904 5474 αἰώνων.
945 5421 1137 5489 Ἀμήν.

1045 5489 1236 5542 ΕΥΧΗ
1282 5488 1353 5541 Γ’.

486 5582 658 5654 Κύριε
702 5586 730 5637 ὁ
760 5583 890 5645 Θεὸς
922 5581 1099 5652 ἡμῶν,
1148 5580 1414 5652 μνήσθητι
1450 5577 1615 5653 ,ἡμῶν
1657 5576 1766 5629 τῶν
1807 5577 1987 5647 ἁμαρο

418 5673 602 5731 τωλῶν
635 5674 728 5729 καὶ
755 5672 987 5745 ἀχρείων
1019 5672 1219 5725 δούλων
1268 5688 1381 5735 σου,
1407 5670 1464 5723 ὲν
1494 5668 1572 5739 τῷ
1616 5666 1986 5721 ἐπικαλεῖσθαι

421 5766 569 5839 ἡμᾶς
594 5765 656 5820 τὸ
684 5765 837 5838 ἅγιον
864 5764 1036 5837 όνομά
1068 5780 1180 5820 σου·
1212 5764 1301 5817 καὶ
1339 5762 1411 5833 μὴ
1445 5758 1808 5833 καταισχύνῃς
1841 5759 1987 5830 ἡμᾶς

2692 2853 2954 2912 ORATIO
2983 2853 3025 2910 I.

2135 2947 2225 3003 76.
2277 2947 2499 3002 Domine
2544 2948 2853 3003 misericors
2910 2956 2964 3001 et
3012 2946 3262 3014 benigne,
3322 2945 3643 3017 longanimis

2070 3050 2124 3093 et
2160 3039 2385 3093 multum
2413 3038 2671 3106 clemens,
2705 3040 2930 3093 auribus
2959 3039 3173 3107 percipe
3204 3038 3641 3105 deprecationem

2073 3142 2333 3194 nostram,
2364 3140 2419 3185 et
2455 3130 2673 3184 attende
2710 3130 2827 3183 voci
2873 3129 3135 3184 orationis
3171 3137 3408 3195 nostrae,
3439 3127 3523 3182 Iac
3550 3143 3644 3182 nov

2072 3222 2280 3276 biscum
2307 3222 2518 3290 signum
2556 3223 2608 3274 in
2644 3221 2879 3287 bonum;
2936 3222 3108 3276 deduc
3146 3234 3244 3273 nos
3290 3221 3342 3273 in
3391 3220 3477 3273 via
3530 3228 3642 3281 tua,

2074 3321 2132 3366 ut
2166 3314 2219 3366 in
2260 3315 2490 3367 veritate
2536 3320 2625 3364 tua
2657 3311 3016 3366 ambulemus.
3065 3311 3321 3364 Exliilara
3354 3311 3517 3365 corda
3553 3326 3649 3363 no—

2076 3414 2214 3467 stra,
2275 3413 2335 3457 ut
2376 3406 2665 3458 timeamus
2722 3418 2917 3457 nomen
2979 3411 3230 3455 sanctum
3286 3411 3479 3465 tuum,
3518 3403 3647 3471 quia

2076 3511 2301 3567 magnus
2324 3512 2384 3551 es
2416 3506 2492 3560 tu,
2526 3506 2579 3549 et
2612 3496 2819 3549 faciens
2851 3494 3153 3559 mirabilia;
3204 3501 3257 3546 tu
3292 3508 3352 3547 es
3394 3493 3536 3548 Deus
3560 3509 3646 3547 so-

2075 3586 2180 3650 lus,
2213 3596 2268 3639 et
2295 3600 2399 3639 non
2450 3595 2533 3639 est
2573 3585 2768 3640 similis
2802 3586 2877 3639 tui
2914 3586 2967 3639 in
3004 3586 3127 3651 diis,
3152 3584 3403 3649 Domine,
3458 3594 3649 3654 potens

2078 3681 2131 3735 in
2160 3680 2532 3734 misericordia
2563 3687 2618 3732 et
2650 3678 2825 3732 bonus
2853 3678 2904 3729 in
2935 3676 3159 3741 virtute,
3189 3684 3243 3729 ut
3279 3690 3569 3729 succurras
3594 3686 3648 3728 et

2078 3770 2377 3825 consoleris
2427 3779 2483 3823 et
2530 3783 2713 3824 serves
2776 3783 2965 3821 omnes
3011 3776 3294 3836 sperantes
3327 3769 3377 3819 in
3434 3767 3650 3820 nomine

2081 3871 2194 3915 tuo.
2228 3861 2364 3927 Quia
2397 3861 2651 3915 convenit
2685 3861 2779 3914 tibi
2810 3859 2986 3914 omnis
3013 3859 3207 3928 gloria,
3232 3860 3405 3912 honor
3443 3869 3497 3913 et
3518 3859 3651 3912 ado-

2081 3952 2224 4005 ratio
2249 3990 2263 4015 ,
2302 3951 2447 4005 Patri
2483 3961 2537 4005 et
2565 3950 2701 4005 Filio
2756 3960 2810 4004 et
2846 3959 3035 4004 sancto
3089 3948 3317 4017 Spiritui
3351 3967 3364 4003 :
3398 3965 3542 4004 nunc
3598 3958 3653 4004 et

2082 4055 2298 4110 semper
2319 4049 2374 4094 et
2394 4040 2444 4093 in
2469 4039 2659 4094 saecula
2693 4037 3032 4093 saeculorum.
3066 4038 3254 4091 Amen.

2682 4214 2942 4271 ORATIO
2987 4215 3050 4270 ll.

2154 4311 2240 4366 77.
2286 4311 2533 4371 Domine,
2572 4324 2640 4363 ne
2680 4308 2735 4363 in
2771 4308 2957 4362 lurore
2987 4316 3078 4360 tuo
3105 4321 3303 4376 arguas
3338 4318 3455 4365 nos,
3480 4318 3655 4372 neque

2084 4403 2137 4456 in
2167 4403 2246 4456 ira
2276 4411 2365 4455 tua
2393 4401 2656 4470 corripias
2708 4415 2808 4454 nos
2837 4418 2849 4452 :
2883 4399 2975 4453 sed
3017 4398 3101 4452 fac
3133 4396 3413 4450 nobiscum
3459 4408 3655 4447 secun-

2084 4493 2210 4546 dum
2243 4490 2670 4545 misericordiam
2706 4498 2877 4552 tuam,
2904 4489 3111 4541 medice
3172 4495 3227 4539 et
3274 4491 3494 4538 curator
3525 4482 3644 4535 ani-

2086 4598 2294 4637 marum
2348 4590 2690 4647 nostrarum;
2730 4580 2931 4649 perduc
2964 4594 3062 4632 nos
3099 4577 3166 4631 ad
3210 4586 3427 4646 portum
3463 4574 3658 4628 volun-

2090 4675 2215 4728 tatis
2263 4683 2395 4737 tuae;
2424 4673 2611 4727 oculos
2659 4672 2902 4725 cordium
2954 4677 3269 4723 nostrorum
3300 4665 3540 4720 illumina
3600 4666 3655 4720 in

2088 4777 2192 4821 tua:
2234 4766 2481 4821 veritatis
2516 4766 2844 4834 agnitionem
2867 4802 2881 4825 ,
2939 4771 3100 4831 atque
3132 4759 3356 4828 hujusce
3384 4757 3489 4812 diei
3526 4758 3655 4812 reli-

2087 4874 2276 4929 quum,
2309 4872 2577 4924 omneque
2608 4858 2730 4910 vita:
2763 4864 2960 4909 nostra:
3001 4866 3210 4922 tempus
3253 4852 3559 4921 pacificum,
3603 4857 3658 4903 et

2089 4966 2117 5003 a
2168 4959 2396 5019 peccato
2436 4949 2665 5003 liberum
2716 4961 2833 5001 esse
2873 4945 3109 5014 largire,
3180 4941 3661 4998 intercessionibus

2090 5050 2294 5097 sanctae
2322 5041 2415 5096 Dei
2444 5039 2734 5095 Genitricis
2760 5048 2814 5093 et
2841 5038 3080 5091 omnium
3120 5042 3455 5089 sanctorum.
3512 5031 3649 5098 Quia

2092 5145 2179 5187 tua
2202 5141 2285 5187 cst
2310 5139 2573 5202 potestas,
2609 5140 2758 5185 tuum
2796 5138 2882 5184 est
2908 5143 3133 5198 regnum
3168 5135 3223 5180 et
3250 5126 3423 5180 virtus
3466 5134 3520 5177 et
3548 5122 3662 5192 glo-

2091 5227 2194 5292 ria,
2224 5224 2402 5279 Patris
2429 5233 2484 5278 et
2530 5223 2649 5277 Filii
2685 5232 2739 5277 et
2767 5221 2941 5275 sancti
2978 5220 3237 5287 Spiritus,
3278 5230 3423 5271 nunc
3446 5222 3497 5270 et
3519 5228 3664 5269 sem-

2091 5334 2207 5391 per,
2227 5326 2282 5374 et
2322 5319 2377 5373 in
2411 5315 2605 5372 saecula
2634 5312 2979 5370 saeculorum.
3008 5312 3198 5364 Amen.

2690 5468 2947 5527 ORATIO
2986 5467 3079 5523 III.

2165 5572 2255 5627 78.
2308 5569 2535 5624 Domine
2575 5567 2717 5622 Deus
2766 5577 2969 5629 noster,
3019 5571 3292 5619 memento
3329 5560 3501 5616 nostri
3534 5573 3666 5630 pee-

2097 5673 2344 5718 catorum
2369 5670 2422 5715 et
2456 5659 2724 5714 inutilium
2752 5673 3034 5713 servorum
3070 5666 3281 5711 tuorum
3306 5695 3321 5721 ,
3354 5670 3472 5710 cum
3510 5656 3665 5708 imo-

2095 5771 2289 5813 camus
2327 5763 2572 5812 sanctum
2619 5766 2815 5809 nomen
2847 5759 3031 5817 tuum;
3067 5757 3120 5805 et
3148 5762 3215 5805 ne
3241 5746 3539 5804 confundas
3566 5756 3666 5798 nos
