4076 6226
447 430 710 472 CCCXXX"

1811 406 2347 463 PROLEGOMENA.

447 547 478 586 ιι
514 538 901 587 misericordiae
958 539 1062 584 tua:
1107 530 1545 600 exspectatione;
1593 529 1686 584 sed
1712 528 1893 582 omnia
1948 527 2014 581 ad

2130 524 2224 579 in?)
2261 527 2361 597 τῆς
2393 525 2714 598 προσδοκίας
2744 525 2836 580 τοῦ
2888 525 3071 587 ἐλέους
3130 541 3246 588 σου,
3294 521 3430 577 ἀλλά
3472 522 3693 596 χάρισαι

447 622 679 677 salutem
708 621 957 675 facientia
986 622 1256 691 postulata
1283 622 1553 685 concede;
1581 630 1640 675 et
1673 619 1759 674 fac
1782 629 1843 675 ut
1863 635 2012 673 ame-

450 728 569 768 mus
598 721 653 766 et
692 713 978 766 timeamus
1006 721 1057 767 te
1102 726 1170 767 ex
1219 722 1329 767 ιοιο
1371 713 1554 777 corde,
1586 721 1640 767 et
1678 712 1732 766 in
1763 712 2015 768 omnibus

447 804 781 857 voluntatem
830 812 975 857 tuam
1034 817 1419 873 exsequamur.
1452 805 1587 872 Quia
1618 803 1792 858 bonus
1819 811 1876 858 et
1912 804 2011 859 ho-

449 895 655 947 minum
690 909 880 949 amans
929 893 1072 949 Deus
1101 909 1181 959 es,
1242 896 1446 963 tibique
1483 894 1711 964 gloriam
1764 894 2016 965 rependi-

450 998 591 1047 mus,
639 983 808 1049 Patri,
843 995 900 1038 et
949 984 1108 1048 Filio,
1145 996 1199 1040 et
1228 996 1419 1040 sancto
1460 985 1723 1053 Spiritui,
1758 999 1901 1042 nunc
1962 995 2018 1041 et

449 1088 683 1144 semper,
710 1084 765 1129 et
794 1078 846 1130 in
876 1078 1074 1131 saecula
1102 1077 1442 1133 saeculorum.
1471 1077 1665 1134 Amen.

1038 1252 1291 1308 ORATIO
1337 1250 1425 1308 IV.

529 1347 615 1413 79,
644 1345 730 1402 80.
778 1345 877 1413 Qui
914 1360 1018 1399 non
1066 1344 1312 1399 tacituris
1368 1344 1617 1400 laudibus
1649 1354 1704 1401 et
1736 1361 2015 1417 nunquam

455 1440 687 1495 ﬁnienda
736 1439 1128 1508 gloriﬁcatione
1167 1455 1194 1491 a
1229 1437 1433 1493 sanetis
1454 1439 1745 1494 virtutibus
1774 1440 2019 1496 celebra-

452 1535 566 1599 ris;
604 1533 764 1602 imple
800 1547 863 1588 os
923 1541 1162 1586 nostrum
1199 1530 1354 1585 laude
1410 1539 1500 1585 tua
1524 1570 1540 1596 ,
1574 1540 1633 1586 ut
1667 1532 1866 1586 nomini
1926 1543 2018 1587 tuo

454 1636 648 1682 sancto
685 1626 971 1680 reddamus
1002 1622 1456 1693 magniﬁcentiam
1496 1637 1510 1672 :
1541 1631 1739 1677 etcum
1768 1623 2019 1677 omnibus

453 1720 545 1789 qui
576 1729 628 1774 te
651 1720 702 1774 in
732 1719 958 1773 veritate
990 1719 1203 1782 timent,
1223 1726 1279 1771 et
1308 1715 1559 1769 mandata
1594 1725 1683 1769 tua
1706 1714 2015 1778 observant,

2117 617 2269 686 ἡμῖν,
2304 615 2497 687 Κύριε,
2528 617 2706 671 πάντα
2734 616 2803 670 τὰ
2833 615 2970 688 πρὸς
2992 613 3264 685 σωτηρίαν
3287 614 3694 685 αἰτήματαραὶ

2118 706 2353 773 ἀξίωσον
2385 710 2532 779 ἡμᾶς
2563 709 2783 778 ἀγαπᾷν
2824 708 2919 763 καὶ
2955 706 3237 777 φοϐεῖσθαί
3271 723 3330 759 σε
3361 706 3419 773 ἐξ
3452 705 3694 778 ὅληςιτῆς

2118 801 2343 871 καρδίας
2372 801 2552 873 ἡμῶν,
2603 803 2698 856 καὶ
2744 804 2917 855 ποιεῖν
2953 803 3012 854 ἐν
3040 801 3175 854 πᾶσι
3216 799 3278 852 τὸ
3322 797 3534 869 θέλημά
3570 814 3687 852 σου.

2121 894 2242 946 Ὀτι
2281 893 2484 963 ἀγαθὸς
2505 893 2600 947 καὶ
2631 892 3010 966 φιλάνθρωπος
3023 891 3155 954 Θεὸς
3175 890 3460 961 ὑπάρχεις,
3494 888 3591 944 καί
3610 904 3693 942 σοι

2119 982 2219 1054 τὴν
2250 983 2409 1048 δόξαν
2440 983 2859 1055 ἀναπέμπομεν,
2884 983 2963 1054 τῷ
2995 982 3194 1054 Πατρί,
3219 983 3313 1035 καὶ
3344 981 3422 1052 τῷ
3442 979 3574 1050 Υἰῷ,
3599 979 3696 1035 καὶ

2121 1073 2198 1144 τῷ
2224 1074 2360 1143 άγίῳ
2386 1072 2685 1145 Πνεύματι,
2729 1073 2823 1127 νῦν
2854 1073 2949 1127 καὶ
2973 1074 3080 1136 ἀεὶ,
3115 1073 3206 1126 καὶ
3240 1073 3318 1135 εἰς
3337 1072 3464 1134 τοὺς
3486 1068 3687 1135 αἰῶνας

2122 1165 2227 1219 τῶν
2258 1165 2488 1228 αἰώνων,
2516 1164 2711 1237 Ἀμήν.

2762 1256 2954 1310 ΕΥΧΗ
2976 1258 3051 1311 Δ’.

2204 1348 2264 1400 ’0
2314 1347 2429 1411 τοῖς
2474 1345 2756 1418 άσιγήτοις
2784 1346 2975 1418 ὕμνοις
3009 1343 3104 1399 καί
3149 1342 3445 1406 ἀπαύστοις
3484 1342 3694 1409 δοξολο-

2116 1439 2270 1508 γίαις
2302 1437 2406 1492 ὑπὸ
2430 1437 2540 1491 τῶν
2569 1438 2739 1507 ἁγίων
2786 1438 3069 1508 δυνάμεων
3095 1435 3520 1507 ἀνυμνούμενος,
3555 1434 3693 1506 πλή-

2128 1550 2297 1604 ρωσον
2324 1532 2387 1586 τὸ
2416 1533 2591 1604 στόμα
2630 1532 2788 1604 ἡμῶν
2814 1532 2913 1603 τῆς
2947 1529 3207 1595 αἰνέσεως
3236 1547 3358 1593 σου,
3382 1527 3476 1581 τοῦ
3513 1527 3694 1582 δοῦναι

2127 1622 2502 1694 μεγαλοσύνην
2546 1622 2625 1693 τῷ
2650 1623 2875 1693 ὀνόματί
2934 1641 3026 1678 σου
3056 1621 3133 1693 τῷ
3156 1623 3311 1693 ἁγίῳ·
3342 1619 3436 1673 καὶ
3456 1619 3541 1682 δὸς
3564 1619 3696 1689 ἡμῖν

2129 1714 2323 1786 μερίδα
2341 1716 2434 1767 καί⁵
2466 1714 2667 1785 κλῆρον
2694 1715 2832 1786 μετά
2867 1715 3083 1769 πάντων
3116 1713 3222 1767 τῶν
3250 1710 3596 1782 φοϐουμένων
3632 1724 3697 1762 σι

454 1820 660 1881 partem
687 1820 739 1866 et
777 1819 977 1865 sortem
1011 1809 1165 1863 nobis
1202 1804 1513 1877 impertire,
1541 1807 1793 1874 precibus
1815 1817 2019 1862 sancta:

2130 1808 2183 1859 ὲν
2204 1804 2449 1877 ἀληθείᾳ,
2485 1806 2579 1857 καὶ
2618 1803 2997 1872 φυλασσόντων
3022 1803 3124 1865 τάς
3158 1802 3374 1865 ἐντολάς
3425 1817 3538 1862 σου,
3564 1815 3697 1869 πρε-

458 1902 699 1971 Dciparae
737 1909 791 1957 et
815 1900 1055 1955 omnium
1105 1910 1418 1954 sanctorum
1459 1909 1695 1954 tuorum.
1729 1899 1864 1965 Quia
1894 1916 2021 1955 con-

2130 1873 2332 1963 σόείαις
2381 1873 2483 1969 τῆς
2526 1897 2687 1966 ἁγίας
2715 1896 2977 1949 Θεοτόκου
3015 1895 3110 1949 καὶ
3138 1893 3355 1948 πάντων
3388 1890 3494 1945 τῶν
3525 1890 3697 1959 ἁγίων

453 1991 603 2045 venit
627 1989 723 2045 tibi
748 1990 929 2045 omnis
955 1989 1147 2060 gloria,
1177 1990 1351 2044 honor
1382 1998 1437 2044 et
1477 1990 1744 2054 adoratio,
1772 1989 1941 2057 Patri,
1968 2000 2022 2043 et

459 2081 617 2145 Filio,
648 2090 706 2137 et
733 2090 921 2137 sancto
958 2081 1206 2151 Spiritui,
1229 2097 1373 2137 nunc
1404 2092 1459 2137 et
1486 2097 1719 2152 semper,
1746 2093 1800 2138 et
1836 2083 1889 2137 in
1929 2101 2025 2137 sa:-

456 2174 576 2227 cula
605 2173 942 2228 saeculorum.
974 2171 1167 2227 Amen.

1062 2341 1324 2403 ORATIO
1352 2346 1416 2402 V.

531 2437 625 2491 8t.
697 2436 959 2501 Domine,
1013 2436 1262 2507 Domine,
1330 2439 1423 2508 qui
1483 2438 1681 2493 illibata
1729 2448 1818 2495 tua
1859 2456 2021 2496 manu

457 2530 709 2584 contines
734 2530 939 2594 omnia,
974 2529 1067 2599 qui
1106 2529 1433 2600 Iongauimis
1462 2545 1521 2585 es
1550 2546 1713 2600 super
1760 2546 1860 2588 nos
1908 2548 2025 2587 om-

460 2637 576 2688 nes,
605 2630 659 2676 et
692 2620 782 2690 qui
808 2634 971 2690 super
1007 2622 1212 2677 nostris
1260 2621 1409 2677 vitiis
1440 2623 1815 2689 paenitentiam
1869 2627 2019 2695 agis;

460 2712 812 2765 reminiscere
871 2711 1276 2766 miserationum
1315 2721 1528 2765 tuarum
1559 2722 1612 2767 et
1640 2714 2025 2770 misericordiae

461 2815 591 2871 tum;
623 2804 833 2872 respice
859 2819 956 2859 nos
984 2805 1037 2859 in
1072 2804 1316 2860 bonitate
1361 2813 1473 2872 tua,
1498 2814 1553 2860 et
1578 2807 1834 2871 concede,
1876 2814 1934 2861 ut
1973 2817 2027 2861 et

460 2898 668 2966 reliquo
691 2897 848 2964 hujus
886 2897 990 2953 diei
1018 2906 1258 2968 tempore
1282 2898 1463 2951 varias
1502 2897 1723 2968 maligni
1747 2900 2021 2953 machina-

460 2988 639 3042 tiones
668 2987 905 3057 eII‘ugere
935 2999 1024 3042 tua
1056 2989 1229 3057 gratia
1260 2987 1558 3042 valeamus.
1603 2986 1829 3042 Custodi
1858 2990 2024 3041 vitam

462 3086 702 3133 nostram
760 3078 829 3131 ab
859 3077 1073 3132 insidiis
1102 3076 1347 3142 liberam,
1381 3077 1553 3142 gratia
1587 3076 1916 3131 sanctissimi
1951 3078 2024 3131 tui

2122 2008 2237 2044 σου.
2271 1991 2393 2043 Ὅτι
2428 1989 2629 2061 πρέπει
2652 2006 2734 2041 σοι
2768 1990 2917 2041 πᾶσα
2945 1987 3091 2054 δόξα,
3124 1986 3262 2059 τιμὴ
3287 1985 3378 2038 καὶ
3397 1981 3699 2056 προσκύνη-

2124 2097 2227 2142 σις,
2261 2078 2338 2149 τῷ
2375 2079 2572 2149 Πατρὶ,
2609 2079 2704 2132 καὶ
2734 2077 2811 2149 τῷ
2842 2077 2976 2147 Υἱῷ,
3007 2078 3100 2131 καὶ
3121 2076 3197 2147 τῷ
3231 2076 3368 2147 ἁγίῳ
3395 2075 3691 2146 Πνεύματι,

2121 2171 2225 2239 νῦν,
2274 2172 2367 2225 καὶ
2426 2171 2533 2234 ἀεὶ,
2597 2171 2689 2223 καὶ
2743 2172 2823 2232 εἰς
2871 2170 2996 2232 τοὺς
3053 2169 3255 2232 αἰῶνας
3304 2168 3412 2221 τῶν
3465 2165 3692 2225 αἰώνων.

2135 2263 2192 2314 Ἀ
2201 2263 2325 2334 μὴν.

2753 2352 2943 2405 ΕΥΧΗ
2975 2352 3053 2405 Ε’.

2191 2448 2383 2518 Κύριε,
2428 2445 2621 2518 Κύριε,
2655 2448 2683 2499 6
2704 2448 2770 2516 τῇ
2793 2445 3046 2516 ἀχράντῳ
3069 2460 3162 2496 σου
3196 2442 3420 2514 παλάμῃ
3461 2442 3696 2513 συνέχων

2123 2541 2190 2594 τά
2228 2542 2538 2611 σύμπαντα,
2592 2536 2963 2609 μακροθυμῶν
3016 2535 3108 2588 ἐπὶ
3150 2535 3355 2596 πάντας
3401 2536 3568 2605 ἡμᾶς,
3603 2533 3697 2586 καὶ

2128 2631 2404 2703 μετανοῶν
2444 2632 2537 2685 ἐπὶ
2589 2633 2709 2694 ταῖς
2735 2629 2955 2692 κακίαις
2980 2626 3157 2700 ἡμῶν,
3187 2627 3451 2697 μνήσθητι
3489 2625 3596 2679 τῶν
3615 2627 3695 2679 οἰ-

2125 2723 2371 2795 κτιρμῶν
2404 2739 2495 2776 σου
2530 2720 2737 2774 καὶτοῦ
2774 2720 2956 2783 ἐλέους
2988 2735 3101 2772 σου·
3143 2717 3434 2786 ἐπίσκεψαι
3472 2717 3615 2788 ἡμᾶς
3638 2717 3697 2771 ὲν

2124 2818 2191 2886 τῇ
2226 2814 2524 2885 ἀγαθότητί
2572 2830 2689 2875 σου,
2736 2813 2831 2866 καὶ
2862 2811 2951 2874 δὸς
2996 2811 3127 2880 ἡμῖν
3181 2809 3463 2878 διαφυγεῖν
3499 2808 3593 2862 καὶ
3634 2808 3697 2893 τὸ

2125 2907 2308 2961 λοιπὸν
2334 2906 2435 2975 τῆς
2461 2906 2741 2977 παρούσης
2758 2903 2970 2975 ἡμέρας
2995 2905 3061 2973 τῇ
3092 2905 3158 2973 σῇ
3188 2902 3370 2972 χάριτι
3402 2903 3465 2953 ἐκ
3481 2899 3584 2951 τῶν
3600 2897 3696 2951 τοῦ

2127 2997 2362 3070 πονηροῦ
2416 2997 2675 3052 ποικίλων
2726 2995 3156 3067 μηχανημάτων.
3224 2991 3697 3047 Ἀνεπιῦούλευτον

2126 3090 2224 3161 τὴν
2251 3089 2393 3159 ζωὴν
2429 3088 2585 3160 ἡμῶν
2608 3087 2931 3157 διαφύλαξον
2968 3089 3034 3158 τῇ
3074 3087 3254 3156 χάριτι
3288 3084 3379 3137 τοῦ
3426 3083 3697 3151 παναγίον

462 3169 726 3236 Spiritus,
760 3168 1134 3223 misericordia
1174 3178 1230 3223 et
1264 3167 1599 3236 benignitate
1630 3169 1893 3238 uuigeniti
1949 3170 2024 3223 tui

2132 3197 2226 3234 σου
2273 3180 2610 3251 Πνεύματος,
2642 3180 2782 3233 ἐλέει
2818 3180 2912 3232 καὶ
2942 3176 3320 3248 φιλανθρωπία
3345 3173 3438 3227 τοῦ
3473 3189 3697 3244 μονογε-

460 3259 610 3324 Filii,
639 3274 760 3313 cum
788 3274 896 3328 quo
924 3260 1239 3315 benedictus
1284 3273 1342 3313 es
1368 3298 1384 3323 ,
1422 3273 1546 3313 cum
1581 3259 1927 3316 sanctissimo
1973 3271 2029 3315 et

2131 3272 2255 3335 νοῦς
2288 3289 2383 3325 σου
2415 3271 2569 3333 Υἰοῦ,
2597 3270 2716 3343 μεθ’
2737 3264 2799 3324 οὗ
2828 3270 3120 3340 εὐλογητὸς
3149 3264 3199 3321 εἷ
3224 3268 3319 3321 σὺν
3343 3265 3420 3337 τῷ
3452 3267 3700 3336 παναγίῳ

460 3351 605 3405 bono
635 3358 688 3405 et
709 3350 923 3406 viviﬁco
951 3361 1041 3406 tuo
1069 3350 1293 3419 Spiritu,
1327 3365 1471 3405 nunc
1493 3358 1549 3406 et
1588 3364 1802 3420 semper
1856 3361 1912 3404 et
1972 3350 2027 3406 in

460 3441 657 3497 saecula
691 3441 1032 3500 saeculorum.
1065 3445 1254 3498 Amen.

1060 3532 1318 3590 ORATIO
1348 3531 1437 3590 VI.

534 3626 623 3683 82.
681 3627 822 3683 Deus
870 3643 1062 3699 magne
1104 3638 1159 3684 et
1210 3630 1583 3697 admirabilis,
1625 3632 1720 3701 qui
1771 3628 2029 3686 ineﬁ‘abili

464 3719 709 3780 bonitate
736 3730 790 3776 et
828 3721 1137 3776 abundante
1170 3722 1509 3790 providentia
1555 3734 1750 3781 cuncta
1796 3724 2032 3779 admini-

466 3822 648 3880 stras;
698 3813 788 3882 qui
819 3813 959 3870 datis
1007 3816 1161 3871 nobis
1208 3815 1367 3887 hujus
1401 3816 1587 3871 mundi
1627 3816 1785 3872 bonis
1813 3855 1829 3879 ,
1867 3815 2032 3871 etiam

468 3904 793 3977 promissum
826 3919 1052 3975 regnum
1083 3907 1239 3961 nobis
1277 3908 1657 3973 obstrinxisti;
1690 3909 1781 3979 qui
1812 3918 2036 3977 praeter-

469 3994 544 4051 ila
587 3993 690 4047 diei
718 4002 870 4062 parte
898 4010 996 4065 per
1021 4010 1277 4052 concessa
1310 3999 1448 4053 bona
1479 4015 1579 4054 nos
1609 4000 1879 4056 deduxisti
1918 4018 1933 4058 :
1967 4003 2035 4056 da

471 4083 627 4137 nobis
664 4094 720 4138 ut
753 4087 1023 4141 residuam
1050 4103 1265 4158 quoque
1296 4102 1506 4158 partem
1543 4091 1818 4161 inculpate
1851 4108 2034 4149 coram

472 4187 660 4231 sancta
685 4179 855 4248 gloria
883 4188 972 4234 tua
1019 4182 1321 4251 transigere
1352 4182 1638 4251 possimus,
1666 4194 1722 4239 et
1777 4194 1830 4240 te
1861 4184 2034 4240 solum

471 4269 672 4323 bonum
729 4280 785 4326 et
844 4272 1132 4344 benignum
1174 4273 1343 4328 Deum
1401 4286 1646 4330 nostrum
1706 4276 2032 4334 collaudare.

473 4362 610 4429 Quia
641 4373 694 4417 tu
718 4378 778 4418 es
810 4365 952 4420 Deus
1001 4373 1216 4431 noster,
1240 4376 1295 4420 et
1326 4367 1422 4422 tibi
1454 4368 1681 4437 gloriam
1729 4368 2035 4435 referimus,

472 4454 644 4524 Patri,
671 4466 725 4510 et
752 4456 909 4523 Filio,
941 4467 993 4514 et
1026 4470 1218 4515 sancto
1249 4460 1500 4529 Spiritui,
1525 4476 1689 4530 nunc,
1719 4470 1776 4518 et
1795 4475 2033 4533 semper,

470 4557 525 4602 et
557 4548 610 4603 in
640 4549 834 4607 saecula
854 4550 1193 4606 saeculorum.
1228 4553 1421 4607 Amen.
1442 4548 1463 4570 ³

1055 4730 1311 4786 ORATIO
1344 4730 1448 4785 VII.

546 4818 633 4887 8'5,
668 4819 756 4874 84.
791 4821 932 4875 Deus
967 4837 1159 4891 magne
1202 4835 1258 4877 et
1287 4825 1520 4885 excelse,
1554 4826 1645 4896 qui
1682 4825 1830 4882 solus
1872 4827 2041 4882 habes

468 4910 975 4991 immortalitatem;
1030 4915 1121 4983 qui
1174 4914 1344 4970 lucem
1402 4917 1616 4973 habitas
1667 4917 2038 4985 inaccessam;

476 5001 569 5069 qui
599 5011 906 5058 creaturam
945 5020 1160 5061 omnem
1197 5007 1250 5060 in
1274 5008 1540 5075 sapientia
1579 5009 1909 5075 condidisti;
1950 5009 2039 5078 qui

477 5090 709 5145 divisisti
740 5091 912 5149 lucem
935 5109 962 5146 a
992 5095 1231 5149 tenebris
1256 5110 1271 5161 ;
1297 5097 1390 5165 qui
1421 5088 1754 5153 constituisti
1781 5099 1950 5154 solem
1983 5109 2043 5152 ut

479 5192 743 5254 praeesset
777 5185 903 5248 diei,
937 5183 1119 5239 lunam
1169 5201 1299 5242 vero
1328 5204 1393 5243 ac
1425 5188 1611 5245 stellas
1638 5200 1699 5244 ut
1751 5201 2045 5261 praeessent

482 5278 662 5342 nocti;
696 5277 786 5346 qui
826 5292 925 5331 nos
949 5288 1262 5346 peccatores
1288 5291 1340 5335 et
1371 5280 1472 5335 hac
1512 5280 1643 5336 hora
1669 5297 2047 5351 praeoccupare

479 5367 675 5424 faciem
720 5377 865 5421 tuam
919 5368 972 5422 in
1027 5370 1409 5437 confessione,
1455 5382 1509 5428 et
1557 5374 1898 5443 vespertinas
1950 5375 2044 5429 tibi

482 5459 665 5515 Iaudes
692 5457 890 5516 oﬂ‘erre
926 5459 1181 5527 voluisti;
1222 5461 1339 5532 ipse
1370 5464 1602 5534 benigne
1653 5464 1820 5534 dirige
1843 5465 2046 5518 oratio-

481 5565 604 5603 nem
633 5560 896 5613 nostram,
928 5551 1072 5606 sicut
1104 5552 1387 5607 incensum
1425 5554 1477 5607 in
1508 5564 1803 5623 conspectu
1846 5563 1959 5620 tuo,
1994 5565 2048 5609 et

482 5657 603 5696 eam
641 5643 696 5697 in
718 5644 939 5699 odorem
977 5645 1268 5701 suavitatis
1313 5627 1562 5702 admitte.
1599 5647 1703 5703 Sed
1730 5657 1783 5701 ct
1811 5662 2048 5716 prmsen-

484 5743 592 5787 tem
625 5747 904 5801 vesperam
932 5745 988 5789 et
1033 5744 1347 5803 sequentem
1406 5747 1618 5791 noctem
1668 5739 1825 5794 nobis
1875 5739 2052 5793 tribue

483 5823 787 5891 paciﬁcatio.
816 5823 974 5882 Lucis
1006 5827 1172 5883 anuis
1214 5827 1377 5884 indue
1408 5843 1526 5884 nos.
1566 5827 1758 5885 Libera
1781 5845 1881 5887 nos
1914 5846 1941 5886 a
1980 5832 2051 5886 ti-

2129 3362 2224 3416 καὶ
2247 3362 2435 3432 ἀγαθῷ
2464 3363 2556 3415 καὶ
2608 3362 2855 3432 ζωοποιῷ
2888 3378 2979 3415 σου
3004 3361 3300 3430 Πνεύματι,
3346 3356 3441 3411 νῦν
3473 3356 3568 3413 καὶ
3589 3356 3698 3421 ἀεὶ,

2131 3456 2224 3507 καὶ
2258 3455 2338 3517 εἰς
2364 3454 2491 3518 τοὺς
2511 3453 2714 3519 αἰῶνας
2732 3453 2838 3507 τῶν
2862 3452 3094 3508 αἰώνων.
3128 3452 3323 3522 Ἀμήν.

2756 3547 2945 3600 smn
2974 3548 3066 3612 ς’.

2212 3640 2270 3691 'O
2319 3635 2448 3699 Θεὸς
2497 3636 2668 3707 μέγας
2721 3636 2814 3690 καὶ
2871 3634 3178 3706 θαυμαστὸς
3201 3672 3216 3697 ,
3256 3635 3284 3686 6
3330 3631 3705 3704 ἀνεκδιηγήτῳ

2131 3728 2456 3800 ἀγαθωσύνῃ
2488 3730 2582 3783 καὶ
2614 3728 2844 3800 πλουσίᾳ
2870 3727 3096 3798 προνοίᾳ
3117 3726 3332 3780 διοικῶν
3354 3726 3423 3779 τά
3456 3725 3703 3796 σύμπαν-

2132 3839 2220 3885 τα,
2243 3824 2271 3875 6
2290 3823 2383 3875 καὶ
2404 3821 2474 3874 τὰ
2504 3822 2775 3891 ἐγκόσμια
2808 3821 2989 3889 ἀγαθά
3021 3822 3153 3891 ἡμῖν
3178 3818 3582 3890 δωρησάμενος,
3607 3819 3703 3871 καὶ

2134 3914 2521 3984 κατεγγυήσας
2547 3915 2680 3984 ἡμῖν
2709 3911 2807 3984 τὴν
2841 3912 3255 3984 ἐπηγγελμένην
3292 3910 3585 3982 βασιλείαν·
3614 3912 3702 3964 διά

2134 4006 2233 4074 τῆς
2266 4004 2368 4076 ἤδη
2401 4004 2813 4076 κεχαρισμένων
2837 4003 3057 4072 ἀγαθῶν
3078 4002 3397 4074 ὁδοποιήσας
3437 4003 3588 4073 ἡμῖν,
3608 4003 3704 4056 καὶ

2135 4096 2235 4164 τῆς
2260 4096 2475 4166 ἡμέρας
2496 4096 2556 4149 τὸ
2600 4096 2866 4167 παρελθὸν
2910 4095 3071 4167 μέρος
3107 4095 3215 4148 ἀπὸ
3239 4094 3438 4157 παντὸς
3463 4093 3703 4147 ἐκκλῖναι

2137 4180 2329 4234 κακοῦ·
2385 4181 2628 4253 δὼρησαι
2660 4186 2794 4254 ἡμῖν
2829 4182 2925 4237 καὶ
2961 4183 3024 4236 τὸ
3074 4183 3364 4237 ὑπόλοιπον
3404 4184 3705 4254 ἀμέμπτως

2138 4269 2418 4327 ἐκτελέσαι
2442 4271 2669 4326 ἐνώπιον
2696 4275 2793 4344 τῆς
2816 4272 2975 4342 ἁγίας
2997 4272 3153 4343 δόξης
3176 4289 3289 4336 σου,
3329 4274 3515 4345 ὑμνεῖν
3544 4290 3600 4326 σε
3613 4273 3704 4327 τὸν

2142 4366 2300 4436 μόνον
2349 4364 2552 4434 ἀγαθὸν
2580 4365 2675 4418 καὶ
2718 4365 3097 4437 φιλάνθρωπον
3129 4365 3259 4419 Θεὸν
3286 4364 3463 4435 ἡμῶν.
3490 4366 3609 4419 ’Ὁτι
3640 4367 3704 4418 σὺ

2139 4453 2192 4509 εἴ
2231 4460 2261 4511 6
2288 4457 2420 4519 Θεὸς
2437 4455 2610 4528 ἡμῶν,
2636 4457 2730 4509 καὶ
2761 4458 2845 4509 σοὶ
2871 4458 2971 4528 τὴν
3003 4456 3157 4524 δόξαν
3194 4457 3605 4527 άναπέμπομεν,
3629 4456 3706 4526 τῷ

2061 4573 2113 4633 D
2138 4551 2334 4622 Πατρὶ,
2366 4551 2462 4604 καί¹
2480 4549 2560 4620 τῷ
2593 4549 2728 4619 Υἱῷ,
2764 4550 2858 4604 καὶ
2885 4550 2964 4621 τῷ
2997 4550 3136 4621 ἁγίῳ
3156 4549 3454 4620 Πνεύματι,
3484 4549 3578 4602 νῦν
3612 4551 3707 4602 καὶ

2138 4641 2246 4706 ἀεὶ,
2274 4634 2370 4694 καὶ
2397 4642 2477 4705 εἰς
2506 4642 2632 4704 τοὺς
2657 4641 2858 4705 αἰῶνας
2880 4640 2985 4695 τῶν
3010 4639 3240 4694 αἰώνων.
3273 4642 3465 4711 Ἀμήν.

2770 4733 2960 4786 ΕΥΧΗ
3005 4734 3079 4787 Ζ’.

2221 4821 2280 4874 ὐ
2317 4819 2448 4884 Θεὸς
2480 4821 2652 4892 μέγας
2675 4821 2768 4874 καὶ
2803 4820 3047 4891 ⁴ὤψιστος,
3073 4821 3102 4873 6
3135 4820 3291 4892 μόνος
3330 4819 3468 4890 ἔχων
3511 4821 3712 4874 ἀοανα-

2143 4912 2283 4975 σίαν,
2316 4912 2431 4981 φῶς
2462 4915 2627 4966 οἰκῶν
2654 4912 2967 4983 ἀπρόσιτον,
3013 4915 3042 4966 6
3074 4914 3255 4966 πᾶσαν
3298 4912 3396 4984 τὴν
3428 4912 3603 4965 κτίσιν
3652 4914 3712 4964 ἐν

2144 5006 2305 5076 σοφίᾳ
2326 5006 2753 5077 δημιουργήσας,
2781 5006 2809 5056 6
2837 5002 3165 5075 διαχωρίσας
3184 5004 3454 5073 ἀναμέσον
3474 5002 3569 5057 τοῦ
3598 5020 3710 5071 φω-

2141 5098 2232 5161 τὸς
2253 5100 2349 5151 καὶ
2378 5097 2648 5168 ἀναμέσον
2666 5096 2761 5151 τοῦ
2792 5097 3037 5160 σκότους,
3061 5097 3155 5151 καὶ
3192 5096 3283 5148 τὸν
3304 5096 3455 5164 ἥλιον
3489 5093 3712 5163 Θέμενος

2143 5190 2223 5251 εἰς
2248 5186 2495 5253 ἐξουσίαν
2526 5188 2626 5257 τῆς
2647 5187 2879 5259 ἡμέρας,
2916 5185 3144 5257 σελήνην
3170 5187 3228 5240 δὲ
3256 5185 3351 5239 καὶ
3380 5184 3615 5255 ἀστέρας
3635 5185 3713 5247 είς

2146 5279 2393 5345 ἐξουσίαν
2421 5281 2519 5350 τῆς
2546 5280 2760 5345 νυκτὸς,
2786 5281 2815 5333 6
2837 5278 3179 5344 καταξιώσας
3220 5280 3367 5349 ἡμᾶς
3386 5278 3510 5340 τοὺς
3537 5278 3713 5347 ἀμαρο

2146 5373 2348 5436 τωλοὺς
2378 5373 2472 5425 καὶ¹
2515 5372 2608 5425 ἐπὶ
2651 5374 2752 5442 τῆς
2791 5370 3070 5441 παρούσης
3117 5370 3264 5440 ὥρας
3300 5368 3609 5440 προφθάσαι
3650 5365 3713 5418 τὸ

2149 5465 2438 5536 πρόσωπόν
2475 5482 2568 5518 σου
2621 5466 2678 5516 ἐν
2722 5463 3124 5535 ἐξομολογήσει,
3156 5463 3250 5517 καὶ
3277 5462 3375 5532 τὴν
3424 5459 3714 5531 ἐσπερινήν

2151 5572 2232 5609 σοι
2255 5555 2559 5622 δοξολογίαν
2586 5557 2970 5625 προσαγαγεῖν·
3002 5554 3182 5615 αὐτὸς,
3202 5552 3567 5622 φιλάνθρωπε,
3587 5566 3718 5603 κατ-

2150 5649 2368 5703 εύθυνον
2409 5650 2505 5719 τὴν
2537 5648 2842 5719 προσευχὴν
2900 5647 3056 5718 ἡμῶν
3092 5646 3166 5708 ὡς
3198 5644 3446 5715 θυμίαμα
3492 5641 3717 5697 ἐνώπιόν

2155 5756 2270 5801 σου,
2307 5740 2400 5793 καὶ
2438 5738 2726 5811 πρόσδεξαι
2757 5738 2927 5809 αὐτὴν
2944 5740 3025 5801 εἰς
3058 5737 3233 5808 ὀσμὴν
3255 5736 3498 5798 εὐωδίας·
3538 5733 3715 5805 παρά-

2160 5848 2286 5901 σχου
2304 5830 2357 5884 δέ
2395 5832 2524 5901 ἡμῖν
2554 5832 2649 5900 τὴν
2676 5827 2958 5901 παροῦσαν
2976 5830 3212 5901 ἑσπέραν
3234 5829 3326 5882 καὶ
3348 5828 3445 5899 τὴν
3462 5825 3716 5883 ἐπιοῦσαν
