4076 6226
497 406 658 448 cccxx
672 411 694 446 κ
706 403 758 446 γι
1881 384 2408 441 PROLEGOMENA.

503 521 588 560 tua
639 515 722 560 est
769 501 1028 572 pOIettlia,
1067 509 1122 553 et
1163 509 1311 552 tuum
1344 507 1430 552 est
1462 513 1687 568 regnum
1728 506 1781 553 et
1809 499 1982 553 virtus
2010 504 2113 559 et}

2167 499 2200 567 ἡ
2244 497 2489 568 βασιλεία
2534 497 2628 551 καὶ
2675 499 2706 566 ἠ
2745 494 2994 566 δύναμις,
3029 494 3124 548 καὶ
3163 494 3196 564 ἠ
3233 492 3359 557 δόξα
3382 491 3476 545 τοῦ
3511 492 3753 564 Πατρδς,

503 597 668 667 gloria
726 594 917 656 Patris,
972 601 1026 646 et
1082 590 1242 655 Filii,
1293 597 1347 644 et
1408 588 1644 658 Spiritus
1709 591 1902 645 sancti.
1965 589 2062 644 Ch.

2175 589 2268 640 καὶ
2296 588 2389 640 τοῦ
2421 587 2572 653 Υἰοῦ,
2592 587 2685 640 καὶ
2714 587 2805 638 τοῦ
2834 586 2986 652 ἁγίου
3031 583 3367 652 Πνεύματος,
3400 577 3492 636 νῦν
3517 583 3609 635 καὶ
3638 583 3752 648 ἀεὶ,

501 687 694 740 Amen.
2174 678 2266 730 καὶ
2321 679 2399 740 εἰς
2441 677 2563 740 τοὺς
2608 675 2810 739 αἰῶνας
2853 674 2960 727 τῶν
2999 673 3227 728 αἰώνων.
3277 675 3334 725 '0
3364 689 3480 742 χορ.
3551 673 3751 742 Ἀμήν.

574 773 740 826 Solita
790 772 1116 840 psalmorum
1154 769 1468 825 recitatione
1508 769 1618 837 jam
1669 769 1935 833 absoluta,
1980 769 2069 822 dc-

2257 769 2312 820 Ὀ
2348 766 2404 819 δὲ
2428 766 2646 837 ταχθεὶς
2683 764 2910 836 μοναχὸς
2938 764 3274 834 κανονάρχης
3319 763 3456 834 μετά
3483 763 3579 834 τὴν
3614 781 3756 834 συμ-

502 863 749 930 signatus
778 863 1075 914 monachus
1097 845 1465 922 canonarcha,
1499 871 1681 914 tonum
1731 857 1973 929 suggerit
2015 869 2071 914 et

2179 858 2460 929 πλήρωσιν
2487 859 2582 927 τῆς
2614 856 2876 926 συνήθως
2931 855 3261 925 στιχολογίας
3293 853 3438 922 λέγει
3481 853 3568 905 τὸν
3593 849 3749 923 ἦχον,

503 952 782 1020 psallimus
833 953 1074 1013 Domine,
1126 951 1377 1018 clamavi,
1422 950 1572 1018 juxta
1632 961 1816 1004 tonum
1883 951 1936 1002 in
1971 965 2069 1004 oc—

2180 951 2274 1003 καὶ
2318 949 2609 1018 ψάλλομεν,
2652 949 2860 1017 Κύριε,
2910 946 3201 1016 ἐκέκραξα,
3264 948 3341 1009 εἰς
3387 944 3477 998 τὸν
3522 946 3754 1014 τυχόντα

505 1044 694 1098 toccho
714 1056 1085 1098 occurrentem
1119 1068 1133 1083 -

2185 1036 2318 1110 ἦχον
2342 1041 2439 1110 τῆς
2466 1040 2767 1109 όκτωήχου.

592 1156 678 1208 89.
710 1154 893 1208 Coum.
917 1155 1167 1222 Suggeril
1193 1161 1370 1206 autem
1405 1154 1779 1222 canonarchcs
1809 1163 1994 1206 tonum
2022 1152 2172 1206 illum
2214 1163 2364 1206 stans
2395 1154 2445 1204 in
2487 1152 2662 1205 medio
2697 1150 2958 1216 ecclesim,
2993 1159 3052 1204 ut
3103 1164 3188 1204 me
3225 1150 3382 1204 docet
3436 1149 3753 1206 Philotheus

513 1227 819 1294 patriarcha
867 1221 1487 1293 Constantinopolitanus
1510 1225 1561 1277 in
1596 1221 1795 1277 Ordine
1823 1223 1964 1276 sacri
1993 1223 2302 1278 ministerii.

577 1335 824 1390 Posthaac
875 1335 1128 1389 sacerdos
1176 1333 1258 1386 vel
1307 1333 1569 1386 diaconus
1623 1331 1702 1400 (ut
1758 1331 1926 1386 moris
1959 1339 2063 1401 est,

2250 1346 2384 1404 Εἶτα
2430 1350 2600 1420 θυμιᾷ
2637 1352 2665 1402 ό
2713 1349 2910 1420 ἱερεὺς,
2960 1347 3286 1417 ῆδιάκονος,
3324 1350 3399 1412 ὼς
3447 1349 3566 1412 ἔθος
3611 1350 3749 1403 ἐστὶν

511 1429 634 1482 thus
659 1428 854 1492 adolet,
883 1439 1198 1482 consuetam
1229 1425 1492 1479 exhibens
1525 1425 1891 1479 reverentiam
1925 1424 2069 1476 anti—

2181 1440 2352 1493 ποιῶν
2401 1440 2499 1511 τὴν
2559 1438 2764 1509 συνήθη
2842 1436 3130 1508 μετάνοιαν
3191 1437 3270 1509 τῷ
3338 1438 3749 1508 καθηγουμένῳ.

511 1519 621 1573 stiti
654 1519 736 1572 vel
777 1518 976 1574 abbati.
1015 1517 1123 1571 Nos
1159 1531 1284 1572 vero
1320 1517 1612 1571 recitamus
1649 1515 1942 1571 versiculos
1973 1515 2070 1569 de-

2193 1531 2381 1600 Ἡμεῖς
2420 1531 2476 1583 δὲ
2518 1529 2752 1600 ἱστῶμεν
2786 1530 2998 1600 στίχους
3035 1535 3064 1580 ι’
3102 1530 3208 1583 ἀπὸ
3248 1530 3360 1594 τοῦ,
3398 1530 3658 1598 Ἐξάγαγε
3689 1533 3757 1584 ἐκ

511 1624 650 1674 cem,
679 1609 746 1662 ab
773 1609 921 1663 Educ
947 1622 976 1661 a
1005 1608 1272 1663 custodia.

838 1609 921 1663 luc
947 1622 976 1661 a
1005 1608 1272 1663 custodia.
2185 1602 2448 1671 φυλακῆς-

582 1719 670 1775 90.
700 1719 880 1776 Comt.
915 1721 1010 1775 Est
1061 1721 1148 1774 hic
1192 1721 1416 1775 ultimus
1447 1721 1743 1776 versiculus
1780 1720 1967 1788 psalmi
1998 1735 2153 1783 cui;
2182 1730 2240 1771 ut
2284 1733 2411 1784 ergo
2457 1719 2760 1788 habeantur
2798 1719 3046 1774 versiculi
3103 1721 3286 1773 decem
3316 1759 3331 1784 ,
3372 1719 3759 1774 continuantur

511 1799 704 1844 cantus
753 1806 848 1857 per
899 1807 1090 1843 novem
1146 1793 1350 1856 primos
1400 1792 1700 1844 versiculos
1756 1786 1947 1859 psalmi
1989 1790 2394 1859 sequentis.rAt
2443 1802 2612 1850 vero,
2646 1786 2791 1859 Ῐεειο
2851 1791 3013 1842 trium
3079 1792 3402 1852 doctorum,
3457 1807 3561 1842 non
3617 1791 3758 1842 reci.

514 1868 702 1912 tantur
747 1860 846 1913 nisi
876 1859 1125 1913 versiculi
1157 1872 1302 1922 octo,
1341 1857 1798 1923 quen‘mdmodum
1839 1860 2026 1912 videre
2069 1857 2152 1912 est
2199 1874 2261 1913 ex
2311 1858 2526 1909 Menaeis
2553 1896 2567 1920 ,
2609 1857 2696 1909 ubi
2733 1869 2785 1911 et
2841 1860 3092 1912 dicuntur
3125 1871 3246 1926 post
3281 1861 3398 1912 illos
3425 1860 3743 1922 versiculos,

511 1929 666 1995 psalli
700 1943 887 2001 versus
921 1929 1035 2001 sive
1081 1931 1319 2001 stichera
1356 1930 1686 2001 Prosomoea
1709 1941 1835 1982 tono
1873 1929 2035 2001 tertio
2067 1931 2121 1982 sil

2150 1942 2208 1982 ut
2365 1927 2704 2001 yevvaiov‘év
2737 1929 3202 2001 pdpructvrsdto
3230 1930 3490 2001 assignari
3549 1937 3755 2001 tantum

515 2007 766 2068 quatuor,
783 2000 1135 2068 sedidieenda
1177 2001 1284 2063 bis,
1315 2011 1374 2052 ut
1403 2003 1511 2052 sint
1535 2000 1691 2068 quasi
1723 2010 1866 2061 octo,
1898 2007 1958 2049 ut
1993 1999 2232 2053 indicant
2266 1995 2466 2068 Menam
2493 1995 3082 2068 subjicieudosingulis
3125 2000 3175 2051 in
3209 1995 3417 2068 rubrica
3444 2013 3627 2068 vocem
3652 1998 3758 2061 δίς,

515 2067 678 2139 «bis.
719 2087 738 2120 ι
767 2067 834 2139 _|_n
881 2067 1080 2138 Typico
1133 2078 1310 2139 autem
1365 2069 1505 2122 idem
1553 2065 1638 2124 ἐἰς
1693 2068 2009 2139 exprimitur
2040 2088 2052 2123 :
2081 2069 2125 2122 Ἐ

2150 2087 2169 2121 v
2202 2065 2376 2138 ταύτῃ
2406 2069 2472 2137 τῇ
2509 2069 2693 2137 ἡμέρᾳ
2721 2065 2967 2137 ἱστῶμεν
2991 2069 3222 2139 στιχηρά
3259 2067 3331 2138 η’,
3380 2067 3760 2139 δευτεροῦντες

511 2137 731 2208 αὐτῶν(
764 2137 876 2208 lloc
931 2139 1017 2189 die
1061 2138 1316 2208 cauimus
1343 2139 1642 2194 versiculos
1696 2149 1840 2206 octo,
1890 2137 2038 2204 ipsos
2104 2137 2466 2208 duplicantes,
2505 2157 2523 2188 ι
2561 2140 2767 2192 scilicet
2817 2141 3052 2191 sticltera
3080 2137 3200 2191 “illa
3246 2137 3480 2207 qhatuor
3525 2137 3644 2208 Qua:
3702 2141 3757 2192 iu

517 2206 731 2261 Menaeis
763 2206 1050 2270 habentur,
1085 2215 1142 2259 ut
1171 2207 1435 2276 sequitur.

584 2319 673 2375 9|.
747 2319 1110 2374 Instrumenta
1177 2322 1414 2390 gratim;
1489 2323 1722 2390 Spiritus
1793 2313 2160 2390 citharas;B

2152 2318 2160 2364 ἰ
2256 2324 2336 2378 Τὰ
2383 2324 2481 2393 τῆς
2520 2323 2742 2393 χάριτος
2774 2322 3001 2394 ὄργανα,
3033 2321 3132 2386 τὰς
3169 2321 3398 2394 κιθάρας
3446 2321 3538 2376 τοῦ
3587 2324 3762 2376 Πνεύ-

517 2413 758 2481 insignes
790 2411 1065 2480 Evangelii
1097 2412 1287 2466 tubas:
1317 2415 1610 2468 terrilicum
1642 2426 1697 2468 et
1728 2413 1894 2469 altum
1933 2431 2084 2470 reso-

2187 2432 2374 2486 ματος.
2407 2416 2506 2478 τὰς
2533 2415 2804 2486 εὐσήμους
2826 2415 3131 2482 σάλπιγγας
3154 2415 3248 2468 τοῦ
3268 2414 3639 2487 κηρύγματος,
3663 2418 3763 2479 τὰς

518 2505 703 2558 nantia
737 2505 790 2558 in
823 2505 958 2558 cmlo
991 2505 1248 2571 tonitrua,
1276 2507 1475 2576 Deique
1498 2509 1728 2576 gloriam
1757 2511 2082 2563 annuntian-

2185 2506 2412 2580 φοϐερὸν
2441 2508 2532 2560 καὶ
2561 2505 2886 2571 ἐξάκουστον
2917 2507 2977 2572 ἐξ
3023 2507 3190 2576 ὓψους
3231 2508 3471 2578 ὴχούσας
3510 2507 3759 2580 βροντὰς,

519 2596 591 2648 tia
621 2595 816 2648 linibns
845 2605 1030 2660 terrm;
1060 2611 1338 2665 praecones
1371 2597 1690 2667 trigeminos
1726 2614 1934 2668 magna:
1966 2600 2085 2654 Tri-

2185 2600 2278 2654 καὶ
2298 2601 2396 2670 τὴν
2423 2598 2578 2664 δόξαν
2607 2599 2698 2653 τοῦ
2715 2599 2848 2652 Θεοῦ
2871 2599 3241 2669 γνωριζούσας
3256 2603 3369 2664 τοῖς
3392 2601 3611 2671 πέρασιο
3634 2601 3762 2663 τοὺς

522 2687 730 2752 uitatis,
754 2685 1020 2741 Joannem
1053 2697 1106 2743 et
1131 2687 1394 2744 Basiliqu
1447 2703 1568 2744 cum
1610 2687 1877 2762 Gregorio
1925 2693 2085 2762 digne

2183 2691 2332 2760 τρεῖς
2362 2689 2610 2759 κήρυκας
2640 2687 2740 2757 τῆς
2799 2686 3041 2758 μεγάλης
3088 2686 3335 2758 Τριάδος,
3386 2687 3637 2756 Ἰωάννην
3664 2687 3763 2739 καὶ

522 2776 867 2830 honoremus.
899 2777 1009 2832 Bis.

2187 2781 2462 2834 Βασίλειον
2520 2778 2684 2844 ἀξίως
2729 2780 2824 2832 σὺν
2866 2779 3148 2850 Γρηγορίῳ
3199 2779 3539 2849 τιμήσωμεν.
3583 2777 3693 2841 Δίς.

589 2867 677 2923 92.
729 2867 1016 2924 Trinitatis
1058 2880 1531 2940 propugnatores;
1578 2873 1796 2941 pietatis
1845 2871 2088 2927 defenso-

2253 2873 2362 2941 Τῆς
2403 2870 2629 2942 Τριάδος
2665 2870 2712 2923 οἰ
2766 2870 3058 2941 πρόμαχοι,
3095 2869 3373 2932 εὐσεϐείας
3405 2869 3455 2922 οἰ
3486 2867 3762 2938 πρόϐολοι,

521 2974 642 3026 res;
686 2969 808 3030 post
859 2960 979 3016 illos
1010 2962 1338 3028 duodecim,
1390 2972 1503 3018 tres
1549 2965 1810 3032 apostoli;
1864 2963 2084 3019 ﬁumina

2186 2964 2234 3016 οί
2271 2963 2409 3033 μετά
2441 2963 2566 3025 τοὺς
2600 2962 2806 3016 δώδεκα
2857 2964 3006 3034 τρεῖς
3057 2961 3363 3026 ἀπόστολοι,
3405 2962 3456 3014 οἱ
3490 2959 3549 3025 ἐξ
3604 2959 3766 3030 Ἐδὲμ

520 3065 715 3120 aquam
745 3051 922 3105 vivam
978 3053 1228 3107 vehentia
1273 3067 1340 3107 ex
1401 3054 1591 3120 Edem,
1622 3065 1677 3109 et
1706 3055 1897 3110 faciem
1929 3067 2088 3112 terra:

2187 3053 2573 3118 ἀναϐλύζοντες
2595 3055 2657 3106 τὸ
2689 3053 2796 3118 ζῶν
2825 3053 2968 3124 ὕδωρ
2993 3055 3248 3124 ποταμοὶ,
3271 3053 3365 3106 καὶ
3380 3053 3438 3105 τὸ
3471 3051 3765 3124 πρόσωπον

520 3143 702 3197 divino
729 3157 795 3198 ac
829 3143 1041 3198 viviﬁco
1082 3142 1225 3198 ﬂuxu
1263 3147 1534 3216 rigantia;
1571 3162 1762 3216 magna
1795 3147 2084 3213 elementa,

2185 3145 2286 3216 τῆς
2337 3146 2442 3215 γῆς
2467 3145 2797 3217 ζωηῤῥύτως
2842 3146 3149 3210 ποτίζοντες
3195 3144 3358 3208 Θείοις
3393 3143 3643 3216 ῥεύμασιο
3697 3141 3767 3195 τά

523 3233 680 3288 ﬁdem
730 3232 892 3288 veluti
952 3235 1188 3304 aliquam
1225 3235 1483 3292 fabricam
1521 3239 1931 3305 constituentia,
1961 3239 2086 3306 jure

2191 3235 2399 3307 μεγάλα
2424 3240 2680 3307 στοιχεῖα,
2704 3236 2774 3289 τὰ
2805 3237 2900 3308 τὴν
2927 3237 3104 3290 πίστιν
3125 3237 3312 3307 ῶσπερ
3327 3236 3501 3289 κτίσιν
3524 3234 3764 3288 πατῶν-

521 3327 716 3380 merito
740 3327 1094 3385 honorentur.
1133 3327 1242 3383 Bis.

2187 3346 2276 3392 τα,
2314 3328 2610 3400 ἀξιοχρέως
2637 3329 3006 3400 τιμάσθωσαν.
3036 3329 3146 3392 Δίς.

591 3417 681 3473 95.
743 3418 855 3475 Non
903 3429 1030 3474 sunt
1075 3421 1320 3489 loquelas,
1359 3421 1552 3490 inquit,
1595 3435 1768 3491 neque
1809 3436 2089 3476 sermones

2261 3421 2373 3474 Οὐκ
2433 3422 2539 3473 εἰσὶ
2588 3421 2789 3486 λαλιαὶ,
2837 3421 2956 3475 οὐδὲ
2990 3421 3136 3490 λόγοι
3173 3421 3475 3491 λεγόμενοι,
3528 3413 3602 3474 ὧν
3645 3419 3767 3490 οὐχὶ

522 3522 748 3574 quorum
817 3523 920 3563 non
985 3511 1274 3564 audiantur
1339 3526 1499 3567 voces
1559 3527 1769 3567 eorum.
1840 3511 1972 3566 Nam
2036 3514 2088 3565 in

2189 3511 2475 3565 ἀκούονται
2524 3513 2581 3564 αἱ
2615 3514 2791 3581 φωναὶ
2823 3513 3020 3568 αὐτῶν·
3060 3515 3139 3576 εἰς
3177 3514 3356 3566 πᾶσαν
3385 3514 3486 3582 γῆν
3511 3512 3619 3582 γὰρ
3669 3512 3767 3565 καὶ

521 3612 737 3652 omnem
798 3607 997 3654 terram
1055 3611 1111 3655 et
1170 3617 1322 3658 mare
1376 3603 1548 3658 exivit
1613 3604 1841 3658 istorum
1906 3604 2131 3677 divino‘

2158 3654 2162 3672 ,
2195 3604 2468 3657 θάλασσαν
2497 3607 2525 3658 ὁ
2557 3604 2792 3674 φθόγγος
2821 3605 3083 3677 ἐξέδραμε
3115 3605 3222 3659 τῶν
3241 3606 3435 3659 ἐνθέων
3459 3607 3552 3659 καὶ
3587 3606 3768 3674 σοφῶν

525 3687 825 3744 adlaturum
880 3691 1112 3747 Numine
1139 3701 1194 3747 et
1225 3694 1548 3763 sapientium
1586 3695 1963 3765 magistrorum
1997 3710 2089 3750 so-
2119 3655 2135 3712 ⁴

2157 3652 2460 3672 Ι⁷“““⁷’””’
2502 3652 2521 3658 ⁷
2563 3652 2680 3674 ἷ⁷“1
2707 3652 2788 3674 δ”
2823 3652 3081 3677 ⁷Ί⁷⁹Γ⁷⁷Γ⁷⁷
3125 3652 3216 3659 ““⁷’
3242 3652 3430 3659 ⁷⁷⁷⁷⁷⁷
3461 3652 3551 3659 ’⁷⁷⁷⁷
3595 3652 3762 3674 ⁷⁷Ϊ““’

2157 3691 2525 3750 ’διδασκάλων
2585 3697 2684 3767 τῆς
2730 3697 2978 3761 κτίσεως·
3046 3696 3167 3750 ὅθεν
3199 3696 3394 3769 ἄριστα
3445 3700 3554 3759 τοῖς
3587 3696 3767 3750 αὐτῶν

527 3796 628 3835 nus
665 3799 678 3835 :
717 3783 857 3836 unde
880 3783 1117 3852 ipsorum
1151 3783 1360 3854 legibus
1380 3787 1581 3854 optime
1616 3787 1668 3839 in
1717 3785 1838 3842 ﬁdei
1868 3787 2086 3859 integri-

2194 3787 2356 3851 θείοις
2388 3789 2574 3859 νόμοις
2615 3791 3000 3860 συγκρατεῖται
3031 3791 3124 3843 καὶ
3165 3788 3443 3859 συνέχεται
3477 3787 3609 3860 πρὸς
3640 3788 3768 3858 μίαν

528 3883 635 3927 tate
671 3875 1014 3929 continentur
1047 3885 1103 3932 et
1129 3889 1522 3934 conservantur
1567 3879 1703 3936 ﬁnes
1732 3881 1880 3937 orbis
1913 3893 2090 3938 terrae.

1381 3889 1522 3934 mtur
1567 3879 1703 3936 ﬁnes
1732 3881 1880 3937 orbis
1913 3893 2090 3938 terrae.
2192 3877 2497 3950 ὀρθοδοξὶαν
2520 3878 2588 3932 τὰ
2621 3879 2853 3951 πέρατα·
2883 3879 2991 3943 Δίς·

530 3963 642 4019 Bis.
1838 3980 1850 3994 ·

597 4054 687 4109 94.
747 4053 982 4125 Spiritus
1018 4072 1256 4128 organa,
1299 4059 1545 4115 veritatis
1587 4060 1846 4118 buccinas
1874 4102 1890 4128 ,
1930 4062 2094 4120 Verbi

2267 4051 2346 4103 Τὰ
2379 4051 2473 4104 τοῦ
2503 4049 2816 4122 Πνεύματος
2851 4053 3078 4124 ὄργανα,
3113 4053 3371 4126 ἀληθείας
3401 4055 3496 4118 τὰς
3537 4053 3768 4123 σάλπιγ-

530 4143 625 4198 Dei
657 4154 900 4201 oratores
933 4148 1068 4201 laetis
1108 4165 1499 4218 prosequamur
1523 4153 1780 4219 canticis;
1819 4163 1873 4210 et
1898 4169 2086 4210 eorum

2193 4156 2319 4208 γας,
2352 4143 2477 4204 τοὺς
2505 4142 2597 4194 τοῦ
2639 4142 2813 4210 Λόγου
2836 4145 3093 4215 ῥήτορας,
3121 4145 3525 4217 εύφημήσωμεν
3565 4149 3769 4215 φωναῖς

527 4235 780 4304 dogmata
806 4247 1115 4305 sequentes,
1140 4240 1436 4308 rogitemus
1469 4256 1564 4296 eos
1593 4245 1884 4313 supplices,
1907 4255 1962 4299 ut
1992 4261 2090 4315 pro

2194 4232 2476 4302 ᾀσμάτων,
2495 4235 2606 4296 τοῖς
2623 4233 2798 4286 αὐτῶν
2827 4235 2877 4287 οἱ
2896 4235 3168 4306 ἑπόμενοι·
3192 4237 3519 4299 ἱκετεύοντες
3547 4237 3764 4300 αὐτοὺς,

528 4335 614 4386 ea,
643 4336 804 4391 quam
835 4323 1036 4378 habent
1089 4327 1231 4394 apud
1265 4327 1548 4382 Dominum
1578 4370 1592 4394 ,
1627 4330 1844 4397 ﬁducia,
1902 4344 2093 4404 petant

2195 4325 2508 4398 παρρησίαν
2536 4327 2610 4390 ὡς
2657 4327 2878 4397 ἔχοντας
2906 4327 3042 4398 πρὸς
3067 4328 3157 4381 τὸν
3195 4328 3420 4399 Κύριον,
3458 4329 3765 4400 δωρηθῆναι

530 4411 739 4465 ﬁrmam
789 4427 975 4481 pacem
1039 4416 1091 4469 in
1151 4425 1470 4487 perpetuum
1505 4421 1706 4476 mundo
1742 4423 1861 4478 dari
1892 4463 1908 4490 ,
1941 4427 2092 4481 nobis

2194 4418 2415 4489 εἰρήνην
2447 4417 2724 4490 σταθηράν
2767 4418 2864 4488 μὲν
2892 4420 2970 4482 είς
3009 4420 3094 4472 ἀεὶ
3122 4422 3188 4490 τῇ
3217 4419 3528 4494 οἰκουμένῃ,
3555 4423 3682 4492 ἡμῖν
3711 4420 3767 4473 δὲ

531 4510 714 4555 autem
746 4503 977 4558 veniam.
1005 4504 1122 4561 Bis.

2197 4511 2328 4562 πᾶσι
2346 4507 2707 4579 συγχώρησιν.
2755 4509 2864 4572 Δίς.

733 4593 938 4650 Gloria.
1399 4600 1583 4656 Tonus
1619 4603 1870 4673 obliquus
1896 4606 1949 4660 2.

2408 4599 2564 4663 Δόξα.
3260 4602 3404 4672 Ηχος
3433 4603 3526 4655 ’πλ.
3561 4601 3623 4672 β’.

628 4684 716 4741 95.
771 4685 1025 4756 Mysticas
1069 4687 1226 4742 hodie
1265 4689 1599 4748 celebremus
1647 4692 1875 4762 Spiritus
1919 4695 2093 4760 tubas,

2265 4690 2375 4753 Τάς
2408 4690 2675 4759 μυστικὰς
2714 4691 2953 4762 σήμερον
2985 4693 3076 4745 τοῦ
3113 4692 3426 4764 Πνεύματος
3443 4695 3765 4763 σάλπιγγας,

529 4777 641 4833 Deo
668 4779 914 4848 impletos
947 4779 1151 4844 Patres,
1182 4781 1486 4838 modulatos
1511 4784 1562 4838 in
1603 4786 1780 4840 medio
1832 4786 2094 4842 Ecclesiae

2203 4780 2326 4842 τοὺς
2351 4779 2639 4850 θεοφόρους
2659 4782 2904 4854 Πατέρας
2932 4784 3424 4854 ἀνευφήμησωμεν,
3446 4786 3570 4848 τοὺς
3597 4786 3767 4855 μελῳ-

531 4870 851 4925 concinnum
877 4871 1156 4942 theologiae
1185 4874 1350 4929 melos
1373 4913 1388 4938 ,
1423 4876 1630 4932 scilicet
1658 4893 1818 4932 unam
1851 4877 2098 4933 Trinita-

2198 4869 2464 4941 δήσαντας
2494 4873 2550 4923 ἐν
2583 4872 2732 4942 μέσῳ
2769 4873 2867 4941 τῆς
2909 4871 3232 4944 Ἐκκλησίας
3267 4874 3425 4944 μέλος
3453 4876 3766 4947 ἐναρμονίου

531 4971 640 5016 tem
699 4961 1107 5026 immutabilem,
1139 4966 1540 5034 essentiamque
1594 4983 1658 5022 ac
1704 4969 2093 5036 divinitatem;
2127 4994 2141 5052 Ι

2158 4997 2174 5048 γ
2202 4959 2500 5030 θεολογίας,
2527 4963 2732 5032 Τριάδα
2766 4964 2894 5034 μίαν
2927 4964 3346 5036 ἀπαράλλακτον
3365 4964 3551 5019 οὐσίαν
3582 4983 3640 5018 τε
3674 4967 3768 5020 καὶ

528 5051 826 5107 domitores
847 5055 984 5119 Arii,
1017 5063 1072 5107 et
1101 5057 1528 5122 orthodoxorum
1553 5061 1954 5130 antesignanos,
1969 5079 2099 5118 con-
2129 5050 2138 5052 “

2199 5050 2445 5120 θεότητα,
2475 5052 2597 5114 τοὺς
2627 5052 2959 5123 καθαιρέτας
2975 5055 3182 5123 Ἀρείου
3205 5054 3296 5106 καὶ
3320 5054 3612 5125 ὀρθοδόξων
3636 5073 3767 5126 προ·

531 5143 766 5198 tinenter
792 5154 1007 5201 orantes
1049 5145 1358 5214 Dominum,
1379 5159 1437 5202 ut
1457 5160 1764 5206 nostrarum
1797 5153 2096 5208 animarum

2198 5143 2426 5214 μάχους,
2449 5142 2575 5206 τοὺς
2593 5142 2992 5213 πρεσϐεύοντας
3021 5144 3249 5197 πάντοτε
3272 5145 3461 5216 Κυρίῳ
3487 5145 3763 5216 ἐλεηθῆναι

532 5233 866 5290 miserescat.

2191 5233 2289 5298 τὰς
2315 5233 2491 5304 ψυχὰς
2509 5233 2685 5304 ἡμῶν.

742 5325 805 5379 Et
837 5341 999 5380 nunc.
1715 5333 1954 5389 Mariale.

2394 5326 2506 5380 Καὶ
2529 5325 2644 5380 νῦν.
3325 5327 3627 5380 Θεοτόκιον.

602 5413 687 5467 96.
761 5415 892 5480 Quis
945 5426 1018 5482 te,
1070 5417 1235 5488 Virgo
1292 5420 1680 5488 sanctissima,
1729 5438 1834 5477 non
1881 5425 2096 5479 beatam

2264 5418 2361 5481 Τίς
2395 5418 2468 5488 μὴ
2515 5419 2809 5488 μακαρίσει
2856 5435 2937 5479 σε,
2969 5418 3208 5484 παναγία
3241 5418 3520 5489 Παρθένες
3561 5417 3656 5480 Τίς
3691 5419 3765 5488 μὴ

533 5507 787 5572 praadicet
816 5507 838 5559 ?
871 5507 1003 5572 Quis
1035 5525 1137 5562 non
1175 5510 1412 5565 celebret
1465 5521 1614 5566 tuum
1648 5514 1768 5567 sine
1801 5515 1940 5568 virili
1995 5531 2097 5584 ope

2200 5509 2498 5578 ἀνυμνήσει
2533 5523 2626 5559 σου
2658 5508 2746 5560 τὸν
2768 5507 3051 5577 ἀλόχευτον
3075 5506 3258 5572 τόκον;
3299 5507 3357 5560 'O
3385 5508 3492 5578 γὰρ
3529 5506 3766 5577 ἀχρόνως

534 5604 746 5663 partum
775 5598 798 5649 ?
849 5597 1056 5667 Quippe
1084 5608 1174 5668 qul
1229 5612 1355 5656 ante
1387 5619 1546 5658 omne
1580 5614 1789 5674 tempus
1838 5621 1901 5659 ex
1937 5605 2096 5662 Patre

2202 5599 2265 5651 ἐκ
2289 5599 2500 5670 Πατρὸς
2533 5597 2815 5668 ἐκλάμψας
2843 5597 2969 5661 Υἱὸς
3011 5597 3320 5669 μονογενὴς,
3348 5599 3377 5650 ό
3403 5598 3560 5660 αὐτὸς
3582 5600 3646 5650 ὲκ
3673 5594 3765 5648 σοῦ

535 5684 733 5740 είΐιιιείι
756 5688 925 5742 Filius
956 5691 1282 5761 unigenitus,
1313 5694 1403 5748 ille
1432 5696 1571 5750 idem
1595 5709 1660 5749 ex
1692 5703 1765 5760 te,
1785 5697 2094 5765 purissima,

2201 5689 2301 5759 τῆς
2351 5689 2520 5757 ἁγνῆς
2553 5687 2836 5758 προῆλθεν,
2891 5686 3186 5757 ἀφράστως
3240 5686 3559 5759 σαρκωθείς·
3611 5683 3767 5754 φύσει

536 5771 793 5842 prodivit,
823 5773 1159 5832 ineﬁabiliter
1187 5777 1536 5843 incarnatus;
1573 5787 1767 5835 natura
1799 5777 1937 5836 Deus
1963 5781 2096 5835 exsi-

2203 5780 2334 5843 Θεὸς
2382 5777 2661 5849 ὑπάρχων,
2705 5778 2799 5833 καὶ
2837 5777 2995 5847 φύσει
3041 5776 3327 5848 γενόμενος
3373 5777 3655 5848 ἄνθρωπος
3701 5773 3767 5826 δι’
