4076 6226
1432 344 1821 400 ACOLUTHIA
1859 345 2194 402 TRIPLICIS
2236 347 2455 404 FESTI.
3301 363 3585 404 cccxxxm

339 465 505 537 ἡμᾶς’
538 462 637 516 οὐκ
677 463 754 526 είς
779 462 942 516 δυάδα
970 479 1276 535 προσωπων
1311 465 1666 534 τεμνόμενος,
1700 467 1815 519 ἀλλ’
1854 470 1906 519 ὲν

2019 479 2206 530 stens,
2238 475 2293 521 et
2353 476 2540 519 natura
2595 467 2768 521 lactus
2824 468 2984 522 homo
3033 474 3251 536 promer
3298 481 3435 531 nos;
3476 481 3580 522 non

336 556 488 610 δυάδι
519 554 733 623 φύσεων
781 555 1097 625 ἀσυγχύτως
1138 554 1552 626 γνωριζόμενος.
1590 556 1761 610 Αὐτὸν
1798 560 1906 611 ίκέ-

2020 558 2070 609 in
2128 558 2260 612 duas
2295 559 2501 612 divisus
2532 572 2831 625 personas,
2862 558 2955 612 sed
3014 558 3065 611 in
3116 557 3325 612 duabus
3369 559 3577 612 naturis

338 662 481 708 τευε,
536 645 709 716 σεμνὴ
758 646 1185 716 παμμακάριστε
1259 646 1547 700 ἑλετηϐῑπναι
1587 648 1685 710 τὰς
1738 649 1906 713 ὠυγὰς

2022 649 2477 704 inconfusibiliter
2506 650 2931 719 cognoscendus.
2973 649 3125 704 Hunc
3165 666 3258 703 ora
3287 689 3301 713 ,
3342 664 3374 703 o
3409 665 3576 717 augu-

339 736 517 806 ἡμῶν.
2018 752 2099 794 sta
2134 751 2188 794 et
2218 742 2555 807 beatissima,
2594 752 2651 796 ut
2686 751 2995 796 nostrarum
3055 742 3361 795 animarum
3414 740 3576 792 mise-

2016 838 2218 885 rentur.

409 916 497 971 97.
528 914 676 970 Habe
708 916 819 985 jam
863 916 1054 970 iterum
1090 920 1252 970 verba
1290 914 1499 985 Typici,
1529 927 1586 969 ut
1620 916 1819 978 discas,
1853 934 1971 984 qua:
2009 921 2141 974 [iant
2183 933 2304 990 post
2330 922 2613 976 decantata
2657 922 2770 977 haec
2800 924 3033 977 sticbera
3069 941 3083 977 :

422 1012 748 1082 Ἀπέρχεται
778 1014 805 1064 6
837 1011 1013 1082 ἱερεὺς
1048 1011 1142 1063 καὶ
1188 1013 1215 1064 6
1251 1010 1496 1073 διάκονος
1520 1051 1535 1074 ,
1579 1012 1671 1063 καὶ
1705 1013 1906 1065 ποιοῦσι

2085 1014 2355 1071 Secedunt
2409 1021 2663 1071 sacerdos
2711 1028 2765 1071 et
2811 1019 3067 1071 diaconus
3121 1017 3434 1086 faciuntque
3497 1029 3581 1069 re—

342 1104 629 1175 μετάνοιαν
672 1103 749 1173 τῷ
775 1103 1099 1174 προεστῶτι.
1131 1102 1265 1172 ἧεῐς
1296 1102 1387 1154 τὸν
1434 1101 1595 1155 τόπον
1625 1102 1809 1165 αὐτοῦ,
1844 1103 1906 1165 ὡς

2013 1107 2309 1159 verentiant
2336 1108 2574 1176 praesidi,
2599 1118 2690 1162 aut
2714 1123 2904 1161 versus
2947 1108 3112 1175 ipsius
3142 1106 3337 1171 locum,
3369 1115 3424 1158 ttt
3454 1115 3579 1158 ante
3608 1088 3621 1112 ⁸

338 1194 681 1264 προείρηται,
712 1193 803 1246 καὶ
825 1193 1149 1245 ἀλλάσσουσι
1179 1193 1277 1263 τὴν
1310 1192 1592 1263 ἱερατικὴν
1634 1192 1828 1263 στολὴν
1858 1196 1906 1245 ἐν

2012 1195 2211 1248 dictum
2253 1205 2355 1260 est,
2389 1205 2443 1249 et
2473 1206 2680 1249 mutant
2713 1212 2925 1251 sacram
2966 1196 3161 1250 stolam
3192 1195 3243 1248 in
3272 1195 3573 1247 diaconico.
3609 1179 3627 1232 ί

338 1285 415 1355 τῷ
440 1284 749 1355 διακονικῷ.
791 1285 900 1337 Καὶ
930 1283 1233 1348 ἐξελθόντες
1264 1285 1323 1336 ὲν
1344 1283 1421 1354 τῷ
1447 1283 1558 1352 ναῷ
1587 1284 1906 1337 εἰσοδεύουσι

2011 1285 2075 1339 Et
2112 1297 2372 1342 exeuntes
2425 1289 2488 1341 ad
2536 1289 2787 1357 templum
2844 1291 3125 1342 introeunt
3171 1302 3290 1341 cum
3335 1287 3575 1349 incenso,

341 1375 480 1446 μετὰ
509 1376 602 1429 τοῦ
635 1374 920 1445 θυμιατοῦ,
945 1374 1051 1426 τῶν
1094 1373 1394 1444 λαμπάδων
1425 1374 1906 1444 προπορευομένων

2008 1380 2435 1445 ρι’ωεεάεηιίὺυε
2486 1381 2628 1448 ipsos
2689 1381 3053 1449 lampadibus.
3111 1378 3332 1432 Fratres
3397 1387 3579 1430 autem

338 1467 552 1531 αὐτούς.
581 1469 641 1520 Οἱ
672 1468 729 1520 δὲ
762 1467 978 1535 ἀδελφοὶ
1008 1466 1206 1529 πάντες
1240 1465 1715 1530 ἀποσκεπὰζονται
1750 1467 1904 1519 ἐνου-

2012 1483 2201 1524 omnes
2231 1479 2503 1539 teguntur,
2539 1472 2589 1524 in
2622 1488 2784 1525 unum
2824 1473 3146 1526 coeuntibus
3194 1471 3401 1524 duobus
3442 1469 3577 1523 cho-

340 1558 516 1630 μένων
538 1559 645 1611 τῶν
666 1557 756 1611 δύο
790 1557 983 1628 χορῶν.
2016 1560 2111 1613 ris.

408 1651 495 1706 98.
526 1652 705 1707 (ἔοικε.
737 1650 883 1717 Quod
923 1666 1018 1705 nos
1052 1668 1070 1701 ι
1101 1648 1402 1703 sacristiam
1434 1667 1453 1701 ι
1490 1648 1837 1715 appellamus,
1867 1667 1885 1700 ι
1918 1650 2255 1704 diaconicum
2302 1671 2319 1703 ι
2357 1651 2559 1706 Graecis
2591 1654 2788 1707 dicitur
2816 1670 2830 1706 :
2871 1655 2990 1707 ideo
3022 1653 3272 1715 fortasse,
3302 1651 3442 1719 quod
3460 1651 3576 1706 dia-

338 1738 595 1777 conorum
627 1724 875 1790 primitus
901 1731 1045 1773 esset
1067 1721 1120 1772 iu
1156 1733 1212 1773 ec
1248 1720 1404 1790 sodes
1438 1728 1492 1772 et
1511 1732 1829 1790 consessus;
1872 1719 1955 1790 vel
1984 1723 2183 1787 potius,
2218 1725 2359 1790 quod
2408 1724 2493 1775 hic
2524 1725 2673 1777 locus
2703 1740 2889 1777 eorum
2922 1740 3067 1778 cura:
3111 1725 3379 1790 praecipue
3419 1738 3573 1775 com-

340 1793 535 1846 missus
569 1788 750 1844 fuerit.
792 1789 848 1843 In
882 1805 945 1860 eo
995 1789 1136 1860 enim
1179 1803 1283 1841 non
1313 1789 1502 1860 solum
1548 1802 1667 1854 quae
1705 1788 1770 1860 ad
1802 1788 2049 1860 ecclesia:
2093 1788 2312 1844 vasa'et
2341 1794 2708 1847 sacerdotales
2739 1804 2914 1846 vestes
2944 1788 3211 1860 spectant,
3259 1788 3573 1859 priusquam

338 1877 492 1915 sacra
525 1868 875 1929 perageretur
907 1858 1145 1926 liturgia,
1178 1873 1270 1929 seu
1296 1857 1533 1929 divinum
1565 1872 1627 1909 ac
1652 1856 2087 1929 ecclesiasticum
2116 1861 2378 1923 ollicium,
2416 1865 2600 1916 munia
2645 1864 2874 1915 obibant
2900 1856 3111 1915 diaconi
3135 1880 3149 1927 ;
3173 1856 3267 1915 sed
3294 1873 3347 1914 et
3387 1856 3573 1914 cousi-

336 1925 539 1985 debani
576 1925 680 1997 pro
708 1929 941 1982 muneris
997 1925 1101 1999 sui“
1128 1928 1357 1999 ratione.
1425 1925 1673 1999 lsidorus
1734 1925 2000 1999 Mercator
2039 1930 2355 1982 Διακονικόν
2391 1948 2408 1980 ι
2446 1933 2798 1984 secretarium
2837 1950 2855 1981 ›
2892 1934 3092 1997 vertit;
3136 1925 3195 1985 et
3239 1940 3574 1999 congruente

335 2001 549 2068 quidem
576 1994 868 2069 hgatltensi
908 1996 1161 2069 concilio,
1209 1996 1363 2069 cujus
1416 1994 1485 2069 66
1514 1996 1954 2069 canon_lticrest
1981 2016 1993 2051 :
2025 2018 2043 2049 (
2078 2001 2338 2064 Quoniam
2382 2015 2487 2052 non
2546 2012 2759 2068 oportet
2837 1994 3139 2055 ittsacratos
3188 1994 3464 2054 ministros
3511 2001 3574 2053 li-

336 2063 569 2139 centiam
626 2063 842 2139 'habere
904 2066 960 2139 in
1024 2063 1377 2139 secretarium
1447 2066 1614 2139 (quod
1679 2063 1852 2120 Graeci
1925 2063 2240 2121 diaconicon
2300 2063 2595 2139 appellant}
2659 2071 2863 2139 ingredi
2939 2081 2993 2124 ct
3053 2072 3368 2135 contingere
3434 2085 3563 2124 vasa

340 2138 634 2192 Dominica.
688 2156 707 2187 ι
754 2136 917 2204 Atqui
970 2153 987 2185 ι
1042 2135 1405 2189 secretarium
1466 2153 1491 2205 »ξ
1527 2134 1665 2205 idem
1710 2145 1833 2195 est.
1868 2141 2029 2205 quod
2083 2140 2220 2205 apttd
2272 2134 2384 2191 nos
2428 2157 2447 2189 ι
2491 2134 2745 2193 sacris-tia
2813 2158 2831 2189 ι
2890 2140 3121 2194 barbare
3175 2134 3568 2205 nuncupatur:

336 2212 401 2262 de
465 2224 571 2276 quo
621 2207 712 2274 qui
780 2202 1009 2267 dubitat,
1062 2208 1218 2258 adeat
1249 2202 1778 2277 _cardinalett_t_Bona
1825 2202 1918 2258 lib.
1970 2223 1985 2260 ι
2030 2202 2221 2261 Rerum
2286 2210 2648 2277 lilurgicorum
2691 2223 2811 2276 cap.
2860 2209 2952 2271 24,
3012 2226 3158 2263 nutu.
3213 2208 3287 2272 2,
3322 2202 3570 2261 Διακονι-

336 2278 432 2331 κόν
465 2272 661 2341 tamen,
691 2277 831 2330 sicut
859 2284 912 2331 et
946 2292 966 2326 ι
1003 2274 1355 2329 secretarium
1392 2293 1411 2324 ι
1445 2275 1496 2327 itt
1524 2272 1643 2327 aliis
1679 2284 1938 2342 praeterea
1976 2291 2270 2348 usurpatur
2310 2272 2826 2347 significationibus,
2856 2294 2995 2348 quas
3024 2295 3132 2333 non
3162 2290 3245 2333 est
3278 2280 3439 2346 hujus
3462 2277 3567 2332 loci

439 2349 469 2399 li
509 2362 620 2400 are.

334 2364 842 2488 exg9glngressus
898 2424 1075 2488 autem
1125 2412 1438 2488 sacerdotis_
1484 2412 1537 2488 in
1586 2414 1880 2484 templum,
1910 2431 2087 2488 supra
2141 2417 2449 2486 descriptus
2507 2434 2573 2471 ex
2609 2419 2837 2488 'l'ypico,
2878 2434 2983 2473 non
3036 2431 3120 2474 est
3173 2417 3565 2488 sitnplexgqui-

338 2485 833 2564 damningressus;
884 2485 976 2539 sed
1030 2485 1440 2564 ingressus‘qui
1497 2484 1733 2564 lit_cunt
1780 2486 1952 2540 sacris
1997 2484 2361 2564 ’_cot_licibus',‘
2391 2488 2586 2556 quibus
2632 2484 2855 2564 diacono
2892 2504 2921 2541 a
2966 2490 3248 2564 sacerdote
3284 2484 3540 2564 traditis,

333 2557 607 2626 egreditur
660 2556 749 2627 ille
797 2569 826 2607 ο
871 2566 1024 2623 porta
1072 2554 1380 2617 diacouici;
1439 2564 1493 2606 et
1545 2555 1781 2607 elevatos
1831 2566 1955 2609 ante
2012 2555 2204 2608 faciem
2270 2554 2561 2619 deferens,
2614 2558 2975 2627 subsequente
3034 2560 3356 2617 sacerdote,
3419 2555 3558 2627 viain

334 2625 616 2696 quamdam
641 2626 923 2696 sinuosam
958 2632 1138 2689 tenet;
1184 2638 1291 2696 qua
1346 2635 1627 2696 peragrata
1683 2634 1809 2678 ante
1872 2636 2090 2696 sanctas
2135 2627 2279 2679 l‘ores
2328 2637 2556 2693 uterque
2590 2625 2885 2689 sistit,_ut
2926 2629 3180 2681 sacerdos
3247 2625 3573 2696 recitetahv

333 2694 561 2767 εἰσόδουΔ
602 2694 873 2767 εὐχήννὶιί
909 2703 1068 2767 est,__¢
1115 2693 1368 2767 Introitus
1402 2694 1738 2755 orationem,
1761 2713 1779 2745 ›
1815 2709 1974 2762 quam
2004 2692 2631 2765 Constantinopolitanus
2657 2698 2961 2767 patriarcha
2996 2697 3054 2751 S.
3078 2696 3410 2757 Germanus,
3449 2692 3569 2751 loco

333 2775 490 2818 autoa
517 2763 699 2830 citato,
725 2763 884 2818 uobis
908 2763 1196 2817 exhibetet
1225 2764 1297 2815 ita
1332 2774 1509 2817 sonat.

415 2856 703 2928 Ἐσπέρας,
763 2858 857 2910 καὶ
905 2855 1068 2928 πρωῒ,
1104 2856 1198 2910 καὶ
1234 2855 1576 2927 μεσημϐρίας
1622 2856 1898 2927 αἰνοῦμεν,

2076 2855 2197 2911 100.
2254 2858 2510 2927 Vespere,
2563 2866 2618 2913 et
2671 2874 2866 2925 mane,
2903 2869 2957 2915 et
3006 2860 3233 2915 meridie
3267 2861 3570 2924 laudamus,

332 2949 679 3021 εὐλογοῦμεν,
706 2948 1153 3021 εὐχαριστοῦμεν,
1178 2950 1271 3003 καὶ
1294 2948 1527 3018 δεόμεθὰ
1560 2966 1675 3013 σου,
1706 2949 1905 3001 Δέσπο-

332 3060 399 3094 τα
430 3041 536 3094 τῶν
562 3041 833 3105 ἁπάντων,
861 3040 1185 3095 κατεύθυνον
1204 3041 1302 3112 τὴν
1331 3040 1635 3110 προσευχὴν
1662 3040 1905 3111 ήμῶνὼς

335 3132 580 3203 θυμίαμα
606 3132 827 3185 ἐνώπιόν
874 3149 986 3185 σου.
1024 3133 1133 3184 Καὶ
1166 3132 1240 3202 μὴ
1279 3131 1532 3203 ἐκκλίνῃς
1554 3131 1651 3194 τὰς
1679 3132 1904 3202 καρδίας

333 3224 488 3295 ἡμῶν
515 3226 594 3286 είς
620 3222 806 3292 λόγους
835 3223 867 3294 ἢ
903 3223 982 3285 εἰς
1002 3222 1293 3292 λογισμοὺς
1320 3221 1603 3291 πονηρίας,
1635 3220 1767 3273 ἀλλὰ
1797 3218 1906 3292 ρὖ

335 3333 421 3370 σαι
442 3316 586 3386 ἡμᾶς
603 3316 666 3368 ἐκ
682 3314 896 3368 πάντων
925 3313 1031 3367 τῶν
1057 3313 1393 3384 θηρευόντων
1410 3312 1508 3375 τὰς
1529 3311 1705 3383 ψυχὰς
1722 3314 1755 3383 ἡ
1766 3311 1900 3383 μῶν’

332 3406 413 3459 ὃτι
450 3406 583 3476 πρὸς
617 3408 696 3470 σὲ,
742 3405 934 3475 Κύριε,
965 3405 1158 3478 Κύριε,
1200 3406 1249 3457 oi
1276 3403 1542 3475 ὀφθαλμοὶ
1586 3404 1764 3475 ἡμῶν,
1812 3405 1904 3457 καὶ

334 3499 424 3552 ἐπὶ
453 3498 534 3551 σοι
581 3498 906 3569 ἠλπίσαμενο
967 3497 1043 3569 μὴ
1084 3494 1447 3567 καταισχύνῃς
1487 3497 1653 3565 ἡμᾶς,
1699 3499 1727 3548 6
1772 3495 1903 3559 Θεὸς

332 3590 507 3659 ἡμῶν.
535 3590 652 3643 ’Ότι
684 3593 881 3661 πρέπει
917 3590 997 3642 σοὶ
1038 3590 1185 3642 πᾶσα
1222 3588 1368 3654 δόξα,
1418 3587 1553 3657 τιμὴ
1583 3588 1675 3639 καὶ
1732 3604 1902 3658 προσ-

334 3681 576 3752 κύνησις,
602 3681 678 3751 τῷ
699 3683 892 3750 Πατρὶ,
923 3682 1016 3735 καὶ
1047 3681 1123 3752 τῷ
1149 3680 1284 3751 Υίῷ,
1312 3681 1404 3733 καὶ
1449 3677 1526 3749 τῷ
1554 3677 1690 3749 ἁγίῳ
1727 3677 1900 3731 Πνεύ-

337 3778 487 3842 ματι,
511 3771 604 3825 νῦν
635 3774 728 3824 καὶ
782 3773 891 3837 ἀεὶ,
919 3774 1012 3826 καὶ
1034 3775 1115 3837 είς
1151 3773 1276 3835 τοὺς
1315 3770 1515 3834 αἰῶνας
1541 3769 1649 3823 τῶν
1673 3768 1901 3823 αἰώνων.

347 3864 536 3935 Ἀμήν.

403 3951 535 4008 Εἶτα
566 3955 780 4025 εὐλογεῖ
804 3956 901 4028 τὴν
925 3956 1146 4020 εἴσοδον,
1174 3956 1349 4024 λέγων
1367 3971 1383 3986 ⁶

406 4047 753 4118 Εὐλογημένη
788 4050 820 4118 ἡ
854 4048 1053 4112 εἴσοδος
1084 4047 1189 4101 τῶν
1223 4048 1393 4117 ἁγίων
1421 4063 1515 4101 σου
1542 4044 1904 4111 πάντοτε,νῦν

336 4139 428 4191 καὶ
457 4139 561 4203 ἀεὶ,
586 4139 696 4191 καί.

405 4223 537 4281 Εἶτα
580 4228 608 4279 ὁ
658 4228 898 4291 διάκονος
922 4268 936 4292 ,
992 4230 1275 4300 χαράττων
1336 4230 1566 4302 σταυρὸν
1610 4230 1745 4300 μετὰ
1804 4227 1897 4282 τοῦ
1929 4206 1974 4269 C

338 4319 617 4390 Θυμιατοῦ,
647 4320 791 4388 λέγει
815 4339 827 4351 ’
869 4321 1052 4391 Σοφία,
1084 4321 1266 4393 ὀρθοί·
1308 4324 1401 4375 καὶ
1444 4325 1602 4393 ἡμεῖς
1660 4322 1740 4383 τὸ,
1780 4319 1900 4382 Φῶς

338 4412 538 4483 ἱλαρόν.

2007 2948 2399 3013 benedicimus,
2427 2950 2629 3019 gratias
2652 2952 2879 3020 agimus,
2906 2960 2957 3005 et
2988 2966 3203 3007 oramus
3232 2962 3304 3016 te,
3329 2955 3569 3007 omnium

2006 3037 2279 3093 Domine»:
2307 3039 2477 3108 dirige
2508 3041 2811 3095 orationem
2840 3050 3082 3115 nostram
3123 3042 3260 3096 sicut
3288 3044 3568 3096 incensum

2007 3129 2058 3182 in
2092 3140 2382 3198 conspectu
2445 3140 2575 3196 tuo;
2632 3142 2686 3186 et
2731 3148 2797 3185 ne
2828 3133 3052 3187 inclines
3087 3134 3249 3187 corda
3283 3142 3471 3187 nostra
3517 3135 3570 3186 in

2006 3222 2168 3274 verba
2200 3221 2282 3274 vel
2324 3222 2677 3291 cogitationes
2708 3226 2983 3291 nequitiae,
3017 3225 3109 3279 sed
3155 3225 3326 3279 libera
3380 3240 3476 3279 nos
3505 3226 3573 3280 ab

2004 3314 2255 3367 omnibus
2282 3314 2603 3369 venantibus
2648 3315 2861 3370 animas
2896 3326 3141 3370 nostras:
3180 3317 3306 3386 quia
3357 3319 3421 3371 ad
3493 3327 3566 3381 te,

2006 3404 2256 3469 Domine,
2284 3405 2532 3473 Domine,
2568 3408 2708 3461 oculi
2740 3409 2932 3473 nostri,
2958 3419 3012 3463 et
3043 3410 3092 3461 in
3123 3419 3172 3463 te
3200 3412 3570 3478 speravimus;

2005 3507 2072 3548 ne
2118 3493 2417 3550 confundas
2448 3512 2544 3551 nos
2570 3538 2585 3562 ,
2618 3498 2759 3553 Deus
2791 3510 2992 3555 noster.
3024 3500 3160 3566 Quia
3192 3504 3445 3555 convenit
3478 3503 3572 3556 tibi

2004 3588 2181 3642 omnis
2208 3588 2399 3657 gloria,
2432 3588 2605 3643 honor
2632 3600 2684 3644 et
2712 3592 2960 3647 adoratio
2984 3632 2999 3658 ,
3029 3592 3197 3661 Patri,
3224 3604 3278 3646 et
3324 3593 3484 3658 Filio,
3518 3603 3573 3647 et

2007 3678 2235 3748 Spiritui
2268 3690 2455 3736 sancto
2476 3722 2491 3749 ,
2523 3698 2663 3738 nunc
2694 3692 2749 3739 et
2783 3699 3018 3755 semper,
3049 3694 3105 3739 et
3154 3685 3204 3738 in
3235 3686 3432 3739 saacula
3470 3700 3570 3740 sa:-

2008 3776 2277 3831 culorum.
2302 3776 2497 3831 Amen.

2079 3955 2146 4009 Et
2165 3955 2431 4010 benedicit
2462 3955 2735 4009 introitum
2762 3956 2946 4010 dicens
2973 3974 2986 4009 :

2072 4045 2394 4101 Benedictus
2436 4046 2506 4100 sit
2555 4046 2806 4100 introitus
2855 4055 3165 4101 sanctorum
3210 4056 3421 4102 tuorum
3452 4049 3572 4105 ubiv

2005 4153 2127 4210 que,
2152 4154 2291 4192 nunc
2323 4147 2376 4190 et
2408 4152 2640 4205 semper,
2696 4149 2802 4192 etc.

2078 4226 2203 4279 101.
2271 4224 2516 4279 Postltmc
2568 4226 2869 4291 diaconus,
2937 4226 3211 4281 tburibulo
3284 4226 3567 4284 eﬂ‘orutata

2006 4329 2187 4381 cruce,
2233 4316 2386 4379 dicit,
2426 4316 2723 4384 Sapientia,
2758 4318 2912 4373 recti.
2965 4318 3074 4372 Nos
3116 4330 3291 4372 autem
3321 4339 3334 4374 :
3362 4319 3567 4375 Lumen

2000 4405 2319 4475 jucundum.

406 4504 582 4559 Couu.
615 4502 839 4579 Reliqua
876 4506 1061 4579 supple
1084 4520 1148 4558 ex
1181 4509 1353 4579 capite
1401 4507 1596 4579 primo,
1624 4506 1688 4558 de
1719 4499 2321 4579 Minoribus-vesperis.
2362 4497 2459 4579 Hic
2496 4512 2626 4579 vero
2666 4500 2963 4579 notaverim
2992 4517 3056 4555 ex
3088 4500 3302 4579 Joanne
3332 4502 3565 4565 Morino,

338 4573 617 4627 diacomnn
639 4569 904 4627 dicentem
927 4569 1115 4642 Σοφία,
1138 4592 1157 4626 ι
1190 4569 1484 4643 Sapientia,
1524 4594 1543 4626 ι
1581 4573 1962 4643 verosiutiliter
1990 4570 2213 4643 digitum
2252 4569 2533 4643 intendere
2561 4570 2612 4621 iit
2632 4570 2886 4643 codicem
2914 4585 3124 4643 sacrum
3153 4580 3240 4624 :et
3264 4574 3341 4625 sic
3370 4587 3397 4624 a
3426 4588 3566 4639 prae-

336 4645 579 4697 sentibus
598 4643 817 4712 exigere
838 4636 1191 4699 attentionem
1213 4636 1573 4713 przestandam
1597 4645 1811 4713 iis,quae
1831 4642 1955 4695 inde
1972 4636 2535 4693 recitabuntur.Pauci
2553 4639 2769 4706 quidam
2786 4655 2906 4693 cum
2926 4638 3265 4695 S.Germauo
3283 4636 3463 4709 legunt
3479 4643 3568 4695 Σο·

337 4714 433 4781 φία
465 4713 620 4784 ὀρθή.
652 4731 671 4763 ι
705 4715 979 4781 Sapientia
1010 4725 1174 4768 recta.
1206 4733 1225 4767 ι

405 4808 560 4861 Μετὰ
590 4806 647 4860 δὲ
688 4806 784 4877 τὴν
831 4809 1028 4861 εἴσοδον
1080 4810 1108 4861 ὁ
1173 4807 1389 4878 ταχθεὶς
1434 4808 1686 4879 μοναχὸς,
1727 4805 1902 4875 βαλὼν

335 4899 432 4971 τὴν
453 4898 655 4971 συνήθη
688 4898 972 4970 μετάνοιαν
986 4898 1063 4970 τῷ
1096 4899 1415 4970 προεστῶτι,
1443 4899 1631 4968 ψάλλει
1652 4898 1752 4968 τῆς
1767 4899 1903 4967 ἡμέ-

340 5010 437 5064 ρας
497 4995 851 5065 προκείμενον
912 4993 1164 5062 δίστιχον·
1207 4993 1265 5046 ’0
1298 4992 1502 5063 Κύριος
1536 4991 1898 5045 ἐϐασίλευσεν.

336 5085 522 5155 Στίχος
571 5092 641 5139 α’.
684 5084 999 5138 Ἑνεδύσατο
1043 5085 1248 5156 Κύριος
1290 5084 1537 5155 δύναμιν.
1597 5084 1784 5153 Στίχος
1833 5082 1897 5151 β’.

336 5175 445 5228 Καὶ
491 5174 601 5247 γὰρ
645 5173 998 5245 ἐστερέωσεν.
1057 5174 1327 5246 Στραφεὶς
1375 5174 1430 5225 δὲ
1480 5175 1508 5225 ὁ
1553 5173 1730 5243 ἱερεὺς
1762 5172 1900 5242 πρὸς

334 5265 566 5336 δυσμὰς,
596 5265 882 5339 δεδεμένας
920 5266 1059 5337 ἔχων
1116 5266 1216 5329 τὰς
1255 5268 1462 5337 χεῖρας,
1505 5265 1719 5318 ἵσταται
1749 5279 1904 5332 περι-

342 5353 516 5422 μένων
554 5353 652 5425 τὴν
699 5355 978 5427 πλήρωσιν
1025 5352 1119 5406 τοῦ
1172 5352 1552 5424 προκειμένου.
1605 5347 1735 5403 Εἷτα
1782 5351 1906 5420 βάλ-

337 5445 417 5498 λει
465 5447 767 5517 μετάνοιαν,
826 5446 921 5501 καὶ
960 5446 1258 5517 ἀπέρχεται
1308 5447 1389 5507 εἰς
1439 5442 1531 5495 τὸν
1588 5443 1749 5496 τόπον
1804 5445 1904 5496 αὐ-

335 5551 453 5587 του.

2082 4800 2209 4855 102.
2234 4798 2361 4852 Post
2390 4798 2672 4853 introitum
2695 4814 2843 4865 vero,
2878 4802 3188 4872 designatus
3216 4804 3280 4857 ad
3308 4804 3359 4859 id
3389 4820 3566 4858 mona-

2004 4892 2179 4951 chus.
2215 4890 2493 4960 praemissa
2540 4890 2698 4945 solita
2751 4894 2994 4960 corporis
3043 4894 3330 4951 inﬂexione
3377 4911 3566 4952 versus

2002 4982 2286 5051 praesidem
2318 4981 2431 5035 sive
2457 4981 2705 5035 abbatem
2738 5022 2752 5047 ,
2780 4983 2925 5037 canit
2964 4984 3297 5054 propositum
3341 4987 3446 5040 diei
3484 4988 3565 5041 di-

2002 5073 2254 5135 stichum,
2286 5080 2341 5124 et
2380 5072 2533 5135 dicit,
2579 5072 2841 5127 Dominus
2873 5076 3137 5143 regnavit.
3166 5075 3478 5133 Versiculus
3512 5080 3563 5146 l,

2002 5163 2225 5217 lndutus
2251 5173 2337 5216 est
2364 5162 2643 5217 Dominus.
2702 5163 3014 5220 Versiculus
3056 5166 3110 5231 2,
3147 5167 3356 5223 Etenim
3386 5170 3565 5223 ﬁrma-

2001 5258 2096 5309 vit.
2134 5254 2354 5309 Iuteritn
2388 5270 2682 5311 conversus
2722 5258 2789 5311 ad
2823 5259 3157 5313 occidentem
3203 5262 3478 5326 sacerdos,
3512 5270 3563 5315 et

1996 5348 2216 5416 junctas
2260 5350 2464 5403 habens
2482 5364 2701 5415 manus,
2732 5352 2994 5418 propositi
3041 5352 3201 5408 tinem
3264 5355 3562 5423 Opperitur.

2004 5438 2122 5492 Mox
2177 5439 2403 5493 exhibet
2449 5441 2807 5494 reverentiam
2840 5480 2856 5506 ,
2890 5451 2944 5496 et
2999 5443 3051 5496 in
3110 5443 3284 5498 locum
3340 5445 3562 5498 discedit

2004 5547 2182 5587 SUUﬂL

406 5630 531 5685 105.
560 5630 733 5688 Count.
766 5630 1005 5687 Ecclesia
1034 5629 1251 5699 quidem
1280 5627 1468 5683 Grmca
1501 5625 1927 5699 singulis_tot_ius
1958 5626 2090 5699 anni
2128 5626 2279 5699 feriis
2307 5624 2511 5699 singula
2553 5625 2785 5679 disticha
2813 5626 3060 5699 attribuit
3099 5646 3113 5682 :
3155 5643 3258 5681 non
3295 5638 3470 5682 tamen
3508 5630 3560 5686 in

336 5701 581 5770 quolibet
616 5702 789 5757 oﬂicio
813 5703 1026 5770 videtur
1052 5694 1171 5767 post
1197 5694 1690 5770 Introitumetjiei
1724 5695 1995 5770 distichon
2022 5694 2184 5770 etiam
2214 5696 2316 5749 dici
2354 5694 2871 5770 Domin_tl_8_1_'egnavi_l
2893 5736 2907 5770 ,
2925 5712 3051 5770 cum
3084 5699 3552 5770 supradictisver-

335 5764 541 5838 siculis,
573 5773 669 5828 sed
698 5780 899 5829 tantum
932 5771 988 5826 iu
1009 5764 1260 5839 Vesperis
1288 5766 1530 5825 Sabbati.
1562 5764 1658 5821 Est
1684 5766 1828 5820 enim
1852 5779 1906 5835 at

2028 5765 2085 5819 ὃ.
2124 5765 2444 5821 Germanum
2469 5782 2501 5839 ς’
2526 5765 2587 5817 Εἰ
2615 5764 2669 5817 δὲ
2696 5764 2807 5817 ἐστι
2835 5766 3109 5823 Σάϐϐατον
3133 5764 3390 5834 ἑσπέρας,
3416 5767 3562 5833 λέγει
