4076 6226
486 286 793 328 eccum"
1840 267 2208 324 PROLEGOM
2218 267 2300 323 EN
2308 268 2372 323 Α.

436 424 439 425 ν
489 390 569 452 τὸ.
611 390 667 461 '0
706 389 903 461 Κύριος
931 377 1296 461 ἐδασίλευσέν.
1336 406 1356 440 ι
1391 386 1609 461 Si_sii_i_t
1674 387 1921 461 Vesperze
1976 378 2043 442 Sa

2142 387 2220 448 ui,
2277 386 2439 461 dicit,
2478 384 2729 461 Dominus
2771 387 3027 456 regnavit,
3069 396 3235 461 rete.
3288 395 3573 461 erepterea
3623 401 3725 456 ego

489 460 737 514 existimo
761 455 1068 527 ,'paucu|as
1117 460 1233 511 illas
1271 473 1427 512 voces
1469 459 1519 510 in
1556 455 1793 511 Veneto
1819 458 1907 510 illo
1956 474 2063 526 quo
2120 469 2243 511 utor
2294 455 2381 527 S.
2407 455 2562 509 Saba:
2595 455 2797 525 Typico
2832 455 3261 527 ’prretermissas
3295 470 3416 510 esse
3440 495 3457 521 ,
3503 455 3714 527 incuria

493 525 880 597 typothetarum
912 538 964 580 et
993 538 1379 581 correctorum.
1430 528 1541 592 Qua
1584 529 1634 580 in
1688 527 1940 595 opinione
1977 525 2094 583 non
2131 525 2474 597 mediocriter
2516 528 2830 585 conﬁrmor,
2864 526 3083 597 dvidens
3133 527 3184 578 in
3220 526 3461 597 Menteis,
3486 526 3611 597 _imo
3663 536 3720 597 et

492 594 561 651 in
582 597 783 666 Typico
812 598 943 665 ipso,
984 613 1081 665 pro
1115 599 1212 649 hac
1242 597 1402 650 trium
1435 594 1735 649 doctorum
1758 598 2123 666 solemnitate,
2156 596 2418 664 assignari
2469 605 2650 648 statim
2689 605 2809 666 post
2834 595 2944 666 diei
2980 597 3313 666 prepositum
3342 596 3442 649 tria
3474 594 3726 663 ἀναγνώ-

491 664 688 737 σματα,
712 664 960 737 μικροί,
986 664 1094 720 tres
1121 686 1138 717 ι
1178 666 1456 720 lectiones.
1488 685 1505 717 ι
1526 666 1722 737 Prima
1754 676 1926 720 estex
1959 665 2356 737 Deuteronnmii
2390 666 2570 733 capite
2600 680 2613 716 t
2638 704 2660 737 ._
2682 665 2979 737 incipitque
3015 682 3043 715 a
3083 680 3243 737 versui
3269 664 3302 717 8
3326 704 3350 737 ,γ
3377 671 3441 737 et
3474 667 3623 737 sistit
3668 667 3721 717 in

489 734 644 787 versu
675 736 761 790 17.
794 735 975 789 Altera
1005 745 1086 789 est
1112 752 1175 789 ex
1204 737 1379 803 capite
1420 751 1450 788 χ
1483 736 1604 788 libri
1646 736 1909 803 ejusdem.
1935 745 1989 788 et
2018 736 2323 802 incipiendo
2348 750 2373 783 a
2405 745 2600 802 quarto
2630 734 2844 786 decimo
2870 749 3026 787 versu
3070 735 3447 803 complectitur
3483 734 3723 801 reliquos

487 819 672 857 omnes
693 815 883 870 prieter
911 806 1174 859 ultimum.
1210 802 1388 858 Tertia
1422 806 1654 873 denique
1680 802 1900 872 petitur
1938 819 2003 858 ex
2050 803 2342 873 Sapientiae
2374 819 2456 868 ιιι,
2489 807 2731 857 continet
2770 804 2955 858 decem
2994 802 3209 872 priores
3229 819 3416 858 versus
3455 802 3597 858 illius
3622 819 3726 858 ca~

487 877 633 945 pitis.
660 873 770 928 Nos
793 884 969 929 autem
993 877 1057 927 ad
1084 891 1142 927 se
1166 877 1341 927 denuo
1366 872 1583 928 revocat
1610 872 1872 943 Typicum
1904 873 2090 928 dicens
2115 888 2131 926 :

2207 989 2361 1044 Μετὰ
2404 989 2461 1043 δὲ
2512 990 2574 1042 τὸ
2626 990 2986 1061 προκείμενον
3042 991 3070 1043 ὁ
3111 989 3355 1053 διάκονος
3418 993 3562 1043 ποιεῖ
3628 992 3724 1061 τὴν

2152 1080 2352 1152 συνῄθη
2394 1080 2609 1151 ἐκτενῆ.

558 990 677 1046 105.
720 991 976 1045 Absoluto
1015 991 1286 1062 proposito
1333 992 1589 1047 diaconus
1635 990 1763 1045 facit
1803 1006 2030 1047 consue-

488 1090 594 1135 tam
622 1083 904 1152 prolixam.

555 1200 731 1255 Count.
788 1199 1135 1268 Subinlellige
1178 1215 1359 1253 vocem
1396 1217 1414 1250 ι
1449 1198 1774 1268 orationem,
1813 1218 1832 1251 ι
1873 1199 1964 1268 vel
2002 1217 2019 1249 ι

2142 1201 2415 1253 :cationem
2466 1217 2481 1249 ι
2518 1197 2705 1268 εὐχὴν,
2748 1196 2840 1268 vel
2867 1195 3075 1264 δέησιν,
3126 1196 3203 1248 vel
3250 1195 3715 1268 iXEGiQV._Qllel|1f

486 1270 768 1322 admodum
823 1271 942 1323 Act.
976 1263 1098 1332 xu:
1130 1269 1345 1330 dicitur,
1399 1267 1712 1336 προσευχὴ
1756 1263 2268 1336 ἐκτενὴς,’οναιὸο
2308 1269 2421 1321 sine
2472 1263 2878 1329 intermissione,
2923 1263 3036 1318 fusa
3087 1281 3206 1336 esse
3258 1266 3324 1318 ab
3375 1265 3609 1318 Ecclesia
3654 1263 3721 1315 ad

489 1339 673 1399 Deum,
709 1353 801 1407 pro
850 1340 1008 1392 Petro
1064 1342 1116 1390 in
1160 1352 1430 1391 carcerem
1483 1335 1775 1405 conjecto;
1833 1349 2025 1406 csitlttc
2077 1339 2293 1391 similiis
2334 1356 2352 1387 ‹
2399 1338 2623 1389 Litaniis
2662 1355 2681 1388 ι
2738 1336 2976 1400 nostris,
3018 1335 3212 1404 quibus
3247 1337 3584 1407 chorus,rvel
3621 1348 3719 1401 po-

487 1410 642 1473 pulus
704 1406 1050 1477 respondens,
1106 1408 1393 1460 identidem
1454 1408 1767 1475 interponit,
1817 1425 1835 1457 ι
1877 1407 2131 1462 Miserere
2177 1408 2348 1468 nobis,
2414 1412 2517 1459 Ora
2563 1421 2658 1472 pro
2710 1406 2886 1466 nobis;
2923 1407 3011 1477 _'l‘_e
3048 1415 3338 1477 rogamus,
3385 1406 3654 1477 audinos.
3688 1423 3709 1454 ι

487 1478 592 1530 Sed
643 1473 883 1547 age,‘sic
923 1489 1168 1531 orantem
1224 1477 1508 1531 diaconum
1532 1518 1547 1542 ,
1584 1473 1742 1546 eique
1785 1480 2151 1532 suceiuentem
2202 1479 2426 1530 chorum
2463 1477 2769 1538 audiamus,
2798 1475 2936 1544 apud
2963 1474 3020 1529 S.
3047 1473 3396 1529 Germanum.
3434 1473 3571 1526 Dicit
3604 1473 3720 1526 uia-

486 1562 653 1600 COHUS
682 1565 695 1600 Σ

2810 1661 2830 1688 γ.

556 1663 804 1716 Dicamus
873 1678 1061 1716 omnes
1129 1678 1194 1715 ex
1269 1672 1379 1717 tota
1435 1662 1658 1728 anima;
1714 1671 1769 1716 et
1838 1679 1903 1718 ex
1965 1673 2043 1717 to-

2218 1661 2476 1731 Εἶπωμεν
2541 1661 2738 1722 πάντες
2808 1657 2868 1723 ἐξ
2932 1660 3058 1729 ὅλης
3116 1660 3212 1729 τῆς
3276 1658 3474 1729 ψυχῆς,
3515 1660 3607 1712 καὶ
3663 1663 3722 1729 ἐξ

486 1764 534 1806 Ia
594 1765 769 1808 mente
846 1757 1107 1810 dicamus.
1194 1756 1406 1811 Chorus
1475 1770 1491 1811 :
1550 1754 1822 1819 Domine,
1887 1754 2049 1809 mise-

483 1861 622 1900 rere.

557 1936 779 1989 Domine
838 1945 1142 2003 praepotens
1170 1974 1186 1998 ,
1232 1934 1378 1988 Deus
1430 1942 1638 2000 patrum
1693 1944 1997 1988 nostrorum
2026 1973 2044 2000 ,

480 2043 700 2082 oramus
741 2037 810 2092 te,
834 2027 1028 2080 exaudi
1079 2034 1130 2080 et
1174 2023 1453 2078 miserere.
1502 2025 1602 2078 Ch.
1664 2023 1911 2090 Domine,
1954 2025 2049 2077 mi-

481 2132 684 2172 serere.

553 2209 806 2262 {inserere
845 2205 1035 2269 nostri,
1081 2205 1242 2269 Deus,
1292 2208 1587 2262 secundum
1635 2224 1885 2280 magnam
1938 2211 2043 2263 nti-

481 2296 832 2351 sericordiam
878 2305 1055 2360 tuam;
1082 2308 1300 2348 oramus
1333 2305 1402 2359 te,
1441 2298 1635 2352 exaudi
1666 2308 1722 2352 et
1760 2299 2041 2353 miserere.

483 2391 583 2444 Ch.
617 2389 861 2449 Domine,
895 2386 1171 2440 miserere.

551 2482 738 2534 Adhuc
782 2494 999 2532 oramus
1041 2494 1138 2546 pro
1172 2478 1427 2546 piissimis
1475 2489 1531 2532 et
1581 2494 1611 2532 a
1660 2480 1769 2535 Deo
1818 2482 2047 2537 servatis

482 2571 895 2642 imperatoribus
920 2572 1140 2634 nostris,
1172 2584 1268 2638 pro
1298 2584 1486 2623 eorum
1524 2570 1771 2638 imperio,
1795 2573 2043 2638 victoria,

481 2662 883 2733 perseverantia
906 2700 921 2724 ,
956 2675 1107 2730 pace,
1150 2661 1455 2716 valetudine
1496 2702 1513 2727 ,
1546 2662 1953 2729 incolumitate;
1993 2672 2046 2717 et

482 2765 540 2806 ut
573 2753 831 2807 Dominus
859 2752 997 2805 Deus
1026 2761 1210 2806 noster
1236 2752 1381 2821 ipsos
1432 2755 1601 2821 magis
1646 2754 1883 2823 adjuvet,
1916 2769 2043 2825 pro-

479 2854 661 2915 speret
717 2844 769 2898 in
824 2844 1099 2905 omnibus,
1134 2843 1477 2911 ipsorumque
1517 2845 1743 2912 pedibus
1791 2845 2045 2913 subjiciat

479 2952 693 2991 omnem
742 2933 1019 2989 inimicum
1087 2944 1249 3002 atque
1326 2933 1554 2987 hostem.
1617 2933 1717 2988 Cb.
1791 2935 2040 3000 Domine,

479 3028 757 3082 miserere.

492 3180 501 3189 ι
546 3119 737 3172 Adhuc
781 3129 998 3171 oramus
1030 3129 1127 3184 pro
1179 3115 1587 3186 archiepiscopo
1640 3127 1825 3174 nostro
1883 3118 1947 3173 N.
1988 3131 2039 3172 et

478 3218 670 3263 cuncta
733 3219 917 3262 nostra
988 3206 1043 3260 in
1081 3206 1298 3261 Christo
1344 3207 1707 3262 fraternitate.
1763 3209 1862 3264 Cb.
1934 3210 2042 3264 Do-

479 3300 641 3365 mine,
678 3298 867 3353 misere
876 3313 950 3353 re.

554 3389 743 3443 Adhuc
810 3403 1026 3442 oramus
1074 3403 1170 3456 pro
1222 3388 1391 3443 beatis
1445 3403 1765 3459 semperque
1841 3406 2041 3446 memo-

481 3481 662 3536 randis
714 3479 871 3548 hujus
920 3488 1121 3534 sanctae
1167 3480 1296 3534 redis
1339 3480 1733 3536 conditoribus.
1788 3481 1890 3538 Ch.
1939 3482 2043 3537 De-

480 3575 644 3636 miue,
682 3574 957 3627 miserere.

546 3666 735 3718 Adhuc
813 3660 1043 3719 oramus
1121 3679 1218 3733 pro
1285 3661 1681 3727 misericordia,
1758 3665 1887 3729 vita,
1943 3681 2039 3735 pa-

478 3774 540 3811 ce
565 3798 578 3819 ,
614 3758 846 3811 sanitate
877 3800 891 3822 ,
923 3756 1119 3820 salute,
1173 3757 1534 3824 proiectione,
1595 3757 1748 3810 venia
1777 3793 1793 3821 ,
1854 3767 1909 3810 et
1957 3772 2042 3810 re-

481 3848 734 3903 missione
809 3859 1154 3916 percatorum
1240 3861 1517 3899 servorum
1594 3846 1732 3909 Dei,
1807 3845 2037 3900 fratrum

480 3940 707 4011 hujusce
776 3941 951 3996 sancti
1006 3936 1344 3994 monasterii.
1408 3935 1510 3993 Cb.
1566 3938 1814 4005 Domine,
1882 3938 2041 3992 mise-

480 4046 623 4085 rere.

556 4120 741 4175 Adhuc
764 4135 980 4174 oramus
1008 4134 1106 4189 pro
1148 4122 1506 4178 referentibus
1533 4119 1767 4176 fructum
1803 4129 1859 4177 et
1897 4119 2038 4177 bona

478 4212 796 4268 facientibus
828 4212 879 4266 in
906 4213 1008 4267 hoc
1047 4227 1238 4269 sancto
1268 4225 1323 4269 et
1352 4214 1499 4269 omni
1525 4228 1592 4270 ex
1624 4223 1777 4283 parte
1806 4222 2037 4283 augusto

478 4304 696 4375 templo,
732 4304 1127 4372 laborantibus,
1159 4309 1518 4373 canentibus;
1568 4315 1623 4361 et
1681 4321 1780 4375 pro
1804 4306 2037 4360 circum-

2148 1751 2277 1822 ὅλης
2336 1753 2434 1822 τῆς
2488 1751 2725 1814 διανοίας
2775 1749 3037 1821 εἴπωμεν.
3106 1751 3165 1802 Ὀ
3225 1752 3385 1822 χορός
3422 1767 3437 1781 ·

2150 1841 2367 1911 ἐλέησον
2378 1882 2390 1894 .

2218 1931 2388 2003 Κύριε
2428 1934 2803 2003 παντόκρατορ
2849 1934 2877 1984 ὀ
2912 1930 3044 1994 Θεὸς
3096 1923 3204 1983 τῶν
3251 1931 3500 2003 πατέρων
3538 1932 3717 2004 ἡμῶν,

2145 2023 2376 2096 δεόμεθά
2438 2041 2550 2089 σου,
2591 2023 2895 2077 ἐπάκουσον
2956 2024 3051 2076 καὶ
3106 2022 3349 2094 ἐλέησον.
3399 2025 3467 2081 Χ.
3526 2024 3720 2096 Κύριε,

2146 2114 2385 2184 ἐλέησον.

2230 2206 2478 2276 Ἐλέησον
2511 2207 2677 2276 ἡμᾶς,
2709 2208 2736 2259 ὁ
2760 2204 2911 2269 Θεὸς,
2949 2206 3089 2259 κατὰ
3116 2207 3176 2258 τὸ
3224 2206 3365 2278 μέγα
3408 2207 3554 2272 ἔλεός
3597 2226 3712 2263 σου·

2145 2295 2378 2365 δεόμεθά
2438 2312 2553 2363 σου,
2610 2296 2912 2351 ἐπάκουσον
2958 2296 3051 2350 καὶ
3107 2297 3343 2367 ἐλέησον.
3407 2299 3476 2354 Χ.
3530 2300 3717 2371 Κύριε,

2148 2387 2392 2458 ἐλέησον.

2226 2481 2346 2532 Ἔτι
2386 2479 2616 2550 δεόμεθα
2663 2482 2803 2555 ὑπὲρ
2859 2484 2968 2536 τῶν
3012 2483 3417 2538 εὐσεϐεστάτων
3460 2486 3552 2538 καὶ
3602 2484 3719 2538 θεο-

2145 2571 2429 2642 φυλάκτων
2462 2574 2724 2662 βασιλέων
2749 2575 2923 2646 ἡμῶν,
2949 2570 3203 2645 κράτους,
3232 2577 3409 2649 νίκης,
3435 2578 3714 2651 διαμονῆς,

2143 2664 2386 2735 εἰρήνης,
2438 2665 2645 2733 ὑγείας,
2694 2668 2968 2738 σωτηρίας
3010 2667 3212 2731 αὐτῶν,
3243 2669 3454 2723 καὶτοῦ
3513 2670 3718 2741 Κύριον

2143 2755 2233 2808 τὸν
2294 2755 2425 2808 Θεὸν
2472 2756 2630 2827 ἡμῶν
2678 2758 2772 2810 51:1
2824 2758 2985 2811 πλέον
3028 2759 3383 2830 συνεργῆσαι,
3411 2762 3716 2815 κατευοδῶ-

2145 2864 2231 2900 σαι
2268 2848 2464 2911 αὐτοὺς
2501 2850 2559 2901 ὲν
2608 2850 2762 2911 πᾶσι,
2819 2852 2912 2904 καὶ
2947 2850 3207 2917 ὑποτάξαι
3259 2853 3365 2907 ὑπὸ
3391 2856 3515 2919 τοὺς
3553 2854 3718 2919 πόδας

2144 2938 2322 2991 αὑτῶν
2394 2940 2570 2993 πάντα
2635 2940 2826 3012 ἐχθρὸν
2895 2942 2990 2996 καὶ
3049 2943 3326 3015 πολέμιον.
3399 2945 3467 2998 Χ.
3520 2947 3715 3018 Κύριε,

3525 1753 3720 1825 Κύριε,

2081 3048 2119 3101 Β
2149 3029 2389 3100 ἐλέησον.

2220 3122 2338 3174 Ἔτι
2383 3119 2613 3191 δεόμεθα
2657 3120 2799 3194 ὑπὲρ
2850 3122 2943 3176 τοῦ
2994 3126 3417 3196 ἀρχιεπισκὸπου
3463 3127 3638 3199 ἡμῶν,
3686 3130 3715 3182 ὁ

2142 3212 2331 3276 δεῖνος,
2364 3214 2457 3265 καὶ
2480 3214 2657 3282 πάσης
2685 3214 2786 3284 τῆς
2819 3216 2875 3268 ὲν
2912 3217 3132 3288 Χριστῷ
3158 3214 3313 3289 ἡμῶν
3335 3219 3706 3291 ἁδελφότητος.

2147 3306 2214 3357 Χ.
2247 3304 2440 3377 Κύριε,
2473 3306 2597 3376 ὲλέη
2610 3322 2722 3360 σον.

2214 3398 2334 3450 Ἔτι
2386 3397 2617 3468 δεόμεθα
2663 3398 2801 3470 ὑπὲρ
2856 3400 2963 3454 τῶν
3023 3402 3310 3472 μακαρίων
3357 3403 3450 3458 καὶ
3490 3405 3715 3477 ἀειμνή-

2145 3506 2282 3541 στων
2305 3490 2584 3560 κτητόρων
2613 3488 2712 3558 τῆς
2742 3491 2901 3559 ἁγίας
2941 3492 3108 3563 μονῆς
3141 3492 3364 3564 ταύτης.
3410 3495 3477 3548 Χ.
3518 3495 3710 3567 Κύριε,

2141 3574 2383 3645 ἐλέησον.

2215 3665 2334 3718 Ἔτι
2373 3666 2603 3738 δεόμεθα
2632 3669 2770 3740 ὑπὲρ
2804 3668 3007 3735 ἐλέους,
3029 3671 3193 3741 ζωῆς,
3227 3674 3467 3744 εἰρήνης,
3506 3675 3712 3743 ὑγείας,

2143 3756 2434 3827 σωτηρίας,
2494 3758 2852 3828 ἐπισκέψεως,
2897 3764 3292 3833 συγχωρήσεως
3333 3764 3425 3816 καὶ
3464 3764 3716 3832 ἀφέσεως

2140 3847 2249 3900 τῶν
2312 3850 2618 3922 ἁμαρτιῶν,
2676 3853 2783 3904 τῶν
2823 3851 3024 3907 δούλων
3081 3853 3168 3906 τοῦ
3197 3852 3349 3916 Θεοῦ,
3398 3854 3508 3907 τῶν
3553 3857 3713 3910 ἁδελ-

2141 3937 2257 4006 φῶν
2306 3943 2401 4011 τῆς
2472 3941 2629 4008 ἁγίας
2681 3941 2850 4012 μονῆς
2900 3941 3121 4011 ταύτης.
3182 3943 3249 3995 Χ.
3301 3940 3493 4014 Κύριε,
3560 3947 3714 4017 ἐλέη-

2143 4042 2250 4080 σον.

2216 4120 2333 4172 Ἔτι
2379 4120 2607 4190 δεόμεθα
2662 4121 2802 4191 ὑπὲρ
2867 4121 2975 4174 τῶν
3049 4123 3573 4196 καρποφορούντων,
3615 4127 3710 4179 καὶ

2141 4211 2599 4283 καλλιεργούντων
2634 4213 2691 4265 ὲν
2723 4213 2800 4284 τῷ
2821 4214 2959 4283 ἁγίῳ
2988 4215 3082 4267 καὶ
3123 4215 3419 4287 πανσέπτῳ
3450 4217 3562 4289 ναῷ
3591 4217 3712 4271 τού-

2141 4315 2237 4372 τῳ,
2269 4303 2603 4367 κοπιώντων,
2635 4301 2964 4372 ψαλλόντων,
3000 4306 3091 4357 καὶ
3126 4305 3265 4376 ὑπὲρ
3292 4306 3387 4360 τοῦ
3412 4308 3710 4378 περιεστῶ·

477 4405 655 4451 stante
690 4395 904 4465 populo,
933 4411 963 4448 a
997 4405 1047 4451 te
1074 4412 1321 4468 magnam
1370 4410 1425 4453 et
1479 4396 1787 4454 afﬂuentem
1825 4399 2034 4455 miseri-

2142 4411 2227 4457 τος
2253 4393 2400 4457 λαοῦ,
2425 4393 2519 4446 τοῦ
2561 4393 2994 4464 ἁπεκδεχομένου
3028 4394 3086 4447 τὸ
3133 4396 3286 4467 παρὰ
3316 4396 3409 4449 σού
3442 4398 3585 4467 μέγα
3615 4399 3708 4452 καὶ

476 4488 714 4543 cordiam
784 4498 1153 4555 exspectante.
1226 4488 1460 4561 Populus
1514 4509 1528 4545 :
1579 4491 1634 4544 In
1693 4490 1887 4545 multos
1943 4506 2040 4544 an-

478 4594 599 4646 nos,
641 4578 885 4632 Domine.
937 4576 1072 4631 Tum
1110 4577 1266 4635 effert
1325 4595 1508 4634 vocem
1552 4582 1852 4635 sacerdos:
1903 4579 2037 4646 Quia

476 4669 786 4725 miSericors
832 4679 890 4725 et
940 4670 1206 4742 benignus
1236 4686 1364 4741 erga
1395 4672 1642 4727 homines
1684 4670 1828 4726 Deus
1856 4687 1938 4738 es,
1984 4681 2039 4726 et

480 4759 571 4813 tibi
597 4759 819 4828 gloriam
850 4762 1213 4831 impertimur,
1244 4761 1413 4825 Patri,
1440 4772 1494 4816 et
1518 4761 1677 4827 Filio,
1714 4771 1770 4817 et
1804 4762 2030 4833 Spiritui

475 4860 687 4917 sancto,
714 4867 877 4917 nunc,
907 4862 962 4907 et
1001 4866 1235 4921 semper,
1258 4863 1312 4906 et
1350 4852 1404 4907 in
1450 4853 1646 4908 saecula
1690 4855 2031 4912 smculorum.

475 4940 684 4994 Chorus
737 4957 750 4993 :
808 4939 1008 4994 Amen.
1083 4940 1150 4994 Et
1221 4940 1448 5011 populus
1507 4942 1703 4997 dicit:
1761 4943 2036 5013 Dignare,

479 5031 722 5085 Domine.
1492 5027 1498 5034 δ

554 5120 671 5176 104.
719 5119 916 5176 lterum
964 5122 1223 5178 diaconus
1265 5141 1279 5177 :
1339 5124 1717 5197 Compleamus
1762 5126 2034 5194 vesperti-

476 5228 601 5267 nam
673 5222 909 5267 nostram
960 5214 1325 5283 precationem
1387 5216 1636 5271 Domino.
1687 5215 1789 5270 Cb.
1853 5216 2037 5269 Domi'

474 5318 562 5366 ne,
587 5306 864 5359 miserere.

549 5396 794 5468 Suscipe,
843 5410 1021 5463 serva,
1051 5399 1312 5454 miserere
1346 5409 1399 5454 et
1443 5400 1651 5457 custodi
1704 5415 1826 5467 nos,
1873 5400 2032 5465 Deus,

477 5493 566 5540 tua
601 5490 794 5557 gratia.
826 5487 927 5544 Ch.
961 5492 1204 5557 Domine,
1234 5490 1512 5547 miserere.

550 5661 837 5734 Vcspcram
885 5680 1098 5723 omnem
1151 5666 1483 5738 perfectam,
1535 5679 1798 5738 sanctam,
1843 5671 2037 5743 pacifi-

2140 4485 2389 4538 πλούσιον
2434 4485 2598 4547 ἕλεος.
2639 4486 2695 4537 'U
2739 4485 2881 4548 λαός·
2936 4486 3028 4548 Εἰς
3073 4486 3242 4539 πολλὰ
3287 4488 3402 4557 ἔτη,
3442 4489 3705 4543 Δέσποτα.

2152 4574 2438 4643 Ἐκφώνως
2487 4577 2514 4628 ὁ
2554 4574 2751 4647 ἱερεύς
2801 4576 2924 4629 ’Ότι
2960 4560 3209 4648 ἐλέημων
3255 4578 3349 4631 καὶ
3407 4579 3708 4651 eam“..-

2141 4682 2238 4730 πος
2263 4665 2393 4729 Θεὸς
2430 4666 2714 4738 ὑπάρχεις,
2743 4668 2835 4722 καί
2870 4685 2950 4721 σοι
2983 4669 3081 4740 τὴν
3107 4670 3265 4736 δόξαν
3291 4671 3705 4744 ἀναπέμπομεν,

2137 4754 2214 4825 τῷ
2244 4757 2437 4829 Πατρὶ,
2483 4760 2577 4811 καὶ
2612 4758 2691 4830 τῷ
2719 4759 2851 4831 Υίῷ,
2883 4760 2978 4814 καὶ
2999 4760 3075 4831 τῷ
3100 4762 3241 4832 ἁγίῳ
3262 4762 3562 4834 Πνεύματι,
3613 4764 3707 4818 νῦν

2140 4849 2234 4901 καὶ
2299 4849 2387 4901 ἀεὶ
2439 4852 2632 4914 καίείς
2679 4852 2806 4915 τοὺς
2848 4853 3047 4916 αἰῶνας
3082 4853 3190 4907 τῶν
3224 4854 3452 4909 αἰώνων.
3510 4858 3581 4910 Χ.
3622 4858 3709 4909 Ἀ-

2142 4940 2269 5010 μήν.
2305 4941 2456 4995 Καὶὸ
2479 4942 2625 5005 λαός·
2661 4942 3035 5010 Καταξίωσον,
3066 4946 3257 5019 Κύριε.

2219 5116 2278 5170 Ὀ
2326 5115 2570 5182 διάκονος
2628 5120 2809 5174 πάλιν
2868 5121 3252 5194 Πληρὼσωμεν
3319 5122 3416 5194 τὴν
3489 5125 3708 5196 ἑσπερι-

2138 5207 2233 5275 νὴν
2262 5207 2444 5279 δέησιν
2471 5209 2624 5279 ήμῶν
2668 5210 2744 5282 τῷ
2779 5212 2983 5282 Κυρίῳ.
3041 5213 3098 5264 '0
3141 5231 3260 5285 χορ.
3325 5213 3515 5286 Κύριε,
3557 5216 3708 5287 ἐλέη-

2138 5316 2248 5354 σον.

2221 5390 2530 5446 Ἀντιλάσου
2564 5430 2580 5455 ,
2658 5392 2830 5445 σῶσον
2853 5432 2868 5456 ,
2930 5392 3152 5463 ἐλέησον
3214 5396 3308 5449 καὶ
3380 5397 3707 5469 διαφύλαξον

2139 5486 2324 5555 ἡμᾶς,
2384 5486 2414 5537 ὁ
2467 5482 2618 5546 Θεὸς,
2677 5487 2744 5556 τῇ
2805 5488 2871 5556 σῇ
2917 5487 3118 5557 χάριτι.
3177 5488 3243 5541 Χ.
3305 5489 3498 5561 Κύριε,
3548 5493 3704 5564 ἐλέη-

2141 5595 2251 5632 σον.
3040 5598 3043 5601 ’

2209 5669 2321 5744 Τὴν
2367 5669 2601 5742 ἑσπέραν
2664 5672 2841 5726 πᾶσαν
2883 5670 3090 5729 τελείαν
3115 5715 3129 5741 ,
3182 5675 3384 5748 ἁγίαν,
3428 5678 3706 5750 εἰρηνικὴν
