4076 6226
1513 318 1904 375 ACOLUTHIA
1940 319 2276 375 TRIPLICIS
2311 319 2525 375 FESTl.

3341 337 3601 377 αισκυικ

353 435 447 487 καὶ
482 434 861 504 ἀναμάρτητον
903 432 1052 504 παρὰ
1088 434 1181 486 τοῦ
1219 435 1423 505 Κυρίου
1454 435 1825 505 αἱτησώμεθα.
1858 437 1923 487 Χ.

2039 452 2149 490 eam
2211 445 2265 490 et
2310 438 2516 500 peccati
2574 446 2854 504 expertem
2907 451 2937 490 a
3000 435 3225 491 Domino
3278 434 3600 506 ﬂagitemus.

353 526 668 594 Παράσχου,
693 524 885 595 Κύριε.

430 614 693 683 Ἀγγελον
759 615 1004 685 εἰρήνης,
1060 614 1249 667 πιστὸν
1294 614 1508 685 ὁδηγὸν,
1567 613 1779 683 φύλακα
1824 614 1930 666 τῶν

354 706 540 779 ψυχῶν
572 708 665 758 καὶ
704 705 813 758 τῶν
859 705 1125 775 σωμάτων
1157 705 1333 775 ἡμῶν,
1380 705 1528 775 παρά
1583 704 1678 758 τοῦ
1725 706 1930 775 Κυρίου

357 797 723 868 αίτησώμεθα.
750 798 816 849 Χ.
841 797 1151 867 Παράσχου,
1177 796 1347 869 Κύριε

428 884 764 955 Συγγνώμην
789 885 883 937 καὶ
924 884 1115 953 ἄφεσιν
1146 885 1254 940 τῶν
1285 886 1567 957 ἁμαρτιῶν
1610 887 1704 938 καὶ
1748 885 1852 955 πλη
1864 904 1929 955 με

362 975 736 1047 μελημάτωνή
748 974 862 1044 μῶν
902 975 1053 1045 παρὰ
1090 974 1183 1027 τοῦ
1210 976 1413 1045 Κυρίου
1450 973 1818 1044 αἰτησώμεθα.
1862 977 1928 1028 Χ.

357 1068 669 1137 Παράσχου,
690 1064 883 1135 Κύριε.

429 1160 509 1211 Τὰ
552 1158 695 1211 καλά
745 1157 837 1210 καὶ
872 1157 1218 1228 συμφέροντα
1246 1160 1362 1221 ταῖς
1406 1156 1603 1227 ψυχαῖς
1633 1156 1809 1226 ἡμῶν,
1840 1158 1933 1209 καὶ

358 1250 582 1321 εἰρήνην
629 1248 708 1318 τῷ
736 1248 949 1318 κόσμῳ,
988 1248 1139 1319 παρά
1185 1246 1278 1300 τοῦ
1321 1247 1524 1318 Κύριον
1558 1246 1928 1317 αἰτησώμεθα.

362 1344 432 1396 Χ.
474 1341 785 1411 Παράσχου,
820 1339 1012 1410 Κύριε.

430 1434 535 1486 Τὸν
578 1432 865 1485 ὑπόλοιπον
910 1430 1097 1502 χρόνον
1142 1431 1241 1501 τῆς
1279 1430 1423 1500 ζωῆς
1462 1430 1615 1500 ἡμῶν
1650 1432 1706 1481 ὲν
1744 1431 1932 1500 εἰρήνῃ

362 1526 454 1577 καὶ
485 1522 743 1595 μετανοίᾳ
782 1522 1061 1575 ἐκτελέσαι
1104 1521 1255 1592 παρά
1277 1520 1367 1573 τοῦ
1394 1522 1598 1590 Κυρίου
1628 1521 1935 1591 αἰτησώμε-

365 1616 452 1669 θα.
494 1615 551 1667 '0
581 1630 700 1685 χορ.
738 1612 1053 1684 Παράσχου,
1086 1612 1276 1682 Κύριε.

428 1706 728 1778 Χριστιανά
783 1707 851 1758 τά
906 1705 1032 1776 τέλη
1090 1704 1187 1775 τῆς
1238 1704 1381 1774 ζωῆς
1435 1703 1611 1775 ἡμῶν,
1671 1703 1931 1765 ἀνώδυνα,

2035 526 2132 581 Ch.
2160 526 2379 591 Tribue,
2416 526 2660 581 Domine.

2100 618 2358 686 Angelum
2408 619 2573 686 pacis,
2628 617 2837 671 ﬁdelem
2886 618 3120 685 ducem,
3159 621 3432 671 custodem
3488 621 3605 671 ani-

2032 722 2241 761 marum
2285 718 2338 761 et
2388 723 2677 777 corporum
2731 718 3039 762 nostrorum
3069 726 3097 761 ιι
3135 708 3359 762 Domino
3395 709 3605 778 ﬂagite-

2032 814 2171 851 mus.
2197 798 2296 852 Ch.
2321 799 2539 863 Tribue,
2574 798 2816 851 Domine.

2103 888 2327 943 Veniam
2384 898 2438 942 ct
2484 890 2860 945 remissionem
2892 899 3235 958 peccatorum
3272 902 3326 945 et
3383 890 3602 943 delictu-

2034 994 2150 1032 rum
2194 991 2497 1035 nostrorum
2543 997 2573 1035 a
2622 982 2845 1036 Domino
2884 980 3207 1051 "agitemus.
3247 980 3345 1037 Ch.
3384 982 3602 1045 Tribue,

2034 1072 2277 1126 Domine.

2107 1163 2249 1216 Bona
2303 1175 2358 1218 et
2405 1166 2603 1220 animis
2650 1166 2850 1221 nostris
2898 1169 3273 1229 conducentia,
3309 1182 3370 1219 ac
3410 1165 3607 1219 mundo

2035 1267 2223 1320 pacem
2286 1270 2316 1307 a
2390 1253 2614 1309 Domino
2672 1255 2994 1325 ﬂagitemus.
3036 1257 3135 1314 Ch.
3189 1257 3418 1320 Tribue,
3494 1256 3603 1309 Do-

2036 1358 2200 1396 nune.

2112 1433 2398 1503 Reliquum
2448 1435 2575 1489 vita)
2640 1446 2836 1491 nostrae
2895 1446 3101 1504 tempus
3137 1438 3355 1503 transigi
3390 1438 3445 1491 in
3476 1450 3606 1505 pace

2039 1535 2094 1578 et
2172 1526 2531 1595 pmnitentia,
2612 1526 2935 1598 ﬂagitemus.
3001 1528 3100 1583 Cb.
3168 1528 3413 1594 Tribue,
3493 1526 3603 1581 Do-

2040 1631 2209 1669 ΙΙΞΙΠΒ.

2107 1707 2448 1763 Christianos
2498 1709 2623 1763 vitae
2678 1719 2873 1765 nostrae
2911 1712 3189 1775 terminos,
3243 1710 3363 1764 sine
3397 1710 3603 1773 dolore,

357 1798 778 1869 ἀνεπαίσχυντα,
830 1797 1100 1868 εἰρηνικὰ,
1140 1797 1231 1849 καὶ
1286 1795 1456 1867 καλὴν
1505 1796 1798 1864 ἀπολογίαν
1837 1796 1933 1865 τὴν

2039 1801 2151 1853 sine
2180 1800 2525 1865 confusione,
2555 1802 2892 1869 tranquillos,
2920 1814 2974 1855 et
3008 1807 3203 1856 bonam
3236 1802 3603 1856 defensionem

359 1891 454 1944 ἐπὶ
483 1890 575 1943 τοῦ
609 1888 840 1959 φοϐεροῦ
879 1888 1139 1960 βήματος,
1160 1888 1311 1959 παρά
1343 1887 1437 1940 τοῦ
1468 1888 1672 1958 Κυρίου
1702 1888 1936 1958 αἰτησώ-

361 1981 520 2052 μεθα.
551 1982 620 2037 Χ.
650 1982 963 2051 Παράσχου,
990 1980 1180 2050 Κύριε.

426 2074 539 2144 Τῆς
591 2073 881 2140 παναγίας,
937 2073 1228 2144 ἀχράντου,
1263 2071 1796 2143 ὑπερευλογημένης,
1846 2072 1933 2123 ἐν·

366 2164 518 2229 δόξου
539 2164 836 2233 Δεσποίνης
860 2165 892 2234 ή
901 2164 1013 2234 μῶν
1028 2164 1310 2228 Θεοτόκου,
1330 2164 1423 2216 καὶ
1442 2162 1798 2233 ἀειπαρθένου
1819 2164 1868 2214 Μ
1876 2179 1936 2215 α-

362 2256 505 2328 ρίας,
542 2254 683 2325 μετά
710 2254 923 2307 πάντων
948 2253 1056 2307 τῶν
1087 2253 1253 2320 ἁγίων
1288 2251 1776 2323 μνημονεύσαντες,
1807 2252 1935 2302 εαυ-

362 2349 485 2411 τοὺς
518 2347 611 2399 καὶ
647 2346 929 2417 ἀλλήλους,
962 2347 1056 2398 καὶ
1087 2348 1267 2399 πᾶσαν
1294 2346 1392 2416 τὴν
1426 2345 1569 2414 ζωὴν
1603 2342 1779 2412 ἡμῶν,
1801 2344 1936 2412 Χρι-

364 2439 474 2510 στῷ
503 2437 581 2510 τῷ
606 2438 723 2510 Θεῷ
754 2438 1143 2509 παραθώμεθα.
1181 2440 1247 2490 Χ.
1277 2437 1389 2503 Σοὶ,
1419 2436 1614 2506 Κύριε.

434 2615 545 2667 Καὶ
580 2614 608 2665 ὀ
648 2614 826 2683 ἱερεὺς
878 2612 1155 2680 ὲκφώνωςο
1190 2611 1312 2664 Ὅτι
1350 2608 1553 2678 ἀγαθὸς
1603 2609 1696 2660 καὶ
1744 2607 1932 2677 φιλάν-

363 2706 583 2778 θρωπος
615 2705 745 2768 Θεὸς
772 2705 1056 2775 ὑπάρχεις,
1094 2703 1185 2756 καί
1214 2719 1295 2754 σοι
1324 2702 1421 2772 τὴν
1437 2701 1591 2766 δόξαν
1618 2700 1935 2770 ἀναπέμποα

366 2816 491 2869 μεν,
514 2797 591 2868 τῶ
620 2798 814 2868 Πατρὶ,
837 2798 930 2849 καὶ
957 2795 1034 2866 τῷ
1068 2794 1202 2865 Υἱῷ,
1228 2796 1323 2847 καὶ
1351 2792 1429 2863 τῷ
1464 2792 1601 2861 ἁγίῳ
1635 2790 1930 2860 Πνεῦματι,

362 2890 459 2942 νῦν
524 2890 619 2941 καὶ
673 2889 778 2953 ἀεὶ,
830 2889 924 2941 καὶ
977 2890 1056 2949 εἰς
1102 2888 1225 2948 τοὺς
1292 2885 1493 2947 αίῶνας
1538 2883 1645 2935 τῶν
1700 2884 1928 2936 αἰώνων.

364 2984 432 3035 Χ.
526 2981 718 3053 Ἀμήν.
790 2981 847 3033 '0
917 2978 1132 3051 ἱερεύς·
1192 2979 1395 3048 Εἰρήνη
1456 2978 1607 3030 πᾶσι.
1682 2978 1749 3029 Χ.
1828 2975 1933 3027 Καὶ

366 3076 505 3148 μετά
561 3073 654 3128 τοῦ
717 3072 1021 3143 πνεύματός
1104 3088 1219 3127 σου.
1276 3072 1336 3125 '0
1379 3070 1521 3123 διάκ.
1587 3070 1695 3131 Τὰς
1764 3086 1931 3137 κεφα-

363 3169 460 3231 λὰς
507 3166 659 3239 ὑμῶν
740 3165 817 3237 τῷ
894 3166 1082 3236 Κυρίῳ
1149 3164 1385 3217 κλίνατε.

364 3261 558 3333 Κύριε.

434 3355 543 3407 Καὶ
566 3353 714 3421 λέγει
739 3354 769 3405 ὁ
802 3353 978 3424 ἱερεὺς
1008 3353 1106 3423 τὴν
1147 3351 1311 3422 εὐχὴν
1333 3351 1626 3421 μυστικῶς.

2040 1893 2091 1945 in
2144 1893 2419 1945 tremendo
2454 1891 2652 1946 ChriSti
2682 1894 2953 1959 tribunali,
2980 1912 3007 1946 a
3038 1894 3261 1946 Domino
3287 1894 3603 1963 “agitemus.

2036 1982 2246 2036 Chorus
2275 1998 2292 2037 :
2336 1983 2553 2049 Tribue,
2582 1985 2822 2038 Domine.

2110 2072 2498 2137 Sanctissimae,
2569 2074 2923 2139 intemeratae,
2997 2089 3160 2142 super
3209 2089 3395 2128 omnes
3442 2076 3604 2127 bene-

2036 2162 2213 2224 dictae,
2246 2163 2497 2229 gloriosze
2533 2163 2771 2216 Domina:
2810 2175 3010 2217 nostra:
3070 2164 3313 2233 Delpara:
3359 2181 3605 2233 semper-

2037 2266 2142 2320 que
2169 2252 2396 2318 virginis
2427 2252 2608 2306 Mariaa
2643 2268 2705 2307 ac
2763 2254 3002 2306 omnium
3048 2267 3360 2307 sanctorum
3405 2271 3608 2308 memo-

2035 2345 2170 2397 riam
2205 2354 2447 2413 agentes,
2497 2361 2596 2399 nos
2645 2346 2807 2415 ipsos,
2841 2355 2894 2398 et
2947 2348 3198 2409 invicem,
3232 2358 3281 2400 et
3316 2348 3480 2398 vitam
3515 2361 3609 2399 no—

2034 2442 2201 2488 stram
2271 2444 2435 2488 totam
2504 2435 2725 2489 Christo
2785 2435 2896 2489 Deo
2956 2439 3417 2491 commendemus.
3503 2435 3605 2489 Ch.

2035 2526 2177 2589 Tibi,
2203 2526 2449 2580 Domine.

2106 2616 2229 2670 105.
2263 2617 2328 2669 Et
2376 2615 2632 2669 sacerdos
2674 2614 2901 2669 elatiore
2948 2629 3081 2668 voce
3122 2615 3353 2668 succinit
3410 2633 3424 2668 :
3476 2614 3610 2681 Quia

2035 2706 2207 2762 bonus
2232 2717 2285 2760 et
2317 2720 2508 2759 amans
2535 2705 2813 2759 hominum
2852 2705 2995 2759 Deus
3020 2706 3261 2769 cxsistis,
3289 2716 3342 2759 et
3376 2707 3467 2761 tibi
3497 2707 3611 2776 glo-

2037 2800 2173 2851 riam
2230 2797 2599 2862 attribuimus,
2636 2795 2807 2863 Patri,
2838 2804 2893 2850 et
2920 2795 3082 2861 Filio,
3119 2807 3174 2851 et
3229 2797 3451 2864 Spiritui
3482 2812 3612 2851 sau-

2036 2898 2145 2953 cto,
2188 2903 2330 2943 nunc
2400 2898 2455 2942 et
2508 2901 2745 2956 semper,
2791 2895 2846 2941 et
2907 2888 2961 2941 in
3015 2887 3211 2943 saecula
3264 2888 3607 2942 saeculorum.

2034 2982 2262 3037 Chorus.
2333 2982 2526 3035 Amen.
2578 2979 2885 3036 Sacerdos:
2938 2980 3050 3035 Pax
3100 2981 3369 3037 omnibus.
3411 2980 3510 3037 Ch.
3546 2980 3615 3034 Et

2036 3090 2158 3128 cum
2185 3075 2377 3145 Spiritu
2423 3083 2531 3128 tuo.
2564 3072 2834 3128 Diaconus
2870 3092 2884 3126 :
2913 3073 3199 3128 Humiliate
3225 3074 3399 3143 capita
3434 3083 3614 3128 vestra

1498 3163 1555 3215 Ὀ
1603 3179 1721 3232 χορ.
1802 3163 1891 3215 Σοὶ
1916 3200 1930 3227 ,
1961 3144 2003 3202 G
2037 3167 2166 3222 Deo.
2198 3144 2440 3221 Chorus:
2473 3165 2611 3231 Tibi,
2653 3166 2894 3221 Domine.

2114 3347 2181 3400 Et
2205 3345 2459 3400 sacerdos
2480 3351 2690 3398 secreto
2714 3343 2848 3398 dicit
2871 3343 3174 3400 orationem

435 3448 610 3504 Couu.
646 3447 772 3502 HiBC
796 3448 1002 3513 Oratio,
1038 3430 1490 3515 Κεφαλοκλισίας,
1521 3450 1633 3502 sive
1660 3467 1678 3499 ι
1721 3448 1913 3517 capitis

2039 3444 2314 3501 linationis
2344 3460 2364 3492 ι
2402 3450 2771 3509 nuncupatur,
2804 3450 2859 3493 et
2888 3440 2964 3494 ita
2988 3451 3147 3495 sonat
3174 3458 3189 3496 ε

437 3542 608 3613 Κύριε
640 3542 668 3593 ὀ
689 3540 819 3602 Θεὸς
848 3539 1025 3610 ήμῶν,
1054 3539 1083 3590 ὁ
1109 3539 1294 3602 κλίνας
1316 3541 1577 3610 οὐρανοὺς
1626 3542 1719 3593 καὶ
1779 3558 1939 3593 κατα-

366 3635 466 3698 σάς
498 3634 591 3687 ἐπὶ
622 3632 866 3704 σωτηρία
906 3631 1000 3685 τοῦ
1050 3633 1239 3700 γένους
1281 3634 1389 3684 τῶν
1436 3631 1755 3704 ἀνθρώπων,
1790 3633 1938 3685 ἔπιδε

365 3728 458 3779 ἐπὶ
493 3725 618 3788 τοὺς
642 3724 856 3787 δούλους
884 3741 997 3787 σου,
1034 3726 1128 3776 καὶ
1164 3725 1255 3777 ἐπὶ
1291 3726 1389 3794 τὴν
1420 3724 1783 3795 κληρονομίαν
1824 3741 1934 3778 σου·

367 3819 451 3871 σοὶ
471 3818 577 3888 γὰρ
604 3816 680 3886 τῷ
711 3814 925 3886 φοϐερῷ
941 3815 1034 3868 καὶ
1065 3814 1430 3885 φιλανθρώπῳ
1464 3816 1625 3885 κριτῇ
1659 3817 1707 3866 oi
1727 3815 1810 3866 σοὶ
1830 3814 1941 3866 δοῦ-

365 3907 445 3958 λοι
468 3905 757 3959 ὑπέκλιναν
786 3905 883 3966 τὰς
918 3902 1177 3970 κεφαλὰς,
1209 3904 1333 3964 τοὺς
1362 3902 1417 3953 δὲ
1458 3902 1633 3954 αὐτῶν
1664 3898 1940 3965 ὑπέταξαν

366 3997 616 4067 αὐχένας,
639 3997 699 4048 οὐ
731 3994 830 4065 τὴν
856 3994 911 4060 ἐξ
942 3991 1242 4064 ἀνθρώπων
1278 3993 1637 4062 ἀναμένοντες
1664 3991 1934 4062 βοήθειαν,

366 4089 501 4143 ἀλλὰ
526 4088 584 4141 τὸ
624 4087 713 4140 σὺν
742 4084 1127 4157 περιμένοντες
1161 4083 1330 4145 ἔλεος,
1373 4084 1465 4135 καὶ
1483 4082 1579 4154 τὴν
1612 4083 1707 4153 σὴν
1749 4082 1940 4134 ὑποδε-

368 4181 583 4253 χόμενοι
614 4178 901 4250 σωτηρίαν·
921 4176 1014 4240 οὒς
1028 4173 1349 4243 διαφύλαξον
1373 4176 1429 4226 ὲν
1454 4174 1616 4227 παντὶ
1634 4174 1828 4245 καιρῷ,
1850 4172 1942 4224 καὶ

368 4272 507 4325 κατὰ
552 4270 650 4343 τὴν
694 4268 973 4340 παροῦσαν
1026 4268 1282 4337 ἑσπέραν,
1342 4267 1434 4318 καὶ
1468 4266 1565 4336 τὴθ
1612 4265 1941 4336 προσιοῦσαν

370 4363 562 4429 νύκτα,
595 4362 702 4415 ἀπὸ
739 4361 938 4422 παντὸς
965 4358 1178 4429 ἐχθροῦ,
1216 4357 1322 4409 ἀπὸ
1352 4356 1531 4426 πάσης
1563 4357 1942 4427 ἀντικειμένης

369 4455 673 4526 ἐνεργείας,
719 4452 1080 4521 διαλογισμῶν
1114 4449 1375 4520 ματαίων,
1432 4450 1524 4500 καὶ
1569 4449 1937 4519 ἐνθυμήσεων.

368 4544 499 4597 Εἶτα
533 4546 801 4613 ὲκφωνεῖε
840 4542 939 4612 Εἴη
969 4543 1029 4594 τὸ
1055 4542 1254 4612 κράτος
1286 4541 1385 4611 τῆς
1413 4539 1687 4610 βασιλείας
1713 4557 1805 4592 σου
1850 4541 1937 4592 εὐ-

366 4637 664 4708 λογημένον
709 4637 803 4689 καὶ
848 4633 1252 4705 δεδοξασμένον,
1288 4632 1381 4685 τοῦ
1420 4632 1653 4703 Πατρὸς,
1709 4631 1805 4685 κα1¹
1849 4631 1943 4684 τοῦ

368 4729 524 4796 Υίοῦ,
554 4729 649 4782 καὶ
678 4728 772 4779 τοῦ
800 4726 953 4794 ἁγίου
984 4725 1319 4795 Πνεύματος,
1362 4723 1457 4778 νῦν
1483 4724 1575 4776 καὶ
1607 4724 1712 4787 ἀεὶ,
1748 4724 1838 4776 καὶ
1867 4726 1946 4786 εἰς

367 4821 494 4882 τοὺς
514 4818 713 4879 αἰῶνας
746 4816 853 4869 τῶν
874 4815 1105 4870 αἰώνων.
1155 4815 1347 4885 ’Δμήν.

1968 4812 2014 4867 D

2110 3535 2335 3592 Domine
2386 3533 2525 3587 Deus
2568 3540 2769 3595 noster,
2826 3534 2918 3602 qui
2972 3535 3245 3589 inclinatis
3281 3538 3436 3593 ccelis
3487 3554 3613 3607 pro-

2045 3641 2166 3703 pter
2198 3628 2426 3684 salutem
2462 3626 2681 3680 humani
2731 3628 2948 3696 generis
2998 3629 3367 3693 descendisti,
3406 3635 3613 3702 respice

2040 3723 2269 3779 famulos
2299 3731 2417 3775 tuos
2447 3730 2500 3774 et
2523 3720 2894 3775 hasreditatem
2930 3731 3074 3775 tuam
3103 3740 3121 3776 :
3151 3724 3243 3776 tibi
3300 3726 3466 3791 enim,
3506 3737 3612 3783 tre-

2042 3814 2235 3869 mendo
2265 3812 2424 3869 simul
2453 3827 2516 3866 ac
2556 3812 2789 3882 benigno
2818 3811 3012 3881 judici,
3044 3817 3117 3868 tui
3157 3816 3339 3868 famuli
3372 3817 3607 3872 inclina-

2040 3915 2167 3959 runt
2192 3906 2395 3975 capita,
2424 3914 2477 3959 et
2517 3918 2645 3958 suas
2679 3906 3048 3960 submiserunt
3071 3909 3341 3974 cervices;
3408 3927 3513 3963 non
3545 3913 3613 3965 ab

2040 3998 2352 4053 hominibus
2400 4007 2681 4066 sperantes
2728 3999 2987 4052 auxilium
3015 4040 3030 4063 ,
3065 4000 3158 4054 sed
3189 4012 3329 4054 tuam
3384 4014 3612 4071 praesto-

2042 4088 2216 4144 lantes
2247 4090 2698 4154 misericordiam,
2730 4099 2784 4142 et
2828 4096 2972 4144 tuam
3014 4092 3243 4146 salutem
3296 4106 3613 4164 exspectan-

2044 4186 2126 4233 tes
2158 4194 2173 4232 :
2201 4192 2338 4246 quos
2372 4177 2582 4233 custodi
2616 4179 2761 4231 Oll‘tlli
2820 4189 3061 4249 tempore
3111 4193 3165 4235 et
3212 4185 3312 4236 hoc
3362 4190 3614 4253 praesenti

2043 4280 2267 4336 vespere
2291 4306 2308 4334 ,
2339 4275 2391 4321 et
2447 4267 2547 4321 hac
2581 4278 2833 4321 secutura
2870 4280 3028 4323 nocte
3081 4272 3151 4325 ab
3193 4273 3335 4325 omni
3367 4274 3613 4340 inimico,

2043 4356 2112 4412 ab
2135 4356 2281 4410 omni
2314 4357 2579 4411 diabolica
2632 4357 3054 4424 machinatione,
3110 4377 3138 4415 a
3203 4364 3615 4431 cogitationibus

2053 4448 2230 4513 vanis,
2289 4459 2345 4503 et
2401 4450 2585 4517 pravis
2632 4448 2938 4505 affectibus.
3006 4451 3206 4506 Deinde
3258 4455 3433 4509 altiori
3491 4468 3615 4510 tono

2044 4541 2176 4596 dicit
2211 4559 2225 4596 :
2258 4541 2341 4595 Sit
2370 4540 2516 4611 regni
2567 4542 2639 4595 tui
2692 4542 2928 4610 potentia
2965 4543 3247 4598 benedicta
3312 4556 3365 4599 et
3409 4546 3614 4615 gloriﬁ-

2046 4642 2193 4700 cata,
2243 4632 2442 4698 Patris,
2483 4641 2537 4686 et
2574 4633 2718 4699 Filii,
2751 4642 2809 4689 et
2843 4634 3078 4703 Spiritus
3118 4638 3327 4701 sancti,
3364 4654 3507 4693 nunc
3562 4648 3617 4694 et

2047 4739 2283 4794 semper,
2320 4734 2377 4779 et
2414 4726 2466 4778 in
2496 4724 2691 4779 saecula
2721 4727 3062 4782 saeculorum.
3091 4728 3281 4785 Amen.

1634 4908 1995 4979 Prosequitur
2022 4909 2306 4981 Typicum.

438 5005 553 5062 Εἶθ’
614 5008 757 5060 οὕτω
823 5006 1097 5077 ψάλλομεν
1135 5005 1206 5059 τὰ
1257 5004 1497 5076 ίδιὸμελα
1540 5003 1631 5057 τοῦ
1673 5006 1813 5059 κατὰ
1850 5007 1936 5079 τὴι

2123 5003 2245 5058 106.
2308 5002 2443 5055 Tum
2492 5000 2771 5070 psallimus
2815 5001 3065 5057 idiomela
3110 5003 3254 5058 illius
3306 5007 3478 5060 sancti
3524 5011 3617 5076 qui

367 5099 578 5169 ἡμέραν
595 5097 773 5165 ἁγίου,
791 5096 1157 5160 λιτανεύοντες
1171 5097 1231 5148 ἐν
1250 5095 1327 5167 τῷ
1353 5095 1609 5166 νάρθηκι,
1632 5094 1726 5146 τοῦ
1757 5096 1936 5166 ἱερέως

2046 5111 2113 5151 eo
2140 5095 2225 5150 die
2249 5092 2466 5157 colitur,
2500 5092 2764 5146 facientes
2798 5092 3201 5161 processionem
3251 5094 3301 5146 in
3336 5098 3615 5159 narthece,

366 5190 462 5242 καὶ
489 5188 582 5242 τοῦ
612 5189 858 5241 διακόνου
880 5186 1370 5259 προπορευομένων
1403 5184 1543 5257 μετά
1569 5184 1831 5255 θυμιατοῦ
1851 5187 1936 5239 καὶ

2045 5186 2417 5256 praeeuntibus
2449 5183 2736 5239 sacerdote.
2787 5193 2843 5238 et
2895 5184 3121 5239 diacono
3160 5201 3281 5239 cum
3342 5187 3618 5240 tbuiibulo

367 5277 433 5329 λα
443 5277 668 5347 μπάδων
676 5316 691 5331 .

2045 5292 2109 5331 ac
2158 5276 2515 5344 lampadibus.

440 5368 616 5422 Cous.
652 5370 784 5423 Hinc
810 5369 1049 5433 adverte,
1080 5368 1288 5423 erudite
1308 5367 1504 5441 lector,
1532 5370 1631 5423 has
1659 5385 1817 5423 voces
1848 5370 1936 5422 Λιτ

2039 5370 2292 5422 Λιτανεία
2320 5381 2373 5421 et
2397 5368 2730 5433 Λιτανεύειν,
2780 5370 2918 5437 apud
2948 5369 3175 5441 Grrccos
3214 5370 3618 5424 ecclesiasticos

370 5453 477 5509 non
508 5441 757 5509 usurpari
786 5441 838 5493 in
870 5441 1126 5508 primaeva
1156 5454 1251 5493 Sua
1274 5438 1694 5507 significatione,
1714 5455 1833 5509 qua:
1863 5451 1948 5494 est
1971 5438 2003 5491 ἰ
2036 5456 2226 5507 preces
2266 5459 2284 5491 ι
2314 5448 2368 5493 et
2398 5458 2416 5489 ‹
2453 5444 2689 5509 precari;
2722 5459 2739 5491 ι
2778 5441 2871 5493 sed
2904 5441 2954 5492 in
2986 5439 3113 5495 alia.
3145 5440 3314 5495 Sonat
3348 5443 3488 5493 enim
3513 5442 3619 5495 cir-

368 5507 605 5580 cu_it_um_
636 5508 806 5572 illum,
839 5525 998 5580 quem
1048 5509 1228 5580 Latini
1278 5509 1639 5580 ecclesiastici
1672 5529 1689 5561 ι
1718 5507 2130 5580 processionem
2172 5529 2191 5562 ι
2226 5521 2559 5578 nuncupant.
2588 5508 2750 5575 Quid,
2781 5511 2925 5577 quod
2982 5510 3150 5562 etiam
3202 5510 3253 5562 hi
3286 5511 3387 5564 hoc
3420 5526 3616 5565 nomen

374 5593 395 5629 ι
429 5576 659 5651 Litanizt
683 5595 834 5651 {non
856 5576 1094 5651 raro_sic
1125 5587 1442 5651 usurpent;
1477 5578 1676 5651 quippe
1705 5576 1785 5651 (ut
1812 5580 2182 5651 Anastasium,
2227 5576 2565 5639 Aimoinum,
2615 5576 2859 5651 aliosque
2912 5580 3109 5651 inultos
3161 5581 3356 5634 tacitus
3394 5593 3615 5648 prmtcr—

367 5646 514 5717 eam)
540 5648 663 5701 audi
701 5648 946 5717 Magnum
977 5646 1300 5716 Gregorium
1334 5649 1494 5717 epist.
1519 5647 1575 5717 2.
1616 5646 1722 5702 lib.‘
1746 5664 1803 5715 ιι,
1828 5649 2108 5715 jubentem
2143 5659 2390 5716 tempore
2436 5646 2785 5701 mortalitatis
2827 5647 2941 5702 ﬁeri
3000 5657 3203 5717 septem
3240 5646 3619 5716 procescxiont-s

368 5716 584 5773 diviSim
624 5716 924 5774 secundum
952 5727 1153 5785 status,
1186 5732 1293 5774 uno
1324 5716 1450 5773 die:
1502 5736 1519 5769 ι
1552 5716 1760 5775 Litania
1793 5720 2112 5775 clericorum
2150 5720 2370 5789 (inquit)
2402 5728 2556 5774 exeat
2592 5718 2659 5774 ab
2691 5719 2919 5775 ecclesia
2944 5718 3029 5773 .B.
3060 5716 3285 5777 Joannis
3325 5721 3616 5790 Baptistae;
