4076 6226
429 335 596 376 cccxt.
1769 297 2307 360 PROLEGOMENA.

422 437 610 492 litania
643 437 900 495 virorum,
927 432 994 484 ah
1019 428 1248 483 ecclesia
1279 427 1340 481 Β.
1371 425 1628 496 martyris
1653 422 1928 496 Marcelli;
1956 421 2141 474 [itania
2171 416 2588 496 monachornm.
2617 412 2722 492 τι).
2739 407 2970 496 ecclesia
2999 414 3308 496 martyrum
3356 398 3578 483 ‘oannis
3604 407 3662 453 et

423 471 554 492 sua"
581 471 610 491 α
651 471 879 490 πιιυιυιιι
927 471 994 484 II"
1019 471 1248 483 υνν-υυ--ι-
1283 471 1340 481 υ.
1373 471 1511 480 --..—..
1555 471 1627 479 ν...
1654 471 1755 477 ---..-
1776 471 1889 478 vv---
1914 471 1928 485 ,
1956 471 2014 474 υ-
2058 471 2140 472 κηη
2579 471 2584 473 ς

423 471 610 572 Pauli;
644 507 828 560 litania
858 473 1323 572 aiicillartnn_Dei,
1349 499 1422 552 ab
1451 471 1680 550 ecclesia
1709 495 1810 546 BB.
1843 503 2135 562 martyrum
2164 489 2370 542 Cosmte
2395 495 2451 539 et
2479 481 2724 537 Damiani
2751 497 2765 545 ;
2789 477 2973 533 litania
2999 471 3318 572 feminarum:
3345 471 3665 539 coniugata-

1448 571 1451 572 ,
1516 565 1544 572 ι.
1649 566 1659 572 .
1763 565 1773 572 .
1851 563 1879 572 ..
1988 563 1996 572 .
2099 562 2108 570 -
2137 559 2146 572 ι
2330 571 2333 572 ,
2445 556 2467 572 l,
2515 552 2727 572 ___|__:-
2764 549 3015 572 -_-,_...-...2..
3097 547 3168 572 ζα..
3201 545 3242 572 ἔρ
3267 561 3276 571 ι
3329 541 3493 572 ἷιηιιῖιι
3525 555 3659 572 ηιιιι-

426 563 569 641 rum,
599 563 670 631 ab
697 574 922 628 ecclesia
955 572 1010 624 Β,
1044 569 1204 641 primi
1234 571 1489 641 n_iar_tyr_is
1513 565 1774 641 Stephani
1798 563 2035 641 ;n|ita_nia
2063 575 2090 611 v

426 633 613 716 pernm
650 657 702 699 et
730 633 1134 716 infantinm,'ah
1164 633 1391 716 ecclesia
1423 637 1486 716 _B.
1515 637 1772 716 martyris
1806 633 2052 716 omnm;

426 700 709 783 significat.
752 700 1051 783 Dieaulem
1086 709 1169 783 his
1203 709 1377 761 tribus
1404 700 1718 760 doctoribus
1745 718 1905 758 sacro
1951 703 2003 754 in
2037 700 2068 752 λ

429 777 668 858 ίδὶόμελα
697 785 801 839 Nili
829 777 1191 846 Xanthopuli.

1081 869 1265 923 Tonn's
1294 867 1349 922 ‘2.

501 967 626 1022 107.
697 966 813 1020 [Inc
866 967 1030 1034 agite,
1097 960 1336 1015 cmlestis
1385 957 1668 1011 Trinitatis
1712 954 1993 1018 cultores;

433 1061 798 1115 collaudemus
827 1065 1140 1111 terrestrem
1197 1052 1492 1105 trinitatem
1525 1048 1828 1101 divinorum
1861 1045 2000 1098 anti-

433 1159 617 1212 stitum
644 1174 658 1210 :
691 1154 1009 1223 Gregorium
1053 1156 1414 1218 cognomento
1447 1141 1805 1209 Theologum,
1845 1140 2000 1192 Basi-

435 1251 564 1305 lium
595 1250 878 1304 ducentem
911 1260 938 1297 a
971 1257 1135 1311 regno
1174 1253 1367 1292 nomen
1398 1277 1415 1303 ,
1466 1245 1520 1288 et
1550 1250 1579 1287 a
1610 1233 1784 1302 gratia
1835 1230 2004 1285 Joan-

437 1357 600 1404 nem;
655 1341 790 1393 imos
844 1336 1082 1406 gurgites
1139 1331 1452 1399 sapientiae;
1505 1326 1742 1394 Spiritus
1795 1323 2001 1376 marina

436 1431 673 1497 ﬂuenta;
711 1431 886 1482 fontes
945 1440 1095 1493 aqum
1134 1422 1328 1475 vivida:
1375 1421 1686 1489 jugiterqne
1717 1414 2001 1477 salientis;

439 1523 644 1577 lucidas
677 1520 1032 1587 margaritas;
1067 1515 1345 1569 terrestria
1392 1511 1714 1571 luminaria;
1752 1507 2008 1562 Ecclesia:

440 1613 840 1686 gubernacula;
869 1609 1274 1679 splendidorum
1308 1606 1578 1658 fructuum
1612 1603 1821 1656 feraces
1853 1601 2011 1652 arho~

442 1724 562 1773 res;
588 1705 938 1760 administros
981 1701 1202 1772 gratiae;
1239 1714 1302 1753 os
1333 1697 1577 1760 Christi;
1616 1693 1860 1748 vindices
1885 1691 2009 1744 Tri-

442 1800 660 1865 nitatis;
690 1797 758 1852 ab
791 1797 980 1850 eadem
1009 1794 1125 1849 sine
1158 1792 1317 1846 ullius
1347 1791 1651 1843 interventu
1679 1785 2010 1846 illustratos;

441 1902 496 1944 et
526 1887 738 1944 a'ssidne
776 1903 876 1958 pro
908 1885 1113 1941 nostris
1148 1883 1434 1937 animabus
1463 1888 1706 1934 orantes.

1045 2138 1186 2190 Idem
1230 2145 1409 2188 tonus.

2035 871 2083 923 Α

2099 541 2367 618 iiiuarum,
2411 556 2476 608 ab
2504 552 2732 606 ecclesia
2754 541 3018 618 martyris
3053 545 3245 598 Vitalis
3267 561 3282 608 ',
3308 541 3495 618 litania
3525 555 3661 608 pau-

2093 649 2112 680 ›
2143 628 2238 680 Ubi
2265 626 2324 678 τὸ
2356 612 2378 675 ’‹
2417 624 2597 676 litania
2632 641 2650 672 ι
2685 621 2827 673 aliud
2857 612 2990 671 nihil
3035 624 3227 684 praeter
3260 612 3664 684 processioiiem

2073 676 2176 770 ιτῇ-
2193 676 2317 751 sive
2337 697 2684 765 processione
2725 676 3096 744 recitabantur
3124 676 3403 752 sequentia
3431 676 3670 750 στιχηρά

2759 845 2932 918 Ἦχος
2955 846 3021 916 β’.

2173 949 2356 1007 Δεῦτε.
2407 949 2505 1018 τῆς
2545 942 2796 1016 οὐρανίου
2844 939 3074 1012 Τριάδος
3108 938 3159 991 oi
3218 933 3531 1007 λατρευταὶ,
3582 931 3678 1002 τὴν

2106 1040 2343 1107 ἐπίγειον
2373 1037 2564 1108 τριάδα
2596 1035 2703 1087 τῶν
2745 1031 2904 1084 θείων
2940 1027 3204 1100 ἱεραρχῶν
3252 1025 3679 1095 εὐφημήσωμεν,

2107 1131 2197 1184 τὸν
2235 1128 2536 1201 Γρηγόριον
2563 1126 2664 1196 τῆς
2694 1123 2971 1192 θεολογίας
2990 1122 3082 1173 τὸν
3111 1117 3413 1187 ὲπιὶινυμον,
3446 1116 3535 1168 τὸν
3573 1115 3681 1166 Βα-

2110 1224 2304 1275 σίλειον
2350 1221 2448 1292 τῆς
2494 1218 2767 1289 βασιλείας
2791 1214 2880 1268 τὸν
2919 1212 3260 1283 φερώνυμον,
3299 1210 3394 1262 καὶ
3433 1207 3683 1278 Ἰωάννην

2107 1316 2200 1367 τὸν
2233 1313 2397 1375 ὅντως
2425 1309 2819 1382 χαριτώνυμον,
2855 1309 2976 1369 τοὺς
3003 1306 3098 1375 τῆς
3122 1304 3310 1373 σοφίας
3346 1301 3558 1372 βυθοὺς,
3591 1298 3684 1354 τοῦ

2111 1405 2252 1458 Πνεύ
2262 1421 2429 1475 ματος
2450 1403 2518 1456 τὰ
2544 1401 2733 1472 ῥεῖθρα
2748 1401 2816 1452 τὰ
2837 1397 3136 1469 ὠκειανικὰ,
3165 1396 3262 1458 τὰς
3287 1393 3469 1465 πηγὰς
3483 1392 3581 1454 τὰς
3599 1391 3686 1445 ἀεὶ

2115 1497 2432 1566 βλυζούσας,
2461 1495 2522 1547 τὸ
2553 1493 2696 1563 ὕδωρ
2735 1492 2795 1544 τὸ
2825 1490 2932 1553 ζῶν
2963 1489 3024 1542 τὸ
3057 1487 3364 1557 ἁλλόμενον,
3389 1485 3510 1547 τοὺς
3535 1484 3689 1537 διαυ-

2113 1593 2229 1658 γεῖς
2266 1587 2624 1660 μαργαρίτας,
2647 1585 2773 1646 τοὺς
2801 1581 3076 1650 ἐπιγείους
3099 1579 3413 1650 φωστῆρας,
3443 1578 3541 1647 τῆς
3565 1575 3691 1628 Ἐκ-

2116 1682 2344 1752 κλησίας
2392 1681 2517 1742 τοὺς
2563 1679 2770 1738 οἴακας,
2801 1675 2868 1727 τὰ
2901 1673 3267 1742 ἀγλαόκαρπα
3310 1670 3522 1740 δένδρα,
3563 1668 3690 1732 τοὺς

2118 1770 2432 1840 οἰκονόμους
2456 1769 2556 1836 τῆς
2581 1767 2821 1837 χάριτος,
2852 1762 3091 1836 Χριστοῦ
3123 1763 3183 1816 τὸ
3208 1761 3406 1832 στόμα,
3458 1759 3552 1813 καὶ
3592 1758 3691 1828 τῆς

2120 1861 2348 1932 Τριάδος
2381 1860 2504 1922 τοὺς
2532 1857 2906 1928 ὑπερμάχους,
2935 1855 3058 1916 τοὺς
3087 1853 3146 1917 ἐξ
3177 1853 3344 1924 αὐτῆς
3369 1850 3587 1922 ἀμέσως
3608 1847 3695 1901 ὲλο

2119 1952 2523 2022 λαμπομένους,
2553 1950 2646 2002 καὶ
2678 1949 3084 2020 πρεσϐεύοντας
3110 1949 3404 2014 ἀπαύστως
3433 1948 3575 2019 ὑπὲρ
3587 1945 3697 2000 τῶν

2122 2045 2308 2115 ψυχῶν
2337 2043 2516 2114 ἡμῶν.

2777 2134 2834 2188 Ὁ
2874 2131 3056 2197 αὐτός.

519 2233 642 2289 108.
712 2234 983 2287 Accensos
1052 2233 1119 2285 ah
1196 2231 1320 2299 igne
1392 2227 1686 2282 inevitabili
1759 2226 2024 2280 carbones

2199 2227 2338 2289 Τοὺς
2369 2225 2705 2294 ἁναφθὲντας
2745 2225 3021 2297 ἄνθρακας
3053 2227 3118 2277 ὲκ
3147 2222 3240 2276 τοῦ
3286 2221 3548 2276 ἀστέκτου
3597 2237 3672 2274 πυ

453 2324 681 2379 fideliter
731 2323 1105 2390 prwdicemus,
1138 2322 1228 2390 qui
1280 2334 1376 2387 per
1429 2319 1547 2371 illos
1591 2315 1888 2370 collu5trati
1935 2328 2024 2367 su-

455 2431 593 2470 mus.
621 2414 683 2467 lli
708 2414 876 2476 enim,
907 2429 1004 2482 per
1042 2429 1160 2465 eam
1195 2427 1354 2480 quam
1385 2409 1658 2463 habebant
1691 2421 1812 2460 cum
1835 2405 2025 2460 eodem

453 2505 890 2574 coniunctionem
927 2502 1242 2556 inflammati
1269 2507 1594 2564 ,evaserunt
1633 2496 1820 2551 mundi
1865 2495 2028 2548 lumi-

453 2614 523 2654 na
549 2614 567 2664 ;
592 2597 925 2665 vitalemqne
949 2594 1276 2664 pauperibus
1309 2592 1560 2643 virtutem
1588 2589 1903 2657 largientes,
1925 2585 2030 2639 Pa-

455 2703 616 2755 trem,
651 2698 700 2742 et
729 2687 951 2750 Filium,
983 2696 1039 2740 et
1069 2685 1332 2754 Spiritum
1376 2689 1649 2744 sanctum,
1677 2679 1764 2748 pie
1789 2677 2031 2746 promul-

454 2787 654 2849 garunt
688 2795 701 2830 :
737 2792 874 2845 quos
913 2785 970 2830 et
999 2792 1096 2829 nos
1134 2773 1514 2841 compelleinns
1547 2791 1562 2828 :
1596 2769 1753 2824 Salve
1780 2768 2031 2848 ’Trinita-

459 2874 530 2926 tis
570 2871 808 2934 trinitas,
841 2882 1022 2922 rerum
1057 2865 1358 2919 divinarum
1391 2862 1720 2933 intelligens.
1780 2844 1784 2848 r

1029 2954 1210 3009 Totius
1244 2953 1352 3006 obl.
1382 2952 1440 3006 9...

542 3049 668 3105 109.
719 3047 1070 3117 Triplicatam
1121 3045 1343 3098 Davidis
1407 3043 1664 3109 fundam,
1730 3041 2038 3097 Salomonis

463 3141 765 3196 ianiculum
798 3141 1110 3193 coccineum
1140 3175 1156 3201 ,
1188 3136 1347 3189 Verbi
1390 3134 1662 3205 ﬂagellum
1710 3135 1925 3202 triplex,
1951 3150 2037 3188 sa-

465 3235 677 3304 pientes
693 3229 972 3300 prtesules,
994 3227 1250 3280 Basiliam
1289 3239 1562 3294 magnum,
1593 3224 1916 3294 Gregorium
1947 3225 2035 3278 di-

465 3330 672 3393 vinum,
707 3325 970 3380 Joannem
1001 3336 1167 3376 aureo
1199 3330 1472 3373 tonantem
1501 3333 1618 3382 ore,
1656 3317 2040 3384 ﬁdeliterprae—

468 3420 734 3472 dicemus.
769 3416 903 3470 Nam
961 3414 1304 3475 Goliathum,
1338 3412 1429 3480 qui
1468 3410 1652 3463 animo
1705 3410 1949 3464 cernitur
1989 3417 2043 3463 et

471 3519 654 3566 mente
697 3507 1032 3578 intelligitur,
1080 3504 1325 3574 angulari
1379 3503 1556 3573 lapide
1595 3483 2036 3569 prostraverunt,

2128 2319 2218 2390 ρος
2251 2321 2298 2372 oi
2330 2318 2418 2371 διὰ
2455 2317 2634 2372 αὐτῶν
2676 2318 3036 2386 φωτισθέντες
3071 2316 3274 2378 πιστῶς
3308 2316 3704 2385 ἀνευφημήσω-

2132 2427 2250 2481 μεν*
2287 2403 2434 2462 οῦτοι
2466 2410 2575 2479 γὰρ
2614 2411 2680 2480 τῇ
2714 2409 2853 2480 πρὸς
2884 2407 3016 2460 αὐτὸ
3044 2405 3236 2459 ἑνώσει
3267 2404 3701 2477 ὲκπυρωθέντες,

2129 2504 2416 2573 φωστῆρες
2442 2502 2535 2555 τοῦ
2563 2501 2768 2571 κόσμου
2791 2502 3055 2570 ἐγένοντο,
3086 2497 3290 2568 ζωτικὴ
3329 2500 3441 2560 τοῖς
3473 2498 3705 2566 πτωχοῖς

2131 2594 2558 2664 χρηματίζοντες
2588 2593 2836 2663 δύναμις,
2863 2590 3082 2660 Πατέρα
3117 2590 3209 2642 καὶ
3238 2589 3364 2641 Υίὸν
3397 2589 3490 2641 καὶ
3537 2585 3706 2640 Πνεῦ-

2135 2702 2209 2755 μα
2257 2684 2409 2752 ἆγιον
2469 2683 2706 2746 εὐσεϐῶς
2751 2681 3234 2752 ἀνακηρύττοντες,
3293 2673 3374 2742 οἷς
3415 2679 3509 2732 καὶ
3548 2679 3709 2748 ἡμεῖς

2134 2777 2541 2847 προσείπωμενο
2601 2775 2861 2846 Χαίροις,
2924 2773 3153 2844 Τριάδος
3213 2772 3370 2843 τριὰς
3425 2774 3460 2841 ἡ
3525 2770 3707 2824 θεάσο-

2135 2886 2254 2938 φος.

2724 2954 2892 3028 ἾΙχος
2925 2957 3015 3012 πλ.
3055 2957 3120 3027 β’.

2211 3051 2314 3105 Τοῦ
2366 3052 2528 3106 Δαϐὶδ
2577 3051 2674 3123 τὴν
2747 3050 3034 3120 σφενδόνην
3087 3050 3185 3119 τὴν
3241 3046 3550 3120 τρίπλοκον,
3615 3044 3710 3099 τοῦ

2139 3142 2488 3213 Σαλομῶντος
2531 3141 2791 3211 σπαρτίον
2843 3141 2903 3192 τὸ
2944 3140 3217 3204 κόκκινον,
3272 3140 3332 3191 τὺ
3382 3138 3474 3191 τοῦ
3534 3137 3710 3204 Λόγου

2141 3235 2469 3306 φραγγέλιον
2497 3234 2808 3304 τρίπλοκον,
2839 3235 2964 3295 τοὺς
2998 3234 3193 3301 σοφοὺς
3219 3231 3499 3302 ίεράρχας,
3547 3229 3713 3281 Βασί-

2141 3327 2281 3380 λειον
2305 3327 2394 3379 τὸν
2431 3325 2621 3396 μέγαν,
2652 3325 2948 3396 Γρηγὸριον
2976 3324 3064 3376 τὸν
3097 3323 3256 3386 θεῖον,
3301 3321 3549 3389 Ἰωάννην
3569 3318 3717 3391 Χρυ-

2144 3418 2403 3487 σὸστομον
2447 3417 2652 3479 πιστῶς
2684 3416 3177 3487 ἁνευφημήσωμεν.
3225 3414 3329 3465 Τὸν
3375 3413 3563 3484 νοητὸν
3603 3412 3712 3482 γὰρ

2145 3509 2335 3562 Γολιάθ
2367 3507 2442 3580 τῷ
2479 3508 2857 3580 ἀκρογωνιαίῳ
2889 3507 3022 3578 λίθῳ
3055 3506 3472 3567 καταϐαλόντες,
3501 3505 3600 3575 τὴν
3627 3502 3716 3554 πί-

471 3605 631 3658 lidem
651 3602 990 3656 adduxerunt
1013 3599 1080 3652 ad
1107 3597 1481 3661 concordiam,
1506 3608 1737 3661 eamque
1764 3606 2037 3662 purpureo

2145 3619 2260 3656 στιν
2282 3575 2686 3671 πρὸςτὸμόνοιαν
2709 3575 2935 3670 ἤγαγον,
2960 3575 3037 3670 τῶ
3055 3598 3326 3670 ὲρυθραίῳ
3359 3595 3451 3648 τοῦ
3476 3593 3715 3666 Χριστοῦ

470 3697 670 3752 Christi
709 3694 970 3763 sanguine
998 3731 1012 3756 ,
1042 3691 1196 3760 quasi
1229 3689 1370 3742 vallo
1398 3688 1580 3756 aliquo
1611 3686 1926 3740 munierunt
1948 3701 1962 3750 ;
1987 3695 2045 3738 et

472 3787 583 3841 Deo
630 3796 894 3855 quaestum
957 3781 1217 3833 facientes
1247 3817 1262 3842 ,
1305 3775 1696 3830 litcresiarchas
1755 3787 1786 3824 a
1840 3769 2043 3826 Christi

473 3879 658 3931 divino
717 3890 879 3946 grege
915 3872 1228 3940 longissime
1291 3866 1602 3946 repulerunt
1630 3903 1645 3928 ,
1678 3879 1774 3916 sua
1821 3860 2042 3916 dicendi

476 3937 850 4033 scribendique
894 3963 942 4016 vi
976 3937 1157 4030 :‘qnin
1189 3961 1295 4012 imo
1327 3937 1483 4011 fidem
1511 3954 1798 4009 hodiedum
1830 3963 2045 4007 susten-

481 4068 616 4124 tant,
640 4069 692 4110 et
722 4071 750 4108 a
784 4055 1010 4108 Domino
1038 4052 1314 4121 postulant
1371 4048 1661 4101 animabus
1709 4043 1914 4098 nostris
1948 4043 2045 4096 mi-

479 4147 854 4203 scricordiam.

659 4231 663 4234 ’
1049 4232 1232 4285 Tonus
1278 4230 1385 4283 obl.
1424 4238 1479 4283 4.

554 4329 676 4385 UO.
740 4325 1005 4396 Apparuit
1067 4323 1236 4393 gratia
1289 4317 1378 4374 Dei
1421 4320 1674 4375 omnibus
1719 4317 2050 4382 hominibus,

481 4419 738 4474 erudiens
793 4432 890 4470 nos
919 4429 1015 4483 per
1048 4422 1413 4483 praeceptores
1461 4410 1601 4473 illos,
1636 4418 1692 4463 ut
1749 4407 2052 4463 emendatis

485 4512 727 4568 moribus
775 4511 1004 4578 vitzeque
1050 4502 1444 4561 consuetudine
1471 4540 1487 4567 ,
1525 4511 1760 4555 mentem
1809 4507 2052 4553 nostram

483 4605 605 4663 luce
644 4602 840 4657 divinae
891 4597 1213 4670 cognitionis
1264 4595 1648 4649 illmnincmus.
1688 4592 1908 4656 Idcirco,
1945 4590 2055 4644 cla-

483 4711 733 4752 nemus:
765 4693 1008 4748 Trinitas
1037 4699 1249 4755 sancta,
1285 4703 1465 4742 rerum
1517 4689 1758 4739 omnium
1787 4683 2002 4738 domina
2035 4719 2053 4747 ,

487 4794 680 4846 horum
705 4789 866 4843 trium
907 4796 1182 4857 pastorum
1215 4796 1426 4836 tuorum
1468 4778 1718 4848 precibus
1741 4778 1883 4831 hunc
1907 4785 2054 4830 tuum

487 4897 704 4954 gregem
734 4883 787 4936 in
827 4895 1020 4935 secura
1069 4891 1203 4949 pace
1235 4874 1445 4930 custodi
1479 4912 1492 4936 ,
1525 4873 1592 4926 ah
1632 4871 1780 4926 omni
1806 4869 2054 4923 molestia

489 4975 755 5036 lihera,et
784 4971 850 5024 ad
873 4969 1098 5024 salutem
1134 4967 1336 5036 perduc
1368 4963 1754 5033 sempiternam
1775 4999 1791 5026 ,
1824 4960 2054 5030 benigna

488 5080 610 5117 cum
642 5078 738 5117 SIS-

1051 5170 1234 5226 Tonus
1278 5169 1387 5224 obl.
1439 5166 1493 5221 ἓ.

561 5269 684 5325 ill.
744 5268 943 5325 Sancta
999 5272 1056 5317 et
1097 5263 1368 5318 adoranda
1421 5259 1703 5320 Trinitas,
1764 5255 1934 5326 gloria
1987 5254 2059 5308 sit

491 5359 723 5430 sapienti
781 5356 1137 5428 providentiae
1191 5363 1317 5417 tute,
1344 5351 1468 5419 quia
1502 5347 1813 5402 hominibus
1860 5344 2057 5413 largita

490 5467 552 5506 es
576 5466 607 5506 e
641 5464 867 5505 numero
895 5447 1172 5502 hominum
1229 5444 1332 5498 tria
1381 5454 1574 5510 magna
1613 5437 1900 5490 luminaria
1925 5434 2055 5490 elle-

492 5541 667 5596 rentia
697 5541 987 5610 agnitionis
1013 5549 1117 5592 tua:
1153 5537 1325 5590 facem
1348 5574 1363 5598 ,
1413 5532 1639 5600 ejusque
1675 5528 1883 5598 fulgore
1916 5526 2061 5581 salu-

497 5641 669 5686 tarem
722 5640 868 5686 tuam
898 5646 961 5685 ac
1008 5627 1374 5684 venerandam
1411 5623 1743 5678 voluntatem
1799 5628 2060 5688 tanquam

494 5723 565 5779 de
599 5721 815 5791 specula
859 5718 1241 5792 signiﬁcantia.
1273 5716 1393 5782 Quo
1427 5714 1643 5784 quidem
1687 5710 1893 5768 lumine
1920 5709 2062 5765 locu-

2143 3695 2603 3765 περιτειχίσαντες
2631 3693 2844 3762 αἵματι,
2874 3691 2968 3744 καὶ
3000 3691 3126 3753 τοὺς
3165 3688 3536 3759 θεοκαπήλους
3563 3686 3719 3756 αἰρε-

2147 3787 2376 3856 σιάρχας
2413 3785 2522 3840 τῶν
2551 3785 2853 3856 περιϐόλων
2887 3785 2986 3854 τῆς
3014 3781 3165 3844 θείας
3199 3780 3293 3833 τοῦ
3327 3777 3563 3851 Χριστοῦ
3595 3776 3717 3828 ποί-

2149 3896 2286 3948 μνης
2319 3878 2531 3949 μακρὰν
2559 3876 2926 3937 ἀπελάσαντες
2941 3872 3028 3926 διά
3054 3872 3162 3925 τῶν
3187 3871 3381 3946 λόγων,
3413 3870 3506 3922 καὶ
3528 3868 3605 3920 ἔτι
3620 3867 3721 3936 τὴν

2148 3970 2331 4022 πίστιν
2362 3969 2694 4040 στηρίζουσι,
2718 3969 2811 4021 καὶ¹
2834 3965 3198 4038 πρεσϐεύουσι
3213 3961 3405 4033 Κυρίῳ
3434 3959 3721 4030 ἐλεηθῆναι

2148 4062 2245 4124 τὰς
2269 4061 2444 4130 ψυχὰς
2471 4063 2503 4129 ή
2514 4059 2649 4130 μῶν.

2739 4227 2913 4303 Ἧχος
2942 4231 3031 4284 πλ.
3065 4230 3126 4282 δ’.

2238 4325 2510 4395 Ἐπεφάνη
2556 4325 2589 4394 ἡ
2632 4323 2792 4394 χάρις
2846 4322 2939 4376 τοῦ
2990 4322 3124 4374 Θεοῦ
3181 4322 3346 4375 πᾶσιν
3395 4315 3721 4388 ἀνθρώποις,

2153 4416 2481 4469 παιδεύουσα
2503 4416 2671 4485 ἡμᾶς,
2704 4412 2790 4467 διὰ
2813 4414 2920 4467 τῶν
2947 4412 3279 4466 διδασκάλων
3311 4410 3381 4463 τά
3397 4411 3500 4482 ἤθη
3521 4425 3727 4480 κοσμη-

2154 4507 2364 4570 θέντας,
2390 4508 2513 4568 τοὺς
2551 4505 2782 4576 τρόπους
2837 4503 3242 4574 βελτιωθέντας,
3289 4500 3614 4569 θεογνωσίας
3643 4497 3727 4552 αῖ-

2154 4598 2255 4669 γλῃ
2288 4597 2380 4651 τὸν
2426 4596 2547 4650 νοῦν
2586 4595 3045 4667 περιλαμφθῆναι·
3083 4594 3163 4648 διὸ
3196 4592 3505 4666 κράξωμενο
3556 4588 3726 4662 Τριάς

2156 4691 2302 4758 ἁγία,
2343 4689 2507 4760 κυρία
2535 4687 2627 4741 τοῦ
2662 4687 2883 4750 παντὸς,
2924 4689 3043 4750 ταῖς
3085 4685 3195 4738 τῶν
3222 4684 3388 4756 τριῶν
3415 4700 3508 4736 σου
3531 4679 3726 4752 ποι.μὲ-

2155 4792 2260 4828 νων
2291 4777 2617 4845 προσευχαῖς
2644 4774 2702 4827 τὸ
2731 4773 2820 4826 σὺν
2846 4773 3094 4843 ποίμνιον
3123 4772 3279 4826 τοῦτο
3309 4774 3364 4824 ἐν
3391 4773 3582 4844 εἰρήνῃ
3605 4785 3728 4822 συν·

2156 4869 2391 4938 τήρησον
2424 4865 2678 4935 ἀσφαλῶς
2707 4866 2799 4918 καὶ
2825 4864 3067 4929 ἀλύπως,
3103 4864 3194 4917 καὶ
3244 4863 3416 4918 σῶσον
3444 4863 3521 4926 ὡς
3543 4859 3729 4929 φιλάν-

2165 4959 2192 5012 θ
2199 4977 2399 5031 ρωπος.

2752 5149 2924 5223 Ἦχος
2956 5151 3046 5206 πλ.
3072 5150 3138 5221 β’.

2235 5248 2404 5321 Τριάς
2451 5247 2581 5316 ἁγία
2627 5246 2720 5299 καὶ
2758 5244 3106 5317 προσκυνητὴ
3130 5283 3145 5308 ,
3176 5240 3301 5306 δόξα
3330 5241 3397 5311 τῇ
3435 5243 3569 5311 σοφῇ
3602 5256 3729 5310 προ·

2165 5343 2284 5413 votat
2305 5359 2420 5405 σου,
2454 5341 2536 5394 ὅτι
2563 5341 2709 5411 τρεῖς
2735 5340 2860 5401 σοὺς
2891 5337 3154 5407 μεγάλους
3193 5332 3485 5404 φωστῆρας
3507 5336 3618 5396 τοῖς
3640 5336 3748 5404 ἀνοι

2167 5433 2404 5507 θρώποις
2437 5432 2498 5496 ἐξ
2527 5431 2825 5503 ἀνθρώπων
2854 5428 3130 5499 ὲχάρισας,
3171 5426 3249 5497 τῷ
3287 5428 3425 5495 φωτὶ
3455 5413 3753 5496 λαμπαδοΛ

2165 5527 2394 5597 χοῦντας
2414 5525 2513 5595 τῆς
2541 5524 2641 5594 σῆς
2671 5521 3035 5590 ἐπιγνώσεως,
3077 5520 3171 5572 καὶ
3198 5521 3264 5588 τῇ
3294 5517 3455 5589 αἴγλῃ
3484 5533 3734 5590 φρυκτω-

2170 5617 2395 5689 ροῦντας
2419 5615 2528 5668 τῶν
2545 5614 2821 5686 σωτηρίων
2848 5629 2940 5665 σου
2970 5610 3064 5664 καὶ
3080 5608 3291 5663 σεπτῶν
3312 5609 3647 5679 θελημάτων·
3665 5605 3732 5658 δι’

2166 5702 2241 5764 ὧν
2286 5704 2635 5777 ἠοίκουμένη
2660 5703 2772 5770 φῶς
2818 5689 3069 5774 γνώσεως
3100 5699 3428 5767 πλουτοῦσα,
3479 5697 3577 5767 τὴν
3634 5695 3732 5763 σὴν
