4076 6226
1474 268 1867 326 ACOLU'l'lllA
1906 267 2245 327 TRlPLlClS
2280 271 2504 331 FESTl.

3412 295 3600 337 CCCXL!

375 386 530 455 δόξαν
563 385 878 455 αὖγάζεται,
901 384 995 437 καὶ
1018 383 1153 455 πρὸς
1172 382 1271 454 τὴν
1305 383 1577 455 βασιλείαν
1600 403 1692 439 σου
1717 386 1814 458 τὴν
1846 405 1944 455 μα-

2061 389 2280 457 pletatus
2341 387 2511 449 orbis,
2537 394 2683 440 tuam
2712 401 2835 441 cum
2865 387 3223 445 admiratione
3269 397 3606 460 contempta-

375 480 573 550 καρίαν
603 475 840 529 σπεύδει.
878 475 1093 528 Τούτων
1124 477 1271 545 ἡμᾶς
1291 479 1413 539 ταῖς
1450 477 1621 541 θείαις
1649 478 1941 531 ὑπακούειν

2046 489 2135 534 tur
2164 479 2410 548 gloriam,
2433 486 2490 531 et
2518 478 2583 531 ad
2619 479 2693 530 tui
2725 480 2876 547 regni
2930 480 3239 535 beatitatem
3302 482 3603 536 contendit.

378 569 637 623 assiduum
685 566 1074 630 διδασκαλίαις,
1124 567 1216 619 καὶ
1272 568 1407 638 αὐτὴ
1450 567 1560 621 τῶν
1589 568 1761 639 εὐχῶν
1804 569 1943 639 ὑπὲρ

2061 570 2176 624 Sum
2227 570 2388 639 igitur
2414 570 2607 621 horum
2656 569 2837 623 divina
2870 571 3112 625 instituta
3150 583 3334 628 tenere
3384 587 3484 628 nos
3520 572 3609 639 ju-

378 659 532 730 ἡμῶν
564 660 886 722 ἐπάκουσον,
945 658 1021 721 ὡς
1072 656 1203 720 Θεὸς
1248 659 1673 725 πανοικτίομων,
1718 661 1811 712 καὶ
1847 660 1943 723 τὰς

376 753 550 822 ψυχὰς
573 750 729 822 ἡμῶν
753 749 945 816 σῶσον,
976 749 1339 819 φιλάνθρωπε.

551 931 704 996 Δόξα.
1421 925 1594 1000 ’Ἧχος
1622 929 1714 985 πλ.
1741 930 1805 1000 β’.

446 1023 586 1086 Τοὺς
642 1021 923 1092 ίεράρχας,
978 1022 1073 1075 τοῦ
1106 1020 1342 1094 Χριστοῦ
1396 1023 1490 1075 καὶ
1539 1023 1646 1076 τῶν
1687 1020 1949 1092 Πατέρων

378 1111 554 1175 κλέος,
596 1112 697 1181 τῆς
736 1110 969 1173 πίστεως
1022 1113 1147 1175 τοὺς
1175 1110 1438 1181 πύργους,
1471 1114 1563 1166 καὶ
1606 1112 1715 1166 τῶν
1743 1112 1949 1165 πιστῶν

377 1202 724 1266 διδασκάλους
757 1203 851 1255 καὶ
899 1203 1164 1272 φύλακας,
1196 1204 1559 1270 συνελθόντες,
1584 1199 1628 1258 ὧ
1660 1207 1949 1278 φιλέορτοι,

380 1296 701 1365 ᾄσματικοῖς
732 1294 1026 1364 ἐγκωμίοις
1044 1296 1072 1348 ὖ
1081 1298 1396 1367 μνήσωμεν,
1417 1297 1685 1365 λέγοντεςσ
1703 1299 1949 1369 Χαὲροις,

378 1382 479 1451 τῆς
513 1381 835 1452 Ἐκκλησίας
892 1383 1136 1454 φωστὴρ,
1184 1385 1427 1438 Βασίλειε
1482 1386 1631 1454 σοφὲ,
1667 1387 1760 1443 καὶ
1795 1389 1952 1441 στῦλε

381 1472 764 1544 απερίτρεπτεο
802 1472 1029 1544 χαίροις.
1080 1477 1109 1527 ὁ
1159 1476 1281 1544 νοῦς
1317 1479 1345 1547 ῥ
1387 1477 1656 1553 ούράνιος,
1698 1479 1951 1551 ἀρχιερεό

385 1567 625 1636 μέγιστε,
678 1564 893 1627 θεολόγε
957 1566 1245 1644 Γρηγόριε’
1300 1574 1528 1644 χαίροις,
1576 1568 1621 1626 ὦ
1660 1573 1953 1644 χρυσολόγε

382 1656 661 1723 πάγχρυπε
722 1656 980 1731 Ἰωάννη,
1041 1664 1069 1715 ὁ
1121 1664 1220 1733 τῆς
1288 1663 1576 1732 μετανοίας
1635 1661 1955 1732 διαπρύσιος

2045 662 2196 725 beas,
2235 669 2289 713 tu
2330 660 2567 715 vicissim
2604 660 2728 713 audi
2759 662 3069 717 eorumdem
3109 680 3203 733 pro
3230 665 3384 719 nobis
3432 673 3554 718 vota
3588 681 3606 729 ;

2046 764 2103 807 nt
2142 755 2281 808 Deus
2327 753 2486 821 plane
2543 754 2891 818 misericors,
2940 765 2994 808 et
3029 765 3086 808 ut
3134 758 3420 827 benignus,
3450 772 3608 812 serva

2047 844 2258 897 animas
2293 852 2531 900 nostras.

2216 934 2424 989 Gloria.
3064 937 3246 995 Tonus
3272 940 3384 996 obl.
3410 942 3466 995 2.

2120 1023 2609 1092 112.{Hierarchas
2653 1025 2853 1083 Christi
2899 1036 2954 1085 et
2979 1026 3199 1083 Patrum
3223 1032 3408 1097 decus,
3432 1040 3612 1087 turres

2051 1109 2175 1164 tidei
2209 1119 2259 1166 et
2295 1110 2534 1167 ﬁdelium
2568 1114 2859 1183 magistros
2904 1122 3067 1187 atque
3104 1119 3357 1175 custodes
3387 1162 3402 1185 ,
3437 1135 3473 1175 o
3517 1136 3611 1176 vos

2050 1214 2242 1258 omnes
2297 1202 2493 1272 quibus
2522 1204 2674 1258 cordi
2711 1213 2799 1259 est
2839 1205 2953 1262 haec
2987 1207 3291 1273 celebritas,
3331 1213 3500 1267 coacti
3557 1213 3609 1267 in

2053 1310 2241 1358 unum,
2277 1297 2491 1351 canoris
2523 1297 2845 1352 extollamus
2880 1298 3149 1367 laudibus,
3182 1301 3422 1357 dicentes
3449 1322 3462 1358 :
3492 1304 3612 1358 Sal-

2054 1403 2141 1450 ve,
2174 1386 2429 1442 Ecclesiae
2459 1388 2742 1455 luminare,
2792 1389 2958 1445 Basili
2988 1393 3239 1462 sapiens,
3274 1404 3331 1449 et
3361 1396 3610 1450 columna

2055 1479 2370 1535 immobilis.
2400 1479 2581 1545 Salve,
2614 1495 2767 1536 mens
2794 1482 3055 1548 caelestis,
3088 1485 3321 1540 maxime
3349 1486 3613 1554 antistes,

2057 1572 2306 1640 theologe
2335 1570 2585 1643 Gregori.
2630 1572 2813 1639 Salve,
2849 1589 2884 1629 ο
2928 1590 3094 1630 aureo
3119 1584 3310 1644 potens
3346 1591 3616 1640 sermone,

2060 1678 2287 1734 prorsus
2319 1679 2485 1720 auree
2529 1664 2787 1730 Joannes,
2817 1666 2882 1719 ad
2914 1666 3343 1736 resipiscentiam
3372 1668 3620 1723 hortator

384 1744 573 1822 κῆρυξ.
639 1752 797 1811 amr.
829 1746 874 1805 ὧ
916 1752 1157 1823 Πατέρες
1195 1753 1504 1820 τρισόλϐιοι,
1561 1752 1633 1823 μὴ
1681 1751 1956 1821 παύσησθε

2064 1757 2375 1813 vehemens.
2396 1757 2580 1827 Agite,
2600 1772 2632 1811 ο
2660 1767 2742 1812 ter
2773 1758 2913 1813 beati
2945 1759 3154 1823 Patres,
3184 1772 3251 1814 ne
3276 1762 3621 1816 intermiltlte

383 1844 471 1897 ἀεὶ
521 1844 837 1916 πρεσϐεύειν
891 1844 1110 1916 Χριστῷ
1161 1845 1300 1914 ὑπὲρ
1349 1844 1457 1897 τῶν
1505 1846 1684 1897 πίστει
1726 1846 1819 1898 καὶ
1859 1846 1955 1897 πό-

386 1938 464 2006 θῳ
488 1937 779 1990 τελούντων
821 1936 973 2008 ὑμῶν
1008 1937 1108 2008 τὴν
1147 1937 1401 2010 πανίερον
1451 1939 1543 1991 καὶ
1584 1938 1734 1991 θείαν
1786 1941 1957 2009 πανή-

385 2043 565 2099 γυριν.

539 2119 646 2172 Καὶ
662 2117 757 2171 νῦν
1562 2124 1818 2177 εοτόκιον.

1049 2211 1110 2267 Ὅ
1147 2213 1327 2277 αὐτός.

460 2301 570 2375 Τὴν
603 2302 708 2356 τῶν
748 2304 1034 2375 παρθένων
1091 2305 1352 2377 καλλονὴν
1381 2309 1487 2360 καὶ
1540 2309 1820 2379 χαρμονὴν
1854 2307 1961 2360 τῶν

386 2394 543 2460 νὸων,
571 2395 673 2467 τὴν
711 2396 878 2467 μόνην
913 2396 1196 2464 Θεοτόκον,
1226 2399 1320 2451 καὶ
1346 2398 1454 2452 τῶν
1487 2399 1693 2453 πιστῶν
1722 2400 1963 2471 ἀρραγὲς

386 2488 789 2559 περιτείχισμα,
826 2486 1192 2551 συνελθόντες,
1229 2482 1274 2541 ὦ
1315 2489 1605 2561 φιλέορτοι,
1639 2491 1965 2560 ᾀσματικοίς

389 2578 1020 2650 ἑγκωμίοιςύμνήσωμεν
1047 2578 1314 2647 λέγοντεςο
1336 2582 1581 2652 Χαίροις,
1613 2580 1965 2651 Παρθενομῆ-

387 2688 485 2740 τθρ
509 2670 668 2739 ἁγνὴ,
718 2670 907 2740 λυχνία
942 2670 1275 2741 χρυσαυγὴς,
1336 2672 1429 2724 καί
1471 2672 1612 2742 πύλη
1652 2672 1961 2740 ἐπουράνιεο

389 2763 619 2831 χαίροις,
654 2761 824 2832 σκηνὴ
839 2761 1201 2833 ἁγιάσματος,
1233 2765 1267 2833 ὴ
1292 2763 1383 2817 τὸν
1413 2762 1543 2815 Θεὸν
1567 2763 1864 2833 χωρήσασα
1905 2762 1965 2813 ἐν

393 2854 576 2923 μήτρᾳ
592 2869 704 2915 σου,
724 2852 1083 2923 πανάχραντε·
1103 2852 1332 2924 χαίροις,
1348 2853 1455 2906 τῶν
1468 2853 1733 2924 οὐρανίων
1747 2852 1965 2923 ταγμά-

390 2960 497 2995 των
522 2943 793 3012 ὑπερτέρα
808 2944 1061 2996 ἁπάντων
1086 2944 1445 3014 άσυγκρίτως’
1467 2944 1565 3009 διὸ,
1594 2944 1967 3016 μητράνανδρε

388 3032 675 3095 Δέσποινα,
728 3034 802 3104 μὴ
845 3032 1009 3105 λίπῃς
1048 3033 1355 3105 φρουροῦσα
1399 3035 1527 3097 τοὺς
1552 3030 1797 3099 ’δούλους
1848 3053 1963 3099 σου,

2059 1863 2220 1903 orare
2251 1848 2525 1903 Christum
2562 1863 2662 1919 pro
2709 1850 2898 1913 nobis,
2929 1850 3018 1918 qui
3053 1864 3173 1904 cum
3228 1851 3339 1909 ﬁde.
3362 1862 3415 1905 et
3444 1854 3620 1905 studio

2061 1940 2270 2008 agimus
2326 1938 2468 1993 hunc
2527 1951 2702 1995 vestro
2751 1941 2968 1995 nomine
2996 1952 3406 1996 sacrosanctum
3459 1951 3622 2013 atque

2059 2027 2301 2084 divinum
2333 2029 2494 2083 diem.

2183 2166 2189 2172 .
2229 2121 2296 2173 Et
2321 2135 2481 2175 nunc.
3245 2123 3481 2180 Mat-iale.

2454 2208 2464 2217 ’
2658 2213 2801 2270 Idem
2849 2224 3028 2273 tomis.

2136 2302 2260 2356 115.
2330 2303 2613 2373 Virginum
2662 2305 2882 2359 decuset
2918 2302 3160 2358 laetitiam
3219 2305 3502 2369 mentium,
3539 2321 3626 2361 so-

2064 2391 2171 2445 lani
2193 2394 2499 2461 Deiparam,
2520 2403 2575 2448 et
2594 2394 2804 2447 ﬁrmum
2829 2394 3063 2448 ﬁdelium
3101 2393 3318 2459 vallum,
3342 2410 3376 2450 ο
3397 2395 3627 2451 celebri-

2069 2492 2238 2538 tatum
2301 2492 2563 2547 amantes,
2627 2485 2914 2539 modulatis
2978 2485 3263 2554 prmconiis
3315 2484 3627 2552 eﬂ‘eramus,

2068 2576 2307 2628 ticentes
2342 2592 2356 2627 :
2403 2575 2582 2637 Salve,
2616 2572 2801 2643 Virgo,
2836 2590 3029 2643 parcns
3086 2577 3395 2644 purissima,
3427 2579 3627 2632 cande-

2069 2663 2278 2717 labrum
2314 2663 2502 2718 lucens
2528 2672 2852 2725 utaurenm,
2888 2675 3114 2732 etporta
3151 2667 3426 2730 cmlestis;
3458 2668 3627 2730 salve,

2070 2754 2475 2809 tabernaculum
2513 2755 2956 2810 sanctificationis
2984 2774 2998 2822 ;
3030 2756 3199 2823 salve,
3233 2757 3628 2812 incontamina-

2072 2858 2147 2911 ta,
2174 2845 2327 2915 cujus
2355 2856 2543 2901 uterus
2574 2845 2676 2900 fuit
2713 2862 2881 2916 capax
2913 2848 3006 2901 Dei
3034 2888 3048 2913 ,
3079 2847 3246 2914 salve,
3277 2862 3397 2916 quae
3427 2863 3486 2902 es
3506 2864 3628 2901 etm-

2074 2941 2175 2994 etis
2193 2939 2314 2995 ειειί
2345 2939 2627 2995 ordinibus
2643 2940 2761 2995 sine
2784 2940 2890 2994 ulla
2927 2941 3330 3009 comparatione
3359 2943 3629 3010 superior.

2068 3030 2196 3088 ldeo
2242 3047 2310 3087 ne
2344 3046 2549 3097 cesses,
2575 3032 2800 3087 Domina
2834 3042 2888 3086 et
2933 3033 3053 3087 sine
3080 3033 3191 3087 viro
3225 3030 3420 3098 Mater,
3449 3046 3629 3088 custo-

390 3124 515 3184 τοὺς
543 3102 918 3193 ἁνυμνοῦντάς
954 3102 1018 3175 σε
1059 3102 1237 3176 πίστει
1277 3124 1372 3176 καὶ
1412 3124 1564 3195 πόθῳ
1596 3125 1706 3191 ἀεὶ,
1743 3126 1833 3179 καί
1872 3126 1956 3181 τὸν

2070 3129 2185 3185 dire
2211 3127 2437 3181 famulos
2465 3135 2607 3192 tuos,
2638 3125 2727 3195 qui
2762 3135 2818 3180 te
2867 3140 3083 3195 semper
3108 3140 3229 3180 cum
3259 3124 3365 3180 ilde
3405 3135 3460 3181 et
3483 3127 3637 3181 (tesi...

390 3214 548 3269 τόκον
585 3231 678 3268 σου
708 3214 1142 3285 προσκυνοῦντας
1172 3213 1262 3268 τὸν
1290 3216 1547 3287 ἄσπορον.

458 3399 611 3452 Μετὰ
648 3398 820 3452 ταῦτα
850 3400 1085 3467 ἐκφωνεῖ
1130 3400 1159 3452 ό
1208 3399 1385 3471 ἱερεὺς
1428 3400 1507 3463 είς
1545 3400 1781 3471 ἐπήκοον
1822 3401 1962 3456 πάιν⁴

391 3504 500 3543 των
506 3530 521 3543 .

2070 3221 2223 3275 derio
2247 3219 2515 3273 laudant:
2558 3228 2613 3273 et
2661 3217 2754 3287 qui
2795 3225 2945 3271 tuum
2999 3215 3168 3273 fetum
3236 3215 3469 3272 adorant
3513 3219 3630 3273 sine

2069 3307 2211 3363 virili
2241 3317 2561 3378 conceptum
2600 3308 2828 3363 semine.

2142 3399 2264 3455 lli.
2300 3397 2432 3453 Post
2485 3400 2599 3454 haec
2626 3399 2892 3454 exclamat
2925 3401 3201 3465 sacerdos,
3228 3415 3307 3454 suc
3350 3412 3411 3455 ut
3448 3402 3629 3455 cuncti

2067 3490 2309 3545 audiant.

464 3580 639 3635 COIII.
680 3580 743 3634 Et
773 3580 843 3633 ita
882 3581 1098 3650 quidem
1132 3580 1393 3652 Typicum
1427 3583 1493 3637 S.
1525 3582 1704 3648 Sabae,
1738 3584 1832 3638 sed
1871 3582 1931 3638 S.
1964 3582 2295 3646 Germanus,
2321 3581 2442 3636 loco
2466 3580 2580 3649 jam
2634 3580 2754 3650 plus
2785 3580 2904 3635 vice
2932 3579 3164 3652 simplici
3186 3580 3438 3652 allegato,
3464 3584 3540 3635 ait
3573 3583 3629 3635 i.l

392 3653 729 3706 sacerdotem
761 3652 1131 3709 tantummodo
1158 3650 1339 3707 facere
1386 3653 1611 3707 absente
1654 3654 1903 3707 diacono.
1943 3651 2114 3717 Ipsius
2153 3659 2333 3707 autem
2379 3653 2545 3705 verba
2592 3652 2866 3705 ascribere
2897 3666 3000 3705 non
3029 3650 3190 3704 fuerit
3218 3650 3361 3706 forte
3386 3654 3628 3719 -o'mnino

397 3721 600 3786 inutile.

465 3813 617 3866 Μετὰ
662 3813 836 3866 ταῦτα
878 3813 1027 3882 λέγει
1063 3816 1091 3865 ό
1122 3812 1390 3881 διάκονος,
1423 3814 1581 3885 εἴπερ
1634 3814 1795 3885 τύχῃ·
1832 3816 1881 3866 εί
1914 3813 1959 3867 δ’

390 3904 453 3955 οὺ
474 3902 628 3976 τύχῃ,
658 3904 803 3972 λέγει
832 3904 861 3956 ὁ
890 3903 1085 3975 ἱερεύς

463 3993 664 4057 Σῶσον,
727 3997 756 4046 ὁ
812 3994 970 4057 Θεὸς,
1029 3993 1118 4047 τὸν
1170 3994 1296 4047 λαόν
1349 4011 1461 4058 σου,
1521 3996 1615 4049 καί
1666 3995 1960 4066 εύλόγησον

395 4086 753 4158 κληρονομίαν
784 4103 897 4139 σου.
944 4085 1260 4155 Ἑπίσκεψαι
1284 4087 1374 4139 τὸν
1395 4088 1597 4158 κόσμον
1616 4105 1707 4141 σου
1733 4091 1790 4141 ἐν
1822 4090 1963 4143 ὲλέει

394 4177 488 4230 καὶ
515 4179 835 4249 οίκτιρμοῖς.
879 4177 1130 4246 Ὕψωσον
1173 4178 1339 4249 κέρας
1372 4179 1712 4248 Χριστιανῶν
1751 4178 1965 4249 όρθοδό-

392 4268 518 4333 ξων,
551 4270 644 4322 καὶ¹
673 4268 1026 4339 κατάπεμψον
1056 4270 1139 4338 ἐφ’
1161 4270 1306 4340 ἡμᾶς
1336 4269 1401 4322 τὰ
1420 4270 1542 4341 ὲλέη
1570 4287 1662 4323 σου
1695 4269 1763 4323 τὰ
1802 4270 1963 4323 πλού-

396 4373 503 4409 σια.
554 4357 876 4426 Πρεσὸείαις
904 4358 1002 4428 τῆς
1050 4361 1425 4430 παναχράντου
1460 4360 1759 4430 Δεσποίνης
1801 4360 1959 4430 ἡμῶν

389 4445 661 4519 Θεοτόκουᾲ
689 4448 782 4499 καὶ
813 4447 1169 4519 ἀειπαρθένου
1190 4449 1424 4518 Μαρίας*
1449 4448 1557 4501 τῶν
1582 4450 1778 4519 τιμίων
1809 4452 1963 4503 ἐπου-

390 4541 591 4608 ρανίων
608 4517 887 4610 δύνάμεων
906 4517 1228 4609 ἀσωμάτων·
1257 4517 1350 4593 τοῦ
1372 4542 1554 4611 τιμίου
1590 4517 1802 4605 ἐνδόξου
1831 4559 1964 4613 προ-

391 4634 581 4701 φήτου,
610 4630 917 4702 προδρόμου
940 4632 1033 4684 καὶ
1055 4631 1357 4684 Βαπτιστοῦ
1375 4632 1639 4685 Ἰωάννου⁹
1664 4632 1771 4685 τῶν
1789 4633 1960 4701 ἁγίων

389 4720 614 4785 ἐνδόξων
645 4724 738 4775 καὶ
766 4722 1012 4794 πανευφή
1021 4741 1135 4793 μων
1161 4721 1494 4775 ἀποστόλων·
1525 4723 1617 4775 τοῦ
1649 4723 1805 4792 ἁγίου
1833 4724 1957 4776 τοῦ-

383 4810 463 4875 δε,
502 4812 595 4864 καὶ
626 4811 843 4865 πάντων
896 4829 987 4865 σου
1036 4812 1140 4864 τῶν
1167 4812 1358 4879 ἁγίων,
1399 4812 1711 4881 ἱκετεύομεν
1739 4828 1818 4877 σε,
1862 4829 1959 4865 πο-

386 4903 568 4957 λυέλεε
614 4903 808 4976 Κύριε,
851 4905 1151 4959 ἐπάκουσον
1204 4903 1363 4974 ἡμῶν
1410 4903 1681 4973 δεομένων
1710 4921 1824 4970 σου,
1866 4904 1956 4957 καὶ

383 4996 605 5066 ἐλέησον
639 4999 806 5069 ἡμᾶς.

457 5176 518 5227 Oi
548 5175 605 5227 δὲ
637 5176 856 5244 ἀδελφοὶ
884 5176 1101 5260 λέγουσι
1123 5178 1204 5242 τὸ,
1235 5176 1427 5249 Κύριε,
1468 5177 1710 5249 ἐλέησον,
1744 5185 1819 5251 μ’.

453 5452 565 5505 Καὶ
599 5452 759 5507 πάλιν
812 5454 840 5506 ὁ
889 5454 1068 5524 ἱερεὺς
1108 5455 1357 5523 ὲκερωνεῖ·
1392 5456 1511 5507 Ἔτι
1544 5453 1778 5524 δεόμεθα
1805 5453 1946 5524 ὑπὲρ

382 5543 490 5597 τῶν
518 5544 913 5599 εὐσεϐεστάτων
943 5548 1038 5601 καὶ
1069 5547 1446 5616 θεοφυλάκτων
1479 5548 1740 5618 βασιλέων
1769 5546 1948 5617 ἡμῶν,

379 5635 636 5707 κράτους,
661 5637 836 5708 νίκης,
856 5638 1135 5709 διαμονῆς,
1160 5640 1403 5710 εἰρήνης,
1426 5638 1630 5707 ὑγείας,
1652 5637 1945 5707 σωτηρίας,

379 5727 740 5798 ἐπισκέψεως,
770 5730 863 5782 καὶ
884 5730 1127 5798 ἀφέσεως
1159 5730 1465 5799 ἁμαρτιῶν,
1498 5731 1590 5783 καὶ
1610 5727 1715 5799 τοῦι
1743 5728 1948 5798 Κύριον

694 5824 967 5886 ΡΑτιιοι..
1012 5826 1133 5889 Gn.
1179 5816 1411 5889 XXIX.

2136 3813 2384 3869 Posthzec
2433 3814 2564 3868 dicit
2612 3827 2873 3867 utaconus
2903 3852 2920 3876 ,
2959 3812 3004 3866 si
3057 3811 3230 3878 adsit;
3276 3813 3358 3865 sin
3429 3816 3627 3876 minus,

2069 3905 2198 3960 dicit
2218 3905 2475 3959 sacerdos
2501 3923 2515 3958 :

2140 3995 2260 4050 115.
2303 3995 2462 4049 Salva
2494 4036 2511 4060 ,
2577 3995 2738 4061 Dens,
2790 4008 3041 4063 populum
3086 4003 3257 4059 tuum,
3291 4004 3349 4049 et
3404 3994 3632 4049 benedic

2068 4085 2371 4141 haereditati
2425 4095 2546 4141 tuac.
2589 4085 2754 4141 Visita
2806 4085 2992 4139 orbem
3033 4094 3183 4139 tuum
3228 4085 3282 4139 in
3324 4086 3631 4142 miseric0r-

2065 4177 2152 4230 dia
2180 4185 2236 4231 et
2266 4176 2727 4231 miserationibus.
2746 4175 2957 4230 Extolle
2992 4189 3161 4230 cornu
3199 4176 3629 4231 Christianorum

2066 4268 2538 4336 orthodoxorum,
2577 4279 2632 4323 et
2678 4269 3014 4324 abundantes
3059 4267 3457 4322 misericordias
3513 4279 3631 4323 luas

2064 4364 2247 4417 adnos
2285 4361 2529 4417 demitte.
2565 4359 2824 4416 Precibus
2880 4362 3213 4415 intemeratae
3254 4360 3495 4415 Dominae
3533 4376 3631 4414 no—

2062 4463 2192 4506 strae
2221 4452 2460 4520 Deiparte
2503 4466 2823 4521 semperque
2858 4451 3083 4519 virginis
3119 4450 3332 4515 Mariae;
3365 4464 3628 4504 veneran-

2066 4542 2254 4596 darum
2272 4542 2572 4596 ccelestinm
2591 4553 2644 4595 et
2673 4542 3109 4611 incorporearum
3136 4540 3423 4603 virtutum;
3456 4541 3629 4594 hono-

2071 4630 2258 4686 rabilis
2280 4646 2345 4685 ac
2362 4630 2581 4699 gloriosi
2600 4632 2897 4700 prophetm,
2918 4629 3269 4700 praecursoris
3299 4638 3354 4683 et
3374 4627 3630 4698 Baptism:

2061 4719 2287 4776 Joannis
2309 4739 2322 4786 ;
2359 4731 2690 4788 sanctorum,
2710 4721 3067 4792 gloriosorum
3086 4720 3627 4775 etceleberrimorum

2062 4813 2429 4883 apostolorum
2462 4855 2477 4878 ,
2525 4816 2697 4869 sancti
2741 4814 2809 4870 N.
2841 4813 3010 4881 (illius
3062 4813 3423 4868 verisimiliter
3476 4814 3631 4881 cujus

2060 4903 2197 4960 festa
2249 4904 2339 4960 lux
2391 4907 2592 4977 agitur)
2634 4914 2690 4961 et
2742 4907 2981 4960 omnium
3031 4915 3343 4959 sanctorum
3388 4915 3625 4972 tuorum,

2061 5011 2371 5066 quaesumus
2402 5006 2455 5053 te
2476 5038 2493 5064 ,
2526 4995 2753 5051 multum
2813 4995 3124 5049 misericors
3168 4995 3408 5057 Domine,
3436 4996 3628 5050 exaudi

2060 5105 2158 5144 nos
2197 5099 2249 5144 te
2271 5090 2647 5159 deprecantes,
2677 5097 2730 5144 et
2756 5089 3014 5142 miserere
3053 5088 3244 5141 nostri.

2131 5181 2350 5235 Fratres
2413 5192 2589 5235 autem
2635 5181 2820 5234 dicunt
2874 5178 3017 5248 (vel,
3070 5187 3129 5231 ut
3175 5177 3233 5233 S.
3282 5177 3624 5241 Germanus,

2058 5273 2257 5328 chorus
2312 5272 2600 5343 primus),
2659 5272 2919 5333 Domine,
2988 5270 3246 5324 miserere
3319 5285 3334 5322 :
3391 5270 3627 5337 quadra-

2058 5362 2192 5431 gies.

2129 5452 2274 5508 115‘.
2307 5452 2373 5507 Et
2410 5453 2603 5507 iterum
2646 5451 2916 5507 exclamat
2947 5449 3200 5505 sacerdos
3228 5467 3242 5503 :
3272 5447 3458 5502 Adhuc
3506 5461 3615 5502 ora-

2061 5563 2184 5602 mus
2212 5563 2311 5617 pro
2347 5547 2604 5618 piissimis
2632 5556 2686 5601 et
2713 5563 2742 5600 a
2792 5546 2901 5601 Deo
2957 5547 3184 5598 servatis
3217 5545 3630 5612 imperatoribus

2061 5641 2290 5702 nostris,
2322 5654 2422 5707 pro
2460 5641 2706 5708 ipsorum
2734 5639 2984 5707 imperio,
3026 5639 3272 5701 victoria,
3312 5637 3627 5701 stabilitate,

2054 5743 2210 5796 pace,
2245 5729 2551 5784 valetudine
2574 5768 2590 5790 ,
2624 5728 2979 5797 protectione,
3015 5727 3167 5783 venia
3198 5737 3540 5797 peccatorum
3570 5740 3627 5783 et

3248 5839 3283 5881 υ
