4076 6226
457 256 665 301 CCCXL“

1795 233 2324 293 PROLEGOMENA.

463 358 952 417 utDuminusDeus
979 362 1159 412 noster
1189 354 1334 426 ipsos
1363 354 1532 426 magis
1587 353 1827 421 adjuvet,
1885 370 2009 424 pro-

2111 352 2198 405 τὸν
2219 351 2352 404 Θεὸν
2380 350 2539 422 ἡμῶν
2565 350 2659 404 ἐπὶ
2690 352 2873 406 πλεῖον
2924 353 3278 425 συνεργῆσαι,
3318 357 3692 413 κατευοδῶσασ

461 461 641 522 speret
695 450 748 504 in
787 445 1054 510 omnibus,
1114 446 1457 514 ipsorumque
1509 443 1730 513 pedibus
1761 444 2015 512 subjiciat

462 556 672 597 omnem
736 540 1005 596 inimicum
1069 548 1123 594 et
1173 539 1405 592 hostem.
1472 535 1739 588 Dicamus.
1795 532 2016 587 Fratres

462 640 589 687 vero
613 633 795 687 dicunt
831 630 932 703 (vel
957 641 1016 686 ut
1043 641 1125 686 est
1161 629 1299 697 apud
1329 628 1387 681 S.
1425 624 1781 691 Germanum,
1812 626 2016 680 chorus

461 723 769 794 secundus),
803 724 1043 788 Domine,
1071 723 1349 786 miserere,
1392 719 1592 772 tricies.

531 813 650 868 116.
681 813 750 867 Ει
777 815 966 869 iterum
991 815 1257 868 exclamat
1295 810 1544 865 sacerdos
1572 830 1585 863 :

530 906 715 962 Adhuc
763 921 979 962 oramus
1032 920 1130 974 pro
1168 903 1572 973 archiepiscopo
1629 899 1711 954 vel
1763 876 2059 969 episcopo.

458 996 523 1051 N.
560 1006 617 1052 et
673 999 819 1053 omni
867 998 920 1050 in
949 995 1167 1051 Christo
1196 994 1535 1047 fraternitate
1571 1000 1779 1054 nosua,
1813 999 1866 1042 et
1918 1003 2016 1057 pro

461 1090 608 1144 omni
639 1089 946 1145 Christiana
979 1088 1178 1152 anima,
1209 1085 1404 1140 aﬂlicta
1432 1092 1486 1137 et
1520 1096 1754 1137 mmrore
1786 1095 2014 1150 oppres-

460 1195 520 1235 sa
550 1221 565 1248 ,
601 1180 899 1248 divinaeque
943 1177 1328 1233 misericordia
1375 1188 1438 1229 ac
1488 1174 1604 1242 opis
1668 1172 1880 1240 indiga;
1919 1185 2016 1240 pro

460 1274 620 1342 hujus
667 1283 867 1327 sauctzc
901 1273 1090 1325 domus
1120 1289 1136 1336 ',
1175 1278 1227 1322 et
1259 1268 1310 1322 in
1337 1282 1399 1322 ea
1434 1265 1795 1319 habitantium
1834 1272 2016 1333 prote-

459 1364 670 1431 ctione;
698 1378 796 1432 pro
824 1362 989 1415 totius
1014 1361 1161 1415 orbis
1189 1372 1322 1426 pace
1346 1372 1407 1411 ac
1438 1354 1830 1423 tranquillitate
1854 1371 1871 1421 ;
1919 1365 2016 1422 pro

459 1463 603 1508 statu
658 1467 912 1522 prospero
967 1459 1276 1505 sanctarum
1334 1447 1427 1501 Dei
1461 1446 1862 1510 Ecclesiarum;
1918 1456 2018 1512 pro

458 1543 632 1597 salute
670 1551 725 1597 et
744 1542 941 1596 auxilio
961 1550 1173 1609 patrum
1213 1549 1267 1594 et
1289 1538 1516 1593 fratrum
1548 1546 2012 1600 nostrorum,cum

457 1635 635 1688 studio
650 1647 712 1687 ac
733 1633 923 1686 timore
947 1632 1038 1686 Dei
1061 1629 1419 1684 laborantium
1450 1637 1504 1682 et
1541 1625 1965 1681 ministrantium
1990 1642 2011 1691 ς

2118 443 2313 507 αὐτοὺς
2345 445 2403 495 ἐν
2442 445 2599 508 πᾶσι,
2623 444 2717 498 καὶ
2739 444 3002 512 ὑποτάξαι
3036 447 3140 501 ὑπὸ
3171 449 3296 511 τοὺς
3321 448 3485 513 πόδας
3512 450 3690 503 αὐτῶν

2118 535 2291 587 πάντα
2323 533 2515 605 ἐχθρὸν
2552 537 2647 589 καὶ
2668 535 2944 606 πολέμιον.
2978 537 3255 610 Εἴπωμεν.
3314 539 3379 592 Οί
3427 540 3485 593 δὲ
3533 540 3687 593 ἀδελ-

2121 626 2210 695 φοὶ
2242 627 2322 691 τὸ,
2349 626 2540 696 Κύριε,
2571 626 2812 699 ἐλέησον,
2847 628 2910 681 λ’.

2185 808 2295 861 Καὶ
2322 809 2482 863 πάλιν
2509 810 2538 861 6
2564 808 2742 881 ἱερεὺς
2770 812 3025 879 ὲκφωνεῖ·

2188 900 2309 953 Ἔτι
2358 900 2589 971 δεόμεθα
2642 901 2780 972 ὑπὲρ
2824 900 2919 953 τοῦ
2973 902 3398 972 ἀρχιεπισκόπου
3441 899 3683 972 ἡμῶν,ἧ

2116 991 2434 1058 ἐπισκόπου,
2460 992 2554 1045 τοῦ
2570 991 2760 1057 δεῖνος,
2782 995 2882 1046 καὶ
2907 993 3086 1063 πάσης
3106 994 3203 1062 τῆς
3218 995 3274 1046 ἐν
3295 991 3512 1063 Χριστῷ
3529 992 3686 1063 ἡμῶν

2115 1083 2495 1155 ἀδελφότητος,
2545 1084 2643 1138 καὶ
2689 1083 2832 1156 ὑπὲρ
2885 1084 3066 1154 πάσης
3116 1085 3292 1154 ψυχῆς
3344 1083 3686 1155 Χριστιανῶν

2117 1174 2471 1246 θλιϐουμένης
2502 1192 2561 1228 τε
2579 1175 2673 1228 καὶ
2695 1176 3194 1246 καταπονουμένης,
3226 1175 3405 1239 ἐλέους
3434 1173 3568 1228 Θεοῦ
3594 1173 3687 1227 καὶ

2118 1267 2369 1339 βοηθείας
2405 1267 2779 1338 ἐπιδεομένης·
2811 1267 3021 1338 σκέπης
3055 1266 3148 1320 τοῦ
3189 1267 3345 1336 ἁγίου
3377 1266 3528 1320 οἴκου
3559 1265 3684 1319 τού-

2114 1375 2208 1411 του
2240 1359 2334 1411 καὶ
2358 1358 2468 1413 τῶν
2498 1358 2895 1412 κατοικούντων
2923 1359 2982 1412 ἐν
3019 1357 3191 1429 αὐτῷ,
3228 1359 3450 1430 είρήνης
3477 1358 3571 1412 καὶ
3589 1376 3687 1411 κα-

2114 1449 2429 1513 ταστάσεως
2471 1448 2565 1501 τοῦ
2608 1449 2919 1524 σύμπαντος
2961 1449 3189 1519 κόσμου,
3233 1448 3547 1511 εὐπαθείας
3578 1449 3686 1501 τῶν
3720 1472 3723 1473 ν

2118 1537 2287 1605 ἁγίων
2324 1537 2419 1590 τοῦ
2449 1536 2584 1590 Θεοῦ
2629 1537 2983 1608 Ἐκκλησιῶν·
3021 1538 3294 1611 σωτηρίας
3315 1541 3410 1592 καὶ
3437 1539 3685 1611 βοηθείας

2115 1625 2224 1680 τῶν
2266 1626 2404 1697 μετὰ
2449 1627 2692 1697 σπουδῆς
2718 1629 2814 1682 καὶ
2864 1629 3032 1698 φόϐου
3073 1628 3208 1683 Θεοῦ
3237 1630 3550 1684 κοπιώντων
3592 1632 3686 1684 καὶ

456 1738 557 1792 pro
593 1722 881 1777 derelictis‘
904 1732 958 1777 et
982 1723 1085 1776 iter
1113 1720 1473 1785 facientibus;
1504 1734 1601 1789 pro
1634 1717 2009 1788 aegrotantium

2116 1688 2503 1772 διακονούντων
2536 1688 2786 1790 πατέρων
2809 1688 2903 1773 καλ.
2924 1720 3165 1789 ἀδελφῶν
3200 1722 3374 1791 ἡμῶν·
3409 1719 3549 1793 ὑπὲρ
3576 1720 3684 1773 τῶν

456 1812 700 1880 medela;
725 1827 821 1881 pro
855 1812 1193 1874 dormitione,
1221 1811 1428 1880 requie,
1455 1814 1610 1865 beata
1641 1810 1922 1874 memoria,
1957 1818 2014 1863 et

454 1903 612 1957 venia
664 1911 1007 1972 peccatorum
1042 1902 1375 1972 impetranda
1425 1901 1709 1955 animabus
1735 1887 2015 1954 defuncto-

453 2007 575 2046 rum
609 2004 819 2062 patrum
869 2008 933 2048 ac
978 1992 1203 2047 fratrum
1244 2000 1578 2058 nostrorum,
1612 1988 1700 2044 hic
1733 1996 1788 2044 et
1815 1990 2014 2059 ubique

455 2090 726 2138 terrarum
751 2083 838 2151 pie
873 2083 1203 2152 sepultorum
1237 2081 1511 2149 fidelium;
1543 2095 1642 2150 pro
1671 2081 2008 2149 captivorum

454 2172 724 2240 libertate,
752 2189 850 2242 pro
878 2173 1136 2228 fratribus
1173 2173 1375 2227 nostris
1405 2172 1494 2241 qui
1526 2181 1652 2228 sunt
1679 2173 1732 2226 in
1766 2173 2013 2228 ministe-

456 2265 572 2327 riis,
604 2272 657 2319 et
685 2265 937 2319 omnibus
970 2265 1063 2335 qui
1095 2265 1406 2319 ministrant
1464 2273 1518 2319 et
1567 2263 2014 2318 ministraverunt

454 2352 511 2408 in
541 2355 640 2408 hac
668 2355 780 2408 aede
805 2362 1013 2409 sancta.
1043 2354 1309 2408 Dicamus.
1356 2353 1574 2409 Fratres
1611 2363 1789 2408 autem
1828 2354 2013 2410 dicunt

455 2447 825 2518 quinquagies,
854 2445 1100 2513 Domine,
1126 2448 1398 2503 miserere.

527 2727 648 2783 117.
676 2727 863 2782 Adhuc
916 2743 1133 2783 oramus
1161 2737 1219 2782 ut
1244 2737 1432 2784 sancta
1465 2731 1576 2785 haec
1621 2731 1786 2796 aedes,
1827 2732 2003 2786 omnis

450 2819 584 2873 urbs
615 2828 670 2873 et
699 2820 845 2889 regio
887 2834 915 2871 a
948 2806 1115 2889 peste,
1143 2819 1304 2883 fame,
1349 2830 1506 2877 teme
1546 2833 1691 2876 m0tu
1715 2864 1730 2889 ,
1772 2823 2004 2877 inunda-

454 2909 616 2973 tione,
644 2910 783 2980 igne,
823 2911 1019 2982 gladio,
1060 2911 1481 2980 alienigenarum
1516 2915 1757 2979 incursu,
1798 2915 2008 2970 intesti-

2114 1807 2551 1876 ἀπολειφθέντων
2588 1809 2685 1863 καὶ
2711 1810 2822 1864 τῶν
2838 1813 2898 1864 ἐν
2923 1811 3254 1883 ἀποδημίαις
3275 1811 3464 1866 ὄντων·
3494 1812 3684 1876 ἰάσεως

2113 1901 2221 1956 τῶν
2249 1901 2308 1954 ὲν
2340 1900 2644 1965 ἀσθενείαις
2683 1903 3115 1974 κατακειμένων·
3166 1904 3305 1975 ὑπὲρ
3352 1906 3682 1974 κοιμήσεως,

2114 1991 2367 2054 ἀνέσεως,
2405 1991 2680 2062 μακαρίας
2712 1993 2952 2064 μνήμης,
2984 1993 3077 2045 καὶ
3107 1994 3351 2063 ἀφέσεως
3374 1993 3479 2048 τῶν
3508 1996 3684 2065 ἀμαρ-

2114 2079 2242 2134 τιῶν
2263 2081 2372 2135 τῶν
2389 2081 2843 2153 προαπελθόντων
2861 2083 3112 2156 πατέρων
3136 2086 3231 2138 καὶ
3247 2084 3489 2153 ἀδελφῶν
3504 2086 3680 2157 ἡμῶν.

2111 2170 2221 2224 τῶν
2248 2170 2433 2226 ἐνθάδε
2460 2172 2697 2236 εὐσεϐῶς
2724 2174 2992 2243 κειμένων
3013 2175 3107 2228 καὶ
3136 2174 3446 2244 ἁπανταχοῦ
3473 2174 3685 2245 690066-

2115 2259 2237 2324 ξων·
2274 2263 2413 2334 ὑπὲρ
2446 2262 2799 2334 ἀναρῤύσεως
2838 2263 2946 2316 τῶν
2985 2264 3369 2335 αἰχμαλώτων,
3405 2266 3499 2318 καὶ
3544 2265 3682 2335 ὑπὲρ

2111 2352 2220 2406 τῶν
2266 2352 2509 2422 ἀδελφῶν
2553 2354 2735 2424 ἡμῶν,
2783 2355 2889 2408 τῶν
2919 2357 2976 2410 ἐν
3008 2359 3125 2419 ταῖς
3153 2355 3449 2418 διακονίαις
3491 2355 3681 2415 ὅντων,

2111 2444 2208 2496 καὶ
2236 2444 2452 2498 πάντων
2481 2445 2588 2499 τῶν
2616 2445 3002 2499 διακονούντων
3025 2448 3119 2499 καὶ
3149 2446 3579 2516 διακονησάντων
3622 2448 3682 2499 ἐν

2112 2536 2176 2604 τῇ
2202 2534 2334 2606 ἀγίᾳ
2376 2538 2510 2606 μονῇ
2548 2535 2738 2607 ταύτῃ.
2790 2537 3065 2607 Είπωμεν.
3126 2539 3188 2590 Οἱ
3227 2537 3284 2590 δὲ
3332 2537 3549 2608 ἀδελφοὶ
3600 2536 3681 2603 τὸ,

2113 2626 2305 2697 Κύριε,
2337 2627 2575 2698 ἐλέησον,
2601 2635 2664 2682 ν’.

2180 2715 2314 2773 Εἶτα
2365 2720 2595 2790 δεόμεθα
2641 2721 2779 2791 ὑπὲρ
2818 2720 2912 2772 τοῦ
2945 2719 3368 2792 διαφυλαχθῆναι
3394 2721 3491 2793 τὴν
3523 2723 3683 2791 ἀγίαν

2116 2810 2280 2881 μονὴν
2300 2811 2527 2883 ταύτην,
2554 2813 2646 2867 καὶ
2676 2813 2853 2865 πᾶσαν
2884 2812 3056 2877 πόλιν,
3094 2813 3186 2866 καὶ
3222 2812 3404 2886 χώραν
3442 2813 3550 2868 ἀπὸ
3569 2815 3680 2867 λοι-

2113 2900 2237 2971 μοῦ,
2263 2900 2442 2971 λιμοῦ,
2480 2901 2724 2971 σεισμοῦ,
2761 2902 3221 2973 καταποντισμοῦ,
3254 2904 3445 2974 πυρὸς,
3484 2906 3682 2975 μαχαί-

451 3015 522 3054 no
550 3000 738 3066 ‘bello,
776 3010 829 3055 et
872 3003 1149 3071 repentina
1191 3012 1362 3057 morte
1391 3003 1724 3069 liberentur;
1756 3012 1809 3058 ut
1835 3006 2007 3060 bonus

2113 3009 2231 3063 ρας,
2273 2991 2574 3064 ἐπιδρομῆς
2608 2992 2940 3062 ἀλλοφύλων,
2976 2994 3070 3046 καὶ
3115 2994 3377 3063 ἐμφυλίου
3419 2996 3680 3066 πολέμου,

452 3099 506 3144 et
531 3091 804 3146 hominum
829 3108 1016 3147 amans
1046 3092 1186 3148 Deus
1221 3103 1425 3159 noster,
1472 3096 1563 3148 liat
1613 3097 1767 3150 nobis
1823 3097 2008 3166 propi-

450 3180 599 3245 tius,
634 3181 871 3237 clemens
919 3193 974 3236 et
1025 3184 1371 3239 reconciliatu
1430 3185 1605 3241 facilis
1635 3227 1650 3252 ,
1691 3196 1749 3242 ut
1802 3199 2010 3244 avertat

450 3287 665 3326 omnem
724 3272 859 3327 iram
896 3284 1083 3330 contra
1137 3293 1236 3331 nos
1267 3287 1465 3333 motam
1498 3318 1514 3346 ,
1562 3280 1835 3349 justisque
1892 3282 2005 3337 suis

449 3363 956 3418 comminationibus
998 3380 1095 3420 nos
1140 3367 1372 3437 eripiat,
1427 3377 1482 3424 et
1540 3371 1866 3426 misereatur
1912 3385 2009 3426 no-

448 3453 569 3509 stri.
625 3452 693 3508 Et
743 3454 956 3521 dicitur,
995 3456 1240 3525 Domine,
1297 3462 1575 3528 miserere,
1633 3462 1966 3532 quadragies.

521 3634 641 3690 118.
676 3633 863 3691 Adhuc
916 3649 1170 3701 oramus,
1207 3646 1265 3691 ut
1319 3638 1578 3695 Dominus
1626 3641 1764 3696 Deus
1819 3652 2008 3700 noster

449 3726 702 3780 exaudiat
761 3740 948 3780 vocem
1017 3728 1409 3796 deprecationis
1458 3739 1699 3785 nostrum
1752 3744 2001 3801 peccato-

450 3833 607 3883 rum,
665 3825 722 3872 et
768 3818 1088 3873 misereatur
1164 3822 1352 3874 nostri.
1418 3821 1664 3891 Domine,
1709 3826 2005 3893 miserere,

448 3909 530 3963 bis
572 3918 628 3961 et
659 3907 904 3961 vicesies.
948 3907 1192 3961 Posthtec
1227 3925 1453 3976 quorum
1495 3912 1606 3964 vult
1650 3913 1891 3969 vivorum
1944 3931 2009 3972 ac

448 4008 784 4051 mortuorum
810 4000 1127 4052 memoriam
1161 4000 1305 4068 agit,
1333 4010 1385 4054 et
1416 4003 1591 4056 denuo
1623 4004 1898 4061 exclamat
1920 4022 2008 4062 sa-

449 4090 676 4143 cerdos:
1456 4093 1461 4101 '

516 4178 719 4234 Exaudi
769 4193 889 4247 nos,
922 4174 1072 4234 Deus
1107 4190 1347 4236 servator
1388 4189 1588 4249 noster,
1620 4199 1744 4254 spes
1765 4188 2004 4245 omnium

442 4269 630 4325 finium
654 4277 815 4325 terra:
850 4278 907 4324 et
928 4269 982 4323 in
1009 4270 1142 4324 mari
1167 4269 1323 4340 longe
1357 4289 1371 4326 :
1414 4288 1476 4327 ac
1508 4277 1790 4346 propitius,
1819 4282 2005 4350 pr0pi-

2118 3083 2211 3136 καὶ
2246 3083 2508 3153 αἰφνιδίου
2536 3083 2786 3138 θανάτου.
2826 3084 2996 3156 Ὑπὲρ
3023 3083 3117 3137 τοῦ
3150 3086 3323 3150 ἵλεων,
3358 3087 3558 3158 εὐμενῆ
3589 3090 3684 3141 καὶ

2115 3171 2488 3225 εὐδιάλλακτον
2528 3171 2778 3239 γενέσθαι
2836 3172 2927 3224 τὸν
2953 3173 3156 3240 ἀγαθὸν
3185 3174 3276 3227 καὶ
3306 3173 3683 3245 φιλάνθρωπον

2116 3262 2249 3317 Θεὸν
2290 3262 2465 3334 ἡμῶν,
2502 3260 2595 3315 τοῦ
2642 3262 2978 3334 ἀποστρέψαι
3009 3265 3186 3316 πᾶσαν
3228 3265 3397 3336 ὀργὴν
3425 3266 3524 3336 τὴν
3554 3266 3677 3318 καθ’

2116 3354 2271 3426 ήμῶν
2291 3342 2632 3426 κινουμένην,
2668 3356 2763 3407 καὶ
2803 3355 3066 3426 ῥύσασθαι
3092 3357 3237 3426 ἡμᾶς
3269 3357 3369 3426 τῆς
3396 3359 3680 3428 ἐπικειμέ-

2114 3463 2211 3515 νης
2250 3445 2463 3510 δικαίας
2502 3445 2667 3499 αὑτοῦ
2703 3446 2952 3517 ἀπειλῆς,
2993 3448 3087 3499 καὶ
3120 3448 3527 3520 ἐλεῆσαιήμᾶς.
3583 3449 3681 3518 Τὸ,

2112 3536 2307 3609 Κύριε,
2327 3537 2566 3608 ἐλέησον,
2606 3544 2675 3609 μ’.

2181 3624 2316 3682 Εἶτα
2356 3628 2590 3699 δεύμεθα
2645 3630 2739 3684 καλ⁵
2783 3630 2923 3702 ὑπὲρ
2969 3631 3062 3685 τοῦ
3108 3632 3422 3686 εἰσακοῦσαι
3473 3633 3682 3705 Κύριον

2108 3719 2199 3774 τὸν
2226 3720 2359 3773 Θεὸν
2385 3721 2483 3792 τῆς
2511 3722 2692 3793 φωνῆς
2708 3722 2808 3792 τῆς
2835 3722 3069 3794 δεήσεως
3095 3725 3253 3795 ήμῶν
3282 3724 3389 3778 τῶν
3420 3727 3678 3795 ἀμαρτω-

2110 3808 2238 3878 λῶν,
2292 3812 2386 3865 καί
2431 3812 2647 3883 ἐλεῆσαι
2688 3816 2857 3885 ἡμᾶς.
2914 3815 3006 3878 Τὸ,
3038 3816 3250 3886 Κύριε,
3302 3816 3541 3886 ἐλέησον,
3587 3818 3673 3887 ιβ’.

2109 3898 2242 3955 Εἶτα
2283 3903 2609 3975 μνημονεύει
2657 3905 2750 3968 οὓς
2796 3906 2938 3959 θέλει
2988 3908 3195 3973 ζῶντας
3225 3909 3320 3963 καὶ
3352 3910 3669 3976 τεθνειῖἶνιαςἱ

2109 3994 2206 4048 καὶ
2231 3995 2389 4049 πάλιν
2410 3998 2644 4066 ἐκφωνεῖ
2665 4000 2692 4051 6
2718 3998 2923 4069 ἱερεύς·

2188 4178 2519 4233 Ἐπάκουσον
2536 4181 2711 4250 ἡμῶν,
2737 4182 2765 4232 6
2788 4181 2919 4245 Θεὸς
2950 4184 2982 4235 ’ὁ
3010 4164 3191 4255 σωτὴρ
3216 4184 3390 4255 ἡμῶν,
3441 4187 3475 4257 ἡ
3522 4186 3674 4252 ἐλπὶς

2111 4266 2328 4321 πάντων
2376 4269 2484 4322 τῶν
2537 4271 2789 4342 περάτων
2849 4272 2949 4341 τῆς
3013 4276 3115 4344 γῆς
3174 4276 3268 4328 καὶ
3312 4276 3420 4329 τῶν
3473 4279 3532 4330 ἐν
3580 4277 3674 4330 θαδ

444 4364 552 4418 tius
589 4372 709 4419 esto
760 4361 992 4431 peccatis
1031 4362 1249 4426 nostris,
1274 4373 1327 4418 et
1374 4365 1630 4421 miserere
1661 4370 1858 4425 nostri.
1894 4371 2002 4427 Mi-

2111 4355 2280 4431 λάσσῃ
2348 4360 2582 4430 μακράν·
2641 4363 2735 4414 καὶ¹
2780 4362 2956 4427 ἵλεως,
3000 4365 3156 4428 ἵλεως
3199 4366 3356 4434 γενοῦ
3408 4369 3500 4421 ἐπὶ
3552 4372 3671 4432 ταῖς

445 4455 673 4510 scricors
701 4453 842 4509 enim
866 4452 1026 4520 Deus,
1056 4462 1110 4509 et
1129 4454 1396 4510 humanus
1432 4471 1491 4513 es
1520 4475 1536 4514 :
1561 4469 1618 4513 et
1656 4459 1749 4515 tibi
1774 4462 2001 4530 gloriam

446 4545 746 4611 referimus,
789 4545 957 4610 Patri,
985 4555 1037 4600 et
1065 4544 1224 4611 Filio,
1255 4555 1308 4601 et
1347 4547 1570 4617 Spiritui
1600 4562 1817 4614 sancto.
1852 4570 1997 4610 nunc

442 4643 495 4687 ct
515 4649 746 4704 semper,
786 4643 840 4690 et
867 4635 921 4688 in
951 4635 1145 4689 saecula
1174 4637 1511 4692 saeculorum.
1535 4640 1727 4695 Amen.
1788 4643 1854 4696 Et
1901 4652 2005 4699 sta-

444 4728 538 4779 tim
591 4725 772 4781 subdit
829 4742 844 4779 :
898 4724 1010 4780 Pax
1060 4726 1328 4781 omnibus.
1376 4726 1599 4783 Fratres
1661 4740 1888 4787 autem:
1937 4734 2004 4789 Et

441 4814 653 4879 spiritui
701 4824 816 4869 tuo.
864 4813 1131 4870 Sacerdos
1173 4814 1298 4884 (vel,
1327 4826 1386 4871 ut
1433 4819 1489 4871 S.
1524 4814 1847 4885 Germanus,
1883 4824 2002 4877 dia-

440 4904 653 4976 mnus),
697 4904 886 4975 Capita
938 4914 1117 4960 vestra
1158 4905 1383 4961 Domino
1434 4910 1705 4966 inclinate.
1753 4910 1822 4966 Et
1864 4928 2001 4967 cun-

438 4996 541 5050 ctis
564 4996 946 5052 inclinantibus
971 4997 1148 5067 capita
1171 5013 1334 5068 seque
1373 5001 1782 5060 incurvantibus
1802 5020 1999 5061 versus

444 5098 663 5155 terram,
697 5089 832 5144 bene
861 5100 1115 5156 precatur
1154 5093 1407 5148 sacerdos
1446 5104 1695 5151 contenta
1729 5112 1865 5154 voce
1918 5098 2003 5152 di-

439 5192 568 5232 cens
596 5178 735 5233 hanc
761 5181 1067 5235 orationem
1110 5198 1126 5235 :

507 5337 631 5393 119.
700 5338 1010 5396 Dominator
1080 5353 1309 5399 multum
1373 5346 1727 5416 misericors,
1774 5350 2001 5408 Domine

438 5427 562 5482 Iesu
613 5429 848 5496 Christe,
899 5434 1036 5488 Deus
1086 5445 1290 5502 noster,
1346 5439 1602 5507 precibus
1658 5441 1998 5497 intemeratae

438 5520 677 5576 Dominae
728 5532 924 5580 nostrae
974 5527 1211 5599 Deiparte
1253 5544 1570 5600 semperque
1606 5534 1828 5601 virginis
1885 5534 1997 5589 Ma—

434 5611 569 5676 riae;
610 5616 1036 5671 venerandarum
1072 5626 1127 5674 et
1173 5618 1471 5677 caelestium
1510 5625 1767 5680 virtutum
1815 5622 1997 5681 incor-

2110 4445 2404 4514 ἁμαρτίαις
2444 4447 2621 4519 ήμῶν,
2672 4450 2765 4503 καὶ
2796 4450 3017 4522 ἐλέησον
3049 4456 3212 4524 ἡμᾶς.
3251 4456 3523 4528 Ἐλεήμων
3567 4460 3671 4528 γὰρ

2107 4535 2198 4587 καὶ
2228 4536 2604 4609 φιλάνθρωπος
2636 4539 2766 4604 Θεὸς
2799 4543 3084 4616 ὑπάρχεις,
3116 4546 3210 4599 καὶ
3251 4549 3334 4601 σοὶ
3375 4548 3476 4620 τὴν
3515 4550 3671 4614 δόξαν

2105 4626 2516 4700 ἀναπέμπομεν,
2540 4630 2615 4700 τῷ
2640 4632 2833 4703 Πατρὶ,
2861 4636 2954 4688 καὶ
2973 4636 3106 4707 Υίῷ,
3129 4637 3221 4689 καὶ
3244 4637 3323 4707 τῷ
3347 4638 3486 4710 ἁγίῳ
3512 4640 3674 4693 Ilvati-

2108 4733 2257 4785 ματι,
2287 4717 2381 4771 νῦν
2412 4720 2506 4772 καὶ
2537 4720 2641 4785 ἀεὶ,
2675 4722 2768 4774 καὶ
2794 4724 2873 4786 είς
2910 4725 3034 4788 τοὺς
3063 4725 3263 4789 αἰῶνας
3292 4726 3403 4780 τῶν
3441 4729 3670 4786 αἰώνων.

2117 4810 2305 4880 Ἀμήν.
2367 4810 2475 4863 Καὶ
2540 4811 2701 4876 εὐθὺς
2761 4814 2855 4878 τὸ,
2925 4817 3128 4889 Εἰρήνη
3202 4819 3355 4873 πᾶσι.
3445 4822 3558 4876 Καὶ
3620 4820 3670 4876 οἱ

2103 4898 2341 4969 ἀδελφοί·
2399 4901 2511 4954 Καὶ
2573 4904 2651 4975 τῷ
2700 4907 2969 4978 πνεύματί
3024 4922 3137 4964 σου.
3210 4911 3270 4964 '0
3316 4911 3509 4983 ἱερεύς·
3558 4914 3671 4978 Τὰς

2103 4989 2342 5059 κεφαλὰς
2373 4992 2525 5062 ὑμῶν
2544 4995 2622 5065 τῷ
2648 4997 2836 5069 Κυρίῳ
2865 5000 3099 5054 κλίνατε.
3155 5002 3264 5055 Καὶ
3306 5003 3522 5059 πάντων
3551 5006 3668 5059 κλιο

2104 5081 2302 5135 νόντων
2340 5083 2437 5147 τὰς
2463 5087 2723 5156 κεφαλὰς,
2751 5092 2845 5143 καὶ
2867 5092 2960 5145 ἐπὶ
2992 5094 3099 5162 γῆς
3131 5095 3469 5164 κεκυφότων,
3506 5099 3642 5151 ὲπεύ

2100 5187 2251 5240 χεται
2291 5174 2321 5225 6
2371 5175 2546 5245 ἱερεὺς
2579 5180 2976 5250 μεγαλοφώνως
3015 5183 3187 5254 λέγων
3219 5187 3318 5259 τὴν
3346 5189 3512 5259 εὐχὴν
3540 5189 3671 5242 ταύ-

2100 5277 2220 5331 την·

2169 5352 2410 5406 Δέσποτα
2468 5354 2741 5423 πολυέλεε,
2778 5359 2948 5431 Κύριε
2987 5362 3159 5433 Ἰησοῦ
3211 5365 3416 5436 Χριστὲ
3463 5368 3492 5419 6
3535 5366 3667 5431 Θεὸς

2102 5442 2275 5512 ἡμῶν,
2306 5446 2623 5516 πρεσϐείαις
2647 5450 2745 5520 τῆς
2775 5453 3150 5523 παναχράντου
3189 5454 3473 5527 δεσποίνης
3512 5457 3668 5529 ἡμῶν

2100 5533 2359 5588 Θεοτόκου
2405 5539 2498 5590 καὶ
2533 5540 2889 5612 ἀειπαρθένου
2919 5546 3155 5614 Μαρίας·
3192 5546 3299 5599 τῶν
3340 5547 3537 5618 τιμίων
3575 5548 3669 5601 καὶ

2100 5626 2737 5703 ἐπουρανίωνδυνάμεων
2771 5635 3094 5706 ἀσωμάτων·
3133 5638 3226 5693 τοῦ
3245 5639 3425 5712 τιμίου
3452 5640 3663 5708 ἐνδόξου
