4076 6226
1492 306 1888 361 AUULUTHIA
1930 308 2268 365 TRIPLICIS
2300 308 2530 368 FEST].

3408 335 3639 377 CCCXL"!

400 416 707 487 προφήτου,
750 416 1056 488 προδρόμου
1098 418 1189 472 καὶ
1223 419 1529 473 Βαπτιστοῦ
1569 424 1837 478 Ἰωαννου·
1864 425 1961 479 τῶι

2078 442 2363 496 percarum
2394 469 2410 493 ,
2467 432 2762 501 venerandi
2797 445 2860 486 ac
2895 431 3114 500 gloriosi
3143 434 3448 503 prophetae;
3505 451 3643 503 prae‘

401 510 572 579 ἁγίων
603 509 825 574 ἐνδόξων
850 511 944 563 καὶ
966 512 1209 581 πανευφή
1219 529 1333 582 μων
1356 514 1687 579 ἀποστόλων,
1704 516 1798 568 τοῦ
1818 517 1970 584 ἁγίου

397 600 571 663 τοῦδε,
600 601 695 653 καὶ
715 599 931 652 πάντων
945 617 1036 653 σου
1066 601 1171 654 τῶν
1200 602 1388 669 ἁγίων,
1410 603 1799 673 εὐπρόσδεκτον
1818 606 1974 675 ποίη-

402 707 494 742 σον
529 688 627 760 τὴν
655 688 838 759 δέησιν
884 689 1060 760 ήμῶν·
1097 689 1338 762 δώρησαι
1368 694 1497 762 ἡμῖν
1528 693 1626 762 τὴν
1651 694 1841 762 ἄφεσιν
1864 693 1972 746 τῶν

400 782 863 854 παραπτωμάτων
895 782 1071 852 ἡμῶν*
1105 785 1374 837 σκέπασον
1407 786 1552 855 ἡμᾶς
1582 787 1639 837 ἐν
1676 790 1743 856 τῇ
1795 787 1971 857 σκέπῃ

397 873 506 927 τῶν
535 873 826 944 πτερύγων
886 890 1001 926 σου*
1045 875 1343 941 ἁποδίωξον
1379 879 1471 947 ἀφ’
1498 878 1653 949 ἡμῶν
1678 878 1854 932 πάντα
1883 881 1973 951 ἐχ-

401 964 529 1036 θρὸν
562 967 655 1019 κα)⁵
688 966 962 1037 πολέμιον’
996 969 1305 1038 είρήνευσον
1335 968 1432 1040 τὴν
1465 969 1609 1040 ζωὴν
1641 970 1815 1041 ἡμῶν·
1854 971 1970 1023 Κύ-

403 1073 509 1128 ριε,
554 1058 773 1128 ἐλέησον
802 1062 951 1129 ἡμᾶς
998 1061 1093 1114 καὶ
1139 1061 1229 1114 τὸν
1272 1054 1472 1132 κόσμον
1521 1078 1638 1125 σου,
1670 1062 1765 1115 καὶ
1797 1061 1971 1115 σῶσον

400 1148 500 1214 τὰς
518 1148 695 1221 ψυχὰς
723 1150 898 1220 ἡμῶν,
930 1151 1004 1214 ὡς
1033 1151 1234 1220 ἀγαθὸς
1267 1153 1358 1204 καὶ
1384 1151 1782 1223 φιλάνθρωπος.

470 1323 599 1382 Εἶτα
648 1330 928 1401 ἀρχόμεθα
970 1330 1040 1382 τὰ
1076 1332 1306 1401 στιχηρά
1340 1331 1430 1385 τοῦ
1465 1333 1669 1402 στίχου,
1696 1333 1810 1397 [καὶ
1833 1332 1969 1401 ψάλ-

400 1438 581 1483 Αοντες
622 1421 977 1492 εἰσερχόμεθα
996 1424 1059 1474 -ὲν
1090 1421 1168 1492 τῷ
1194 1421 1328 1492 ναῷ,
1373 1423 1664 1493 ἐπᾴδοντες
1702 1425 1795 1478 καὶ
1843 1427 1969 1490 τοὺς

397 1512 654 1583 τυχόντας
684 1512 897 1583 στίχους
926 1513 1123 1567 αὐτῶν.

2075 521 2317 573 cursoris
2343 530 2396 574 et
2423 519 2677 587 Baptistae
2704 519 2977 595 Joannis;
3028 534 3339 579 sanctorum
3372 523 3644 594 glorioso-

2077 625 2196 663 rum
2246 619 2302 664 et
2360 610 2750 678 percelebrium
2797 614 3207 681 apostolorum;
3247 616 3421 669 sancti
3468 615 3532 671 N.
3591 627 3648 671 et

2076 701 2317 755 omnium
2358 711 2668 755 sanctorum
2720 711 2950 769 tuorum,
2978 715 3255 774 acceptam
3310 707 3476 761 redde
3514 721 3643 760 ora-

2080 793 2280 847 tionem
2318 801 2554 847 nostram
2583 831 2598 855 ,
2632 793 2786 847 nobis
2842 794 3019 849 tribue
3060 805 3366 851 nostrorum
3421 798 3645 853 delicto-

2046 892 2049 899 '
2080 892 2202 931 rum
2231 877 2481 943 veniam;
2525 878 2624 931 sub
2661 880 2896 949 tegmine
2918 882 3125 936 alarum
3176 893 3389 938 tuarum
3421 896 3644 955 protege

2078 982 2197 1033 nos,
2228 983 2444 1024 onmem
2480 969 2756 1023 inimicum
2785 979 2840 1025 et
2867 971 3076 1027 hostem
3113 989 3141 1027 a
3177 975 3335 1029 nobis
3359 976 3635 1045 propulsa,

2077 1060 2244 1114 vitam
2270 1070 2510 1116 nostram
2543 1061 2761 1116 contine
2795 1062 2846 1114 in
2886 1078 3060 1131 pace;
3104 1067 3350 1132 Domine,
3384 1070 3641 1124 miserere

2077 1153 2249 1206 nostri
2278 1161 2439 1220 atque
2473 1138 2623 1208 orbis
2651 1155 2749 1221 tui,
2785 1166 2838 1209 et
2861 1170 3019 1210 serva
3041 1157 3250 1214 animas
3274 1169 3511 1223 nostras,
3555 1170 3640 1214 ut-

2074 1246 2199 1313 pote
2229 1244 2318 1312 qui
2349 1259 2408 1298 es
2435 1245 2609 1301 bonus
2636 1255 2689 1300 et
2716 1248 2992 1302 hominum
3018 1260 3248 1305 amator.

2145 1334 2268 1388 120.
2325 1333 2486 1390 Hisce
2534 1338 2792 1395 absolutis
2839 1341 3123 1410 incipimus
3169 1344 3403 1399 stichera
3462 1347 3635 1402 versi-

2075 1425 2201 1492 culi,
2228 1435 2284 1481 et
2305 1426 2598 1494 psallentes
2654 1430 2911 1499 templum
2962 1431 3299 1501 ingredimur
3323 1435 3636 1491 accinentes

2072 1517 2237 1570 etiam
2267 1517 2564 1572 versiculos
2592 1519 2684 1572 tali
2722 1520 2808 1574 die
2840 1531 3218 1578 occurrentes.

471 1603 795 1681 Cornu-Sed
832 1614 1126 1681 antequam
1166 1604 1232 1657 ad
1261 1604 1351 1657 illa
1381 1605 1618 1681 stiehera
1635 1604 1884 1681 animum
1936 1602 2293 1681 applicemtts,
2330 1619 2508 1659 meum
2550 1620 2677 1681 esse
2698 1606 2978 1681 intelligo,
3012 1621 3067 1664 ut
3094 1612 3266 1666 dicam
3320 1627 3382 1667 ea
3413 1628 3533 1681 quae
3570 1617 3637 1673 de

406 1674 701 1746 propositis
725 1673 836 1749 jam
877 1674 1214 1749 o_rationihus
1244 1687 1307 1727 ac
1338 1674 1586 1741 precibus
1615 1676 1835 1749 dicenda
1872 1684 2113 1749 _restant.
2156 1675 2333 1742 Atque
2365 1684 2494 1728 ante
2532 1677 2711 1749 omnia
2742 1716 2763 1749 ,_
2788 1679 2838 1730 in
2868 1673 3041 1749 prima
3065 1692 3119 1736 et
3151 1682 3337 1736 ultima
3367 1673 3632 1749 oratione,

397 1742 575 1821 prout
598 1747 737 1821 apud
763 1743 828 1821 _S.
885 1742 1216 1821 Germanum
1256 1754 1502 1821 egrstant,
1540 1744 1712 1821 multo
1741 1745 2040 1821 plurimum
2070 1745 2713 1821 sanc_torum__patroci_nia
2752 1742 3124 1821 implet-antur,
3155 1767 3314 1821 quam
3352 1764 3510 1821 prout
3535 1742 3634 1809 ex;

397 1810 614 1889 stantin
637 1810 863 1889 Ὑγρὴ-ο.
894 1812 1100 1882 Quippe
1142 1815 1405 1889 posthaec
1443 1816 1623 1889 verba.
1654 1810 1764 1866 Καὶ
1802 1831 1961 1866 πανει

2059 1830 2173 1889 μων
2187 1813 2521 1889 ἀποστόλων,
2555 1832 2574 1863 ‹
2606 1813 2671 1889 Et
2691 1810 3568 1889 celeberrimorum'aposuilorum.
3601 1843 3621 1874 ι

397 1885 650 1957 sequitur
678 1886 735 1957 in
770 1894 995 1957 utraque
1017 1885 1260 1957 oratione
1298 1884 1467 1937 series
1509 1885 1736 1937 aliorum
1789 1894 2099 1938 sanctorum
2133 1885 2271 1937 bene
2296 1884 2473 1953 longa,
2525 1892 2580 1937 et
2626 1884 2679 1938 in
2719 1886 2890 1953 prima
2925 1889 3137 1956 quidem
3185 1884 3449 1957 oratione,
3477 1909 3629 1947 num.

397 1955 522 2017 “5,
559 1955 618 2007 ﬁt
644 1955 933 2019 singularis
961 1954 1178 2005 ruentia.

466 2050 586 2103 Τῶν
632 2050 689 2102 ἐν
732 2048 908 2117 ἁγίοις
960 2047 1219 2118 Πατέρων
1250 2047 1406 2118 ἡμῶν
1443 2049 1535 2101 καὶ
1573 2028 1960 2119 οἰκουμενικῶν

2134 2048 2456 2101 Sanctorum
2494 2047 2715 2102 Patrum
2750 2058 3081 2114 nostrorum,
3131 2061 3187 2106 et
3240 2051 3627 2107 universalium

399 2139 648 2210 μεγάλων
700 2136 1028 2190 διδασκάλων
1071 2137 1164 2190 καὶ
1216 2136 1505 2208 ἰεραρχῶν,
1547 2137 1828 2190 Βασιλείου
1864 2137 1958 2190 τοῦ

394 2230 669 2300 Μεγάλου,
702 2228 1001 2300 Γρηγορίου
1039 2228 1134 2281 τοῦ
1150 2228 1431 2296 Θεολόγου,
1467 2230 1559 2281 καὶ
1601 2229 1842 2282 Ἰωάννου
1867 2229 1959 2282 τοῦ

394 2322 800 2391 Χρυσοστὸμου·
833 2320 926 2373 τοῦ
958 2323 1014 2372 ὲν
1050 2320 1222 2387 ἁγίοις
1252 2312 1463 2392 Πατρός
1493 2320 1780 2383 Νικολάου,
1805 2322 1961 2390 ἁρχι-

392 2414 692 2468 επισκόπου
715 2412 917 2484 Μύρων
938 2412 1035 2481 τῆς
1058 2412 1262 2474 Λυκίας
1286 2412 1379 2464 τοῦ
1400 2411 1829 2483 Θαυματουργοῦ,
1855 2412 1964 2465 τῶν

394 2504 597 2574 ἁγίων,
644 2502 881 2567 ’ἐνδόξων
950 2503 1044 2554 καὶ
1108 2501 1430 2554 καλλινίκων
1489 2500 1799 2571 μαρτύρων,
1854 2501 1963 2554 τῶν

392 2597 554 2652 ὁσίων
601 2598 693 2649 καὶ
725 2595 998 2665 θεοφόρων
1027 2595 1284 2664 Πατέρων
1330 2593 1506 2664 ἡμῶν,
1532 2593 1637 2646 τῶν
1661 2594 1829 2661 ἁγίων
1869 2595 1961 2646 καὶ

391 2688 614 2742 δικαίων
644 2684 998 2755 Θεοπατόρων
1050 2685 1300 2755 Ἰωακεὶμ
1330 2686 1421 2737 καὶ
1453 2683 1778 2752 νΑννης,τοῦ
1805 2684 1960 2751 ἁγίου

392 2781 489 2851 τῆς
525 2781 709 2851 μονῆς.

2064 2155 2381 2211 magnorum
2439 2144 2720 2196 doctorum
2748 2157 2810 2198 ac
2845 2143 3159 2212 pontiﬁcum
3204 2144 3392 2200 Basilii
3424 2145 3622 2213 Magni,

2064 2228 2304 2296 Gregorii
2333 2228 2590 2299 Theologi
2618 2241 2672 2283 et
2702 2230 2925 2309 Joannis
2979 2232 3351 2303 Chrysostomi
3378 2250 3393 2298 ;
3449 2235 3623 2289 sancti

2065 2319 2295 2382 Nicolai,
2325 2319 2487 2390 Myrte
2534 2321 2587 2374 in
2622 2321 2785 2392 Lycia
2817 2324 3208 2393 archiepiscopi
3249 2334 3305 2379 et
3332 2326 3623 2380 miraculo-

2068 2432 2187 2470 rum
2218 2416 2547 2483 patratoris;
2585 2427 2921 2483 sanctorum,
2960 2419 3321 2488 gloriosorutn
3367 2430 3422 2476 et
3456 2423 3629 2474 victo-

2070 2507 2166 2560 riis
2214 2506 2537 2575 iuclytornm
2591 2516 2937 2578 martyrum;
2990 2510 3235 2564 divorum
3290 2520 3348 2565 et
3399 2512 3631 2567 deiferoo

2070 2612 2188 2649 rum
2243 2596 2459 2649 Patrum
2521 2607 2873 2660 nostrorum;
2920 2609 3230 2653 sanctorum
3276 2610 3332 2654 et
3364 2601 3629 2668 iustorum

2068 2684 2161 2738 Dei
2218 2693 2503 2753 parentum
2555 2682 2798 2739 Joachim
2848 2696 2901 2740 et
2957 2691 3174 2755 Annae;
3230 2691 3405 2745 sancti
3467 2691 3629 2761 hujus

2068 2776 2217 2829 aedis.

475 2894 656 2948 Series
715 2898 894 2946 autem
958 2905 1075 2958 qum
1136 2906 1191 2946 .n
1243 2888 1429 2943 ultima
1488 2887 1733 2941 oratione
1794 2901 1943 2940 num.
2001 2886 2102 2940 H9
2138 2928 2153 2952 ,
2210 2886 2566 2956 adjungitur,
2634 2899 2752 2956 post
2814 2904 2976 2957 supra
3034 2888 3177 2943 dicta
3248 2893 3452 2957 verba,
3511 2894 3626 2948 haec

424 2971 519 3019 Sl:

424 2979 473 3018 ει
504 2979 519 3019 ζ

390 2979 421 3019 e
460 3055 581 3108 Τῶν
630 3054 820 3122 ἁγίων,
860 3053 1082 3116 ἐνδόξων
1128 3052 1222 3103 καὶ
1276 3050 1597 3102 καλλινίκων
1642 3051 1953 3120 μαρτύρων*

388 3149 495 3202 τῶν
519 3147 679 3200 ὁσίων
696 3147 787 3199 καῖ⁹
803 3145 1075 3215 θεοφόρων
1101 3143 1358 3211 Πατέρων
1386 3142 1558 3211 ἡμῶν·
1590 3141 1682 3193 τοῦ
1711 3142 1767 3192 ὲν
1788 3140 1960 3207 ἁγίοις

388 3241 601 3311 Πατρός
634 3238 788 3308 ἡμῶν
813 3236 1099 3299 Νικολάου,
1135 3234 1562 3305 ἁρχιεπισκόπου
1615 3233 1816 3324 Μυρων
1859 3231 1958 3300 τῆς
1984 3266 2025 3324 C

386 3331 591 3392 Λυκίας
616 3330 709 3382 τοῦ
732 3324 1164 3397 θαυματουργοῦ’
1191 3325 1284 3378 τοῦ
1308 3324 1461 3391 ἁγίου
1483 3324 1576 3377 καὶ
1609 3323 1816 3388 ἐνδόξου
1855 3340 1950 3391 με-

386 3422 795 3493 γαλομὰρτυρος
812 3418 1078 3488 Γεωργίου
1105 3416 1195 3470 τοῦ
1229 3416 1641 3486 τροπαιοφόρου·
1676 3414 1769 3466 τοῦ
1798 3414 1950 3481 ἁγίου

385 3514 478 3569 τοῦ
527 3514 716 3577 δεῖνος,
762 3506 824 3564 οὗ
867 3512 959 3563 καὶ
1006 3509 1101 3579 τὴν
1157 3510 1378 3578 μνήμην
1433 3505 1802 3577 ἐπιτελοῦμεν·
1844 3506 1952 3558 τῶν

387 3607 557 3676 ἁγίων
606 3606 701 3659 καὶ
736 3603 960 3657 δικαίων
1004 3601 1358 3672 Θεοπατόρων
1400 3599 1654 3669 Ἰωακεὶμ
1688 3599 1782 3651 καὶ
1822 3599 1950 3649 Ἀν-

384 3715 503 3769 νηςο

458 3812 581 3865 421.
600 3809 786 3878 Neque
828 3809 925 3860 hoc
953 3806 1464 3878 praetermittemlum
1487 3817 1591 3868 est,
1630 3808 1681 3860 in
1707 3818 1937 3878 utraque
1961 3806 2439 3878 oratione,_s_tati_m
2463 3812 2581 3874 post
2605 3806 2717 3859 haec
2741 3805 2903 3878 verba
2944 3821 2961 3878 ς

2139 3048 2496 3113 Sanctorum,
2571 3049 2923 3119 gloriosornm
2983 3062 3041 3104 et
3102 3052 3344 3107 victoriis
3397 3052 3626 3122 inclyto-

2068 3154 2185 3193 rum
2242 3150 2579 3210 martyrum;
2635 3141 2884 3194 divorum
2920 3150 2971 3193 et
3021 3142 3348 3197 deiferorum
3400 3143 3623 3198 Patrum

2064 3242 2410 3298 nostrorum;
2443 3234 2615 3287 sancti
2666 3233 2842 3287 Patris
2889 3235 3059 3287 nostri
3093 3234 3317 3300 Nicolai,
3352 3237 3624 3305 archiepi-

2058 3326 2201 3393 scopi
2259 3325 2420 3394 Myrze
2485 3326 2538 3379 in
2590 3325 2796 3395 Lycia,
2854 3327 3236 3381 miraculorum
3294 3330 3618 3396 patratoris;

2056 3417 2251 3484 sancti,
2317 3417 2534 3486 gloriosi
2588 3426 2644 3472 et
2705 3418 2879 3487 magni
2935 3419 3187 3487 martyris
3240 3417 3453 3491 Georgii
3513 3430 3623 3473 tro-

2054 3522 2168 3577 paea
2190 3508 2515 3572 referentis;
2548 3509 2721 3563 sancti
2753 3508 2819 3561 N.
2852 3508 3004 3574 cujus
3026 3510 3235 3577 agimus
3270 3513 3618 3576 memoriam;

2054 3611 2364 3655 sanctorum
2400 3608 2455 3656 et
2491 3599 2757 3669 iustorum
2808 3598 2901 3652 Dei
2932 3598 3241 3668 ’parentttm
3277 3598 3520 3655 Joachim
3565 3611 3620 3654 et

2053 3692 2240 3744 Annae.

3011 3805 3311 3875 Πρεσὸείας
3342 3804 3438 3875 τῆς
3477 3822 3613 3858 παν-

385 3882 650 3956 αχρὰντου
697 3874 987 3956 δεσποίνης
1016 3876 1192 3956 ’ἡμῶν
1227 3876 1507 3956 Θεοτόκου-
1542 3878 1636 3929 καὶ
1679 3877 1961 3956 ἀειπαροέκ

2059 3924 2067 3956 ὲ
2108 3875 2243 3945 apud
2277 3876 2703 3956 S._Gern't‘an‘um.
2749 3875 2896 3941 poni,
2939 3874 3277 3944 δυνάμειτοῦ
3303 3874 3484 3956 τιμίου
3519 3877 3614 3956 καὶ
3696 3894 3699 3897 ·

383 3945 643 4016 ζὸωποιοῦ
694 3948 945 4017 σταυροῦ,
980 3948 1029 3999 id
1061 3945 1178 4008 est,
1222 3964 1246 4017 γι
1274 3948 1468 3999 virtute
1496 3945 1904 4017 honorandazr’et
1928 3961 1957 3995 v

2059 3946 2153 3998 iere
2202 3947 2398 4017 crucis.
2441 3964 2461 3996 ι
2499 3945 2705 4017 Reliqui
2739 3958 2867 3996 vero
2897 3959 3056 4017 supra
3096 3947 3375 4017 memorati
3416 3947 3615 4017 geniti-

381 4013 462 4084 v-i,
498 4036 621 4071 eum
655 4020 753 4070 hac
800 4013 927 4070 vece
966 4016 1320 4086 προστασίαις
1362 4018 1475 4068 sive
1504 4035 1520 4065 ι
1562 4016 1894 4082 patrociniis,
1928 4034 1946 4066 ι
1981 4015 2562 4086 ibidemdcopulantur.
2598 4013 2956 4086 Praetereas.
3011 4013 3262 4086 Germani
3316 4013 3613 4086 Aeolutltiae

382 4082 505 4145 cum
539 4087 741 4159 Typico
768 4103 869 4159 non
894 4082 1026 4159 satis
1050 4087 1302 4159 convenit
1333 4086 1400 4139 de
1438 4086 1666 4159 vicibus,
1686 4086 1881 4159 quibus
1912 4101 1938 4135 a
1976 4088 2143 4137 choro
2171 4084 2453 4159 dicendum
2484 4094 2568 4137 est
2596 4083 2790 4153 Κύριε,
2845 4082 3088 4159 ελέησον·
3116 4083 3231 4159 _t_tbi
3258 4084 3400 4137 enim
3433 4085 3482 4137 in
3508 4083 3612 4153 Ty-

380 4161 504 4224 pico
555 4154 810 4211 scribitur
847 4155 916 4216 λ’,
948 4155 1061 4207 sive
1124 4157 1392 4222 trigesies,
1448 4154 1519 4207 ibi
1560 4168 1627 4274 ap

380 4227 611 4274 Gnarus-
647 4228 808 4274 etiam
834 4226 1084 4274 antiquos
1115 4226 1329 4274 codices
1371 4224 1567 4274 habere

380 4227 611 4291 Goarus,
647 4228 808 4279 etiam
834 4226 1084 4292 antiquos
1115 4226 1329 4276 codices
1371 4224 1567 4276 habere

1633 4150 1797 4207 ud'S.
1827 4154 2149 4208 Germanum
2199 4154 2453 4207 scribitur
2483 4150 2697 4206 tantum
2722 4160 2792 4220 γ’,
2825 4154 2938 4205 sive
2961 4150 3078 4205 'ter.
3116 4150 3373 4207 Testatur
3430 4150 3607 4207 tamen

1698 4223 1936 4291 Denique
1960 4224 2232 4283 monachi,
2282 4224 2349 4276 ab
2386 4225 2759 4289 episc0porum
2789 4222 3166 4288 iurisdictione
3208 4224 3467 4291 exempti,
3499 4239 3605 4277 non

1628 4229 1638 4250 Ι

383 4299 665 4351 nominant
693 4296 1003 4361 episcopum
1035 4295 1085 4345 in
1111 4309 1269 4355 prece
1302 4310 1451 4345 num.
1486 4293 1605 4355 116,
1661 4294 1830 4361 posita
1853 4334 1868 4353 .
1904 4294 1995 4361 sed
2051 4307 2206 4361 suum
2252 4293 2500 4345 abbatem
2549 4294 2663 4345 sive
2690 4292 3056 4360 praepositum.
3099 4294 3198 4347 hoc
3254 4293 3411 4346 modo
3444 4311 3457 4346 :
3487 4294 3609 4345 Ἔτι

377 4366 605 4436 δεόμεθα
631 4360 779 4436 ὑπὲρ
801 4363 1045 4432 ἀφέσεως
1060 4364 1107 4436 ,ἁ
1115 4362 1355 4436 μαρτιῷν
1378 4360 1474 4413 τοῦ
1504 4361 1696 4436 δούλου
1708 4360 1801 4436 τοῦ
1826 4360 1960 4436 Θεοῦ

2066 4360 2252 4424 δεῖνος.
2294 4379 2312 4411 ι
2339 4363 2776 4436 Adhucpramus
2802 4363 3067 4436 pro_venia
3089 4373 3438 4436 peccatorum
3466 4366 3607 4436 servi

380 4431 481 4490 Dei
516 4436 605 4496 N..
640 4454 658 4486 ι
694 4431 887 4502 quibus
927 4432 1101 4484 verbis
1121 4431 1408 4484 ostendunt
1432 4433 1885 4500 quam’submisse
1912 4435 1977 4486 de
2004 4446 2103 4485 suo
2133 4445 2330 4501 genere
2359 4431 2571 4485 vivendi
2596 4432 2851 4484 sentiant.
2885 4431 3058 4498 Atque
3088 4433 3200 4484 haec
3224 4442 3351 4486 sunt
3378 4447 3496 4500 qua:
3520 4433 3608 4487 hic

376 4506 562 4574 paucis
586 4505 887 4559 adnotanda
917 4516 1037 4555 esse
1063 4503 1397 4574 existimavi.

458 4574 584 4629 122.
643 4574 794 4627 Nunc
862 4586 1159 4622 remeemus
1222 4572 1286 4622 atl
1356 4570 1656 4638 templum,

1742 4570 1977 4640 audituri
2062 4571 2295 4625 stiehera
2370 4570 2526 4640 hujus
2592 4569 2717 4624 diei.

2819 4567 2957 4623 Sunt
3027 4576 3207 4623 autem
3275 4569 3365 4622 illa
3436 4586 3604 4621 ποοσ-

372 4646 535 4717 όμοια
556 4653 612 4698 et
649 4660 678 4696 a
710 4642 827 4696 Nilo
862 4640 1202 4708 Xanthopulo
1232 4640 1456 4707 scripta,
1490 4650 1547 4693 ut
1573 4640 1815 4694 indicant
1837 4638 2058 4693 Menam.

440 4734 611 4809 Ἦχος
639 4736 730 4790 πλ.
760 4742 827 4800 α’,
859 4735 992 4806 πρὸς
1020 4734 1243 4804 Χαίροις
1271 4734 1601 4801 ἀσκητικῶν.

442 4834 688 4903 Χαίροις,
729 4828 994 4900 ίεραρχῶν
1024 4829 1056 4896 ὴ
1081 4826 1258 4897 τριὰς,
1283 4828 1381 4895 τῆς
1419 4826 1815 4897 Ἐκκλησίαςτὰ
1846 4844 1940 4898 με-

370 4927 512 4995 γὰλα
547 4922 880 4995 προπύργια,
907 4922 957 4973 οἱ
986 4919 1164 4973 στῦλοι
1186 4920 1284 4989 τῆς
1316 4919 1617 4983 εὐσεϐείας,
1648 4922 1676 4972 ὁ
1699 4918 1808 4971 τῶν
1849 4937 1940 4972 πι-

372 5016 510 5070 στῶν
530 5012 815 5086 ἑδρασμὸς,
840 5011 946 5064 τῶν
967 5010 1391 5081 αἱρετιζόντωνή
1421 5010 1788 5077 κατάπτωσις,
1808 5013 1939 5080 Χρι-

371 5109 495 5162 στοῦ
545 5109 596 5161 οἱ
638 5106 1001 5176 ποιμάναντες
1034 5103 1124 5156 τὸν
1171 5103 1297 5157 λαὸν
1325 5107 1435 5167 τοῖς
1468 5102 1631 5166 Θείοις
1680 5103 1931 5172 δόγμασι,

367 5202 460 5253 καὶ
499 5202 617 5262 ταῖς
660 5195 930 5258 ποικίλαις
970 5197 1189 5265 ἀρεταῖς
1226 5195 1275 5246 οἱ
1311 5193 1692 5265 ἐκθρέψαντες,
1744 5194 1793 5247 οἱ
1836 5196 1934 5263 τῆς

366 5291 584 5361 χάριτος
636 5287 945 5358 διαπρύσιοι
992 5288 1252 5358 κήρυκες,
1311 5286 1508 5358 νόμους
1555 5289 1605 5338 oi.
1667 5285 1932 5356 προεκθὲ-

368 5395 518 5449 μενοι
560 5375 797 5448 Χριστοῦ
850 5374 927 5445 τῷ
986 5374 1331 5445 πληρώματι,
1386 5376 1433 5427 oi
1482 5374 1666 5444 ὁδηγοὶ
1699 5374 1835 5444 πρὸς
1868 5374 1935 5426 τά

363 5470 498 5531 ἄνω,
529 5468 623 5519 τοῦ
653 5466 977 5538 παραδείσου
1006 5468 1060 5519 αἱ
1088 5465 1302 5519 εἴσοδοι·
1325 5466 1557 5537 Χριστὸν
1579 5466 1934 5536 καταπέμψαι

360 5563 481 5622 ταῖς
499 5559 692 5628 ψυχαῖς
724 5557 878 5628 ἡμῶν
901 5559 1098 5612 αἰτεῖτε
1131 5558 1193 5609 τὸ
1216 5557 1360 5628 μέγα
1390 5556 1555 5622 ἕλεος.

427 5650 633 5719 Στίχος.
654 5650 829 5701 Ὅσιοι
859 5649 1221 5718 καυχήσονται
1250 5650 1306 5700 ὲν
1334 5648 1480 5720 δόξῃ.
1550 5692 1555 5697 .

427 5742 670 5806 Χαίροις,
706 5741 972 5812 ἱεραρχῶν
1008 5743 1040 5811 ἡ
1082 5740 1254 5811 τριὰς,
1308 5741 1756 5811 οὐρανοϐἁμονες,
1803 5742 1919 5795 ἐπί-

1970 4741 2015 4796 D
2116 4733 2299 4789 Tonus
2325 4734 2433 4789 obl.
2471 4735 2525 4798 1,
2566 4735 2705 4788 sicut
2732 4732 2959 4804 Χαίροις
2986 4732 3317 4802 ἀσκητικίῖω.

2110 4824 2359 4889 Salvete,
2418 4826 2824 4881 hierarcharum
2873 4824 3042 4885 trias,
3091 4838 3284 4890 magna
3346 4821 3603 4877 Ecclesia:

2036 4915 2437 4986 propugnacula
2463 4955 2477 4978 ,
2521 4914 2784 4969 columnae
2840 4914 3057 4982 pietatis
3086 4952 3101 4974 ,
3130 4912 3365 4965 ﬁdelium
3414 4911 3602 4965 (trina-

2037 5018 2299 5070 mentum,
2341 5007 2717 5061 haereticorum
2748 5006 2945 5069 ruina;
2995 5004 3194 5058 divinis
3244 5003 3599 5056 institutioni-

2034 5102 2136 5155 bus
2169 5109 2455 5169 pascentes
2477 5099 2843 5154 Christianum
2876 5098 3155 5167 populum,
3181 5111 3412 5164 eumque
3434 5098 3598 5149 variis

2033 5193 2336 5246 nutrientes
2399 5190 2737 5255 virtutibus;
2792 5188 2988 5243 excelsi
3041 5188 3229 5258 gratiae
3278 5202 3594 5255 praecones,

2033 5282 2356 5349 interpretes
2389 5280 2567 5349 legum
2602 5280 2656 5331 in
2699 5277 3028 5346 plenitudine
3060 5275 3283 5338 Christi,
3311 5276 3377 5328 ad
3408 5289 3599 5343 super-

2034 5386 2102 5425 na
2143 5373 2396 5426 ductores
2429 5410 2443 5434 ,
2500 5371 2738 5440 paradisi
2794 5370 3257 5422 introituszorate
3294 5366 3592 5431 Christum,

2034 5474 2096 5516 ut
2144 5480 2395 5535 magnam
2424 5463 2705 5517 animabus
2750 5461 2950 5517 nostris
2983 5460 3241 5530 largiatur
3288 5458 3595 5513 misericor—

2036 5557 2199 5611 diam.

2109 5626 2440 5700 V’ersirnlus.
2479 5645 2835 5699 Exsultabunt
2858 5643 3030 5697 sancti
3062 5642 3113 5695 in
3140 5640 3338 5707 gloria.

2105 5738 2225 5792 19.3.
2287 5739 2535 5803 Salvete,
2603 5736 3009 5792 hierarcbarum
3083 5733 3230 5787 trias.
3285 5729 3595 5800 gradientes

2040 5816 2076 5833 ,ιο
