4076 6226
432 291 659 333 ϊῑεονιιιν

1810 260 2366 328 ΡΚΟΙΑΕΟΟΜΕΝᾹ.

444 403 499 456 in
532 399 691 463 coelo,
719 392 921 451 terreni
950 388 1146 463 angeli,
1184 387 1333 446 salus
1359 390 1567 456 mundi,
1603 390 1881 445 hominum
1916 390 2006 445 tae-

2106 408 2245 459 γειοι
2272 390 2514 460 ἄγγελοι,
2546 384 2638 443 τοῦ
2675 389 2880 463 κόσμου
2907 394 2941 464 ἡ
2988 393 3253 465 σωτηρία,
3345 396 3453 448 τῶν
3476 394 3688 469 ἀνθρώ-

437 492 576 559 titia,
606 490 852 544 doctores
873 485 1042 552 orbis,
1063 492 1492 554 propugnatores
1519 481 1691 545 verbi,
1715 482 1870 550 periti
1899 495 2007 533 me-

437 585 545 641 dici
602 582 912 637 morborum
955 586 1068 631 tum
1120 575 1282 631 animi
1312 584 1425 628 tum
1459 573 1725 640 corporis,
1759 571 1997 641 Spiritus
2041 606 2071 634 η

437 674 693 746 perennia
731 670 987 734 ﬂumina,
1015 666 1317 722 eruditione
1361 666 1669 720 universam
1721 674 1883 719 terrae
1925 662 2005 717 fa-

438 768 575 821 ciem
624 760 936 819 inundantia
964 799 980 825 ,
1007 757 1240 828 theologi
1275 796 1292 819 ,
1327 759 1523 820 bases,
1556 770 1723 810 aureo
1757 754 2004 822 insignes

437 860 689 915 idiomate
715 899 731 921 ,
762 854 944 910 divino
990 851 1193 922 Spiritu
1219 847 1382 903 alllati
1408 864 1424 912 ;
1469 856 1624 901 orate
1676 845 1952 901 Christum
1984 883 2000 909 ,

435 961 495 1006 ut
519 962 767 1017 magnam
795 944 1075 1001 animabus
1114 942 1311 996 nostris
1367 938 1627 1010 largiatur
1678 936 1997 991 misericor-

434 1045 602 1098 diam.

504 1133 833 1190 Versiculus.
885 1129 1204 1185 Sacerdotes
1264 1125 1380 1191 tui,
1444 1120 1713 1186 Domine,
1779 1119 2004 1175 induerit

426 1226 714 1296 justitiam.
1008 1274 1011 1275 ν
1619 1290 1632 1298 _

501 1317 625 1371 124.
662 1314 896 1375 Salvete,
918 1308 1330 1366 hierarcharum
1390 1307 1543 1371 trias,
1587 1303 1864 1360 terrestris
1903 1305 1999 1356 lir-

424 1409 689 1466 mamenti
711 1405 810 1470 sol,
836 1404 973 1459 radii
1000 1443 1015 1469 ,
1045 1412 1098 1457 et
1125 1402 1192 1456 de
1221 1399 1448 1469 triplicis
1491 1397 1619 1453 solis
1650 1397 1857 1451 lumine
1909 1411 1999 1451 ac-

431 1518 607 1558 censae
645 1501 792 1555 faces
817 1540 832 1565 ,
867 1496 921 1550 in
973 1493 1216 1550 obscuris
1276 1492 1608 1546 versantium
1647 1488 1994 1551 illuminatio,

418 1593 588 1650 "ﬂores
621 1606 785 1648 suave
818 1570 1024 1643 olentes
1048 1628 1063 1652 ,
1091 1583 1453 1655 pulcherrima
1488 1582 1729 1651 paradisi
1764 1581 2001 1635 amoeni-

433 1695 532 1748 tas,
558 1693 613 1738 tu
643 1681 913 1750 Theologe
938 1676 1186 1746 Gregori,
1214 1685 1267 1730 tu
1300 1673 1508 1728 erudite
1531 1672 1716 1737 Basili,
1750 1681 1803 1726 tu
1827 1670 2000 1743 Chry-

405 1787 684 1839 ‘sostome,
716 1772 953 1841 Spiritus
984 1767 1175 1823 tabula:
1203 1782 1233 1820 a
1286 1766 1394 1821 Deo
1447 1775 1685 1820 exarata:
1711 1803 1727 1829 ,
1761 1763 1994 1818 distenta

426 1869 614 1923 salutis
656 1866 796 1921 lacte
829 1864 1015 1927 ubera,
1055 1867 1373 1915 ornamenta
1405 1857 1728 1926 sapientia);
1775 1855 1995 1912 Christo

422 1959 756 2029 supplicate,
809 1963 868 2009 ut
918 1966 1168 2023 magnam
1207 1950 1364 2005 nobis
1422 1949 1626 2004 tribuat
1684 1947 1996 2003 misericor-

424 2053 589 2106 diam.

589 2140 789 2196 Gloria.
1483 2126 1664 2187 Tonus
1690 2124 1865 2187 idem.
1889 2126 1907 2131 ”
1936 2128 1963 2134 ”

496 2233 621 2289 ηδ.
654 2232 923 2287 Canamus
960 2227 1139 2293 tubis,
1183 2225 1539 2295 tripudiemus
1584 2235 1644 2279 ut
1692 2223 1870 2280 facere
1924 2222 1997 2277 fe-

422 2337 510 2383 sto
541 2326 627 2382 die
658 2322 930 2387 convenit,
957 2328 1014 2375 et
1040 2319 1336 2390 gestiamus
1361 2316 1569 2380 laetitia,
1602 2326 1747 2370 coetu
1777 2317 1991 2386 publico

426 2419 480 2472 in
531 2426 841 2472 nostrorum
868 2411 1099 2482 gratiam
1133 2408 1415 2464 doctorum
1451 2415 1661 2463 coacto.
1697 2407 1869 2477 Reges
1927 2422 1991 2461 ac

420 2508 700 2580 principes
747 2511 1120 2566 concurrant,
1156 2511 1216 2556 et
1271 2500 1587 2555 bierarcbas
1639 2516 1759 2554 cum
1802 2500 1992 2568 plausu

429 2600 726 2669 excipiant,
756 2610 859 2652 non
889 2610 1044 2650 secus
1073 2609 1135 2649 ac
1192 2604 1299 2648 tres
1336 2594 1628 2647 immensos
1656 2590 1846 2646 ﬂuvios
1896 2593 1995 2645 do-

422 2701 703 2763 gmatum;
764 2698 874 2743 tres
933 2688 1233 2742 Calirrboae
1292 2684 1427 2740 fonti
1461 2685 1664 2739 similes
1701 2722 1717 2749 ,
1756 2681 1992 2753 Spiritus

420 2798 616 2854 aquam
641 2781 819 2836 vivam
858 2781 909 2833 in
940 2788 1258 2849 perpetuum
1317 2775 1628 2830 fundentes.
1666 2775 1710 2830 Ο
1747 2784 1992 2843 pastores

338 2869 348 2882 ’
420 2889 484 2928 ac
512 2872 778 2943 magistri,
821 2886 924 2924 una
957 2871 1297 2925 celebremus
1334 2877 1444 2922 tres
1484 2869 1773 2921 adorandae
1801 2865 1983 2921 Trini-

420 2966 549 3019 tatis
576 2965 939 3033 interpretes:
974 2960 1291 3030 philosophi,
1313 2961 1682 3027 utsapientes;
1715 2961 1992 3029 presbyte-

2107 499 2224 534 πων
2242 481 2404 552 χαρὰ,
2432 482 2525 535 καὶ
2555 482 2654 552 τῆς
2673 482 2997 555 οἰκουμένης
3037 487 3085 538 οί
3111 484 3421 539 διδάσκαλοι
3443 526 3459 553 ,
3483 488 3577 541 τοῦ
3606 489 3689 544 λό-

2106 590 2206 640 γου
2237 576 2285 626 oi
2317 573 2609 645 πρόμαχοι,
2647 574 2821 646 ἰατροὶ
2838 576 3197 647 ἐπιστήμονες
3226 577 3334 631 τῶν
3361 581 3687 649 νοσημάτων

2105 663 2205 732 τῆς
2228 663 2408 734 ψυχῆς
2434 664 2529 718 καὶ
2566 662 2660 717 τοῦ
2705 662 2976 736 σώματος,
2996 668 3045 720 οί
3088 667 3331 739 άείρροοι
3358 670 3592 741 ποταμοὶ
3632 671 3684 724 οί

2104 754 2199 808 τοῦ
2241 756 2577 827 Πνεύματος,
2606 756 2787 826 λόγοις
2836 760 2886 812 oi
2936 760 3403 833 καταρδεύσαντες
3433 764 3531 834 τῆς
3580 763 3685 834 γῆς

2105 846 2250 902 ἆπαν
2277 844 2591 919 πρόσωπον,
2622 851 2671 904 οί
2703 850 2963 921 θεολόγοι,
2998 854 3055 905 αἱ
3092 852 3297 923 βάσεις,
3320 855 3369 907 οἱ
3419 854 3684 926 χρυσολό-

2103 955 2211 1007 γοι,
2232 939 2281 991 οἱ
2299 938 2489 992 ἔνθεοι·
2530 941 2763 1012 Χριστὸν
2789 943 3142 1013 καταπέμψαι
3166 949 3286 1011 ταῖς
3310 946 3508 1018 ψυχαῖς
3526 948 3683 1018 ἡμῶν

2026 1044 2030 1048 ‘
2102 1028 2304 1081 αἰτεῖτε
2327 1028 2386 1082 τὸ
2417 1028 2558 1100 μέγα
2578 1029 2742 1095 ἔλεος.

2175 1119 2381 1189 Στίχος.
2436 1122 2500 1175 Οἱ
2547 1122 2711 1193 ἱερεῖς
2756 1140 2872 1189 σου,
2906 1124 3100 1197 Κύριε,
3141 1127 3448 1182 ὲνδύσονται
3478 1129 3682 1183 δικαιο·

2104 1211 2289 1284 σύνην.

2169 1304 2414 1376 Χαίροις,
2465 1306 2735 1379 ίεραρχῶν
2772 1308 2805 1379 ἡ
2850 1307 3028 1381 τριὰς,
3055 1307 3148 1363 τοῦ
3170 1311 3413 1381 ἐπιγείου
3444 1314 3680 1387 στερεά)-

2105 1401 2272 1465 ματος
2292 1396 2464 1465 ἥλιος,
2500 1399 2740 1463 ἀκτῖνες,
2783 1398 2876 1454 καὶ
2902 1399 3177 1472 δᾳδουχίαι
3204 1404 3268 1456 ἐκ
3288 1405 3562 1475 τρισηλίου
3583 1408 3682 1459 a6-

2100 1486 2226 1555 γῆς,
2276 1486 2385 1540 τῶν
2423 1488 2824 1558 ὲσκοτισμένων
2877 1491 2911 1560 ἡ
2954 1489 3267 1561 ἀνάϐλεψις,
3316 1492 3385 1545 τὰ
3423 1493 3555 1567 ἄνθη
3609 1496 3681 1550 τά

2101 1576 2331 1646 εὔοσμα,
2380 1577 2476 1632 τοῦ
2526 1580 2852 1651 παραδείσου
2893 1581 2965 1635 τὰ
3020 1583 3301 1648 κάλλιστα,
3362 1588 3390 1639 6
3435 1586 3679 1657 θεολόγος

2102 1670 2423 1743 Γρηγόριος,
2462 1673 2490 1725 6
2524 1672 2687 1741 σοφός
2732 1691 2791 1726 τε
2848 1673 3146 1742 Βασίλειος,
3197 1678 3225 1730 6
3274 1678 3678 1750 Χρυσόστομος,

2030 1745 2071 1799 Β
2100 1760 2167 1813 τὰ
2202 1760 2370 1827 πυξία
2416 1761 2508 1815 τοῦ
2557 1764 2892 1834 Πνεύματος,
2947 1765 3152 1830 πλάκες
3202 1769 3257 1821 αί
3301 1745 3678 1841 θεοχάρακτοι,

2106 1851 2266 1921 μαζοὶ
2305 1850 2354 1903 οί
2397 1851 2748 1917 ὲκὸλύξοντες
2780 1855 2878 1925 τῆς
2906 1855 3176 1927 σωτηρίας
3202 1856 3262 1911 τὸ
3292 1858 3453 1926 γάλα,
3494 1859 3554 1913 τὸ
3578 1860 3677 1931 τῆς

2103 1942 2296 2012 σοφίας
2330 1942 2393 1996 τὸ
2412 1944 2705 2016 ἀγλάϊσμα·
2745 1946 2976 2018 Χριστὸν
3007 1947 3305 2002 δυσωπεῖτε
3336 1953 3456 2014 ταῖς
3478 1950 3676 2022 ψυχαῖς

2101 2033 2258 2104 ήμῶν
2274 2034 2491 2106 δοθῆναι
2520 2036 2581 2089 τὸ
2608 2036 2749 2108 μέγα
2779 2037 2944 2103 ἔλεος.

2261 2123 2418 2189 Δόξα.
3097 2124 3271 2201 *Ηχος
3291 2134 3319 2185 6
3350 2133 3532 2198 αὑτός.

2168 2215 2526 2289 Σαλπίσωμεν
2580 2220 2638 2273 ὲν
2692 2220 2949 2291 σάλπιγγι
3002 2223 3283 2293 ᾀσμάτων,
3326 2226 3675 2297 χορεύσωμεν

2098 2306 2306 2379 ὲόρτια,
2349 2310 2442 2364 καὶ
2473 2313 2857 2383 σκιρτὴσωμεν
2884 2313 3244 2385 ἀγαλλόμενοι
3288 2318 3345 2369 ὲν
3372 2320 3437 2389 τῇ
3471 2318 3671 2389 πανδή-

2101 2415 2187 2470 μῳ
2217 2398 2523 2473 πανηγύρει
2563 2404 2668 2456 τῶν
2702 2403 3037 2459 διδασκάλων
3075 2402 3247 2479 ἡμῶν.
3297 2408 3545 2473 Βασιλεῖς
3582 2411 3672 2464 καὶ

2097 2491 2355 2562 ἄρχοντες
2387 2495 2846 2566 συντρεχέτωσαν,
2879 2499 2970 2550 καὶ
2997 2500 3124 2564 τοὺς
3175 2500 3433 2572 ἱεράρχας
3481 2503 3665 2575 κροτή-

2095 2598 2280 2636 τωσαν
2320 2585 2377 2637 ὲν
2404 2583 2611 2655 ὕμνοις,
2640 2586 2714 2651 ὡς
2746 2587 3029 2659 δογμάτων
3063 2590 3362 2661 βλύσαντας
3397 2597 3669 2666 ποταμοὺς

2096 2673 2513 2746 ὑπερμεγέθεις,
2548 2681 2696 2750 τρεῖς
2733 2680 3057 2753 καλλιρῤόας
3081 2684 3343 2750 άειζώους
3376 2687 3472 2741 τοῦ
3502 2688 3641 2743 Πνεύ

2099 2783 2286 2836 ματος.
2341 2769 2604 2838 Ποιμένες
2653 2772 2749 2824 καὶ
2788 2773 3115 2839 διδάσκαλοι,
3159 2777 3287 2841 τοὺς
3331 2781 3431 2850 τῆς
3472 2781 3667 2852 σεπτῆς

2094 2857 2322 2928 Τριάδος
2370 2863 2624 2930 τρισσοὺς
2661 2863 2991 2934 ἱερομύστας
3041 2866 3383 2932 συνελθόντες
3422 2871 3642 2943 εὐφημή

2097 2963 2295 3019 σωμεν.
2341 2953 2404 3005 Oi
2438 2953 2716 3024 φιλόσοφοι
2745 2958 2871 3020 τοὺς
2893 2958 3111 3027 σοφοὺς,
3134 2962 3183 3012 ol
3213 2961 3375 3029 ἱερεῖς
3399 2962 3525 3027 τοὺς
3556 2981 3664 3017 ποι-

418 3059 488 3121 ri,
515 3065 572 3109 ut
605 3063 888 3124 pastores;
921 3062 1258 3122 peccatores,
1295 3063 1351 3105 ut
1374 3063 1630 3120 patronos
1653 3069 1669 3118 ;
1694 3067 1981 3122 pauperes,

2096 3040 2286 3108 μένας,
2316 3044 2363 3095 οἱ
2387 3044 2701 3114 ἁμαρτωλοὶ
2720 3047 2846 3109 τοὺς
2872 3049 3202 3118 προστάτας,
3225 3049 3274 3102 οἱ
3296 3051 3525 3122 πένητες
3544 3053 3664 3107 τοὺς

412 3155 474 3200 ιιι
504 3143 954 3213 locupletatores;
981 3142 1186 3210 alllicti,
1212 3153 1269 3197 ut
1293 3143 1695 3208 consolatores;
1723 3143 1984 3209 viatores,

414 3246 477 3290 ut
508 3237 772 3302 comites;
831 3236 1147 3304 navigantes
1172 3276 1187 3302 ,
1222 3244 1276 3288 ut
1326 3237 1751 3305 gubernatores;
1793 3235 1984 3305 reliqui

414 3344 625 3389 onmes,
663 3338 719 3382 ιιι
743 3328 940 3398 ubique
969 3337 1023 3381 et
1059 3329 1111 3381 in
1143 3327 1335 3396 quavis
1366 3329 1692 3382 necessitate
1723 3330 1980 3382 ardenter

411 3429 873 3491 praeoccupantcs.
914 3420 978 3473 Et
1006 3419 1132 3473 dum
1177 3418 1421 3474 laudibus
1464 3420 1676 3474 divinos
1705 3421 1822 3475 illos
1854 3419 1986 3475 clle-

408 3510 586 3564 rimus
642 3510 949 3572 antistites,
1002 3506 1578 3563 dicamus:Doctores
1632 3508 1983 3573 sanctissimi,

406 3610 685 3656 maturate
712 3601 923 3668 eripere
951 3600 1133 3654 ﬁdeles
1178 3615 1243 3653 ex
1265 3598 1487 3666 hujusce
1512 3599 1634 3655 vita:
1673 3599 1979 3671 olfendicu-

395 3695 500 3764 dis,
540 3704 595 3748 et
619 3708 715 3749 nos
752 3693 968 3748 aeternis
1000 3692 1230 3748 liberare
1250 3692 1528 3746 aerumnis.

483 3787 546 3839 Et
604 3801 767 3840 nunc.
820 3784 1082 3839 Germani
1152 3782 1470 3851 patriarchae.
1526 3779 1856 3837 Theotocion
1909 3782 1985 3837 si-

404 3877 557 3931 mile.

482 3966 600 4022 126.
660 3969 929 4021 Canamus
988 3966 1179 4030 tubis,
1229 3966 1353 4036 quia
1426 3965 1629 4034 Regina
1701 3967 1977 4027 omnium,

405 4069 583 4113 mater
610 4056 795 4125 Virgo,
826 4057 1083 4111 benevola
1115 4067 1229 4123 est,
1265 4067 1319 4110 et
1363 4056 1828 4111 benedictionibus
1881 4071 1976 4110 co-

404 4159 565 4205 ronat
589 4149 895 4204 laudatores
920 4162 1067 4205 suos.
1114 4146 1293 4217 Reges
1340 4161 1407 4202 ac
1451 4146 1725 4217 principes
1751 4161 1981 4202 concur-

403 4251 551 4307 rant,
595 4250 758 4311 atque
792 4240 1027 4296 excitato
1079 4239 1272 4308 plausu
1324 4245 1650 4294 venerentur
1701 4239 1965 4307 reginam,

404 4349 524 4405 quae
549 4331 759 4402 peperit
782 4344 988 4400 regem,
1020 4328 1356 4399 gaudentem
1394 4341 1425 4381 a
1458 4335 1637 4381 morte
1673 4327 1843 4380 victos
1883 4327 1975 4380 be-

2092 3130 2434 3199 πλουτιστὰς,
2453 3135 2502 3187 οί
2519 3137 2576 3189 ὲν
2606 3135 2814 3205 θλίψεσι
2829 3139 2952 3201 τοὺς
2969 3139 3443 3210 παραμυθοῦντας,
3469 3144 3517 3195 οἱ
3534 3143 3645 3197 ὁδοι

2091 3219 2247 3291 πόροι
2288 3223 2415 3285 τοὺς
2448 3224 2722 3287 συνοδίτας
2744 3264 2759 3289 ,
2794 3228 2843 3278 οί
2883 3229 2940 3278 ὲν
2975 3226 3218 3301 θαλάσσῃ
3248 3230 3373 3294 τοὺς
3404 3230 3672 3303 κυϐερνή.

2088 3327 2207 3375 τας,
2243 3313 2292 3364 οἱ
2320 3313 2521 3378 πάντες
2550 3315 2676 3377 τοὺς
2695 3318 2968 3387 πανταχοῦ
2990 3319 3208 3390 θερμῶς
3237 3320 3664 3393 προφθάνονταςο

2089 3403 2266 3468 θείους
2295 3405 2665 3479 ἀρχιεράρχας
2712 3411 3151 3480 ἐγκωμιάζοντες
3199 3411 3371 3478 οὕτως
3401 3414 3663 3487 εἴπωμεν

2087 3498 2350 3567 Πανάγιοι
2399 3499 2726 3567 διδάσκαλοι,
2759 3502 3026 3557 σπεύσατε
3055 3504 3260 3569 ἐξελεῖν
3291 3507 3416 3571 τοὺς
3439 3509 3667 3573 πιστοὺς

2086 3591 2151 3641 ὲκ
2183 3589 2292 3643 τῶν
2314 3590 2405 3644 τοῦ
2442 3590 2557 3661 βίου
2594 3592 2926 3659 σκανδάλων,
2951 3595 3044 3649 καὶ
3070 3595 3232 3669 ῥῦσαι
3267 3599 3540 3655 κολάσεων
3554 3599 3664 3654 τῶν

2086 3682 2318 3734 αἰωνίων
2349 3684 2515 3755 ἡμᾶς.
2856 3749 2863 3757 ῃ

2158 3774 2266 3828 Καὶ
2307 3775 2425 3830 νῦν.
2470 3777 2752 3850 Γερμανοῦ
2781 3781 3117 3853 πατριάρχου
3151 3783 3436 3838 Θεοτόκιον
3455 3787 3658 3857 ὅμοιον.

2155 3976 2512 4051 Σαλπίσωμεν
2563 3979 2624 4033 ἐν
2678 3978 2938 4048 σάλπιγγι
3002 3981 3281 4053 ᾁσμάτωψ
3331 3981 3658 4055 προκύψασα

2082 4067 2190 4137 γὰρ
2235 4067 2269 4136 ἡ
2307 4066 2658 4121 παντάνασσα
2704 4069 3169 4141 Μητροπάρθενος
3206 4073 3325 4134 ταῖς
3384 4071 3659 4140 εὐλογίαις

2082 4158 2410 4228 καταστέφει
2455 4159 2583 4223 τοὺς
2614 4158 2993 4229 εὐφημοῦντας
3038 4162 3232 4233 αὐτήν.
3267 4162 3518 4226 Βασιλεῖς
3563 4161 3657 4216 καὶ

2081 4248 2338 4320 ἄρχοντες
2384 4248 2850 4321 συντρεχέτωσαν,
2897 4250 2992 4305 καὶ
3029 4252 3127 4324 τὴν
3168 4253 3417 4324 βασιλίδα
3459 4255 3658 4327 κροτή-

2080 4352 2260 4391 τωσαν
2291 4338 2348 4391 ὲν
2379 4336 2587 4408 ὕμνοις,
2620 4337 2847 4407 βασιλέα
2873 4339 3108 4404 τέξασαν
3130 4344 3255 4406 τοὺς
3286 4342 3500 4414 θανάτῳ
3526 4361 3656 4415 κρα-

401 4426 563 4495 nigne
586 4423 815 4480 solvere.
851 4420 1109 4475 Pastores
1140 4434 1205 4474 ac
1244 4420 1485 4489 magistri
1514 4458 1528 4484 ,
1566 4418 1810 4473 Pastoris
1843 4419 1969 4472 boni

2088 4429 2371 4498 τουμένους
2401 4428 2531 4499 πρὶν
2553 4429 2822 4483 ἀπολῦσαι
2847 4430 3244 4503 φιλανθρώπως
3260 4412 3649 4506 εὐδοκήσαντα.

400 4513 1172 4584 sanctissimam',genitricem
1204 4527 1313 4565 una
1361 4509 1656 4565 efferamus
1691 4510 1961 4566 laudibus.

398 4607 794 4664 Candelabrum
822 4619 1069 4668 aureum,
1112 4603 1504 4658 illuminantem
1532 4602 1752 4664 nubem,
1786 4602 1966 4656 excel-

396 4702 600 4755 siorem
652 4696 978 4764 cherubim,
1024 4695 1323 4749 animatam
1388 4708 1597 4757 arcam,
1655 4691 1964 4761 speciosum

395 4788 662 4844 Altissimi
693 4787 918 4851 solium,
942 4800 1139 4839 urnam
1169 4797 1390 4838 auream
1421 4783 1769 4851 receptricem
1808 4796 1964 4836 mane

397 4897 502 4945 me,
529 4880 747 4936 vitalem
778 4878 941 4934 Verbi
967 4876 1225 4942 tabulam,
1255 4876 1498 4931 omnium
1523 4875 1961 4931 Christianorum

394 4972 698 5040 perfugium
754 4988 911 5028 sacro
970 4972 1310 5029 celebrantes
1345 4968 1629 5032 carmine,
1670 4968 1750 5022 sic
1804 4967 1956 5020 dica-

393 5079 516 5118 mus
542 5080 555 5117 :
589 5062 853 5117 Palatium
886 5063 1071 5128 Verbi,
1101 5078 1201 5119 nos
1225 5061 1460 5116 humiles
1489 5058 1762 5114 caelorum
1791 5071 1957 5126 regno

393 5156 640 5221 dignare,
677 5171 783 5209 non
812 5166 898 5209 est
918 5158 1061 5209 enim
1090 5155 1410 5225 quidquam,
1459 5152 1603 5222 quod
1640 5160 1693 5207 te
1720 5150 1964 5205 interce»

390 5247 553 5302 dente
583 5248 696 5304 tleri
723 5264 829 5303 non
858 5248 1071 5317 possit!

2076 4516 2341 4586 Ποιμένες
2398 4517 2492 4570 καὶ
2541 4517 2871 4585 διδάσκαλοι,
2930 4520 3027 4591 τὴν
3061 4520 3150 4574 τοῦ
3189 4521 3353 4575 καλοῦ
3397 4523 3652 4593 ποιμένος

2078 4607 2375 4679 ὑπεράγιον
2421 4609 2650 4679 Μητέρα
2697 4610 3040 4675 συνελθόντες
3070 4613 3496 4684 εύφημήσωμεν·
3548 4613 3653 4685 τὴν

2075 4699 2295 4769 λυχνίαν
2325 4698 2424 4769 τὴν
2464 4704 2766 4771 χρυσαυγῆ,
2803 4701 2902 4773 τὴν
2928 4703 3241 4774 φωτοφόρον
3274 4703 3523 4774 νεφέλην,
3548 4702 3649 4773 τὴν

2072 4791 2181 4844 τῶν
2214 4792 2475 4863 χερουϐὶμ
2518 4792 2848 4865 ὑπερτέραν,
2882 4794 2980 4863 τὴν
3017 4793 3255 4865 ἔμψυχον
3278 4794 3527 4859 κιϐωτὸν,
3556 4794 3651 4848 τὸν

2076 4883 2412 4955 περίμορφον
2453 4884 2548 4937 τοῦ
2589 4884 2862 4938 Δεσπότου
2914 4885 3121 4958 θρόνον,
3159 4886 3260 4956 τὴν
3316 4886 3647 4957 μανναδόχον

2075 4976 2307 5046 χρυσέαν
2344 4975 2599 5046 στάμνον,
2635 4976 2733 5047 τὴν
2763 4976 3044 5050 ζωηφόρον
3076 4976 3171 5030 τοῦ
3209 4976 3383 5045 Λόγου
3438 4976 3643 5041 πλάκα,

2076 5066 2329 5120 ἁπάντων
2367 5066 2474 5119 τῶν
2518 5068 2863 5138 Χριστιανῶν
2911 5069 2972 5121 τὸ
3027 5067 3386 5137 καταφύγιον,
3436 5067 3644 5138 ᾇσμασι

2075 5157 2360 5230 θεηγόροις
2383 5158 2837 5230 ἐγκωμιάζοντες,
2872 5157 3045 5222 οὕτως
3086 5160 3349 5227 εἴπωμεν*
3378 5157 3644 5211 Παλάτιον

2070 5239 2164 5305 τοῦ
2197 5251 2393 5319 Λόγου,
2422 5250 2651 5317 ἀξίωσον
2693 5250 2820 5314 τοὺς
2851 5250 3140 5312 ταπεινοὺς
3179 5250 3325 5319 ἡμᾶς
3354 5251 3452 5319 τῆς
3479 5248 3644 5321 ούραο

2072 5344 2179 5397 νῶν
2236 5342 2529 5412 βασιλείας·
2591 5342 2743 5397 οὐδὲν
2792 5341 2900 5410 γὰο
2952 5341 3212 5395 ἀδύνατον
3276 5344 3339 5411 τῇ
3396 5337 3643 5411 μεσιτείᾳ

2072 5450 2189 5489 σου.

1252 5514 1377 5573 127ξ
1400 5518 1597 5575 lterum
1630 5521 2108 5596 repetendumjest
2136 5524 2202 5577 ad
2237 5533 2545 5579 contextum
2575 5523 2784 5594 Typtci.

464 5608 683 5678 Deinde,
724 5612 875 5668 Nunc
917 5614 1183 5680 dimittis,
1228 5613 1550 5687 Trisagion,
1612 5617 1957 5673 sanctissima

387 5694 663 5774 Trinitas,
741 5703 913 5768 Pater,
975 5715 1209 5783 noster,
1252 5706 1533 5765 Exclamat
1600 5717 1779 5765 autem
1862 5724 1958 5790 sa:

2134 5614 2266 5673 Εἶτα
2285 5619 2366 5683 τὸ,
2424 5620 2538 5674 Νῦν
2567 5619 2843 5682 ἀπολύεις,
2883 5619 2944 5672 τὸ
2990 5620 3272 5691 τρισάγιον
3326 5618 3409 5684 τὸ,
3465 5634 3637 5676 πῖναι

2064 5709 2156 5778 γία
2223 5709 2427 5777 Τριάς,
2494 5713 2590 5766 σὺν
2649 5710 2727 5783 τῷ
2788 5710 2967 5782 Πάτερ
3025 5711 3203 5781 ἡμῶν.
3271 5708 3537 5784 ’ξηκφωνεῖ
3577 5708 3645 5782 ,6,
