  <div class='ocr_page' id='page_1' title='image "/cluster/home/n/w/nwhite01/storage/ocr_20150623/29/mdp.39015012934371/357.png"; bbox 0 0 4076 6226; ppageno 0'>
   <div class='ocr_carea' id='block_1_1' title="bbox 422 337 683 378">
    <p class='ocr_par' dir='ltr' id='par_1_1' title="bbox 422 337 683 378">
     <span class='ocr_line' id='line_1_1' title="bbox 422 337 683 378; baseline 0.008 -2"><span class='ocrx_word' id='word_1_1' title='bbox 422 337 683 378; x_wconf 71' lang='grc' dir='ltr'>εεειινιιι</span> 
     </span>
    </p>
   </div>
   <div class='ocr_carea' id='block_1_2' title="bbox 1744 320 2277 379">
    <p class='ocr_par' dir='ltr' id='par_1_2' title="bbox 1744 320 2277 379">
     <span class='ocr_line' id='line_1_2' title="bbox 1744 320 2277 379; baseline 0.002 -4"><span class='ocrx_word' id='word_1_2' title='bbox 1744 320 2277 379; x_wconf 78' lang='lat' dir='ltr'><strong>PROLEGOMENA.</strong></span> 
     </span>
    </p>
   </div>
   <div class='ocr_carea' id='block_1_3' title="bbox 427 428 1980 506">
    <p class='ocr_par' dir='ltr' id='par_1_3' title="bbox 427 430 1980 501">
     <span class='ocr_line' id='line_1_3' title="bbox 427 430 1980 501; baseline 0.001 -16"><span class='ocrx_word' id='word_1_3' title='bbox 427 448 548 485; x_wconf 87' lang='lat' dir='ltr'><strong>mur</strong></span> <span class='ocrx_word' id='word_1_4' title='bbox 580 442 652 498; x_wconf 89' lang='lat' dir='ltr'><strong>te,</strong></span> <span class='ocrx_word' id='word_1_5' title='bbox 680 430 832 486; x_wconf 89' lang='lat' dir='ltr'><strong>mitte</strong></span> <span class='ocrx_word' id='word_1_6' title='bbox 859 437 912 486; x_wconf 91' lang='lat' dir='ltr'><strong>et</strong></span> <span class='ocrx_word' id='word_1_7' title='bbox 939 444 1081 485; x_wconf 88' lang='lat' dir='ltr'><strong>nunc</strong></span> <span class='ocrx_word' id='word_1_8' title='bbox 1103 430 1364 486; x_wconf 79' lang='lat' dir='ltr'><strong>auxilium</strong></span> <span class='ocrx_word' id='word_1_9' title='bbox 1389 438 1539 486; x_wconf 90' lang='lat' dir='ltr'><strong>tuum</strong></span> <span class='ocrx_word' id='word_1_10' title='bbox 1566 446 1729 501; x_wconf 84' lang='lat' dir='ltr'><strong>super</strong></span> <span class='ocrx_word' id='word_1_11' title='bbox 1746 442 1980 488; x_wconf 88' lang='lat' dir='ltr'><strong>astantes</strong></span> 
     </span>
    </p>
   </div>
   <div class='ocr_carea' id='block_1_4' title="bbox 2082 428 3653 506">
    <p class='ocr_par' dir='ltr' id='par_1_4' title="bbox 2090 428 3653 506">
     <span class='ocr_line' id='line_1_4' title="bbox 2090 428 3653 506; baseline 0.001 -18"><span class='ocrx_word' id='word_1_12' title='bbox 2090 451 2189 506; x_wconf 86' lang='grc' dir='ltr'><strong>ραν</strong></span> <span class='ocrx_word' id='word_1_13' title='bbox 2224 432 2387 504; x_wconf 82' lang='grc' dir='ltr'>ζωὴν,</span> <span class='ocrx_word' id='word_1_14' title='bbox 2410 431 2504 486; x_wconf 75' lang='grc' dir='ltr'><strong>καὶ</strong></span> <span class='ocrx_word' id='word_1_15' title='bbox 2524 430 2618 484; x_wconf 79' lang='grc' dir='ltr'>νῦν</span> <span class='ocrx_word' id='word_1_16' title='bbox 2643 428 3023 495; x_wconf 80' lang='grc' dir='ltr'>ὲξαπὸστειλον</span> <span class='ocrx_word' id='word_1_17' title='bbox 3043 429 3142 501; x_wconf 85' lang='grc' dir='ltr'>τὴν</span> <span class='ocrx_word' id='word_1_18' title='bbox 3166 430 3415 501; x_wconf 81' lang='grc' dir='ltr'>βοήθειάν</span> <span class='ocrx_word' id='word_1_19' title='bbox 3443 450 3538 487; x_wconf 87' lang='grc' dir='ltr'><strong>σου</strong></span> <span class='ocrx_word' id='word_1_20' title='bbox 3557 433 3653 490; x_wconf 73' lang='grc' dir='ltr'><strong>ἐπὶ</strong></span> 
     </span>
    </p>
   </div>
   <div class='ocr_carea' id='block_1_5' title="bbox 424 521 1986 591">
    <p class='ocr_par' dir='ltr' id='par_1_5' title="bbox 424 521 1986 591">
     <span class='ocr_line' id='line_1_5' title="bbox 424 521 1986 591; baseline 0 -14"><span class='ocrx_word' id='word_1_21' title='bbox 424 538 608 577; x_wconf 83' lang='lat' dir='ltr'><strong>coram</strong></span> <span class='ocrx_word' id='word_1_22' title='bbox 642 522 779 577; x_wconf 80' lang='lat' dir='ltr'><strong>facie</strong></span> <span class='ocrx_word' id='word_1_23' title='bbox 799 521 981 591; x_wconf 65' lang='lat' dir='ltr'><strong>gloria:</strong></span> <span class='ocrx_word' id='word_1_24' title='bbox 1015 532 1119 577; x_wconf 73' lang='lat' dir='ltr'><strong>tua:</strong></span> <span class='ocrx_word' id='word_1_25' title='bbox 1149 563 1165 588; x_wconf 93' lang='lat'><strong>,</strong></span> <span class='ocrx_word' id='word_1_26' title='bbox 1204 532 1261 577; x_wconf 87' lang='lat' dir='ltr'><strong>ut</strong></span> <span class='ocrx_word' id='word_1_27' title='bbox 1290 524 1565 591; x_wconf 86' lang='lat' dir='ltr'><strong>copiosam</strong></span> <span class='ocrx_word' id='word_1_28' title='bbox 1595 533 1711 578; x_wconf 85' lang='lat' dir='ltr'><strong>a&#39;te</strong></span> <span class='ocrx_word' id='word_1_29' title='bbox 1758 526 1986 579; x_wconf 84' lang='lat' dir='ltr'><strong>misera-</strong></span> 
     </span>
    </p>
   </div>
   <div class='ocr_carea' id='block_1_6' title="bbox 426 613 1985 683">
    <p class='ocr_par' dir='ltr' id='par_1_6' title="bbox 426 613 1985 683">
     <span class='ocr_line' id='line_1_6' title="bbox 426 613 1985 683; baseline 0.003 -18"><span class='ocrx_word' id='word_1_30' title='bbox 426 613 627 666; x_wconf 91' lang='lat' dir='ltr'><strong>tionem</strong></span> <span class='ocrx_word' id='word_1_31' title='bbox 680 620 1057 682; x_wconf 76' lang='lat' dir='ltr'><strong>exspectemus</strong></span> <span class='ocrx_word' id='word_1_32' title='bbox 1102 634 1115 668; x_wconf 88' lang='lat'><strong>:</strong></span> <span class='ocrx_word' id='word_1_33' title='bbox 1160 613 1333 683; x_wconf 89' lang='lat' dir='ltr'><strong>iisque</strong></span> <span class='ocrx_word' id='word_1_34' title='bbox 1374 615 1468 668; x_wconf 90' lang='lat' dir='ltr'><strong>tibi</strong></span> <span class='ocrx_word' id='word_1_35' title='bbox 1528 630 1648 669; x_wconf 92' lang='lat' dir='ltr'><strong>cum</strong></span> <span class='ocrx_word' id='word_1_36' title='bbox 1684 615 1877 670; x_wconf 87' lang='lat' dir='ltr'><strong>timore</strong></span> <span class='ocrx_word' id='word_1_37' title='bbox 1930 625 1985 670; x_wconf 91' lang='lat' dir='ltr'><strong>et</strong></span> 
     </span>
    </p>
   </div>
   <div class='ocr_carea' id='block_1_7' title="bbox 426 702 1984 767">
    <p class='ocr_par' dir='ltr' id='par_1_7' title="bbox 426 702 1984 767">
     <span class='ocr_line' id='line_1_7' title="bbox 426 702 1984 767; baseline 0.002 -12"><span class='ocrx_word' id='word_1_38' title='bbox 426 702 692 756; x_wconf 88' lang='lat' dir='ltr'><strong>charitate</strong></span> <span class='ocrx_word' id='word_1_39' title='bbox 727 703 1107 767; x_wconf 87' lang='lat' dir='ltr'><strong>servientibus,</strong></span> <span class='ocrx_word' id='word_1_40' title='bbox 1146 704 1559 760; x_wconf 86' lang='lat' dir='ltr'><strong>inenarrabilem</strong></span> <span class='ocrx_word' id='word_1_41' title='bbox 1597 713 1737 758; x_wconf 89' lang='lat' dir='ltr'><strong>tuam</strong></span> <span class='ocrx_word' id='word_1_42' title='bbox 1772 704 1984 759; x_wconf 87' lang='lat' dir='ltr'><strong>bonita-</strong></span> 
     </span>
    </p>
   </div>
   <div class='ocr_carea' id='block_1_8' title="bbox 426 793 1985 865">
    <p class='ocr_par' dir='ltr' id='par_1_8' title="bbox 426 793 1985 865">
     <span class='ocr_line' id='line_1_8' title="bbox 426 793 1985 865; baseline 0.003 -19"><span class='ocrx_word' id='word_1_43' title='bbox 426 803 534 847; x_wconf 87' lang='lat' dir='ltr'><strong>tem</strong></span> <span class='ocrx_word' id='word_1_44' title='bbox 563 793 787 849; x_wconf 89' lang='lat' dir='ltr'><strong>laudare</strong></span> <span class='ocrx_word' id='word_1_45' title='bbox 810 796 1069 851; x_wconf 83' lang='lat' dir='ltr'><strong>concede.</strong></span> <span class='ocrx_word' id='word_1_46' title='bbox 1101 794 1236 862; x_wconf 85' lang='lat' dir='ltr'><strong>Quia</strong></span> <span class='ocrx_word' id='word_1_47' title='bbox 1276 796 1528 851; x_wconf 85' lang='lat' dir='ltr'><strong>convenit</strong></span> <span class='ocrx_word' id='word_1_48' title='bbox 1558 797 1650 852; x_wconf 90' lang='lat' dir='ltr'><strong>tibi</strong></span> <span class='ocrx_word' id='word_1_49' title='bbox 1676 798 1851 852; x_wconf 84' lang='lat' dir='ltr'><strong>omnis</strong></span> <span class='ocrx_word' id='word_1_50' title='bbox 1878 797 1985 865; x_wconf 83' lang='lat' dir='ltr'><strong>glo-</strong></span> 
     </span>
    </p>
   </div>
   <div class='ocr_carea' id='block_1_9' title="bbox 425 881 1980 955">
    <p class='ocr_par' dir='ltr' id='par_1_9' title="bbox 425 881 1980 955">
     <span class='ocr_line' id='line_1_9' title="bbox 425 881 1980 955; baseline 0.003 -22"><span class='ocrx_word' id='word_1_51' title='bbox 425 883 528 947; x_wconf 89' lang='lat' dir='ltr'><strong>ria,</strong></span> <span class='ocrx_word' id='word_1_52' title='bbox 561 881 732 937; x_wconf 87' lang='lat' dir='ltr'><strong>honor</strong></span> <span class='ocrx_word' id='word_1_53' title='bbox 755 892 809 939; x_wconf 87' lang='lat' dir='ltr'><strong>et</strong></span> <span class='ocrx_word' id='word_1_54' title='bbox 849 884 1096 940; x_wconf 80' lang='lat' dir='ltr'><strong>adoratio</strong></span> <span class='ocrx_word' id='word_1_55' title='bbox 1125 924 1139 949; x_wconf 93' lang='lat'><strong>,</strong></span> <span class='ocrx_word' id='word_1_56' title='bbox 1165 885 1312 940; x_wconf 89' lang='lat' dir='ltr'><strong>Patri</strong></span> <span class='ocrx_word' id='word_1_57' title='bbox 1338 926 1354 952; x_wconf 92' lang='lat'><strong>,</strong></span> <span class='ocrx_word' id='word_1_58' title='bbox 1382 895 1436 940; x_wconf 92' lang='lat' dir='ltr'><strong>et</strong></span> <span class='ocrx_word' id='word_1_59' title='bbox 1467 885 1605 941; x_wconf 86' lang='lat' dir='ltr'><strong>Filio</strong></span> <span class='ocrx_word' id='word_1_60' title='bbox 1627 927 1643 955; x_wconf 91' lang='lat'><strong>,</strong></span> <span class='ocrx_word' id='word_1_61' title='bbox 1672 896 1727 941; x_wconf 92' lang='lat' dir='ltr'><strong>et</strong></span> <span class='ocrx_word' id='word_1_62' title='bbox 1760 886 1980 955; x_wconf 88' lang='lat' dir='ltr'><strong>Spiritui</strong></span> 
     </span>
    </p>
   </div>
   <div class='ocr_carea' id='block_1_10' title="bbox 424 976 1974 1047">
    <p class='ocr_par' dir='ltr' id='par_1_10' title="bbox 424 976 1974 1047">
     <span class='ocr_line' id='line_1_10' title="bbox 424 976 1974 1047; baseline 0.005 -24"><span class='ocrx_word' id='word_1_63' title='bbox 424 983 633 1040; x_wconf 79' lang='lat' dir='ltr'><strong>sant’to,</strong></span> <span class='ocrx_word' id='word_1_64' title='bbox 665 990 805 1030; x_wconf 90' lang='lat' dir='ltr'><strong>nunc</strong></span> <span class='ocrx_word' id='word_1_65' title='bbox 855 985 910 1030; x_wconf 89' lang='lat' dir='ltr'><strong>et</strong></span> <span class='ocrx_word' id='word_1_66' title='bbox 954 991 1188 1047; x_wconf 87' lang='lat' dir='ltr'><strong>semper,</strong></span> <span class='ocrx_word' id='word_1_67' title='bbox 1220 986 1276 1031; x_wconf 91' lang='lat' dir='ltr'><strong>et</strong></span> <span class='ocrx_word' id='word_1_68' title='bbox 1310 979 1364 1032; x_wconf 91' lang='lat' dir='ltr'><strong>in</strong></span> <span class='ocrx_word' id='word_1_69' title='bbox 1404 977 1599 1033; x_wconf 68' lang='lat' dir='ltr'><strong>saecula</strong></span> <span class='ocrx_word' id='word_1_70' title='bbox 1635 976 1974 1033; x_wconf 70' lang='lat' dir='ltr'><strong>saeculorum.</strong></span> 
     </span>
    </p>
   </div>
   <div class='ocr_carea' id='block_1_11' title="bbox 416 1064 612 1117">
    <p class='ocr_par' dir='ltr' id='par_1_11' title="bbox 416 1064 612 1117">
     <span class='ocr_line' id='line_1_11' title="bbox 416 1064 612 1117; baseline 0.01 -2"><span class='ocrx_word' id='word_1_71' title='bbox 416 1064 612 1117; x_wconf 82' lang='lat' dir='ltr'><strong>Anien.</strong></span> 
     </span>
    </p>
   </div>
   <div class='ocr_carea' id='block_1_12' title="bbox 1014 1158 1382 1214">
    <p class='ocr_par' dir='ltr' id='par_1_12' title="bbox 1014 1158 1382 1214">
     <span class='ocr_line' id='line_1_12' title="bbox 1014 1158 1382 1214; baseline -0.005 -1"><span class='ocrx_word' id='word_1_72' title='bbox 1014 1158 1269 1214; x_wconf 74' lang='lat' dir='ltr'><strong>ORATIO</strong></span> <span class='ocrx_word' id='word_1_73' title='bbox 1320 1158 1382 1212; x_wconf 86' lang='lat' dir='ltr'><strong>ll.</strong></span> 
     </span>
    </p>
   </div>
   <div class='ocr_carea' id='block_1_13' title="bbox 497 1245 1980 1321">
    <p class='ocr_par' dir='ltr' id='par_1_13' title="bbox 497 1245 1980 1321">
     <span class='ocr_line' id='line_1_13' title="bbox 497 1245 1980 1321; baseline 0.004 -22"><span class='ocrx_word' id='word_1_74' title='bbox 497 1245 620 1300; x_wconf 71' lang='grc'><strong>145.</strong></span> <span class='ocrx_word' id='word_1_75' title='bbox 679 1247 753 1301; x_wconf 90' lang='lat' dir='ltr'><strong>De</strong></span> <span class='ocrx_word' id='word_1_76' title='bbox 810 1258 966 1302; x_wconf 91' lang='lat' dir='ltr'><strong>nocte</strong></span> <span class='ocrx_word' id='word_1_77' title='bbox 1015 1259 1198 1304; x_wconf 90' lang='lat' dir='ltr'><strong>noster</strong></span> <span class='ocrx_word' id='word_1_78' title='bbox 1243 1252 1460 1320; x_wconf 82' lang='lat' dir='ltr'><strong>spiritus</strong></span> <span class='ocrx_word' id='word_1_79' title='bbox 1530 1251 1596 1304; x_wconf 92' lang='lat' dir='ltr'><strong>ad</strong></span> <span class='ocrx_word' id='word_1_80' title='bbox 1657 1258 1709 1306; x_wconf 92' lang='lat' dir='ltr'><strong>te</strong></span> <span class='ocrx_word' id='word_1_81' title='bbox 1754 1251 1980 1321; x_wconf 81' lang='lat' dir='ltr'><strong>vigilat,</strong></span> 
     </span>
    </p>
   </div>
   <div class='ocr_carea' id='block_1_14' title="bbox 421 1333 1981 1412">
    <p class='ocr_par' dir='ltr' id='par_1_14' title="bbox 421 1333 1981 1412">
     <span class='ocr_line' id='line_1_14' title="bbox 421 1333 1981 1412; baseline 0.006 -24"><span class='ocrx_word' id='word_1_82' title='bbox 421 1333 566 1391; x_wconf 87' lang='lat' dir='ltr'><strong>Deus</strong></span> <span class='ocrx_word' id='word_1_83' title='bbox 597 1350 798 1402; x_wconf 80' lang='lat' dir='ltr'><strong>neSter,</strong></span> <span class='ocrx_word' id='word_1_84' title='bbox 847 1341 971 1409; x_wconf 87' lang='lat' dir='ltr'><strong>quia</strong></span> <span class='ocrx_word' id='word_1_85' title='bbox 1000 1351 1266 1410; x_wconf 63' lang='lat' dir='ltr'><strong>praecepta</strong></span> <span class='ocrx_word' id='word_1_86' title='bbox 1315 1351 1404 1396; x_wconf 90' lang='lat' dir='ltr'><strong>tua</strong></span> <span class='ocrx_word' id='word_1_87' title='bbox 1435 1342 1616 1396; x_wconf 89' lang='lat' dir='ltr'><strong>lumen</strong></span> <span class='ocrx_word' id='word_1_88' title='bbox 1657 1352 1789 1397; x_wconf 84' lang='lat' dir='ltr'><strong>sunt</strong></span> <span class='ocrx_word' id='word_1_89' title='bbox 1823 1358 1981 1412; x_wconf 82' lang='lat' dir='ltr'><strong>super</strong></span> 
     </span>
    </p>
   </div>
   <div class='ocr_carea' id='block_1_15' title="bbox 424 1429 1979 1503">
    <p class='ocr_par' dir='ltr' id='par_1_15' title="bbox 424 1429 1979 1503">
     <span class='ocr_line' id='line_1_15' title="bbox 424 1429 1979 1503; baseline 0.003 -20"><span class='ocrx_word' id='word_1_90' title='bbox 424 1438 643 1484; x_wconf 86' lang='lat' dir='ltr'><strong>terram.</strong></span> <span class='ocrx_word' id='word_1_91' title='bbox 667 1429 811 1486; x_wconf 90' lang='lat' dir='ltr'><strong>Doce</strong></span> <span class='ocrx_word' id='word_1_92' title='bbox 836 1446 935 1487; x_wconf 91' lang='lat' dir='ltr'><strong>nos</strong></span> <span class='ocrx_word' id='word_1_93' title='bbox 963 1432 1230 1503; x_wconf 80' lang='lat' dir='ltr'><strong>justitiam</strong></span> <span class='ocrx_word' id='word_1_94' title='bbox 1263 1442 1319 1487; x_wconf 93' lang='lat' dir='ltr'><strong>et</strong></span> <span class='ocrx_word' id='word_1_95' title='bbox 1354 1437 1703 1488; x_wconf 88' lang='lat' dir='ltr'><strong>sanctitatem</strong></span> <span class='ocrx_word' id='word_1_96' title='bbox 1737 1434 1793 1489; x_wconf 89' lang='lat' dir='ltr'><strong>in</strong></span> <span class='ocrx_word' id='word_1_97' title='bbox 1825 1434 1979 1488; x_wconf 86' lang='lat' dir='ltr'><strong>timo-</strong></span> 
     </span>
    </p>
   </div>
   <div class='ocr_carea' id='block_1_16' title="bbox 420 1519 1983 1589">
    <p class='ocr_par' dir='ltr' id='par_1_16' title="bbox 420 1519 1983 1589">
     <span class='ocr_line' id='line_1_16' title="bbox 420 1519 1983 1589; baseline 0.003 -17"><span class='ocrx_word' id='word_1_98' title='bbox 420 1533 482 1573; x_wconf 88' lang='lat' dir='ltr'><strong>re</strong></span> <span class='ocrx_word' id='word_1_99' title='bbox 514 1519 795 1589; x_wconf 83' lang='lat' dir='ltr'><strong>perﬁcere.</strong></span> <span class='ocrx_word' id='word_1_100' title='bbox 816 1520 891 1575; x_wconf 83' lang='lat' dir='ltr'><strong>Te</strong></span> <span class='ocrx_word' id='word_1_101' title='bbox 914 1523 1055 1576; x_wconf 91' lang='lat' dir='ltr'><strong>enim</strong></span> <span class='ocrx_word' id='word_1_102' title='bbox 1084 1531 1143 1575; x_wconf 85' lang='lat' dir='ltr'><strong>ut</strong></span> <span class='ocrx_word' id='word_1_103' title='bbox 1172 1532 1418 1577; x_wconf 90' lang='lat' dir='ltr'><strong>nostrum</strong></span> <span class='ocrx_word' id='word_1_104' title='bbox 1443 1538 1630 1577; x_wconf 87' lang='lat' dir='ltr'><strong>verum</strong></span> <span class='ocrx_word' id='word_1_105' title='bbox 1659 1522 1825 1577; x_wconf 90' lang='lat' dir='ltr'><strong>Deum</strong></span> <span class='ocrx_word' id='word_1_106' title='bbox 1849 1523 1983 1577; x_wconf 92' lang='lat' dir='ltr'><strong>coli-</strong></span> 
     </span>
    </p>
   </div>
   <div class='ocr_carea' id='block_1_17' title="bbox 420 1608 1979 1677">
    <p class='ocr_par' dir='ltr' id='par_1_17' title="bbox 420 1608 1979 1677">
     <span class='ocr_line' id='line_1_17' title="bbox 420 1608 1979 1677; baseline 0.002 -14"><span class='ocrx_word' id='word_1_107' title='bbox 420 1624 560 1665; x_wconf 87' lang='lat' dir='ltr'><strong>mus.</strong></span> <span class='ocrx_word' id='word_1_108' title='bbox 581 1608 781 1666; x_wconf 88' lang='lat' dir='ltr'><strong>lnclina</strong></span> <span class='ocrx_word' id='word_1_109' title='bbox 813 1627 998 1668; x_wconf 88' lang='lat' dir='ltr'><strong>aurem</strong></span> <span class='ocrx_word' id='word_1_110' title='bbox 1027 1623 1269 1677; x_wconf 89' lang='lat' dir='ltr'><strong>tuam,et</strong></span> <span class='ocrx_word' id='word_1_111' title='bbox 1295 1613 1419 1667; x_wconf 91' lang='lat' dir='ltr'><strong>audi</strong></span> <span class='ocrx_word' id='word_1_112' title='bbox 1444 1628 1575 1675; x_wconf 85' lang='lat' dir='ltr'><strong>nos;</strong></span> <span class='ocrx_word' id='word_1_113' title='bbox 1606 1623 1659 1668; x_wconf 90' lang='lat' dir='ltr'><strong>et</strong></span> <span class='ocrx_word' id='word_1_114' title='bbox 1683 1622 1979 1676; x_wconf 88' lang='lat' dir='ltr'><strong>memento,</strong></span> 
     </span>
    </p>
   </div>
   <div class='ocr_carea' id='block_1_18' title="bbox 421 1699 1978 1774">
    <p class='ocr_par' dir='ltr' id='par_1_18' title="bbox 421 1699 1978 1774">
     <span class='ocr_line' id='line_1_18' title="bbox 421 1699 1978 1774; baseline 0.004 -21"><span class='ocrx_word' id='word_1_115' title='bbox 421 1699 666 1766; x_wconf 85' lang='lat' dir='ltr'><strong>Domine,</strong></span> <span class='ocrx_word' id='word_1_116' title='bbox 689 1701 1060 1770; x_wconf 63' lang='lat' dir='ltr'><strong>praesentium,</strong></span> <span class='ocrx_word' id='word_1_117' title='bbox 1087 1717 1384 1772; x_wconf 91' lang='lat' dir='ltr'><strong>eorumque</strong></span> <span class='ocrx_word' id='word_1_118' title='bbox 1403 1704 1743 1769; x_wconf 86' lang='lat' dir='ltr'><strong>nominatim,</strong></span> <span class='ocrx_word' id='word_1_119' title='bbox 1760 1704 1850 1774; x_wconf 89' lang='lat' dir='ltr'><strong>qui</strong></span> <span class='ocrx_word' id='word_1_120' title='bbox 1873 1720 1978 1759; x_wconf 89' lang='lat' dir='ltr'><strong>una</strong></span> 
     </span>
    </p>
   </div>
   <div class='ocr_carea' id='block_1_19' title="bbox 417 1770 2053 1862">
    <p class='ocr_par' dir='ltr' id='par_1_19' title="bbox 417 1770 2053 1862">
     <span class='ocr_line' id='line_1_19' title="bbox 417 1770 2053 1862; baseline 0.005 -20"><span class='ocrx_word' id='word_1_121' title='bbox 417 1789 699 1845; x_wconf 88' lang='lat' dir='ltr'><strong>nobiscum</strong></span> <span class='ocrx_word' id='word_1_122' title='bbox 725 1802 1161 1862; x_wconf 89' lang='lat' dir='ltr'><strong>comprecantur,</strong></span> <span class='ocrx_word' id='word_1_123' title='bbox 1196 1803 1250 1848; x_wconf 91' lang='lat' dir='ltr'><strong>et</strong></span> <span class='ocrx_word' id='word_1_124' title='bbox 1277 1770 1475 1848; x_wconf 80' lang='lat' dir='ltr'><strong>virtute</strong></span> <span class='ocrx_word' id='word_1_125' title='bbox 1526 1803 1617 1848; x_wconf 90' lang='lat' dir='ltr'><strong>tua</strong></span> <span class='ocrx_word' id='word_1_126' title='bbox 1664 1811 1761 1849; x_wconf 88' lang='lat' dir='ltr'><strong>eos</strong></span> <span class='ocrx_word' id='word_1_127' title='bbox 1802 1795 1979 1850; x_wconf 86' lang='lat' dir='ltr'><strong>salvos</strong></span> <span class='ocrx_word' id='word_1_128' title='bbox 2008 1770 2053 1829; x_wconf 74' lang='grc' dir='ltr'><strong>Β</strong></span> 
     </span>
    </p>
   </div>
   <div class='ocr_carea' id='block_1_20' title="bbox 416 1876 1978 1955">
    <p class='ocr_par' dir='ltr' id='par_1_20' title="bbox 416 1876 1978 1955">
     <span class='ocr_line' id='line_1_20' title="bbox 416 1876 1978 1955; baseline 0.005 -22"><span class='ocrx_word' id='word_1_129' title='bbox 416 1876 527 1935; x_wconf 80' lang='lat' dir='ltr'><strong>fac.</strong></span> <span class='ocrx_word' id='word_1_130' title='bbox 574 1879 809 1936; x_wconf 85' lang='lat' dir='ltr'><strong>Benedic</strong></span> <span class='ocrx_word' id='word_1_131' title='bbox 838 1883 1091 1953; x_wconf 89' lang='lat' dir='ltr'><strong>populum</strong></span> <span class='ocrx_word' id='word_1_132' title='bbox 1126 1893 1309 1950; x_wconf 89' lang='lat' dir='ltr'><strong>tuum,</strong></span> <span class='ocrx_word' id='word_1_133' title='bbox 1344 1893 1398 1939; x_wconf 89' lang='lat' dir='ltr'><strong>et</strong></span> <span class='ocrx_word' id='word_1_134' title='bbox 1425 1885 1797 1955; x_wconf 58' lang='lat' dir='ltr'><strong>haereditatem</strong></span> <span class='ocrx_word' id='word_1_135' title='bbox 1833 1894 1978 1941; x_wconf 90' lang='lat' dir='ltr'><strong>tuam</strong></span> 
     </span>
    </p>
   </div>
   <div class='ocr_carea' id='block_1_21' title="bbox 417 1970 1976 2044">
    <p class='ocr_par' dir='ltr' id='par_1_21' title="bbox 417 1970 1976 2044">
     <span class='ocr_line' id='line_1_21' title="bbox 417 1970 1976 2044; baseline 0.007 -21"><span class='ocrx_word' id='word_1_136' title='bbox 417 1970 733 2037; x_wconf 82' lang='lat' dir='ltr'><strong>sanctiﬁca;</strong></span> <span class='ocrx_word' id='word_1_137' title='bbox 772 1972 886 2027; x_wconf 82' lang='lat' dir='ltr'><strong>orbi</strong></span> <span class='ocrx_word' id='word_1_138' title='bbox 936 1982 1059 2038; x_wconf 89' lang='lat' dir='ltr'><strong>tuo,</strong></span> <span class='ocrx_word' id='word_1_139' title='bbox 1088 1972 1353 2030; x_wconf 82' lang='lat' dir='ltr'><strong>Ecclesiis</strong></span> <span class='ocrx_word' id='word_1_140' title='bbox 1384 1976 1490 2031; x_wconf 89' lang='lat' dir='ltr'><strong>tuis</strong></span> <span class='ocrx_word' id='word_1_141' title='bbox 1515 2014 1533 2039; x_wconf 90' lang='lat'><strong>,</strong></span> <span class='ocrx_word' id='word_1_142' title='bbox 1576 1977 1976 2044; x_wconf 87' lang='lat' dir='ltr'><strong>sacerdotibus,</strong></span> 
     </span>
    </p>
   </div>
   <div class='ocr_carea' id='block_1_22' title="bbox 422 2059 1976 2137">
    <p class='ocr_par' dir='ltr' id='par_1_22' title="bbox 422 2059 1976 2137">
     <span class='ocr_line' id='line_1_22' title="bbox 422 2059 1976 2137; baseline 0.008 -25"><span class='ocrx_word' id='word_1_143' title='bbox 422 2059 841 2130; x_wconf 84' lang='lat' dir='ltr'><strong>imperatoribus</strong></span> <span class='ocrx_word' id='word_1_144' title='bbox 862 2065 1083 2129; x_wconf 88' lang='lat' dir='ltr'><strong>nostris,</strong></span> <span class='ocrx_word' id='word_1_145' title='bbox 1115 2075 1169 2119; x_wconf 92' lang='lat' dir='ltr'><strong>et</strong></span> <span class='ocrx_word' id='word_1_146' title='bbox 1194 2074 1387 2121; x_wconf 90' lang='lat' dir='ltr'><strong>cuncto</strong></span> <span class='ocrx_word' id='word_1_147' title='bbox 1415 2066 1614 2137; x_wconf 89' lang='lat' dir='ltr'><strong>populo</strong></span> <span class='ocrx_word' id='word_1_148' title='bbox 1642 2082 1828 2137; x_wconf 88' lang='lat' dir='ltr'><strong>pacem</strong></span> <span class='ocrx_word' id='word_1_149' title='bbox 1847 2084 1976 2124; x_wconf 91' lang='lat' dir='ltr'><strong>con-</strong></span> 
     </span>
    </p>
   </div>
   <div class='ocr_carea' id='block_1_23' title="bbox 415 2151 1979 2228">
    <p class='ocr_par' dir='ltr' id='par_1_23' title="bbox 415 2151 1979 2228">
     <span class='ocr_line' id='line_1_23' title="bbox 415 2151 1979 2228; baseline 0.007 -23"><span class='ocrx_word' id='word_1_150' title='bbox 415 2153 569 2208; x_wconf 87' lang='lat' dir='ltr'><strong>cede.</strong></span> <span class='ocrx_word' id='word_1_151' title='bbox 598 2151 734 2221; x_wconf 83' lang='lat' dir='ltr'><strong>Quia</strong></span> <span class='ocrx_word' id='word_1_152' title='bbox 765 2155 1136 2222; x_wconf 85' lang='lat' dir='ltr'><strong>benedictum,</strong></span> <span class='ocrx_word' id='word_1_153' title='bbox 1177 2157 1497 2228; x_wconf 87' lang='lat' dir='ltr'><strong>gloriosum,</strong></span> <span class='ocrx_word' id='word_1_154' title='bbox 1528 2161 1898 2216; x_wconf 86' lang='lat' dir='ltr'><strong>venerandum</strong></span> <span class='ocrx_word' id='word_1_155' title='bbox 1923 2171 1979 2217; x_wconf 93' lang='lat' dir='ltr'><strong>et</strong></span> 
     </span>
    </p>
   </div>
   <div class='ocr_carea' id='block_1_24' title="bbox 416 2246 1977 2321">
    <p class='ocr_par' dir='ltr' id='par_1_24' title="bbox 416 2246 1977 2321">
     <span class='ocr_line' id='line_1_24' title="bbox 416 2246 1977 2321; baseline 0.008 -24"><span class='ocrx_word' id='word_1_156' title='bbox 416 2246 764 2315; x_wconf 78' lang='lat' dir='ltr'><strong>magniﬁcum</strong></span> <span class='ocrx_word' id='word_1_157' title='bbox 814 2258 896 2303; x_wconf 90' lang='lat' dir='ltr'><strong>est</strong></span> <span class='ocrx_word' id='word_1_158' title='bbox 923 2264 1118 2304; x_wconf 88' lang='lat' dir='ltr'><strong>nomen</strong></span> <span class='ocrx_word' id='word_1_159' title='bbox 1148 2262 1320 2318; x_wconf 87' lang='lat' dir='ltr'><strong>tuum,</strong></span> <span class='ocrx_word' id='word_1_160' title='bbox 1350 2251 1530 2306; x_wconf 88' lang='lat' dir='ltr'><strong>Patris</strong></span> <span class='ocrx_word' id='word_1_161' title='bbox 1556 2293 1571 2318; x_wconf 92' lang='lat'><strong>,</strong></span> <span class='ocrx_word' id='word_1_162' title='bbox 1619 2261 1668 2307; x_wconf 92' lang='lat' dir='ltr'><strong>et</strong></span> <span class='ocrx_word' id='word_1_163' title='bbox 1703 2252 1872 2321; x_wconf 87' lang='lat' dir='ltr'><strong>Filii,</strong></span> <span class='ocrx_word' id='word_1_164' title='bbox 1922 2266 1977 2311; x_wconf 87' lang='lat' dir='ltr'><strong>et</strong></span> 
     </span>
    </p>
   </div>
   <div class='ocr_carea' id='block_1_25' title="bbox 416 2334 1979 2413">
    <p class='ocr_par' dir='ltr' id='par_1_25' title="bbox 416 2334 1979 2413">
     <span class='ocr_line' id='line_1_25' title="bbox 416 2334 1979 2413; baseline 0.01 -23"><span class='ocrx_word' id='word_1_165' title='bbox 416 2334 654 2407; x_wconf 86' lang='lat' dir='ltr'><strong>Spiritus</strong></span> <span class='ocrx_word' id='word_1_166' title='bbox 680 2343 875 2408; x_wconf 86' lang='lat' dir='ltr'><strong>sancti,</strong></span> <span class='ocrx_word' id='word_1_167' title='bbox 907 2359 1049 2398; x_wconf 82' lang='lat' dir='ltr'><strong>nunc</strong></span> <span class='ocrx_word' id='word_1_168' title='bbox 1071 2353 1125 2397; x_wconf 89' lang='lat' dir='ltr'><strong>et</strong></span> <span class='ocrx_word' id='word_1_169' title='bbox 1165 2359 1396 2413; x_wconf 84' lang='lat' dir='ltr'><strong>semper,</strong></span> <span class='ocrx_word' id='word_1_170' title='bbox 1429 2354 1483 2399; x_wconf 92' lang='lat' dir='ltr'><strong>et</strong></span> <span class='ocrx_word' id='word_1_171' title='bbox 1514 2344 1566 2398; x_wconf 93' lang='lat' dir='ltr'><strong>in</strong></span> <span class='ocrx_word' id='word_1_172' title='bbox 1591 2347 1787 2402; x_wconf 67' lang='lat' dir='ltr'><strong>saacula</strong></span> <span class='ocrx_word' id='word_1_173' title='bbox 1812 2365 1979 2405; x_wconf 74' lang='lat' dir='ltr'><strong>saecu-</strong></span> 
     </span>
    </p>
   </div>
   <div class='ocr_carea' id='block_1_26' title="bbox 411 2428 813 2487">
    <p class='ocr_par' dir='ltr' id='par_1_26' title="bbox 411 2428 813 2487">
     <span class='ocr_line' id='line_1_26' title="bbox 411 2428 813 2487; baseline 0.01 -4"><span class='ocrx_word' id='word_1_174' title='bbox 411 2428 607 2485; x_wconf 89' lang='lat' dir='ltr'><strong>lorum.</strong></span> <span class='ocrx_word' id='word_1_175' title='bbox 641 2432 813 2487; x_wconf 85' lang='lat' dir='ltr'><strong>Amen</strong></span> 
     </span>
    </p>
   </div>
   <div class='ocr_carea' id='block_1_27' title="bbox 994 2617 1389 2677">
    <p class='ocr_par' dir='ltr' id='par_1_27' title="bbox 994 2617 1389 2677">
     <span class='ocr_line' id='line_1_27' title="bbox 994 2617 1389 2677; baseline 0.01 -4"><span class='ocrx_word' id='word_1_176' title='bbox 994 2617 1253 2676; x_wconf 81' lang='lat' dir='ltr'><strong>ORATIO</strong></span> <span class='ocrx_word' id='word_1_177' title='bbox 1299 2620 1389 2677; x_wconf 86' lang='lat' dir='ltr'><strong>Ill.</strong></span> 
     </span>
    </p>
   </div>
   <div class='ocr_carea' id='block_1_28' title="bbox 489 2705 1973 2788">
    <p class='ocr_par' dir='ltr' id='par_1_28' title="bbox 489 2705 1973 2788">
     <span class='ocr_line' id='line_1_28' title="bbox 489 2705 1973 2788; baseline 0.009 -28"><span class='ocrx_word' id='word_1_178' title='bbox 489 2705 612 2760; x_wconf 71' lang='lat'><strong>146.</strong></span> <span class='ocrx_word' id='word_1_179' title='bbox 670 2706 747 2763; x_wconf 89' lang='lat' dir='ltr'><strong>De</strong></span> <span class='ocrx_word' id='word_1_180' title='bbox 796 2717 955 2764; x_wconf 91' lang='lat' dir='ltr'><strong>nocte</strong></span> <span class='ocrx_word' id='word_1_181' title='bbox 1017 2712 1243 2779; x_wconf 78' lang='lat' dir='ltr'><strong>Spiritus</strong></span> <span class='ocrx_word' id='word_1_182' title='bbox 1292 2724 1475 2770; x_wconf 90' lang='lat' dir='ltr'><strong>noster</strong></span> <span class='ocrx_word' id='word_1_183' title='bbox 1531 2730 1598 2771; x_wconf 89' lang='lat' dir='ltr'><strong>ao</strong></span> <span class='ocrx_word' id='word_1_184' title='bbox 1652 2726 1702 2771; x_wconf 92' lang='lat' dir='ltr'><strong>te</strong></span> <span class='ocrx_word' id='word_1_185' title='bbox 1746 2717 1973 2788; x_wconf 81' lang='lat' dir='ltr'><strong>vigilat,</strong></span> 
     </span>
    </p>
   </div>
   <div class='ocr_carea' id='block_1_29' title="bbox 412 2798 1970 2879">
    <p class='ocr_par' dir='ltr' id='par_1_29' title="bbox 412 2798 1970 2879">
     <span class='ocr_line' id='line_1_29' title="bbox 412 2798 1970 2879; baseline 0.008 -26"><span class='ocrx_word' id='word_1_186' title='bbox 412 2798 578 2864; x_wconf 88' lang='lat' dir='ltr'><strong>Deus,</strong></span> <span class='ocrx_word' id='word_1_187' title='bbox 609 2800 733 2870; x_wconf 87' lang='lat' dir='ltr'><strong>quia</strong></span> <span class='ocrx_word' id='word_1_188' title='bbox 769 2813 1038 2871; x_wconf 60' lang='lat' dir='ltr'><strong>praecepta</strong></span> <span class='ocrx_word' id='word_1_189' title='bbox 1088 2812 1178 2858; x_wconf 90' lang='lat' dir='ltr'><strong>tua</strong></span> <span class='ocrx_word' id='word_1_190' title='bbox 1234 2805 1413 2860; x_wconf 88' lang='lat' dir='ltr'><strong>lumen</strong></span> <span class='ocrx_word' id='word_1_191' title='bbox 1470 2820 1616 2862; x_wconf 87' lang='lat' dir='ltr'><strong>sunt.</strong></span> <span class='ocrx_word' id='word_1_192' title='bbox 1649 2809 1791 2865; x_wconf 90' lang='lat' dir='ltr'><strong>Doce</strong></span> <span class='ocrx_word' id='word_1_193' title='bbox 1824 2827 1922 2866; x_wconf 91' lang='lat' dir='ltr'><strong>nos</strong></span> <span class='ocrx_word' id='word_1_194' title='bbox 1954 2854 1970 2879; x_wconf 90' lang='lat'><strong>,</strong></span> 
     </span>
    </p>
   </div>
   <div class='ocr_carea' id='block_1_30' title="bbox 414 2887 1973 2966">
    <p class='ocr_par' dir='ltr' id='par_1_30' title="bbox 414 2887 1973 2966">
     <span class='ocr_line' id='line_1_30' title="bbox 414 2887 1973 2966; baseline 0.01 -25"><span class='ocrx_word' id='word_1_195' title='bbox 414 2889 575 2951; x_wconf 87' lang='lat' dir='ltr'><strong>Deus,</strong></span> <span class='ocrx_word' id='word_1_196' title='bbox 599 2887 865 2957; x_wconf 86' lang='lat' dir='ltr'><strong>justitiam</strong></span> <span class='ocrx_word' id='word_1_197' title='bbox 895 2900 1040 2945; x_wconf 89' lang='lat' dir='ltr'><strong>tuam</strong></span> <span class='ocrx_word' id='word_1_198' title='bbox 1075 2931 1090 2957; x_wconf 93' lang='lat'><strong>,</strong></span> <span class='ocrx_word' id='word_1_199' title='bbox 1129 2896 1382 2949; x_wconf 85' lang='lat' dir='ltr'><strong>mandata</strong></span> <span class='ocrx_word' id='word_1_200' title='bbox 1422 2906 1532 2961; x_wconf 91' lang='lat' dir='ltr'><strong>tua,</strong></span> <span class='ocrx_word' id='word_1_201' title='bbox 1560 2899 1973 2966; x_wconf 82' lang='lat' dir='ltr'><strong>justilicationes</strong></span> 
     </span>
    </p>
   </div>
   <div class='ocr_carea' id='block_1_31' title="bbox 414 2979 1973 3053">
    <p class='ocr_par' dir='ltr' id='par_1_31' title="bbox 414 2979 1973 3053">
     <span class='ocr_line' id='line_1_31' title="bbox 414 2979 1973 3053; baseline 0.008 -21"><span class='ocrx_word' id='word_1_202' title='bbox 414 2989 556 3035; x_wconf 87' lang='lat' dir='ltr'><strong>tuas.</strong></span> <span class='ocrx_word' id='word_1_203' title='bbox 582 2979 823 3036; x_wconf 91' lang='lat' dir='ltr'><strong>lllumina</strong></span> <span class='ocrx_word' id='word_1_204' title='bbox 849 2983 1108 3037; x_wconf 89' lang='lat' dir='ltr'><strong>mentium</strong></span> <span class='ocrx_word' id='word_1_205' title='bbox 1142 2995 1450 3041; x_wconf 89' lang='lat' dir='ltr'><strong>nostrarum</strong></span> <span class='ocrx_word' id='word_1_206' title='bbox 1485 2989 1693 3053; x_wconf 88' lang='lat' dir='ltr'><strong>oculos,</strong></span> <span class='ocrx_word' id='word_1_207' title='bbox 1725 3005 1792 3043; x_wconf 92' lang='lat' dir='ltr'><strong>ne</strong></span> <span class='ocrx_word' id='word_1_208' title='bbox 1831 2991 1973 3046; x_wconf 80' lang='lat' dir='ltr'><strong>forte</strong></span> 
     </span>
    </p>
   </div>
   <div class='ocr_carea' id='block_1_32' title="bbox 409 3073 1970 3152">
    <p class='ocr_par' dir='ltr' id='par_1_32' title="bbox 409 3073 1970 3152">
     <span class='ocr_line' id='line_1_32' title="bbox 409 3073 1970 3152; baseline 0.008 -27"><span class='ocrx_word' id='word_1_209' title='bbox 409 3073 466 3127; x_wconf 82' lang='lat' dir='ltr'><strong>in</strong></span> <span class='ocrx_word' id='word_1_210' title='bbox 511 3074 750 3143; x_wconf 84' lang='lat' dir='ltr'><strong>peccatis</strong></span> <span class='ocrx_word' id='word_1_211' title='bbox 805 3073 874 3127; x_wconf 87' lang='lat' dir='ltr'><strong>ad</strong></span> <span class='ocrx_word' id='word_1_212' title='bbox 923 3085 1151 3129; x_wconf 87' lang='lat' dir='ltr'><strong>mortem</strong></span> <span class='ocrx_word' id='word_1_213' title='bbox 1208 3077 1628 3135; x_wconf 89' lang='lat' dir='ltr'><strong>obdormiamus.</strong></span> <span class='ocrx_word' id='word_1_214' title='bbox 1676 3082 1970 3152; x_wconf 89' lang='lat' dir='ltr'><strong>Caliginem</strong></span> 
     </span>
    </p>
   </div>
   <div class='ocr_carea' id='block_1_33' title="bbox 410 3164 1975 3241">
    <p class='ocr_par' dir='ltr' id='par_1_33' title="bbox 410 3164 1975 3241">
     <span class='ocr_line' id='line_1_33' title="bbox 410 3164 1975 3241; baseline 0.008 -24"><span class='ocrx_word' id='word_1_215' title='bbox 410 3177 627 3217; x_wconf 89' lang='lat' dir='ltr'><strong>onmem</strong></span> <span class='ocrx_word' id='word_1_216' title='bbox 653 3178 683 3216; x_wconf 94' lang='lat' dir='ltr'><strong>a</strong></span> <span class='ocrx_word' id='word_1_217' title='bbox 705 3164 960 3218; x_wconf 84' lang='lat' dir='ltr'><strong>cordibus</strong></span> <span class='ocrx_word' id='word_1_218' title='bbox 991 3167 1191 3221; x_wconf 88' lang='lat' dir='ltr'><strong>nostris</strong></span> <span class='ocrx_word' id='word_1_219' title='bbox 1220 3168 1464 3237; x_wconf 89' lang='lat' dir='ltr'><strong>dispelle.</strong></span> <span class='ocrx_word' id='word_1_220' title='bbox 1493 3170 1679 3227; x_wconf 72' lang='lat' dir='ltr'><strong>Prazbe</strong></span> <span class='ocrx_word' id='word_1_221' title='bbox 1705 3176 1859 3228; x_wconf 89' lang='lat' dir='ltr'><strong>nobis</strong></span> <span class='ocrx_word' id='word_1_222' title='bbox 1884 3174 1975 3241; x_wconf 58' lang='lat' dir='ltr'><strong>ju.</strong></span> 
     </span>
    </p>
   </div>
   <div class='ocr_carea' id='block_1_34' title="bbox 412 3252 1980 3324">
    <p class='ocr_par' dir='ltr' id='par_1_34' title="bbox 412 3252 1980 3324">
     <span class='ocr_line' id='line_1_34' title="bbox 412 3252 1980 3324; baseline 0.008 -18"><span class='ocrx_word' id='word_1_223' title='bbox 412 3252 578 3306; x_wconf 61' lang='lat' dir='ltr'><strong>stitia:</strong></span> <span class='ocrx_word' id='word_1_224' title='bbox 605 3252 800 3318; x_wconf 90' lang='lat' dir='ltr'><strong>solem,</strong></span> <span class='ocrx_word' id='word_1_225' title='bbox 832 3263 1184 3324; x_wconf 86' lang='lat' dir='ltr'><strong>nostramque</strong></span> <span class='ocrx_word' id='word_1_226' title='bbox 1202 3257 1371 3312; x_wconf 89' lang='lat' dir='ltr'><strong>vitam</strong></span> <span class='ocrx_word' id='word_1_227' title='bbox 1404 3259 1470 3312; x_wconf 92' lang='lat' dir='ltr'><strong>ab</strong></span> <span class='ocrx_word' id='word_1_228' title='bbox 1499 3261 1644 3314; x_wconf 90' lang='lat' dir='ltr'><strong>omni</strong></span> <span class='ocrx_word' id='word_1_229' title='bbox 1680 3264 1980 3320; x_wconf 89' lang='lat' dir='ltr'><strong>tentatione</strong></span> 
     </span>
    </p>
   </div>
   <div class='ocr_carea' id='block_1_35' title="bbox 415 3341 1981 3415">
    <p class='ocr_par' dir='ltr' id='par_1_35' title="bbox 415 3341 1981 3415">
     <span class='ocr_line' id='line_1_35' title="bbox 415 3341 1981 3415; baseline 0.007 -17"><span class='ocrx_word' id='word_1_230' title='bbox 415 3341 641 3398; x_wconf 90' lang='lat' dir='ltr'><strong>liberam</strong></span> <span class='ocrx_word' id='word_1_231' title='bbox 682 3343 783 3398; x_wconf 90' lang='lat' dir='ltr'><strong>sub</strong></span> <span class='ocrx_word' id='word_1_232' title='bbox 807 3345 983 3413; x_wconf 84' lang='lat' dir='ltr'><strong>sigillo</strong></span> <span class='ocrx_word' id='word_1_233' title='bbox 1020 3347 1256 3415; x_wconf 84' lang='lat' dir='ltr'><strong>Spiritus</strong></span> <span class='ocrx_word' id='word_1_234' title='bbox 1286 3352 1460 3404; x_wconf 87' lang='lat' dir='ltr'><strong>sancti</strong></span> <span class='ocrx_word' id='word_1_235' title='bbox 1498 3353 1571 3405; x_wconf 92' lang='lat' dir='ltr'><strong>tui</strong></span> <span class='ocrx_word' id='word_1_236' title='bbox 1629 3355 1857 3408; x_wconf 89' lang='lat' dir='ltr'><strong>custodi.</strong></span> <span class='ocrx_word' id='word_1_237' title='bbox 1898 3355 1981 3409; x_wconf 87' lang='lat' dir='ltr'><strong>Di-</strong></span> 
     </span>
    </p>
   </div>
   <div class='ocr_carea' id='block_1_36' title="bbox 414 3436 1980 3512">
    <p class='ocr_par' dir='ltr' id='par_1_36' title="bbox 414 3436 1980 3512">
     <span class='ocr_line' id='line_1_36' title="bbox 414 3436 1980 3512; baseline 0.011 -25"><span class='ocrx_word' id='word_1_238' title='bbox 414 3436 529 3505; x_wconf 79' lang='lat' dir='ltr'><strong>rige</strong></span> <span class='ocrx_word' id='word_1_239' title='bbox 549 3449 768 3505; x_wconf 78' lang='lat' dir='ltr'><strong>gressus</strong></span> <span class='ocrx_word' id='word_1_240' title='bbox 799 3447 1017 3493; x_wconf 86' lang='lat' dir='ltr'><strong>nostros</strong></span> <span class='ocrx_word' id='word_1_241' title='bbox 1065 3439 1117 3493; x_wconf 93' lang='lat' dir='ltr'><strong>in</strong></span> <span class='ocrx_word' id='word_1_242' title='bbox 1156 3440 1298 3495; x_wconf 90' lang='lat' dir='ltr'><strong>viam</strong></span> <span class='ocrx_word' id='word_1_243' title='bbox 1329 3443 1501 3512; x_wconf 84' lang='lat' dir='ltr'><strong>pacis.</strong></span> <span class='ocrx_word' id='word_1_244' title='bbox 1545 3442 1622 3498; x_wconf 89' lang='lat' dir='ltr'><strong>Da</strong></span> <span class='ocrx_word' id='word_1_245' title='bbox 1647 3447 1805 3501; x_wconf 88' lang='lat' dir='ltr'><strong>nobis</strong></span> <span class='ocrx_word' id='word_1_246' title='bbox 1830 3447 1980 3503; x_wconf 87' lang='lat' dir='ltr'><strong>vide-</strong></span> 
     </span>
    </p>
   </div>
   <div class='ocr_carea' id='block_1_37' title="bbox 414 3526 1979 3601">
    <p class='ocr_par' dir='ltr' id='par_1_37' title="bbox 414 3526 1979 3601">
     <span class='ocr_line' id='line_1_37' title="bbox 414 3526 1979 3601; baseline 0.008 -22"><span class='ocrx_word' id='word_1_247' title='bbox 414 3541 472 3581; x_wconf 88' lang='lat' dir='ltr'><strong>re</strong></span> <span class='ocrx_word' id='word_1_248' title='bbox 499 3526 790 3581; x_wconf 90' lang='lat' dir='ltr'><strong>diluculum</strong></span> <span class='ocrx_word' id='word_1_249' title='bbox 834 3541 890 3583; x_wconf 91' lang='lat' dir='ltr'><strong>et</strong></span> <span class='ocrx_word' id='word_1_250' title='bbox 919 3530 1061 3584; x_wconf 88' lang='lat' dir='ltr'><strong>diem</strong></span> <span class='ocrx_word' id='word_1_251' title='bbox 1090 3533 1144 3586; x_wconf 90' lang='lat' dir='ltr'><strong>in</strong></span> <span class='ocrx_word' id='word_1_252' title='bbox 1187 3533 1568 3601; x_wconf 81' lang='lat' dir='ltr'><strong>exsultatione,</strong></span> <span class='ocrx_word' id='word_1_253' title='bbox 1629 3546 1685 3590; x_wconf 94' lang='lat' dir='ltr'><strong>ut</strong></span> <span class='ocrx_word' id='word_1_254' title='bbox 1719 3545 1771 3591; x_wconf 90' lang='lat' dir='ltr'><strong>te</strong></span> <span class='ocrx_word' id='word_1_255' title='bbox 1804 3548 1979 3592; x_wconf 86' lang='lat' dir='ltr'><strong>matu-</strong></span> 
     </span>
    </p>
   </div>
   <div class='ocr_carea' id='block_1_38' title="bbox 413 3617 1973 3698">
    <p class='ocr_par' dir='ltr' id='par_1_38' title="bbox 413 3617 1973 3698">
     <span class='ocr_line' id='line_1_38' title="bbox 413 3617 1973 3698; baseline 0.008 -27"><span class='ocrx_word' id='word_1_256' title='bbox 413 3617 543 3671; x_wconf 85' lang='lat' dir='ltr'><strong>tinis</strong></span> <span class='ocrx_word' id='word_1_257' title='bbox 572 3619 1009 3676; x_wconf 85' lang='lat' dir='ltr'><strong>concelebremus</strong></span> <span class='ocrx_word' id='word_1_258' title='bbox 1040 3621 1305 3681; x_wconf 89' lang='lat' dir='ltr'><strong>laudibus.</strong></span> <span class='ocrx_word' id='word_1_259' title='bbox 1323 3625 1457 3692; x_wconf 86' lang='lat' dir='ltr'><strong>Quia</strong></span> <span class='ocrx_word' id='word_1_260' title='bbox 1488 3638 1576 3681; x_wconf 93' lang='lat' dir='ltr'><strong>tua</strong></span> <span class='ocrx_word' id='word_1_261' title='bbox 1601 3637 1686 3683; x_wconf 91' lang='lat' dir='ltr'><strong>est</strong></span> <span class='ocrx_word' id='word_1_262' title='bbox 1712 3630 1973 3698; x_wconf 86' lang='lat' dir='ltr'><strong>potentia,</strong></span> 
     </span>
    </p>
   </div>
   <div class='ocr_carea' id='block_1_39' title="bbox 414 3716 1979 3787">
    <p class='ocr_par' dir='ltr' id='par_1_39' title="bbox 414 3716 1979 3787">
     <span class='ocr_line' id='line_1_39' title="bbox 414 3716 1979 3787; baseline 0.007 -24"><span class='ocrx_word' id='word_1_263' title='bbox 414 3719 472 3764; x_wconf 87' lang='lat' dir='ltr'><strong>et</strong></span> <span class='ocrx_word' id='word_1_264' title='bbox 505 3718 653 3764; x_wconf 87' lang='lat' dir='ltr'><strong>tuum</strong></span> <span class='ocrx_word' id='word_1_265' title='bbox 678 3721 763 3766; x_wconf 88' lang='lat' dir='ltr'><strong>est</strong></span> <span class='ocrx_word' id='word_1_266' title='bbox 796 3727 1045 3782; x_wconf 87' lang='lat' dir='ltr'><strong>regnmn,</strong></span> <span class='ocrx_word' id='word_1_267' title='bbox 1070 3723 1126 3768; x_wconf 90' lang='lat' dir='ltr'><strong>et</strong></span> <span class='ocrx_word' id='word_1_268' title='bbox 1150 3716 1326 3772; x_wconf 87' lang='lat' dir='ltr'><strong>virtus</strong></span> <span class='ocrx_word' id='word_1_269' title='bbox 1362 3730 1416 3771; x_wconf 88' lang='lat' dir='ltr'><strong>et</strong></span> <span class='ocrx_word' id='word_1_270' title='bbox 1453 3717 1647 3787; x_wconf 85' lang='lat' dir='ltr'><strong>gloria,</strong></span> <span class='ocrx_word' id='word_1_271' title='bbox 1677 3717 1876 3784; x_wconf 89' lang='lat' dir='ltr'><strong>Patris,</strong></span> <span class='ocrx_word' id='word_1_272' title='bbox 1925 3730 1979 3774; x_wconf 86' lang='lat' dir='ltr'><strong>et</strong></span> 
     </span>
    </p>
   </div>
   <div class='ocr_carea' id='block_1_40' title="bbox 413 3800 1981 3880">
    <p class='ocr_par' dir='ltr' id='par_1_40' title="bbox 413 3800 1981 3880">
     <span class='ocr_line' id='line_1_40' title="bbox 413 3800 1981 3880; baseline 0.007 -23"><span class='ocrx_word' id='word_1_273' title='bbox 413 3800 559 3864; x_wconf 87' lang='lat' dir='ltr'><strong>Filii,</strong></span> <span class='ocrx_word' id='word_1_274' title='bbox 589 3811 645 3857; x_wconf 89' lang='lat' dir='ltr'><strong>et</strong></span> <span class='ocrx_word' id='word_1_275' title='bbox 668 3802 903 3872; x_wconf 87' lang='lat' dir='ltr'><strong>Spiritus</strong></span> <span class='ocrx_word' id='word_1_276' title='bbox 927 3807 1124 3871; x_wconf 90' lang='lat' dir='ltr'><strong>sancti,</strong></span> <span class='ocrx_word' id='word_1_277' title='bbox 1166 3822 1308 3862; x_wconf 90' lang='lat' dir='ltr'><strong>nunc</strong></span> <span class='ocrx_word' id='word_1_278' title='bbox 1327 3818 1381 3863; x_wconf 92' lang='lat' dir='ltr'><strong>et</strong></span> <span class='ocrx_word' id='word_1_279' title='bbox 1415 3824 1651 3880; x_wconf 90' lang='lat' dir='ltr'><strong>semper,</strong></span> <span class='ocrx_word' id='word_1_280' title='bbox 1680 3821 1739 3866; x_wconf 92' lang='lat' dir='ltr'><strong>et</strong></span> <span class='ocrx_word' id='word_1_281' title='bbox 1774 3812 1830 3866; x_wconf 86' lang='lat' dir='ltr'><strong>in</strong></span> <span class='ocrx_word' id='word_1_282' title='bbox 1884 3828 1981 3867; x_wconf 81' lang='lat' dir='ltr'><strong>sae-</strong></span> 
     </span>
    </p>
   </div>
   <div class='ocr_carea' id='block_1_41' title="bbox 414 3894 1125 3952">
    <p class='ocr_par' dir='ltr' id='par_1_41' title="bbox 414 3894 1125 3952">
     <span class='ocr_line' id='line_1_41' title="bbox 414 3894 1125 3952; baseline 0.004 -3"><span class='ocrx_word' id='word_1_283' title='bbox 414 3895 535 3949; x_wconf 86' lang='lat' dir='ltr'><strong>cula</strong></span> <span class='ocrx_word' id='word_1_284' title='bbox 565 3894 907 3950; x_wconf 71' lang='lat' dir='ltr'><strong>saeculorum.</strong></span> <span class='ocrx_word' id='word_1_285' title='bbox 931 3898 1125 3952; x_wconf 86' lang='lat' dir='ltr'><strong>Amen.</strong></span> 
     </span>
    </p>
   </div>
   <div class='ocr_carea' id='block_1_42' title="bbox 999 4077 1392 4133">
    <p class='ocr_par' dir='ltr' id='par_1_42' title="bbox 999 4077 1392 4133">
     <span class='ocr_line' id='line_1_42' title="bbox 999 4077 1392 4133; baseline -0.008 0"><span class='ocrx_word' id='word_1_286' title='bbox 999 4077 1256 4133; x_wconf 74' lang='lat' dir='ltr'><strong>ORATIO</strong></span> <span class='ocrx_word' id='word_1_287' title='bbox 1304 4077 1392 4133; x_wconf 81' lang='lat' dir='ltr'><strong>IV.</strong></span> 
     </span>
    </p>
   </div>
   <div class='ocr_carea' id='block_1_43' title="bbox 485 4166 1976 4240">
    <p class='ocr_par' dir='ltr' id='par_1_43' title="bbox 485 4166 1976 4240">
     <span class='ocr_line' id='line_1_43' title="bbox 485 4166 1976 4240; baseline 0.003 -19"><span class='ocrx_word' id='word_1_288' title='bbox 485 4166 610 4226; x_wconf 75' lang='lat' dir='ltr'><strong>M7.</strong></span> <span class='ocrx_word' id='word_1_289' title='bbox 651 4168 879 4226; x_wconf 88' lang='lat' dir='ltr'><strong>Domine</strong></span> <span class='ocrx_word' id='word_1_290' title='bbox 925 4172 1087 4232; x_wconf 86' lang='lat' dir='ltr'><strong>Deus.</strong></span> <span class='ocrx_word' id='word_1_291' title='bbox 1142 4180 1331 4225; x_wconf 91' lang='lat' dir='ltr'><strong>sancte</strong></span> <span class='ocrx_word' id='word_1_292' title='bbox 1373 4179 1428 4225; x_wconf 91' lang='lat' dir='ltr'><strong>et</strong></span> <span class='ocrx_word' id='word_1_293' title='bbox 1457 4170 1976 4240; x_wconf 83' lang='lat' dir='ltr'><strong>incomprehensib.-</strong></span> 
     </span>
    </p>
   </div>
   <div class='ocr_carea' id='block_1_44' title="bbox 412 4258 1977 4333">
    <p class='ocr_par' dir='ltr' id='par_1_44' title="bbox 412 4258 1977 4333">
     <span class='ocr_line' id='line_1_44' title="bbox 412 4258 1977 4333; baseline 0.002 -20"><span class='ocrx_word' id='word_1_294' title='bbox 412 4258 502 4325; x_wconf 89' lang='lat' dir='ltr'><strong>lis,</strong></span> <span class='ocrx_word' id='word_1_295' title='bbox 529 4260 623 4330; x_wconf 91' lang='lat' dir='ltr'><strong>qui</strong></span> <span class='ocrx_word' id='word_1_296' title='bbox 656 4261 840 4316; x_wconf 81' lang='lat' dir='ltr'><strong>dixisti</strong></span> <span class='ocrx_word' id='word_1_297' title='bbox 884 4273 944 4317; x_wconf 90' lang='lat' dir='ltr'><strong>ut</strong></span> <span class='ocrx_word' id='word_1_298' title='bbox 968 4277 999 4317; x_wconf 92' lang='lat' dir='ltr'><strong>e</strong></span> <span class='ocrx_word' id='word_1_299' title='bbox 1035 4261 1273 4317; x_wconf 89' lang='lat' dir='ltr'><strong>tenebris</strong></span> <span class='ocrx_word' id='word_1_300' title='bbox 1316 4262 1408 4316; x_wconf 87' lang='lat' dir='ltr'><strong>lux</strong></span> <span class='ocrx_word' id='word_1_301' title='bbox 1441 4262 1860 4332; x_wconf 86' lang='lat' dir='ltr'><strong>splendescerct,</strong></span> <span class='ocrx_word' id='word_1_302' title='bbox 1884 4262 1977 4333; x_wconf 85' lang='lat' dir='ltr'><strong>qui</strong></span> 
     </span>
    </p>
   </div>
   <div class='ocr_carea' id='block_1_45' title="bbox 409 4353 2032 4430">
    <p class='ocr_par' dir='ltr' id='par_1_45' title="bbox 409 4353 2032 4430">
     <span class='ocr_line' id='line_1_45' title="bbox 409 4353 2032 4430; baseline 0.004 -22"><span class='ocrx_word' id='word_1_303' title='bbox 409 4368 511 4409; x_wconf 86' lang='lat' dir='ltr'><strong>nos</strong></span> <span class='ocrx_word' id='word_1_304' title='bbox 541 4353 776 4411; x_wconf 78' lang='lat' dir='ltr'><strong>refecisti</strong></span> <span class='ocrx_word' id='word_1_305' title='bbox 829 4369 1020 4411; x_wconf 91' lang='lat' dir='ltr'><strong>somno</strong></span> <span class='ocrx_word' id='word_1_306' title='bbox 1061 4362 1351 4422; x_wconf 89' lang='lat' dir='ltr'><strong>nocturno,</strong></span> <span class='ocrx_word' id='word_1_307' title='bbox 1381 4365 1437 4411; x_wconf 88' lang='lat' dir='ltr'><strong>et</strong></span> <span class='ocrx_word' id='word_1_308' title='bbox 1476 4356 1669 4412; x_wconf 89' lang='lat' dir='ltr'><strong>iterum</strong></span> <span class='ocrx_word' id='word_1_309' title='bbox 1701 4360 1767 4414; x_wconf 89' lang='lat' dir='ltr'><strong>ad</strong></span> <span class='ocrx_word' id='word_1_310' title='bbox 1792 4358 1978 4414; x_wconf 86' lang='lat' dir='ltr'><strong>lauda-</strong></span> <span class='ocrx_word' id='word_1_311' title='bbox 2029 4427 2032 4430; x_wconf 11' lang='grc' dir='ltr'><strong>γ</strong></span> 
     </span>
    </p>
   </div>
   <div class='ocr_carea' id='block_1_46' title="bbox 2084 521 3653 595">
    <p class='ocr_par' dir='ltr' id='par_1_46' title="bbox 2084 521 3653 595">
     <span class='ocr_line' id='line_1_46' title="bbox 2084 521 3653 595; baseline 0.001 -18"><span class='ocrx_word' id='word_1_312' title='bbox 2084 526 2210 588; x_wconf 84' lang='grc' dir='ltr'>τοὺς</span> <span class='ocrx_word' id='word_1_313' title='bbox 2239 524 2479 587; x_wconf 77' lang='grc' dir='ltr'>ἑστῶτας</span> <span class='ocrx_word' id='word_1_314' title='bbox 2504 523 2609 595; x_wconf 86' lang='grc' dir='ltr'><strong>πρὸ</strong></span> <span class='ocrx_word' id='word_1_315' title='bbox 2625 521 2913 593; x_wconf 81' lang='grc' dir='ltr'>προσώπου</span> <span class='ocrx_word' id='word_1_316' title='bbox 2932 522 3033 591; x_wconf 86' lang='grc' dir='ltr'><strong>τῆς</strong></span> <span class='ocrx_word' id='word_1_317' title='bbox 3062 521 3219 590; x_wconf 83' lang='grc' dir='ltr'><strong>ἁγίας</strong></span> <span class='ocrx_word' id='word_1_318' title='bbox 3242 522 3398 593; x_wconf 82' lang='grc' dir='ltr'><strong>δόξης</strong></span> <span class='ocrx_word' id='word_1_319' title='bbox 3425 540 3539 590; x_wconf 90' lang='grc' dir='ltr'>σου,</span> <span class='ocrx_word' id='word_1_320' title='bbox 3557 526 3653 579; x_wconf 76' lang='grc' dir='ltr'><strong>καὶ</strong></span> 
     </span>
    </p>
   </div>
   <div class='ocr_carea' id='block_1_47' title="bbox 2085 612 3654 687">
    <p class='ocr_par' dir='ltr' id='par_1_47' title="bbox 2085 612 3654 687">
     <span class='ocr_line' id='line_1_47' title="bbox 2085 612 3654 687; baseline -0.001 -16"><span class='ocrx_word' id='word_1_321' title='bbox 2085 616 2550 687; x_wconf 77' lang='grc' dir='ltr'><strong>ἀπεκδεχομένους</strong></span> <span class='ocrx_word' id='word_1_322' title='bbox 2575 616 2637 668; x_wconf 87' lang='grc' dir='ltr'><strong>τὸ</strong></span> <span class='ocrx_word' id='word_1_323' title='bbox 2668 616 2819 687; x_wconf 89' lang='grc' dir='ltr'><strong>παρὰ</strong></span> <span class='ocrx_word' id='word_1_324' title='bbox 2845 614 2937 668; x_wconf 82' lang='grc' dir='ltr'>σοῦ</span> <span class='ocrx_word' id='word_1_325' title='bbox 2968 612 3216 667; x_wconf 81' lang='grc' dir='ltr'>πλούσιον</span> <span class='ocrx_word' id='word_1_326' title='bbox 3245 613 3411 677; x_wconf 72' lang='grc' dir='ltr'>ἔλεος·</span> <span class='ocrx_word' id='word_1_327' title='bbox 3440 617 3533 668; x_wconf 79' lang='grc' dir='ltr'><strong>καὶ</strong></span> <span class='ocrx_word' id='word_1_328' title='bbox 3561 616 3654 681; x_wconf 78' lang='grc' dir='ltr'><strong>δὸς</strong></span> 
     </span>
    </p>
   </div>
   <div class='ocr_carea' id='block_1_48' title="bbox 2085 707 3653 782">
    <p class='ocr_par' dir='ltr' id='par_1_48' title="bbox 2085 707 3653 782">
     <span class='ocr_line' id='line_1_48' title="bbox 2085 707 3653 782; baseline -0.001 -19"><span class='ocrx_word' id='word_1_329' title='bbox 2085 712 2287 775; x_wconf 77' lang='grc' dir='ltr'>αὐτοῖς,</span> <span class='ocrx_word' id='word_1_330' title='bbox 2313 712 2449 782; x_wconf 86' lang='grc' dir='ltr'><strong>μετὰ</strong></span> <span class='ocrx_word' id='word_1_331' title='bbox 2470 712 2632 781; x_wconf 79' lang='grc' dir='ltr'>φόϐου</span> <span class='ocrx_word' id='word_1_332' title='bbox 2649 712 2743 765; x_wconf 73' lang='grc' dir='ltr'><strong>καὶ</strong></span> <span class='ocrx_word' id='word_1_333' title='bbox 2767 708 3232 782; x_wconf 81' lang='grc' dir='ltr'>ἀγάπηςπάντοτέ</span> <span class='ocrx_word' id='word_1_334' title='bbox 3260 725 3341 760; x_wconf 90' lang='grc' dir='ltr'><strong>σοι</strong></span> <span class='ocrx_word' id='word_1_335' title='bbox 3366 707 3653 778; x_wconf 82' lang='grc' dir='ltr'>λατρεύον-</span> 
     </span>
    </p>
   </div>
   <div class='ocr_carea' id='block_1_49' title="bbox 2084 799 3651 875">
    <p class='ocr_par' dir='ltr' id='par_1_49' title="bbox 2084 799 3651 875">
     <span class='ocr_line' id='line_1_49' title="bbox 2084 799 3651 875; baseline -0.002 -20"><span class='ocrx_word' id='word_1_336' title='bbox 2084 820 2204 868; x_wconf 86' lang='grc' dir='ltr'>τας,</span> <span class='ocrx_word' id='word_1_337' title='bbox 2239 805 2408 856; x_wconf 79' lang='grc' dir='ltr'>αἰνεῖν</span> <span class='ocrx_word' id='word_1_338' title='bbox 2457 804 2557 875; x_wconf 82' lang='grc' dir='ltr'>τὴν</span> <span class='ocrx_word' id='word_1_339' title='bbox 2584 802 2969 875; x_wconf 87' lang='grc' dir='ltr'>ἁνεκδιήγητόν</span> <span class='ocrx_word' id='word_1_340' title='bbox 3014 818 3108 855; x_wconf 88' lang='grc' dir='ltr'><strong>σου</strong></span> <span class='ocrx_word' id='word_1_341' title='bbox 3156 799 3488 869; x_wconf 81' lang='grc' dir='ltr'>ἁγαθότητα.</span> <span class='ocrx_word' id='word_1_342' title='bbox 3530 799 3651 853; x_wconf 82' lang='grc' dir='ltr'>Ὀτι</span> 
     </span>
    </p>
   </div>
   <div class='ocr_carea' id='block_1_50' title="bbox 2085 888 3648 965">
    <p class='ocr_par' dir='ltr' id='par_1_50' title="bbox 2085 888 3648 965">
     <span class='ocr_line' id='line_1_50' title="bbox 2085 888 3648 965; baseline -0.004 -19"><span class='ocrx_word' id='word_1_343' title='bbox 2085 894 2282 965; x_wconf 79' lang='grc' dir='ltr'>πρέπει</span> <span class='ocrx_word' id='word_1_344' title='bbox 2305 911 2387 946; x_wconf 92' lang='grc' dir='ltr'><strong>σοι</strong></span> <span class='ocrx_word' id='word_1_345' title='bbox 2418 896 2561 947; x_wconf 80' lang='grc' dir='ltr'>πᾶσα</span> <span class='ocrx_word' id='word_1_346' title='bbox 2587 894 2732 961; x_wconf 74' lang='grc' dir='ltr'>δόξα,</span> <span class='ocrx_word' id='word_1_347' title='bbox 2760 893 2891 964; x_wconf 81' lang='grc' dir='ltr'>τιμὴ</span> <span class='ocrx_word' id='word_1_348' title='bbox 2915 892 3007 945; x_wconf 71' lang='grc' dir='ltr'><strong>καὶ</strong></span> <span class='ocrx_word' id='word_1_349' title='bbox 3028 888 3413 963; x_wconf 88' lang='grc' dir='ltr'>προσκύνησις,</span> <span class='ocrx_word' id='word_1_350' title='bbox 3437 889 3513 957; x_wconf 81' lang='grc' dir='ltr'><strong>τῷ</strong></span> <span class='ocrx_word' id='word_1_351' title='bbox 3534 889 3648 941; x_wconf 84' lang='grc' dir='ltr'><strong>Πα-</strong></span> 
     </span>
    </p>
   </div>
   <div class='ocr_carea' id='block_1_51' title="bbox 2083 979 3652 1057">
    <p class='ocr_par' dir='ltr' id='par_1_51' title="bbox 2083 979 3652 1057">
     <span class='ocr_line' id='line_1_51' title="bbox 2083 979 3652 1057; baseline -0.003 -19"><span class='ocrx_word' id='word_1_352' title='bbox 2083 986 2196 1057; x_wconf 73' lang='grc' dir='ltr'>τρὶ,</span> <span class='ocrx_word' id='word_1_353' title='bbox 2233 987 2327 1039; x_wconf 78' lang='grc' dir='ltr'>καὶ</span> <span class='ocrx_word' id='word_1_354' title='bbox 2354 985 2431 1057; x_wconf 82' lang='grc' dir='ltr'><strong>τῷ</strong></span> <span class='ocrx_word' id='word_1_355' title='bbox 2464 985 2599 1057; x_wconf 79' lang='grc' dir='ltr'>Υἰῷ,</span> <span class='ocrx_word' id='word_1_356' title='bbox 2633 987 2726 1039; x_wconf 83' lang='grc' dir='ltr'>καὶ</span> <span class='ocrx_word' id='word_1_357' title='bbox 2763 986 2842 1056; x_wconf 86' lang='grc' dir='ltr'>τῷ</span> <span class='ocrx_word' id='word_1_358' title='bbox 2892 984 3033 1054; x_wconf 83' lang='grc' dir='ltr'>ἁγίῳ</span> <span class='ocrx_word' id='word_1_359' title='bbox 3089 980 3387 1051; x_wconf 82' lang='grc' dir='ltr'>Πνεύματι,</span> <span class='ocrx_word' id='word_1_360' title='bbox 3424 979 3517 1033; x_wconf 83' lang='grc' dir='ltr'><strong>νῦν</strong></span> <span class='ocrx_word' id='word_1_361' title='bbox 3555 980 3652 1034; x_wconf 79' lang='grc' dir='ltr'>καὶ</span> 
     </span>
    </p>
   </div>
   <div class='ocr_carea' id='block_1_52' title="bbox 2083 1071 3415 1143">
    <p class='ocr_par' dir='ltr' id='par_1_52' title="bbox 2083 1071 3415 1143">
     <span class='ocr_line' id='line_1_52' title="bbox 2083 1071 3415 1143; baseline -0.004 -15"><span class='ocrx_word' id='word_1_362' title='bbox 2083 1075 2190 1143; x_wconf 74' lang='grc' dir='ltr'>ἀεὶ,</span> <span class='ocrx_word' id='word_1_363' title='bbox 2219 1077 2314 1130; x_wconf 76' lang='grc' dir='ltr'>καὶ</span> <span class='ocrx_word' id='word_1_364' title='bbox 2336 1079 2415 1139; x_wconf 90' lang='grc' dir='ltr'><strong>εἰς</strong></span> <span class='ocrx_word' id='word_1_365' title='bbox 2446 1078 2568 1140; x_wconf 82' lang='grc' dir='ltr'>τοὺς</span> <span class='ocrx_word' id='word_1_366' title='bbox 2590 1076 2791 1139; x_wconf 86' lang='grc' dir='ltr'>αἰῶνας</span> <span class='ocrx_word' id='word_1_367' title='bbox 2823 1076 2931 1128; x_wconf 89' lang='grc' dir='ltr'><strong>τῶν</strong></span> <span class='ocrx_word' id='word_1_368' title='bbox 2955 1071 3415 1143; x_wconf 55' lang='grc' dir='ltr'>αἰώνων.,Ἀμήν.</span> 
     </span>
    </p>
   </div>
   <div class='ocr_carea' id='block_1_53' title="bbox 2710 1168 3013 1221">
    <p class='ocr_par' dir='ltr' id='par_1_53' title="bbox 2710 1168 3013 1221">
     <span class='ocr_line' id='line_1_53' title="bbox 2710 1168 3013 1221; baseline 0 0"><span class='ocrx_word' id='word_1_369' title='bbox 2710 1169 2902 1221; x_wconf 85' lang='grc' dir='ltr'><strong>ΕΥΧΗ</strong></span> <span class='ocrx_word' id='word_1_370' title='bbox 2937 1168 3013 1221; x_wconf 89' lang='lat' dir='ltr'><strong>B&#39;.</strong></span> 
     </span>
    </p>
   </div>
   <div class='ocr_carea' id='block_1_54' title="bbox 2166 1252 3653 1329">
    <p class='ocr_par' dir='ltr' id='par_1_54' title="bbox 2166 1252 3653 1329">
     <span class='ocr_line' id='line_1_54' title="bbox 2166 1252 3653 1329; baseline -0.004 -19"><span class='ocrx_word' id='word_1_371' title='bbox 2166 1258 2261 1310; x_wconf 85' lang='grc' dir='ltr'>Ἐκ</span> <span class='ocrx_word' id='word_1_372' title='bbox 2287 1257 2481 1320; x_wconf 86' lang='grc' dir='ltr'>νυκτὸς</span> <span class='ocrx_word' id='word_1_373' title='bbox 2520 1256 2763 1329; x_wconf 74' lang='grc' dir='ltr'>όρθρίζει</span> <span class='ocrx_word' id='word_1_374' title='bbox 2805 1257 2866 1311; x_wconf 82' lang='grc' dir='ltr'><strong>τὸ</strong></span> <span class='ocrx_word' id='word_1_375' title='bbox 2897 1257 3113 1327; x_wconf 84' lang='grc' dir='ltr'>πνεῦμα</span> <span class='ocrx_word' id='word_1_376' title='bbox 3151 1256 3309 1328; x_wconf 84' lang='grc' dir='ltr'>ἡμῶν</span> <span class='ocrx_word' id='word_1_377' title='bbox 3354 1256 3486 1326; x_wconf 82' lang='grc' dir='ltr'>πρὸς</span> <span class='ocrx_word' id='word_1_378' title='bbox 3513 1254 3591 1317; x_wconf 79' lang='grc' dir='ltr'>σὲ,</span> <span class='ocrx_word' id='word_1_379' title='bbox 3619 1252 3653 1305; x_wconf 79' lang='grc'>6</span> 
     </span>
    </p>
   </div>
   <div class='ocr_carea' id='block_1_55' title="bbox 2064 1345 3653 1420">
    <p class='ocr_par' dir='ltr' id='par_1_55' title="bbox 2064 1345 3653 1420">
     <span class='ocr_line' id='line_1_55' title="bbox 2064 1345 3653 1420; baseline -0.001 -20"><span class='ocrx_word' id='word_1_380' title='bbox 2064 1347 2216 1412; x_wconf 81' lang='grc' dir='ltr'>’Θεὸς</span> <span class='ocrx_word' id='word_1_381' title='bbox 2243 1348 2419 1419; x_wconf 79' lang='grc' dir='ltr'>ἡμῶν,</span> <span class='ocrx_word' id='word_1_382' title='bbox 2453 1348 2588 1402; x_wconf 81' lang='grc' dir='ltr'><strong>διότι</strong></span> <span class='ocrx_word' id='word_1_383' title='bbox 2629 1348 2744 1418; x_wconf 78' lang='grc' dir='ltr'><strong>φῶς</strong></span> <span class='ocrx_word' id='word_1_384' title='bbox 2771 1348 2841 1402; x_wconf 81' lang='grc' dir='ltr'>τὰ</span> <span class='ocrx_word' id='word_1_385' title='bbox 2886 1348 3285 1420; x_wconf 87' lang='grc' dir='ltr'>προστάγματὰ</span> <span class='ocrx_word' id='word_1_386' title='bbox 3313 1365 3405 1401; x_wconf 86' lang='grc' dir='ltr'><strong>σου</strong></span> <span class='ocrx_word' id='word_1_387' title='bbox 3436 1346 3528 1398; x_wconf 75' lang='grc' dir='ltr'>ἐπὶ</span> <span class='ocrx_word' id='word_1_388' title='bbox 3552 1345 3653 1414; x_wconf 75' lang='grc' dir='ltr'>τῆς</span> 
     </span>
    </p>
   </div>
   <div class='ocr_carea' id='block_1_56' title="bbox 2082 1437 3654 1510">
    <p class='ocr_par' dir='ltr' id='par_1_56' title="bbox 2082 1437 3654 1510">
     <span class='ocr_line' id='line_1_56' title="bbox 2082 1437 3654 1510; baseline -0.003 -19"><span class='ocrx_word' id='word_1_389' title='bbox 2082 1439 2204 1509; x_wconf 82' lang='grc' dir='ltr'>γῆς.</span> <span class='ocrx_word' id='word_1_390' title='bbox 2235 1438 2589 1510; x_wconf 82' lang='grc' dir='ltr'>Δικαιοσύνην</span> <span class='ocrx_word' id='word_1_391' title='bbox 2621 1441 2714 1494; x_wconf 79' lang='grc' dir='ltr'>καὶ</span> <span class='ocrx_word' id='word_1_392' title='bbox 2736 1440 3007 1510; x_wconf 87' lang='grc' dir='ltr'>ἁγιασμὸν</span> <span class='ocrx_word' id='word_1_393' title='bbox 3039 1439 3305 1493; x_wconf 72' lang='grc' dir='ltr'>ἐπιτελεῖν</span> <span class='ocrx_word' id='word_1_394' title='bbox 3331 1440 3386 1491; x_wconf 83' lang='grc' dir='ltr'>ὲν</span> <span class='ocrx_word' id='word_1_395' title='bbox 3407 1437 3483 1508; x_wconf 78' lang='grc' dir='ltr'>τῷ</span> <span class='ocrx_word' id='word_1_396' title='bbox 3503 1437 3654 1505; x_wconf 76' lang='grc' dir='ltr'><strong>φόὸῳ</strong></span> 
     </span>
    </p>
   </div>
   <div class='ocr_carea' id='block_1_57' title="bbox 2085 1526 3652 1603">
    <p class='ocr_par' dir='ltr' id='par_1_57' title="bbox 2085 1526 3652 1603">
     <span class='ocr_line' id='line_1_57' title="bbox 2085 1526 3652 1603; baseline -0.003 -20"><span class='ocrx_word' id='word_1_397' title='bbox 2085 1548 2177 1584; x_wconf 88' lang='grc' dir='ltr'><strong>σου</strong></span> <span class='ocrx_word' id='word_1_398' title='bbox 2202 1531 2478 1584; x_wconf 89' lang='grc' dir='ltr'>συνέτισον</span> <span class='ocrx_word' id='word_1_399' title='bbox 2503 1533 2671 1602; x_wconf 75' lang='grc' dir='ltr'>ἡμᾶς.</span> <span class='ocrx_word' id='word_1_400' title='bbox 2697 1532 2766 1585; x_wconf 80' lang='grc' dir='ltr'>Σὲ</span> <span class='ocrx_word' id='word_1_401' title='bbox 2801 1534 2910 1602; x_wconf 85' lang='grc' dir='ltr'>γὰρ</span> <span class='ocrx_word' id='word_1_402' title='bbox 2932 1531 3225 1603; x_wconf 79' lang='grc' dir='ltr'>δοξάζομεν</span> <span class='ocrx_word' id='word_1_403' title='bbox 3250 1530 3338 1584; x_wconf 82' lang='grc' dir='ltr'><strong>τὸν</strong></span> <span class='ocrx_word' id='word_1_404' title='bbox 3363 1529 3529 1592; x_wconf 77' lang='grc' dir='ltr'>ὅντως</span> <span class='ocrx_word' id='word_1_405' title='bbox 3560 1526 3652 1580; x_wconf 81' lang='grc' dir='ltr'><strong>ὃν·</strong></span> 
     </span>
    </p>
   </div>
   <div class='ocr_carea' id='block_1_58' title="bbox 2082 1620 3653 1695">
    <p class='ocr_par' dir='ltr' id='par_1_58' title="bbox 2082 1620 3653 1695">
     <span class='ocr_line' id='line_1_58' title="bbox 2082 1620 3653 1695; baseline -0.003 -18"><span class='ocrx_word' id='word_1_406' title='bbox 2082 1641 2148 1678; x_wconf 85' lang='grc' dir='ltr'><strong>τα</strong></span> <span class='ocrx_word' id='word_1_407' title='bbox 2192 1623 2324 1678; x_wconf 84' lang='grc' dir='ltr'>Θεὸν</span> <span class='ocrx_word' id='word_1_408' title='bbox 2371 1624 2547 1695; x_wconf 84' lang='grc' dir='ltr'>ήμῶν.</span> <span class='ocrx_word' id='word_1_409' title='bbox 2597 1624 2787 1678; x_wconf 82' lang='grc' dir='ltr'>Κλῖνον</span> <span class='ocrx_word' id='word_1_410' title='bbox 2824 1625 2886 1677; x_wconf 89' lang='grc' dir='ltr'><strong>τὸ</strong></span> <span class='ocrx_word' id='word_1_411' title='bbox 2918 1620 3011 1687; x_wconf 82' lang='grc' dir='ltr'>οὖς</span> <span class='ocrx_word' id='word_1_412' title='bbox 3062 1641 3175 1689; x_wconf 88' lang='grc' dir='ltr'>σου,</span> <span class='ocrx_word' id='word_1_413' title='bbox 3206 1624 3299 1677; x_wconf 76' lang='grc' dir='ltr'><strong>καὶ</strong></span> <span class='ocrx_word' id='word_1_414' title='bbox 3351 1622 3653 1676; x_wconf 78' lang='grc' dir='ltr'>ἐπάκουσον</span> 
     </span>
    </p>
   </div>
   <div class='ocr_carea' id='block_1_59' title="bbox 2084 1712 3655 1786">
    <p class='ocr_par' dir='ltr' id='par_1_59' title="bbox 2084 1712 3655 1786">
     <span class='ocr_line' id='line_1_59' title="bbox 2084 1712 3655 1786; baseline -0.004 -19"><span class='ocrx_word' id='word_1_415' title='bbox 2084 1714 2260 1785; x_wconf 84' lang='grc' dir='ltr'>ήμῶν·</span> <span class='ocrx_word' id='word_1_416' title='bbox 2294 1716 2387 1768; x_wconf 74' lang='grc' dir='ltr'><strong>καὶ</strong></span> <span class='ocrx_word' id='word_1_417' title='bbox 2419 1714 2707 1786; x_wconf 88' lang='grc' dir='ltr'>μνήσθητι,</span> <span class='ocrx_word' id='word_1_418' title='bbox 2745 1714 2939 1786; x_wconf 82' lang='grc' dir='ltr'>Κύριε,</span> <span class='ocrx_word' id='word_1_419' title='bbox 2968 1714 3075 1769; x_wconf 91' lang='grc' dir='ltr'><strong>τῶν</strong></span> <span class='ocrx_word' id='word_1_420' title='bbox 3115 1712 3507 1785; x_wconf 82' lang='grc' dir='ltr'>συμπαρόντων</span> <span class='ocrx_word' id='word_1_421' title='bbox 3558 1719 3655 1762; x_wconf 62' lang='grc' dir='ltr'>και.</span> 
     </span>
    </p>
   </div>
   <div class='ocr_carea' id='block_1_60' title="bbox 2090 1798 3647 1877">
    <p class='ocr_par' dir='ltr' id='par_1_60' title="bbox 2090 1798 3647 1877">
     <span class='ocr_line' id='line_1_60' title="bbox 2090 1798 3647 1877; baseline -0.005 -19"><span class='ocrx_word' id='word_1_422' title='bbox 2090 1807 2498 1876; x_wconf 83' lang='grc' dir='ltr'>συνευχομένων</span> <span class='ocrx_word' id='word_1_423' title='bbox 2527 1807 2661 1877; x_wconf 76' lang='grc' dir='ltr'>ἡμῖν</span> <span class='ocrx_word' id='word_1_424' title='bbox 2692 1805 2907 1858; x_wconf 86' lang='grc' dir='ltr'>πάντων</span> <span class='ocrx_word' id='word_1_425' title='bbox 2935 1805 3053 1858; x_wconf 83' lang='grc' dir='ltr'>κατ’</span> <span class='ocrx_word' id='word_1_426' title='bbox 3105 1803 3296 1873; x_wconf 76' lang='grc' dir='ltr'>ὄνομα,</span> <span class='ocrx_word' id='word_1_427' title='bbox 3339 1802 3433 1855; x_wconf 73' lang='grc' dir='ltr'><strong>καὶ</strong></span> <span class='ocrx_word' id='word_1_428' title='bbox 3481 1798 3647 1852; x_wconf 71' lang='grc' dir='ltr'>σῶσον</span> 
     </span>
    </p>
   </div>
   <div class='ocr_carea' id='block_1_61' title="bbox 2086 1888 3655 1966">
    <p class='ocr_par' dir='ltr' id='par_1_61' title="bbox 2086 1888 3655 1966">
     <span class='ocr_line' id='line_1_61' title="bbox 2086 1888 3655 1966; baseline -0.005 -18"><span class='ocrx_word' id='word_1_429' title='bbox 2086 1897 2287 1960; x_wconf 83' lang='grc' dir='ltr'>αὐτοὺς</span> <span class='ocrx_word' id='word_1_430' title='bbox 2319 1898 2384 1966; x_wconf 81' lang='grc' dir='ltr'>τῇ</span> <span class='ocrx_word' id='word_1_431' title='bbox 2420 1896 2647 1966; x_wconf 85' lang='grc' dir='ltr'>δυνάμει</span> <span class='ocrx_word' id='word_1_432' title='bbox 2675 1912 2789 1948; x_wconf 89' lang='grc' dir='ltr'>σου.</span> <span class='ocrx_word' id='word_1_433' title='bbox 2817 1894 3120 1964; x_wconf 83' lang='grc' dir='ltr'>Εὑλόγησον</span> <span class='ocrx_word' id='word_1_434' title='bbox 3142 1892 3233 1948; x_wconf 77' lang='grc' dir='ltr'><strong>τὸν</strong></span> <span class='ocrx_word' id='word_1_435' title='bbox 3255 1892 3381 1945; x_wconf 87' lang='grc' dir='ltr'>λαόν</span> <span class='ocrx_word' id='word_1_436' title='bbox 3410 1907 3525 1953; x_wconf 84' lang='grc' dir='ltr'>σου,</span> <span class='ocrx_word' id='word_1_437' title='bbox 3561 1888 3655 1941; x_wconf 74' lang='grc' dir='ltr'>καὶ</span> 
     </span>
    </p>
   </div>
   <div class='ocr_carea' id='block_1_62' title="bbox 2087 1979 3653 2057">
    <p class='ocr_par' dir='ltr' id='par_1_62' title="bbox 2087 1979 3653 2057">
     <span class='ocr_line' id='line_1_62' title="bbox 2087 1979 3653 2057; baseline -0.006 -17"><span class='ocrx_word' id='word_1_438' title='bbox 2087 1987 2312 2056; x_wconf 82' lang='grc' dir='ltr'>ἁγίασον</span> <span class='ocrx_word' id='word_1_439' title='bbox 2357 1985 2455 2057; x_wconf 83' lang='grc' dir='ltr'>τὴν</span> <span class='ocrx_word' id='word_1_440' title='bbox 2499 1984 2863 2055; x_wconf 81' lang='grc' dir='ltr'>κληρονομίαν</span> <span class='ocrx_word' id='word_1_441' title='bbox 2917 2000 3033 2036; x_wconf 67' lang='grc' dir='ltr'>σου*</span> <span class='ocrx_word' id='word_1_442' title='bbox 3085 1984 3306 2054; x_wconf 79' lang='grc' dir='ltr'>εἰρήνην</span> <span class='ocrx_word' id='word_1_443' title='bbox 3348 1979 3426 2050; x_wconf 80' lang='grc' dir='ltr'>τῷ</span> <span class='ocrx_word' id='word_1_444' title='bbox 3463 1980 3653 2049; x_wconf 76' lang='grc' dir='ltr'>κόσμῳ</span> 
     </span>
    </p>
   </div>
   <div class='ocr_carea' id='block_1_63' title="bbox 2088 2066 3651 2146">
    <p class='ocr_par' dir='ltr' id='par_1_63' title="bbox 2088 2066 3651 2146">
     <span class='ocr_line' id='line_1_63' title="bbox 2088 2066 3651 2146; baseline -0.008 -17"><span class='ocrx_word' id='word_1_445' title='bbox 2088 2093 2182 2129; x_wconf 88' lang='grc' dir='ltr'><strong>σου</strong></span> <span class='ocrx_word' id='word_1_446' title='bbox 2212 2075 2475 2146; x_wconf 87' lang='grc' dir='ltr'>δὼρησαι,</span> <span class='ocrx_word' id='word_1_447' title='bbox 2531 2077 2653 2138; x_wconf 83' lang='grc' dir='ltr'>ταῖς</span> <span class='ocrx_word' id='word_1_448' title='bbox 2717 2073 3062 2143; x_wconf 87' lang='grc' dir='ltr'>Ἐκκλησίαις</span> <span class='ocrx_word' id='word_1_449' title='bbox 3108 2088 3223 2134; x_wconf 88' lang='grc' dir='ltr'>σου,</span> <span class='ocrx_word' id='word_1_450' title='bbox 3274 2072 3387 2133; x_wconf 84' lang='grc' dir='ltr'>τοῖς</span> <span class='ocrx_word' id='word_1_451' title='bbox 3427 2066 3651 2139; x_wconf 79' lang='grc' dir='ltr'>ἱερεῦσι,</span> 
     </span>
    </p>
   </div>
   <div class='ocr_carea' id='block_1_64' title="bbox 2084 2158 3655 2235">
    <p class='ocr_par' dir='ltr' id='par_1_64' title="bbox 2084 2158 3655 2235">
     <span class='ocr_line' id='line_1_64' title="bbox 2084 2158 3655 2235; baseline -0.006 -17"><span class='ocrx_word' id='word_1_452' title='bbox 2084 2168 2195 2229; x_wconf 85' lang='grc' dir='ltr'>τοῖς</span> <span class='ocrx_word' id='word_1_453' title='bbox 2223 2164 2532 2235; x_wconf 78' lang='grc' dir='ltr'>βασιλεῦσιν</span> <span class='ocrx_word' id='word_1_454' title='bbox 2569 2165 2748 2235; x_wconf 82' lang='grc' dir='ltr'>ἡμῶν,</span> <span class='ocrx_word' id='word_1_455' title='bbox 2788 2166 2881 2218; x_wconf 72' lang='grc' dir='ltr'>καὶ</span> <span class='ocrx_word' id='word_1_456' title='bbox 2928 2162 3092 2216; x_wconf 77' lang='grc' dir='ltr'>παντὶ</span> <span class='ocrx_word' id='word_1_457' title='bbox 3117 2160 3193 2233; x_wconf 80' lang='grc' dir='ltr'>τῷ</span> <span class='ocrx_word' id='word_1_458' title='bbox 3226 2159 3338 2231; x_wconf 83' lang='grc' dir='ltr'>λαῷ</span> <span class='ocrx_word' id='word_1_459' title='bbox 3379 2176 3494 2212; x_wconf 91' lang='grc' dir='ltr'>σου.</span> <span class='ocrx_word' id='word_1_460' title='bbox 3533 2158 3655 2210; x_wconf 80' lang='grc' dir='ltr'>Ὀτι</span> 
     </span>
    </p>
   </div>
   <div class='ocr_carea' id='block_1_65' title="bbox 2084 2247 3654 2327">
    <p class='ocr_par' dir='ltr' id='par_1_65' title="bbox 2084 2247 3654 2327">
     <span class='ocr_line' id='line_1_65' title="bbox 2084 2247 3654 2327; baseline -0.006 -19"><span class='ocrx_word' id='word_1_461' title='bbox 2084 2256 2382 2327; x_wconf 82' lang='grc' dir='ltr'>ηὑλόγηται</span> <span class='ocrx_word' id='word_1_462' title='bbox 2422 2258 2516 2310; x_wconf 74' lang='grc' dir='ltr'>καὶ</span> <span class='ocrx_word' id='word_1_463' title='bbox 2558 2255 2872 2320; x_wconf 86' lang='grc' dir='ltr'>δεδόξασται</span> <span class='ocrx_word' id='word_1_464' title='bbox 2900 2255 2962 2308; x_wconf 86' lang='grc' dir='ltr'><strong>τὸ</strong></span> <span class='ocrx_word' id='word_1_465' title='bbox 2995 2251 3262 2323; x_wconf 84' lang='grc' dir='ltr'>πάντιμον</span> <span class='ocrx_word' id='word_1_466' title='bbox 3288 2249 3380 2303; x_wconf 76' lang='grc' dir='ltr'>καὶ</span> <span class='ocrx_word' id='word_1_467' title='bbox 3424 2247 3654 2319; x_wconf 83' lang='grc' dir='ltr'>μεγαλο-</span> 
     </span>
    </p>
   </div>
   <div class='ocr_carea' id='block_1_66' title="bbox 2085 2338 3654 2420">
    <p class='ocr_par' dir='ltr' id='par_1_66' title="bbox 2085 2338 3654 2420">
     <span class='ocr_line' id='line_1_66' title="bbox 2085 2338 3654 2420; baseline -0.006 -19"><span class='ocrx_word' id='word_1_468' title='bbox 2085 2350 2294 2420; x_wconf 82' lang='grc' dir='ltr'>πρεπὲς</span> <span class='ocrx_word' id='word_1_469' title='bbox 2347 2348 2518 2420; x_wconf 85' lang='grc' dir='ltr'>δνομά</span> <span class='ocrx_word' id='word_1_470' title='bbox 2552 2365 2666 2413; x_wconf 89' lang='grc' dir='ltr'>σου,</span> <span class='ocrx_word' id='word_1_471' title='bbox 2707 2347 2801 2401; x_wconf 79' lang='grc' dir='ltr'>τοῦ</span> <span class='ocrx_word' id='word_1_472' title='bbox 2850 2346 3198 2417; x_wconf 72' lang='grc' dir='ltr'>Πατρὸς,καὶ</span> <span class='ocrx_word' id='word_1_473' title='bbox 3227 2342 3320 2396; x_wconf 77' lang='grc' dir='ltr'><strong>τοῦ</strong></span> <span class='ocrx_word' id='word_1_474' title='bbox 3346 2341 3499 2404; x_wconf 82' lang='grc' dir='ltr'>Υἰοῦ,</span> <span class='ocrx_word' id='word_1_475' title='bbox 3557 2338 3654 2393; x_wconf 77' lang='grc' dir='ltr'>καὶ</span> 
     </span>
    </p>
   </div>
   <div class='ocr_carea' id='block_1_67' title="bbox 2082 2428 3654 2509">
    <p class='ocr_par' dir='ltr' id='par_1_67' title="bbox 2082 2428 3654 2509">
     <span class='ocr_line' id='line_1_67' title="bbox 2082 2428 3654 2509; baseline -0.008 -17"><span class='ocrx_word' id='word_1_476' title='bbox 2082 2438 2174 2493; x_wconf 80' lang='grc' dir='ltr'>τοῦ</span> <span class='ocrx_word' id='word_1_477' title='bbox 2197 2440 2352 2508; x_wconf 81' lang='grc' dir='ltr'>ἁγίου</span> <span class='ocrx_word' id='word_1_478' title='bbox 2382 2439 2717 2509; x_wconf 79' lang='grc' dir='ltr'>Πνεύματος,</span> <span class='ocrx_word' id='word_1_479' title='bbox 2746 2437 2840 2490; x_wconf 77' lang='grc' dir='ltr'>νῦν</span> <span class='ocrx_word' id='word_1_480' title='bbox 2874 2435 2969 2490; x_wconf 68' lang='grc' dir='ltr'><strong>καὶ</strong></span> <span class='ocrx_word' id='word_1_481' title='bbox 2995 2435 3103 2501; x_wconf 73' lang='grc' dir='ltr'>ἀεὶ,</span> <span class='ocrx_word' id='word_1_482' title='bbox 3135 2434 3228 2488; x_wconf 73' lang='grc' dir='ltr'><strong>καὶ</strong></span> <span class='ocrx_word' id='word_1_483' title='bbox 3260 2434 3338 2497; x_wconf 90' lang='grc' dir='ltr'><strong>εἰς</strong></span> <span class='ocrx_word' id='word_1_484' title='bbox 3366 2431 3492 2493; x_wconf 78' lang='grc' dir='ltr'>τοὺς</span> <span class='ocrx_word' id='word_1_485' title='bbox 3523 2428 3654 2483; x_wconf 82' lang='grc' dir='ltr'>αἰῶ-</span> 
     </span>
    </p>
   </div>
   <div class='ocr_carea' id='block_1_68' title="bbox 2082 2524 2806 2601">
    <p class='ocr_par' dir='ltr' id='par_1_68' title="bbox 2082 2524 2806 2601">
     <span class='ocr_line' id='line_1_68' title="bbox 2082 2524 2806 2601; baseline -0.003 -17"><span class='ocrx_word' id='word_1_486' title='bbox 2082 2548 2178 2594; x_wconf 88' lang='grc' dir='ltr'><strong>νας</strong></span> <span class='ocrx_word' id='word_1_487' title='bbox 2200 2530 2308 2583; x_wconf 82' lang='grc' dir='ltr'><strong>τῶν</strong></span> <span class='ocrx_word' id='word_1_488' title='bbox 2338 2529 2570 2584; x_wconf 83' lang='grc' dir='ltr'>αἰώνων.</span> <span class='ocrx_word' id='word_1_489' title='bbox 2614 2524 2806 2601; x_wconf 75' lang='grc' dir='ltr'>Ἀμήν.</span> 
     </span>
    </p>
   </div>
   <div class='ocr_carea' id='block_1_69' title="bbox 2741 2620 3029 2674">
    <p class='ocr_par' dir='ltr' id='par_1_69' title="bbox 2741 2620 3029 2674">
     <span class='ocr_line' id='line_1_69' title="bbox 2741 2620 3029 2674; baseline -0.003 -1"><span class='ocrx_word' id='word_1_490' title='bbox 2741 2620 2930 2674; x_wconf 82' lang='grc' dir='ltr'><strong>ΕΥΧΗ</strong></span> <span class='ocrx_word' id='word_1_491' title='bbox 2952 2620 3029 2673; x_wconf 70' lang='grc' dir='ltr'>Γ.</span> 
     </span>
    </p>
   </div>
   <div class='ocr_carea' id='block_1_70' title="bbox 2165 2704 3654 2786">
    <p class='ocr_par' dir='ltr' id='par_1_70' title="bbox 2165 2704 3654 2786">
     <span class='ocr_line' id='line_1_70' title="bbox 2165 2704 3654 2786; baseline -0.007 -19"><span class='ocrx_word' id='word_1_492' title='bbox 2165 2714 2258 2767; x_wconf 89' lang='grc' dir='ltr'><strong>Ἐκ</strong></span> <span class='ocrx_word' id='word_1_493' title='bbox 2302 2714 2494 2777; x_wconf 86' lang='grc' dir='ltr'>νυκτὸς</span> <span class='ocrx_word' id='word_1_494' title='bbox 2541 2712 2783 2786; x_wconf 80' lang='grc' dir='ltr'>όρθρίζει</span> <span class='ocrx_word' id='word_1_495' title='bbox 2823 2712 2883 2765; x_wconf 86' lang='grc' dir='ltr'><strong>τὸ</strong></span> <span class='ocrx_word' id='word_1_496' title='bbox 2910 2710 3125 2781; x_wconf 78' lang='grc' dir='ltr'>πνεῦμα</span> <span class='ocrx_word' id='word_1_497' title='bbox 3154 2706 3311 2781; x_wconf 86' lang='grc' dir='ltr'>ήμῶν</span> <span class='ocrx_word' id='word_1_498' title='bbox 3343 2705 3482 2778; x_wconf 87' lang='grc' dir='ltr'>πρὸς</span> <span class='ocrx_word' id='word_1_499' title='bbox 3516 2704 3594 2767; x_wconf 84' lang='grc' dir='ltr'><strong>σὲ,</strong></span> <span class='ocrx_word' id='word_1_500' title='bbox 3620 2704 3654 2756; x_wconf 83' lang='grc' dir='ltr'><strong>δ</strong></span> 
     </span>
    </p>
   </div>
   <div class='ocr_carea' id='block_1_71' title="bbox 2080 2798 3648 2876">
    <p class='ocr_par' dir='ltr' id='par_1_71' title="bbox 2080 2798 3648 2876">
     <span class='ocr_line' id='line_1_71' title="bbox 2080 2798 3648 2876; baseline -0.004 -20"><span class='ocrx_word' id='word_1_501' title='bbox 2080 2804 2230 2868; x_wconf 86' lang='grc' dir='ltr'>Θεὸς,</span> <span class='ocrx_word' id='word_1_502' title='bbox 2252 2804 2386 2857; x_wconf 84' lang='grc' dir='ltr'>διότι</span> <span class='ocrx_word' id='word_1_503' title='bbox 2415 2804 2530 2874; x_wconf 83' lang='grc' dir='ltr'>φῶς</span> <span class='ocrx_word' id='word_1_504' title='bbox 2570 2803 2638 2857; x_wconf 85' lang='grc' dir='ltr'><strong>τὰ</strong></span> <span class='ocrx_word' id='word_1_505' title='bbox 2665 2802 3062 2876; x_wconf 86' lang='grc' dir='ltr'>προστάγματὰ</span> <span class='ocrx_word' id='word_1_506' title='bbox 3086 2818 3200 2854; x_wconf 89' lang='grc' dir='ltr'>σου.</span> <span class='ocrx_word' id='word_1_507' title='bbox 3234 2799 3452 2865; x_wconf 77' lang='grc' dir='ltr'>Δίδαξον</span> <span class='ocrx_word' id='word_1_508' title='bbox 3480 2798 3648 2868; x_wconf 77' lang='grc' dir='ltr'>ἡμᾶς,</span> 
     </span>
    </p>
   </div>
   <div class='ocr_carea' id='block_1_72' title="bbox 2079 2890 3649 2967">
    <p class='ocr_par' dir='ltr' id='par_1_72' title="bbox 2079 2890 3649 2967">
     <span class='ocr_line' id='line_1_72' title="bbox 2079 2890 3649 2967; baseline -0.005 -19"><span class='ocrx_word' id='word_1_509' title='bbox 2079 2897 2108 2948; x_wconf 87' lang='grc' dir='ltr'>ὁ</span> <span class='ocrx_word' id='word_1_510' title='bbox 2140 2895 2292 2960; x_wconf 89' lang='grc' dir='ltr'>Θεὸς,</span> <span class='ocrx_word' id='word_1_511' title='bbox 2320 2896 2418 2967; x_wconf 83' lang='grc' dir='ltr'>τὴν</span> <span class='ocrx_word' id='word_1_512' title='bbox 2447 2897 2790 2966; x_wconf 84' lang='grc' dir='ltr'>δικαιοσύνην</span> <span class='ocrx_word' id='word_1_513' title='bbox 2828 2913 2945 2960; x_wconf 87' lang='grc' dir='ltr'>σου,</span> <span class='ocrx_word' id='word_1_514' title='bbox 2977 2895 3070 2948; x_wconf 77' lang='grc' dir='ltr'>καὶ</span> <span class='ocrx_word' id='word_1_515' title='bbox 3120 2892 3216 2955; x_wconf 86' lang='grc' dir='ltr'><strong>τὰς</strong></span> <span class='ocrx_word' id='word_1_516' title='bbox 3267 2890 3485 2953; x_wconf 79' lang='grc' dir='ltr'>ἐντολάς</span> <span class='ocrx_word' id='word_1_517' title='bbox 3534 2906 3649 2951; x_wconf 84' lang='grc' dir='ltr'>σου,</span> 
     </span>
    </p>
   </div>
   <div class='ocr_carea' id='block_1_73' title="bbox 2080 2980 3651 3059">
    <p class='ocr_par' dir='ltr' id='par_1_73' title="bbox 2080 2980 3651 3059">
     <span class='ocr_line' id='line_1_73' title="bbox 2080 2980 3651 3059; baseline -0.006 -18"><span class='ocrx_word' id='word_1_518' title='bbox 2080 2988 2175 3041; x_wconf 65' lang='grc' dir='ltr'><strong>καὶ⁸</strong></span> <span class='ocrx_word' id='word_1_519' title='bbox 2206 2986 2277 3040; x_wconf 84' lang='grc' dir='ltr'>τὰ</span> <span class='ocrx_word' id='word_1_520' title='bbox 2313 2988 2656 3059; x_wconf 82' lang='grc' dir='ltr'>δικαιώματά</span> <span class='ocrx_word' id='word_1_521' title='bbox 2677 3005 2789 3040; x_wconf 89' lang='grc' dir='ltr'>σου.</span> <span class='ocrx_word' id='word_1_522' title='bbox 2820 2987 3056 3039; x_wconf 79' lang='grc' dir='ltr'>Φώτισον</span> <span class='ocrx_word' id='word_1_523' title='bbox 3075 2987 3201 3047; x_wconf 81' lang='grc' dir='ltr'>τοὺς</span> <span class='ocrx_word' id='word_1_524' title='bbox 3215 2982 3522 3052; x_wconf 74' lang='grc' dir='ltr'>ὀφθαλμοὺς</span> <span class='ocrx_word' id='word_1_525' title='bbox 3544 2980 3651 3033; x_wconf 87' lang='grc' dir='ltr'><strong>τῶν</strong></span> 
     </span>
    </p>
   </div>
   <div class='ocr_carea' id='block_1_74' title="bbox 2078 3072 3653 3149">
    <p class='ocr_par' dir='ltr' id='par_1_74' title="bbox 2078 3072 3653 3149">
     <span class='ocr_line' id='line_1_74' title="bbox 2078 3072 3653 3149; baseline -0.005 -18"><span class='ocrx_word' id='word_1_526' title='bbox 2078 3077 2327 3131; x_wconf 82' lang='grc' dir='ltr'>διανοιῶν</span> <span class='ocrx_word' id='word_1_527' title='bbox 2353 3077 2528 3149; x_wconf 80' lang='grc' dir='ltr'>ἡμῶν,</span> <span class='ocrx_word' id='word_1_528' title='bbox 2569 3079 2777 3149; x_wconf 87' lang='grc' dir='ltr'>μήποτε</span> <span class='ocrx_word' id='word_1_529' title='bbox 2804 3077 3137 3147; x_wconf 83' lang='grc' dir='ltr'>ὑπνὼσωμεν</span> <span class='ocrx_word' id='word_1_530' title='bbox 3166 3077 3223 3126; x_wconf 83' lang='grc' dir='ltr'>ὲν</span> <span class='ocrx_word' id='word_1_531' title='bbox 3253 3072 3543 3145; x_wconf 83' lang='grc' dir='ltr'>ἁμαρτίαις</span> <span class='ocrx_word' id='word_1_532' title='bbox 3570 3073 3653 3135; x_wconf 86' lang='grc' dir='ltr'><strong>εἰς</strong></span> 
     </span>
    </p>
   </div>
   <div class='ocr_carea' id='block_1_75' title="bbox 2080 3161 3753 3236">
    <p class='ocr_par' dir='ltr' id='par_1_75' title="bbox 2080 3161 3753 3236">
     <span class='ocr_line' id='line_1_75' title="bbox 2080 3161 3753 3236; baseline -0.004 -15"><span class='ocrx_word' id='word_1_533' title='bbox 2080 3166 2326 3221; x_wconf 86' lang='grc' dir='ltr'>θάνατον.</span> <span class='ocrx_word' id='word_1_534' title='bbox 2372 3167 2665 3222; x_wconf 87' lang='grc' dir='ltr'>Ἀπέλασον</span> <span class='ocrx_word' id='word_1_535' title='bbox 2710 3168 2885 3221; x_wconf 86' lang='grc' dir='ltr'>πάντα</span> <span class='ocrx_word' id='word_1_536' title='bbox 2932 3168 3092 3236; x_wconf 81' lang='grc' dir='ltr'>ζόφον</span> <span class='ocrx_word' id='word_1_537' title='bbox 3138 3165 3244 3219; x_wconf 86' lang='grc' dir='ltr'><strong>ἀπὸ</strong></span> <span class='ocrx_word' id='word_1_538' title='bbox 3277 3163 3385 3216; x_wconf 87' lang='grc' dir='ltr'><strong>τῶν</strong></span> <span class='ocrx_word' id='word_1_539' title='bbox 3410 3161 3650 3234; x_wconf 79' lang='grc' dir='ltr'>καρδιῶν</span> <span class='ocrx_word' id='word_1_540' title='bbox 3748 3162 3753 3165; x_wconf 39' lang='grc'><strong>⁴</strong></span> 
     </span>
    </p>
   </div>
   <div class='ocr_carea' id='block_1_76' title="bbox 2081 3250 3651 3330">
    <p class='ocr_par' dir='ltr' id='par_1_76' title="bbox 2081 3250 3651 3330">
     <span class='ocr_line' id='line_1_76' title="bbox 2081 3250 3651 3330; baseline -0.006 -18"><span class='ocrx_word' id='word_1_541' title='bbox 2081 3258 2258 3330; x_wconf 81' lang='grc' dir='ltr'>ἡμῶν.</span> <span class='ocrx_word' id='word_1_542' title='bbox 2294 3259 2530 3330; x_wconf 85' lang='grc' dir='ltr'>Χάρισαι</span> <span class='ocrx_word' id='word_1_543' title='bbox 2579 3260 2713 3329; x_wconf 81' lang='grc' dir='ltr'>ἡμῖν</span> <span class='ocrx_word' id='word_1_544' title='bbox 2746 3259 2837 3311; x_wconf 89' lang='grc' dir='ltr'><strong>τὸν</strong></span> <span class='ocrx_word' id='word_1_545' title='bbox 2870 3257 2967 3328; x_wconf 81' lang='grc' dir='ltr'>τῆς</span> <span class='ocrx_word' id='word_1_546' title='bbox 2993 3254 3336 3324; x_wconf 79' lang='grc' dir='ltr'>δικαιοσύνης</span> <span class='ocrx_word' id='word_1_547' title='bbox 3357 3252 3525 3323; x_wconf 73' lang='grc' dir='ltr'>ἥλιον,</span> <span class='ocrx_word' id='word_1_548' title='bbox 3556 3250 3651 3305; x_wconf 76' lang='grc' dir='ltr'>καὶ</span> 
     </span>
    </p>
   </div>
   <div class='ocr_carea' id='block_1_77' title="bbox 2085 3343 3651 3419">
    <p class='ocr_par' dir='ltr' id='par_1_77' title="bbox 2085 3343 3651 3419">
     <span class='ocr_line' id='line_1_77' title="bbox 2085 3343 3651 3419; baseline -0.005 -18"><span class='ocrx_word' id='word_1_549' title='bbox 2085 3350 2490 3419; x_wconf 83' lang='grc' dir='ltr'>ἀνεπηρέαστον</span> <span class='ocrx_word' id='word_1_550' title='bbox 2518 3348 2617 3418; x_wconf 78' lang='grc' dir='ltr'><strong>τὴν</strong></span> <span class='ocrx_word' id='word_1_551' title='bbox 2633 3348 2776 3419; x_wconf 80' lang='grc' dir='ltr'>ζωὴν</span> <span class='ocrx_word' id='word_1_552' title='bbox 2797 3346 2953 3418; x_wconf 85' lang='grc' dir='ltr'>ήμῶν</span> <span class='ocrx_word' id='word_1_553' title='bbox 2967 3347 3092 3415; x_wconf 82' lang='grc' dir='ltr'>διαφ</span> <span class='ocrx_word' id='word_1_554' title='bbox 3101 3343 3290 3408; x_wconf 79' lang='grc' dir='ltr'>ύλαξον</span> <span class='ocrx_word' id='word_1_555' title='bbox 3307 3345 3364 3395; x_wconf 84' lang='grc' dir='ltr'>ὲν</span> <span class='ocrx_word' id='word_1_556' title='bbox 3390 3345 3454 3413; x_wconf 84' lang='grc' dir='ltr'>τῇ</span> <span class='ocrx_word' id='word_1_557' title='bbox 3479 3359 3651 3412; x_wconf 82' lang='grc' dir='ltr'>σφρα-</span> 
     </span>
    </p>
   </div>
   <div class='ocr_carea' id='block_1_78' title="bbox 2078 3434 3649 3510">
    <p class='ocr_par' dir='ltr' id='par_1_78' title="bbox 2078 3434 3649 3510">
     <span class='ocr_line' id='line_1_78' title="bbox 2078 3434 3649 3510; baseline -0.004 -17"><span class='ocrx_word' id='word_1_558' title='bbox 2078 3441 2186 3508; x_wconf 88' lang='grc' dir='ltr'>γῖδι</span> <span class='ocrx_word' id='word_1_559' title='bbox 2217 3439 2311 3493; x_wconf 75' lang='grc' dir='ltr'>τοῦ</span> <span class='ocrx_word' id='word_1_560' title='bbox 2351 3441 2506 3509; x_wconf 81' lang='grc' dir='ltr'>ἁγίου</span> <span class='ocrx_word' id='word_1_561' title='bbox 2540 3458 2632 3494; x_wconf 89' lang='grc' dir='ltr'><strong>σου</strong></span> <span class='ocrx_word' id='word_1_562' title='bbox 2677 3439 3013 3510; x_wconf 82' lang='grc' dir='ltr'>Πνεύματος.</span> <span class='ocrx_word' id='word_1_563' title='bbox 3047 3437 3389 3492; x_wconf 81' lang='grc' dir='ltr'>Κατεύθυνον</span> <span class='ocrx_word' id='word_1_564' title='bbox 3430 3434 3496 3488; x_wconf 83' lang='grc' dir='ltr'><strong>τὰ</strong></span> <span class='ocrx_word' id='word_1_565' title='bbox 3532 3435 3649 3487; x_wconf 82' lang='grc' dir='ltr'>δια-</span> 
     </span>
    </p>
   </div>
   <div class='ocr_carea' id='block_1_79' title="bbox 2080 3524 3649 3603">
    <p class='ocr_par' dir='ltr' id='par_1_79' title="bbox 2080 3524 3649 3603">
     <span class='ocr_line' id='line_1_79' title="bbox 2080 3524 3649 3603; baseline -0.003 -21"><span class='ocrx_word' id='word_1_566' title='bbox 2080 3530 2302 3601; x_wconf 80' lang='grc' dir='ltr'>ϐήματα</span> <span class='ocrx_word' id='word_1_567' title='bbox 2332 3531 2490 3603; x_wconf 82' lang='grc' dir='ltr'>ὴμῶν</span> <span class='ocrx_word' id='word_1_568' title='bbox 2529 3533 2609 3594; x_wconf 88' lang='grc' dir='ltr'><strong>εἰς</strong></span> <span class='ocrx_word' id='word_1_569' title='bbox 2657 3531 2773 3584; x_wconf 86' lang='grc' dir='ltr'>ὁδὸν</span> <span class='ocrx_word' id='word_1_570' title='bbox 2804 3532 3047 3601; x_wconf 79' lang='grc' dir='ltr'>εἰρήνης.</span> <span class='ocrx_word' id='word_1_571' title='bbox 3100 3529 3200 3593; x_wconf 91' lang='grc' dir='ltr'>Δὸς</span> <span class='ocrx_word' id='word_1_572' title='bbox 3231 3531 3361 3600; x_wconf 82' lang='grc' dir='ltr'>ἡμῖν</span> <span class='ocrx_word' id='word_1_573' title='bbox 3405 3527 3531 3580; x_wconf 79' lang='grc' dir='ltr'>ἰδεῖν</span> <span class='ocrx_word' id='word_1_574' title='bbox 3558 3524 3649 3579; x_wconf 85' lang='grc' dir='ltr'><strong>τὸν</strong></span> 
     </span>
    </p>
   </div>
   <div class='ocr_carea' id='block_1_80' title="bbox 2078 3616 3650 3695">
    <p class='ocr_par' dir='ltr' id='par_1_80' title="bbox 2078 3616 3650 3695">
     <span class='ocr_line' id='line_1_80' title="bbox 2078 3616 3650 3695; baseline -0.004 -22"><span class='ocrx_word' id='word_1_575' title='bbox 2078 3621 2272 3695; x_wconf 71' lang='grc' dir='ltr'>ὄρθρον</span> <span class='ocrx_word' id='word_1_576' title='bbox 2317 3623 2409 3675; x_wconf 78' lang='grc' dir='ltr'>καὶ</span> <span class='ocrx_word' id='word_1_577' title='bbox 2454 3623 2553 3693; x_wconf 84' lang='grc' dir='ltr'><strong>τὴν</strong></span> <span class='ocrx_word' id='word_1_578' title='bbox 2578 3622 2811 3693; x_wconf 81' lang='grc' dir='ltr'>ἡμέραν</span> <span class='ocrx_word' id='word_1_579' title='bbox 2843 3623 2900 3674; x_wconf 81' lang='grc' dir='ltr'>ὲν</span> <span class='ocrx_word' id='word_1_580' title='bbox 2950 3620 3283 3689; x_wconf 81' lang='grc' dir='ltr'>ἀγαλλιάσει,</span> <span class='ocrx_word' id='word_1_581' title='bbox 3314 3619 3399 3671; x_wconf 82' lang='grc' dir='ltr'>ἴνα</span> <span class='ocrx_word' id='word_1_582' title='bbox 3436 3634 3515 3669; x_wconf 88' lang='grc' dir='ltr'><strong>σοι</strong></span> <span class='ocrx_word' id='word_1_583' title='bbox 3552 3616 3650 3675; x_wconf 87' lang='grc' dir='ltr'>τὰς</span> 
     </span>
    </p>
   </div>
   <div class='ocr_carea' id='block_1_81' title="bbox 2080 3709 3649 3786">
    <p class='ocr_par' dir='ltr' id='par_1_81' title="bbox 2080 3709 3649 3786">
     <span class='ocr_line' id='line_1_81' title="bbox 2080 3709 3649 3786; baseline -0.004 -20"><span class='ocrx_word' id='word_1_584' title='bbox 2080 3712 2308 3777; x_wconf 77' lang='grc' dir='ltr'>ἑωθινὰς</span> <span class='ocrx_word' id='word_1_585' title='bbox 2333 3715 2746 3786; x_wconf 86' lang='grc' dir='ltr'>ἀναπέμπωμεν</span> <span class='ocrx_word' id='word_1_586' title='bbox 2762 3715 2944 3784; x_wconf 78' lang='grc' dir='ltr'>εὐχάς.</span> <span class='ocrx_word' id='word_1_587' title='bbox 2973 3714 3097 3767; x_wconf 83' lang='grc' dir='ltr'>’Ότι</span> <span class='ocrx_word' id='word_1_588' title='bbox 3121 3713 3211 3766; x_wconf 87' lang='grc' dir='ltr'><strong>σὸν</strong></span> <span class='ocrx_word' id='word_1_589' title='bbox 3239 3712 3300 3766; x_wconf 87' lang='grc' dir='ltr'><strong>τὸ</strong></span> <span class='ocrx_word' id='word_1_590' title='bbox 3320 3711 3536 3784; x_wconf 85' lang='grc' dir='ltr'>κράτος,</span> <span class='ocrx_word' id='word_1_591' title='bbox 3556 3709 3649 3762; x_wconf 84' lang='grc' dir='ltr'><strong>καὶ</strong></span> 
     </span>
    </p>
   </div>
   <div class='ocr_carea' id='block_1_82' title="bbox 2081 3798 3645 3876">
    <p class='ocr_par' dir='ltr' id='par_1_82' title="bbox 2081 3798 3645 3876">
     <span class='ocr_line' id='line_1_82' title="bbox 2081 3798 3645 3876; baseline -0.003 -20"><span class='ocrx_word' id='word_1_592' title='bbox 2081 3804 2175 3856; x_wconf 84' lang='grc' dir='ltr'>σοῦ</span> <span class='ocrx_word' id='word_1_593' title='bbox 2216 3807 2362 3858; x_wconf 78' lang='grc' dir='ltr'>ἐστιν</span> <span class='ocrx_word' id='word_1_594' title='bbox 2401 3807 2434 3876; x_wconf 82' lang='grc' dir='ltr'>ἡ</span> <span class='ocrx_word' id='word_1_595' title='bbox 2468 3805 2736 3876; x_wconf 81' lang='grc' dir='ltr'>βασιλεία,</span> <span class='ocrx_word' id='word_1_596' title='bbox 2763 3807 2855 3858; x_wconf 73' lang='grc' dir='ltr'><strong>καὶ</strong></span> <span class='ocrx_word' id='word_1_597' title='bbox 2885 3805 3111 3876; x_wconf 82' lang='grc' dir='ltr'>δύναμις</span> <span class='ocrx_word' id='word_1_598' title='bbox 3146 3806 3241 3857; x_wconf 78' lang='grc' dir='ltr'><strong>καὶ</strong></span> <span class='ocrx_word' id='word_1_599' title='bbox 3284 3806 3318 3874; x_wconf 84' lang='grc' dir='ltr'>ἡ</span> <span class='ocrx_word' id='word_1_600' title='bbox 3351 3802 3499 3866; x_wconf 78' lang='grc' dir='ltr'>δόξα,</span> <span class='ocrx_word' id='word_1_601' title='bbox 3552 3798 3645 3852; x_wconf 74' lang='grc' dir='ltr'>τοῦ</span> 
     </span>
    </p>
   </div>
   <div class='ocr_carea' id='block_1_83' title="bbox 2078 3889 3648 3969">
    <p class='ocr_par' dir='ltr' id='par_1_83' title="bbox 2078 3889 3648 3969">
     <span class='ocr_line' id='line_1_83' title="bbox 2078 3889 3648 3969; baseline -0.007 -18"><span class='ocrx_word' id='word_1_602' title='bbox 2078 3898 2312 3969; x_wconf 86' lang='grc' dir='ltr'>Πατρὸς,</span> <span class='ocrx_word' id='word_1_603' title='bbox 2348 3899 2441 3952; x_wconf 72' lang='grc' dir='ltr'><strong>καὶ</strong></span> <span class='ocrx_word' id='word_1_604' title='bbox 2468 3898 2559 3951; x_wconf 80' lang='grc' dir='ltr'>τοῦ</span> <span class='ocrx_word' id='word_1_605' title='bbox 2586 3897 2738 3959; x_wconf 79' lang='grc' dir='ltr'>Υίοῦ,</span> <span class='ocrx_word' id='word_1_606' title='bbox 2764 3898 2855 3950; x_wconf 81' lang='grc' dir='ltr'><strong>καὶ</strong></span> <span class='ocrx_word' id='word_1_607' title='bbox 2887 3897 2977 3948; x_wconf 79' lang='grc' dir='ltr'>τοῦ</span> <span class='ocrx_word' id='word_1_608' title='bbox 2998 3896 3151 3965; x_wconf 89' lang='grc' dir='ltr'>ἁγίου</span> <span class='ocrx_word' id='word_1_609' title='bbox 3187 3893 3523 3963; x_wconf 79' lang='grc' dir='ltr'>Πνεύματος.</span> <span class='ocrx_word' id='word_1_610' title='bbox 3554 3889 3648 3942; x_wconf 71' lang='grc' dir='ltr'><strong>νῦν</strong></span> 
     </span>
    </p>
   </div>
   <div class='ocr_carea' id='block_1_84' title="bbox 2077 3983 3511 4053">
    <p class='ocr_par' dir='ltr' id='par_1_84' title="bbox 2077 3983 3511 4053">
     <span class='ocr_line' id='line_1_84' title="bbox 2077 3983 3511 4053; baseline -0.007 -11"><span class='ocrx_word' id='word_1_611' title='bbox 2077 3990 2174 4042; x_wconf 70' lang='grc' dir='ltr'><strong>καὶ</strong></span> <span class='ocrx_word' id='word_1_612' title='bbox 2203 3990 2310 4053; x_wconf 75' lang='grc' dir='ltr'>ἀεὶ,</span> <span class='ocrx_word' id='word_1_613' title='bbox 2342 3990 2435 4042; x_wconf 78' lang='grc' dir='ltr'>καὶ</span> <span class='ocrx_word' id='word_1_614' title='bbox 2458 3990 2537 4052; x_wconf 87' lang='grc' dir='ltr'>εἰς</span> <span class='ocrx_word' id='word_1_615' title='bbox 2558 3990 2681 4051; x_wconf 78' lang='grc' dir='ltr'>τοὺς</span> <span class='ocrx_word' id='word_1_616' title='bbox 2714 3987 2914 4049; x_wconf 73' lang='grc' dir='ltr'>αἰῶνας</span> <span class='ocrx_word' id='word_1_617' title='bbox 2938 3987 3044 4039; x_wconf 85' lang='grc' dir='ltr'><strong>τῶν</strong></span> <span class='ocrx_word' id='word_1_618' title='bbox 3076 3984 3304 4038; x_wconf 85' lang='grc' dir='ltr'>αἰώνων.</span> <span class='ocrx_word' id='word_1_619' title='bbox 3322 3983 3511 4053; x_wconf 77' lang='grc' dir='ltr'>Ἀμήν.</span> 
     </span>
    </p>
   </div>
   <div class='ocr_carea' id='block_1_85' title="bbox 2703 4079 2995 4146">
    <p class='ocr_par' dir='ltr' id='par_1_85' title="bbox 2703 4079 2995 4146">
     <span class='ocr_line' id='line_1_85' title="bbox 2703 4079 2995 4146; baseline -0.007 -15"><span class='ocrx_word' id='word_1_620' title='bbox 2703 4079 2903 4146; x_wconf 62' lang='grc' dir='ltr'>,ΕΥΧΗ</span> <span class='ocrx_word' id='word_1_621' title='bbox 2944 4080 2995 4129; x_wconf 75' lang='grc' dir='ltr'><strong>Αν</strong></span> 
     </span>
    </p>
   </div>
   <div class='ocr_carea' id='block_1_86' title="bbox 2147 4162 3649 4237">
    <p class='ocr_par' dir='ltr' id='par_1_86' title="bbox 2147 4162 3649 4237">
     <span class='ocr_line' id='line_1_86' title="bbox 2147 4162 3649 4237; baseline -0.009 -11"><span class='ocrx_word' id='word_1_622' title='bbox 2147 4172 2396 4226; x_wconf 83' lang='grc' dir='ltr'>Δέσποτα</span> <span class='ocrx_word' id='word_1_623' title='bbox 2422 4174 2449 4225; x_wconf 90' lang='grc' dir='ltr'><strong>ὀ</strong></span> <span class='ocrx_word' id='word_1_624' title='bbox 2480 4173 2633 4236; x_wconf 88' lang='grc' dir='ltr'>Θεὸς,</span> <span class='ocrx_word' id='word_1_625' title='bbox 2667 4188 2696 4223; x_wconf 92' lang='grc' dir='ltr'><strong>ο</strong></span> <span class='ocrx_word' id='word_1_626' title='bbox 2721 4170 2874 4237; x_wconf 75' lang='grc' dir='ltr'>ἅγιος</span> <span class='ocrx_word' id='word_1_627' title='bbox 2929 4168 3023 4222; x_wconf 80' lang='grc' dir='ltr'><strong>καὶ</strong></span> <span class='ocrx_word' id='word_1_628' title='bbox 3075 4166 3476 4235; x_wconf 84' lang='grc' dir='ltr'>ἀκατάληπτος,</span> <span class='ocrx_word' id='word_1_629' title='bbox 3511 4164 3538 4214; x_wconf 88' lang='grc' dir='ltr'>ὁ</span> <span class='ocrx_word' id='word_1_630' title='bbox 3575 4162 3649 4213; x_wconf 86' lang='grc' dir='ltr'>εἰ-</span> 
     </span>
    </p>
   </div>
   <div class='ocr_carea' id='block_1_87' title="bbox 2079 4252 3648 4334">
    <p class='ocr_par' dir='ltr' id='par_1_87' title="bbox 2079 4252 3648 4334">
     <span class='ocr_line' id='line_1_87' title="bbox 2079 4252 3648 4334; baseline -0.008 -17"><span class='ocrx_word' id='word_1_631' title='bbox 2079 4264 2198 4319; x_wconf 84' lang='grc' dir='ltr'>πὼν</span> <span class='ocrx_word' id='word_1_632' title='bbox 2228 4268 2291 4318; x_wconf 80' lang='grc' dir='ltr'>ὲκ</span> <span class='ocrx_word' id='word_1_633' title='bbox 2335 4265 2556 4327; x_wconf 87' lang='grc' dir='ltr'>σκότους</span> <span class='ocrx_word' id='word_1_634' title='bbox 2585 4261 2700 4334; x_wconf 86' lang='grc' dir='ltr'>φῶς</span> <span class='ocrx_word' id='word_1_635' title='bbox 2728 4261 2957 4332; x_wconf 75' lang='grc' dir='ltr'>λάμψαι,</span> <span class='ocrx_word' id='word_1_636' title='bbox 2987 4252 3362 4321; x_wconf 86' lang='grc' dir='ltr'>ὁ⁶ἁναπαύσας</span> <span class='ocrx_word' id='word_1_637' title='bbox 3396 4256 3540 4326; x_wconf 77' lang='grc' dir='ltr'>ἡμᾶς</span> <span class='ocrx_word' id='word_1_638' title='bbox 3591 4255 3648 4306; x_wconf 78' lang='grc' dir='ltr'>ἐν</span> 
     </span>
    </p>
   </div>
   <div class='ocr_carea' id='block_1_88' title="bbox 2076 4347 3648 4428">
    <p class='ocr_par' dir='ltr' id='par_1_88' title="bbox 2076 4347 3648 4428">
     <span class='ocr_line' id='line_1_88' title="bbox 2076 4347 3648 4428; baseline -0.007 -19"><span class='ocrx_word' id='word_1_639' title='bbox 2076 4357 2155 4428; x_wconf 78' lang='grc' dir='ltr'>τῷ</span> <span class='ocrx_word' id='word_1_640' title='bbox 2179 4357 2280 4427; x_wconf 76' lang='grc' dir='ltr'>τῆς</span> <span class='ocrx_word' id='word_1_641' title='bbox 2308 4356 2499 4420; x_wconf 85' lang='grc' dir='ltr'>νυκτὸς</span> <span class='ocrx_word' id='word_1_642' title='bbox 2514 4354 2687 4425; x_wconf 74' lang='grc' dir='ltr'>ὕπνῳ,</span> <span class='ocrx_word' id='word_1_643' title='bbox 2708 4354 2800 4409; x_wconf 78' lang='grc' dir='ltr'><strong>καὶ</strong></span> <span class='ocrx_word' id='word_1_644' title='bbox 2812 4353 3170 4423; x_wconf 83' lang='grc' dir='ltr'>διαναστήσας</span> <span class='ocrx_word' id='word_1_645' title='bbox 3189 4350 3325 4421; x_wconf 86' lang='grc' dir='ltr'>πρὸς</span> <span class='ocrx_word' id='word_1_646' title='bbox 3348 4347 3648 4412; x_wconf 78' lang='grc' dir='ltr'>δοξολογίαν</span> 
     </span>
    </p>
   </div>
   <div class='ocr_carea' id='block_1_89' title="bbox 409 4438 1980 4526">
    <p class='ocr_par' dir='ltr' id='par_1_89' title="bbox 409 4446 1975 4520">
     <span class='ocr_line' id='line_1_89' title="bbox 409 4446 1975 4520; baseline 0.004 -19"><span class='ocrx_word' id='word_1_647' title='bbox 409 4446 612 4502; x_wconf 88' lang='lat' dir='ltr'><strong>tionem</strong></span> <span class='ocrx_word' id='word_1_648' title='bbox 643 4447 1201 4520; x_wconf 84' lang='lat' dir='ltr'><strong>supplicationemque</strong></span> <span class='ocrx_word' id='word_1_649' title='bbox 1230 4449 1489 4504; x_wconf 86' lang='lat' dir='ltr'><strong>bonitatis</strong></span> <span class='ocrx_word' id='word_1_650' title='bbox 1548 4459 1649 4504; x_wconf 70' lang='lat' dir='ltr'><strong>tua:</strong></span> <span class='ocrx_word' id='word_1_651' title='bbox 1683 4452 1932 4508; x_wconf 90' lang='lat' dir='ltr'><strong>excitasti</strong></span> <span class='ocrx_word' id='word_1_652' title='bbox 1959 4495 1975 4520; x_wconf 91' lang='lat'><strong>,</strong></span> 
     </span>
    </p>
   </div>
   <div class='ocr_carea' id='block_1_90' title="bbox 2082 4438 3649 4526">
    <p class='ocr_par' dir='ltr' id='par_1_90' title="bbox 2083 4438 3649 4517">
     <span class='ocr_line' id='line_1_90' title="bbox 2083 4438 3649 4517; baseline -0.007 -16"><span class='ocrx_word' id='word_1_653' title='bbox 2083 4449 2177 4502; x_wconf 78' lang='grc' dir='ltr'><strong>καὶ</strong></span> <span class='ocrx_word' id='word_1_654' title='bbox 2220 4448 2431 4501; x_wconf 87' lang='grc' dir='ltr'>ἱκεσίαν</span> <span class='ocrx_word' id='word_1_655' title='bbox 2466 4447 2563 4517; x_wconf 82' lang='grc' dir='ltr'><strong>τῆς</strong></span> <span class='ocrx_word' id='word_1_656' title='bbox 2602 4446 2701 4515; x_wconf 79' lang='grc' dir='ltr'><strong>σῆς</strong></span> <span class='ocrx_word' id='word_1_657' title='bbox 2719 4444 3072 4515; x_wconf 84' lang='grc' dir='ltr'>ἀγαθότητος,</span> <span class='ocrx_word' id='word_1_658' title='bbox 3102 4441 3516 4511; x_wconf 81' lang='grc' dir='ltr'>δυσωπούμενος</span> <span class='ocrx_word' id='word_1_659' title='bbox 3545 4438 3649 4491; x_wconf 84' lang='grc' dir='ltr'><strong>ὑπὸ</strong></span> 
     </span>
    </p>
   </div>
   <div class='ocr_carea' id='block_1_91' title="bbox 408 4538 1976 4610">
    <p class='ocr_par' dir='ltr' id='par_1_91' title="bbox 408 4538 1976 4610">
     <span class='ocr_line' id='line_1_91' title="bbox 408 4538 1976 4610; baseline 0.004 -18"><span class='ocrx_word' id='word_1_660' title='bbox 408 4552 500 4593; x_wconf 80' lang='lat' dir='ltr'><strong>tua</strong></span> <span class='ocrx_word' id='word_1_661' title='bbox 555 4538 726 4608; x_wconf 89' lang='lat' dir='ltr'><strong>ipsius</strong></span> <span class='ocrx_word' id='word_1_662' title='bbox 760 4548 1037 4610; x_wconf 86' lang='lat' dir='ltr'><strong>permotus</strong></span> <span class='ocrx_word' id='word_1_663' title='bbox 1098 4540 1470 4595; x_wconf 88' lang='lat' dir='ltr'><strong>misericordia</strong></span> <span class='ocrx_word' id='word_1_664' title='bbox 1490 4579 1505 4606; x_wconf 94' lang='lat'><strong>,</strong></span> <span class='ocrx_word' id='word_1_665' title='bbox 1536 4555 1660 4607; x_wconf 91' lang='lat' dir='ltr'><strong>nos,</strong></span> <span class='ocrx_word' id='word_1_666' title='bbox 1688 4542 1976 4599; x_wconf 89' lang='lat' dir='ltr'><strong>adorantes</strong></span> 
     </span>
    </p>
   </div>
   <div class='ocr_carea' id='block_1_92' title="bbox 411 4632 1970 4702">
    <p class='ocr_par' dir='ltr' id='par_1_92' title="bbox 411 4632 1970 4702">
     <span class='ocr_line' id='line_1_92' title="bbox 411 4632 1970 4702; baseline 0.002 -17"><span class='ocrx_word' id='word_1_667' title='bbox 411 4640 487 4696; x_wconf 89' lang='lat' dir='ltr'><strong>te,</strong></span> <span class='ocrx_word' id='word_1_668' title='bbox 518 4641 574 4686; x_wconf 85' lang='lat' dir='ltr'><strong>et</strong></span> <span class='ocrx_word' id='word_1_669' title='bbox 612 4640 849 4701; x_wconf 88' lang='lat' dir='ltr'><strong>quantas</strong></span> <span class='ocrx_word' id='word_1_670' title='bbox 878 4646 1168 4701; x_wconf 88' lang='lat' dir='ltr'><strong>possumus</strong></span> <span class='ocrx_word' id='word_1_671' title='bbox 1227 4632 1323 4686; x_wconf 91' lang='lat' dir='ltr'><strong>tibi</strong></span> <span class='ocrx_word' id='word_1_672' title='bbox 1375 4634 1585 4702; x_wconf 88' lang='lat' dir='ltr'><strong>gratias</strong></span> <span class='ocrx_word' id='word_1_673' title='bbox 1647 4633 1970 4702; x_wconf 78' lang='lat' dir='ltr'><strong>referentes,</strong></span> 
     </span>
    </p>
   </div>
   <div class='ocr_carea' id='block_1_93' title="bbox 411 4723 1977 4793">
    <p class='ocr_par' dir='ltr' id='par_1_93' title="bbox 411 4723 1977 4793">
     <span class='ocr_line' id='line_1_93' title="bbox 411 4723 1977 4793; baseline 0.003 -16"><span class='ocrx_word' id='word_1_674' title='bbox 411 4724 573 4778; x_wconf 89' lang='lat' dir='ltr'><strong>etiam</strong></span> <span class='ocrx_word' id='word_1_675' title='bbox 600 4739 742 4779; x_wconf 89' lang='lat' dir='ltr'><strong>nunc</strong></span> <span class='ocrx_word' id='word_1_676' title='bbox 771 4724 1021 4793; x_wconf 85' lang='lat' dir='ltr'><strong>suscipe;</strong></span> <span class='ocrx_word' id='word_1_677' title='bbox 1069 4723 1361 4793; x_wconf 85' lang='lat' dir='ltr'><strong>omniaque</strong></span> <span class='ocrx_word' id='word_1_678' title='bbox 1405 4740 1526 4793; x_wconf 69' lang='lat' dir='ltr'><strong>quae</strong></span> <span class='ocrx_word' id='word_1_679' title='bbox 1555 4726 1621 4779; x_wconf 89' lang='lat' dir='ltr'><strong>ad</strong></span> <span class='ocrx_word' id='word_1_680' title='bbox 1649 4725 1874 4781; x_wconf 89' lang='lat' dir='ltr'><strong>salutem</strong></span> <span class='ocrx_word' id='word_1_681' title='bbox 1897 4726 1977 4781; x_wconf 79' lang='lat' dir='ltr'><strong>fa-</strong></span> 
     </span>
    </p>
   </div>
   <div class='ocr_carea' id='block_1_94' title="bbox 409 4813 1977 4883">
    <p class='ocr_par' dir='ltr' id='par_1_94' title="bbox 409 4813 1977 4883">
     <span class='ocr_line' id='line_1_94' title="bbox 409 4813 1977 4883; baseline 0.002 -16"><span class='ocrx_word' id='word_1_682' title='bbox 409 4814 580 4879; x_wconf 91' lang='lat' dir='ltr'><strong>ciunt,</strong></span> <span class='ocrx_word' id='word_1_683' title='bbox 606 4814 876 4883; x_wconf 79' lang='lat' dir='ltr'><strong>postulata</strong></span> <span class='ocrx_word' id='word_1_684' title='bbox 921 4815 1180 4871; x_wconf 84' lang='lat' dir='ltr'><strong>concede.</strong></span> <span class='ocrx_word' id='word_1_685' title='bbox 1216 4813 1384 4870; x_wconf 90' lang='lat' dir='ltr'><strong>Filios</strong></span> <span class='ocrx_word' id='word_1_686' title='bbox 1436 4816 1570 4871; x_wconf 88' lang='lat' dir='ltr'><strong>lucis</strong></span> <span class='ocrx_word' id='word_1_687' title='bbox 1616 4826 1669 4871; x_wconf 89' lang='lat' dir='ltr'><strong>et</strong></span> <span class='ocrx_word' id='word_1_688' title='bbox 1698 4817 1830 4882; x_wconf 85' lang='lat' dir='ltr'><strong>diei,</strong></span> <span class='ocrx_word' id='word_1_689' title='bbox 1857 4826 1977 4872; x_wconf 87' lang='lat' dir='ltr'><strong>tuo-</strong></span> 
     </span>
    </p>
   </div>
   <div class='ocr_carea' id='block_1_95' title="bbox 410 4905 1979 4973">
    <p class='ocr_par' dir='ltr' id='par_1_95' title="bbox 410 4905 1979 4973">
     <span class='ocr_line' id='line_1_95' title="bbox 410 4905 1979 4973; baseline 0.001 -15"><span class='ocrx_word' id='word_1_690' title='bbox 410 4919 642 4973; x_wconf 87' lang='lat' dir='ltr'><strong>rumque</strong></span> <span class='ocrx_word' id='word_1_691' title='bbox 667 4913 991 4959; x_wconf 65' lang='lat' dir='ltr'><strong>aeternorum</strong></span> <span class='ocrx_word' id='word_1_692' title='bbox 1036 4906 1301 4961; x_wconf 90' lang='lat' dir='ltr'><strong>bonorum</strong></span> <span class='ocrx_word' id='word_1_693' title='bbox 1348 4905 1610 4969; x_wconf 71' lang='lat' dir='ltr'><strong>baeredes,</strong></span> <span class='ocrx_word' id='word_1_694' title='bbox 1646 4921 1745 4962; x_wconf 91' lang='lat' dir='ltr'><strong>nos</strong></span> <span class='ocrx_word' id='word_1_695' title='bbox 1775 4907 1979 4963; x_wconf 86' lang='lat' dir='ltr'><strong>consti-</strong></span> 
     </span>
    </p>
   </div>
   <div class='ocr_carea' id='block_1_96' title="bbox 415 4995 1975 5066">
    <p class='ocr_par' dir='ltr' id='par_1_96' title="bbox 415 4995 1975 5066">
     <span class='ocr_line' id='line_1_96' title="bbox 415 4995 1975 5066; baseline 0.002 -17"><span class='ocrx_word' id='word_1_696' title='bbox 415 5005 531 5050; x_wconf 85' lang='lat' dir='ltr'><strong>tue.</strong></span> <span class='ocrx_word' id='word_1_697' title='bbox 568 4996 623 5049; x_wconf 95' lang='lat' dir='ltr'><strong>ln</strong></span> <span class='ocrx_word' id='word_1_698' title='bbox 654 4995 999 5052; x_wconf 86' lang='lat' dir='ltr'><strong>multitudine</strong></span> <span class='ocrx_word' id='word_1_699' title='bbox 1033 4998 1441 5053; x_wconf 89' lang='lat' dir='ltr'><strong>miserationum</strong></span> <span class='ocrx_word' id='word_1_700' title='bbox 1468 5006 1703 5063; x_wconf 88' lang='lat' dir='ltr'><strong>tuarum,</strong></span> <span class='ocrx_word' id='word_1_701' title='bbox 1728 4998 1975 5066; x_wconf 83' lang='lat' dir='ltr'><strong>Domine,</strong></span> 
     </span>
    </p>
   </div>
   <div class='ocr_carea' id='block_1_97' title="bbox 418 5086 1979 5159">
    <p class='ocr_par' dir='ltr' id='par_1_97' title="bbox 418 5086 1979 5159">
     <span class='ocr_line' id='line_1_97' title="bbox 418 5086 1979 5159; baseline 0.002 -19"><span class='ocrx_word' id='word_1_702' title='bbox 418 5086 711 5142; x_wconf 89' lang='lat' dir='ltr'><strong>recordare</strong></span> <span class='ocrx_word' id='word_1_703' title='bbox 736 5088 917 5142; x_wconf 91' lang='lat' dir='ltr'><strong>cuncti</strong></span> <span class='ocrx_word' id='word_1_704' title='bbox 952 5088 1130 5158; x_wconf 87' lang='lat' dir='ltr'><strong>populi</strong></span> <span class='ocrx_word' id='word_1_705' title='bbox 1169 5088 1268 5153; x_wconf 90' lang='lat' dir='ltr'><strong>tui,</strong></span> <span class='ocrx_word' id='word_1_706' title='bbox 1292 5088 1638 5159; x_wconf 64' lang='lat' dir='ltr'><strong>praesentium</strong></span> <span class='ocrx_word' id='word_1_707' title='bbox 1665 5096 1720 5142; x_wconf 90' lang='lat' dir='ltr'><strong>et</strong></span> <span class='ocrx_word' id='word_1_708' title='bbox 1747 5102 1849 5143; x_wconf 86' lang='lat' dir='ltr'><strong>una</strong></span> <span class='ocrx_word' id='word_1_709' title='bbox 1879 5103 1979 5143; x_wconf 88' lang='lat' dir='ltr'><strong>no-</strong></span> 
     </span>
    </p>
   </div>
   <div class='ocr_carea' id='block_1_98' title="bbox 412 5178 1965 5251">
    <p class='ocr_par' dir='ltr' id='par_1_98' title="bbox 412 5178 1965 5251">
     <span class='ocr_line' id='line_1_98' title="bbox 412 5178 1965 5251; baseline 0.002 -18"><span class='ocrx_word' id='word_1_710' title='bbox 412 5178 625 5233; x_wconf 77' lang='lat' dir='ltr'><strong>hiscum</strong></span> <span class='ocrx_word' id='word_1_711' title='bbox 657 5182 1141 5247; x_wconf 90' lang='lat' dir='ltr'><strong>comprecantium,</strong></span> <span class='ocrx_word' id='word_1_712' title='bbox 1185 5181 1535 5251; x_wconf 90' lang='lat' dir='ltr'><strong>omniumque</strong></span> <span class='ocrx_word' id='word_1_713' title='bbox 1583 5180 1814 5235; x_wconf 78' lang='lat' dir='ltr'><strong>fratrum</strong></span> <span class='ocrx_word' id='word_1_714' title='bbox 1868 5197 1965 5236; x_wconf 90' lang='lat' dir='ltr'><strong>no-</strong></span> 
     </span>
    </p>
   </div>
   <div class='ocr_carea' id='block_1_99' title="bbox 414 5270 1978 5342">
    <p class='ocr_par' dir='ltr' id='par_1_99' title="bbox 414 5270 1978 5342">
     <span class='ocr_line' id='line_1_99' title="bbox 414 5270 1978 5342; baseline 0.001 -17"><span class='ocrx_word' id='word_1_715' title='bbox 414 5279 649 5326; x_wconf 87' lang='lat' dir='ltr'><strong>strorum</strong></span> <span class='ocrx_word' id='word_1_716' title='bbox 674 5311 690 5338; x_wconf 93' lang='lat'><strong>,</strong></span> <span class='ocrx_word' id='word_1_717' title='bbox 712 5270 794 5324; x_wconf 90' lang='lat' dir='ltr'><strong>vel</strong></span> <span class='ocrx_word' id='word_1_718' title='bbox 827 5281 968 5326; x_wconf 91' lang='lat' dir='ltr'><strong>terra</strong></span> <span class='ocrx_word' id='word_1_719' title='bbox 1001 5272 1083 5326; x_wconf 93' lang='lat' dir='ltr'><strong>vel</strong></span> <span class='ocrx_word' id='word_1_720' title='bbox 1111 5273 1245 5327; x_wconf 88' lang='lat' dir='ltr'><strong>mari</strong></span> <span class='ocrx_word' id='word_1_721' title='bbox 1269 5271 1351 5327; x_wconf 92' lang='lat' dir='ltr'><strong>vel</strong></span> <span class='ocrx_word' id='word_1_722' title='bbox 1379 5286 1702 5342; x_wconf 87' lang='lat' dir='ltr'><strong>quocunque</strong></span> <span class='ocrx_word' id='word_1_723' title='bbox 1724 5272 1829 5326; x_wconf 93' lang='lat' dir='ltr'><strong>alio</strong></span> <span class='ocrx_word' id='word_1_724' title='bbox 1882 5273 1978 5327; x_wconf 88' lang='lat' dir='ltr'><strong>do-</strong></span> 
     </span>
    </p>
   </div>
   <div class='ocr_carea' id='block_1_100' title="bbox 413 5362 1978 5419">
    <p class='ocr_par' dir='ltr' id='par_1_100' title="bbox 413 5362 1978 5419">
     <span class='ocr_line' id='line_1_100' title="bbox 413 5362 1978 5419; baseline 0.001 -4"><span class='ocrx_word' id='word_1_725' title='bbox 413 5362 727 5418; x_wconf 89' lang='lat' dir='ltr'><strong>minationis</strong></span> <span class='ocrx_word' id='word_1_726' title='bbox 773 5372 877 5418; x_wconf 68' lang='lat' dir='ltr'><strong>tuae</strong></span> <span class='ocrx_word' id='word_1_727' title='bbox 915 5365 1035 5418; x_wconf 90' lang='lat' dir='ltr'><strong>loco</strong></span> <span class='ocrx_word' id='word_1_728' title='bbox 1080 5373 1169 5417; x_wconf 92' lang='lat' dir='ltr'><strong>tua</strong></span> <span class='ocrx_word' id='word_1_729' title='bbox 1212 5363 1500 5419; x_wconf 88' lang='lat' dir='ltr'><strong>clementia</strong></span> <span class='ocrx_word' id='word_1_730' title='bbox 1523 5374 1578 5418; x_wconf 91' lang='lat' dir='ltr'><strong>et</strong></span> <span class='ocrx_word' id='word_1_731' title='bbox 1599 5363 1799 5418; x_wconf 82' lang='lat' dir='ltr'><strong>auxilio</strong></span> <span class='ocrx_word' id='word_1_732' title='bbox 1833 5364 1978 5417; x_wconf 90' lang='lat' dir='ltr'><strong>indi-</strong></span> 
     </span>
    </p>
   </div>
   <div class='ocr_carea' id='block_1_101' title="bbox 414 5456 1966 5526">
    <p class='ocr_par' dir='ltr' id='par_1_101' title="bbox 414 5456 1966 5526">
     <span class='ocr_line' id='line_1_101' title="bbox 414 5456 1966 5526; baseline 0 -17"><span class='ocrx_word' id='word_1_733' title='bbox 414 5456 690 5523; x_wconf 83' lang='lat' dir='ltr'><strong>gentium;</strong></span> <span class='ocrx_word' id='word_1_734' title='bbox 719 5456 1077 5526; x_wconf 89' lang='lat' dir='ltr'><strong>omnibusque</strong></span> <span class='ocrx_word' id='word_1_735' title='bbox 1106 5456 1352 5522; x_wconf 91' lang='lat' dir='ltr'><strong>impende</strong></span> <span class='ocrx_word' id='word_1_736' title='bbox 1382 5472 1628 5525; x_wconf 84' lang='lat' dir='ltr'><strong>magnam</strong></span> <span class='ocrx_word' id='word_1_737' title='bbox 1656 5456 1966 5511; x_wconf 87' lang='lat' dir='ltr'><strong>misericor-</strong></span> 
     </span>
    </p>
   </div>
   <div class='ocr_carea' id='block_1_102' title="bbox 417 5546 1977 5619">
    <p class='ocr_par' dir='ltr' id='par_1_102' title="bbox 417 5546 1977 5619">
     <span class='ocr_line' id='line_1_102' title="bbox 417 5546 1977 5619; baseline 0.002 -20"><span class='ocrx_word' id='word_1_738' title='bbox 417 5546 557 5600; x_wconf 87' lang='lat' dir='ltr'><strong>diam</strong></span> <span class='ocrx_word' id='word_1_739' title='bbox 608 5556 772 5614; x_wconf 88' lang='lat' dir='ltr'><strong>tuam,</strong></span> <span class='ocrx_word' id='word_1_740' title='bbox 817 5556 876 5602; x_wconf 92' lang='lat' dir='ltr'><strong>ut</strong></span> <span class='ocrx_word' id='word_1_741' title='bbox 931 5558 1036 5601; x_wconf 87' lang='lat' dir='ltr'><strong>tam</strong></span> <span class='ocrx_word' id='word_1_742' title='bbox 1074 5549 1249 5617; x_wconf 85' lang='lat' dir='ltr'><strong>quoad</strong></span> <span class='ocrx_word' id='word_1_743' title='bbox 1288 5549 1522 5603; x_wconf 88' lang='lat' dir='ltr'><strong>animam</strong></span> <span class='ocrx_word' id='word_1_744' title='bbox 1576 5563 1735 5619; x_wconf 90' lang='lat' dir='ltr'><strong>quam</strong></span> <span class='ocrx_word' id='word_1_745' title='bbox 1802 5548 1977 5618; x_wconf 87' lang='lat' dir='ltr'><strong>quoad</strong></span> 
     </span>
    </p>
   </div>
   <div class='ocr_carea' id='block_1_103' title="bbox 416 5639 1971 5712">
    <p class='ocr_par' dir='ltr' id='par_1_103' title="bbox 416 5639 1971 5712">
     <span class='ocr_line' id='line_1_103' title="bbox 416 5639 1971 5712; baseline 0.003 -22"><span class='ocrx_word' id='word_1_746' title='bbox 416 5650 615 5707; x_wconf 86' lang='lat' dir='ltr'><strong>corpus</strong></span> <span class='ocrx_word' id='word_1_747' title='bbox 645 5639 816 5706; x_wconf 86' lang='lat' dir='ltr'><strong>salvi,</strong></span> <span class='ocrx_word' id='word_1_748' title='bbox 846 5640 1211 5712; x_wconf 88' lang='lat' dir='ltr'><strong>gloriticemus</strong></span> <span class='ocrx_word' id='word_1_749' title='bbox 1243 5656 1365 5696; x_wconf 91' lang='lat' dir='ltr'><strong>cum</strong></span> <span class='ocrx_word' id='word_1_750' title='bbox 1402 5640 1598 5696; x_wconf 85' lang='lat' dir='ltr'><strong>ﬁducia</strong></span> <span class='ocrx_word' id='word_1_751' title='bbox 1651 5640 1971 5694; x_wconf 90' lang='lat' dir='ltr'><strong>admirabile</strong></span> 
     </span>
    </p>
   </div>
   <div class='ocr_carea' id='block_1_104' title="bbox 417 5729 1980 5809">
    <p class='ocr_par' dir='ltr' id='par_1_104' title="bbox 417 5729 1980 5809">
     <span class='ocr_line' id='line_1_104' title="bbox 417 5729 1980 5809; baseline 0.002 -24"><span class='ocrx_word' id='word_1_752' title='bbox 417 5744 482 5786; x_wconf 83' lang='lat' dir='ltr'><strong>ac</strong></span> <span class='ocrx_word' id='word_1_753' title='bbox 511 5729 853 5788; x_wconf 85' lang='lat' dir='ltr'><strong>benedictum</strong></span> <span class='ocrx_word' id='word_1_754' title='bbox 885 5747 1082 5789; x_wconf 88' lang='lat' dir='ltr'><strong>nomen</strong></span> <span class='ocrx_word' id='word_1_755' title='bbox 1140 5743 1288 5790; x_wconf 85' lang='lat' dir='ltr'><strong>tuum</strong></span> <span class='ocrx_word' id='word_1_756' title='bbox 1312 5773 1329 5803; x_wconf 94' lang='lat'><strong>,</strong></span> <span class='ocrx_word' id='word_1_757' title='bbox 1364 5733 1540 5791; x_wconf 88' lang='lat' dir='ltr'><strong>Patris</strong></span> <span class='ocrx_word' id='word_1_758' title='bbox 1568 5746 1676 5809; x_wconf 31' lang='lat' dir='ltr'><strong>,‘et</strong></span> <span class='ocrx_word' id='word_1_759' title='bbox 1725 5732 1891 5800; x_wconf 86' lang='lat' dir='ltr'><strong>Filii,</strong></span> <span class='ocrx_word' id='word_1_760' title='bbox 1925 5740 1980 5789; x_wconf 91' lang='lat' dir='ltr'><strong>et</strong></span> 
     </span>
    </p>
   </div>
   <div class='ocr_carea' id='block_1_105' title="bbox 2082 4530 3650 4610">
    <p class='ocr_par' dir='ltr' id='par_1_105' title="bbox 2082 4530 3650 4610">
     <span class='ocr_line' id='line_1_105' title="bbox 2082 4530 3650 4610; baseline -0.007 -17"><span class='ocrx_word' id='word_1_761' title='bbox 2082 4540 2182 4610; x_wconf 84' lang='grc' dir='ltr'>τῆς</span> <span class='ocrx_word' id='word_1_762' title='bbox 2219 4540 2353 4603; x_wconf 88' lang='grc' dir='ltr'>ἰδίας</span> <span class='ocrx_word' id='word_1_763' title='bbox 2378 4556 2471 4592; x_wconf 90' lang='grc' dir='ltr'><strong>σου</strong></span> <span class='ocrx_word' id='word_1_764' title='bbox 2493 4538 2914 4608; x_wconf 84' lang='grc' dir='ltr'>εὐσπλαγχνίας,</span> <span class='ocrx_word' id='word_1_765' title='bbox 2942 4534 3231 4607; x_wconf 82' lang='grc' dir='ltr'>πρόσδεξαι</span> <span class='ocrx_word' id='word_1_766' title='bbox 3268 4535 3417 4606; x_wconf 78' lang='grc' dir='ltr'>ἡμᾶς</span> <span class='ocrx_word' id='word_1_767' title='bbox 3438 4533 3532 4585; x_wconf 70' lang='grc' dir='ltr'><strong>καὶ</strong></span> <span class='ocrx_word' id='word_1_768' title='bbox 3556 4530 3650 4583; x_wconf 82' lang='grc' dir='ltr'>νῦν</span> 
     </span>
    </p>
   </div>
   <div class='ocr_carea' id='block_1_106' title="bbox 2083 4620 3685 4701">
    <p class='ocr_par' dir='ltr' id='par_1_106' title="bbox 2083 4620 3685 4701">
     <span class='ocr_line' id='line_1_106' title="bbox 2083 4620 3685 4701; baseline -0.007 -19"><span class='ocrx_word' id='word_1_769' title='bbox 2083 4628 2519 4701; x_wconf 78' lang='grc' dir='ltr'>προσκυνοῦντάς</span> <span class='ocrx_word' id='word_1_770' title='bbox 2545 4646 2625 4695; x_wconf 89' lang='grc' dir='ltr'><strong>σε,</strong></span> <span class='ocrx_word' id='word_1_771' title='bbox 2666 4628 2760 4682; x_wconf 74' lang='grc' dir='ltr'>καὶ</span> <span class='ocrx_word' id='word_1_772' title='bbox 2781 4626 2921 4681; x_wconf 87' lang='grc' dir='ltr'><strong>κατὰ</strong></span> <span class='ocrx_word' id='word_1_773' title='bbox 2948 4626 3175 4696; x_wconf 81' lang='grc' dir='ltr'>δύναμιν</span> <span class='ocrx_word' id='word_1_774' title='bbox 3204 4620 3651 4694; x_wconf 72' lang='grc' dir='ltr'>εὐχαριποῦντὰς</span> <span class='ocrx_word' id='word_1_775' title='bbox 3680 4643 3685 4646; x_wconf 56' lang='grc'><strong>’</strong></span> 
     </span>
    </p>
   </div>
   <div class='ocr_carea' id='block_1_107' title="bbox 2085 4712 3652 4791">
    <p class='ocr_par' dir='ltr' id='par_1_107' title="bbox 2085 4712 3652 4791">
     <span class='ocr_line' id='line_1_107' title="bbox 2085 4712 3652 4791; baseline -0.008 -17"><span class='ocrx_word' id='word_1_776' title='bbox 2085 4738 2185 4774; x_wconf 85' lang='grc' dir='ltr'>σοι·</span> <span class='ocrx_word' id='word_1_777' title='bbox 2217 4721 2460 4791; x_wconf 87' lang='grc' dir='ltr'>δώρησαι</span> <span class='ocrx_word' id='word_1_778' title='bbox 2495 4722 2627 4791; x_wconf 79' lang='grc' dir='ltr'>ἡμῖν</span> <span class='ocrx_word' id='word_1_779' title='bbox 2648 4719 2823 4772; x_wconf 89' lang='grc' dir='ltr'>πάντα</span> <span class='ocrx_word' id='word_1_780' title='bbox 2855 4717 2923 4771; x_wconf 80' lang='grc' dir='ltr'><strong>τὰ</strong></span> <span class='ocrx_word' id='word_1_781' title='bbox 2956 4718 3091 4788; x_wconf 87' lang='grc' dir='ltr'>πρὸς</span> <span class='ocrx_word' id='word_1_782' title='bbox 3119 4716 3389 4786; x_wconf 86' lang='grc' dir='ltr'>σωτηρίαν</span> <span class='ocrx_word' id='word_1_783' title='bbox 3421 4712 3652 4782; x_wconf 81' lang='grc' dir='ltr'>αἰτήμα-</span> 
     </span>
    </p>
   </div>
   <div class='ocr_carea' id='block_1_108' title="bbox 2083 4800 3650 4881">
    <p class='ocr_par' dir='ltr' id='par_1_108' title="bbox 2083 4800 3650 4881">
     <span class='ocr_line' id='line_1_108' title="bbox 2083 4800 3650 4881; baseline -0.01 -14"><span class='ocrx_word' id='word_1_784' title='bbox 2083 4831 2170 4867; x_wconf 81' lang='grc' dir='ltr'><strong>τα.</strong></span> <span class='ocrx_word' id='word_1_785' title='bbox 2209 4810 2508 4876; x_wconf 80' lang='grc' dir='ltr'>Ἀνάδειξον</span> <span class='ocrx_word' id='word_1_786' title='bbox 2558 4812 2702 4881; x_wconf 78' lang='grc' dir='ltr'>ἡμᾶς</span> <span class='ocrx_word' id='word_1_787' title='bbox 2728 4811 2874 4872; x_wconf 80' lang='grc' dir='ltr'>υἱοὺς</span> <span class='ocrx_word' id='word_1_788' title='bbox 2923 4808 3100 4878; x_wconf 84' lang='grc' dir='ltr'>φωτὸς</span> <span class='ocrx_word' id='word_1_789' title='bbox 3150 4806 3244 4860; x_wconf 69' lang='grc' dir='ltr'><strong>καὶ</strong></span> <span class='ocrx_word' id='word_1_790' title='bbox 3277 4803 3505 4876; x_wconf 79' lang='grc' dir='ltr'>ἡμέρας,</span> <span class='ocrx_word' id='word_1_791' title='bbox 3556 4800 3650 4854; x_wconf 63' lang='grc' dir='ltr'><strong>καί¹</strong></span> 
     </span>
    </p>
   </div>
   <div class='ocr_carea' id='block_1_109' title="bbox 2084 4894 3648 4977">
    <p class='ocr_par' dir='ltr' id='par_1_109' title="bbox 2084 4894 3648 4977">
     <span class='ocr_line' id='line_1_109' title="bbox 2084 4894 3648 4977; baseline -0.009 -19"><span class='ocrx_word' id='word_1_792' title='bbox 2084 4905 2451 4977; x_wconf 87' lang='grc' dir='ltr'>κληρονόμους</span> <span class='ocrx_word' id='word_1_793' title='bbox 2499 4903 2605 4956; x_wconf 84' lang='grc' dir='ltr'><strong>τῶν</strong></span> <span class='ocrx_word' id='word_1_794' title='bbox 2661 4904 2893 4955; x_wconf 83' lang='grc' dir='ltr'>αἰωνίων</span> <span class='ocrx_word' id='word_1_795' title='bbox 2924 4918 3018 4954; x_wconf 90' lang='grc' dir='ltr'><strong>σου</strong></span> <span class='ocrx_word' id='word_1_796' title='bbox 3051 4898 3292 4968; x_wconf 81' lang='grc' dir='ltr'>ἀγαθῶν.</span> <span class='ocrx_word' id='word_1_797' title='bbox 3341 4894 3648 4965; x_wconf 86' lang='grc' dir='ltr'>Μνήσθητι,</span> 
     </span>
    </p>
   </div>
   <div class='ocr_carea' id='block_1_110' title="bbox 2083 4983 3652 5068">
    <p class='ocr_par' dir='ltr' id='par_1_110' title="bbox 2083 4983 3652 5068">
     <span class='ocr_line' id='line_1_110' title="bbox 2083 4983 3652 5068; baseline -0.008 -19"><span class='ocrx_word' id='word_1_798' title='bbox 2083 4996 2280 5068; x_wconf 84' lang='grc' dir='ltr'>Κύριε,</span> <span class='ocrx_word' id='word_1_799' title='bbox 2308 4997 2367 5049; x_wconf 83' lang='grc' dir='ltr'><strong>ἐν</strong></span> <span class='ocrx_word' id='word_1_800' title='bbox 2388 4993 2467 5065; x_wconf 81' lang='grc' dir='ltr'>τῷ</span> <span class='ocrx_word' id='word_1_801' title='bbox 2493 4994 2687 5063; x_wconf 87' lang='grc' dir='ltr'>πλήθει</span> <span class='ocrx_word' id='word_1_802' title='bbox 2709 4994 2818 5047; x_wconf 88' lang='grc' dir='ltr'><strong>τῶν</strong></span> <span class='ocrx_word' id='word_1_803' title='bbox 2847 4991 3146 5064; x_wconf 87' lang='grc' dir='ltr'>οἰκτιρμῶν</span> <span class='ocrx_word' id='word_1_804' title='bbox 3180 5006 3294 5053; x_wconf 87' lang='grc' dir='ltr'>σου,</span> <span class='ocrx_word' id='word_1_805' title='bbox 3325 4988 3417 5041; x_wconf 79' lang='grc' dir='ltr'>καὶ</span> <span class='ocrx_word' id='word_1_806' title='bbox 3450 4983 3652 5046; x_wconf 84' lang='grc' dir='ltr'>παντὸς</span> 
     </span>
    </p>
   </div>
   <div class='ocr_carea' id='block_1_111' title="bbox 2083 5078 3649 5159">
    <p class='ocr_par' dir='ltr' id='par_1_111' title="bbox 2083 5078 3649 5159">
     <span class='ocr_line' id='line_1_111' title="bbox 2083 5078 3649 5159; baseline -0.008 -19"><span class='ocrx_word' id='word_1_807' title='bbox 2083 5087 2178 5142; x_wconf 77' lang='grc' dir='ltr'><strong>τοῦ</strong></span> <span class='ocrx_word' id='word_1_808' title='bbox 2201 5085 2332 5141; x_wconf 83' lang='grc' dir='ltr'>λαοῦ</span> <span class='ocrx_word' id='word_1_809' title='bbox 2365 5104 2481 5153; x_wconf 89' lang='grc' dir='ltr'>σου,</span> <span class='ocrx_word' id='word_1_810' title='bbox 2530 5086 2639 5141; x_wconf 84' lang='grc' dir='ltr'><strong>τῶν</strong></span> <span class='ocrx_word' id='word_1_811' title='bbox 2675 5087 3070 5159; x_wconf 84' lang='grc' dir='ltr'>συμπαρόντων</span> <span class='ocrx_word' id='word_1_812' title='bbox 3111 5082 3205 5137; x_wconf 65' lang='grc' dir='ltr'><strong>καὶ</strong></span> <span class='ocrx_word' id='word_1_813' title='bbox 3247 5078 3649 5150; x_wconf 81' lang='grc' dir='ltr'>συνευχομένων</span> 
     </span>
    </p>
   </div>
   <div class='ocr_carea' id='block_1_112' title="bbox 2083 5171 3647 5250">
    <p class='ocr_par' dir='ltr' id='par_1_112' title="bbox 2083 5171 3647 5250">
     <span class='ocr_line' id='line_1_112' title="bbox 2083 5171 3647 5250; baseline -0.001 -19"><span class='ocrx_word' id='word_1_814' title='bbox 2083 5181 2239 5250; x_wconf 84' lang='grc' dir='ltr'>ἡμῖν,</span> <span class='ocrx_word' id='word_1_815' title='bbox 2287 5180 2380 5234; x_wconf 75' lang='grc' dir='ltr'><strong>καὶ</strong></span> <span class='ocrx_word' id='word_1_816' title='bbox 2428 5180 2645 5234; x_wconf 82' lang='grc' dir='ltr'>πάντων</span> <span class='ocrx_word' id='word_1_817' title='bbox 2693 5178 2801 5231; x_wconf 83' lang='grc' dir='ltr'><strong>τῶν</strong></span> <span class='ocrx_word' id='word_1_818' title='bbox 2833 5176 3081 5247; x_wconf 79' lang='grc' dir='ltr'>ἀδελφῶν</span> <span class='ocrx_word' id='word_1_819' title='bbox 3105 5174 3283 5246; x_wconf 87' lang='grc' dir='ltr'>ήμῶν,</span> <span class='ocrx_word' id='word_1_820' title='bbox 3325 5172 3433 5224; x_wconf 86' lang='grc' dir='ltr'><strong>τῶν</strong></span> <span class='ocrx_word' id='word_1_821' title='bbox 3470 5173 3528 5223; x_wconf 83' lang='grc' dir='ltr'>ὲν</span> <span class='ocrx_word' id='word_1_822' title='bbox 3555 5171 3647 5239; x_wconf 71' lang='grc' dir='ltr'><strong>γῇ,</strong></span> 
     </span>
    </p>
   </div>
   <div class='ocr_carea' id='block_1_113' title="bbox 2083 5259 3649 5343">
    <p class='ocr_par' dir='ltr' id='par_1_113' title="bbox 2083 5259 3649 5343">
     <span class='ocr_line' id='line_1_113' title="bbox 2083 5259 3649 5343; baseline -0.008 -18"><span class='ocrx_word' id='word_1_823' title='bbox 2083 5272 2193 5325; x_wconf 83' lang='grc' dir='ltr'><strong>τῶν</strong></span> <span class='ocrx_word' id='word_1_824' title='bbox 2219 5274 2276 5325; x_wconf 84' lang='grc' dir='ltr'>ὲν</span> <span class='ocrx_word' id='word_1_825' title='bbox 2307 5271 2570 5343; x_wconf 81' lang='grc' dir='ltr'>Θαλάσσῃ,</span> <span class='ocrx_word' id='word_1_826' title='bbox 2606 5270 2714 5326; x_wconf 89' lang='grc' dir='ltr'><strong>τῶν</strong></span> <span class='ocrx_word' id='word_1_827' title='bbox 2752 5274 2809 5324; x_wconf 82' lang='grc' dir='ltr'>ὲν</span> <span class='ocrx_word' id='word_1_828' title='bbox 2849 5270 3011 5323; x_wconf 76' lang='grc' dir='ltr'>παντὶ</span> <span class='ocrx_word' id='word_1_829' title='bbox 3042 5268 3189 5337; x_wconf 86' lang='grc' dir='ltr'>τόπῳ</span> <span class='ocrx_word' id='word_1_830' title='bbox 3212 5265 3310 5334; x_wconf 76' lang='grc' dir='ltr'>τῆς</span> <span class='ocrx_word' id='word_1_831' title='bbox 3341 5259 3649 5322; x_wconf 64' lang='grc' dir='ltr'>δεσποτείας</span> 
     </span>
    </p>
   </div>
   <div class='ocr_carea' id='block_1_114' title="bbox 2087 5351 3652 5435">
    <p class='ocr_par' dir='ltr' id='par_1_114' title="bbox 2087 5351 3652 5435">
     <span class='ocr_line' id='line_1_114' title="bbox 2087 5351 3652 5435; baseline -0.008 -19"><span class='ocrx_word' id='word_1_832' title='bbox 2087 5379 2201 5427; x_wconf 91' lang='grc' dir='ltr'>σου,</span> <span class='ocrx_word' id='word_1_833' title='bbox 2226 5365 2493 5435; x_wconf 91' lang='grc' dir='ltr'>δεομένων</span> <span class='ocrx_word' id='word_1_834' title='bbox 2529 5364 2627 5435; x_wconf 80' lang='grc' dir='ltr'>τῆς</span> <span class='ocrx_word' id='word_1_835' title='bbox 2657 5360 3063 5432; x_wconf 79' lang='grc' dir='ltr'>φιλανθρωπίας</span> <span class='ocrx_word' id='word_1_836' title='bbox 3112 5359 3204 5412; x_wconf 66' lang='grc' dir='ltr'><strong>καὶ¹</strong></span> <span class='ocrx_word' id='word_1_837' title='bbox 3238 5352 3506 5427; x_wconf 83' lang='grc' dir='ltr'>βοηθείας·</span> <span class='ocrx_word' id='word_1_838' title='bbox 3557 5351 3652 5404; x_wconf 74' lang='grc' dir='ltr'>καὶ</span> 
     </span>
    </p>
   </div>
   <div class='ocr_carea' id='block_1_115' title="bbox 2085 5446 3652 5529">
    <p class='ocr_par' dir='ltr' id='par_1_115' title="bbox 2085 5446 3652 5529">
     <span class='ocr_line' id='line_1_115' title="bbox 2085 5446 3652 5529; baseline -0.011 -18"><span class='ocrx_word' id='word_1_839' title='bbox 2085 5460 2220 5511; x_wconf 79' lang='grc' dir='ltr'>πᾶσι</span> <span class='ocrx_word' id='word_1_840' title='bbox 2269 5459 2571 5529; x_wconf 81' lang='grc' dir='ltr'>χορήγησον</span> <span class='ocrx_word' id='word_1_841' title='bbox 2602 5455 2663 5508; x_wconf 86' lang='grc' dir='ltr'><strong>τὸ</strong></span> <span class='ocrx_word' id='word_1_842' title='bbox 2688 5454 2828 5525; x_wconf 81' lang='grc' dir='ltr'>μέγα</span> <span class='ocrx_word' id='word_1_843' title='bbox 2861 5471 2953 5506; x_wconf 89' lang='grc' dir='ltr'><strong>σου</strong></span> <span class='ocrx_word' id='word_1_844' title='bbox 2984 5453 3151 5514; x_wconf 75' lang='grc' dir='ltr'>ἕλεος,</span> <span class='ocrx_word' id='word_1_845' title='bbox 3189 5450 3276 5502; x_wconf 82' lang='grc' dir='ltr'>ἵνα</span> <span class='ocrx_word' id='word_1_846' title='bbox 3321 5446 3652 5514; x_wconf 79' lang='grc' dir='ltr'>σεσωσμένοι</span> 
     </span>
    </p>
   </div>
   <div class='ocr_carea' id='block_1_116' title="bbox 2084 5538 3653 5621">
    <p class='ocr_par' dir='ltr' id='par_1_116' title="bbox 2084 5538 3653 5621">
     <span class='ocr_line' id='line_1_116' title="bbox 2084 5538 3653 5621; baseline -0.01 -19"><span class='ocrx_word' id='word_1_847' title='bbox 2084 5549 2229 5621; x_wconf 73' lang='grc' dir='ltr'>ψυχῇ</span> <span class='ocrx_word' id='word_1_848' title='bbox 2254 5568 2310 5602; x_wconf 82' lang='grc' dir='ltr'><strong>τε</strong></span> <span class='ocrx_word' id='word_1_849' title='bbox 2333 5550 2428 5601; x_wconf 69' lang='grc' dir='ltr'><strong>καὶ</strong></span> <span class='ocrx_word' id='word_1_850' title='bbox 2458 5547 2669 5619; x_wconf 83' lang='grc' dir='ltr'>σώματι</span> <span class='ocrx_word' id='word_1_851' title='bbox 2693 5548 2922 5601; x_wconf 82' lang='grc' dir='ltr'>πάντοτε</span> <span class='ocrx_word' id='word_1_852' title='bbox 2947 5544 3310 5615; x_wconf 82' lang='grc' dir='ltr'>διαμένοντες,</span> <span class='ocrx_word' id='word_1_853' title='bbox 3349 5538 3485 5609; x_wconf 86' lang='grc' dir='ltr'><strong>μετὰ</strong></span> <span class='ocrx_word' id='word_1_854' title='bbox 3512 5538 3653 5604; x_wconf 79' lang='grc' dir='ltr'>παῤ-</span> 
     </span>
    </p>
   </div>
   <div class='ocr_carea' id='block_1_117' title="bbox 2090 5627 3652 5711">
    <p class='ocr_par' dir='ltr' id='par_1_117' title="bbox 2090 5627 3652 5711">
     <span class='ocr_line' id='line_1_117' title="bbox 2090 5627 3652 5711; baseline -0.008 -19"><span class='ocrx_word' id='word_1_855' title='bbox 2090 5639 2280 5711; x_wconf 78' lang='grc' dir='ltr'>ρησίας</span> <span class='ocrx_word' id='word_1_856' title='bbox 2326 5637 2633 5708; x_wconf 81' lang='grc' dir='ltr'>δοξάζωμεν</span> <span class='ocrx_word' id='word_1_857' title='bbox 2686 5638 2747 5690; x_wconf 85' lang='grc' dir='ltr'><strong>τὸ</strong></span> <span class='ocrx_word' id='word_1_858' title='bbox 2798 5635 3111 5705; x_wconf 79' lang='grc' dir='ltr'>θαυμαστὸν</span> <span class='ocrx_word' id='word_1_859' title='bbox 3149 5633 3242 5685; x_wconf 78' lang='grc' dir='ltr'><strong>καὶ</strong></span> <span class='ocrx_word' id='word_1_860' title='bbox 3290 5627 3652 5699; x_wconf 78' lang='grc' dir='ltr'>εὐλογημένον</span> 
     </span>
    </p>
   </div>
   <div class='ocr_carea' id='block_1_118' title="bbox 2086 5719 3647 5803">
    <p class='ocr_par' dir='ltr' id='par_1_118' title="bbox 2086 5719 3647 5803">
     <span class='ocr_line' id='line_1_118' title="bbox 2086 5719 3647 5803; baseline -0.008 -17"><span class='ocrx_word' id='word_1_861' title='bbox 2086 5731 2255 5803; x_wconf 74' lang='grc' dir='ltr'>ὄνομά</span> <span class='ocrx_word' id='word_1_862' title='bbox 2281 5749 2395 5797; x_wconf 83' lang='grc' dir='ltr'>σου,</span> <span class='ocrx_word' id='word_1_863' title='bbox 2428 5732 2518 5786; x_wconf 76' lang='grc' dir='ltr'>τοῦ</span> <span class='ocrx_word' id='word_1_864' title='bbox 2549 5730 2780 5801; x_wconf 83' lang='grc' dir='ltr'>Πατρὸς,</span> <span class='ocrx_word' id='word_1_865' title='bbox 2818 5729 2909 5783; x_wconf 68' lang='grc' dir='ltr'><strong>καὶ</strong></span> <span class='ocrx_word' id='word_1_866' title='bbox 2934 5728 3028 5783; x_wconf 78' lang='grc' dir='ltr'>τοῦ</span> <span class='ocrx_word' id='word_1_867' title='bbox 3058 5727 3212 5794; x_wconf 84' lang='grc' dir='ltr'><strong>Υίοῦ,</strong></span> <span class='ocrx_word' id='word_1_868' title='bbox 3250 5722 3343 5779; x_wconf 70' lang='grc' dir='ltr'>καὶ</span> <span class='ocrx_word' id='word_1_869' title='bbox 3370 5722 3461 5777; x_wconf 82' lang='grc' dir='ltr'>τοῦ</span> <span class='ocrx_word' id='word_1_870' title='bbox 3493 5719 3647 5792; x_wconf 75' lang='grc' dir='ltr'>ἁγίου</span> 
     </span>
    </p>
   </div>
  </div>
