4076 6226
1484 356 1885 414 ACOLUTlllAr
1921 359 2251 417 TRlPLlClS
2282 363 2497 420 FESTI.

3408 381 3631 423 CCCX”!

385 453 722 525 Πνεῦματος,
756 457 851 511 νῦν
886 461 979 513 καὶ
1021 462 1127 527 ἀεὶ,
1188 465 1281 518 καὶ
1316 465 1396 529 εἰς
1440 469 1563 531 τοὺς
1608 469 1809 532 αἰῶνας
1857 471 1945 523 τῶι

2071 471 2303 541 Spiritus
2331 477 2525 541 sancti,
2555 493 2697 534 nunc
2732 487 2785 533 et
2809 493 3044 548 semper,
3078 488 3131 534 et
3161 481 3213 532 in
3242 476 3434 532 szecula
3461 495 3631 532 δωρη-

383 541 613 598 αίὼνων.
655 547 847 620 Ἀμήν.

538 643 547 650 ’
1017 645 1150 697 ΕΥΧ
1158 647 1203 697 Η
1241 647 1315 700 Ε’-.

467 725 711 794 Ἀγαθῶν
760 731 1019 803 θησαυρὲ,
1073 739 1223 809 πηγὴ
1283 740 1526 804 ἀένναος,
1584 743 1764 813 Πάτερ
1799 744 1949 812 ἅγιε,

387 814 812 885 θαυμαστοποιὲ.
852 825 1223 897 παντοδύναμε
1263 830 1354 881 καὶ¹
1388 831 1785 903 παντόκρατορ,
1822 835 1958 886 πάν-

384 925 474 970 τες
519 927 580 962 σε
626 914 1058 984 προσκυνοῦμεν·
1104 919 1198 970 καὶ
1243 919 1334 970 σοῦ
1370 919 1617 990 δεόμεθα,
1649 922 1715 974 τὰ
1740 921 1806 974 σὰ
1832 923 1954 992 ὲλέη

385 1001 476 1052 καὶ
506 1001 630 1064 τοὺς
660 1003 786 1065 σοὺς
808 1005 1121 1076 οὶκτιρμοὺς
1147 1009 1562 1080 ἐπικαλούμενοι
1587 1014 1666 1074 εἰς
1705 1012 1956 1082 βοήθειαν

387 1093 477 1143 καὶ
505 1093 785 1165 ἀντίληψιν
813 1096 912 1166 τῆς
932 1101 1205 1172 ἡμετέρας
1229 1103 1628 1166 ταπεινώσεως.
1651 1105 1952 1174 Μνήσθητι,

385 1181 573 1252 Κύριε,
600 1184 707 1236 τῶν
736 1185 842 1238 σῶν
878 1187 1088 1240 ἱκετῶν.
1115 1191 1408 1261 Πρόσδεξαι
1429 1193 1660 1250 ,πάντων
1683 1193 1836 1263 ἡμῶν
1857 1193 1955 1256 τας

383 1273 608 1338 ἑωθινὰς
641 1275 850 1346 δεήσεις
867 1278 940 1341 ὡς
957 1278 1206 1349 θυμίαμα
1239 1279 1465 1335 ἐνώπιόν
1489 1299 1602 1346 σου,
1629 1284 1722 1334 καὶ
1753 1284 1954 1354 μηδένα

383 1363 536 1433 ἡμῶν
569 1365 824 1437 ἀδόκιμον
869 1371 1121 1442 ποιήσῃς,
1183 1372 1318 1425 ἀλλὰ
1376 1374 1582 1438 πάντας
1611 1377 1755 1445 ἡμᾶς
1795 1394 1953 1448 περι-

383 1454 601 1525 ποίησαι
632 1455 718 1508 διὰ
756 1455 862 1509 τῶν
893 1459 1191 1530 οἰκτιρμῶν
1234 1479 1347 1514 σου.
1394 1463 1698 1534 Μνήσθητι,
1757 1466 1950 1537 Κύριε,

379 1543 486 1596 τῶν
515 1547 932 1616 ἀγρυπνούντων
961 1551 1052 1602 καὶ
1077 1551 1386 1620 ψαλλόντων
1418 1557 1497 1618 εἰς
1528 1555 1684 1618 δόξαν
1721 1557 1835 1627 σὴν,
1863 1560 1954 1611 καὶ

380 1634 470 1686 τοῦ
520 1639 840 1706 μονογενοῦς
876 1657 969 1693 σου
1025 1642 1154 1694 Υἰοῦ
1206 1644 1296 1696 καὶ
1346 1646 1479 1698 Θεοῦ
1511 1648 1689 1718 ἡμῶν,
1737 1651 1950 1703 καὶτοῦ

379 1725 533 1792 ἁγίου
551 1727 688 1780 Πνεύ
697 1746 883 1798 ματος.
899 1732 936 1782 Γ
939 1731 1057 1784 ενοῦ
1074 1734 1250 1787 αὐτῶν
1267 1735 1459 1806 βοηθὸς
1478 1740 1572 1790 καὶ
1585 1740 1948 1812 ἁντιλήπτωρ.

2070 562 2263 618 lorum.
2301 566 2491 620 Amen.

2685 661 2938 717 ORATIO
2967 661 3032 719 ν.

2139 747 2287 806 HS._
2326 746 2589 801 Bonorum
2652 751 2919 812 thesaure,
2972 752 3089 804 fons
3148 751 3418 819 perennis,
3468 749 3630 802 Pater

2064 849 2271 902 sancte,
2315 841 2680 893 mirandorttm
2711 843 2934 905 artifex,
2963 842 3052 912 qui
3084 843 3262 895 omnia
3315 852 3482 909 potes,
3509 858 3626 894 om-

2064 929 2219 980 nibus
2243 931 2498 997 imperas,
2527 941 2579 984 te
2626 945 2817 986 omnes
2851 933 3158 994 adoramus,
3187 943 3238 985 et
3275 933 3628 999 deprecamur

2065 1026 2135 1081 te,
2171 1020 2598 1074 misericordiam
2623 1031 2768 1074 luam
2795 1030 2850 1076 et
2878 1022 3252 1075 miserationes
3291 1032 3410 1074 tuas
3454 1037 3623 1090 expo-

2063 1121 2277 1164 scentes
2303 1152 2315 1171 ,
2355 1114 2404 1165 in
2441 1113 2740 1166 Subsidium
2791 1127 2856 1166 ac
2887 1113 3257 1166 defensionem
3305 1112 3624 1166 humilitatis

2064 1213 2284 1256 nostra).
2346 1203 2658 1270 Sttpplicum
2717 1213 2929 1257 tuorum
2994 1213 3306 1265 memento,
3361 1203 3620 1267 Domine;

2063 1294 2356 1346 matutinas
2411 1304 2656 1347 nostrum
2691 1294 2930 1348 omnium
2981 1307 3168 1361 preces
3201 1293 3415 1360 suscipe
3441 1332 3455 1353 ,
3484 1293 3624 1346 sicut

2063 1383 2343 1437 incensum
2397 1384 2450 1437 in
2505 1393 2794 1451 conspectu
2839 1393 2966 1447 tuo;
3018 1396 3190 1449 neque
3227 1396 3546 1450 quemquam
3595 1396 3626 1434 e

2064 1476 2220 1530 nobis
2247 1478 2500 1545 reproba,
2549 1476 2644 1530 sed
2696 1490 2795 1543 per
2843 1474 3274 1529 misericordiam
3332 1482 3474 1526 tuam
3527 1487 3626 1526 nos

2061 1582 2251 1623 omnes
2277 1583 2563 1623 conserva.
2594 1566 2886 1630 Memento,
2913 1566 3135 1619 Domine
3156 1605 3171 1630 ,
3197 1565 3528 1634 vigilantium
3567 1572 3624 1616 et

2060 1658 2407 1725 psallentium
2439 1659 2504 1711 ad
2537 1656 2764 1727 gloriam
2797 1665 2963 1718 lnam,
2995 1667 3048 1709 ct
3086 1655 3342 1722 unigeniti
3371 1652 3489 1707 Filii
3544 1652 3620 1705 ttti

2063 1762 2126 1800 ac
2165 1748 2255 1800 Dei
2295 1747 2511 1814 nostri”,
2546 1747 2619 1815 et:
2650 1745 2824 1799 sancti
2869 1743 3124 1811 Spiritus.
3166 1742 3358 1796 Eorum
3407 1739 3622 1806 adjutor

379 1817 673 1886 Πρόσδεξαι
699 1820 876 1874 αὐτῶν
897 1823 994 1886 τὰς
1025 1825 1231 1888 ἱκεσίας
1257 1829 1334 1889 είς
1365 1827 1423 1880 τὸ
1448 1829 1836 1902 ὑπερουράνιον
1859 1835 1945 1886 καὶ

2058 1850 2174 1892 esto
2204 1848 2368 1907 atque
2399 1846 2767 1907 propugnator
2802 1852 2815 1887 :
2849 1849 3033 1888 eorum
3080 1849 3264 1903 preces
3295 1833 3349 1884 in
3402 1832 3619 1884 cceleste

377 1911 560 1979 νοερόν
589 1929 680 1965 σου
715 1914 1120 1987 θυσιαστήριον.
1160 1919 1280 1972 ’Ότι
1333 1921 1397 1972 σὺ
1441 1917 1493 1974 εἴ
1533 1925 1560 1974 ὁ
1610 1923 1738 1987 θεὸς
1769 1925 1944 1995 ἡμῶν,

348 2074 352 2076 Π
378 2001 470 2051 καὶ
510 2003 590 2054 σοὶ
620 2005 718 2074 τὴν
745 2005 900 2069 δόξαν
925 2009 1344 2082 ἀναπέμπομεν,
1371 2013 1447 2083 τῷ
1485 2016 1678 2086 Πατρὶ,
1734 2019 1826 2070 καὶ
1871 2018 1948 2088 τῷ

380 2089 509 2159 Υἰῴ,
540 2093 630 2145 καὶ
660 2093 737 2164 τῷ
767 2095 908 2166 ἁγίῳ
962 2098 1268 2169 Πνεύματι,
1303 2100 1397 2155 νῦν
1443 2104 1537 2157 καὶ
1586 2106 1691 2170 ἀεὶ,
1748 2107 1842 2158 καὶ
1869 2108 1948 2170 εἰς

375 2183 499 2243 τοὺς
527 2183 726 2248 αἰῶνας
751 2187 857 2240 τῶν
889 2189 1119 2245 αἰώνων.
1167 2193 1358 2262 Ἀμήν.

995 2305 1184 2359 ΕΥΧΗ
1220 2306 1310 2374 q'.

447 2403 882 2478 Εὐχαριστοῦμέν
918 2428 1020 2475 σοι,
1046 2412 1238 2483 Κύριε,
1273 2416 1301 2467 ὁ
1337 2414 1467 2479 Θεὸς
1514 2417 1622 2468 τῶν
1663 2418 1947 2487 σωτηρίων

375 2496 550 2564 ἡμῶν,
597 2500 679 2553 ὅτι
735 2502 913 2558 πάντα
950 2508 1126 2570 ποιεῖς
1177 2509 1258 2570 εἰς
1307 2509 1625 2578 εὐεργεσίαν
1672 2512 1770 2580 τῆς
1804 2512 1947 2581 ζωῆς

373 2589 405 2657 ἡ
416 2587 550 2654 μῶν,
584 2591 665 2644 ἵνα
696 2591 984 2658 διαπαντὸς
1023 2599 1160 2668 πρὸς
1193 2598 1251 2651 σὲ
1285 2600 1682 2670 άποδλὲπωμεν
1721 2601 1812 2654 τὸν
1840 2619 1946 2654 σω-

373 2681 516 2750 τῆρα
545 2684 638 2736 καὶ
669 2685 965 2757 εὐεργέτην
981 2688 1086 2740 τῶν
1117 2691 1398 2762 ἡμετέρων
1415 2692 1620 2761 ψυχῶν·
1653 2693 1944 2747 διανέπαυ-

377 2789 474 2837 σας
501 2777 644 2846 ἡμᾶς
678 2778 736 2830 ἐν
759 2779 837 2849 τῷ
874 2782 1193 2851 παρελθόντι
1233 2784 1334 2852 τῆς
1363 2783 1556 2847 νυκτὸς
1603 2785 1802 2857 μέτρῳ,
1851 2788 1945 2840 καὶ

375 2865 657 2939 ἐξήγειρας
699 2873 843 2941 ἡμᾶς
876 2875 939 2925 ἐκ
967 2874 1074 2926 τῶν
1120 2877 1315 2928 κοιτῶν
1356 2877 1532 2947 ήμῶν,
1571 2877 1664 2930 καὶ
1714 2878 1945 2949 ἕστησας

375 2959 451 3020 εἰς
472 2960 837 3032 προσκύνησιν
865 2963 958 3016 τοῦ
990 2966 1173 3036 τιμίου
1207 2967 1465 3037 ὀνόματός
1498 2985 1612 3024 σου.
1638 2968 1729 3021 Διὸ
1760 2970 1946 3040 δεόμε-

372 3047 444 3101 θά
477 3067 589 3113 σου,
619 3053 810 3125 Κύριε,
837 3055 924 3119 δὸς
960 3058 1090 3127 ἡμῖν
1117 3058 1274 3129 χάριν
1301 3061 1393 3112 καὶ
1424 3059 1674 3132 δύναμιν,
1702 3062 1786 3115 ἵνα
1815 3079 1947 3115 κατ-

2058 1939 2207 1982 tuttm
2236 1939 2289 1984 et
2317 1927 2680 1982 intellectuale
2717 1926 2886 1978 altare
2928 1927 3123 1993 recipe.
3156 1925 3289 1982 Quia
3329 1935 3379 1976 tn
3405 1922 3620 1975 eslteus

2062 2029 2264 2082 noster,
2296 2031 2348 2072 et
2382 2020 2474 2073 tibi
2511 2018 2735 2087 gloriam
2767 2019 3072 2077 referimus,
3098 2013 3264 2074 l'atri,
3289 2025 3336 2065 et
3381 2011 3536 2070 Filio,
3564 2021 3614 2062 e:

2058 2111 2290 2178 Spiritui
2349 2123 2560 2175 sancto,
2596 2127 2736 2164 nunc
2763 2120 2818 2164 et
2859 2121 3096 2176 semper,
3119 2116 3172 2158 et
3208 2105 3260 2157 in
3287 2101 3481 2155 saecula
3515 2115 3620 2155 sat-

2056 2202 2324 2257 eulorum.
2355 2202 2545 2254 Amen.

2646 2310 2898 2366 ORATIO
2933 2309 3014 2362 Vl.

2128 2426 2248 2480 149.
2295 2426 2516 2493 Agimus
2562 2426 2655 2478 libi
2703 2425 2922 2493 gratias,
2957 2421 3269 2477 salutarium
3305 2429 3614 2471 nostrorum

2054 2514 2216 2577 Deus,
2245 2519 2393 2584 quia,
2431 2526 2488 2568 ut
2513 2525 2563 2569 te
2610 2527 2913 2570 nostrarum
2950 2515 3252 2567 animarum
3282 2519 3613 2565 servatorem

2052 2607 2353 2661 beneﬁcum
2387 2609 2683 2660 identidem
2717 2608 3070 2675 respicianms
3094 2647 3107 2668 ,
3132 2603 3317 2658 condis
3343 2600 3524 2654 omnia
3550 2599 3617 2652 ad

2052 2699 2177 2752 vitae
2208 2708 2406 2752 nostrae
2442 2699 2786 2751 benelicinm.
2822 2698 2887 2749 Et
2927 2698 3050 2765 quia
3084 2711 3200 2760 nos,
3230 2693 3498 2760 prmterita
3530 2703 3618 2743 no-

2053 2791 2156 2844 ctis
2196 2799 2348 2858 parte
2376 2790 2730 2853 refocillatos,
2781 2791 3151 2857 excitatosque
3183 2787 3377 2840 iterum
3402 2801 3431 2838 e
3461 2782 3615 2836 cubi-

2053 2881 2215 2946 libus,
2247 2885 2310 2935 ad
2347 2883 2645 2937 honorandi
2682 2884 2916 2936 nominis
2957 2884 3031 2934 tui
3075 2881 3440 2934 adorationem
3493 2888 3616 2927 ere-

2053 2973 2215 3039 xisti;
2267 2984 2551 3042 propterea
2609 2989 2915 3041 qua'sumtts
2968 2984 3053 3035 te,
3098 2970 3356 3029 Domine,
3421 2965 3617 3032 largire

2054 3066 2210 3121 nobis
2247 3066 2475 3135 gratiam
2505 3081 2566 3118 ac
2603 3066 2804 3130 robur;
2865 3075 2921 3116 ιιι
2967 3062 3167 3117 Clu-isti
3202 3061 3274 3112 tui
3315 3074 3436 3126 ope,
3487 3071 3611 3109 cum

371 3141 689 3214 αξιωθῶμεν
721 3145 940 3214 ψάλλειν
976 3166 1056 3201 σοι
1103 3151 1358 3216 συνετῶς,
1406 3156 1498 3205 καὶ
1543 3154 1940 3224 προσεύχεσθαι

2057 3167 2201 3231 metu
2237 3168 2289 3210 et
2322 3165 2557 3210 tremore
2591 3166 2835 3210 nostram
2875 3154 3100 3208 salutent
3156 3158 3472 3219 operantes;
3521 3145 3614 3197 tibi

372 3233 748 3301 ἀδιαλείπτως,
781 3240 838 3290 ἐν
865 3239 1013 3310 φόϐῳ
1057 3242 1150 3293 καὶ¹
1177 3242 1364 3313 τρόμῳ
1398 3244 1495 3314 τὴν
1526 3246 1732 3298 ἑαυτῶν
1767 3265 1942 3317 σωτη-

377 3326 494 3395 ρίαν
546 3330 1002 3400 κατεργαζόμενοι
1051 3332 1138 3385 διὰ
1181 3335 1277 3404 τῆς
1310 3336 1646 3406 ἀντιλήψεως
1676 3337 1768 3390 τοῦ
1809 3341 1943 3408 Χρι-

375 3418 499 3469 στοῦ
536 3436 648 3471 σου.
698 3422 1000 3492 Μνήσθητι.
1038 3423 1233 3496 Κύριε,
1280 3427 1376 3478 καὶ
1414 3429 1469 3478 ἐν
1501 3421 1655 3480 νυκτὶ
1696 3429 1830 3499 πρὸς
1885 3429 1943 3481 σὲ

374 3505 638 3574 βοώντων.
687 3511 1018 3565 Ἐπάκουσον
1052 3514 1252 3579 αὐτῶν,
1302 3517 1394 3569 καὶ
1433 3517 1671 3586 ἐλέησον,
1698 3520 1791 3571 καὶ
1818 3518 1943 3571 σύν-

372 3597 558 3667 τριψον
588 3601 691 3653 ὑπὸ
712 3604 837 3664 τοὺς
870 3604 1034 3667 πόδας
1065 3607 1244 3660 αὐτῶν
1265 3607 1391 3670 τοὺς
1415 3609 1676 3680 ἀοράτους
1723 3610 1817 3662 καὶ
1854 3627 1944 3662 πο-

369 3685 589 3755 λεμίους
627 3690 874 3762 ἐχθρούς.
907 3694 976 3746 ΣΞ)
1003 3693 1110 3764 γὰρ
1146 3690 1198 3747 εἴ
1228 3696 1255 3746 ὁ
1291 3695 1542 3766 βασιλεὺς
1568 3697 1667 3766 τῆς
1700 3699 1939 3767 εἰρήνης,

371 3781 464 3831 καὶ
490 3781 672 3850 σωτὴρ
703 3781 810 3834 τῶν
831 3783 1020 3853 ψυχῶν
1053 3785 1230 3855 ἡμῶν·
1262 3787 1356 3839 καὶ
1389 3787 1470 3838 σοὶ
1503 3788 1602 3856 τὴν
1633 3787 1788 3850 δόξαν
1816 3790 1943 3840 ἀνα-

369 3873 682 3942 πέμπομεν,
700 3875 777 3944 τῷ
803 3877 994 3946 Πατρὶ,
1022 3878 1116 3929 καὶ
1136 3877 1212 3948 τῷ
1237 3879 1370 3948 Υἰῷ,
1400 3879 1492 3930 καὶ
1523 3879 1598 3947 τῷ
1618 3880 1754 3947 ἁγίῳ
1777 3877 1942 3930 Πνεῦ-

375 3979 522 4030 ματι,
573 3962 666 4015 νῦν
698 3966 919 4034 καὶαεὶ,
953 3967 1046 4019 καὶ
1075 3968 1156 4030 εἰς
1185 3968 1312 4031 τοὺς
1345 3968 1542 4032 αἰῶνας
1569 3969 1676 4022 τῶν
1710 3967 1938 4022 αἰώνων.

383 4052 554 4123 Ἀμήν

968 4149 1157 4203 ΕΥΧΗ
1199 4153 1272 4204 Ζ’.

452 4263 508 4316 ’0
545 4264 676 4327 Θεὸς
725 4268 820 4319 καὶ
871 4268 1065 4339 Πατὴρ
1124 4269 1216 4322 τοῦ
1279 4270 1484 4341 Κυρίου
1542 4270 1695 4339 ἡμῶν
1766 4268 1938 4338 Ἰησοῦ

371 4355 626 4423 Χριστοῦ,
657 4357 686 4408 ὁ
720 4357 1086 4428 ἐξαναστήσας
1123 4362 1272 4430 ἡμᾶς
1317 4363 1379 4413 ἐκ
1402 4360 1510 4412 τῶν
1538 4361 1730 4413 κοιτῶν
1761 4360 1936 4430 ἡμῶν,

369 4447 464 4499 καὶ
498 4448 913 4517 ὲπισυναγαγὼν
940 4450 1031 4502 ἐπὶ
1064 4449 1159 4521 τὴν
1190 4451 1337 4522 ὥριιν
1367 4451 1465 4520 τῆς
1495 4451 1819 4522 προσευχῆς⁸
1852 4451 1939 4514 δὸς

2054 3249 2188 3305 scite
2215 3251 2446 3316 psallere
2465 3260 2518 3303 et
2551 3249 2920 3303 indesinenter
2963 3244 3267 3314 supplicare
3313 3240 3614 3297 .valeamus.

2054 3341 2321 3395 Memento
2356 3343 2518 3396 etiam
2547 3381 2562 3406 ,
2595 3340 2839 3404 Domine,
2873 3354 3059 3391 eorunt
3112 3336 3202 3404 qui
3259 3344 3310 3387 te
3341 3332 3406 3385 de
3459 3340 3618 3383 nocte

2053 3434 2304 3487 invocant
2331 3451 2345 3486 :
2375 3434 2567 3485 exaudi
2626 3448 2720 3486 IOS
2750 3441 2800 3483 et
2843 3430 3104 3482 miserere
3131 3467 3144 3490 ,
3180 3427 3278 3479 sub
3321 3436 3617 3488 eorumque

2053 3524 2281 3593 pedibus
2314 3526 2495 3578 hostes
2542 3523 2842 3577 invisibiles
2897 3531 3064 3589 atque
3104 3518 3330 3572 infestos
3371 3523 3612 3568 contere.

2051 3617 2127 3670 Tu
2161 3619 2305 3671 enim
2341 3633 2398 3671 es
2439 3633 2530 3670 rex
2566 3616 2748 3685 pacis,
2797 3625 2852 3668 et
2886 3623 3135 3668 servator
3169 3618 3470 3662 nostrarum
3507 3603 3619 3656 ani-

2053 3725 2294 3774 marum;
2330 3711 2532 3775 tibique
2566 3709 2790 3774 gloriam
2837 3705 3204 3773 rependimus,
3252 3700 3417 3760 Patti,
3448 3707 3499 3748 el
3524 3695 3614 3748 Fi-

2051 3801 2140 3861 lio,
2161 3811 2213 3853 et
2241 3800 2464 3867 ngil‘tlui
2495 3810 2706 3861 saneto,
2734 3812 2874 3851 nunc
2899 3807 2951 3850 et
2983 3808 3222 3860 semper,
3249 3802 3302 3844 et
3332 3791 3382 3842 in
3417 3786 3612 3842 saecula

2049 3894 2386 3947 saeculorum.
2424 3893 2614 3945 Amen.

2628 4161 2884 4219 ORATIO
2915 4160 3025 4216 Vll.

2123 4278 2244 4332 150.
2283 4277 2418 4330 Deus
2446 4284 2501 4330 et
2554 4274 2714 4329 Pater
2773 4273 2979 4328 Domini
3038 4270 3205 4326 nostri
3235 4267 3358 4323 Jesu
3393 4264 3618 4326 Christi,

2049 4372 2139 4439 qui
2166 4387 2262 4423 nos
2293 4388 2322 4424 e
2349 4367 2551 4423 nostris
2576 4367 2829 4420 thalamis
2855 4365 3144 4418 suscitalos
3174 4361 3238 4413 ad
3281 4360 3466 4412 horam
3491 4371 3616 4409 ora-

2053 4461 2215 4513 tionis
2251 4458 2613 4528 congregasti,
2659 4457 2725 4508 da
2759 4455 2914 4507 nobis
2944 4452 3168 4521 gratiam
3206 4451 3256 4502 in
3290 4446 3612 4518 patefactio—

369 4540 497 4607 ἡμῖν
526 4539 685 4610 χάριν
709 4542 766 4592 ὲν
792 4539 994 4605 ἀνοίξει
1030 4541 1124 4594 τοῦ
1157 4543 1420 4612 στόματος
1448 4542 1625 4612 ἡμῶν,
1657 4543 1750 4594 καὶ
1776 4542 1942 4611 πρόσ-

2056 4563 2118 4600 ne
2161 4548 2294 4611 oris,
2327 4556 2382 4599 et
2413 4547 2629 4611 suscipe
2653 4559 2787 4612 quas
2815 4543 2906 4595 tibi
2941 4557 3034 4611 pro
3060 4540 3264 4592 viribus
3313 4546 3493 4606 grates
3527 4551 3615 4586 re-

366 4630 514 4696 δεξαι
538 4632 696 4702 ἡμῶν
715 4631 813 4693 τὰς
837 4631 979 4685 κατὰ
1011 4631 1237 4703 δύναμιν
1268 4633 1640 4703 εὐχαριστίας,
1676 4633 1769 4686 καὶ
1798 4632 1941 4686 δίδα-

370 4722 457 4787 ξον
489 4724 634 4792 ἡμᾶς
671 4722 738 4776 τὰ
764 4722 1106 4793 δικαιώματά
1130 4741 1242 4776 σου·
1270 4725 1351 4776 ὅτι
1386 4723 1790 4793 προσεύξασθαι
1815 4724 1939 4778 καθ’

367 4814 396 4865 ὃ
444 4813 524 4865 δεῖ
566 4815 666 4866 οὐκ
697 4815 938 4883 οἴδαμεν,
979 4815 1074 4867 ἐὰν
1115 4816 1187 4886 μὴ
1225 4816 1308 4878 σὺ,
1345 4815 1536 4885 Κύριε,
1562 4815 1636 4886 τῷ
1663 4815 1940 4886 Πνεῦματί

369 4922 466 4958 σου
501 4904 576 4976 τῷ
603 4906 741 4976 ἁγίῳ
775 4907 1044 4977 ὁδηγήσῃς
1069 4908 1233 4976 ἡμᾶς.
1277 4909 1366 4958 Διὸ
1391 4908 1621 4978 δεόμεθά
1662 4928 1775 4974 σου,
1809 4913 1862 4963 εἴ
1887 4928 1940 4964 τι

368 4999 684 5069 ἡμάρτομεν
707 4999 866 5070 μέχρι
889 5001 984 5070 τῆς
1004 5001 1283 5070 παρούσης
1303 4999 1447 5070 ῶρας
1470 5003 1528 5053 ὲν
1549 5001 1756 5071 λόγῳ,ἢ
1777 5002 1938 5072 ἔργῳ.

369 5088 400 5159 ἢ
433 5091 572 5142 κατὰ
609 5089 878 5154 διάνοιαν,
913 5090 1173 5152 ἑκουσίως
1205 5090 1236 5160 ἢ
1267 5091 1555 5153 ἀκουσίως,
1595 5093 1738 5155 ἄνες,
1783 5092 1940 5160 ἄφες,

368 5181 620 5250 συγχώρη
631 5197 738 5232 σονο
760 5180 868 5232 ἐὰν
889 5180 994 5250 γὰρ
1011 5180 1259 5247 ἀνομίας
1275 5180 1726 5249 παρίιτηρήσῃς,
1749 5185 1940 5250 Κύριε,

367 5273 563 5340 Κύριε,
584 5274 675 5338 τίς
704 5271 1106 5337 ὑποστίιξσεται
1125 5289 1143 5335 ;
1165 5273 1285 5323 Ὅτι
1301 5272 1449 5343 παρὰ
1467 5273 1548 5324 σοι
1569 5275 1602 5343 ἡ
1628 5272 1943 5346 ἀπολύτρω-

371 5381 475 5429 σις,
512 5365 574 5416 σὺ
603 5360 652 5416 εί
702 5365 860 5433 μόνος
911 5363 1062 5432 ἆγιος
1097 5363 1311 5434 βοηθὸς,
1357 5366 1611 5436 κραταιὸς
1644 5366 1945 5435 ὑπερασπι-

371 5454 500 5524 στὴς
547 5455 644 5524 τῆς
696 5455 842 5525 ζωῆς
889 5455 1066 5525 ήμῶν,
1108 5460 1204 5508 καὶ
1230 5459 1287 5508 ἐν
1322 5456 1462 5528 σοὶή
1497 5456 1730 5528 ὕμνησις
1787 5458 1942 5530 ἡμῶν

367 5546 677 5611 διαπαντός.
717 5550 814 5602 Ei’n
843 5549 904 5602 τὸ
933 5551 1130 5621 κράτος
1168 5550 1268 5620 τῆς
1303 5550 1574 5620 βασιλείας
1601 5571 1688 5605 σου
1717 5549 1940 5621 εὐλογη-

448 5764 526 5836 (a)
553 5764 696 5822 Psal.
731 5784 913 5837 cntx,
935 5771 988 5838 5,
1023 5772 1075 5825 7.

2047 4635 2296 4699 ferimus,
2321 4645 2374 4689 et
2393 4651 2489 4689 nos
2517 4637 2680 4687 edoce
2709 4630 3123 4699 justilicatioues
3152 4639 3307 4690 tuas;
3347 4627 3470 4695 quia
3505 4623 3612 4676 nisi

2049 4740 2129 4794 tu,
2172 4729 2417 4790 Domine,
2452 4741 2550 4780 nos
2593 4736 2684 4779 tuo
2740 4724 2941 4792 Spiritu
2974 4732 3163 4776 sancto
3186 4718 3477 4780 direxeris,
3510 4730 3616 4767 non

2049 4836 2340 4892 possumus
2373 4835 2532 4872 orare
2576 4827 2735 4886 prout
2759 4823 2990 4884 oportet.
3019 4811 3141 4864 Ideo
3169 4824 3419 4880 rogamus
3455 4818 3526 4870 te,
3559 4816 3618 4858 ttt

2049 4914 2092 4968 si
2138 4915 2266 4983 quid
2303 4911 2648 4981 peccavimus
2687 4922 2857 4977 usque
2904 4905 2971 4958 ad
3023 4911 3341 4971 praesentem
3385 4899 3571 4952 horam
3601 4934 3617 4957 ,

2057 5005 2244 5068 verbo,
2289 5005 2372 5056 vel
2423 5018 2609 5070 opere,
2653 5002 2734 5054 vel
2773 4997 3138 5068 cogitatione,
3162 5003 3355 5061 sponte
3401 4990 3482 5042 vel
3522 5005 3617 5042 co—

2056 5108 2195 5161 acte,
2234 5098 2495 5158 remittas,
2514 5095 2807 5154 condones,
2834 5088 3132 5158 indulgeas,
3158 5083 3280 5153 quia
3299 5084 3344 5134 si
3372 5080 3618 5147 iniquita-

2054 5201 2126 5242 tes
2157 5189 2530 5248 observaveris,
2576 5184 2814 5247 Domine,
2860 5181 3097 5240 Domine,
3141 5177 3254 5247 quis
3305 5169 3623 5227 sustinebit?

2061 5281 2322 5347 Quoniam
2351 5281 2488 5343 apud
2511 5291 2557 5329 te
2583 5275 2863 5340 redemptio
2886 5282 2957 5325 est
2987 5269 3094 5341 (a);
3130 5278 3182 5320 tu
3214 5267 3359 5319 solus
3388 5279 3445 5316 es
3469 5261 3620 5313 auxi-

2052 5374 2210 5427 liator
2252 5381 2491 5430 Sanctus,
2528 5371 2648 5420 vitae
2679 5377 2875 5419 nostrae
2907 5363 3156 5416 defensor
3204 5366 3536 5426 praepotens;
3566 5361 3620 5404 et

2052 5464 2118 5517 ad
2171 5475 2220 5516 le
2266 5473 2376 5515 tota
2427 5473 2607 5515 nostra
2642 5458 2879 5512 laudatio
2914 5453 3165 5507 refertur.
3222 5450 3510 5503 Benedicta
3548 5447 3620 5499 sit

2056 5565 2110 5608 et
2141 5553 2435 5623 gloriﬁcata
2465 5550 2613 5621 regni
2668 5550 2742 5604 tui
2783 5556 3040 5618 potestas,
3077 5541 3276 5605 Patris,
3311 5549 3362 5593 et
3398 5536 3540 5601 Filii,
3568 5545 3622 5590 et
