4076 6226
513 388 641 428 εεειι

1859 374 2392 433 ΡΗΟΕΕΘΟΜΕΝᾹ.

516 491 746 559 Spiritus
770 489 964 559 sancti,
998 504 1143 546 nunc
1176 498 1239 546 ει·
1261 505 1494 562 semper,
1525 492 1660 547 et-in
1694 493 1889 548 saecula
1918 510 2069 550 saecu-

2188 492 2349 563 μένον
2381 490 2474 545 καὶ
2504 488 2910 561 δεδοξασμένον,
2958 485 3312 559 τοῦΠατρὸς,
3340 484 3746 552 καί·’τοῦ·Υίοῦ,

511 581 704 637 lorum.
734 584 929 638 Amen.

1090 759 1345 815 ORATIO
1371 759 1501 815 VIII.

580 852 705 906 151.
761 851 986 906 Domine
1044 853 1186 906 Deus
1248 862 1473 918 noster,
1524 853 1614 921 qui
1665 868 1796 920 nos,
1856 864 2075 924 torpore
2146 856 2166 865 '

510 942 685 994 somni
720 941 998 1010 dissipato,
1030 942 1315 997 vocatione
1337 952 1527 998 sancta
1561 943 1895 1009 convocasti,
1928 952 1987 998 ut
2019 952 2075 998 et

509 1043 698 1082 manus
730 1029 1118 1084 extolleremus
1142 1040 1327 1097 noctu,
1352 1040 1415 1085 et
1442 1033 1536 1086 tibi
1570 1033 1955 1088 conﬁteremur
1977 1049 2072 1089 su—

514 1136 612 1189 per
638 1121 841 1189 judicia
861 1121 1087 1189 iustitiae
1116 1133 1252 1192 tuae;
1277 1127 1490 1196 suscipe
1515 1128 1788 1181 orationes
1830 1140 2069 1193 nostras,

510 1212 923 1282 postulationes,
971 1216 1384 1283 confessiones,
1416 1227 1711 1273 nocturnos
1759 1219 1969 1286 cultus;
2016 1229 2072 1274 et

509 1306 687 1360 tribue
715 1307 870 1361 nobis
899 1349 913 1375 ,
942 1322 976 1361 ο
1008 1308 1173 1375 Deus,
1206 1310 1540 1364 inconfusam
1577 1310 1757 1379 ﬁdem,
1788 1325 1939 1382 Spem
1974 1314 2071 1367 ﬁr-

508 1413 674 1460 mam,
704 1399 1022 1453 charitatem
1047 1400 1163 1453 sine
1197 1401 1431 1455 ﬁctione.
1466 1402 1700 1457 Benedic
1733 1413 1948 1458 nostros
1988 1405 2071 1458 iu-

511 1488 703 1543 troitus
732 1498 787 1542 et
815 1490 1015 1557 exitus,
1052 1492 1317 1557 actiones,
1346 1508 1507 1561 opera
1535 1534 1551 1559 ,
1579 1507 1860 1550 sermones
1905 1507 2066 1565 atque

508 1579 899 1649 cogitationes;
961 1589 1015 1635 et
1060 1598 1159 1639 nos
1199 1584 1522 1639 ineﬂ‘abilem
1566 1586 1861 1641 bonitatem
1921 1597 2067 1640 tuam

512 1669 815 1735 laudantes,
847 1672 1627 1740 celebrantes,bcnedicentes,
1648 1677 1713 1731 ad
1742 1678 2065 1748 principium

508 1759 612 1811 diei
648 1761 929 1827 pervenire
958 1763 1208 1817 concede.
1242 1763 1375 1829 Quia
1410 1766 1744 1839 benedictum
1778 1776 2064 1824 cstsacro—

2181 584 2278 638 καί
2310 583 2407 637 τοῦ
2454 582 2609 652 ἁγίου
2638 582 2976 653 Πνεύματος,
3003 580 3097 635 νῦν
3124 581 3218 635 καὶ
3259 580 3363 645 ἀεὶ,
3398 580 3490 632 καὶ
3520 580 3595 644 εἰς
3622 581 3749 642 τοὺς

2180 674 2381 738 αἰῶνας
2413 673 2522 727 τῶν
2548 671 2773 729 αἰώνων.
2824 672 3015 743 Ἀμήν.

2811 765 3001 819 ΕΥΧΗ
3032 765 3111 818 Η’.

2274 860 2447 931 Κύριε
2479 859 2660 923 ὀΘεὸς
2682 857 2859 929 ήμῶν,
2902 861 2931 911 6
2970 856 3071 925 τὴν
3117 854 3212 909 τοῦ
3258 854 3426 909 ὕπνου
3475 854 3748 928 ρᾳθυμίαν

2176 950 2556 1014 ἀποσκεδάσας
2581 951 2673 1019 ἀφ’
2706 948 2885 1020 ήμῶν,
2934 949 3028 1003 καὶ
3070 947 3406 1017 συγκαλέσας
3437 949 3581 1018 ἡμᾶς
3612 947 3747 1017 κλή-

2178 1055 2260 1092 σει
2288 1039 2439 1111 ἁγία,
2472 1041 2567 1092 καί
2593 1040 2650 1091 ἐν
2673 1040 2829 1092 νυκτί
2856 1040 3057 1109 ἐπᾶραι
3085 1037 3184 1100 τὰς
3216 1039 3403 1108 χεῖρας
3438 1036 3612 1107 ήμῶν,
3647 1037 3746 1090 καὶ

2176 1129 2614 1201 ὲξομολογεῖσθαί
2644 1132 2723 1184 σοι
2755 1131 2847 1183 ἐπὶ
2884 1129 2951 1183 τά
2988 1130 3229 1201 κρίματα
3276 1130 3373 1199 τῆς
3399 1125 3745 1197 δικαιοσύνης

2176 1238 2290 1274 σουο
2316 1220 2604 1291 πρόσδεξαι
2625 1221 2727 1284 τὰς
2759 1221 2970 1291 δεήσεις
2991 1225 3023 1291 ἡ
3033 1220 3169 1291 μῶν,
3200 1220 3297 1282 τὰς
3325 1217 3610 1284 ἐντεύξεις,
3640 1216 3743 1280 τὰς

2173 1307 2610 1377 ἐξομολογήσεις,
2627 1308 2726 1370 τὰς
2749 1308 3070 1380 νυκτερινὰς
3086 1307 3355 1378 λατρείας·
3392 1309 3486 1360 καὶ
3518 1306 3740 1377 χάρισαι

2173 1401 2340 1469 ἡμῖν,
2361 1402 2389 1453 6
2410 1400 2562 1464 Θεὸς,
2589 1403 2769 1453 πίστιν
2801 1401 3245 1469 ἀκαταίσχυντον,
3279 1399 3466 1454 ἐλπίδα
3493 1397 3736 1469 βεϐαίαν,

2172 1490 2393 1562 ἀγάπην
2430 1491 2810 1564 ἀνυπόκριτον.
2854 1493 3161 1563 Εύλόγησον
3190 1490 3344 1563 ήμῶν
3385 1490 3616 1552 εἰσόδους
3642 1488 3739 1542 καὶ

2171 1580 2404 1645 ἐξόδους,
2439 1582 2686 1653 πράξεις,
2721 1582 2877 1653 ἔργα,
2909 1582 3123 1649 λόγους,
3163 1580 3507 1653 ἐνθυμήσεις·
3532 1578 3626 1632 καί
3648 1578 3739 1642 δὸς

2171 1672 2303 1742 ἡμῖν
2330 1672 2667 1743 καταντῆσαι
2700 1676 2777 1736 εἰς
2810 1673 2907 1736 τὰς
2948 1673 3122 1741 ἀρχὰς
3153 1672 3251 1742 τῆς
3284 1671 3493 1742 ἡμέρας
3527 1669 3738 1724 αἰνοῦν-

2170 1781 2288 1828 τας,
2312 1764 2639 1834 ὑμνοῦντας,
2674 1764 3027 1833 εύλογοῦντας
3059 1764 3160 1833 τῆς
3182 1763 3280 1833 σῆς
3300 1762 3576 1832 ἁφρὰστου
3601 1778 3739 1831 χρηο

507 1861 751 1905 sanctum
792 1867 985 1907 nomen
1016 1863 1187 1919 tuum,
1220 1865 1274 1909 et
1306 1857 1664 1926 gloriﬁcatum
1713 1875 1937 1929 regnum
1965 1860 2064 1914 Pa—

2174 1855 2430 1925 στότητος
2453 1855 2550 1926 τὴν
2581 1855 2913 1926 ἁγαθότητα.
2931 1856 3051 1908 Ὅτι
3074 1854 3368 1924 ηὐλόγηται
3389 1853 3451 1904 τὸ
3475 1850 3736 1918 πάναγιόν

506 1946 624 2009 tris,
650 1956 705 1999 et
735 1946 877 2014 Filii,
908 1959 962 2001 et
982 1947 1216 2015 Spiritus
1247 1953 1444 2015 sancti,
1473 1968 1616 2006 nunc
1645 1963 1696 2007 et
1754 1969 1988 2026 semper,
2017 1965 2071 2010 et

506 2040 556 2094 iu
584 2039 775 2093 saecula
809 2041 1153 2119 saeculorum.
1182 2042 1375 2095 Amen.

1097 2216 1348 2273 ORATIO
1386 2214 1476 2271 IX.

589 2308 699 2363 132.
752 2306 813 2364 In
863 2309 1116 2363 cordibus
1165 2312 1389 2376 nostris,
1423 2311 1668 2375 Domine,
1696 2324 2068 2384 incorruptum

505 2398 702 2453 divinae
736 2408 843 2454 tuae
884 2401 1209 2469 cognitionis
1253 2401 1432 2456 lumen
1470 2403 1732 2471 benignus
1776 2406 2015 2458 accende
2048 2421 2064 2470 ;

503 2503 558 2545 et
583 2492 730 2561 aperi
778 2493 975 2547 mentis
1029 2504 1228 2547 nostra:
1254 2494 1439 2548 oculos
1471 2495 1535 2547 ad
1574 2496 2065 2551 considerationem

503 2583 904 2649 prmdicationis
938 2584 1286 2646 evangelicae.
1322 2585 1597 2639 Timorem
1634 2588 1912 2640 beatorum
1946 2597 2067 2642 tuo-

503 2687 623 2727 rum
669 2674 1043 2728 mandatorum
1074 2676 1231 2728 nobis
1260 2675 1513 2740 immitte,
1546 2684 1623 2740 ut,
1649 2677 1898 2731 omnibus
1942 2691 2066 2733 car.-

504 2762 721 2818 nalibus
745 2766 1200 2834 concupiscentiis
1221 2768 1576 2833 conculcatis,
1612 2767 1913 2836 spiritalem
1942 2783 2070 2823 con-

502 2858 866 2912 versationem
898 2867 1194 2924 sectemur,
1226 2861 1485 2924 sapiendo
1513 2871 1567 2914 et
1598 2860 1849 2916 faciendo
1886 2862 2067 2916 omnia

499 2963 620 3019 quae
646 2959 752 3004 tua:
779 2950 979 3018 placita
1011 2961 1138 3006 sunt
1160 2952 1445 3007 voluntati.
1476 2953 1611 3020 Quia
1648 2963 1704 3007 tu
1734 2969 1791 3010 es
1815 2955 2068 3009 sanctiﬁ-

502 3043 649 3096 catio
682 3052 736 3096 et
773 3043 1096 3099 illuminatio
1124 3055 1350 3111 nostra;
1386 3054 1442 3100 et
1483 3048 1581 3102 tibi
1615 3047 1843 3116 gloriam
1866 3063 2061 3118 repen-

501 3134 702 3200 dimus,
726 3133 898 3200 Patri,
928 3145 985 3188 et
1014 3134 1173 3203 Filio,
1216 3146 1270 3191 et
1314 3136 1538 3206 Spiritui
1562 3149 1773 3204 sancto,
1829 3155 1973 3195 nunc
2013 3148 2067 3196 et

500 3240 740 3292 semper,
773 3232 826 3281 et
849 3225 902 3281 in
939 3226 1135 3282 saecula
1167 3227 1512 3285 saeculorum.
1542 3229 1736 3285 Amen.

1100 3401 1355 3461 ORATIO
1398 3405 1462 3465 Χ.

576 3490 696 3545 155.
734 3490 962 3546 Domine
989 3493 1132 3549 Deus
1178 3502 1382 3561 noster,
1413 3494 1506 3564 qui
1558 3508 1655 3564 per
1695 3497 2065 3566 penitentiam

505 3581 816 3638 hominibus
870 3568 1241 3640 remissionem
1278 3587 1557 3654 tribuisti,
1592 3596 1648 3643 et
1694 3589 1852 3644 nobis
1889 3589 2065 3644 locum

502 3673 799 3745 agnitionis
825 3685 1168 3746 peccatorum
1193 3688 1358 3747 atque
1379 3679 1739 3735 confessionis
1766 3681 1817 3735 in
1846 3681 2069 3749 prophe-

495 3777 571 3822 Διλιι
600 3765 817 3821 Davidis
856 3767 1173 3836 poenitentia
1221 3769 1288 3823 ad
1320 3768 1532 3823 veniam
1581 3773 2016 3827 commonstrasti
2047 3789 2063 3839 ;

504 3857 641 3925 ipse,
676 3855 925 3922 Domine,
955 3856 1113 3912 nobis
1145 3857 1198 3911 in
1232 3857 1397 3911 multa
1439 3874 1503 3912 ac
1526 3860 1709 3928 gravia
1749 3861 1938 3915 delicta
1963 3863 2067 3917 mi-

502 3963 688 4005 serere
713 3989 730 4017 ,
766 3948 1063 4002 secundum
1119 3963 1372 4016 magnam
1419 3951 1849 4007 misericordiam
1884 3963 2064 4021 tuam;

501 4051 556 4093 et
586 4040 884 4094 secundum
916 4039 1312 4095 multitudinem
1354 4041 1764 4098 miserationum
1808 4054 2021 4100 tuarum
2046 4088 2061 4112 ,

502 4131 623 4186 dele
648 4131 970 4198 iniquitates
1006 4141 1242 4196 nostras,
1277 4134 1400 4200 quia
1443 4135 1538 4189 tibi
1576 4138 2069 4205 peccavimus,Do-

502 4223 669 4286 mine,
693 4221 783 4290 qui
834 4222 1038 4275 incerta
1081 4230 1133 4275 et
1182 4224 1392 4277 occulta
1426 4226 1607 4281 cordis
1638 4228 1916 4282 hominum
1940 4244 2066 4297 per-

490 4306 721 4377 ‘novisti,
753 4322 807 4367 et
860 4313 951 4382 qui
1006 4314 1152 4369 solus
1186 4314 1351 4371 babes
1402 4325 1723 4387 potestatem
1758 4320 2066 4376 remittendi

503 4413 744 4474 peccata.
783 4402 891 4458 Cor
940 4404 1199 4459 mundum
1258 4420 1381 4461 crea
1430 4408 1483 4461 in
1541 4409 1738 4474 nobis,
1774 4421 1829 4464 et
1875 4411 2065 4480 spiritu

2172 1963 2266 1998 σου
2319 1945 2508 2016 ὄνομα,
2570 1947 2664 2000 καὶ
2724 1946 3031 2011 δεδόξασταί
3072 1963 3166 1998 σου
3217 1947 3249 2016 ή
3315 1942 3575 2013 βασιλεία,
3640 1940 3735 1995 τοῦ

2170 2036 2406 2106 Πατρὸς,
2441 2038 2537 2091 καὶ
2565 2037 2658 2091 τοῦ
2679 2037 2831 2102 Υἱοῦ,
2855 2039 2947 2092 καί
2979 2037 3071 2091 τοῦ
3102 2036 3255 2105 ἁγίου
3281 2035 3613 2105 Πνεύματος,
3639 2031 3737 2086 νῦν

2170 2127 2271 2179 καὶ·
2300 2128 2404 2194 ἀεὶ,
2433 2128 2525 2180 καὶ
2552 2129 2632 2190 εἰς
2673 2129 2797 2190 τοὺς
2830 2128 3027 2188 αἰῶνας
3057 2125 3163 2178 τῶν
3200 2121 3429 2176 αἰώνων.
3472 2121 3660 2191 Ἀμήν.

2746 2234 2753 2239 '
2807 2219 2996 2272 ΕΥΧΗ
3024 2220 3100 2271 Θ’.

2239 2309 2487 2380 Λάμψον,
2543 2310 2788 2363 Δέσποτα
2821 2309 3190 2381 φιλάνθρωπε,
3222 2308 3280 2361 ὲν
3340 2308 3461 2370 ταῖς
3492 2304 3733 2376 καρδίαις

2169 2402 2202 2471 ή
2213 2401 2325 2471 μῶν
2355 2401 2417 2454 τὸ
2439 2402 2536 2472 τῆς
2568 2403 2665 2472 σῆς
2695 2401 3019 2469 θεογνωσίας
3050 2402 3164 2471 φῶς
3193 2401 3485 2471 ἀκήρατον,
3504 2397 3735 2459 καὶτοὺς

2168 2493 2265 2563 τῆς
2295 2491 2533 2554 διανοίας
2579 2491 2734 2562 ἡμῶν
2764 2491 3071 2562 ὀφθαλμοὺς
3096 2490 3354 2553 διάνοιξον
3378 2490 3458 2550 εἰς
3481 2487 3578 2557 τὴν
3625 2484 3733 2539 τῶν

2169 2582 2541 2651 εὑαγγελικῶν
2596 2601 2690 2635 σου
2742 2583 3109 2654 κηρυγμάτων
3167 2580 3492 2651 κατανόησιν
3515 2596 3526 2609 ·
3584 2577 3735 2639 ἔνθες

2168 2675 2299 2744 ἡμῖν
2326 2673 2547 2727 καὶτῶν
2589 2673 2869 2745 μακαρίων
2901 2690 2993 2726 σου
3015 2671 3238 2726 ἐντολῶν
3270 2671 3454 2741 φόϐον,
3488 2668 3596 2731 ἵνα,
3628 2667 3735 2721 πά-

2170 2781 2269 2827 σας
2317 2764 2415 2828 τὰς
2441 2765 2706 2836 σαρκικὰς
2734 2764 3028 2834 ἐπιθυμίας
3055 2764 3734 2832 καταπατήσαντες,πνευ-

2171 2855 2406 2927 ματικήν
2448 2856 2725 2910 πολιτείαν
2772 2854 3133 2926 μετέλθωμεν,
3172 2853 3350 2907 πάντα
3376 2851 3443 2904 τά
3473 2850 3605 2920 πρὸς
3640 2849 3731 2901 eti-

2168 2948 2462 3019 αρέστησιν
2512 2948 2611 3019 τὴν
2641 2947 2739 3019 σὴν
2784 2947 2879 3001 καὶ
2911 2947 3228 3017 φρονοῦντες
3266 2945 3358 2998 καὶ
3383 2944 3731 3014 πράττοντες.

2171 3039 2292 3092 Ὅτι
2329 3040 2392 3093 σὺ
2420 3035 2473 3092 εἰ
2492 3041 2520 3092 6
2563 3038 2830 3110 ἁγιασμὸς
2858 3039 2950 3091 καὶ
2975 3041 3003 3093 6
3025 3036 3298 3108 φωτισμὸς
3324 3034 3500 3107 ήμῶν,
3530 3032 3623 3086 καὶ
3650 3030 3734 3083 σοὶ

2169 3132 2266 3202 τὴν
2282 3129 2437 3194 δόξαν
2470 3131 2887 3202 ἁναπέμπομεν,
2926 3130 3004 3200 τῷ
3028 3130 3224 3200 Πατρί,
3252 3127 3345 3180 καὶ
3368 3125 3447 3196 τῷ
3471 3122 3606 3193 Υἱῷ,
3638 3121 3736 3181 καὶ

2168 3222 2246 3292 τῷ
2278 3222 2418 3293 ἁγίῳ
2439 3222 2738 3293 Πνεύματι,
2762 3221 2859 3277 νῦν
2892 3222 2987 3275 καί
3011 3222 3117 3286 ἀεὶ,
3156 3220 3249 3274 καὶ
3274 3220 3354 3282 εἰς
3378 3216 3501 3282 τοὺς
3534 3213 3752 3277 αἰῶνας.

2173 3311 2274 3367 τῶν
2306 3310 2535 3367 αἰώνων.
2584 3313 2776 3383 Ἀμήν.

2342 3462 2347 3469 ,
2750 3462 2755 3465 Α
2822 3403 3011 3456 ΕΥΧΗ
3038 3404 3096 3457 ι’.

2237 3495 2409 3567 Κύριε
2441 3498 2470 3549 6
2505 3495 2639 3558 Θεὸς
2675 3495 2911 3566 ἠμῶν,,ὁ
2943 3494 3041 3565 τὴν
3092 3492 3179 3547 διὰ
3218 3491 3506 3564 μετανοίας
3541 3490 3734 3558 ἄφεσιν

2166 3588 2278 3650 τοῖς
2312 3586 2618 3658 ἀνθρώποις
2658 3587 3061 3658 δωρησάμενος,
3093 3586 3188 3639 καὶ
3225 3585 3387 3637 τόπον
3431 3584 3561 3653 ήμῖν
3610 3583 3730 3632 ὲπι-

2167 3676 2422 3745 γνώσεως
2462 3677 2873 3748 ἁμαρτημάτων
2901 3677 2995 3729 καὶ
3034 3675 3466 3745 ὲξομολογήσεως
3494 3670 3591 3740 τὴν
3635 3666 3731 3725 τοῦ

2169 3772 2447 3843 προφήτου
2475 3770 2639 3823 Δαϐἰδ
2671 3770 2956 3841 μετάνοιαν
2981 3770 3116 3839 πρὸς
3151 3765 3494 3837 συγχώρησιν
3519 3760 3732 3814 ὑποδεί-

2169 3863 2285 3931 ξας·
2323 3864 2505 3927 αὐτὸς,
2536 3863 2801 3928 Δέσποτα,
2828 3862 3042 3926 πολλοῖς
3081 3862 3224 3932 ήμᾶς
3243 3860 3337 3913 καὶ
3367 3857 3619 3929 μεγάλοις
3637 3869 3736 3913 7:8.-

2170 3955 2581 4027 ριπεπτωκότας
2597 3954 2704 4025 πλη
2712 3954 3060 4025 μμελήμασιν
3088 3953 3329 4021 ἐλέησον,
3364 3948 3502 4007 κατά
3519 3946 3577 4000 τὸ
3592 3945 3733 4016 μέγα

2171 4064 2264 4099 σου
2308 4045 2451 4109 ἕλεος
2482 4047 2577 4099 καὶ
2609 4044 2751 4098 κατά
2795 4043 2856 4098 τὸ
2897 4044 3098 4115 πλῆθος
3133 4041 3240 4096 τῶν
3283 4039 3580 4110 οἰκτιρμῶν
3615 4052 3730 4091 σου.

2182 4135 2492 4206 Ἐξάλειψον
2524 4135 2593 4190 τὰ
2631 4136 2956 4206 ἀνομήματα
2981 4133 3157 4204 ἡμῶν,
3183 4133 3264 4186 ὅτι
3291 4132 3372 4185 σοὶ
3395 4130 3732 4202 ἡμάρτομεν,

2168 4227 2363 4298 Κύριε,
2387 4226 2465 4299 τῷ
2485 4228 2578 4281 καί
2608 4227 2677 4281 τὰ
2708 4227 2878 4297 ἄδηλα
2900 4227 2994 4280 καὶ
3015 4225 3224 4297 κρύφια
3254 4226 3351 4296 τῆς
3383 4222 3606 4295 καρδίας
3624 4219 3734 4273 τῶν

2168 4316 2470 4388 ἀνθρώπων
2527 4317 2867 4386 γινώσκοντι,
2926 4319 3020 4371 καὶ
3069 4317 3211 4395 μόνῳ
3260 4316 3435 4387 ἔχοντι
3489 4310 3734 4378 ἐξουσίαν

2170 4409 2385 4479 ἀφιέναι
2432 4410 2727 4481 ἁμαρτίας.
2760 4409 3000 4481 Καρδίαν
3029 4408 3086 4462 δὲ
3144 4407 3388 4480 καθαρὰν
3433 4405 3620 4467 κτίσας
3674 4406 3734 4462 ὲν

507 4494 791 4565 principali
809 4494 1069 4550 conﬁrma
1105 4511 1221 4560 nos,
1253 4506 1309 4552 et
1342 4497 1621 4553 manifesta
1648 4500 1801 4555 nobis
1824 4501 2065 4556 laetitiam

2173 4500 2324 4570 ἡμῖν,
2354 4501 2447 4561 καὶ
2492 4501 2760 4572 πνεύματι
2790 4501 3099 4573 ἡγεμονικῷ
3145 4499 3401 4572 στηρίξας
3430 4499 3598 4569 ἡμᾶς,
3642 4495 3733 4597 καὶ

504 4586 860 4641 salutaristui
896 4607 908 4641 :
941 4601 1009 4642 ne
1038 4588 1293 4657 proj‘icias
1323 4604 1422 4644 nos
1446 4604 1478 4644 a
1516 4590 1652 4646 facie
1685 4600 1770 4646 tua
1809 4592 1919 4663 (a);
1971 4596 2064 4649 sed

2171 4591 2269 4660 τὴν
2304 4590 2623 4659 ἀγαλλίασιν
2645 4591 2736 4645 τοῦ
2768 4591 3034 4664 σωτηρίου
3053 4608 3142 4643 σου
3169 4589 3440 4660 γνωρίσας
3475 4589 3628 4658 ήμῖν,
3658 4584 3733 4655 μὴ

502 4683 710 4751 placeat
742 4677 861 4743 tibi,
897 4679 1038 4734 bono
1077 4688 1129 4732 et
1160 4679 1412 4750 benigno,
1444 4688 1499 4735 ttt
1530 4697 1697 4751 usque
1732 4684 1797 4738 ad
1820 4696 2064 4741 nostrum

498 4783 800 4827 extremum
842 4770 1070 4825 halitum
1102 4769 1394 4825 offeramus
1423 4772 1518 4827 tibi
1549 4774 1876 4828 sacriﬁcium
1905 4776 2069 4844 justi-

504 4864 612 4929 tiae,
640 4871 692 4917 et
714 4861 1043 4916 oblationem
1068 4875 1231 4930 super
1256 4870 1442 4916 sancta
1476 4869 1569 4913 tua
1598 4862 1822 4930 altaria;
1857 4866 2067 4918 miseri-

499 4953 709 5021 cordia,
743 4951 1182 5007 miserationibus
1205 4990 1219 5016 ,
1252 4961 1306 5005 et
1333 4950 1671 5021 benignitate
1704 4955 1963 5024 unigeniti
1988 4957 2065 5011 tui

501 5045 645 5111 Filii,
686 5058 917 5115 quocum
951 5043 1269 5098 benedictus
1300 5057 1359 5098 es
1385 5083 1400 5107 ,
1454 5060 1576 5117 cum
1625 5046 1973 5104 sanctissimo
2013 5059 2069 5104 et

500 5141 642 5195 bono
670 5148 726 5194 et
757 5138 971 5193 viviﬁco
1005 5144 1098 5192 tuo
1122 5137 1332 5206 Spiritu
1387 5153 1528 5196 nunc
1562 5149 1619 5194 et
1652 5154 1891 5212 semper,
1926 5152 1982 5199 et
2010 5144 2061 5199 in

498 5229 697 5287 saecula
726 5228 1066 5286 saeculorum.
1105 5230 1299 5283 Amen.

1089 5403 1346 5460 ORATIO
1384 5404 1476 5458 XI.

574 5497 696 5555 154.
747 5498 913 5563 Deus,
964 5498 1109 5553 Deus
1159 5506 1363 5562 noster,
1398 5498 1491 5568 qui
1527 5498 1832 5553 intellectus
1878 5507 1934 5553 et
1974 5515 2064 5554 ra~

504 5589 668 5644 tionis
696 5589 988 5659 participes
1012 5589 1256 5645 Virtutes
1298 5597 1388 5644 tua
1432 5591 1708 5647 voluntate
1740 5593 2021 5649 condidisti
2047 5635 2062 5660 ,

505 5696 819 5752 quaesumus
875 5691 928 5736 te
982 5690 1143 5751 atque
1172 5683 1534 5753 obtestamur,
1568 5685 1780 5756 suscipe
1829 5696 2065 5744 nostram

570 5793 645 5863 (α)
681 5792 822 5849 Psal.
856 5809 907 5858 ι,
948 5794 1032 5860 ιε,
1068 5796 1154 5851 ιδ.

2168 4678 2481 4752 ἀπορρίψῃς
2507 4681 2659 4751 ἡμᾶς
2702 4679 2809 4733 ἀπὸ
2834 4680 2927 4733 τοῦ
2961 4680 3251 4752 προσώπου
3289 4692 3403 4730 σου*
3451 4674 3565 4729 ἀλλ’
3587 4672 3737 4726 εὐδό-

2170 4787 2358 4841 κησον,
2385 4770 2459 4834 ὡς
2484 4769 2686 4839 ἀγαθὸς
2714 4771 2809 4825 καὶ
2841 4771 3237 4843 φιλάνθρωπος,
3269 4770 3430 4840 μέχρι
3448 4767 3545 4837 τῆς
3572 4763 3736 4835 ἐσχά-

2166 4879 2270 4933 της
2294 4861 2449 4934 ἡμῶν
2474 4863 2769 4933 ἀναπνοῆς,
2792 4863 3118 4934 προσφέρειν
3150 4878 3229 4914 σοι
3247 4861 3435 4913 θυσίαν
3459 4856 3735 4912 δικαιοσύ-

2169 4971 2290 5026 νης,
2329 4955 2425 5010 καὶ
2458 4956 2737 5027 ἀναφορὰν
2764 4956 2823 5008 ὲν
2849 4959 2960 5019 τοῖς
2984 4955 3158 5022 ἁγίοις
3191 4971 3281 5007 σου
3310 4948 3736 5020 θυσιαστηρίοις,

2169 5046 2333 5112 ἐλέει,
2365 5048 2670 5117 οἰκτιρμοῖς
2722 5045 2816 5099 καί
2871 5044 3248 5117 φιλανθρωπίᾳ
3279 5042 3373 5097 τοῦ
3419 5038 3739 5113 μονογενοῦς

2170 5156 2266 5193 σου
2301 5137 2455 5204 Υίοῦ,
2498 5138 2615 5210 μεθ’
2644 5156 2703 5194 ου
2733 5139 3020 5209 εὐλογητὸς
3050 5134 3117 5203 εί,
3148 5138 3242 5191 σὺν
3272 5135 3350 5206 τῷ
3373 5134 3625 5203 παναγίῳ
3644 5130 3740 5185 καὶ

2168 5230 2359 5302 ἀγαθῷ
2384 5231 2480 5285 καὶ
2509 5230 2754 5302 ζωοποιῷ
2780 5247 2871 5285 σου
2910 5229 3206 5301 Πνεύματι,
3232 5228 3327 5282 νῦν
3365 5228 3457 5282 καὶ
3484 5226 3593 5293 ἀεὶ,
3642 5223 3740 5277 καί⁸

2168 5325 2249 5388 εἰς
2265 5325 2392 5388 τοὺς
2413 5322 2613 5387 αἰῶνας
2632 5321 2740 5376 τῶν
2773 5322 3002 5377 αἰώνων.
3047 5322 3239 5394 Ἀμήν.

2778 5412 2972 5466 ΕΥΧΗ
3004 5414 3106 5468 IA'.

2250 5504 2311 5558 Ὀ
2359 5504 2510 5571 Θεὸς,
2548 5506 2578 5557 6
2604 5503 2736 5568 Θεὸς
2775 5503 2955 5575 ήμῶν,
2984 5507 3012 5558 6
3059 5503 3157 5569 τὰς
3189 5506 3381 5574 νοερὰς
3398 5505 3492 5559 καὶ
3512 5504 3734 5573 λογικάς

2170 5596 2616 5668 ὑποστησάμενος
2640 5596 2905 5668 Δυνάμεις
2925 5595 3004 5667 τῷ
3029 5597 3105 5669 σῷ
3122 5596 3404 5669 θελήματι·
3431 5597 3525 5650 σοῦ
3550 5596 3734 5664 δεόμε-

2171 5689 2258 5759 θα,
2292 5691 2385 5744 καὶ
2424 5691 2484 5744 σὲ
2544 5690 2876 5761 ἱκετεύομεν,
2932 5688 3217 5760 πρόσδεξαι
3275 5689 3433 5761 ήμῶν
3488 5687 3582 5743 καὶ
3629 5684 3736 5740 τῶν
