4076 6226
1492 389 1889 446 ACOLUTIHA
1929 391 2267 450 TRIPLICI‘S
2302 392 2533 450 FESTI.-

3484 408 3637 452 (ιεω

401 508 712 579 κτισμάτων
739 523 835 561 σου
867 506 1085 561 πάντων
1106 518 1203 580 την
1223 508 1364 560 κατὰ
1391 507 1618 579 δύναμιν
1639 509 1963 578 δοξολογίαν,

2087 512 2437 580 omniumque
2480 523 2692 565 tuarum
2747 517 3115 566 creaturarum
3149 507 3590 581 glorificationem
3616 548 3634 574 ,

400 600 494 654 καὶ
522 602 643 663 ταῖς
685 599 950 662 πλουσίας
992 600 1093 671 τῆς
1133 600 1233 670 σῆς
1275 599 1610 670 άγαθότητος
1643 600 1972 671 άντάμειψαι

398 689 645 760 δωρεαῖς·
680 689 761 741 ὅτι
796 688 880 741 σοὶ
907 688 1146 759 κάμπτει
1181 690 1288 743 πᾶν
1312 691 1460 758 γόνυ,
1489 690 1845 761 ἐπουρανίων,
1880 692 1973 745 καὶ

400 777 677 846 ἐπιγείων,
698 779 792 831 καὶ
808 778 1195 849 καταχθονίωψ
1225 780 1319 834 καὶ
1340 782 1490 834 πᾶσα
1511 779 1646 851 πνοὴ
1673 780 1768 833 καὶ
1797 781 1973 847 κτίσις

401 870 561 939 ὑμνεῖ
590 870 688 941 τὴν
723 869 1107 939 ἀκατάληπτόν
1136 888 1228 924 σου
1255 870 1431 936 δόξαν·
1455 872 1613 941 μόνος
1633 871 1741 942 γὰρ
1759 869 1810 925 εἷ
1839 873 1972 938 Θεὸς

399 955 650 1027 ἀληθινὸς
693 957 789 1010 καὶ
843 958 1146 1022 πολυέλεος.
1184 960 1307 1012 Ὅτι
1351 962 1410 1012 σὲ
1464 960 1674 1013 αἰνοῦσι
1717 961 1887 1014 πᾶσαι
1913 964 1970 1014 αί

401 1049 668 1119 Δυνάμεις
692 1048 800 1101 τῶν
830 1049 1094 1120 οὐρανῶν,
1121 1052 1218 1103 καὶ
1260 1052 1344 1103 σοὶ
1372 1050 1527 1117 δόξαν
1554 1051 1968 1121 ὰναπέμπομεν,

401 1138 477 1208 τῷ
503 1140 693 1211 Πατρὶ,
728 1141 823 1193 καὶ
844 1140 922 1209 τῷ
948 1140 1081 1211 Υίῷ,
1112 1142 1205 1194 καὶ
1232 1141 1310 1212 τῷ
1349 1142 1488 1212 ἁγίῳ
1528 1141 1827 1212 Πνεύματι,
1877 1143 1970 1197 νῦν

401 1229 494 1283 καὶ
524 1228 629 1292 ἀεὶ,
658 1231 751 1281 καὶ
782 1230 861 1292 είς
905 1231 1030 1292 τοὺς
1066 1230 1267 1292 αἰῶνας
1314 1230 1420 1283 τῶν
1446 1231 1675 1284 αἰώνων.
1723 1233 1912 1302 Ἀμήν.

1030 1321 1217 1372 ΕΥΧΗ
1235 1322 1333 1374 lB'.

470 1412 733 1483 Αίνοῦμεν
753 1453 768 1478 ,
815 1412 1111 1485 ὑμνοῦμεν,
1139 1413 1462 1487 εὐλογοῦμεν
1492 1418 1585 1471 κα)⁸
1622 1421 1969 1495 εὐχαριστοῦ-

404 1504 505 1574 μέν
554 1521 655 1569 σοι,
684 1506 713 1557 ό
745 1505 876 1568 Θεὸς
899 1504 1009 1558 τῶν
1052 1505 1303 1577 πατέρων
1335 1509 1367 1577 ἡ
1377 1508 1514 1578 μῶν,
1549 1510 1629 1563 ὅτι
1650 1516 1969 1585 παρήγαγες

397 1595 497 1665 τὴν
534 1596 689 1648 σκιάν
714 1596 815 1666 τῆς
848 1596 1058 1660 νυκτὸς,
1088 1598 1182 1649 καὶ
1207 1597 1409 1663 ἔδειξας
1426 1602 1555 1671 ἡμῖν
1586 1604 1747 1657 πάλιν
1769 1607 1829 1659 τὸ
1855 1607 1969 1676 φῶς

398 1688 497 1756 τῆς
543 1688 776 1759 ἡμέρας.
838 1688 976 1741 Ἀλλ’
1030 1690 1343 1760 ἱκετεύομεν
1368 1692 1466 1762 τὴν
1499 1693 1596 1763 σὴν
1635 1696 1965 1767 άγαθότητα,

401 1777 645 1849 ἱλάσθητι
700 1782 821 1842 ταῖς
863 1780 1158 1851 ἁμαρτίαις
1185 1781 1363 1851 ήμῶν,
1419 1784 1511 1835 καὶ
1554 1785 1841 1857 πρόσδεξαι
1868 1790 1966 1860 τὴν

2072 603 2492 670 uniuscujusque
2536 600 2746 655 viribus
2793 609 3182 670 congruentem
3212 639 3229 664 ,
3260 608 3316 653 et
3361 595 3631 652 afﬂuentia

2072 693 2332 748 bonitatis
2382 703 2486 747 tua:
2518 696 2654 747 dona
2707 695 2972 761 repende;
3009 694 3134 759 quia
3166 690 3260 746 tibi
3282 706 3446 746 omne
3492 705 3632 760 genu

2070 783 2328 849 ﬂectitur,
2384 784 2685 838 caelestium
2721 824 2738 851 ,
2792 785 3130 837 terrestrium
3165 794 3217 837 et
3249 782 3630 846 infernorum;

2068 876 2353 943 omnisque
2378 877 2613 944 ‘spiritus
2644 890 2709 932 ac
2750 886 2999 930 creatura
3034 874 3273 929 celebrat
3323 874 3631 941 incompre-

2068 967 2387 1022 bensibilem
2423 969 2650 1038 gloriam
2686 977 2858 1022 tuam.
2911 948 3046 1033 Quia
3079 977 3131 1019 te
3178 966 3399 1018 laudant
3435 976 3627 1018 omnes

2071 1059 2311 1113 Virtutes
2352 1061 2607 1113 caelorum
2634 1099 2650 1122 ,
2681 1067 2735 1112 et
2779 1073 2878 1112 nos
2911 1059 3006 1111 tibi
3056 1057 3280 1127 gloriam
3334 1055 3632 1118 reddimus,

2068 1148 2257 1212 Patri,
2288 1158 2344 1203 et
2371 1150 2527 1214 Filio,
2552 1159 2605 1203 et
2644 1148 2870 1219 Spiritui
2905 1159 3116 1215 sancto,
3147 1161 3286 1201 nunc
3319 1156 3374 1201 et
3396 1158 3630 1215 semper,

2069 1252 2122 1296 et
2152 1242 2203 1295 in
2222 1242 2413 1297 saecula
2438 1242 2776 1295 saeculorum.
2807 1242 2977 1293 Amen

2649 1329 2907 1385 ORATIO
2947 1328 3061 1383 XII.

2139 1422 2262 1476 153.
2319 1422 2668 1490 Laudamus,
2719 1422 3095 1485 celebramus,
3152 1410 3553 1473 benedieimus‘
3575 1421 3633 1469 et

2076 1514 2282 1581 gratias
2317 1512 2527 1581 agimus
2555 1514 2669 1574 tibi,
2707 1511 2849 1565 Deus
2886 1520 3097 1580 patrum
3128 1519 3461 1591 nostrorum,
3490 1503 3632 1572 quod

2068 1598 2418 1669 dissipaveris
2470 1600 2715 1654 umbram
2762 1601 2975 1661 noctis,
3005 1608 3057 1653 et
3095 1599 3249 1652 nobis
3289 1596 3395 1650 diei
3444 1594 3626 1646 lumen

2068 1693 2262 1744 iterum
2300 1691 2629 1745 ostenderis.
2667 1691 2865 1745 Verum
2918 1692 3214 1746 bonitatem
3269 1698 3414 1742 tuam
3471 1685 3631 1739 obse-

2067 1796 2305 1845 cramus,
2353 1782 2623 1851 propitius
2650 1792 2766 1836 esto
2793 1783 3032 1851 peccatis
3060 1782 3285 1845 nostris,
3313 1788 3367 1834 et
3393 1791 3490 1846 pro
3513 1788 3630 1829 ma-

397 1867 579 1938 δέησιν
605 1870 636 1939 ὴ
646 1869 759 1939 μῶν
781 1871 838 1922 ἐν
881 1874 946 1941 τῇ
980 1872 1188 1943 μεγάλῃ
1206 1890 1298 1926 σου
1327 1874 1713 1947 εὐσπλαγχνίᾳ⁸
1734 1878 1815 1931 ὅτι
1831 1881 1963 1951 πρὸς

2069 1887 2170 1938 gua
2202 1872 2573 1927 misericordia
2604 1883 2688 1925 tua
2725 1883 2944 1928 nostras
2974 1889 3163 1942 preces
3211 1872 3472 1926 admitte:
3503 1866 3630 1936 quia

400 1960 459 2012 σὲ
486 1960 922 2032 καταφεύγομεν,
969 1962 1060 2015 τὸν
1119 1964 1388 2034 ἐλεήμονα
1420 1966 1513 2018 καὶ
1562 1967 1964 2040 παντοδύναμον

396 2050 551 2104 Θεόν.
578 2054 803 2123 Λάμψον
831 2056 888 2107 ἐν
936 2057 1056 2118 ταῖς
1102 2055 1347 2126 καρδίαις
1381 2056 1536 2126 ἡμῶν
1580 2057 1671 2110 τὸν
1716 2059 1961 2130 ἀληθινὸν

395 2143 545 2212 ἣλιον
592 2144 692 2213 τῆς
718 2145 1061 2216 δικαιοσύνης
1106 2163 1222 2213 σου,
1262 2146 1493 2215 φώτισον
1521 2147 1611 2202 τὸν
1638 2148 1761 2201 νοῦν
1785 2151 1961 2221 ήμῶν,

398 2237 492 2287 καὶ
523 2235 623 2299 τάς
656 2236 934 2307 αἰσθήσεις
962 2238 1087 2301 ὅλας
1110 2239 1453 2309 διατήρησον,
1484 2239 1589 2304 ἵνα,
1614 2240 1688 2303 ὡς
1703 2243 1760 2293 ὲν
1784 2242 1965 2313 ἡμέρᾳ

396 2327 743 2396 εὐσχημόνως
769 2327 1191 2398 περιπατοῦντες
1204 2328 1301 2399 τὴν
1330 2328 1448 2382 ὁδὸν
1468 2329 1575 2384 τῶν
1605 2331 1831 2386 ἐντολῶν
1848 2351 1960 2402 σου,

398 2420 819 2488 καταντήσωμεν
849 2420 930 2482 είς
960 2419 1056 2490 τὴν
1084 2419 1229 2491 ζωὴν
1258 2422 1356 2492 τὴν
1398 2420 1633 2485 αἰώνιον,
1683 2423 1764 2476 ὅτι
1815 2426 1965 2495 παρὰ

397 2511 477 2571 σοί
499 2513 642 2565 ἐστιν
665 2513 863 2583 ήπηγὶν
891 2514 987 2584 τῆς
1015 2512 1177 2585 ζωῆς·
1204 2516 1296 2567 καὶ
1315 2517 1371 2567 ὲν
1392 2514 1689 2568 ἀπολαύσει
1712 2516 1962 2584 γενέσθαι

394 2602 817 2674 καταξιωθῶμεν
836 2603 930 2657 τοῦ
956 2605 1249 2674 ἀπροσίτου
1282 2607 1478 2675 φωτὸς,
1513 2608 1596 2659 ὅτι
1627 2608 1691 2659 σὺ
1715 2603 1766 2659 εἷ
1788 2609 1815 2660 ὁ
1834 2608 1965 2673 Θεὸς

392 2693 571 2764 ἡμῶν,
603 2695 695 2747 καὶ
730 2694 813 2747 σοὶ
841 2694 940 2764 τὴν
991 2694 1147 2759 δόξαν
1181 2696 1597 2768 ἀναπέμπομεν,
1650 2698 1728 2769 τῷ
1766 2698 1958 2769 Πατρὶ,

394 2785 488 2838 καὶ
538 2786 616 2855 τῷ
672 2786 808 2857 rus,
869 2788 963 2840 καὶ
1028 2786 1105 2857 τῷ
1163 2788 1304 2859 ἁγίῳ
1365 2790 1662 2860 Πνεύματι,
1720 2787 1814 2843 νῦν
1872 2788 1964 2842 καὶ

394 2877 502 2942 ἀεὶ,
532 2879 625 2931 καὶ
656 2880 736 2940 είς
782 2879 908 2941 τοὺς
937 2878 1135 2941 αἰῶνας
1152 2878 1261 2933 τῶν
1296 2879 1525 2934 αἰώνων.
1564 2881 1756 2951 Ἀμήν.

463 2967 598 3024 Εἶτα
645 2972 793 3039 λέγει
834 2971 935 3042 τὴν
986 2973 1226 3043 μεγάλην
1273 2974 1571 3043 συναπτήν.
1606 2972 1762 3027 Μετὰ
1790 2971 1963 3044 δὲτὴν

392 3064 721 3136 ὲκφώνησιν,
768 3063 1051 3133 ψάλλεταν
1127 3065 1211 3119 "0
1243 3065 1374 3128 Θεὸς
1432 3063 1659 3137 Κύριος.

2068 1967 2135 2019 ad
2170 1975 2222 2020 te
2249 1966 2591 2034 confugimus
2617 2006 2632 2031 ,
2663 1968 3072 2021 misericordem
3112 1974 3167 2019 et
3203 1963 3628 2031 omnipotentem

2068 2054 2257 2107 Deum.
2290 2054 2347 2107 lu
2377 2055 2632 2109 cordibus
2679 2056 2880 2109 nostris
2931 2054 3099 2109 solem
3150 2051 3375 2123 justitiaa
3407 2061 3631 2102 tute'ae-

2066 2145 2255 2207 cende.
2286 2155 2519 2199 mentem
2559 2156 2799 2198 nostram
2832 2146 3095 2208 illumina,
3120 2156 3411 2211 omnesque
3438 2153 3628 2194 sensus

2061 2252 2343 2299 conserva,
2368 2246 2423 2289 ut
2453 2245 2709 2304 tanquam
2746 2236 2798 2288 in
2829 2236 2917 2289 die
2957 2250 3053 2303 per
3086 2235 3224 2287 viam
3252 2231 3627 2285 mandatorum

2064 2337 2274 2382 tuorum
2302 2328 2525 2395 pulchre
2553 2325 2916 2390 ambulantes,
2953 2326 3018 2379 ad
3043 2325 3204 2377 vitam
3251 2320 3628 2391 perveniamus

2061 2430 2316 2475 mternatn
2352 2461 2366 2485 ,
2408 2421 2533 2489 quia
2585 2420 2707 2473 fons
2747 2418 2872 2471 vita:
2898 2420 3041 2488 apud
3091 2426 3141 2470 te
3188 2424 3304 2479 est;
3339 2424 3396 2468 et
3425 2411 3629 2465 lumine

2064 2512 2347 2566 inaccesso
2401 2510 2605 2579 perfrui
2661 2524 2990 2571 mereamur,
3018 2510 3141 2577 quia
3176 2519 3228 2560 tu
3272 2508 3411 2561 Deus
3439 2511 3628 2559 uoster

2061 2619 2141 2668 es,
2171 2613 2225 2656 et
2250 2603 2343 2656 tibi
2378 2603 2649 2655 reddimus
2670 2602 2917 2671 gloriam,
2968 2599 3135 2661 Patri,
3166 2608 3220 2651 et
3245 2598 3400 2663 Filio,
3426 2604 3481 2649 et
3502 2609 3628 2648 san-

2063 2703 2153 2747 cto
2176 2693 2424 2762 Spiritui,
2450 2707 2592 2747 nunc
2623 2701 2677 2746 et
2706 2707 2938 2759 semper,
2972 2699 3024 2744 ct
3056 2690 3107 2744 in
3164 2690 3356 2743 sarcula
3404 2686 3627 2743 saeculo-

2063 2801 2206 2841 rum.
2238 2785 2428 2838 Amen.

2131 2958 2254 3015 156.
2284 2978 2303 3009 ι
2341 2958 2543 3013 Deinde
2569 2958 2765 3012 recitat
2788 2971 3037 3027 magnam
3072 2955 3370 3010 collectam.
3412 2953 3477 3007 Et
3502 2963 3625 3024 post

1988 3076 2030 3131 ε
2061 3052 2500 3109 exclamationem
2530 3052 2673 3104 canit
2698 3069 2712 3105 :
2744 3050 2884 3104 Deus
2914 3048 3191 3104 Dominus.

462 3180 638 3235 Count.
664 3179 853 3248 Magna
887 3180 972 3232 illa
1006 3179 1228 3234 collecta
1264 3189 1319 3234 et
1347 3180 1677 3235 exclamatio
1701 3180 1890 3234 eadem
1923 3184 2213 3242 est,quam
2239 3167 2487 3249 dedimus
2523 3179 2689 3249 ξυρτξ
2725 3180 2876 3249 "1""?-
2906 3164 3076 3249 Ἔχετ’
3110 3161 3405 3249 πιθὶφτῖῗιξιε
3426 3163 3624 3249 @509-

394 3234 514 3312 ris,
571 3234 811 3315 adeoque
866 3265 1319 3318 supervacaneum
1372 3234 1515 3305 esset
1561 3266 1682 3304 eam
1734 3251 1824 3305 hic
1870 3259 1963 3304 tot:

2072 3234 2354 3318 repetere.
2387 3238 2474 3318 Ad
2505 3235 2586 3318 re,
2636 3236 2692 3288 '0
2746 3234 2879 3318 Θεὸς
2925 3234 3129 3318 Ιςύριος
3153 3272 3182 3318 ,.
3216 3237 3358 3318 quod
3398 3234 3621 3318 attinet,

394 3320 534 3373 forte
583 3319 655 3372 illi
684 3322 1106 3373 subnecteudum
1142 3329 1227 3373 est
1272 3335 1335 3373 ex
1371 3318 1658 3388 Horologio
1721 3338 1735 3372 :

1803 3302 1913 3373 atat
1938 3302 2366 3388 énétpaveu‘ﬁpiv
2386 3305 2752 3388 .eftkox‘ﬂttevog
2780 3305 2808 3355 ὁ
2839 3302 3145 3388 ἐρχόμενος.
3166 3304 3223 3388 ὲν
3265 3302 3625 3388 ὀνόματιξυῖ

394 3390 510 3461 ρίου
541 3406 555 3441 :
592 3408 610 3439 ‹
647 3389 710 3441 Et
741 3390 987 3457 apparuit
1016 3390 1189 3452 nobis,
1217 3390 1528 3461 benedictus
1557 3374 1644 3457 ᾤιί
1679 3390 1823 3461 venit
1859 3390 1908 3441 in
1941 3374 2159 3461 nomine
2194 3374 2421 3461 Dotuiui.
2455 3396 2473 3427 ι
2520 3374 2777 3443 Τγοὶυιιιη
2802 3387 2980 3426 autem
3016 3375 3074 3428 S.
3116 3376 3271 3426 Saba:
3301 3375 3430 3426 dicit
3489 3374 3621 3428 illud

393 3450 535 3521 caui,
559 3475 663 3511 non
689 3475 717 3511 a
742 3450 1041 3522 sacerdote,
1081 3450 1184 3513 sed.
1215 3474 1244 3510 a
1281 3450 1895 3525 designato'mouaeho:
1947 3453 2107 3510 verba
2143 3450 2255 3502 hate
2295 3456 2453 3501 διιηιε

460 3546 574 3601 Εἶθ’
624 3548 796 3612 οὕτως
831 3551 860 3601 ὁ
912 3550 1126 3620 ταχθεὶς
1168 3549 1397 3621 μοναχὸς
1445 3551 1537 3619 ἀφ’
1589 3550 1824 3622 ἑσπέρας
1877 3550 1957 3614 είς

390 3640 452 3695 τὸ
495 3643 849 3711 προκείμενον
893 3643 989 3711 τῆς
1032 3642 1280 3712 ἡμέρας,
1329 3643 1560 3711 ποιήσας
1601 3641 1699 3712 τὴν
1749 3640 1951 3712 συνήθη

393 3733 679 3803 μετάνοιαν
732 3730 810 3801 τῷ
858 3732 1144 3803 ἡγουμένῳ
1172 3772 1187 3797 ,
1232 3732 1429 3802 ψάλλει
1478 3725 1537 3785 τὸ
1564 3774 1579 3792 .
1641 3731 1785 3798 Θεὸς
1834 3731 1950 3785 Κύ-

386 3842 532 3901 ριος.

2131 3540 2255 3596 157.
2344 3537 2630 3605 Absoluta]
2680 3535 3108 3599 exclamatione,
3188 3541 3422 3589 statutus
3510 3533 3621 3603 jam

2064 3634 2190 3688 inde
2240 3646 2269 3684 a
2322 3628 2577 3699 Vesperis
2628 3628 2968 3689 monachus,
3012 3627 3077 3679 ad
3112 3626 3213 3680 diei
3263 3624 3620 3694 propositum,

2060 3724 2200 3780 facta
2253 3722 2431 3777 abbati
2505 3719 2806 3774 reverentia
2838 3759 2855 3784 ,
2924 3718 3073 3773 cauit
3141 3735 3155 3771 :
3213 3717 3355 3771 Deus
3433 3715 3622 3769 Domi-

2062 3833 2182 3870 πω.

475 3890 650 3975 Con.
711 3890 842 3973 Post
914 3918 1248 3988 στιχολογιαν
1298 3927 1602 3988 sequuntur
1660 3917 1905 3988 sticbera
1967 3918 2333 3988 sapclorllmg
2384 3919 2611 3988 (ΙυοΓΨΡ
2679 3903 2815 3956 res”
2874 3901 2965 3955 Ῑυκ
3028 3900 3621 3988 πιῑιιιίιχξΕειιέιυεςέω

394 3969 833 4045 ιιῑοῄἇοῖἑιηᾶιιιῆ
866 4028 880 4053 ,
926 3969 1069 4057 qua.»
1129 3969 1235 4041 ea"
1265 3969 1501 4057 "legari.
1553 3969 2078 4057 q..s’ai.‘"’uenmis_
2130 3969 2420 4057 yncantur;
2458 3974 2822 4057 maloeare,
2876 3988 2985 4025 non
3042 3969 3108 4025 eo
3163 3969 3619 4057 εςιιειεγιιιίίξλιξξ-

392 4040 786 4127 Eéﬁuii'f'quo
856 4040 960 4109 i'lla'
1006 4040 1314 4125 accepimus
1351 4040 1535 4126 'supra
1570 4040 1584 4055 ’
1614 4040 1759 4110 num.
1824 4057 1893 4111 85
1924 4093 1939 4117 ,
1985 4048 2079 4127 sed
2130 4047 2293 4127 longe
2353 4046 2486 4127 alio.
2532 4040 2645 4098 110ιὲ
2694 4044 2946 4127 nimirum
2981 4041 3407 4127 ικῖιιιισιιῃείᾼσιι
3444 4040 3620 4127 (ξαρρ-

391 4107 954 4196 ἷιῖξᾟιῖεεᾚέἀεῆιιο
1007 4107 1541 4196 βὲὶὲόινίιιῖιυὶῗὶιι
1603 4107 1938 4196 asserui};
1979 4118 2179 4196 aliquid
2230 4107 2520 4168 ievamiuis
2575 4114 2920 4167 concedatur.
2984 4107 3171 4166 Potest
3224 4112 3412 4179 itaque
3462 4107 3621 4163 κάθι-

374 4191 507 4268 -σμα
534 4191 725 4253 Latine
752 4197 900 4251 reddi
929 4191 1112 4249 sessio.
1156 4194 1305 4249 Habe
1332 4197 1494 4265 igitur
1517 4196 1677 4266 hujus
1709 4195 1868 4251 ofﬁcii
1892 4191 2233 4249 eathisutata.

461 4288 615 4342 Μετὰ
642 4290 741 4360 τὴν
768 4295 815 4341 α’
842 4287 1177 4357 στιχολογίαν
1203 4286 1468 4358 κάθισμα.

457 4378 629 4452 τΗχος
658 4382 723 4448 δ’,
750 4381 886 4452 πρὸς
918 4380 1066 4450 Ταχὺ
1097 4381 1498 4451 προκατάλαδε.

456 4474 740 4543 Φωστῆρες
783 4470 1165 4542 ύπέρλαμπροι
1205 4471 1306 4539 τῆς
1350 4471 1671 4541 Ἐκκλησίας
1700 4469 1955 4541 Χριστοῦ,

2138 4277 2267 4332 Post
2301 4276 2529 4346 primam
2569 4273 2939 4344 stichologiam
2970 4275 3162 4327 sessio.

2132 4367 2314 4422 Tonus
2344 4367 2397 4431 4,
2423 4368 2565 4421 sicut
2604 4365 2752 4436 Ταχὺ
2784 4364 3184 4435 προκατάλαὸε.

2048 4504 2053 4509 .
2132 4459 2255 4514 158.
2286 4458 2537 4513 Ecclesia:
2561 4473 2783 4512 corusca
2816 4456 3121 4521 luminaria,
3143 4454 3401 4510 doctrinis
3428 4455 3621 4510 vestris

388 4562 478 4615 τὸν
499 4561 702 4630 κόσμον
741 4558 1043 4626 ὲφωτίσατε
1082 4563 1202 4623 ταῖς
1234 4560 1475 4630 διδαχαῖς
1503 4560 1674 4631 ὑμῶν·
1712 4560 1953 4631 ιΙατέρες

2065 4550 2410 4605 collustrastis
2430 4549 2647 4611 orbem;
2682 4547 2911 4601 confixis
2935 4546 3186 4600 omnibus
3202 4560 3364 4615 prave
3384 4545 3621 4602 sentien-

389 4650 656 4720 θεόσοφοι,
685 4650 955 4720 πήξαντες
1001 4648 1099 4713 τάς
1146 4651 1385 4721 αἱρέσεις
1409 4651 1625 4704 πάντων
1659 4650 1766 4704 τῶν
1787 4669 1951 4704 κακο-

387 4740 572 4805 δόξων,
596 4740 883 4802 σϐέσαντες
909 4740 1007 4802 τὰς
1022 4740 1313 4809 φλογώδεις
1335 4740 1445 4793 τῶν
1482 4742 1810 4812 βλασφήμων
1830 4761 1955 4811 συγ-

389 4832 591 4904 χύσεις.
622 4832 733 4898 Διὸ,
767 4832 842 4895 ὼς
873 4832 1119 4903 ίεράρχαι
1150 4833 1406 4896 Χριστοῦ,
1452 4833 1821 4903 πρεσϐεύσατε
1849 4852 1953 4888 σω-

390 4921 546 4992 θῆναι
563 4923 728 4992 ἡμᾶς.

450 5011 607 5077 Δόξα.
636 5011 709 5063 Τὸ
736 5011 886 5064 αὑτό.
918 5012 1026 5065 Καὶ
1051 5011 1163 5066 νῦν.

454 5104 733 5158 Θεστόκιον
763 5104 963 5157 ὃαοιον.

457 5279 699 5350 Παρθένε
744 5280 1088 5351 πανύμνητε,
1129 5280 1320 5353 Μῆτερ
1375 5283 1610 5351 Χριστοῦ
1670 5301 1760 5336 του
1799 5285 1952 5348 Θεοῦ,
1998 5270 2001 5271 ν

390 5368 660 5440 θεόνυμφε
683 5371 777 5424 καὶ
821 5372 1184 5443 ἀπειρόγαμε,
1219 5372 1422 5426 πιστῶν
1470 5376 1503 5444 ἠ
1536 5374 1831 5445 ἀντίληψις,
1863 5376 1956 5446 ῥῦ-

392 5479 483 5515 σαι
505 5463 702 5527 παντὸς
731 5464 977 5518 κινδύνου
1009 5467 1103 5519 καὶ
1129 5466 1388 5529 παντοίας
1416 5467 1679 5538 ἀνάγκης,
1704 5469 1954 5521 δέσποινα

388 5550 638 5617 Θεοτόκε,
658 5554 785 5617 τοὺς
807 5556 863 5607 ἐν
884 5556 1064 5608 πίστει
1094 5555 1243 5625 πόθῳ
1270 5558 1336 5626 τῇ
1365 5557 1540 5631 σκέπῃ
1565 5575 1656 5610 σου
1691 5556 1955 5627 προσφεύ-

389 5655 606 5712 γοντας,
625 5641 758 5713 μόνη
778 5642 1065 5715 Θεόνυμφε.

462 5812 614 5867 Μετὰ
645 5815 741 5875 τὴν
775 5815 818 5878 β’
852 5819 1179 5881 στιγολογίαν
1216 5819 1471 5877 κάθισαα.

2061 4641 2189 4694 tium
2220 4638 2539 4702 hazresibus,
2578 4637 2854 4713 ﬂammeas
2897 4637 3343 4691 conturbationes
3372 4636 3621 4705 impieta-

2061 4731 2128 4785 tis
2154 4731 2522 4793 exstiuxistis,
2547 4729 2733 4783 Patres
2757 4728 3058 4801 divinorum
3079 4728 3261 4796 periti.
3284 4727 3397 4793 Qua
3416 4728 3480 4781 de
3501 4742 3623 4781 cau-

2058 4838 2140 4886 sa,
2168 4821 2328 4875 veluti
2356 4821 2557 4877 Christi
2587 4820 2904 4885 bierarcbae,
2932 4831 3173 4876 nostram
3199 4820 3620 4875 incolumitatem

2060 4913 2358 4982 exposcite.

2130 5007 2329 5061 Gloria.
2395 5006 2538 5060 Idem
2586 5004 2881 5073 fsticheron
2934 5006 3225 5075 'repetitur.
3276 5005 3343 5060 Et
3388 5021 3548 5060 nunc.

2136 5095 2358 5150 Mariale
2416 5096 2629 5163 simile,
2680 5097 2795 5151 sive
2850 5096 3022 5151 eidem
3073 5106 3199 5150 tono
3244 5105 3622 5166 attetnperau—

2065 5186 2208 5241 dum.

2142 5278 2307 5348 Virgo
2365 5292 2574 5333 summe
2625 5278 2951 5346 laudabilis,
3020 5277 3190 5334 Mater
3240 5278 3442 5334 Christi
3503 5280 3620 5344 Dei,

2063 5368 2244 5422 divina
2275 5384 2470 5437 sponsa
2514 5377 2570 5424 et
2601 5369 2901 5439 conjugalis
2934 5370 3117 5439 ignara
3151 5371 3624 5436 commerciiJlde-

2071 5458 2205 5513 lium
2234 5460 2497 5526 defensio,
2539 5460 2608 5514 ab
2632 5462 2778 5515 omni
2822 5461 3137 5516 discrimine
3170 5469 3223 5516 et
3250 5462 3399 5526 omni
3427 5475 3624 5531 genere

2063 5551 2403 5607 necessitatis
2432 5552 2653 5621 expedi,
2684 5554 2904 5608 domina
2932 5552 3180 5623 Deipara,
3207 5553 3391 5608 fideles
3411 5554 3501 5624 qui
3535 5568 3623 5606 ar-

2063 5642 2257 5695 denter
2314 5642 2366 5695 in
2410 5641 2717 5698 clientelam
2772 5657 2832 5698 se
2868 5653 3013 5699 tuam
3060 5644 3363 5717 conferunt,
3403 5654 3459 5701 tu
3506 5659 3623 5717 quae

2064 5730 2176 5786 sola
2208 5730 2303 5785 Dei
2328 5746 2526 5800 sponsa
2560 5747 2641 5788 es.

2140 5820 2266 5879 Post
2298 5822 2332 5876 2
2354 5823 2725 5894 stichologiatn
2762 5824 2949 5881 sessio.
