4076 6226
511 286 698 330 εεειιν

1848 258 2385 325 PROLEGOMENA.

586 385 709 441 166.
764 386 895 439 Post
960 384 1205 438 osculum
1244 383 1507 455 evangelii
1561 384 1694 437 dicit
1771 386 2074 440 sacerdos:

2251 384 2405 438 Μετὰ
2429 384 2519 437 τὸν
2546 381 2834 452 ἀσπασμὸν
2862 380 2955 435 τοῦ
2973 382 3311 451 εὐαγγελίου,
3328 380 3474 450 λέγει
3495 383 3524 436 ό
3560 381 3769 453 ἱερεύςη

512 476 700 539 Salva,
748 476 909 538 Deus,
958 475 1209 544 populum
1240 484 1388 528 tuum
1420 487 1474 529 et
1505 475 1733 537 benedic
1774 476 2078 530 haereditati

506 574 640 623 ture.
678 567 925 629 Domine,
993 568 1275 631 miserere,
1334 568 1641 622 duodecies.
1688 565 1756 619 Et
1812 567 2082 621 exclama-

506 660 594 713 ‘tio
641 674 656 709 :
702 657 1074 711 Misericordia
1102 666 1156 710 et
1200 657 1640 710 miserationibus
1673 666 1727 711 et
1751 657 2083 723 benignitate

517 748 784 818 unigeniti
818 747 891 801 tui
926 747 1067 812 Filii,
1094 763 1326 817 quocum
1353 748 1668 802 benedictus
1693 764 1773 811 es,
1804 762 1922 801 cum
1950 764 2081 802 san-

509 843 760 898 ctissimo
814 854 872 895 et
925 842 1069 896 bono
1134 839 1350 895 viviﬁco
1401 849 1493 895 tuo
1545 840 1796 909 Spiritu,
1832 855 1971 893 nunc
2029 848 2084 894 et

513 946 749 1000 semper,
796 933 944 985 etin
1000 925 1197 986 saecula
1250 926 1589 987 saeculorum.
1641 930 1832 985 Amen.
1875 931 1942 985 Et
1993 932 2078 986 in-

512 1025 773 1079 choamus
797 1038 1054 1079 canones.

2189 476 2398 538 Σῶσον,
2444 477 2474 527 ό
2526 475 2679 540 Θεὸς,
2733 477 2825 528 τὸν
2867 474 2995 529 λαόν
3037 492 3153 537 σου,
3198 474 3291 527 καὶ
3338 464 3630 543 εὐλόγησον
3665 473 3775 543 τὴν

2188 566 2550 638 κληρονομίαν
2590 584 2703 620 σου.
2738 567 2932 636 Κύριε,
2972 566 3212 636 ἐλέησον,
3255 564 3341 635 ιβ’.
3371 564 3481 617 Καὶ
3511 563 3771 634 ὲκφὼνη-

2190 676 2294 723 σις⁸
2361 660 2530 712 Ἐλέει
2596 658 2690 713 καὶ
2750 660 3051 729 οἰκτιρμοῖς
3100 657 3195 712 καὶ
3238 656 3617 728 φιλανθρωπίᾳ
3667 654 3769 709 τοῦ

2194 750 2513 821 μονογενοῦς
2570 767 2661 804 σου
2693 751 2847 815 Υίοῦ,
2870 751 2987 820 μεθ’
3042 745 3103 804 οὐ
3154 749 3440 818 εὐλογητὸς
3485 744 3536 801 εί
3564 750 3662 802 σὺν
3686 748 3771 820 τῷ

2189 842 2460 913 παναγίῳ,
2485 842 2579 895 καὶ
2601 841 2810 912 ἀγαθῷ,
2838 842 2933 895 καὶ
2960 841 3205 913 ζωοποιῷ
3230 834 3320 895 σὸυ
3342 842 3637 914 Πνεύματι,
3667 841 3769 895 νῦν

2187 932 2281 986 καὶ
2304 933 2411 999 ἀεὶ,
2444 933 2537 985 καὶ
2565 935 2645 997 εἰς
2682 932 2815 996 τοὺς
2849 932 3048 995 αἰῶνας
3072 932 3182 987 τῶν
3224 932 3455 987 αἰώνων.
3505 933 3698 1004 Ἀμήν.

2185 1024 2296 1077 Καὶ
2330 1023 2611 1095 ἀρχόμεθα
2626 1023 2733 1077 τῶν
2755 1024 3020 1077 κανόνων.

584 1134 709 1189 167.
733 1133 913 1188 Call.
946 1132 1146 1187 Verum
1173 1143 1459 1202 antequam
1513 1135 1676 1187 trium
1720 1136 2011 1188 doctorum
2059 1124 2343 1197 canones,
2372 1151 2400 1187 a
2426 1142 2636 1189 Joanne
2671 1135 2934 1189 Enclraita
2973 1134 3325 1187 concinnatos
3353 1174 3370 1195 ,
3403 1134 3759 1204 sulijiciamus

520 1206 620 1261 sub
646 1214 944 1272 aspectum,
984 1204 1382 1256 observandum
1444 1214 1564 1269 est,
1622 1207 1681 1258 ὃ.
1734 1205 2064 1258 Germanum
2119 1220 2223 1258 non
2274 1205 2580 1269 significare
2628 1205 2915 1258 dicendum
2961 1204 3285 1267 duodecies,
3339 1205 3597 1270 Domine,
3653 1205 3763 1256 ιιιίε-

511 1290 728 1340 serere;
791 1274 886 1328 sed
932 1274 1112 1327 verbis
1153 1272 1457 1343 Εὐλόγησον
1518 1273 1616 1344 τὴν
1661 1272 2028 1345 κληρονομίαν

2198 1312 2243 1341 ,,
2276 1273 2560 1329 confestim
2610 1275 2882 1329 subnectit
2935 1274 3214 1343 sequentia
3259 1273 3485 1328 dicenda
3545 1288 3577 1327 a
3637 1273 3763 1328 dia-

512 1361 674 1401 €000.

508 1428 514 1433 ’
581 1436 811 1505 Respice
857 1434 1041 1489 orbem
1101 1443 1250 1488 tuum
1308 1435 1360 1488 in
1404 1435 1774 1489 misericordia
1827 1445 1883 1490 et
1914 1435 2078 1491 mise-
2109 1443 2156 1504 Β

512 1527 837 1582 rationibus.
870 1524 1060 1579 Exalta
1106 1540 1277 1579 cornu
1335 1526 1768 1579 Christianorum
1828 1525 2086 1581 orthodo-

510 1632 703 1672 xorum
734 1657 749 1681 ,
782 1625 836 1671 et
882 1616 1101 1670 demitte
1130 1631 1294 1684 super
1322 1632 1419 1672 nos
1449 1624 1569 1671 tuas
1603 1616 1883 1671 aliluentes
1919 1619 2080 1673 mise-

512 1706 798 1760 ricordias.
830 1704 1086 1759 Precibus
1129 1705 1346 1759 illibatae
1395 1707 1635 1759 Domina:
1664 1716 1890 1768 nostrm,
1918 1707 2084 1761 Geni-

510 1797 666 1851 trieis
696 1796 788 1850 Dei
828 1810 1148 1864 semperque
1192 1796 1419 1863 virginis
1451 1796 1668 1861 Mariae;
1697 1798 1893 1851 virtute
1920 1813 2084 1852 vene—

511 1886 691 1941 randa:
712 1897 767 1941 et
794 1887 1021 1941 vivificze
1050 1887 1228 1941 crucis
1252 1928 1267 1952 ,
1297 1889 1618 1957 patrociniis
1640 1889 1947 1943 cmlestium
1989 1889 2083 1944 in-

509 1992 1005 2047 corporearumque
1048 1974 1420 2044 Potestatum;
1468 1980 1787 2046 venerandi,
1820 1979 2083 2049 gloriosi-

508 2084 615 2140 que
651 2070 963 2139 prophetae,
992 2070 1344 2137 praecursoris
1397 2079 1452 2123 et
1501 2070 1760 2140 Baptista:
1808 2069 2073 2134 Joannis;

511 2172 825 2219 sanctorum
858 2160 1216 2229 gloriosorum
1253 2169 1308 2215 et
1342 2161 1826 2215 celeberrimorum
1859 2170 2083 2230 aposto-

507 2251 722 2316 lorum;
754 2258 1088 2314 sanctorum,
1118 2249 1478 2316 gloriosorum
1504 2260 1559 2303 et
1585 2251 1828 2305 victoriis
1856 2251 2085 2321 inclyta-

509 2357 631 2397 rum
657 2349 977 2407 martyrum,
1005 2351 1060 2394 et
1100 2339 1303 2409 reliqua
1338 2341 1478 2396 sicut
1514 2342 1716 2397 litanite
1764 2342 2081 2397 inscribun-

512 2441 625 2487 tur.

2261 1434 2585 1506 ’Ἐπίσκεψαι
2630 1437 2719 1491 τὸν
2755 1437 2960 1508 κόσμον
3014 1453 3108 1489 σου
3148 1437 3206 1488 ἐν
3244 1435 3381 1489 ἐλέει
3433 1437 3526 1489 καὶ
3551 1437 3764 1509 οἰκτιρ-

2187 1530 2326 1598 psic.
2390 1527 2643 1596 Ὕψωσον
2699 1527 2869 1598 κέρας
2920 1527 3261 1595 Χριστιανῶν
3292 1526 3606 1597 όρθοδόξων,
3662 1527 3761 1581 καὶ

2185 1618 2541 1690 κατάπεμψον
2568 1617 2653 1686 ἐφ’
2681 1618 2828 1688 ἡμᾶς
2875 1616 2945 1669 τὰ
2972 1617 3096 1686 ὲλὲη
3125 1633 3217 1669 σου
3247 1615 3313 1670 τὰ
3340 1617 3586 1670 πλούσια·
3619 1633 3760 1688 πρε-

2187 1707 2393 1770 σϐείαις
2430 1709 2528 1777 τῆς
2578 1708 2961 1777 παναχράντου
2990 1706 3277 1776 δεσποίνης
3301 1706 3456 1777 ἡμῶν
3493 1705 3760 1760 Θεοτόκου

2184 1801 2278 1854 καὶ
2324 1801 2683 1868 ἀειπαροένου
2739 1800 2979 1871 Μαρίας·
3029 1798 3256 1868 δυνάμει
3312 1797 3406 1851 τοῦ
3449 1798 3630 1869 τιμίου
3661 1799 3762 1852 καὶ

2186 1892 2449 1959 ζωοποιοῦ
2486 1892 2739 1963 σταυροῦ·
2765 1892 3120 1964 προστασίαις
3155 1891 3263 1944 τῶν
3291 1892 3626 1961 ἐπουρανίων
3655 1894 3763 1944 Δυ-

2181 1986 2396 2055 νάμεων
2447 1985 2776 2054 ἀσωμάτων,
2838 1982 2933 2037 τοῦ
2978 1984 3159 2054 τιμίου
3193 1983 3400 2048 ἐνδόξου
3453 1984 3757 2055 προφήτου,

2183 2077 2487 2148 προδρόμου
2516 2077 2609 2129 καὶ
2641 2075 2948 2128 Βαπτιστοῦ
2992 2074 3261 2136 Ἰωάννου,
3282 2074 3393 2126 τῶν
3414 2073 3582 2141 ἁγίων
3609 2073 3759 2126 ἐνδόι

2184 2170 2288 2235 ξων
2321 2170 2414 2223 καὶ
2438 2168 2758 2221 καλλινίκων
2792 2167 2968 2239 μαρτύ
2978 2184 3105 2237 ρωνο
3124 2168 3217 2220 καὶ
3251 2166 3317 2221 τὰ
3345 2166 3509 2220 λοιπὰ
3530 2165 3757 2230 τούτων,

2181 2263 2256 2326 ὡς
2285 2265 2341 2315 ὲν
2374 2264 2440 2332 τῇ
2463 2261 2583 2330 λιτῇ
2609 2260 2939 2326 γέγραπται.

582 2520 707 2575 168.
766 2521 943 2576 Con.
1000 2520 1123 2576 "me
1180 2521 1363 2574 omnia
1414 2521 1491 2574 ait
1546 2521 1603 2575 S.
1652 2522 1960 2576 Germanus
2014 2518 2123 2574 dici
2180 2533 2210 2572 a
2261 2517 2532 2578 diacono,
2588 2516 2674 2569 cui
2729 2514 2944 2568 tandem
3004 2513 3249 2567 sui-.cinat
3311 2512 3604 2576 sacerdos,
3657 2527 3760 2565 ex-

509 2590 794 2646 clatnando
842 2603 901 2645 ut
944 2607 1123 2658 supra.
1171 2591 1287 2643 Non
1334 2591 1517 2656 fuerit,
1550 2607 1709 2659 porro
1757 2592 2111 2658 iniucundum
2163 2589 2254 2642 hic
2310 2597 2572 2659 annotare
2609 2587 2968 2659 et‘ritumuet
3020 2594 3283 2659 tempus,
3313 2600 3426 2659 quo
3470 2598 3498 2633 a
3562 2581 3757 2659 fratri-

510 2658 613 2731 bus
666 2661 910 2714 osculum
958 2652 1147 2715 sancto
1176 2661 1454 2731 evangelio
1503 2652 1859 2730 imprimitur.
1911 2662 2005 2715 Sic
2037 2674 2168 2729 ergo
2203 2658 2394 2713 scribit
2433 2655 2745 2725 patriarcha
2775 2654 3090 2708 Philotbeus
3125 2656 3175 2706 iu
3210 2652 3411 2707 Ordine
3455 2654 3595 2707 sacri
3639 2653 3751 2705 mi-

508 2730 710 2783 nisterii
731 2745 750 2781 :

578 2818 874 2885 Sacerdos,
929 2821 1159 2875 demissa
1189 2821 1393 2888 casula,
1450 2833 1696 2876 sanctum
1745 2822 2082 2892 evangelium
2113 2826 2157 2885 α

507 2922 634 2966 ante
660 2921 847 2981 pectus
869 2911 1140 2976 deferens,
1172 2913 1475 2980 egreditur,
1507 2924 1561 2965 et
1586 2915 1635 2964 in
1663 2914 1841 2967 medio
1870 2911 2076 2979 templo

507 3013 634 3058 stat.
666 3003 861 3057 Lector
899 3014 1103 3067 autem,
1138 3004 1223 3056 vel
1254 3004 1343 3069 qui
1394 3019 1422 3055 a
1455 3002 1795 3057 caeremoniis
1829 3012 1933 3065 est,
1962 3012 2075 3056 stat

506 3095 611 3164 ipsi
657 3110 690 3149 a
717 3095 944 3157 dextris,
978 3104 1168 3149 tenens
1202 3096 1588 3149 candelabrum
1619 3111 1740 3148 cum
1778 3110 1936 3148 cerco
1987 3109 2077 3147 ac-

505 3201 707 3253 censo;
734 3195 791 3239 et
826 3200 919 3240 osc
941 3185 1066 3239 "um
1098 3196 1284 3241 sancto
1304 3186 1583 3256 evangelio
1613 3187 1679 3240 de
1713 3200 1862 3240 more
1896 3186 2079 3256 ﬁgitur

506 3291 540 3331 a
561 3278 837 3333 fratribus.

2274 2816 2332 2871 '0
2386 2817 2582 2889 ἱερεὺς,
2649 2816 2889 2887 χαλάσας
2912 2815 2973 2867 τὸ
3016 2813 3307 2884 φαιλὸνιον,
3341 2814 3435 2866 καὶ
3476 2812 3763 2883 βαστάζων

2178 2910 2239 2962 τὸ
2264 2911 2417 2977 ἆγιον
2463 2908 2779 2975 εὐαγγέλιον
2802 2906 3109 2977 ἔμπροσθεν
3134 2905 3227 2957 τοῦ
3257 2903 3506 2975 στήθους,
3534 2902 3761 2973 ἐξέρχε-

2179 3019 2268 3054 ται
2300 3002 2394 3053 καὶ
2422 3000 2636 3052 ἵσταται
2665 3001 2744 3061 είς
2773 2999 2870 3069 τὴν
2907 2998 3078 3067 μέσην
3097 2996 3189 3049 τοῦ
3230 2995 3375 3049 ναοῦ·
3407 2995 3500 3048 καὶ
3522 2994 3766 3063 ἀναγνώ-

2182 3109 2312 3162 στης
2339 3090 2374 3161 ἦ
2412 3091 2441 3142 ό
2474 3089 2726 3153 εὐταξίας
2759 3089 2969 3142 ἵσταται
3009 3088 3240 3152 δεξιόθεν
3282 3086 3467 3151 αὑτοῦ,
3512 3086 3764 3157 κατέχων

2183 3184 2505 3254 μανουάλιον
2553 3183 2688 3253 μετὰ
2714 3181 2995 3253 λαμπάδος
3037 3182 3307 3251 ἠμμένης·
3345 3180 3441 3233 καὶ
3480 3179 3685 3247 γίνεται
3730 3179 3763 3230 ὁ

2182 3277 2472 3346 ἀσπασμὸς
2508 3274 2602 3328 τοῦ
2649 3276 2803 3343 ἁγίου
2847 3274 3165 3343 εὐαγγελίου
3200 3273 3350 3344 παρὰ
3375 3272 3483 3325 τῶν
3512 3270 3764 3340 ἀδελφῶν

2185 3369 2447 3440 συνήθως.

577 3445 701 3526 199.
729 3447 908 3526 Coum.
939 3447 1260 3526 lilis‘autem
1294 3450 1684 3526 osculantibus,
1712 3452 1924 3526 canitur
1971 3450 2081 3504 Tro

2187 3457 2295 3508 ium
2347 3459 2491 3526 quod
2522 3457 2729 3526 incipit,
2781 3457 3105 3508 Ἀνάστασιν
3136 3453 3373 3525 Χριστοῦ
3404 3453 3760 3522 θεασάμενοι,

504 3532 558 3596 ει
606 3517 722 3596 εστι
760 3520 1013 3596 Χυριακὴ
1058 3519 1322 3596 δηλονότι,
1360 3521 1453 3596 καὶ
1498 3521 1921 3596 ὁῃπεντηκοστὸς
1974 3539 2081 3591 μετέ

2182 3517 2396 3590 θέλους’,
2455 3528 2508 3581 id
2562 3517 2648 3580 esi
2674 3566 2689 3590 ,
2714 3517 3203 3580 'Resurrectiuneui
3235 3526 3457 3596 Christi
3500 3517 3756 3596 eontem-

505 3588 636 3658 plati
655 3627 672 3653 ,
728 3590 975 3642 videlicet
998 3588 1013 3653 ,

1095 3593 1161 3663 Si“
1209 3592 1322 3663 dies
1402 3591 1676 3663 υοηίιίιιίοει
1727 3592 1927 3653 fuerit;
1994 3591 2208 3658 quando
2282 3600 2443 3650 etiam
2528 3607 2735 3650 canunt
2813 3597 3081 3662 psalmum
3153 3595 3661 3663 quinquagesimum
3725 3608 3742 3646 :

508 3673 676 3734 naui,
708 3660 717 3687 λ
747 3666 817 3734 ut
860 3659 1011 3734 idem;
1049 3659 1547 3734 Pliilotbeus__dicit
1603 3672 1829 3734 postea,
1881 3663 2211 3734 exosculatio
2256 3665 2518 3734 evangelii
2573 3666 2723 3718 festis
2791 3659 2911 3718 aliis
2952 3659 3425 3730 praetermittit—ur,"
3450 3664 3548 3734 nisi
3607 3662 3752 3734 forte

504 3727 560 3805 in
610 3728 943 3805 Dominicam
978 3729 1302 3805 inciderint.
1346 3727 1695 3805 .Verbaejus
1747 3730 1933 3805 Gr:_eca
1988 3732 2081 3805 luet

2182 3747 2289 3791 lunt
2326 3751 2342 3789 :
2391 3727 2477 3788 Ἔν
2543 3734 2676 3805 ἄλλῃ
2705 3734 2762 3786 δὲ
2817 3727 2978 3804 ὲορτῇ
3013 3735 3073 3785 οὐ
3126 3734 3401 3805 γίνεταιό
3440 3729 3752 3805 ἀσπασμὸς,

504 3798 555 3850 εἰ
592 3797 666 3868 μὴ
698 3796 855 3869 μόνον
888 3799 945 3850 ὲν
978 3799 1253 3869 Κυριακῇ.
1287 3799 1477 3868 Igitur,
1510 3796 1615 3853 nisi
1643 3801 1744 3853 hoc
1780 3800 1938 3853 trium
1980 3802 2079 3855 doc

2182 3820 2262 3859 um
2301 3806 2493 3860 festum
2530 3796 2731 3859 incidat
2772 3804 2823 3856 in
2859 3796 3213 3867 liotiiiuicain,
3242 3804 3423 3856 statim
3463 3812 3601 3868 post,
3631 3796 3760 3851 ’Σῶς

508 3882 624 3933 σον,
650 3867 852 3930 όθεός.
889 3867 1148 3922 Dicuntur
1182 3867 1419 3923 canones
1447 3883 1570 3921 eum
1615 3870 1827 3931 llil‘llliS,
1852 3886 2086 3925 canones
2116 3885 2296 3929 autem
2328 3877 2379 3928 in
2421 3876 2521 3929 hoc
2568 3874 2747 3929 oflicio
2783 3882 2891 3927 tres
2919 3883 3066 3935 sunt,
3116 3889 3253 3926 unus
3282 3874 3349 3926 de
3386 3872 3630 3937 Deipara,
3662 3871 3758 3922 alii

504 3937 610 3991 duo
639 3939 705 3991 de
730 3939 930 3991 sanctis
954 3976 971 4001 ,
1007 3954 1195 3991 onmes
1223 3938 1463 4004 ejusdem
1498 3937 1723 3991 Joannis
1758 3942 2113 4005 metmpolita:
2147 3945 2534 3998 Eucliaitorum
2567 3959 2702 3998 onus
2728 3958 2742 3995 :
2773 3944 2867 3996 sed
2902 3944 3108 3996 medius
3139 3942 3287 3995 solus
3310 3942 3697 3995 aerosticbicus
3737 3957 3751 3993 :

504 4007 648 4061 unde
682 4007 838 4061 facile
857 4016 940 4061 est
968 4007 1305 4074 singulorum
1334 4018 1517 4074 partes
1555 4022 1585 4059 a
1616 4010 1863 4075 partibus
1895 4010 2137 4077 ,aliorum
2170 4016 2501 4069 discernere.
2904 4014 2913 4025 '

975 4096 1202 4151 CANON
1245 4096 1439 4149 DEIPA
1452 4095 1588 4149 RIE.

903 4188 1049 4255 Opus
1101 4186 1325 4242 Joannis
1376 4189 1678 4242 Eucliaitre.

892 4277 1026 4331 ODE
1060 4278 1112 4333 1.
1142 4277 1327 4331 Tonus
1347 4277 1406 4330 2.
1444 4277 1680 4331 Hirmus.

574 4369 698 4425 170.
753 4368 869 4424 lluc
896 4369 1021 4432 huc,
1061 4369 1265 4437 populi,
1304 4384 1561 4422 canamus
1607 4384 1825 4425 carmen
1854 4370 2072 4428 Christo

502 4461 636 4527 Deo,
670 4461 927 4515 dividenti
956 4473 1128 4524 mare,
1161 4469 1218 4513 et
1249 4459 1468 4515 ducenti
1504 4462 1757 4529 pOpuluut
1792 4476 1951 4531 quem
1993 4464 2057 4518 li-

502 4555 714 4609 beravit
759 4567 790 4606 a
836 4550 1101 4607 servitute
1130 4549 1536 4622 Egyptiorum,
1562 4552 1817 4622 quoniam
1859 4552 2072 4624 gloriﬁ-

499 4654 653 4702 catus
674 4652 776 4699 est.

570 4737 614 4791 A
665 4736 922 4806 gravibus
951 4744 1063 4792 tam
1093 4736 1339 4806 corporis
1360 4751 1520 4804 quam
1551 4737 1746 4790 anima:
1802 4736 2062 4806 periculis

500 4836 557 4882 et
587 4829 779 4882 mortis
805 4834 862 4883 et
886 4826 1128 4897 lapsibus
1155 4866 1171 4891 ,
1205 4841 1238 4880 ο
1265 4826 1693 4881 ineontaminata
1718 4870 1733 4895 ,
1778 4828 1930 4898 eripe
1964 4845 2068 4893 me,

501 4919 593 4989 'qui
628 4919 715 4988 pie
748 4919 1012 4976 contlteor
1054 4933 1176 4973 esse
1206 4926 1258 4973 te
1298 4917 1517 4987 proprie
1550 4932 1743 4987 puram
1774 4919 1870 4973 Dei
1900 4919 2070 4975 Geni-

504 5010 717 5065 tricem.

573 5100 841 5171 lntegram
904 5112 1199 5171 gratiarum
1240 5101 1500 5172 abyssum
1531 5100 1583 5154 in
1622 5109 1676 5156 te
1734 5102 2072 5156 reconditam

502 5208 626 5249 esse
652 5195 1010 5262 agnoscimus.
1040 5193 1360 5263 Propterea,
1401 5208 1434 5247 ο
1462 5192 1714 5262 Deipara,
1745 5195 1839 5263 qui
1892 5194 1960 5248 ad
2022 5204 2074 5249 te

500 5298 750 5355 prompto
783 5295 836 5341 et
879 5296 1064 5341 erecto
1088 5285 1272 5340 animo
1317 5284 1661 5357 confugimus
1682 5324 1699 5351 ,
1724 5286 1911 5341 divino
1964 5295 2060 5341 tuo

500 5377 803 5446 patrocinio
832 5391 1139 5433 servamur.

571 5466 676 5522 Pro
731 5468 883 5522 nobis
947 5468 1346 5525 celebrantibus
1405 5477 1493 5534 te,
1565 5469 1903 5533 castissima,
1962 5481 2061 5523 ora

498 5553 838 5610 lncarnatum
870 5572 934 5611 ex
966 5556 1244 5626 impolluta
1283 5565 1376 5611 tuo
1410 5565 1464 5610 et
1489 5554 1729 5633 pretioso
1767 5554 2058 5622 sanguine,

499 5654 563 5702 nt
590 5647 757 5703 simus
779 5663 808 5701 a
835 5646 1047 5704 delictis
1076 5656 1129 5703 et
1163 5648 1365 5705 amaris
1390 5644 1835 5718 aegrotationibus
1863 5646 2063 5701 immu-

499 5750 620 5793 1168.

2512 4105 2555 4156 0
2589 4101 2830 4154 ΚΑΝΩΝ
2859 4100 2994 4153 ΤΗΣ
3024 4099 3412 4165 ΘΕΟΤΟΚΟΥ,

2557 4192 2777 4261 Ποίημα
2793 4192 3040 4244 Ἰωάννου
3065 4192 3366 4261 Εὐχαίτων.

2531 4285 2664 4356 ῼΔΗ
2695 4291 2764 4337 α’.
2796 4280 2969 4354 1Ἣχος
3000 4284 3065 4353 β’.
3102 4284 3160 4334 ὐ
3195 4283 3403 4354 εἱρμός.

2243 4377 2426 4441 Δεῦτε,
2470 4377 2609 4439 λαοὶ,
2639 4378 2861 4448 ᾅσωμεν
2906 4377 3054 4447 ᾆσμα
3078 4376 3299 4447 Χριστῷ
3345 4374 3423 4444 τῷ
3480 4372 3619 4444 Θεῷ,
3673 4370 3756 4444 τῷ

2172 4468 2396 4520 διελόντι
2425 4467 2719 4530 θάλασσαν,
2748 4467 2844 4520 καὶ
2870 4466 3197 4537 όδηγήσαντι
3242 4466 3333 4519 τὸν
3375 4465 3522 4532 λαὸν,
3558 4464 3617 4518 ὃν
3660 4465 3757 4516 ἁνκ

2173 4558 2274 4629 ἧκε
2301 4558 2544 4622 δουλείας
2576 4557 2909 4626 Αἰγυπτίων.
2940 4557 3021 4609 ὅτι
3048 4557 3376 4622 δεδόξασται.

2246 4734 2350 4785 Τὸν
2404 4733 2643 4797 εὐσεϐῶς
2676 4750 2737 4788 σε
2785 4731 3048 4789 θεοτόκον
3075 4735 3311 4803 “κυρίως
3353 4734 3522 4805 ἁγνὴν
3563 4736 3755 4804 ὁμολοι

2173 4824 2394 4893 γοῦντα,
2424 4825 2717 4894 Ἀχραντε,
2774 4823 2953 4896 ψυχῆς
2984 4824 3078 4878 καὶ
3107 4824 3362 4895 σώματος
3404 4825 3655 4895 χαλεπῶν
3689 4828 3757 4880 ὲκ

2174 4918 2434 4971 κινδύνων
2493 4919 2589 4971 καὶ
2650 4917 2842 4982 νόσων,
2896 4917 2992 4971 καὶ
3036 4918 3395 4987 πταισμάτων
3447 4918 3510 4969 σύ
3551 4935 3619 4988 με
3647 4918 3752 4972 διάο

2177 5026 2369 5062 σωσον.
2408 5029 2426 5059 ι

2248 5099 2417 5169 Ὅλην
2462 5099 2518 5151 ἐν
2566 5101 2647 5151 σοὶ
2685 5098 2791 5151 τῶν
2808 5098 3165 5169 χαρισμάτων
3188 5097 3423 5151 ἄϐυσσον
3458 5099 3755 5168 ἀποκειμέ-

2174 5208 2271 5260 νην
2294 5189 2555 5261 ἑγνωμεν.
2583 5192 2671 5242 Διὸ
2689 5190 3146 5262 προσφεύγοντες,
3177 5189 3425 5253 Θεοτόκε,
3460 5190 3756 5261 προθύμως

2172 5285 2240 5354 τῇ
2274 5282 2455 5354 σκέπῃ
2482 5298 2574 5334 σου
2601 5285 2667 5353 τῇ
2695 5282 2817 5353 Θείᾳ
2848 5281 3247 5351 διασωζόμεθα.

2251 5461 2420 5531 ’Υπὲρ
2479 5462 2633 5530 ἡμῶν
2688 5463 2797 5514 τῶν
2846 5479 2907 5514 σε
2941 5465 3254 5532 ὑμνούντων
3291 5462 3612 5534 δυσιῦπησον
3662 5461 3753 5514 τὸν

2171 5551 2542 5625 σαρκωοέντα,
2580 5552 2843 5621 πάναγνε,
2884 5555 2947 5606 ἐκ
2984 5554 3093 5607 τῶν
3128 5555 3411 5625 άχμράντων
3434 5572 3527 5608 σου
3558 5555 3651 5608 καὶ
3674 5574 3727 5607 τι

2173 5645 2311 5716 μίων
2343 5645 2610 5714 αἱμάτων,
2652 5645 2916 5717 ρυσθῆναι
2947 5649 3011 5700 ἐκ
3045 5647 3407 5716 πταισμάτων
3457 5648 3551 5701 καὶ
3597 5665 3749 5718 νοση-

2177 5736 2365 5805 μάτων
2398 5734 2633 5806 πικρῶν.
