4076 6226
1394 313 1788 372 ACOLUTHIA
1821 310 2168 370 TRIP‘LICIS
2191 307 2430 368 'FESTI.

1907 441 1954 497 Α

627 435 891 493 ΕΤΕΡΟΣ
921 436 1160 491 ΚΑΝΩΝ
1187 436 1322 490 ΤΩΝ
1355 426 1580 500 ᾹΓΙΩΝ,

875 526 948 586 Οὗ
964 534 995 590 ἡ
1019 531 1331 602 ἀκροστιχίς

507 625 822 691 Τρισήλιον
859 626 1002 694 φῶς.
1038 625 1194 692 τρεῖς
1228 622 1474 690 ἀνῆψεν
1497 623 1698 690 ἠλίον.

657 720 873 789 Ποίημα
912 716 1005 772 τοῦ
1055 716 1218 771 αὐτοῦ
1272 715 1538 768 Ἰωάννου.

589 809 719 880 ῼΔΗ
750 805 1004 879 α⁰.⁷Ηχος
1028 810 1119 860 καὶ
1146 807 1330 878 εἱρμὺς
1356 808 1383 858 ὁ
1415 805 1595 869 αὑτός.

398 898 509 962 ι-Ξίς
540 898 760 969 ἀμοιϐὴ,
788 902 869 961 τίς
913 897 1265 958 ἀνταπόδοσις
1294 895 1577 966 πρέπουσα
1601 896 1714 956 τοῖς
1742 894 1880 963 ήμε-

306 981 509 1062 οιέροις,
539 990 832 1061 ἄνθρωποι,
867 987 1354 1059 προσενεχθήσεται
1385 987 1513 1057 παρ’
1533 988 1564 1055 ή
1576 984 1691 1055 μῶν
1720 985 1876 1054 εὐερ-

315 1083 517 1150 γέταις,
543 1082 608 1134 δι’
641 1073 716 1135 ὧν
763 1080 899 1151 πρὸς
928 1081 988 1132 τὸ
1019 1075 1079 1132 εὖ
1107 1075 1244 1132 εῖναι
1292 1075 1823 1150 χειραγωγούμενοι;

384 1347 716 1416 ὐ-σητορικαι
769 1343 1042 1411 γλῶσσαι,
1091 1339 1184 1393 καὶ
1224 1338 1448 1410 τέχναι,
1493 1337 1588 1390 καὶ
1648 1335 1881 1408 μέθοδοι,

317 1438 412 1491 καὶ
459 1439 608 1490 πᾶσα
653 1435 825 1502 λόγων
860 1432 1086 1502 δύναμις
1139 1431 1231 1484 νῦν
1266 1433 1346 1494 εἰς
1384 1428 1637 1482 ὑπόθεσιν
1671 1445 1882 1498 συμπο-

316 1530 613 1583 νείσθωσαν
662 1528 808 1598 μίαν,
851 1525 944 1578 καὶ
993 1524 1117 1586 τοὺς
1177 1521 1539 1593 τετιμηκότας
1605 1517 1884 1590 ἀντιτιμὰ-

325 1623 557 1676 σθωσαν.
975 1660 980 1666 .

412 1711 577 1762 ι-διον
611 1709 706 1780 μὲν
739 1706 893 1760 οὐδὲν
935 1705 1223 1775 ἠνέσχοντο
1256 1701 1561 1774 κτήσασθαι
1620 1698 1677 1753 ἐν
1730 1701 1801 1769 γῇ
1833 1697 1882 1749 οἱ

317 1801 730 1872 οὐρανὸφρονες,
787 1797 1024 1866 φύλακες
1059 1795 1105 1847 δ’
1137 1792 1396 1864 ὤφθησαν
1427 1790 1520 1844 τοῦ
1571 1787 1749 1842 κοινοῦ
1790 1788 1888 1840 καὶ

322 1891 642 1964 προστάται·
679 1887 870 1942 κοινῶν
894 1882 987 1940 οὖν
1034 1885 1130 1938 καὶ
1152 1883 1258 1938 τῶν
1278 1881 1462 1955 ὓμνων
1494 1877 1890 1945 καταξιοῦσθω-

325 1999 452 2036 σανι
481 1979 778 2033 Θεοτόκιον.

413 2070 498 2125 me
525 2070 622 2139 τὴν
656 2068 837 2139 κοινὴν
863 2065 1191 2136 φιλοτιμίαν,
1217 2061 1552 2132 Πανάμωμε,
1571 2058 1668 2130 τῆς
1691 2057 1890 2129 ήμετέ-

329 2181 426 2233 ρας
456 2162 664 2230 φύσεως
690 2161 887 2222 πάντες
937 2157 1248 2225 δοξάζομεν,
1281 2155 1455 2225 χεῖλος
1483 2153 1541 2206 ἓν
1585 2151 1890 2222 γεγονότες,

327 2255 421 2306 καὶ
451 2253 763 2322 συμφωνίαν
790 2251 915 2322 μίαν
946 2248 1382 2310 ἁποτελέσαντες.

637 2319 897 2393 ΕΤΕΡόΣ
916 2338 1153 2391 ΚΑΝΩΝ
1189 2335 1318 2390 ΤΩΝ
1363 2336 1586 2390 ΑΓΙΩΝ.

847 2429 1060 2498 Ποίημα
1071 2426 1162 2480 τοῦ
1181 2425 1365 2480 αὐτοῦ.

423 2521 555 2590 ῼΔΗ
576 2527 646 2573 α’.
676 2516 849 2590 τΗχος
878 2521 967 2574 πλ.
1005 2521 1068 2574 δ’.
1113 2516 1526 2590 Ἀρματηλάτην
1564 2514 1784 2589 Φαραώ.

403 2699 514 2752 Οὐκ
557 2698 898 2767 ἀνθρωπίνης
951 2714 1012 2749 το
1067 2710 1239 2763 παρον
1295 2691 1600 2762 εγχείρημα
1657 2687 1894 2757 σπουδῆς

332 2791 679 2861 κατόρθωμα,
710 2790 821 2842 ἀλλ’
853 2791 886 2860 ή
914 2787 1007 2841 τοῦ
1043 2787 1134 2839 σοῦ
1167 2785 1354 2856 θρόνου
1384 2784 1672 2854 πάρεδρος,
1703 2780 1894 2850 φιλάν-

328 2884 536 2953 θρωπε,
571 2882 728 2950 σοφία
761 2879 1086 2949 συνεργείτω
1129 2895 1240 2946 μοι,
1274 2877 1430 2943 λόγου
1472 2875 1627 2944 χάριν
1658 2872 1893 2936 διδοῦσα,

331 2975 493 3050 δι”ἦς
529 2975 748 3038 δοξάσαι
783 2973 1098 3042 δυνήσομαι,
1150 2967 1243 3032 οὓς
1276 2968 1412 3039 αὐτὴ
1461 2965 1638 3028 καλῶς
1670 2965 1895 3036 προεδό-

334 3071 516 3137 ξασεν.

433 3161 639 3230 Ὥσπερ
693 3155 905 3229 κρατὴρ
956 3152 1308 3224 ὑπερερῤύη,
1367 3151 1629 3213 Δέσποτα,
1675 3153 1709 3220 ή
1761 3150 1898 3218 ἀγα-

335 3253 492 3320 θότης
517 3268 630 3303 σου’
657 3248 752 3302 καὶ
791 3248 819 3300 ὁ
871 3245 1038 3307 πολὺς
1092 3243 1316 3304 πλοῦτος
1348 3243 1447 3312 τῆς
1490 3239 1898 3312 φιλανθρωπίας

337 3362 427 3397 σου
457 3345 694 3412 ἐκχεῖται
737 3339 830 3392 καὶ
857 3337 1157 3400 διώδευσεν,
1185 3335 1260 3398 ὡς
1296 3335 1390 3388 καὶ
1412 3334 1600 3396 ἄλλους
1634 3331 1900 3400 ἀγγέλους

338 3436 476 3508 μετὰ
505 3434 702 3506 σαρκὸς
733 3429 1162 3503 ὑποστήσασθαι,
1190 3429 1314 3491 τοὺς
1362 3426 1457 3480 νῦν
1505 3425 1899 3497 προκειμένους

334 3531 414 3592 είς
446 3527 681 3580 ἔπαινον.

417 3617 507 3684 Ἐξ
533 3615 760 3687 οὐρανοῦ
801 3619 912 3679 τοῖς
940 3614 1211 3686 οὐρανίοις
1241 3613 1446 3684 ἔπρεπε
1489 3613 1585 3666 καὶ
1623 3611 1691 3664 τὰ
1733 3608 1901 3679 ἐγκώ-

341 3727 456 3779 μια,
486 3707 770 3776 ἁγγελικὸς
802 3704 968 3775 ὕμνος
994 3707 1106 3768 τοῖς
1132 3704 1294 3767 θείοις
1323 3703 1596 3774 ἁρμόδιος.
1629 3702 1754 3754 Θεοὶ
1794 3700 1902 3771 γὰρ

337 3802 480 3856 κατὰ
517 3799 728 3871 μέθεξιν
769 3800 818 3851 οἱ
855 3799 945 3851 τὸν
977 3796 1135 3864 φύσει
1167 3798 1257 3849 καὶ
1288 3796 1448 3866 μόνον
1493 3794 1746 3865 ἀληθινὸν
1768 3794 1901 3846 Θεὸν

340 3893 593 3963 ἔχοντεςκ
615 3890 791 3956 ζῶντα
817 3891 874 3943 ὲν
901 3889 1080 3951 αὐτοῖς
1109 3888 1200 3940 καλ¹
1229 3886 1616 3956 φθεγγόμενον.
1652 3904 1670 3936 ι
1714 3883 1905 3937 950:6—

339 4002 478 4039 κιον.

411 4078 642 4146 Μνήμην
677 4075 898 4129 δικαίων
942 4076 970 4126 ὁ
1013 4073 1252 4144 θεόφρων
1280 4071 1535 4139 σύλλογος
1580 4071 1695 4141 μετ’
1728 4072 1904 4137 ἐγκω-

346 4172 482 4241 μίων
507 4170 669 4231 τελεῖ,
702 4162 826 4236 οἷςὴ
861 4163 993 4218 Θεοῦ
1011 4165 1227 4233 Μήτηρ,
1259 4162 1334 4224 ὡς
1371 4161 1549 4214 αὐτῶν
1579 4160 1899 4227 κεφάλαιον,

342 4260 564 4322 εἰκότως
604 4253 996 4318 συνδοξάζεται,
1041 4251 1350 4304 τελευταίαν
1394 4250 1489 4301 καὶ
1530 4247 1754 4319 πρώτην
1807 4247 1904 4302 καὶ

348 4351 518 4419 μέσην
571 4346 723 4411 τάξιν
777 4344 1074 4413 ἐπέχουσα,
1137 4342 1232 4396 καὶ
1281 4341 1381 4411 τῆς
1430 4339 1705 4411 εὐφημίας
1773 4352 1906 4407 μετ-

345 4444 560 4513 έχουσα.
1557 4429 1898 4486 Καταϐασία.

412 4536 655 4606 Χέρσον,
710 4529 1098 4593 ἀϐυσσοτόκον,
1160 4528 1318 4581 πέδον
1372 4524 1522 4596 ἣλιος
1570 4519 1902 4576 ὲπεπόλευσέ

346 4643 492 4680 ποτε·
524 4625 654 4678 ὡσεὶ
684 4625 859 4693 τεῖχος
884 4621 991 4690 γὰρ
1033 4619 1211 4688 ἐπάγη
1235 4614 1568 4684 ἑκατέρωθεν
1605 4611 1746 4682 ὕδωρ
1792 4609 1907 4680 λαῷ

345 4716 729 4788 πεξοποροῦντι
781 4713 873 4766 καὶ¹
927 4709 1232 4781 θεαρέστως
1288 4707 1562 4777 μέλποντι·
1605 4723 1623 4755 ι
1652 4704 1906 4773 ’ᾼσωμεν

342 4809 423 4880 τῷ
452 4809 638 4880 Κυρίῳ
661 4806 887 4873 ἐνδόξως.
909 4804 1015 4875 γὰρ
1041 4800 1372 4866 δεδόξασται.
1405 4818 1424 4852 ι

3383 319 3544 366 αῖσιν

2257 432 2487 488 ALTER
2531 431 2769 487 'CANON
2821 431 3256 488 SANCTORUM.

2428 523 2592 591 Cujus
2627 525 2949 578 acrostichis
2986 532 3071 578 est
3103 541 3118 576 :

2233 614 2278 668 0
2308 614 2553 678 Trinitas,
2595 614 2767 668 lucere
2816 622 2919 666 tres
2962 612 3096 667 soles
3131 612 3282 680 faris.

2422 703 2570 772 Opus
2591 703 2833 772 ejusdem
2853 703 3100 757 Joannis.

2199 797 2320 850 171.
2345 797 2480 852 ODE
2513 799 2564 851 1.
2599 795 2781 850 Touus
2818 807 2873 850 et
2914 797 3119 849 hirmus
3147 795 3305 849 idem.

2063 904 2122 949 ο
2175 888 2476 954 mortales,
2518 902 2677 956 quam
2738 888 3232 940 remunerationem
3286 884 3546 949 aﬂ‘eretis,

1981 995 2140 1051 quam
2186 981 2493 1034 studiorum
2534 977 2941 1047 olIiciorumque
2984 977 3414 1035 vicissitudinem
3464 978 3586 1050 di-_

1982 1087 2142 1143 gnam
2201 1071 2429 1142 iis,qui
2486 1079 2612 1126 sunt
2670 1080 2781 1123 tam
2832 1071 2970 1124 bene
3008 1070 3075 1124 de
3117 1069 3271 1123 vobis
3318 1068 3547 1134 meriti,

1984 1179 2038 1223 et
2087 1184 2182 1237 per
2213 1183 2348 1236 quos
2381 1165 2625 1236 perducti
2666 1164 2797 1218 estis
2837 1164 2904 1218 ad
2932 1165 3019 1234 pie
3041 1172 3339 1230 sancteque
3361 1161 3551 1216 viven-

1985 1259 2110 1313 dum
2140 1259 2164 1312 ?

2070 1360 2271 1403 Herse:
2305 1350 2575 1404 rhetorum
2628 1349 2843 1419 linguae,
2883 1355 3135 1414 artesque
3185 1329 3550 1414 methodiq'ue:

1985 1449 2039 1493 et
2067 1441 2243 1494 oumis
2271 1441 2480 1494 dicendi
2517 1443 2595 1494 vis
2620 1453 2782 1509 atque
2813 1439 2965 1506 copia
2998 1453 3140 1491 nunc
3171 1437 3223 1490 in
3251 1449 3544 1505 argumen-

1988 1538 2097 1584 tum
2135 1531 2444 1585 incumbant
2481 1547 2646 1584 unum
2677 1549 2691 1584 :
2721 1540 2776 1585 et
2800 1545 2830 1584 a
2857 1531 3052 1600 quibus
3083 1531 3347 1583 honorata
3377 1536 3503 1583 sunt
3529 1566 3547 1592 ,

1988 1638 2082 1677 eos
2105 1623 2339 1675 vicissim
2366 1624 2646 1674 honorent.

2073 1712 2439 1768 =evolventes
2478 1713 2658 1765 animo
2696 1711 2834 1764 bona
2886 1710 3157 1784 caelestia,
3194 1709 3326 1763 nihil
3382 1719 3550 1765 terre-

1986 1812 2098 1857 stre
2117 1804 2494 1857 sustinuerunt
2518 1805 2719 1857 habere
2761 1806 3067 1872 proprium;
3092 1803 3184 1858 sed
3214 1803 3434 1856 fuerunt
3457 1818 3554 1856 cu-

1988 1895 2170 1949 stodes
2218 1905 2627 1962 assertoresque
2661 1893 3104 1959 communitatis;
3141 1892 3260 1948 ideo
3294 1902 3349 1947 et
3401 1907 3553 1947 com-

1989 1987 2136 2039 muni
2164 1985 2319 2038 laude
2339 1994 2620 2040 ornentur.
2669 1985 2906 2040 Mariale.

2075 2081 2381 2131 ~mmunis
2435 2080 2504 2132 ab
2549 2081 2694 2133 omni
2730 2079 2871 2143 labe,
2906 2086 2977 2142 te,
3014 2090 3298 2130 commune
3352 2082 3556 2128 naturae

1992 2173 2191 2219 nostra:
2221 2165 2408 2228 decus,
2476 2166 2812 2221 celebramus
2861 2181 3071 2230 omnes,
3119 2166 3321 2219 labium
3379 2163 3554 2220 effecti

1995 2268 2189 2322 unum,
2216 2269 2492 2324 unumque
2522 2267 2842 2310 concentum
2876 2256 3238 2325 perﬁcientes.

2284 2346 2490 2402 ALIUS
2530 2348 2760 2402 (ΣΛΝΟΝ
2808 2347 3247 2402 SANCTORUM.

2551 2435 2696 2506 Opus
2740 2437 3000 2501 ejusdem.

1996 2525 2117 2579 17‘).
2169 2525 2306 2581 ODE
2338 2527 2388 2580 1.
2429 2526 2611 2580 Tonus
2664 2527 2912 2593 obliquus
2980 2527 3051 2590 Il,
3112 2528 3250 2580 sicut
3293 2527 3559 2597 Ἀρματη-

2583 2617 2749 2685 λάτην
2780 2615 2993 2686 Φαραώ.

2070 2707 2306 2762 Conatus
2365 2722 2605 2776 praesens
2651 2724 2753 2761 non
2808 2717 2891 2760 est
2951 2710 3201 2762 humanae
3266 2709 3555 2777 diligentia:

1995 2813 2150 2861 opus.
2183 2797 2383 2864 Quare,
2415 2814 2447 2852 0
2490 2799 2740 2868 benigne,
2773 2799 2885 2852 sedi
2935 2808 3036 2852 tua:
3075 2799 3320 2853 assidens
3347 2800 3561 2868 sapien-

1999 2892 2069 2944 tia
2101 2889 2176 2960 (α)
2210 2891 2338 2943 mihi
2373 2902 2568 2956 ιιι-33510
2599 2890 2691 2952 sit,
2724 2898 2778 2942 et
2827 2891 3129 2958 suppedilet
3159 2891 3389 2960 gratiam
3439 2907 3558 2945 scr-

2000 2983 2199 3043 monis,
2221 2991 2298 3047 ut,
2328 2997 2463 3051 quos
2489 2983 2604 3049 ipsa
2639 2982 2893 3051 prmclare
2921 2991 3044 3036 ante
3073 2982 3413 3051 glorificavit,
3446 2998 3563 3038 eos-

1901 3109 1966 3170 .c
2001 3072 2120 3125 dem
2161 3071 2466 3140 gloriﬁcare
2501 3071 2727 3123 valeam.

2075 3161 2323 3229 Bonitas}
2361 3172 2448 3216 tua
2480 3201 2494 3224 ,
2557 3163 2819 3226 Domine,
2872 3177 2976 3215 non
3031 3163 3188 3215 aliter
3245 3163 3564 3218 redundavit

2002 3268 2067 3310 ac
2087 3263 2265 3310 crater
2301 3273 2314 3308 :
2347 3265 2401 3309 et
2427 3255 2630 3308 divitia:
2667 3255 2845 3309 mldtte
2876 3255 3221 3324 benignitatis
3250 3266 3352 3310 tua:
3379 3256 3563 3310 ell‘usa

2003 3353 2172 3408 sunt,
2204 3359 2376 3414 eoque
2431 3355 2796 3414 pervenerunt
2824 3385 2838 3411 ,
2873 3355 2932 3397 ut
2987 3354 3038 3399 et
3087 3346 3220 3400 alios
3255 3347 3565 3402 condideris

2003 3438 2056 3491 in
2096 3450 2262 3491 carne
2318 3436 2535 3505 angelos
2563 3475 2578 3500 ,
2618 3437 2709 3504 qui
2745 3450 2886 3489 nunc
2939 3435 3191 3490 laudandi
3249 3451 3566 3508 proponun-

2006 3537 2113 3581 llll‘.

2085 3616 2344 3672 Ctelestes
2406 3617 2646 3672 cmlestia
2724 3617 2915 3671 decent
2979 3620 3282 3688 praeconia;
3336 3621 3568 3689 hymnus

2007 3709 2279 3779 angelicus
2334 3709 2530 3763 divinis
2587 3710 2894 3765 hominibus
2945 3711 3212 3776 congruit.

2006 3809 2201 3852 natura
2237 3815 2401 3852 unum
2432 3801 2816 3854 verumDeum
2875 3801 3074 3855 habent
3118 3813 3174 3855 et
3204 3803 3473 3858 viventem
3509 3807 3563 3858 in

2005 3905 2065 3945 se
2107 3899 2162 3944 et
2213 3889 2563 3959 loquentem,
2617 3889 2694 3944 illi
2751 3906 2846 3960 per
2895 3893 3438 3948 communicationem
3493 3896 3570 3949 dii

2005 3990 2151 4036 sunt.
2205 3981 2444 4036 Mariale.

2081 4071 2208 4126 Pius
2230 4083 2400 4126 cretus
2457 4086 2578 4126 cum
2609 4073 2878 4140 prteconio
2922 4073 3032 4139 agit
3068 4076 3378 4130 memoriam
3404 4077 3573 4146 justo-

2004 4179 2148 4229 rum,
2174 4165 2491 4232 quibuscum
2526 4165 2618 4218 Dei
2651 4163 2842 4230 Mater,
2899 4173 3150 4235 tanquam
3184 4168 3420 4235 ipsorum
3482 4184 3575 4224 ca-

2007 4265 2125 4326 put,
2160 4257 2356 4311 merito
2389 4256 2746 4325 gloriﬁcatur,
2782 4257 3012 4324 primum
3041 4257 3385 4328 mediumque
3416 4262 3566 4314 ordi-

2009 4340 2130 4404 ne°m
2159 4363 2432 4418 occupans
2459 4356 2515 4402 et
2549 4347 2732 4417 gloria:
2763 4346 3056 4416 particeps.
3262 4348 3570 4404 Catabasia.

3293 3710 3426 3765 Nam
3475 3715 3568 3781 qui

2087 4527 2269 4583 Solum
2315 4527 2499 4582 sterile
2539 4536 2593 4581 et
2643 4526 2942 4592 incultum,
3001 4527 3179 4582 locum
3234 4529 3432 4598 abyssi,
3494 4532 3576 4586 sol

2017 4618 2306 4687 aliquando
2357 4625 2418 4671 ut
2471 4631 2717 4684 campum
2772 4618 3024 4673 lustravit
3081 4636 3094 4670 :
3142 4621 3340 4672 etenim
3407 4620 3577 4675 instar

2018 4711 2158 4765 muri
2201 4709 2351 4763 stetit
2380 4723 2517 4777 aqua
2549 4710 2819 4777 utrinque,
2863 4711 3031 4763 donec
3070 4711 3299 4780 populus
3345 4711 3572 4780 pedibus

2017 4803 2375 4872 pertransiret
2427 4816 2616 4868 mare,
2648 4809 2704 4854 et
2750 4817 2818 4855 ex
2869 4800 3050 4855 divino
3096 4810 3363 4871 praecepto
3412 4817 3576 4859 cane-

2015 4903 2099 4948 ret
2128 4911 2142 4946 :
2183 4912 2200 4944 ι
2233 4894 2526 4948 Cantemus
2562 4893 2828 4948 Domino:
2857 4892 3089 4962 gloriose
3123 4893 3266 4948 enim
3311 4894 3580 4963 glorilica-

2017 4991 2102 5039 tus
2132 4993 2214 5039 est
2245 4984 2336 5055 (b).
2376 5003 2394 5034 ι

419 5121 536 5175 175.
573 5118 748 5173 (Ζοιιιι.
778 5113 908 5166 Post
934 5107 1263 5164 catabasiam
1294 5104 1520 5175 primam
1559 5116 1855 5175 secundum
1889 5111 2237 5175 numerorum
2263 5096 2546 5175 ordinem,
2589 5094 2739 5175 sequi
2791 5095 3009 5175 deberet
3047 5095 3146 5149 ode
3184 5096 3219 5149 2
3251 5112 3266 5160 ;
3293 5096 3410 5175 sed,
3447 5099 3572 5164 quia

347 5165 830 5251 lue-csuniittirper
859 5165 1101 5233 ordinem
1127 5165 1386 5231 feriarum
1413 5189 1476 5228 ex
1503 5174 1729 5226 canticis
1761 5185 1932 5224 sacrae
1965 5168 2281 5251 Scripturze,
2316 5176 2374 5251 ut
2395 5166 2507 5218 dixi
2535 5165 2587 5218 in
2625 5166 3007 5246 dissertatione
3033 5166 3375 5251 ono‘mastica
3417 5183 3564 5217 num.

353 5234 544 5324 i'i'ézi
553 5234 838 5326 Bitéie'rila
853 5262 1130 5326 canonum
1169 5257 1418 5326 auctores
1459 5257 1672 5326 semper
1714 5247 2009 5326 transeant
2031 5234 2117 5326 ad;
2141 5235 2291 5326 oden:
2318 5235 2384 5326 ii,
2398 5235 2967 5326 paterer-misso“
2989 5234 3274 5326 m‘a‘t'inifeste
3309 5247 3463 5326 patet
3509 5251 3576 5326 ex

349 5303 1068 5382 {sic}?biﬁéib'sucnicis,
1105 5316 1279 5385 qualis
1302 5316 1354 5368 in
1385 5315 1484 5369 hoc
1520 5303 1695 5366 ullicio
1725 5320 1808 5365 est
1853 5307 2120 5364 secundus
2151 5322 2166 5359 :
2203 5305 2296 5374 qui
2328 5319 2562 5360 canones
2585 5305 2968 5359 continuantur
3005 5303 3192 5358 eodem
3245 5318 3463 5373 semper
3490 5320 3580 5358 ur-

347 5400 492 5463 dine,
516 5411 621 5466 quo
649 5408 809 5462 supra
842 5390 943 5443 hoc
974 5387 1151 5440 modo.

1009 5478 1140 5551 om
1177 5477 1254 5530 Γο.

415 5575 721 5645 Στερέωσον
760 5572 989 5635 τηαᾶςιὲν
1017 5569 1120 5635 σοὶ,
1159 5565 1351 5639 Κύριε,
1393 5564 1422 5617 ὁ
1457 5561 1596 5632 ξύλῳ
1627 5556 1909 5633 νεκρώσας

419 5752 497 5824 (a)
531 5751 657 5821 Sap.
694 5766 766 5814 rx,
799 5775 831 5800 ιε

2688 5463 2823 5520 ODE
2859 5465 2912 5520 5.

2095 5557 2363 5614 Conﬁrma
2417 5570 2517 5612 nos
2559 5555 2614 5610 in
2661 5565 2732 5624 te,
2771 5557 3016 5624 Domine,
3045 5557 3134 5628 qui
3175 5555 3323 5628 ligno
3351 5552 3586 5612 iuterl‘eo.

2032 5757 2035 5760 -
2089 5729 2163 5800 (b)
2188 5728 2354 5787 Exod.
2391 5744 2479 5787 xv.
2513 5728 2564 5783 1.
