4076 6226
502 318 686 361 CCCI."

1836 303 2381 363 ‘PROLECOMENA.

502 418 625 473 cisti
653 425 950 487 peccatum,
977 425 1031 469 et
1075 415 1151 469 tui
1182 415 1427 469 timorem
1458 414 1688 469 immitte
1717 417 1769 468 in
1801 427 1988 470 nostra
2020 425 2063 470 te

2172 416 2267 485 τὴν
2298 413 2591 486 ἁμαρτίαν·
2619 414 2711 464 καὶ
2750 410 2841 464 τὸν
2870 410 3033 480 φόϐον
3064 427 3157 464 σου
3182 411 3521 483 ὲμιρύτευσον
3555 414 3637 478 είς
3659 416 3770 483 τὰς

503 509 834 563 laudantium
865 508 1187 575 praecordia.

574 600 744 666 Quem
804 598 1058 668 peperisti
1108 597 1324 664 Deum',
1374 599 1729 662 intemerata,
1793 607 1935 651 nunc
1981 606 2070 652 tua

500 705 663 762 prece
691 700 745 744 et
767 690 1142 744 obsecratione
1168 690 1328 744 redde
1365 690 1656 759 propitium
1700 688 2066 756 supplicibus,

499 797 562 836 se
588 780 927 834 tradentibus
957 782 1010 834 in
1043 790 1187 834 tuam
1222 781 1466 847 tutelam,
1496 791 1552 837 et
1589 780 1823 836 tideliter
1851 792 2069 850 partum

499 880 651 924 tuum
680 870 1055 926 adorantibtts.
1488 858 1491 861 ’

570 960 747 1017 Vitam
806 978 979 1017 meam
1032 971 1199 1018 totam
1254 964 1470 1032 dirige,
1511 961 1718 1033 Virgo,
1767 974 1891 1031 spes
1951 973 2070 1013 mea

499 1066 663 1127 atque
680 1057 960 1124 defensio;
998 1058 1388 1114 tentationibus
1415 1067 1470 1113 et
1506 1055 1922 1113 necessitatibus
1937 1067 2071 1108 erue

498 1163 586 1204 me
620 1149 897 1219 gravibus,
933 1165 1148 1220 semper
1178 1148 1362 1219 Virgo.

570 1239 663 1295 Dei
703 1239 968 1305 Genitrix,
1022 1256 1142 1310 quae
1174 1245 1279 1297 tuis
1326 1241 1469 1297 ulnis
1490 1256 1619 1296 vere
1670 1239 1898 1310 portasti
1932 1237 2065 1293 snh-

515 1332 799 1387 sistentem
833 1332 926 1386 Dei
962 1332 1305 1400 sapientiam,
1328 1343 1450 1404 pete
1487 1332 1715 1388 famulos
1749 1342 1869 1388 tuos
1916 1330 2068 1400 igno-

498 1422 676 1477 rantia
707 1432 763 1478 et
783 1438 971 1492 errore
1004 1424 1243 1479 liberari.

568 1512 694 1568 174.
747 1513 920 1570 Alius.
974 1513 1128 1569 Sicut
1186 1514 1275 1568 ’Ev
1324 1512 1506 1582 πέτρᾳ
1555 1526 1622 1581 με
1664 1507 1764 1577 τῆς
1828 1504 2067 1568 πίστεως

496 1605 859 1678 ἑστερέωσας.

581 1709 718 1752 20a
755 1709 917 1764 parva
952 1692 1205 1749 Ecclesiae
1231 1690 1479 1757 buccina,
1511 1689 1725 1743 lucerna
1760 1686 2067 1740 illuminans

2181 501 2406 571 καρδίας
2444 500 2599 571 ἡμῶν
2621 500 2728 553 τῶν
2756 499 3066 570 ὑμνούντων
3093 517 3173 553 σε.

2253 590 2578 661 Πρεσϐείαις
2643 606 2758 652 σου,
2801 589 2989 661 Ἀγνὴ,
3027 590 3180 654 Θεὸν,
3236 590 3295 643 ὃν
3345 593 3549 657 ἔτεκες,
3581 596 3769 665 παρά·-

2181 694 2306 747 σχου
2340 679 2586 732 εύῖλατον
2612 681 2723 742 τοῖς
2750 679 2974 742 ἱκέταις,
2996 683 3107 743 τοῖς
3134 680 3523 752 προσ-τρέχουσι
3552 687 3618 754 τῇ
3634 684 3769 737 σκέ-

2180 786 2257 844 πῃ
2280 787 2394 835 σου,
2423 770 2520 823 καὶ
2558 770 2765 835 πιστῶς
2812 771 3177 843 προσκυνοῦσι
3217 789 3310 826 σου
3349 774 3447 843 τὴν
3475 774 3669 845 κύησιν

2249 947 2417 1021 Ὅλην
2474 967 2575 1021 μου
2617 951 2717 1021 τὴν
2774 949 2919 1020 ζωὴν
2969 950 3439 1022 διακυϐἐρνησον,
3484 951 3757 1022 Παρθένε,

2177 1039 2332 1104 ὲλπίς
2374 1058 2474 1111 μου
2514 1041 2611 1096 καὶ
2648 1040 2973 1113 προστασία·
3020 1040 3345 1112 πειρασμῶν
3382 1040 3474 1095 καὶ
3496 1044 3761 1114 περιστά-

2178 1148 2316 1186 σεων
2345 1132 2684 1205 λυτρουμένη
2705 1132 2894 1185 δεινῶν
2919 1150 3010 1203 με,
3040 1132 3383 1205 ἀειπάρθενε.

2249 1225 2447 1295 Σοφίαν
2478 1225 2573 1280 τοῦ
2621 1224 2756 1279 Θεοῦ
2793 1225 2893 1296 τὴν
2929 1226 3289 1279 ὲνυπόστατον
3349 1225 3615 1293 ἀγκάλαις
3675 1226 3754 1290 ὡς

2176 1316 2436 1388 φέρουσα,
2451 1318 2702 1383 Θεοτόκε,
2747 1318 2807 1382 ἐξ
2838 1316 3062 1386 ἀγνοίας
3091 1318 3185 1370 καὶ
3211 1316 3524 1389 πλανήσεως
3540 1317 3754 1389 λυτρω⁴

2176 1408 2336 1479 θῆναι
2361 1409 2488 1473 τοὺς
2517 1409 2820 1479 ὑμνοῦντάς
2860 1426 2918 1463 σε
2951 1410 3175 1465 ἱκέτευε.

2248 1500 2460 1565 Ἀλλος.
2540 1502 2627 1554 Ἐν
2686 1501 2863 1573 πέτρᾳ
2915 1518 2983 1573 με
3040 1502 3138 1571 τῆς
3202 1502 3435 1565 πίστεως
3484 1502 3752 1572 ἐστερέω-

2177 1605 2292 1652 σας.

2260 1692 2313 1737 =1
2368 1681 2652 1753 σάλπιγξή
2701 1682 2914 1754 μεγάλη
2949 1685 3048 1753 τῆς
3082 1654 3442 1756 ⁴Ἐκκλησίανς,
3482 1686 3511 1737 6
3557 1683 3755 1755 λύχνος

493 1786 700 1849 orbem,
724 1799 899 1853 praeco
938 1799 1128 1839 omnes
1158 1784 1340 1836 mundi
1388 1780 1521 1834 fines
1544 1795 1677 1832 voce
1704 1778 2062 1844 comprehen-

2167 1772 2193 1824 6
2225 1770 2476 1841 φωτίζων
2492 1770 2589 1842 τὴν
2613 1773 2958 1843 οἰκουμένην,
2982 1776 3010 1826 6
3035 1773 3208 1844 κῆρυξ
3229 1776 3257 1828 6
3289 1774 3365 1844 τῷ
3394 1775 3618 1845 φθόγγῳ
3648 1792 3752 1828 πε-

493 1872 649 1938 dens,
680 1870 855 1942 Magni
883 1871 1100 1925 nomine
1132 1870 1422 1940 insignitus
1442 1868 1668 1921 Basilius
1699 1867 1842 1920 hunc
1864 1875 2062 1919 coetum

490 1973 774 2019 convocat.

574 2054 854 2111 —-llustris
883 2054 990 2109 vita
1021 2063 1076 2109 et
1105 2053 1267 2109 rebus
1305 2050 1492 2122 gestis,
1530 2048 1754 2104 illustris
1811 2046 2061 2102 facundia

490 2156 546 2202 et
573 2147 936 2211 documentis,
967 2160 1158 2199 omnes
1180 2142 1329 2198 omni
1358 2156 1422 2196 ex
1468 2147 1620 2210 parte
1643 2139 1784 2193 sicut
1820 2139 1901 2191 sol
1930 2138 2063 2193 alias

490 2238 675 2295 stellas
695 2252 1059 2309 exsuperans,
1084 2235 1256 2290 multa
1296 2233 1454 2288 laude
1500 2230 1808 2286 cumulatus
1859 2230 2063 2284 theolo-

491 2345 616 2399 gus,
642 2329 905 2383 hodierna
940 2327 1027 2382 die
1060 2329 1249 2382 beatus
1273 2323 1617 2395 praedicatur.

575 2419 786 2474 --lotius
837 2419 1018 2472 mundi
1049 2418 1230 2471 lumen
1269 2431 1396 2471 ecce
1437 2417 1637 2469 mundo
1687 2414 1780 2467 toti
1816 2422 2058 2467 catenat-

496 2519 615 2572 tur;
651 2523 778 2564 ecce
807 2508 887 2562 sal
919 2518 1078 2562 terrae
1104 2518 1302 2562 terram
1328 2506 1513 2561 condit
1541 2524 1555 2559 :
1585 2520 1715 2559 ecce
1745 2505 1944 2573 lignum
1978 2504 2062 2557 vi-

494 2611 582 2664 tae,
608 2614 736 2653 ecce
766 2597 1191 2651 immortalitatis
1222 2596 1429 2650 fructus
1454 2595 1681 2650 ell'uudit
1721 2605 1941 2650 sanctus
1967 2609 2063 2647 au-

491 2704 638 2743 reus.
667 2687 768 2755 Qui
805 2688 942 2742 mori
992 2703 1099 2742 nou
1154 2688 1349 2753 vultis,
1381 2690 1485 2743 huc
1509 2691 1717 2750 adeste,
1745 2695 1800 2739 et
1836 2686 2063 2740 delicias

488 2779 691 2848 capite.
1813 2775 2059 2831 Mariale.

578 2883 629 2923 δ’
660 2867 922 2937 principio
966 2881 1056 2937 qut
1107 2876 1318 2922 creavrt
1348 2868 1526 2922 omnia
1558 2883 1675 2937 qua‘
1716 2878 1861 2931 sunt.
1897 2883 1966 2922 ex
1998 2867 2064 2920 iis

489 2977 608 3030 qua:
656 2977 759 3016 non
804 2970 997 3023 erant,
1047 2967 1101 3012 et
1126 2960 1216 3029 qui
1248 2975 1401 3013 suam
1444 2961 1638 3029 cuique
1676 2960 1752 3015 rei
1809 2969 2059 3013 naturam

488 3053 674 3114 dedit.
710 3052 866 3108 datas
919 3060 1145 3105 naturas
1197 3051 1347 3106 novit
1400 3060 1611 3106 mutare
1652 3060 1711 3104 ut
1747 3049 1908 3112 vult;
1960 3064 2060 3100 un-

2169 1864 2514 1935 ριλαμὸάνων
2545 1864 2725 1918 πάντα
2766 1865 2834 1918 τά
2876 1864 3105 1937 πέρατα,
3141 1866 3170 1918 6
3199 1866 3584 1938 μεγαλώνυμος
3611 1884 3750 1938 συγ-

2164 1957 2351 2025 κροτεῖ
2375 1954 2473 2027 τὴν
2503 1954 2720 2020 σύναξιν
2753 1956 2957 2027 ταύτην
2990 1957 3292 2021 Βασίλειος.

2250 2054 2301 2098 ῖι>
2320 2044 2541 2116 αμπρὸς
2568 2044 2675 2099 ἀπὸ
2713 2045 2804 2098 τοῦ
2830 2046 2944 2117 βίου
2967 2048 3061 2102 καὶ
3086 2050 3191 2102 τῶν
3217 2051 3574 2122 πραγμάτων,
3601 2050 3749 2122 λαμ-

2164 2135 2303 2204 πρὸς
2337 2135 2447 2189 ἀπὸ
2495 2136 2588 2190 τοῦ
2636 2137 2794 2206 λόγου
2828 2140 2923 2192 καὶ
2966 2140 3074 2194 τῶν
3123 2142 3428 2211 δογμάτων,
3465 2144 3523 2196 ὲν
3577 2144 3747 2197 πᾶσιν

2164 2226 2540 2299 ύπερλάμπων
2574 2228 2780 2292 πάντας
2808 2229 2883 2292 ὡς
2908 2230 3100 2295 ἄλλους
3139 2233 3371 2303 ἀστέρας
3399 2234 3569 2305 ἥλιος,
3599 2236 3628 2287 6
3648 2252 3742 2288 πο-

2162 2316 2467 2387 λυύμνητος
2501 2317 2759 2387 Θεολόγος
2794 2321 3030 2391 σήμερον
3066 2320 3447 2393 μακαρίξεται.

2251 2408 2411 2462 ι-ιδοὺ
2448 2408 2507 2461 τὸ
2533 2407 2647 2476 φῶς
2677 2408 2771 2462 τοῦ
2801 2409 3004 2481 κόσμου
3036 2410 3116 2483 τῷ
3168 2412 3357 2482 κόσμῳ
3402 2414 3598 2480 φαίνει·
3633 2410 3745 2463 ί.δοῦ

2164 2500 2266 2571 τῆς
2300 2502 2404 2570 γῆς
2429 2502 2489 2554 τὸ
2513 2501 2644 2565 ἃλας
2667 2502 2765 2573 τὴν
2798 2503 2901 2572 γῆν
2928 2503 3127 2573 ἡδύνει·
3158 2504 3267 2558 ίδοὺ
3294 2506 3355 2558 τὸ
3383 2504 3528 2576 ζωῆς
3565 2504 3742 2569 ξύλον·

2163 2593 2463 2655 ἀθανασίας
2491 2595 2735 2664 καρποὺς
2770 2593 3130 2663 προϐάλλεται
3152 2597 3182 2647 6
3206 2594 3436 2667 χρυσοῦς
3469 2596 3641 2665 ἆγιος.
3674 2597 3746 2651 Ol

2164 2682 2348 2736 θανεῖν
2374 2683 2448 2754 μὴ
2471 2683 2735 2747 θέλοντες,
2756 2682 2933 2749 δεῦτε,
2958 2686 3295 2757 τρυφήσατε.
3439 2687 3743 2741 Θεοτόκιον.

2258 2873 2306 2914 c
2352 2860 2527 2913 πάντα
2574 2860 2638 2913 ἐκ
2687 2859 2760 2931 μὴ
2799 2859 2966 2913 ὄντων
2998 2861 3125 2915 ὅντα
3157 2862 3407 2933 ποιήσας,
3460 2864 3555 2916 καὶ
3583 2862 3748 2931 φύσιν

2164 2950 2288 3014 δοὺς
2316 2951 2532 3021 ἑκάστῳ
2553 2950 2661 3005 τῶν
2699 2954 3025 3024 γενομένων,
3056 2954 3215 3017 αὐτὸς
3247 2955 3342 3007 κα)⁸
3372 2952 3470 3018 τὰς
3498 2954 3749 3018 δοθείσας

2168 3040 2359 3109 φύσεις
2403 3040 2653 3110 ἀμείϐειν
2696 3039 2856 3109 οἶδεν,
2885 3043 2957 3105 ὼς
3011 3044 3279 3114 βούλεται·
3318 3044 3440 3098 ὅθεν
3489 3046 3748 3099 ἀκούεται

488 3150 556 3198 de
618 3145 833 3200 auditur
893 3154 950 3198 et
1010 3144 1175 3215 Virgo
1234 3159 1451 3216 parens.
1513 3142 1645 3210 Quis
1716 3158 1822 3198 non
1895 3142 2061 3195 mire-

2169 3134 2263 3186 καὶ⁵
2280 3133 2552 3206 Παρθένος
2582 3134 2857 3189 τίκτουσα.
2882 3136 2979 3201 Τίς
3004 3113 3064 3189 οὑ
3094 3135 3459 3208 θαυμάζεται;

488 3235 621 3289 tur?

564 3328 745 3383 COII.
774 3325 944 3382 Tertii
967 3326 1196 3382 canonis
1225 3342 1332 3383 non
1374 3328 1719 3383 acrostichicl
1745 3341 1869 3397 pars
1910 3327 2079 3380 altera
2102 3327 2182 3383 sic
2213 3338 2569 3397 pra‘notatur.

558 3420 732 3474 Alius.
786 3418 992 3474 Sicut6
1030 3418 1337 3492 στερεώσας
1389 3421 1513 3475 κατ’
1568 3421 1744 3494 ἀρχὰς
1790 3423 1919 3485 τοὺς
1974 3420 2064 3474 οὐ·

492 3512 710 3583 ρανούς.

561 3604 684 3659 175.
734 3603 1123 3660 Emendatores
1170 3619 1404 3673 morum,
1453 3607 1865 3677 animorumque
1916 3621 2066 3664 meo.

493 3696 639 3751 nomi
673 3712 690 3758 ;
723 3710 1040 3751 communes
1092 3697 1334 3751 omnium
1390 3707 1736 3765 servatores;
1793 3700 2063 3754 factorum

386 3860 393 3867 ἠ
490 3790 866 3858 dictorumque
909 3789 1145 3858 speciem
1180 3789 1336 3845 nobis
1370 3798 1425 3844 et
1451 3792 1728 3860 exemplar
1750 3806 2058 3860 proponen-

490 3890 572 3935 tes
596 3898 611 3947 ;
641 3880 764 3935 vitae
793 3882 1166 3938 moderatores
1195 3883 1456 3947 illustres,
1483 3883 1678 3938 illustri
1713 3884 2060 3939 celebrentur

488 3971 757 4028 eucomio.

563 4056 801 4124 Spiritus
850 4056 943 4111 Dei
980 4057 1206 4126 replevit
1258 4056 1514 4113 Basiliam
1550 4062 1775 4116 scientia
1806 4080 1821 4117 :
1850 4079 1915 4117 ex
1957 4063 2057 4116 lin-

489 4147 612 4215 guis
638 4144 903 4201 flammeis
932 4146 1120 4201 habuit
1151 4162 1314 4203 uuam
1345 4148 1665 4220 Gregorius.
1696 4162 1751 4206 et
1777 4152 1954 4223 ignem
1981 4169 2066 4206 su-

494 4237 672 4291 blimis
696 4237 898 4305 eloquii
933 4238 1161 4306 spiravit
1197 4260 1210 4294 :
1243 4240 1299 4295 in
1336 4240 1547 4299 Joanne
1573 4256 1752 4298 autem
1780 4260 1842 4299 os
1862 4245 2063 4300 Christi

491 4328 729 4382 locutum
753 4336 853 4381 est.

566 4416 735 4485 llujus
783 4415 966 4471 saeculi
1025 4416 1309 4473 manifeste
1366 4420 1700 4488 antiquatam
1739 4417 2060 4486 sapientiam

490 4508 594 4563 sibi
625 4509 893 4563 subditam
922 4510 1079 4563 habet
1105 4510 1337 4565 stultitia
1372 4511 1795 4579 praedicntionis,
1834 4522 1888 4564 et
1939 4526 2065 4579 pero

491 4603 616 4656 inde
647 4616 710 4655 ac
741 4599 997 4654 famulam
1030 4602 1357 4657 servientem
1397 4620 1411 4657 :
1446 4616 1569 4656 nam
1605 4602 1780 4672 gratia
1810 4613 2060 4655 oratores

491 4693 750 4746 facundos
779 4692 926 4745 facit.

562 4787 663 4852 Qui
728 4786 969 4855 Virginis
1028 4799 1176 4855 pura:
1243 4786 1566 4839 inhabitant
1623 4793 1833 4839 uterum
1871 4823 1888 4850 ,
1935 4785 2066 4839 facit

490 4877 700 4931 animas
733 4878 1058 4932 dciferorum
1090 4885 1405 4930 sanctorum
1433 4875 1764 4930 domicilium
1788 4891 1945 4930 suum
1969 4894 1984 4942 ;
2008 4887 2065 4932 et

490 4969 703 5022 illorum
734 4982 830 5023 ore
856 4969 1044 5039 pandit
1068 4982 1187 5038 quae
1213 4976 1439 5022 matrem
1472 4984 1626 5022 suam
1650 4977 1904 5037 spectant
1940 4983 2060 5038 my-

485 5061 677 5115 steria.
1478 5121 1484 5129 ,
1749 5060 2059 5115 Cataltasia.

566 5152 987 5207 Firmamentum
1038 5151 1423 5207 confidentium
1442 5145 1532 5205 ~in
1583 5165 1655 5215 te,
1696 5151 1941 5216 Domine,
1973 5154 2059 5204 lir-

491 5258 578 5296 ma
626 5242 921 5299 Ecclesiam
957 5257 1121 5312 quam
1160 5242 1517 5324 acquisivile
1535 5242 1774 5311 pretioso
1804 5252 1896 5296 tuo
1936 5258 2063 5296 san-

486 5336 669 5402 guine.
1444 5320 1517 5324 —
1589 5320 1633 5326 ’-
1862 5373 1867 5379 .

562 5425 763 5480 Sessio.
805 5423 985 5479 Tonus
1016 5425 1263 5493 obliquus
1300 5424 1354 5478 4.
1385 5423 1538 5479 Sicut
1578 5426 1689 5496 Τὴν
1744 5424 1937 5493 σοφίαν
1964 5424 2058 5476 καὶ

485 5514 667 5584 λόγον.
1268 5508 1271 5511 ’
1486 5509 1493 5512 ’
1520 5510 1525 5511 ί
1557 5506 1561 5511 ’
1730 5500 1761 5508 ’-

568 5605 683 5659 Πϐ.
722 5604 911 5675 Magna
964 5608 1294 5672 luminaria,
1352 5608 1691 5677 splendorem
1748 5595 2052 5671 afferentia:

490 5694 783 5763 firmusque
820 5694 1071 5750 Ecclesiae
1124 5700 1341 5754 turres.
1380 5694 2053 5760 Concorditerlaudemus,

488 5788 583 5851 qui
630 5785 869 5851 pulchris
899 5800 1087 5843 eorum
1119 5797 1480 5844 monumentis
1505 5789 1742 5860 .pariter
1763 5801 1826 5843 ac
1881 5796 2090 5862 gratia...

1817 4692 2057 4747 Mariale.
2091 4684 2140 4744 Ι)
2167 4696 2362 4762 σοφοὺς
2384 4695 2747 4766 προϐάλλεται
2782 4699 3041 4768 ῥήτορας.

2266 3422 2477 3486 Ἀλλος.
2552 3424 2610 3478 ’0
2666 3425 2973 3497 περεώσας
3031 3428 3152 3482 κατ’
3199 3426 3373 3498 ἀρχὰς
3406 3433 3532 3493 τοὺς
3580 3433 3741 3500 οὐρα·

2168 3514 2311 3578 νούς.

2236 3609 2300 3659 Oi
2318 3606 2447 3680 \‘EG'J‘J
2466 3607 2614 3678 ήθῶν
2631 3610 2917 3682 διορθωταὶ
2933 3613 3027 3665 καὶ
3058 3613 3168 3667 τῶν
3210 3612 3399 3683 ψυχῶν
3448 3615 3744 3683 οἰκονόμοι,

2165 3699 2215 3749 οἱ
2252 3701 2495 3771 σωτῆρες
2527 3702 2576 3754 οἱ
2626 3702 2797 3755 κοινοὶ
2827 3702 2937 3755 τῶν
2970 3703 3248 3766 ἁπάντων,
3287 3704 3337 3754 oi
3370 3704 3465 3755 καὶ
3492 3703 3744 3773 πράξεων

2166 3791 2298 3860 ἡμῖν
2330 3792 2425 3845 καὶ
2466 3792 2641 3861 λόγων
2677 3794 2876 3857 τόπους
2909 3794 3203 3861 δείξαντες,
3251 3795 3301 3847 οἱ
3335 3794 3620 3849 παιδευταὶ
3644 3794 3743 3849 τοῦ

2168 3879 2304 3949 βίου,
2339 3882 2606 3954 λαμπρῶς
2641 3884 3104 3956 εύφημήσθωσαν.

2238 4054 2463 4125 Πνεῦμα
2526 4056 2660 4109 Θεοῦ
2734 4056 2995 4127 ἐνέπλησε
3064 4057 3341 4110 Βασίλειον
3410 4060 3740 4129 ἐπιστήμης·

2163 4145 2270 4201 τῶν
2297 4150 2538 4219 πυρίνων
2563 4148 2622 4202 δὲ
2654 4147 2914 4216 γλωσσῶν
2940 4147 3064 4219 ἔσχε
3093 4148 3220 4218 μίαν
3249 4151 3277 4201 6
3301 4149 3340 4201 Γ
3345 4149 3616 4221 ρηγόριος.
3645 4152 3743 4204 καὶ

2164 4238 2276 4311 πῦρ
2314 4240 2615 4311 ὑψηγορίας
2636 4241 2946 4295 ἐνέπνευσε·
2980 4241 3042 4294 τὸ
3072 4239 3168 4293 τοῦ
3202 4241 3436 4312 Χριστοῦ
3468 4241 3526 4294 δὲ
3565 4242 3742 4313 στόμα

2163 4332 2222 4382 ἐν
2254 4330 2475 4402 Ἰωάννῃ
2502 4331 2781 4401 ἐλάλησεν.
3590 4386 3597 4397 ,

2232 4419 2339 4473 Τοῦ
2386 4420 2480 4475 νῦν
2535 4422 2729 4485 αἰῶνος
2767 4421 2865 4491 τὴν
2921 4424 3105 4490 σαφῶς
3151 4422 3599 4494 καταργουμένην
3654 4438 3744 4476 σο-

2164 4512 2290 4581 φίαν
2319 4513 2353 4581 ή
2375 4513 2555 4583 μωρία
2584 4512 2679 4565 τοῦ
2698 4513 3051 4584 κηρύγματος
3068 4511 3181 4584 ἔχει
3205 4514 3625 4568 ὑποκύπτουσαν
3638 4515 3741 4568 αὐ-

2161 4607 2250 4675 τῇ,
2282 4606 2376 4657 καὶ
2404 4605 2663 4669 δουλικῶς
2686 4606 3076 4678 λατρεύουσανο
3110 4609 3359 4679 κήρυκας
3392 4606 3553 4679 γάρὴ
3582 4606 3743 4678 Χάρις

3433 4698 3739 4752 Θεοτόκιον.

2251 4787 2308 4839 Ὁ
2340 4787 2399 4839 ὲν
2444 4788 2510 4857 τῇ
2556 4788 2741 4858 μήτρα
2770 4788 2867 4856 τῆς
2899 4788 3070 4859 ἁγνῆς
3112 4790 3543 4859 κατασκηνώσας
3596 4790 3745 4858 Παρο

2168 4876 2323 4932 θένου
2380 4877 2476 4941 τὰς
2531 4878 2709 4948 ψυχὰς
2754 4878 2862 4932 τῶν
2911 4880 3184 4951 θεοφόρων
3218 4882 3386 4948 ἁγίων
3432 4883 3742 4952 οἰκητήριον

2169 4970 2331 5032 ποιεῖ,
2365 4967 2460 5021 καὶ
2489 4970 2601 5031 τοῖς
2625 4967 2846 5022 ἐκείνων
2872 4970 3101 5041 στόμασι
3126 4970 3194 5023 τὰ
3221 4969 3362 5023 κατά
3382 4970 3481 5039 τὴν
3530 4971 3741 5039 μητέρα

2164 5059 2509 5129 δ.ερμηνεύει
2546 5062 2837 5130 μυστήρια.
3396 5061 3737 5115 Καταϐασία.

2238 5150 2310 5201 Τὸ
2363 5150 2649 5220 στερέωμα-
2703 5152 2808 5203 τῶν
2850 5151 2942 5202 ἐπὶ
2984 5152 3065 5204 σοὶ
3106 5149 3461 5211 πεποιθότων,
3509 5151 3744 5219 στερέω-

2171 5257 2282 5303 σον,
2323 5240 2515 5311 Κύριε,
2543 5242 2641 5311 τὴν
2657 5244 2999 5314 Ἐκκλησίαν,
3025 5244 3089 5313 ἢν
3115 5243 3329 5312 ἐκτήσω
3358 5240 3436 5311 τῷ
3458 5239 3623 5311 τιμίῳ
3650 5257 3743 5293 σου

2169 5331 2377 5401 αἵματι.

2240 5424 2517 5496 Κάθισμα.
2557 5423 2753 5496 ’ἬχοςΔ
2785 5427 2878 5481 πλ.
2921 5429 2986 5481 δ’.
3040 5427 3184 5498 Πρὸς
3231 5426 3342 5497 Τὴν
3398 5428 3589 5496 σοφίαν
3636 5427 3743 5480 ¹καὶ

2166 5513 2342 5582 λόγον.

2238 5606 2376 5669 Τοὺς
2417 5608 2682 5677 μεγάλους
2725 5611 3018 5681 φωστῆρας
3059 5612 3186 5672 τοὺς
3244 5615 3559 5685 φεραυγεῖς,
3617 5611 3740 5662 Ἐκ-

2167 5693 2393 5764 κλησίας
2425 5700 2549 5760 τοὺς
2582 5697 2821 5769 πύργους
2846 5703 2968 5761 τοὺς
3013 5701 3295 5771 ἁρραγείς,
3313 5698 3637 5769 ’συμφώνως
3655 5698 3741 5749 αἱ·

2166 5786 2429 5857 νὲσωμεν,
2469 5791 2517 5842 οἱ
2556 5790 2664 5843 τῶν
2711 5791 2889 5845 καλῶν
2916 5793 3276 5856 ἀπολαύοντες
3307 5793 3398 5845 καὶ
3429 5792 3535 5845 τῶν
3563 5787 3737 5857 λόγων
