4076 6226
1479 308 1870 364 ACOLUTIIIA
1913 306 2256 364 TRIPLICIS
2297 308 2516 365 FESTI.

3388 326 3551 366 ςεειν
3560 327 3596 368 υ

379 425 584 480 τούτων
613 423 746 494 ὁμοῦ
782 422 880 492 τῆς
908 421 1142 493 χάριτος·
1180 423 1268 474 τὸν
1298 423 1455 490 σοφὸν
1495 423 1942 494 Χρυσορῤήμονα,

2054 422 2279 475 fruimur
2323 440 2336 474 :
2375 423 2666 490 sapientem
2718 419 3019 483 Joannem,
3073 420 3381 476 fundentem
3438 437 3600 476 aurea

383 521 476 573 καὶ
499 517 589 570 τὸν
621 516 791 586 μέγαν
826 515 1120 572 Βασίλειον,
1163 517 1257 568 σὺν
1285 515 1360 585 τῷ
1390 516 1672 586 Γρηγορίῳ
1698 515 1775 584 τῷ
1804 516 1944 584 λαμ-

383 611 504 681 πρῷ
528 609 782 678 Θεολόγῳ·
815 606 950 679 πρὸς
976 607 1067 670 οὒς
1104 607 1385 677 βοήσωμεν
1424 611 1486 660 ἐκ
1521 607 1746 677 καρδίας
1774 624 1944 677 κραυ-

381 702 657 773 γάζοντες·
691 700 961 770 Ἰεράρχαι
989 700 1379 770 τρισμέγιστοι,
1416 699 1788 771 πρεσϐεύσατε
1822 701 1948 770 Χρι-

382 794 493 865 στῷ
523 792 600 863 τῷ
633 793 751 862 Θεῷ
790 793 897 846 τῶν
957 794 1311 861 πταισμάτων
1361 794 1556 861 ἄφεσιν
1604 791 1946 863 δωρήσασθαι

381 890 492 950 τοῖς
521 885 833 956 ἑορτάζουσι
861 885 1008 956 πόθῳ
1041 886 1139 955 τὴν
1173 884 1332 953 ἁγίαν
1369 885 1587 954 μνήμην
1617 884 1788 954 ὑμῶν.

520 976 678 1038 Δόξα.
1556 975 1797 1044 Ὅμοιον.

453 1068 560 1140 Τὴν
603 1069 795 1135 σοφίαν
829 1066 1081 1128 λαϐόντες
1131 1065 1280 1135 παρὰ
1341 1063 1496 1128 Θεοῦ,
1553 1066 1628 1128 ὡς
1664 1065 1948 1118 ἀπόστολοι

383 1161 530 1216 ᾶλλοι
561 1162 706 1231 τρεῖς
737 1158 828 1212 τοῦ
856 1157 1114 1227 Χριστοῦ,
1139 1157 1217 1228 τῷ
1255 1157 1396 1227 λόγῳ
1421 1159 1520 1226 τῆς
1547 1155 1798 1224 γνώσεως
1827 1173 1950 1210 συν-

386 1255 568 1307 ιστᾶτε
603 1251 673 1305 τά
699 1251 960 1321 δόγματα,
983 1249 1019 1304 ἃ
1050 1249 1112 1302 τὸ
1139 1251 1267 1321 πρὶν
1289 1251 1344 1302 ὲν
1372 1249 1549 1316 λόγοις
1597 1248 1784 1312 ἁπλοῖς
1815 1266 1947 1301 κατ-

385 1345 666 1399 εϐάλλοντο
694 1344 880 1404 ἁλιεῖς,
911 1344 966 1396 ἐν
983 1340 1177 1410 γνώσει
1206 1342 1300 1395 καὶ
1327 1341 1551 1410 δυνάμει
1583 1342 1675 1393 τοῦ
1694 1341 1946 1406 Πνεύμα-

384 1455 493 1499 τος·
525 1437 630 1488 ἔδει
658 1436 762 1508 γὰρ
803 1437 896 1488 καὶ
923 1434 1094 1497 οὕτως
1113 1434 1172 1486 τὸ
1215 1433 1420 1488 ἁπλοῦν
1459 1433 1616 1504 ἡμῶν
1650 1434 1816 1496 σέϐας
1851 1435 1947 1504 τὴν

387 1529 640 1581 σύστασιν
667 1527 983 1597 κτήσασθαι·
1015 1525 1136 1579 ὅθεν
1166 1525 1364 1588 πάντες
1392 1525 1600 1594 βοῶμεν
1634 1527 1780 1595 ὑμῖν,
1808 1524 1948 1594 Πρε-

388 1619 647 1672 σσεύσατε
677 1617 896 1690 Χριστῷ
949 1617 1026 1687 τῷ
1056 1617 1172 1687 Θεῷ
1211 1616 1317 1670 τῶν
1357 1617 1710 1686 πταισμάτων
1757 1617 1948 1684 ἄφεσιν

380 1708 727 1779 δωρήσασθαι
766 1711 877 1771 τοῖς
905 1708 1213 1778 ἑορτάζουσι
1241 1707 1389 1777 πόθῳ
1411 1706 1508 1777 τὴν
1545 1707 1705 1774 ἁγίαν
1732 1708 1947 1776 μνήμην

386 1798 415 1849 ὑ
424 1796 538 1868 μῶν
551 1837 563 1849 .

525 1890 633 1942 Καὶ
670 1888 781 1942 νῦν.
1293 1890 1570 1943 Θεοτόκιον
1602 1890 1802 1959 ὅμοιον.

454 1980 563 2051 Τὴν
604 1981 782 2052 ψυχήν
833 2000 954 2052 μου,
1019 1983 1282 2053 Παρθένε,
1348 1983 1447 2055 τὴν
1510 1983 1792 2054 ταπεινὴν,
1851 1982 1946 2053 τὴν

386 2089 443 2125 εν
469 2072 602 2143 ζάλῃ
629 2071 722 2124 τοῦ
763 2072 876 2141 βίου
908 2071 1013 2125 τῶν
1042 2073 1381 2144 πειρασμῶν,
1413 2074 1508 2126 νῦν
1545 2075 1620 2136 ὡς
1649 2072 1948 2143 ἀκυϐέρνη-

384 2179 496 2227 τον,
527 2163 891 2234 ποντουμένην
947 2165 1024 2234 τῷ
1062 2165 1310 2228 κλύδωνι,
1343 2166 1624 2236 ἁμαρτιῶν
1654 2165 1731 2236 τῷ
1768 2165 1948 2236 φόρτῳ

384 2254 638 2322 ὀφθεῖσαν
689 2253 1039 2324 ὑπέραντλον,
1090 2258 1186 2308 καὶ
1213 2258 1270 2308 ὲν
1326 2256 1561 2327 πυθμένι
1602 2257 1728 2326 ᾅδου
1776 2256 1950 2308 ἐλθεῖν

387 2344 816 2407 κινδυνεύουσαν,
843 2344 1062 2413 φθάσον,
1085 2345 1330 2409 Θεοτόκε,
1350 2346 1651 2417 πρεσϐειῶν
1681 2363 1772 2398 σου
1789 2346 1948 2410 ὲλέει,

387 2436 624 2507 γαλήνην
686 2437 1016 2506 παρέχουσα,
1074 2437 1166 2490 καὶ
1217 2437 1472 2492 κινδύνων
1528 2438 1836 2508 ὲξαίρουσα’
1884 2437 1948 2490 σὺ

385 2527 548 2600 λιμὴν
580 2527 687 2598 γὰρ
717 2528 1064 2598 άχείμαστοςο
1112 2529 1489 2599 πρεσϐεύουσα
1515 2529 1592 2599 τῷ
1625 2530 1833 2600 Σωτῆρι
1860 2530 1952 2581 καὶ

389 2617 503 2688 Υἱῷ
533 2617 649 2688 Θεῷ
664 2617 770 2670 τῶν
793 2618 1143 2689 πταισμάτων
1164 2619 1353 2687 ἄφεσιν
1377 2620 1594 2690 δοθῆναί
1631 2636 1737 2690 μοι·
1775 2621 1832 2672 σὲ
1846 2619 1952 2689 γάρ

390 2707 495 2780 ἔχω
520 2710 708 2764 ἐλπίδα
735 2711 762 2762 ὁ
791 2711 1006 2776 ἀνάξιος
1039 2709 1222 2773 δοῦλός
1261 2729 1372 2763 σου.

897 2974 1028 3043 ῼΔΗ
1056 2971 1116 3026 δ’.
1160 2973 1216 3024 Ὀ
1245 2971 1449 3040 είρμός.

458 3065 787 3135 Εἱσακήκοα,
836 3064 1027 3136 Κύριε,
1050 3065 1149 3136 τὴν
1191 3063 1358 3131 ἀκοὴν
1381 3062 1479 3130 τῆς
1513 3059 1613 3129 σῆς
1644 3057 1953 3127 οἰκονομίας

391 3154 486 3206 καὶ
504 3139 728 3217 ὲδὸξασά
760 3169 840 3215 σε,
873 3154 998 3222 μόνε
1023 3152 1386 3222 φιλάνθρωπε.

459 3241 577 3293 Τῶν
607 3242 931 3313 τραυμάτων
975 3260 1101 3313 μου,
1153 3244 1434 3301 Δέσποινα,
1490 3239 1597 3293 τῶν
1642 3240 1738 3309 τῆς
1775 3237 1952 3308 ψυχῆς

397 3332 598 3401 σαρκός
621 3349 681 3384 τε
719 3334 1058 3402 νοσήματων,
1093 3335 1124 3402 ή
1156 3333 1284 3386 Θεὸν
1313 3329 1546 3384 τεκοῦσα
1595 3328 1747 3382 λύσιν
1780 3329 1953 3398 παρά-

395 3439 523 3493 σχου
559 3440 667 3493 μοι.
1910 3439 1912 3442 ·

479 3515 572 3567 Ἐκ
636 3514 1006 3586 περιστάσεως
1055 3513 1212 3585 ῥῦσαί
1285 3530 1372 3583 με,
1424 3512 1622 3582 Μήτηρ
1663 3508 1818 3574 Θεοῦ,
1860 3511 1953 3562 καὶ

310 3588 318 3600 ’
397 3602 564 3674 ξάλης
597 3606 690 3658 καὶ
737 3603 993 3658 κινδύνων
1047 3607 1165 3667 ταῖς
1200 3607 1318 3669 σαῖς
1367 3603 1619 3665 ίκέσιαις,
1660 3600 1793 3672 μόνη
1826 3617 1960 3654 παν-

401 3696 624 3767 ύμνητε.

465 3788 869 3860 Χειμαζόμενον
940 3786 1168 3842 κλύδωνι
1203 3787 1221 3819 ’³
1252 3785 1524 3854 βιωτικῶν
1617 3783 1958 3855 ὲξάρπασον,

402 3878 663 3950 Παρθένε,
691 3879 827 3950 πρὸς
846 3878 936 3932 τὸν
970 3877 1060 3931 σόν
1094 3876 1287 3947 λιμένα
1307 3873 1680 3944 καθοδηγοῦσά
1709 3892 1793 3945 με.

2046 515 2263 569 ﬂuinina
2316 513 2667 584 eloquentiae;
2729 523 2783 568 et
2821 530 3072 584 magnum
3143 513 3394 567 Basilium
3425 555 3439 578 ,
3476 529 3602 568 cum

2049 607 2304 676 Gregorio
2358 606 2628 674 praestanti
2680 605 2965 675 theologo;
3000 605 3194 673 quibus
3229 616 3338 658 toto
3385 613 3600 675 pectore

2047 698 2374 752 clamemus:
2403 695 2706 750 Hierarchae
2733 707 2812 748 ter
2841 698 3082 759 maximi,
3113 697 3407 766 precaniini
3445 696 3602 750 Chri-

2047 801 2186 846 stum
2215 789 2407 854 Deum,
2437 799 2495 843 ut
2532 799 2768 843 sanctam
2793 790 2956 843 vestri
2983 791 3294 843 memoriam
3322 789 3602 844 recolenti-

2048 884 2146 937 bus
2172 891 2350 936 errata
2409 881 2690 935 condonet.

2193 969 2395 1024 Gloria.
3253 969 3456 1027 Simile.

2118 1060 2241 1114 177.
2298 1059 2528 1128 Accepta
2587 1057 2843 1113 divinitus
2899 1059 3197 1125 sapientia,
3250 1062 3598 1128 quemadmo—

2048 1150 2173 1204 dum
2231 1148 2318 1202 alii
2356 1157 2466 1202 tres
2489 1145 2701 1216 ICbristi
2748 1145 3006 1215 apostoli,
3035 1147 3343 1216 explicastis
3377 1149 3604 1216 pulchro

2047 1240 2383 1309 elegantique
2432 1252 2680 1294 Sermone
2707 1238 2978 1308 dogmata,
3019 1251 3139 1306 qua:
3161 1248 3321 1292 antea
3356 1253 3606 1293 sermone

2050 1331 2166 1384 rudi
2225 1338 2280 1384 et
2331 1328 2556 1400 simplici
2609 1329 2910 1398 piscatores
2948 1337 3202 1397 tanquam
3257 1328 3603 1384 fundamenta

2049 1421 2348 1489 ponebant,
2383 1421 2434 1472 in
2481 1419 2704 1474 scientia
2744 1429 2800 1474 et
2847 1420 3044 1475 virtute
3095 1419 3366 1489 Spiritus:
3404 1420 3605 1476 etenim

2049 1511 2364 1580 religionem
2407 1521 2642 1565 nostram
2691 1510 2989 1580 simplicem
3015 1552 3031 1578 ,
3069 1513 3168 1567 hac
3204 1515 3364 1568 etiam
3396 1514 3606 1569 ratione

2049 1601 2297 1657 constitui
2319 1601 2623 1669 Oportebat.
2651 1600 2806 1656 Unde
2833 1617 3018 1658 omnes
3063 1603 3358 1658 clamamus
3383 1605 3448 1658 ad
3485 1619 3604 1669 vos,

2051 1690 2353 1744 Precamini
2384 1690 2656 1745 Christum
2684 1690 2870 1756 Deum,
2900 1701 2957 1744 ut
2997 1702 3235 1747 sanctam
3287 1695 3448 1749 vestri
3490 1709 3606 1750 me-

1975 1777 2018 1831 B
2049 1780 2272 1835 maciam
2309 1779 2664 1835 recolentibus
2685 1791 2856 1834 errata
2889 1784 3174 1835 condonet.

2191 1871 2252 1924 Et
2285 1887 2447 1926 nunc.
3011 1875 3231 1927 Mariale
3271 1875 3459 1929 simile.

2117 1961 2239 2016 178.
2289 1962 2532 2014 Animam
2577 1976 2748 2015 meam
2796 1963 3090 2027 humilem,
3135 1964 3332 2032 Virgo,
3365 1966 3414 2018 in
3448 1965 3605 2028 hujus

2048 2053 2174 2106 vita!
2193 2052 2508 2107 discrimine
2535 2055 3000 2126 tentationumque
3036 2059 3272 2123 turbine,
3298 2062 3451 2129 quasi
3479 2063 3600 2116 sine

2048 2147 2428 2214 gubernatore,
2453 2145 2801 2202 ﬂuctuantem
2847 2149 2956 2216 jam
2988 2165 3051 2205 ac
3082 2164 3217 2220 pene
3237 2152 3603 2215 submersam,

2047 2237 2420 2308 ejiciendoque
2435 2248 2776 2308 peccatorum
2798 2243 2950 2297 oneri
2977 2242 3259 2313 imparem,
3274 2253 3331 2299 et
3353 2247 3610 2301 constitu-

2053 2340 2160 2384 tam
2187 2331 2238 2384 in
2269 2330 2505 2400 pericqu
2529 2331 2808 2386 decidendi
2833 2332 2888 2387 In
2917 2335 3021 2388 ima
3051 2342 3276 2400 tartara,
3299 2349 3479 2399 serva,
3511 2334 3609 2390 Dei

2008 2468 2012 2473 .
2050 2422 2323 2486 Genitrix,
2360 2423 2794 2478 clementissimis
2829 2427 2933 2480 tuis
2966 2428 3236 2494 precibus,
3280 2427 3411 2482 affer
3463 2437 3610 2481 tran-

2052 2514 2370 2583 quillitatem
2401 2554 2416 2577 ,
2450 2523 2504 2568 et
2552 2514 2849 2584 periculum
2909 2517 3161 2584 propulsa
3197 2535 3210 2571 :
3250 2529 3303 2572 tu
3357 2533 3416 2573 es
3463 2519 3607 2573 enim

2051 2615 2239 2672 portus
2268 2618 2460 2672 expers
2487 2604 2842 2673 tempestatis.
2878 2605 3022 2676 Roga
3047 2622 3176 2677 ergo
3200 2607 3608 2676 Redemptor-em

2053 2705 2106 2747 et
2133 2692 2322 2747 Filium
2350 2691 2539 2758 Deum,
2562 2703 2622 2748 ut
2654 2694 2782 2748 mihi
2805 2695 3047 2766 lapsuum
3075 2698 3282 2751 veniam
3312 2699 3607 2758 concedat.

2056 2786 2176 2852 quia
2207 2785 2257 2838 in
2299 2795 2349 2840 te
2389 2799 2540 2854 spem
2570 2799 2784 2840 omnem
2839 2802 2979 2854 pono
3016 2828 3030 2850 ,
3084 2789 3331 2856 indignus
3379 2787 3609 2843 famulus

2058 2888 2196 2932 tuus.

2573 2970 2709 3027 ODE
2765 2969 2819 3024 4.
2854 2969 3086 3024 Hirmus.

2128 3061 2249 3115 179.
2289 3062 2536 3126 Obedivi,
2586 3061 2836 3124 Domine,
2897 3061 3236 3118 sermonibus
3263 3064 3609 3133 providentia

2062 3163 2206 3208 tua:
2237 3165 2292 3209 et
2324 3164 2394 3220 te,
2423 3155 2515 3224 qui
2541 3154 2686 3209 solus
2711 3153 2972 3223 benignus
3004 3169 3063 3208 es
3083 3193 3100 3218 ,
3134 3154 3449 3224 gloriﬁcavi.

2128 3245 2173 3300 0
2192 3245 2411 3301 Domina
2451 3245 2545 3301 Dei
2574 3246 2797 3312 Parens,
2841 3262 2925 3302 me
2965 3248 3156 3302 animat
3187 3247 3472 3317 carnisque
3501 3249 3614 3302 vul-

2058 3340 2274 3394 neribus
2301 3355 2364 3396 ac
2387 3339 2588 3396 morbis
2615 3339 2800 3395 libera.

2131 3513 2207 3566 Ex
2240 3513 2558 3568 necessitate
2589 3553 2604 3574 ,
2637 3513 2888 3582 procellis
2936 3524 2988 3568 et
3039 3515 3294 3583 periculis
3326 3517 3475 3588 eripe
3530 3533 3616 3571 ire

2056 3618 2153 3672 per
2177 3614 2294 3658 tuas
2319 3617 2524 3672 preces,
2540 3603 2711 3658 Mater
2744 3602 2862 3670 Dei,
2901 3620 3020 3673 quae
3062 3607 3174 3662 sola
3202 3622 3262 3662 es
3289 3609 3433 3662 omni
3458 3609 3615 3662 laude

2059 3695 2392 3763 dignissima.

2127 3785 2392 3840 lactatum
2439 3788 2594 3856 hujus
2646 3788 2769 3841 vita;
2824 3789 3079 3843 ﬂuctibus
3105 3804 3261 3846 serva
3289 3806 3398 3856 me,
3425 3792 3610 3863 Virgo,

2062 3873 2126 3928 ad
2159 3884 2366 3944 portum
2393 3885 2538 3930 tuum
2560 3878 2848 3934 deducens.

479 3990 655 4048 Cons.
685 3991 822 4046 Hinc
845 3991 1041 4045 iterum
1071 3991 1280 4045 reditur
1299 3991 1368 4043 ad
1398 3990 1620 4044 canonis
1645 3986 1980 4042 acrostichici
2011 3999 2238 4041 metrum
2269 3991 2716 4057 prosequendum.

475 4168 678 4230 Ἄλλος.
731 4170 873 4238 Πρυς
917 4165 1203 4237 Ἐλήλυθας
1235 4167 1301 4220 ὲκ
1323 4163 1618 4236 Παρθένου.

471 4261 748 4330 Ζοήμονες
779 4259 841 4311 ὲκ
867 4259 966 4329 τῆς
999 4257 1151 4310 κάτω
1183 4256 1371 4325 σοφίας
1415 4255 1711 4325 γενόμενοι,
1763 4251 1959 4322 κυϐέρ-

2135 4160 2307 4228 Alius,
2337 4161 2474 4216 sicut
2513 4159 2804 4231 Ἐλήλυθας
2831 4163 2896 4215 ἐκ
2927 4163 3226 4236 Παρθένου.

2158 4253 2452 4318 mapientes
2494 4251 2616 4308 facti
2651 4266 2716 4306 ex
2763 4253 3001 4310 inferiori
3067 4257 3365 4325 sapientia,
3425 4259 3620 4328 guber-

400 4365 552 4420 νησιν
602 4348 799 4411 ἔνδοξοι
855 4347 1006 4417 παρὰ
1038 4346 1133 4417 τῆς
1181 4344 1328 4407 θείας
1373 4341 1691 4415 ἐκτήσασθε·
1734 4339 1852 4394 ὅθεν
1884 4342 1952 4403 ὡς

2069 4344 2227 4397 nandi
2269 4346 2529 4398 rationem
2556 4358 2586 4396 a
2633 4345 2816 4399 divina
2850 4346 3113 4415 sapientia
3163 4347 3396 4416 gloriose
3424 4363 3620 4403 conse-

401 4439 728 4513 θεράπαιναν
745 4436 946 4509 ταύτην
965 4437 1147 4508 ἐκείνῃ
1172 4435 1459 4504 πανσόφως
1489 4432 1813 4499 ὑπετάξατε.

486 4621 793 4689 ιΘοιλόσοφοι,
819 4621 945 4682 τοὺς
983 4621 1176 4686 σοφοὺς
1211 4618 1260 4669 εί
1292 4617 1512 4684 φιλεῖτε,
1540 4614 1849 4686 σοφίσθητε,
1868 4614 1962 4666 καὶ

399 4711 575 4780 λέγειν
618 4711 918 4782 διδάχθητε,
981 4711 1180 4772 πάντες
1221 4711 1270 4763 οἱ
1323 4709 1510 4777 λόγους
1571 4708 1958 4779 θαυμάζοντες,

402 4803 651 4874 πράξεως
684 4804 966 4875 ἀκρίϐειαν
1022 4803 1115 4856 καὶ
1160 4802 1390 4872 θεωρίας
1425 4801 1672 4855 ἐντεῦθεν
1705 4801 1963 4867 ἐξασκοῦ-

406 4913 574 4965 μενοι.
1663 4892 1960 4945 Θεοτόκιον.

489 5003 574 5050 ος
609 4986 802 5058 ὖψιμος
845 4986 996 5049 ὑετὸς
1038 4986 1123 5039 ἐπ’
1154 4986 1396 5056 ἐσχάτων
1440 4986 1479 5051 ,ὁ
1533 4983 1800 5056 πρώῖμος,
1839 4984 1964 5036 ὑδά-

400 5097 507 5132 των
557 5076 767 5131 αἰώνων
825 5094 884 5130 τε
938 5077 1262 5148 δημιουργός
1322 5077 1401 5139 είς
1446 5075 1544 5147 τὴν
1607 5076 1819 5146 μήτραν
1869 5092 1962 5128 σου

400 5171 611 5236 ἔσταξε,
641 5169 973 5240 Πανάμωμε,
1001 5168 1141 5222 κατὰ
1187 5166 1377 5235 καιρὸν
1408 5165 1695 5236 ἀναψύχων
1717 5169 1841 5229 τοὺς
1868 5169 1963 5219 ὲκ·-

399 5261 701 5325 λείποντας.

475 5350 683 5413 Ἀλλος.
720 5350 790 5402 Σύ
816 5367 935 5420 μου,
964 5350 1182 5419 Χριστὲ,
1214 5351 1433 5420 Κύριος.

473 5527 664 5592 Στῦλος
722 5529 888 5600 πυρός
950 5528 1078 5581 λαοῦ
1142 5528 1331 5580 πιστοῦ
1401 5547 1806 5600 προηγούμενος
1870 5548 1963 5584 κα.

405 5617 670 5686 φλογίζων
703 5622 827 5682 τοὺς
873 5620 1098 5689 ἐχθροὺς
1139 5618 1236 5687 τῆς
1292 5619 1544 5683 πίστεως,
1584 5621 1680 5683 τὰς
1706 5621 1762 5674 δὲ
1792 5622 1963 5691 φυλὰς

405 5708 594 5774 σώζων
651 5708 906 5779 ἀσφαλῶς
950 5709 1048 5771 τὰς
1104 5709 1459 5778 ὲφεπομένας,
1505 5715 1532 5763 ὁ
1583 5712 1753 5782 μέγας
1812 5711 1965 5774 ὤφθη

800 5806 1075 5867 Ριταοι..
1123 5807 1241 5869 (in.
1287 5809 1524 5870 XXIX.

2065 4431 2174 4484 culi
2203 4433 2336 4486 estis
2361 4450 2378 4487 ι
2404 4432 2542 4486 unde
2577 4432 2724 4486 illam
2753 4432 2903 4498 huic,
2929 4436 3084 4502 quasi
3113 4434 3384 4500 famulam,
3403 4436 3618 4504 sapien-

2065 4523 2271 4578 tissime
2300 4523 2627 4593 subiecistis.

2151 4629 2362 4670 rnmen
2422 4617 2694 4684 sapientia:
2748 4617 2992 4685 quaerite,
3049 4617 3390 4686 pliil030phi,
3441 4620 3488 4673 si
3538 4633 3628 4672 sa-

2064 4709 2272 4777 pientes
2301 4706 2545 4774 diligitis;
2572 4717 2626 4762 et
2647 4707 2916 4762 docemini
2943 4709 3085 4778 loqui
3111 4723 3322 4770 omnes,
3340 4710 3432 4779 qui
3453 4719 3624 4764 artem

2069 4799 2313 4868 loquendi
2347 4799 2712 4863 admiramini,
2744 4800 2868 4854 hinc
2893 4801 3172 4855 exercitati
3197 4802 3249 4855 in
3285 4802 3474 4874 agendi
3502 4817 3628 4856 con-

2071 4895 2468 4964 templandique
2497 4897 2690 4951 studio.
3382 4899 3622 4956 Mariale.

2149 4995 2228 5040 ct
2291 4987 2466 5055 pluvia
2511 4987 2743 5040 serotina
2798 4987 2950 5042 valde
3004 5002 3066 5042 ac
3109 4997 3493 5057 temporanea,
3547 4992 3628 5046 sic

2069 5092 2328 5144 aquarum
2365 5079 2787 5147 saeculorumque
2815 5077 3006 5132 artifex
3046 5079 3097 5131 in
3141 5089 3312 5143 tuum,
3338 5097 3372 5133 ο
3429 5080 3616 5150 Virgo,

2072 5177 2281 5222 uterum
2303 5210 2318 5232 ,
2358 5169 2474 5222 sine
2505 5170 2653 5223 omni
2688 5170 2805 5223 labe
2834 5211 2850 5234 ,
2881 5181 3277 5238 peropportune
3325 5173 3622 5239 descendit,

2105 5258 2136 5311 d
2164 5259 2474 5314 deﬁcientes
2506 5259 2896 5314 refocillandos.

2141 5349 2264 5404 180.
2331 5353 2516 5415 Alius,
2591 5352 2769 5412 sicut,
2827 5351 2898 5403 Σύ
2984 5368 3128 5422 μου,
3191 5353 3435 5423 Χριστὲ,

2072 5440 2202 5508 ρίος.

2141 5527 2398 5581 Columna
2459 5524 2595 5594 ignis
2658 5524 2867 5581 ﬁdelem
2948 5529 3256 5599 praecedens
3330 5536 3626 5606 populum,

2078 5633 2240 5672 urens
2297 5617 2542 5670 inimicos
2594 5615 2716 5671 ﬁdei
2746 5657 2761 5681 ,
2793 5629 2846 5672 et
2893 5630 3187 5687 sequentes
3223 5625 3392 5678 tribus
3438 5641 3626 5680 secura

2078 5724 2300 5767 servans
2327 5709 2588 5776 custodia,
2613 5723 2837 5779 magnus
2856 5712 3064 5768 exstitit
3088 5711 3337 5771 Basilius.
3382 5715 3630 5772 Conﬁdat

3383 5833 3429 5874 σι

3514 5357 3628 5408 Κυ-
