4076 6226
487 345 721 389 τεεινηι

1872 323 2402 381 PROLEGOMENA.

495 466 549 510 et
580 460 758 507 vmcat
795 434 993 506 ChriSti
1047 446 1281 503 Ecclesia
1309 486 1323 512 ,
1351 453 1510 502 tanto
1538 450 1690 500 dives
1739 457 2048 514 propugna-

2151 442 2447 504 Βασίλειος.
2476 439 2754 509 Θαρσείτω
2781 439 2874 491 καὶ
2910 437 3113 491 νικάτω
3143 438 3174 508 η
3211 436 3445 508 Χριστοῦ
3488 435 3726 506 Ἐκκλη-

499 559 633 604 lore.

579 637 795 706 Linguae
821 632 1066 688 delicium
1115 640 1169 686 et
1207 631 1441 700 cujusvis
1481 629 1694 683 auditus
1744 628 2053 698 jucunditas

497 728 596 780 fuit
634 724 808 778 oratio
867 731 953 775 tua
983 761 998 789 ,
1037 719 1308 788 Gregori;
1367 732 1564 771 manna
1604 716 1727 769 vita:
1751 756 1766 782 ,
1809 729 1900 768 ros
1939 713 2053 767 dul-

495 819 698 872 cedinis
724 855 737 880 ,
770 813 874 868 mel
905 812 971 867 de
1018 821 1170 880 petra
1197 848 1213 874 ,
1243 810 1402 880 panis
1438 807 1678 863 caelestis
1712 806 2050 874 angelorum,

496 912 758 963 lectorum
809 905 1049 960 alliciens
1098 900 1342 964 animos,
1377 908 1436 952 ut
1490 907 1580 952 tua
1631 897 1902 952 suavitate
1935 909 2055 949 sese

493 998 870 1055 insatiabiliter
920 993 1287 1063 ingurgitent;
1335 1005 1536 1060 eosque
1574 990 1849 1058 voluptate
1899 1002 2054 1042 com-

491 1093 661 1163 plens.

562 1181 781 1236 Fluvius
808 1179 1188 1234 charismatum
1238 1172 1491 1241 Spiritus,
1531 1169 2056 1241 Joannesﬁrepletus

490 1287 569 1330 est
597 1288 767 1344 usque
795 1273 860 1326 ad
890 1269 1203 1325 effusionem
1229 1283 1242 1331 ;
1273 1273 1328 1321 et
1364 1263 1644 1335 pulchram
1676 1273 1832 1317 terrae
1861 1262 2052 1318 faciem

490 1365 647 1436 quasi
681 1371 920 1419 torrente
959 1357 1250 1427 voluptatis
1287 1372 1355 1412 ex
1383 1344 1478 1409 ore
1511 1354 1701 1421 irrigat
1729 1368 1928 1417 aureo;
1961 1367 2056 1406 ex-

491 1458 730 1512 hilarans
769 1453 970 1510 Christi
1015 1459 1181 1505 totam
1219 1448 1499 1502 civitatem
1548 1456 1604 1500 et
1645 1444 2054 1515 pinguefaciens

490 1549 690 1617 impetu
719 1544 1020 1600 divinarum
1047 1540 1334 1594 undarum.
1816 1534 2051 1589 Mariale.

558 1721 814 1775 Naturam
880 1716 1176 1786 simplicem
1206 1755 1221 1779 ,
1271 1722 1545 1783 expertem
1603 1711 2051 1782 compositionis,

2154 535 2262 595 σία,
2295 530 2609 602 τηλικοῦτον
2639 531 2987 601 πλουτήσασα
3014 530 3314 600 πρόμαχον.

2223 624 2476 693 Γλώσσης
2512 619 2711 694 τρυφὴ,
2737 624 2829 674 καὶ
2857 621 3024 690 ἀκοῆς
3059 622 3240 690 πάσης
3287 620 3501 690 ἥδυσμα
3551 622 3582 673 ὁ
3633 622 3746 685 σὺςι

2151 716 2308 784 λόγος
2353 708 2598 782 πέφυκε,’
2637 713 2921 784 Γρηγόριε·
2961 713 3133 782 μάννα
3182 710 3346 782 ζωῆς,
3375 710 3563 780 δρόσος
3589 714 3729 780 γλυ-

2153 808 2388 879 κασμοῦ,
2418 807 2536 878 μέλι
2561 806 2620 859 τὸ
2650 807 2714 858 ἐκ
2731 806 2952 876 πέτρας,
2988 804 3232 873 ἀγγέλων
3261 803 3421 873 ἄρτος
3453 804 3726 874 οὐράνιος,

2151 899 2442 970 ἀπλήστως
2491 896 2846 969 ἐμφορεῖσθαι
2887 898 2985 967 τῆς
3043 896 3302 966 ἡδύτητος
3351 893 3572 957 πείθων,
3626 895 3728 946 καὶ

2154 993 2377 1064 πληρῶν
2411 990 2605 1062 ἡδονῆς
2625 990 2751 1052 τοὺς
2784 987 3129 1058 μετέχοντας.

2233 1167 2291 1219 Ὁ
2343 1165 2588 1235 ποταμὸς
2664 1164 2771 1218 τῶν
2838 1162 3188 1234 χαρισμάτων
3252 1161 3345 1215 τοῦ
3409 1161 3727 1232 Πνεύματος

2153 1257 2464 1329 ἐπληρώθη,
2519 1257 2547 1310 ὁ
2603 1256 2873 1326 Ἰωάννης,
2912 1255 3072 1325 μέχρι
3124 1253 3217 1306 καὶ
3259 1255 3594 1324 προχύσεως·
3625 1252 3728 1305 καὶ

2152 1348 2212 1401 τὸ
2245 1347 2406 1401 καλὸν
2439 1345 2727 1416 πρόσωπον
2749 1344 2846 1413 τῆς
2875 1342 2998 1412 γῆς,
3028 1342 3104 1403 ώς
3129 1339 3336 1411 τρυφῆς
3368 1339 3721 1409 χειμάρῤουςο

2153 1438 2261 1494 ἀπὸ
2290 1436 2492 1510 χρυσοῦ
2524 1436 2674 1508 ἄρδει
2703 1435 2988 1504 στόματος,
3015 1431 3321 1502 εὐφραίνων
3359 1429 3450 1483 καὶ
3493 1429 3725 1481 πιαίνων

2153 1526 2247 1583 τοῦ
2291 1525 2528 1600 Χριστοῦ
2563 1527 2740 1579 πᾶσαν
2791 1522 2942 1577 πόλιν
2968 1525 3079 1586 τοῖς
3111 1521 3219 1575 τῶν
3267 1520 3424 1574 θείων
3461 1517 3725 1589 κυμάτων

2154 1621 2296 1692 ὁρμή
2305 1637 2457 1690 μασι.
3417 1611 3720 1664 Θεοτόκιον.

2223 1713 2385 1767 Φύσιν
2449 1711 2645 1782 ἁπλῆν,
2680 1709 3053 1781 ἀνασχομένην
3115 1707 3412 1769 συνθέσεως
3471 1703 3566 1756 καὶ
3613 1719 3722 1771 φα-

489 1824 543 1868 et
576 1810 952 1882 perfectiorem
987 1822 1149 1876 quam
1187 1814 1246 1860 ut
1272 1802 1656 1868 confundatur,
1692 1802 1743 1855 in
1772 1813 1864 1856 tuo
1889 1841 1905 1865 ,
1949 1802 2048 1855 Do-

2150 1807 2330 1858 νεῖσαν
2364 1803 2648 1874 κρείττονα
2678 1801 3010 1872 συγχύσεως,
3039 1799 3129 1852 ἐπὶ
3166 1798 3258 1852 τοῦ
3287 1796 3403 1860 σοῦ,
3431 1796 3721 1855 Δέσποινα,

489 1907 633 1959 mina
659 1944 674 1968 ,
696 1902 834 1958 Filio
865 1912 976 1956 tres
1009 1900 1086 1954 illi
1125 1898 1292 1952 divini
1332 1897 1584 1950 doctores
1610 1894 1841 1950 confessi
1875 1904 2000 1948 sunt
2031 1910 2047 1961 ;

486 1995 539 2047 in
565 1993 776 2047 duabus
807 1990 1180 2044 voluntatibus
1205 1995 1259 2041 et
1291 1985 1484 2053 duplici
1515 1985 1852 2054 operatione,
1875 1983 2050 2051 dupli-

483 2099 601 2138 cem
639 2082 788 2137 illum
831 2080 1129 2136 secundum
1183 2089 1428 2132 naturam
1471 2084 1841 2146 agnoscentes.
1895 2074 2053 2129 Cata-

485 2177 654 2231 basia.

557 2269 743 2323 Virtus
797 2277 906 2328 tua,
938 2264 1185 2327 Christe,
1217 2259 1439 2315 obduxit
1462 2258 1631 2314 caelos
1689 2276 1704 2316 :
1756 2258 2051 2327 procedens

483 2359 629 2414 enim
658 2373 725 2412 ex
754 2371 880 2410 arca
915 2345 1372 2409 sanctiﬁcationis
1427 2362 1526 2405 tua:
1562 2351 1894 2419 incorrupta:
1933 2347 2050 2402 Ma-

486 2451 604 2514 tris,
635 2449 687 2502 in
708 2446 902 2516 templo
937 2445 1122 2515 gloriae
1144 2455 1247 2498 tum
1270 2443 1415 2497 visus
1446 2457 1506 2496 es
1528 2453 1585 2495 ut
1607 2441 1784 2497 infans
1840 2449 2050 2497 estatus

483 2541 647 2606 ulnis,
675 2548 730 2594 et
758 2537 937 2592 omnia
971 2536 1186 2607 impleta
1215 2545 1339 2591 sunt
1371 2534 1527 2589 laude
1557 2541 1667 2588 tua.

1005 2711 1139 2767 ODE
1169 2712 1221 2766 5.
1264 2710 1500 2765 Hirmus.

557 2808 679 2864 18L
767 2804 1011 2861 Luminis
1066 2804 1278 2875 largitor
1357 2811 1414 2857 et
1480 2811 1777 2871 temporum
1829 2799 2048 2869 opifex,

449 2899 757 2966 Domine,
807 2897 858 2951 in
911 2896 1115 2951 lumine
1167 2895 1546 2949 mandatorum
1599 2899 1816 2946 tuorum
1873 2892 2048 2962 dirige

445 3004 586 3045 suos
617 3008 631 3044 :
663 2997 816 3043 extra
872 2996 925 3043 te
977 2987 1121 3042 enim
1178 2984 1342 3038 alium
1395 2984 1564 3038 Deum
1610 2998 1719 3038 non
1769 2983 2051 3050 cognosci-

469 3092 627 3133 1DUI.
724 3086 769 3120 ³¹

558 3167 831 3223 Habentes
898 3175 1222 3222 armaturam
1308 3165 1774 3236 inexpugnabilem
1856 3171 2045 3218 contra

471 3258 809 3314 tentationes
865 3257 1061 3313 diversi
1107 3257 1359 3328 generis,
1402 3257 1550 3312 omni
1609 3254 2045 3310 adversariorum

488 3350 837 3420 improbitate
862 3364 1075 3421 semper
1104 3350 1440 3420 expedimur,
1473 3349 1563 3419 qul
1590 3356 1642 3403 te
1681 3347 1777 3402 Dei
1807 3345 2048 3403 Genitri-

486 3455 604 3495 cem
632 3439 1113 3496 incontaminatam
1153 3439 1446 3494 credimus.

563 3530 1040 3603 Appropinquante
1109 3531 1244 3604 legis
1317 3529 1645 3601 plenitudine
1675 3570 1693 3596 ,
1769 3529 2049 3584 sublimior

469 3623 822 3689 'cherubinis,
857 3623 1140 3694 peperisti‘
1163 3624 1500 3678 incarnatum
1529 3638 1597 3678 ex
1626 3632 1677 3676 te
1700 3621 1896 3676 Filium
1956 3619 2049 3674 Dei

489 3715 844 3785 unigenitum,
875 3730 1031 3785 quem
1058 3715 1228 3770 servis
1252 3715 1357 3770 tuis
1377 3715 1685 3770 reconcilia.

554 3805 807 3863 Omnium
851 3806 1183 3862 conditorem
1216 3819 1374 3874 quem
1426 3805 1532 3859 tuis
1569 3805 1729 3869 ulnis,
1755 3804 2048 3860 lutemera-

489 3911 564 3973 ta,
594 3900 844 3974 portasti,
885 3900 1051 3958 redde
1086 3898 1339 3972 precibus
1390 3898 1498 3959 tuis
1529 3897 1683 3957 nobis
1713 3896 2003 3971 propitium
2031 3938 2046 3970 ,

486 3997 613 4066 quia
645 3999 711 4052 ad
742 4007 793 4052 te
813 4011 880 4051 ex
911 3997 1091 4050 animo
1123 3995 1486 4062 confugimus.

558 4173 677 4228 182.
705 4173 877 4235 Alius,
906 4171 1047 4224 sicut
1077 4169 1133 4222 '0
1155 4169 1451 4240 φωτισμός.

572 4262 976 4317 charismatum
1009 4267 1223 4315 tuorum
1259 4260 1457 4312 fontem
1505 4260 1820 4329 propinasti,
1875 4275 1909 4316 ο
1953 4261 2050 4315 ho-

487 4356 692 4410 minum
715 4369 900 4407 amans
925 4352 1084 4415 Deus,
1123 4350 1326 4405 sanctis
1359 4349 1655 4405 bibendum
1687 4369 1701 4406 :
1729 4351 1822 4422 qui
1874 4365 2050 4420 quan-

2073 3125 2123 3188 C

2149 1896 2280 1950 Υίοῦ
2309 1899 2358 1949 οἱ
2395 1899 2542 1968 τρεῖς
2570 1895 2816 1966 θεοφόροι
2845 1892 3202 1964 δογματισταὶ
3239 1888 3615 1960 ὡμολόγησαν,
3655 1885 3724 1937 ὲκ

2148 1987 2242 2042 δύο
2264 1988 2390 2059 θελη
2401 1987 2584 2058 μάτων
2607 1987 2702 2041 καὶ
2731 1985 2926 2056 διπλῆς
2960 1982 3240 2055 ἐνεργείας
3265 1981 3356 2034 τὸν
3394 1977 3611 2033 διπλοῦν
3627 1994 3724 2030 και

2147 2081 2216 2134 τά
2256 2081 2416 2150 φύσιν
2443 2079 2830 2139 γνωρίσαντες.
3374 2069 3718 2126 Καταόασία.

2146 2264 2176 2310 τ’
2231 2260 2528 2330 Ἐκάλυψεν
2579 2259 2839 2330 οὐρανοὺς
2887 2258 2919 2329 ή
2970 2257 3135 2328 ἀρετή
3185 2271 3301 2318 σου,
3343 2249 3562 2322 Χριστέ·
3618 2246 3720 2317 τῆς

2150 2350 2382 2405 κιϐωτοῦ
2427 2350 2535 2421 γὰρ
2587 2346 2898 2420 προσελθὼν
2928 2343 3021 2400 τοῦ
3077 2340 3410 2412 ἁγιάσματός
3469 2354 3562 2390 σου
3617 2335 3722 2404 τῆς

2149 2444 2386 2516 ἀφθόρου
2412 2442 2655 2514 Μητρὸς,
2691 2442 2748 2496 έν
2772 2439 2850 2511 τῷ
2875 2437 2988 2508 ναῷ
3008 2438 3106 2508 τῆς
3127 2435 3286 2506 δόξης
3320 2450 3410 2487 σου
3437 2431 3622 2502 ὤφθης
3640 2429 3722 2493 ὡς

2153 2537 2350 2610 βρέφος
2381 2533 2946 2607 ἀγκαλοφορούμενος,
2984 2528 3079 2583 καὶ
3124 2524 3416 2598 ἐπληρώθη
3445 2522 3512 2577 τά
3542 2522 3722 2576 πάντα

2150 2631 2250 2701 τῆς
2279 2629 2376 2696 σῆς
2420 2627 2698 2690 αἰνέσεως.

2653 2716 2785 2786 ῼΔΗ
2807 2721 2868 2767 ε’.
2904 2713 2961 2767 '0
2979 2709 3168 2783 είρμός

2231 2814 2291 2867 '0
2334 2810 2428 2866 τοῦ
2471 2808 2646 2880 φωτός
2696 2805 2926 2878 χορηγὸς
2957 2845 2971 2870 ,
3032 2801 3129 2856 καὶ
3176 2800 3283 2853 τῶν
3329 2795 3538 2852 αἰώνων
3591 2811 3722 2848 ποι-

2153 2905 2306 2976 ητὴς,
2342 2901 2535 2972 Κύριε,
2571 2901 2628 2952 ὲν
2667 2897 2744 2968 τῷ
2784 2895 2922 2965 φωτὶ
2972 2892 3080 2948 τῶν
3124 2891 3232 2945 σῶν
3283 2885 3722 2956 προσταγμάτων

2150 2973 2416 3067 όδήγησον
2444 2993 2610 3064 ἡμᾶς·
2643 2989 2796 3051 ἐκτὸς
2830 2985 2924 3040 σοῦ
2952 2984 3062 3056 γὰρ
3095 2983 3252 3039 ἄλλον
3284 2979 3416 3034 Θεὸν
3441 2978 3503 3031 οὐ
3551 2973 3721 3045 γινώ-

2153 3100 2376 3156 σκομεν.

2223 3175 2426 3230 Ὀπλον
2474 3173 2740 3243 ἀήττητον
2782 3167 2922 3222 κατὰ
2951 3165 3208 3220 ποικίλων
3235 3159 3558 3232 πειρασμῶν
3574 3158 3724 3227 έχον-

2150 3286 2241 3332 τες
2273 3265 2380 3320 τῶν
2407 3260 2686 3334 δυσμενῶν
2720 3259 2898 3330 πάσης
2941 3255 3198 3326 ἐπηρείας
3230 3249 3572 3322 λυτρούμεθα
3606 3246 3718 3311 ἀεὶ,

2149 3361 2204 3415 οἵ
2220 3376 2279 3412 σε
2305 3352 2776 3424 Θεοτόκον,”’,ἀγνὴ,
2798 3349 3166 3419 ἐπιστάμενοι.

2217 3537 2400 3608 Νόμου
2439 3543 2500 3587 το
2535 3533 2830 3603 πλήρωμα,
2858 3529 2892 3597 ὴ
2939 3529 3188 3595 ἀνωτερα
3232 3519 3516 3593 χερουόὶμ.
3559 3518 3717 3608 τέτο-

2149 3647 2252 3693 κας
2273 3628 2363 3682 τὸν
2390 3625 2483 3680 τοῦ
2509 3622 2644 3676 Θεόῦ
2680 3624 2743 3674 ὲκ
2769 3620 2861 3673 σοῦ
2895 3615 3241 3689 σαρκωθέντα
3273 3611 3400 3664 Υἱόν
3429 3607 3716 3680 μονογενῆ,

2149 3719 2208 3773 ὃν
2232 3717 2371 3788 ὑπὲρ
2397 3715 2504 3770 τῶν
2537 3710 2736 3766 δούλων
2765 3707 2872 3761 τῶν
2906 3705 3010 3762 σῶν
3044 3701 3344 3767 ὲξιλέωσαι.

2222 3786 2457 3862 Τὸν-τοῦ
2513 3803 2711 3864 παντὸς
2767 3799 2994 3868 ποιητὴν
3040 3796 3096 3846 ὲν
3133 3795 3254 3854 ταῖς
3287 3786 3552 3857 ἀγκάλαις
3594 3800 3715 3847 σου,

2163 3900 2346 3971 Ἀγνὴ,
2362 3901 2620 3970 φέρουσα,
2641 3894 2828 3947 τοῦτον
2849 3892 2980 3961 ἡμῖν
3006 3889 3127 3949 ταῖς
3158 3887 3278 3946 σαῖς
3296 3880 3524 3940 ἱκεσίαις
3537 3876 3720 3929 εύῖλα-

2149 3969 2246 4052 τον.
2285 3969 2446 4057 δίδου,
2499 3988 2610 4053 τεῆς
2643 3984 2736 4037 νῦν
2787 3985 2851 4040 ὲκ
2881 3978 3105 4054 καρδίας
3144 3973 3281 4050 πρὸς
3323 3969 3384 4026 σὲ
3437 3979 3716 4039 καταφευ-

2151 4103 2325 4155 γουσι.

2229 4177 2438 4239 Ἀλλος.
2477 4175 2534 4227 Ὀ
2563 4168 2859 4241 φωτισμός.

2237 4271 2321 4322 Mi:
2349 4270 2448 4338 τὴν
2476 4264 2658 4336 πηγὴν
2703 4269 2822 4327 τῶν
2839 4273 3062 4310 σεαυτου
3107 4252 3456 4324 χαρισμάτων
3481 4249 3715 4310 ἐκπιεῖν,

2150 4362 2286 4424 ὅλως
2315 4357 2686 4430 φιλάνθρωπε,
2731 4351 2968 4411 δέδωκας
3009 4349 3121 4409 τοῖς
3154 4345 3347 4413 ἁγίοις,
3394 4338 3716 4394 ὲλαττωθεῖ-

489 4459 818 4513 tumcunque
841 4443 1067 4510 bibitur,
1101 4441 1441 4496 imminuitur
1470 4455 1779 4510 nunquam;
1829 4443 1922 4497 sed
1963 4441 2046 4497 di-

2152 4469 2249 4505 σαν
2288 4446 2534 4518 οὐδαμῶς
2575 4447 2642 4515 τῇ
2669 4440 2916 4503 κενώσει,
2947 4437 3038 4490 τὸν
3068 4435 3126 4489 δὲ
3162 4435 3366 4503 κόσμον
3409 4431 3586 4484 πάντα
3615 4445 3716 4499 με·

487 4535 623 4590 vinis
674 4534 863 4590 rivulis
885 4576 900 4601 ,
930 4549 996 4588 ex
1016 4535 1135 4588 sinu
1173 4533 1412 4602 ipsorum
1443 4531 1855 4603 proﬂuentibus,
1888 4549 2046 4590 mun-

486 4629 610 4680 dum
645 4625 879 4681 inebriat
900 4627 1234 4680 universum.

567 4717 782 4789 nequid
823 4717 951 4772 mihi
999 4716 1233 4771 aurum?
1260 4715 1389 4786 quid
1413 4713 1544 4768 mihi
1589 4728 1721 4783 opes
1769 4712 2048 4784 gloriaque

482 4819 537 4863 et
613 4808 902 4878 potentia?
958 4808 1090 4863 fumi
1156 4807 1416 4862 abeuntes
1472 4806 1526 4859 in
1591 4820 1792 4860 aerem.
1855 4803 2046 4880 Omnia

483 4901 796 4966 facessant,
848 4908 1042 4954 ventus
1110 4897 1250 4952 ferat
1298 4897 1504 4953 omnia.
1561 4895 1692 4951 Mihi
1752 4909 1881 4965 opes
1915 4907 2048 4948 'uua:

485 4990 709 5047 multum
781 4989 1076 5055 amabiles,
1139 4989 1450 5060 eloquens,
1519 4987 1798 5043 doctorum
1871 4985 2046 5040 trini—

487 5091 593 5137 138.

567 5171 744 5230 rivus
797 5171 1080 5228 ambrosiae
1138 5169 1255 5224 fluit
1315 5179 1370 5225 et
1414 5167 1679 5232 nectaris;
1731 5164 1848 5220 fluit
1893 5165 2042 5219 cibus

485 5263 805 5320 immortalis
857 5263 1260 5327 esurientibus,
1313 5272 1368 5316 et
1423 5260 1728 5314 sitientibus
1791 5259 2039 5312 incorru-

483 5364 606 5423 ptus
631 5362 793 5424 potus
817 5393 832 5419 ,
875 5369 1014 5425 aqua
1047 5354 1233 5408 vivens
1266 5353 1320 5407 in
1352 5350 1570 5412 saecula,
1603 5357 1658 5403 et
1708 5347 1957 5402 bibentes
1987 5346 2039 5400 in

481 5448 619 5503 vivis
670 5460 1016 5502 conservans.
1062 5445 1261 5502 Omnes
1318 5446 1428 5500 vita
1483 5441 1787 5496 exundante
1850 5437 2039 5506 imple-

485 5537 664 5592 ntini.i
1799 5528 2036 5583 Mariale.

565 5729 917 5774 mxsunerans
965 5716 1168 5774 malitia
1215 5715 1266 5770 in
1303 5728 1399 5771 uos
1440 5712 1620 5769 habuit
1669 5719 1988 5768 ootesmtem
2023 5732 2033 5767 :

2151 4543 2389 4597 θύσασαν
2416 4541 2529 4602 τοῖς
2557 4540 2620 4590 ἐκ
2647 4535 2749 4604 τῆς
2775 4531 2981 4594 κοιλίας
3003 4526 3182 4582 αὐτῶν
3212 4525 3374 4588 θείοις
3396 4522 3679 4594 ῥεύμασιν.

2235 4711 2308 4771 uel
2359 4727 2449 4780 μοι
2477 4707 2708 4779 χρυσός;
2737 4702 2788 4756 τί
2829 4718 2916 4772 μοι
2951 4698 3178 4762 πλοῦτος
3210 4697 3302 4752 καὶ
3327 4695 3453 4762 δόξα
3499 4695 3592 4748 καὶ
3626 4693 3719 4746 δυ-

2147 4803 2398 4864 ναστεία;
2435 4799 2630 4852 καπνοὶ
2670 4793 3006 4865 διαρρέοντες
3039 4792 3119 4853 εἰς
3158 4787 3316 4859 ἀέρα.
3361 4787 3549 4840 Πάντα
3573 4784 3716 4855 οἰχέ-

2149 4893 2279 4957 σθω,
2303 4891 2444 4962 αὖρα
2474 4888 2650 4941 πάντα
2674 4885 2904 4955 φερέτωο
2934 4882 3056 4950 ἐμοὶ
3080 4877 3308 4940 πλοῦτος
3336 4873 3418 4939 εἷς
3446 4875 3717 4944 πολυέρα-

2149 5001 2270 5047 στος
2302 4986 2334 5053 ἡ
2367 4981 2476 5036 τῶν
2499 4976 2826 5032 διδασκάλων
2876 4972 3031 5042 τριάς
3061 4968 3449 5040 ρητορεύουσα.

2231 5158 2334 5213 we?
2370 5153 2610 5224 ποταμὸς
2663 5149 2961 5221 ἀμϐροσίαν
3004 5147 3097 5200 καὶ
3146 5145 3434 5214 νεκταρρεῖ
3463 5143 3574 5203 τοῖς
3593 5157 3718 5193 πει-

2145 5248 2305 5302 νῶσιν
2332 5246 2596 5305 ἀθάνατος
2641 5241 2861 5313 βρῶσις,
2899 5239 2991 5292 καὶ
3023 5239 3135 5299 τοῖς
3173 5235 3401 5304 διψῶσιν
3435 5231 3715 5300 ἄφθαρτος

2145 5341 2320 5402 πόσις,
2356 5337 2498 5406 ὕδωρ
2515 5333 2620 5398 ζῶν
2651 5337 2729 5396 είς
2764 5333 2965 5392 αἰῶνας
2995 5330 3088 5381 καὶ
3110 5326 3329 5395 συνέχον
3354 5323 3561 5388 ζῶντας
3586 5324 3714 5384 τοὺς

2145 5431 2411 5489 πίνοντας·
2453 5427 2648 5490 πάντες
2675 5422 3102 5494 πλημμυρούσης
3141 5418 3284 5486 ζωῆς
3340 5415 3712 5486 ὲμφορήθητε.

3399 5505 3712 5561 Θεοτόκιον.

2229 5729 2408 5783 εησχεν
2469 5709 2619 5780 ἰσχὺν
2670 5707 2788 5761 καθ’
2831 5705 2985 5775 ἡμῶν
3027 5705 3061 5775 ἡ
3097 5701 3282 5758 κακία·
3321 5702 3436 5756 αλλ’
3483 5701 3583 5754 οὐκ
3625 5701 3715 5768 είς
