4076 6226
1383 367 1771 424 ACOLUTHIA
1810 370 2150 426 TBlPLlClS
2192 369 2415 426 FESTI.

3329 388 3389 428 CC
3396 389 3475 429 CLI
3483 392 3515 431 ι

282 500 457 565 τέλος
476 501 740 573 ἠσθένησε
772 501 879 571 γὰρ
905 498 1046 554 κατὰ
1067 497 1164 567 τὴν
1198 495 1470 568 Παρθένον
1493 499 1583 551 τὸν
1615 502 1672 552 ὲν
1709 499 1849 570 ἰσχύϊ

1955 508 2008 551 at
2050 513 2152 551 non
2192 497 2242 549 in
2285 496 2444 551 linem
2477 508 2665 563 usque.
2707 495 2801 549 Est
2833 494 2975 550 enim
3025 494 3319 559 debilitata,
3362 503 3513 563 post-

284 591 508 647 δυνατὸν
532 595 810 647 τετοκυῖαν
845 590 1143 645 ὑπελθόντα
1187 589 1387 659 σαρκὸς
1418 588 1721 655 ἀσθένειαν,
1762 592 1854 645 καὶ

282 678 379 738 τὸν
406 680 628 735 δυνατὸν
661 682 718 734 ὲν
740 679 907 752 κακίᾳ
931 677 1297 751 νεκρώσαντα.

1966 604 2125 656 quam
2169 584 2329 656 Virgo
2375 587 2581 656 peperit
2614 593 2884 654 potentem
2909 587 3148 647 virtute,
3194 586 3284 655 qui
3333 586 3516 639 carnis

1958 677 2326 733 inﬁrmitatem
2364 676 2565 740 subiit,
2608 684 2662 731 et
2698 685 2967 744 potentem
3026 677 3225 731 malitia
3275 685 3518 746 prostra~

1957 770 2052 823 vit.

1166 946 1375 1002 Exhinc
1404 946 1752 1003 continuatur
1786 947 2055 1004 secundus
2085 948 2149 1001 de
2189 948 2395 1002 sanctis
2434 962 2630 1002 canon.

362 1083 568 1145 Ἀλλος.
610 1082 768 1135 Ἰνατί
804 1097 870 1151 με
892 1080 1114 1137 ἀπώσω.

359 1174 496 1237 Τοὺς
544 1173 651 1226 τῶν
694 1173 851 1226 θείων
876 1172 1212 1243 πραγμάτων
1242 1173 1336 1226 καὶ
1362 1173 1469 1227 τῶν
1499 1173 1852 1243 ἀνθρωπίνων

288 1266 467 1334 σοφῶς
520 1266 907 1335 ἐπιστήμονας,
944 1264 1042 1329 τὰς
1079 1264 1187 1316 τῶν
1211 1264 1378 1317 ὄντων
1414 1263 1601 1333 φύσεις
1627 1265 1851 1334 φιλαλή-

286 1357 396 1421 θως
421 1360 551 1429 ἡμῖν
588 1358 1006 1427 σαφηνίσαντας,
1035 1356 1129 1409 καὶ
1152 1357 1241 1409 τὸν
1272 1356 1474 1410 τούτων
1501 1356 1721 1427 κτίστην
1750 1360 1854 1410 πᾶ-

286 1468 342 1503 σι
357 1450 748 1520 γνωρίσαντας,
779 1449 853 1512 ώς
886 1449 1061 1519 θέμις,
1098 1448 1436 1519 εὐχαρίστοις
1468 1451 1672 1516 φωναῖς
1698 1450 1856 1519 ἀμει-

284 1538 538 1609 ψώμεθα.

358 1628 432 1681 Τὸ
497 1629 781 1697 πικραῖνον
843 1624 937 1678 καὶ
986 1624 1184 1693 στύφον
1230 1624 1338 1676 τῶν
1392 1625 1527 1695 πρὸς
1591 1625 1857 1695 σωτηρίαν

287 1717 594 1788 φαρμάκων
640 1714 943 1784 ὲγλύκαναν
991 1716 1109 1776 ταῖς
1149 1717 1339 1782 σοφαῖς
1391 1714 1496 1767 τῶν
1537 1714 1709 1783 λόγων
1765 1714 1858 1764 έπ-

2018 1084 2139 1138 185.
2167 1084 2337 1150 Alius,
2386 1086 2527 1141 sicut
2564 1085 2722 1139 Ἰνατί
2746 1103 2815 1157 με
2842 1086 3045 1141 ἀπώσω

2027 1175 2337 1229 Divinarum
2422 1177 2884 1246 humanarumque
2906 1194 3085 1232 rerum
3150 1168 3370 1236 scientia
3419 1183 3519 1237 im-

1950 1266 2111 1321 butos
2140 1307 2153 1330 ,
2196 1265 2287 1333 qui
2346 1268 2523 1321 studio
2565 1269 2808 1323 veritatis
2861 1279 3079 1324 naturas
3126 1285 3305 1323 rerum
3362 1273 3520 1328 nobis

1952 1351 2255 1405 enodarunt
2287 1391 2301 1415 ,
2333 1356 2651 1423 cunctisque
2692 1358 3045 1412 ostenderunt
3098 1357 3309 1412 illarum
3359 1362 3517 1428 opifi-

1954 1456 2090 1503 cem,
2130 1456 2535 1498 remuneremur
2566 1447 2648 1514 (ut
2687 1463 2897 1516 aequum
2950 1448 3055 1519 est)
3083 1450 3379 1519 gratiarum
3427 1467 3523 1506 ac-

1956 1532 2208 1586 tionibus.

2029 1621 2332 1677 Salubrium
2370 1624 2777 1693 pharmacorum
2805 1628 3105 1682 amaritiem
3142 1630 3350 1686 dulcem
3382 1636 3520 1688 red-

1958 1712 2205 1767 diderunt
2265 1715 2437 1768 doctis
2488 1730 2792 1769 sermonum
2858 1716 3142 1786 illecebris,
3204 1722 3519 1792 artibusque

285 1809 452 1881 ῳδαῖς
482 1826 540 1861 τε
568 1808 662 1861 καὶ
686 1807 899 1876 τέχναις
950 1803 1041 1857 καὶ
1081 1804 1262 1874 χάρισι
1296 1804 1405 1858 τῶν
1438 1805 1621 1875 ψυχῶν
1651 1807 1699 1857 οί
1733 1804 1857 1857 θεῖοι

1958 1813 2013 1857 et
2060 1804 2330 1871 leporibus
2366 1805 2529 1858 divini
2599 1807 2788 1859 medici
2844 1810 3164 1867 animarum.
3195 1811 3515 1879 ,Laetamini,

285 1879 633 1970 θεραπευταίο
682 1896 965 1966 θέλγεσθε,
996 1894 1192 1958 πάντες
1233 1896 1493 1960 εὐσεϐεῖς,
1526 1896 1622 1949 καὶ⁵
1656 1895 1856 1965 τερπό-

1957 1891 2029 1960 pii
2060 1906 2270 1957 omnes,
2303 1902 2358 1948 et
2395 1908 2517 1949 cum
2562 1895 2901 1962 iucunditate
2940 1899 3005 1953 ad
3039 1900 3269 1956 salutem
3300 1904 3513 1959 incum-

292 2005 443 2058 μενοι
468 1986 730 2050 σώζεσθε.

360 2080 543 2149 Σιωπᾷ
578 2080 733 2146 λόγος
764 2078 926 2142 ἄπας,
963 2079 1069 2133 τῶν
1105 2077 1449 2148 θεοκηρύκων
1470 2076 1769 2130 λαλούντων
1791 2076 1859 2130 τὰ

286 2170 465 2235 ἔνθεα,
515 2172 609 2225 καὶ
646 2173 834 2241 κρατεῖ
890 2172 987 2240 τῆς
1024 2172 1189 2225 πάλαι
1222 2170 1494 2240 Διαθήκης
1527 2172 1558 2240 ἡ
1588 2168 1701 2222 Νέα
1725 2186 1858 2239 προ-

286 2261 555 2315 6άλλουσα
574 2261 641 2315 τὰ
668 2262 839 2314 σεπτὰ
856 2262 1017 2327 πυξία
1044 2263 1150 2314 τῶν
1166 2263 1221 2314 έν
1244 2261 1380 2331 αὐτῇ
1405 2259 1852 2331 νομοθετούντων,

285 2346 367 2413 οἷς
399 2350 716 2421 ῥυθμίζεται
740 2351 846 2413 πᾶς
871 2350 1076 2403 πιστῶν
1110 2350 1396 2418 σύλλογος.
1555 2349 1854 2403 Θεοτόκιον.

352 2603 461 2675 Τὴν
497 2605 756 2659 ἀθάνατον
799 2606 961 2674 φύσιν
986 2609 1018 2675 ἠ
1058 2606 1223 2677 θνητὴ
1248 2609 1592 2680 παρέδραμεν
1613 2609 1690 2670 είς
1709 2605 1856 2676 ἁγιό-

1954 1980 2086 2035 bile.

2025 2068 2367 2124 Praeconibus
2436 2071 2630 2141 divinis
2681 2075 2860 2130 divina
2926 2080 3291 2147 tractantibus,
3338 2081 3513 2141 omnis

1955 2174 2134 2214 sermo
2163 2170 2333 2228 tacet;
2362 2169 2417 2215 et
2440 2160 2787 2220 Testamento
2810 2166 3012 2222 Vetere
3039 2179 3258 2237 praestat
3284 2170 3513 2239 Novum,

1954 2263 2260 2319 proponens
2306 2252 2578 2320 pretiosas
2624 2254 2836 2311 tabulas
2886 2271 3104 2313 suarum
3146 2260 3363 2332 legum,
3397 2266 3519 2335 qui-

1960 2340 2062 2393 bus
2113 2350 2224 2395 tota
2257 2341 2494 2398 ﬁdelium
2552 2346 2859 2414 respublica
2890 2350 3097 2421 regitur
3136 2366 3201 2407 ac
3259 2364 3520 2424 tempera-

1957 2438 2062 2484 tur.
3278 2445 3515 2504 Mariale.

2024 2610 2277 2668 Naturam
2323 2620 2678 2675 .mmortalem
2713 2623 2955 2679 mortalis
3016 2628 3364 2695 praecucurrit
3394 2643 3520 2685 san-

286 2710 446 2763 τητα,
476 2696 569 2748 καὶ
621 2695 891 2768 Παρθένος
938 2697 1075 2767 κόρη
1129 2699 1256 2761 τοὺς
1290 2698 1563 2768 άσάρκους
1597 2697 1855 2765 ἀγγέλους

1955 2702 2157 2770 ctitate,
2211 2714 2266 2760 et
2317 2708 2491 2777 puella
2548 2709 2710 2780 Virgo
2760 2716 3032 2784 superavit
3093 2720 3271 2774 carnis
3326 2735 3517 2791 exper-

286 2785 619 2857 παρήλασεν,
645 2786 721 2848 ὡς
749 2786 880 2840 Θεὸν
912 2786 1145 2840 τεκοῦσα
1176 2788 1266 2839 τὸν
1304 2787 1527 2857 βασιλέα
1556 2788 1661 2841 τῶν
1686 2786 1854 2855 ἀγγέ-

285 2875 414 2941 λων,
447 2870 491 2944 ᾧ
513 2876 872 2946 προσϐλέπειν
894 2878 1121 2941 ἐκείνοις
1151 2877 1427 2931 ἀδύνατον.
1513 2877 1851 2931 Καταϐασία.

367 2968 452 3031 Ὣς
495 2966 632 3022 εἶδεν
690 2969 911 3033 Ἡσαΐας
933 2970 1274 3040 συμϐολικῶς
1316 2972 1374 3023 ἐν
1408 2970 1579 3042 θρόνῳ
1610 2969 1854 3039 ἐπηρμέ-

285 3077 363 3129 νῳ
392 3060 522 3115 Θεὸν
563 3061 665 3113 ὐπὸ
698 3061 941 3129 ἀγγέλων
969 3060 1123 3131 δόξης
1157 3062 1640 3133 δορυφορούμενον,
1670 3062 1734 3113 Ὢ
1762 3058 1856 3113 τά-

285 3149 405 3217 λας,
439 3152 589 3217 ἐϐόα,
628 3151 773 3219 ὲγώε
808 3153 913 3222 πρὸ
942 3153 1048 3224 γὰρ
1070 3148 1206 3205 εἶδον
1244 3154 1657 3223 σωματούμενον
1699 3153 1853 3219 Θεὸν,

287 3243 464 3310 φωτὸς
493 3243 793 3315 ἀνεσπέρου
827 3245 919 3298 καὶ
945 3246 1167 3319 εἰρήνης
1193 3245 1539 3308 δεσπόζοντα.

784 3417 915 3487 ῼΔΗ
934 3416 1006 3481 ς’.
1062 3417 1119 3470 Ὀ
1151 3419 1357 3489 είρμός.

368 3505 452 3559 Ἐν
480 3505 698 3577 ἀϐύσσῳ
723 3509 1078 3578 πταισμάτων
1131 3508 1494 3578 κυκλούμενος
1538 3506 1636 3578 τὴν
1677 3507 1849 3573 ἀνεξι-

284 3597 536 3667 χνίαστον
548 3600 645 3669 τῆς
666 3600 1064 3672 εὐσπλαγχνίας
1088 3618 1181 3654 σου
1207 3598 1572 3668 ἐπικαλοῦμαι
1591 3597 1847 3652 ἄϐυσσον·

286 3689 352 3741 ὲκ
374 3688 595 3759 φθορᾶς,
633 3691 661 3742 ὁ
681 3690 835 3755 Θεὸς,
862 3693 928 3762 μὲ
948 3692 1208 3759 ἀνάγαγε.

356 3780 635 3849 Σωτηρίας
656 3780 848 3851 λιμένα
880 3780 1160 3849 γινώσκων
1204 3797 1285 3843 σε,
1331 3780 1505 3834 πλέων
1558 3782 1853 3852 πολυφρόν-

285 3867 429 3929 τιδος
459 3866 571 3936 βίου
593 3869 655 3921 τὸ
688 3870 918 3938 πέλαγος
939 3869 1323 3941 ἐπικαλοῦμαι,
1345 3870 1629 3935 Δέσποινα,
1659 3872 1853 3944 κυϐερ-

285 3958 454 4027 νήτην
475 3957 653 4028 ψυχῆς
680 3976 780 4029 μου
812 3960 1065 4028 γενέσθαι
1099 3978 1181 4015 σε.

367 4049 539 4118 Ἱερᾶς
574 4051 847 4115 πολιτείας
890 4053 1223 4107 ὲκπέπτωκα
1267 4052 1526 4123 ῥᾳθυμῶν
1552 4057 1579 4107 ὁ
1602 4054 1849 4117 δείλαιος*

284 4138 401 4193 ἀλλ’
439 4141 773 4210 ὲπανάγαγε,
814 4143 1151 4215 εὐλογημένη
1215 4146 1479 4215 πάναγνε,
1519 4150 1853 4219 προσταγαῖς

284 4230 380 4285 τοῦ
410 4232 539 4285 Υίοῦ
570 4250 661 4286 σου
695 4234 1046 4305 ρυθμίζουσα.

359 4412 569 4477 ¹Ἄλλος.
595 4414 858 4480 Ἀὗυσσος
897 4417 1327 4489 ἁμαρτημάτων.

369 4590 513 4645 -ιδια
554 4593 612 4646 ὲν
661 4597 725 4665 τῇ
783 4595 971 4667 Τριάδι
1024 4598 1214 4668 τριττὰ
1272 4599 1661 4669 συνθεολογεϊτε
1692 4617 1709 4630 ο
1758 4600 1854 4673 τὴν
1886 4572 1930 4625 D

287 4685 607 4755 ἀγεννησίαν
622 4688 716 4740 τοῦ
751 4690 974 4759 πατρὸς,
1002 4690 1095 4744 τοῦ
1130 4691 1302 4760 Λόγου
1325 4693 1424 4746 τὴν
1448 4694 1722 4766 γέννησιν,
1758 4696 1851 4749 καὶ

288 4773 602 4844 Πνεύματος
627 4776 728 4845 τὴν
752 4778 1074 4851 ὲκπόρευσιν
1108 4782 1289 4853 μόνου.

373 4951 630 5021 [τήμερον
655 4951 734 5024 τῷ
752 4952 884 5025 οἴκῳ
922 4957 1093 5028 τούτῳ
1117 4958 1417 5031 περιφανὴς
1468 4962 1726 5034 σωτηρίαο
1759 4964 1852 5017 δύο

288 5038 397 5111 γὰρ
422 5042 513 5094 καὶ
531 5043 681 5113 τρεῖς
712 5049 1076 5118 συνηγμένους
1103 5051 1334 5122 Χριστὸς
1361 5054 1441 5115 είς
1469 5052 1528 5107 τὸ
1568 5054 1734 5126 ὄνομα
1753 5057 1852 5110 αὐ-

287 5130 382 5184 τοῦ
413 5133 611 5203 τιμῶν,
637 5135 800 5206 μέσος
816 5138 1044 5208 πάρεστι
1072 5140 1293 5196 τούτων.

368 5348 608 5407 »πειρον
681 5340 781 5411 τῆς
836 5341 940 5411 γῆς
985 5342 1047 5395 τὸ
1094 5342 1254 5411 βάθος
1317 5343 1454 5415 πρὸς
1500 5361 1560 5398 το
1607 5343 1857 5414 οὐράνιον

283 5423 435 5492 ὕψος,
461 5427 574 5479 ἀλλ’
608 5429 716 5483 ἀπὸ
746 5430 846 5501 τῆς
871 5432 975 5501 γῆς
1009 5434 1135 5495 τοὺς
1163 5434 1350 5503 ἁγίους
1379 5434 1570 5506 ἐξῆρεν
1598 5433 1852 5487 ἐπέκεινα

278 5515 393 5571 τῶν
441 5517 680 5589 οὐρανῶν
704 5522 732 5573 ὁ
752 5522 998 5591 οὐράνιος
1027 5524 1187 5595 ἔρως.
1553 5524 1852 5578 Θεοτὸκιον.

370 5608 522 5669 Ζέαν
552 5626 611 5663 σε
668 5613 870 5685 πηγὴν,
913 5615 1176 5686 Παρθένε,
1204 5616 1297 5672 καὶ
1356 5618 1611 5691 ἀφορμὴν
1648 5634 1854 5690 μυστη-

357 5786 434 5857 (a)
456 5785 559 5843 lsa.
590 5804 662 5855 vr,
695 5791 741 5845 1.

1961 2801 2044 2847 tes
2071 2797 2310 2864 angelos,
2334 2801 2548 2868 quando
2575 2805 2760 2871 genuit
2789 2819 2969 2875 regem
2994 2808 3302 2879 angelorum
3324 2809 3513 2872 Deum.

1958 2896 2120 2939 auem
2155 2885 2227 2940 illi
2252 2888 2464 2944 obtueri
2493 2890 2634 2945 haud
2661 2903 2905 2961 possunt.
3205 2898 3511 2955 Catabasia.

2028 2972 2099 3028 Ut
2131 2973 2265 3030 vidit
2297 2976 2465 3034 Isaias
2492 2980 2784 3050 symbolice
2824 2984 2876 3038 in
2916 2986 3126 3043 excelso
3155 2988 3290 3044 solio
3324 2989 3514 3053 Deum,

1953 3062 2126 3133 gloria
2163 3068 2478 3137 angelorum
2524 3082 2780 3143 tanquam
2808 3078 3060 3133 satellitio
3089 3081 3388 3155 stipatum;
3418 3082 3519 3137 Mi-

1959 3169 2048 3209 ser
2071 3170 2169 3226 ego
2196 3158 2209 3210 l
2245 3161 2583 3219 exclamabat
2611 3183 2625 3219 :
2663 3181 2843 3222 coram
2874 3171 3017 3223 enim
3055 3171 3163 3225 vidi
3193 3187 3420 3243 corpore
3442 3176 3519 3230 in-

1880 3219 1924 3279 c
1957 3219 2141 3338 dutqu
2194 3250 2381 3319 Deum,
2420 3253 2523 3310 luci
2556 3219 2842 3327 vesperum
2879 3219 3522 3338 ἱίᾶιῖ

1957 3335 2321 3396 dominantem
2357 3342 2455 3414 (a).

1959 3498 1975 3509 ν
2433 3436 2554 3493 184.
2592 3440 2726 3495 ODE
2754 3441 2808 3497 6.
2837 3441 3070 3499 Hirmus.

2029 3518 2141 3589 Ego
2174 3524 2266 3592 qui
2308 3524 2362 3579 in
2419 3525 2614 3598 abysso
2646 3541 2985 3599 peccatorum
3024 3536 3261 3601 volutor,
3290 3538 3513 3594 investi-

1958 3612 2186 3681 gabilem
2222 3615 2611 3675 misericordia
2645 3632 2749 3678 tuae
2777 3624 3007 3694 imploro
3032 3628 3309 3698 abyssum.
3343 3630 3417 3684 Ex
3442 3633 3521 3686 in-

1958 3704 2117 3758 teritu
2141 3706 2276 3762 educ
2314 3724 2419 3777 me,
2454 3709 2615 3768 Deus.

1964 3832 1965 3835 η
2027 3793 2226 3851 Salutis
2252 3807 2463 3866 portum
2491 3816 2722 3872 agnosco
2753 3813 2820 3869 te,
2861 3805 3110 3873 Domina,
3161 3819 3216 3864 et
3251 3811 3514 3877 navigans

1960 3885 2203 3941 sollicitae
2230 3890 2623 3965 vitaapelagus,
2654 3897 2900 3965 obsecro,
2930 3912 2990 3955 ut
3015 3902 3363 3970 gubernatrix
3394 3905 3512 3958 ani-

1960 3989 2061 4029 ma:
2092 3990 2167 4031 SIS
2194 3994 2344 4034 meae.
2474 4036 2481 4041 .

2030 4066 2311 4159 Sanctiore
2375 4083 2519 4130 statu
2580 4080 2790 4149 excidi,
2848 4084 2971 4153 quia
3026 4086 3189 4141 miser
3242 4089 3517 4159 torpebam

1961 4155 2093 4209 otio.
2153 4156 2261 4213 Sed
2300 4176 2388 4219 me
2416 4166 2601 4234 reduc,
2638 4170 2922 4227 benedicta
2973 4186 3028 4229 et
3073 4179 3221 4232 omni
3257 4155 3344 4234 εί
3363 4191 3517 4250 parte

1959 4249 2260 4393 cassissima
2367 4271 2559 4327 meque
2628 4265 2703 4316 tui
2763 4263 2884 4319 Filii
2968 4270 3235 4327 mandatis
3296 4249 3515 4328 accom-

1962 4352 2010 4390 m
2088 4356 2141 4393 a.

1962 4352 2141 4394 "1003.

2041 4430 2161 4487 185.
2187 4433 2336 4491 Alius
2364 4475 2380 4492 .
2416 4436 2558 4492 sicut
2584 4438 2852 4503 Ἀϐυσσος
2871 4443 3299 4513 ἁμαρτημάτων.

2052 4610 2345 4681 -δτίριὶοειη
2406 4617 2784 4682 proprietatem
2829 4617 2882 4670 iu
2944 4617 3137 4676 Triade
3192 4623 3513 4693 explicatis:

1966 4700 2161 4770 quippe
2206 4699 2503 4770 theologica
2565 4706 3020 4762 commentatione
3064 4709 3333 4767 disseritis
3381 4729 3517 4784 quo-

1960 4793 2117 4845 modo
2169 4806 2276 4846 tton
2345 4802 2404 4845 ut
2462 4793 2674 4862 genitus
2728 4794 2917 4861 Pater,
2962 4801 3230 4868 quomodo
3279 4805 3517 4873 genitum

1960 4880 2221 4947 Verbum,
2260 4891 2314 4936 et
2362 4881 2594 4953 Spiritus
2643 4889 2913 4955 quomodo
2971 4890 3117 4946 solus
3159 4875 3467 4961 procedat:

2047 4981 2290 5042 repente
2329 4973 2455 5028 huic
2493 4975 2672 5031 domui
2704 4978 2914 5034 refulsit
2958 4982 3118 5037 hodie
3168 4984 3314 5040 salus
3348 4990 3518 5043 mani-

1958 5063 2093 5117 festa
2152 5081 2167 5117 :
2222 5078 2344 5117 nam
2397 5064 2677 5131 Christus,
2724 5071 2996 5127 honorans
3052 5073 3184 5130 duos
3236 5078 3321 5132 vel
3397 5087 3510 5135 tres

1961 5165 2312 5226 congregatos
2367 5158 2420 5212 in
2479 5161 2709 5227 nomine
2744 5178 2887 5227 suo,
2939 5166 3129 5234 est_in
3181 5169 3358 5225 medio
3414 5184 3509 5225 eo-

1961 5261 2079 5300 rum
2099 5246 2174 5318 (b)

2041 5338 2165 5396 trusi
2195 5338 2526 5407 profunditas
2570 5349 2726 5396 terrae
2784 5341 3049 5400 immenso
3094 5345 3379 5401 intervallo
3435 5362 3520 5402 re-

1963 5436 2109 5482 mota
2156 5438 2238 5483 est
2272 5444 2303 5482 a
2334 5430 2455 5484 εαξη
2486 5430 2788 5496 {altitudine
2813 5473 2829 5500 ,
2862 5444 3082 5492 sanctos
3138 5445 3318 5491 tamen
3370 5437 3511 5491 ultra

1959 5519 2127 5576 ccelos
2147 5520 2385 5575 ctelestis
2412 5536 2566 5577 amor
2585 5525 2800 5580 extulit.
3252 5526 3517 5584 'Mariale.

2042 5620 2253 5665 mancta
2287 5611 2469 5681 Virgo,
2514 5629 2637 5668 cum
2682 5624 2734 5672 te
2778 5617 3041 5675 haberent
3087 5634 3282 5676 novum
3314 5618 3519 5677 fontem

2039 5786 2110 5861 lib)
2141 5786 2326 5843 Matth.
2356 5804 2507 5857 xvul,
2536 5788 2625 5844 20.
