4076 6226
569 353 776 398 CCCI-XII

1976 334 2534 393 PROLEGOMENA.‘

573 473 739 525 mam,
773 457 877 513 hoc
903 455 972 512 ab
1001 470 1066 510 eo
1090 452 1322 527 diﬂ'erat,
1350 451 1493 527 quod
1518 452 1838 522 plerumque
1868 452 1938 508 sit
1968 464 2514 527 commemoratorum
2557 463 2868 527 sanctorum
2899 446 3361 527 longiBraelogia,
3389 465 3483 509 seu
3514 455 3644 527 vitae
3666 465 3826 512 acto-

577 523 804 597 rnmque
856 524 1180 597 compendia
1221 523 1444 597 legenda
1479 533 1776 597 proponat
1799 565 1814 588 ,
1851 534 2126 597 praeeunte
2159 525 2227 578 ad
2262 524 2470 597 singula
2501 525 2666 597 quale
2695 525 2938 597 diximus
2976 523 3598 597 distiebofconsentiat
3630 539 3819 582 autem

571 612 694 650 vum
715 591 942 660 eodem,
966 591 1110 664 quod
1137 591 1443 664 sicut‘apud
1475 591 1700 648 Latinos
1729 591 2169 664 Martyrologium
2195 591 2469 649 concludit
2501 591 2690 659 lector,
2744 595 2961 659 dicens,
2995 615 3014 646 ι
3052 605 3105 650 et
3139 595 3268 649 alibi
3299 593 3655 662 plurimorum
3691 613 3825 650 san-

570 677 786 737 ctorum
820 663 1127 737 martirum
1161 672 1217 718 et
1246 663 1618 737 confessorum
1659 673 1822 732 atque
1867 663 2141 737 virginum
2175 672 2250 737 et_
2271 665 2629 737 respondetur
2663 679 2691 716 a
2733 665 2900 737 choro
2921 707 2936 730 ,
2964 665 3072 720 Deo
3099 667 3340 734 gratias:
3384 682 3402 715 ι
3428 664 3506 737 si_c
3533 675 3588 737 et
3612 665 3821 730 Grani,

571 735 814 789 absoluta
857 731 1168 791 sanctorum
1202 733 1715 802 commemoratione
1737 731 2018 802 praedicta,
2043 733 2343 787 clausulam
2363 731 2668 795 adhibent.
2709 735 2902 802 quovis
2959 737 3046 789 die
3078 731 3398 795 iterandam,
3449 734 3582 796 Ταῖς
3636 737 3824 790 αὐτῶν

566 805 754 872 ἁγίαις
779 804 1120 873 πρεσϐείαις,
1149 804 1178 856 6
1204 803 1354 867 Θεὸς,
1375 801 1710 873 ἐλέησονικαὶ
1739 801 1911 866 ζῶσον
1935 803 2104 873 ἡμᾶς.

2229 820 2371 857 orum
2391 805 2592 858 sanctis
2612 801 2865 871 precibus
2894 807 3152 860 miserere
3181 806 3359 867 nobis,
3386 806 3548 868 Deus,
3572 815 3628 858 et
3666 809 3822 860 salva

568 889 686 930 nos.
743 893 764 927 δ

861 893 891 929 x
931 877 1058 931 hinc
1102 876 1391 928 resumitur
1419 882 1610 944 cantus
1646 873 1804 925 trium
1829 874 2309 944 canonunreodem
2351 889 2460 942 quo
2494 889 2659 944 supra
2686 876 2896 929 ordine.
2941 875 3035 928 Est
3061 886 3240 928 autem
3268 876 3320 927 in
3346 873 3654 940 huiusmodi
3683 890 3821 944 poe-

577 945 738 1000 matis
785 959 1044 1015 perquam
1099 944 1379 1004 usitatum,
1405 953 1480 1015 Aut
1513 941 1822 1015 ultimarum
1859 946 2029 1015 trium
2053 941 2575 1015 odarum_stropha¥
2614 960 2706 998 seu
2739 947 2987 1015 Atroparia
3020 946 3461 1015 singulaeodem
3489 946 3599 1015 [ere
3656 941 3825 1000 modo

569 1011 969 1085 terminentur;
1018 1024 1073 1068 ut
1103 1015 1156 1068 in
1191 1017 1292 1066 ode
1329 1011 1539 1085 quidem
1571 1013 1795 1085 septima
1828 1011 2123 1085 clausulas

2273 1013 2588 1085 Ἐὐλογητὸς
2610 1015 2637 1066 6
2661 1013 2792 1076 Θεὸς
2827 1011 2934 1067 τῶν
2964 1011 3213 1084 πατέρων
3246 1013 3475 1085 ἡμῶνφ
3494 1013 3823 1070 Benedictus

565 1084 708 1138 Deus
732 1081 1310 1154 patrum'nostrorum;
1337 1101 1359 1154 η
1381 1084 1432 1135 in
1451 1093 1663 1154 octava,
1689 1081 1971 1154 Εὑλογεζτε
1996 1082 2091 1134 καὶ

2238 1081 2582 1154 ρυψοῦτεείς
2610 1086 2819 1147 πάντας
2850 1087 2977 1148 τούς
3003 1081 3204 1149 αἰῶνας
3235 1104 3253 1136 ι

3071 1086 3095 1096 φ

3327 1084 3590 1137 euedicite
3641 1096 3696 1138 et
3726 1100 3824 1138 su-

568 1151 903 1220 perex'altate
935 1156 986 1208 in
1015 1152 1240 1224 saecula;
1292 1171 1311 1204 ι
1351 1153 1399 1224 in
1434 1167 1573 1224 nona
1614 1153 1845 1218 denique
1879 1151 2506 1224 freqttenteturverbum
2531 1154 2901 1224 Μεγαλύνειν,
2935 1175 2953 1205 ι
2985 1157 3368 1224 magniﬁcare:
3399 1171 3418 1204 ι
3446 1163 3504 1206 ut
3530 1155 3824 1209 videantur

563 1225 811 1292 quietiam
843 1225 996 1293 quasi
1022 1222 1304 1291 dispositio
1334 1223 1402 1276 ad
1441 1222 1652 1286 laudes,
1679 1235 1799 1290 quae
1831 1230 1958 1277 sunt
1989 1229 2236 1277 extrema
2265 1222 2512 1278 Matutini
2559 1222 2720 1279 oﬂicii
2763 1239 2889 1293 pars
2915 1240 2978 1280 ac
3007 1222 3132 1279 vere
3159 1224 3447 1288 Matutina,
3495 1225 3572 1278 uti
3603 1225 3823 1280 dicetur

563 1294 744 1359 capite
772 1294 1039 1363 sequenti.

1082 1452 1219 1508 ODE
1260 1458 1314 1510 7.
1354 1455 1594 1512 Hirmus.

638 1546 761 1603 192.
816 1547 950 1604 Cum
1001 1548 1321 1603 adoraretur
1367 1557 1546 1602 statua
1596 1559 1760 1602 aurea
1824 1545 1878 1598 in
1940 1555 2134 1610 campo

563 1640 753 1708 Dura,
805 1649 917 1695 tres
967 1639 1124 1710 pueri
1173 1641 1250 1694 tui
1301 1640 1690 1710 proculcarunt
1745 1635 2130 1708 impiissimum

563 1730 876 1785 mandatum
908 1745 925 1784 :
953 1731 1186 1800 coniecti
1242 1741 1424 1787 autem
1482 1731 1535 1785 in
1571 1727 1808 1784 medium
1866 1727 2083 1798 igneum
2114 1763 2132 1791 ,

562 1821 720 1890 quasi
743 1835 867 1877 rore
909 1820 1118 1892 perfusi
1157 1819 1456 1891 psallebant
1485 1819 1850 1876 :Benedictus
1874 1832 1956 1886 es,
1990 1817 2133 1872 Deus

557 1921 771 1982 patrum
805 1922 1128 1968 nostrorum.

629 2005 688 2062 lo
739 2019 956 2061 crucem
1015 2002 1235 2060 suilixus
1290 2002 1382 2072 qui
1424 2016 1492 2057 ex
1560 2009 1659 2068 te,
1717 2000 1812 2056 Dei
1860 1999 2130 2064 Genitrix,

559 2111 760 2169 corpus
790 2097 1110 2166 assumpsit,
1135 2096 1329 2151 Adami
1368 2096 1658 2167 discerpsit
1685 2093 2128 2165 chirographum.

559 2191 710 2246 Illum
738 2204 880 2244 nunc
904 2203 1152 2259 precare,
1174 2188 1350 2243 omnis
1373 2189 1508 2243 naevi
1539 2200 1756 2259 expers,
1779 2195 1837 2241 ut
1861 2200 1892 2240 a
1919 2184 2132 2239 cunctis

557 2277 817 2347 periculis
850 2277 1048 2333 liberet
1097 2276 1286 2331 ﬁdeles
1315 2275 1616 2334 clamantes
1648 2296 1664 2333 :
1697 2275 2019 2331 Benedictus
2045 2287 2129 2339 es,

557 2371 699 2427 Deus
729 2379 941 2441 patrum
968 2379 1299 2424 nostrorum.

629 2463 765 2536 Spes
810 2464 950 2519 bona
993 2461 1435 2534 exspectatioque
1475 2455 1853 2521 tideliumes,o
1880 2451 2127 2518 Domina,

555 2565 610 2611 et
639 2555 750 2626 jam
782 2555 1139 2626 deprecamur
1165 2563 1240 2621 te,
1271 2562 1332 2608 ut
1359 2550 1606 2606 eﬂundas
1625 2544 2125 2604 commiserationis

554 2647 781 2720 pelagus
797 2663 958 2717 super
979 2661 1188 2710 omnes,
1217 2646 1270 2699 in
1296 2655 1349 2699 te
1377 2641 1736 2706 conﬁdentes,
1761 2648 1816 2694 et
1834 2637 1900 2692 ad
1928 2634 2126 2690 Filium

555 2747 706 2792 tuum
743 2735 1044 2791 clamantes
1084 2753 1099 2790 :
1129 2732 1456 2789 Benedictus
1483 2745 1542 2786 es
1563 2768 1579 2796 ,
1611 2729 1752 2786 Deus
1783 2736 1997 2798 patrum
2039 2737 2128 2778 no-

553 2833 814 2880 strorum.

625 2917 933 2990 Speciosam
965 2916 1259 2974 salubrium
1315 2915 1690 2969 mandatorum
1737 2918 1966 2972 vestem,
2021 2920 2127 2975 qua

553 3013 788 3066 amictus
829 3009 906 3065 fui
933 3010 987 3063 in
1028 3009 1357 3078 baptismate
1381 3046 1396 3074 ,
1444 3003 1654 3074 perdidi
1685 3018 1796 3073 pra:
1827 2999 2065 3062 incuria,
2092 3011 2127 3051 o

555 3104 764 3160 miser!
807 3101 962 3157 Nunc
983 3103 1050 3155 ad
1086 3111 1159 3164 te,
1194 3098 1382 3170 Virgo,
1416 3097 1692 3166 confugio,
1712 3105 1766 3149 et
1792 3102 1915 3164 peto
1943 3090 2125 3146 tunica

557 3190 929 3263 temperantiae
951 3204 1047 3260 per
1082 3198 1135 3244 te
1166 3189 1361 3243 iterum
1391 3185 1561 3241 indui.

625 3370 752 3426 195.
786 3369 960 3434 Alius,
981 3369 1124 3422 sicut
1162 3364 1430 3419 Ἀντίθεον
1460 3362 1808 3435 πρόσταγμα.

634 3469 970 3532 muperatur,
1020 3475 1055 3515 ο
1079 3458 1247 3522 beati,
1289 3468 1345 3514 et
1368 3456 1506 3528 Iugit
1527 3471 1647 3526 quae
1675 3464 1792 3510 erat
1829 3461 1954 3508 ante
1987 3451 2126 3506 into—

553 3549 794 3608 lerabilis
834 3550 1061 3605 audacia
1113 3550 1399 3605 haresum.
1461 3547 1528 3600 Et
1561 3560 1689 3600 cera
1738 3545 2043 3614 liquescens
2094 3559 2124 3597 a

553 3642 692 3698 facie
726 3641 867 3713 ignis
895 3641 1205 3696 ostenditur
1228 3655 1348 3695 esse
1377 3638 1606 3709 quodvis
1635 3635 1996 3691 adulterinum
2024 3635 2124 3689 do-

551 3747 697 3805 gma,
726 3732 869 3804 quod
902 3732 1191 3804 opponitur
1224 3731 1422 3786 vestris
1454 3729 1658 3793 verbis,
1691 3730 1870 3798 ignem
1905 3727 2124 3797 spiran-

551 3829 717 3883 tibus.

635 3916 930 3971 obsoletas
994 3927 1166 3984 nugas
1243 3913 1522 3983 gentilium
1605 3911 1943 3968 declinarunt
2015 3919 2126 3966 tres

551 4006 696 4072 illis;
726 4018 952 4076 eamque
982 4004 1150 4060 solam
1198 4003 1479 4072 elegerunt
1507 4003 1782 4059 suadelam
1809 4043 1825 4069 ,
1852 4017 1973 4073 qua:
2022 4003 2123 4057 bo-

550 4099 756 4153 minum
801 4096 1076 4152 mentibus
1117 4095 1389 4151 dominari
1439 4095 1631 4150 idonea
1660 4136 1676 4162 ,
1704 4094 2125 4150 corroborandae

551 4193 785 4248 serviret
831 4189 1080 4257 veritati;
1125 4189 1308 4259 itaque
1369 4203 1586 4244 omnem
1633 4187 1875 4244 ﬁdelium
1922 4196 2120 4243 emtum

551 4285 880 4340 subcaerunt
932 4281 1113 4338 verbis
1174 4282 1243 4338 ad
1304 4279 1741 4352 persuadendum
1815 4294 2119 4336 accommo-

552 4379 657 4433 dis.

1223 4486 1463 4543 Mariale.

637 4582 958 4640 raudabilis
999 4589 1053 4636 et
1103 4595 1234 4650 pura
1261 4580 1445 4649 Virgo,
1499 4580 1552 4634 in
1583 4589 1634 4636 te
1662 4582 1840 4636 omnis
1881 4579 2114 4650 prophe-

548 4679 624 4732 tia
677 4674 988 4746 conquievit
1039 4681 1096 4727 et
1132 4675 1294 4727 tinem
1326 4671 1560 4728 habuit:
1611 4672 1666 4727 in
1703 4672 2120 4728 admirationem

549 4768 763 4838 rapiens
792 4783 887 4823 eos
926 4767 1017 4838 qui
1051 4769 1276 4823 dicunt:
1313 4763 1395 4824 Ex
1423 4773 1495 4833 te,
1523 4777 1558 4821 ο
1592 4771 1741 4822 casta
1771 4805 1786 4829 ,
1817 4764 2122 4820 scaturiunt

550 4860 849 4916 illustriora
883 4873 1045 4930 quam
1095 4873 1215 4928 quae
1260 4857 1517 4929 praedicta
1559 4856 1780 4913 fuerunt
1835 4857 2117 4924 miracula,

546 4968 668 5024 quae
685 4953 1004 5022 sapientiam
1029 4953 1384 5021 interpretum
1414 4950 1714 5007 declarant.

619 5044 740 5099 194.
775 5045 946 5112 Alius,
989 5045 1128 5101 sicut
1157 5042 1292 5097 Θεοῦ
1334 5043 1766 5113 συγκαταϐασιν.

620 5135 874 5192 Tacentia
904 5146 959 5191 et
998 5135 1306 5202 clamantia,
1344 5136 1565 5204 visaque
1593 5143 1649 5190 et
1701 5136 1884 5190 audita
1907 5134 2120 5189 virtutis

550 5245 614 5284 ac
639 5227 920 5298 sapientiae
953 5227 1245 5281 simulacra
1275 5226 1492 5282 fuerunt
1523 5225 1610 5296 illi;
1629 5227 1886 5296 theologi,
1909 5227 2118 5295 quinos

549 5333 710 5388 opere
749 5328 806 5372 et
855 5331 1112 5373 sermone
1145 5317 1418 5371 adhortati
1453 5327 1580 5371 sunt
1618 5318 1681 5370 ad
1716 5317 2060 5371 clamandum
2099 5329 2114 5368 :

549 5409 875 5466 Benedictus
907 5410 1050 5466 Deus
1079 5417 1296 5478 patrum
1333 5417 1662 5463 nostrorum.

628 5503 699 5560 Ut
728 5505 824 5559 Dei
870 5519 1052 5571 voces,
1108 5505 1436 5558 horrendum
1482 5519 1549 5560 ex
1601 5502 1711 5558 alto
1786 5503 2111 5569 intonantes,

552 5591 948 5663 t'nlminumque
995 5593 1173 5663 iacula
1237 5593 1537 5661 excipimus
1592 5593 1754 5646 verba
1812 5602 2035 5655 vestra,
2084 5605 2118 5645 o

553 5685 978 5754 sapientissimi,
1004 5700 1111 5739 una
1143 5685 1425 5739 vobiscum
1461 5685 1811 5741 concinentes
1838 5722 1852 5748 ,
1882 5682 2115 5742 Benedi-

550 5787 672 5832 ctus
697 5774 838 5832 Deus
858 5785 1070 5844 patrum
1099 5786 1431 5833 nostrorum.

2164 1460 2213 1516 Α

2725 1454 2856 1525 ῼΔΗ
2885 1451 2950 1518 ξ’-
2993 1452 3055 1506 '0
3080 1449 3290 1524 εἱρμόςο

2305 1545 2526 1609 Εἰκόνος
2568 1545 2775 1616 χρυσῆς
2811 1547 2868 1599 ἐν
2916 1543 3084 1615 πεδίῳ
3117 1545 3296 1616 Δεῃρᾷ
3317 1542 3742 1616 λατρευομένης,
3765 1545 3817 1597 οἱ

2233 1643 2382 1712 τρεῖς
2411 1657 2505 1693 σου
2538 1639 2726 1702 παῖδες
2770 1637 3154 1708 κατεπάτησαν
3210 1636 3517 1691 ἀθεωτάτου
3574 1636 3820 1706 προστά-

2232 1748 2458 1803 γματος·
2520 1731 2681 1802 μέσον
2710 1729 2768 1782 δὲ
2798 1729 2968 1800 πυρὸς
3014 1725 3398 1799 ἐμϐληθέντες,
3443 1725 3817 1797 δροσιζόμενοι

2233 1823 2480 1890 ἔψαλλον·
2539 1819 2845 1892 Εὐλογητὸς
2896 1818 2966 1887 εἳ,
3017 1822 3046 1873 6
3090 1818 3243 1883 Θεὸς,
3305 1821 3334 1871 6
3390 1817 3497 1871 τῶν
3561 1817 3819 1887 πατέρων

2232 1916 2410 1987 ἡμῶν.

2230 2028 2258 2066 ι,
2304 2005 2530 2079 Σταυρῷ
2559 2006 2898 2078 προσπαγεὶς
2945 2006 2975 2058 6
3027 2005 3091 2057 ἐκ
3142 2000 3236 2055 σοῦ
3283 1998 3655 2070 σωματωθεὶς,
3692 1999 3816 2053 θεο-

2231 2099 2546 2168 γεννήτρια,
2596 2096 2766 2167 Ἀδὰμ
2793 2093 3042 2166 διέρρηξε
3069 2092 3132 2146 τὸ
3159 2091 3539 2163 χειρόγραφον.
3585 2092 3684 2143 Ὃν
3715 2089 3816 2143 νῦν

2231 2189 2489 2254 δυσώπει,
2544 2189 2875 2260 πανάμωμε,
2936 2187 3182 2249 ἅπαντας
3237 2183 3497 2238 κινδύνων
3544 2183 3816 2253 ῥυσθῆναι

2231 2281 2356 2344 τούς
2377 2281 2435 2332 ἐν
2470 2279 2651 2332 πίστει
2686 2277 3118 2350 κραυγάξονταςο
3150 2272 3455 2344 Εὐλογητὸς
3479 2266 3550 2338 εἷ,
3593 2275 3624 2326 ὁ
3655 2271 3811 2337 Θεὸς,

2228 2371 2259 2423 6
2285 2369 2394 2424 τῶν
2420 2370 2670 2442 πατέρων
2704 2369 2882 2441 ἡμῶν.

2311 2460 2496 2524 Ἐλπὶς
2553 2459 2731 2531 ἀγαθὴ
2777 2457 3074 2531 προσδοκία
3131 2475 3192 2511 τε
3246 2455 3456 2510 πιστῶν
3511 2455 3811 2525 ὑπάρχεις,

2229 2553 2515 2608 Δέσποινα’
2553 2554 2648 2606 καὶ
2673 2551 2767 2606 νῦν
2791 2550 3023 2622 δεόμεθά
3045 2567 3138 2602 σου
3169 2547 3516 2620 δωρήσασθαι
3549 2547 3650 2616 τῆς
3680 2562 3819 2616 συμρ

2231 2645 2464 2710 παθείας
2497 2647 2558 2698 τὸ
2586 2645 2822 2714 πέλαγος
2864 2644 2997 2695 πᾶσι
3025 2645 3138 2704 τοῖς
3165 2644 3243 2704 εἱς
3273 2643 3332 2693 σὲ
3375 2638 3680 2700 πεποιθὸσι,
3714 2639 3816 2691 καὶ

2229 2738 2308 2808 τῷ
2345 2737 2459 2808 Υίῷ
2502 2755 2594 2792 σου
2623 2733 3043 2809 κραυγάζουσιν·
3073 2732 3376 2802 Εὐλογητὸς
3404 2727 3472 2793 εἴ,
3513 2732 3542 2782 6
3585 2729 3742 2792 Θεὸς,
3783 2731 3814 2783 6

2159 2805 2203 2862 Β
2229 2805 2338 2882 τῶν
2368 2805 2619 2898 πατέρων
2645 2805 2824 2898 ἡμῶν.

2312 2919 2531 2991 Ὡραίαν
2607 2918 2799 2987 στολὴν
2853 2913 3134 2986 σωτηρίων
3189 2911 3415 2964 ἐντολῶν
3463 2910 3552 2962 διὰ
3607 2908 3814 2979 βαπτί-

2231 3032 2436 3087 σματος
2460 3012 2896 3084 ἀμφιασάμενος,
2943 3006 3327 3078 ἁπημαύρωσα
3367 3005 3430 3057 δι’
3480 3005 3742 3074 ἀμελείας
3785 3007 3818 3057 6

2228 3102 2490 3164 δείλαιοςῑ
2522 3100 2635 3153 Νῦν
2659 3100 2715 3152 δέ
2734 3115 2814 3151 σοι
2836 3098 3172 3169 προστρέχω,
3207 3095 3469 3166 Παρθένε,
3490 3094 3578 3147 τὸν
3602 3096 3817 3165 χιτῶνα

2230 3193 2546 3264 αἰτούμενος
2581 3192 2678 3261 τῆς
2711 3187 3061 3260 σωφροσύνης
3103 3185 3190 3240 διὰ
3235 3186 3330 3238 σοῦ
3377 3185 3538 3239 πάλιν
3585 3185 3817 3240 ἐνδύσα-

2231 3286 2373 3340 σθαι.
2593 3329 2596 3332 .

2301 3375 2510 3438 Ἀλλος.
2547 3370 2811 3424 Ἀντίθεον
2838 3369 3185 3440 πρόσταγμα.

2311 3468 2586 3536 ωττᾶται,
2649 3464 2943 3534 μακάριοι,
3018 3463 3112 3514 καὶ
3182 3460 3502 3532 δραπετεύει
3555 3463 3589 3532 ἡ
3675 3462 3818 3534 πρὶν

2229 3559 2600 3620 ἀνυπόστατος
2640 3554 2914 3627 θρασύτης
2947 3552 3056 3605 τῶν
3088 3552 3373 3624 αἱρέσεων.
3406 3551 3680 3623 Κηρὸς“δὲ
3708 3570 3813 3625 τη-

2227 3651 2454 3721 κόμενος
2495 3649 2602 3703 ἀπὸ
2661 3646 2951 3718 προσώπου
2998 3645 3190 3717 πυρὸς,
3248 3645 3398 3698 νόθον
3437 3645 3581 3698 ἅπαν
3625 3645 3812 3716 δόγμα

2225 3745 2338 3805 τοῖς
2371 3740 2526 3812 ὐμῶν
2569 3737 2905 3809 προσϐάλλον
2946 3735 3203 3805 φθόγγοις
3250 3735 3546 3807 πυρπνόοις
3594 3733 3814 3790 δείκνυ-

2224 3851 2334 3888 ται.

2259 3851 2537 3997 Ωιιιῐεευδεῗς
2588 3922 2686 3994 μὲν
2731 3920 3010 3987 ἐξέκλιναν
3050 3920 3316 3991 Ἑλλήνων
3378 3919 3586 3982 ὕθλους·
3628 3913 3811 3971 πειθὼ

2225 4019 2282 4074 δὲ
2314 4019 2413 4089 τὴν
2436 4015 2698 4088 τύραννον
2727 4011 3032 4085 ἀνθρώποις
3057 4012 3224 4083 μόνην
3246 4011 3466 4076 εἰλοντο,
3497 4012 3586 4079 ὐφ’
3623 4005 3809 4082 ἦςτὴν

2226 4110 2486 4182 ἀλήθειαν
2514 4109 2562 4162 οί
2601 4110 2748 4180 τρεῖς
2787 4104 3138 4170 τονώσαντες,
3171 4103 3342 4168 οὕτως
3375 4106 3520 4158 ἅπαν
3547 4103 3810 4174 σύστημα

2231 4201 2438 4258 πιστῶν
2463 4199 2772 4272 χειροῦνται
2801 4197 2982 4269 λόγοις
3008 4196 3107 4252 καὶ
3131 4195 3538 4251 καταπείθουσι.

2852 4490 3156 4548 Θεοτόκιον.

2311 4600 2510 4657 ωνρο.
2555 4601 2705 4640 πασα
2751 4585 3055 4656 πρόρρησις
3087 4583 3460 4655 ἐπανεπαύθη,
3503 4584 3598 4639 καλ⁹
3625 4583 3808 4658 πέρας

2226 4680 2460 4748 ἐδέξατο,
2488 4676 2767 4746 ξενίζουσα
2791 4677 2916 4740 τοὺς
2936 4677 3210 4745 λέγοντας⁹
3229 4677 3321 4730 Ἐκ
3351 4677 3444 4730 σοῦ
3468 4677 3523 4731 δὲ
3553 4678 3808 4750 λαμπρό-

2225 4793 2357 4847 τερα
2382 4775 2600 4830 καὶτῶν
2625 4773 2978 4846 προρρήσεων
2995 4770 3246 4844 θαύματα
3273 4771 3597 4842 πηγόοζουσι,
3633 4771 3804 4840 ἁγνὴ,

2223 4869 2485 4942 δηλοῦντα
2517 4869 2640 4930 τοὺς
2665 4864 3084 4937 έρμηνεύοντας.

2299 5044 2507 5108 Ἀλλος.
2526 5044 2660 5098 Θεοῦ
2691 5038 3155 5115 συγκατάϐασινί.

2298 5137 2535 5207 Σιγῶσαι
2578 5139 2672 5190 καὶ
2709 5137 3028 5208 κράζουσαι,
3059 5135 3331 5209 ὁρώμεναί
3360 5152 3418 5188 τε
3463 5134 3555 5188 καὶ
3605 5132 3810 5186 ἀκουό-

2228 5242 2404 5298 μεναι,
2456 5227 2657 5296 ἀρετῆς
2695 5227 2788 5279 καὶ
2822 5228 3014 5296 σοφίας
3043 5229 3090 5280 οἱ
3121 5227 3374 5297 θεηγόροι
3425 5225 3616 5294 στῆλαι
3645 5224 3808 5291 γεγό-

2224 5335 2397 5382 νασιν,
2425 5318 2570 5390 ἔργῳ
2597 5318 2692 5371 καὶ
2727 5317 2871 5388 λόγῳ
2911 5319 3039 5390 βοᾷν
3068 5317 3517 5390 προτρεπόμενον
3553 5315 3804 5386 Εὐλογη..

2222 5411 2313 5475 τὸς
2344 5413 2373 5464 6
2402 5409 2557 5475 Θεὸς,
2584 5411 2612 5463 6
2634 5411 2742 5463 τῶν
2775 5411 3029 5482 πατέρων
3061 5411 3238 5481 ἡμῶν.

2289 5501 2423 5555 Θεοῦ
2468 5501 2648 5571 φωνὰς
2684 5501 2890 5557 ἄνωθεν
2935 5500 3338 5573 ἐπιϐροντώσας
3367 5503 3502 5571 ἡμῖν
3536 5497 3801 5566 ἐξαίσιον,

2224 5593 2520 5665 ἀστραπῶν
2548 5609 2608 5644 τε
2634 5592 2845 5662 βολίδας
2869 5592 3161 5664 τούςύμῶν
3197 5592 3470 5662 φθόγγους
3495 5591 3801 5662 δεχόμενοι,

2225 5685 2509 5752 πάνσοφοι,
2537 5681 2992 5754 συμμελῳδοῦμεν
3027 5684 3174 5756 ὑμῖνο
3204 5683 3505 5756 Εὐλογητὸς
3523 5685 3551 5737 ό
3581 5681 3740 5748 Θεὸς,
3769 5683 3806 5736 6

2227 5775 2333 5830 τῶν
2360 5774 2609 5846 πατέρων
2633 5773 2808 5846 ἡμῶν.
