4076 6226
1493 358 1891 418 ACOLUTHIA
1929 358 2264 416 TRIPLlClS
2300 356 2515 414 FESTI.

3395 367 3623 409 οσεωιιι

485 474 813 541 Ῥιπίζονται
853 474 1081 546 χάλαζαι
1122 475 1187 530 ὲκ
1202 474 1511 547 πυροϐόλων
1549 476 1961 545 γλωσσῶν,συν-

2072 479 2090 498 '
2134 476 2213 531 Ex
2258 474 2454 546 linguis
2508 470 2793 543 ignivomis
2844 470 3118 541 jactantur
3163 465 3475 536 grandines,
3503 482 3622 536 quae

401 566 683 638 τρίϐουσαι
704 565 773 618 τὰ
806 565 980 637 σαθρά
996 566 1103 620 τῶν
1124 566 1425 639 δογμάτων,
1455 568 1508 621 εἰ
1532 584 1615 632 τις
1642 569 1803 639 μέσον
1824 570 1963 640 παρ-

405 658 729 731 ρησιάσηται
768 656 876 709 τῶν
928 656 1246 725 κενολόγων,
1293 657 1428 728 ὀρθά
1462 656 1537 728 μὴ
1579 657 1959 728 φθεγγόμενος·

402 750 705 819 Εὐλογητὸς
731 751 760 803 6
788 748 940 816 Θεὸς,
966 751 994 803 6
1020 748 1128 803 τῶν
1161 749 1410 821 πατέρων
1438 749 1615 820 ἡμῶν.
1662 748 1960 804 Θεοτόκιον.

470 930 743 1002 Παρθένον
799 931 1026 1002 οἰκήσας
1084 947 1167 994 σε,
1200 930 1294 983 καὶ
1330 931 1465 1001 μετά
1512 931 1671 983 τόκον
1697 929 1965 1001 παρθένον

402 1022 601 1089 ἔλιπεν,
634 1026 661 1077 6
687 1022 927 1093 ἀμείϐων
962 1023 1218 1093 στοιχεῖα,
1254 1021 1545 1092 θεοκυῆτορ
1592 1020 1782 1091 Μαρία
1828 1037 1964 1074 παν-

401 1112 655 1184 άχραντε,
685 1112 820 1183 πρὸς
839 1111 897 1165 ὃν
929 1111 1140 1183 βοῶμεν
1170 1112 1267 1166 σὺν
1305 1111 1405 1175 σοὶ,
1431 1109 1827 1181 παναμώμητεο
1862 1110 1967 1163 E6-

401 1204 626 1274 λογητὸς
653 1207 681 1258 6
713 1204 864 1267 Θεὸς,
901 1205 930 1256 ό
965 1202 1073 1257 τῶν
1114 1201 1362 1273 πατέρων
1393 1200 1570 1272 ἡμῶν.
1620 1199 1961 1256 Καταϐασία.

478 1380 543 1432 Σὲ
568 1379 659 1431 τὸν
701 1381 759 1433 ἐν
798 1381 933 1452 πυρὶ
956 1380 1276 1451 δροσίσαντα
1302 1382 1493 1443 παῖδας
1515 1379 1961 1451 θεολογήσαντας,

319 1501 325 1507 -
402 1470 496 1522 καὶ
562 1469 823 1542 Παρθένῳ
866 1472 1127 1544 ἀκηράτῳ
1185 1474 1561 1544 ὲνοικήσαντα,
1616 1472 1746 1526 Θεὸν
1795 1471 1964 1539 Λόγον

402 1559 698 1631 ὑμνοῦμεν,
739 1561 977 1626 εὐσεϐῶς
1012 1560 1386 1633 μελῳδοῦντες·
1420 1559 1723 1632 Εὐλογητὸς
1757 1562 1787 1613 ό
1811 1558 1959 1625 Θεὸς,

401 1654 430 1705 6
452 1651 560 1707 τῶν
596 1652 845 1724 πατέρων
866 1654 1041 1725 ἡμῶν.

900 1746 1033 1816 ῼΔΗ
1059 1751 1131 1816 η’.
1169 1744 1226 1798 '0
1252 1745 1458 1817 εἱρμός.

2068 574 2355 622 conterunt
2407 562 2628 618 frivolas
2671 560 2998 631 opiniones;
3045 558 3091 615 si
3143 558 3265 628 quis
3291 557 3614 627 vaniloquo-

2064 672 2183 711 rum
2213 657 2406 711 audeat
2450 656 2503 710 in
2551 652 2785 708 medium
2816 652 3087 723 prosilire,
3113 665 3285 720 neque
3306 660 3363 704 ut
3389 664 3488 719 par
3514 656 3621 713 est,

2064 749 2247 813 dicat,
2283 745 2603 802 Benedictus
2661 742 2802 800 Deus
2852 750 3069 812 patrum
3115 750 3441 796 nostrorum.
3514 735 3625 792 Ma-

2068 838 2221 893 riale.

2136 928 2410 1000 Virginem
2464 935 2518 983 te
2560 924 2904 991 inbabitavit,
2946 930 3003 977 et
3042 931 3165 993 post
3202 931 3417 992 partum
3442 921 3623 991 Virgi-

2064 1037 2188 1079 nem
2220 1021 2459 1091 reliquit,
2492 1028 2706 1074 mutans
2755 1025 2962 1071 naturae
2993 1016 3237 1071 ordinem
3259 1057 3275 1083 ,
3301 1029 3335 1069 o
3369 1013 3478 1067 Deo
3504 1028 3625 1082 gra-

2064 1114 2187 1169 vida
2216 1111 2386 1169 Maria
2414 1119 2469 1168 et
2492 1111 2672 1167 omnis
2724 1122 2918 1181 expers
2942 1106 3191 1173 macula},
3220 1105 3287 1159 ad
3327 1118 3484 1175 quem
3513 1103 3626 1158 cla-

2064 1218 2273 1258 mamus
2302 1212 2498 1270 tecum,
2531 1202 2869 1265 intemerata,
2900 1196 3224 1253 Benedictus
3245 1194 3387 1248 Deus
3415 1201 3627 1261 patrum

2064 1302 2390 1348 nostrorum.
3308 1281 3625 1337 Catabasia.

2132 1384 2210 1439 Te
2239 1385 2327 1455 qui
2376 1383 2429 1437 in
2471 1382 2597 1452 igne
2643 1378 2891 1436 irrorasti
2916 1390 3114 1449 pueros
3136 1377 3202 1431 de
3239 1375 3401 1431 rebus
3426 1374 3626 1429 divinis

2064 1476 2393 1531 disserentes
2419 1513 2434 1540 ,
2479 1482 2535 1528 et
2564 1473 2932 1541 incorruptam
2967 1468 3245 1539 Virginem
3284 1466 3625 1531 inhabitasti,

2062 1565 2229 1621 Deum
2250 1566 2483 1621 Verbum
2512 1564 2889 1634 prazdicamus,
2917 1561 3005 1632 pie
3042 1558 3419 1616 concinentes:
3459 1556 3628 1612 Bene-

2064 1657 2238 1714 dictus
2266 1657 2405 1712 Deus
2439 1666 2649 1727 patrum
2677 1661 3005 1709 nostrorum.

2524 1746 2647 1801 195.
2676 1744 2809 1801 ODE
2838 1742 3177 1799 8.*Hirmus.'

474 1833 575 1887 Τὸν
601 1834 659 1887 ὲν
688 1835 902 1906 καμίνῳ
933 1835 1026 1890 τοῦ
1069 1836 1237 1908 πυρὸς
1278 1836 1384 1889 τῶν
1415 1834 1677 1906 Ἐϐραίων
1704 1834 1815 1897 τοῖς
1838 1850 1961 1887 παι-

2134 1834 2307 1906 Opera
2348 1836 2511 1891 Deum
2543 1876 2558 1901 ,
2607 1835 2695 1905 qui
2752 1849 2874 1889 cum
2932 1831 3276 1887 Hebraeorum
3330 1828 3515 1899 pueris
3571 1827 3627 1882 in

404 1925 458 1979 σί
504 1927 938 1995 συγκαταϐάντα,
986 1929 1080 1983 καὶ
1104 1928 1205 2000 τὴν
1245 1927 1417 1997 φλόγα
1457 1929 1537 1991 εἰς
1562 1927 1749 1998 δρόσον
1798 1944 1963 1998 μεταυ

401 2017 629 2072 ϐαλόντα
659 2019 814 2083 Θεὸν,
835 2020 1073 2090 ὑμνεῖτε,
1095 2020 1163 2075 τά
1179 2020 1316 2092 ἔργα
1329 2020 1404 2083 ὡς
1424 2017 1648 2092 Κύριον,
1681 2017 1776 2073 καὶ
1797 2018 1963 2089 ὑπερ-

400 2108 597 2178 υψοῦτε
618 2110 697 2174 εἰς
712 2111 917 2175 πάντας
945 2113 1071 2175 τοὺς
1100 2111 1323 2176 αἰῶνας.

470 2199 881 2273 Πύργονίσχύος
929 2201 1166 2273 ἀσφαλῆ,
1201 2202 1295 2255 καί
1332 2202 1603 2275 κρηπῖδα,
1656 2203 1751 2257 καὶ
1792 2218 1961 2271 φρου-

403 2293 522 2363 ράν,
554 2296 648 2349 καὶ
674 2296 1005 2369 προστασίαν
1030 2298 1356 2369 κεκτημένοι
1390 2315 1470 2365 σε,
1498 2298 1679 2350 πίστει
1705 2297 1964 2361 διασωζό-

403 2385 541 2453 μεθα
588 2385 703 2440 νῦνο
751 2387 1022 2459 ύμνοῦμεν
1071 2388 1162 2442 τὸν
1218 2388 1377 2442 τόκον
1418 2388 1821 2457 σου,Πάναγνε,
1867 2389 1962 2444 καὶ

400 2475 781 2550 ύπερυψοῦμεν
818 2482 897 2545 εἰς
920 2481 1123 2544 πάντας
1149 2481 1275 2545 τοὺς
1302 2481 1525 2545 αἰῶνας.

487 2653 798 2721 Ἀθανασίας
836 2658 1026 2729 διαυγῆ
1059 2657 1399 2729 ἐπιστάμεθα
1442 2659 1623 2729 πηγήν
1657 2676 1736 2725 σε,
1771 2659 1960 2714 Θεοτό-

399 2763 484 2811 κε,
510 2746 585 2812 ὡς
612 2749 877 2804 τεκοῦσαν
904 2751 995 2803 τὸν
1024 2751 1193 2818 Λόγον
1219 2749 1311 2803 τοῦ
1337 2750 1600 2805 ἀθανάτου
1620 2753 1851 2824 Πατρὸς,
1872 2752 1961 2806 τὸν

398 2838 608 2904 πάντας
638 2839 865 2895 θανάτου
894 2841 1251 2913 λυτρούμενον
1273 2842 1398 2905 τοὺς
1426 2841 1833 2913 ὑπερυψοῦντας
1863 2844 1962 2896 αύ-

400 2932 492 2987 τὸν
518 2935 596 2996 εἰς
619 2936 745 2998 τοὺς
772 2935 995 2999 αἰῶνας.

476 3024 613 3077 Ῥεἰο
625 3042 713 3095 ρον
738 3026 929 3079 ίάσεων
955 3029 1088 3097 ἡμῖν
1132 3028 1371 3093 ἀεννάως
1409 3031 1520 3091 τοῖς
1544 3030 1773 3093 πιστοῖς,
1796 3027 1955 3099 ἁγνὴ,

398 3116 682 3185 πηγάζεις,
718 3110 779 3170 οὗ
818 3119 915 3189 τὴν
960 3119 1193 3192 ἄφθορον
1222 3122 1380 3192 χάριν
1413 3120 1826 3193 ἀπορῤυόμενοι,
1853 3123 1957 3191 ύμ-

398 3208 593 3278 νοῦμεν
643 3209 734 3261 τὸν
781 3211 937 3263 τόκον
972 3229 1085 3276 σου,
1120 3214 1404 3285 ’Ἄχραντε,
1450 3212 1540 3266 καὶ
1571 3212 1953 3284 ύπερυψοῦμεν

396 3300 476 3362 εἰς
491 3299 694 3363 πάντας
724 3302 847 3364 τοὺς
878 3301 1097 3366 αἰῶνας.

482 3391 689 3455 Ἀλλος.
728 3392 892 3446 Ἰνδάλ
899 3411 1084 3463 ματος.

478 3480 725 3549 Ζοοῦμεν
756 3480 1012 3546 εὐσεϐῶς,
1048 3483 1142 3536 καὶ
1173 3482 1464 3555 δοξάζομεν
1518 3486 1776 3557 ὁμότιμον
1828 3486 1955 3558 μίαν

396 3568 574 3637 φύσιν,
605 3570 1034 3642 ἀπειροδύναμον
1091 3574 1311 3627 Μονάδα
1356 3593 1414 3627 τε
1460 3576 1553 3628 καὶ
1585 3576 1808 3647 Τριάδα,
1857 3578 1955 3648 τὴν

394 3658 572 3712 πάντα
618 3660 789 3714 ταῦτα
831 3661 1008 3727 λόγοις
1054 3662 1406 3733 κυϐερνῶσαν
1452 3666 1772 3732 κρείττοσιν·
1814 3666 1955 3719 οὕτω

393 3748 501 3818 γάρ
527 3748 764 3815 δοξάζειν
789 3753 837 3803 οἱ
857 3756 1003 3823 τρεῖς
1018 3751 1264 3823 θεοφόροι
1292 3755 1692 3824 παρεγγυῶσιν,
1721 3750 1801 3819 οἷς
1823 3772 1956 3826 συμ-

393 3841 800 3912 προσκυνοῦμεν
826 3844 996 3914 αὐτὴν
1024 3844 1103 3907 εἰς
1124 3844 1249 3906 τοὺς
1272 3844 1492 3908 αἰῶνας.

472 3931 773 4002 ενώθησαν
818 3936 865 3986 οἱ
919 3938 1068 4005 τρεῖς
1120 3935 1453 4007 θεοκήρυκες
1500 3935 1797 4001 ἑνώσαντες
1856 3938 1954 4009 τὴν
2032 3978 2035 3983 η

362 4008 616 4091 ¹Τριάδα,
654 4026 745 4077 καὶ
770 4026 830 4078 τὸ
868 4027 1158 4097 ἀμέριστον
1212 4029 1269 4080 ὲν
1322 4030 1455 4081 πᾶσι
1488 4029 1845 4101 τετηρηκότες

394 4112 513 4183 θείᾳ
540 4116 716 4183 φύσει,
758 4118 885 4187 μίαν
933 4121 1060 4189 παρ’
1110 4121 1277 4190 αὐτῆς
1327 4120 1613 4174 ἀντέλαϐον
1660 4122 1952 4191 ἀμέριστον

391 4204 565 4270 δόξαν,
622 4210 701 4271 εἰς
754 4208 974 4263 ἔπαινον
1026 4211 1123 4264 ἕνα
1158 4211 1599 4282 συγκαλουμένην
1621 4214 1745 4276 τοὺς
1780 4213 1949 4282 ὑπερ-

392 4295 656 4362 υψοῦντας
680 4298 847 4369 αὐτὴν
874 4302 953 4363 εἰς
971 4301 1096 4366 τοὺς
1128 4302 1348 4365 αἰῶνας.
1648 4303 1950 4357 Θεοτόκιον.

474 4470 673 4561 >αϐὼν
719 4472 779 4525 τὸ
832 4473 955 4525 καθ’
994 4476 1141 4546 ἡμᾶς
1192 4475 1433 4541 ἀντιδούς
1480 4496 1540 4532 τε
1588 4479 1649 4531 τὸ
1702 4481 1895 4533 οἰκεῖον
1922 4484 1949 4534 6
1982 4508 2026 4561 D

386 4560 695 4632 εὐεργέτης,
737 4562 925 4634 ἔδρασε
974 4565 1151 4634 μόνον,
1203 4568 1302 4620 ούκ
1348 4568 1514 4621 ἔπαθε
1570 4570 1643 4635 δὲ,
1687 4571 1947 4641 Παρθένε’

388 4654 532 4702 ποιεῖ
563 4651 692 4722 γὰρ,
722 4653 836 4706 ἀλλ’
866 4656 966 4708 οὐκ
1016 4658 1096 4720 εἰς
1146 4658 1349 4729 φθορὰν
1384 4659 1725 4724 καθίσταται,
1754 4662 1951 4731 μᾶλλον

388 4738 443 4792 δὲ
476 4742 567 4794 καὶ
587 4744 809 4813 πάσχων
835 4746 975 4800 ἑκὼν
1015 4749 1102 4801 διὰ
1134 4750 1338 4814 πάθους
1364 4751 1431 4804 τὰ
1453 4752 1598 4822 πάθη
1632 4752 1768 4820 λύει,
1796 4756 1870 4818 ὡς
1902 4756 1950 4807 οἰ

385 4832 531 4900 τρεῖς
553 4833 795 4904 Πατέρες
824 4839 970 4908 ἡμᾶς
1000 4840 1459 4908 μυσταγωγοῦσιν.

454 5108 669 5173 ⁸Ἄλλος.
726 5111 1117 5176 Επταπλασίως
1143 5115 1388 5184 κάμινον.

455 5195 561 5262 Οὓς
589 5200 619 5252 6
647 5198 779 5263 Θεὸς
818 5204 1119 5272 συνήνωσεν
1137 5205 1216 5265 εἰς
1243 5205 1497 5277 ὁμότιμον
1530 5208 1739 5276 ἕνωσιν,
1779 5212 1949 5277 ἐγκω-

386 5290 618 5361 μιαστής
666 5292 741 5363 μὴ
768 5293 1044 5363 χωριζέτω
1071 5294 1372 5366 ἄνθρωπος’
1405 5298 1517 5349 ἀλλ’
1548 5299 1692 5362 ἴσους
1711 5300 1945 5370 ἡγούμε-

382 5396 474 5443 νος
498 5383 554 5433 ὲν
582 5385 692 5446 τοῖς
721 5384 901 5447 αὐτοῖς
940 5386 1295 5456 χαρίσμασιν,
1332 5389 1460 5443 ἰσων
1493 5390 1713 5443 καὶτῶν
1767 5391 1951 5461 ὓμνων

384 5469 634 5540 μελῳδῶν
682 5473 928 5537 ἀξιούτω·
963 5476 1014 5528 οἱ
1049 5478 1253 5541 παῖδες,
1298 5478 1587 5546 εὐλογεῖτε·
1648 5483 1831 5551 ἱερεῖς,
1856 5484 1947 5535 ἀν-

379 5564 624 5633 υμνεῖτεο
659 5562 795 5632 λαοὶ,
828 5567 1166 5638 ύπερυψοῦτε
1194 5572 1271 5632 εἰς
1296 5571 1500 5634 πάντας
1525 5573 1648 5635 τοὺς
1664 5572 1882 5637 αἰῶνας.

453 5740 755 5796 Οἱδυνατοὶ
801 5745 894 5799 καὶ
939 5748 1141 5814 ἄμαχοι
1186 5748 1283 5818 τῆς
1324 5750 1589 5820 Θεότητος
1650 5750 1951 5821 σύμμαχοι,

2064 1930 2334 1984 caminum
2365 1931 2503 1999 ignis
2537 1927 2856 1992 descendit,
2913 1932 2967 1980 et
2997 1924 3268 1979 ﬂammam
3295 1921 3520 1976 mutavit
3568 1920 3625 1975 in

2062 2035 2264 2085 rorem,
2294 2019 2530 2084 laudate,
2557 2027 2616 2074 ut
2658 2017 2942 2073 Dominum
2962 2056 2978 2085 ,
3006 2024 3062 2070 et
3090 2013 3484 2084 superexaltate
3504 2026 3627 2067 eum

2061 2113 2112 2169 in
2135 2112 2316 2168 omnia
2341 2110 2556 2167 saecula.

2129 2202 2344 2259 Turrim
2397 2202 2727 2259 fortitudinis
2766 2215 3037 2265 securam,
3092 2207 3146 2256 et
3178 2198 3536 2269 crepidinem,
3573 2205 3628 2252 et

2062 2295 2362 2351 custodiam
2394 2302 2451 2350 et
2479 2293 2850 2350 defensionem
2876 2291 3215 2362 possidentes
3244 2297 3317 2354 te,
3346 2303 3443 2359 per
3467 2286 3626 2344 (idem

2062 2402 2204 2443 nunc
2230 2401 2533 2444 servamur.
2572 2385 2880 2441 Laudamus
2905 2393 3085 2439 autem
3120 2389 3335 2453 partum
3366 2388 3540 2444 tuum,
3594 2394 3629 2432 ο

2061 2492 2259 2549 expers
2292 2476 2542 2545 maculae,
2569 2484 2625 2533 et
2681 2473 3146 2547 superexaltamus
3196 2471 3250 2526 in
3285 2469 3465 2538 omnia
3522 2483 3625 2524 sae-

2063 2570 2206 2628 cula.

2130 2658 2555 2716 lmmortalitatis
2598 2657 2801 2714 fontem
2840 2654 3165 2724 pellucidum
3199 2654 3627 2710 novimus"esse

2064 2756 2138 2818 te,
2168 2748 2263 2803 Dei
2289 2747 2564 2813 Genitrix,
2590 2755 2651 2802 ut
2673 2761 2793 2817 quae
2819 2744 3053 2816 genuisti
3086 2743 3264 2799 Patris
3305 2744 3626 2799 immortalis

2061 2837 2320 2908 Verbum,
2356 2838 2500 2908 quod
2528 2844 2703 2893 morte
2740 2834 2938 2891 liberat
2982 2847 3173 2891 omnes
3205 2832 3299 2903 qui
3328 2832 3503 2903 ipsum
3529 2848 3624 2889 su-

2058 2931 2401 3002 perexaltant
2430 2931 2485 2987 in
2514 2928 2731 2987 saecula.

2127 3022 2295 3079 Nobis
2339 3021 2583 3078 ﬁdelibus
2609 3061 2625 3089 ,
2674 3020 2818 3077 velut
2856 3034 2923 3076 ex
2971 3028 3228 3090 perpetuo
3252 3020 3421 3086 fonte,
3447 3031 3624 3075 enun-

2061 3114 2143 3170 dis
2172 3113 2393 3170 medelas
2430 3112 2661 3180 ﬂumen;
2698 3112 2852 3181 cujus
2901 3112 3176 3183 impolluta
3220 3112 3393 3181 gratia
3429 3109 3619 3175 abluti,

2060 3217 2092 3259 ο
2123 3202 2565 3267 incontaminata,
2604 3201 2885 3256 laudemus
2910 3209 3123 3271 partum
3151 3210 3321 3265 tuum,
3356 3211 3410 3256 et
3433 3214 3622 3269 super-

2057 3294 2357 3351 eaaltamus
2380 3294 2435 3348 in
2466 3293 2648 3348 omnia
2672 3291 2886 3347 saecula.

2127 3385 2250 3442 196.
2285 3384 2458 3450 Alius,
2487 3386 2648 3451 sicut,
2695 3384 3045 3456 Ἰνδάλματος.

2140 3484 2221 3535 [ιιι
2243 3476 2584 3547 agnoscimus
2635 3475 2742 3546 pie,
2783 3487 2837 3532 et
2863 3476 3230 3546 gloriﬁcamus
3276 3490 3437 3529 unam
3486 3476 3624 3545 ejus-

2056 3570 2177 3626 dem
2203 3568 2427 3626 honoris
2450 3582 2697 3624 naturam
2727 3609 2742 3635 ,
2776 3569 2998 3624 inﬁnitae
3046 3568 3302 3639 potentiae
3357 3569 3617 3623 unitatem

2056 3672 2110 3718 et
2130 3661 2486 3728 Trinitatem;
2519 3676 2639 3730 quae
2666 3662 2783 3717 baac
2816 3662 2999 3716 omnia
3046 3660 3312 3729 gubernat
3341 3700 3357 3727 ,
3388 3675 3451 3715 ac
3481 3672 3619 3715 nutu

2057 3760 2270 3821 torquet
2295 3766 2413 3807 suo.
2470 3749 2560 3806 Sic
2592 3752 2738 3806 enim
2763 3751 2959 3806 docent
2995 3759 3103 3804 tres
3140 3749 3218 3803 illi
3250 3750 3462 3815 deiferi,
3496 3753 3615 3821 qui-

2053 3840 2277 3896 buscum
2300 3854 2420 3895 eam
2451 3840 2734 3893 adoramus
2767 3839 2820 3893 in
2843 3837 3055 3893 saecula.

2136 3940 2291 3988 munt
2325 3931 2557 3986 maxime
2600 3930 2733 3984 uniti
2770 3931 2911 3984 inter
2963 3944 3020 3985 se
3057 3939 3166 3984 tres
3194 3930 3273 3984 illi
3298 3930 3463 3986 divini
3488 3948 3618 4001 prm-

2054 4037 2217 4079 cones
2246 4023 2338 4094 qui
2368 4024 2656 4078 univerunt
2687 4020 3028 4087 Trinitatem,
3053 4031 3106 4077 et
3128 4023 3181 4076 in
3212 4023 3466 4079 omnibus
3503 4040 3615 4080 ser-

2054 4126 2314 4171 vaverunt
2348 4116 2541 4171 divinae
2566 4124 2772 4169 natura:
2802 4114 3173 4180 individuum;
3225 4116 3292 4171 ab
3322 4131 3492 4185 eaque
3526 4117 3609 4173 id-

2052 4207 2200 4262 circo
2256 4216 2577 4276 receperunt
2633 4221 2792 4261 unam
2840 4215 2894 4262 et
2929 4206 3213 4262 indivisam
3265 4207 3524 4277 gloriam,
3560 4211 3619 4264 in

2052 4314 2157 4367 qua
2192 4301 2257 4353 ad
2294 4315 2456 4353 unam
2484 4299 2697 4354 laudem
2735 4306 3099 4355 convocantur
3148 4300 3621 4369 superexaltantes

2054 4384 2371 4441 Trinitatem
2408 4388 2459 4441 in
2488 4388 2704 4443 saecula.
3369 4388 3621 4447 Mariale.

2139 4479 2321 4534 acilius
2353 4480 2445 4534 Dei
2474 4495 2599 4549 erga
2633 4496 2729 4534 nos
2763 4480 3057 4545 beneficus,
3099 4491 3349 4551 operatus
3394 4493 3478 4538 est
3530 4500 3617 4538 so-

2055 4570 2183 4636 lum,
2219 4586 2324 4623 non
2371 4581 2553 4624 autem
2601 4585 2794 4638 passus
2848 4573 3165 4640 quidquam,
3196 4588 3228 4627 o
3253 4573 3452 4649 Virgo,
3489 4574 3613 4627 dum

2054 4662 2344 4729 assumpsit
2394 4662 2537 4731 quod
2592 4672 2839 4717 nostrum
2887 4670 2941 4716 et
2995 4664 3231 4718 reddidit
3287 4664 3429 4733 quod
3492 4676 3613 4719 erat

2053 4769 2230 4807 suum.
2260 4752 2413 4807 Facit
2439 4753 2604 4818 enim,
2640 4754 2734 4808 sed
2766 4768 2871 4808 non
2905 4756 3137 4809 incurrit
3161 4756 3561 4825 corruptionem
3593 4777 3605 4810 :

2053 4845 2178 4913 quin
2205 4846 2379 4914 potius
2401 4846 2705 4914 passionem
2736 4844 2903 4900 libere
2925 4847 3213 4910 sustinens,
3233 4848 3335 4902 hac
3362 4848 3472 4917 ipsa
3496 4863 3610 4917 pas-

2052 4937 2232 4990 siones
2260 4945 2472 4991 nostras
2496 4936 2761 5002 dissolvit,
2788 4937 3239 5005 quemadmodum
3261 4948 3373 4996 tres
3407 4940 3487 4995 illi
3511 4941 3609 4997 Pa.

2053 5034 2161 5079 tres
2185 5041 2281 5080 nos
2313 5034 2497 5082 sancte
2515 5026 2726 5083 docent.

2121 5117 2297 5183 Alius,
2326 5119 2484 5185 sicut,
2529 5117 2947 5182 Ἑπταπλασίως
2972 5119 3225 5189 κάμινον.

2126 5209 2249 5264 197.
2311 5209 2464 5276 Quod
2514 5208 2654 5264 Deus
2691 5209 2973 5277 conjunxit
3009 5212 3289 5280 mqualiter
3333 5212 3609 5269 honoran-

2053 5302 2168 5365 dos,
2201 5300 2362 5353 bomo
2408 5298 2654 5353 laudator
2715 5313 2821 5352 non
2856 5309 3102 5368 separet;
3157 5302 3250 5356 sed
3296 5302 3449 5357 donis
3500 5321 3610 5359 cu:-

2052 5392 2278 5447 lestibus
2337 5406 2496 5458 pares
2553 5405 2649 5446 eos
2710 5392 3073 5457 existimans,
3127 5394 3342 5462 paribus
3398 5412 3609 5465 quoque

2050 5483 2303 5552 dignetur
2360 5481 2665 5551 praeconiis.
2724 5480 2907 5548 Pueri,
2952 5484 3288 5550 benedicite;
3351 5490 3609 5541 sacerdo-

2051 5583 2151 5641 tes,
2185 5572 2487 5637 celebrate;
2520 5571 2720 5641 populi,
2763 5574 3178 5641 superexaltate,
3219 5576 3274 5631 in
3299 5580 3479 5634 omnia
3512 5597 3612 5636 saa-

2050 5665 2186 5719 cula.

2121 5755 2371 5813 Potentes
2422 5766 2475 5813 et
2526 5758 2707 5813 invicti
2774 5757 3082 5819 Divinitatis
3144 5760 3497 5833 defensores,
3554 5782 3625 5823 et-
