4076 6226
462 412 682 456 “CLXIV

1811 393 2338 457 PROLEGOMENA.

469 516 717 572 veritatis
770 515 970 573 sincert
1002 514 1241 587 patroni,
1279 513 1545 585 profunda
1594 494 1828 585 Spiritus
1876 523 2024 569 recte

2127 506 2345 577 καὶτῆς
2380 502 2636 573 ἀληθείας
2684 501 2932 573 ἀψευδεῖς
2965 501 3272 572 συνήγοροι,
3301 499 3370 554 τὰ
3415 500 3549 571 βάθη
3606 498 3711 554 τοῦ

461 606 708 671 scrutati,
742 605 1045 662 sententias
1074 605 1187 662 Deo
1241 615 1635 661 consentaneas
1676 604 1945 671 astruitis,
1975 612 2032 658 et

462 698 591 755 hinc
640 697 848 754 docetis
892 697 1170 769 psallere:
1234 696 1462 769 Populi,
1517 697 1917 754 sunerexaltate
1974 697 2028 750 in

457 788 641 843 omnia
676 788 896 844 saecula.
1207 790 1210 793 ’

532 960 649 1017 Duo
687 961 923 1017 maxima
967 960 1276 1028 luminaria,
1312 960 1542 1032 positum
1587 961 1690 1016 sub
1722 959 1836 1017 sole
1875 975 2030 1015 mun-

458 1050 589 1107 dum
616 1052 686 1108 de
720 1053 861 1110 caelo
890 1052 1196 1109 illuminant
1218 1052 1545 1108 alternatim.
1566 1051 1642 1106 De
1664 1061 1809 1106 terra
1847 1059 2025 1107 autem

460 1151 753 1199 coruscant
780 1143 884 1199 tria
911 1158 1072 1215 supra
1102 1143 1319 1199 modum
1360 1144 1626 1198 immensa
1659 1142 1886 1209 lumina,
1910 1144 2026 1197 col-

462 1230 697 1288 ittcentia
726 1243 784 1288 et
835 1234 999 1289 simul
1028 1233 1347 1304 psallentis:
1379 1230 1792 1303 Superexaltate
1812 1272 1830 1298 ,
1856 1248 1890 1287 ο
1932 1248 2027 1298 po-

461 1323 596 1394 puli,
629 1325 901 1382 Christum
935 1327 989 1382 in
1013 1326 1228 1383 saecula.
1778 1324 2023 1381 Mariale.

578 1512 762 1573 ropter
809 1518 906 1560 nos
955 1502 1253 1559 incarnatio
1291 1512 1419 1570 est,
1455 1510 1510 1558 et
1546 1517 1724 1573 passm
1770 1503 2023 1573 pretiosa.

461 1593 690 1664 Propter
718 1609 818 1649 nos
859 1609 979 1649 cum
1029 1594 1258 1650 mortuis
1285 1594 1388 1650 fuit
1416 1595 1559 1650 Deus
1590 1634 1606 1661 ,
1640 1604 1867 1651 mortem
1899 1594 2010 1665 qui-

464 1686 585 1737 dem
614 1691 833 1753 gustare
857 1685 1092 1750 nescius,
1125 1685 1268 1741 sicut
1289 1700 1389 1741 nec
1418 1683 1659 1740 dolorem
1712 1683 1900 1748 alium,
1929 1683 2024 1738 sed

463 1791 559 1843 per
574 1777 754 1832 carnis
787 1777 1030 1834 mortalis
1060 1778 1498 1834 communionem
1540 1776 1714 1832 factus
1754 1778 2025 1846 particeps

461 1877 516 1920 et
542 1866 742 1922 doloris
762 1876 818 1922 et
849 1869 1059 1925 mortis.
1085 1869 1266 1937 Quare
1313 1884 1436 1925 eum
1478 1868 1947 1940 superexaltamus
1971 1869 2023 1923 in

458 1957 637 2013 omnia
661 1957 873 2014 saecula.
1718 1958 2021 2015 Catabasia.

532 2138 589 2196 In
641 2140 820 2213 ignem
862 2142 1253 2200 intolerabilem
1292 2141 1520 2210 coniecti
1563 2142 1636 2212 pii
1689 2156 1817 2215 erga
1859 2143 2027 2199 Deum

456 2227 701 2299 juvenes,
752 2247 782 2286 a
808 2230 1020 2287 ﬂamma
1057 2247 1187 2288 vero
1218 2247 1323 2288 non
1363 2232 1497 2298 laesi,
1532 2233 1773 2289 divinum
1804 2249 2024 2289 carmen

459 2321 729 2377 canebant
766 2341 779 2378 :
824 2322 1153 2391 Benedicite,
1177 2325 1364 2381 omnia
1420 2339 1583 2394 opera
1646 2324 1883 2393 Domini,
1911 2325 2021 2381 Do-

461 2427 631 2468 Intno.

1004 2546 1140 2604 ODE
1166 2548 1218 2603 9.
1252 2548 1488 2606 Hirmus.

531 2636 654 2693 {98.
701 2638 780 2695 Ex
822 2637 934 2695 Deo
965 2639 1131 2695 Deum
1175 2639 1432 2706 Verbum,
1486 2641 1628 2711 quod
1662 2643 2026 2712 inexplicabili

458 2730 726 2799 sapientia
754 2730 904 2785 venit
919 2730 986 2785 ad
1017 2732 1381 2787 innovandttm
1402 2733 1689 2800 Adamnm,
1720 2749 1820 2807 per
1842 2737 2023 2792 cibum

460 2822 822 2891 corruptionis
852 2823 1090 2894 graviter
1140 2826 1346 2893 lapsum
1372 2863 1387 2888 ,
1432 2827 1684 2896 quodque
1714 2842 1784 2883 ex
1839 2836 2023 2881 sancta

461 2913 684 2985 Virgine
730 2913 1077 2970 ineﬂ‘abiliter
1129 2916 1471 2971 incarnatttm
1522 2928 1607 2974 est
1637 2927 1859 2989 propter
1900 2933 2023 2983 nos.

456 3005 700 3061 unanimi
724 3015 886 3062 cantu
910 3006 1320 3077 magniﬁcamus
1346 3006 1550 3064 ﬁdeles.

531 3114 589 3172 In
619 3127 692 3184 te,
737 3116 899 3190 Virgo
938 3119 1273 3183 beatissima,
1313 3134 1463 3189 spem
1512 3134 1687 3175 meam
1722 3133 1937 3173 omnem
1962 3118 2026 3173 li-

2131 593 2447 663 Πνεύματος
2479 590 2659 656 καλῶς
2712 591 3188 663 ἀνερευνήσαντες,
3231 591 3331 653 τὰς
3377 589 3710 663 θεοπρεπεῖς

2131 683 2260 753 περὶ
2289 680 2423 735 Θεοῦ
2459 680 2751 752 ὑπολήψεις
2804 680 3012 734 ἐκεῖθεν
3064 678 3373 743 συνιστῶσι,
3423 680 3517 732 καὶ
3552 680 3712 733 διδά-

2131 791 2318 827 σκουσι
2346 772 2586 842 ψάλλειν·
2629 772 2784 839 Λαοὶ,
2831 769 3169 841 ύπερυψοῦτε
3202 771 3280 834 είς
3330 769 3534 832 πάντας
3570 773 3708 835 τοὺς

2128 865 2352 927 αἰῶνας.
2395 892 2408 907 ι

2214 950 2306 1017 Ἐξ
2350 950 2577 1022 ούρανοῦ
2631 949 2730 1023 μὲν
2765 949 3011 1023 μέγιστοι
3042 950 3136 1004 δύο
3162 948 3345 1021 λύχνοι
3372 949 3707 1020 φωτίζουσιν

2127 1044 2192 1098 ὲκ
2216 1042 2469 1115 διαδοχῆς
2501 1043 2744 1117 ἀλλήλων
2784 1042 2883 1112 τὴν
2923 1041 3167 1114 ι’)ιρήλιον⁹
3209 1042 3273 1096 ὲκ
3310 1041 3410 1112 γῆς
3439 1040 3495 1093 δὲ
3533 1041 3706 1110 φανό-

2125 1152 2284 1209 τερον
2330 1137 2431 1210 τὴν
2473 1136 2766 1208 σύμπασαν
2794 1132 3091 1204 αύγάζουσι
3142 1135 3294 1206 τρεῖς
3336 1132 3474 1186 κατὰ
3502 1132 3705 1185 ταυτὸν

2127 1228 2524 1300 ὑπερμεγέθεις
2556 1227 2864 1301 φωστῆρες,
2896 1226 3296 1297 συλλάμποντες
3319 1224 3584 1296 ἀλλήλοις,
3601 1224 3706 1276 καὶ

2128 1320 2529 1392 συμψάλλοντες
2585 1322 2722 1393 ἅμα·
2755 1319 2910 1386 Λαοὶ,
2946 1318 3286 1390 ύπερυψοῦτε
3341 1316 3572 1389 Χριστὸν
3616 1318 3717 1380 εἰς’

2124 1415 2251 1478 τοὺς
2271 1413 2492 1478 αἰῶνας.
3391 1407 3699 1463 Θεοτόκιον.

2209 1503 2378 1574 Ὑπὲρ
2421 1500 2577 1574 ἡμῶν
2605 1503 2640 1574 ἡ
2684 1500 2957 1572 σὰρκωσις
2996 1497 3091 1553 καὶ
3137 1497 3208 1553 τὰ
3246 1497 3391 1568 πάθη
3420 1498 3487 1552 τὰ
3514 1498 3700 1569 τίμια·

2124 1594 2355 1666 δι’ἡμᾶς
2379 1593 2511 1658 Θεὸς
2529 1592 2665 1665 μετὰ
2680 1591 2887 1663 νεκρῶν
2903 1591 3136 1660 ἐγένετο,
3161 1590 3389 1647 θανάτου
3419 1590 3515 1662 μὲν
3537 1591 3708 1660 ἄγευ-

2128 1703 2271 1751 στος,
2293 1683 2382 1740 οἶα
2409 1685 2597 1741 παθῶν
2614 1683 2918 1755 ἐλεύθερος,
2947 1685 3013 1756 τῇ
3044 1683 3101 1737 δὲ
3124 1683 3261 1755 πρὸς
3276 1681 3375 1754 τὴν
3399 1682 3577 1753 σάρκα
3597 1683 3708 1754 τὴν

2127 1775 2327 1849 θνητὴν
2359 1775 2617 1847 κοινωνίᾳ
2671 1773 2961 1845 λεγόμενος
3006 1773 3102 1827 καὶ
3154 1773 3360 1839 πάθους
3410 1775 3707 1844 μετασχεῖν

2056 1900 2099 1956 Β
2129 1868 2221 1923 καὶ
2247 1868 2496 1924 θανάτου·
2536 1868 2654 1941 μεθ’
2682 1862 2750 1939 ἧς
2785 1865 3170 1939 ὐπερυψοῦμεν
3200 1867 3281 1932 είς
3308 1865 3536 1956 πάνταςᾷ
3570 1869 3707 1956 τοὺς

2128 1962 2346 2027 αἰῶνας.
3349 1954 3701 2013 Καταδασία.

2210 2138 2480 2210 Ἀστὲκτῳ
2518 2139 2653 2212 πυρὶ
2696 2138 2982 2202 ὲνωθέντες
3005 2139 3054 2192 oi
3091 2137 3401 2203 θεοσεϐείας
3426 2136 3717 2220 προεστιῖν.

2124 2247 2218 2294 τες
2243 2229 2470 2295 νεανίαι,
2496 2233 2561 2302 τῇ
2588 2230 2746 2300 φλογὶ
2774 2230 2831 2284 δὲ
2878 2231 2952 2302 μὴ
2979 2229 3335 2303 λωϐηθέντες,
3362 2228 3503 2283 Θείον
3531 2229 3709 2300 ὕμνον

2125 2320 2380 2393 ἔμελπον·
2434 2320 2743 2391 Εὕλογεῖτε,
2772 2323 2980 2393 ,πάντα
3026 2322 3094 2376 τὰ
3142 2322 3278 2395 ἔργα
3324 2323 3550 2395 Κυρίου.
3610 2321 3707 2376 τὸν

2122 2410 2346 2466 Κύριον.

2618 2549 2751 2620 ῼΔΗ
2787 2550 2854 2602 θ’.
2910 2550 2967 2602 '0
2994 2549 3201 2621 εἱρμός.

2191 2639 2297 2695 Τὸν
2345 2641 2409 2694 ὲκ
2440 2639 2575 2695 Θεοῦ
2600 2641 2733 2694 Θεὸν
2755 2641 2944 2710 Λόγον,
2982 2640 3076 2696 τὸν
3097 2642 3321 2714 ἀρρήτῳ
3526 2640 3703 2711 ήκότα

2122 2731 2517 2802 καινουργῆσαι
2545 2731 2637 2784 τὸν
2671 2730 2860 2802 ’Δδάμ,
2894 2729 3094 2802 βρώσει
3128 2730 3331 2802 φθορᾶς
3369 2727 3702 2782 πεπτωκότα

2123 2822 2331 2891 δεινῶς,
2378 2824 2438 2889 ἐξ
2487 2824 2648 2893 ἁγίας
2679 2823 2955 2895 Παρθένου
3006 2823 3299 2895 ἀφράστως
3344 2822 3702 2896 σαρκωθέντα

2123 2918 2189 2971 δι’
2221 2918 2388 2988 ἡμᾶς,
2415 2916 2465 2969 οἱ
2514 2919 2695 2970 πιστοὶ
2742 2915 3058 2988 ὁμοφρόνως
3109 2917 3169 2969 ὲν
3220 2915 3411 2987 ὕμνοις
3458 2913 3698 2986 μεγαλύ-

2124 3023 2308 3078 νομεν.

2197 3118 2607 3191 Θεομακᾶριστε
2682 3121 2857 3193 Κόρη,
2935 3119 3033 3191 τὴν
3103 3119 3293 3175 ἐλπίδα
3351 3136 3454 3190 μου
3517 3121 3704 3172 πᾶσαν

461 3209 653 3264 benter
683 3209 921 3276 colloco;
949 3224 1102 3264 serva
1137 3224 1246 3275 me,
1266 3210 1438 3265 Mater
1456 3224 1597 3265 verae
1622 3211 1774 3269 vitae:
1802 3217 1859 3264 et
1879 3218 2023 3278 pete,

2130 3212 2424 3284 προθύμως
2470 3212 2765 3285 ἀνατίθημι
2809 3214 2868 3267 ὲν
2915 3215 3016 3267 σοί·
3050 3213 3221 3266 σῶσόν
3265 3230 3351 3283 με,
3380 3212 3567 3282 Μῆτερ
3597 3212 3705 3282 τῆς

465 3313 502 3354 o
528 3309 698 3368 casta,
728 3303 950 3372 perenni
976 3304 1170 3372 gaudio
1195 3303 1404 3372 impleri
1440 3319 1538 3360 eos
1568 3304 1659 3375 qui
1692 3319 1813 3359 cum
1840 3302 1944 3359 ﬁde
1971 3309 2024 3358 et

2128 3300 2297 3366 ὅντως
2334 3302 2496 3373 ζωῆς·
2533 3303 2626 3356 καὶ
2650 3303 2863 3376 τρυφῆς
2891 3302 3114 3356 ἀεννάου
3143 3301 3448 3374 πλησθῆναι
3477 3301 3701 3355 καθικέ-

463 3390 732 3448 tlesiderio
757 3402 809 3448 te
843 3393 1073 3449 canticis
1103 3393 1473 3466 magniﬁcam.

530 3570 716 3643 Virgo-
748 3573 1108 3631 illustrissima
1136 3616 1152 3642 ,
1185 3575 1350 3644 janua
1404 3576 1568 3632 divini
1614 3576 1851 3639 luminis.
1908 3575 2029 3630 illu-

460 3667 609 3722 mina
641 3669 833 3722 animae
870 3684 1005 3726 meae
1038 3671 1324 3742 caliginem
1383 3670 1720 3741 spiritalibus
1759 3670 1894 3723 lucis
1922 3675 2027 3724 tuae

460 3757 650 3814 radiis.
686 3759 754 3814 Et
790 3769 934 3829 pete,
963 3776 999 3817 ο
1034 3772 1203 3829 casta,
1235 3761 1457 3831 perenni
1490 3761 1613 3831 igne
1655 3759 1874 3815 liberari
1909 3772 2024 3825 eos,

460 3849 553 3919 qui
583 3864 703 3905 cum
738 3849 843 3906 ﬁde
866 3861 920 3907 et
952 3853 1218 3910 desiderio
1246 3862 1299 3909 te
1326 3851 1554 3908 canticis
1587 3850 1949 3922 magniﬁcam.

1784 3944 2028 4003 Mariale.

531 4030 702 4097 Quem
728 4029 890 4087 Pater
931 4030 1125 4087 Filium
1167 4046 1235 4087 ex
1272 4041 1429 4087 utero
1458 4041 1584 4088 ante
1606 4033 1799 4089 saecula
1824 4036 2030 4104 genuit,

462 4123 511 4178 is
549 4123 604 4177 in
632 4132 724 4177 tuo
745 4123 998 4178 habitans
1049 4130 1203 4177 utero
1228 4123 1408 4177 factus
1437 4133 1519 4178 est
1541 4125 1811 4194 perfectus
1834 4126 2028 4193 homo;

461 4223 518 4270 et
551 4224 604 4271 te
626 4253 645 4282 ,
681 4215 911 4285 Deipara
937 4253 954 4279 ,
987 4212 1193 4269 fontem
1243 4216 1538 4286 gratiarum
1572 4219 1810 4273 ostendit
1854 4219 2030 4285 nobis,

462 4305 556 4375 qui
615 4306 844 4362 ﬁdeliter
898 4299 1187 4363 adoramus
1248 4306 1596 4362 ineffabilem
1649 4317 1794 4363 tuam
1841 4323 2034 4381 proge-

459 4400 625 4457 hiem.

532 4508 658 4565 199.
684 4508 855 4576 Alius,
882 4510 1044 4574 sicut,
1086 4509 1347 4582 Ἀνάρχου
1379 4513 1722 4585 γεννήτορος.

2128 3409 2273 3455 τευε,
2309 3392 2471 3463 ἁγνὴ,
2514 3392 2641 3457 τοὺς
2661 3396 2719 3447 ὲν
2745 3394 2925 3447 πίστει
2967 3392 3060 3447 καὶ
3092 3393 3242 3465 πόθῳ
3281 3410 3338 3447 σε
3370 3393 3555 3465 ὕμνοις
3595 3410 3701 3463 με-

2129 3482 2478 3552 γαλύνοντας.

2211 3577 2564 3646 Ἐπιφανεῖσα
2612 3577 2878 3649 Παρθένε,
2933 3577 3035 3649 τῆς
3077 3576 3257 3648 ψυχῆς
3292 3595 3391 3649 μου
3414 3576 3503 3629 τὸν
3535 3574 3703 3644 ζόφον

2128 3669 2307 3739 φωτός
2339 3688 2433 3724 σου
2464 3673 2587 3735 ταῖς
2614 3672 2798 3735 ἀῦλοις
2827 3672 3130 3743 ἀστραπαῖς
3155 3671 3413 3742 αὕγασον,
3434 3671 3576 3740 πύλη
3600 3670 3703 3723 τοῦ

2129 3760 2274 3816 θείου
2309 3763 2505 3834 φωτός.
2540 3765 2652 3818 Καὶ
2692 3765 2865 3837 πυρὸς
2892 3764 3107 3819 αἰωνίου
3138 3764 3400 3837 ρυσθῆναι
3428 3762 3703 3829 καταξίω-

2132 3872 2244 3918 σον,
2290 3856 2451 3929 ἁγνὴ,
2494 3856 2620 3920 τοὺς
2644 3859 2701 3910 ὲν
2747 3855 2925 3911 πίστει
2946 3858 3037 3912 καὶ
3058 3856 3206 3928 πόθῳ
3229 3872 3286 3909 σε
3322 3857 3508 3928 ὕμνοις
3533 3871 3706 3925 μεγα-

2130 3945 2406 4011 λύνοντας.
3396 3946 3703 4000 Θεοτόκιον.

2213 4038 2303 4091 Ἐν
2355 4040 2423 4109 τῇ
2476 4039 2674 4111 γαστρί
2712 4055 2803 4092 σου
2853 4036 3157 4110 σκηνώσας,
3203 4039 3267 4092 ὲκ
3312 4036 3547 4109 γαστρὸς
3595 4035 3707 4107 πρὸ

2131 4126 2345 4185 αίὼνων
2376 4130 2568 4202 Πατὴρ
2594 4132 2760 4201 ὅνπερ
2786 4129 3072 4202 ἐγέννησεν
3086 4128 3217 4195 υἱὸν,
3249 4128 3453 4192 τέλειος
3481 4127 3706 4198 γέγονεν

2132 4221 2417 4293 ἄνθρωπος
2463 4225 2558 4279 καὶ
2612 4224 2794 4295 πηγὴν
2857 4222 3208 4295 χαρισμάτων
3255 4239 3335 4290 σε,
3400 4222 3701 4293 Θεομῆτορ,

2133 4313 2332 4380 ἔδειξεν
2363 4318 2513 4388 ἡμῖν,
2547 4319 2658 4380 τοῖς
2683 4315 2889 4381 πιστῶς
2924 4315 3287 4387 προσκυνοῦσι
3305 4315 3401 4387 τὴν
3425 4312 3705 4384 ἆφραστόν

2136 4424 2229 4461 σου
2252 4408 2524 4479 γέννησιν.

2213 4521 2424 4586 Ἀλλος.
2474 4521 2738 4594 Ἀνάρχου
2768 4523 3106 4596 γεννήτορος.

530 4601 832 4673 Magnifica,
871 4602 1052 4657 anima
1104 4618 1217 4659 mea
1245 4643 1262 4671 ,
1326 4604 1427 4659 tria
1476 4583 1668 4677 magna
1706 4606 1848 4662 inter
1899 4607 2024 4664 anti-

2201 4583 2539 4682 Μεγάλυνον,
2742 4583 2867 4688 μου,
2914 4583 3036 4680 τούς
3068 4583 3134 4668 *ὲν
3184 4613 3466 4687 ίεράρχαις
3488 4615 3704 4687 φωστῆ-

458 4696 614 4752 stites
645 4695 951 4752 luminaria.

544 4802 755 4858 agrum
813 4797 1054 4844 vestrum
1087 4799 1141 4845 et
1162 4790 1301 4846 ovile
1335 4793 1618 4862 respicite;
1670 4801 1891 4864 propter
1910 4806 2031 4861 quae

459 4879 729 4935 maximos
759 4878 977 4937 labores
1023 4882 1385 4939 sustinuistis.
1424 4884 1481 4938 ln
1524 4899 1688 4938 unum
1748 4894 2026 4951 coeuntes,

457 4982 556 5023 vos
595 4977 706 5024 tres
734 4969 1113 5042 coniungimus
1143 4982 1197 5027 et
1225 4973 1609 5029 suavissimam
1640 4983 1877 5029 vestram
1903 4988 2029 5027 con-

456 5057 792 5129 iunctionem
824 5077 923 5132 pro
951 5065 1235 5121 communi
1255 5066 1516 5122 habemus
1554 5066 1882 5122 laudationis
1904 5082 2019 5122 ma-

458 5154 593 5206 teria

530 5262 833 5335 Magniﬁca,
891 5269 1070 5325 anima
1120 5285 1262 5336 mea,
1314 5270 1416 5325 tria
1462 5269 1784 5326 candelabra
1840 5268 2028 5324 Eccle-

459 5356 555 5411 sia:
575 5355 800 5415 Christi.

543 5468 761 5525 chris-ti
792 5471 963 5541 gratia
1022 5474 1269 5532 hostibus
1339 5476 1455 5532 suis
1525 5475 1713 5544 objicit
1795 5475 2030 5529 machar-

458 5569 579 5611 ram
635 5575 740 5616 non
788 5563 873 5618 bis
906 5604 923 5632 ,
963 5564 1058 5621 sed
1112 5575 1196 5622 ter
1252 5577 1514 5635 acutam,
1564 5582 1732 5622 unum
1793 5567 1847 5620 in
1906 5578 2022 5620 cte-

457 5645 515 5702 lo
572 5646 893 5707 fabricatum
945 5671 1130 5713 ensem
1159 5698 1175 5725 ,
1231 5661 1429 5731 triplici
1500 5659 1794 5730 fulgentem
1846 5657 2029 5726 cuspi-

457 5738 572 5807 de;
629 5756 726 5812 pro
773 5744 985 5805 Deitate
1039 5765 1146 5807 una
1201 5760 1255 5808 et
1299 5753 1438 5810 trina
1496 5765 1712 5821 semper
1764 5749 2028 5807 dimican-

458 5840 567 5886 tem
576 5872 593 5888 .

2135 4723 2232 4778 ρας
2263 4708 2411 4778 τρεῖς
2443 4705 2731 4778 μεγάλους.

2216 4799 2362 4852 -ιδοὺ
2395 4798 2457 4852 τὸ
2495 4799 2757 4873 ὑμέτερον
2786 4799 3055 4872 γεώργιον
3111 4802 3207 4855 καὶ⁸
3261 4800 3530 4871 ποίμνιον,
3562 4800 3704 4871 ὑπὲρ

2128 4883 2190 4946 οὗ
2220 4892 2347 4954 τοὺς
2372 4891 2660 4961 μεγίστους
2684 4892 2877 4956 πόνους
2908 4893 3195 4963 ὑπέστητε·
3234 4893 3314 4955 είς
3346 4892 3401 4944 ἓν
3421 4891 3702 4945 συνελθόν-

2128 5000 2220 5046 τες
2244 4981 2379 5053 ὁμοῦ
2414 4998 2494 5047 τε,
2526 4985 2651 5046 τοὺς
2684 4985 2831 5055 τρεῖς
2851 4984 2991 5053 ὑμᾶς
3024 4981 3541 5054 συμπαραλαϐόντες
3583 4997 3701 5033 κοι-

2128 5072 2224 5143 νὴν
2252 5072 2446 5143 ἔχομεν
2466 5073 2671 5127 αῖνεσιν
2696 5072 2794 5143 τὴν
2820 5073 2972 5145 ὑμῶν
2998 5073 3218 5145 ἡδίστην
3239 5072 3449 5127 ἱνωσιν.

2198 5272 2535 5341 Μεχάλυνον,
2609 5272 2753 5343 ψυχή
2823 5289 2945 5343 μου,
2993 5273 3122 5337 τοὺς
3184 5270 3705 5343 τρισσολάμπτηρας

2127 5364 2359 5437 Χριστοῦ
2381 5365 2480 5437 τῆς
2523 5364 2864 5435 Ἐκκλησίας.

2213 5480 2302 5537 o6
2333 5479 2584 5550 δίστομον
2644 5478 2919 5548 μάχαιραν
2946 5479 2979 5547 ἠ
3013 5476 3191 5548 χάρις,
3241 5475 3375 5529 ἀλλὰ
3411 5474 3702 5546 τρίστομον

2129 5568 2271 5623 κατὰ
2296 5567 2406 5621 τῶν
2438 5566 2708 5638 πολεμίων
2734 5565 2905 5635 αὐτῆς
2950 5563 3361 5635 προσϐάλλεται·
3399 5562 3701 5632 ἓνούρανο-

2128 5660 2424 5734 χάλκευτον
2480 5658 2630 5729 ξίφος
2674 5658 2851 5729 τρισὶν
2895 5657 3101 5728 ἀκμαῖς
3132 5653 3566 5726 κατεστωμένον,
3609 5648 3701 5705 ἀεὶ

2129 5751 2543 5825 προμαχόμενον
2570 5747 2909 5820 τριλαμποῦς
2946 5748 3073 5818 μιᾶς
3095 5746 3375 5817 Θεότητος.
