  <div class='ocr_page' id='page_1' title='image "/cluster/home/n/w/nwhite01/storage/ocr_20150623/29/mdp.39015012934371/374.png"; bbox 0 0 4076 6226; ppageno 0'>
   <div class='ocr_carea' id='block_1_1' title="bbox 1439 271 2468 377">
    <p class='ocr_par' dir='ltr' id='par_1_1' title="bbox 1439 271 2468 377">
     <span class='ocr_line' id='line_1_1' title="bbox 1439 271 2468 377; baseline -0.012 0"><span class='ocrx_word' id='word_1_1' title='bbox 1439 327 1474 377; x_wconf 73' lang='grc' dir='ltr'>Α</span> <span class='ocrx_word' id='word_1_2' title='bbox 1486 323 1829 377; x_wconf 75' lang='lat' dir='ltr'><strong>C(lLUTlilA</strong></span> <span class='ocrx_word' id='word_1_3' title='bbox 1873 315 2211 375; x_wconf 81' lang='lat' dir='ltr'><strong>TRIPLICIS</strong></span> <span class='ocrx_word' id='word_1_4' title='bbox 2254 271 2468 368; x_wconf 52' lang='lat' dir='ltr'><strong>FESTI:</strong></span> 
     </span>
    </p>
   </div>
   <div class='ocr_carea' id='block_1_2' title="bbox 428 445 1991 526">
    <p class='ocr_par' dir='ltr' id='par_1_2' title="bbox 428 445 1991 526">
     <span class='ocr_line' id='line_1_2' title="bbox 428 445 1991 526; baseline -0.012 -13"><span class='ocrx_word' id='word_1_5' title='bbox 428 457 764 526; x_wconf 78' lang='grc' dir='ltr'>Μεγάλυνον,</span> <span class='ocrx_word' id='word_1_6' title='bbox 825 452 969 521; x_wconf 69' lang='grc' dir='ltr'><strong>ψυχή</strong></span> <span class='ocrx_word' id='word_1_7' title='bbox 1017 466 1143 518; x_wconf 88' lang='grc' dir='ltr'>μου.</span> <span class='ocrx_word' id='word_1_8' title='bbox 1179 448 1301 509; x_wconf 73' lang='grc' dir='ltr'>τοὺς</span> <span class='ocrx_word' id='word_1_9' title='bbox 1351 445 1762 516; x_wconf 78' lang='grc' dir='ltr'>κεκοσμηκότας</span> <span class='ocrx_word' id='word_1_10' title='bbox 1789 445 1922 513; x_wconf 84' lang='grc' dir='ltr'>Χρι-</span> <span class='ocrx_word' id='word_1_11' title='bbox 1949 445 1991 502; x_wconf 80' lang='grc' dir='ltr'><strong>Α</strong></span> 
     </span>
    </p>
   </div>
   <div class='ocr_carea' id='block_1_3' title="bbox 359 541 988 618">
    <p class='ocr_par' dir='ltr' id='par_1_3' title="bbox 359 541 988 618">
     <span class='ocr_line' id='line_1_3' title="bbox 359 541 988 618; baseline -0.021 -12"><span class='ocrx_word' id='word_1_12' title='bbox 359 551 484 606; x_wconf 83' lang='grc' dir='ltr'><strong>στοῦ</strong></span> <span class='ocrx_word' id='word_1_13' title='bbox 511 550 608 618; x_wconf 74' lang='grc' dir='ltr'>τὴν</span> <span class='ocrx_word' id='word_1_14' title='bbox 646 541 988 614; x_wconf 77' lang='grc' dir='ltr'>Ἐκκλησίαν.</span> 
     </span>
    </p>
   </div>
   <div class='ocr_carea' id='block_1_4' title="bbox 442 624 1928 711">
    <p class='ocr_par' dir='ltr' id='par_1_4' title="bbox 442 624 1928 711">
     <span class='ocr_line' id='line_1_4' title="bbox 442 624 1928 711; baseline -0.011 -18"><span class='ocrx_word' id='word_1_15' title='bbox 442 640 613 711; x_wconf 59' lang='grc' dir='ltr'>κάμῶν</span> <span class='ocrx_word' id='word_1_16' title='bbox 663 639 724 690; x_wconf 75' lang='grc' dir='ltr'><strong>τὸ</strong></span> <span class='ocrx_word' id='word_1_17' title='bbox 776 635 1076 704; x_wconf 89' lang='grc' dir='ltr'>πολίτευμα</span> <span class='ocrx_word' id='word_1_18' title='bbox 1103 632 1161 684; x_wconf 80' lang='grc' dir='ltr'>ὲν</span> <span class='ocrx_word' id='word_1_19' title='bbox 1200 630 1448 702; x_wconf 75' lang='grc' dir='ltr'>οὐρανοῖς</span> <span class='ocrx_word' id='word_1_20' title='bbox 1486 624 1810 699; x_wconf 77' lang='grc' dir='ltr'>ἦν,ἓνδοξοι,</span> <span class='ocrx_word' id='word_1_21' title='bbox 1839 626 1928 678; x_wconf 84' lang='grc' dir='ltr'><strong>καὶ</strong></span> 
     </span>
    </p>
   </div>
   <div class='ocr_carea' id='block_1_5' title="bbox 359 719 1930 804">
    <p class='ocr_par' dir='ltr' id='par_1_5' title="bbox 359 719 1930 804">
     <span class='ocr_line' id='line_1_5' title="bbox 359 719 1930 804; baseline -0.01 -18"><span class='ocrx_word' id='word_1_22' title='bbox 359 734 456 804; x_wconf 82' lang='grc' dir='ltr'>τὴν</span> <span class='ocrx_word' id='word_1_23' title='bbox 485 731 664 799; x_wconf 87' lang='grc' dir='ltr'>σάρκα</span> <span class='ocrx_word' id='word_1_24' title='bbox 694 725 1004 798; x_wconf 83' lang='grc' dir='ltr'>φορούντων</span> <span class='ocrx_word' id='word_1_25' title='bbox 1028 726 1107 788; x_wconf 83' lang='grc' dir='ltr'><strong>είς</strong></span> <span class='ocrx_word' id='word_1_26' title='bbox 1132 723 1210 776; x_wconf 71' lang='grc' dir='ltr'>ἔτι</span> <span class='ocrx_word' id='word_1_27' title='bbox 1231 721 1475 777; x_wconf 75' lang='grc' dir='ltr'>ἄσπιλον·</span> <span class='ocrx_word' id='word_1_28' title='bbox 1506 719 1599 784; x_wconf 72' lang='grc' dir='ltr'><strong>οὓς</strong></span> <span class='ocrx_word' id='word_1_29' title='bbox 1628 719 1930 791; x_wconf 81' lang='grc' dir='ltr'>εἰλικρινῶς</span> 
     </span>
    </p>
   </div>
   <div class='ocr_carea' id='block_1_6' title="bbox 360 809 1932 885">
    <p class='ocr_par' dir='ltr' id='par_1_6' title="bbox 360 809 1932 885">
     <span class='ocr_line' id='line_1_6' title="bbox 360 809 1932 885; baseline -0.011 -6"><span class='ocrx_word' id='word_1_30' title='bbox 360 826 455 878; x_wconf 81' lang='grc' dir='ltr'>νῦν</span> <span class='ocrx_word' id='word_1_31' title='bbox 486 822 780 883; x_wconf 80' lang='grc' dir='ltr'>οἰκοῦντες,</span> <span class='ocrx_word' id='word_1_32' title='bbox 805 819 928 882; x_wconf 77' lang='grc' dir='ltr'>τοὺς</span> <span class='ocrx_word' id='word_1_33' title='bbox 965 817 1057 869; x_wconf 74' lang='grc' dir='ltr'>ἐπὶ</span> <span class='ocrx_word' id='word_1_34' title='bbox 1097 816 1197 885; x_wconf 80' lang='grc' dir='ltr'><strong>γῆς</strong></span> <span class='ocrx_word' id='word_1_35' title='bbox 1233 815 1380 884; x_wconf 79' lang='grc' dir='ltr'>ἡμᾶς</span> <span class='ocrx_word' id='word_1_36' title='bbox 1427 812 1822 883; x_wconf 81' lang='grc' dir='ltr'>στρεφομένους</span> <span class='ocrx_word' id='word_1_37' title='bbox 1863 809 1932 862; x_wconf 77' lang='grc' dir='ltr'>τὰ</span> 
     </span>
    </p>
   </div>
   <div class='ocr_carea' id='block_1_7' title="bbox 362 904 1927 985">
    <p class='ocr_par' dir='ltr' id='par_1_7' title="bbox 362 904 1927 985">
     <span class='ocr_line' id='line_1_7' title="bbox 362 904 1927 985; baseline -0.008 -16"><span class='ocrx_word' id='word_1_38' title='bbox 362 919 471 970; x_wconf 85' lang='grc' dir='ltr'>ἄνω</span> <span class='ocrx_word' id='word_1_39' title='bbox 515 912 846 985; x_wconf 78' lang='grc' dir='ltr'>πρεσϐεύετε</span> <span class='ocrx_word' id='word_1_40' title='bbox 895 910 990 965; x_wconf 72' lang='grc' dir='ltr'><strong>καὶ</strong></span> <span class='ocrx_word' id='word_1_41' title='bbox 1041 911 1253 980; x_wconf 78' lang='grc' dir='ltr'>φρονεῖν</span> <span class='ocrx_word' id='word_1_42' title='bbox 1291 907 1385 960; x_wconf 79' lang='grc' dir='ltr'><strong>καὶ</strong></span> <span class='ocrx_word' id='word_1_43' title='bbox 1428 904 1927 977; x_wconf 77' lang='grc' dir='ltr'>πραγματεύεσθαι.</span> 
     </span>
    </p>
   </div>
   <div class='ocr_carea' id='block_1_8' title="bbox 361 1003 661 1060">
    <p class='ocr_par' dir='ltr' id='par_1_8' title="bbox 361 1003 661 1060">
     <span class='ocr_line' id='line_1_8' title="bbox 361 1003 661 1060; baseline -0.007 -4"><span class='ocrx_word' id='word_1_44' title='bbox 361 1003 661 1060; x_wconf 83' lang='grc' dir='ltr'>Θεοτόκιον.</span> 
     </span>
    </p>
   </div>
   <div class='ocr_carea' id='block_1_9' title="bbox 434 1087 1613 1162">
    <p class='ocr_par' dir='ltr' id='par_1_9' title="bbox 434 1087 1613 1162">
     <span class='ocr_line' id='line_1_9' title="bbox 434 1087 1613 1162; baseline -0.008 -13"><span class='ocrx_word' id='word_1_45' title='bbox 434 1095 761 1162; x_wconf 80' lang='grc' dir='ltr'>Μεγάλυνον,</span> <span class='ocrx_word' id='word_1_46' title='bbox 792 1092 934 1162; x_wconf 75' lang='grc' dir='ltr'>ψυχή</span> <span class='ocrx_word' id='word_1_47' title='bbox 987 1107 1110 1159; x_wconf 89' lang='grc' dir='ltr'>μου,</span> <span class='ocrx_word' id='word_1_48' title='bbox 1141 1089 1237 1158; x_wconf 85' lang='grc' dir='ltr'>τὴν</span> <span class='ocrx_word' id='word_1_49' title='bbox 1265 1087 1613 1159; x_wconf 74' lang='grc' dir='ltr'>τιμιωτέραν.</span> 
     </span>
    </p>
   </div>
   <div class='ocr_carea' id='block_1_10' title="bbox 452 1175 1933 1256">
    <p class='ocr_par' dir='ltr' id='par_1_10' title="bbox 452 1175 1933 1256">
     <span class='ocr_line' id='line_1_10' title="bbox 452 1175 1933 1256; baseline -0.009 -15"><span class='ocrx_word' id='word_1_50' title='bbox 452 1188 649 1242; x_wconf 71' lang='grc' dir='ltr'>Μτενοῖ</span> <span class='ocrx_word' id='word_1_51' title='bbox 680 1203 746 1256; x_wconf 82' lang='grc' dir='ltr'><strong>με</strong></span> <span class='ocrx_word' id='word_1_52' title='bbox 775 1184 835 1236; x_wconf 86' lang='grc' dir='ltr'><strong>τὸ</strong></span> <span class='ocrx_word' id='word_1_53' title='bbox 876 1183 1076 1246; x_wconf 84' lang='grc' dir='ltr'>πλάτος</span> <span class='ocrx_word' id='word_1_54' title='bbox 1102 1198 1214 1244; x_wconf 90' lang='grc' dir='ltr'>σου,</span> <span class='ocrx_word' id='word_1_55' title='bbox 1249 1181 1356 1232; x_wconf 85' lang='grc' dir='ltr'><strong>τῶν</strong></span> <span class='ocrx_word' id='word_1_56' title='bbox 1395 1179 1688 1250; x_wconf 84' lang='grc' dir='ltr'>μεγαλείων</span> <span class='ocrx_word' id='word_1_57' title='bbox 1714 1175 1933 1229; x_wconf 87' lang='grc' dir='ltr'>Δέσποι-</span> 
     </span>
    </p>
   </div>
   <div class='ocr_carea' id='block_1_11' title="bbox 368 1269 1932 1344">
    <p class='ocr_par' dir='ltr' id='par_1_11' title="bbox 368 1269 1932 1344">
     <span class='ocr_line' id='line_1_11' title="bbox 368 1269 1932 1344; baseline -0.009 -12"><span class='ocrx_word' id='word_1_58' title='bbox 368 1297 455 1343; x_wconf 85' lang='grc' dir='ltr'><strong>να,</strong></span> <span class='ocrx_word' id='word_1_59' title='bbox 487 1277 816 1344; x_wconf 87' lang='grc' dir='ltr'>καταπνίγον</span> <span class='ocrx_word' id='word_1_60' title='bbox 847 1275 936 1328; x_wconf 83' lang='grc' dir='ltr'><strong>τὸν</strong></span> <span class='ocrx_word' id='word_1_61' title='bbox 957 1274 1110 1342; x_wconf 87' lang='grc' dir='ltr'>λόγον</span> <span class='ocrx_word' id='word_1_62' title='bbox 1141 1273 1244 1326; x_wconf 82' lang='grc' dir='ltr'><strong>ὑπὸ</strong></span> <span class='ocrx_word' id='word_1_63' title='bbox 1292 1271 1642 1340; x_wconf 79' lang='grc' dir='ltr'>πυκνότητος,</span> <span class='ocrx_word' id='word_1_64' title='bbox 1691 1269 1782 1321; x_wconf 87' lang='grc' dir='ltr'><strong>καί</strong></span> <span class='ocrx_word' id='word_1_65' title='bbox 1845 1285 1932 1337; x_wconf 88' lang='grc' dir='ltr'><strong>μοι</strong></span> 
     </span>
    </p>
   </div>
   <div class='ocr_carea' id='block_1_12' title="bbox 371 1359 1931 1443">
    <p class='ocr_par' dir='ltr' id='par_1_12' title="bbox 371 1359 1931 1443">
     <span class='ocr_line' id='line_1_12' title="bbox 371 1359 1931 1443; baseline -0.008 -18"><span class='ocrx_word' id='word_1_66' title='bbox 371 1371 682 1443; x_wconf 79' lang='grc' dir='ltr'>παραδόξως</span> <span class='ocrx_word' id='word_1_67' title='bbox 710 1367 996 1438; x_wconf 77' lang='grc' dir='ltr'>συμϐαίνει</span> <span class='ocrx_word' id='word_1_68' title='bbox 1037 1367 1098 1418; x_wconf 87' lang='grc' dir='ltr'><strong>τὸ</strong></span> <span class='ocrx_word' id='word_1_69' title='bbox 1129 1367 1352 1434; x_wconf 83' lang='grc' dir='ltr'>ἀπορεῖν</span> <span class='ocrx_word' id='word_1_70' title='bbox 1396 1365 1460 1417; x_wconf 83' lang='grc' dir='ltr'>ὲκ</span> <span class='ocrx_word' id='word_1_71' title='bbox 1511 1363 1610 1432; x_wconf 81' lang='grc' dir='ltr'>τῆς</span> <span class='ocrx_word' id='word_1_72' title='bbox 1654 1359 1931 1431; x_wconf 81' lang='grc' dir='ltr'>εὐπορίας·</span> 
     </span>
    </p>
   </div>
   <div class='ocr_carea' id='block_1_13' title="bbox 368 1451 1669 1525">
    <p class='ocr_par' dir='ltr' id='par_1_13' title="bbox 368 1451 1669 1525">
     <span class='ocr_line' id='line_1_13' title="bbox 368 1451 1669 1525; baseline -0.006 -11"><span class='ocrx_word' id='word_1_73' title='bbox 368 1462 450 1514; x_wconf 83' lang='grc' dir='ltr'><strong>διὸ</strong></span> <span class='ocrx_word' id='word_1_74' title='bbox 475 1461 567 1514; x_wconf 81' lang='grc' dir='ltr'><strong>τὸν</strong></span> <span class='ocrx_word' id='word_1_75' title='bbox 594 1458 843 1512; x_wconf 81' lang='grc' dir='ltr'>τοσοῦτόν</span> <span class='ocrx_word' id='word_1_76' title='bbox 873 1473 930 1509; x_wconf 89' lang='grc' dir='ltr'><strong>σε</strong></span> <span class='ocrx_word' id='word_1_77' title='bbox 959 1454 1331 1525; x_wconf 83' lang='grc' dir='ltr'>μεγαλύναντα</span> <span class='ocrx_word' id='word_1_78' title='bbox 1353 1451 1669 1522; x_wconf 78' lang='grc' dir='ltr'>δοξάζομεν.</span> 
     </span>
    </p>
   </div>
   <div class='ocr_carea' id='block_1_14' title="bbox 446 1626 1586 1701">
    <p class='ocr_par' dir='ltr' id='par_1_14' title="bbox 446 1626 1586 1701">
     <span class='ocr_line' id='line_1_14' title="bbox 446 1626 1586 1701; baseline -0.007 -13"><span class='ocrx_word' id='word_1_79' title='bbox 446 1633 659 1697; x_wconf 76' lang='grc' dir='ltr'>Ἄλλος.</span> <span class='ocrx_word' id='word_1_80' title='bbox 704 1630 924 1701; x_wconf 79' lang='grc' dir='ltr'>Ἐξέστη</span> <span class='ocrx_word' id='word_1_81' title='bbox 960 1629 1053 1682; x_wconf 73' lang='grc' dir='ltr'>ἐπὶ</span> <span class='ocrx_word' id='word_1_82' title='bbox 1084 1629 1257 1699; x_wconf 88' lang='grc' dir='ltr'>τούτῳ</span> <span class='ocrx_word' id='word_1_83' title='bbox 1286 1629 1312 1680; x_wconf 85' lang='grc' dir='ltr'>ὁ</span> <span class='ocrx_word' id='word_1_84' title='bbox 1342 1626 1586 1696; x_wconf 75' lang='grc' dir='ltr'>οὐρανός.</span> 
     </span>
    </p>
   </div>
   <div class='ocr_carea' id='block_1_15' title="bbox 433 1788 2011 1876">
    <p class='ocr_par' dir='ltr' id='par_1_15' title="bbox 433 1788 2011 1876">
     <span class='ocr_line' id='line_1_15' title="bbox 433 1788 2011 1876; baseline -0.009 -14"><span class='ocrx_word' id='word_1_85' title='bbox 433 1807 764 1876; x_wconf 78' lang='grc' dir='ltr'>Μεγάλονον,</span> <span class='ocrx_word' id='word_1_86' title='bbox 801 1805 968 1874; x_wconf 73' lang='grc' dir='ltr'>ψυχή,</span> <span class='ocrx_word' id='word_1_87' title='bbox 997 1820 1120 1873; x_wconf 89' lang='grc' dir='ltr'>μου,</span> <span class='ocrx_word' id='word_1_88' title='bbox 1167 1803 1290 1865; x_wconf 71' lang='grc' dir='ltr'>τοὺς</span> <span class='ocrx_word' id='word_1_89' title='bbox 1326 1801 1423 1871; x_wconf 78' lang='grc' dir='ltr'>τῆς</span> <span class='ocrx_word' id='word_1_90' title='bbox 1458 1814 1724 1866; x_wconf 84' lang='grc' dir='ltr'>παναγ.ας</span> <span class='ocrx_word' id='word_1_91' title='bbox 1767 1795 1934 1866; x_wconf 87' lang='grc' dir='ltr'>Τριά-</span> <span class='ocrx_word' id='word_1_92' title='bbox 1965 1788 2011 1848; x_wconf 83' lang='grc' dir='ltr'><strong>Β</strong></span> 
     </span>
    </p>
   </div>
   <div class='ocr_carea' id='block_1_16' title="bbox 369 1898 940 1971">
    <p class='ocr_par' dir='ltr' id='par_1_16' title="bbox 369 1898 940 1971">
     <span class='ocr_line' id='line_1_16' title="bbox 369 1898 940 1971; baseline -0.009 -17"><span class='ocrx_word' id='word_1_93' title='bbox 369 1902 456 1964; x_wconf 87' lang='grc' dir='ltr'><strong>δος</strong></span> <span class='ocrx_word' id='word_1_94' title='bbox 481 1902 630 1971; x_wconf 83' lang='grc' dir='ltr'>τρεῖς</span> <span class='ocrx_word' id='word_1_95' title='bbox 655 1898 940 1968; x_wconf 87' lang='grc' dir='ltr'>ποιμένας.</span> 
     </span>
    </p>
   </div>
   <div class='ocr_carea' id='block_1_17' title="bbox 445 1983 1940 2064">
    <p class='ocr_par' dir='ltr' id='par_1_17' title="bbox 445 1983 1940 2064">
     <span class='ocr_line' id='line_1_17' title="bbox 445 1983 1940 2064; baseline -0.007 -19"><span class='ocrx_word' id='word_1_96' title='bbox 445 1993 690 2064; x_wconf 86' lang='grc' dir='ltr'>Ἐπήρθη</span> <span class='ocrx_word' id='word_1_97' title='bbox 736 1991 832 2063; x_wconf 83' lang='grc' dir='ltr'>τῆς</span> <span class='ocrx_word' id='word_1_98' title='bbox 875 1988 1103 2061; x_wconf 84' lang='grc' dir='ltr'>Τριάδος</span> <span class='ocrx_word' id='word_1_99' title='bbox 1147 1989 1180 2057; x_wconf 88' lang='grc' dir='ltr'><strong>ή</strong></span> <span class='ocrx_word' id='word_1_100' title='bbox 1209 1986 1398 2056; x_wconf 85' lang='grc' dir='ltr'>ἀρετὴ,</span> <span class='ocrx_word' id='word_1_101' title='bbox 1429 1985 1523 2038; x_wconf 79' lang='grc' dir='ltr'><strong>καὶ</strong></span> <span class='ocrx_word' id='word_1_102' title='bbox 1552 1985 1618 2038; x_wconf 66' lang='grc' dir='ltr'><strong>τὰ</strong></span> <span class='ocrx_word' id='word_1_103' title='bbox 1647 1983 1822 2036; x_wconf 86' lang='grc' dir='ltr'>πάντα</span> <span class='ocrx_word' id='word_1_104' title='bbox 1842 1985 1940 2052; x_wconf 82' lang='grc' dir='ltr'>τῆς</span> 
     </span>
    </p>
   </div>
   <div class='ocr_carea' id='block_1_18' title="bbox 370 2073 1938 2154">
    <p class='ocr_par' dir='ltr' id='par_1_18' title="bbox 370 2073 1938 2154">
     <span class='ocr_line' id='line_1_18' title="bbox 370 2073 1938 2154; baseline -0.008 -17"><span class='ocrx_word' id='word_1_105' title='bbox 370 2083 528 2154; x_wconf 78' lang='grc' dir='ltr'>δόξης</span> <span class='ocrx_word' id='word_1_106' title='bbox 551 2083 688 2153; x_wconf 83' lang='grc' dir='ltr'>ὲπλή</span> <span class='ocrx_word' id='word_1_107' title='bbox 699 2099 889 2153; x_wconf 84' lang='grc' dir='ltr'>ρωσεν,</span> <span class='ocrx_word' id='word_1_108' title='bbox 913 2080 1079 2151; x_wconf 80' lang='grc' dir='ltr'>ἄλλην</span> <span class='ocrx_word' id='word_1_109' title='bbox 1103 2079 1148 2130; x_wconf 88' lang='grc' dir='ltr'>δ’</span> <span class='ocrx_word' id='word_1_110' title='bbox 1195 2079 1324 2148; x_wconf 82' lang='grc' dir='ltr'>ὑμῖν</span> <span class='ocrx_word' id='word_1_111' title='bbox 1360 2077 1552 2147; x_wconf 75' lang='grc' dir='ltr'>αἴγλην</span> <span class='ocrx_word' id='word_1_112' title='bbox 1578 2073 1938 2144; x_wconf 72' lang='grc' dir='ltr'>ἀναλάμψασα</span> 
     </span>
    </p>
   </div>
   <div class='ocr_carea' id='block_1_19' title="bbox 370 2164 1940 2246">
    <p class='ocr_par' dir='ltr' id='par_1_19' title="bbox 370 2164 1940 2246">
     <span class='ocr_line' id='line_1_19' title="bbox 370 2164 1940 2246; baseline -0.007 -20"><span class='ocrx_word' id='word_1_113' title='bbox 370 2173 649 2246; x_wconf 86' lang='grc' dir='ltr'>τριλαμπῆ</span> <span class='ocrx_word' id='word_1_114' title='bbox 679 2173 754 2235; x_wconf 86' lang='grc' dir='ltr'>ὼς</span> <span class='ocrx_word' id='word_1_115' title='bbox 805 2171 1002 2242; x_wconf 80' lang='grc' dir='ltr'>ἑαυτῆς</span> <span class='ocrx_word' id='word_1_116' title='bbox 1055 2168 1410 2238; x_wconf 84' lang='grc' dir='ltr'>ἀπαύγασμα,</span> <span class='ocrx_word' id='word_1_117' title='bbox 1442 2168 1566 2227; x_wconf 80' lang='grc' dir='ltr'>τοὺς</span> <span class='ocrx_word' id='word_1_118' title='bbox 1591 2164 1940 2237; x_wconf 84' lang='grc' dir='ltr'>ὲπουρανίους</span> 
     </span>
    </p>
   </div>
   <div class='ocr_carea' id='block_1_20' title="bbox 375 2257 1940 2336">
    <p class='ocr_par' dir='ltr' id='par_1_20' title="bbox 375 2257 1940 2336">
     <span class='ocr_line' id='line_1_20' title="bbox 375 2257 1940 2336; baseline -0.005 -18"><span class='ocrx_word' id='word_1_119' title='bbox 375 2265 786 2336; x_wconf 80' lang='grc' dir='ltr'>μυσταγωγοὺς,</span> <span class='ocrx_word' id='word_1_120' title='bbox 813 2263 878 2315; x_wconf 83' lang='grc' dir='ltr'>δι’</span> <span class='ocrx_word' id='word_1_121' title='bbox 910 2257 983 2316; x_wconf 81' lang='grc' dir='ltr'>ὧν</span> <span class='ocrx_word' id='word_1_122' title='bbox 1031 2263 1123 2314; x_wconf 78' lang='grc' dir='ltr'>ὲπὶ</span> <span class='ocrx_word' id='word_1_123' title='bbox 1152 2260 1249 2332; x_wconf 80' lang='grc' dir='ltr'>τὴν</span> <span class='ocrx_word' id='word_1_124' title='bbox 1275 2259 1424 2313; x_wconf 80' lang='grc' dir='ltr'>θείαν</span> <span class='ocrx_word' id='word_1_125' title='bbox 1469 2258 1682 2330; x_wconf 76' lang='grc' dir='ltr'>ἐκείνης</span> <span class='ocrx_word' id='word_1_126' title='bbox 1712 2258 1940 2329; x_wconf 87' lang='grc' dir='ltr'>θεωρίαν</span> 
     </span>
    </p>
   </div>
   <div class='ocr_carea' id='block_1_21' title="bbox 371 2352 1183 2424">
    <p class='ocr_par' dir='ltr' id='par_1_21' title="bbox 371 2352 1183 2424">
     <span class='ocr_line' id='line_1_21' title="bbox 371 2352 1183 2424; baseline -0.004 -16"><span class='ocrx_word' id='word_1_127' title='bbox 371 2356 422 2409; x_wconf 79' lang='grc' dir='ltr'>οἱ</span> <span class='ocrx_word' id='word_1_128' title='bbox 445 2354 796 2418; x_wconf 74' lang='grc' dir='ltr'>εὐσεϐοῦντες</span> <span class='ocrx_word' id='word_1_129' title='bbox 825 2352 1183 2424; x_wconf 83' lang='grc' dir='ltr'>όδηγούμεθα.</span> 
     </span>
    </p>
   </div>
   <div class='ocr_carea' id='block_1_22' title="bbox 439 2527 1944 2602">
    <p class='ocr_par' dir='ltr' id='par_1_22' title="bbox 439 2527 1944 2602">
     <span class='ocr_line' id='line_1_22' title="bbox 439 2527 1944 2602; baseline 0 -20"><span class='ocrx_word' id='word_1_130' title='bbox 439 2530 791 2598; x_wconf 71' lang='grc' dir='ltr'>Μεγάλυνον,ἷ</span> <span class='ocrx_word' id='word_1_131' title='bbox 813 2529 957 2600; x_wconf 79' lang='grc' dir='ltr'>ψυχή</span> <span class='ocrx_word' id='word_1_132' title='bbox 986 2547 1110 2600; x_wconf 86' lang='grc' dir='ltr'>μου,</span> <span class='ocrx_word' id='word_1_133' title='bbox 1139 2530 1267 2592; x_wconf 77' lang='grc' dir='ltr'>τοὺς</span> <span class='ocrx_word' id='word_1_134' title='bbox 1309 2531 1375 2582; x_wconf 80' lang='grc' dir='ltr'>ἐκ</span> <span class='ocrx_word' id='word_1_135' title='bbox 1416 2528 1694 2602; x_wconf 71' lang='grc' dir='ltr'>τρισπλίου</span> <span class='ocrx_word' id='word_1_136' title='bbox 1729 2527 1944 2598; x_wconf 82' lang='grc' dir='ltr'>φωστῆ-</span> 
     </span>
    </p>
   </div>
   <div class='ocr_carea' id='block_1_23' title="bbox 377 2622 980 2694">
    <p class='ocr_par' dir='ltr' id='par_1_23' title="bbox 377 2622 980 2694">
     <span class='ocr_line' id='line_1_23' title="bbox 377 2622 980 2694; baseline 0 -20"><span class='ocrx_word' id='word_1_137' title='bbox 377 2639 476 2694; x_wconf 89' lang='grc' dir='ltr'><strong>ρας</strong></span> <span class='ocrx_word' id='word_1_138' title='bbox 514 2625 662 2693; x_wconf 88' lang='grc' dir='ltr'>τρεῖς</span> <span class='ocrx_word' id='word_1_139' title='bbox 693 2622 980 2692; x_wconf 84' lang='grc' dir='ltr'>μεγάλους.</span> 
     </span>
    </p>
   </div>
   <div class='ocr_carea' id='block_1_24' title="bbox 443 2714 1943 2790">
    <p class='ocr_par' dir='ltr' id='par_1_24' title="bbox 443 2714 1943 2790">
     <span class='ocr_line' id='line_1_24' title="bbox 443 2714 1943 2790; baseline 0.005 -23"><span class='ocrx_word' id='word_1_140' title='bbox 443 2715 556 2768; x_wconf 85' lang='grc' dir='ltr'>Ούκ</span> <span class='ocrx_word' id='word_1_141' title='bbox 600 2714 713 2767; x_wconf 75' lang='grc' dir='ltr'>ἔστι</span> <span class='ocrx_word' id='word_1_142' title='bbox 769 2714 1070 2784; x_wconf 78' lang='grc' dir='ltr'>δευτερεῖον</span> <span class='ocrx_word' id='word_1_143' title='bbox 1112 2717 1169 2768; x_wconf 83' lang='grc' dir='ltr'>ὲν</span> <span class='ocrx_word' id='word_1_144' title='bbox 1216 2717 1329 2780; x_wconf 88' lang='grc' dir='ltr'>τοῖς</span> <span class='ocrx_word' id='word_1_145' title='bbox 1376 2717 1543 2787; x_wconf 88' lang='grc' dir='ltr'>τρισί·</span> <span class='ocrx_word' id='word_1_146' title='bbox 1577 2718 1647 2771; x_wconf 81' lang='grc' dir='ltr'>τὰ</span> <span class='ocrx_word' id='word_1_147' title='bbox 1678 2719 1943 2790; x_wconf 79' lang='grc' dir='ltr'>πρεσϐεῖα</span> 
     </span>
    </p>
   </div>
   <div class='ocr_carea' id='block_1_25' title="bbox 373 2803 1944 2881">
    <p class='ocr_par' dir='ltr' id='par_1_25' title="bbox 373 2803 1944 2881">
     <span class='ocr_line' id='line_1_25' title="bbox 373 2803 1944 2881; baseline 0.004 -24"><span class='ocrx_word' id='word_1_148' title='bbox 373 2803 482 2876; x_wconf 75' lang='grc' dir='ltr'>γὰρ</span> <span class='ocrx_word' id='word_1_149' title='bbox 507 2804 735 2867; x_wconf 74' lang='grc' dir='ltr'>ἕκαστος</span> <span class='ocrx_word' id='word_1_150' title='bbox 767 2805 1012 2876; x_wconf 86' lang='grc' dir='ltr'>φέρεται,</span> <span class='ocrx_word' id='word_1_151' title='bbox 1044 2803 1255 2878; x_wconf 74' lang='grc' dir='ltr'>πρῶτος</span> <span class='ocrx_word' id='word_1_152' title='bbox 1284 2807 1383 2859; x_wconf 80' lang='grc' dir='ltr'><strong>οὐκ</strong></span> <span class='ocrx_word' id='word_1_153' title='bbox 1401 2805 1474 2858; x_wconf 84' lang='grc' dir='ltr'>ὢν</span> <span class='ocrx_word' id='word_1_154' title='bbox 1491 2809 1584 2860; x_wconf 76' lang='grc' dir='ltr'>καὶ</span> <span class='ocrx_word' id='word_1_155' title='bbox 1610 2810 1736 2872; x_wconf 74' lang='grc' dir='ltr'>τοὺς</span> <span class='ocrx_word' id='word_1_156' title='bbox 1762 2811 1944 2881; x_wconf 84' lang='grc' dir='ltr'>ὁμοτί-</span> 
     </span>
    </p>
   </div>
   <div class='ocr_carea' id='block_1_26' title="bbox 377 2895 1943 2974">
    <p class='ocr_par' dir='ltr' id='par_1_26' title="bbox 377 2895 1943 2974">
     <span class='ocr_line' id='line_1_26' title="bbox 377 2895 1943 2974; baseline 0.004 -25"><span class='ocrx_word' id='word_1_157' title='bbox 377 2910 506 2966; x_wconf 83' lang='grc' dir='ltr'>μους</span> <span class='ocrx_word' id='word_1_158' title='bbox 539 2895 861 2968; x_wconf 86' lang='grc' dir='ltr'>ύπερνικῶν.</span> <span class='ocrx_word' id='word_1_159' title='bbox 909 2895 1292 2959; x_wconf 79' lang='grc' dir='ltr'>Ἐξοικειοῦται</span> <span class='ocrx_word' id='word_1_160' title='bbox 1345 2897 1541 2967; x_wconf 81' lang='grc' dir='ltr'>μᾶλλον</span> <span class='ocrx_word' id='word_1_161' title='bbox 1572 2900 1628 2954; x_wconf 83' lang='grc' dir='ltr'>δὲ</span> <span class='ocrx_word' id='word_1_162' title='bbox 1653 2901 1748 2972; x_wconf 85' lang='grc' dir='ltr'>τὴν</span> <span class='ocrx_word' id='word_1_163' title='bbox 1781 2903 1943 2974; x_wconf 82' lang='grc' dir='ltr'>ἀλλή-</span> 
     </span>
    </p>
   </div>
   <div class='ocr_carea' id='block_1_27' title="bbox 374 2986 1944 3062">
    <p class='ocr_par' dir='ltr' id='par_1_27' title="bbox 374 2986 1944 3062">
     <span class='ocr_line' id='line_1_27' title="bbox 374 2986 1944 3062; baseline -0.004 -22"><span class='ocrx_word' id='word_1_164' title='bbox 374 2986 482 3041; x_wconf 86' lang='grc' dir='ltr'><strong>λων</strong></span> <span class='ocrx_word' id='word_1_165' title='bbox 502 2987 656 3056; x_wconf 79' lang='grc' dir='ltr'>νίκην</span> <span class='ocrx_word' id='word_1_166' title='bbox 682 2988 1014 3058; x_wconf 77' lang='grc' dir='ltr'>περιχαρῶςο</span> <span class='ocrx_word' id='word_1_167' title='bbox 1047 2989 1106 3040; x_wconf 84' lang='grc' dir='ltr'><strong>οὐ</strong></span> <span class='ocrx_word' id='word_1_168' title='bbox 1136 2986 1287 3059; x_wconf 86' lang='grc' dir='ltr'>χώρα</span> <span class='ocrx_word' id='word_1_169' title='bbox 1309 2988 1417 3059; x_wconf 84' lang='grc' dir='ltr'>γὰρ</span> <span class='ocrx_word' id='word_1_170' title='bbox 1450 2989 1680 3044; x_wconf 77' lang='grc' dir='ltr'>ἐνταῦθα</span> <span class='ocrx_word' id='word_1_171' title='bbox 1707 2992 1786 3062; x_wconf 85' lang='grc' dir='ltr'><strong>τῷ</strong></span> <span class='ocrx_word' id='word_1_172' title='bbox 1815 2993 1944 3061; x_wconf 74' lang='grc' dir='ltr'>φθό-</span> 
     </span>
    </p>
   </div>
   <div class='ocr_carea' id='block_1_28' title="bbox 373 3079 1942 3152">
    <p class='ocr_par' dir='ltr' id='par_1_28' title="bbox 373 3079 1942 3152">
     <span class='ocr_line' id='line_1_28' title="bbox 373 3079 1942 3152; baseline 0.004 -20"><span class='ocrx_word' id='word_1_173' title='bbox 373 3094 449 3151; x_wconf 82' lang='grc' dir='ltr'>νῳ</span> <span class='ocrx_word' id='word_1_174' title='bbox 479 3080 810 3151; x_wconf 76' lang='grc' dir='ltr'>παρρησίας,</span> <span class='ocrx_word' id='word_1_175' title='bbox 837 3079 1215 3150; x_wconf 84' lang='grc' dir='ltr'>λυμαινομένῳ</span> <span class='ocrx_word' id='word_1_176' title='bbox 1241 3081 1339 3150; x_wconf 81' lang='grc' dir='ltr'>τὴν</span> <span class='ocrx_word' id='word_1_177' title='bbox 1366 3083 1632 3152; x_wconf 84' lang='grc' dir='ltr'>ὁμόνοιαν.</span> <span class='ocrx_word' id='word_1_178' title='bbox 1785 3084 1942 3148; x_wconf 76' lang='grc' dir='ltr'>Δόξα.</span> 
     </span>
    </p>
   </div>
   <div class='ocr_carea' id='block_1_29' title="bbox 446 3259 1947 3332">
    <p class='ocr_par' dir='ltr' id='par_1_29' title="bbox 446 3259 1947 3332">
     <span class='ocr_line' id='line_1_29' title="bbox 446 3259 1947 3332; baseline 0.004 -20"><span class='ocrx_word' id='word_1_179' title='bbox 446 3259 784 3328; x_wconf 73' lang='grc' dir='ltr'>Ηεγάλυνον,</span> <span class='ocrx_word' id='word_1_180' title='bbox 819 3259 964 3331; x_wconf 68' lang='grc' dir='ltr'><strong>ψυχή</strong></span> <span class='ocrx_word' id='word_1_181' title='bbox 1019 3277 1142 3330; x_wconf 90' lang='grc' dir='ltr'>μου,</span> <span class='ocrx_word' id='word_1_182' title='bbox 1217 3261 1316 3332; x_wconf 83' lang='grc' dir='ltr'>τῆς</span> <span class='ocrx_word' id='word_1_183' title='bbox 1371 3263 1798 3332; x_wconf 84' lang='grc' dir='ltr'>τρισυποστάτου</span> <span class='ocrx_word' id='word_1_184' title='bbox 1852 3265 1947 3319; x_wconf 76' lang='grc' dir='ltr'>καὶ</span> 
     </span>
    </p>
   </div>
   <div class='ocr_carea' id='block_1_30' title="bbox 373 3350 1306 3422">
    <p class='ocr_par' dir='ltr' id='par_1_30' title="bbox 373 3350 1306 3422">
     <span class='ocr_line' id='line_1_30' title="bbox 373 3350 1306 3422; baseline 0.002 -18"><span class='ocrx_word' id='word_1_185' title='bbox 373 3350 682 3422; x_wconf 77' lang='grc' dir='ltr'>ἀδιαιρέτου</span> <span class='ocrx_word' id='word_1_186' title='bbox 715 3351 976 3421; x_wconf 77' lang='grc' dir='ltr'>Θεότητος</span> <span class='ocrx_word' id='word_1_187' title='bbox 1001 3351 1064 3404; x_wconf 87' lang='grc' dir='ltr'><strong>τὸ</strong></span> <span class='ocrx_word' id='word_1_188' title='bbox 1087 3352 1306 3422; x_wconf 85' lang='grc' dir='ltr'>κράτος.</span> 
     </span>
    </p>
   </div>
   <div class='ocr_carea' id='block_1_31' title="bbox 437 3441 1948 3516">
    <p class='ocr_par' dir='ltr' id='par_1_31' title="bbox 437 3441 1948 3516">
     <span class='ocr_line' id='line_1_31' title="bbox 437 3441 1948 3516; baseline 0.003 -23"><span class='ocrx_word' id='word_1_189' title='bbox 437 3441 736 3512; x_wconf 82' lang='grc' dir='ltr'>Πατέραςή</span> <span class='ocrx_word' id='word_1_190' title='bbox 785 3441 1034 3495; x_wconf 80' lang='grc' dir='ltr'>εὐσέϐεια</span> <span class='ocrx_word' id='word_1_191' title='bbox 1059 3443 1184 3506; x_wconf 80' lang='grc' dir='ltr'>τοὺς</span> <span class='ocrx_word' id='word_1_192' title='bbox 1207 3442 1376 3513; x_wconf 74' lang='grc' dir='ltr'>αὐτῆς</span> <span class='ocrx_word' id='word_1_193' title='bbox 1393 3447 1766 3516; x_wconf 77' lang='grc' dir='ltr'>πρωτοτόκους</span> <span class='ocrx_word' id='word_1_194' title='bbox 1802 3447 1948 3510; x_wconf 76' lang='grc' dir='ltr'>υἱοὺς</span> 
     </span>
    </p>
   </div>
   <div class='ocr_carea' id='block_1_32' title="bbox 376 3533 1949 3606">
    <p class='ocr_par' dir='ltr' id='par_1_32' title="bbox 376 3533 1949 3606">
     <span class='ocr_line' id='line_1_32' title="bbox 376 3533 1949 3606; baseline 0.001 -20"><span class='ocrx_word' id='word_1_195' title='bbox 376 3533 716 3606; x_wconf 83' lang='grc' dir='ltr'>ἀναδείξασα,</span> <span class='ocrx_word' id='word_1_196' title='bbox 750 3533 916 3587; x_wconf 85' lang='grc' dir='ltr'>τέκνα</span> <span class='ocrx_word' id='word_1_197' title='bbox 944 3534 1119 3602; x_wconf 72' lang='grc' dir='ltr'>φωτὸς</span> <span class='ocrx_word' id='word_1_198' title='bbox 1146 3536 1344 3605; x_wconf 88' lang='grc' dir='ltr'>γνήσια</span> <span class='ocrx_word' id='word_1_199' title='bbox 1380 3536 1472 3587; x_wconf 76' lang='grc' dir='ltr'><strong>καὶ</strong></span> <span class='ocrx_word' id='word_1_200' title='bbox 1506 3535 1711 3606; x_wconf 80' lang='grc' dir='ltr'>ἄμωμα</span> <span class='ocrx_word' id='word_1_201' title='bbox 1737 3537 1802 3589; x_wconf 82' lang='grc' dir='ltr'>δι’</span> <span class='ocrx_word' id='word_1_202' title='bbox 1851 3538 1949 3590; x_wconf 83' lang='grc' dir='ltr'>αύ-</span> 
     </span>
    </p>
   </div>
   <div class='ocr_carea' id='block_1_33' title="bbox 374 3628 1948 3701">
    <p class='ocr_par' dir='ltr' id='par_1_33' title="bbox 374 3628 1948 3701">
     <span class='ocr_line' id='line_1_33' title="bbox 374 3628 1948 3701; baseline 0.001 -19"><span class='ocrx_word' id='word_1_203' title='bbox 374 3629 482 3683; x_wconf 85' lang='grc' dir='ltr'>τῶν</span> <span class='ocrx_word' id='word_1_204' title='bbox 515 3628 862 3700; x_wconf 83' lang='grc' dir='ltr'>τελειούμενα</span> <span class='ocrx_word' id='word_1_205' title='bbox 920 3628 1215 3699; x_wconf 87' lang='grc' dir='ltr'>Πνεύματι,</span> <span class='ocrx_word' id='word_1_206' title='bbox 1258 3628 1335 3698; x_wconf 85' lang='grc' dir='ltr'><strong>τῷ</strong></span> <span class='ocrx_word' id='word_1_207' title='bbox 1374 3629 1516 3700; x_wconf 80' lang='grc' dir='ltr'>ζωὴν</span> <span class='ocrx_word' id='word_1_208' title='bbox 1549 3630 1839 3701; x_wconf 79' lang='grc' dir='ltr'>λαλήσαντι</span> <span class='ocrx_word' id='word_1_209' title='bbox 1892 3633 1948 3684; x_wconf 85' lang='grc' dir='ltr'>ὲν</span> 
     </span>
    </p>
   </div>
   <div class='ocr_carea' id='block_1_34' title="bbox 375 3717 1947 3792">
    <p class='ocr_par' dir='ltr' id='par_1_34' title="bbox 375 3717 1947 3792">
     <span class='ocr_line' id='line_1_34' title="bbox 375 3717 1947 3792; baseline 0.002 -21"><span class='ocrx_word' id='word_1_210' title='bbox 375 3719 578 3783; x_wconf 79' lang='grc' dir='ltr'>αὐτοῖς,</span> <span class='ocrx_word' id='word_1_211' title='bbox 615 3720 707 3770; x_wconf 77' lang='grc' dir='ltr'><strong>καὶ</strong></span> <span class='ocrx_word' id='word_1_212' title='bbox 737 3717 928 3781; x_wconf 79' lang='grc' dir='ltr'>σώζειν</span> <span class='ocrx_word' id='word_1_213' title='bbox 958 3718 1250 3784; x_wconf 79' lang='grc' dir='ltr'>ἐξαιτεῖται</span> <span class='ocrx_word' id='word_1_214' title='bbox 1283 3721 1360 3782; x_wconf 83' lang='grc' dir='ltr'>εἰς</span> <span class='ocrx_word' id='word_1_215' title='bbox 1387 3719 1538 3782; x_wconf 81' lang='grc' dir='ltr'>τέλος</span> <span class='ocrx_word' id='word_1_216' title='bbox 1569 3720 1667 3792; x_wconf 75' lang='grc' dir='ltr'><strong>τὴν</strong></span> <span class='ocrx_word' id='word_1_217' title='bbox 1705 3723 1947 3792; x_wconf 78' lang='grc' dir='ltr'>εἰρήνην,</span> 
     </span>
    </p>
   </div>
   <div class='ocr_carea' id='block_1_35' title="bbox 374 3810 1266 3883">
    <p class='ocr_par' dir='ltr' id='par_1_35' title="bbox 374 3810 1266 3883">
     <span class='ocr_line' id='line_1_35' title="bbox 374 3810 1266 3883; baseline 0.002 -21"><span class='ocrx_word' id='word_1_218' title='bbox 374 3811 442 3880; x_wconf 84' lang='grc' dir='ltr'>ἣν</span> <span class='ocrx_word' id='word_1_219' title='bbox 470 3812 562 3863; x_wconf 84' lang='grc' dir='ltr'>ἀπ’</span> <span class='ocrx_word' id='word_1_220' title='bbox 597 3810 776 3863; x_wconf 78' lang='grc' dir='ltr'>αὐτῶν</span> <span class='ocrx_word' id='word_1_221' title='bbox 809 3811 1266 3883; x_wconf 81' lang='grc' dir='ltr'>ἐκληρονόμησεν.</span> 
     </span>
    </p>
   </div>
   <div class='ocr_carea' id='block_1_36' title="bbox 519 3899 1808 3956">
    <p class='ocr_par' dir='ltr' id='par_1_36' title="bbox 519 3899 1808 3956">
     <span class='ocr_line' id='line_1_36' title="bbox 519 3899 1808 3956; baseline 0.002 -2"><span class='ocrx_word' id='word_1_222' title='bbox 519 3902 630 3954; x_wconf 77' lang='lat' dir='ltr'><strong>Kal.</strong></span> <span class='ocrx_word' id='word_1_223' title='bbox 653 3903 767 3956; x_wconf 79' lang='grc' dir='ltr'>νῦν.</span> <span class='ocrx_word' id='word_1_224' title='bbox 1522 3899 1808 3956; x_wconf 63' lang='grc' dir='ltr'>ἓεοτόκιον.</span> 
     </span>
    </p>
   </div>
   <div class='ocr_carea' id='block_1_37' title="bbox 447 3992 1623 4064">
    <p class='ocr_par' dir='ltr' id='par_1_37' title="bbox 447 3992 1623 4064">
     <span class='ocr_line' id='line_1_37' title="bbox 447 3992 1623 4064; baseline 0.002 -17"><span class='ocrx_word' id='word_1_225' title='bbox 447 3992 780 4060; x_wconf 79' lang='grc' dir='ltr'>Μεγάλυνον,</span> <span class='ocrx_word' id='word_1_226' title='bbox 808 3993 951 4063; x_wconf 67' lang='grc' dir='ltr'><strong>ψυχή</strong></span> <span class='ocrx_word' id='word_1_227' title='bbox 988 4009 1108 4062; x_wconf 85' lang='grc' dir='ltr'>μου,</span> <span class='ocrx_word' id='word_1_228' title='bbox 1144 3992 1241 4063; x_wconf 78' lang='grc' dir='ltr'>τὴν</span> <span class='ocrx_word' id='word_1_229' title='bbox 1273 3993 1623 4064; x_wconf 82' lang='grc' dir='ltr'>τιμιωτέραν.</span> 
     </span>
    </p>
   </div>
   <div class='ocr_carea' id='block_1_38' title="bbox 449 4084 1950 4154">
    <p class='ocr_par' dir='ltr' id='par_1_38' title="bbox 449 4084 1950 4154">
     <span class='ocr_line' id='line_1_38' title="bbox 449 4084 1950 4154; baseline -0.001 -16"><span class='ocrx_word' id='word_1_230' title='bbox 449 4086 576 4139; x_wconf 81' lang='grc' dir='ltr'>Υἰὸν</span> <span class='ocrx_word' id='word_1_231' title='bbox 621 4085 754 4137; x_wconf 84' lang='grc' dir='ltr'><strong>Θεοῦ</strong></span> <span class='ocrx_word' id='word_1_232' title='bbox 803 4084 896 4136; x_wconf 82' lang='grc' dir='ltr'>τοῦ</span> <span class='ocrx_word' id='word_1_233' title='bbox 946 4084 1149 4148; x_wconf 78' lang='grc' dir='ltr'>ζῶντος</span> <span class='ocrx_word' id='word_1_234' title='bbox 1187 4087 1218 4154; x_wconf 85' lang='grc' dir='ltr'>ὴ</span> <span class='ocrx_word' id='word_1_235' title='bbox 1263 4084 1370 4137; x_wconf 84' lang='grc' dir='ltr'>τῶν</span> <span class='ocrx_word' id='word_1_236' title='bbox 1406 4084 1582 4154; x_wconf 83' lang='grc' dir='ltr'>σοφῶν</span> <span class='ocrx_word' id='word_1_237' title='bbox 1622 4085 1950 4139; x_wconf 80' lang='grc' dir='ltr'>διδασκάλων</span> 
     </span>
    </p>
   </div>
   <div class='ocr_carea' id='block_1_39' title="bbox 378 4176 1953 4250">
    <p class='ocr_par' dir='ltr' id='par_1_39' title="bbox 378 4176 1953 4250">
     <span class='ocr_line' id='line_1_39' title="bbox 378 4176 1953 4250; baseline -0.002 -18"><span class='ocrx_word' id='word_1_238' title='bbox 378 4178 616 4250; x_wconf 79' lang='grc' dir='ltr'>ἀκρότης</span> <span class='ocrx_word' id='word_1_239' title='bbox 658 4176 889 4248; x_wconf 80' lang='grc' dir='ltr'>ἐκήρυξε</span> <span class='ocrx_word' id='word_1_240' title='bbox 909 4176 1002 4228; x_wconf 82' lang='grc' dir='ltr'><strong>τὺν</strong></span> <span class='ocrx_word' id='word_1_241' title='bbox 1040 4177 1129 4228; x_wconf 80' lang='grc' dir='ltr'><strong>σὺν</strong></span> <span class='ocrx_word' id='word_1_242' title='bbox 1163 4177 1296 4238; x_wconf 82' lang='grc' dir='ltr'>υἱὸν,</span> <span class='ocrx_word' id='word_1_243' title='bbox 1330 4176 1389 4240; x_wconf 83' lang='grc' dir='ltr'>ἐξ</span> <span class='ocrx_word' id='word_1_244' title='bbox 1417 4177 1806 4246; x_wconf 68' lang='grc' dir='ltr'>ἀποκαλύψεως</span> <span class='ocrx_word' id='word_1_245' title='bbox 1848 4194 1953 4230; x_wconf 83' lang='grc' dir='ltr'>πα-</span> 
     </span>
    </p>
   </div>
   <div class='ocr_carea' id='block_1_40' title="bbox 380 4267 1949 4342">
    <p class='ocr_par' dir='ltr' id='par_1_40' title="bbox 380 4267 1949 4342">
     <span class='ocr_line' id='line_1_40' title="bbox 380 4267 1949 4342; baseline -0.001 -19"><span class='ocrx_word' id='word_1_246' title='bbox 380 4271 590 4342; x_wconf 83' lang='grc' dir='ltr'>τρικῆς,</span> <span class='ocrx_word' id='word_1_247' title='bbox 620 4269 718 4322; x_wconf 76' lang='grc' dir='ltr'><strong>οὐκ</strong></span> <span class='ocrx_word' id='word_1_248' title='bbox 743 4270 808 4320; x_wconf 83' lang='grc' dir='ltr'><strong>ὲκ</strong></span> <span class='ocrx_word' id='word_1_249' title='bbox 837 4269 1035 4339; x_wconf 78' lang='grc' dir='ltr'>σαρκὸς</span> <span class='ocrx_word' id='word_1_250' title='bbox 1063 4268 1156 4320; x_wconf 77' lang='grc' dir='ltr'><strong>καὶ</strong></span> <span class='ocrx_word' id='word_1_251' title='bbox 1183 4269 1412 4338; x_wconf 78' lang='grc' dir='ltr'>αἵματος</span> <span class='ocrx_word' id='word_1_252' title='bbox 1462 4269 1619 4320; x_wconf 77' lang='grc' dir='ltr'>τοῦτο</span> <span class='ocrx_word' id='word_1_253' title='bbox 1669 4267 1949 4338; x_wconf 85' lang='grc' dir='ltr'>μυηθεῖσα,</span> 
     </span>
    </p>
   </div>
   <div class='ocr_carea' id='block_1_41' title="bbox 378 4358 1952 4432">
    <p class='ocr_par' dir='ltr' id='par_1_41' title="bbox 378 4358 1952 4432">
     <span class='ocr_line' id='line_1_41' title="bbox 378 4358 1952 4432; baseline -0.001 -18"><span class='ocrx_word' id='word_1_254' title='bbox 378 4362 568 4432; x_wconf 85' lang='grc' dir='ltr'>Μῆτερ</span> <span class='ocrx_word' id='word_1_255' title='bbox 583 4359 738 4413; x_wconf 78' lang='grc' dir='ltr'>Θεοῦ.</span> <span class='ocrx_word' id='word_1_256' title='bbox 761 4359 850 4410; x_wconf 87' lang='grc' dir='ltr'>Διό</span> <span class='ocrx_word' id='word_1_257' title='bbox 875 4375 931 4410; x_wconf 90' lang='grc' dir='ltr'><strong>σε</strong></span> <span class='ocrx_word' id='word_1_258' title='bbox 974 4358 1067 4411; x_wconf 73' lang='grc' dir='ltr'>καὶ</span> <span class='ocrx_word' id='word_1_259' title='bbox 1098 4358 1370 4430; x_wconf 81' lang='grc' dir='ltr'>Παρθένον</span> <span class='ocrx_word' id='word_1_260' title='bbox 1413 4358 1680 4424; x_wconf 80' lang='grc' dir='ltr'>δοξάσασα</span> <span class='ocrx_word' id='word_1_261' title='bbox 1727 4359 1952 4429; x_wconf 83' lang='grc' dir='ltr'>Μητέρα</span> 
     </span>
    </p>
   </div>
   <div class='ocr_carea' id='block_1_42' title="bbox 379 4448 1144 4519">
    <p class='ocr_par' dir='ltr' id='par_1_42' title="bbox 379 4448 1144 4519">
     <span class='ocr_line' id='line_1_42' title="bbox 379 4448 1144 4519; baseline 0.003 -19"><span class='ocrx_word' id='word_1_262' title='bbox 379 4450 475 4501; x_wconf 67' lang='grc' dir='ltr'>καὶ</span> <span class='ocrx_word' id='word_1_263' title='bbox 506 4448 762 4502; x_wconf 87' lang='grc' dir='ltr'>Θεοτόκον</span> <span class='ocrx_word' id='word_1_264' title='bbox 792 4449 1144 4519; x_wconf 77' lang='grc' dir='ltr'>ἐμεγάλυνεν.</span> 
     </span>
    </p>
   </div>
   <div class='ocr_carea' id='block_1_43' title="bbox 449 4539 1948 4611">
    <p class='ocr_par' dir='ltr' id='par_1_43' title="bbox 449 4539 1948 4611">
     <span class='ocr_line' id='line_1_43' title="bbox 449 4539 1948 4611; baseline 0 -19"><span class='ocrx_word' id='word_1_265' title='bbox 449 4540 696 4604; x_wconf 86' lang='grc' dir='ltr'>Θεοτόκε,</span> <span class='ocrx_word' id='word_1_266' title='bbox 741 4541 774 4611; x_wconf 80' lang='grc' dir='ltr'>ἡ</span> <span class='ocrx_word' id='word_1_267' title='bbox 815 4539 970 4602; x_wconf 74' lang='grc' dir='ltr'>ἐλπὶς</span> <span class='ocrx_word' id='word_1_268' title='bbox 1008 4542 1224 4594; x_wconf 84' lang='grc' dir='ltr'>πάντων</span> <span class='ocrx_word' id='word_1_269' title='bbox 1244 4541 1733 4610; x_wconf 82' lang='grc' dir='ltr'>τῶνΧριστιανῶν,</span> <span class='ocrx_word' id='word_1_270' title='bbox 1759 4542 1948 4603; x_wconf 84' lang='grc' dir='ltr'>σκέπε,</span> 
     </span>
    </p>
   </div>
   <div class='ocr_carea' id='block_1_44' title="bbox 381 4631 1341 4702">
    <p class='ocr_par' dir='ltr' id='par_1_44' title="bbox 381 4631 1341 4702">
     <span class='ocr_line' id='line_1_44' title="bbox 381 4631 1341 4702; baseline 0.003 -19"><span class='ocrx_word' id='word_1_271' title='bbox 381 4631 611 4702; x_wconf 82' lang='grc' dir='ltr'>φύλαττε</span> <span class='ocrx_word' id='word_1_272' title='bbox 642 4632 768 4694; x_wconf 85' lang='grc' dir='ltr'>τοὺς</span> <span class='ocrx_word' id='word_1_273' title='bbox 801 4631 1116 4696; x_wconf 76' lang='grc' dir='ltr'>ἐλπίζοντας</span> <span class='ocrx_word' id='word_1_274' title='bbox 1151 4633 1228 4694; x_wconf 81' lang='grc' dir='ltr'>εἰς</span> <span class='ocrx_word' id='word_1_275' title='bbox 1263 4632 1341 4686; x_wconf 87' lang='grc' dir='ltr'><strong>σέ.</strong></span> 
     </span>
    </p>
   </div>
   <div class='ocr_carea' id='block_1_45' title="bbox 461 4721 1955 4794">
    <p class='ocr_par' dir='ltr' id='par_1_45' title="bbox 461 4721 1955 4794">
     <span class='ocr_line' id='line_1_45' title="bbox 461 4721 1955 4794; baseline 0.001 -19"><span class='ocrx_word' id='word_1_276' title='bbox 461 4723 549 4775; x_wconf 89' lang='grc' dir='ltr'>Ἐν</span> <span class='ocrx_word' id='word_1_277' title='bbox 596 4723 768 4794; x_wconf 86' lang='grc' dir='ltr'>νόμῳ,</span> <span class='ocrx_word' id='word_1_278' title='bbox 811 4723 940 4793; x_wconf 74' lang='grc' dir='ltr'>σκιᾷ</span> <span class='ocrx_word' id='word_1_279' title='bbox 987 4723 1080 4775; x_wconf 70' lang='grc' dir='ltr'><strong>καὶ</strong></span> <span class='ocrx_word' id='word_1_280' title='bbox 1133 4721 1421 4792; x_wconf 84' lang='grc' dir='ltr'>γράμματι</span> <span class='ocrx_word' id='word_1_281' title='bbox 1451 4723 1618 4776; x_wconf 86' lang='grc' dir='ltr'>τύπον</span> <span class='ocrx_word' id='word_1_282' title='bbox 1642 4723 1955 4793; x_wconf 87' lang='grc' dir='ltr'>κατείδομεν</span> 
     </span>
    </p>
   </div>
   <div class='ocr_carea' id='block_1_46' title="bbox 382 4815 1956 4887">
    <p class='ocr_par' dir='ltr' id='par_1_46' title="bbox 382 4815 1956 4887">
     <span class='ocr_line' id='line_1_46' title="bbox 382 4815 1956 4887; baseline 0 -19"><span class='ocrx_word' id='word_1_283' title='bbox 382 4817 433 4868; x_wconf 89' lang='grc' dir='ltr'><strong>οί</strong></span> <span class='ocrx_word' id='word_1_284' title='bbox 463 4816 664 4871; x_wconf 89' lang='grc' dir='ltr'>πιστοί.</span> <span class='ocrx_word' id='word_1_285' title='bbox 713 4817 829 4870; x_wconf 80' lang='grc' dir='ltr'><strong>Πᾶν</strong></span> <span class='ocrx_word' id='word_1_286' title='bbox 861 4817 1025 4887; x_wconf 82' lang='grc' dir='ltr'>ἄρσεν</span> <span class='ocrx_word' id='word_1_287' title='bbox 1055 4816 1127 4868; x_wconf 68' lang='grc' dir='ltr'><strong>τὺ</strong></span> <span class='ocrx_word' id='word_1_288' title='bbox 1139 4815 1237 4886; x_wconf 82' lang='grc' dir='ltr'>τὴν</span> <span class='ocrx_word' id='word_1_289' title='bbox 1274 4817 1485 4886; x_wconf 80' lang='grc' dir='ltr'>μήτραν</span> <span class='ocrx_word' id='word_1_290' title='bbox 1509 4817 1775 4884; x_wconf 88' lang='grc' dir='ltr'>διανοῖγον</span> <span class='ocrx_word' id='word_1_291' title='bbox 1802 4817 1956 4884; x_wconf 78' lang='grc' dir='ltr'>ἆγιον</span> 
     </span>
    </p>
   </div>
   <div class='ocr_carea' id='block_1_47' title="bbox 384 4906 1954 4978">
    <p class='ocr_par' dir='ltr' id='par_1_47' title="bbox 384 4906 1954 4978">
     <span class='ocr_line' id='line_1_47' title="bbox 384 4906 1954 4978; baseline 0.001 -20"><span class='ocrx_word' id='word_1_292' title='bbox 384 4906 524 4978; x_wconf 83' lang='grc' dir='ltr'>Θεῷ.</span> <span class='ocrx_word' id='word_1_293' title='bbox 555 4907 647 4959; x_wconf 83' lang='grc' dir='ltr'>Διὸ</span> <span class='ocrx_word' id='word_1_294' title='bbox 688 4908 1029 4978; x_wconf 86' lang='grc' dir='ltr'>πρωτότοκον</span> <span class='ocrx_word' id='word_1_295' title='bbox 1064 4907 1256 4974; x_wconf 85' lang='grc' dir='ltr'>Λόγον.</span> <span class='ocrx_word' id='word_1_296' title='bbox 1303 4907 1513 4976; x_wconf 83' lang='grc' dir='ltr'>Πατρὺς</span> <span class='ocrx_word' id='word_1_297' title='bbox 1539 4907 1774 4978; x_wconf 84' lang='grc' dir='ltr'>ἀνάρχου</span> <span class='ocrx_word' id='word_1_298' title='bbox 1806 4908 1954 4974; x_wconf 81' lang='grc' dir='ltr'>Υίδν,</span> 
     </span>
    </p>
   </div>
   <div class='ocr_carea' id='block_1_48' title="bbox 388 4996 1953 5070">
    <p class='ocr_par' dir='ltr' id='par_1_48' title="bbox 388 4996 1953 5070">
     <span class='ocr_line' id='line_1_48' title="bbox 388 4996 1953 5070; baseline 0.001 -20"><span class='ocrx_word' id='word_1_299' title='bbox 388 4996 732 5069; x_wconf 88' lang='grc' dir='ltr'>πρωτοτοκού</span> <span class='ocrx_word' id='word_1_300' title='bbox 743 5015 901 5070; x_wconf 91' lang='grc' dir='ltr'>μενον</span> <span class='ocrx_word' id='word_1_301' title='bbox 943 4999 1136 5069; x_wconf 81' lang='grc' dir='ltr'>μητέρι</span> <span class='ocrx_word' id='word_1_302' title='bbox 1160 4997 1534 5069; x_wconf 85' lang='grc' dir='ltr'>άπειράνδρως</span> <span class='ocrx_word' id='word_1_303' title='bbox 1566 4997 1831 5068; x_wconf 87' lang='grc' dir='ltr'>μεγαλύνο</span> <span class='ocrx_word' id='word_1_304' title='bbox 1838 5015 1953 5068; x_wconf 90' lang='grc' dir='ltr'>μεν.</span> 
     </span>
    </p>
   </div>
   <div class='ocr_carea' id='block_1_49' title="bbox 468 5173 1739 5246">
    <p class='ocr_par' dir='ltr' id='par_1_49' title="bbox 468 5173 1739 5246">
     <span class='ocr_line' id='line_1_49' title="bbox 468 5173 1739 5246; baseline -0.001 -19"><span class='ocrx_word' id='word_1_305' title='bbox 468 5173 990 5246; x_wconf 80' lang='grc' dir='ltr'>Ἐξαποστειλαριον.</span> <span class='ocrx_word' id='word_1_306' title='bbox 1049 5183 1092 5228; x_wconf 82' lang='lat' dir='ltr'>U</span> <span class='ocrx_word' id='word_1_307' title='bbox 1115 5173 1340 5244; x_wconf 79' lang='grc' dir='ltr'>ουρανὸν</span> <span class='ocrx_word' id='word_1_308' title='bbox 1366 5175 1477 5236; x_wconf 87' lang='grc' dir='ltr'>τοῖς</span> <span class='ocrx_word' id='word_1_309' title='bbox 1503 5173 1739 5243; x_wconf 82' lang='grc' dir='ltr'>ἄστροις.</span> 
     </span>
    </p>
   </div>
   <div class='ocr_carea' id='block_1_50' title="bbox 450 5343 1955 5415">
    <p class='ocr_par' dir='ltr' id='par_1_50' title="bbox 450 5343 1955 5415">
     <span class='ocr_line' id='line_1_50' title="bbox 450 5343 1955 5415; baseline 0 -17"><span class='ocrx_word' id='word_1_310' title='bbox 450 5344 532 5398; x_wconf 77' lang='grc' dir='ltr'><strong>Τὰ</strong></span> <span class='ocrx_word' id='word_1_311' title='bbox 546 5343 640 5398; x_wconf 84' lang='grc' dir='ltr'>τοῦ</span> <span class='ocrx_word' id='word_1_312' title='bbox 663 5345 839 5414; x_wconf 80' lang='grc' dir='ltr'>φωτὸς</span> <span class='ocrx_word' id='word_1_313' title='bbox 868 5346 1066 5415; x_wconf 86' lang='grc' dir='ltr'>δοχεῖα,</span> <span class='ocrx_word' id='word_1_314' title='bbox 1107 5343 1206 5408; x_wconf 80' lang='grc' dir='ltr'>τὰς</span> <span class='ocrx_word' id='word_1_315' title='bbox 1255 5344 1614 5414; x_wconf 83' lang='grc' dir='ltr'>φεγγοϐόλους</span> <span class='ocrx_word' id='word_1_316' title='bbox 1655 5344 1955 5413; x_wconf 76' lang='grc' dir='ltr'>ἀστραπὰς,</span> 
     </span>
    </p>
   </div>
   <div class='ocr_carea' id='block_1_51' title="bbox 386 5435 1959 5508">
    <p class='ocr_par' dir='ltr' id='par_1_51' title="bbox 386 5435 1959 5508">
     <span class='ocr_line' id='line_1_51' title="bbox 386 5435 1959 5508; baseline 0 -21"><span class='ocrx_word' id='word_1_317' title='bbox 386 5435 668 5492; x_wconf 83' lang='grc' dir='ltr'>Βασίλειον</span> <span class='ocrx_word' id='word_1_318' title='bbox 695 5436 790 5490; x_wconf 80' lang='grc' dir='ltr'>νῦν</span> <span class='ocrx_word' id='word_1_319' title='bbox 817 5437 908 5490; x_wconf 85' lang='grc' dir='ltr'><strong>τὸν</strong></span> <span class='ocrx_word' id='word_1_320' title='bbox 937 5438 1145 5504; x_wconf 88' lang='grc' dir='ltr'>Μέγαν,</span> <span class='ocrx_word' id='word_1_321' title='bbox 1172 5437 1467 5508; x_wconf 87' lang='grc' dir='ltr'>Γρηγόριον</span> <span class='ocrx_word' id='word_1_322' title='bbox 1500 5435 1776 5504; x_wconf 87' lang='grc' dir='ltr'>Θεολόγον,</span> <span class='ocrx_word' id='word_1_323' title='bbox 1811 5437 1959 5506; x_wconf 87' lang='grc' dir='ltr'>Χρυ-</span> 
     </span>
    </p>
   </div>
   <div class='ocr_carea' id='block_1_52' title="bbox 389 5526 1694 5599">
    <p class='ocr_par' dir='ltr' id='par_1_52' title="bbox 389 5526 1694 5599">
     <span class='ocr_line' id='line_1_52' title="bbox 389 5526 1694 5599; baseline 0 -18"><span class='ocrx_word' id='word_1_324' title='bbox 389 5526 651 5598; x_wconf 75' lang='grc' dir='ltr'>σόπομον</span> <span class='ocrx_word' id='word_1_325' title='bbox 700 5527 948 5599; x_wconf 83' lang='grc' dir='ltr'>Ἰωάννην</span> <span class='ocrx_word' id='word_1_326' title='bbox 973 5529 1447 5599; x_wconf 77' lang='grc' dir='ltr'>ἀνευφημὴσωμεν</span> <span class='ocrx_word' id='word_1_327' title='bbox 1476 5528 1694 5591; x_wconf 80' lang='grc' dir='ltr'>πάντες.</span> 
     </span>
    </p>
   </div>
   <div class='ocr_carea' id='block_1_53' title="bbox 956 5705 1409 5774">
    <p class='ocr_par' dir='ltr' id='par_1_53' title="bbox 956 5705 1409 5774">
     <span class='ocr_line' id='line_1_53' title="bbox 956 5705 1409 5774; baseline -0.004 -17"><span class='ocrx_word' id='word_1_328' title='bbox 956 5705 1178 5774; x_wconf 86' lang='grc' dir='ltr'>Ἕτερον</span> <span class='ocrx_word' id='word_1_329' title='bbox 1207 5705 1409 5774; x_wconf 84' lang='grc' dir='ltr'>ὅμοιον.</span> 
     </span>
    </p>
   </div>
   <div class='ocr_carea' id='block_1_54' title="bbox 472 5787 1959 5866">
    <p class='ocr_par' dir='ltr' id='par_1_54' title="bbox 472 5787 1959 5866">
     <span class='ocr_line' id='line_1_54' title="bbox 472 5787 1959 5866; baseline -0.001 -17"><span class='ocrx_word' id='word_1_330' title='bbox 472 5792 540 5849; x_wconf 87' lang='grc' dir='ltr'><em>Ἦ</em></span> <span class='ocrx_word' id='word_1_331' title='bbox 576 5795 750 5852; x_wconf 83' lang='grc' dir='ltr'>ὲνιαία</span> <span class='ocrx_word' id='word_1_332' title='bbox 779 5797 998 5865; x_wconf 83' lang='grc' dir='ltr'>Θεότης,</span> <span class='ocrx_word' id='word_1_333' title='bbox 1013 5797 1221 5866; x_wconf 85' lang='grc' dir='ltr'>Πατὴρ,</span> <span class='ocrx_word' id='word_1_334' title='bbox 1238 5793 1485 5862; x_wconf 79' lang='grc' dir='ltr'>Υἱὸς,κα“ι</span> <span class='ocrx_word' id='word_1_335' title='bbox 1499 5792 1557 5847; x_wconf 85' lang='grc' dir='ltr'><strong>τὸ</strong></span> <span class='ocrx_word' id='word_1_336' title='bbox 1571 5791 1791 5862; x_wconf 76' lang='grc' dir='ltr'>Πνεῦμα</span> <span class='ocrx_word' id='word_1_337' title='bbox 1807 5787 1959 5860; x_wconf 77' lang='grc' dir='ltr'>ἅγιον</span> 
     </span>
    </p>
   </div>
   <div class='ocr_carea' id='block_1_55' title="bbox 1603 4441 2150 4539">
    <p class='ocr_par' dir='ltr' id='par_1_55' title="bbox 1603 4441 2150 4539">
     <span class='ocr_line' id='line_1_55' title="bbox 1603 4441 2150 4539; baseline -0.009 -37"><span class='ocrx_word' id='word_1_338' title='bbox 1603 4450 1943 4503; x_wconf 76' lang='grc' dir='ltr'>Καταϐασία.</span> <span class='ocrx_word' id='word_1_339' title='bbox 1980 4482 2026 4539; x_wconf 80' lang='lat' dir='ltr'><strong>D</strong></span> <span class='ocrx_word' id='word_1_340' title='bbox 2053 4441 2150 4498; x_wconf 72' lang='lat' dir='ltr'><strong>vii.</strong></span> 
     </span>
    </p>
   </div>
   <div class='ocr_carea' id='block_1_56' title="bbox 3386 311 3586 354">
    <p class='ocr_par' dir='ltr' id='par_1_56' title="bbox 3386 311 3586 354">
     <span class='ocr_line' id='line_1_56' title="bbox 3386 311 3586 354; baseline -0.03 0"><span class='ocrx_word' id='word_1_341' title='bbox 3386 311 3586 354; x_wconf 62' lang='lat' dir='ltr'><strong>CCCLXV</strong></span> 
     </span>
    </p>
   </div>
   <div class='ocr_carea' id='block_1_57' title="bbox 2095 421 3595 505">
    <p class='ocr_par' dir='ltr' id='par_1_57' title="bbox 2095 421 3595 505">
     <span class='ocr_line' id='line_1_57' title="bbox 2095 421 3595 505; baseline -0.013 -14"><span class='ocrx_word' id='word_1_342' title='bbox 2095 438 2392 505; x_wconf 81' lang='lat' dir='ltr'><strong>Magniﬁca,</strong></span> <span class='ocrx_word' id='word_1_343' title='bbox 2454 434 2632 486; x_wconf 89' lang='lat' dir='ltr'><strong>anima</strong></span> <span class='ocrx_word' id='word_1_344' title='bbox 2684 445 2824 493; x_wconf 87' lang='lat' dir='ltr'><strong>mea,</strong></span> <span class='ocrx_word' id='word_1_345' title='bbox 2882 440 2976 482; x_wconf 82' lang='lat' dir='ltr'><strong>eos</strong></span> <span class='ocrx_word' id='word_1_346' title='bbox 3007 424 3099 494; x_wconf 90' lang='lat' dir='ltr'><strong>qui</strong></span> <span class='ocrx_word' id='word_1_347' title='bbox 3151 421 3595 479; x_wconf 76' lang='lat' dir='ltr'><strong>Cbristiexorna-</strong></span> 
     </span>
    </p>
   </div>
   <div class='ocr_carea' id='block_1_58' title="bbox 2035 528 2502 585">
    <p class='ocr_par' dir='ltr' id='par_1_58' title="bbox 2035 528 2502 585">
     <span class='ocr_line' id='line_1_58' title="bbox 2035 528 2502 585; baseline -0.009 0"><span class='ocrx_word' id='word_1_348' title='bbox 2035 544 2159 585; x_wconf 89' lang='lat' dir='ltr'><strong>vere</strong></span> <span class='ocrx_word' id='word_1_349' title='bbox 2183 528 2502 582; x_wconf 83' lang='lat' dir='ltr'><strong>Ecclesiam.</strong></span> 
     </span>
    </p>
   </div>
   <div class='ocr_carea' id='block_1_59' title="bbox 2116 593 3596 682">
    <p class='ocr_par' dir='ltr' id='par_1_59' title="bbox 2116 593 3596 682">
     <span class='ocr_line' id='line_1_59' title="bbox 2116 593 3596 682; baseline -0.021 -7"><span class='ocrx_word' id='word_1_350' title='bbox 2116 637 2207 673; x_wconf 83' lang='grc' dir='ltr'>-η</span> <span class='ocrx_word' id='word_1_351' title='bbox 2257 618 2434 680; x_wconf 62' lang='lat' dir='ltr'><strong>caelis,</strong></span> <span class='ocrx_word' id='word_1_352' title='bbox 2490 630 2523 669; x_wconf 90' lang='grc' dir='ltr'><strong>ο</strong></span> <span class='ocrx_word' id='word_1_353' title='bbox 2574 609 2816 682; x_wconf 83' lang='lat' dir='ltr'><strong>gloriosi,</strong></span> <span class='ocrx_word' id='word_1_354' title='bbox 2861 613 2980 661; x_wconf 89' lang='lat' dir='ltr'><strong>erat</strong></span> <span class='ocrx_word' id='word_1_355' title='bbox 3009 609 3186 654; x_wconf 83' lang='lat' dir='ltr'><strong>vestra</strong></span> <span class='ocrx_word' id='word_1_356' title='bbox 3237 593 3596 656; x_wconf 79' lang='lat' dir='ltr'><strong>conversatio,</strong></span> 
     </span>
    </p>
   </div>
   <div class='ocr_carea' id='block_1_60' title="bbox 2032 683 3596 769">
    <p class='ocr_par' dir='ltr' id='par_1_60' title="bbox 2032 683 3596 769">
     <span class='ocr_line' id='line_1_60' title="bbox 2032 683 3596 769; baseline -0.02 -4"><span class='ocrx_word' id='word_1_357' title='bbox 2032 725 2154 765; x_wconf 90' lang='lat' dir='ltr'><strong>cum</strong></span> <span class='ocrx_word' id='word_1_358' title='bbox 2183 707 2357 762; x_wconf 85' lang='lat' dir='ltr'><strong>adhuc</strong></span> <span class='ocrx_word' id='word_1_359' title='bbox 2388 719 2606 758; x_wconf 89' lang='lat' dir='ltr'><strong>carnem</strong></span> <span class='ocrx_word' id='word_1_360' title='bbox 2640 696 2929 769; x_wconf 84' lang='lat' dir='ltr'><strong>gestaretis</strong></span> <span class='ocrx_word' id='word_1_361' title='bbox 2968 688 3479 748; x_wconf 86' lang='lat' dir='ltr'><strong>incontaminatam;</strong></span> <span class='ocrx_word' id='word_1_362' title='bbox 3506 683 3596 735; x_wconf 89' lang='lat' dir='ltr'><strong>ubi</strong></span> 
     </span>
    </p>
   </div>
   <div class='ocr_carea' id='block_1_61' title="bbox 2035 785 3596 860">
    <p class='ocr_par' dir='ltr' id='par_1_61' title="bbox 2035 785 3596 860">
     <span class='ocr_line' id='line_1_61' title="bbox 2035 785 3596 860; baseline -0.02 -4"><span class='ocrx_word' id='word_1_363' title='bbox 2035 816 2179 856; x_wconf 84' lang='lat' dir='ltr'><strong>nunc</strong></span> <span class='ocrx_word' id='word_1_364' title='bbox 2210 814 2336 853; x_wconf 83' lang='lat' dir='ltr'><strong>vere</strong></span> <span class='ocrx_word' id='word_1_365' title='bbox 2365 795 2641 852; x_wconf 75' lang='lat' dir='ltr'><strong>habitatis.</strong></span> <span class='ocrx_word' id='word_1_366' title='bbox 2675 790 2817 860; x_wconf 86' lang='lat' dir='ltr'><strong>Ergo</strong></span> <span class='ocrx_word' id='word_1_367' title='bbox 2863 796 3015 841; x_wconf 87' lang='lat' dir='ltr'><strong>orate</strong></span> <span class='ocrx_word' id='word_1_368' title='bbox 3043 824 3059 848; x_wconf 94' lang='lat'><strong>,</strong></span> <span class='ocrx_word' id='word_1_369' title='bbox 3093 790 3150 834; x_wconf 89' lang='lat' dir='ltr'><strong>ut</strong></span> <span class='ocrx_word' id='word_1_370' title='bbox 3186 794 3285 834; x_wconf 89' lang='lat' dir='ltr'><strong>nos</strong></span> <span class='ocrx_word' id='word_1_371' title='bbox 3313 785 3596 830; x_wconf 64' lang='lat' dir='ltr'><strong>venantes</strong></span> 
     </span>
    </p>
   </div>
   <div class='ocr_carea' id='block_1_62' title="bbox 2033 880 3599 958">
    <p class='ocr_par' dir='ltr' id='par_1_62' title="bbox 2033 880 3599 958">
     <span class='ocr_line' id='line_1_62' title="bbox 2033 880 3599 958; baseline -0.021 -9"><span class='ocrx_word' id='word_1_372' title='bbox 2033 895 2090 948; x_wconf 91' lang='lat' dir='ltr'><strong>in</strong></span> <span class='ocrx_word' id='word_1_373' title='bbox 2139 891 2318 954; x_wconf 89' lang='lat' dir='ltr'><strong>terris,</strong></span> <span class='ocrx_word' id='word_1_374' title='bbox 2354 888 2631 958; x_wconf 83' lang='lat' dir='ltr'><strong>possimus</strong></span> <span class='ocrx_word' id='word_1_375' title='bbox 2665 897 2784 953; x_wconf 59' lang='lat' dir='ltr'><strong>quas</strong></span> <span class='ocrx_word' id='word_1_376' title='bbox 2821 891 3039 935; x_wconf 87' lang='lat' dir='ltr'><strong>sursum</strong></span> <span class='ocrx_word' id='word_1_377' title='bbox 3077 881 3202 929; x_wconf 90' lang='lat' dir='ltr'><strong>sunt</strong></span> <span class='ocrx_word' id='word_1_378' title='bbox 3227 883 3449 939; x_wconf 88' lang='lat' dir='ltr'><strong>sapere,</strong></span> <span class='ocrx_word' id='word_1_379' title='bbox 3479 880 3599 933; x_wconf 84' lang='lat' dir='ltr'><strong>quae</strong></span> 
     </span>
    </p>
   </div>
   <div class='ocr_carea' id='block_1_63' title="bbox 2033 955 3592 1048">
    <p class='ocr_par' dir='ltr' id='par_1_63' title="bbox 2033 955 3592 1048">
     <span class='ocr_line' id='line_1_63' title="bbox 2033 955 3592 1048; baseline -0.021 -8"><span class='ocrx_word' id='word_1_380' title='bbox 2033 999 2244 1040; x_wconf 83' lang='lat' dir='ltr'><strong>sursum</strong></span> <span class='ocrx_word' id='word_1_381' title='bbox 2276 990 2402 1035; x_wconf 89' lang='lat' dir='ltr'><strong>sunt</strong></span> <span class='ocrx_word' id='word_1_382' title='bbox 2432 991 2697 1048; x_wconf 66' lang='lat' dir='ltr'><strong>quaerere.</strong></span> <span class='ocrx_word' id='word_1_383' title='bbox 3347 955 3592 1014; x_wconf 79' lang='lat' dir='ltr'><strong>Mariale.</strong></span> 
     </span>
    </p>
   </div>
   <div class='ocr_carea' id='block_1_64' title="bbox 2104 1054 3218 1140">
    <p class='ocr_par' dir='ltr' id='par_1_64' title="bbox 2104 1054 3218 1140">
     <span class='ocr_line' id='line_1_64' title="bbox 2104 1054 3218 1140; baseline -0.019 -14"><span class='ocrx_word' id='word_1_384' title='bbox 2104 1071 2406 1140; x_wconf 77' lang='lat' dir='ltr'><strong>Magniﬁca,</strong></span> <span class='ocrx_word' id='word_1_385' title='bbox 2458 1067 2636 1120; x_wconf 85' lang='lat' dir='ltr'><strong>anima</strong></span> <span class='ocrx_word' id='word_1_386' title='bbox 2672 1075 2813 1125; x_wconf 88' lang='lat' dir='ltr'><strong>mea,</strong></span> <span class='ocrx_word' id='word_1_387' title='bbox 2838 1054 3218 1112; x_wconf 83' lang='lat' dir='ltr'><strong>venerandam.</strong></span> 
     </span>
    </p>
   </div>
   <div class='ocr_carea' id='block_1_65' title="bbox 2116 1136 3596 1232">
    <p class='ocr_par' dir='ltr' id='par_1_65' title="bbox 2116 1136 3596 1232">
     <span class='ocr_line' id='line_1_65' title="bbox 2116 1136 3596 1232; baseline -0.023 -11"><span class='ocrx_word' id='word_1_388' title='bbox 2116 1136 2363 1232; x_wconf 68' lang='lat' dir='ltr'><strong>mtringit</strong></span> <span class='ocrx_word' id='word_1_389' title='bbox 2429 1173 2517 1213; x_wconf 91' lang='lat' dir='ltr'><strong>me</strong></span> <span class='ocrx_word' id='word_1_390' title='bbox 2579 1169 2668 1211; x_wconf 90' lang='lat' dir='ltr'><strong>tua</strong></span> <span class='ocrx_word' id='word_1_391' title='bbox 2731 1149 3002 1212; x_wconf 86' lang='lat' dir='ltr'><strong>latitudo,</strong></span> <span class='ocrx_word' id='word_1_392' title='bbox 3068 1136 3596 1212; x_wconf 77' lang='lat' dir='ltr'><strong>magniﬁcentissima</strong></span> 
     </span>
    </p>
   </div>
   <div class='ocr_carea' id='block_1_66' title="bbox 2033 1229 3599 1317">
    <p class='ocr_par' dir='ltr' id='par_1_66' title="bbox 2033 1229 3599 1317">
     <span class='ocr_line' id='line_1_66' title="bbox 2033 1229 3599 1317; baseline -0.022 -9"><span class='ocrx_word' id='word_1_393' title='bbox 2033 1229 2309 1316; x_wconf 65' lang='lat' dir='ltr'><strong>Domina,</strong></span> <span class='ocrx_word' id='word_1_394' title='bbox 2352 1246 2826 1317; x_wconf 79' lang='lat' dir='ltr'><strong>magnitudineque</strong></span> <span class='ocrx_word' id='word_1_395' title='bbox 2875 1235 3106 1293; x_wconf 70' lang='lat' dir='ltr'><strong>suﬁ‘ocat</strong></span> <span class='ocrx_word' id='word_1_396' title='bbox 3139 1229 3438 1286; x_wconf 89' lang='lat' dir='ltr'><strong>orationem</strong></span> <span class='ocrx_word' id='word_1_397' title='bbox 3474 1264 3490 1288; x_wconf 92' lang='lat'><strong>,</strong></span> <span class='ocrx_word' id='word_1_398' title='bbox 3541 1231 3599 1278; x_wconf 92' lang='lat' dir='ltr'><strong>et</strong></span> 
     </span>
    </p>
   </div>
   <div class='ocr_carea' id='block_1_67' title="bbox 2035 1316 3589 1400">
    <p class='ocr_par' dir='ltr' id='par_1_67' title="bbox 2035 1316 3589 1400">
     <span class='ocr_line' id='line_1_67' title="bbox 2035 1316 3589 1400; baseline -0.021 0"><span class='ocrx_word' id='word_1_399' title='bbox 2035 1345 2168 1400; x_wconf 79' lang='lat' dir='ltr'><strong>milii</strong></span> <span class='ocrx_word' id='word_1_400' title='bbox 2224 1341 2471 1396; x_wconf 86' lang='lat' dir='ltr'><strong>mirabile</strong></span> <span class='ocrx_word' id='word_1_401' title='bbox 2539 1337 2738 1392; x_wconf 88' lang='lat' dir='ltr'><strong>accidit</strong></span> <span class='ocrx_word' id='word_1_402' title='bbox 2796 1331 3031 1399; x_wconf 63' lang='lat' dir='ltr'><strong>incipiam</strong></span> <span class='ocrx_word' id='word_1_403' title='bbox 3084 1323 3230 1378; x_wconf 90' lang='lat' dir='ltr'><strong>nasci</strong></span> <span class='ocrx_word' id='word_1_404' title='bbox 3290 1335 3356 1374; x_wconf 76' lang='lat' dir='ltr'><strong>ex</strong></span> <span class='ocrx_word' id='word_1_405' title='bbox 3411 1316 3589 1386; x_wconf 88' lang='lat' dir='ltr'><strong>copia.</strong></span> 
     </span>
    </p>
   </div>
   <div class='ocr_carea' id='block_1_68' title="bbox 2035 1408 3597 1498">
    <p class='ocr_par' dir='ltr' id='par_1_68' title="bbox 2035 1408 3597 1498">
     <span class='ocr_line' id='line_1_68' title="bbox 2035 1408 3597 1498; baseline -0.021 -8"><span class='ocrx_word' id='word_1_406' title='bbox 2035 1437 2158 1490; x_wconf 88' lang='lat' dir='ltr'><strong>Ideo</strong></span> <span class='ocrx_word' id='word_1_407' title='bbox 2190 1447 2314 1487; x_wconf 89' lang='lat' dir='ltr'><strong>eum</strong></span> <span class='ocrx_word' id='word_1_408' title='bbox 2372 1430 2462 1498; x_wconf 89' lang='lat' dir='ltr'><strong>qui</strong></span> <span class='ocrx_word' id='word_1_409' title='bbox 2501 1435 2555 1484; x_wconf 92' lang='lat' dir='ltr'><strong>te</strong></span> <span class='ocrx_word' id='word_1_410' title='bbox 2601 1435 2884 1494; x_wconf 88' lang='lat' dir='ltr'><strong>tantopere</strong></span> <span class='ocrx_word' id='word_1_411' title='bbox 2914 1415 3224 1487; x_wconf 84' lang='lat' dir='ltr'><strong>tnagniﬁcat</strong></span> <span class='ocrx_word' id='word_1_412' title='bbox 3255 1450 3272 1479; x_wconf 92' lang='lat'><strong>,</strong></span> <span class='ocrx_word' id='word_1_413' title='bbox 3337 1408 3597 1464; x_wconf 66' lang='lat' dir='ltr'><strong>1vloriﬁca-</strong></span> 
     </span>
    </p>
   </div>
   <div class='ocr_carea' id='block_1_69' title="bbox 2035 1541 2174 1579">
    <p class='ocr_par' dir='ltr' id='par_1_69' title="bbox 2035 1541 2174 1579">
     <span class='ocr_line' id='line_1_69' title="bbox 2035 1541 2174 1579; baseline -0.022 0"><span class='ocrx_word' id='word_1_414' title='bbox 2035 1541 2174 1579; x_wconf 76' lang='grc' dir='ltr'>ιηυε.</span> 
     </span>
    </p>
   </div>
   <div class='ocr_carea' id='block_1_70' title="bbox 2111 1588 3484 1677">
    <p class='ocr_par' dir='ltr' id='par_1_70' title="bbox 2111 1588 3484 1677">
     <span class='ocr_line' id='line_1_70' title="bbox 2111 1588 3484 1677; baseline -0.021 -9"><span class='ocrx_word' id='word_1_415' title='bbox 2111 1613 2291 1677; x_wconf 84' lang='lat' dir='ltr'><strong>Alius,</strong></span> <span class='ocrx_word' id='word_1_416' title='bbox 2326 1611 2466 1665; x_wconf 89' lang='lat' dir='ltr'><strong>sicut</strong></span> <span class='ocrx_word' id='word_1_417' title='bbox 2493 1647 2510 1675; x_wconf 89' lang='lat'><strong>,</strong></span> <span class='ocrx_word' id='word_1_418' title='bbox 2549 1603 2774 1672; x_wconf 76' lang='grc' dir='ltr'>Ἐξέστη</span> <span class='ocrx_word' id='word_1_419' title='bbox 2821 1599 2913 1653; x_wconf 73' lang='grc' dir='ltr'>ἐπὶ</span> <span class='ocrx_word' id='word_1_420' title='bbox 2959 1593 3131 1664; x_wconf 86' lang='grc' dir='ltr'>τούτῳ</span> <span class='ocrx_word' id='word_1_421' title='bbox 3178 1593 3207 1645; x_wconf 89' lang='grc' dir='ltr'><strong>ό</strong></span> <span class='ocrx_word' id='word_1_422' title='bbox 3243 1588 3484 1661; x_wconf 79' lang='grc' dir='ltr'>οὐρανός.</span> 
     </span>
    </p>
   </div>
   <div class='ocr_carea' id='block_1_71' title="bbox 2108 1766 3602 1862">
    <p class='ocr_par' dir='ltr' id='par_1_71' title="bbox 2108 1766 3602 1862">
     <span class='ocr_line' id='line_1_71' title="bbox 2108 1766 3602 1862; baseline -0.018 -15"><span class='ocrx_word' id='word_1_423' title='bbox 2108 1790 2408 1862; x_wconf 76' lang='lat' dir='ltr'><strong>Magniﬁca,</strong></span> <span class='ocrx_word' id='word_1_424' title='bbox 2462 1785 2642 1842; x_wconf 89' lang='lat' dir='ltr'><strong>anima</strong></span> <span class='ocrx_word' id='word_1_425' title='bbox 2700 1795 2862 1842; x_wconf 87' lang='lat' dir='ltr'><strong>mea,</strong></span> <span class='ocrx_word' id='word_1_426' title='bbox 2920 1775 3276 1832; x_wconf 66' lang='lat' dir='ltr'><strong>sanctissimae</strong></span> <span class='ocrx_word' id='word_1_427' title='bbox 3325 1766 3602 1824; x_wconf 90' lang='lat' dir='ltr'><strong>Trinitatis</strong></span> 
     </span>
    </p>
   </div>
   <div class='ocr_carea' id='block_1_72' title="bbox 2041 1892 2431 1952">
    <p class='ocr_par' dir='ltr' id='par_1_72' title="bbox 2041 1892 2431 1952">
     <span class='ocr_line' id='line_1_72' title="bbox 2041 1892 2431 1952; baseline -0.018 -12"><span class='ocrx_word' id='word_1_428' title='bbox 2041 1898 2148 1940; x_wconf 87' lang='lat' dir='ltr'><strong>tres</strong></span> <span class='ocrx_word' id='word_1_429' title='bbox 2173 1892 2431 1952; x_wconf 89' lang='lat' dir='ltr'><strong>pastores.</strong></span> 
     </span>
    </p>
   </div>
   <div class='ocr_carea' id='block_1_73' title="bbox 2108 1952 3601 2027">
    <p class='ocr_par' dir='ltr' id='par_1_73' title="bbox 2108 1952 3601 2027">
     <span class='ocr_line' id='line_1_73' title="bbox 2108 1952 3601 2027; baseline -0.016 0"><span class='ocrx_word' id='word_1_430' title='bbox 2108 1973 2232 2027; x_wconf 75' lang='grc'><strong>200.</strong></span> <span class='ocrx_word' id='word_1_431' title='bbox 2293 1968 2549 2025; x_wconf 89' lang='lat' dir='ltr'><strong>Sublimis</strong></span> <span class='ocrx_word' id='word_1_432' title='bbox 2601 1974 2684 2020; x_wconf 88' lang='lat' dir='ltr'><strong>est</strong></span> <span class='ocrx_word' id='word_1_433' title='bbox 2721 1959 3005 2016; x_wconf 87' lang='lat' dir='ltr'><strong>Trinitatis</strong></span> <span class='ocrx_word' id='word_1_434' title='bbox 3058 1959 3271 2020; x_wconf 85' lang='lat' dir='ltr'><strong>virtus,</strong></span> <span class='ocrx_word' id='word_1_435' title='bbox 3323 1963 3376 2008; x_wconf 91' lang='lat' dir='ltr'><strong>et</strong></span> <span class='ocrx_word' id='word_1_436' title='bbox 3434 1952 3601 2022; x_wconf 79' lang='lat' dir='ltr'><strong>gloria</strong></span> 
     </span>
    </p>
   </div>
   <div class='ocr_carea' id='block_1_74' title="bbox 2040 2046 3604 2131">
    <p class='ocr_par' dir='ltr' id='par_1_74' title="bbox 2040 2046 3604 2131">
     <span class='ocr_line' id='line_1_74' title="bbox 2040 2046 3604 2131; baseline -0.017 -11"><span class='ocrx_word' id='word_1_437' title='bbox 2040 2081 2134 2120; x_wconf 72' lang='lat' dir='ltr'><strong>sna</strong></span> <span class='ocrx_word' id='word_1_438' title='bbox 2163 2061 2450 2131; x_wconf 87' lang='lat' dir='ltr'><strong>complevit</strong></span> <span class='ocrx_word' id='word_1_439' title='bbox 2487 2058 2686 2113; x_wconf 90' lang='lat' dir='ltr'><strong>omnia.</strong></span> <span class='ocrx_word' id='word_1_440' title='bbox 2721 2055 2830 2110; x_wconf 87' lang='lat' dir='ltr'><strong>Sed</strong></span> <span class='ocrx_word' id='word_1_441' title='bbox 2884 2055 2937 2107; x_wconf 90' lang='lat' dir='ltr'><strong>in</strong></span> <span class='ocrx_word' id='word_1_442' title='bbox 2981 2051 3138 2105; x_wconf 85' lang='lat' dir='ltr'><strong>vobis</strong></span> <span class='ocrx_word' id='word_1_443' title='bbox 3182 2049 3339 2116; x_wconf 83' lang='lat' dir='ltr'><strong>longe</strong></span> <span class='ocrx_word' id='word_1_444' title='bbox 3387 2046 3492 2097; x_wconf 89' lang='lat' dir='ltr'><strong>alio</strong></span> <span class='ocrx_word' id='word_1_445' title='bbox 3549 2051 3604 2095; x_wconf 88' lang='lat' dir='ltr'><strong>et</strong></span> 
     </span>
    </p>
   </div>
   <div class='ocr_carea' id='block_1_75' title="bbox 2043 2133 3604 2223">
    <p class='ocr_par' dir='ltr' id='par_1_75' title="bbox 2043 2133 3604 2223">
     <span class='ocr_line' id='line_1_75' title="bbox 2043 2133 3604 2223; baseline -0.014 -15"><span class='ocrx_word' id='word_1_446' title='bbox 2043 2153 2310 2223; x_wconf 81' lang='lat' dir='ltr'><strong>tripartito</strong></span> <span class='ocrx_word' id='word_1_447' title='bbox 2357 2151 2566 2219; x_wconf 78' lang='lat' dir='ltr'><strong>fulgore</strong></span> <span class='ocrx_word' id='word_1_448' title='bbox 2595 2147 2838 2208; x_wconf 86' lang='lat' dir='ltr'><strong>emicat,</strong></span> <span class='ocrx_word' id='word_1_449' title='bbox 2887 2153 3147 2210; x_wconf 86' lang='lat' dir='ltr'><strong>tanquam</strong></span> <span class='ocrx_word' id='word_1_450' title='bbox 3199 2138 3252 2192; x_wconf 91' lang='lat' dir='ltr'><strong>in</strong></span> <span class='ocrx_word' id='word_1_451' title='bbox 3304 2133 3604 2202; x_wconf 80' lang='lat' dir='ltr'><strong>majoribus</strong></span> 
     </span>
    </p>
   </div>
   <div class='ocr_carea' id='block_1_76' title="bbox 2044 2231 3604 2302">
    <p class='ocr_par' dir='ltr' id='par_1_76' title="bbox 2044 2231 3604 2302">
     <span class='ocr_line' id='line_1_76' title="bbox 2044 2231 3604 2302; baseline -0.014 -1"><span class='ocrx_word' id='word_1_452' title='bbox 2044 2248 2206 2301; x_wconf 89' lang='lat' dir='ltr'><strong>radiis</strong></span> <span class='ocrx_word' id='word_1_453' title='bbox 2263 2253 2318 2297; x_wconf 89' lang='lat' dir='ltr'><strong>et</strong></span> <span class='ocrx_word' id='word_1_454' title='bbox 2371 2241 2684 2296; x_wconf 65' lang='lat' dir='ltr'><strong>coalestibus</strong></span> <span class='ocrx_word' id='word_1_455' title='bbox 2741 2250 3024 2293; x_wconf 89' lang='lat' dir='ltr'><strong>sacrorum</strong></span> <span class='ocrx_word' id='word_1_456' title='bbox 3078 2231 3604 2302; x_wconf 86' lang='lat' dir='ltr'><strong>principibus,.per</strong></span> 
     </span>
    </p>
   </div>
   <div class='ocr_carea' id='block_1_77' title="bbox 2041 2319 3606 2407">
    <p class='ocr_par' dir='ltr' id='par_1_77' title="bbox 2041 2319 3606 2407">
     <span class='ocr_line' id='line_1_77' title="bbox 2041 2319 3606 2407; baseline -0.013 -16"><span class='ocrx_word' id='word_1_457' title='bbox 2041 2353 2176 2407; x_wconf 68' lang='lat' dir='ltr'><strong>quos</strong></span> <span class='ocrx_word' id='word_1_458' title='bbox 2204 2336 2271 2391; x_wconf 90' lang='lat' dir='ltr'><strong>ad</strong></span> <span class='ocrx_word' id='word_1_459' title='bbox 2324 2334 2558 2390; x_wconf 71' lang='lat' dir='ltr'><strong>divinam</strong></span> <span class='ocrx_word' id='word_1_460' title='bbox 2608 2330 2752 2386; x_wconf 89' lang='lat' dir='ltr'><strong>illius</strong></span> <span class='ocrx_word' id='word_1_461' title='bbox 2799 2324 3310 2395; x_wconf 84' lang='lat' dir='ltr'><strong>contemplationem</strong></span> <span class='ocrx_word' id='word_1_462' title='bbox 3332 2321 3405 2389; x_wconf 90' lang='lat' dir='ltr'><strong>pii</strong></span> <span class='ocrx_word' id='word_1_463' title='bbox 3437 2319 3606 2374; x_wconf 80' lang='lat' dir='ltr'><strong>dedu-</strong></span> 
     </span>
    </p>
   </div>
   <div class='ocr_carea' id='block_1_78' title="bbox 2039 2445 2232 2486">
    <p class='ocr_par' dir='ltr' id='par_1_78' title="bbox 2039 2445 2232 2486">
     <span class='ocr_line' id='line_1_78' title="bbox 2039 2445 2232 2486; baseline -0.01 0"><span class='ocrx_word' id='word_1_464' title='bbox 2039 2445 2232 2486; x_wconf 73' lang='lat' dir='ltr'><strong>cunur.</strong></span> 
     </span>
    </p>
   </div>
   <div class='ocr_carea' id='block_1_79' title="bbox 2113 2503 3608 2590">
    <p class='ocr_par' dir='ltr' id='par_1_79' title="bbox 2113 2503 3608 2590">
     <span class='ocr_line' id='line_1_79' title="bbox 2113 2503 3608 2590; baseline -0.013 -16"><span class='ocrx_word' id='word_1_465' title='bbox 2113 2518 2414 2590; x_wconf 80' lang='lat' dir='ltr'><strong>Magniﬁca,</strong></span> <span class='ocrx_word' id='word_1_466' title='bbox 2462 2515 2640 2569; x_wconf 89' lang='lat' dir='ltr'><strong>anima</strong></span> <span class='ocrx_word' id='word_1_467' title='bbox 2685 2525 2828 2576; x_wconf 88' lang='lat' dir='ltr'><strong>mea,</strong></span> <span class='ocrx_word' id='word_1_468' title='bbox 2861 2523 2928 2564; x_wconf 79' lang='lat' dir='ltr'><strong>ex</strong></span> <span class='ocrx_word' id='word_1_469' title='bbox 2954 2507 3147 2578; x_wconf 89' lang='lat' dir='ltr'><strong>triplici</strong></span> <span class='ocrx_word' id='word_1_470' title='bbox 3179 2505 3291 2561; x_wconf 92' lang='lat' dir='ltr'><strong>sole</strong></span> <span class='ocrx_word' id='word_1_471' title='bbox 3339 2503 3439 2558; x_wconf 88' lang='lat' dir='ltr'><strong>tria</strong></span> <span class='ocrx_word' id='word_1_472' title='bbox 3491 2517 3608 2557; x_wconf 88' lang='lat' dir='ltr'><strong>ma-</strong></span> 
     </span>
    </p>
   </div>
   <div class='ocr_carea' id='block_1_80' title="bbox 2043 2611 2474 2686">
    <p class='ocr_par' dir='ltr' id='par_1_80' title="bbox 2043 2611 2474 2686">
     <span class='ocr_line' id='line_1_80' title="bbox 2043 2611 2474 2686; baseline -0.016 -17"><span class='ocrx_word' id='word_1_473' title='bbox 2043 2630 2145 2686; x_wconf 73' lang='lat' dir='ltr'><strong>gna</strong></span> <span class='ocrx_word' id='word_1_474' title='bbox 2172 2611 2474 2666; x_wconf 85' lang='lat' dir='ltr'><strong>luminaria.</strong></span> 
     </span>
    </p>
   </div>
   <div class='ocr_carea' id='block_1_81' title="bbox 2113 2688 3610 2766">
    <p class='ocr_par' dir='ltr' id='par_1_81' title="bbox 2113 2688 3610 2766">
     <span class='ocr_line' id='line_1_81' title="bbox 2113 2688 3610 2766; baseline -0.013 -8"><span class='ocrx_word' id='word_1_475' title='bbox 2113 2703 2300 2766; x_wconf 79' lang='lat' dir='ltr'><strong>Nullus</strong></span> <span class='ocrx_word' id='word_1_476' title='bbox 2347 2717 2414 2756; x_wconf 78' lang='lat' dir='ltr'><strong>ex</strong></span> <span class='ocrx_word' id='word_1_477' title='bbox 2465 2699 2550 2754; x_wconf 86' lang='lat' dir='ltr'><strong>bis</strong></span> <span class='ocrx_word' id='word_1_478' title='bbox 2597 2696 2770 2752; x_wconf 86' lang='lat' dir='ltr'><strong>tribus</strong></span> <span class='ocrx_word' id='word_1_479' title='bbox 2801 2702 2945 2749; x_wconf 91' lang='lat' dir='ltr'><strong>tenet</strong></span> <span class='ocrx_word' id='word_1_480' title='bbox 2972 2690 3380 2755; x_wconf 47' lang='lat' dir='ltr'><strong>secundasysed</strong></span> <span class='ocrx_word' id='word_1_481' title='bbox 3409 2688 3610 2758; x_wconf 86' lang='lat' dir='ltr'><strong>primas</strong></span> 
     </span>
    </p>
   </div>
   <div class='ocr_carea' id='block_1_82' title="bbox 2045 2777 3588 2857">
    <p class='ocr_par' dir='ltr' id='par_1_82' title="bbox 2045 2777 3588 2857">
     <span class='ocr_line' id='line_1_82' title="bbox 2045 2777 3588 2857; baseline -0.014 -6"><span class='ocrx_word' id='word_1_482' title='bbox 2045 2805 2230 2851; x_wconf 84' lang='lat' dir='ltr'><strong>tenent</strong></span> <span class='ocrx_word' id='word_1_483' title='bbox 2266 2806 2492 2856; x_wconf 88' lang='lat' dir='ltr'><strong>omnes;</strong></span> <span class='ocrx_word' id='word_1_484' title='bbox 2519 2804 2640 2845; x_wconf 87' lang='lat' dir='ltr'><strong>cum</strong></span> <span class='ocrx_word' id='word_1_485' title='bbox 2694 2787 2900 2857; x_wconf 85' lang='lat' dir='ltr'><strong>primus</strong></span> <span class='ocrx_word' id='word_1_486' title='bbox 2955 2799 3059 2838; x_wconf 91' lang='lat' dir='ltr'><strong>non</strong></span> <span class='ocrx_word' id='word_1_487' title='bbox 3103 2784 3174 2836; x_wconf 87' lang='lat' dir='ltr'><strong>sit</strong></span> <span class='ocrx_word' id='word_1_488' title='bbox 3206 2782 3293 2850; x_wconf 89' lang='lat' dir='ltr'><strong>qui</strong></span> <span class='ocrx_word' id='word_1_489' title='bbox 3327 2795 3481 2848; x_wconf 89' lang='lat' dir='ltr'><strong>pares</strong></span> <span class='ocrx_word' id='word_1_490' title='bbox 3517 2777 3588 2830; x_wconf 84' lang='lat' dir='ltr'><strong>ho</strong></span> 
     </span>
    </p>
   </div>
   <div class='ocr_carea' id='block_1_83' title="bbox 2046 2871 3606 2955">
    <p class='ocr_par' dir='ltr' id='par_1_83' title="bbox 2046 2871 3606 2955">
     <span class='ocr_line' id='line_1_83' title="bbox 2046 2871 3606 2955; baseline -0.012 -12"><span class='ocrx_word' id='word_1_491' title='bbox 2046 2903 2176 2946; x_wconf 76' lang='lat' dir='ltr'><strong>nare</strong></span> <span class='ocrx_word' id='word_1_492' title='bbox 2197 2892 2501 2955; x_wconf 77' lang='lat' dir='ltr'><strong>exsuperet.</strong></span> <span class='ocrx_word' id='word_1_493' title='bbox 2528 2881 2668 2948; x_wconf 86' lang='lat' dir='ltr'><strong>Quin</strong></span> <span class='ocrx_word' id='word_1_494' title='bbox 2701 2878 2877 2948; x_wconf 83' lang='lat' dir='ltr'><strong>potius</strong></span> <span class='ocrx_word' id='word_1_495' title='bbox 2915 2875 3051 2928; x_wconf 84' lang='lat' dir='ltr'><strong>alter</strong></span> <span class='ocrx_word' id='word_1_496' title='bbox 3081 2874 3300 2927; x_wconf 88' lang='lat' dir='ltr'><strong>alterius</strong></span> <span class='ocrx_word' id='word_1_497' title='bbox 3328 2871 3606 2924; x_wconf 82' lang='lat' dir='ltr'><strong>victoriam</strong></span> 
     </span>
    </p>
   </div>
   <div class='ocr_carea' id='block_1_84' title="bbox 2045 2963 3608 3048">
    <p class='ocr_par' dir='ltr' id='par_1_84' title="bbox 2045 2963 3608 3048">
     <span class='ocr_line' id='line_1_84' title="bbox 2045 2963 3608 3048; baseline -0.013 -14"><span class='ocrx_word' id='word_1_498' title='bbox 2045 2995 2166 3034; x_wconf 62' lang='grc' dir='ltr'><strong>Μ]</strong></span> <span class='ocrx_word' id='word_1_499' title='bbox 2193 2977 2386 3048; x_wconf 87' lang='lat' dir='ltr'><strong>gaudio</strong></span> <span class='ocrx_word' id='word_1_500' title='bbox 2414 2973 2545 3028; x_wconf 81' lang='lat' dir='ltr'><strong>facit</strong></span> <span class='ocrx_word' id='word_1_501' title='bbox 2569 2987 2719 3025; x_wconf 88' lang='lat' dir='ltr'><strong>suam</strong></span> <span class='ocrx_word' id='word_1_502' title='bbox 2752 2988 2766 3024; x_wconf 86' lang='lat'><strong>:</strong></span> <span class='ocrx_word' id='word_1_503' title='bbox 2799 2983 2971 3048; x_wconf 79' lang='lat' dir='ltr'><strong>neque</strong></span> <span class='ocrx_word' id='word_1_504' title='bbox 2997 2968 3138 3021; x_wconf 86' lang='lat' dir='ltr'><strong>enim</strong></span> <span class='ocrx_word' id='word_1_505' title='bbox 3165 2966 3235 3019; x_wconf 89' lang='lat' dir='ltr'><strong>ibi</strong></span> <span class='ocrx_word' id='word_1_506' title='bbox 3269 2965 3416 3017; x_wconf 84' lang='lat' dir='ltr'><strong>locus</strong></span> <span class='ocrx_word' id='word_1_507' title='bbox 3448 2963 3608 3017; x_wconf 87' lang='lat' dir='ltr'><strong>relin-</strong></span> 
     </span>
    </p>
   </div>
   <div class='ocr_carea' id='block_1_85' title="bbox 2049 3059 3523 3128">
    <p class='ocr_par' dir='ltr' id='par_1_85' title="bbox 2049 3059 3523 3128">
     <span class='ocr_line' id='line_1_85' title="bbox 2049 3059 3523 3128; baseline -0.01 -3"><span class='ocrx_word' id='word_1_508' title='bbox 2049 3071 2230 3124; x_wconf 77' lang='lat' dir='ltr'><strong>ouitur</strong></span> <span class='ocrx_word' id='word_1_509' title='bbox 2281 3067 2470 3122; x_wconf 83' lang='lat' dir='ltr'><strong>audaci</strong></span> <span class='ocrx_word' id='word_1_510' title='bbox 2505 3064 2743 3128; x_wconf 68' lang='lat' dir='ltr'><strong>invidiae,</strong></span> <span class='ocrx_word' id='word_1_511' title='bbox 2773 3061 3116 3116; x_wconf 84' lang='lat' dir='ltr'><strong>labefactanti</strong></span> <span class='ocrx_word' id='word_1_512' title='bbox 3162 3059 3523 3113; x_wconf 66' lang='lat' dir='ltr'><strong>concordiam.</strong></span> 
     </span>
    </p>
   </div>
   <div class='ocr_carea' id='block_1_86' title="bbox 3405 3145 3604 3202">
    <p class='ocr_par' dir='ltr' id='par_1_86' title="bbox 3405 3145 3604 3202">
     <span class='ocr_line' id='line_1_86' title="bbox 3405 3145 3604 3202; baseline 0 0"><span class='ocrx_word' id='word_1_513' title='bbox 3405 3145 3604 3202; x_wconf 80' lang='lat' dir='ltr'><strong>Gloria.</strong></span> 
     </span>
    </p>
   </div>
   <div class='ocr_carea' id='block_1_87' title="bbox 2117 3239 3610 3320">
    <p class='ocr_par' dir='ltr' id='par_1_87' title="bbox 2117 3239 3610 3320">
     <span class='ocr_line' id='line_1_87' title="bbox 2117 3239 3610 3320; baseline -0.009 -15"><span class='ocrx_word' id='word_1_514' title='bbox 2117 3249 2421 3320; x_wconf 82' lang='lat' dir='ltr'><strong>Magniﬁca,</strong></span> <span class='ocrx_word' id='word_1_515' title='bbox 2469 3245 2648 3300; x_wconf 88' lang='lat' dir='ltr'><strong>anima</strong></span> <span class='ocrx_word' id='word_1_516' title='bbox 2701 3258 2855 3309; x_wconf 87' lang='lat' dir='ltr'><strong>mea,</strong></span> <span class='ocrx_word' id='word_1_517' title='bbox 2907 3242 3063 3298; x_wconf 86' lang='lat' dir='ltr'><strong>unius</strong></span> <span class='ocrx_word' id='word_1_518' title='bbox 3118 3241 3402 3296; x_wconf 73' lang='lat' dir='ltr'><strong>individua:</strong></span> <span class='ocrx_word' id='word_1_519' title='bbox 3435 3239 3610 3292; x_wconf 83' lang='lat' dir='ltr'><strong>Deita-</strong></span> 
     </span>
    </p>
   </div>
   <div class='ocr_carea' id='block_1_88' title="bbox 2049 3335 3009 3409">
    <p class='ocr_par' dir='ltr' id='par_1_88' title="bbox 2049 3335 3009 3409">
     <span class='ocr_line' id='line_1_88' title="bbox 2049 3335 3009 3409; baseline -0.007 -13"><span class='ocrx_word' id='word_1_520' title='bbox 2049 3343 2118 3398; x_wconf 89' lang='lat' dir='ltr'><strong>tis</strong></span> <span class='ocrx_word' id='word_1_521' title='bbox 2148 3343 2202 3396; x_wconf 90' lang='lat' dir='ltr'><strong>in</strong></span> <span class='ocrx_word' id='word_1_522' title='bbox 2232 3341 2404 3394; x_wconf 88' lang='lat' dir='ltr'><strong>tribus</strong></span> <span class='ocrx_word' id='word_1_523' title='bbox 2428 3336 2676 3409; x_wconf 85' lang='lat' dir='ltr'><strong>personis</strong></span> <span class='ocrx_word' id='word_1_524' title='bbox 2701 3335 3009 3404; x_wconf 86' lang='lat' dir='ltr'><strong>potentiam.</strong></span> 
     </span>
    </p>
   </div>
   <div class='ocr_carea' id='block_1_89' title="bbox 2116 3425 3610 3503">
    <p class='ocr_par' dir='ltr' id='par_1_89' title="bbox 2116 3425 3610 3503">
     <span class='ocr_line' id='line_1_89' title="bbox 2116 3425 3610 3503; baseline -0.009 -13"><span class='ocrx_word' id='word_1_525' title='bbox 2116 3435 2412 3503; x_wconf 76' lang='lat' dir='ltr'><strong>Postquam</strong></span> <span class='ocrx_word' id='word_1_526' title='bbox 2467 3431 2638 3500; x_wconf 88' lang='lat' dir='ltr'><strong>pietas</strong></span> <span class='ocrx_word' id='word_1_527' title='bbox 2691 3436 2872 3496; x_wconf 87' lang='lat' dir='ltr'><strong>patres</strong></span> <span class='ocrx_word' id='word_1_528' title='bbox 2894 3429 3280 3498; x_wconf 88' lang='lat' dir='ltr'><strong>primogenitos</strong></span> <span class='ocrx_word' id='word_1_529' title='bbox 3336 3441 3461 3481; x_wconf 88' lang='lat' dir='ltr'><strong>suos</strong></span> <span class='ocrx_word' id='word_1_530' title='bbox 3512 3425 3610 3478; x_wconf 88' lang='lat' dir='ltr'><strong>de-</strong></span> 
     </span>
    </p>
   </div>
   <div class='ocr_carea' id='block_1_90' title="bbox 2050 3517 3609 3593">
    <p class='ocr_par' dir='ltr' id='par_1_90' title="bbox 2050 3517 3609 3593">
     <span class='ocr_line' id='line_1_90' title="bbox 2050 3517 3609 3593; baseline -0.01 -10"><span class='ocrx_word' id='word_1_531' title='bbox 2050 3528 2240 3592; x_wconf 85' lang='lat' dir='ltr'><strong>clarat,</strong></span> <span class='ocrx_word' id='word_1_532' title='bbox 2266 3539 2452 3581; x_wconf 89' lang='lat' dir='ltr'><strong>eorum</strong></span> <span class='ocrx_word' id='word_1_533' title='bbox 2489 3538 2588 3593; x_wconf 84' lang='lat' dir='ltr'><strong>Ope</strong></span> <span class='ocrx_word' id='word_1_534' title='bbox 2622 3522 2762 3577; x_wconf 90' lang='lat' dir='ltr'><strong>ﬁlios</strong></span> <span class='ocrx_word' id='word_1_535' title='bbox 2795 3521 2928 3574; x_wconf 85' lang='lat' dir='ltr'><strong>lucis</strong></span> <span class='ocrx_word' id='word_1_536' title='bbox 2960 3530 3200 3590; x_wconf 85' lang='lat' dir='ltr'><strong>generat,</strong></span> <span class='ocrx_word' id='word_1_537' title='bbox 3255 3534 3411 3572; x_wconf 90' lang='lat' dir='ltr'><strong>veros</strong></span> <span class='ocrx_word' id='word_1_538' title='bbox 3439 3517 3609 3570; x_wconf 89' lang='lat' dir='ltr'><strong>incul-</strong></span> 
     </span>
    </p>
   </div>
   <div class='ocr_carea' id='block_1_91' title="bbox 2048 3611 3608 3689">
    <p class='ocr_par' dir='ltr' id='par_1_91' title="bbox 2048 3611 3608 3689">
     <span class='ocr_line' id='line_1_91' title="bbox 2048 3611 3608 3689; baseline -0.008 -16"><span class='ocrx_word' id='word_1_539' title='bbox 2048 3630 2308 3689; x_wconf 86' lang='lat' dir='ltr'><strong>patosque</strong></span> <span class='ocrx_word' id='word_1_540' title='bbox 2331 3632 2392 3670; x_wconf 90' lang='lat' dir='ltr'><strong>ac</strong></span> <span class='ocrx_word' id='word_1_541' title='bbox 2420 3615 2688 3684; x_wconf 84' lang='lat' dir='ltr'><strong>perfectos</strong></span> <span class='ocrx_word' id='word_1_542' title='bbox 2719 3613 2948 3682; x_wconf 90' lang='lat' dir='ltr'><strong>Spiritu,</strong></span> <span class='ocrx_word' id='word_1_543' title='bbox 2977 3614 3066 3680; x_wconf 88' lang='lat' dir='ltr'><strong>qui</strong></span> <span class='ocrx_word' id='word_1_544' title='bbox 3103 3613 3267 3664; x_wconf 86' lang='lat' dir='ltr'><strong>vitam</strong></span> <span class='ocrx_word' id='word_1_545' title='bbox 3296 3611 3346 3664; x_wconf 90' lang='lat' dir='ltr'><strong>in</strong></span> <span class='ocrx_word' id='word_1_546' title='bbox 3372 3612 3504 3678; x_wconf 82' lang='lat' dir='ltr'><strong>ipsis</strong></span> <span class='ocrx_word' id='word_1_547' title='bbox 3529 3611 3608 3662; x_wconf 91' lang='lat' dir='ltr'><strong>lo-</strong></span> 
     </span>
    </p>
   </div>
   <div class='ocr_carea' id='block_1_92' title="bbox 2050 3705 3609 3782">
    <p class='ocr_par' dir='ltr' id='par_1_92' title="bbox 2050 3705 3609 3782">
     <span class='ocr_line' id='line_1_92' title="bbox 2050 3705 3609 3782; baseline -0.007 -16"><span class='ocrx_word' id='word_1_548' title='bbox 2050 3712 2256 3782; x_wconf 88' lang='lat' dir='ltr'><strong>quitur,</strong></span> <span class='ocrx_word' id='word_1_549' title='bbox 2275 3719 2330 3764; x_wconf 87' lang='lat' dir='ltr'><strong>et</strong></span> <span class='ocrx_word' id='word_1_550' title='bbox 2358 3709 2490 3779; x_wconf 90' lang='lat' dir='ltr'><strong>petit</strong></span> <span class='ocrx_word' id='word_1_551' title='bbox 2514 3708 2564 3760; x_wconf 91' lang='lat' dir='ltr'><strong>in</strong></span> <span class='ocrx_word' id='word_1_552' title='bbox 2590 3706 2750 3761; x_wconf 89' lang='lat' dir='ltr'><strong>ﬁnem</strong></span> <span class='ocrx_word' id='word_1_553' title='bbox 2785 3719 2955 3773; x_wconf 84' lang='lat' dir='ltr'><strong>usque</strong></span> <span class='ocrx_word' id='word_1_554' title='bbox 2986 3705 3189 3759; x_wconf 88' lang='lat' dir='ltr'><strong>servari</strong></span> <span class='ocrx_word' id='word_1_555' title='bbox 3221 3717 3427 3773; x_wconf 85' lang='lat' dir='ltr'><strong>pacem,</strong></span> <span class='ocrx_word' id='word_1_556' title='bbox 3453 3717 3609 3772; x_wconf 66' lang='lat' dir='ltr'><strong>quam</strong></span> 
     </span>
    </p>
   </div>
   <div class='ocr_carea' id='block_1_93' title="bbox 2050 3803 2722 3872">
    <p class='ocr_par' dir='ltr' id='par_1_93' title="bbox 2050 3803 2722 3872">
     <span class='ocr_line' id='line_1_93' title="bbox 2050 3803 2722 3872; baseline -0.009 -16"><span class='ocrx_word' id='word_1_557' title='bbox 2050 3806 2116 3858; x_wconf 91' lang='lat' dir='ltr'><strong>ab</strong></span> <span class='ocrx_word' id='word_1_558' title='bbox 2143 3803 2275 3872; x_wconf 88' lang='lat' dir='ltr'><strong>ipsis</strong></span> <span class='ocrx_word' id='word_1_559' title='bbox 2299 3809 2586 3854; x_wconf 86' lang='lat' dir='ltr'><strong>consecuta</strong></span> <span class='ocrx_word' id='word_1_560' title='bbox 2617 3807 2722 3854; x_wconf 90' lang='lat' dir='ltr'><strong>est.</strong></span> 
     </span>
    </p>
   </div>
   <div class='ocr_carea' id='block_1_94' title="bbox 2199 3892 2460 3944">
    <p class='ocr_par' dir='ltr' id='par_1_94' title="bbox 2199 3892 2460 3944">
     <span class='ocr_line' id='line_1_94' title="bbox 2199 3892 2460 3944; baseline -0.008 0"><span class='ocrx_word' id='word_1_561' title='bbox 2199 3892 2265 3944; x_wconf 90' lang='lat' dir='ltr'><strong>Et</strong></span> <span class='ocrx_word' id='word_1_562' title='bbox 2298 3905 2460 3943; x_wconf 93' lang='lat' dir='ltr'><strong>nunc.</strong></span> 
     </span>
    </p>
   </div>
   <div class='ocr_carea' id='block_1_95' title="bbox 2122 3977 3199 4049">
    <p class='ocr_par' dir='ltr' id='par_1_95' title="bbox 2122 3977 3199 4049">
     <span class='ocr_line' id='line_1_95' title="bbox 2122 3977 3199 4049; baseline -0.005 -16"><span class='ocrx_word' id='word_1_563' title='bbox 2122 3979 2425 4049; x_wconf 82' lang='lat' dir='ltr'><strong>Magniﬁca,</strong></span> <span class='ocrx_word' id='word_1_564' title='bbox 2451 3977 2626 4030; x_wconf 88' lang='lat' dir='ltr'><strong>anima</strong></span> <span class='ocrx_word' id='word_1_565' title='bbox 2651 3990 2791 4042; x_wconf 88' lang='lat' dir='ltr'><strong>mea,</strong></span> <span class='ocrx_word' id='word_1_566' title='bbox 2817 3988 3199 4030; x_wconf 81' lang='lat' dir='ltr'><strong>venerandam.</strong></span> 
     </span>
    </p>
   </div>
   <div class='ocr_carea' id='block_1_96' title="bbox 2121 4066 3618 4135">
    <p class='ocr_par' dir='ltr' id='par_1_96' title="bbox 2121 4066 3618 4135">
     <span class='ocr_line' id='line_1_96' title="bbox 2121 4066 3618 4135; baseline -0.007 -7"><span class='ocrx_word' id='word_1_567' title='bbox 2121 4073 2315 4128; x_wconf 80' lang='lat' dir='ltr'><strong>Filium</strong></span> <span class='ocrx_word' id='word_1_568' title='bbox 2352 4071 2444 4124; x_wconf 88' lang='lat' dir='ltr'><strong>Dei</strong></span> <span class='ocrx_word' id='word_1_569' title='bbox 2476 4070 2602 4133; x_wconf 89' lang='lat' dir='ltr'><strong>vivi,</strong></span> <span class='ocrx_word' id='word_1_570' title='bbox 2648 4085 2680 4123; x_wconf 90' lang='grc' dir='ltr'><strong>ο</strong></span> <span class='ocrx_word' id='word_1_571' title='bbox 2707 4067 2898 4131; x_wconf 79' lang='lat' dir='ltr'><strong>Mater,</strong></span> <span class='ocrx_word' id='word_1_572' title='bbox 2917 4081 3034 4121; x_wconf 90' lang='lat' dir='ltr'><strong>esse</strong></span> <span class='ocrx_word' id='word_1_573' title='bbox 3067 4066 3230 4119; x_wconf 88' lang='lat' dir='ltr'><strong>ﬁlium</strong></span> <span class='ocrx_word' id='word_1_574' title='bbox 3279 4075 3425 4120; x_wconf 91' lang='lat' dir='ltr'><strong>tuum</strong></span> <span class='ocrx_word' id='word_1_575' title='bbox 3481 4081 3618 4135; x_wconf 66' lang='lat' dir='ltr'><strong>prrs-</strong></span> 
     </span>
    </p>
   </div>
   <div class='ocr_carea' id='block_1_97' title="bbox 2050 4157 3613 4232">
    <p class='ocr_par' dir='ltr' id='par_1_97' title="bbox 2050 4157 3613 4232">
     <span class='ocr_line' id='line_1_97' title="bbox 2050 4157 3613 4232; baseline -0.005 -13"><span class='ocrx_word' id='word_1_576' title='bbox 2050 4165 2248 4220; x_wconf 88' lang='lat' dir='ltr'><strong>dicavit</strong></span> <span class='ocrx_word' id='word_1_577' title='bbox 2277 4163 2600 4232; x_wconf 86' lang='lat' dir='ltr'><strong>sapientium</strong></span> <span class='ocrx_word' id='word_1_578' title='bbox 2646 4160 2927 4214; x_wconf 87' lang='lat' dir='ltr'><strong>doctorum</strong></span> <span class='ocrx_word' id='word_1_579' title='bbox 2961 4173 3119 4226; x_wconf 86' lang='lat' dir='ltr'><strong>apex,</strong></span> <span class='ocrx_word' id='word_1_580' title='bbox 3155 4157 3256 4212; x_wconf 88' lang='lat' dir='ltr'><strong>hoc</strong></span> <span class='ocrx_word' id='word_1_581' title='bbox 3283 4173 3310 4209; x_wconf 91' lang='lat' dir='ltr'><strong>a</strong></span> <span class='ocrx_word' id='word_1_582' title='bbox 3341 4158 3613 4211; x_wconf 71' lang='lat' dir='ltr'><strong>revelante</strong></span> 
     </span>
    </p>
   </div>
   <div class='ocr_carea' id='block_1_98' title="bbox 2052 4235 3614 4318">
    <p class='ocr_par' dir='ltr' id='par_1_98' title="bbox 2052 4235 3614 4318">
     <span class='ocr_line' id='line_1_98' title="bbox 2052 4235 3614 4318; baseline -0.003 -7"><span class='ocrx_word' id='word_1_583' title='bbox 2052 4257 2216 4312; x_wconf 85' lang='lat' dir='ltr'><strong>Patre</strong></span> <span class='ocrx_word' id='word_1_584' title='bbox 2243 4254 2484 4317; x_wconf 85' lang='lat' dir='ltr'><strong>edoctus,</strong></span> <span class='ocrx_word' id='word_1_585' title='bbox 2518 4269 2622 4306; x_wconf 88' lang='lat' dir='ltr'><strong>non</strong></span> <span class='ocrx_word' id='word_1_586' title='bbox 2642 4267 2671 4304; x_wconf 90' lang='lat' dir='ltr'><strong>a</strong></span> <span class='ocrx_word' id='word_1_587' title='bbox 2699 4235 2862 4304; x_wconf 74' lang='lat' dir='ltr'><strong>carne</strong></span> <span class='ocrx_word' id='word_1_588' title='bbox 2889 4259 2942 4304; x_wconf 90' lang='lat' dir='ltr'><strong>et</strong></span> <span class='ocrx_word' id='word_1_589' title='bbox 2994 4251 3277 4318; x_wconf 86' lang='lat' dir='ltr'><strong>sanguine.</strong></span> <span class='ocrx_word' id='word_1_590' title='bbox 3308 4250 3484 4317; x_wconf 87' lang='lat' dir='ltr'><strong>Quare</strong></span> <span class='ocrx_word' id='word_1_591' title='bbox 3543 4261 3614 4313; x_wconf 81' lang='lat' dir='ltr'><strong>te,</strong></span> 
     </span>
    </p>
   </div>
   <div class='ocr_carea' id='block_1_99' title="bbox 2062 4341 3620 4418">
    <p class='ocr_par' dir='ltr' id='par_1_99' title="bbox 2062 4341 3620 4418">
     <span class='ocr_line' id='line_1_99' title="bbox 2062 4341 3620 4418; baseline -0.004 -19"><span class='ocrx_word' id='word_1_592' title='bbox 2062 4347 2334 4418; x_wconf 78' lang='lat' dir='ltr'><strong>Virginem</strong></span> <span class='ocrx_word' id='word_1_593' title='bbox 2374 4343 2598 4398; x_wconf 83' lang='lat' dir='ltr'><strong>Matrem</strong></span> <span class='ocrx_word' id='word_1_594' title='bbox 2631 4353 2684 4396; x_wconf 91' lang='lat' dir='ltr'><strong>et</strong></span> <span class='ocrx_word' id='word_1_595' title='bbox 2708 4343 3016 4411; x_wconf 88' lang='lat' dir='ltr'><strong>Deiparam,</strong></span> <span class='ocrx_word' id='word_1_596' title='bbox 3046 4341 3278 4411; x_wconf 89' lang='lat' dir='ltr'><strong>gloriose</strong></span> <span class='ocrx_word' id='word_1_597' title='bbox 3309 4342 3620 4411; x_wconf 81' lang='lat' dir='ltr'><strong>magniﬁca-</strong></span> 
     </span>
    </p>
   </div>
   <div class='ocr_carea' id='block_1_100' title="bbox 3307 4431 3613 4485">
    <p class='ocr_par' dir='ltr' id='par_1_100' title="bbox 3307 4431 3613 4485">
     <span class='ocr_line' id='line_1_100' title="bbox 3307 4431 3613 4485; baseline -0.007 -1"><span class='ocrx_word' id='word_1_598' title='bbox 3307 4431 3613 4485; x_wconf 81' lang='lat' dir='ltr'><strong>Catabasia.</strong></span> 
     </span>
    </p>
   </div>
   <div class='ocr_carea' id='block_1_101' title="bbox 2125 4525 3620 4596">
    <p class='ocr_par' dir='ltr' id='par_1_101' title="bbox 2125 4525 3620 4596">
     <span class='ocr_line' id='line_1_101' title="bbox 2125 4525 3620 4596; baseline -0.007 -9"><span class='ocrx_word' id='word_1_599' title='bbox 2125 4533 2221 4588; x_wconf 90' lang='lat' dir='ltr'><strong>Dei</strong></span> <span class='ocrx_word' id='word_1_600' title='bbox 2264 4529 2531 4593; x_wconf 84' lang='lat' dir='ltr'><strong>Genitrix,</strong></span> <span class='ocrx_word' id='word_1_601' title='bbox 2563 4542 2684 4596; x_wconf 85' lang='lat' dir='ltr'><strong>spes</strong></span> <span class='ocrx_word' id='word_1_602' title='bbox 2727 4525 3152 4579; x_wconf 85' lang='lat' dir='ltr'><strong>Christianorum</strong></span> <span class='ocrx_word' id='word_1_603' title='bbox 3183 4525 3444 4588; x_wconf 86' lang='lat' dir='ltr'><strong>omnium,</strong></span> <span class='ocrx_word' id='word_1_604' title='bbox 3495 4537 3620 4590; x_wconf 90' lang='lat' dir='ltr'><strong>pro-</strong></span> 
     </span>
    </p>
   </div>
   <div class='ocr_carea' id='block_1_102' title="bbox 2055 4615 3221 4692">
    <p class='ocr_par' dir='ltr' id='par_1_102' title="bbox 2055 4615 3221 4692">
     <span class='ocr_line' id='line_1_102' title="bbox 2055 4615 3221 4692; baseline -0.011 -14"><span class='ocrx_word' id='word_1_605' title='bbox 2055 4633 2207 4692; x_wconf 84' lang='lat' dir='ltr'><strong>tege.</strong></span> <span class='ocrx_word' id='word_1_606' title='bbox 2243 4619 2490 4680; x_wconf 78' lang='lat' dir='ltr'><strong>defende,</strong></span> <span class='ocrx_word' id='word_1_607' title='bbox 2521 4615 2730 4670; x_wconf 88' lang='lat' dir='ltr'><strong>custodi</strong></span> <span class='ocrx_word' id='word_1_608' title='bbox 2753 4624 3032 4682; x_wconf 88' lang='lat' dir='ltr'><strong>sperantes</strong></span> <span class='ocrx_word' id='word_1_609' title='bbox 3063 4615 3114 4668; x_wconf 92' lang='lat' dir='ltr'><strong>in</strong></span> <span class='ocrx_word' id='word_1_610' title='bbox 3151 4623 3221 4666; x_wconf 91' lang='lat' dir='ltr'><strong>te.</strong></span> 
     </span>
    </p>
   </div>
   <div class='ocr_carea' id='block_1_103' title="bbox 2152 4703 3618 4781">
    <p class='ocr_par' dir='ltr' id='par_1_103' title="bbox 2152 4703 3618 4781">
     <span class='ocr_line' id='line_1_103' title="bbox 2152 4703 3618 4781; baseline -0.01 -13"><span class='ocrx_word' id='word_1_611' title='bbox 2152 4715 2208 4768; x_wconf 90' lang='lat' dir='ltr'><strong>ln</strong></span> <span class='ocrx_word' id='word_1_612' title='bbox 2244 4713 2377 4781; x_wconf 85' lang='lat' dir='ltr'><strong>lege,</strong></span> <span class='ocrx_word' id='word_1_613' title='bbox 2423 4711 2610 4762; x_wconf 88' lang='lat' dir='ltr'><strong>umbra</strong></span> <span class='ocrx_word' id='word_1_614' title='bbox 2661 4716 2719 4761; x_wconf 88' lang='lat' dir='ltr'><strong>et</strong></span> <span class='ocrx_word' id='word_1_615' title='bbox 2766 4707 2946 4760; x_wconf 89' lang='lat' dir='ltr'><strong>littera</strong></span> <span class='ocrx_word' id='word_1_616' title='bbox 2984 4715 3166 4775; x_wconf 84' lang='lat' dir='ltr'><strong>typum</strong></span> <span class='ocrx_word' id='word_1_617' title='bbox 3197 4705 3376 4757; x_wconf 84' lang='lat' dir='ltr'><strong>fideles</strong></span> <span class='ocrx_word' id='word_1_618' title='bbox 3402 4703 3618 4771; x_wconf 62' lang='lat' dir='ltr'><strong>constii-</strong></span> 
     </span>
    </p>
   </div>
   <div class='ocr_carea' id='block_1_104' title="bbox 2057 4795 3617 4863">
    <p class='ocr_par' dir='ltr' id='par_1_104' title="bbox 2057 4795 3617 4863">
     <span class='ocr_line' id='line_1_104' title="bbox 2057 4795 3617 4863; baseline -0.012 0"><span class='ocrx_word' id='word_1_619' title='bbox 2057 4811 2232 4863; x_wconf 89' lang='lat' dir='ltr'><strong>cimus</strong></span> <span class='ocrx_word' id='word_1_620' title='bbox 2263 4822 2276 4857; x_wconf 90' lang='lat'><strong>:</strong></span> <span class='ocrx_word' id='word_1_621' title='bbox 2310 4802 2482 4856; x_wconf 91' lang='lat' dir='ltr'><strong>Omne</strong></span> <span class='ocrx_word' id='word_1_622' title='bbox 2507 4798 2868 4852; x_wconf 89' lang='lat' dir='ltr'><strong>masculinum</strong></span> <span class='ocrx_word' id='word_1_623' title='bbox 2901 4797 3216 4863; x_wconf 86' lang='lat' dir='ltr'><strong>adaperiens</strong></span> <span class='ocrx_word' id='word_1_624' title='bbox 3245 4795 3458 4848; x_wconf 91' lang='lat' dir='ltr'><strong>vulvam</strong></span> <span class='ocrx_word' id='word_1_625' title='bbox 3491 4809 3617 4847; x_wconf 88' lang='lat' dir='ltr'><strong>san-</strong></span> 
     </span>
    </p>
   </div>
   <div class='ocr_carea' id='block_1_105' title="bbox 2057 4886 3622 4957">
    <p class='ocr_par' dir='ltr' id='par_1_105' title="bbox 2057 4886 3622 4957">
     <span class='ocr_line' id='line_1_105' title="bbox 2057 4886 3622 4957; baseline -0.01 -4"><span class='ocrx_word' id='word_1_626' title='bbox 2057 4909 2201 4953; x_wconf 89' lang='lat' dir='ltr'><strong>ctum</strong></span> <span class='ocrx_word' id='word_1_627' title='bbox 2243 4895 2353 4948; x_wconf 88' lang='lat' dir='ltr'><strong>Deo</strong></span> <span class='ocrx_word' id='word_1_628' title='bbox 2377 4901 2479 4945; x_wconf 89' lang='lat' dir='ltr'><strong>est.</strong></span> <span class='ocrx_word' id='word_1_629' title='bbox 2513 4891 2722 4943; x_wconf 87' lang='lat' dir='ltr'><strong>Idcirco</strong></span> <span class='ocrx_word' id='word_1_630' title='bbox 2765 4888 3182 4957; x_wconf 85' lang='lat' dir='ltr'><strong>primogenitum</strong></span> <span class='ocrx_word' id='word_1_631' title='bbox 3216 4886 3469 4949; x_wconf 88' lang='lat' dir='ltr'><strong>Verbum,</strong></span> <span class='ocrx_word' id='word_1_632' title='bbox 3523 4887 3622 4939; x_wconf 69' lang='lat' dir='ltr'><strong>l’a-</strong></span> 
     </span>
    </p>
   </div>
   <div class='ocr_carea' id='block_1_106' title="bbox 2058 4977 3627 5048">
    <p class='ocr_par' dir='ltr' id='par_1_106' title="bbox 2058 4977 3627 5048">
     <span class='ocr_line' id='line_1_106' title="bbox 2058 4977 3627 5048; baseline -0.009 -6"><span class='ocrx_word' id='word_1_633' title='bbox 2058 4989 2154 5042; x_wconf 85' lang='lat' dir='ltr'><strong>tris</strong></span> <span class='ocrx_word' id='word_1_634' title='bbox 2179 4985 2363 5040; x_wconf 60' lang='grc' dir='ltr'>πιοτηί</span> <span class='ocrx_word' id='word_1_635' title='bbox 2399 4981 2616 5046; x_wconf 86' lang='lat' dir='ltr'><strong>Filium,</strong></span> <span class='ocrx_word' id='word_1_636' title='bbox 2643 4979 3057 5048; x_wconf 85' lang='lat' dir='ltr'><strong>primogenitum</strong></span> <span class='ocrx_word' id='word_1_637' title='bbox 3086 4992 3113 5030; x_wconf 89' lang='lat' dir='ltr'><strong>a</strong></span> <span class='ocrx_word' id='word_1_638' title='bbox 3147 4989 3319 5031; x_wconf 87' lang='lat' dir='ltr'><strong>matre</strong></span> <span class='ocrx_word' id='word_1_639' title='bbox 3343 4977 3457 5031; x_wconf 88' lang='lat' dir='ltr'><strong>sine</strong></span> <span class='ocrx_word' id='word_1_640' title='bbox 3481 4979 3627 5040; x_wconf 75' lang='lat' dir='ltr'><strong>viro,</strong></span> 
     </span>
    </p>
   </div>
   <div class='ocr_carea' id='block_1_107' title="bbox 2057 5077 2482 5142">
    <p class='ocr_par' dir='ltr' id='par_1_107' title="bbox 2057 5077 2482 5142">
     <span class='ocr_line' id='line_1_107' title="bbox 2057 5077 2482 5142; baseline -0.012 -11"><span class='ocrx_word' id='word_1_641' title='bbox 2057 5077 2482 5142; x_wconf 88' lang='lat' dir='ltr'><strong>magniﬁcamus.</strong></span> 
     </span>
    </p>
   </div>
   <div class='ocr_carea' id='block_1_108' title="bbox 3230 3883 3462 3938">
    <p class='ocr_par' dir='ltr' id='par_1_108' title="bbox 3230 3883 3462 3938">
     <span class='ocr_line' id='line_1_108' title="bbox 3230 3883 3462 3938; baseline 0.004 -1"><span class='ocrx_word' id='word_1_642' title='bbox 3230 3883 3462 3938; x_wconf 86' lang='lat' dir='ltr'><strong>Mariale.</strong></span> 
     </span>
    </p>
   </div>
   <div class='ocr_carea' id='block_1_109' title="bbox 2127 5179 3548 5257">
    <p class='ocr_par' dir='ltr' id='par_1_109' title="bbox 2127 5179 3548 5257">
     <span class='ocr_line' id='line_1_109' title="bbox 2127 5179 3548 5257; baseline -0.011 -14"><span class='ocrx_word' id='word_1_643' title='bbox 2127 5186 2600 5257; x_wconf 79' lang='lat' dir='ltr'><strong>Exapostilarium,</strong></span> <span class='ocrx_word' id='word_1_644' title='bbox 2635 5184 2796 5250; x_wconf 87' lang='lat' dir='ltr'><strong>sicut,</strong></span> <span class='ocrx_word' id='word_1_645' title='bbox 2844 5181 2902 5236; x_wconf 91' lang='grc' dir='ltr'>Ὁ</span> <span class='ocrx_word' id='word_1_646' title='bbox 2931 5180 3155 5252; x_wconf 79' lang='grc' dir='ltr'>ουρανὸν</span> <span class='ocrx_word' id='word_1_647' title='bbox 3175 5181 3286 5241; x_wconf 86' lang='grc' dir='ltr'>τοῖς</span> <span class='ocrx_word' id='word_1_648' title='bbox 3309 5179 3548 5248; x_wconf 80' lang='grc' dir='ltr'>ἄστροις.</span> 
     </span>
    </p>
   </div>
   <div class='ocr_carea' id='block_1_110' title="bbox 2127 5288 3634 5362">
    <p class='ocr_par' dir='ltr' id='par_1_110' title="bbox 2127 5288 3634 5362">
     <span class='ocr_line' id='line_1_110' title="bbox 2127 5288 3634 5362; baseline -0.013 -9"><span class='ocrx_word' id='word_1_649' title='bbox 2127 5298 2255 5353; x_wconf 75' lang='lat'><strong>201.</strong></span> <span class='ocrx_word' id='word_1_650' title='bbox 2324 5297 2565 5351; x_wconf 91' lang='lat' dir='ltr'><strong>Luminis</strong></span> <span class='ocrx_word' id='word_1_651' title='bbox 2603 5292 3218 5362; x_wconf 73' lang='lat' dir='ltr'><strong>receptacula,fnlgura</strong></span> <span class='ocrx_word' id='word_1_652' title='bbox 3279 5289 3448 5342; x_wconf 88' lang='lat' dir='ltr'><strong>lucem</strong></span> <span class='ocrx_word' id='word_1_653' title='bbox 3508 5288 3634 5339; x_wconf 83' lang='lat' dir='ltr'><strong>cvi--</strong></span> 
     </span>
    </p>
   </div>
   <div class='ocr_carea' id='block_1_111' title="bbox 2058 5379 3625 5452">
    <p class='ocr_par' dir='ltr' id='par_1_111' title="bbox 2058 5379 3625 5452">
     <span class='ocr_line' id='line_1_111' title="bbox 2058 5379 3625 5452; baseline -0.01 -5"><span class='ocrx_word' id='word_1_654' title='bbox 2058 5392 2317 5452; x_wconf 85' lang='lat' dir='ltr'><strong>brantia,</strong></span> <span class='ocrx_word' id='word_1_655' title='bbox 2374 5387 2630 5442; x_wconf 88' lang='lat' dir='ltr'><strong>Basilium</strong></span> <span class='ocrx_word' id='word_1_656' title='bbox 2690 5386 2963 5452; x_wconf 83' lang='lat' dir='ltr'><strong>Magnum,</strong></span> <span class='ocrx_word' id='word_1_657' title='bbox 3012 5383 3333 5451; x_wconf 89' lang='lat' dir='ltr'><strong>Gregorium</strong></span> <span class='ocrx_word' id='word_1_658' title='bbox 3395 5379 3625 5432; x_wconf 78' lang='lat' dir='ltr'><strong>Theolo-</strong></span> 
     </span>
    </p>
   </div>
   <div class='ocr_carea' id='block_1_112' title="bbox 2060 5468 3636 5548">
    <p class='ocr_par' dir='ltr' id='par_1_112' title="bbox 2060 5468 3636 5548">
     <span class='ocr_line' id='line_1_112' title="bbox 2060 5468 3636 5548; baseline -0.007 -18"><span class='ocrx_word' id='word_1_659' title='bbox 2060 5494 2182 5548; x_wconf 89' lang='lat' dir='ltr'><strong>gnm</strong></span> <span class='ocrx_word' id='word_1_660' title='bbox 2215 5515 2231 5541; x_wconf 92' lang='lat'><strong>,</strong></span> <span class='ocrx_word' id='word_1_661' title='bbox 2266 5475 2721 5545; x_wconf 82' lang='lat' dir='ltr'><strong>Chrysostomum</strong></span> <span class='ocrx_word' id='word_1_662' title='bbox 2771 5471 3033 5526; x_wconf 84' lang='lat' dir='ltr'><strong>Joannem</strong></span> <span class='ocrx_word' id='word_1_663' title='bbox 3067 5511 3083 5538; x_wconf 93' lang='lat'><strong>,</strong></span> <span class='ocrx_word' id='word_1_664' title='bbox 3120 5485 3309 5526; x_wconf 88' lang='lat' dir='ltr'><strong>omnes</strong></span> <span class='ocrx_word' id='word_1_665' title='bbox 3356 5468 3636 5526; x_wconf 83' lang='lat' dir='ltr'><strong>collaude—.</strong></span> 
     </span>
    </p>
   </div>
   <div class='ocr_carea' id='block_1_113' title="bbox 2063 5584 2201 5624">
    <p class='ocr_par' dir='ltr' id='par_1_113' title="bbox 2063 5584 2201 5624">
     <span class='ocr_line' id='line_1_113' title="bbox 2063 5584 2201 5624; baseline -0.014 0"><span class='ocrx_word' id='word_1_666' title='bbox 2063 5584 2201 5624; x_wconf 78' lang='lat' dir='ltr'><strong>Inus.</strong></span> 
     </span>
    </p>
   </div>
   <div class='ocr_carea' id='block_1_114' title="bbox 2647 5646 3033 5730">
    <p class='ocr_par' dir='ltr' id='par_1_114' title="bbox 2647 5646 3033 5730">
     <span class='ocr_line' id='line_1_114' title="bbox 2647 5646 3033 5730; baseline -0.005 0"><span class='ocrx_word' id='word_1_667' title='bbox 2647 5675 2800 5730; x_wconf 83' lang='lat' dir='ltr'><strong>Aliud</strong></span> <span class='ocrx_word' id='word_1_668' title='bbox 2831 5646 3033 5729; x_wconf 79' lang='lat' dir='ltr'><strong>simile.</strong></span> 
     </span>
    </p>
   </div>
   <div class='ocr_carea' id='block_1_115' title="bbox 2139 5781 3633 5859">
    <p class='ocr_par' dir='ltr' id='par_1_115' title="bbox 2139 5781 3633 5859">
     <span class='ocr_line' id='line_1_115' title="bbox 2139 5781 3633 5859; baseline -0.008 -11"><span class='ocrx_word' id='word_1_669' title='bbox 2139 5789 2255 5848; x_wconf 84' lang='lat' dir='ltr'><strong>Una</strong></span> <span class='ocrx_word' id='word_1_670' title='bbox 2317 5790 2497 5848; x_wconf 81' lang='lat' dir='ltr'><strong>Deitas</strong></span> <span class='ocrx_word' id='word_1_671' title='bbox 2533 5828 2548 5859; x_wconf 91' lang='lat'><strong>,</strong></span> <span class='ocrx_word' id='word_1_672' title='bbox 2601 5787 2776 5856; x_wconf 86' lang='lat' dir='ltr'><strong>Pater,</strong></span> <span class='ocrx_word' id='word_1_673' title='bbox 2833 5786 2970 5856; x_wconf 84' lang='lat' dir='ltr'><strong>Fili,</strong></span> <span class='ocrx_word' id='word_1_674' title='bbox 3012 5794 3083 5859; x_wconf 84' lang='lat' dir='ltr'><strong>et</strong></span> <span class='ocrx_word' id='word_1_675' title='bbox 3123 5783 3356 5854; x_wconf 86' lang='lat' dir='ltr'><strong>Spiritus</strong></span> <span class='ocrx_word' id='word_1_676' title='bbox 3389 5789 3575 5841; x_wconf 81' lang='lat' dir='ltr'><strong>sancte</strong></span> <span class='ocrx_word' id='word_1_677' title='bbox 3602 5781 3633 5850; x_wconf 77' lang='lat'><strong>,&#39;</strong></span> 
     </span>
    </p>
   </div>
  </div>
