4076 6226
525 347 742 389 CCCLX“

1836 332 2362 388 PBOLEGOMENA.

525 451 782 521 precibus
810 447 1015 516 Basilii,
1048 447 1294 520 Gregorii
1325 459 1381 504 et
1428 449 1674 517 Joannis,
1707 461 1762 506 et
1789 462 1951 507 casta:
1995 451 2087 507 Dei

2196 455 2312 516 ταῖς
2347 450 2625 505 Βασιλείου
2666 450 3000 522 πρεσϐείαις,
3037 449 3333 522 Γρηγορίου
3374 452 3465 506 καὶ
3490 451 3767 519 Ἰωάννου,

523 539 830 607 Genitricis,
865 555 969 596 non
998 555 1216 611 separer
1241 557 1270 596 a
1301 553 1388 598 tua
1425 544 1617 614 gloria.

1090 632 1310 689 Mariale
1339 636 1536 690 simile.

589 722 734 776 Auro
794 722 1067 792 implicata
1119 725 1326 788 turris,
1389 726 1670 781 duodecim
1727 725 1895 780 muris
1975 726 2086 780 cir-

520 821 794 882 cumsepta
845 816 1040 870 civitas
1072 859 1086 884 ,
1135 832 1167 873 e
1210 817 1478 874 solaribus
1523 819 1692 874 stiriis
1744 827 2090 887 coagmenta-

521 911 630 957 tum
700 905 914 970 solium,
971 908 1168 977 regalis
1233 911 1432 974 sedes,
1499 912 1799 980 prodigium
1869 910 2082 980 fugiens

2192 542 2400 611 καὶτῆς
2431 542 2600 611 ἁγνῆς
2626 540 2909 606 Θεοτόκου,
2932 540 3005 612 μὴ
3034 539 3286 611 χωρισθῶ
3303 540 3401 611 τῆς
3432 542 3528 612 σῆς
3552 541 3740 612 δόξης.

2710 631 2993 684 Θεοτόκιον
3035 633 3240 701 ὅμοιον.

2261 722 2758 794 Χρυσοπλοκώτατε
2815 725 3011 796 πύργε,
3065 725 3158 777 καὶ
3199 723 3548 794 δωδεκάτειχε
3578 722 3762 786 πόλις,

2187 814 2576 886 ἡλιοστάλακτε
2620 813 2798 884 θρόνε,
2825 813 3062 884 καθέδρα
3103 813 3192 867 τοῦ
3239 813 3516 884 βασιλέως,
3560 815 3769 866 ἀκατα-

2188 905 2376 974 νόητον
2398 903 2599 975 θαῦμα,
2631 903 2747 966 πῶς
2779 903 3062 976 γαλουχεῖς
3089 905 3180 958 τὸν
3219 904 3524 975 Δεσπότην;

520 993 690 1046 aciem
717 994 1065 1066 intelligendi,
1097 1003 1365 1068 quomodo
1399 1000 1534 1056 lacte
1575 1009 1671 1057 tuo
1715 1001 1888 1056 nutris
1912 1001 2084 1056 Domi-

519 1097 644 1137 num
672 1083 696 1136 ‘l

587 1169 812 1240 Oportet
857 1183 1032 1228 autem
1069 1177 1229 1237 scire,
1281 1173 1424 1241 quod
1464 1175 1528 1227 ad
1568 1176 1704 1230 oden
1755 1194 1948 1234 nonam
1983 1180 2076 1236 ﬁat

520 1261 799 1315 inclinatio
830 1263 1075 1332 corporis
1132 1275 1302 1331 usque
1337 1262 1404 1316 ad
1438 1271 1661 1328 terram,
1687 1267 1849 1337 idque
1879 1283 1909 1322 a
1942 1270 2080 1324 duo-

520 1352 620 1404 bus
647 1351 827 1406 choris
857 1352 1035 1404 simul.

585 1439 715 1493 202.
745 1440 920 1494 Const.
965 1441 1086 1493 llcec
1115 1439 1358 1511 corporis
1391 1438 1694 1502 inclinatio,
1739 1455 1856 1508 quae
1883 1441 1941 1495 iit
1977 1441 2043 1494 ad
2089 1450 2290 1511 terram
2321 1455 2514 1511 usque,
2541 1440 2840 1510 appellatur
2865 1440 3064 1510 passim
3103 1440 3155 1494 in
3190 1440 3489 1497 Ritualibus
3519 1441 3742 1497 Graeco-

519 1526 636 1562 rntn
675 1511 824 1563 libris
857 1510 1128 1564 Μετάνοια
1187 1509 1433 1580 μεγάλη,
1481 1527 1499 1557 t
1537 1513 1839 1580 reverentia
1875 1511 2090 1579 major:
2121 1531 2138 1563 ι
2180 1510 2270 1564 illa
2307 1509 2427 1580 qua}
2454 1509 2624 1580 usque
2645 1513 2709 1565 ad
2758 1509 3091 1580 terraminon
3123 1511 3205 1576 lit,
3235 1511 3532 1580 appellatur
3555 1513 3760 1566 ibidem

523 1579 693 1650 μικρά
725 1597 741 1629 t
769 1581 1334 1650 minornquandoque
1367 1579 1526 1631 etiam
1547 1580 1590 1650 fl;
1629 1579 1862 1650 συνήθης
1901 1581 2087 1650 μετάνε

2192 1598 2209 1632 ι
2251 1579 2547 1635 reverentia
2576 1590 2850 1635 consueta.
2881 1599 2899 1632 ι
2947 1579 3098 1634 Unde
3129 1581 3378 1650 quaelibet
3415 1600 3433 1632 ι
3475 1583 3763 1636 inclinatio

525 1647 770 1722 corporis
810 1669 827 1699 ι
869 1647 1403 1722 dicitursitnpliciter
1428 1647 1704 1722 μετάνοια.
1735 1647 1951 1722 ΕιἸιιξΞε
1981 1652 2087 1722 quit

2192 1670 2197 1704 |
2239 1665 2337 1704 vox
2367 1651 2646 1722 μετάνοια,
2685 1665 2750 1704 ex
2777 1650 3030 1722 primmva
3065 1647 3160 1704 sua
3201 1649 3559 1722 institutione,
3592 1669 3614 1702 ι
3645 1668 3764 1722 pce-

528 1719 806 1771 nitentiam
856 1738 874 1770 ι
905 1719 1213 1790 signiﬁcat:
1253 1719 1344 1790 sed
1367 1719 1478 1785 jam
1513 1720 1652 1790 apud
1700 1719 2237 1790 monachosGrzecos
2271 1719 2542 1787 signiﬁcat
2570 1719 2789 1789 quoque
2809 1720 3005 1790 dictam
3035 1721 3428 1790 reverentiam;
3469 1719 3762 1790 propterea

525 1791 687 1854 quod,
713 1803 832 1841 cum
873 1789 1092 1843 humilis
1121 1789 1192 1843 sit
1225 1798 1279 1841 et
1307 1789 1593 1849 laboriosa,
1627 1788 1680 1840 in
1713 1789 1970 1843 mulctam
1998 1805 2326 1858 poenamque
2361 1788 2711 1858 peccatorum
2757 1805 2784 1843 a
2827 1788 3032 1844 Graecis
3060 1789 3257 1857 imponi
3287 1788 3482 1844 soleat.
3509 1788 3585 1845 Et
3625 1807 3765 1846 vero

521 1859 660 1926 quod
691 1872 886 1931 corpus
916 1874 1019 1912 non
1061 1873 1247 1931 parum
1279 1857 2447 1931 debilitaturAhujusmodiincurvationihus,
2492 1867 2638 1931 pat_et
2671 1873 2734 1912 ex
2768 1859 3366 1931 illo_ptoc_hoprodromi
3397 1861 3450 1913 in
3490 1861 3763 1931 hegume-

519 1943 644 1999 n_utn
677 1941 741 1981 ex
774 1925 889 1999 cod.
922 1945 1022 1999 ms.
1050 1928 1130 1999 Τὰ
1155 1927 1359 1999 γόνατα
1377 1944 1490 1999 μου
1523 1925 1825 1997 ἠσθένησαν
1856 1928 1964 1981 ἀπὸ
1993 1930 2087 1999 τῆς

2192 1929 2450 1992 ετανοίας,
2491 1925 2516 1999 ξ
2553 1928 2736 1982 Genua
2787 1928 2917 1982 mihi
2940 1927 3214 1999 debilitata
3263 1939 3479 1984 suntex
3507 1925 3764 1984 incurva-

525 1997 688 2049 tione.
726 2015 744 2067 ρ
785 1997 1017 2052 Consule
1046 1997 1309 2051 Joannem
1345 1997 1635 2067 Morinum,
1666 2005 1776 2049 tum
1807 1999 1871 2049 dc
1895 1997 2182 2065 disciplina
2228 2000 2281 2051 in
2317 1998 2794 2053 administratione
2841 1998 3172 2052 sacramenti
3205 2000 3541 2067 ptenitentiae
3578 2001 3673 2054 [οι.
3697 2001 3763 2063 4,

523 2076 634 2138 tum
665 2066 828 2119 etiam
855 2068 919 2138 de
943 2069 1119 2120 sacris
1151 2067 1406 2138 Ecclesiae
1439 2065 1871 2138 ordinationibus
1905 2067 1998 2120 fol.
2030 2068 2160 2134 225,
2199 2069 2368 2137 partis
2397 2068 2450 2122 2.
2493 2067 2606 2122 Imo
2646 2083 2775 2121 vero
2803 2069 3069 2137 sequioris
3099 2065 3273 2123 atatis
3295 2070 3584 2138 scriptores
3611 2069 3767 2124 Lati-

528 2137 579 2206 ni
609 2137 676 2189 ab
705 2150 783 2206 ea
810 2137 1020 2190 ratione
1057 2137 1310 2202 loquendi
1345 2150 1449 2189 non
1478 2135 1808 2206 abhorrent;
1841 2151 2016 2204 neque
2050 2141 2102 2191 in
2142 2135 2459 2192 monasticis
2513 2135 2895 2206 scriptoribus
2925 2138 3217 2206 quidquam
3247 2135 3498 2194 usitatius
3526 2149 3628 2194 est.
3664 2141 3762 2193 Sic

521 2203 714 2278 Petrus
744 2203 1085 2278 Venerah.in
1121 2207 1357 2278 statutis
1386 2205 1604 2278 Ordinis
1641 2203 2015 2278 Cluniacensis
2045 2247 2059 2271 ,
2090 2223 2211 2273 cap.
2253 2207 2310 2272 4,
2343 2208 2418 2278 ait
2446 2225 2458 2260 :
2495 2227 2514 2260 ί
2547 2203 2722 2276 Atque
2770 2207 2874 2278 illis
2907 2203 3214 2272 nietatiteis,
3264 2223 3383 2275 qua:
3440 2209 3768 2278 quotidiano

525 2289 620 2348 usu
652 2275 704 2328 in
737 2276 970 2348 capitulo
1004 2277 1158 2337 liunt,
1189 2287 1242 2328 et
1271 2276 1432 2348 vulgo
1465 2276 1638 2348 venite
1667 2275 2044 2348 nominantur.
2081 2296 2123 2348 ιη
2147 2278 2211 2330 Et
2236 2291 2356 2344 cap.
2389 2277 2478 2341 55,
2507 2296 2526 2328 ι
2556 2275 2923 2348 {reuuentjbus
2946 2277 3231 2348 ntetanoeis
3263 2278 3344 2331 vel
3369 2275 3766 2348 getiullexioni-

525 2342 710 2417 bus.)
742 2343 1104 2417 llieronytnns
1137 2342 1431 2417 monachus
1459 2345 1698 2398 Camald.
1731 2346 1783 2398 in
1835 2345 1950 2398 Vita
1987 2345 2052 2400 S.
2090 2342 2370 2417 Romuaidi
2400 2342 2718 2417 abbatis,n.
2748 2347 2838 2412 67,
2868 2364 2887 2398 ι
2926 2347 3168 2417 docebat_
3205 2361 3299 2401 eos
3326 2342 3474 2402 uti...
3512 2350 3763 2417 discipli-

522 2427 622 2466 nas
653 2412 981 2486 ﬂagellorutn
1011 2416 1060 2467 in
1082 2415 1227 2486 cella
1270 2415 1534 2486 facerent.
1570 2424 1943 2486 metanteaset
1965 2415 2372 2484 genuﬂexiones
2394 2415 2823 2486 frequentantes.
2861 2434 2879 2468 ι
2909 2415 3225 2486 Consimilia
3259 2419 3457 2471 habent
3483 2419 3592 2471 alii.
3623 2412 3750 2472 Jant

521 2495 651 2556 vero
684 2483 825 2552 quod
858 2484 1024 2556 venia;
1049 2485 1158 2538 sint
1209 2483 1583 2556 hujuscemodi
1619 2483 2026 2540 incurvationes
2057 2488 2328 2556 corporis,
2353 2483 2568 2540 constat
2588 2486 2728 2556 apud
2753 2501 2965 2542 omnes.
3001 2485 3137 2540 Hinc
3159 2496 3214 2542 et
3238 2487 3294 2542 in
3324 2485 3581 2542 Chronico
3611 2487 3764 2542 Lau-

525 2553 1057 2611 risham..exsutt.hic
1086 2554 1386 2611 versiculus
1419 2572 1432 2607 :

1399 2645 1502 2700 Per
1529 2643 1715 2700 venias
1757 2651 1977 2700 centum
2005 2651 2231 2698 verrunt
2265 2644 2452 2699 barbis
2483 2651 2875 2712 pavimentum.

1806 2739 2035 2796 CAPUT
2083 2737 2446 2806 QUARTUM.

1929 2831 2008 2885 De
2043 2829 2336 2884 Laudibus.

589 2925 718 2982 203.
754 2927 905 2996 Apud
951 2925 1169 2982 Graecos
1223 2923 1433 2996 Laudes
1483 2938 1759 2996 nunquam
1815 2920 2198 2996 disiunguntur
2244 2934 2274 2972 a
2326 2918 2610 2984 Matutino,
2657 2918 2750 2974 sed
2785 2919 3050 2996 suntejus
3081 2935 3251 2996 pars:
3291 2922 3397 2996 imo
3423 2921 3760 2996 etiam_pas-

521 2998 624 3054 sim
674 2990 943 3066 communi
1004 2999 1221 3050 nomine
1283 2994 1480 3066 6ρορος
1535 2990 1932 3066 nominantur;
1995 3006 2061 3044 cx
2134 2991 2307 3057 iisque
2373 3005 2478 3043 una
2539 3004 2661 3043 cum
2731 2990 3030 3066 majoribus
3088 2990 3340 3066 Vesperis
3395 3000 3503 3046 tota
3579 2993 3764 3066 ᾁγρυ-

521 3067 683 3131 πνίας
737 3068 852 3121 sive
906 3065 1216 3135 Vigiliarum
1278 3059 1838 3135 ratiogconstituitnr.
1901 3065 2152 3135 Attamen
2198 3068 2418 3135 propter
2468 3074 2687 3135 causam
2742 3059 2930 3124 illam.
2984 3059 3772 3135 QP?m_initio_ant_ecedentis

517 3129 713 3208 capitis
761 3129 1160 3208 proposuimus,
1209 3133 1576 3208 judicavitnus
1594 3132 1882 3208 expedire,
1917 3141 1985 3208 ut
2004 3131 2091 3208 hic
2122 3131 2188 3184 de
2216 3129 2322 3208 illis
2350 3131 2577 3208 seorsint
2629 3130 3422 3208 ageretnus,_adduc_t_is_verbis
3458 3129 3656 3208 ‘Typici
3705 3143 3769 3186 et

524 3198 1061 3274 MénaeorumIAtque
1087 3198 1417 3274 antc'omnia
1450 3198 1752 3274 noniue—rit
1777 3200 2200 3274 ἀπροσδιόνυσον
2235 3201 2352 3274 sive
2385 3198 2908 3274 inutileobservare,
2943 3199 3086 3274 illam
3119 3201 3285 3254 divini
3335 3201 3490 3274 cilicii
3515 3198 3768 3269 partem,

524 3293 683 3348 quam
719 3291 816 3329 nos
865 3269 1121 3348 hactenus
1170 3271 1363 3344 ὄρθρον
1404 3275 1517 3348 sive
1558 3269 1880 3348 ⁵Μίιιιιιίῐιυιιὶ
1907 3286 2087 3348 ⁸νοςίμι

2192 3285 2255 3348 ts,
2295 3271 2364 3322 ab
2410 3269 2674 3348 aliquibus
2724 3271 2907 3323 vocari
2961 3269 3122 3348 etiam
3172 3270 3560 3348 μεσονύκτιον,
3613 3277 3766 3339 quod

524 3337 699 3401 media
731 3356 885 3400 nocte
929 3337 1285 3413 persolvatur,
1318 3352 1372 3396 et
1425 3342 1632 3396 Laudes
1683 3342 1956 3395 contrario
2003 3341 2069 3413 ab
2101 3340 2288 3413 iisdem
2333 3339 2515 3393 vocari
2568 3337 2799 3413 δρθρον,
2853 3353 2918 3393 eo
2958 3339 3102 3413 quod
3138 3337 3280 3413 circa
3311 3357 3582 3413 auroram
3623 3337 3764 3394 con-

521 3418 771 3472 cinantnr
803 3409 1010 3482 :neqne
1044 3417 1204 3477 male,
1228 3415 1272 3468 si
1301 3413 1636 3482 etymologia
1669 3413 1962 3482 spectanda
1993 3411 2086 3482 sit.
2119 3409 2188 3464 Ut
2219 3417 2276 3463 ut
2309 3419 2426 3474 est,
2456 3410 2801 3482 comtnunius
2822 3411 3054 3482 momine
3078 3409 3273 3480 ὄρθρος
3309 3411 3626 3482 intelligitur
3691 3427 3759 3465 ea

520 3486 684 3540 divini
731 3485 890 3538 oliicii
927 3477 1079 3554 pars,
1108 3499 1225 3553 qua:
1254 3499 1318 3538 ex
1351 3477 1782 3554 μεσονυκτίω“ει
1813 3479 2005 3545 αἴνοις,
2037 3481 2087 3534 id

525 3553 688 3609 Verba
715 3555 902 3609 Tvoici
933 3556 1230 3609 veniamus.

2192 3487 2204 3532 L
2297 3496 2318 3531 ι
2362 3493 2430 3534 ex
2465 3477 2729 3533 Matutino
2761 3488 2815 3532 et
2836 3477 3125 3534 Laudibus
3149 3477 3665 3536 {coalescitCNunc
3692 3482 3768 3533 ad

525 3555 688 3610 Verba
715 3555 902 3624 Typici
933 3556 1230 3624 veniamus.

589 3647 714 3702 204.
749 3649 827 3703 Ad
862 3647 1094 3713 Laudes,
1133 3645 1320 3702 Omnis
1341 3645 1583 3716 spiritus.
1620 3643 1932 3698 Recitamus
1977 3657 2087 3696 ver-

2259 3643 2354 3705 Εἰς
2404 3645 2532 3704 τοὺς
2577 3641 2778 3707 αἴνους,
2838 3643 2993 3695 Πᾶσα
3050 3643 3210 3712 πνοή.
3245 3642 3502 3711 Ἱστῶμεν
3563 3656 3767 3711 στιχησι

519 3753 613 3797 sus
663 3749 920 3809 quatuor;
976 3747 1030 3794 et
1081 3738 1361 3808 psallimus
1410 3751 1599 3792 versus
1650 3735 1920 3790 similares
1962 3743 2087 3790 tono

2198 3735 2268 3807 ρά
2309 3733 2370 3786 δ’·
2423 3735 2517 3788 καὶ
2566 3734 2836 3805 ψάλλομεν
2877 3733 3106 3806 στιχηρὰ
3140 3732 3460 3806 προσόμοια.
3496 3728 3666 3802 Ἦχος
3694 3732 3770 3802 β’,

520 3832 774 3897 secundo,
805 3831 942 3886 sicut
971 3829 1153 3894 Ποίοις
1180 3827 1487 3900 εὐφημιῶν.

2194 3827 2330 3899 πρὸς
2355 3827 2532 3892 Ποίοις
2561 3825 2863 3898 εὐφημιῶν.

2257 1169 2350 1220 Δεῖ
2391 1166 2450 1221 δὲ
2492 1166 2709 1233 εἰδέναι,
2754 1169 2836 1222 ὅτι
2862 1169 2940 1231 εἰς
2953 1167 3050 1239 τὴν
3081 1167 3124 1221 0'
3141 1168 3279 1238 ᾠδὴν
3303 1169 3558 1240 ποιοῦμεν
3589 1171 3769 1240 μετά-

2185 1279 2335 1316 νοιαν
2360 1261 2464 1326 ἕως
2479 1263 2556 1326 εἰς
2577 1263 2700 1334 γῆν,
2720 1263 2771 1316 οἱ
2797 1262 2890 1316 δύο
2911 1263 3063 1334 χοροὶ⁸
3082 1262 3235 1333 ὁμοῦ.

593 3944 771 3999 Οοιω.
797 3946 955 3999 Πᾶσα
989 3946 1125 4016 πνοή
1170 3949 1438 4014 quomodo
1495 3947 1864 4010 continuetur,
1925 3953 2050 3998 ante
2106 3943 2241 4016 satis
2286 3959 2555 4016 superque
2601 3943 2930 4016 declaratum
2991 3941 3411 4016 legi_sti..l}ostea
3455 3941 3770 4016 recitantur

521 4017 710 4086 psalmi
739 4003 1267 4084 Davidicilcxivtit,
1321 4030 1481 4086 exta:
1536 4025 1591 4068 et
1642 4031 1728 4080 CL,
1775 4003 2026 4086 utlpatet
2057 4029 2124 4068 ex
2174 4003 2654 4086 Hirmologi'ogzuet
2703 4015 2754 4086 in
2811 4003 3282 4086 Hirtnolo'giutnid
3316 4027 3417 4066 non
3452 4012 3766 4086 indicaret,

524 4082 728 4154 pateret
755 4101 820 4138 ex
849 4087 952 4154 illis
975 4082 1176 4147 verbis.
1207 4082 1286 4142 εἰς
1314 4085 1440 4147 τοὺς
1470 4086 1673 4149 αἰνους,
1721 4086 1832 4154 tad
1858 4082 2068 4138 Laudes

2197 4085 2320 4154 quia
2349 4082 2538 4152 psalmi
2572 4083 2645 4136 illi
2672 4085 2750 4154 pob
2780 4083 3260 4154 smpereiteratam
3316 4096 3496 4134 vocem
3539 4082 3764 4146 αἱνεῖτε,

529 4151 834 4278 “nudate”
863 4151 1023 4220 αἶνοι,
1057 4154 1294 4210 «Laudes
1319 4173 1338 4205 ι
1375 4159 1696 4209 vocitantur.
1731 4153 1928 4210 Versus
1958 4165 2138 4209 autem
2165 4153 2448 4220 similares,
2483 4154 2606 4208 huic
2629 4153 2733 4207 diei
2764 4153 2986 4222 proprii,
3013 4151 3066 4205 hi
3099 4162 3246 4217 sunt,
3275 4160 3662 4221 proutexstaut
3707 4154 3770 4206 in

585 4240 771 4278 enters.

585 4240 771 4280 80818.

949 4316 1222 4373 VERSUS
1273 4315 1657 4372 SlillLARES.

594 4408 777 4464 Tonus
799 4409 854 4462 2.
889 4405 1040 4465 Sicut
1071 4409 1252 4473 Ποίοις
1282 4409 1591 4480 εὐφημιῶν.

593 4503 716 4557 205.
772 4503 973 4568 Quibus
1021 4504 1233 4557 laudum
1268 4506 1483 4557 coronis
1557 4502 1935 4556 coronabimus
1992 4501 2088 4556 do-

523 4608 721 4662 ctores,
749 4597 950 4650 divisos
976 4597 1482 4665 quidetnmtatibus,
1513 4595 1608 4651 sed
1633 4597 1824 4664 spiritu
1857 4595 2088 4664 conjun-

525 4698 663 4754 ctos,
693 4689 1108 4759 divinorumque
1148 4688 1424 4742 hominum
1472 4689 1882 4756 antesignanos,
1905 4701 2093 4741 nume-

525 4795 586 4833 ro
616 4796 773 4848 pares
798 4781 1072 4844 Trinitati,
1115 4781 1339 4850 ejusque
1375 4779 1613 4834 cultores
1648 4797 1661 4833 :
1703 4777 1960 4848 fulgentia
2011 4787 2090 4830 to-

527 4873 632 4926 tius
661 4873 808 4926 orbis
841 4872 1150 4936 luminaria,
1189 4873 1476 4926 columnas
1529 4871 1782 4925 Ecclesia:
1808 4909 1822 4934 ,
1855 4871 2088 4923 victores

523 4974 658 5028 quos
688 4961 904 5014 coronis
934 4961 1119 5028 gloria:
1143 4969 1367 5014 coronat
1416 4959 1669 5013 Christus
1708 4961 1847 5013 Deus
1880 4966 2083 5023 noster,

524 5066 771 5118 magnam
801 5051 1002 5106 habens
1035 5052 1456 5106 misericordiam
1491 5051 1515 5115 2

596 5144 709 5211 Qua
766 5145 1068 5198 carminum
1131 5143 1445 5198 celebritate
1515 5157 1769 5196 canemus
1829 5141 2085 5201 deiferos,

524 5237 931 5304 cmlestinmque
955 5251 1275 5289 arcanorum
1315 5249 1546 5303 gnaros,
1581 5246 1634 5287 et
1686 5248 1963 5302 przecones
2008 5247 2094 5286 re-

529 5340 629 5381 cta:
661 5329 806 5393 ﬁdei,
839 5343 900 5381 ac
927 5327 1326 5382 sincerissimos
1358 5326 1637 5393 theologos
1666 5343 1678 5377 :
1724 5338 1973 5391 magnum
2003 5337 2092 5374 sa-

528 5434 743 5472 crorum
809 5419 1159 5486 interpretem
1190 5415 1446 5470 Basilium
1479 5455 1494 5481 ,
1526 5416 1764 5469 divinum
1805 5425 1860 5468 et
1911 5415 2091 5467 divina

533 5510 892 5577 explicantem
918 5510 1260 5582 Gregorium,
1295 5519 1456 5579 atque
1502 5507 1766 5562 Joannem
1797 5507 2082 5572 eximium,

529 5598 708 5667 lingua
740 5615 995 5667 aureum;
1025 5616 1160 5670 quos
1196 5615 1292 5669 pro
1323 5600 1530 5654 meritis
1556 5597 1874 5667 glorilicavit
1907 5595 2055 5650 Trini

533 5699 613 5742 tas
636 5729 651 5751 .
685 5691 935 5750 Dominus
967 5705 1148 5748 uoster
1173 5732 1188 5759 ,
1227 5695 1430 5748 habens
1488 5709 1732 5763 magnam
1789 5692 2093 5747 miscricor-

533 5781 672 5835 diam
701 5781 725 5836 2

2579 4315 2883 4368 ΣΤΙΧΗΡΑ
2924 4310 3341 4367 ΠΡΟΣΟΜΟΙΑ.

2262 4402 2436 4477 Ἦχος
2469 4405 2532 4477 β’.
2564 4407 2748 4469 Ποίοις
2785 4405 3092 4476 εὐφημιῶν.

2258 4500 2435 4562 Ποίοις
2487 4499 2771 4569 εὐφημιῶν
2824 4498 3096 4568 στέμμασι
3145 4513 3582 4567 στεφανωσωμεν
3635 4498 3770 4560 τοὺς

2189 4588 2558 4652 διδασκάλους,
2583 4590 2706 4652 τοὺς
2723 4588 3080 4662 διῃρημένους
3110 4591 3220 4652 τοῖς
3251 4586 3484 4658 σώμασι,
3517 4588 3610 4640 καὶ
3636 4604 3769 4640 συν-

2189 4681 2469 4752 ημμένους
2491 4679 2570 4749 τῷ
2603 4681 2894 4750 πνεύματι,
2929 4681 3054 4743 τοὺς
3086 4680 3193 4731 τῶν
3223 4679 3493 4750 Θεοφόρων
3521 4680 3765 4748 προστά-

2191 4792 2306 4837 τας,
2344 4774 2569 4845 Τριὰδος
2596 4775 2722 4836 τοὺς
2770 4771 3088 4852 ἱσαρίθμδους
3126 4773 3219 4825 καὶ
3257 4773 3612 4842 θεράποντας,
3644 4789 3767 4838 φωρ

2194 4864 2394 4934 στῆρας
2419 4863 2516 4932 τῆς
2563 4863 2888 4933 οἰκουμένης
2934 4863 3355 4932 διαλάμποντας,
3396 4865 3492 4932 τῆς
3533 4861 3768 4931 Ἐκκλη-

2195 4955 2310 5018 σίας
2355 4957 2480 5018 τοὺς
2523 4955 2766 5018 στύλους,
2809 4954 2901 5017 οὒς
2936 4955 3216 5022 στεφάνοις
3242 4954 3399 5024 δόξης
3435 4955 3768 5024 νικήσαντας

2197 5051 2449 5118 στεφανοῖ
2465 5048 2697 5118 Χριστὸς
2713 5050 2740 5100 ὁ
2755 5047 3076 5117 Θεὸςήμῶν,
3095 5050 3122 5100 ὁ
3139 5047 3272 5116 ἔχων
3298 5047 3357 5099 τὸ
3378 5047 3519 5116 μέγα
3537 5046 3684 5107 ἔλεος
3704 5064 3718 5107 ;

2274 5140 2452 5203 Ποίοις
2493 5139 2774 5210 ὐμνῳδιῶν
2819 5139 3068 5193 κάλλεσιν
3113 5139 3466 5209 ἁναδήσωμεν
3501 5138 3627 5199 τοὺς
3649 5138 3769 5187 θεο-

2193 5231 2410 5302 φόρους,
2448 5233 2571 5294 τοὺς
2600 5230 3010 5302 οὐρανομύστας
3036 5231 3130 5282 καὶ
3161 5231 3402 5300 κήρυκας
3430 5230 3526 5298 τῆς
3553 5227 3770 5300 69006,-

2195 5323 2310 5386 ξίας
2334 5323 2695 5393 ὑπάρχοντας,
2749 5324 2873 5385 τοὺς
2935 5322 3431 5392 ἀκραιφνεστάτους
3458 5318 3765 5385 θεολόγους,

2191 5415 2281 5467 τὸν
2311 5416 2481 5485 μέγαν
2505 5414 2860 5484 ἱεροφάντορα
2887 5414 3181 5476 Βασίλειον,
3212 5413 3300 5465 τὸν
3328 5413 3469 5464 Θεῖον
3498 5411 3592 5464 καὶ
3611 5410 3765 5480 θεοί)-

2197 5507 2408 5577 ρήμονα
2430 5507 2748 5577 Γρηγόριον,
2778 5508 2870 5558 καὶ
2911 5507 3159 5576 Ἰωάννην
3195 5507 3284 5558 τὸν
3313 5505 3476 5569 πάνυ,
3507 5503 3596 5557 τὸν
3627 5521 3764 5572 χρυ-

2199 5600 2324 5653 σοῦν
2351 5600 2448 5671 τὴν
2474 5600 2740 5668 γλῶτταν,
2758 5600 2849 5662 οὒς
2878 5601 3170 5672 ἐδόξασενή
3195 5600 3382 5672 Τριὰς,
3409 5599 3572 5665 ἀξίως
3593 5600 3622 5652 ὁ
3647 5599 3767 5651 Κύ-

2204 5709 2335 5762 ριος,
2371 5693 2398 5743 ὀ
2427 5692 2563 5761 ἔχων
2596 5691 2653 5744 τὸ
2691 5692 2831 5761 μέγα
2861 5692 3034 5754 ἔλεος·
