4076 6226
1546 328 1945 384 AGOLUTlllA
1986 330 2322 387 TRll’LlClS
2363 331 2581 391 FESTI.

3444 357 3686 401 οοοιτγιι

536 432 714 495 Ποίοις
786 434 1077 506 ἐγκωμίων
1149 440 1386 509 ῥήμασιν
1471 443 1845 514 ἐπαινέσωμεν
1902 445 2024 506 τοὺς

2200 445 2405 513 Quibus
2452 447 2845 515 praeconiorum
2892 451 3071 508 verbis
3114 451 3449 510 laudabimus
3509 473 3690 513 sacro-

458 524 739 594 ἰεράρχας,
762 526 888 589 τοὺς
920 528 1298 593 ἰσαποστόλους
1315 533 1371 584 ὲν
1387 532 1585 603 χάριτι,
1614 536 1709 587 καὶ
1734 535 2026 605 ὁμοτίμους

458 614 778 686 χαρίσμασι,
809 618 933 681 τοὺς
973 618 1072 688 τῆς
1095 621 1348 683 ἀσεὸείας
1391 624 1720 688 καταλυτάς,
1780 627 2029 696 σωτῆρας

459 705 551 758 καί
590 706 818 777 ὁδηγοὺς
848 708 988 779 λόγῳ
1020 713 1112 764 καὶ
1144 714 1449 784 πράγματι,
1497 717 1779 786 ποιμένας,
1815 736 2030 788 χριστο-

463 799 733 868 μιμήτους
778 799 865 853 διὰ
931 802 1187 868 πίστεως,
1239 806 1366 868 τοὺς
1416 808 1688 875 ἐπιγείους
1743 810 2027 878 ἀγγέλους,

462 887 683 959 βροτοὺς
712 891 1015 963 οὐρανίους,
1051 894 1144 959 οὓς
1185 896 1440 967 ἐτίμησεν
1472 901 1500 950 6
1530 902 1779 970 Χριστὸς,
1821 902 1919 972 τῆς
1946 903 2029 956 δό-

462 978 555 1049 ξης
584 982 610 1032 6
629 980 852 1051 Κύριος,
879 983 907 1034 6
940 982 1077 1053 ἔχων
1104 984 1163 1036 τὸ
1188 985 1327 1055 μέγα
1349 985 1524 1054 ἐλεος;
1552 992 1576 1055 Α

528 1072 712 1136 Ποίοις
777 1075 1067 1145 εὐφημιῶν
1141 1078 1418 1147 στέμμασι
1469 1082 1898 1153 καταστέψωμεν
1938 1084 2028 1137 τὸν

460 1163 805 1231 χρυσολόγον,
851 1167 965 1237 ἁμα
990 1168 1255 1239 Βασιλείῳ
1282 1170 1601 1242 Γρηγόριον,
1645 1174 1714 1228 τὰ
1749 1176 1920 1229 σεπτὰ
1946 1176 2031 1229 δο-

460 1256 581 1321 χεῖα
638 1256 733 1310 τοῦ
773 1259 1103 1330 Πνεύματος,
1140 1264 1267 1327 τοὺς
1325 1267 1584 1337 στερροὺς
1640 1266 1739 1335 τῆς
1796 1270 2028 1333 πίστεως

461 1348 797 1418 προμάχους,
853 1354 979 1417 τοὺς
1037 1354 1260 1419 στύλους
1305 1358 1405 1427 τῆς
1445 1359 1787 1430 Ἐκκλησίας,
1824 1360 2029 1414 πιστῶν

462 1440 559 1508 στή
571 1457 741 1511 ριγμα
770 1444 1042 1511 ἁπάντων,
1067 1448 1487 1520 ἁμαρτανόντων
1530 1451 1892 1522 παραμύθιον,
1927 1470 2031 1523 πη-

461 1527 565 1595 τὰς
595 1529 893 1598 βλυξούσας
918 1538 976 1586 τὸ
999 1537 1168 1605 νᾶμα,
1217 1538 1275 1604 ἐξ
1307 1535 1366 1592 οὗ
1390 1540 1680 1610 ἀρυόμενοι
1724 1542 2027 1613 ἠδυνάμεθα

459 1622 578 1684 ταῖς
615 1621 833 1692 ψυχαῖς,
877 1626 1154 1692 αἰτοῦντες
1182 1630 1526 1701 συγχώρησιν
1556 1631 1884 1703 σφαλμάτων
1935 1633 2029 1685 καί

461 1713 603 1782 μέγα
622 1713 800 1784 ἔλεος;
1868 1725 2025 1788 Δόξα.

2133 557 2251 595 rum
2278 541 2575 611 principes,
2608 542 2782 611 gratia
2806 554 2860 598 et
2890 545 3092 599 honore
3129 546 3362 615 aequales
3394 549 3648 618 apostolis
3674 592 3691 615 ,

2132 648 2412 689 eversores
2443 635 2759 703 impietatis,
2784 647 3086 693 servatores
3116 647 3168 691 et
3196 639 3295 692 viae
3336 639 3499 694 duces
3528 642 3691 695 verbo

2132 740 2193 779 ac
2228 724 2371 779 facto
2395 766 2410 791 ,
2445 735 2725 795 pastores,
2758 727 2956 781 Christi
3010 744 3105 796 per
3161 730 3318 783 fidem
3370 731 3689 794 imitatores,

2133 824 2417 869 terrestres
2457 815 2699 883 angelos,
2730 816 2978 872 homines
3008 818 3274 886 cwlestes,
3303 836 3439 889 quos
3462 821 3665 873 honora

2130 908 2206 962 vit
2235 908 2500 971 Christus,
2533 908 2714 978 gloriae
2750 908 3029 977 Dominus,
3068 912 3274 966 habens
3303 928 3556 982 magnam
3587 912 3691 965 mi-

2128 1000 2479 1054 sericordiam
2506 1000 2527 1053 ?
3262 1034 3263 1037 η
3555 1010 3565 1019 “

2199 1091 2407 1159 Quibus
2472 1092 2839 1147 laudationum
2888 1094 3103 1148 coronis
3158 1095 3477 1163 cingemus,
3529 1093 3690 1147 verba

2130 1198 2293 1237 aurea
2327 1183 2735 1253 proloquentem
2767 1226 2783 1250 ,
2813 1194 2867 1238 et
2909 1201 3031 1238 cum
3073 1184 3277 1239 Basilio
3324 1185 3643 1253 Gregorium
3673 1226 3687 1245 ,

2128 1284 2356 1343 augusta
2385 1275 2723 1344 receptacula
2760 1276 2995 1343 Spiritus
3022 1315 3036 1339 ,
3075 1276 3298 1329 stabiles
3342 1275 3461 1329 fidei
3495 1289 3693 1343 prripu-

2128 1375 2402 1433 gnatores,
2441 1366 2721 1421 columnas
2742 1365 3017 1432 Ecclesiae,
3049 1366 3285 1421 fidelium
3314 1366 3554 1419 omnium
3587 1365 3690 1418 ful-

2128 1459 2442 1525 cimentum,
2471 1461 2813 1527 peccantium
2851 1460 3331 1528 solatium,fondes
3357 1458 3693 1514 eﬂ‘undentes

2127 1549 2345 1604 laticem
2380 1590 2394 1615 ,
2432 1566 2591 1618 quem
2627 1552 2715 1621 qui
2776 1552 3056 1607 haurimus
3081 1592 3097 1616 ,
3137 1550 3401 1605 aﬂicimur
3460 1552 3645 1604 laetitia
3676 1593 3691 1617 ,

2128 1650 2376 1711 petentes
2419 1654 2724 1698 erratorum
2751 1646 2961 1699 veniam
2999 1656 3052 1700 et
3101 1660 3352 1714 magnam
3386 1645 3695 1698 misericor-

2129 1734 2305 1788 diam?
3482 1736 3691 1791 Gloria.

521 1801 693 1876 Ἦχος
740 1812 769 1862 6
821 1810 1013 1876 αὐτὸς,
1075 1815 1211 1884 πρὸς
1258 1815 1338 1880 τὸ,
1403 1817 1649 1890 Σήμερον
1696 1820 1725 1872 6
1768 1820 2022 1890 Χριστός.

2200 1826 2383 1882 Tonns
2411 1827 2551 1881 idem
2582 1827 2720 1882 sicut
2747 1827 2992 1897 Σήμερον
3029 1828 3057 1878 6
3085 1826 3337 1896 Χριστός.

527 1921 770 1993 Σήμερον
822 1926 877 1978 αἰ
937 1926 1103 1997 ψυχαὶ
1146 1929 1253 1981 τῶν
1316 1931 1562 2001 γηγενῶν
1619 1931 1900 2000 ὐφοῦνται,
1962 1936 2027 1986 ἐκ

456 2016 659 2085 γηΐνων
698 2021 935 2089 σήμερον
974 2021 1213 2092 οὐράνιοι
1253 2023 1493 2090 γίνονται
1522 2025 1628 2077 τῶν
1652 2025 1819 2093 ἁγίων
1847 2027 1905 2079 ἐν
1958 2030 2024 2097 τῇ

461 2109 666 2182 μνήμῃσ
696 2113 752 2164 αί
794 2113 901 2183 γὰρ
937 2112 1103 2166 πύλαι
1149 2115 1257 2169 τῶν
1287 2115 1529 2185 οὐρανῶν
1566 2118 1901 2188 ἐπαίρονται,
1933 2120 2028 2172 καὶ

457 2200 590 2270 ἡμῖν
613 2202 682 2255 τὰ
713 2204 808 2256 τοῦ
835 2206 1105 2259 Δεσπότου
1132 2206 1506 2278 γνωρίζονται·
1549 2210 1598 2261 οἰ
1615 2210 1760 2277 λόγοι
1780 2211 1905 2273 τοὺς
1938 2210 2026 2263 λό-

458 2308 586 2360 γους
613 2294 959 2366 κηρύττουσι,
993 2299 1085 2351 καὶ
1139 2301 1193 2352 αἰ
1234 2300 1475 2367 γλῶσσαι
1504 2300 1573 2354 τὰ
1614 2302 1866 2372 θαύματα
1897 2303 2025 2373 μέλ-

458 2401 672 2439 πουσιν.
706 2388 896 2458 Ἡμεῖς
913 2390 968 2442 δὲ
994 2391 1131 2462 πρὸς
1158 2392 1246 2444 τὸν
1269 2393 1497 2464 Σωτῆρα
1518 2393 1745 2464 βοῶμεν·
1774 2392 1910 2459 Δόξα
1945 2413 2026 2448 σοι

456 2476 678 2547 Χριστῷ
698 2478 777 2549 τῷ
798 2480 937 2551 Θεῷο
967 2484 1081 2545 τοῖς
1112 2482 1221 2554 γάρ
1249 2487 1459 2548 πιστοῖς
1492 2486 1682 2558 εἰρήνη
1717 2486 1804 2539 διὰ
1824 2486 2026 2540 τούτων

455 2565 721 2634 ἐγεγόνει.

594 2686 706 2740 Καὶ
726 2685 840 2741 νῦν.
1376 2687 1655 2741 Θεοτόκιον
1681 2688 1882 2759 ὅμοιον.

526 2777 772 2849 Σήμερον
814 2780 842 2832 6
888 2777 1121 2850 Χριστὸς
1166 2777 1224 2830 ἐν
1259 2776 1337 2849 τῷ
1383 2780 1495 2849 ναῷ
1530 2780 1896 2850 προσφέρεται
1950 2781 2025 2844 ὡς

458 2868 673 2940 βρέφος·
708 2873 943 2943 σήμερον
989 2871 1093 2923 ὐπὸ
1123 2871 1284 2940 νόμον
1310 2871 1516 2939 γίνεται
1540 2872 1568 2922 6
1596 2873 1823 2925 Μωῦσεῖ
1848 2872 2026 2936 διδοὺς

455 2960 545 3014 τὸν
574 2962 755 3032 νόμον·
776 2961 883 3016 τῶν
912 2961 1157 3030 ἀγγέλων
1186 2963 1242 3014 αἰ
1275 2964 1525 3034 στρατιαὶ
1551 2963 1939 3034 τεθάμϐηνται,
1967 2965 2026 3018 ὲν

456 3053 723 3121 ἀγκάλαις
746 3056 999 3125 γηραιαῖς
1024 3055 1383 3124 κατεχόμενον
1406 3055 1495 3107 τὸν
1525 3054 1814 3125 συνέχοντα
1848 3055 2024 3108 πάντα

2198 1938 2321 1993 206.
2361 1938 2527 1992 Hodie
2585 1937 2775 1991 animm
2828 1938 3216 2007 terrigenarum
3264 1938 3591 2005 exaltantur,
3628 1953 3691 1992 ex

2130 2029 2477 2084 terrestribus
2502 2030 2660 2084 hodie
2688 2029 2935 2084 caelestes
2969 2028 3121 2092 fiunt,
3160 2039 3470 2084 sanctorum
3499 2030 3551 2082 in
3578 2045 3692 2083 me-

2132 2120 2326 2173 moria.
2352 2119 2486 2173 Nam
2518 2128 2685 2187 portae
2701 2119 2963 2173 caelorum
3000 2118 3337 2181 attolluntur,
3360 2128 3414 2173 et
3442 2134 3560 2187 quae
3591 2119 3696 2172 Do-

2128 2212 2260 2265 nini
2294 2219 2439 2275 sunt,
2477 2225 2542 2264 ea
2571 2210 2727 2264 nobis
2765 2211 3140 2274 innotescunt;
3179 2224 3456 2264 sermones
3490 2225 3697 2265 sermo-

2130 2303 2287 2357 nibus
2322 2304 2709 2373 prtedicantur,
2762 2311 2817 2356 et
2870 2302 3131 2357 miracula
3182 2303 3538 2357 decantantur
3586 2301 3696 2354 lin-

2128 2394 2263 2463 guis.
2300 2392 2409 2447 Nos
2459 2408 2587 2447 vero
2639 2395 2705 2447 ad
2736 2392 3081 2447 Servatorem
3133 2392 3433 2447 clamamus
3465 2413 3476 2447 :
3505 2390 3690 2447 Gloria

2129 2472 2259 2549 tihi,
2282 2485 2498 2539 Christo
2528 2485 2638 2540 Deo
2667 2500 2681 2538 :
2711 2499 2817 2555 pax
2844 2485 2987 2539 enim
3021 2484 3265 2539 fidelibus
3297 2498 3392 2553 per
3426 2500 3521 2540 eos
3544 2494 3697 2554 parta

2128 2584 2229 2631 est.

2266 2686 2334 2740 Et
2359 2703 2517 2743 nunc.
3120 2687 3339 2741 Mariale
3361 2687 3555 2744 simile.

2197 2775 2368 2830 llodie
2412 2777 2659 2831 Christus
2719 2777 2774 2831 in
2828 2776 3026 2846 templo
3084 2785 3328 2846 portatur
3374 2785 3433 2830 ut
3486 2775 3697 2840 infans;

2128 2865 2289 2921 hodie
2325 2866 2385 2919 fit
2415 2866 2515 2921 sub
2549 2866 2666 2937 lege
2692 2867 2782 2936 qui
2816 2866 2983 2935 Moysi
3040 2865 3212 2937 legem
3259 2866 3425 2919 dedit.
3462 2866 3695 2932 Angela:

2129 2972 2250 3012 rum
2285 2960 2556 3013 exercitus
2579 2961 2995 3027 obstupuerunt,
3017 2958 3232 3026 quando
3270 2957 3417 3011 illum
3448 2957 3537 3025 qui
3570 2973 3699 3012 con-

2132 3049 2264 3104 tinet
2315 3050 2538 3115 omnia,
2570 3052 2823 3107 viderunt
2878 3052 3021 3106 inter
3072 3050 3262 3106 senilia
3305 3050 3545 3105 brachia.
3601 3048 3692 3104 Si-

454 3144 743 3215 θεώμεναι,
791 3145 1034 3216 Συμεὼν,
1077 3145 1363 3208 εὐλαϐείας
1418 3145 1677 3215 πλησθεὶς
1707 3146 1802 3197 καὶ
1828 3148 2022 3216 χαρᾶς,

2132 3156 2288 3196 meon
2320 3182 2335 3207 ,
2367 3144 2568 3211 pietate
2604 3143 2791 3213 plenus
2839 3154 2893 3198 et
2942 3144 3161 3213 gaudio,
3194 3142 3465 3197 clamabat
3495 3160 3507 3195 :
3540 3140 3695 3195 Nunc

452 3234 601 3289 ὲὸόα’
659 3235 775 3289 Νῦν
834 3236 1085 3299 ἀπολύεις
1127 3253 1217 3306 με,
1270 3236 1473 3305 Σῶτερ,
1522 3237 1585 3288 ὲκ
1624 3235 1721 3306 τῆς
1759 3237 2022 3307 ὲπικήρου

452 3326 599 3398 ζωῆς
630 3327 768 3399 πρὸς
803 3329 902 3400 τὴν
933 3328 1126 3399 ἀγήρω
1157 3327 1330 3397 λῆξιν·
1356 3325 1492 3381 εἶδον
1526 3329 1633 3399 γάρ
1678 3346 1758 3394 σε,
1789 3332 1883 3383 καὶ
1930 3331 2022 3383 εὐ-

452 3417 717 3490 φράνθην.

517 3512 806 3581 Δοξολογία
860 3514 1069 3584 μεγάλη
1128 3516 1221 3567 καὶ
1261 3512 1542 3576 ἀπόλυσις,
1579 3514 1790 3568 Δίδοται
1831 3514 1890 3567 δὲ
1931 3516 2023 3569 καὶ

452 3603 605 3673 ἁγιον
626 3604 803 3660 ἔλαιον
819 3609 931 3670 τοῖς
942 3607 1209 3676 ἀδελφοῖς.

2130 3234 2359 3288 dimittis
2390 3249 2495 3301 me,
2531 3233 2811 3302 Servator,
2839 3250 2907 3290 ex
2944 3236 3043 3289 hac
3073 3235 3252 3305 fragili
3281 3235 3411 3295 vita,
3436 3232 3501 3286 ad
3538 3235 3695 3301 quie—

2134 3337 2241 3383 tem
2299 3328 2389 3383 ubi
2420 3328 2564 3383 nulla
2605 3331 2840 3385 sentitur
2888 3339 3181 3395 senectus;
3216 3328 3322 3382 vidi
3365 3327 3509 3381 enim
3538 3335 3610 3390 te,
3643 3335 3698 3378 et

2127 3419 2412 3475 exsultavi.
2492 3464 2495 3467 .

2202 3511 2328 3565 207.
2385 3510 2642 3580 Sequitur
2692 3507 3015 3579 gloriﬁcatio
3081 3506 3252 3576 major
3321 3517 3376 3562 et
3425 3504 3689 3561 dimissio.

2135 3605 2303 3659 Datur
2338 3612 2517 3658 autem
2551 3612 2606 3657 et
2631 3611 2873 3655 sanctum
2904 3600 3078 3654 oleum
3107 3597 3367 3653 fratribus

521 3747 701 3824 (Σο-ιω.
734 3747 981 3824 Diximus
1011 3752 1226 3824 quidem
1260 3766 1410 3805 num.
1442 3751 1531 3806 3L
1582 3748 1904 3824 Δοξολογίαν
1955 3768 2021 3820 με

2131 3766 2231 3824 ην,
2268 3747 2386 3802 sive
2427 3746 2688 3824 majorem
2737 3742 3175 3824 glorificationem
3201 3782 3215 3804 ,
3240 3755 3379 3824 .esse
3428 3740 3687 3821 hymnum

451 3818 793 3891 angelicum;
828 3820 920 3873 sed
951 3811 1072 3891 quia
1113 3821 1185 3874 illi
1240 3823 1462 3890 hymno,
1495 3811 1833 3891 prout'hic'a
1866 3811 2069 3875 Graecis
2117 3811 2407 3891 recitatur,
2453 3811 2727 3891 adduntur
2758 3814 2933 3881 aliqua
2984 3829 3104 3881 quae
3153 3812 3202 3865 in
3238 3811 3431 3865 Latino
3467 3811 3689 3891 minime

453 3882 821 3959 reperiuntur,
850 3882 1750 3959 non-ingratum'lectori'futurum
1784 3892 2060 3956 existimo,
2085 3889 2129 3944 si
2158 3889 2304 3943 illum
2339 3896 2506 3959 totum
2540 3888 2640 3941 sub
2669 3892 2941 3954 aspectum
2977 3898 3099 3937 cum
3139 3897 3236 3937 sua
3276 3882 3569 3952 appendice
3592 3894 3687 3948 po-

451 3970 633 4012 suero.
668 3957 812 4013 Talis
847 3970 1028 4014 autem
1054 3957 1299 4015 nobisin
1333 3959 1665 4031 Hirmologio
1694 3962 2003 4024 exhibetur,
2033 3961 2211 4029 qualis
2244 3958 2512 4028 sequitur.

521 4090 657 4154 Δόξα
712 4093 769 4144 ὲν
802 4092 1048 4161 ὑψίστοις
1081 4093 1220 4165 Θεῷ,
1274 4096 1369 4148 καὶ
1442 4096 1535 4149 ἐπὶ
1559 4095 1664 4166 γῆς
1699 4098 1915 4167 εἰρήνη,
1965 4097 2021 4147 ἐν

2197 4092 2381 4148 Gloria
2435 4092 2488 4146 in
2554 4089 2783 4144 excelsis
2816 4086 2948 4152 Deo,
3008 4094 3065 4141 et
3095 4085 3149 4139 in
3185 4092 3325 4138 terra
3354 4097 3478 4152 pax,
3506 4082 3559 4135 in
3595 4081 3694 4135 ho-

451 4182 761 4253 ἀνθρώποις
813 4184 1047 4239 εὐδοκία.
1101 4186 1406 4257 Ὑμνοῦμέν
1442 4205 1521 4253 σε,
1573 4188 1897 4258 εὐλογοῦμεν
1942 4205 2020 4252 σε,

452 4272 860 4344 προσκυνοῦμεν
921 4292 1000 4339 σε,
1033 4276 1417 4348 δοξολογοῦμεν
1462 4296 1544 4341 σε,
1598 4278 2025 4351 εὐχαριστοῦμέν

452 4379 555 4428 σοι,
588 4362 674 4415 διὰ
698 4364 796 4433 τὴν
834 4365 1073 4435 μεγάλην
1103 4382 1195 4417 σου
1218 4366 1392 4433 δόξαν.
1434 4367 1605 4438 Κύριε
1628 4368 1846 4438 βασιλεῦ
1864 4370 2025 4423 ἐπου-

453 4453 622 4525 ράνιε,
657 4455 760 4507 Θεὲ
789 4456 969 4527 Πάτερ
1000 4458 1396 4530 παντόκρατορ*
1420 4460 1591 4531 Κύριε
1624 4461 1720 4512 Υἱὲ
1739 4462 2025 4531 μονογενὲς

461 4543 632 4614 Ἰησοῦ
658 4545 881 4614 Χριστὲ,
922 4546 1015 4598 καὶ
1063 4544 1215 4613 ἅγιον
1245 4548 1489 4619 Πνεῦμα*
1534 4548 1705 4618 Κύριε
1735 4552 1763 4602 6
1796 4549 1946 4615 Θεὸς,
1995 4552 2023 4603 6

460 4635 654 4705 Ἀμνὸς
687 4637 779 4689 τοῦ
823 4637 979 4701 Θεοῦ,
1008 4640 1035 4691 6
1069 4640 1195 4702 Υἱὸς
1234 4639 1327 4692 τοῦ
1362 4639 1593 4710 Πατρός,
1647 4643 1675 4693 6
1707 4640 1877 4712 αἴρων
1926 4640 2022 4711 τὴν

448 4728 722 4799 ἁμαρτίαν
751 4730 844 4782 τοῦ
888 4731 1114 4800 κόσμου,
1150 4731 1551 4803 πρόσδεξαιτὴν
1578 4733 1764 4802 δέησιν
1790 4734 1967 4804 ἡμῶν⁸
1995 4734 2024 4785 6

447 4818 752 4888 καθήμενος
774 4823 836 4872 ὲκ
864 4820 1052 4885 δεξιῶν
1072 4821 1165 4875 τοῦ
1207 4824 1440 4893 Πατρὸς,
1481 4825 1700 4895 ἐλέησον
1725 4828 1889 4897 ἡμᾶς’
1940 4827 2021 4879 ὅτι

448 4909 511 4961 σὺ
535 4904 586 4960 εἴ
607 4910 765 4978 μόνος
791 4911 963 4979 ἅγιος,
991 4913 1053 4963 σὺ
1078 4906 1128 4963 εἴ
1162 4914 1319 4983 μόνος
1336 4915 1539 4986 Κύριος
1569 4916 1773 4986 Ἰησοῦς
1790 4916 2021 4988 Χριστὸς

444 5001 523 5062 εἰς
556 5001 710 5067 δόξαν
735 5002 868 5055 Θεοῦ
896 5004 1125 5074 Πατρός.
1159 5006 1350 5077 Ἀμήν.
1383 5007 1519 5059 Καθ’
1548 5006 1783 5077 ἑκάστην
1811 5007 2021 5079 ἡμέραν

443 5093 722 5165 εὐλογήσω
757 5113 837 5158 σε,
868 5096 960 5148 καὶ
987 5097 1186 5149 αἰνέσω
1217 5098 1276 5149 τὸ
1304 5096 1475 5167 ὄνομά
1514 5114 1607 5150 σου
1630 5100 1709 5160 εἰς
1738 5098 1827 5150 τὸν
1851 5097 2022 5150 αἰῶνα

443 5186 536 5238 καὶ
556 5187 634 5248 εἰς
658 5187 748 5239 τὸν
783 5188 952 5240 αἰῶνα
967 5188 1059 5241 τοῦ
1083 5189 1296 5253 αἰῶνος.
1320 5190 1667 5253 Καταξίωσον
1688 5232 1703 5255 ,
1743 5190 1936 5261 Κύριε,
1964 5193 2021 5244 ἐν

443 5278 507 5346 τῇ
551 5277 735 5349 ἡμέρᾳ
781 5279 953 5352 ταύτῃ
1002 5281 1416 5351 ἀναμαρτήτους
1468 5281 1807 5352 φυλαχθῆναι
1851 5284 2017 5353 ήμᾶς.

442 5368 747 5441 Εὐλογητὸς
778 5368 844 5435 εἷ,
890 5372 1085 5443 Κύριε,
1118 5375 1146 5426 6
1173 5373 1302 5437 Θεὸς
1326 5375 1578 5445 πατέρων
1606 5375 1784 5445 ήμῶν,
1810 5376 1904 5427 καὶ
1932 5376 2022 5427 αἰ-

444 5458 595 5512 νετὸν
625 5462 718 5514 κα)⁸
740 5461 1123 5534 δεδοξασμένον
1143 5465 1203 5516 τὸ
1227 5465 1399 5534 ὄνομά
1423 5481 1515 5518 σου
1546 5467 1625 5528 εἰς
1652 5466 1777 5527 τοὺς
1794 5465 2016 5528 αἰῶνας.

456 5551 650 5621 Ἀμήν.
669 5553 905 5619 Γένοιτο,
941 5556 1135 5627 Κύριε,
1160 5556 1221 5609 τὸ
1269 5556 1417 5621 ἔλεός
1451 5575 1545 5612 σου
1571 5559 1656 5625 ἐφ’
1688 5558 1855 5627 ἡμᾶς,
1887 5556 2020 5609 καθ-

442 5640 586 5712 ἁπερ
605 5642 910 5715 ἠλπίσαμεν
932 5646 1023 5699 ἐπὶ
1042 5648 1143 5701 σοί.
1169 5647 1471 5720 Εὐλογητὸς
1489 5643 1559 5712 et,
1589 5646 1780 5719 Κύριε.
1806 5643 2017 5709 δίδαξόν

446 5749 514 5804 με
540 5734 605 5787 τὰ
638 5728 1109 5811 δικαιώματάσου.
1690 5736 1783 5790 Ἐκ
1806 5736 2010 5807 τρίτου.

2136 4184 2373 4239 minibus
2399 4184 2538 4237 bona
2572 4181 2838 4236 voluntas.
2877 4177 3182 4231 Laudamus
3212 4182 3287 4238 te,
3319 4172 3689 4226 benedicimus

2134 4284 2208 4340 te,
2241 4275 2532 4328 adoramus
2560 4279 2647 4334 te,
2685 4269 3049 4339 glorificamus
3098 4276 3147 4319 te
3172 4305 3186 4329 ,
3220 4264 3421 4333 gratias
3477 4261 3689 4331 agimus

2133 4366 2229 4420 tibi
2262 4372 2479 4434 propter
2522 4377 2771 4430 magnam
2804 4360 3030 4430 gloriam
3085 4366 3271 4422 tuam;
3304 4354 3529 4407 Domine
3582 4350 3697 4405 Rex

2131 4456 2392 4519 cmlestis,
2431 4454 2571 4508 Deus
2597 4463 2753 4522 pater
2783 4450 3161 4518 omnipotens;
3196 4445 3418 4498 Domine
3440 4442 3543 4496 Fili
3578 4442 3698 4493 uni-

2131 4548 2311 4617 genite
2364 4545 2491 4600 Jesu
2543 4546 2799 4606 Christe,
2837 4553 2891 4595 et
2926 4549 3113 4595 sancte
3161 4537 3419 4607 Spiritus.
3473 4532 3698 4587 Domine

2130 4640 2297 4704 Deus,
2326 4639 2510 4707 Agnus
2544 4637 2657 4698 Dei,
2688 4635 2856 4689 Filius
2886 4632 3085 4695 Patris,
3114 4630 3206 4699 qui
3241 4628 3382 4682 tollis
3409 4634 3689 4695 peccatum

2130 4731 2339 4796 mundi,
2382 4729 2596 4797 suscipe
2628 4726 3065 4791 deprecationem
3103 4730 3344 4776 nostram
3375 4737 3389 4772 :
3423 4717 3511 4786 qui
3545 4716 3699 4769 sedes

2129 4824 2197 4878 ad
2249 4823 2528 4876 dexteram
2572 4819 2750 4874 Patris
2778 4858 2792 4882 ,
2828 4818 3087 4870 miserere
3124 4814 3319 4868 nobis:
3355 4810 3605 4878 quoniam
3642 4818 3697 4859 tu

2131 4913 2279 4969 solus
2312 4922 2533 4967 sanctus
2557 4951 2572 4976 ,
2605 4919 2659 4963 tu
2693 4910 2842 4964 solus
2870 4907 3128 4960 Dominus
3159 4903 3317 4959 Jesus
3366 4901 3615 4955 Christus
3642 4898 3695 4951 in

2130 5008 2297 5080 gloria
2331 5007 2425 5061 Dei
2456 5005 2652 5060 Patris.
2685 5005 2877 5057 Amen.
2909 5000 3065 5056 Omni
3112 4998 3199 5052 die
3240 4993 3555 5050 benedicam
3585 4999 3652 5080 te
3678 5028 3695 5053 ,

2129 5078 2183 5153 et
2209 5098 2440 5151 laudabo
2470 5111 2668 5151 nomen
2708 5104 2857 5147 tuum
2888 5092 2940 5145 in
2984 5087 3239 5143 sasculum
3273 5096 3328 5138 et
3357 5084 3407 5136 in
3437 5078 3689 5135 saeculum

2130 5189 2333 5243 saeculi.
2369 5188 2616 5255 Dignare,
2665 5183 2892 5238 Domine
2917 5221 2931 5245 ,
2961 5180 3045 5233 die
3078 5181 3180 5231 isto
3212 5176 3327 5230 sine
3354 5179 3571 5242 peccato
3602 5184 3698 5221 nos

2129 5281 2426 5335 custodire.
2481 5279 2806 5335 Benedictus
2845 5293 2902 5331 es
2932 5315 2946 5339 ,
2982 5274 3212 5329 Domine
3269 5270 3412 5322 Deus
3478 5275 3693 5334 patrum

2129 5381 2463 5435 nostrorum,
2494 5379 2549 5423 et
2579 5370 2848 5424 laudabile
2887 5378 2940 5421 et
2975 5365 3268 5435 gloriosum
3313 5372 3509 5413 nomen
3543 5364 3695 5408 tuutn

2128 5464 2180 5515 in
2223 5464 2441 5516 smcula.
2468 5464 2663 5516 Amen.
2694 5455 2838 5523 Fiat,
2876 5459 3124 5521 Domine,
3176 5448 3549 5508 misericordia
3607 5456 3695 5500 tua

2127 5570 2289 5625 Super
2325 5570 2444 5620 nos,
2487 5553 2941 5623 quemadmodum
2972 5548 3313 5619 speravimus
3339 5544 3393 5598 in
3419 5551 3491 5595 te.
3517 5539 3691 5593 Bene-

2126 5646 2300 5704 dictus
2323 5662 2404 5715 es,
2437 5647 2681 5715 Domine,
2709 5648 2841 5703 doce
2869 5661 2975 5718 ,tne
3022 5639 3612 5781 jnstilicationesTtuas.

3473 5732 3612 5779 Cl‘llu

3473 5732 3687 5779 eruum.
