4076 6226
1508 345 1908 397 ACULUTHIA
1949 347 1977 395 Ἰ
1998 347 2285 399 lill’LiClS
2322 349 2519 403 FESTI

3440 371 3663 411 ιεεωιιι

425 451 572 522 λέγει
619 452 716 522 τὴν
767 450 930 522 εὐχὴν
989 468 1283 521 μυστικωςο
1336 452 1504 525 λύριε
1546 455 1687 523 ἅγιε.
1722 457 1750 508 ὁ
1785 457 1841 507 ἐν
1869 453 1994 525 ὑψη-

2101 455 2277 532 jungit
2330 459 2630 514 orationem
2696 479 2709 514 :
2754 460 2978 516 Domine
3013 469 3236 526 sancte,
3293 463 3382 532 qui
3439 481 3491 518 in
3544 467 3668 519 altis

428 547 539 608 λοῖς
560 544 850 610 κατοικῶν,
883 544 1062 597 καὶτὰ
1083 545 1315 598 ταπεινὰ
1341 545 1572 616 ἐφορῶν,
1605 549 1698 599 καὶ
1723 547 1799 617 τῷ
1831 564 1998 599 παντ-

427 638 607 708 εφόρῳ
650 653 742 688 σου
779 635 983 706 ὄμματι
1025 636 1330 689 ἐπιϐλέπων
1352 638 1442 688 ἐπὶ
1471 639 1649 690 πᾶσαν
1679 639 1778 708 τὴν
1803 638 1995 691 κτίσιν·

431 730 514 781 σοὶ
537 727 826 796 ἐκλίναμεν
859 726 948 779 τὸν
981 727 1180 796 αὐχένα
1209 730 1308 797 τῆς
1351 727 1526 798 ψυχῆς
1572 729 1662 780 καὶ
1690 729 1782 781 τοῦ
1814 729 1998 800 σώμα-

428 837 539 885 τος,
591 819 685 872 καὶ¹
724 818 958 888 δεόμεθά
992 835 1106 880 σου,
1161 817 1399 873 ἔκτεινον
1447 819 1543 890 τὴν
1589 820 1748 891 χεῖρά
1785 838 1876 874 σου
1902 823 1999 891 τὴν

430 913 656 982 ἀόρατον
694 908 751 975 ἐξ
774 910 928 977 ἁγίου
958 911 1398 981 κατοικητηρίου,
1430 912 1522 964 καὶ
1553 912 1843 981 εὑλόγησον
1874 913 2001 966 πάνυ

429 1021 527 1066 τας
555 1003 721 1072 ἡμᾶς·
746 1001 914 1054 καὶτεί
936 1019 989 1054 τι
1020 1003 1340 1073 ἡμάρτομεν
1364 1004 1626 1067 ἑκουσίως
1651 1005 1683 1073 ἢ
1712 1004 1997 1071 ἀκουσίως,

427 1095 501 1158 ὡς
523 1095 723 1164 ἀγαθὸς
768 1095 861 1149 καὶ
913 1095 1289 1167 φιλάνθρωπος
1321 1097 1451 1160 Θεὸς
1488 1096 1860 1167 συγχώρησον,
1894 1097 1996 1150 δω-

433 1186 688 1256 ρούμενος
715 1189 844 1257 ἡμῖν
870 1187 960 1240 καὶ
972 1186 1040 1240 τὰ
1067 1188 1336 1258 ὲγκόσμια
1360 1189 1451 1241 καὶ
1478 1189 1824 1259 ὑπερκόσμια
1858 1190 1997 1256 ἁγα-

429 1279 497 1332 Θά
572 1295 684 1332 σου.
752 1279 1057 1348 Ἐκφώνως·
1112 1281 1210 1334 Σὸν
1270 1283 1376 1352 γάρ
1426 1283 1538 1334 ἐστι
1580 1281 1639 1334 τὸ
1688 1281 1854 1334 ἐλεεῖν
1907 1283 1999 1334 καὶ

427 1369 617 1435 σώζειν
642 1371 807 1440 ἡμᾶς,
839 1371 1036 1442 Χριστε
1063 1374 1090 1424 6
1117 1372 1272 1435 Θεός.

511 1460 568 1512 Ὁ
593 1460 854 1523 διάκονος·
887 1461 1074 1530 Σοφία.

514 1551 570 1602 'O
630 1550 828 1622 ἱερεύς·
891 1551 952 1604 '0
1007 1552 1080 1605 ὢν
1139 1552 1428 1624 εὐλογητὸς
1491 1553 1722 1624 Χριστὸς
1775 1554 1801 1605 ὀ
1866 1551 1998 1614 Θεὸς

429 1641 606 1712 ἡμῶν,
632 1643 879 1706 πάντοτε,
907 1643 1002 1698 νῦν
1027 1645 1120 1696 καὶ
1136 1644 1240 1704 ἀεὶ,
1272 1645 1365 1697 καὶ
1399 1646 1477 1707 εἰς
1501 1646 1626 1708 τοὺς
1671 1643 1870 1706 αἰῶνας
1893 1644 1997 1696 τῶν

429 1731 660 1787 αἰώνων.

2101 549 2336 613 habitas,
2365 560 2420 604 et
2448 550 2672 604 humilia
2724 551 2966 619 respicis,
3003 558 3056 606 et
3110 551 3266 606 oculo
3305 553 3662 623 perspicacis-

2105 643 2244 696 simo
2271 643 2644 710 circumspicis
2692 658 2904 697 munem
2936 653 3262 711 creaturam,
3294 647 3386 701 tibi
3413 648 3658 703 cervices

2101 732 2266 786 animi
2297 747 2448 801 aeque
2483 747 2545 786 ac
2573 733 2815 801 corporis
2861 733 3227 798 incurvamus,
3261 745 3314 788 et
3336 750 3556 790 oramus
3587 747 3660 798 te,

2102 841 2319 879 manum
2351 835 2495 878 tuam
2537 824 2862 878 invisibilem
2905 825 2969 879 de
2997 837 3188 880 sancto
3218 828 3522 884 habitaculo
3574 839 3665 881 tuo

2097 915 2350 980 extende,
2386 923 2440 968 et
2487 914 2716 968 benedic
2761 929 2858 967 nos
2895 930 3084 969 omnes
3107 933 3119 969 :
3142 924 3195 969 et
3225 917 3269 969 si
3299 921 3427 987 quid
3474 929 3666 986 sponte

2100 1005 2180 1059 vel
2216 1015 2405 1060 coacte
2429 1005 2778 1073 deliquimus,
2813 1014 2872 1059 ut
2908 1006 3082 1061 bonus
3127 1023 3188 1062 ac
3220 1010 3482 1077 benignus
3523 1010 3665 1064 Deus

2101 1098 2340 1167 ignosce,
2373 1108 2426 1152 et
2461 1098 2600 1152 bona
2628 1108 2716 1151 tua
2737 1099 3049 1167 temporalia
3083 1100 3240 1152 simul
3265 1112 3425 1169 atque
3457 1111 3659 1155 aeterna

2101 1190 2301 1258 largire
2350 1209 2362 1242 :
2405 1189 2765 1243 Exclamando
2819 1190 3041 1243 :Tuum
3093 1202 3174 1245 est
3222 1193 3364 1246 enim
3422 1192 3664 1247 misereri

2099 1293 2152 1336 et
2177 1282 2388 1336 salvare
2413 1296 2531 1345 nos,
2551 1281 2761 1335 Christe
2794 1281 2950 1336 Deus.

2170 1461 2437 1515 Diaconus
2471 1477 2484 1513 :
2513 1459 2806 1526 Sapientia.

2172 1552 2459 1606 Sacerdos.
2539 1551 2639 1616 Qui
2702 1560 2785 1603 est
2855 1548 3165 1603 benedictus
3228 1545 3473 1599 Christus
3531 1543 3668 1598 Deus

2100 1655 2304 1708 noster,
2331 1644 2547 1712 ubique,
2578 1657 2741 1706 nunc,
2769 1649 2822 1695 et
2847 1655 3082 1710 semper,
3106 1648 3160 1693 et
3189 1640 3239 1691 in
3273 1637 3473 1690 'smcula
3496 1652 3666 1690 saecu-

2100 1736 2292 1790 lorum.

498 1824 607 1876 Καὶ
641 1824 898 1894 ψὰλλεται
930 1825 1010 1888 τὸ,
1060 1824 1384 1897 Στερέωσαι,
1437 1825 1466 1878 ὁ
1499 1826 1650 1892 Θεὸς,
1687 1826 1812 1890 τοὺς
1841 1824 1992 1896 βασι-

2164 1826 2292 1878 213.
2357 1822 2423 1876 Et
2471 1824 2724 1878 canitur:
2782 1821 3086 1885 Conﬁrma,
3147 1818 3322 1875 Deus.
3375 1817 3667 1886 imperato-

427 1912 555 1978 λεῖς.

2098 1930 2204 1967 τρε.

496 2002 671 2078 Coum.
703 2005 851 2060 Hanc
888 2006 1187 2061 orationem
1216 2021 1320 2060 non
1357 2006 1534 2061 inveni
1563 2021 1733 2078 usque
1755 2007 1954 2070 adhuc,
1990 2005 2092 2060 nisi
2129 2004 2271 2059 forte
2293 2011 2448 2070 putes
2477 2015 2597 2056 esse
2629 2001 2774 2055 illam
2855 2014 2974 2055 uuae
3002 2007 3180 2053 exstat
3233 2002 3287 2052 in
3331 1998 3664 2064 Hiriuologio

427 2084 482 2132 et
502 2075 578 2128 sic
604 2085 760 2128 sonat
780 2095 792 2106 -

506 2167 821 2238 Ἐπουράνιε
853 2167 1090 2238 βασιλεῦ,
1139 2169 1266 2230 τοὺς
1317 2185 1538 2231 πιστους
1591 2169 1995 2238 ρασιλεῖςὴμων

429 2260 743 2330 στερέωσον,
775 2260 872 2330 τὴν
918 2259 1099 2311 πίστιν
1129 2259 1398 2330 στήριξον,
1430 2259 1499 2310 τὰ
1546 2258 1672 2330 ἔθνη
1727 2259 1990 2330 πράῦνον,

424 2351 514 2405 τὸν
537 2351 736 2422 κόσμον
757 2354 1082 2422 είρήνευσον,
1108 2351 1203 2420 τὴν
1227 2350 1383 2418 ἁγίαν
1409 2351 1573 2422 μονὴν
1601 2351 1802 2420 ταύτην
1817 2347 1996 2412 καλῶς

425 2442 766 2511 διαφύλαξόν,
808 2445 936 2507 τοὺς
976 2444 1414 2514 προαπελθόντας
1453 2444 1694 2516 πατέρας
1720 2443 1816 2497 καὶ
1845 2441 1997 2496 ἁδελ-

427 2536 558 2603 φοὺς
583 2535 740 2605 ἡμῶν
783 2538 840 2588 ὲν
888 2539 1112 2606 σκηναῖς
1155 2536 1378 2589 δικαίων
1407 2535 1587 2602 τάξον,
1623 2535 1715 2589 καὶ
1761 2535 1908 2606 ἡμᾶς
1937 2535 1995 2587 ὲν

429 2628 684 2697 μετανοίᾳ
735 2628 828 2681 καὶ
864 2627 1246 2698 ἐξομολογήσει
1296 2627 1601 2699 παράλαϐε,
1661 2627 1738 2690 ὡς
1793 2626 1995 2695 ἀγαθὸς

426 2721 518 2772 καὶ
545 2720 944 2792 φιλάνθρωπος.

513 2810 570 2863 Ὀ
625 2810 823 2881 ἱερεύς·
887 2811 1189 2883 Ὑπεραγία
1252 2812 1516 2874 Θεοτόκε,
1586 2813 1757 2864 σῶσον
1824 2812 1991 2881 ἡμᾶς.

425 2902 532 2955 Καὶ
580 2901 858 2971 ιζκόιλλεται⁸
911 2903 1020 2974 Τὴν
1075 2905 1406 2976 τιμιωτέραν
1451 2903 1556 2957 τῶν
1587 2902 1867 2974 χερουϐὶμ,
1902 2903 1996 2956 καὶ

423 2992 765 3064 ἐνδοξοτέραν
792 2993 1135 3065 ἁσυγκρίτως
1175 2995 1282 3047 τῶν
1319 2993 1580 3066 σεραφὶμ,
1622 2992 1718 3063 τὴν
1743 2990 1997 3060 ἀδιαφθό-

427 3101 531 3154 ρως
558 3086 648 3138 τὸν
699 3086 867 3154 Λόγον
895 3086 1026 3140 Θεὸν
1059 3087 1342 3151 τεκοῦσαν,
1394 3086 1490 3157 τὴν
1513 3085 1679 3147 ὅντως
1711 3083 1992 3148 Θεοτόκον,

425 3173 483 3226 σὲ
548 3173 938 3244 μεγαλύνομεν.
1000 3169 1133 3227 Εἶτα
1207 3174 1366 3228 πάλιν
1424 3175 1588 3241 λέγει·
1661 3173 1795 3236 Δόξα
1874 3190 1992 3239 σοι,
2025 3205 2038 3214 ο

421 3264 622 3334 Χριστὲ
656 3267 685 3318 6
731 3264 881 3329 Θεὸς,
913 3267 946 3318 ᾖ
980 3265 1133 3330 ἐλπὶς
1183 3266 1356 3338 ἡμῶν
1389 3265 1514 3330 δόξα
1561 3281 1662 3318 σοι.
1733 3263 1991 3333 Ἀδελφοί·

421 3357 613 3428 Κύριε,
636 3357 924 3430 εὺλόγησον

494 3532 603 3585 Καὶ
623 3530 830 3601 γίνεται
880 3533 1160 3595 ἀπόλυσις
1209 3531 1245 3603 ἢ
1277 3531 1374 3603 μὲν
1407 3530 1522 3584 ἔστι
1567 3530 1825 3603 κυριακή·
1861 3546 1880 3580 t
1930 3526 1989 3582 '0

422 3624 658 3688 ἀναστὰς
685 3627 749 3678 ὲκ
787 3625 994 3696 νεκρῶν
1021 3623 1274 3697 Χριστὸς,
1318 3623 1346 3674 6
1375 3621 1624 3692 ἀληθινὸς
1649 3621 1779 3684 Θεὸς
1809 3619 1984 3690 ἡμῶν,

419 3719 536 3779 ταῖς
557 3717 873 3788 πρεσϐείαις
892 3718 988 3787 τῆς
1001 3715 1378 3787 παναχρὰντου
1412 3713 1574 3767 αὐτοῦ
1613 3713 1854 3784 Μητρὸς,
1880 3709 1988 3763 τῶν

422 3811 589 3879 ἁγίων
610 3811 832 3875 ἐνδόξων
855 3811 945 3865 καὶ
971 3810 1215 3879 πανευφή
1224 3823 1337 3879 μων
1375 3805 1705 3869 ἀποστόλων,
1739 3803 1831 3858 καὶ
1854 3803 1989 3856 πάν-

423 3920 527 3955 των
559 3903 667 3955 τῶν
701 3903 892 3970 ἁγίων,
922 3903 1119 3974 ἐλεήσῃ
1168 3903 1260 3954 καὶ
1303 3899 1452 3972 σώσῃ
1493 3900 1659 3968 ἡμᾶς,
1688 3897 1762 3960 ὡς
1787 3895 1990 3964 ἀγαθὸς

421 3994 513 4046 καὶ
531 3992 929 4065 φιλάνθρωπος.

2167 2163 2283 2218 Rex
2321 2165 2580 2229 ctelestis,
2631 2160 2889 2215 conﬁrma
2938 2159 3120 2214 ﬁdeles
3170 2161 3520 2228 imperatores
3569 2175 3668 2212 no-

2095 2266 2269 2321 stros;
2323 2257 2476 2309 iidem
2514 2255 2736 2320 stabili;
2792 2263 2982 2325 gentes
3037 2254 3254 2323 mitiga;
3308 2254 3534 2322 paciﬁca
3578 2269 3667 2306 or-

2093 2349 2250 2413 bem;
2309 2347 2694 2400 habitationem
2743 2345 2882 2399 hanc
2921 2355 3164 2400 sanctam
3220 2345 3356 2399 bene
3407 2347 3664 2410 custodi;

2095 2446 2278 2506 patres
2331 2446 2386 2490 et
2425 2435 2624 2490 fratres
2658 2444 2874 2491 nostros
2907 2435 3192 2490 defunctos
3239 2435 3442 2489 colloca
3477 2437 3527 2488 in
3575 2436 3667 2503 ju-

2094 2537 2300 2582 storum
2333 2525 2734 2595 tabernaculis;
2781 2537 2836 2582 et
2881 2541 2981 2581 nos
3012 2526 3064 2581 in
3096 2528 3418 2596 pteniteutia
3446 2542 3509 2581 ac
3533 2544 3667 2600 con-

2094 2616 2326 2672 fessione
2349 2618 2586 2688 suscipe,
2607 2627 2668 2673 ut
2692 2622 2783 2689 qui
2832 2632 2960 2675 vere
2999 2619 3171 2674 bonus
3209 2632 3268 2673 es
3305 2629 3360 2672 et
3391 2619 3669 2674 hominum

2095 2723 2301 2764 amans.

2170 2801 2437 2857 Sacerdos
2475 2799 2859 2854 :Sanctissima
2893 2798 2988 2855 Dei
3038 2799 3278 2857 Genitrix
3338 2815 3494 2857 serva
3548 2817 3667 2856 nos.

2094 2893 2159 2948 Et
2218 2891 2430 2946 canitur
2465 2905 2480 2944 :
2535 2889 2942 2959 Magniﬁcamus
2979 2901 3029 2946 te
3064 2892 3504 2948 excellentiorem
3535 2895 3668 2948 che-

2095 2983 2270 3038 rubim
2304 3021 2321 3048 ,
2374 2991 2429 3036 et
2480 2981 2596 3034 sine
2632 2982 3032 3050 comparatione
3076 2984 3342 3052 seraphin-
3374 2983 3670 3053 gloriOs-io-

2095 3090 2208 3129 rem
2269 3095 2283 3129 :
2345 3082 2531 3143 utpote
2595 3088 2714 3142 quae
2763 3073 3077 3144 incsrrupla
3136 3075 3372 3145 genuisti
3434 3077 3664 3130 Verbum

2094 3165 2284 3229 Deum,
2325 3165 2549 3233 ideoque
2595 3178 2720 3217 vere
2749 3163 2863 3232 {Dei
2906 3165 3133 3234 genitrix
3159 3180 3237 3221 es.
3297 3165 3431 3220 Tum
3473 3166 3666 3220 iterum

2097 3259 2227 3312 dicit
2293 3276 2306 3312 :
2357 3256 2537 3311 Gloria
2581 3257 2698 3323 tibi,
2730 3257 2946 3311 Christe
3013 3258 3153 3312 Deus
3186 3297 3202 3324 ,
3250 3272 3372 3326 spes
3431 3268 3613 3312 nostra
3643 3297 3660 3323 ,

2095 3350 2262 3421 gloria
2306 3348 2420 3403 tibi.
2481 3348 2700 3404 Fratres
2761 3349 3090 3420 respondent
3168 3367 3182 3402 :
3248 3349 3511 3417 Domine,
3570 3349 3664 3403 be-

2013 3437 2058 3497 C
2091 3442 2271 3497 nedic.

2166 3534 2233 3587 Et
2253 3531 2567 3602 pronuntiat
2599 3527 2932 3584 dimissionis
2963 3528 3272 3597 formulam,
3326 3549 3446 3602 quae
3476 3533 3666 3588 diebus

2095 3624 2379 3680 dominicis
2414 3626 2527 3676 haec
2574 3629 2701 3675 est:
2760 3619 2861 3687 Qui
2916 3623 3149 3677 surrexit
3194 3638 3224 3677 a
3254 3625 3478 3678 mortuis
3507 3624 3666 3678 Chri-

2093 3723 2212 3770 stus
2244 3729 2403 3769 verus
2432 3711 2574 3767 Deus
2603 3721 2804 3778 noster,
2845 3713 3094 3781 precibus
3125 3715 3454 3770 intemerata:
3479 3716 3668 3772 Matris

2095 3822 2225 3872 sum,
2257 3814 2569 3860 sanctorum
2596 3843 2610 3870 ,
2636 3804 2993 3873 gloriosorum
3027 3815 3080 3861 et
3109 3807 3497 3876 percelebrium
3530 3823 3664 3878 apo-

2097 3899 2380 3964 stolorum,
2402 3896 2752 3966 omniumque
2776 3906 3114 3964 sanctorum,
3139 3899 3461 3953 misereatur
3480 3907 3536 3953 et
3559 3915 3668 3954 ser-

2095 3997 2186 4045 vet
2218 4005 2341 4054 nos,
2364 3999 2423 4056 ut
2448 3989 2624 4044 bonus
2649 4003 2714 4044 ac
2737 3988 3024 4060 benignus.

490 4108 615 4163 2M.
649 4108 822 4187 Cotti.
883 4109 1224 4187 Dimissiouis
1273 4105 1800 4187 formulamilutat'ur'
1851 4119 1946 4187 pro
1971 4104 2187 4187 ratione
2217 4103 2455 4187 festi-rel
2505 4105 2762 4187 mzsterii‘
2794 4107 2936 4187 quod
2962 4106 3300 4187 celebratur,
3326 4107 3492 4187 idque
3527 4111 3662 4187 satis

422 4188 576 4254 patet
598 4181 861 4254 e_x_allato
886 4179 1156 4254 Philothei
1190 4189 1360 4232 textu.
1398 4178 1489 4254 Sic
1521 4178 1574 4228 in
1599 4175 1815 4254 Christi
1838 4175 1994 4228 natali

2103 4177 2244 4229 citur
2285 4191 2298 4227 :
2353 4175 2414 4228 '0
2439 4177 2496 4228 ὲν
2521 4175 2602 4246 τῷ
2631 4175 2881 4254 σπηλαίῳ
2929 4177 3230 4254 γεννηθείς,
3276 4180 3371 4232 καὶ
3399 4175 3457 4233 ὲν
3487 4181 3664 4254 φάτνῃ

421 4245 729 4312 ἀνακλιθεὶς
779 4247 867 4301 διὰ
909 4249 1008 4319 τὴν
1042 4247 1198 4319 ἡμῶν
1233 4247 1544 4319 σωτηρίαν.
1583 4265 1602 4319 ι
1635 4245 1750 4319 Qui
1805 4246 1994 4319 iuuspt

2096 4262 2171 4319 ica
2224 4255 2384 4319 natus
2437 4254 2536 4319 est
2573 4245 2628 4301 et
2686 4245 2738 4300 in
2781 4245 3019 4319 pricsepe
3066 4245 3405 4319 reclinatus,
3444 4245 3665 4316 propter

422 4329 659 4372 nostram
717 4313 976 4374 salutem;
1027 4313 1175 4372 ι”Ει
1230 4318 1284 4371 in
1325 4313 1798 4388 Circumcisiorte;

2096 4317 2146 4384 τῇ
2219 4314 2378 4388 ςγδόῃ
2431 4313 2614 4387 ἡμέρᾳ
2680 4313 2842 4386 σαρκὶ
2884 4315 3304 4388 ’περιτμηθῆναι
3359 4313 3665 4388 καταδεξὰ-

426 4405 602 4457 μενος,
639 4407 657 4439 ι
689 4389 788 4453 Qui
829 4397 1036 4457 octavo,
1061 4389 1145 4442 die
1189 4389 1241 4440 in
1283 4401 1447 4441 carne
1476 4384 1785 4457 circumcidi
1821 4385 2056 4457 voluisti,
2090 4397 2196 4437 etc.
2227 4384 3093 4457 Fornittlasalias,a‘liis‘Domin’i
3132 4384 3316 4442 nostro
3350 4387 3477 4442 Jesu
3507 4384 3667 4444 Chri-

422 4454 488 4511 Sti
521 4460 670 4512 fesuis
703 4469 756 4510 et.
791 4459 994 4526 aliquot
1026 4456 1317 4510 Dominicis
1346 4455 1814 4526 iaCCOmIHOllﬂlilS,
1846 4455 2027 4526 ridere
2058 4457 2147 4522 qui
2177 4455 2429 4526 voluerit,
2467 4473 2486 4505 ι
2527 4455 2616 4509 ille
2647 4456 2801 4526 adeat
2843 4454 3078 4510 Goarum
3118 4459 3184 4526 ad
3210 4457 3412 4512 calcem
3446 4459 3663 4514 Eucha-

422 4527 569 4597 logii.
608 4527 737 4581 Mihi
763 4524 941 4580 aute—in
980 4529 1114 4597 satis
1151 4527 1311 4579 fuerit
1345 4525 1430 4578 hic
1459 4527 1740 4597 pauciscx
1776 4524 1969 4597 eodem
1994 4524 2275 4578 Philotheo
2323 4539 2430 4597 ann
2453 4527 2724 4597 otare,_in
2752 4525 3096 4597 dimissiouis
3132 4525 3359 4580 formula
3409 4544 3437 4581 a
3473 4544 3662 4583 sacer-

423 4591 546 4650 do'te
579 4600 751 4652 solere
783 4596 1118 4665 pronuntiari
1147 4613 1339 4648 nomen
1372 4598 1564 4666 sancti,
1596 4592 1924 4666 cujussacra
1962 4594 2048 4646 lux
2093 4596 2295 4666 agitur,
2331 4594 2374 4646 si
2415 4604 2592 4666 tamen
2624 4591 2789 4648 fuerit
2827 4609 2857 4648 e
2902 4597 3105 4649 sanctis
3129 4598 3430 4666 prmcipuis.
3467 4598 3666 4663 Quam-

423 4670 631 4732 obrem,
667 4661 796 4720 cum
850 4668 1083 4720 Basilius
1119 4667 1361 4733 Magnus,
1389 4665 1681 4731 Gregorius
1712 4662 2082 4716 Nazianzenus
2131 4673 2184 4716 et
2227 4661 2462 4733 Joannes
2495 4662 2918 4733 Chrysostomus
2945 4666 3084 4717 inter
3111 4661 3415 4733 praecipuos
3439 4661 3660 4722 sanctus

423 4754 450 4788 a
476 4738 677 4791 Graecis
714 4752 926 4803 semper
957 4737 1124 4789 habiti
1157 4732 1374 4795 fuerint,
1413 4736 1764 4787 dubitandum
1799 4750 1902 4785 non
1941 4743 2046 4795 est,
2079 4735 2208 4801 quin
2257 4735 2308 4786 in
2339 4732 2566 4798 huiusce
2592 4732 2697 4788 diei
2736 4735 3054 4788 dimissione
3076 4732 3309 4790 debeant
3335 4750 3527 4791 eorum
3563 4752 3664 4790 no-

423 4809 567 4859 mina
598 4807 932 4874 pronuntiari
967 4806 1070 4859 huc
1099 4816 1190 4858 aut
1222 4804 1381 4857 simili
1413 4805 1573 4856 modo
1609 4820 1622 4853 :

499 4898 558 4949 '0
577 4898 702 4959 τοὺς
727 4896 1077 4958 διδασκάλους
1119 4894 1365 4964 φωτίζων
1420 4893 1672 4964 Χριστὸς,
1699 4895 1726 4946 ὁ
1747 4891 1994 4962 ἀληθινὸς

2183 4910 2200 4940 ι
2237 4892 2336 4957 Qui
2398 4892 2650 4946 duetores
2698 4892 2985 4959 illuminat,
3020 4893 3292 4959 Christus,
3324 4909 3484 4951 verus
3525 4897 3666 4950 Deus

421 4984 549 5049 Θεὸς
573 4984 749 5056 ἡμῶν,
777 4987 895 5048 ταῖς
935 4983 1250 5056 πρεσϐείαις
1278 4984 1377 5052 τῆς
1412 4984 1789 5054 παναχράντου
1823 4980 1988 5033 αὑτοῦ

420 5076 660 5148 Μητρὸς,
680 5077 787 5129 τῶν
815 5076 983 5144 ἁγίων
1011 5073 1232 5138 ἐνδόξων
1261 5075 1353 5127 καὶ
1378 5076 1625 5144 πανευφή
1635 5091 1747 5142 μων
1760 5072 1988 5126 ἀποστό-

421 5163 547 5228 λων,
569 5163 678 5216 τῶν
703 5163 758 5214 ἐν
782 5163 953 5231 ἁγίοις
983 5163 1241 5233 Πατέρων
1287 5161 1441 5232 ἡμῶν
1472 5161 1750 5214 Βασιλείου
1775 5161 1866 5214 τοῦ
1901 5179 1990 5231 με·

420 5253 606 5321 γάλου,
656 5254 956 5326 Γρηγορίου
984 5254 1078 5306 τοῦ
1106 5254 1378 5324 θεολόγου,
1425 5255 1671 5308 Ἰωάννου
1705 5255 1800 5308 τοῦ
1840 5256 1986 5326 Χρυ-

421 5345 703 5415 σοστόμου,
751 5347 842 5398 καὶ
890 5345 1104 5398 πάντων
1155 5345 1265 5399 τῶν
1307 5345 1497 5409 ἁγίων,
1566 5347 1659 5398 καὶ
1694 5344 1764 5397 τὰ
1802 5344 1983 5397 λοιπά.

2098 4991 2303 5046 noster,
2326 4984 2580 5049 precibus
2610 4984 2941 5036 intemeratae
2967 4983 3150 5039 Matris
3168 5001 3299 5048 suze,
3328 4995 3664 5050 sanctorum,

2093 5072 2451 5142 gloriosorum
2478 5083 2534 5126 et
2566 5075 2954 5142 percelebrium
2995 5076 3383 5144 apostolorum,
3419 5092 3520 5132 nec
3554 5095 3661 5131 non

2094 5174 2406 5217 sanctorum
2435 5165 2652 5217 Patrum
2687 5177 2996 5220 nostrorum
3022 5165 3205 5220 Basilii
3229 5168 3430 5236 Magni,
3456 5167 3664 5238 Grego-

2095 5255 2160 5308 rii
2197 5255 2476 5322 Theologi,
2500 5255 2722 5310 Joannis
2747 5255 3119 5326 Chrysostomi
3174 5260 3521 5329 omniumque
3543 5274 3664 5314 sau-

2093 5358 2323 5411 ctorum,
2347 5355 2400 5400 et
2434 5349 2659 5416 reliqua,
2693 5357 2748 5402 ut
2773 5364 2956 5415 supra.

491 5458 616 5513 215.
639 5459 817 5516 Οοωι.
849 5459 954 5514 Sed
976 5469 1030 5514 et
1059 5459 1264 5514 Latinis
1300 5461 1425 5513 olim
1463 5462 1704 5515 solemne
1733 5469 1873 5520 erat,
1902 5469 1960 5513 ut
1987 5461 2107 5516 aliis
2146 5471 2200 5514 et
2229 5463 2354 5517 aliis
2382 5463 2572 5517 diebus
2605 5463 2928 5518 adhiberent
2985 5465 3150 5518 etiam
3182 5463 3318 5517 alias
3343 5469 3501 5531 atque
3526 5461 3662 5516 alias

421 5534 682 5584 formulas
738 5533 1109 5604 benedicendi,
1141 5541 1450 5604 constantes
1505 5532 1774 5604 interdum
1811 5545 1874 5582 ex
1913 5531 2394 5604 tuul_tis_rersihus.
2439 5533 2588 5604 [inde
2617 5541 2760 5604 apud
2793 5533 3118 5604 Gregorium
3172 5549 3362 5602 papam
3416 5537 3467 5586 in
3503 5532 3667 5586 Libro

421 5611 868 5674 sacramentorum
917 5602 1093 5674 adhuc
1128 5611 1304 5653 exstat
1362 5603 1449 5674 illa
1485 5601 1791 5674 benedictio
1846 5616 1943 5667 pro
1980 5601 2070 5674 die
2109 5599 2421 5674 Nativitatis
2458 5599 2707 5656 Domini:
2742 5621 2783 5674 «ί
2809 5599 3100 5657 Βθιῖειιίοιιι
3128 5599 3283 5674 vobis
3316 5604 3668 5674 omnipotens

424 5669 582 5733 Deus,
625 5683 962 5737 vestramque
996 5672 1061 5723 ad
1084 5685 1310 5736 superna
1337 5673 1533 5724 excitet
1565 5670 1950 5732 intentionem,
1983 5671 2072 5739 qui
2127 5672 2266 5724 hanc
2296 5674 2720 5725 sacratissimam
2757 5673 2902 5727 diem
2937 5674 3220 5727 nativitate
3246 5672 3367 5726 Filii
3397 5669 3484 5728 sui
3521 5675 3655 5725 fecit

421 5753 541 5792 esse
575 5739 893 5794 solemnem.
919 5740 1112 5796 Amen.
1147 5741 1214 5794 Et
1241 5741 1333 5808 qui
1360 5756 1481 5796 cum
1507 5743 1597 5807 qui
1637 5740 1792 5808 panis
1824 5750 1904 5795 est
1930 5741 2241 5808 angelorum
2268 5780 2281 5807 ς
2320 5743 2372 5796 in
2423 5757 2660 5812 praesepe
2699 5743 2954 5798 Ecclesiae
2990 5745 3169 5800 cibum
3202 5743 3332 5800 fecit
3363 5757 3483 5800 esse
3519 5744 3659 5798 lide-
