4076 6226
1747 303 2272 362 PROLEGOMENA.

424 429 551 483 lium
587 425 896 480 animalium
939 443 952 475 :
995 423 1109 492 ipse
1142 439 1240 477 vos
1270 425 1399 477 etin
1436 423 1687 490 praesenti
1736 423 1932 476 saeculo
1967 423 2251 493 degustare
2280 421 2456 493 faciat_
2481 420 3178 493 mternorumpdnlcedinem
3210 435 3552 489 gaudiorum,
3598 430 3657 476 et

425 501 481 552 in
513 499 690 550 futuro
719 497 977 564 perducat
1003 491 1068 547 ad
1092 497 1399 548 satietatem
1432 505 1761 547 aeternorum
1791 491 2156 564 praemiorum.
2193 493 2385 548 Amen.
2427 491 2638 564 Quique
2667 492 2783 564 ejus
2811 491 3094 564 infantiam
3136 493 3329 547 vilibus
3361 493 3529 564 voluit
3561 493 3657 544 in-

423 569 512 622 dui
552 562 762 635 pannis,
793 565 904 631 ipse
931 579 1024 635 vos
1051 564 1352 617 ctelestium
1389 566 1834 635 vestimentorum
1886 563 2072 635 induat
2113 563 2694 635 ornamentis._Amen.
2731 563 2881 635 Quod
2904 563 3031 635 ipse
3074 562 3655 635 prmStareidignetur,

422 631 577 699 cuius
621 650 841 701 regnum
867 644 921 687 et
943 634 1228 699 imperium
1266 643 1548 701 permanet
1588 635 1638 686 in
1671 633 1866 686 satcula
1894 633 2234 686 saeculorum.
2260 633 2449 687 Amen.
2478 633 2786 686 Benedictio
2824 633 2916 685 Dei
2951 633 3144 696 Patris,
3170 645 3221 686 et
3264 631 3405 694 Filii,
3431 644 3486 686 et
3524 632 3657 698 Spi-

423 709 562 760 ritus
587 707 777 765 sancti,
805 714 857 755 et
887 720 989 772 pax
1019 703 1232 756 Demini
1263 705 1333 756 sit
1358 719 1576 771 semper
1597 703 1892 756 vobiscum.
1923 721 1942 753 ι
1985 701 2394 772 Benedictiones
2419 703 2519 755 illze
2548 707 2625 764 (ut
2659 703 3056 756 illustrissimus
3092 703 3359 756 llabertus
3396 703 3656 770 testatur)

423 779 472 826 iii
503 774 745 826 ecclesiis
787 771 899 826 fere
925 775 1176 827 omnilms
1203 775 1602 827 catliedraltbns
1631 813 1645 834 ,
1675 773 1880 840 antiqui
1914 773 2078 826 moris
2113 775 2195 825 sui
2238 771 2491 826 studiosis
2520 813 2532 833 ,
2561 774 2612 824 iit
2648 773 2981 828 solemnibus
3028 773 3218 826 ofﬁciis
3247 788 3352 827 non
3380 773 3655 824 omittun-

424 857 529 896 tttr.
555 843 816 910 Loquitur
868 854 1045 896 autem
1079 842 1348 896 Habertus
1378 844 1442 896 de
1467 842 1764 898 Gallicanis
1791 842 2045 895 Ecclesiis
2071 882 2087 905 ,
2118 857 2346 909 quarum
2377 844 2512 896 ritus
2535 842 2601 896 ab
2636 860 2732 896 usu
2763 843 3005 897 Romano
3030 845 3345 910 discrepans
3377 843 3651 910 peculiari

419 929 580 981 opere
605 913 904 979 explicatur
933 931 960 965 a
989 912 1315 966 Mabilione:
1351 915 1540 964 harum
1572 927 1698 964 vero
1747 912 2005 980 antiquus
2045 928 2174 965 usus
2215 914 2312 964 sub
2345 913 2570 980 imperio
2613 913 2912 967 Gothorum
2950 913 3000 964 in
3051 912 3364 978 Hispaniam
3403 914 3652 965 transiit.

424 984 555 1036 lline
604 982 817 1035 Missale
873 983 1161 1036 Gotltieum
1215 983 1326 1035 sive
1367 982 1698 1035 Gallicanum
1729 991 1902 1052 vetus,
1961 996 2101 1034 anno
2134 982 2273 1035 1680
2298 1022 2311 1043 ,
2359 998 2424 1035 ex
2480 999 2605 1045 mss.
2643 983 2857 1052 Reginae
2889 985 3093 1034 Suecize
3127 983 3310 1036 Romae
3341 983 3650 1051 vulgatum,

423 1051 724 1118 praescribit
757 1054 888 1106 alias
917 1064 1076 1119 atque
1111 1053 1244 1106 alias
1282 1052 1542 1104 formulas
1567 1092 1581 1115 ,
1623 1052 1819 1122 cuique
1865 1051 2000 1122 festo
2037 1054 2314 1120 proprias.
2353 1053 2452 1104 sub
2490 1052 2589 1106 hoc
2621 1055 2796 1112 titulo,
2831 1070 2848 1103 t
2901 1052 3212 1106 Benedictio
3249 1053 3458 1122 populi;
3491 1070 3510 1102 ι
3537 1066 3652 1104 non

423 1134 600 1176 tamen
635 1123 699 1175 ad
741 1121 898 1175 finem
929 1125 1122 1182 missae,
1149 1125 1242 1174 sed
1267 1131 1386 1190 post
1418 1123 1716 1174 orationem
1743 1121 2078 1174 Dominicam
2104 1131 2229 1175 ante
2269 1124 2723 1176 communiOnem.
2749 1121 3017 1175 Formula:
3058 1138 3220 1190 pot-ro
3253 1121 3356 1176 ilLae
3386 1123 3656 1176 diceban-

421 1203 509 1244 tur
564 1193 829 1259 quondam
868 1192 1324 1258 interpellationes
1370 1207 1460 1244 seu
1506 1191 1895 1261 postulationes
1937 1208 1950 1242 :
2001 1202 2162 1258 atque
2202 1193 2302 1245 hoc
2351 1193 2565 1245 nomine
2611 1195 2826 1246 easdem
2859 1193 2972 1244 vult
3003 1193 3222 1261 intelligi
3253 1193 3392 1261 apud
3417 1191 3473 1245 S.
3507 1191 3657 1244 Pau-

419 1262 527 1314 .'utn
567 1263 756 1314 beatus
783 1263 1112 1326 Augustinus
1137 1261 1358 1332 epistola
1381 1260 1761 1332 adl’aulinum
1793 1276 1806 1312 :
1845 1277 1862 1309 ι
1894 1261 2377 1330 lnterpellationes,
2429 1264 2699 1332 inquiens,
2733 1265 2847 1317 sive
2878 1275 2936 1315 ut
2972 1265 3140 1316 nostri
3174 1260 3390 1317 codices
3417 1264 3649 1326 habent,

417 1332 828 1398 postulationes,
863 1334 1017 1390 fiunt,
1048 1347 1167 1383 cum
1202 1331 1425 1399 populus
1451 1330 1812 1383 ’benedicitur.
1856 1348 1873 1380 ι

489 1400 613 1454 9.16.
643 1404 680 1451 A
719 1399 926 1453 Latinis
961 1397 1292 1453 t-evertauinr
1342 1402 1408 1452 ad
1444 1400 1660 1454 Graecos
1695 1413 1991 1464 eorumque
2047 1400 2182 1453 ritus
2235 1401 2287 1452 in
2337 1400 2750 1467 pronuntiandis
2789 1399 3260 1454 Benedictionibus
3295 1414 3323 1451 a
3364 1397 3657 1452 Phitotheo

417 1470 716 1541 descriptos
745 1488 756 1522 :
797 1471 853 1522 Ὀ
885 1472 1060 1540 ἱερεὺς
1113 1469 1327 1541 ἀνοίξας
1357 1471 1425 1522 τὰ
1454 1470 1585 1536 ἆγια
1612 1469 2078 1541 βύριαηχαλάσας
2116 1487 2175 1522 τε
2221 1471 2283 1522 τὸ
2325 1471 2588 1538 φελόνιον,
2629 1471 2920 1541 ἱσταμένου
2953 1468 3044 1522 τοῦ
3077 1469 3325 1522 διακόνου
3356 1467 3554 1534 ἔξωθεν
3581 1469 3661 1541 ,ὲκ

415 1539 624 1606 δεξιῶν,
654 1541 831 1611 καὶτὸ
856 1539 1088 1610 ώράριον
1120 1540 1442 1611 κρατοῦντος
1469 1539 1732 1609 συνήθως,
1767 1539 1912 1607 λέγει
1936 1541 1987 1592 τὶ

2090 1541 2351 1593 ιπὸλυσιν.
2392 1559 2410 1591 ι
2449 1542 2732 1604 Sacerdos,
2758 1539 2960 1596 Sanctis
3001 1545 3170 1607 portis
3194 1541 3450 1593 reseratis
3481 1540 3662 1592 etde-

419 1613 584 1664 inissa
624 1610 801 1662 casula
825 1649 838 1672 ,
870 1612 1091 1663 diacono
1121 1610 1300 1664 stante
1350 1611 1479 1663 loris
1506 1625 1535 1662 a
1569 1611 1796 1674 dextris,
1824 1620 1878 1663 et
1925 1611 2118 1663 stolam
2158 1611 2594 1680 apprehendente
2635 1612 2934 1664 secundum
2980 1611 3428 1680 consuetudinem
3457 1646 3474 1672 ,
3499 1622 3657 1680 pro-

419 1682 629 1733 nuntiat
654 1680 1044 1740 dimissionem,
1086 1699 1103 1730 ι
1137 1690 1192 1733 et
1224 1681 1490 1732 benedicit
1533 1680 1749 1748 populo,
1789 1693 2005 1733 manum
2045 1679 2258 1748 quidem
2307 1697 2526 1734 movens
2562 1681 2612 1732 in
2649 1679 2875 1734 formam
2906 1682 3103 1740 crucis,
3134 1682 3224 1733 sed
3266 1679 3462 1748 digitos
3497 1679 3662 1746 longe

415 1749 572 1803 aliter
638 1764 1006 1817 cetuponens.
1045 1765 1206 1817 quam
1261 1766 1400 1803 nunc
1451 1751 1501 1802 in
1538 1749 1780 1803 Ecclesia
1835 1749 2148 1803 Latinorum
2202 1750 2317 1804 ﬁeri
2359 1752 2658 1804 consuevit.
2712 1751 2920 1804 Etenim
2976 1751 3344 1805 auricularem
3387 1750 3644 1818 aliquan-

418 1819 585 1872 tulum
644 1819 1254 1890 incurvat;sutumum
1313 1819 1935 1890 articulumMannularis
1974 1820 2229 1890 applicat
2291 1822 2466 1889 primo
2519 1821 2746 1890 condylo
2801 1821 3063 1887 pollicis;
3126 1821 3364 1876 indicem
3413 1821 3466 1872 in
3508 1818 3657 1890 flon-

416 1903 539 1953 gum
597 1889 859 1954 producit,
894 1889 960 1942 ad
1007 1905 1242 1958 eumque
1290 1889 1506 1958 oblique
1566 1888 1808 1960 adjungit
1865 1887 2141 1952 medium,
2176 1901 2231 1945 et
2280 1887 2359 1944 Sic
2411 1887 3113 1946 alterutn'accommodans
3156 1891 3313 1945 alteri
3364 1889 3520 1959 quasi
3552 1887 3662 1942 de-

411 1969 610 2013 cassat.
3675 1969 3689 1982 .

483 2031 609 2084 217.
657 2029 832 2082 Porro
861 2027 1110 2099 Nicolaus
1157 2026 1402 2081 Malaxus
1427 2037 1764 2099 ,protopapa
1804 2027 1916 2099 sive
1949 2029 2216 2096 parocltus
2263 2028 2523 2099 Nanpliaa,
2557 2031 2754 2084 ibidem
2787 2030 3036 2084 afﬁrmat:
3074 2026 3163 2081 tali
3213 2024 3506 2099 digitorum
3543 2023 3653 2099 Δἱιι-

413 2097 642 2153 ﬂexione
695 2099 822 2151 Jesu
875 2098 1079 2168 Christi
1128 2098 1657 2168 nomenﬂijtfot'tnari
1693 2095 1756 2150 ac
1788 2095 1957 2150 veluti
1985 2100 2219 2152 describi
2265 2118 2277 2152 :
2327 2095 2448 2154 nam
2479 2143 2494 2165 ,
2533 2112 2592 2153 ut
2641 2103 2754 2167 ipse
2808 2102 3024 2168 quidem
3083 2097 3409 2158 contendit,
3456 2095 3653 2147 eadem

413 2171 790 2239 exprimuntur
825 2168 906 2221 ha:
951 2167 1146 2239 littera:
1174 2167 1270 2239 lC.
1319 2165 1430 2239 XC.
1455 2165 1672 2239 Graecos
1707 2177 1887 2239 autem
1924 2168 2026 2220 hac
2076 2172 2244 2235 figura
2279 2173 2318 2223 C
2367 2173 2495 2224 nlitn
2529 2165 2768 2239 pinxisse
2811 2165 2966 2225 suum
3001 2169 3040 2221 Σ
3093 2169 3270 2221 notius
3325 2174 3410 2239 est
3439 2203 3460 2239 ,_
3486 2179 3654 2239 quam

417 2233 588 2292 ut'hie
621 2238 724 2290 diei
753 2253 782 2289 a
813 2253 898 2290 me
931 2237 1142 2293 debeat.
1167 2237 1273 2290 Sed
1323 2238 1461 2291 habe
1497 2237 1589 2291 tibi
1631 2236 1812 2292 locum
1847 2237 2039 2292 Malaxi
2069 2233 2263 2307 ipsttut.
2297 2242 2347 2292 ls
2386 2233 2761 2312 mihiquidem
2793 2243 2987 2310 dignus
3013 2240 3158 2293 visus
3189 2244 3292 2300 est,
3318 2236 3409 2303 qui
3443 2233 3642 2287 Latine

414 2318 722 2362 verteretur
747 2327 760 2361 ἒ

484 2397 770 2452 Rectitudo
810 2395 1025 2460 indicis,
1055 2404 1112 2451 et
1154 2395 1374 2450 inflexio
1408 2397 1603 2460 medii,
1634 2398 1796 2452 etiam
1833 2399 1987 2467 spha-

2164 2404 2236 2456 Τὸ
2281 2415 2378 2477 μεν
2424 2403 2603 2475 ὄρθιον
2666 2402 2756 2455 τοῦ
2815 2402 3032 2473 Αιχανοῦ
3076 2400 3342 2454 δακτύλου
3394 2398 3490 2451 καὶ
3533 2396 3656 2449 ἐπι-

417 326 619 371 CCCLX!

417 2488 520 2544 celi
554 2489 684 2543 dicti
720 2529 734 2554 ,
781 2503 976 2543 nomen
1015 2487 1076 2543 lC
1118 2489 1404 2542 manifeste
1432 2490 1704 2558 exprimit,
1743 2503 1864 2542 cum
1899 2504 1984 2542 re-

415 2582 622 2637 etitudo
658 2581 680 2636 ι
711 2582 907 2636 referat
935 2619 951 2646 ,
981 2583 1219 2636 curvitas
1275 2597 1401 2636 vero
1450 2582 1514 2637 C.
1549 2579 1702 2636 Unde
1727 2593 1780 2636 et
1814 2597 1982 2652 prope

418 2677 651 2733 invicem
679 2677 783 2732 duo
821 2676 876 2731 hi
905 2675 1061 2746 digiti
1097 2676 1166 2730 ita
1195 2674 1463 2745 dispositi,
1499 2675 1597 2728 hoc
1625 2689 1729 2728 non
1753 2676 1985 2729 obscure

415 2784 527 2840 pra:
555 2783 613 2824 se
659 2767 858 2823 ferunt.
893 2767 1010 2822 Jam
1049 2783 1178 2822 vero
1228 2766 1439 2836 pollicis
1467 2775 1521 2819 et
1557 2765 1858 2829 annularis,
1894 2767 1984 2833 qui

416 2871 471 2915 et
492 2861 738 2930 epibatus
771 2868 1020 2924 vocatur,
1053 2857 1120 2910 ad
1147 2871 1266 2910 sese
1295 2865 1482 2908 mutuo
1538 2853 1756 2920 obliqua
1792 2853 1984 2919 adjun-

419 2951 553 3014 ctio;
584 2959 636 3003 et
673 2949 868 3002 iterum
901 2961 1019 3016 quae
1046 2945 1130 3000 his
1158 2946 1405 3013 proxima
1435 2951 1552 3005 est,
1588 2941 1812 2996 inﬂexio
1837 2942 1984 2994 auri-

417 3038 640 3105 cularis,
677 3053 871 3092 nomen
902 3036 990 3091 XC
1022 3035 1184 3090 simul
1238 3034 1548 3104 signiﬁcant
1575 3050 1589 3086 :
1617 3032 1814 3102 quippe
1846 3031 1984 3086 ohli-

418 3131 598 3200 quitas
625 3129 837 3195 pollicis
889 3140 945 3182 et
983 3126 1286 3192 annularis,
1326 3125 1655 3181 elementum
1694 3125 1810 3178 sive
1843 3123 1987 3176 litte~

421 3234 538 3272 ram
565 3215 613 3270 Χ
648 3216 926 3272 ostendit:
965 3224 1019 3270 et
1051 3215 1306 3270 incurvus
1352 3211 1675 3268 auricularis
1718 3212 1987 3281 posterius

418 3309 742 3364 elementum
769 3308 830 3364 C.
877 3308 1063 3377 Itaque
1090 3346 1105 3371 ,
1143 3316 1203 3361 ut
1251 3305 1454 3360 dictum
1499 3313 1622 3369 est,
1649 3317 1842 3358 nomen
1895 3301 1985 3356 XC

419 3401 773 3471 signiﬁcatur.
803 3399 1001 3455 Verum
1050 3414 1157 3470 quo
1181 3440 1196 3463 ,
1234 3397 1328 3467 qui
1364 3395 1592 3452 voluerit
1624 3433 1638 3459 ,
1694 3399 1988 3462 cognoscat

421 3493 566 3548 istud
597 3494 903 3568 evidentius
930 3534 946 3560 ,
977 3508 1196 3548 manum
1232 3489 1639 3546 benedicentem
1670 3485 1902 3550 delinoot
1933 3494 1987 3545 et

422 3587 565 3641 istud
601 3583 886 3642 manifeste
915 3595 1224 3656 cognoscet.
1259 3583 1326 3638 Et
1373 3595 1502 3636 vero
1551 3589 1764 3650 Oportet
1807 3590 1867 3632 ut
1893 3577 1987 3633 he-

420 3679 657 3734 nedictio
684 3679 880 3733 dictam
907 3679 1158 3747 ﬁguram,
1190 3685 1246 3730 et
1272 3674 1472 3730 nullam
1493 3673 1652 3726 aliam
1690 3669 1982 3740 exprimat,

421 3785 583 3840 quam
619 3769 963 3824 benedictum
993 3766 1120 3823 Jesu
1150 3765 1354 3821 Christi
1391 3776 1585 3817 nomen
1609 3799 1625 3825 ,
1664 3761 1718 3814 in
1757 3774 1866 3828 quo
1893 3761 1985 3811 be-
2018 3797 2061 3852 Β

419 3863 746 3916 nedicuntur
795 3875 983 3915 omnes
1039 3866 1226 3926 gentes
1249 3897 1264 3921 ,
1298 3859 1439 3913 sicut
1477 3857 1638 3911 beato
1666 3851 1988 3922 patriarcha

418 3954 652 4008 Abrahae
683 3952 1010 4022 promissum
1043 3959 1126 4005 est
1156 3967 1168 4002 :
1195 3947 1582 4002 Benedicentur
1609 3945 1776 4007 enim,
1814 3941 1990 4010 inquit

421 4041 632 4113 (Deus),
663 4043 720 4094 in
770 4041 963 4094 semine
997 4050 1084 4092 tuo
1117 4055 1292 4093 omnes
1337 4049 1508 4109 gentes
1550 4045 1702 4091 teme
1733 4034 1830 4106 (α).
1865 4032 1989 4086 Νοη

419 4135 558 4188 dixit
589 4132 788 4203 (inquit
821 4133 976 4184 divus
1003 4129 1314 4201 Apostolus)
1345 4132 1402 4182 in
1443 4128 1729 4183 seminibus
1753 4168 1768 4193 ,
1803 4125 1891 4179 sed
1933 4123 1988 4176 in

421 4225 634 4288 semine,
665 4223 754 4294 qui
799 4231 872 4276 est
922 4221 1162 4275 Christus
1185 4221 1281 4290 (ὁ).
1321 4221 1386 4276 Et
1418 4230 1567 4275 certe
1607 4216 1986 4282 conveniebat,

422 4324 481 4368 ut
512 4314 678 4383 figura
715 4327 904 4367 manus
939 4313 1308 4366 benedicentis
1331 4309 1646 4365 benedictos
1672 4308 1724 4360 in
1745 4303 1986 4368 Christo,

422 4419 528 4459 non
559 4403 888 4471 exprimeret
934 4401 1079 4456 aliud
1106 4442 1122 4468 ,
1153 4417 1311 4472 quam
1367 4414 1563 4456 nomen
1599 4397 1743 4452 illius
1775 4397 1828 4449 in
1877 4408 1984 4463 quo

419 4495 813 4550 benedicimur.
857 4493 1149 4564 Propterea
1204 4493 1390 4557 enim,
1441 4490 1658 4562 opinor,
1695 4488 1774 4543 sic
1805 4495 1859 4542 et
1915 4483 1986 4539 sb

421 4587 577 4641 initio
607 4587 980 4642 universorum
1016 4583 1280 4640 Conditor
1330 4583 1598 4640 diviniore
1647 4575 1986 4651 providentia

419 4678 617 4746 digitos
663 4679 910 4732 humanae
940 4677 1131 4746 palma:
1167 4676 1450 4742 annexuit,
1483 4682 1542 4729 ut
1599 4685 1772 4740 neque
1801 4669 1988 4738 plures

420 4771 528 4824 sint
557 4785 730 4839 neque
756 4771 1058 4840 pauciores,
1087 4785 1271 4824 verum
1307 4777 1402 4831 tot,
1428 4774 1559 4836 quot
1592 4777 1765 4832 neque
1791 4759 1990 4814 redun-

421 4860 570 4925 dent,
601 4875 775 4930 neque
798 4859 1054 4915 deﬁciant
1076 4896 1093 4924 ,
1121 4858 1216 4912 sed
1253 4856 1522 4911 sulliciant
1575 4846 1878 4907 istiusmodi
1913 4844 1989 4900 si-

420 4951 774 5022 gniﬁcationi.

2086 2500 2302 2572 καμπὲς
2333 2498 2428 2553 τοῦ
2459 2497 2645 2568 μέσου,
2677 2496 2769 2548 τοῦ
2813 2497 2906 2548 καὶ
2949 2493 3215 2562 σφακέλου
3252 2490 3568 2562 λεγομένου,
3596 2488 3660 2541 τὸ

2086 2595 2150 2650 lC
2172 2595 2341 2663 ὄνομα
2395 2591 2677 2661 προδήλως
2715 2588 3127 2662 χαρακτηρίζει·
3173 2585 3266 2638 τοῦ
3302 2583 3485 2656 ὀρθίου
3533 2582 3596 2635 τὸ
3637 2579 3658 2633 ι

2087 2683 2479 2756 παριστῶντος,
2514 2680 2606 2734 τοῦ
2640 2681 2697 2734 δὲ
2730 2679 3018 2750 καμπύλου
3060 2678 3123 2730 τὸ
3155 2677 3214 2731 C.
3242 2676 3404 2730 Ὅθεν
3431 2675 3526 2728 καὶ
3563 2673 3670 2742 έγί

2085 2795 2246 2846 γιστα
2266 2775 2506 2848 ἀλλήλων
2540 2777 2588 2827 οἰ
2614 2773 2707 2827 δύο
2731 2769 2873 2827 οῦτοι
2900 2771 3144 2826 δάκτυλοι
3175 2770 3373 2824 οὑτωσί
3399 2785 3516 2831 πως
3546 2768 3661 2821 δια-

2085 2871 2413 2940 τυπούμενοι
2445 2867 2711 2938 ἀριδήλως
2755 2865 2912 2918 τοῦτο
2959 2865 3330 2935 ἐμφαίνουσιν.
3371 2863 3437 2915 Ἦ
3479 2861 3536 2914 δὲ
3563 2859 3658 2913 τοῦ

2088 2967 2411 3036 ἀντίχειρος,
2461 2965 2552 3016 καὶ
2580 2961 2674 3014 τοῦ
2727 2960 3068 3031 παραμέσου,
3104 2957 3196 3011 τοῦ
3252 2959 3347 3011 καὶ
3397 2954 3658 3009 ὲπιόἀτου

2087 3061 2253 3113 καλου
2263 3058 2445 3130 μένου,
2477 3055 2611 3127 πρὸς
2645 3053 2904 3124 ἀλλήλους
2924 3052 3128 3122 πλαγία
3152 3051 3364 3115 ἔνωσις,
3385 3050 3476 3104 καὶ
3504 3045 3660 3116 αὖθις

2087 3167 2147 3221 τὸ
2179 3165 2406 3234 ἔγγιστα
2448 3159 2650 3215 τούτων
2697 3156 2978 3228 καμπύλον
3035 3153 3129 3208 τοῦ
3167 3153 3409 3224 μύωπος,
3460 3146 3522 3201 τὸ
3570 3145 3661 3202 XC

2087 3262 2258 3330 ὄνομα
2309 3255 2664 3328 σημαίνουσιν
2711 3251 3015 3322 ἀμφότερα’
3043 3252 3075 3318 ἡ
3099 3247 3209 3318 γὰρ
3238 3245 3534 3315 πλαγιότης
3564 3241 3660 3295 τοῦ

2087 3351 2388 3422 ἀντίχειρος
2432 3346 2526 3400 καὶ
2554 3344 2648 3397 τοῦ
2702 3342 2959 3395 ὲπιὸἀτου
3000 3339 3061 3392 τὸ
3110 3337 3157 3390 Χ
3194 3339 3456 3406 στοιχεῖον
3499 3334 3663 3387 ἐνδεί-

2087 3459 2295 3495 κνυται.
2331 3440 2389 3491 '0
2415 3437 2471 3490 δὲ
2518 3434 2893 3508 κυρτόσχημος
2944 3429 3103 3503 μύωψ
3132 3429 3194 3482 τὸ
3227 3427 3365 3500 μετά
3405 3425 3565 3479 τοῦτο
3597 3424 3660 3489 C,

2085 3543 2150 3596 δι’
2168 3535 2241 3594 ὧν
2267 3538 2328 3592 τὸ
2358 3537 2445 3592 XC
2477 3535 2667 3604 ὄνομα,
2713 3531 2788 3594 ὡς
2832 3528 3069 3600 εἴρηται,
3123 3524 3416 3578 δείκνυται.
3453 3522 3570 3574 Ἵνα
3605 3518 3663 3571 δὲ

2089 3635 2419 3705 σαφέστερον
2461 3625 2616 3682 τοῦτο
2645 3625 2782 3696 πρὸς
2809 3621 3094 3688 διάγνωσιν
3128 3618 3226 3689 ἔχῃ
3262 3619 3290 3669 ὁ
3324 3612 3660 3705 βουλόμενοξ,

2090 3699 2425 3798 σχέδιασάτω
2447 3723 2544 3793 τὴν
2566 3724 2720 3792 χεῖρα
2755 3714 3100 3784 εύλογοῦσαν,
3129 3713 3221 3765 καὶ
3250 3707 3522 3798 ἀριδήλως
3537 3699 3660 3798 τοῦ·

2088 3791 2156 3872 τξ
2169 3817 2456 3888 γνώσεται.
2593 3813 2721 3884 γάρ,
2749 3809 2995 3878 εὐλογίαν
3025 3807 3086 3859 τὸ
3120 3805 3305 3874 σχῆμα
3327 3799 3484 3853 τοῦτο
3510 3791 3665 3888 λεγό-

2094 3886 2276 3984 μενον,
2311 3911 2460 3964 οὐδὲν
2508 3907 2635 3962 ἄλλο
2674 3901 3071 3976 παραδῆλουνῆ
3120 3898 3180 3950 τὸ
3201 3895 3294 3948 τοῦ
3332 3886 3664 3984 Ἰησοῦ-Χρι-

2093 3978 2218 4057 στοῦ
2251 4003 2440 4072 ὗνομα,
2473 4003 2530 4054 ὲν
2564 3993 2605 4066 ᾧ
2631 3995 2974 4065 εὐλογοῦνται
3006 3993 3180 4046 πάντα
3208 3987 3278 4041 τά
3317 3984 3466 4053 ἔθνη,
3499 3981 3586 4072 ὡς,
3615 3978 3658 4072 Δἡ

2090 4093 2230 4166 πρὸς
2261 4068 2356 4147 τὸν
2391 4093 2655 4164 μακάριον
2689 4088 3036 4159 πατριάρχην
3089 4077 3339 4151 Ἀϐραὰμ
3367 4068 3665 4166 ἐπαγγελία

2091 4160 2334 4256 γέγονεν·
2373 4160 2902 4252 ἐὺλοῇηηθήσονται
2921 4177 3048 4247 γὰρ,
3073 4173 3260 4244 φησὶν,
3284 4170 3352 4222 ὲν
3383 4160 3665 4256 (qi—0:!!!)-

2088 4253 2232 4350 ,μα-τί
2256 4293 2373 4332 σου
2420 4274 2609 4330 πᾶσαι
2654 4278 2711 4327 αὶ
2754 4269 2939 4341 φυλαὶ
2968 4266 3078 4334 τῆς
3110 4263 3241 4335 γῆς.
3279 4261 3399 4314 Οὐκ
3423 4253 3560 4350 εἷπε,
3586 4253 3662 4350 οε,

2097 4346 2260 4442 ιρησὶν
2292 4373 2320 4422 ὁ
2353 4369 2494 4431 θεῖος
2521 4364 2832 4428 ἀπόστολος,
2862 4364 2931 4416 ἐν
2962 4359 3086 4425 τοῖς
3125 4354 3488 4422 σπέρμασιν,
3529 4346 3664 4399 ἀλλ’

2093 4464 2164 4517 ἐν
2183 4462 2262 4529 τῷ
2279 4461 2590 4530 σπέρματι,
2619 4458 2687 4524 ὅς
2703 4458 2872 4511 ἐστιν
2893 4465 2924 4508 0
2937 4451 3207 4521 Χριστός.
3235 4445 3428 4517 Ἐχρῆν
3450 4457 3605 4509 τοιγα
3613 4455 3668 4509 ρ-

2092 4555 2188 4609 οῦν
2224 4555 2318 4608 καὶ
2368 4553 2460 4606 τὸν
2521 4548 2898 4623 σχηματισμὸν
2938 4548 3036 4616 τῆς
3075 4538 3402 4610 εύλογούσης
3430 4536 3555 4597 τοὺς
3609 4533 3668 4584 ὲν

2092 4645 2314 4720 Χριστῷ
2349 4643 2525 4716 Ἰησοῦ
2551 4639 2974 4709 εὐλογουμένους
3007 4632 3189 4720 χειρὸς
3224 4629 3375 4720 οὐδὲν
3419 4625 3547 4720 ἄλλο
3571 4640 3672 4720 er,-

2097 4716 2326 4812 μαίνειν,
2357 4738 2389 4810 ἦ
2421 4735 2552 4790 αὐτὸ
2584 4735 2644 4787 τὸ
2673 4732 2845 4801 ὄνομα
2864 4728 2958 4782 τοῦ
2989 4729 3046 4780 ὲν
3073 4719 3117 4794 ᾧ
3155 4716 3544 4812 εύλογούμεθα.
3568 4716 3670 4812 Διά

2093 4808 2250 4888 τοῦτο
2282 4808 2408 4902 γὰρ,
2439 4825 2612 4900 οἶμαι,
2651 4828 2745 4880 καὶ
2767 4823 3010 4893 Θειοτέρᾳ
3041 4816 3267 4891 προνοίᾳ
3302 4814 3472 4875 οὕτως
3498 4808 3670 4902 ἀρχῆ-

2097 4926 2188 4979 Θεν
2220 4924 2307 4978 ὑπ’
2331 4901 2494 4977 αὐτοῦ
2529 4920 2624 4973 τοῦ
2658 4917 2764 4971 τῶν
2793 4916 2928 4970 ὅλων
2952 4908 3294 4983 Δημιουργοῦ
3331 4908 3381 4959 οἱ
3418 4901 3670 4958 δάκτυλοι

797 5047 1052 5118 παλάμης
1078 5045 1392 5115 ἐξήρτηντο,
1412 5037 1505 5092 καὶ
1531 5035 1588 5103 ού
1626 5031 1844 5092 πλείους
1878 5027 1987 5082 οὐδ’
2017 5023 2319 5086 ἐλάττονες,
2355 5020 2468 5074 ἀλλ’
2521 5020 2634 5072 ὅσοι
2695 5015 2762 5070 ἂν
2793 5013 2868 5085 μὴ
2886 5007 3173 5082 περιττῶς,
3208 5003 3343 5077 μηδὲ
3385 4997 3670 5059 ὲλλειπῶς,

418 5140 535 5196 ἀλλ’
557 5140 867 5212 ἀρκούντως
893 5139 1029 5212 πρὸς
1054 5137 1152 5209 τὴν
1174 5133 1424 5202 τοιαύτην
1453 5127 1727 5200 σημασίαν
1758 5122 1952 5193 ἔχοιεν.

489 5196 614 5286 Ξιὸί
651 5231 801 5286 llune
837 5196 1028 5284 Illalaxi
1051 5196 1226 5283 locum
1260 5226 1307 5280 si
1333 5196 1557 5277 vidisset
1583 5218 1816 5276 Goarus,
1845 5228 1986 5265 nun-
2021 5226 2063 5284 ο
2097 5205 2246 5269 dum,
2275 5201 2349 5254 ita
2373 5196 2637 5266 coaplari,

422 5339 582 5393 quam
615 5325 969 5390 tradidisset,
1023 5321 1304 5374 minimum
1339 5309 1715 5370 benedicentis
1761 5306 1988 5374 digitum

423 5414 540 5469 sive
569 5415 928 5470 auricularem
959 5410 1211 5482 protendi
1243 5409 1294 5462 in
1323 5407 1562 5474 longum.
1595 5396 1788 5455 Tradit
1829 5394 1990 5448 etiam

424 5503 565 5560 idem
592 5505 825 5570 Goarus,
858 5505 1056 5575 digitos
1091 5517 1122 5557 a
1153 5499 1433 5558 sacerdote
1474 5495 1615 5551 inter
1666 5486 1993 5549 benedicen-

517 5727 571 5795 α)
600 5725 731 5780 Gen.
769 5738 898 5792 χχιι,
931 5723 1014 5778 18.

2671 5213 2690 5246 ‹
2725 5201 2783 5247 ιιι
2813 5204 3030 5259 semper
3071 5185 3234 5239 trium
3281 5182 3477 5236 horum
3501 5187 3667 5228 voca-

2095 5295 2345 5351 bulorum
2382 5288 2588 5360 Ἰησοῦς
2612 5284 2845 5357 Χριστὸς
2875 5282 3000 5351 νικᾷ
3035 5279 3243 5334 litteras
3276 5270 3529 5333 initiales,
3553 5277 3672 5360 qua:

2097 5394 2224 5439 sunt
2256 5383 2295 5446 l,
2332 5379 2399 5444 Χ,
2438 5357 2492 5433 et
2524 5377 2564 5430 Ν
2597 5376 2924 5444 exprimant.
2955 5366 3290 5425 Auricularis
3328 5360 3566 5432 quidem,
3595 5357 3673 5409 in-

2098 5477 2236 5548 quit,
2268 5475 2470 5544 digitus
2499 5473 2550 5525 itt
2591 5470 2808 5538 longum
2859 5465 3151 5538 productus
3174 5460 3235 5516 τὸ
3261 5458 3283 5515 ι
3310 5476 3327 5526 ;
3358 5455 3539 5530 pollex
3576 5464 3671 5506 es-

2177 5699 2251 5770 (b)
2290 5698 2445 5753 Rom.
2482 5711 2559 5760 ιιι,
2590 5694 2666 5749 16.
