4076 6226
1339 344 1736 400 ACOLUTlllA
1774 343 2112 398 TlllPLlClS
2151 344 2372 401 FESTI.

3288 366 3514 408 οεειιυ

289 456 546 512 tremitati
601 455 762 511 medii
810 456 1134 511 accumbens
1166 495 1181 520 ,
1235 464 1289 511 et
1350 472 1472 510 eum
1531 472 1596 511 eo
1634 472 1849 512 crucem
1881 469 1929 523 Α
1967 458 2163 509 nerint.
2200 460 2375 527 Atque
2408 470 2469 511 ea
2500 458 2554 512 in
2591 471 2647 511 re
2693 458 3057 513 doctissimum
3114 459 3376 516 Morinum
3410 466 3511 517 ha-

287 549 623 602 decussatam
652 547 910 613 referens,
934 547 995 600 τὸ
1020 546 1097 613 X;
1134 548 1344 601 medius
1367 548 1580 602 tandem
1611 558 1666 602 et
1689 548 1849 600 index

283 637 346 691 τὸ
392 637 434 691 Ν
511 638 695 706 majori
763 654 827 692 ex
906 646 1056 707 parte
1131 648 1533 707 repraesentant.
1616 637 1731 703 Quo
1788 654 1850 690 ex

286 728 432 782 fonte
458 729 671 784 Goarus
722 730 838 782 haec
884 729 1170 793 hauserit,
1213 729 1454 782 invenire
1489 730 1720 782 nondum
1758 745 1851 796 po-

286 816 387 870 tui.

356 908 482 962 2-19.
516 908 621 962 Sed
671 908 774 963 hoc
802 909 919 964 loco
953 911 1383 978 praztereundum
1421 925 1526 963 non
1548 917 1650 972 est,
1708 924 1847 975 prae-

287 998 488 1052 dictam
548 1000 809 1053 rationem
862 1000 1222 1067 complicandi
1288 1000 1621 1068 digitorum,
1677 1002 1852 1052 solere

288 1088 492 1140 servari
523 1090 684 1142 etiam
736 1105 764 1141 a
805 1090 1177 1157 pontiﬁcibus,
1210 1089 1335 1143 dum
1370 1106 1490 1144 cum
1543 1089 1771 1161 δικηρίῳ
1802 1098 1855 1143 et

284 1179 554 1249 τρικηρίῳ
600 1180 946 1235 benedicunt.
988 1180 1083 1234 Est
1139 1189 1317 1233 autem
1367 1179 1608 1250 δικήριον
1664 1194 1853 1234 cereus

288 1272 546 1334 bisulcus,
575 1270 728 1339 cujus
763 1286 903 1325 unus
958 1282 1041 1325 est
1086 1285 1306 1334 ramus,
1343 1272 1455 1323 sive
1482 1270 1702 1339 capulus
1761 1280 1853 1322 ant

287 1364 651 1425 manubrium,
681 1365 785 1416 duo
811 1377 937 1416 vero
965 1378 994 1417 e
1031 1378 1180 1416 ramo
1218 1364 1268 1416 in
1303 1363 1501 1416 lineam
1535 1374 1735 1415 rectam
1774 1378 1853 1413 ra-

286 1454 515 1507 musculi
537 1453 797 1522 pullulant
818 1470 830 1517 ;
850 1470 954 1522 qua
987 1469 1050 1508 ex
1072 1453 1292 1508 notione
1317 1455 1477 1507 etiam
1507 1453 1632 1520 quid
1653 1453 1719 1506 sit
1741 1469 1852 1522 τρι·

286 1546 475 1615 κήριον
508 1545 663 1599 facile
712 1546 977 1617 intelligas
1007 1565 1019 1600 :
1047 1546 1297 1599 videlicet
1325 1546 1580 1599 trisulcus
1612 1560 1804 1597 cereus
1833 1584 1846 1607 ,

286 1654 318 1690 e
352 1638 503 1704 cujus
543 1653 650 1693 uno
689 1640 873 1693 itidem
927 1654 1075 1692 ramo
1102 1677 1117 1702 ,
1153 1648 1263 1691 tres
1308 1638 1396 1690 alii
1444 1637 1734 1689 ramusculi
1784 1637 1851 1689 ad

285 1730 530 1784 eumdem
567 1732 781 1784 modum
840 1729 1211 1785 eﬁ‘unduntur.
1251 1729 1361 1784 Nec
1422 1744 1521 1782 suo
1572 1729 1659 1782 illa
1689 1728 1853 1781 desti-

1954 546 2055 599 beo
2090 547 2375 601 fautorem.

2022 636 2147 689 2:21.
2186 636 2428 693 Tertium
2487 638 2742 707 denique,
2781 641 2995 696 bieereo
3029 642 3112 697 vel
3159 643 3389 698 tricereo
3438 645 3514 697 si-

1953 741 2118 795 gnare
2147 728 2401 795 populum
2431 744 2535 783 non
2566 744 2734 799 usque
2762 731 2896 784 adeo
2934 732 3210 799 proprium
3247 741 3331 786 est
3384 731 3515 785 solis

1953 818 2278 884 patriarchis
2338 821 2658 889 exterisque
2717 822 3097 889 pontificibus,
3145 832 3203 877 ut
3246 837 3366 877 eam
3410 822 3514 877 sibi

1954 910 2366 977 praerogativam
2396 926 2501 965 non
2534 911 2808 966 vindicent
2832 913 2994 966 etiam
3026 912 3403 982 imperatores,
3437 913 3517 967 id-

1954 1017 2058 1069 que
2094 1004 2329 1057 maxime
2359 1014 2578 1073 prepter
2624 1007 2935 1060 unctionem
2964 1006 3290 1061 chrismatis.
3314 1008 3516 1077 Duplex

1960 1105 2043 1146 est
2091 1093 2424 1149 Balsamonis
2454 1095 2627 1161 locus,
2658 1096 2748 1150 ubi
2786 1097 2927 1151 istud
2956 1106 3321 1152 asseveratur.
3368 1098 3519 1152 Alter

1956 1188 2020 1239 ad
2065 1200 2185 1238 can.
2236 1185 2300 1238 67
2340 1186 2528 1255 synodi
2558 1184 2827 1241 Trullanaa
2862 1205 2874 1239 :
2924 1187 2987 1239 Οἱ
3016 1186 3123 1256 γὰρ
3175 1188 3521 1257 πατριάρχας

1956 1277 2384 1347 προϐαλλόμενοι
2414 1276 2684 1348 ὀρθόδοξοι
2718 1278 2952 1348 βασιλεῖς
2973 1278 3034 1331 δι’
3062 1278 3397 1349 ἐπικλήσεως
3423 1279 3519 1347 τῆς

1955 1368 2114 1435 ἁγίας
2138 1368 2386 1438 Τριὰδος,
2423 1370 2516 1421 καὶ
2534 1371 2759 1441 Χριστοὶ
2779 1370 2927 1432 ὄντες
2954 1371 3181 1441 Κυρίου,
3207 1369 3518 1433 ἀκωλύτως,

1953 1461 2041 1511 ὅτε
2081 1459 2173 1511 καὶ
2206 1458 2505 1527 βούλονται,
2544 1462 2624 1523 εἰς
2649 1461 2708 1512 τὸ
2739 1460 2892 1525 ἆγιον
2929 1459 3309 1531 Θυσιαστήριον
3340 1459 3519 1529 εἰσέρ-

1954 1565 2159 1618 χονται,
2190 1549 2281 1600 καὶ
2333 1548 2591 1617 θυμιῶσι,
2621 1549 2715 1600 καὶ
2750 1548 3106 1619 σφραγίζουσι
3140 1549 3277 1619 μετὰ
3324 1565 3520 1619 τρικη-

1959 1638 2071 1709 ρίου
2095 1679 2108 1703 ,
2138 1638 2319 1701 καθὼς
2352 1640 2401 1690 οἱ
2430 1639 2728 1709 ἀρχιερεῖς.
2761 1657 2778 1689 ι
2814 1640 3166 1708 imperatores
3189 1640 3472 1693 orthodoxi
3503 1679 3518 1702 ,

1957 1731 2046 1797 qui
2097 1731 2198 1784 sub
2259 1731 2600 1784 invocatione
2632 1739 2835 1783 sanetae
2883 1728 3171 1785 Trinitatis
3222 1740 3522 1799 proponunt

287 1831 511 1875 tuuntur
545 1823 842 1891 mysterio:
873 1823 1072 1891 quippe
1101 1822 1397 1892 Τρικήριον
1434 1820 1485 1873 in
1528 1835 1630 1872 una
1668 1820 1846 1872 divina
1886 1826 1927 1883 Β
1958 1820 2297 1888 patriarchas
2325 1860 2339 1884 ,
2367 1831 2421 1874 et
2456 1830 2581 1875 sunt
2628 1820 2827 1874 Christi
2865 1819 3102 1881 Domini.
3131 1821 3247 1875 sine
3282 1820 3391 1873 ullo
3418 1822 3522 1874 im-

288 1922 479 1967 natura
536 1923 643 1967 tres
691 1913 972 1989 distinctas
1025 1913 1326 1979 Personas,
1374 1913 1627 1982 Δικήριον
1677 1920 1851 1963 autem

287 2007 423 2060 duas
462 2007 512 2059 in
539 2020 643 2059 una
677 2006 877 2061 Christi
904 2022 1134 2074 persona
1162 2008 1448 2061 distinctas
1472 2017 1696 2060 naturas
1726 2021 1851 2060 esse

296 2106 706 2165 commonstrat,
737 2100 1189 2168 quemadmodum
1223 2108 1305 2154 est
1334 2100 1472 2167 apud
1528 2098 1851 2167 Symeonem

299 2190 830 2267 Thessalonicensem
880 2193 945 2246 de
993 2192 1189 2261 templo
1217 2232 1231 2259 ,
1264 2192 1352 2246 ubi
1403 2192 1469 2245 de
1513 2189 1723 2261 lychnis
1766 2206 1856 2245 ec-

288 2284 488 2341 clesiae.
527 2284 591 2339 Hi
624 2286 806 2356 itaque
852 2286 995 2341 cerei
1036 2288 1434 2349 accenduntur;
1470 2294 1526 2340 et
1568 2286 1856 2353 episcopus

288 2378 447 2432 statis
480 2379 813 2447 temporibus
842 2380 1000 2433 modo
1028 2378 1257 2442 bisulco,
1282 2379 1440 2432 modo
1471 2378 1709 2444 trisulco,
1731 2393 1856 2432 non-

288 2482 563 2537 nunquam
608 2470 769 2523 etiam
810 2479 1040 2539 utroque
1090 2470 1293 2534 simul,
1332 2468 1395 2523 ad
1434 2470 1854 2524 benedicendum

286 2559 495 2623 utitur;
525 2560 604 2615 sic
638 2567 697 2614 ut
723 2569 849 2615 tunc
893 2559 1056 2614 etiam
1110 2574 1337 2630 expassa
1368 2560 1591 2615 brachia
1644 2561 1854 2631 signum

285 2652 463 2706 erucis
515 2660 926 2721 repraesentem.

355 2740 479 2795 220.
512 2741 627 2798 Non
658 2758 784 2797 vero
827 2744 1049 2798 videbor
1093 2745 1226 2797 ferri
1266 2752 1418 2798 extra
1464 2742 1630 2808 oleas,
1668 2745 1713 2797 si
1756 2744 1860 2798 hac

280 2834 569 2889 occasione
596 2834 696 2889 tria
722 2844 979 2905 praeterea
1006 2835 1071 2888 ad
1094 2834 1236 2888 hunc
1251 2832 1670 2889 benedicendum
1699 2834 1859 2888 ritum

286 2925 580 2991 spectantia
600 2926 782 2994 paucis
809 2926 1198 2994 perstrinxere.
1213 2925 1475 2991 Primum,
1499 2925 1624 2981 dum
1641 2925 1860 2981 Grzecus

287 3017 591 3083 patriarcha
625 3017 713 3071 vel
755 3018 1039 3087 episcOpus
1074 3032 1195 3071 eum
1246 3016 1479 3088 δικηριῳ
1529 3014 1614 3070 vel
1673 3032 1862 3087 τρικη-

290 3106 390 3177 ρίῳ
442 3108 731 3172 benedicit,
769 3120 960 3162 cruces
989 3106 1239 3162 ell‘ormat
1280 3116 1425 3172 tres;
1477 3107 1861 3163 convenienter

287 3215 420 3255 sane
465 3202 813 3271 pontiﬁcibus
843 3202 1048 3258 nostris
1074 3242 1091 3266 ,
1119 3202 1281 3256 etiam
1311 3210 1419 3257 tres
1466 3216 1654 3257 cruces
1679 3243 1696 3267 ,
1728 3202 1852 3255 dum

290 3291 615 3345 benedicunt
649 3330 665 3357 ,
717 3290 958 3346 formare
1014 3291 1210 3346 solitis.
1268 3290 1496 3347 Probari
1559 3291 1611 3346 id
1680 3299 1858 3361 potest

286 3397 353 3434 ex
403 3381 675 3438 Demetrio
712 3382 953 3438 Gemisto
1004 3400 1104 3439 ms.
1158 3383 1234 3437 De
1284 3382 1715 3445 ordinationibus
1765 3381 1857 3450 qui

286 3473 425 3542 apud
453 3472 711 3544 Cangium
760 3475 875 3529 ait:
917 3476 973 3528 Ὀ
1006 3476 1367 3548 πατριάρχης,
1404 3473 1581 3527 λαϐὼν
1629 3473 1688 3526 τὸ
1718 3474 1859 3544 ιτρι-

286 3565 495 3635 κήριον,
515 3568 659 3618 ποιεῖ
683 3561 837 3631 αὖθις
864 3568 1129 3639 σταυροὺς
1150 3570 1298 3639 τρεῖς
1327 3566 1532 3620 ἄνωθεν
1558 3564 1652 3618 τοῦ
1683 3566 1858 3633 Εὐαγ-

285 3655 495 3721 γελίουε
526 3675 543 3707 ί
570 3655 906 3722 Patriarcha,
939 3657 1393 3726 acceptotrisulco
1414 3672 1589 3723 ceree,
1615 3655 1849 3710 facitite-

290 3762 405 3798 rum
436 3762 625 3802 cruces
648 3756 758 3802 tres
778 3763 937 3817 super
968 3749 1373 3819 Evangelium.»
1394 3748 1461 3802 Et
1489 3762 1635 3810 mox,
1664 3746 1722 3798 '0
1752 3762 1856 3798 πα-

285 3838 574 3910 τριάρχης,
610 3838 818 3909 βλέπων
860 3843 996 3914 πρὸς
1047 3841 1145 3905 τὰς
1196 3840 1428 3911 δυσμὰς,
1464 3838 1674 3907 εὐλογεῖ
1720 3836 1857 3909 μετὰ

286 3931 571 4003 τρικηρίου
613 3932 707 3987 τὸν
742 3932 870 3986 λαὸν
902 3935 1024 4006 τρίς
1055 3952 1068 3988 :
1107 3953 1124 3985 ι
1151 3933 1465 3987 Patriarclta
1501 3932 1565 3985 ad
1605 3932 1855 3985 occiden-

291 4031 397 4074 tem
423 4038 732 4090 conversus,
765 4027 1035 4080 benedicit
1064 4026 1259 4096 popqu
1316 4036 1397 4080 ter
1448 4040 1569 4079 cum
1630 4024 1852 4078 trisulco

287 4122 466 4162 cereo.
514 4128 532 4161 ι
566 4110 769 4167 Deinde
791 4114 989 4168 bicerei
1024 4126 1076 4167 et
1110 4113 1319 4167 tricerei
1344 4127 1471 4167 usus
1497 4128 1604 4168 non
1637 4112 1853 4164 videtur

288 4199 574 4253 admodum
612 4202 886 4270 antiquus.
918 4203 1033 4258 Hoc
1061 4220 1165 4259 non
1197 4220 1261 4258 ex
1288 4220 1353 4259 eo
1380 4205 1596 4272 quidem
1630 4202 1850 4271 colligo,

286 4290 428 4356 quod
474 4289 532 4344 S.
575 4290 729 4346 Sabze
756 4292 1014 4363 Typicum
1048 4296 1374 4348 mentionem
1408 4295 1577 4362 ipsius
1607 4307 1710 4346 non
1760 4290 1842 4344 fa-

283 4381 396 4433 ciat
428 4379 553 4451 (hoc
582 4384 724 4437 enim
753 4382 1013 4455 Typicum
1039 4399 1136 4453 pro
1162 4385 1487 4453 patriarchis
1536 4394 1591 4438 et
1632 4383 1850 4453 episco-

286 4471 364 4525 οἰδ
403 4473 617 4541 proprie
655 4474 912 4543 scriptum
971 4490 1075 4528 non
1103 4476 1230 4544 est),
1261 4491 1445 4530 verum
1497 4489 1559 4528 ex
1604 4488 1669 4528 eo
1703 4472 1845 4542 quod

286 4570 384 4610 nec
415 4556 471 4611 S.
502 4557 788 4626 Maximus,
820 4576 918 4614 nec
945 4560 1004 4616 S.
1029 4562 1331 4617 Germanus
1392 4563 1631 4633 ejusdem
1658 4562 1848 4616 memi-

1957 1912 2263 1979 pedimento
2298 1912 2364 1963 ad
2398 1926 2615 1966 sacrum
2653 1910 2825 1964 altare
2854 1913 3142 1979 accedunt,
3171 1913 3385 1981 quando
3430 1928 3522 1965 vo-

1956 2000 2179 2067 luerint,
2228 2011 2283 2057 et
2320 2005 2445 2059 thus
2495 2004 2750 2071 adolent,
2783 2014 2837 2060 et
2884 2006 3106 2075 signant
3132 2019 3254 2057 cum
3287 2003 3523 2072 tricipite

1955 2108 2113 2147 cereo
2161 2096 2616 2163 quemadmodum
2668 2095 2968 2164 pontiﬁces.
3038 2114 3059 2147 ι
3118 2094 3269 2149 Alter
3325 2103 3409 2149 est
3462 2096 3515 2147 in

1956 2185 2145 2239 Melete
2174 2226 2190 2251 ,
2243 2186 2330 2239 ubi
2391 2200 2680 2242 recensens
2742 2200 2905 2257 opera
2935 2226 2951 2252 ,
2997 2200 3116 2254 quae
3164 2186 3525 2254 imperatores

1956 2291 2077 2330 cum
2110 2277 2432 2344 patriarchis
2482 2278 2680 2333 habent
2737 2276 3045 2332 communia
3067 2316 3081 2340 ,
3116 2277 3194 2330 sic
3233 2275 3467 2345 loquitur
3498 2293 3513 2330 :

1969 2368 2246 2423 Ἐντεῦθεν
2295 2371 2346 2422 οἰ
2381 2370 2560 2424 πιστοὶ¹
2602 2369 2855 2423 δεσπόται
2878 2370 2971 2423 καὶ
3004 2369 3399 2439 αὐτοκράτορες
3428 2384 3526 2421 κα·

1956 2460 2267 2531 τηχητικῶς
2290 2461 2536 2531 ὁμιλοῦσι
2557 2460 2635 2532 τῷ
2660 2458 3033 2532 Χριστωνύμῳ
3052 2458 3186 2529 λαῷ,
3207 2458 3300 2512 καὶ
3324 2456 3526 2528 Θυμιῶ·

1959 2567 2042 2603 σιν
2067 2550 2140 2615 ὡς
2160 2552 2341 2623 ἱερεῖς,
2361 2552 2456 2605 καὶ
2484 2551 2624 2623 μετὰ
2647 2550 2891 2623 δικηρίου
2926 2549 3302 2621 σφραγίζουσι.
3332 2568 3349 2600 ι
3389 2549 3526 2602 llinc

1958 2641 2200 2713 (prepter
2226 2644 2539 2699 unctionem
2563 2642 2909 2712 Chrismatis)
2937 2642 3122 2697 ﬁdeles
3170 2640 3383 2695 Domini
3417 2640 3524 2694 im—

1956 2744 2236 2801 peratores
2257 2733 2512 2789 erudiunt
2556 2732 2924 2788 Christianum
2969 2730 3251 2801 populum,
3274 2739 3329 2786 et
3359 2729 3526 2785 odore

1960 2823 2133 2878 thuris
2163 2823 2535 2895 suffumigant,
2559 2833 2615 2880 et
2644 2824 2863 2880 bieereo
2897 2823 3247 2879 benedicunt.
3289 2839 3310 2874 ι

2029 2913 2157 2967 222.
2178 2914 2255 2969 Ex
2291 2917 2375 2971 his
2406 2932 2569 2986 porro
2601 2916 2817 2985 planum
2848 2914 2930 2980 ﬁt,
2951 2915 3077 2983 quid
3112 2916 3183 2970 sit
3206 2913 3346 2985 apud
3376 2912 3524 2968 Grat-

1961 3017 2053 3059 eos
2078 3003 2306 3077 δικηρίῳ
2333 3006 2427 3061 καὶ
2464 3006 2733 3078 τρικηρίω
2767 3004 3088 3076 σφραγίζειν
3107 3022 3122 3038 ’
3148 3020 3215 3060 ex
3269 3005 3419 3072 cujus
3469 3018 3525 3057 re

1964 3095 2307 3164 ignoratione
2374 3114 2493 3168 qua:
2543 3097 3052 3167 interpretationum
3112 3105 3352 3152 monstra
3416 3094 3524 3149 ali-

1882 3180 1929 3245 C
1959 3188 2176 3256 quando
2236 3189 2375 3243 edita
2427 3192 2594 3245 sunt!
2629 3192 2896 3260 lnterpres
2938 3189 3123 3244 nescio
3179 3189 3340 3258 quis,
3388 3187 3526 3255 apud

1960 3275 2276 3335 Gretserum
2331 3291 2576 3336 nostrum
2613 3280 2781 3335 Horto
2826 3278 2887 3335 S.
2926 3280 3095 3333 crucis
3125 3289 3265 3348 part.
3321 3293 3373 3342 ν,
3405 3292 3524 3347 cap.

1957 3372 2050 3439 21,
2112 3372 2289 3427 locum
2348 3373 2499 3427 illum
2531 3372 2868 3429 Balsamonis
2895 3413 2911 3440 ,
2954 3372 3048 3427 mi.
3102 3371 3243 3443 μετὰ
3274 3371 3526 3442 δικηρὶου

1960 3461 2340 3533 σφραγίζουσι,
2378 3464 2449 3517 ita
2483 3464 2647 3518 vertit
2680 3482 2694 3518 :
2726 3481 2747 3516 ς
2784 3462 2919 3519 Cum
2971 3478 3095 3518 cera
3146 3461 3346 3531 duplici
3377 3462 3526 3515 obsi-

1957 3562 2142 3623 gnant.
2182 3572 2202 3606 ι
2246 3552 2605 3618 Quamobrem
2635 3554 2736 3609 iste
2790 3554 3082 3624 interpres,
3116 3568 3223 3607 non
3257 3551 3526 3606 immerito

1956 3659 1988 3698 ι
2018 3644 2273 3700 Gretsero
2302 3646 2739 3713 reprehenditur.
2767 3644 2874 3700 Sed
2898 3660 2965 3699 an
3006 3659 3112 3699 non
3145 3644 3309 3698 etiam
3338 3657 3525 3710 repre-

1956 3734 2271 3789 hendendus
2300 3734 2371 3790 sit
2404 3734 2695 3791 Gretserus
2728 3736 2860 3803 ipse,
2887 3734 3029 3804 quod
3067 3734 3255 3788 eodem
3285 3731 3377 3786 illo
3406 3730 3525 3783 Bat-

1954 3825 2196 3880 satuonis
2242 3824 2379 3893 loco,
2410 3842 2507 3895 pro
2543 3824 2789 3896 δικηρίου
2833 3825 3114 3895 legendum
3142 3831 3362 3878 censeat
3403 3836 3522 3890 τρι-

1956 3916 2151 3989 κηρίου
2180 3959 2195 3984 ,
2223 3918 2484 3989 judicium
2524 3918 2596 3973 sit
2642 3918 2897 3972 aliorum.
2929 3916 3141 3971 Etenim
3193 3915 3277 3969 vir
3327 3922 3521 3967 caetera

1956 4011 2202 4065 eruditus
2243 4011 2457 4065 videtur
2487 4010 2749 4075 nescisse,
2780 4008 3023 4080 δικήριον
3054 4018 3265 4077 quoque
3311 4017 3405 4058 seu
3436 4002 3525 4058 bi~

1956 4102 2163 4156 sulcum
2200 4102 2349 4157 illum
2392 4116 2608 4157 cereum
2641 4100 3019 4169 impartiendis
3049 4100 3102 4152 in
3148 4110 3309 4151 sacro
3349 4093 3525 4149 ofﬁcio

1953 4194 2419 4249 benedictionibus
2450 4192 2616 4248 fuisse
2648 4206 2675 4245 a
2710 4192 2911 4246 Graecis
2942 4188 3266 4243 adhibitum.
3299 4183 3399 4240 Hic
3427 4201 3528 4241 ηος

1955 4298 2068 4341 stro
2096 4287 2163 4341 de
2189 4285 2462 4341 Laudibus
2509 4285 2900 4341 commentario
2949 4282 3112 4336 ﬁnem
3146 4280 3470 4351 imponimus
3499 4300 3513 4333 :

1958 4392 2083 4429 nam
2112 4375 2311 4430 fratres
2341 4392 2370 4430 e
2409 4376 2607 4444 templo
2632 4377 2889 4429 abeuntes
2919 4380 3113 4427 vocant
3144 4384 3264 4433 nos,
3283 4369 3347 4423 ad
3368 4383 3522 4425 suam

1956 4468 2185 4537 quisque
2226 4461 2497 4531 cellulam,
2533 4478 2590 4520 ul
2619 4481 2753 4534 quas
2785 4466 2857 4521 ibi
2897 4464 3136 4519 minores
3188 4461 3352 4517 horas
3382 4461 3522 4515 reci-

1962 4568 2096 4624 tent,
2127 4559 2395 4628 dispicere
2424 4559 2713 4626 possimus.

1599 4756 1824 4812 CAPUT
1866 4744 2202 4824 QUINTUM.

662 4910 738 4968 De
764 4912 903 4968 horis
929 4913 1240 4980 minoribus,
1265 4914 1449 4970 mediis
1473 4914 1617 4968 horis
1638 4931 1655 4978 ;
1677 4927 1727 4968 et
1750 4912 2030 4982 apodipno,
2065 4914 2204 4983 quod
2234 4913 2506 4983 respondet
2539 4921 2717 4966 nostra
2742 4910 3108 4983 Complaton'o.

350 5066 476 5145 2231.
504 5067 680 5145 βτωώ
720 5070 952 5145 diurnas
991 5071 1154 5145 horas
1211 5072 1412 5145 habent
1461 5075 1681 5130 totidem
1712 5114 1728 5138 ,
1767 5089 1852 5142 qm

1954 5073 2165 5136 Latini,
2213 5086 2406 5141 nempe
2448 5070 2707 5145 πρώτην,
2758 5073 2971 5145 τρίτην,
3007 5071 3191 5145 ἕκτην,
3222 5067 3316 5121 καὶ
3365 5067 3521 5121 ἐννά-

280 5154 401 5205 την,
432 5137 686 5204 Primam,
719 5140 981 5203 Tertiam,
1005 5143 1228 5196 Sextam
1257 5154 1311 5197 et
1353 5143 1582 5197 Nonam.
1621 5137 1725 5198 Sed
1759 5137 1811 5197 in
1842 5160 1905 5198 eo
1936 5145 2284 5207 dissentiunt,
2319 5137 2461 5211 quod
2505 5137 2914 5211 poSt'singulas'
2946 5143 3105 5195 horas
3129 5137 3521 5211 'jamcomme-

284 5218 520 5282 ntoratas
557 5211 786 5262 recitent
817 5212 1027 5279 singula
1061 5211 1330 5282 Μεσώρια
1358 5215 1471 5268 sive
1488 5216 1689 5267 medias
1723 5214 1852 5267 hora

1974 5229 2198 5282 quarum
2230 5228 2291 5267 ea
2319 5208 2436 5280 qua!
2461 5208 2581 5282 post
2613 5208 2849 5265 Prittiam
2889 5213 3106 5272 dicitur,
3136 5208 3400 5280 μεσώριον
3422 5209 3519 5282 τῆς

280 5277 503 5355 πρῴτης
529 5277 1049 5355 ηριιευμοιυῃξψιω
1077 5292 1210 5355 post_
1227 5277 1486 5355 Tertiam,
1519 5283 1786 5355 μεσὼριον
1818 5302 1852 5335 τι

1954 5277 2133 5354 τρίτης
2158 5322 2174 5348 ,
2202 5292 2256 5339 et
2284 5277 2362 5338 sic
2386 5277 2660 5351 deinceps.
2698 5282 2773 5337 De
2811 5284 3060 5336 mesot'iis
3088 5277 3266 5334 autem
3291 5277 3405 5332 haec
3434 5280 3518 5330 in-

277 5349 437 5401 Venio
466 5364 519 5401 tu
547 5346 750 5417 Typico
776 5349 877 5404 sub
904 5346 1290 5422 linem-capitis
1322 5354 1353 5406 5
1381 5372 1392 5406 :

349 5530 429 5583 Tdt
457 5532 512 5585 δὲ
536 5534 797 5607 Μεσώρια
812 5536 910 5606 τῆς
936 5544 984 5604 γ’
1000 5536 1147 5608 ὥρας
1172 5539 1264 5590 καὶ
1318 5546 1369 5602 ς’
1407 5540 1634 5593 πάντοτε
1651 5541 1725 5609 ξὲν
1776 5543 1842 5611 τῇ

297 5618 585 5697 Ἐκκλησία
615 5627 905 5697 ψάλλονται
933 5629 1060 5682 ἄνευ
1096 5629 1203 5681 τῶν
1243 5631 1558 5699 ἀγρυπνιῶν
1615 5616 1708 5683 παὶ
1736 5632 1843 5684 τῶν

281 5708 480 5777 ἑορτῶν
526 5719 582 5772 ὲν
627 5715 714 5783 αἷς
741 5719 978 5789 γίνονται
1022 5721 1335 5792 δοξολογίαι.
1362 5723 1434 5777 Τὸ
1478 5723 1532 5776 δὲ
1575 5722 1841 5795 μεσὼριον

2022 5541 2147 5595 224.
2176 5560 2201 5593 ‹
2232 5541 2461 5597 Mesoria
2495 5542 2693 5596 Tertiae
2720 5550 2774 5596 et
2799 5542 2980 5596 Sexta:
3000 5555 3212 5608 semper
3232 5539 3284 5593 in
3310 5537 3498 5592 Eccle—

1950 5636 2029 5689 sia
2091 5636 2467 5701 concinuntur,
2511 5645 2871 5704 praeterquam
2897 5634 2951 5687 in
2981 5633 3178 5701 vigiliis
3227 5640 3279 5691 et
3332 5630 3506 5693 festis,

1952 5726 2166 5794 quando
2200 5725 2469 5783 habentur
2496 5727 2935 5796 gloriﬁcationes.
2967 5725 3375 5800 Primze__autem
3413 5724 3511 5777 hoc
