4076 6226
1551 341 1946 398 ACOLUTIIIA
1988 339 2326 397 TllIPLlClS
2359 341 2560 399 FESTl

405 477 546 517 .cum
576 469 738 530 nepte
785 460 950 516 Maria
979 477 1083 515 non
1132 462 1273 518 male
1307 461 1572 517 referatur
1599 464 1666 517 ad
1702 463 1959 518 sreculum
1991 477 2040 515 vt
2066 503 2080 527 ,
2110 463 2252 531 quod
2304 463 2441 517 alias
2493 462 2681 517 licebit
2710 476 3099 533 recognoscere
3139 477 3201 517 ac
3233 462 3457 516 forsitan
3490 464 3655 518 etiam

429 544 750 586 retractare.
1645 555 1657 565 '

493 601 618 656 256.
654 602 724 657 Ut
751 614 807 656 ut
835 611 936 666 est,
976 603 1237 671 precatio,
1286 619 1447 672 quam
1520 603 1694 657 inveni
1757 605 1822 656 ad
1879 612 1987 656 tres
2039 603 2272 671 majores
2320 603 2651 657 reverentias
2719 603 3094 665 recitandam,
3154 613 3428 656 auctorem
3489 602 3658 656 habet

427 671 486 726 S.
519 673 772 740 Ephrem,
801 673 954 739 juxta
984 673 1240 742 Typicum
1293 671 1346 727 et
1403 674 1774 741 llorol0gium;
1834 682 1995 739 atque
2053 673 2154 726 hoc
2216 675 2374 725 modo
2430 674 2718 742 peragitur.
2785 674 2864 724 Ad
2919 675 3146 741 primam
3182 672 3537 727 reverentiam
3573 673 3659 726 di—

426 743 566 814 citur
592 759 606 795 :
629 742 808 814 _Kt.ipts
837 745 931 796 καὶ
968 741 1200 796 δέσποτα
1246 743 1346 814 τῆς
1378 743 1534 814 δζωῆς
1587 760 1709 814 μου,
1744 743 1960 812 πνεῦμα
1990 742 2213 814 ἀργίας,
2243 742 2584 812 περιεργίας,
2621 741 2930 812 φιλαργίας,
2964 744 3057 795 καὶ
3089 742 3410 812 ἀργολογίας
3463 744 3533 812 μή
3570 759 3662 814 μοι

424 811 532 874 δός.
578 830 595 862 ι
625 809 850 866 Domine
884 824 938 867 et
970 815 1276 868 dominator
1302 809 1437 867 'vit‘a:
1471 809 1622 872 more.
1657 828 1759 867 non
1794 809 1896 865 des-
1930 809 2057 864 mihi
2091 809 2339 880 spiritum
2376 809 3014 881 pigritiae,curiositatis,
3050 809 3382 876 ambitiOnis,
3415 809 3474 866 et'
3497 809 3662 867 otiosi

431 884 756 953 sermonis.»
793 884 871 953 Ad
905 883 1126 935 alteram
1176 884 1372 937 dicitur
1400 903 1413 936 :
1453 883 1678 953 Πνεῦμα
1702 883 1758 934 δὲ
1789 899 2008 935 ταπεινο

2108 881 2305 952 ισύνης,
2333 885 2424 935 καὶ
2459 883 2829 953 σωφροσύνης,
2863 883 2957 934 καὶ
2986 882 3284 952 ὑπομονῆς.
3315 883 3404 935 καὶ
3426 883 3662 951 -ἀγάπης

427 951 650 1022 χάρισαί
680 952 870 1023 μοι“τῷ
889 953 964 1022 σῷ
986 953 1175 1022 δούλῳ.
1210 953 1346 1008 (Sed
1375 951 1625 1021 spiritum
1647 953 1984 1016 humilitatis,

2108 951 2488 1023 terriperantiae,
2523 951 2890 1018 et’paticntiac,
2925 965 2976 1003 et
3007 951 3289 1005 charitatis
3321 954 3496 1023 tribue
3524 954 3661 1006 mihi

428 1021 585 1075 servo
618 1021 725 1075 tuo.
771 1041 789 1074 ›
813 1021 892 1093 Ad
929 1021 1139 1076 tertiani
1171 1025 1401 1089 denique
1431 1042 1444 1076 :
1475 1024 1603 1087 Ναὶ,
1639 1023 1811 1093 [Copta
1846 1023 2008 1092 βασιλ

2123 1021 2362 1093 δώρησαί
2396 1041 2484 1092 μοι
2512 1023 2645 1092 ὀρᾷν
2670 1023 2741 1075 τά
2772 1023 2878 1091 ἐμά
2905 1023 3241 1091 πταίσματα,
3267 1022 3359 1074 καὶ
3385 1021 3458 1093 μὴ
3495 1036 3663 1093 κατα-

427 1093 630 1164 κρίνειν
656 1093 744 1146 τὸν
772 1092 999 1161 ἀδελφόν
1031 1109 1155 1164 μουέ
1193 1095 1274 1146 ὅτι
1303 1094 1590 1164 εὐλογητὸς
1620 1089 1672 1146 εἷ
1700 1089 1780 1155 είς
1816 1089 1941 1156 τοὺς
1985 1110 2008 1144 a

2108 1089 2340 1155 ιας’τ’ὦν
2373 1089 2605 1146 αἰώνωνζ
2641 1112 2659 1144 ‹
2703 1089 3195 1164 Ιῑιι,“υοιιιὶιιθίίθιι,
3227 1089 3396 1164 dant
3417 1089 3563 1146 meos
3587 1092 3664 1144 la-

428 1161 559 1231 psus
587 1165 820 1226 videam,
853 1178 986 1216 neve
1013 1161 1367 1217 condemnem
1399 1161 1623 1218 fratrem
1665 1179 1840 1216 meum
1879 1181 1893 1217 :
1931 1165 2055 1230 quia
2086 1164 2402 1217 benedictus
2431 1178 2489 1217 es
2515 1165 2566 1214 in
2605 1162 2919 1216 szeculorum
2953 1161 3167 1215 saecula.
3207 1181 3226 1214 ι
3269 1162 3659 1215 Verumtamen

429 1232 673 1287 rudiores
705 1235 979 1298 monachi,
1011 1235 1278 1303 nullisque
1322 1234 1518 1287 litteris
1546 1233 1768 1294 exculti,
1798 1233 1982 1285 dicunt
2013 1233 2416 1303 adquamlibet
2449 1233 2708 1298 majorem
2740 1233 3122 1303 reverentiam,
3153 1233 3267 1286 sive
3293 1233 3537 1303 corporis
3569 1231 3658 1284 in-

426 1304 948 1373 curvationem,-hoc
973 1301 1238 1373 duntaxat
1271 1318 1390 1357 cum
1423 1303 1737 1363 Publicano,
1778 1303 1836 1353 Ὀ
1888 1302 2008 1373 Θεὸς

2108 1303 2325 1373 regem:
2374 1320 2465 1372 μοι
2498 1302 2577 1372 τῷ
2611 1301 2940 1373 ἁμαρτωλῷ,
2978 1321 2997 1353 ι
3045 1303 3207 1366 Deus,
3245 1301 3510 1371 propitius
3538 1309 3658 1355 esto

427 1372 557 1426 mihi
588 1372 876 1442 peccatori.
920 1393 938 1425 ι
969 1371 1046 1428 De
1073 1375 1204 1443 ipsis
1235 1373 1554 1428 reverentiis
1576 1373 1697 1428 vide
1719 1388 1870 1428 num.
1895 1371 2022 1427 202.

3413 361 3653 401 τοοιχιιν

1712 1532 2070 1590 MESORIUM
2107 1531 2358 1589 ΡΒΙΜᾹΞ.

495 1666 734 1746 257..ᾼά
773 1666 1292 1746 Primzemesorium
1326 1669 1469 1737 quod
1527 1668 1742 1746 attinet,
1776 1670 1843 1723 de
1895 1682 1962 1722 eo
2002 1669 2179 1746 aliqua
2210 1671 2566 1746 disseruimus
2597 1689 2746 1727 num.
2777 1670 2906 1741 224,
2941 1673 3027 1727 ubi
3064 1685 3119 1746 et
3145 1687 3209 1731 ex
3244 1673 3666 1746 Typiciverbis

425 1738 608 1811 videre
633 1737 778 1811 licet,
804 1739 1020 1806 quando
1044 1741 1300 1811 recitetur
1319 1749 1388 1811 et
1418 1754 1525 1811 quo
1553 1737 1692 1811 loco,
1718 1753 1964 1811 quosque
1993 1737 2228 1808 psalmos
2259 1743 2669 1811 complectatur,
2694 1758 2832 1811 quas
2869 1737 3216 1811 precationes
3247 1737 3404 1800 alias.
3436 1743 3506 1797 At
3532 1759 3664 1799 vero

425 1807 649 1886 cumibi
680 1811 869 1886 barqu
906 1809 1276 1886 precationum
1318 1808 1840 1886 initiasruummodo
1868 1807 2123 1886 expressa
2155 1807 2398 1873 fuerint,
2435 1807 2807 1886 nostrum—est
2842 1807 2901 1867 ut
2955 1815 3181 1886 reliqua,
3207 1830 3282 1886 ex
3335 1813 3666 1886 Hirmologio

424 1877 786 1953 suppleamus.
820 1879 1146 1953 Incipiemus
1165 1894 1303 1953 ergo
1335 1880 1402 1953 ab
1435 1879 1523 1932 illo
1551 1877 1848 1953 Tropario,
1896 1881 2036 1946 quod
2067 1882 2478 1953 Κατανυκτικόν
2520 1883 2842 1953 appellatur,
2878 1892 2933 1938 et
2964 1877 3106 1953 quod
3149 1883 3221 1937 ibi
3251 1925 3266 1950 ,
3317 1900 3447 1940 casu
3482 1877 3666 1939 nescio

427 1962 554 2026 quo,
585 1965 618 2026 _¢_
644 1947 974 2026 blocmrnuut
1007 1966 1042 2026 ι⁸
1061 1947 1258 2026 Latine
1276 1949 1495 2017 legitur,
1529 1948 1624 2026 sed
1664 1947 1846 2023 male:
1887 1964 1993 2004 non

2108 1947 2167 2005 7m
2203 1947 2621 2026 κατανυκτικόν,
2652 1951 2720 2006 ibi
2762 1947 3142 2026 «nocturnum
3190 1972 3209 2004 ›
3251 1947 3538 2026 significat,
3571 1955 3668 2009 sed

424 2016 493 2084 (si
526 2017 667 2089 mihi
690 2021 770 2072 fas
799 2020 890 2082 sit,
924 2020 997 2072 ita
1028 2017 1194 2089 loqui)
1231 2037 1250 2070 ι
1287 2016 1754 2089 cempunctivum;
1795 2017 1816 2072 ὀ
1869 2020 2123 2088 quoniam
2188 2024 2365 2075 verbis
2395 2020 2706 2076 con'texitur
2751 2024 2884 2078 adeo
2913 2025 3202 2088 gravibus,
3238 2016 3383 2080 utvin
3432 2025 3670 2080 recitan-

427 2090 556 2166 tium
587 2088 781 2142 animis
811 2089 1056 2158 spiritum
1084 2088 1512 2166 compunctiunis
1543 2091 1700 2143 facile
1726 2089 2282 2166 possit__prugignere__;
2310 2093 2550 2161 adeoque
2577 2107 2606 2145 a
2638 2091 2816 2166 νύττω
2867 2110 2887 2144 ‹
2913 2109 3142 2165 pungo,i
3173 2104 3228 2148 et
3249 2095 3469 2166 prOpius
3501 2109 3534 2149 a
3564 2107 3671 2151 κσιη

424 2157 689 2223 τανύττω,
712 2177 731 2210 ‹
757 2157 1080 2229 compuugo,
1113 2177 1133 2210 ›
1171 2159 1316 2215 ducit
1342 2159 1629 2230 Originem,
1649 2157 1756 2214 non
1789 2177 1819 2216 a
1848 2157 1964 2227 νύξ,
1997 2180 2008 2213 ι

2108 2157 2205 2214 ἑκ.)
2246 2162 2339 2215 Est
2367 2157 2547 2217 autém
2580 2162 2705 2219 tale.

505 2292 754 2364 Ἐλέησον
813 2294 961 2364 ἡμᾶς
983 2331 998 2358 ,

422 2385 530 2454 γὰρ
571 2383 864 2452 ἀπολογίας
894 2385 1242 2455 ἀποροῦντες,
1278 2384 1479 2456 ταύτην
1525 2392 1608 2436 σοι
1642 2383 1869 2450 ἱκεσίαν,
1922 2384 1997 2447 ὡς

420 2475 694 2546 Δεσπότῃ,
763 2475 814 2528 oi
881 2475 1198 2546 ἁμαρτω).οὶ
1266 2476 1672 2547 προσφέρομεν.
1743 2475 1996 2546 Ἐλέησον

424 2568 592 2638 ἡμᾶς-

567 2662 722 2727 Δόξα.

491 2756 684 2827 Κύριε,
732 2755 952 2826 ἐλέησον
1019 2758 1165 2826 ἡμᾶς
1193 2773 1206 2785 ·
1241 2755 1334 2809 ἐπὶ
1370 2755 1454 2809 σοὶ
1498 2757 1606 2827 γὰρ
1635 2754 1994 2822 πεποίθαμεν,
2075 2751 2078 2754 ’

425 2842 500 2914 μὴ
530 2844 789 2916 ὀργισθῇς
829 2847 960 2916 ἡμῖν
1002 2846 1228 2916 σφόδρα,
1282 2845 1416 2915 μηδὲ
1451 2845 1695 2916 μνησθῇς
1721 2845 1829 2898 τῶν
1873 2847 1997 2898 ἀνοι-

423 2935 562 3006 μιῶν
609 2937 784 3009 ἡμῶν·
817 2937 930 2990 ἀλλ’
959 2937 1245 3006 ἐπίϐλεψον
1274 2940 1366 2991 καὶ
1405 2938 1498 2991 νῦν
1529 2938 1601 3002 ὼς
1642 2937 1995 3008 εὖπλαγχνος,

423 3027 518 3080 καὶ
559 3027 832 3099 λύτρωσαι
862 3032 1010 3101 ἡμᾶς
1041 3029 1231 3082 ἐκτῶν
1264 3029 1473 3101 ἐχθρῶν
1505 3029 1682 3101 ήμῶνο
1718 3031 1781 3083 σὺ
1808 3031 1916 3102 γὰρ
1948 3025 2001 3082 εἴ

422 3120 553 3184 Θεὸς
581 3122 758 3191 ἡμῶν,
785 3123 878 3175 καὶ
910 3125 1070 3192 ἡμεῖς
1106 3123 1230 3186 λαός
1260 3140 1376 3185 σου,
1409 3123 1606 3186 πάντες
1635 3123 1768 3194 ἔργα
1801 3122 1998 3193 χειρῶν

426 3228 542 3277 σου,
567 3213 662 3265 καὶ
689 3214 748 3265 τὸ
775 3213 946 3284 ὄνομά
976 3231 1068 3267 σου
1106 3213 1536 3284 ὲπικεκλήμεθα.

590 3306 698 3358 Καὶ
727 3307 839 3359 νῦν.
1554 3307 1856 3361 Θεοτόκιον.

497 3394 609 3465 Τῆς
667 3397 1062 3468 εὐσπλαγχνίας
1114 3399 1208 3470 τὴν
1264 3400 1440 3471 πύλην
1479 3399 1688 3465 ἄνοιξον
1730 3396 1996 3469 mmo-

426 3485 699 3559 λογημένη
733 3489 979 3544 Θεοτόκε.
1036 3490 1375 3556 Ἐλπίζοντες
1417 3493 1495 3554 εἰς
1543 3492 1601 3543 σὲ
1650 3489 1724 3561 μὴ
1761 3491 1997 3560 ἀστοχή-

430 3594 631 3649 σωμεν,
669 3584 993 3655 ρυσθείημεν
1024 3585 1112 3638 διὰ
1144 3585 1236 3638 σοῦ
1264 3585 1372 3638 τῶν
1399 3584 1871 3655 περιστάσεωνοσὺ
1889 3584 1997 3653 γὰρ

427 3679 460 3749 ἡ
498 3679 737 3746 σωτηρία
760 3678 851 3730 τοῦ
886 3678 1076 3746 γένους
1101 3678 1209 3730 τῶν
1232 3679 1587 3750 Χριστιανῶν.

496 3769 588 3832 Τὸ,
647 3768 839 3834 Κύριε,
910 3770 1152 3840 ἐλέησον,
1222 3776 1292 3840 μ’.
1348 3769 1502 3833 Δόξα.
1549 3770 1657 3822 Καὶ
1720 3767 1832 3824 νῦν.
1887 3766 1999 3838 Τὴν

425 3862 755 3933 τιμιωτέραν
798 3861 906 3913 τῶν
951 3862 1235 3932 χερουΰίμ.
1284 3863 1370 3915 Ἐν
1407 3861 1755 3933 ὀνόματι,τοῦ
1794 3860 1997 3933 Κυρίου

424 3954 734 4024 εὐλόγησον,
781 3954 985 4024 Πάτερ.
1019 3956 1127 4006 Καὶ
1154 3955 1413 4024 ποιοῦμεν
1455 3953 1740 4024 μετανοίας
1760 3951 1999 4023 μεγάλας

427 4055 474 4116 γ’
495 4048 633 4118 μετὰ
684 4048 777 4101 καὶ
807 4048 908 4116 τῆς
945 4048 1132 4118 εὑχῆς,
1162 4047 1236 4110 ὡς
1264 4046 1578 4117 δεδήλωται.
1607 4042 1738 4100 Εἶτα
1771 4045 2000 4116 λέγομεν

425 4138 522 4210 τὴν
549 4139 826 4210 παροῦσαν
861 4139 1023 4209 εὐχὴν
1043 4139 1133 4191 τοῦ
1164 4138 1394 4209 μεγάλου
1426 4136 1723 4190 Βασιλείου.

511 4232 568 4284 Ὀ
598 4231 730 4294 Θεὸς
760 4234 787 4284 ὁ
814 4230 1047 4294 αἰώνιος,
1077 4231 1135 4282 τὸ
1166 4231 1396 4301 ἄναρχον
1453 4229 1546 4282 καὶ
1586 4229 1755 4283 ἀΐδιον
1788 4227 1925 4297 φῶς,
1973 4229 2002 4279 ὁ

428 4317 610 4388 πάσης
633 4319 862 4382 κτίσεως
889 4319 1235 4389 δημιουργὸς,
1255 4322 1286 4389 ή
1306 4319 1398 4370 τοῦ
1425 4319 1606 4381 ἐλέους
1625 4317 1796 4388 πηγὴ,
1817 4318 2002 4387 τὸτῆς

431 4407 760 4476 ἀγαθότητος
815 4408 1068 4474 πέλαγος,
1118 4409 1212 4461 καὶ
1259 4409 1356 4477 τῆς
1394 4407 1800 4479 φιλανθρωπίας
1849 4408 2004 4474 ἀνεξ-

435 4499 700 4565 ιχνίαστος
743 4499 998 4563 ἄϐυσσος,
1053 4500 1316 4568 ὲπίφανον
1357 4503 1442 4568 ἐφ’
1487 4503 1636 4572 ἡμᾶς
1673 4501 1734 4554 τὸ
1765 4501 1878 4568 φῶς
1909 4499 2002 4552 τοῦ

432 4588 723 4659 προσώπου
752 4607 867 4655 σου,
884 4591 1075 4662 Κύριε.
1095 4592 1321 4661 Λάμψον
1344 4595 1401 4646 ὲν
1431 4597 1549 4657 ταῖς
1567 4593 2000 4665 καρδίαιςήμῶν,

433 4680 590 4750 νοητὲ
611 4681 730 4750 ἥλιε
758 4683 855 4752 τῆς
884 4683 1226 4754 δικαιοσύνης
1253 4685 1346 4737 καὶ
1375 4686 1476 4754 τῆς
1511 4685 1865 4756 εὐφροσύνης*
1908 4684 2005 4748 τὰς

434 4771 608 4841 ψυχὰς
637 4772 793 4842 ἡμῶν
830 4775 1138 4844 πλήρωσον,
1175 4777 1269 4828 καὶ
1295 4776 1502 4840 δίδαξον
1541 4779 1689 4847 ἡμᾶς
1715 4778 1784 4832 τὰ
1810 4776 1878 4829 σά
1911 4794 2005 4846 με-

435 4861 592 4932 λετᾷν
613 4861 719 4925 ἀεὶ,
751 4865 844 4917 καὶ
869 4866 1198 4935 φθέγγεσθαι
1234 4867 1494 4938 κρίματα,
1531 4870 1624 4920 καὶ
1668 4867 2006 4937 ἐξομολογεῖ-

439 4953 561 5006 σθαί
592 4971 670 5006 σοι
703 4956 982 5024 διηνεκῶς,
1003 4958 1082 5027 τῷ
1120 4959 1371 5028 ἡμετέρῳ
1394 4959 1635 5030 Δεσπότῃ
1660 4960 1754 5012 καὶ
1782 4960 2004 5030 εὐεργέ-

435 5060 522 5117 τῃ.
555 5045 635 5098 Τὰ
654 5045 759 5097 τῶν
787 5047 983 5116 χειρῶν
1009 5024 1173 5118 ἡμῶν.
1193 5024 1499 5120 ἔργα-πρὸς
1531 5049 1590 5102 τὸ
1609 5024 1711 5101 ’σὸν
1739 5024 2005 5102 κατεύθυ-
2034 5024 2075 5078 C

438 5155 526 5190 νον
563 5138 794 5208 θέλημα,
823 5141 917 5192 καὶ
945 5141 1202 5210 πράττειν
1231 5142 1375 5210 ἡμᾶς
1401 5143 1470 5194 τά
1501 5159 1583 5194 σοι
1617 5143 1884 5211 εὐάρεστα
1915 5141 2008 5194 καὶ

438 5229 564 5297 φίλα
594 5230 876 5282 εὐόδωσονο
910 5231 994 5283 ἵνα
1021 5233 1114 5284 καὶ
1140 5232 1229 5284 διὰ
1255 5233 1363 5285 τῶν
1392 5232 1625 5297 ἀναξίων
1669 5234 1825 5303 ἡμῶν
1857 5233 2009 5296 δοξά-

439 5319 596 5389 ζηταί
641 5338 731 5373 σου
757 5321 816 5374 τὸ
843 5322 1106 5391 πανάγιον
1142 5323 1332 5392 ὄνομα,
1373 5323 1468 5376 τοῦ
1503 5324 1734 5394 Πατρὸς,
1767 5325 1862 5376 καὶ
1913 5323 2006 5376 τοῦ

439 5407 593 5470 Υἱοῦ,
621 5408 829 5461 καὶτοῦ
862 5411 1015 5479 ἁγίου
1047 5411 1381 5480 Πνεύματος,
1425 5413 1527 5481 τῆς
1585 5413 1712 5482 μιᾶς
1756 5412 2008 5483 θεότητὸς

440 5513 499 5548 τε
541 5498 635 5550 καὶ
681 5497 973 5567 βασιλείας,
1103 5502 1304 5571 πρέπει
1344 5504 1492 5555 πᾶσα
1539 5503 1687 5570 δόξα,
1724 5502 1859 5574 τιμὴ
1913 5503 2008 5556 καὶ

442 5589 808 5660 προσκύνησις
836 5593 915 5655 εἰς
943 5593 1068 5655 τοὺς
1107 5593 1327 5656 αἰῶνας.
1368 5593 1560 5664 Ἀμήν.

520 5675 644 5735 Εἶτα
678 5685 1111 5755 ὲπισυνάπτομεν
1135 5687 1226 5744 καὶ
1252 5687 1452 5757 ταύτην
1483 5686 1574 5740 τοῦ
1606 5687 1792 5742 αὐτοῦ.

1071 2294 1264 2364 Κύριε,
1321 2292 1542 2364 ἐλέησον
1598 2294 1765 2363 ἡμᾶς·
1814 2292 1995 2364 πάσης
2022 2303 2065 2360 Α

2167 2290 2424 2350 Miserere
2484 2295 2677 2360 nostri,
2737 2295 2982 2362 Domine,
3030 2296 3292 2352 miserere
3335 2296 3548 2351 nostri:
3589 2305 3667 2350 et-
3703 2290 3710 2300 ’

2099 2385 2242 2437 enim
2266 2384 2442 2439 omnis
2471 2386 2812 2454 purgationis
2843 2387 3008 2457 indigi
3039 2387 3181 2442 banc
3205 2389 3325 2450 tibi,
3356 2397 3541 2458 utpote
3571 2387 3672 2442 Do-

2100 2475 2266 2542 mino,
2304 2476 2758 2546 supplicationem
2813 2489 3126 2548 peccatores
3175 2478 3474 2535 offerimus.
3507 2477 3670 2535 Mise-

2098 2580 2221 2622 rere
2250 2569 2449 2624 nostri.

2245 2657 2450 2715 Gloria.

2168 2750 2294 2810 258.
2325 2753 2575 2820 Domine,
2628 2754 2888 2811 miserere
2917 2756 3090 2811 nostri
3138 2773 3152 2811 :
3195 2756 3249 2811 in
3285 2763 3338 2811 te
3367 2757 3514 2811 enim
3540 2769 3672 2811 con-

2099 2840 2184 2896 ﬁsi
2219 2857 2427 2907 sumus,
2460 2859 2528 2899 ne
2551 2845 2810 2902 irascaris
2839 2847 2996 2903 nobis
3037 2847 3215 2908 valde.
3246 2861 3422 2916 neque
3443 2847 3673 2902 remini-

2097 2948 2259 2989 scare
2289 2934 2639 3005 iniquitatum
2669 2949 3016 3008 nostrarum;
3069 2942 3162 2996 sed
3211 2942 3422 3008 respice
3456 2955 3556 2996 nos
3607 2949 3674 2996 ut

2101 3027 2439 3095 misericors,
2475 3039 2530 3086 et
2582 3031 2756 3088 libera
2792 3047 2890 3090 nos
2920 3035 2989 3091 ab
3019 3035 3252 3090 inimicis
3307 3035 3532 3091 nostris.
3587 3033 3672 3089 Tu

2101 3117 2245 3172 enim
2278 3133 2338 3174 es
2370 3117 2538 3176 Deus
2572 3133 2782 3187 noster,
2819 3136 2917 3178 nos
2963 3137 3154 3180 omnes
3211 3140 3378 3195 opera
3408 3140 3670 3184 manuum

2105 3216 2355 3274 tuarum;
2384 3220 2438 3265 et
2471 3228 2668 3268 nomen
2703 3224 2852 3270 tuum
2895 3216 3294 3272 invocavimus.

2244 3302 2310 3357 Et
2341 3319 2504 3360 nunc.
3290 3309 3530 3366 Mariale.

2175 3391 2799 3464 llisericordizejanuam
2852 3399 2998 3466 aperi
3031 3401 3212 3466 nobis,
3273 3403 3554 3457 benedicta
3577 3401 3672 3456 Dei

2103 3485 2374 3542 Genitrix.
2409 3485 2527 3541 Non
2567 3502 2816 3542 erremus
2848 3489 2898 3542 in
2934 3500 2984 3545 te
3006 3502 3322 3559 sperantes:
3356 3507 3453 3561 per
3485 3503 3536 3548 te
3568 3494 3677 3547 eri-

2102 3579 2320 3648 piantur
2366 3581 2802 3636 necessitatibus.
2844 3583 2922 3636 'l'u
2971 3585 3114 3638 enim
3160 3586 3304 3639 salus
3359 3601 3417 3640 es
3457 3587 3674 3653 generis

2033 3670 2075 3728 Β
2105 3670 2420 3726 Christiani.

2173 3765 2300 3820 259.
2343 3765 2587 3831 Domine,
2638 3767 2936 3832 miserere,
2999 3768 3336 3838 quadragies.
3369 3767 3575 3824 Gloria.
3612 3768 3681 3823 Et

2107 3871 2270 3911 nunc.
2329 3857 2700 3914 Excelsiorem
2762 3860 3080 3915 Cherubim.
3115 3859 3174 3914 ιιι
3241 3861 3460 3915 nomine
3490 3861 3670 3915 Domi-

2107 3949 2180 4012 ni,
2221 3949 2470 4012 benedic,
2506 3948 2688 4007 Pater.
2721 3950 2786 4004 Et
2820 3952 3046 4007 facimus
3079 3962 3189 4007 tres
3251 3951 3483 4020 Irtajores
3513 3967 3670 4008 reve-

2104 4039 2333 4104 rentias,
2363 4049 2417 4094 et
2442 4055 2544 4094 una
2578 4041 2682 4104 iam
2714 4043 3048 4110 assignatam
3079 4045 3446 4112 precationem
3479 4045 3665 4100 fundi-

2106 4144 2248 4194 mus,
2279 4145 2341 4184 ac
2375 4130 2570 4186 deinde
2596 4130 2908 4188 Orationem
2931 4134 3117 4189 Basilii
3147 4135 3347 4206 Magni.

2177 4220 2522 4290 Sempiterne
2553 4223 2716 4290 Deus,
2754 4226 2842 4279 lux
2875 4227 3124 4296 principii
3155 4242 3371 4296 expers,
3429 4241 3493 4283 ac
3551 4242 3672 4296 per-

2106 4321 2268 4379 petua
2315 4317 2491 4370 omnis
2539 4327 2801 4372 creaturae
2851 4319 3054 4386 opifex,
3087 4320 3208 4374 fons
3263 4321 3675 4385 misericordia,

2106 4403 2329 4475 pelagus
2386 4405 2690 4471 bonitatis,
2748 4417 2803 4462 et
2862 4409 3234 4465 beneficentiae
3282 4410 3679 4480 investigabilis

2109 4497 2369 4567 abyssus:
2404 4501 2556 4568 signa
2589 4515 2752 4568 super
2792 4515 2891 4555 nos
2937 4501 3116 4555 lumen
3150 4501 3328 4558 vultus
3360 4503 3458 4568 tui,
3492 4501 3680 4556 Domi-

2110 4604 2199 4642 ne.
2238 4588 2626 4645 lnlellectualis
2649 4592 2728 4646 sol
2748 4592 2973 4660 iustitiae
3003 4608 3066 4648 ac
3092 4593 3466 4663 jucunditatis,
3490 4592 3678 4647 illuce-

2108 4693 2201 4734 sce
2233 4680 2284 4733 in
2315 4682 2571 4736 cordibus
2599 4687 2820 4748 nostris,
2857 4692 3073 4738 nostras
3122 4685 3332 4738 animas
3364 4682 3567 4751 imple;
3622 4691 3679 4738 et

2108 4769 2241 4822 doce
2273 4784 2370 4825 nos
2405 4781 2493 4824 tua
2528 4773 2770 4841 cogitare
2818 4788 3055 4841 semper,
3089 4789 3154 4827 ac
3184 4774 3328 4842 loqui
3365 4773 3589 4843 judicia,
3622 4783 3679 4828 et

2111 4865 2205 4918 tibi
2233 4865 2463 4920 Domino
2494 4878 2558 4918 ac
2591 4864 2924 4918 benefactori
2961 4875 3147 4918 nostro
3172 4864 3375 4933 jugiter
3405 4863 3675 4918 confiteri.

2111 4953 2362 5007 Manuum
2395 4963 2703 5008 nostrarum
2762 4969 2925 5023 opera
2982 4954 3278 5008 secundum
3321 4962 3464 5008 tuam
3509 4953 3683 5024 dirige

2111 5046 2466 5112 voluntatem,
2498 5057 2552 5102 et
2583 5053 2647 5101 ad
2699 5048 3002 5118 peragenda
3034 5063 3095 5100 ea
3121 5087 3137 5112 ,
3170 5063 3290 5115 qua:
3325 5047 3420 5101 tibi
3477 5046 3680 5116 placita

2112 5149 2235 5192 sunt
2266 5155 2330 5193 ac
2357 5149 2508 5208 grata
2531 5178 2546 5204 ,
2580 5142 2791 5192 attrahe
2838 5154 2936 5193 nos
2961 5179 2976 5203 ,
3009 5139 3260 5207 viamque
3309 5135 3520 5202 facilem
3551 5151 3683 5191 con-

2109 5232 2285 5297 cede;
2343 5241 2402 5284 ut
2459 5241 2514 5285 et
2565 5247 2660 5299 per
2719 5247 2820 5286 nos
2866 5230 3118 5299 indignos
3166 5227 3500 5298 gloriﬁcetur
3551 5240 3682 5280 ean-

2111 5321 2413 5382 ctissimum
2450 5329 2600 5373 tuum
2633 5335 2870 5385 nomen,
2903 5317 3080 5372 Patris
3109 5355 3126 5381 ,
3157 5325 3212 5369 et
3266 5313 3386 5368 Filii
3416 5328 3431 5379 ,
3465 5324 3521 5367 et
3555 5311 3683 5382 Spi-

2113 5413 2250 5466 ritus
2279 5412 2482 5479 sancti,
2518 5413 2680 5466 unius
2712 5422 2766 5464 et
2796 5410 3013 5466 deitatis
3046 5417 3100 5463 et
3133 5408 3308 5475 regni,
3341 5405 3428 5459 cui
3485 5418 3683 5457 conve-

2113 5505 2193 5558 nit
2237 5504 2416 5559 omnis
2474 5503 2665 5574 gloria,
2722 5505 2896 5558 honor
2939 5509 2994 5556 et
3035 5499 3299 5566 adoratio,
3357 5495 3413 5549 in
3465 5494 3682 5550 saecula.

2115 5595 2303 5646 Amen.

2184 5683 2380 5739 Postea
2430 5692 2484 5740 et
2543 5684 2684 5738 hanc
2757 5683 2995 5752 ejusdem
3062 5680 3363 5738 orationem
3434 5676 3685 5748 adiungi-

2121 5791 2260 5832 mus.
