4076 6226
406 309 667 356 CCCI-Il“

410 510 456 564 ri
480 507 626 562 facis
674 518 837 573 super
878 503 1057 571 justos
1108 511 1165 556 et
1216 500 1485 570 iniustos,
1514 518 1680 573 super
1705 506 1877 559 bonos
1930 514 1986 561 et

408 597 582 652 malos
609 594 708 665 (a),
739 592 831 661 qui
865 591 1150 648 fabricaris
1173 606 1450 657 auroram,
1487 600 1770 660 totumque
1797 595 1984 649 orbem

407 688 705 750 illuminas,
741 683 990 738 illumina
1043 689 1101 739 et
1153 683 1319 737 corda
1348 692 1559 738 nostra.
1595 682 1984 741 Universorum

406 780 654 845 Domine,
693 787 752 832 ut
778 778 872 833 tibi
903 777 1008 831 hoc
1036 776 1125 830 die
1157 775 1501 845 placeamus,
1544 777 1698 833 nobis
1727 779 1984 845 concede,

405 870 719 926 custodiens
753 883 853 924 nos
908 868 977 922 ab
1004 867 1154 922 omni
1209 876 1452 935 peccato,
1498 878 1551 922 et
1600 869 1745 923 omni
1799 870 1984 939 iniqua

406 963 646 1039 potione,
673 960 911 1016 liberans
964 973 1064 1014 nos
1093 959 1161 1014 ab
1190 958 1338 1014 omni
1396 959 1597 1030 sagitta
1626 959 1847 1015 volante
1891 975 1987 1031 per

408 1053 575 1119 diem,
603 1063 658 1109 et
680 1054 830 1107 omni
853 1051 1166 1106 adversaria
1190 1059 1481 1122 potestate.
1509 1050 1770 1107 Precibus
1799 1052 1987 1107 incon-

407 1144 685 1200 taminatae
710 1143 948 1198 Dominae
978 1152 1178 1199 nostrrc
1202 1142 1464 1212 Deiparre,
1502 1152 1717 1197 tuorum
1745 1158 1810 1197 ex
1839 1144 1985 1197 nulla

406 1239 773 1295 constantinum
831 1236 1060 1291 materia
1094 1236 1468 1290 ministrorum
1504 1271 1520 1297 ,
1564 1233 1988 1306 ctelestiumque

407 1332 697 1397 virtutum,
727 1344 791 1384 ac
815 1327 1057 1383 omnium
1091 1334 1433 1389 sanctorum,
1465 1325 1558 1393 qui
1594 1325 1692 1379 tibi
1724 1341 1752 1378 a
1787 1326 1987 1380 saeculo

407 1425 681 1496 placuere.
711 1421 884 1476 Tuum
914 1430 997 1476 est
1023 1420 1190 1483 enim,
1226 1418 1370 1472 Deus
1407 1427 1613 1482 noster,
1648 1418 1893 1472 misereri
1923 1433 1989 1474 ac

407 1529 626 1571 servare
658 1528 757 1569 nos
788 1529 801 1565 :
830 1520 884 1567 et
914 1511 1009 1565 tibi
1037 1510 1267 1580 gloriam
1299 1508 1510 1573 damus,
1545 1508 1716 1573 Patri,
1742 1517 1797 1564 et
1825 1507 1982 1570 Filio,

407 1617 462 1661 et
491 1605 719 1674 Spiritui
772 1611 966 1659 sancto
988 1644 1005 1669 ,
1039 1617 1183 1658 nunc
1212 1608 1266 1655 et
1312 1615 1552 1670 semper,
1581 1612 1638 1657 et
1681 1602 1735 1655 in
1790 1602 1986 1657 saecula

407 1700 747 1756 saeculorum.
775 1697 970 1752 Amen.

473 1880 678 1946 Gloria,
728 1878 796 1934 Et
849 1893 1012 1935 nunc.
1046 1878 1430 1936 Excelsiorem.
1473 1879 1541 1935 Et
1570 1877 1694 1935 ﬁnis
1758 1877 1985 1944 imponi-

406 1983 512 2027 llll'.

1764 253 2305 355 PROLiEGOMENA'.

475 413 605 470 240.
634 410 735 479 Qui
765 410 967 466 emittis
1015 408 1215 476 lucem,
1263 416 1321 465 et
1348 409 1535 475 vadit;
1570 409 1660 480 qui
1693 411 1859 467 solem
1882 414 1988 468 ori-
2016 432 2062 491 Α

2175 417 2234 472 '0
2255 417 2658 483 ἑξαποστέλλων
2679 420 2742 473 τὸ
2770 420 2885 489 φῶς
2906 420 3001 474 καὶ
3049 419 3363 492 πορεύεται,
3384 422 3414 476 6
3443 422 3676 478 ἀνατέλ-

2089 507 2194 561 λων
2223 507 2313 562 τὸν
2336 508 2488 579 ἥλιον
2515 511 2607 562 ἐπὶ
2636 509 2881 573 δικαίους
2907 512 3002 564 καὶ
3035 509 3271 575 ἀδίκους,
3298 509 3570 583 πονηρούς
3612 527 3678 564 τε

2087 600 2181 654 καὶ
2217 601 2481 670 ἀγαθοὺς,
2530 602 2560 655 6
2612 602 2781 656 ποιῶν
2815 599 3012 673 ὄρθρον
3051 602 3148 656 καὶ
3194 602 3448 670 φωτίζων
3490 603 3680 656 παῖσαύ

2086 696 2185 765 τὴν
2210 695 2556 767 οἰκουμένην,
2594 694 2830 765 φωτισον
2858 695 2953 748 καὶ
2999 696 3033 766 ἡ
3044 694 3161 766 μῶν
3182 693 3282 757 τὰς
3303 693 3550 767 καρδίας.
3582 694 3681 748 Δέ-

2089 804 2264 842 σποτα
2287 789 2396 842 τῶν
2438 790 2715 855 ἁπάντων,
2764 788 2990 860 χάρισαι
3030 789 3161 859 ἡμῖν
3215 789 3276 841 ὲν
3298 790 3365 859 τῇ
3420 787 3671 859 παρούσῃ

2086 880 2270 952 ἡμέρᾳ
2315 881 2678 952 εὐαρεστῆσαι
2708 897 2812 946 σοι,
2839 880 3218 950 διαφυλάττων
3250 883 3401 952 ἡμᾶς
3437 881 3545 935 ἀπὸ
3568 882 3677 936 πά-

2090 986 2189 1040 σης
2236 970 2510 1041 ἁμαρτίας
2548 970 2642 1025 καὶ
2673 971 2855 1041 πάσης
2884 973 3128 1042 πονηρᾶς
3158 970 3433 1043 πράξεως,
3472 971 3673 1042 ῥυόμε..

2087 1078 2177 1126 νος
2203 1063 2352 1133 ἡμᾶς
2382 1063 2490 1116 ἀπὸ
2511 1063 2713 1126 παντὸς
2744 1062 2932 1133 βέλους
2971 1063 3272 1135 πετομένου
3301 1062 3537 1135 ἡμέρας,
3576 1061 3678 1116 καὶ

2088 1155 2269 1225 πάσης
2296 1155 2679 1225 ἀντικειμένης
2706 1154 3009 1226 δυνάμεως*
3044 1154 3361 1226 πρεσϐείαις
3385 1154 3487 1224 τῆς
3536 1170 3675 1207 παν-

2088 1246 2359 1316 αχράντου
2391 1246 2691 1317 Δεσποίνης
2717 1248 2751 1318 ἡ
2760 1246 2878 1316 μῶν
2904 1246 3190 1308 Θεοτόκου,
3213 1245 3324 1299 τῶν
3352 1243 3531 1299 ἀΰλων
3575 1260 3671 1298 σου

2087 1336 2422 1411 λειτουργῶν
2468 1339 2563 1393 καὶ
2590 1339 2929 1410 ἐπουρανίων
2954 1339 3258 1411 δυνάμεων,
3312 1337 3423 1392 καὶ·
3451 1336 3669 1390 πάντων

2088 1430 2196 1484 τῶν
2227 1431 2397 1499 ἁγίων
2417 1431 2525 1485 τῶν
2551 1433 2645 1485 ἀπ’
2676 1430 2874 1495 αἰῶνός
2910 1448 2993 1484 σοι
3031 1429 3538 1501 εὐαρεστησάντων.
3566 1427 3670 1482 Σὸν

2087 1521 2197 1592 γάρ
2217 1522 2334 1574 ἐστι
2355 1520 2417 1575 τὸ
2445 1521 2638 1584 ὲλεεῖν,
2678 1521 2772 1575 καὶ
2811 1518 3005 1584 σώζειν
3031 1522 3202 1591 ἡμᾶς.
3233 1522 3264 1574 ὁ
3300 1520 3436 1583 Θεὸς
3486 1517 3667 1591 ἡμῶν,

2090 1614 2185 1666 καὶ
2214 1613 2300 1667 σοὶ
2331 1613 2429 1685 τὴν
2456 1612 2615 1680 δόξαν
2653 1612 3075 1684 ἀναπέμπομεν,
3128 1612 3207 1683 τῷ
3245 1611 3424 1683 Harpl
3458 1611 3554 1665 καὶ
3587 1607 3669 1680 τῷ

2090 1707 2227 1779 Υἰῷ.
2255 1709 2351 1763 καὶ
2376 1706 2454 1778 τῷ
2475 1705 2928 1777 ἀγὶῳΠνεύματι,
2953 1705 3049 1759 νῦν
3081 1706 3176 1761 καὶ
3198 1706 3307 1770 ἀεὶ,
3334 1705 3429 1759 καὶ
3451 1705 3531 1767 εἰς
3543 1702 3671 1766 τοὺς

2094 1800 2297 1866 αἰῶνας
2318 1800 2426 1856 τῶν
2454 1799 2686 1854 αἰώνων.
2731 1800 2924 1870 Ἀμήν.

2164 1886 2321 1952 Δόξα.
2344 1887 2455 1941 Kal
2482 1887 2598 1942 νῦν.
2637 1887 2749 1958 Τὴν
2784 1885 3130 1959 τιμιωτέραν.
3164 1888 3272 1942 Kal
3298 1886 3508 1956 γίνεται
3536 1888 3671 1941 από-

2093 1979 2247 2044 λυσις
2258 2020 2272 2034 .

474 2067 602 2151 ξω.
637 2066 816 2122 Cornu.
842 2063 1145 2151 Iamnnunc
1183 2073 1356 2120 marte
1380 2065 1602 2151 prpprio
1635 2069 2283 2151 obs‘ervaveriteruditus
2312 2075 2652 2151 lect_or,‘lravc
2685 2092 2819 2151 quae
2842 2077 2932 2133 hic
2963 2085 3123 2132 naoet
3153 2074 3528 2151 llorplogmm,
3558 2089 3667 2130 non

405 2140 539 2193 satis
588 2151 888 2219 congruere
923 2136 1204 2219 illis,.qua:
1238 2153 1386 2219 num.
1409 2136 1539 2219 βὲᾷ,
1574 2152 1673 2219 ρςο
1705 2139 1900 2219 ifrima:
1932 2147 2168 2199 mesorio
2198 2147 2462 2219 lmbet__S.
2496 2136 2658 2202 Saliae
2685 2136 2973 2219 Typirnm.
3001 2151 3213 2216 Quippe
3250 2136 3658 2219 ihoci'l‘ypicum

406 2207 864 2288 prmterit_lpul_la.
900 2220 1018 2286 qua!
1041 2206 1142 2288 _l_lic
1176 2207 1455 2288 recitanda
1491 2209 1543 2261 in
1582 2208 1870 2288 llorplogio
1898 2226 2300 2288 proponuntur.
2346 2215 2539 2272 Utrum
2572 2231 2694 2272 utro
2732 2206 2956 2283 melius,
2993 2206 3123 2286 (furis-
3146 2206 3406 2288 decidat?
3441 2206 3666 2288 interim

405 2276 530 2363 cum
562 2279 635 2363 de
661 2276 820 2363 Horis
849 2276 1160 2363 minoribus
1182 2276 1332 2363 aliis:
1366 2288 1528 2363 prout
1558 2281 1764 2348 passim
1784 2276 2120 2347 recitantur.
2153 2301 2327 2356 pauca
2358 2288 2538 2342 tradat
2571 2288 2835 2363 Typicurn
2857 2330 2873 2355 ,
2903 2276 2970 2343 ei
3001 2276 3193 2345 eodem
3225 2284 3542 2357 Horologio,
3574 2302 3670 2340 or—

406 2350 589 2404 dinem
619 2360 806 2402 earum
842 2360 907 2401 ac
937 2347 1136 2400 seriem
1182 2347 1503 2413 pandemus.

940 2436 1128 2492 HORA
1171 2435 1451 2492 TERTIA.

475 2535 599 2592 242.
632 2534 750 2588 Rex
798 2531 1059 2595 caelestis,
1094 2530 1443 2602 Trisagium;
1499 2535 1815 2590 reverentia:
1854 2544 1984 2603 tres,

410 2628 766 2684 Sanctissima
798 2623 1058 2690 Trinitas,
1085 2620 1251 2677 Pater
1286 2633 1490 2688 noster,
1540 2624 1675 2692 Quia
1703 2637 1850 2682 tuum
1881 2638 1984 2684 est.

405 2706 634 2776 Domine
658 2757 675 2783 ,
735 2717 1015 2782 miserere,
1046 2713 1355 2773 duodecies.
1386 2713 1583 2771 Venite
1603 2755 1620 2782 ,
1677 2719 1986 2787 adoremus,

405 2813 586 2869 tertio.
616 2810 821 2866 Deinde
850 2806 1065 2877 psalmi.

2650 2449 2808 2503 ὨΡΑ
2836 2449 3071 2508 ΤΡΙἹἮ.

2157 2538 2387 2593 Βασιλεῦ
2421 2541 2663 2611 οὐράνιε,
2722 2542 3039 2613 Τρισάγιον,
3096 2541 3373 2612 μετάνοιαι
3405 2550 3478 2613 γ’,
3534 2543 3671 2596 Παν-

2089 2630 2221 2699 αγία
2250 2632 2443 2702 Τριάς.
2472 2634 2654 2706 Πάτερ
2678 2635 2855 2705 ἡμῶν,
2884 2634 3005 2688 Ὅτι
3036 2650 3148 2687 σου.
3176 2635 3270 2696 Τὸ,
3301 2633 3495 2706 Κύριε,
3518 2633 3670 2708 ἐλέη-

2095 2738 2207 2785 σον,
2241 2722 2327 2792 ιβ’.
2359 2724 2546 2787 Δεῦτε,
2582 2727 3069 2796 προσκυνήσωμεν,
3115 2725 3179 2777 ὲκ
3199 2723 3405 2778 τοιτου.
3447 2720 3581 2779 Εἶτα
3620 2727 3674 2779 oi

2091 2811 2318 2885 ψαλμοί.

473 2903 650 2958 (Ζοιιιι.
688 2899 750 2953 lli
782 2896 972 2973 psalmi
1004 2902 1149 2961 sunt,
1196 2909 1336 2973 {V15
1394 2893 1627 2958 Exaudi,
1659 2897 1908 2973 Domine,
1953 2898 2225 2970 justitiam
2257 2919 2453 2959 meam.
2484 2920 2650 2959 xxiv:
2685 2905 2768 2960 Ad
2819 2914 2893 2973 te,
2937 2906 3188 2972 Domine,
3218 2905 3391 2963 levavi
3436 2906 3676 2962 animam

403 2988 603 3029 meam.
645 2972 709 3026 Et
733 2987 763 3024 ι.
785 2966 811 3022 ἰ
845 2966 1103 3021 Miserere
1132 2966 1257 3030 mei,
1283 2966 1447 3029 Deus,
1478 2968 1803 3022 secundum.

474 3065 604 3121 245.
632 3062 835 3118 Gloria.
861 3060 930 3114 Et
964 3073 1124 3114 nunc.
1150 3057 1403 3121 Alleluia,
1432 3059 1612 3113 tertio.
1646 3060 1732 3120 Et.
1766 3061 1811 3115 si
1840 3060 1985 3117 Deus

2157 3065 2314 3132 Δόξα.
2344 3068 2453 3120 Kal
2473 3066 2588 3121 νῦν.
2623 3067 2958 3141 Ἀλληλούῖα,
2993 3071 3058 3123 ὲκ
3105 3068 3308 3140 τρίτου.
3338 3069 3447 3122 Kal
3472 3071 3519 3122 ei
3551 3068 3673 3139 μὲν,

409 3160 668 3214 Dominus
731 3154 964 3219 dicitur,
1041 3152 1127 3207 dic
1174 3150 1279 3206 diei
1337 3151 1657 3221 troparium,
1698 3152 1765 3206 Et
1826 3169 1991 3221 nunc,

405 3247 628 3305 Mariale
668 3249 843 3301 boc':
915 3243 1182 3312 Deipara,
1256 3251 1313 3296 tu
1382 3257 1443 3298 es
1511 3242 1638 3297 vitis
1682 3256 1830 3301 vera.
1897 3243 1992 3299 Sin

405 3350 589 3397 autem
634 3338 887 3403 Alleluia,
934 3335 1022 3391 dic
1075 3349 1311 3405 sequens
1367 3335 1666 3404 troparium
1699 3344 1828 3390 tono
1856 3333 1993 3389 obli-

406 3432 642 3505 quoﬁ:
1184 3484 1189 3489 .

478 3526 721 3588 Christe,
774 3521 866 3592 qui
939 3520 1071 3579 hora
1142 3518 1306 3574 tertia
1373 3518 1781 3574 sanctissimum
1839 3529 1990 3572 tuum

408 3621 667 3692 Spiritum
699 3615 957 3686 apostolis
988 3612 1207 3675 misisti,
1241 3612 1413 3678 hunc,
1444 3625 1477 3664 ο
1509 3612 1765 3682 benigne,
1792 3627 1861 3666 ne
1888 3628 1988 3666 au-

404 3714 555 3769 feras
581 3726 611 3766 a
646 3708 804 3766 nobis
847 3726 861 3761 :
894 3705 989 3762 sed
1019 3718 1143 3759 eum
1178 3703 1233 3756 in
1282 3701 1442 3758 nobis
1470 3710 1520 3755 te
1567 3700 1988 3772 deprecantibus

406 3807 628 3863 innova.

914 3887 1357 3946 VERSICULUS
1392 3889 1447 3942 ‘l.

475 3987 582 4043 Cor
622 3984 878 4041 mundum
911 3997 1034 4037 crea
1065 3981 1116 4035 in
1155 3996 1261 4044 me,
1298 3980 1440 4033 Deus
1474 3978 1572 4050 (ὁ).

926 4068 1356 4126 VERSICULUS
1395 4069 1455 4124 2.

476 4170 556 4227 Ne
587 4167 839 4240 projicias
877 4180 964 4220 me
991 4179 1024 4219 a
1053 4164 1191 4218 facie
1222 4171 1310 4217 tua
1352 4162 1446 4232 (c).

561 4262 767 4319 Gloria.
784 4258 851 4313 Et
877 4272 1039 4313 nunc.
1562 4251 1808 4307 Mariale.

477 4355 573 4412 Dei
631 4352 905 4416 Genitrix,
971 4357 1025 4403 tu
1065 4360 1124 4402 es
1176 4345 1304 4401 vitis
1339 4359 1491 4408 vera,
1555 4358 1676 4413 qua:
1716 4345 1839 4398 vitae
1871 4343 1987 4399 fru-

2092 3155 2223 3221 Θεὸς
2247 3157 2451 3228 Κύριος
2477 3198 2491 3221 ,
2520 3157 2759 3226 λέγεται,
2818 3158 3036 3228 λέγεται
3076 3159 3177 3227 τῆς
3218 3159 3431 3231 ἡμέρας
3466 3158 3678 3231 τροπά-

2093 3263 2233 3318 ριον,
2268 3249 2380 3301 Καὶ
2399 3246 2516 3310 νῦν,
2560 3249 2845 3304 Θεοτόκιον
2875 3251 2938 3305 τό
2966 3266 2981 3283 ο
3005 3250 3256 3316 Θεοτόκε,
3324 3251 3390 3304 σὺ
3458 3244 3511 3305 εἱ
3565 3250 3679 3319 ἄμ·-

2091 3338 2253 3403 πελος
2291 3339 2600 3412 ήάληθινή.
2655 3341 2718 3394 Εἰ
2769 3341 2826 3394 δὲ
2871 3341 3207 3413 Ἀλληλούῖα,
3238 3342 3363 3412 λέγε
3386 3341 3448 3395 τὸ
3497 3338 3677 3410 παρὸν

2089 3431 2388 3503 τροπάριον
2411 3433 2549 3504 πρὸς
2571 3429 2705 3506 ἦχον
2722 3433 2815 3489 πλ.
2841 3432 2905 3504 β’.

2159 3523 2355 3594 Κύριε,
2395 3527 2424 3577 6
2453 3525 2510 3579 τὸ
2559 3526 2826 3595 πανάγιόν
2887 3543 2980 3580 σου
3020 3527 3245 3596 Πνεῦμα
3311 3529 3370 3581 ὲν
3399 3529 3467 3600 τῇ
3510 3525 3674 3598 τρίτῃ

2089 3614 2210 3686 ὥρᾳ
2233 3618 2346 3679 τοῖς
2375 3616 2697 3680 ἀποστόλοις
2730 3634 2823 3671 σου
2853 3619 3242 3690 καταπέμψας,
3267 3619 3448 3684 τοῦτο,
3474 3615 3675 3687 ἀγαθὲ,

2092 3706 2167 3776 μὴ
2184 3706 2380 3781 ἀνέλῃς
2416 3708 2509 3778 ἀφ’
2537 3709 2715 3781 ἡμῶν
2747 3709 2862 3764 ἀλλ’
2893 3711 3205 3780 ἐγκαινισον
3238 3713 3371 3783 ἡμῖν
3398 3708 3677 3782 δεομένοις

2090 3814 2206 3854 σου.

2709 3895 2959 3948 ΣΤῙΧΟΣ
2981 3912 3015 3949 α
3035 3935 3052 3950 .

2158 3984 2400 4040 Καοδεαν
2438 3986 2687 4060 καθαρὰν
2714 3986 2899 4040 κτίσον
2928 3991 2986 4041 ὲν
3012 3986 3157 4058 ἐμοὶ,
3180 3990 3208 4042 6
3234 3987 3387 4053 Θεός.

2707 4079 2957 4132 ΣΤιΧοΣ
2978 4079 3045 4149 β’.

2157 4167 2249 4238 Μὴ
2282 4169 2564 4242 ἀπρῤίψῃς
2599 4186 2665 4239 με
2708 4170 2818 4223 ἀπὸ
2846 4170 2941 4224 τοῦ
2971 4170 3267 4242 προσώπου
3303 4190 3398 4226 σου

2192 4328 2199 4335 ε
2228 4259 2387 4325 Δόξα.
2411 4263 2519 4315 Kal
2534 4262 2648 4316 νῦν.
3257 4263 3564 4319 Θεοτόκιον.

2160 4348 2413 4410 Θεοτόκε.
2455 4351 2522 4405 σὺ
2571 4348 2624 4406 εἴ
2658 4354 2692 4424 ἠ
2738 4352 2983 4422 ἄμπελος
3012 4351 3046 4421 ὴ
3080 4349 3331 4422 ἀληθινὴ,
3370 4353 3404 4421 ἡ
3433 4348 3676 4421 βλαστή-

403 4460 552 4506 ctum
611 4444 896 4517 peperisti.
948 4441 1073 4502 Te.
1130 4437 1399 4501 Domina,
1442 4436 1822 4505 deprecamur,
1876 4451 1983 4488 una

2093 4454 2235 4493 σασα
2261 4441 2352 4493 τὸν
2384 4442 2594 4513 καρπὸν
2630 4443 2731 4514 τῆς
2756 4438 2921 4513 ζωῆς·
2949 4442 3009 4494 σὲ
3026 4440 3361 4511 ἱκετεύομεν,
3377 4439 3668 4511 πρέσϐευε,

405 4558 529 4598 cum
583 4538 841 4611 apostolis
897 4544 1023 4606 pete
1083 4531 1370 4588 animabus
1425 4527 1630 4583 nostris
1670 4526 1986 4583 misericor-

405 4634 573 4689 diam.

476 4725 741 4781 Dominus
766 4724 908 4778 Deus
954 4717 1297 4781 benedictus,
1348 4713 1671 4769 benedictus
1722 4711 1983 4768 Dominus

400 4822 468 4875 de
505 4817 594 4874 die
634 4818 686 4871 in
716 4816 882 4871 diem.
914 4814 1181 4882 Prospera
1218 4824 1339 4873 nos,
1369 4807 1510 4861 Deus
1539 4805 1863 4861 salutarium
1887 4821 1983 4860 no-

398 4925 663 4973 strorum,
701 4907 844 4961 Deus
872 4914 1075 4969 noster,
1102 4903 1242 4957 Deus
1277 4899 1492 4955 salutis.

479 4999 587 5055 243
613 4999 715 5052 bis.
749 4996 1079 5066 Trisagium,
1131 4991 1500 5068 Sanctissima
1527 4987 1787 5053 Trinitas,
1822 4987 1985 5044 Pater

400 5105 610 5155 noster,
636 5091 771 5158 Quia
800 5098 948 5145 tuum
978 5095 1084 5152 est,
1117 5096 1170 5141 ct
1193 5086 1307 5139 haec
1329 5082 1604 5152 troparia:

473 5184 803 5241 Benedictus
840 5194 932 5243 es,
984 5179 1199 5231 Christe
1245 5174 1385 5229 Deus
1420 5183 1624 5239 uoster,
1702 5174 1795 5244 qui
1840 5174 1987 5230 insti-

405 5275 557 5330 luisti
583 5270 1019 5342 sapientissimos
1043 5266 1367 5334 piscatores,
1406 5262 1473 5316 ad
1507 5275 1711 5331 eosque
1735 5274 1982 5319 sanctum

406 5367 670 5436 Spiritum
706 5361 924 5428 misisti,
956 5367 1010 5414 et
1032 5373 1129 5427 per
1157 5370 1251 5411 eos
1285 5353 1535 5413 irretiiSti
1562 5354 1792 5424 orbem;
1826 5371 1860 5414 ο
1888 5355 1985 5413 bo-

406 5462 612 5515 minum
641 5471 853 5522 amans,
883 5453 958 5510 sit
985 5451 1083 5507 tibi
1127 5448 1322 5522 gloria.

547 5548 730 5606 Gloria

478 5686 557 5759 (a)
590 5683 778 5759 Matth.
807 5682 974 5759 ν’,ρε

482 5752 558 5829 (ὁ)
588 5756 730 5811 Psal.
763 5770 814 5821 ι,
840 5752 923 5806 l2.

2093 4531 2378 4597 Δέσποινα,
2415 4533 2554 4602 μετά
2580 4531 2690 4587 τῶν
2715 4532 3029 4587 ἀποστόλων
3065 4530 3350 4603 ἐλεηθῆναι
3367 4530 3464 4593 τὰς
3491 4526 3672 4599 ψυχὰς

2090 4623 2124 4691 ἡ
2135 4621 2269 4692 μῶν.
2312 4659 2318 4667 -

2157 4717 2363 4790 Κύριος
2405 4719 2434 4772 6
2471 4719 2603 4783 Θεὸς
2624 4719 2934 4790 εὐλογητὸς,
2980 4717 3269 4789 εὐλογητὸς
3292 4715 3497 4785 Κύριος
3527 4712 3672 4785 ἡμέ-

2093 4826 2195 4881 ραν
2246 4808 2369 4864 καθ’
2399 4809 2635 4882 ἡμέραν.
2675 4811 3060 4865 Κατευόδωσαι
3084 4810 3238 4879 ἡμῖν,
3264 4807 3294 4859 6
3329 4804 3462 4868 Θεὸς
3494 4820 3672 4876 σωτη-

2092 4900 2224 4972 ρίων
2251 4900 2429 4971 ἡμῶν,
2465 4903 2494 4955 6
2523 4900 2655 4965 Θεὸς
2676 4900 2858 4972 ἡμῶν,
2879 4902 2908 4953 6
2937 4899 3070 4962 Θεὸς
3101 4897 3195 4952 τοῦ
3221 4896 3436 4961 σώζειν.

2161 4994 2477 5064 Τρισάγιον,
2502 4993 2751 5062 Παναγία
2778 4991 2969 5062 Τριάς,
2987 4991 3170 5060 Πάτερ
3202 4987 3381 5061 ἡμῶν,
3399 4986 3523 5040 Ὀτι
3551 5001 3671 5056 σου,

2092 5083 2187 5136 καὶ
2214 5082 2283 5136 τὰ
2310 5082 2583 5154 τροπὰρια
2614 5082 2790 5136 ταῦτα
2808 5097 2821 5110 ·

2162 5176 2467 5246 Εὐλογητὸς
2500 5171 2569 5240 εἴ,
2607 5174 2812 5248 Χριστὲ
2845 5174 2876 5226 6
2919 5172 3052 5236 Θεὸς
3091 5169 3271 5243 ἡμῶν,
3300 5171 3343 5223 6'
3359 5170 3674 5239 πανσόφους

2089 5267 2214 5331 τοὺς
2244 5268 2413 5331 ἁλιεῖς
2441 5266 2746 5334 ἀναδείξας,
2788 5262 3157 5334 καταπέμψας
3188 5262 3371 5326 αὐτοῖς
3408 5261 3468 5316 τὸ
3495 5250 3673 5316 Πνεῦ-

2093 5374 2170 5429 μα
2195 5357 2257 5412 τὸ
2291 5358 2466 5427 ἅγιον,
2502 5359 2597 5412 καὶ
2624 5358 2691 5411 δι’
2722 5355 2900 5410 αὐτῶν
2920 5356 3025 5427 τὴν
3049 5355 3376 5428 οἰκουμένην
3400 5351 3671 5426 σαγηνεύ-

2090 5465 2210 5516 σας,
2237 5449 2605 5522 φιλάνθρωπε,
2629 5448 2758 5517 δόξα
2785 5465 2888 5504 σοι.

2224 5540 2380 5609 Δόξα.

2158 5682 2227 5754 (c)
2260 5679 2393 5738 ibid.
2433 5678 2520 5735 15.
