4076 6226
161 872 248 966 δ

1505 337 1900 396 ACOLUTHIA
1941 339 2274 399 TBIPLICIS
2313 345 2530 402 FESTl.

3402 365 3658 410 οοειιινι

479 453 712 524 Ταχεῖαν
771 455 873 510 πει
937 453 1214 527 σταθηρὰν
1259 457 1404 510 δίδου
1471 459 1826 530 παραμυθίαν
1872 464 1978 526 τοῖς

2081 446 2115 460 ⁴
2148 465 2398 520 Velocem
2446 475 2501 520 et
2546 466 2753 522 firmam
2806 469 3024 524 famulis
3055 471 3160 524 tuis
3203 472 3652 542 consolationem,

399 543 609 610 δούλοις
643 563 761 606 σου,
809 547 1005 616 Ἰησοῦ,
1058 550 1115 601 ἐν
1137 548 1214 619 τῷ
1251 550 1546 621 ἀκηδιάσαι
1579 552 1658 605 ’τά-
1696 553 1982 625 πνεύματα

401 639 576 710 ἡμῶν·
615 640 688 710 μὴ
728 639 964 710 χωρίσου
1007 639 1114 695 τῶν
1153 642 1339 713 ψυχῶν
1361 643 1518 713 ἡμῶν
1543 647 1598 697 ἐν
1635 645 1867 715 θλίψεσι·
1906 647 1981 718 μὴ

403 733 683 802 μακρύνου
697 731 805 785 τῶν
828 733 1038 805 φρενῶν
1060 734 1218 804 ἡμῶν
1243 738 1300 788 ὲν
1328 737 1735 808 περιστάσεσιν·
1757 739 1871 792 ἀλλ’
1895 740 1981 792 ἀεὶ
2023 727 2044 774 ί

397 823 546 895 ἡμᾶς
597 824 931 895 πρόφθασον·
980 825 1196 893 ἑγγισον
1236 829 1392 898 ἡμῖν,
1431 828 1670 897 ἔγγισον,
1711 832 1740 882 6
1773 849 1980 884 παντα-

395 915 512 986 χοῦ·
557 915 748 988 ὥσπερ
773 919 868 970 καὶ
899 921 1017 981 τοῖς
1055 920 1376 984 ἀποστόλοις
1410 939 1503 974 σου
1528 924 1760 976 πάντοτε
1795 929 1977 997 συνῆς,

392 1006 538 1060 οὕτω
561 1009 654 1061 καὶ
677 1011 791 1071 τοῖς
821 1027 879 1062 σε
905 1009 1159 1064 ποθοῦσιν
1175 1012 1377 1066 ’ἐνωσον
1405 1017 1647 1081 σεαυτὸν,
1674 1019 1976 1090 οἰκτίρμον,

395 1100 481 1153 ἵνα
516 1102 850 1172 συνημμένοι
911 1119 970 1156 σε
1001 1104 1280 1176 ὑμνῶμεν,
1314 1105 1685 1179 δοξολογῶμεν
1731 1111 1792 1163 τὸ
1839 1130 1978 1167 παν-

395 1191 548 1260 άγιόν
577 1210 668 1245 σου
701 1193 944 1265 Πνεῦμα.

536 1286 647 1339 Καὶ
675 1285 790 1340 νῦν.
1530 1291 1834 1351 Θεοτόκιον.

481 1375 545 1429 Ἠ
613 1378 794 1444 ἐλπὶς,
843 1381 936 1433 καὶ
977 1381 1305 1451 προστασία,
1365 1382 1460 1437 καὶ
1515 1387 1802 1454 καταφυγὴ
1867 1365 1976 1440 τῶν

395 1467 756 1539 Χριστιανῶν,
795 1473 856 1525 τὸ
893 1473 1321 1544 ἀκαταμάχητον
1349 1478 1527 1547 τεῖχος
1580 1478 1690 1531 τῶν
1735 1496 1976 1534 καταπο-

395 1561 693 1632 νουμένων,
727 1564 756 1616 6
802 1565 966 1636 λιμὴν
1019 1568 1048 1619 6
1103 1567 1455 1638 ἀχείμαστος,
1509 1570 1572 1622 σὺ
1619 1567 1690 1633 εἶ,
1745 1572 1974 1626 Θεοτόκε

394 1651 652 1723 ἀχραντεο
686 1652 800 1706 ἀλλ’
838 1655 914 1718 ὡς
949 1656 1042 1709 τὸν
1079 1659 1285 1727 κόσμον
1322 1657 1568 1720 σώζουσα
1594 1663 1659 1730 τῇ
1711 1662 1974 1731 ἀπαύστῳ

394 1742 661 1815 πρεσϐείᾳ
699 1761 812 1809 σου,
869 1746 1140 1818 μνήσθητι
1196 1749 1291 1800 καὶ
1323 1748 1501 1818 ἡμῶν,
1547 1749 1792 1821 Παρθένε
1839 1768 1974 1804 παν-

395 1835 624 1906 ὐμνητε.

465 1929 560 1994 Τὸ,
592 1930 786 2002 Κύριε,
827 1929 1072 2001 ἐλέησον,
1118 1939 1190 2004 μ’.
1243 1935 1302 1987 ὐ
1367 1936 1426 1986 ὲν
1489 1933 1652 1987 παντὶ
1681 1933 1856 2006 καιρῷ
1883 1935 1979 1988 καὶ

395 2023 546 2096 πάσῃ
578 2022 719 2094 ὥραο
760 2024 878 2094 μεθ’
911 2027 1008 2096 ἣν,
1046 2025 1250 2096 Κύριε,
1293 2025 1534 2094 ὲλὲησον,
1576 2032 1646 2092 γ’.
1678 2026 1837 2088 Δόξα.
1864 2028 1977 2079 Καὶ

392 2115 505 2171 νῦν.
553 2117 665 2188 Τὴν
683 2119 1018 2189 τιμιωτέραν
1051 2116 1158 2170 τῶν
1200 2118 1486 2189 χερουὸίμ.
1531 2119 1619 2171 Ἐν
1650 2117 1728 2187 τῷ
1751 2119 1976 2187 ὀνόματι

393 2205 598 2277 Κυρίου
617 2207 930 2278 εὐλόγησον,
947 2207 1149 2278 Πάτερ.
1170 2208 1300 2274 Καὶ,
1319 2209 1366 2260 εἰ
1393 2207 1508 2260 ἔστι
1527 2206 1973 2279 Τεσσαρακοστὴ,

393 2298 654 2370 ποιοῦμεν
690 2299 787 2362 τὰς
829 2300 1133 2371 μετανοίας,
1187 2299 1263 2362 ὡς
1310 2299 1658 2371 προεγράφη.
1715 2299 1871 2353 Μετά
1916 2299 1972 2352 δὲ

391 2388 488 2460 τὴν
527 2389 841 2444 τελευταίαν
898 2390 1187 2461 μετάνοιαν
1230 2390 1462 2460 λέγομεν
1509 2391 1610 2459 τὴν
1651 2391 1817 2462 εὐχὴν
1875 2387 1968 2443 τοῦ

392 2481 546 2548 ἁγίου
591 2483 930 2556 Μαρδαρίου,
983 2483 1232 2536 Δέσποτα
1271 2483 1394 2547 Θεὲ,
1429 2483 1619 2553 Πάτερ
1671 2481 1972 2553 παντοκρά-

392 2589 507 2644 τορ.

2091 553 2239 619 Jesu,
2271 557 2470 611 adhibe
2529 558 2580 611 in
2624 568 2934 615 nostrorum
2967 562 3254 629 spirituum
3285 579 3546 629 mmrore;
3586 583 3654 622 ne

2092 650 2280 704 desere
2306 652 2515 705 animas
2545 660 2764 706 nostras
2792 653 2843 706 in
2872 653 3335 720 tribulationibus;
3361 671 3427 710 ne
3451 673 3480 710 a
3507 674 3656 712 men-

2093 739 2234 793 tibus
2276 742 2476 795 nostris
2512 742 2562 795 in
2592 743 3005 798 necessitatibus
3033 745 3322 814 elongare;
3355 750 3651 818 appropin-

2089 847 2194 900 qua
2221 833 2396 899 nobis,
2431 835 2799 904 appropinqua
2827 836 2915 903 qui
2950 851 3008 890 es
3032 837 3226 905 ubique
3255 857 3268 891 :
3295 848 3348 891 et
3395 843 3656 908 quemad-

2089 924 2303 978 modum
2331 940 2454 980 eras
2493 942 2705 994 semper
2755 943 2876 980 cum
2921 929 3176 995 apostolis
3212 932 3338 993 tuis,
3374 931 3444 985 ita
3475 943 3527 985 et
3555 948 3654 986 no-

2088 1013 2171 1066 bis
2205 1015 2278 1067 tui
2307 1014 2664 1084 flagrantibus
2695 1019 2966 1070 desiderio
2996 1019 3227 1089 adjunge
3261 1029 3326 1081 te,
3359 1034 3392 1074 0
3434 1022 3654 1076 miseri-

2089 1119 2232 1169 cors,
2268 1116 2321 1158 nt
2355 1107 2529 1175 juncti
2564 1119 2614 1160 te
2649 1108 3010 1173 celebremus,
3055 1117 3110 1162 et
3137 1110 3395 1179 Spiritum
3422 1112 3654 1167 sanctis-

2088 1195 2281 1249 simum
2315 1207 2462 1251 tuum
2488 1199 2870 1268 glorificemus.
3157 1198 3162 1203 ’

2225 1287 2292 1340 Et
2325 1303 2491 1343 nunc.
3269 1291 3509 1348 Mariale.

2163 1379 2285 1446 Tu,
2358 1382 2564 1437 illibata
2622 1383 2712 1438 Dei
2763 1382 3008 1438 Genitrix
3039 1424 3056 1448 ,
3110 1401 3169 1441 es
3216 1385 3653 1442 Christianorum

2081 1487 2224 1540 spes,
2263 1482 2318 1528 et
2344 1477 2726 1544 patrocinium,
2762 1487 2816 1532 et
2849 1478 3188 1548 perfugium;
3222 1480 3654 1549 inexpugnabilis

2081 1579 2468 1632 oppressorum
2508 1583 2720 1631 murus,
2751 1577 2939 1637 portus
2991 1571 3204 1625 nescius
3255 1571 3593 1640 tempestatis
3633 1589 3646 1625 :

2082 1670 2273 1723 quare,
2300 1657 2440 1712 sicut
2474 1661 2733 1712 mundum
2761 1673 2950 1714 servas
2984 1659 3100 1732 jugi
3134 1668 3224 1716 tua
3248 1663 3648 1733 deprecatione,

2080 1746 2160 1802 sic
2180 1755 2236 1802 et
2268 1749 2434 1803 nostri
2466 1750 2771 1805 recordare.

2151 1924 2255 1978 9.43
2285 1933 2386 1980 ter.
2414 1925 2664 1991 Domine,
2698 1925 2978 1990 miserere,
3003 1926 3345 1998 quadragies.
3372 1927 3471 1995 Qui
3501 1928 3646 1982 omni

2080 2024 2320 2086 tempore
2395 2025 2448 2069 et
2514 2017 2666 2072 hora.
2730 2016 2858 2073 Post
2919 2034 3078 2088 quam
3141 2035 3380 2089 precem,
3449 2021 3649 2075 dicitur

2079 2108 2325 2171 Domine,
2377 2111 2661 2175 miserere,
2726 2121 2827 2166 ter.
2869 2112 3072 2166 Gloria.
3140 2112 3208 2166 Et
3253 2128 3415 2167 nunc.
3464 2113 3650 2168 Excel-

2078 2201 2276 2255 sioretn
2305 2202 2624 2257 Cherubim.
2662 2202 2717 2257 In
2753 2204 2974 2259 nomine
3003 2203 3216 2259 Domini
3246 2203 3472 2259 benedic
3499 2243 3516 2269 ,
3541 2203 3647 2258 Pa-

2082 2297 2183 2345 ter.
2234 2293 2320 2356 Et,
2353 2293 2397 2346 si
2431 2293 2502 2348 sit
2531 2294 2953 2364 Quadragesima
2977 2337 2992 2362 ,
3018 2295 3247 2351 facimus
3295 2297 3648 2359 reverentias,

2078 2397 2136 2440 ut
2163 2395 2288 2441 ante
2315 2388 2580 2458 scriptum
2611 2398 2716 2442 est.
2745 2387 2873 2442 Post
2905 2389 3150 2442 ultimam
3180 2399 3360 2444 autem
3393 2405 3649 2444 reveren-

2079 2479 2228 2544 tiam,
2266 2480 2556 2534 recitamus
2609 2482 2912 2534 orationem
2969 2479 3027 2534 S.
3085 2480 3366 2547 Mardarii,
3419 2483 3648 2537 Domine

2079 2570 2244 2635 Deus,
2268 2569 2430 2624 Pater
2455 2572 2821 2638 omnipotens.

1150 2685 1297 2742 lianc
1317 2686 1616 2740 orationem
1647 2685 1705 2740 S.
1744 2685 1900 2738 Saba:
1927 2684 2189 2754 Typicum
2215 2684 2294 2738 sic
2325 2683 2589 2754 integram
2617 2684 2860 2739 exhibet.

459 2802 705 2856 Δέσποτα
759 2803 896 2866 Θεὲ,
949 2804 1130 2874 Πάτερ
1207 2802 1611 2873 παντοκράτορ,
1656 2801 1751 2854 καὶ
1804 2801 1976 2871 Κύριε

2149 2799 2377 2854 Domine
2427 2801 2609 2867 Deus,
2649 2799 2810 2855 Pater
2859 2804 3236 2872 omnipotens,
3296 2811 3351 2855 et
3419 2801 3646 2856 Domine

394 2894 486 2949 Υἱὲ
541 2895 827 2966 μονογενὲς
872 2895 1048 2966 Ἰησοῦ
1091 2896 1315 2966 Χριστὲ,
1377 2895 1530 2962 ἅγιον
1584 2893 1828 2963 Πνεῦμα,
1878 2894 1974 2962 μία

2079 2888 2174 2943 Fili
2205 2890 2482 2959 unigenite
2508 2889 2635 2945 Jesu
2687 2891 2904 2946 Christe
2928 2934 2942 2957 ,
2979 2902 3168 2947 sancte
3217 2890 3453 2954 Spiritus
3476 2932 3491 2958 ,
3542 2908 3645 2945 una

391 2985 602 3059 θεότης,
632 2988 728 3057 μία
754 2986 1003 3057 δύναμις,
1039 2987 1260 3058 ἐλέησόν
1292 3004 1357 3056 με
1391 2986 1482 3039 τόν
1514 2984 1856 3056 ἁμαρτωλὸν·
1884 2986 1976 3037 καὶ

2079 2983 2268 3048 deitas,
2303 3000 2409 3038 una
2441 2985 2682 3054 potentia
2711 3025 2726 3051 ,
2757 2987 3019 3040 miserere
3050 2986 3154 3040 mei
3182 2986 3480 3054 peccatoris
3516 3001 3531 3050 ;
3591 2994 3647 3039 et

389 3071 470 3142 οἷς
497 3079 789 3133 ἐπίστασαι
823 3079 1078 3151 κρίμασι,
1115 3077 1284 3131 σῶσόν
1314 3095 1379 3150 με
1417 3076 1504 3129 τὸν
1545 3075 1763 3139 ἀνάξιον
1790 3074 1974 3127 δοῦλον

2079 3078 2270 3144 quibus
2298 3079 2408 3132 scis
2459 3077 2700 3146 iudiciis,
2727 3079 2874 3134 salva
2931 3094 3016 3133 me
3071 3079 3348 3148 indignum
3384 3077 3645 3133 famulum

395 3183 513 3236 σου,
546 3171 628 3225 ὅτι
648 3170 937 3243 εὐλογητὸς
967 3168 1018 3225 εἶ
1045 3174 1127 3235 εἰς
1155 3172 1280 3235 τοὺς
1314 3169 1536 3232 αἰῶνας.
1573 3167 1765 3239 Ἀμήν.

2079 3176 2248 3235 tuum,
2278 3167 2404 3236 quia
2426 3168 2740 3223 benedictus
2775 3183 2834 3223 es
2866 3169 2918 3222 in
2947 3168 3160 3223 saecula.
3194 3167 3391 3222 Amen.

463 3303 646 3358 Οοιηί.
705 3303 812 3372 Sed
843 3303 1106 3372 Typicum
1136 3302 1224 3356 hic
1259 3316 1455 3354 nomen
1484 3299 1562 3372 ξ.
1595 3297 1849 3372 blardarii
1893 3311 1999 3372 non
2058 3299 2342 3372 exprimit.
2377 3297 2478 3355 Hic
2518 3307 2740 3354 sanctus
2768 3299 2928 3372 nobis
2958 3298 3134 3352 adhuc
3186 3295 3494 3372 incognitus
3540 3303 3644 3372 est.

392 3371 652 3426 Movimus
681 3367 905 3441 qni'tlem'
928 3367 1166 3440 aliquem
1199 3382 1446 3425 sanctum
1483 3369 1832 3441 Mardarium,
1866 3369 1958 3441 qui
1991 3368 2090 3422 sub
2112 3369 2454 3424 Diocletiano
2489 3387 2682 3439 passus
2712 3382 2795 3425 εει
2824 3371 2878 3424 ἰιι
2906 3372 3164 3441 Armenia
3202 3367 3646 3441 cumEustratio,

392 3437 958 3510 Misenum-Eugenio
985 3437 1040 3496 ei
1069 3441 1303 3504 Oreste;
1343 3443 1435 3495 sed
1469 3443 1554 3494 hic
1583 3445 1677 3510 est
1718 3439 2016 3510 antiquior,
2048 3454 2208 3507 quam
2239 3449 2294 3493 ut
2325 3437 2627 3494 orationem
2666 3441 2824 3494 istam
2872 3439 3221 3510 cnntemisse
3253 3437 3497 3510 videatur
3529 3451 3543 3500 ;
3591 3444 3649 3489 et

323 3555 332 3562 .
394 3514 519 3581 quia
552 3528 652 3567 nec
679 3507 909 3567 Allaiius
935 3513 1153 3580 quidem
1183 3512 1351 3580 ipsius
1385 3507 1634 3564 meminit
1665 3507 1809 3560 inter
1843 3507 2118 3574 Melodos,
2147 3525 2325 3581 neque
2354 3513 2628 3580 reperitur
2653 3511 2708 3565 in
2737 3511 2943 3566 Catena
2975 3522 3071 3564 seu
3106 3509 3339 3571 Corona,
3365 3507 3478 3577 jam
3504 3520 3648 3576 saepe

393 3583 693 3649 nominata,
723 3583 894 3637 videri
919 3583 1092 3652 possit
1123 3583 1376 3636 omnibus
1397 3582 1602 3650 junior.

1673 3735 2036 3820 MESORlUM
2076 3735 2375 3795 ΤΕΒΤΙᾸΞ.

2145 3876 2272 3930 244.
2326 3877 2455 3933 Post
2495 3876 2862 3944 Benedictus,
2912 3876 3237 3946 Trisagion,
3285 3873 3645 3930 Sanctissima

2071 3968 2329 4035 Trinitas,
2355 3969 2518 4024 Pater
2535 3983 2736 4034 noster,
2759 3969 2972 4036 Venite,
2991 3970 3302 4034 adoremus,
3326 3978 3430 4034 ter,
3451 3967 3645 4022 dicuno

2073 4070 2160 4113 tur
2181 4060 2405 4128 psalmi:
2430 4077 2581 4126 nix,
2608 4061 2868 4116 Exaltabo
2894 4071 2965 4125 te,
2986 4061 3230 4127 Domine,
3249 4063 3503 4131 quOniam
3525 4075 3649 4114 sus-

2071 4152 2258 4220 cepisti
2311 4167 2396 4206 me
2435 4169 2451 4207 :
2505 4152 2698 4207 deinde
2727 4168 2889 4220 χιιι,
2938 4151 3374 4222 Beati,quornm
3406 4154 3647 4206 remissa:

457 3876 611 3931 Μετὰ
638 3878 699 3931 τὸ
723 3918 736 3942 ,
766 3854 1092 3949 Εὐλοίητὸς,
1137 3877 1455 3950 Τρισάγιον,
1496 3875 1746 3944 Παναγία
1778 3875 1968 3948 Τριάς,
1998 3879 2043 3942 C

393 3966 574 4037 Πάτερ
648 3968 853 4038 ἡμῶν,
925 3968 1088 4022 Δεῦτε
1126 4009 1141 4033 ,
1212 3968 1716 4040 προσκυνήσωμεν,
1781 3973 1853 4034 γ’,
1919 3967 1968 4018 οἱ

393 4058 626 4129 φελμοὶ,
669 4060 727 4112 θ·
765 4060 997 4130 Ὑψὼσω
1047 4079 1135 4124 σε,
1193 4060 1387 4130 Κύριε,
1437 4061 1518 4113 ὅτι
1556 4058 1828 4121 ὑπέλαϐές
1863 4075 1966 4128 με·

392 4146 510 4227 city
532 4152 560 4204 6
587 4150 689 4214 λα’,
716 4153 992 4222 Μακάριοι
1018 4145 1092 4204 ὧν
1119 4151 1400 4220 ἀφέθησαν
1425 4168 1437 4179 '
1465 4153 1494 4204 6
1524 4150 1586 4214 ξ’,
1621 4150 1968 4214 Εἰσάκουσιν,

391 4240 423 4294 6
449 4241 599 4306 Θεὸς,
633 4243 734 4313 τῆς
765 4244 1001 4314 δεήσεως
1035 4261 1156 4314 μου.

463 4334 620 4398 Δόξα,
654 4336 763 4388 Καὶ
787 4335 904 4398 νῦν,
940 4335 1256 4405 Τρισάγιον,
1281 4335 1534 4403 Παναγία
1562 4333 1752 4406 Τριὰς,
1787 4333 1970 4403 Πάτερ

391 4424 570 4495 ἡμῶν,
603 4427 697 4480 καὶ
718 4427 993 4499 τροπάρια
1018 4427 1216 4484 ταῦτα.

490 4602 537 4656 ο
594 4602 727 4666 Θεὸς
759 4603 870 4657 τῶν
925 4605 1174 4678 πατέρων
1237 4606 1416 4677 ἡμῶν,
1462 4609 1490 4659 6
1518 4606 1687 4659 ποιῶν
1734 4606 1823 4659 ἀεὶ
1849 4605 1970 4677 μεθ’

391 4690 550 4764 ἡμῶν
588 4695 730 4747 κατά
773 4697 873 4767 τὴν
926 4698 1024 4768 σὴν
1065 4699 1388 4762 ἐπιείκειαν,
1437 4698 1512 4769 μὴ
1557 4699 1872 4770 ἀποστήσῃς
1909 4697 1972 4750 τὸ

393 4780 540 4848 ἔλεός
579 4801 670 4838 σου
697 4787 789 4855 ἀφ’
815 4787 996 4857 ἡμῶν,
1031 4786 1166 4841 ἀλλὰ
1190 4789 1310 4850 ταῖς
1333 4787 1511 4842 αὐτῶν
1549 4787 1782 4850 ἱκεσίαις
1814 4789 1871 4840 ὲν
1895 4787 1972 4838 εί-

398 4877 533 4949 οήνῃ
568 4876 904 4948 κυὸἐρνησον
924 4878 1022 4950 τὴν
1051 4879 1195 4951 ζωὴν
1219 4879 1400 4951 ἡμῶν.

531 4968 690 5034 Δόξα.

465 5058 528 5112 Οἱ
561 5060 836 5130 μάρτυρές
871 5078 987 5122 σου.
1041 5062 1238 5134 Κύριε,
1276 5067 1336 5118 ὲν
1403 5068 1467 5135 τῇ
1512 5065 1738 5138 ἀθλήσει
1769 5057 1982 5128 αὐτῶν(

396 5150 692 5218 στεφάνους
734 5153 1060 5223 ἐκομίσαντο
1094 5155 1192 5226 τῆς
1247 5155 1577 5227 ἀφθαρσίας,
1627 5159 1693 5210 ὲκ
1744 5156 1838 5210 σοῦ
1877 5156 1968 5212 τοῦ

395 5238 526 5294 Θεοῦ
569 5242 748 5313 ἡμῶν·
793 5243 1006 5314 ἔχοντες
1051 5246 1160 5317 γὰρ
1200 5247 1298 5318 τὴν
1347 5247 1498 5318 ἰσχύν
1551 5265 1666 5313 σου,
1705 5249 1832 5312 τοὺς
1877 5267 1972 5301 τυ-

399 5333 621 5402 ράννους
671 5335 938 5389 καθεῖλονο
978 5337 1250 5409 ἕθραυσαν
1300 5340 1393 5393 καὶ
1443 5340 1714 5410 δαιμόνων
1759 5339 1828 5392 τὰ
1876 5343 1966 5393 ἀν-

397 5424 590 5498 ίσ-χυρα
607 5428 802 5500 θράση·
835 5429 1012 5484 αὐτῶν
1034 5434 1154 5496 ταῖς
1176 5431 1662 5507 ίκεσίαις,Χριστὲ,
1684 5432 1854 5485 σῶσον
1869 5436 1969 5498 τὰς

1513 5618 1817 5673 Θεοτόκιον.

467 5704 654 5774 Τεῖχος
681 5707 1102 5785 ἀκαταμάχητον
1123 5708 1279 5780 ήμῶν
1304 5709 1412 5763 τῶν
1429 5708 1770 5781 Χριστιανῶν
1789 5709 1965 5779 ὑπάρ-

397 5811 534 5865 χεις,
585 5793 814 5849 Θεοτόκι
860 5797 1102 5868 Παρθενε
1145 5816 1158 5830 ο
1236 5800 1371 5870 πρὸς
1412 5799 1471 5853 σὲ
1537 5800 1643 5870 γὰρ
1693 5801 1966 5868 καταφεύ-

2071 4251 2316 4298 sunt-.et
2349 4259 2441 4308 1.x,
2483 4243 2715 4309 Exaudi,
2760 4246 2919 4310 Deus,
2967 4245 3401 4315 deprecationem
3442 4258 3638 4297 meam.

2135 4333 2233 4389 His
2285 4335 2510 4403 psalmis
2566 4335 2734 4390 finitis
2777 4337 3032 4392 dicuntur
3074 4355 3088 4390 :
3148 4336 3350 4390 Gloria.
3385 4335 3450 4388 Et
3479 4350 3643 4388 nunc.

2072 4423 2427 4480 Sanctissima
2473 4425 2732 4481 Trinitas.
2778 4426 2944 4480 Pater
2984 4433 3189 4493 noster,
3224 4433 3278 4481 et
3319 4425 3434 4480 haec
3466 4435 3645 4494 tropa-

2073 4516 2175 4570 ria.

2138 4609 2280 4664 Deus
2314 4617 2530 4678 patrum
2586 4619 2920 4676 nostrorum,
2977 4611 3070 4678 qui
3113 4609 3395 4664 nobiscum
3429 4621 3644 4675 semper

2071 4700 2186 4770 agis
2220 4701 2518 4755 secundum
2572 4700 3045 4754 mansuetudinem
3081 4708 3228 4752 tuam
3258 4736 3274 4762 ,
3323 4710 3391 4750 ne
3422 4704 3640 4748 avertas

2073 4791 2503 4846 misericordiam
2561 4799 2708 4843 tuam
2745 4805 2774 4842 a
2812 4791 2990 4855 nobis,
3027 4790 3120 4844 sed
3153 4791 3392 4858 ipsorum
3451 4786 3643 4856 depre-

2072 4880 2378 4935 cationibus
2411 4880 2580 4934 vitam
2610 4888 2851 4934 nostram
2882 4879 2935 4934 in
2967 4893 3098 4949 pace
3127 4878 3384 4949 guberna.

2212 4972 2416 5029 Gloria.

2153 5064 2421 5136 Martyres
2470 5064 2569 5132 tui,
2603 5063 2852 5128 Domine,
2901 5064 2954 5118 in
3009 5079 3108 5119 suo
3135 5062 3433 5118 certamine
3455 5064 3555 5118 abs
3591 5072 3645 5118 te

2075 5154 2185 5209 Deo
2218 5164 2403 5210 nostro
2430 5156 2732 5210 retulerunt
2765 5154 3192 5211 immortalitatis
3219 5170 3477 5210 coronam
3506 5175 3520 5209 :
3553 5165 3640 5210 tua

2075 5247 2219 5300 enim
2248 5245 2440 5300 muniti
2479 5246 2802 5300 fortitudine
2827 5247 3077 5300 vicerunt
3123 5255 3417 5316 tyrannos,
3448 5256 3503 5300 ct
3534 5248 3642 5299 da».

2074 5352 2295 5391 monum
2328 5337 2619 5391 invalidam
2651 5337 2929 5407 fregerunt
2970 5338 3278 5392 audaciam.
3315 5337 3643 5392 Eorumdem

2076 5438 2376 5498 martyrum
2429 5429 2906 5498 deprecationibus
2937 5444 3115 5493 serva,
3160 5428 3402 5495 Christe,
3435 5429 3646 5483 animas

2075 5535 2308 5580 llOSll‘ﬂS.

2218 5617 2282 5671 Et
2319 5633 2482 5672 nunc.
3259 5615 3500 5672 Mariale.

2131 5709 2330 5764 .Murus
2389 5707 2820 5779 inexpugnabilis
2878 5708 3310 5764 Christianorum
3359 5724 3459 5773 es,
3511 5709 3637 5763 Dei-

2081 5815 2212 5870 para
2252 5800 2414 5870 Virgo
2447 5816 2462 5855 :
2499 5814 2623 5855 nam
2665 5799 2734 5856 ad
2781 5808 2832 5856 te
2883 5797 3281 5870 confugientes,
3320 5797 3650 5855 invulnerati
