4076 6226
401 370 704 416 CCCLXXVIII

1752 352 2125 423 PROLEGOM
2136 353 2290 408 ENA.

399 479 782 551 persistimus;
821 483 872 530 et
898 481 1226 546 peccantes,
1261 481 1313 530 te
1339 473 1606 530 habemus
1639 473 1971 542 deprecalri-

2096 490 2262 537 ὀντες
2282 471 2513 543 ἄτρωτοι
2537 464 2883 538 διαμένομεν·
2916 462 3011 517 καὶ
3040 462 3199 517 πάλιν
3223 456 3654 551 αμαρτάνοντες,

399 585 544 626 cem.
578 570 705 625 Ideo
762 565 1046 623 referimus
1101 566 1196 622 tibi
1247 567 1482 637 gratias,
1532 575 1585 620 et
1640 567 1969 632 clamamus;

399 664 539 727 Ave,
570 660 745 731 gratia
777 658 956 727 plena,
983 658 1243 714 Dominus
1274 668 1472 714 tecum.

473 757 600 811 345.
656 754 919 817 Domine,
990 754 1288 820 miserere,
1365 753 1710 825 quadragies.
1766 752 1971 807 Gloria.

406 847 474 902 Et
525 860 692 902 nunc.
753 844 1127 900 Excelsiorem
1158 844 1475 900 Cberubim.
1522 845 1578 899 ln
1622 846 1843 901 nomine
1873 845 1979 901 Do«

402 938 559 1003 mini,
591 937 841 1004 benedic,
873 936 1054 991 Pater.
1108 935 1212 992 Per
1265 953 1459 1008 preces
1509 947 1822 993 sanctorum
1874 936 1977 991 Pa-

401 1039 572 1084 trum.
609 1027 746 1083 Tres
795 1042 1023 1098 magnas
1066 1026 1296 1083 facimus
1328 1031 1686 1097 reverentias,
1719 1029 1980 1085 dicimus.

403 1136 510 1191 que
558 1120 926 1191 precationem
959 1119 1017 1174 S.
1048 1119 1306 1189 Ephrem,
1339 1136 1401 1176 ac
1448 1121 1645 1176 deinde
1693 1121 1836 1177 banc
1876 1120 1980 1175 Ba-

404 1210 515 1267 silii
548 1210 725 1281 Magni
764 1229 777 1264 :

476 1303 707 1360 Domine
738 1304 881 1359 Deus
918 1311 1127 1367 noster,
1191 1300 1283 1369 qui
1340 1315 1530 1370 pacem
1589 1310 1732 1355 tuam
1789 1299 1980 1356 dedisti

406 1394 741 1461 hominibus,
774 1403 830 1449 et
855 1393 1187 1449 sanctissimi
1217 1392 1455 1464 Spiritus
1486 1392 1688 1448 donum
1742 1393 1811 1447 ad
1863 1403 1982 1447 tuos

407 1486 706 1553 discipulos
734 1502 798 1541 ac
830 1486 1106 1556 apostolos
1163 1485 1427 1549 demisisti
1461 1527 1477 1553 ,
1509 1499 1806 1553 eorumque
1839 1483 1983 1539 labia

406 1594 510 1649 per
540 1578 753 1648 linguas
790 1579 977 1648 igneas
1005 1585 1097 1631 tua
1136 1576 1400 1646 aperuisti
1433 1577 1711 1646 potentia,
1753 1574 1900 1644 aperi
1928 1582 1984 1629 et

407 1678 598 1727 nostra
629 1678 979 1740 peccatorum
1010 1668 1186 1735 labia;
1222 1682 1289 1723 ac
1321 1669 1617 1739 quomodo,
1645 1677 1697 1723 et
1733 1681 1832 1736 pro
1863 1665 1986 1735 qui-

406 1762 512 1819 bus
536 1777 699 1818 orare
755 1770 1046 1831 oporteat,
1078 1761 1245 1816 edoce
1285 1776 1407 1815 nos.
1460 1761 1645 1832 Dirige
1695 1761 1860 1816 vitam
1896 1774 1989 1814 no-

2077 561 2272 632 έχομέν
2306 576 2366 612 σε
2393 557 2822 631 πρεσϐεύουσαψ
2842 554 2922 608 διὸ
2950 550 3398 623 εὐχαριστοῦντες
3442 547 3659 619 βοῶμέν

2079 665 2160 701 σοι
2178 665 2191 678 ’
2232 649 2422 719 Χαῖρε,
2453 643 2887 717 κεχαριτωμένη,
2914 642 2942 694 ὁ
2970 643 3176 711 Κύριος
3205 638 3341 710 μετὰ
3375 637 3492 690 σοῦ.

2151 740 2254 803 Τὸ,
2295 739 2490 811 Κύριε,
2551 737 2794 808 ἐλέησον,
2866 741 2941 806 μ’.
2994 732 3148 797 Δόξα.
3210 731 3323 785 Καὶ
3366 730 3481 783 νῦν.
3542 728 3657 800 Τὴν

2078 831 2411 903 τιμιωτέραν
2437 830 2545 884 τῶν
2577 828 2861 902 χερουσίμ.
2902 827 2990 880 Ἐν
3011 825 3234 896 ὀνόματι
3257 823 3484 889 Κυρίου.
3505 819 3658 874 εὐλό-

2081 942 2269 996 γησον,
2291 925 2492 995 Πάτερ.
2516 925 2593 976 Δι’
2643 921 2817 992 εὐχῶν
2872 920 2981 974 τῶν
3008 919 3177 987 ἁγίων
3219 915 3489 986 πατέρων.
3543 911 3662 974 Τὰς

2079 1022 2227 1089 τρεῖς
2264 1017 2504 1090 μεγάλας
2550 1015 2836 1088 μετανοίας
2887 1012 3024 1084 μετὰ
3068 1010 3164 1064 καὶ
3218 1010 3317 1080 τῆς
3359 1007 3522 1077 εύχῆς
3560 1003 3661 1058 τοῦ

2079 1115 2224 1168 ὁσίου
2258 1111 2517 1183 Ἐιρραῒμ·
2547 1104 2666 1162 εἶτα
2684 1108 2783 1178 τὴν
2806 1105 3084 1178 παροῦσαν
3116 1102 3281 1173 εὐχὴν
3307 1098 3400 1154 τοῦ
3419 1096 3663 1170 μεγάλου

2081 1207 2357 1263 Βασιλείου
2376 1221 2392 1237 ⁸

2154 1299 2327 1370 Κύριε
2385 1297 2415 1349 6
2471 1293 2607 1357 Θεὸς
2632 1288 2810 1362 ἡμῶν,
2844 1287 2873 1339 6
2893 1285 2992 1357 τὴν
3024 1286 3123 1357 σὴν
3164 1286 3386 1357 εἰρήνην
3412 1280 3661 1344 δεδωκὼς

2083 1394 2195 1456 τοῖς
2237 1386 2567 1460 ἀνθρώποις,
2614 1383 2709 1437 καὶ
2759 1382 2857 1453 τὴν
2907 1378 3001 1431 τοῦ
3040 1377 3310 1445 παναγίου
3345 1374 3662 1444 Πνεύματος

2083 1483 2292 1556 δωρεὰν
2318 1482 2434 1543 τοῖς
2458 1480 2571 1540 σοῖς
2601 1475 2871 1546 μαθηταῖς
2910 1472 3006 1524 καὶ
3037 1469 3355 1531 ἀποστόλοις
3381 1464 3667 1534 καταπέμ-

2084 1577 2212 1646 ψας,
2241 1574 2335 1629 καὶ
2357 1572 2426 1626 τὰ
2460 1569 2666 1624 τούτων
2692 1566 2843 1637 χείλη
2870 1567 2934 1618 ὲκ
2959 1563 3200 1634 πυρίνων
3229 1559 3491 1630 γλωσσῶν
3511 1558 3665 1610 διαν-

2085 1665 2470 1736 οίξαςδυνάμει
2497 1677 2609 1714 σουσ
2639 1656 2903 1721 διάνοιξον
2941 1656 3040 1709 καὶ
3069 1653 3227 1725 ἡμῶν
3257 1651 3366 1704 τῶν
3408 1651 3666 1730 ἀμαρτω-

2086 1760 2194 1813 λῶν
2225 1758 2293 1812 τὰ
2313 1756 2490 1828 χείλη,
2521 1754 2615 1807 καὶ
2642 1749 2859 1816 δίδαξον
2905 1747 3058 1818 ἡμᾶς
3084 1745 3200 1808 πῶς
3233 1744 3334 1806 δεῖ,
3373 1742 3467 1796 καὶ
3508 1738 3675 1810 (ὑπὲρ

407 1866 607 1923 stram,
642 1865 722 1923 tu,
753 1857 846 1924 qui
894 1855 1222 1924 tranquillus
1254 1831 1632 1909 ﬂuctuantium
1662 1863 1854 1924 portus
1905 1868 1983 1917 es,

2096 1845 2163 1904 ὧν
2202 1848 2308 1921 χρὴ
2346 1841 2767 1917 προσεύχεσθαι.
2798 1838 3153 1911 Κυὸέρνησον
3181 1834 3337 1906 ἡμῶν
3369 1833 3467 1904 τὴν
3496 1831 3665 1902 ζωὴν,

407 1957 466 2002 ει
502 1947 643 2001 viam
671 1986 688 2013 ,
742 1945 799 2001 in
854 1960 960 2015 qua
1018 1944 1355 2011 ambulemus
1391 1944 1545 1999 nobis
1590 1951 1981 1999 commonstra.

410 2039 677 2109 Spiritum
711 2046 921 2092 rectum
957 2038 1158 2092 innova
1210 2037 1263 2089 in
1318 2036 1624 2091 visceribus
1652 2035 1858 2090 nostris
1880 2073 1897 2100 ,
1931 2043 1989 2089 et

411 2132 618 2203 Spiritu
655 2130 942 2202 principali
973 2130 1236 2186 confirma
1267 2127 1342 2200 (a)
1366 2167 1382 2192 ,
1417 2128 1680 2198 quidquid
1709 2128 1762 2181 in
1791 2128 1988 2182 menti-

410 2226 514 2280 bus
541 2224 745 2279 nostris
781 2222 1049 2276 lubricum
1079 2230 1185 2285 εει,
1235 2235 1299 2275 ac
1330 2221 1686 2285 inconstans;
1715 2227 1774 2273 ut
1805 2219 1988 2293 quoti-

413 2316 501 2371 die
547 2314 751 2384 Spiritu
794 2324 884 2368 tuo
922 2311 1160 2366 bonoad
1191 2312 1277 2378 id,
1328 2314 1472 2382 quod
1519 2314 1852 2368 conveniens
1881 2321 1988 2377 est,

414 2408 655 2473 deducti,
682 2407 944 2461 mandata
979 2414 1070 2459 tua
1101 2405 1394 2461 observare
1420 2406 1713 2475 possimus,
1747 2420 1994 2476 semper-

419 2513 528 2568 que
561 2498 881 2554 meminisse
925 2507 1033 2552 tuae
1072 2496 1323 2566 gloriosae
1350 2498 1670 2567 praesentire,
1701 2497 1997 2551 scrutantis

417 2591 622 2656 omnia,
650 2605 771 2660 qua:
805 2605 834 2644 a
869 2589 1025 2645 nobis
1054 2590 1365 2647 hominibus
1408 2592 1568 2656 liuut,
1596 2600 1652 2644 et
1682 2605 1787 2645 non
1820 2590 1997 2659 decipi

421 2683 584 2740 ﬂuxis
618 2682 781 2753 hujus
829 2681 1018 2737 mundi
1047 2682 1457 2753 voluptatibus;
1512 2684 1607 2738 sed
1644 2682 1997 2752 cupiditatem

417 2774 619 2828 futuris
652 2772 865 2829 fruendi
921 2774 1193 2830 thesauris
1219 2776 1537 2831 corrobora.
1587 2773 1723 2841 Quia
1773 2772 1999 2830 benedi-

419 2874 542 2920 ctus
567 2880 648 2930 es,
670 2875 727 2921 et
748 2865 1036 2921 laudabilis
1068 2871 1122 2922 iu
1153 2868 1407 2924 omnibus
1429 2866 1636 2924 sanctis
1670 2868 1781 2923 tuis
1818 2866 1872 2921 in
1899 2878 2007 2921 ssc-

428 2955 549 3016 cula
581 2956 929 3014 saeculorum.
970 2958 1164 3015 Amen.

2086 1947 2117 1998 6
2144 1942 2315 2005 εύδιος
2354 1939 2463 1992 τῶν
2483 1934 2896 2010 χειμαζομένων
2915 1931 3103 2003 λιμὴν,
3128 1929 3223 1983 καὶ
3237 1926 3503 1999 γνώρισον
3532 1926 3669 1995 ἡμῖν

2088 2036 2224 2093 ὁδὸν.
2245 2036 2302 2086 ὲν
2395 2027 2811 2100 πορευσώμεθα.
2824 2024 3049 2094 Πνεῦμα
3078 2020 3235 2083 εύθὲς
3265 2016 3573 2086 ὲγκαίνισον
3608 2016 3677 2066 ἐν

2089 2128 2201 2189 τοῖς
2230 2104 2480 2193 ὲγκᾶτοις
2519 2118 2696 2190 ἡμῶν,
2721 2117 2816 2170 καὶ
2841 2113 3114 2185 πνεύματι
3138 2107 3451 2182 ἡγεμονικῷ
3477 2105 3540 2159 τὸ
3569 2104 3677 2174 τῆς

2093 2215 2325 2278 διανοίας
2353 2211 2512 2284 ἡμῶν
2564 2211 2660 2279 στή
2673 2208 2815 2281 ριξον
2837 2204 3132 2276 όλισθερόν·
3165 2203 3252 2256 ἵνα
3285 2200 3402 2255 καθ’
3431 2198 3672 2267 ἑκάστην

2093 2308 2329 2380 ἡμέραν,
2355 2304 2432 2375 τῷ
2452 2299 2731 2373 Πνεύματί
2766 2316 2857 2353 σου
2891 2296 2969 2363 τῷ
2996 2294 3186 2365 ἀγαθῷ
3210 2293 3347 2365 πρὸς
3380 2291 3442 2343 τὸ
3464 2287 3674 2359 συμφέο

2100 2417 2191 2472 ρον
2227 2395 2601 2468 ὁδηγούμενοι,
2632 2389 3061 2461 καταξιωθῶμεν
3104 2388 3278 2441 ποιεῖν
3309 2382 3408 2448 τὰς
3452 2380 3679 2442 ἐντολάς

2098 2509 2215 2554 σου,
2250 2491 2346 2544 καὶ
2372 2487 2474 2558 τῆς
2504 2487 2603 2557 σῆς
2633 2484 2722 2538 ἀεὶ
2759 2478 3117 2553 μνημονεύειν
3158 2476 3370 2542 ἐνδόξου
3406 2474 3501 2526 καὶ
3522 2474 3681 2542 ἐρευ-

2097 2583 2321 2654 νητικῆς
2344 2581 2453 2634 τῶν
2477 2576 2882 2649 πεπραγμένων
2913 2575 3043 2644 ἡμῖν
3061 2573 3174 2634 τοῖς
3199 2568 3296 2623 ἀνθ
3307 2566 3687 2654 ρώποιςιπαρ-

2096 2649 2307 2737 θυσίας,
2330 2670 2425 2725 καὶ
2457 2667 2531 2740 μὴ
2557 2667 2670 2728 τοῖς
2703 2661 3081 2735 φθειρομένοις
3106 2656 3200 2711 τοῦ
3235 2656 3443 2724 κόσμου
3488 2649 3681 2705 τούτου

2101 2760 2513 2819 συναπατᾶσθαι
2552 2756 2828 2830 τερπνοῖς,
2881 2751 3018 2806 ἀλλὰ
3059 2749 3168 2803 τῶν
3227 2744 3525 2818 μελλόντων
3569 2740 3686 2813 ὀρέ-

2099 2855 2294 2925 γεσθαι
2335 2852 2434 2923 τῆς
2489 2846 2841 2907 ἀπολαύσεως
2883 2842 3166 2911 ὲνίσχυσον
3198 2831 3533 2925 θησαυρῶν.-
3561 2830 3687 2925 “the

2097 2918 2414 3015 έύλογητὸς,
2453 2940 2549 2995 καὶ
2580 2936 2791 2999 αἰνετὸς
2826 2933 3091 3005 ὑπάρχεις
3123 2929 3180 2981 ὲν
3201 2927 3337 2980 πᾶσι
3368 2925 3480 2985 τοῖς
3510 2918 3691 2988 ἁγίοις

2106 3054 2222 3105 σου,
2253 3038 2333 3098 είς
2356 3034 2483 3099 τοὺς
2514 3031 2717 3093 αἰῶνας
2740 3026 2850 3081 τῶν
2884 3022 3118 3079 αἰώνων.
3161 3017 3352 3089 ’Δμήν.

1945 3256 2195 3315 SEXTA.

499 3447 628 3506 246.
693 3445 1023 3519 Prmpositus
1068 3444 1200 3500 dicit
1265 3452 1394 3498 ter:
1441 3441 1645 3507 Venite,
1673 3443 1957 3496 adoremus
1983 3437 2072 3497 τε

428 3545 568 3598 ﬁunt
598 3539 923 3597 reverentia:
947 3545 1084 3603 tres,
1115 3547 1171 3592 et
1201 3536 1494 3607 incipimus
1544 3534 1744 3590 Horam
1770 3544 2008 3599 sextam,

428 3642 689 3690 canentes
730 3631 995 3701 psalmum
1034 3645 1161 3697 LIII,
1208 3627 1376 3693 Deus,
1410 3628 1464 3682 in
1512 3626 1731 3681 nomine
1777 3635 1866 3681 tuo
1906 3625 2013 3680 sal-

429 3741 556 3780 vum
607 3739 695 3781 me
734 3722 864 3778 fac:
902 3731 959 3776 et
1002 3736 1169 3785 um,
1210 3720 1458 3785 Exaudi,
1504 3718 1668 3786 Deus,
1712 3721 2011 3775 orationem

431 3832 633 3885 meam,
666 3824 722 3871 et
753 3829 822 3871 ne
851 3813 1166 3884 despexeris
1193 3829 1207 3865 :
1241 3820 1298 3865 et
1327 3826 1419 3876 xc,
1447 3809 1551 3876 Qui
1582 3810 1790 3864 habitat
1826 3810 1885 3865 in
1920 3809 2016 3864 ad-

428 3906 653 3976 iutorio.

502 3997 708 4054 Gloria.
768 3996 836 4050 Et
899 4010 1068 4053 nunc.
1129 3993 1373 4058 Alleluia,
1439 4001 1540 4047 ter.
1576 3990 1664 4058 Et,
1706 3991 1752 4047 si
1801 3992 2017 4047 canitur

435 4094 580 4147 Deus
609 4091 894 4156 Dominus,
927 4088 1162 4144 dicimus
1215 4086 1512 4157 troparium
1565 4086 1706 4151 diei;
1737 4085 1783 4141 si
1832 4095 2016 4140 autem

435 4183 696 4250 Alleluia,
727 4197 965 4252 sequens
993 4180 1313 4250 troparium.
1346 4178 1534 4233 T0nus
1559 4176 1624 4232 2.

508 4366 612 4434 Qui
635 4374 788 4422 sexta
821 4364 910 4419 die
956 4373 1013 4418 et
1074 4364 1230 4428 bora,
1257 4359 1479 4416 aﬂixisti
1515 4360 1664 4416 cruci
1721 4359 2016 4415 admissum

438 4461 494 4516 in
543 4461 798 4531 paradiso
849 4459 918 4512 ab
953 4455 1165 4512 Adamo
1220 4464 1528 4527 peccatum,
1570 4454 1733 4507 etiam
1775 4453 2019 4522 lapsuum

440 4563 751 4609 nostrorum
805 4550 1234 4623 chirographum
1276 4550 1529 4620 discerpe
1557 4588 1572 4614 ,
1605 4548 1823 4605 Christe
1855 4546 2022 4608 Deus.

437 4657 495 4707 et
523 4646 674 4702 salva
708 4658 830 4700 nos.

963 4732 1404 4791 VERSICULUS
1443 4733 1497 4788 l.

518 4830 750 4896 Exaudi,
780 4829 946 4895 Deus,
974 4829 1273 4884 orationem
1305 4841 1505 4891 meam,
1530 4835 1586 4881 et
1621 4841 1689 4880 ne
1713 4821 2026 4895 despexeris

443 4923 878 4996 deprecationem
913 4935 1088 4976 meam
1125 4919 1224 4991 (b).

962 5010 1412 5070 VERSICULUS
1447 5009 1505 5063 2.

515 5110 629 5182 Ego
680 5110 748 5165 ad
815 5107 985 5164 Deum
1057 5104 1325 5169 clamavi,
1379 5111 1433 5156 et
1490 5099 1746 5156 Domians
1818 5099 2028 5154 audivit

443 5219 533 5260 me
564 5201 657 5275 (c).

585 5295 795 5352 Gloria.
832 5292 900 5348 Et
927 5307 1092 5347 nunc.
1640 5285 1885 5340 Mariale.

519 5390 659 5459 Quia
710 5403 819 5444 non
884 5386 1151 5441 habemus
1178 5382 1454 5450 ﬁduciam,
1486 5389 1712 5452 prOpter
1740 5377 1906 5433 multa
1937 5379 2033 5431 de-

445 5482 581 5539 licta
634 5491 864 5545 nostra;
917 5478 1042 5533 ideo
1095 5486 1150 5531 tu
1183 5516 1198 5540 ,
1234 5476 1403 5547 Virgo
1459 5474 1713 5544 Deipara,
1752 5470 2032 5526 obtestare
2141 5460 2324 5530 ἁμαρτ

447 5573 622 5640 illum,
646 5574 743 5644 qui
799 5580 888 5629 est
928 5586 996 5628 ex
1028 5578 1083 5628 te
1117 5568 1332 5639 genitus
1363 5586 1375 5625 :
1410 5564 1642 5624 multum
1678 5562 1823 5620 enim
1890 5575 1991 5632 apu

2140 5553 2371 5608 Θεοτόκε
2391 5550 2514 5620 Παρ

516 5729 599 5800 (a)
626 5730 770 5786 Psal.
802 5748 858 5794 ι..
891 5731 996 5784 H.‘

520 5795 600 5875 (θ)
622 5801 767 5859 Psal.
792 5815 903 5868 Liv,
936 5801 995 5855 2.

2187 3438 2248 3490 Ὀ
2277 3432 2557 3507 προεστώς
2597 3448 2614 3462 σ
2684 3427 2863 3483 Δεῦτε
2883 3466 2897 3491 ,
2927 3416 3470 3492 προσκυνήσωμεν,
3523 3411 3588 3507 ea
3618 3412 3699 3507 γί

2116 3501 2393 3601 μετάνοιαι
2418 3527 2588 3599 τρεῖς,
2614 3523 2709 3575 καὶ
2740 3514 3021 3590 ἀρχόμεθα
3053 3514 3151 3584 τῆς
3181 3510 3348 3601 ἕκτης
3375 3501 3703 3601 ὥρας,

2113 3595 2296 3682 λοντες
2328 3595 2579 3684 τὸν,’νγ’,
2614 3613 2674 3666 Ὀ
2715 3610 2869 3674 Θεὸς,
2916 3611 2973 3661 ὲν
3010 3604 3088 3675 τῷ
3126 3599 3350 3673 ὀνόματί
3387 3616 3482 3652 σου
3522 3595 3698 3649 σῶσόν

2118 3729 2207 3783 με.
2252 3709 2363 3764 Καὶ
2420 3706 2521 3775 ξγ¹,
2577 3701 2892 3763 Ἐνώτισαι,
2947 3700 2974 3751 6
3017 3696 3185 3760 Θεὸς,
3240 3692 3340 3763 τὴν
3382 3689 3700 3783 προσευχήν

2119 3777 2241 3870 μου,
2282 3797 2376 3850 καὶ
2408 3795 2485 3866 μὴ
2516 3790 2777 3863 ύπερίδης
2798 3806 2811 3818 °
2848 3788 2945 3842 καὶ
2976 3791 3049 3854 ιη),
3080 3779 3447 3861 Ὀνκανοικῶν
3480 3781 3538 3832 ὲν
3572 3777 3704 3849 βοη-

2117 3889 2260 3945 θεία.

2187 3946 2342 4046 Δόξα.
2366 3978 2478 4032 Καὶ
2505 3975 2622 4030 νῦν.
2671 3971 3020 4044 Ἀλληλούῖα,
3051 3970 3115 4022 ἐκ
3139 3974 3208 4035 γ’.
3237 3964 3348 4019 Καὶ
3371 3965 3420 4016 εἰ
3452 3961 3548 4034 μὲν
3567 3957 3710 4030 ψάλ-

2117 4076 2265 4129 λεται
2297 4075 2377 4137 τὸ,
2425 4072 2558 4135 Θεὸς
2587 4069 2815 4141 Κύριος,
2847 4066 3077 4134 λέγομεν
3107 4062 3168 4115 τὸ
3191 4061 3292 4130 τῆς
3334 4057 3552 4127 ἡμέρας
3576 4068 3706 4141 τρο-

2121 4168 2334 4240 πὰριον·
2371 4166 2420 4219 εἰ
2473 4163 2530 4217 δὲ
2569 4139 2910 4232 Ἀλληλούῐα,
2944 4156 3004 4209 τὸ
3033 4153 3206 4225 παρὸν
3240 4147 3558 4222 τροπάριον.
3604 4139 3709 4195 Ἦ·

2121 4278 2214 4323 XO;
2241 4266 2307 4323 β’-

2122 4259 2271 4405 ίοῖίξ
2293 4298 2367 4404 ’ὲν
2417 4347 2551 4419 ἕκτῃ
2623 4343 2808 4416 ἡμέρᾳ
2859 4339 2956 4394 καὶ¹
2994 4337 3115 4410 ὥρᾳ
3149 4332 3229 4404 τῷ
3276 4327 3492 4400 σταυρῷ
3541 4338 3719 4419 προσ-ν

2122 4444 2337 4518 ηλώσας
2381 4440 2481 4512 τὴν
2526 4415 2599 4491 ’έν
2642 4415 2958 4506 παραδείσῳ
3008 4426 3372 4500 τολμηθεῖσαν
3410 4420 3489 4491 τῷ
3538 4415 3711 4518 ᾍδὰμ

2124 4508 2556 4609 ἁμαρτίανξκαὶ
2584 4529 2691 4583 τῶν
2741 4523 3099 4595 πταισμάτων
3146 4518 3304 4609 ἡμων
3334 4514 3395 4566 τὸ
3419 4508 3713 4609 χειρόγρα-

2124 4602 2222 4701 φον
2242 4602 2558 4698 διάρρηξον,
2588 4619 2793 4693 Χριστὲ
2832 4619 2859 4670 6
2894 4614 3046 4677 Θεὸς,
3072 4612 3167 4665 καὶ
3206 4607 3378 4661 σῶσον
3407 4602 3576 4672 ἡμᾶς.

2744 4706 2992 4763 ΣΤΙΧΟΣ
3019 4711 3089 4756 α’.

2054 4794 2101 4850 D
2210 4808 2515 4871 Ἐνὼτισαι,
2553 4807 2582 4859 6
2630 4803 2783 4866 Θεὸς,
2829 4801 2927 4871 τὴν
2974 4792 3278 4868 προτευχήν
3321 4804 3444 4860 μου,
3492 4783 3586 4839 καὶ
3632 4781 3711 4854 μὴ

2126 4903 2388 4976 ὑπερίδῃς
2422 4901 2520 4971 τὴν
2545 4897 2727 4968 δέησίν
2761 4912 2884 4965 μου.

2741 4982 2988 5038 ΣΤιΧοΣ
3022 4980 3088 5052 βο.

2210 5084 2351 5155 Ἐγὼ
2377 5083 2512 5157 πρὸς
2545 5082 2635 5137 τὸν
2673 5080 2807 5133 Θεὸν
2835 5073 3128 5147 ἐκέκραξα,
3169 5069 3266 5124 καὶ
3297 5068 3326 5121 6
3355 5065 3561 5136 Κύριος
3603 5062 3722 5114 εἶσ-

2132 5178 2335 5253 ήκουσὲ
2365 5194 2487 5247 μου.

2304 5246 2461 5334 Δόξα.
2487 5267 2598 5320 Καὶ
2620 5263 2735 5318 νῦν.
3273 5246 3576 5303 Θεοτόκιον.

2212 5366 2338 5419 Ὅτι
2367 5328 2468 5415 οὐκ
2513 5359 2712 5429 ἔχομεν
2776 5349 3095 5424 παρρησίαν
3130 5344 3219 5398 διὰ
3243 5340 3313 5395 τὰ
3349 5337 3519 5429 πολλα
3564 5328 3723 5403 ἡμῶν

2329 5457 2536 5528 ἤματα,
2570 5453 2634 5505 σὺ
2674 5450 2765 5503 τὸν
2810 5449 2874 5500 ἐκ
2896 5441 2991 5498 σοῦ
3021 5435 3349 5510 γεννηθέντα
3380 5427 3722 5528 δυσώπησον,

2516 5514 2656 5601 θένε·
2699 5540 2872 5598 πολλὰ
2916 5537 3027 5609 γὰρ
3059 5531 3235 5605 ἰσχύει
3283 5526 3467 5600 δέησις
3502 5514 3729 5591 Μητρὸς

2216 5713 2286 5788 (c)
2313 5711 2458 5769 Psal.
2484 5722 2593 5775 Liv,
2628 5703 2719 5760 18.
