4076 6226
1537 328 1936 386 ACOLUTHIA
1971 327 2314 386 TRIPLICIS
2352 325 2570 383 FESTI.

3415 335 3674 380 εεοιιιιι

427 438 563 512 πρὸς
591 438 876 512 εὐμένειαν
909 441 1200 496 Δεσπότου.
1254 442 1346 514 Μὴ
1387 445 1619 516 παρίδῃς
1666 447 2004 518 ἁμαρτωλῶν

2111 447 2430 499 clementem
2464 440 2752 496 Dominum
2782 447 2961 509 potest
2999 437 3191 493 Matris
3244 434 3673 507 depreprecatio.

428 530 656 594 ἱκεσίας,
692 533 732 602 ἡ,
761 533 1087 602 πάνσιμνος·
1123 533 1205 585 ὅτι
1248 532 1496 603 ἐλεήμων
1526 536 1643 588 ἐστὶ
1675 537 1769 588 καὶ
1810 535 2000 600 σώζειν

429 622 772 693 βουλόμενος,
805 623 834 675 6
881 623 974 676 καὶ
1014 622 1206 676 παθεῖν
1243 624 1384 688 ὑπὲρ
1421 625 1578 695 ἡμῶν
1626 625 2000 687 καταδέξαμε-

425 732 535 779 νος.

496 804 646 875 Ταχὺ
696 804 1261 877 προκαταλαϐέτωσαν
1305 807 1455 876 ἡμᾶς
1486 806 1535 858 οἱ
1569 804 1846 874 οἰκτιρμοί
1884 821 1999 869 σου,

425 896 627 968 Κύριε·
675 897 756 949 ὅτι
800 897 1224 968 ὲπτωχεύσαμεν
1265 898 1488 969 σφόδρα.
1543 897 1815 967 Βοήθησον
1850 899 2000 968 ἡμῖν,

425 987 455 1038 6
484 986 616 1050 Θεὸς
647 989 675 1040 6
707 988 898 1059 Σωτὴρ
943 989 1128 1059 ἡμῶν·
1181 988 1363 1042 ἕνεκεν
1412 989 1510 1059 τῆς
1555 988 1712 1058 δόξης
1750 987 1842 1042 τοῦ
1885 988 2002 1041 6V6-

431 1079 598 1149 ματός
644 1095 760 1142 σου,
805 1078 1002 1151 Κύριε,
1046 1077 1206 1150 ῥῦσαι
1239 1081 1421 1150 ἡμᾶς·
1468 1078 1560 1133 καὶ
1591 1079 1838 1149 ἱλάστητι
1884 1082 2004 1144 ταῖς

427 1170 725 1242 ἡμαρτίαις
759 1171 915 1242 ἡμῶν
943 1171 1128 1225 ἕνεκεν
1158 1171 1250 1224 τοῦ
1276 1171 1539 1241 ὀνόματός
1571 1189 1710 1226 σου..

499 1263 810 1332 Τρισάγιον,
860 1263 1104 1332 Παναγία
1145 1263 1332 1333 Τριάς,
1362 1262 1543 1334 Πάτερ
1576 1264 1746 1335 ἡμῶν,
1793 1265 1885 1317 καὶ
1939 1264 2006 1318 τὰ

427 1357 696 1429 τροπάρια
713 1355 905 1420 ταῦτα,
937 1359 1016 1416 εἰς
1042 1353 1172 1428 ἦχον
1206 1356 1454 1428 δεύτερον
1476 1373 1488 1387 ’

496 1448 750 1518 Σωτήρια
789 1447 1030 1519 εἰργάσω
1075 1450 1132 1501 ἐν
1187 1448 1338 1517 μέσῳ
1379 1447 1479 1516 τῆς
1548 1448 1676 1519 γῆς,
1729 1450 1927 1520 Χριστὲ
1977 1451 2006 1507 6

427 1539 579 1604 Θεόςο
616 1539 709 1592 ἐπὶ
742 1540 974 1611 σταυροῦ
997 1539 1095 1603 τὰς
1125 1539 1428 1610 ἀχράντους
1459 1556 1551 1592 σου
1585 1543 1773 1612 χεῖρας
1807 1540 2006 1608 egerat.

427 1649 544 1698 νας,
593 1631 938 1701 ἑπισυνάγων
969 1633 1150 1686 πάντα
1180 1631 1247 1684 τὰ
1291 1630 1442 1704 ἔθνη,
1487 1632 1778 1703 κράζοντα,
1809 1634 2004 1706 Κύριε,

423 1721 550 1788 δόξα
574 1741 675 1778 σοι.

565 1819 722 1884 Δόξα.

498 1909 610 1979 Τὴν
639 1911 906 1982 ἄχραντον
939 1911 1120 1964 εἰκόνα
1183 1929 1275 1965 σου
1341 1912 1770 1985 προσκυνοῦμεν,
1811 1913 2003 1984 ἀγαθὲ,

425 2002 734 2073 αἰτούμενοι
752 2003 1095 2076 συγχώρησιν
1134 2005 1246 2059 τῶν
1271 2007 1634 2077 πταισμάτων
1657 2007 1832 2078 ἡμῶν,
1866 2008 2004 2080 Χρι-

428 2093 520 2145 στὲ
551 2096 579 2146 ό
606 2093 756 2158 Θεός·
788 2094 1039 2168 βουλήσει
1073 2097 1179 2167 γὰρ
1217 2097 1514 2168 εὐδόκησας
1544 2097 1786 2154 ἀνελθεῖν
1819 2101 1878 2152 ὲν
1925 2100 2005 2171 τῷ

428 2185 664 2258 σταυρῷ,
694 2187 780 2240 ἵνα
817 2188 954 2260 ῥύσῃ
979 2188 1072 2253 οὓς
1103 2188 1344 2254 ἔπλασας
1381 2193 1446 2244 ὲκ
1479 2192 1580 2262 τῆς
1605 2193 1850 2259 δουλείας
1906 2195 2002 2248 τοῦ

425 2277 644 2349 ἐχθροῦ·
679 2279 802 2333 ὅθεν
835 2280 1173 2354 εὐχαρίστως
1229 2282 1438 2354 βοῶμὲν
1479 2301 1581 2338 σοι·
1611 2287 1800 2357 Χαρᾶς
1835 2287 2002 2359 ἐπλή-

428 2387 608 2441 ρωσας
637 2371 707 2426 τά
737 2373 933 2439 πάντα,
968 2377 996 2428 6
1018 2375 1208 2447 Σωτὴρ
1236 2376 1414 2446 ἡμῶν,
1451 2379 1890 2449 παραγενόμενος
1923 2382 2004 2445 εἰς

421 2461 484 2515 τὸ
525 2462 692 2517 σῶσαι
715 2465 806 2518 τὸν
834 2465 1056 2536 κόσμον.

598 2556 711 2608 Καὶ
749 2556 864 2612 νῦν.
1557 2561 1857 2619 Θεοτὸκιον.

497 2644 916 2717 Εὑσπλαγχνίας
989 2647 1307 2721 ὑπάρχουσα
1382 2653 1532 2724 πηγὴ
1569 2695 1585 2719 ,
1664 2653 2004 2724 συμπαθείας

424 2734 652 2800 ἀξίωσον
685 2739 852 2810 ἡμᾶς,
901 2740 1149 2794 Θεοτόκεο
1199 2743 1392 2813 βλέψον
1420 2746 1500 2807 εἰς
1538 2744 1665 2798 λαὸν
1702 2745 1791 2799 τὸν
1823 2748 2004 2820 ἀμαρ-

424 2829 682 2898 τήσαντα³
712 2830 880 2898 δεῖξον
925 2833 1005 2896 εἰς
1047 2835 1133 2886 ἀεὶ
1183 2836 1282 2907 τὴν
1327 2836 1647 2891 δυναστείαν
1689 2856 1801 2893 σου·
1833 2842 1912 2904 εἰς
1944 2841 2006 2894 σὲ

424 2920 534 2992 γὰρ
566 2922 895 2988 ἐλπίζοντες,
945 2926 1028 2992 τὸ,
1060 2928 1255 2998 Χαῖρε,
1313 2928 1524 3000 βοῶμέν
1565 2948 1670 2996 σοι,
1711 2933 1787 2996 ὡς
1815 2935 1945 2987 ποτὲ
1977 2937 2007 2988 ὅ

426 3013 665 3086 Γαϐριὴλ
697 3018 725 3069 ὁ
751 3016 858 3070 τῶν
878 3018 1183 3090 ἀσωμάτων
1207 3022 1664 3095 ἀρχιστράτηγος.

496 3105 703 3192 Ταῦτα.
735 3107 980 3177 λέγονται
1026 3113 1090 3182 τῇ
1137 3111 1365 3184 δευτέρᾳ
1391 3153 1406 3178 ,
1451 3117 1518 3186 τῇ
1564 3115 1744 3188 τρίτῃ,
1781 3117 1874 3170 καὶ
1936 3120 2002 3189 τῇ
2031 3146 2076 3202 C

387 3207 389 3209 ’
425 3197 673 3272 πέμπτῃ,
699 3185 794 3254 ’ὅτε
816 3202 916 3255 οὐκ
948 3203 1058 3274 ἔχει
1088 3206 1121 3276 ἡ
1159 3207 1343 3277 ἡμέρα
1365 3185 1666 3263 κοντάκιον·
1790 3211 1845 3264 δὲ
1870 3185 2004 3264 ὑποξ

423 3292 752 3378 τεταγμένον
775 3293 990 3362 λέγεται
1020 3299 1086 3368 τῇ
1143 3300 1381 3371 τετράδι,
1424 3302 1518 3354 καὶ
1549 3305 1614 3373 τῇ
1659 3308 2003 3378 παρασκευῇ,

425 3376 559 3452 ἦχος
592 3380 638 3451 β’
678 3400 809 3437 σταυ
821 3385 1176 3456 ροθεοτόκιον.

509 3552 1045 3644 ’Υπερδεδοξασμένη
1104 3563 1387 3635 ὑπάρχεις,
1445 3567 1674 3622 Θεοτόκε
1741 3573 2008 3644 Παρθένε-

425 3642 700 3715 ὕμνοῦμὲν
753 3665 834 3700 σε·
887 3650 976 3704 διά
1005 3651 1114 3722 γὰρ
1179 3654 1272 3707 τοῦ
1325 3658 1558 3729 σταυροῦ
1606 3659 1700 3712 τοῦ
1742 3642 1872 3715 Υῐοῦ
1913 3681 2006 3716 σου

424 3736 728 3810 κατεϐλήθη
760 3743 788 3794 6
820 3740 973 3813 ᾅδης,
1015 3746 1109 3798 καὶ
1138 3748 1165 3799 6
1213 3747 1436 3812 θάνατος
1484 3750 1732 3824 τέθνηκε.
1778 3755 2006 3827 Νεκρω-

427 3827 610 3894 θέντες
639 3832 966 3906 ἀνέστημεν,
1013 3840 1105 3891 καὶ
1142 3838 1287 3911 ζωῆς
1329 3841 1661 3914 ἠξιώθημεν·
1703 3845 1794 3900 τὸν
1827 3849 2006 3920 παρά»

424 3922 597 3975 ὁεισον
626 3924 914 3996 ἐλάϐομεν,
957 3928 1055 4000 τὴν
1090 3931 1324 4001 ἀρχαίαν
1359 3934 1682 3990 ἀπόλαυσιν.
1719 3939 1810 3992 Διὸ
1843 3941 2010 4011 εὐχα-

427 4012 755 4081 ριστοῦντες,
798 4017 1184 4090 δοξολογοῦμεν
1217 4023 1293 4085 ὡς
1339 4026 1598 4096 κραταιὸν
1643 4029 1875 4099 Χριστὸν
1918 4029 2010 4084 τὸν

424 4103 556 4158 θεὸν
582 4105 762 4176 ἡμῶν,
792 4111 887 4162 καὶ
909 4111 1066 4181 μόνον
1092 4113 1394 4168 πολυέλεον.

501 4283 594 4348 Τὸ,
650 4285 843 4358 Κύριε,
880 4289 1122 4362 ἐλέησον,
1151 4299 1222 4363 μ’.
1255 4292 1320 4346 Ἦ
1336 4295 1492 4367 εὐχὴ,
1527 4296 1584 4350 Ὀ
1615 4299 1672 4352 ὲν
1705 4300 1868 4353 παντὶ
1889 4318 2008 4354 και-

431 4375 507 4446 ρῷ
535 4379 629 4430 καὶ
662 4381 813 4452 πάσῃ
827 4381 966 4453 ὥρᾳ·
996 4384 1114 4454 μεθ’
1138 4385 1224 4455 ἢν,
1248 4385 1438 4458 Κύριε,
1471 4388 1802 4460 ἐλέησον,γ¹.
1849 4393 2014 4459 Δόξα..

2105 537 2390 608 Supplices
2418 544 2737 606 peccatores
2778 550 2844 590 ne
2876 536 3164 603 despicias,
3189 548 3221 587 o
3248 546 3462 600 semper
3503 544 3677 596 augu-

2103 637 2208 693 sta,
2241 627 2369 698 quia
2395 626 2488 696 qui
2513 626 2764 680 lubenter
2794 640 2893 696 pro
2935 625 3092 680 nobis
3120 637 3314 695 passus
3340 621 3465 688 fuit,
3513 630 3595 675 est
3624 628 3678 672 et.

2104 720 2442 783 misericors,
2477 726 2533 773 et
2555 717 2669 770 vult
2691 731 2790 772 nos
2819 731 3064 771 servare.

2173 811 2296 866 Cito
2337 809 2638 878 anticipent
2687 823 2787 863 nos
2819 808 3212 863 misericordia:
3264 816 3388 871 tuae,
3427 805 3674 866 Domine,

2105 901 2232 972 quia
2265 915 2526 971 pauperes
2552 897 2680 953 facti
2714 912 2899 953 sumus
2935 898 3116 950 nimis.
3147 897 3354 966 Adjuva
3387 908 3507 959 nos,
3537 893 3677 946 Deus

2105 993 2362 1048 salutaris
2394 1000 2619 1047 noster:
2649 1001 2707 1045 et-
2751 999 2970 1060 propter
3011 990 3238 1060 gloriam
3293 987 3526 1042 nominis
3574 985 3676 1048 tui,

2105 1084 2352 1150 Domine,
2387 1085 2557 1139 libera
2600 1099 2738 1139 nos:
2773 1093 2826 1138 et
2858 1083 3122 1153 propitius
3149 1091 3268 1138 esto
3301 1079 3538 1150 peccatis
3583 1092 3679 1131 no-

2106 1179 2260 1242 stris,
2291 1189 2510 1248 propter
2539 1192 2731 1232 nomen
2771 1186 2920 1230 tuum
2950 1176 3048 1246 (α).

2187 1271 2494 1341 Trisagium
2516 1309 2536 1335 ,
2576 1269 2934 1325 Sanetissima
2968 1268 3228 1332 Trinitas,
3271 1265 3439 1321 Pater
3470 1270 3679 1327 noster,

2108 1373 2163 1419 et
2196 1365 2311 1420 haec
2343 1364 2582 1433 troparia
2609 1374 2740 1418 tono
2765 1363 3000 1419 secundo
3025 1377 3039 1414 :

2177 1456 2305 1512 247.
2365 1455 2639 1512 Salutaria
2705 1464 2960 1525 operatus
3027 1470 3088 1510 es
3152 1454 3205 1509 in
3256 1451 3434 1509 medio
3480 1457 3674 1511 terrae,

2108 1549 2326 1606 Christe
2354 1549 2589 1606 Deus.ln
2618 1563 2782 1604 cruce
2811 1548 3105 1604 exlendisti
3136 1547 3398 1602 innocuas
3420 1553 3540 1597 tuas
3565 1555 3680 1594 ma-

2109 1657 2231 1710 nus,
2262 1656 2600 1712 congregans
2637 1656 2828 1697 omnes
2871 1639 3123 1712 papulas,
3150 1640 3466 1701 clamantes,
3496 1631 3676 1690 Gloria

2109 1731 2227 1797 tibi,
2254 1732 2500 1786 Domine.

2249 1820 2458 1877 Gloria.

2182 1911 2410 1968 Veniam
2457 1921 2801 1983 peccatorum
2872 1920 3186 1968 nostrorum
3225 1916 3491 1980 petentes,
3523 1903 3683 1961 Chri-

2107 2013 2190 2058 ste
2247 2001 2388 2057 Deus
2424 2043 2442 2068 ,
2507 2004 2798 2056 adoramus
2850 1999 3333 2056 incontaminatam
3387 1995 3684 2067 imaginem

2108 2104 2258 2150 tuam
2293 2111 2306 2146 :
2341 2093 2602 2158 lauderis,
2628 2093 2753 2162 quia
2790 2092 2932 2148 ultro
2957 2107 3180 2149 crucem
3209 2087 3596 2153 conscendisti,
3625 2095 3685 2142 ut

2107 2200 2243 2257 quos
2270 2185 2538 2248 formasti,
2571 2186 2638 2240 de
2671 2185 2873 2239 inimici
2902 2186 3199 2240 redimeres
3222 2182 3502 2237 servitute.
3529 2179 3684 2235 Unde

2107 2277 2161 2332 in
2197 2279 2362 2333 animi
2393 2278 2534 2345 grati
2567 2278 2782 2348 signum
2823 2277 2920 2332 tibi
2971 2275 3310 2330 clamamus:
3341 2272 3550 2328 Gaudio
3596 2285 3684 2324 βρ-

2105 2370 2266 2439 plesti
2301 2369 2575 2437 universa,
2597 2368 2857 2423 Servator
2880 2376 3086 2434 noster,
3119 2367 3214 2436 qui
3241 2367 3311 2421 ad
3356 2363 3680 2420 servandum

2106 2463 2364 2518 mundum
2395 2461 2611 2517 venisti.

2280 2555 2349 2608 Et
2377 2569 2541 2610 nunc.
3291 2550 3538 2608 Mariale.

2181 2647 2570 2703 Misericordia:
2623 2647 2766 2720 fons,
2829 2647 3074 2703 Genitrix
3140 2645 3264 2712 Dei,
3309 2647 3531 2716 dignare
3580 2658 3683 2698 nos

2109 2741 2593 2797 commiseratione
2625 2760 2638 2794 :
2679 2741 2894 2811 respice
2940 2757 3094 2796 reum
3128 2739 3383 2809 populum
3412 2778 3427 2804 ,
3461 2737 3684 2792 ostende

2106 2838 2424 2898 perpetuam
2456 2829 2756 2896 potentiam
2790 2840 2961 2892 tuam,
2995 2829 3047 2882 in
3097 2838 3149 2882 te
3183 2827 3328 2882 enim
3378 2833 3678 2896 sperantes,

2112 2921 2224 2976 Ave
2244 2922 2546 2976 clamamus
2576 2921 2692 2987 tibi,
2727 2923 2865 2977 sicut
2899 2920 3026 2975 olim
3059 2921 3505 2990 incorporeorum
3534 2917 3684 2987 prin-

2109 3029 2237 3082 ceps
2265 3013 2505 3069 Gabriel.

2177 3105 2308 3160 248.
2359 3104 2770 3162 Hinc-dicuntur
2831 3108 3068 3162 secunda
3100 3103 3428 3171 feria,tertia
3461 3110 3515 3157 et
3535 3101 3687 3170 quin-

2111 3205 2189 3262 ta,
2219 3198 2439 3267 quando
2476 3198 2592 3254 dies
2629 3198 2940 3254 contacium
2995 3213 3101 3252 non
3135 3197 3298 3252 habet
3329 3213 3343 3264 ;
3403 3194 3496 3250 sed
3550 3194 3686 3250 feria

2108 3301 2300 3360 quarta
2345 3299 2399 3344 et
2433 3299 2585 3346 sexta
2632 3301 2759 3345 tono
2821 3291 3063 3347 secundo
3116 3290 3315 3345 dicitur
3381 3286 3684 3355 subjectum

2111 3383 2412 3452 troparium
2437 3422 2454 3446 ,
2501 3382 2644 3451 quod
2676 3381 2893 3436 laudem
2927 3381 3109 3436 erucis
3154 3379 3315 3436 simul
3350 3395 3412 3434 ac
3445 3379 3688 3448 Deipara

2111 3475 2514 3546 complectitur.

2185 3567 2537 3624 Celebramus
2575 3581 2650 3634 te,
2689 3569 2854 3639 Virgo
2915 3567 3170 3637 Deipara,
3217 3582 3336 3637 qum
3365 3565 3532 3634 gloria
3566 3580 3684 3618 om-

2111 3675 2207 3715 nes
2244 3675 2573 3731 exsuperas;
2607 3662 2863 3732 quoniam
2897 3675 2990 3729 per
3042 3660 3165 3714 Filii
3225 3661 3300 3714 tui
3361 3673 3576 3712 crucem
3609 3657 3686 3710 vi-

2110 3759 2233 3802 ctus
2261 3757 2345 3804 est
2379 3749 2628 3805 infernus
2655 3789 2670 3816 ,
2702 3758 2754 3804 et
2787 3765 2934 3803 mors
2967 3759 3176 3803 mortua
3210 3759 3312 3803 est.
3365 3748 3689 3802 Resurrexi-

2111 3856 2231 3896 mus
2283 3843 2375 3912 qui
2431 3827 2648 3898 eramus
2709 3843 2961 3910 mortui;
3010 3843 3119 3895 vita
3165 3843 3310 3912 digni
3345 3840 3534 3896 redditi
3592 3855 3686 3894 su—

2110 3947 2266 3999 mus;
2318 3934 2650 4002 paradisum,
2705 3933 3032 4005 voluptatem
3076 3934 3311 4004 priscam
3361 3932 3686 4002 recepimus.

2110 4024 2321 4080 Idcirco
2347 4026 2551 4095 gratias
2585 4036 2832 4096 agentes,
2866 4026 3231 4098 gloriﬁcamus
3251 4026 3548 4090 Christum,
3597 4026 3690 4094 qui

2113 4117 2255 4172 Deus
2317 4128 2500 4173 noster
2560 4129 2864 4190 praepotens
2922 4126 3036 4186 est,
3093 4134 3156 4173 ac
3211 4118 3439 4174 multum
3473 4117 3688 4173 miseri-

2112 4225 2252 4264 εοτε.

2189 4301 2418 4356 Domine
2445 4316 2477 4368 ,·
2519 4302 2782 4357 miserere
2816 4343 2830 4368 ,
2901 4301 3248 4372 quadragies.
3321 4300 3544 4364 Oratio,
3589 4298 3689 4366 Qui

2113 4393 2258 4447 omni
2293 4402 2534 4462 tempore
2575 4402 2630 4448 et
2654 4394 2801 4448 omni
2836 4394 2967 4447 liora
2995 4409 3010 4459 ;
3042 4402 3167 4463 post
3215 4409 3400 4463 quam,
3441 4391 3689 4455 Domine,

427 4467 537 4520 Καὶ
565 4468 678 4522 νῦν.
717 4472 827 4544 Τὴν
861 4474 1216 4548 τιμιωτέραν.
1236 4478 1556 4548 Μετάνοιαι,
1587 4481 1663 4546 ὡς
1693 4484 1933 4554 εἴρηται,
1961 4487 2007 4537 εἰ

2118 4485 2423 4548 miserere,
2463 4493 2565 4538 ter.
2657 4481 2863 4537 Gloria.
2935 4483 3002 4537 Et
3075 4499 3240 4541 nunc.
3299 4480 3689 4536 Excelsiorem.

425 4560 542 4616 ἔστι
569 4564 1013 4639 Τεσσαρακοστή·
1046 4570 1138 4623 καὶ
1172 4570 1454 4635 ἀπόλυσις.

2118 4575 2482 4635 Reverentim.
2516 4583 2574 4630 ut
2602 4575 2806 4630 dietum
2839 4583 2946 4641 est,
2980 4575 3024 4629 si
3057 4576 3128 4628 sit
3154 4572 3610 4644 Quadragesima;
3638 4581 3693 4625 et

2117 4661 2264 4718 ﬁnis.

1732 4881 2090 4940 MESORIUM
2129 4884 2406 4946 ,SEXTAE.

497 5101 590 5165 Τὸ,
615 5099 802 5165 Δεῦτε,
839 5105 1331 5176 προσκυνήσωμεν,
1361 5105 1424 5158 ὲκ
1457 5106 1667 5176 τρίτου,
1695 5107 1789 5159 καὶ¹
1813 5109 1841 5158 ὁ
1870 5107 2012 5176 ψαλ-

430 5192 541 5262 μοὶ,
584 5194 614 5244 6
647 5199 750 5262 Vw,
788 5196 1036 5268 Ἐλέησόν
1087 5215 1175 5268 με,
1225 5199 1253 5250 ὁ
1300 5198 1462 5262 Θεὸς,
1511 5198 1732 5270 ἐλέησόν
1787 5217 1876 5270 με,
1925 5201 2008 5253 ὅτι

428 5287 780 5359 κατεπάτησέ
825 5306 896 5359 με
941 5289 1244 5362 ἄνθρωπος.
1289 5291 1398 5344 Καὶ
1445 5293 1473 5344 6
1506 5291 1603 5359 50’,
1644 5294 1700 5345 Ὀ
1749 5293 1882 5355 Θεὸς
1929 5295 2010 5356 εἰς

432 5377 688 5448 βοήθειάν
725 5399 849 5452 μου.

501 5469 656 5537 Δόξα.
686 5473 797 5525 Καὶ
833 5472 948 5527 νῦν.
974 5475 1288 5546 Τρισάγιον·
1314 5477 1567 5547 Παναγία
1599 5479 1790 5549 Τριάς..
1825 5477 2009 5550 Πάτερ

431 5560 590 5633 ἡμῶν
624 5579 639 5594 ’
662 5565 755 5617 καὶ
773 5565 842 5617 τά
889 5566 1132 5637 παρόντα
1161 5570 1454 5642 τροπάρια.

505 5653 709 5720 Σῶσον,
750 5657 944 5727 Κύριε,
979 5659 1070 5714 τδν
1097 5661 1224 5714 λαόν
1277 5680 1390 5728 σου,
1428 5665 1521 5718 καὶ
1568 5661 1862 5735 εὐλόγησον
1912 5663 2008 5736 τὴν

509 5767 587 5840 (α)
614 5765 756 5824 Psal.
781 5787 1011 5841 Lxxwtt,
1042 5771 1097 5840 8,
1121 5773 1173 5829 9.

2179 5107 2308 5164 249.
2350 5106 2565 5172 Venite,
2609 5108 2919 5176 adoremus,
2951 5117 3054 5174 ter,
3084 5118 3139 5162 et
3186 5107 3376 5177 psalmi
3419 5123 3506 5171 LV,
3538 5106 3697 5164 Mise-

2112 5215 2234 5256 rere
2281 5201 2409 5267 mei,
2455 5199 2615 5266 Deus,
2659 5201 2916 5268 quoniam
2965 5201 3304 5255 conculcavit
3360 5217 3445 5253 me
3496 5200 3692 5268 homo;

2113 5307 2226 5359 LVI,
2256 5291 2516 5348 Miserere
2557 5293 2681 5359 mei,
2731 5295 2894 5360 Deus,
2947 5293 3210 5349 miserere
3245 5293 3392 5354 mei._
3420 5293 3488 5348 Et
3534 5309 3694 5362 uix,

2114 5387 2278 5449 Deus,
2317 5386 2369 5439 in
2409 5387 2732 5454 adjutorium
2763 5402 2964 5441 meum.

2187 5477 2391 5534 Gloria.
2441 5481 2508 5535 Et
2543 5494 2703 5534 nunc.
2755 5479 3093 5548 Trisagium:
3123 5479 3476 5534 Sanctisdma
3514 5477 3702 5534 Trini-
3783 5471 3790 5478 ’

2122 5580 2223 5626 tas.
2259 5571 2418 5625 Pater
2465 5580 2664 5639 noster,
2711 5581 2767 5626 et
2815 5570 3096 5641 sequentia
3133 5571 3390 5640 troparia.

2192 5661 2411 5717 Salvum
2455 5664 2541 5718 fac
2569 5663 2840 5734 populum
2883 5671 3055 5729 tuum,
3091 5662 3338 5729 Domine,
3387 5671 3441 5718 et
3477 5661 3702 5722 benetlic
