4076 6226
416 362 655 405 ωοιιιι

1746 347 2272 408 PROLEGOMENA.

420 464 720 520 nmreditati
759 472 862 519 tua:
905 462 1007 536 (al,
1038 465 1292 522 victorias
1330 466 1742 536 imperatoribus
1793 477 1978 522 contra

2085 468 2447 539 κληρονομίαν
2496 485 2612 531 σου,
2681 468 2839 531 νίκας
2910 467 3188 538 βασιλεῦσι
3236 468 3378 523 κατά
3442 468 3661 541 βαρϐά-

420 557 678 612 barbaros
706 558 962 619 concede,
990 564 1045 612 et
1064 566 1211 612 tuum
1234 559 1442 615 custodi
1465 574 1562 629 per
1589 569 1732 613 tuam
1763 573 1978 614 crucem

422 648 727 719 imperium.

559 737 760 794 Gloria.

420 882 425 887 .
492 827 821 885 Sanctorum
864 843 1159 901 cruciatus,
1222 848 1356 903 quos
1408 848 1506 903 pro
1558 841 1611 888 te
1649 835 1793 903 passi
1835 844 1980 901 sunt,

420 919 693 992 absterge,
724 923 983 987 Domine;
1016 934 1070 980 et
1101 928 1313 982 cunctis
1344 926 1543 980 nostris
1584 928 1800 982 medere
1827 928 1979 983 dolo-

422 1013 593 1077 ribus,
625 1028 934 1083 quaesumus
964 1024 1041 1084 te,
1085 1028 1291 1074 amator
1323 1017 1624 1072 hominum.

558 1107 627 1163 Et
655 1123 818 1162 nunc.

492 1198 814 1255 Sanctorum
850 1199 1091 1255 omnium
1159 1215 1226 1257 ae
1284 1200 1525 1271 Deiparae
1552 1202 1825 1271 precibus,
1878 1219 1980 1273 pa-

418 1304 537 1347 cem
570 1300 715 1347 tuam
756 1293 911 1348 nobis
943 1293 1200 1358 concede,
1228 1293 1472 1362 Domine,
1497 1302 1553 1349 et
1588 1295 1848 1351 miserere
1881 1312 1977 1352 no-

416 1384 537 1451 stri,
569 1384 659 1453 qui
683 1383 829 1439 solus
854 1384 1167 1441 misericors
1198 1398 1278 1439 es.

484 1477 609 1534 250.
638 1478 885 1546 Domine,
948 1478 1233 1543 miserere,
1286 1477 1634 1549 quadragies.
1680 1478 1886 1535 Gloria.
1914 1479 1982 1535 Et

417 1585 581 1627 nunc.
622 1571 1008 1627 Excelsiorem.
1065 1571 1121 1626 ln
1181 1572 1401 1627 nomine
1458 1571 1690 1639 Domini,
1732 1573 1980 1639 benedic,

417 1660 597 1716 Pater.
630 1660 934 1718 Sacerdos:
971 1661 1072 1718 Per
1098 1678 1306 1732 preces.
1356 1663 1560 1718 Deinde
1590 1664 1819 1720 facimus
1869 1673 1982 1719 tres

418 1753 654 1821 majores
686 1755 1016 1814 reverentius
1036 1799 1050 1821 ,
1082 1765 1137 1810 et
1164 1757 1529 1824 precationem
1559 1756 1615 1811 S.
1643 1755 1874 1824 Ephrem
1900 1757 1981 1811 di-

2088 576 2197 629 ρων
2228 559 2587 630 δωρούμενος,
2621 559 2798 612 καὶτὸ
2832 557 2923 612 σὺν
2955 559 3234 629 φυλάττων
3264 560 3351 614 διὰ
3378 559 3471 613 τοῦ
3498 578 3665 614 σταυ-

2085 649 2177 721 ροῦ
2200 667 2293 703 σου
2318 649 2639 723 πολίτευμα.
3426 652 3429 657 ’

2220 741 2374 807 Δόξα.

2154 836 2266 899 Τὰς
2296 836 2597 908 ἀλγηδόνας
2655 835 2764 889 τῶν
2829 834 3023 903 ἁγίων,
3043 833 3110 899 ἃς
3136 835 3275 905 ὑπὲρ
3309 831 3406 888 σοῦ
3432 833 3655 901 ἔπαθον,

2079 926 2457 997 δυσωπήθητι,
2488 927 2681 996 Κύριε,
2718 925 2812 979 καὶ
2840 924 3020 988 πάσας
3042 927 3075 997 ἡ
3086 924 3203 996 μῶν
3230 923 3328 987 τὰς
3351 924 3539 987 ὀδύνας
3565 923 3656 977 ῐα-

2082 1031 2193 1080 σαι,
2228 1015 2596 1086 φιλάνθρωπε,
2626 1015 2880 1087 δεόμεθα.

2209 1105 2318 1159 Kal
2365 1104 2480 1158 νῦν.

2154 1198 2232 1269 Τῇ
2267 1196 2552 1269 πρεσϐείᾳ,
2578 1196 2772 1269 Κύριε,
2822 1197 3041 1251 πάντων
3083 1195 3193 1250 τῶν
3217 1195 3407 1264 ἁγίων,
3436 1193 3529 1248 καὶ
3554 1197 3659 1265 τῆς

2080 1288 2363 1351 Θεοτόκου,
2417 1288 2508 1358 τὴν
2564 1288 2662 1359 σὴν
2715 1290 2939 1361 εἰρήνην
2980 1288 3069 1353 δὺς
3110 1289 3261 1360 ἡμῖν,
3309 1288 3404 1340 καὶ
3435 1286 3655 1357 ἐλέησον

2080 1382 2251 1451 ἡμᾶς,
2277 1380 2352 1443 ὡς
2382 1380 2540 1450 μόνος
2568 1380 2888 1450 οἰκτίρμων.
2935 1398 2956 1432 ι

2154 1470 2249 1535 Τὸ,
2296 1469 2491 1542 Κύριε,
2567 1469 2813 1541 ἐλέησον,
2842 1476 2914 1541 μ’.
2945 1471 3101 1535 Δόξα.
3143 1470 3251 1523 Kal
3283 1468 3399 1524 νῦν.
3430 1470 3541 1541 Τὴν
3571 1487 3659 1523 τι·

2086 1540 2401 1631 μιωτέρανξ
2448 1540 2537 1612 Ἑν
2588 1540 2808 1630 ὀνόματι
2846 1540 3057 1631 Κυρίου
3105 1559 3417 1629 εὐλόγησον,
3450 1540 3658 1630 Πάτερ.

2095 1651 2153 1704 '0
2207 1650 2403 1722 ἱερεύς·
2446 1652 2523 1704 Δι’
2571 1649 2764 1720 εὐχῶν.
2811 1646 2944 1703 Εἶτα
2980 1650 3242 1720 ποιοῦμεν
3280 1650 3379 1713 τὰς
3418 1648 3659 1721 μεγάλας

2082 1747 2232 1815 τρεῖς
2284 1742 2594 1815 μετανοίας,
2647 1742 2785 1813 μετά
2820 1743 2913 1797 καὶ
2940 1743 3039 1813 τῆς
3067 1742 3234 1813 εὐχῆς
3270 1741 3366 1795 τοῦ
3398 1741 3543 1794 ὁσίου
3571 1741 3662 1792 Ἐ-

419 1844 615 1909 cimus,
664 1859 726 1900 ac
753 1844 1011 1901 continuo
1041 1859 1357 1917 sequentem
1410 1848 1592 1903 Basilii
1626 1849 1806 1918 magni
1852 1864 1982 1904 ora-

2087 1837 2287 1910 φραῒμ,
2318 1839 2413 1892 καὶ
2462 1835 2624 1901 εὐθὺς
2661 1837 2759 1908 τὴν
2794 1836 3073 1909 παροῦσαν
3103 1837 3266 1907 εὐχὴν
3293 1834 3389 1889 τοῦ
3423 1834 3659 1907 μεγάλου

416 1933 618 1989 tionem
650 1955 664 1990 :

488 2022 654 2088 Deus,
686 2033 1014 2095 potestatum
1058 2024 1327 2091 Domine,
1381 2025 1666 2096 omnisque
1735 2025 1980 2081 conditor

416 2124 708 2180 creaturae,
739 2116 829 2184 qui
880 2130 975 2184 per
1003 2116 1436 2186 incomparabilis
1466 2116 1847 2171 misericordiae
1878 2126 1981 2171 tuae

415 2203 631 2258 viscera
657 2243 673 2269 ,
703 2204 900 2259 Filium
949 2214 1098 2281 tnqm
1144 2205 1480 2275 unigenitum
1505 2246 1523 2272 ,
1554 2204 1838 2260 Dominum
1885 2221 1983 2261 no-

415 2306 589 2348 strum
639 2292 824 2350 Jesum
873 2294 1149 2351 Christum
1205 2311 1304 2365 pro
1353 2295 1527 2351 salute
1558 2297 1729 2351 nostri
1768 2299 1982 2367 generis

416 2386 645 2451 misisti;
679 2395 735 2442 et
767 2401 860 2455 per
901 2386 1260 2442 venerandam
1292 2389 1461 2457 ipsius
1513 2404 1728 2444 crucem
1780 2389 1980 2444 discer-

414 2478 571 2548 psisti
600 2488 947 2549 peccatorum
987 2489 1294 2535 nostrorum
1326 2481 1781 2551 chirographum;
1809 2481 1981 2550 deque

415 2569 751 2647 principibus
798 2584 863 2625 ac
914 2571 1273 2640 potestatibus
1338 2573 1684 2626 tenebrarum
1743 2575 1798 2626 in
1862 2574 1982 2641 ipso

416 2658 759 2728 triumphasti
795 2678 809 2714 :
849 2669 902 2714 tu
938 2660 1079 2716 idem
1106 2701 1123 2726 ,
1172 2662 1398 2717 Domine
1451 2661 1681 2732 benigne
1709 2702 1727 2728 ,
1769 2663 1982 2731 suscipe

416 2751 514 2806 bas
537 2761 750 2805 nostras
778 2760 1120 2817 peccatorum
1140 2753 1439 2816 orationes,
1465 2768 1600 2822 quas
1638 2752 1730 2807 tibi
1755 2762 1808 2807 et
1838 2755 1980 2822 grati

414 2854 471 2898 et
494 2842 762 2912 supplices
793 2840 1104 2909 oderimus;
1135 2854 1190 2899 et
1220 2844 1389 2899 libera
1424 2860 1523 2901 nos
1559 2846 1627 2900 ab
1652 2847 1798 2899 omni
1823 2846 1979 2915 gravi

415 2946 479 2989 ac
516 2931 852 2986 tenebricoso
885 2930 1034 3000 lapsu
1064 2970 1080 2996 ,
1113 2941 1165 2986 ct
1198 2933 1265 2986 ab
1297 2932 1546 2987 omnibus
1574 2970 1591 2996 ,
1629 2934 1721 2990 aui
1762 2948 1860 2987 nos
1892 2933 1983 2987 la:-

415 3023 546 3077 dere
576 3022 924 3083 meditantur,
958 3022 1197 3077 inimicis
1251 3022 1557 3078 visibilibns
1609 3033 1666 3079 et
1698 3025 1976 3079 invisibili-

413 3113 538 3180 bus,
565 3112 992 3182 eonﬁge~timore
1018 3123 1110 3167 tuo
1143 3128 1337 3169 carnes
1375 3125 1607 3179 nostras,
1633 3124 1688 3170 et
1715 3131 1782 3171 ne
1811 3117 1981 3172 decli-

2082 1930 2360 1984 Βασιλείου
2382 1947 2398 1962 ο

2154 2022 2255 2075 Θεὲ
2292 2023 2387 2075 καὶ
2424 2019 2597 2092 Κύριε
2638 2019 2747 2073 τῶν
2769 2019 3076 2090 δυνάμεων,
3108 2019 3202 2072 καὶ
3230 2018 3412 2089 πάσης
3428 2018 3663 2081 κτίσεως

2080 2112 2402 2184 δημιουργὲ,
2427 2113 2456 2165 ὁ
2482 2109 2571 2165 διὰ
2596 2112 2878 2181 σπλάγχνα
2893 2111 3212 2164 ἀνεικάστου
3245 2109 3427 2172 ὲλέους
3449 2125 3541 2162 σου
3567 2108 3661 2163 τὸν

2085 2204 2345 2276 μονογενῆ
2376 2220 2468 2257 σου
2501 2204 2650 2271 Υίὸν,
2697 2204 2789 2257 τὸν
2821 2202 3024 2273 Κύριον
3070 2204 3103 2272 ἡ
3114 2201 3231 2272 μῶν
3290 2201 3496 2272 Ἰησοῦν
3521 2201 3659 2269 Χρι-

2081 2289 2204 2344 στὸν
2248 2290 2610 2361 καταπέμψας
2658 2291 2749 2344 ἐπὶ
2801 2291 3046 2362 σωτηρίᾳ
3089 2288 3185 2344 τοῦ
3230 2289 3423 2359 γένους
3477 2289 3658 2360 ἡμῶν,

2082 2381 2175 2435 καὶ
2199 2380 2286 2434 διὰ
2314 2381 2407 2434 τοῦ
2432 2382 2614 2451 τιμίου
2631 2380 2795 2435 αὐτοῦ
2815 2381 3049 2454 σταυροῦ
3078 2380 3138 2434 τὸ
3163 2380 3526 2452 χειρόγραφον
3548 2379 3665 2433 τῶν

2081 2472 2364 2543 ἁμαρτιῶν
2386 2473 2540 2544 ἡμῶν
2567 2471 2884 2545 διαρρήξας,
2912 2475 3008 2527 xal
3041 2472 3411 2545 θριαμϐεύσας
3430 2474 3489 2525 ὲν
3512 2471 3665 2542 αὐτῷ

2078 2563 2177 2628 τὰς
2204 2564 2380 2636 ἀρχὰς
2410 2566 2506 2621 καὶ
2538 2566 2785 2633 ἐξουσίας
2808 2565 2903 2619 τοῦ
2940 2566 3183 2630 σκότους·
3211 2565 3395 2631 αὐτὸς,
3417 2565 3663 2618 Δέσποτα

2084 2656 2460 2728 φιλάνθρωπε,
2520 2658 2814 2729 πρόσδεξαι
2843 2659 2937 2712 καὶ
2968 2659 3127 2730 ἡμῶν
3163 2657 3273 2711 τῶν
3322 2655 3663 2729 ἁμαρτωλῶν

2081 2747 2182 2812 τὰς
2223 2749 2677 2822 εὐχαριστηρίους
2706 2749 2908 2813 ταύτας
2930 2751 3025 2803 καὶ
3050 2750 3355 2821 ἱκετηρίους
3369 2749 3662 2815 ἐντεύξεις

2081 2841 2175 2895 καὶ
2203 2839 2364 2912 ῥῦσαι
2411 2842 2558 2913 ἡμᾶς
2603 2841 2710 2896 ἀπὸ
2747 2842 2945 2906 παντὸς
2969 2841 3211 2914 ὀλεθρίου
3252 2843 3346 2895 καὶ
3388 2838 3663 2895 σκοτεινοῦ

2083 2932 2549 3004 παραπτώματος,
2597 2934 2692 2989 καὶ
2727 2934 2945 2987 πάντων
2978 2933 3087 2988 τῶν
3121 2932 3369 2987 κακῶσαι
3395 2934 3545 3003 ἡμᾶς
3567 2930 3668 3003 ζη-

2082 3023 2338 3088 τούντων,
2359 3023 2570 3096 ὁρατῶν
2594 3025 2689 3077 καὶ
2721 3025 2965 3097 ἀοράτων
2994 3023 3223 3095 ἐχθρῶνι
3255 3022 3570 3092 καθήλωσον
3599 3023 3667 3075 ὲκ

2082 3114 2177 3168 τοῦ
2211 3115 2376 3184 φόϐου
2403 3133 2495 3169 σου
2523 3116 2621 3180 τὰς
2641 3117 2851 3186 σάρκας
2874 3117 3051 3187 ἡμῶν,
3072 3116 3164 3169 καὶ
3194 3115 3266 3186 μὴ
3292 3114 3544 3185 ἐκκλίνῃς
3565 3113 3668 3175 τὰς

416 3219 487 3263 na
519 3204 683 3259 corda
704 3204 963 3259 nostrain
1008 3220 1286 3261 sermones
1312 3205 1398 3260 vel
1426 3206 1781 3275 cogitationes
1826 3208 1982 3262 mali-

2084 3208 2309 3278 καρδίας
2342 3207 2499 3279 ἡμῶν
2533 3210 2614 3270 είς
2646 3207 2838 3276 λόγους
2862 3186 3010 3278 ἢίίείς
3035 3207 3329 3277 λογισμοὺς
3376 3204 3665 3275 πονηρίαςο

415 3294 544 3361 tiae;
577 3295 672 3348 sed
701 3293 775 3349 tui
805 3309 992 3350 amore
1025 3305 1245 3351 nostras
1291 3298 1504 3352 animas
1535 3298 1780 3363 vulnera.
1819 3309 1876 3356 ut
1914 3303 1983 3357 ad

417 3392 474 3440 te
504 3399 720 3455 semper
751 3386 1086 3453 anhelemus,
1115 3397 1172 3443 et
1199 3397 1288 3442 tuo
1315 3388 1464 3445 ducti
1514 3390 1734 3456 lumine,
1780 3400 1852 3459 te,
1901 3393 1985 3446 in-

418 3489 695 3530 accessam
747 3485 1112 3546 mternamque
1150 3478 1349 3544 lucem,
1400 3480 1739 3546 intueamur;
1770 3493 1824 3537 et
1865 3480 1982 3553 jngi

420 3566 761 3622 confessione
784 3583 1006 3639 agamus
1029 3570 1125 3624 tibi
1148 3571 1372 3640 gratias,
1413 3572 1654 3642 ingenito
1680 3573 1831 3628 Patri
1860 3590 1983 3629 cum

419 3666 513 3712 tuo
558 3658 831 3728 unigenito
874 3657 1050 3725 Filio.
1087 3669 1143 3715 et
1170 3670 1359 3717 sancto
1402 3662 1651 3732 bonoque
1679 3679 1744 3718 ac
1770 3664 1985 3718 vivilico

421 3755 513 3799 tuo
547 3745 778 3814 Spiritu,
799 3762 944 3804 nunc
980 3758 1035 3803 et
1064 3763 1300 3819 semper,
1331 3758 1387 3804 et
1421 3750 1474 3803 in
1522 3749 1723 3805 saacula
1753 3750 1983 3807 saeculo-

419 3852 562 3892 rum.
590 3838 784 3894 Amen.

494 4015 593 4083 Si,
646 4015 792 4071 Deus
854 4016 1148 4083 Dominus,
1204 4025 1481 4073 cantatum
1537 4018 1732 4084 fuerit,
1792 4019 1983 4074 recita-

421 4121 546 4162 mus
586 4108 798 4179 typica;
833 4109 916 4164 sin
943 4118 1123 4164 autem
1172 4109 1422 4175 Alleluia,
1450 4124 1515 4167 ea
1542 4111 1699 4168 dill‘er
1728 4121 1846 4182 post
1871 4110 1980 4166 No-

423 4213 569 4254 nam.

2080 3298 2215 3352 ἀλλὰ
2267 3298 2346 3369 τῷ
2396 3299 2545 3370 πόθῳ
2579 3317 2673 3353 σου
2708 3301 2917 3372 τρῶσον
2952 3298 3110 3371 ἡμῶν
3161 3298 3260 3363 τὰς
3304 3297 3503 3368 ψυχὰς,
3552 3295 3663 3353 ἵνα.

2082 3391 2218 3463 πρὸς
2270 3391 2330 3443 σὲ
2378 3392 2667 3456 διαπαντὸς
2717 3392 3074 3455 ἀτενίζοντες,
3121 3388 3328 3460 καὶτῷ
3374 3388 3523 3460 παρὰ
3568 3384 3665 3440 σοῦ

2081 3482 2220 3550 φωτὶ
2260 3480 2633 3551 ὁδηγούμενοι,
2667 3481 2726 3534 σὲ
2758 3482 2819 3534 τὸ
2871 3481 3163 3553 ἀπρόσιτον
3194 3482 3288 3534 καὶ
3343 3481 3509 3533 ἀΐδιον
3532 3495 3667 3532 κατ-

2080 3570 2401 3636 οπτεύοντες
2438 3571 2573 3641 φῶς,
2603 3572 3023 3626 ἀκατάπαυστόν
3050 3589 3131 3628 σοι
3157 3572 3255 3643 τὴν
3281 3570 3666 3641 ἐξομολόγησιν

2079 3662 2174 3716 καὶ
2205 3663 2553 3735 εὐχαριστίαν
2572 3665 3005 3736 ἀναπέμπωμεν,
3024 3664 3102 3735 τῷ
3117 3666 3335 3736 ἀνάρχῳ
3349 3664 3542 3735 Πατρὶ,
3568 3662 3667 3715 σὺν

2080 3753 2158 3824 τῷ
2187 3760 2466 3825 μονογενεῖ
2499 3772 2590 3811 σου
2635 3757 2770 3828 Υῐῷ,
2806 3759 2899 3812 καὶ
2930 3758 3007 3828 τῷ
3051 3758 3301 3829 παναγίῳ
3343 3757 3437 3812 καὶ
3478 3752 3668 3826 ἀγαθῷ

1962 3896 1969 3903 .
2083 3846 2178 3899 καὶ
2211 3846 2458 3918 ζωοποιῷ
2480 3866 2572 3901 σου
2604 3848 2902 3919 Πνεύματι,
2931 3848 3027 3901 νῦν
3054 3849 3149 3903 καὶ
3169 3848 3277 3912 ἀεὶ,
3308 3847 3404 3900 καὶ
3433 3847 3515 3909 εἰς
3536 3846 3668 3909 τοὺς

2090 3933 2294 3998 αἰῶνας
2313 3936 2420 3990 τῶν
2454 3938 2686 3992 αἰώνων.
2728 3939 2918 4008 Ἀμην.

2155 4027 2269 4079 Kal
2300 4030 2349 4080 εί
2387 4029 2507 4099 μὲν,
2542 4028 2672 4092 Θεὸς
2731 4028 2954 4101 Κύριος,
3012 4028 3228 4099 ἔψαλτο,
3257 4026 3326 4080 τὰ
3363 4025 3563 4080 τυπικά
3582 4024 3667 4078 λέ-

2089 4132 2277 4186 γομενο
2306 4119 2356 4170 εί
2387 4120 2445 4172 δὲ
2488 4119 2824 4191 Ἀλληλούϊα,
2859 4119 3094 4193 ὐπὲρθες
3114 4119 3254 4177 αὐτὰ
3289 4118 3425 4190 μετὰ
3453 4117 3551 4188 τὴν
3578 4116 3668 4168 ὲνε

2087 4207 2253 4278 νάτην
2278 4207 2445 4279 ὥραν.

1940 4446 2148 4503 NONA.

492 4644 619 4701 251.
654 4644 783 4702 Post
806 4642 1166 4707 Benedictus,
1218 4643 1333 4698 Rex
1373 4643 1633 4709 caelestis,
1664 4642 1982 4715 Trisagium1

2166 4650 2319 4706 Μετά
2354 4652 2433 4716 τὸ,
2484 4652 2811 4723 Εὐλογητὸς,
2836 4649 3069 4703 Βασιλεῦ
3098 4649 3333 4720 οὐράνιε,
3358 4646 3669 4718 Τρισάγιον,

425 4738 776 4794 Sanctissima
822 4736 1060 4791 Trinitas
1084 4774 1101 4800 ,
1149 4735 1309 4791 Pater
1352 4746 1559 4800 noster,
1599 4736 1859 4803 Domine,
1892 4741 1994 4792 mi-

425 4843 630 4895 serere,
673 4827 983 4892 duodecies,
1012 4826 1227 4892 Venite,
1276 4826 1587 4889 adoremus,
1632 4836 1747 4895 ter;
1798 4827 1990 4883 dicun-

426 4929 518 4975 tur
557 4918 749 4991 psalmi
785 4933 1016 4983 Lxxxm,
1064 4917 1236 4984 Quam
1284 4917 1477 4973 dilecta
1532 4917 1903 4981 tabernacula,
1938 4925 1994 4973 et

425 5027 648 5076 txxxrv,
698 5010 1065 5074 Benedixisti,
1109 5009 1351 5076 Domine,
1400 5020 1638 5074 terram,
1668 5017 1723 5064 et
1754 5025 1993 5074 LLxxxv,

2093 4742 2343 4811 Παναγία
2368 4744 2555 4816 Τριὰς,
2583 4743 2767 4815 Πάτερ
2785 4743 2961 4814 ἡμῶν,
2983 4741 3175 4811 Κύριε,
3200 4739 3442 4808 ἐλέησον,
3467 4737 3554 4807 ιβ’,
3582 4737 3671 4802 τὸ,

2093 4832 2277 4899 Δεῦτε,
2302 4838 2788 4907 προσκυνήσωμεν,
2826 4837 2892 4889 ἐκ
2923 4832 2992 4904 γ’.
3039 4829 3172 4887 Εἶτα
3196 4831 3456 4901 ὁψαλμὸς
3490 4831 3520 4882 ὁ
3557 4835 3670 4898 πγ”

2106 4928 2194 4981 Ὢδ
2224 4927 2488 4998 ἀγαπητὰ
2519 4928 2588 4982 τὰ
2618 4928 2953 5001 σκηνώματα
2973 4945 2987 4958 ·
3015 4928 3109 4980 καὶ
3136 4928 3166 4980 ὁ
3190 4926 3297 4985 πεδ’,
3331 4923 3670 4994 Εὐλόγησας,

2096 5018 2290 5090 Κύριε,
2333 5017 2431 5089 τὴν
2477 5020 2614 5090 γῆν·
2659 5020 2756 5073 καὶ
2812 5025 2916 5081 πε’,
2968 5018 3182 5082 Κλϊνον,
3233 5014 3427 5087 Κύριε,
3466 5013 3528 5067 τὸ
3577 5009 3674 5077 οὖς

428 5104 652 5168 Inclina,
681 5101 933 5166 Domine,
959 5115 1143 5156 aurem
1174 5109 1342 5155 tuam.
1371 5100 1576 5156 Dicitur
1602 5111 1783 5156 autem
1816 5101 1982 5156 ultimi

2106 5126 2218 5163 σου.
2251 5108 2439 5176 Πάλιν,
2471 5110 2705 5180 Ποίησον
2733 5110 2849 5180 μετ’
2882 5106 3016 5179 ἐμοῦ

429 5199 589 5269 hujus
620 5194 808 5266 psalmi
857 5194 1153 5249 versiculus
1175 5193 1278 5248 bis.
1311 5191 1420 5248 Fac
1448 5207 1678 5247 mecum.

498 5287 703 5344 Gloria.
731 5285 799 5340 Et
827 5299 989 5347 nunc.
1047 5282 1302 5349 Alleluia,
1364 5292 1465 5338 ter.
1502 5282 1748 5345 Domine,
1774 5282 1997 5338 misere-

2174 5287 2328 5355 Δόξα.
2370 5288 2481 5343 Kal
2509 5287 2624 5342 νῦν.
2679 5285 3012 5358 Ἀλληλούῖα,
3056 5286 3121 5339 ἐκ
3167 5291 3236 5352 γ’.
3290 5274 3488 5353 Κύριε,
3519 5278 3678 5349 ἐλέη-

430 5393 512 5444 re,
549 5388 652 5433 ter.
688 5377 756 5432 Et
792 5376 838 5431 si
869 5376 1068 5430 dictum
1097 5371 1281 5440 fuerit,
1310 5372 1453 5428 Deus
1478 5371 1754 5437 Dominus,
1785 5371 1982 5427 accine:

2108 5397 2220 5445 σον,
2250 5387 2320 5449 γ’.
2348 5382 2459 5435 Kal
2491 5381 2538 5434 εἰ
2567 5380 2667 5452 μὲν
2725 5379 2857 5444 Θεὸς
2900 5378 3106 5449 Κύριος
3131 5375 3347 5446 ἔψαλτο,
3370 5373 3599 5445 ἀπᾴσεις
3612 5371 3676 5424 τδ

432 5469 537 5526 diei
564 5468 898 5538 troparium;
929 5467 1012 5523 sin
1034 5476 1215 5522 autem
1252 5465 1501 5534 Alleluia,
1532 5464 1824 5540 troparium
1855 5466 1982 5536 quor

2105 5472 2206 5541 τῆς
2233 5473 2446 5545 ἡμέρας
2491 5472 2805 5544 τροπάριον·
2844 5471 2899 5529 εί
2923 5469 2984 5529 δὲ
3036 5466 3373 5543 Ἀλληλούῖα,
3410 5463 3476 5522 τὸ,
3500 5460 3675 5534 παρὸν

434 5560 521 5621 hic
548 5560 786 5629 ponitur,
822 5568 949 5613 touo
985 5558 1204 5630 obliquo
1230 5558 1284 5618 4.

350 5746 357 5751 -
414 5728 424 5759 ι

503 5766 587 5843 ες),
615 5765 751 5821 Psal.
786 5781 953 5834 urit,
984 5766 1042 5825 9.

2106 5564 2185 5626 είς
2212 5558 2344 5637 ἦχον
2384 5561 2473 5617 πλ.
2506 5562 2572 5619 δ’.
