4076 6226
1546 319 1942 374 ΑΟΟιυΤΗΙᾹ
1983 319 2318 376 TRli‘LlClS
2356 320 2576 376 FESTI.

3437 338 3698 378 CCCLX!!!

555 437 596 486 υ
653 434 712 487 ὲν
772 437 841 507 τῇ
867 435 1064 509 ἐννάτῃ
1114 435 1232 508 ὥρᾳ
1273 435 1339 489 δι’
1384 437 1530 508 ἡμᾶς
1597 439 1760 509 σαρκὶ
1797 439 1994 492 θανὰτο

2203 438 2303 506 Qui
2373 441 2507 495 liora
2550 456 2688 495 nona
2758 456 2855 511 pro
2903 442 3058 496 nobis
3113 450 3342 496 mortem
3401 447 3696 504 secundum

454 525 806 596 γευσάμενος,
835 527 1108 598 νέκρωσον
1123 530 1221 599 τῆς
1245 529 1442 600 σαρκὸς
1477 518 1630 598 ἡμῶν
1662 529 1722 581 τὸ
1751 530 2024 600 φρόνημα,

460 617 662 686 Χριστὲ
691 620 719 670 6
743 617 876 681 Θεὸς
905 618 1085 690 ἡμῶν,
1127 621 1219 672 καὶ
1246 621 1416 673 σῶσον
1445 624 1476 691 ἡ
1488 622 1592 690 μᾶς

1066 712 1312 764 ΣΤΙΧΟΣ
1355 718 1424 764 α’.

534 801 838 868 Ἐγγισάτω
881 804 914 874 ἡ
961 803 1141 873 δέησις
1209 821 1312 875 μου
1381 803 1612 858 ἐνώπιόν
1649 821 1763 871 σου,
1827 805 2020 878 Κύριε,

453 895 591 948 κατὰ
617 895 676 948 τὸ
707 894 883 964 λόγιόν
914 913 1005 950 σου
1045 897 1204 969 ῥῦσαί
1241 913 1330 967 με.

1061 1079 1304 1130 ΣτιΧοΣ
1347 1078 1413 1148 β’.

517 1167 759 1221 Εξσέλθοι
787 1169 845 1222 τὸ
870 1171 1086 1241 ἀξίωμά
1135 1189 1234 1242 μου
1294 1171 1522 1226 ἐνώπιόν
1550 1191 1664 1237 σου,
1698 1173 1892 1246 Κύριε,
1927 1193 2018 1228 κα-

445 1255 513 1310 τὰ
546 1258 604 1310 τὸ
627 1258 806 1327 λόγιόν
831 1277 924 1312 σου
959 1260 1120 1330 ῥῦσαί
1151 1280 1238 1333 με.

586 1353 744 1418 Δόξα.
779 1355 888 1407 Καὶ
910 1355 1025 1408 νῦν.
1569 1358 1874 1412 Θεοτόκιον.

525 1442 581 1494 ’0
613 1442 678 1494 δι’
723 1445 868 1515 ἡμᾶς
931 1447 1213 1518 γεννηθεὶς
1237 1450 1299 1500 ὲκ
1315 1448 1614 1521 Παρθένου,
1648 1451 1742 1503 καὶ
1769 1449 2014 1520 σταύρω-

445 1549 526 1585 σιν
548 1535 864 1606 ὑπομείνας,
893 1539 1084 1606 ἀγαθέ·
1115 1540 1142 1590 6
1173 1539 1385 1610 θανάτῳ
1407 1541 1497 1593 τὸν
1529 1541 1756 1595 θάνατον
1789 1542 2013 1596 σκυλεύ-

443 1642 560 1689 σας,
618 1629 712 1682 καὶ
745 1627 958 1698 ἔγερσιν
1012 1631 1188 1696 δείξας
1221 1631 1296 1695 ὡς
1325 1633 1477 1697 Θεὸς,
1526 1635 1599 1704 μὴ
1647 1633 1880 1706 παρίδῃς
1919 1636 2012 1698 οὓς

440 1715 679 1782 ἔπλασας
705 1721 770 1789 τῇ
802 1720 946 1790 χειρί
972 1737 1084 1776 σου.
1131 1722 1311 1784 Δεῖξον
1344 1721 1440 1792 τὴν
1467 1721 1874 1793 φιλανθρωπίαν
1893 1740 2007 1787 σου,

2129 547 2346 585 carnem
2378 533 2666 601 degustasti
2699 574 2713 598 ,
2748 533 3010 587 mortifica
3045 533 3096 586 in
3148 532 3302 587 nobis
3348 531 3530 587 carnis
3566 547 3697 602 pro-

2129 621 2394 690 dentiam,
2421 623 2636 678 Christe
2662 623 2801 677 Deus
2834 634 3036 687 noster,
3069 632 3121 678 et
3147 625 3293 678 salva
3328 637 3445 677 nos.

2645 714 3079 772 VEBSICULUS
3130 717 3179 770 1.
3523 775 3528 778 ,

2193 806 2315 862 252.
2362 807 2766 874 Appropinquet
2819 806 3130 872 deprecatio
3181 820 3298 858 mea
3348 806 3400 857 in
3464 818 3694 871 conspe-

2121 902 2208 948 ctu
2243 904 2352 953 tuo.
2391 895 2651 960 Domine;
2679 892 2835 961 juxta
2861 894 3132 964 eloquium
3168 904 3317 947 tuum
3349 893 3415 947 da
3445 891 3578 946 milii
3610 891 3694 944 in-

2123 985 2425 1040 tellectum.

2643 1074 3074 1130 VERSICULUS
3108 1075 3164 1128 2.

2189 1165 2354 1221 Intret
2399 1167 2696 1236 postulatio
2758 1183 2876 1220 mea
2947 1168 2998 1220 in
3029 1175 3321 1233 conspectu
3355 1171 3478 1228 tuo,
3508 1162 3692 1217 Domi-

2118 1271 2206 1320 ne,
2239 1259 2536 1310 secundum
2566 1257 2844 1327 eloquium
2883 1265 3030 1312 tuum
3064 1256 3212 1326 eripe
3246 1270 3351 1309 me.

2257 1348 2463 1403 Gloria.
2500 1350 2565 1403 Et
2594 1365 2756 1405 nunc.
3299 1344 3542 1400 Mariale.

2185 1440 2286 1508 Qui
2319 1457 2416 1511 pro
2448 1443 2603 1497 nobis
2667 1457 2733 1497 ex
2781 1441 3004 1513 Virgine
3053 1440 3266 1508 genitus
3301 1453 3384 1500 es,
3430 1437 3686 1504 benigne.

2115 1543 2172 1590 et
2231 1536 2464 1590 tolerata‘
2493 1536 2674 1590 crucis
2729 1545 2904 1589 morte
2936 1544 3166 1589 mortem
3197 1533 3399 1596 vicisti,
3437 1538 3490 1585 et
3518 1529 3687 1582 veluti

2115 1625 2255 1681 Deus
2280 1667 2295 1691 ,
2325 1628 2707 1682 demonstrasti
2756 1626 3216 1682 resurrectionem
3249 1662 3265 1686 ,
3299 1639 3366 1676 ne
3419 1621 3688 1691 despicias

2113 1733 2250 1786 quos
2284 1735 2446 1773 manu
2478 1730 2564 1774 tua
2602 1719 2882 1785 formasti;
2922 1719 3168 1782 ostende,
3209 1715 3543 1780 misericors,
3592 1711 3686 1765 be-

439 1806 688 1879 ὲλεῆμον.
715 1810 873 1875 Δέξαι
898 1812 996 1882 τὴν
1022 1811 1283 1867 τεκοῦσαν
1301 1830 1358 1866 σε
1374 1813 1652 1878 Θεοτόκον,
1681 1814 1996 1884 πρεσϐεύου-

2115 1812 2458 1884 nelicentiam
2505 1822 2674 1867 tuam.
2707 1811 2934 1880 Suscipe
2984 1818 3130 1864 tuam
3173 1807 3501 1863 Genitricem
3528 1843 3544 1868 ,
3585 1817 3688 1872 pro

439 1915 540 1952 σαν
571 1901 712 1972 ὑπὲρ
741 1903 918 1974 ἡμῶν
963 1905 1057 1958 καὶ
1090 1903 1282 1970 σῶσον,
1320 1904 1696 1978 Σῶτερήμῶν,
1721 1905 1846 1960 λαὸν
1875 1907 2009 1960 ἀπε-

441 1993 774 2063 γνωσμένον.

501 2085 591 2155 Μὴ
606 2085 670 2157 δὴ
729 2086 1024 2159 παραδώῃς
1057 2091 1206 2159 ἡμᾶς
1235 2091 1315 2153 εἰς
1340 2089 1491 2153 τέλος
1513 2090 1600 2144 διὰ
1636 2091 1697 2144 τὸ
1727 2090 1899 2162 ὄνομά
1912 2110 2004 2144 σου

432 2173 494 2228 τὸ
525 2176 698 2244 ἅγιον·
725 2178 820 2232 καὶ
865 2179 938 2250 μὴ
961 2180 1319 2251 διασκεδάσῃς
1346 2181 1445 2252 τὴν
1473 2181 1735 2252 διαθήκην
1766 2200 1879 2241 σου,
1912 2184 2008 2236 καὶ

437 2267 511 2337 μὴ
557 2269 873 2344 ἁποστήσῃς
925 2271 985 2324 τὸ
1013 2273 1158 2336 ἔλεός
1190 2290 1284 2326 σου
1330 2273 1607 2344 ἀφ’ἡμῶν
1638 2274 1707 2326 δι’
1758 2273 2006 2344 Ἀϐραὰμ

431 2359 523 2412 τὸν
560 2361 913 2433 ἠγαπημένον
961 2365 1064 2417 ὑπὸ
1093 2364 1210 2426 σοῦ,
1242 2364 1336 2418 καὶ
1359 2364 1449 2418 διὰ
1492 2366 1674 2419 Ἰσαὰκ
1698 2366 1788 2419 τὸν
1820 2365 2005 2420 δοῦλόν

433 2469 548 2516 σου,
578 2456 671 2507 καὶ
706 2456 920 2527 Ἰσραὴλ
953 2458 1043 2510 τὸν
1061 2458 1213 2526 ἆγιόν
1241 2475 1356 2512 σου.

500 2547 813 2619 Τρισάγιον,
881 2550 1132 2617 Παναγία
1195 2549 1386 2621 Τριὰς,
1435 2551 1617 2622 Πάτερ
1663 2550 1842 2621 ἡμῶν.
1892 2553 2003 2604 Καὶ

429 2643 476 2694 εί
501 2642 599 2712 μὲν
633 2643 776 2697 ἐστιν
801 2643 981 2718 ἑορτὴ,
1003 2645 1126 2714 λέγε
1157 2643 1218 2698 τὸ
1251 2645 1533 2698 κοντάκιον
1568 2644 1755 2714 αὐτῆς·
1778 2645 1826 2696 εἰ
1851 2645 1894 2698 δ’
1917 2642 2001 2709 οὔ,

430 2750 602 2788 ταυτα

492 2915 714 2970 Βλέπων
757 2920 786 2971 6
854 2917 1059 2990 λῃστὴς
1129 2916 1220 2971 τὸν
1277 2916 1519 2988 ἀρχηγὸν
1565 2916 1668 2985 τῆς
1717 2915 1863 2986 ζωῆς
1909 2917 2002 2970 ἐπὶ

425 3010 660 3082 σταυροῦ
719 3011 1065 3082 κρεμάμενον
1119 3011 1324 3080 ἔλεγενο
1380 3012 1442 3063 Εἰ
1480 3011 1554 3081 μὴ
1607 3009 1740 3073 Θεὸς
1789 3010 1999 3081 ὑπῆρχε

2108 1903 2265 1958 nobis
2293 1903 2701 1972 deprecantem;
2730 1912 2782 1958 et
2816 1904 3026 1958 salvum
3063 1903 3166 1966 fac,
3194 1900 3443 1955 Salvator
3472 1906 3681 1962 noster,

2107 1995 2362 2065 populum
2393 1995 2754 2066 proﬂigatum.

2178 2089 2258 2144 Ne
2288 2089 2470 2142 tradas
2500 2103 2600 2142 nos
2621 2088 2670 2142 in
2710 2087 2894 2151 tinem,
2947 2095 3168 2156 propter
3215 2099 3409 2138 nomen
3435 2090 3679 2136 sanctum

2110 2188 2281 2244 tuum,
2317 2187 2372 2233 et
2407 2193 2474 2232 ne
2497 2178 2782 2247 disperdas
2838 2185 3223 2231 testamentum
3287 2184 3455 2237 tuum,
3508 2181 3564 2227 et
3614 2188 3682 2226 ne

2107 2281 2324 2324 avertas
2352 2269 2789 2325 misericordiam
2817 2278 2962 2322 tuam
2995 2283 3026 2322 a
3057 2268 3244 2332 nobis,
3272 2275 3492 2336 propter
3515 2266 3684 2318 Abra-

2108 2365 2228 2419 ham
2265 2363 2517 2417 dileelum
2546 2373 2716 2426 tuum,
2750 2372 2804 2417 et
2831 2370 3052 2431 propter
3080 2360 3231 2414 Isaac
3285 2371 3498 2412 servum
3528 2365 3679 2408 tuum

2106 2464 2158 2508 et
2185 2453 2346 2506 Israel
2373 2462 2618 2506 sanctum
2644 2461 2818 2506 tuum.
3583 2496 3593 2508 ,

2174 2547 2301 2602 9.55.
2362 2545 2700 2616 Trisagium,
2762 2543 3120 2598 Sanctissima
3181 2539 3454 2603 Trinitas,
3517 2537 3681 2590 Pater

2105 2652 2310 2694 noster.
2391 2640 2494 2705 Et,
2551 2641 2595 2693 si
2640 2640 2756 2694 dies
2814 2637 2986 2691 festus
3044 2636 3158 2699 sit,
3227 2634 3316 2687 die
3373 2632 3488 2699 eius
3542 2645 3676 2683 con-

2103 2733 2335 2798 tacium;
2391 2733 2436 2787 si
2481 2741 2660 2788 autem
2703 2731 3006 2785 contacium
3055 2743 3158 2780 non
3217 2727 3308 2790 sit,
3347 2725 3461 2778 [nec
3491 2723 3679 2777 dican-

2103 2834 2188 2880 tur
2220 2843 2234 2880 :

2174 2917 2374 2972 V'idens
2437 2916 2581 2970 latro
2621 2925 2898 2970 auctorem
2927 2914 3050 2966 vitae
3081 2912 3405 2981 pendentem
3433 2923 3464 2962 e
3493 2923 3675 2969 cruce,

2102 3009 2274 3064 dixit:
2313 3008 2369 3062 Si
2401 3024 2506 3064 non
2539 3017 2682 3064 esset
2711 3021 2932 3062 carnem
2966 3004 3188 3058 indutus
3218 3001 3378 3065 Deus,
3427 2999 3519 3068 qui
3579 3012 3677 3051 no-

426 3103 729 3173 σαρκωθεὶς
770 3105 798 3155 6
834 3105 930 3157 σὺν
973 3104 1102 3174 ἡμῖν
1143 3101 1498 3173 σταυρωθεὶς,
1528 3101 1628 3154 οὐκ
1666 3099 1732 3154 ἂν
1767 3101 1796 3153 6
1851 3101 1996 3172 ἥλιος

2102 3103 2310 3157 biscum
2366 3103 2420 3156 in
2478 3116 2697 3155 crucem
2744 3111 2900 3154 actus
2926 3106 3035 3157 est,
3077 3111 3182 3150 non
3209 3092 3567 3150 absconderet
3597 3090 3677 3144 soi

423 3191 519 3256 τὰς
541 3194 760 3256 ἀκτῖνας
786 3191 1180 3262 ὲναπέκρυψεν,
1206 3192 1323 3244 οὐδὲ
1345 3195 1377 3262 ἡ
1405 3193 1474 3260 γῆ
1499 3191 1748 3261 σειομένη
1777 3192 2000 3260 ὲκυμαί-

423 3297 562 3334 νετο·
601 3283 716 3336 ἀλλ’
745 3283 773 3334 6
798 3283 1014 3336 πάντων
1041 3281 1388 3352 ἀνεχόμενος,
1426 3282 1696 3353 μνήσθητί
1733 3299 1858 3352 μου,
1886 3282 2000 3336 Κύ-

425 3390 528 3444 ριε,
559 3374 615 3426 ὲν
636 3376 702 3444 τῇ
729 3373 974 3446 βασιλείᾳ
995 3391 1107 3428 σου.

559 3465 713 3531 Δόξα.

500 3555 589 3608 Ἐν
634 3555 784 3627 μέσῳ
827 3556 920 3610 δύο
978 3557 1190 3628 λῃστῶν
1217 3557 1380 3624 ζυγὸς
1408 3557 1756 3628 δικαιοσύνης
1796 3558 1994 3630 εὑρέθη

419 3648 449 3702 ὁ
477 3650 706 3719 σταυρός
741 3665 854 3702 σουο
895 3649 990 3702 τοῦ
1050 3653 1146 3720 μὲν
1199 3651 1570 3721 καταγομένου
1618 3654 1698 3714 εἰς
1740 3651 1870 3722 ᾅδην
1920 3651 1996 3721 τῷ

422 3735 575 3808 βάρει
603 3737 967 3809 βλασφημίας*
1003 3737 1096 3791 τοῦ
1127 3739 1181 3790 δὲ
1217 3739 1604 3809 κουφιζομένου
1636 3739 1994 3810 πταισμάτων

419 3830 554 3902 πρὸς
573 3830 770 3899 γνῶσιν
808 3830 1104 3900 θεολογίας.
1131 3831 1332 3902 Χριστὲ
1371 3833 1398 3882 6
1426 3831 1575 3894 Θεὸς,
1600 3832 1724 3896 δόξα
1757 3849 1859 3885 σοι.

558 4010 668 4065 Καὶ
698 4008 812 4062 νῦν.

486 4101 590 4155 Τὸν
624 4102 839 4171 Ἀμνὸν,
887 4103 980 4156 καὶ
1035 4100 1299 4172 Ποιμένα,
1346 4100 1440 4154 καὶ
1503 4101 1734 4172 Σωτῆρα
1771 4100 1864 4154 τοῦ
1908 4103 1994 4156 κό-

419 4209 574 4264 σμου,
620 4194 676 4245 ἐν
705 4192 780 4263 τῷ
820 4192 1032 4263 σταυρῷ
1067 4191 1347 4264 θεωροῦσα
1377 4196 1407 4264 ἡ
1446 4193 1700 4258 τεκοῦσα,
1727 4193 1878 4262 ἔλεγε
1906 4195 1994 4247 δα-

416 4283 678 4354 κρύουσαο
722 4285 777 4337 '0
811 4284 909 4354 μὲν
956 4285 1158 4354 κόσμος
1193 4284 1504 4352 ἀγάλλεται,
1555 4285 1840 4356 δεχόμενος
1893 4285 1991 4356 τὴν

415 4373 702 4446 λύτρωσινο
747 4374 818 4428 τὰ
854 4375 909 4428 δὲ
964 4374 1244 4445 σπλάγχνα
1291 4393 1393 4445 μου
1431 4376 1738 4445 φλέγονται,
1778 4375 1990 4448 ὁρώσης

2107 3194 2289 3249 radios
2322 3208 2448 3248 suos
2477 3233 2493 3258 ,
2527 3206 2704 3261 neque
2735 3205 2994 3246 succussa
3033 3200 3176 3242 terra
3228 3186 3555 3241 ﬂuctuaret:
3591 3199 3676 3237 er-

2101 3303 2170 3357 go
2199 3286 2288 3356 qui
2317 3287 2434 3341 haec
2461 3294 2655 3341 cuncta
2683 3283 2945 3347 sustines,
2979 3291 3254 3335 memento
3285 3279 3388 3333 mei
3427 3279 3478 3332 in
3513 3293 3676 3347 regno

2103 3393 2216 3436 tuo.

2239 3470 2444 3527 Gloria.

2169 3561 2225 3615 lu
2272 3562 2450 3616 medio
2489 3560 2761 3614 latronmn
2813 3557 2914 3611 fuit
2981 3571 3111 3611 crux
3159 3565 3283 3621 tua,
3315 3553 3476 3607 veluti
3539 3552 3676 3606 libra

2092 3652 2356 3722 justitizn;
2391 3653 2566 3704 altero
2609 3651 2828 3718 quidem
2889 3648 3147 3716 depresso
3182 3648 3247 3698 ad
3308 3643 3512 3698 inferos
3564 3655 3674 3708 prae

2098 3743 2338 3811 pondere
2389 3741 2730 3810 impietatis;
2788 3740 2962 3792 altero
3020 3746 3202 3791 autem
3266 3735 3441 3788 levato
3503 3734 3672 3801 lapsi-

2098 3835 2242 3898 bus,
2299 3833 2366 3888 ad
2429 3833 2523 3886 Dei
2579 3832 2963 3902 cognitionem.
3016 3829 3202 3885 Gloria
3264 3829 3359 3884 tibi
3393 3867 3407 3893 ,
3456 3826 3673 3881 Christe

2097 3926 2257 3980 Deus.

2239 4018 2306 4072 Et
2338 4032 2500 4072 nunc.

2163 4109 2397 4178 Agnum,
2451 4118 2506 4162 ct
2539 4107 2863 4172 Pastorem,
2892 4117 2946 4162 et
2981 4107 3330 4160 Servatorem
3399 4102 3582 4155 mundi
3618 4100 3672 4153 in

2095 4217 2256 4257 cruce
2285 4201 2479 4256 videns
2518 4199 2710 4267 Mater,
2769 4201 2984 4256 dicebat
3043 4199 3352 4269 lacrymans
3395 4215 3406 4250 :
3440 4193 3672 4248 Mundus

2092 4293 2309 4363 quidem
2331 4290 2863 4360 exsultataccipiens
2893 4291 3350 4356 redemptionem;
3390 4289 3484 4341 sed
3508 4302 3664 4338 urun-

2094 4394 2182 4437 tur
2207 4385 2414 4439 viscera
2442 4400 2580 4450 mea,
2609 4393 2886 4453 spectante
2910 4383 3340 4448 eruciﬁxionem,
3367 4394 3548 4448 quam,
3583 4391 3670 4432 me

413 4466 514 4538 τὴν
538 4467 864 4547 ατ-αύρωσιν,
900 4466 967 4538 ἠν
1006 4468 1147 4538 ὑπὲρ
1183 4469 1398 4522 πάντων
1427 4469 1743 4540 ὑπομένεις,
1783 4471 1811 4522 6
1865 4470 1990 4535 Υἱὸς

2101 4476 2198 4531 Fili
2231 4477 2302 4531 mi
2322 4487 2376 4531 et
2407 4476 2572 4544 Deus,
2605 4492 2701 4545 pro
2727 4475 2976 4532 omnibus
3001 4474 3222 4544 pateris.

413 4557 508 4614 καὶ
528 4541 658 4620 Θεὸς
692 4575 812 4628 μου.

485 4651 680 4722 Κύριε,
714 4650 955 4721 ἐλέησον,
1005 4657 1079 4722 μ’.
1150 4651 1211 4708 Ὀ
1240 4652 1298 4706 ἐν
1342 4653 1507 4704 παντὶ
1539 4653 1718 4725 καιρῷ
1751 4655 1845 4707 καὶ
1875 4655 1981 4708 πά-

415 4757 483 4814 σῃ
538 4741 679 4812 ὥρᾳ.
736 4741 908 4811 Κύριε
957 4743 1201 4814 ἐλέησον,
1252 4749 1322 4813 γ’.
1373 4743 1529 4809 Δόξα.
1565 4746 1673 4797 Kal.
1719 4744 1832 4798 νῦν.
1870 4745 1982 4816 Τὴν

409 4833 759 4902 τιμιωτέραν.
796 4834 885 4886 Ἐν
920 4833 1142 4903 ὀνόματι
1167 4835 1393 4906 Κυρίου,
1439 4835 1752 4906 εὐλόγησαν,
1780 4835 1980 4907 Πάτερ.

423 4925 480 4978 '0
513 4924 708 4997 ἱερεύς
774 4926 832 4979 Ὀ
880 4925 1014 4989 Θεὸς
1052 4928 1390 4999 οίκτειρήσαι
1428 4930 1592 4999 ἡμᾶς.
1623 4928 1732 4982 Καὶ
1767 4930 1815 4981 εἰ
1865 4928 1979 4981 ἔστι

411 5017 849 5090 Τεσσαρακοστὴ,
883 5017 980 5080 τὰς
1014 5019 1162 5088 τρεῖς
1209 5019 1450 5092 μεγάλας
1498 5021 1782 5090 μετανοίας
1834 5038 1982 5092 ποιη-

409 5107 546 5163 τέον.

2155 4653 2406 4718 Domine,
2449 4653 2746 4718 miserere,
2799 4653 3144 4722 quadragies.
3192 4650 3291 4716 Qui
3344 4649 3489 4703 omni
3531 4657 3666 4700 tem-

2085 4759 2214 4814 pore
2265 4754 2318 4799 et
2379 4744 2527 4798 omni
2585 4744 2739 4797 hora.
2772 4743 3021 4806 Domine,
3072 4742 3352 4805 miserere,
3407 4749 3505 4792 ter.
3537 4737 3665 4792 Glo-

2088 4839 2191 4892 ria.
2227 4838 2293 4892 Et
2324 4853 2487 4894 nunc.
2522 4837 2924 4892 Excelsiorem.
2954 4837 3010 4890 ln
3049 4836 3267 4891 nomine
3297 4835 3530 4898 Domini,
3571 4832 3664 4887 ba-

2089 4930 2280 4992 nedie,
2314 4927 2494 4982 Pater.
2537 4929 2804 4983 Sacerdos
2840 4946 2853 4982 :
2891 4928 3033 4982 Deus
3087 4928 3412 4982 misereatur
3467 4927 3658 4980 nostri.

2091 5021 2176 5086 Et,
2205 5021 2250 5074 si
2281 5021 2349 5074 sit
2375 5020 2831 5090 Quadragesima,
2861 5020 3123 5075 faciendae
3164 5029 3290 5074 sunt
3317 5028 3427 5074 tres
3455 5032 3664 5086 magna

2091 5115 2432 5168 reverentia.

1707 5308 2065 5367 MESORIUM
2102 5305 2335 5364 ΝΟΝᾸΞ.

477 5477 569 5542 Τὸ,
594 5477 780 5545 Δεῦτε,
838 5481 1328 5552 προσκυνήσωμεν,
1351 5488 1420 5551 γ’.
1444 5485 1556 5538 Καὶ⁵
1584 5486 1632 5538 oi
1695 5485 1900 5558 ψαλμοί
1951 5489 1980 5541 6

411 5569 532 5642 ριὸν,
586 5571 809 5635 Αἰνεῖτε,
845 5572 1052 5640 παῖδες,
1101 5573 1337 5646 Κύριον·
1377 5577 1472 5630 καὶ
1515 5579 1544 5631 ὁ
1591 5577 1656 5643 θ’,
1697 5578 1978 5649 Ἐξομολο-

406 5661 646 5732 γήσομαί
674 5677 778 5726 σοι,
825 5661 1020 5734 Κύριε,
1063 5665 1120 5717 ὲν
1147 5665 1241 5737 ὅλη
1285 5667 1484 5739 καρδίᾳ
1533 5685 1661 5738 μουο
1698 5671 1788 5725 καὶ
1840 5671 1971 5743 ρλϐ’,

421 5751 633 5823 Ἐξέλου
665 5769 758 5824 με,
782 5753 977 5826 Κύριε,
1005 5754 1062 5822 ἐξ
1095 5756 1378 5830 ἀνθρώπου
1415 5761 1672 5834 πονηροῦ.

2160 5485 2289 5540 254.
2326 5483 2519 5538 Venite
2570 5483 2898 5551 adoremus,
2967 5491 3078 5546 ter;
3123 5490 3177 5537 et
3227 5479 3462 5550 psalmus
3522 5493 3654 5542 cm,

2086 5574 2350 5640 Laudate,
2385 5573 2561 5642 pueri,
2600 5573 2886 5628 Dominum
2918 5591 2931 5628 :
2963 5583 3016 5628 et
3069 5587 3147 5637 ις,
3198 5571 3475 5626 Conﬁteor
3523 5570 3654 5632 tibi,

2084 5667 2332 5732 Domine,
2362 5667 2415 5720 in
2467 5675 2582 5720 toto
2613 5667 2777 5721 corde
2815 5681 2935 5722 meo
2967 5686 2978 5722 :
3011 5673 3063 5721 et
3093 5679 3316 5733 cxxxtx,
3353 5663 3512 5732 Eiipe
3544 5677 3655 5728 me,

2081 5760 2329 5828 Domine,
2357 5761 2424 5818 ab
2451 5761 2667 5817 homine
2698 5761 2860 5817 malo.
