4076 6226
1534 343 1927 400 ACOLUTHIA
1966 343 2301 400 τιιιριιριε
2327 344 2547 403 FESTI.
3376 357 3676 398 CCCLXXXII!

441 459 582 512 aliud
618 459 812 530 μικρόν
849 456 1044 530 minus
1071 457 1269 510 habent
1303 475 1315 509 :
1360 465 1421 530 et
1445 468 1565 526 post
1612 459 1869 530 Primam,
1903 459 2166 524 Tertiam,
2209 460 2429 513 Sextam
2459 498 2474 522 ,
2524 468 2576 511 ct
2611 458 2817 512 Nonum
2854 458 3241 513 mediashoras
3276 459 3374 512 sibi
3413 476 3664 530 prmsert-

443 527 687 599 pseruut,
723 527 969 599 μεσὼρια
993 538 1346 599 voca_t_as.....
1380 528 1481 599 sic,
1513 530 1666 593 quasi
1705 529 1789 584 his
1831 531 1895 582 ad
1920 531 2134 599 divinas
2159 529 2341 581 laudes
2367 546 2469 580 non
2498 530 2820 582 facientibus
2848 531 3001 593 satis,
3021 540 3142 597 post
3170 531 3385 582 Sextam
3415 527 3471 581 et
3499 528 3676 598 μεσώς

443 597 556 670 ριον
584 597 734 666 ejus,
749 597 1068 670 ἀκολουθίαν
1095 597 1202 670 τῶν
1234 597 1842 668 τυπικῶν,’1“γιιίοοτιιιη
1879 598 1991 670 olllc

2088 616 2107 648 ιι
2138 600 2527 670 subiunxerunt
2557 615 2569 650 :
2607 601 2662 650 in
2685 615 2789 670 quo
2811 615 2930 651 cum
2951 600 3090 652 inter
3129 599 3260 651 alias
3283 597 3670 670 prece-getiam

439 669 631 737 psalmi
679 684 792 722 χχιι
829 669 1288 738 (corrigeitermn
1321 673 1438 732 cn),
1475 679 1527 720 et
1552 684 1687 722 CXLV
1719 669 2078 738 reperiantur,
2109 679 2166 720 ut
2194 684 2223 719 e
2254 669 2473 737 'l'ypicis
2508 669 2736 720 extracti
2766 683 2953 720 eorum
2987 670 3190 735 primus
3216 670 3440 738 dicitur,
3478 669 3672 738 πρῶτα

437 736 644 791 τυπικά
694 748 749 792 et
771 739 1040 792 secundus
1064 737 1292 807 δεύτερα
1325 739 1551 790 τυπικά.
1591 757 1609 788 ι
1645 738 1706 790 Et
1755 738 1848 789 fol.
1881 736 1982 790 186

2088 754 2124 796 ς,
2169 753 2233 790 ex
2282 736 2461 790 tuente
2495 739 2840 790 eruditissimi
2891 738 3154 790 Lconardi
3213 737 3470 806 l’hyllarac
3503 736 3674 789 Areo-

436 810 648 878 pagitte,
687 809 989 878 addendum
1028 818 1218 861 censet
1271 807 1408 858 idem
1444 808 1694 860 Goarus:
1735 824 1753 857 ι
1798 807 2040 878 Psalmos
2091 808 2212 878 ilius
2265 808 2398 878 duos
2427 807 2538 872 jam
2567 819 2902 878 memoratos
2935 846 2949 868 ,
2996 807 3243 859 τυπικῶν
3278 823 3470 860 nomen
3520 808 3668 878 solos

438 875 545 931 non
602 878 852 942 mereri;
899 877 993 930 sed
1049 886 1102 929 et
1152 892 1488 946 quzecunque
1564 878 1614 929 in
1671 879 1900 943 liturgiae
1963 877 2268 944 principio,
2315 877 2512 929 Christi
2564 877 2616 926 in
2673 877 2926 928 mundum
2983 879 3192 928 venturi
3256 879 3476 942 ﬁguram
3516 915 3529 937 ,
3574 875 3662 926 τύ-

436 965 558 1009 πον,
591 957 787 1017 gerunt
821 961 837 999 :
877 946 1112 1017 psalmos
1158 957 1337 999 autent
1366 946 1486 1000 illos
1517 947 1618 1001 hoc
1649 947 1866 1001 nomine
1908 947 2144 999 maxime
2175 947 2388 1014 dignos,
2423 946 2568 1015 quod
2597 947 2990 1014 expressiorem
3023 985 3040 1010 ,
3069 957 3126 999 ut
3157 946 3406 1000 Patribus
3441 946 3666 1013 placuit,

433 1015 634 1072 Christi
665 1017 889 1072 ﬁguram
917 1015 1227 1068 exhibeant.
1272 1034 1290 1066 ι

501 1033 634 1070 tristi
665 1033 694 1068 ιι
738 1033 889 1069 uram
917 1033 1227 1068 exnmeant.
1272 1034 1290 1066 ι

501 1087 629 1140 257.
667 1033 938 1138 Hactenus
973 1085 1203 1140 Goarns.
1233 1085 1418 1137 Restat
1441 1093 1498 1137 ut
1527 1101 1623 1138 nos
1653 1085 1855 1154 Typica
1900 1086 2012 1152 ipsa
2051 1098 2118 1136 ex
2169 1082 2459 1152 Horologio
2486 1085 2692 1151 integra
2723 1083 3112 1150 exprimamus.
3166 1084 3434 1137 Dicuntur
3459 1092 3666 1145 autem,

433 1166 493 1209 ut
539 1159 614 1209 ait
663 1155 719 1210 S.
761 1155 915 1208 Saba:
942 1154 1224 1224 Typicum,
1259 1155 1406 1224 χύμα
1437 1197 1450 1212 ,
1491 1156 1540 1206 id
1575 1167 1678 1213 est.
1705 1159 1821 1224 sine
1853 1167 2014 1206 cantu
2050 1155 2533 1224 etimmlulatione,
2566 1155 2667 1207 hoc
2699 1156 2858 1206 modo
2891 1154 3220 1224 :l’ostquam
3277 1155 3476 1224 dictum
3527 1161 3608 1224 est
3643 1191 3658 1215 ,

430 1227 681 1295 Εὐλόγει,
710 1225 854 1295 ψυχή
891 1221 1133 1294 μουζτὺν
1158 1221 1382 1295 Κύριονο
1417 1224 1720 1293 Εὐλογητὸς
1746 1221 1812 1282 εἷ,
1843 1226 1991 1295 Κύριι

2115 1223 2364 1295 Benedic,
2387 1225 2567 1295 anima
2600 1239 2738 1286 mea,
2774 1223 3091 1295 Dominum;
3121 1221 3435 1276 Benedictus
3464 1238 3542 1295 es,
3569 1221 3666 1274 Do-

429 1291 596 1356 mine,
647 1315 666 1346 ι
716 1291 972 1348 recitatur
999 1291 1381 1361 psalmus'cn,
1414 1305 1468 1348 et
1497 1291 1763 1348 clauditur
1801 1291 2104 1359 ςιιιιιᾏόξα,
2145 1292 2350 1348 Gloria.
2382 1293 2585 1346 Deinde
2617 1294 2864 1348 succedit
2890 1293 3130 1362 psalmus
3165 1306 3324 1356 chv,
3368 1301 3420 1346 et
3449 1293 3662 1358 dicitur,

429 1366 540 1419 Καὶ
567 1365 682 1418 νῦν.
717 1383 736 1416 ι
773 1364 839 1418 Ει
870 1380 1011 1418 nunc
1041 1381 1054 1416 :
1101 1384 1120 1416 ι
1154 1366 1502 1433 sequiturque
1537 1364 1637 1417 hoc
1679 1367 1994 1430 troparium,

511 1463 568 1515 '0
593 1460 884 1532 μονογενὴς
935 1460 1058 1523 Υἱὸς
1116 1461 1212 1512 xai
1250 1460 1420 1528 Λόγος
1441 1458 1534 1512 τοῦ
1565 1458 1700 1512 Θεοῦ
1733 1459 1991 1521 ἀθάνατος

2169 1455 2383 1512 Christe
2451 1457 2610 1521 Deus,
2672 1459 2762 1526 qui
2807 1471 2866 1510 es
2904 1455 3206 1525 nnigenitus
3255 1453 3421 1508 Filius
3449 1463 3503 1507 et
3539 1454 3666 1508 Ver-

425 1553 706 1624 ὑπάρχων,
744 1555 836 1606 καὶ
880 1550 1313 1622 καταδεξάμενος
1340 1551 1425 1604 διὰ
1469 1551 1567 1622 τὴν
1594 1553 1865 1624 ἡμετέραν
1895 1569 1998 1604 σω-

423 1642 618 1712 τηρίαν
642 1641 1011 1710 σαρκωθῆναι,
1042 1642 1105 1694 ὲκ
1131 1641 1232 1710 τῆς
1264 1643 1428 1708 ἁγίας
1456 1642 1718 1694 Θεοτόκου
1750 1642 1844 1694 καὶ
1885 1641 2000 1694 ἀει-

423 1737 694 1809 παρθένου
734 1736 954 1804 Μαρίας
979 1736 1264 1802 ἀτρέπτως
1290 1735 1447 1789 ἐνανο
1458 1737 1737 1806 ρωπήσας,
1759 1752 1998 1804 σταυρω-

423 1825 536 1889 θείς
573 1844 653 1888 τε,
688 1825 888 1897 Χριστὲ
931 1827 959 1877 ὁ
992 1825 1144 1888 Θεὸς,
1193 1824 1408 1894 θανάτῳ
1454 1824 1682 1877 θάνατον
1725 1825 1991 1894 πατήσαςο

421 1913 502 1981 εἷς
533 1917 606 1970 ὢν
635 1918 730 1986 τῆς
754 1917 914 1983 άγίας
940 1915 1187 1988 Τριάδος,
1226 1914 1679 1986 σιινδοξαζόμενος
1706 1913 1784 1984 τῷ
1819 1915 1995 1985 Πατρὶ

419 2009 609 2078 καὶτῷ
629 2008 769 2078 ἁγίῳ
796 2007 1092 2078 Πνεύματι,
1123 2006 1296 2061 σῶσον
1321 2011 1486 2078 ἡμᾶς.

488 2101 700 2154 Είδέναι
751 2100 880 2170 χρὴ,
937 2101 1019 2152 ὅτι
1063 2102 1128 2169 τῇ
1187 2100 1397 2172 μεγάλῃ
1467 2099 1888 2170 Τεσσαρακοστῇ
1929 2099 1991 2152 οὑ

418 2192 645 2264 λέγομεν
667 2195 792 2256 τοὺς
815 2193 922 2246 τῶν
947 2193 1194 2246 τυπικῶν
1221 2192 1492 2262 ψαλμοῡς
1533 2192 1668 2244 ἀλλὰ
1719 2193 1856 2262 μετὰ
1893 2192 1991 2262 τὴν

418 2285 580 2356 εὐχὴν
623 2285 742 2355 τὴν,
796 2286 1038 2337 Δέσποτα
1093 2284 1266 2355 Κύριε
1323 2282 1496 2354 Ἰησοῦ
1545 2285 1767 2354 Χριστὲ,
1806 2283 1993 2346 ὁΘεὸς

417 2376 591 2447 ἡμῶν,
626 2376 849 2447 ἄρχεται
875 2377 903 2428 ὁ
933 2376 1268 2444 τεταγμένος
1302 2375 1459 2446 χορὸς
1487 2373 1678 2436 οὕτως’
1706 2374 1990 2445 Μνήσθητι

415 2471 591 2540 ἡμῶν,
615 2471 808 2542 Κύριε,
843 2470 978 2540 μετὰ
1000 2469 1195 2540 μέλους
1216 2470 1295 2531 εἰς
1318 2464 1452 2538 ἦχον
1473 2467 1565 2521 πλ.
1591 2469 1654 2529 δ’,
1683 2469 1778 2520 καὶ
1805 2467 1986 2530 εὐθύς·

415 2563 687 2634 Μακάριοι
719 2564 767 2615 οἱ
797 2563 999 2631 πτωχοὶ
1032 2560 1108 2630 τῷ
1141 2559 1430 2629 πνεύματι.
1469 2559 1624 2611 Μετὰ
1666 2559 1721 2611 δὲ
1753 2559 1813 2612 τὸ
1838 2559 1990 2622 τέλος

414 2657 522 2710 τῶν
555 2655 752 2726 στίχων
785 2655 1128 2724 ἑνούμενοιοὶ
1161 2652 1254 2706 δύο
1284 2651 1432 2722 χοροὶ
1464 2651 1712 2719 λέγουσιν
1732 2651 1904 2714 οὕτως
1933 2663 1948 2679 ⁸
2001 2726 2004 2728 _

477 2915 761 2986 Μνήσθητι
804 2914 999 2984 ἡμῶν,
1045 2914 1220 2986 Κύριε
1248 2954 1263 2976 ,
1342 2915 1401 2965 ἐν
1457 2915 1520 2983 τῇ
1573 2912 1819 2982 βασιλείᾳ
1867 2929 1981 2964 σου.

410 3006 692 3079 Μνήσθητι
743 3007 922 3078 ἡμῶν,
955 3006 1146 3078 Κύριε,
1203 3007 1329 3060 ὅταν
1361 3005 1520 3078 ἔλθῃς
1554 3008 1610 3058 ἐν
1641 3008 1706 3076 τῇ
1740 3005 1985 3075 βασιλείᾳ

413 3114 526 3155 σου.

481 3190 590 3242 Καὶ
624 3190 672 3242 εἰ
712 3191 808 3260 μὲν
842 3190 955 3244 ἔστι
1011 3188 1456 3262 Τεσσαρακοστὴ,
1531 3189 1985 3259 ἐνούμενοιοὶδύο

410 3284 562 3354 γοροὶ
615 3283 876 3352 ψάλλουσι
908 3283 1046 3354 μετὰ
1106 3283 1303 3354 μέλους
1354 3284 1437 3346 τὸ,
1483 3283 1764 3353 Μνὴσθητι
1805 3281 1982 3352 ἡμῶν·

2099 1549 2228 1603 bum
2263 1549 2567 1604 immortale
2604 1549 2720 1616 Dei,
2757 1550 2846 1618 qui
2887 1558 3108 1618 pr0pter
3146 1557 3386 1601 nostram
3431 1546 3662 1600 salutem

2099 1637 2438 1701 incarnatus,
2471 1649 2524 1690 et
2555 1651 2619 1690 ex
2651 1647 2836 1691 sancta
2877 1652 2940 1689 ac
2972 1651 3184 1699 semper
3217 1635 3436 1704 Virgine
3467 1635 3658 1699 Maria,

2097 1727 2509 1782 immutabiliter
2547 1728 2710 1782 homo
2740 1727 2918 1782 factus
2939 1769 2952 1792 ,
2981 1728 3380 1796 crucilixusque
3433 1740 3660 1782 mortem

2095 1829 2271 1874 morte
2301 1819 2655 1884 conculcasti,
2697 1821 2788 1889 qui
2823 1834 2962 1873 unus
3002 1818 3070 1874 de
3103 1819 3448 1874 sanctissima
3480 1819 3660 1872 Trini-

2096 1920 2223 1977 tate,
2277 1912 2707 1980 congloriticaris
2747 1926 2867 1966 cum
2908 1910 3068 1966 Patre
3106 1921 3161 1965 et
3214 1911 3416 1980 Spiritu
3447 1919 3655 1976 sancto,

2053 2071 2060 2077 '
2093 2001 2236 2056 salva
2261 2015 2378 2055 nos.

2050 2082 2071 2094 ”
2159 2093 2286 2147 257.
2322 2093 2476 2147 Scire
2497 2101 2733 2163 oportet,
2766 2093 2818 2145 in
2857 2107 3052 2162 magna
3104 2092 3526 2161 Quadragesima
3548 2107 3654 2144 non

2099 2185 2202 2238 dici
2233 2185 2532 2254 typicorum
2573 2185 2844 2254 psalmos;
2875 2185 2968 2239 sed
3004 2193 3124 2252 post
3151 2184 3290 2237 hanc
3323 2183 3652 2246 orationem,

2092 2277 2390 2331 exhibitam
2420 2293 2569 2331 num.
2597 2276 2722 2340 254,
2753 2276 3031 2345 Regnator
3071 2276 3294 2330 Domine
3322 2275 3450 2329 Jesu
3499 2274 3656 2330 Chri-

2091 2376 2207 2432 ste,
2241 2367 2382 2422 Deus
2426 2377 2630 2430 noster,
2674 2368 2861 2436 incipit
2907 2367 3219 2434 designatus
3272 2365 3470 2419 chorus
3522 2365 3652 2417 sic:

2090 2455 2358 2511 Memento
2384 2458 2576 2520 nostri,
2607 2457 2856 2521 Domine,
2889 2473 3008 2511 cum
3049 2457 3414 2510 modulatione
3450 2457 3518 2509 ad
3567 2467 3655 2509 to-

2089 2566 2217 2604 num
2251 2549 2528 2618 obliquum
2561 2549 2597 2602 2
2624 2590 2638 2614 ,
2693 2557 2747 2602 et
2807 2549 2987 2603 statim
3043 2549 3297 2602 dicuntur
3328 2547 3653 2618 evangelica:

2088 2639 2453 2693 beatitudines
2506 2657 2520 2692 :
2571 2637 2717 2691 Beati
2763 2654 3027 2707 pauperes
3054 2638 3244 2706 spiritu
3285 2637 3382 2708 (a).
3415 2638 3485 2690 At
3525 2651 3661 2692 vero

2088 2738 2210 2799 post
2238 2729 2532 2798 quemlibet
2562 2730 2884 2785 versiculum
2938 2730 3044 2785 duo
3085 2729 3235 2784 chori
3277 2730 3438 2784 simul
3466 2729 3652 2784 dicunt

2014 2813 2214 2876 Bsic:

2160 2911 2427 2966 Memento
2484 2913 2676 2978 nostri,
2729 2912 2977 2978 Domine,
3033 2927 3086 2965 tn
3132 2926 3298 2981 regno
3344 2919 3455 2965 tuo.
3540 2919 3653 2964 Iae-

2088 3011 2270 3059 mento
2321 3005 2490 3060 nostri
2519 3043 2536 3070 ,
2584 3005 2827 3070 Domine,
2888 3018 3010 3059 cum
3062 3003 3276 3058 veneris
3327 3003 3380 3056 in
3429 3015 3652 3070 regnum

2087 3101 2257 3146 tuum.

2158 3184 2226 3238 Et
2280 3186 2325 3240 si
2377 3186 2450 3240 sit
2495 3185 2917 3256 Quadragesima
2947 3225 2963 3248 ,
2995 3185 3102 3239 duo
3130 3183 3294 3242 simul
3324 3183 3476 3238 chori
3509 3184 3652 3251 psal-

2085 3274 2203 3330 lunt
2231 3278 2505 3332 modulate
2532 3301 2544 3334 ;
2573 3277 2840 3332 Memento
2865 3277 2988 3343 mei,
3026 3285 3079 3331 et
3105 3277 3172 3330 ad
3207 3276 3419 3346 singula
3448 3275 3656 3330 faciunt

2087 3355 2447 3422 reverentiam
2481 3384 2641 3422 unam
2677 3386 2692 3422 :
2723 3369 2830 3424 alio
2850 3377 3026 3423 autem
3055 3377 3296 3438 tempore
3324 3369 3444 3424 sine
3491 3378 3655 3423 cantu

2089 3467 2145 3512 et
2181 3458 2569 3515 modulatione.

479 3549 612 3626 258.
635 3549 810 3626 Cotta.
846 3551 923 3626 Ne
945 3552 1048 3605 hac
1090 3553 1293 3626 haereat
1315 3559 1512 3626 lector,
1552 3554 1829 3626 sciendum
1862 3563 1965 3618 est,
2003 3564 2238 3626 quatuor
2270 3556 2412 3623 apud
2446 3555 2666 3610 Grarcos
2713 3556 2983 3610 celebrari
3013 3555 3505 3626 Quadragesimas:
3537 3555 3652 3623 pri-

412 3636 555 3694 rnam
582 3621 823 3683 Paschre,
852 3622 1077 3694 alteram
1105 3623 1512 3694 Apostolorum,
1551 3625 1764 3678 tertiam
1801 3623 2223 3691 Assumptionis,
2253 3621 2505 3693 quartum
2541 3627 2771 3694 denique
2804 3621 3138 3688 Nativitaiis;
3175 3621 3292 3679 eain
3325 3635 3504 3679 autem
3529 3621 3652 3693 qum

410 3691 611 3776 Pascha
644 3693 933 3772 antecedit,
993 3693 1260 3763 μεγάλην,
1292 3709 1538 3776 [linguam
1564 3695 1822 3776 appellari
1854 3695 2126 3776 :id‘qnod
2154 3691 2430 3776 colligitur
2460 3712 2525 3750 ex
2568 3691 2834 3776 Svnicone
2863 3695 3356 3776 Thessalonicensi,
3399 3697 3478 3776 sic
3523 3691 3650 3776 pro-

410 3761 692 3836 nuntiante
751 3761 800 3836 in
855 3776 1110 3836 responso
1147 3761 1253 3816 Lm
1288 3764 1451 3836 :_Kai
1508 3761 1611 3816 διὲκ
1638 3761 1797 3816 τοῦτο
1845 3762 1991 3836 μᾶλλι

2111 3763 2220 3815 τῶν
2253 3761 2426 3817 ἄλλων
2477 3761 2686 3836 μεγάλη
2734 3766 2972 3832 λέγεται,
3025 3767 3107 3818 ὅτι
3145 3767 3238 3818 καὶ
3268 3764 3450 3835 ἕτεραί
3490 3766 3649 3816 εἰσιν·

409 3830 548 3905 αὑτὴ
578 3829 636 3882 δὲ
673 3831 878 3905 τούτων
911 3833 1187 3902 ὑπερέχει.
1231 3853 1249 3883 ‹
1286 3833 1348 3885 Et
1379 3845 1672 3905 propterea
1697 3829 1986 3905 hmepotiu

2088 3848 2200 3886 nam
2231 3837 2347 3888 alia:
2373 3829 2569 3904 mag'na'
2593 3829 2878 3902 vocitatur,
2904 3837 3046 3905 quod
3083 3836 3204 3888 aliis
3248 3829 3500 3888 omnibus
3553 3848 3653 3905 ex-

407 3901 650 3974 cellat.)
686 3900 797 3974 imo
826 3917 972 3965 vero,
1000 3900 1055 3956 ut
1079 3900 1336 3956 observat
1371 3905 1627 3970 Cangius,
1656 3900 1863 3970 ieiunia
1895 3900 2103 3971 septem
2151 3914 2244 3974 aut
2299 3900 2535 3974 plurium
2573 3907 2780 3960 dierum
2811 3945 2826 3968 ,
2861 3900 2985 3959 ante
3012 3904 3148 3959 festa
3193 3905 3512 3974 Sanctorum
3547 3903 3649 3956 ob--

408 3970 613 4023 servari
643 3973 832 4045 _so‘lita_.
859 3976 1104 4045 eamdem
1134 3974 1601 4045 nomenclaturam
1659 3970 2130 4045 obtinent.Atqne
2186 3973 2238 4026 id
2285 3970 2516 4041 probare
2560 3977 2754 4029 nititur
2805 3976 3042 4045 Cangius
3081 3991 3147 4028 ex
3178 3974 3380 4045 Joanne
3432 3971 3650 4045 Jejuna;

410 4047 524 4115 tore
567 4039 658 4115 qui
711 4041 760 4094 in
806 4042 1164 4115 Pmuitentiali
1195 4059 1321 4115 pag.
1351 4044 1438 4115 89,
1481 4043 1558 4095 sic
1594 4045 1752 4115 habet
1811 4061 1824 4096 :
1881 4044 1991 4106 Τὰς

2088 4039 2582 4115 οτεσσαρακοστάς
2630 4047 2724 4098 τοῦ
2780 4039 2948 4114 ἁγίου
2984 4045 3251 4097 Φιλίππου
3301 4044 3394 4095 καὶ
3423 4044 3533 4095 τῶν
3582 4042 3650 4115 ιβ’

407 4110 722 4184 άτςοστόλων
752 4111 982 4184 κρέατος
1013 4113 1112 4182 μὲν
1147 4113 1219 4183 μὴ
1249 4113 1496 4183 μετέχειν
1525 4114 1652 4176 τοὺς
1681 4115 1978 4182 κοσμικοὺς

2088 4110 2328 4182 {opst/.3
2367 4113 2423 4168 lu
2453 4118 2657 4169 duabus
2693 4110 3148 4184 Quadragesimis,
3187 4118 3242 4168 ὃ.
3288 4115 3518 4181 Philippi
3567 4114 3648 4184 vi-

407 4179 604 4252 delieet
665 4190 718 4234 et.
750 4179 1034 4235 duodecim
1066 4179 1454 4252 iap‘os'tuloru'm
1489 4223 1503 4246 ,
1553 4179 1904 4237 saecularibus
1954 4179 2104 4236 esum
2155 4179 2335 4238 carnis
2389 4179 2782 4241 interdicimus.
2827 4205 2844 4236 ι
2886 4179 3005 4239 llaec
3059 4179 3366 4238 observatio
3412 4179 3650 4252 dispellit

410 4251 681 4313 tenebras,
716 4265 852 4320 quas
893 4251 1144 4322 superior
1199 4253 1468 4321 Horologii
1505 4253 1653 4307 locus
1681 4261 2029 4317 comparatus
2056 4253 2122 4305 ad
2165 4253 2303 4306 alios
2339 4253 2616 4308 aﬂ'undere
2660 4257 2942 4322 potuisset.
2987 4256 3138 4308 Nunc
3175 4269 3306 4320 ergo
3342 4251 3642 4312 videamus,

408 4321 676 4396 quomodo
729 4323 782 4374 iu
831 4321 1129 4377 minoribus
1173 4322 1278 4377 illis
1311 4323 1748 4393 Quadragesimis
1783 4325 1894 4378 sive
1934 4323 2156 4393 jejuniis
2202 4323 2522 4378 concinatur
2573 4321 2747 4392 istud,
2777 4325 3066 4396 Μνήσοητι
3114 4323 3297 4395 ἡμῶν.
3349 4322 3649 4377 Memorato

411 3377 506 3429 xui
528 3377 815 3446 μετάνοιαν
846 3384 894 3430 α’
916 3377 1065 3440 εἰςτὸ
1093 3376 1278 3430 καθέν·
1311 3378 1358 3429 εἰ
1386 3376 1430 3429 δ’
1461 3375 1544 3441 οὓ,
1576 3373 1741 3446 χΰμα.

407 4390 600 4442 nostri.

545 4479 698 4545 Δόξα.
734 4483 844 4536 Καὶ
887 4481 1002 4538 νῦν.

475 4574 760 4646 Μνήσθητι
806 4575 984 4645 ἡμῶν,
1021 4575 1212 4647 Κύριε,
1278 4577 1406 4630 ὅταν
1445 4577 1606 4648 ἔλθῃς
1639 4579 1696 4630 ὲν
1729 4580 1793 4648 τῇ
1829 4577 1984 4647 βασι-

404 4666 520 4737 λείᾳ
541 4683 651 4721 σου.

476 4760 758 4832 Μνήσθητι
789 4760 968 4831 ἡμῶν,
1018 4763 1285 4824 Δέσποτα,
1345 4763 1472 4816 ὅταν
1497 4763 1658 4834 ἔλθῃς
1689 4765 1746 4815 ἐν
1775 4767 1840 4834 τῇ
1876 4763 1974 4832 βα-

407 4851 578 4922 σιλείᾳ
611 4867 726 4905 σου.
767 4870 785 4902 ι

475 4943 759 5014 Μνήσθητι
797 4943 974 5014 ἡμῶν,
1019 4945 1194 5014 "Ag/ts,
1226 4948 1352 5000 ὅταν
1392 4946 1550 5020 ἔλθῃς
1611 4949 1668 5000 ἐν
1724 4949 1789 5018 τῇ
1819 4947 1972 5017 βασι-

404 5051 520 5105 λειᾳ
544 5053 658 5087 σου.

474 5127 645 5196 Χορὸς
688 5127 716 5178 ὁ
768 5127 1087 5198 ἐπουράνιος
1129 5130 1287 5199 ὑμνεῖ
1323 5147 1381 5181 σε
1411 5132 1504 5184 καὶ
1549 5131 1718 5199 λέγει’
1762 5133 1969 5199 Ἄγιος,

402 5216 587 5284 ἅγιος,
637 5217 812 5285 ἆγιος,
861 5217 1065 5288 Κύριος
1122 5220 1377 5273 Σαϐαὼθ·
1430 5221 1643 5293 πλήρης
1683 5224 1710 5274 ὁ
1747 5223 1973 5292 οὐρανὸς

401 5309 494 5361 καὶ
523 5310 556 5378 ἡ
586 5309 657 5379 γῆ
685 5309 784 5379 τῆς
815 5309 968 5381 δόξης
1007 5327 1122 5363 σου.

1055 5397 1318 5450 STIXOS.

469 5485 802 5554 Προσέλθετε
856 5487 990 5557 πρὸς
1025 5489 1207 5555 αὑτὸν,
1258 5492 1352 5542 καὶ
1403 5490 1718 5558 φωτίσθετε,
1769 5494 1859 5546 καὶ
1901 5493 1967 5546 τά

400 5578 666 5647 πρόσωπα
694 5579 848 5649 ὑμῶν
879 5581 940 5634 οὐ
978 5582 1052 5655 μὴ
1086 5583 1472 5657 καταισχυνθῇ.

471 5714 550 5778 (ai
579 5714 770 5770 Matth.
803 5733 854 5778 ι’,
887 5718 938 5771 5.

473 5785 546 5857 (b)
577 5783 680 5842 lsa.
708 5803 784 5852 Vt,
801 5789 855 5841 5.

2221 4485 2426 4540 Gloria.
2468 4485 2534 4540 Et
2573 4502 2735 4541 nunc.

2154 4573 2281 4630 259.
2311 4577 2579 4632 Memento
2629 4579 2802 4632 nostri
2823 4619 2837 4643 ,
2904 4575 3165 4640 Domine,
3198 4589 3318 4628 eum
3349 4573 3557 4627 veneris
3592 4573 3651 4626 in

2085 4681 2310 4736 regnum
2345 4677 2515 4722 tuum.

2151 4758 2420 4814 Memento
2460 4763 2654 4827 nostri,
2698 4762 3030 4826 Dominator,
3068 4775 3188 4815 cum
3219 4756 3434 4811 veneris
3465 4755 3515 4807 in
3555 4771 3644 4809 re—

2080 4862 2239 4917 gnum
2266 4858 2434 4904 tuum.

2149 4939 2417 4994 Memento
2450 4943 2640 5009 nostri,
2675 4943 2896 5006 Sancte,
2927 4928 3048 4994 cum
3081 4937 3298 4992 veneris
3338 4939 3388 4992 in
3422 4953 3646 5008 regnum

2076 5041 2246 5085 tuum.

2143 5124 2354 5178 Chorus
2379 5121 2618 5177 caelestis
2669 5121 2906 5175 celebrat
2939 5133 3008 5185 te,
3057 5131 3108 5174 et
3143 5121 3272 5174 dicit
3319 5140 3330 5174 :
3383 5119 3640 5181 Sanctus,

2074 5226 2315 5278 sanctus,
2369 5227 2612 5278 sanctus,
2662 5215 2921 5268 Dominus
2975 5214 3253 5279 Sabaoth;
3317 5213 3458 5282 pleni
3516 5221 3640 5266 sunt

2075 5307 2195 5362 cmli
2226 5317 2278 5360 et
2311 5315 2452 5360 terra
2484 5307 2669 5376 gloriae
2714 5317 2813 5360 tuae
2843 5307 2939 5376 (b).

2636 5397 3087 5454 VERSICULUS.

2146 5493 2334 5546 Venite
2366 5493 2430 5545 ad
2458 5507 2604 5554 eum,
2634 5501 2690 5546 et
2727 5492 3136 5558 illuminamini;
3167 5500 3220 5547 et
3255 5489 3432 5545 vultus
3478 5490 3641 5544 vesrri

2074 5599 2178 5638 non
2206 5583 2604 5637 confundantur
2631 5585 2700 5652 (c)

2149 5722 2216 5792 (c)
2247 5724 2387 5780 Psal.
2422 5741 2612 5792 χχχιιι,
2643 5723 2697 5778 6.
