4076 6226
415 281 709 325 ςσιιιιιιν

1773 277 2304 335 PROLEGOMENA.

484 385 693 448 Chorus
745 394 982 450 ccelestis
1047 396 1289 452 celebrat
1321 407 1393 463 te,
1429 406 1486 455 et
1509 399 1644 455 dicit
1679 400 1968 464 :Sanctus.

2147 402 2322 474 Χορὸς
2372 403 2401 453 ὁ
2449 398 2765 471 ἐπουράνιος
2799 397 2957 468 ὑμνεῖ
2993 411 3074 459 σε,
3111 394 3204 448 καὶ
3234 394 3401 465 λέγει·
3452 395 3665 464 Ἀγιος,

411 489 656 549 sanctus,
684 498 928 555 sanctus,
955 489 1213 547 Dominus
1238 490 1514 560 Sabaoth;
1539 491 1684 564 pleni
1712 502 1840 550 sunt
1860 494 1983 551 ταιΙί

411 581 469 625 et
502 580 644 629 terra
681 578 867 648 gloriae
899 590 1023 636 tuae.

566 668 771 727 Gloria.

478 762 691 818 Chorus
721 774 1032 819 sanctorum
1080 768 1392 838 angelorum
1419 777 1473 823 et
1507 768 1983 838 archangelorum,

410 867 532 907 cum
576 854 830 909 omnibus
862 856 1178 913 cmlestibus
1210 859 1524 923 virtutibus,
1557 858 1787 913 celebrat
1834 868 1904 921 te,
1929 866 1984 912 et

408 942 535 996 dicit
560 961 574 998 :
599 944 856 1011 Sanctus,
880 958 1122 1015 Sanctus,
1154 961 1395 1013 sanctus,
1431 949 1687 1004 Dominus
1719 948 1981 1015 Sabaoth;

406 1035 551 1105 pleni
582 1047 710 1092 sunt
745 1040 870 1094 coeli
902 1050 957 1095 et
983 1050 1129 1095 terra
1170 1041 1357 1112 gloria:
1397 1051 1522 1096 tuae.

547 1127 615 1182 Et
641 1144 802 1184 nunc.

2093 494 2264 563 ἅγιος,
2288 495 2462 562 ἅγιος,
2493 492 2696 563 Κύριος
2726 488 2953 544 nemo
2972 506 2987 521 ο
3016 488 3229 560 πλήρης
3255 490 3283 542 ὁ
3314 488 3541 559 οὐρανὸς
3569 489 3666 542 καὶ

2090 589 2126 657 ἡ
2158 588 2227 657 γῆ
2260 585 2362 655 τῆς
2391 583 2549 655 δόξης
2576 600 2693 637 σουο

2232 678 2393 744 Δόξα.

2158 767 2332 839 Χορὸς
2375 768 2544 837 ἁγίων
2607 765 2850 834 ἀγγέλων
2881 763 2975 817 καὶ
3001 761 3352 835 άρχαγγέλων
3393 759 3530 830 μετά
3554 776 3662 812 πα·-

2089 856 2199 912 σῶν
2220 856 2331 911 τῶν
2361 856 2697 929 ἐπουρανίων
2739 856 3019 925 δυνάμεων
3043 856 3203 925 ὑμνεῖ
3248 869 3329 915 σε,
3370 850 3462 903 καὶ
3488 847 3658 915 λέγει·

2090 949 2300 1018 Ἄγιος,
2350 949 2539 1017 ἅγιος,
2592 948 2776 1017 ἅγιος,
2830 946 3033 1018 Κύριος
3087 942 3343 1000 Σαὸαώθ’
3386 941 3598 1010 πλήρης
3629 939 3659 989 ὁ

2088 1040 2317 1111 οὐρανὸς
2344 1042 2437 1094 καὶ
2465 1044 2497 1111 ἡ
2528 1041 2598 1114 γῆ
2628 1042 2726 1112 τῆς
2754 1040 2911 1110 δόξης
2942 1056 3059 1093 σου.

2231 1132 2342 1186 Καὶ
2390 1131 2505 1186 νῦν.

474 1238 601 1314 260.
637 1239 736 1296 llic
771 1244 1031 1299 recitatur
1076 1244 1378 1314 symbolum
1413 1241 1713 1308 Nicmnum,
1747 1257 1920 1313 eoque
1949 1242 2102 1299 ﬁnito
2132 1242 2330 1299 dicitur
2358 1256 2593 1310 sequens
2618 1241 2878 1309 precatio,
2903 1239 2990 1295 cui
3021 1236 3197 1294 oratio
3222 1233 3497 1292 Dominica
3528 1228 3656 1286 sub-

406 1311 666 1364 nectitur.

475 1426 749 1491 Remitte,
812 1432 1056 1498 dimitte,
1107 1434 1394 1500 condona,
1441 1433 1607 1500 Deus,
1678 1441 1898 1503 peccata
1948 1449 1968 1488 a

2156 1434 2338 1499 Ἀνες,
2379 1433 2537 1502 ἄφες,
2605 1430 2977 1503 συγχώρησον,
3010 1431 3039 1482 ό
3069 1426 3220 1489 Θεὸς,
3252 1422 3320 1476 τὰ
3356 1417 3655 1492 παραπτώ-

405 1518 563 1573 nobis
599 1520 860 1587 admissa,
893 1533 1000 1577 tam
1032 1524 1203 1579 libere
1231 1541 1392 1594 quant
1424 1536 1646 1591 coacte,
1678 1536 1785 1579 tam
1813 1540 1977 1594 opere

403 1625 567 1678 quam
598 1626 868 1678 sermone,
907 1626 1014 1668 tam
1044 1616 1283 1671 scienter
1312 1632 1474 1685 quam
1509 1617 1826 1681 inscienter,
1860 1626 1970 1670 tam

404 1712 564 1757 nocte
594 1719 756 1773 quam
785 1706 1053 1775 interdiu,
1083 1717 1191 1762 tam
1218 1719 1395 1762 mente
1425 1723 1585 1778 quam
1624 1725 1787 1763 sensu
1812 1726 1826 1774 ;
1859 1723 1977 1761 om-

401 1795 490 1849 nia
556 1798 715 1855 nobis
778 1800 1070 1867 condona,
1118 1808 1179 1855 ut
1233 1800 1409 1857 bonus
1471 1811 1635 1871 atque
1695 1800 1973 1855 hominum

400 1900 612 1940 amans.

470 1976 539 2032 Et
592 1979 637 2034 si
701 1982 844 2051 quod
875 1980 1073 2037 festum
1120 1983 1336 2038 Domini
1367 1982 1696 2058 celebretur,
1741 1982 1973 2038 dicimus

397 2069 514 2135 eius
540 2073 843 2126 contacium
872 2089 888 2128 :
916 2074 960 2128 si
984 2083 1163 2128 autem
1190 2090 1312 2129 cum
1335 2090 1399 2129 eo
1426 2084 1720 2131 concurrat
1750 2068 1976 2132 sanctus

396 2160 773 2229 celebrandus,
802 2165 953 2233 prius
1008 2165 1208 2219 dicitur
1239 2168 1413 2221 sancti
1443 2168 1753 2221 contacium
1778 2206 1793 2230 ,
1835 2167 1938 2223 Glo
1959 2197 1975 2208 -

395 2255 499 2321 ria,
540 2253 608 2309 Et
638 2270 818 2322 nunc;
849 2255 1084 2325 (postea)
1130 2260 1436 2312 contacium
1476 2258 1620 2316 l'esti.
1655 2258 1712 2312 Si
1745 2257 1969 2312 Alleluia

395 2356 673 2400 cantatum
727 2346 926 2416 fuerit,
974 2348 1052 2403 vel
1091 2365 1195 2403 nou
1242 2350 1310 2404 sit
1367 2350 1564 2404 festum
1604 2349 1855 2415 Domini,
1885 2350 1972 2404 dic

394 2438 571 2507 primo
625 2442 935 2494 contacium
990 2441 1540 2511 Transligurationis,
1583 2443 1778 2496 deinde
1823 2442 1967 2507 diei;

393 2529 529 2584 feria
582 2531 817 2586 secunda
882 2533 1331 2601 lncorporeorum
1380 2535 1714 2589 contacium.
1760 2533 1964 2589 Gloria.

392 2620 526 2674 Cum
561 2623 763 2677 sanctis
800 2625 963 2688 dona,
988 2623 1225 2679 Christe.
1271 2625 1336 2679 Et
1367 2641 1529 2679 nunc.
1585 2623 1773 2678 Tutela
1808 2623 1967 2678 Chri-

392 2711 718 2769 stianorum.
751 2714 1016 2770 Similiter
1047 2717 1208 2771 tertia
1233 2716 1369 2771 feria
1400 2717 1706 2771 contacium
1736 2731 1963 2786 praecur-

391 2804 534 2857 soris
565 2812 620 2859 et
644 2804 922 2873 deinceps.

2082 1543 2227 1598 ματα
2262 1524 2441 1596 ἡμῶν,
2473 1524 2543 1577 τά
2571 1522 2793 1577 ἑκουσία
2825 1522 2916 1575 καὶ
2952 1518 3020 1573 τὰ
3044 1516 3293 1579 ἀκούσια,
3322 1512 3391 1567 τὰ
3418 1516 3475 1565 ὲν
3506 1510 3653 1582 ἔργῳ

2077 1622 2172 1673 καὶ
2208 1619 2371 1690 λόγῳ.
2411 1618 2479 1672 τὰ
2509 1619 2568 1670 ἐν
2591 1603 2788 1685 γνώσει
2816 1616 2911 1668 καὶ
2946 1616 3005 1667 ἐν
3046 1611 3259 1681 ἀγνοίᾳ,
3302 1607 3372 1662 τὰ
3394 1608 3453 1660 ἑν
3497 1605 3654 1659 νυκτὶ

2077 1711 2170 1765 κα)⁸
2214 1713 2271 1764 ἑν
2300 1712 2406 1782 ὴμέ
2418 1729 2505 1784 ρᾳ,
2534 1710 2602 1764 τὰ
2648 1707 2789 1763 κατά
2814 1707 2939 1761 νοῦν
2969 1708 3062 1760 καὶ
3100 1704 3358 1758 διάνοιαν·
3381 1699 3451 1753 τὰ
3476 1699 3653 1753 πάντα

2076 1804 2208 1874 ἡμῖν
2232 1802 2608 1876 συγχώρησον,
2634 1803 2711 1867 ὡς
2742 1800 2943 1872 ἀγαθὸς
2969 1799 3064 1853 καὶ
3095 1795 3495 1869 φιλάνθρωπος.

2145 1977 2258 2031 Καὶ
2311 1980 2360 2032 εί
2415 1980 2515 2049 μὲν
2557 1978 2674 2033 ἔστι
2731 1977 3035 2047 Δεσποτικὴ
3070 1974 3250 2047 ἑορτὴ,
3318 1971 3551 2042 λέγομεν
3589 1969 3655 2023 τὸ

2071 2068 2276 2141 ταύτης
2295 2072 2598 2125 κοντάκιον·
2622 2071 2741 2125 είδὲ
2772 2071 2925 2142 τύχοι
2957 2070 3050 2123 καὶ
3081 2068 3235 2137 άγιος
3265 2063 3651 2137 ἑορταζόμενος

2074 2163 2132 2214 ὲν
2162 2163 2354 2233 ταύτῃ,
2389 2162 2606 2232 λέγεται
2643 2165 2861 2234 πρῶτον
2885 2164 2948 2216 τὸ
2976 2160 3069 2216 τοῦ
3110 2161 3289 2229 ἀγίουο
3323 2156 3483 2224 Δόξαο
3539 2155 3652 2209 Καὶ

2073 2249 2187 2304 νῦν⁹
2224 2252 2452 2327 (ἔπειτα)
2475 2255 2537 2308 τὸ
2568 2255 2668 2325 τῆς
2693 2256 2902 2326 ἑορτῆς.
2932 2255 2997 2309 El
3020 2254 3063 2308 δ’
3091 2249 3404 2323 Ἀλληλούῖα
3430 2245 3647 2317 ἔψαλτο,

2071 2345 2233 2414 ἢούκ
2281 2345 2395 2399 ἔστι
2443 2348 2748 2419 Δεσποτικὴ
2802 2347 2984 2419 ἑορτὴ,
3025 2346 3152 2413 λέγε
3186 2343 3401 2415 πρῶτον
3445 2339 3506 2393 τὸ
3549 2338 3651 2397 τῆς

2070 2438 2582 2510 Μεταμορφώσεως,
2633 2437 2750 2493 εἶτα
2787 2440 2848 2493 τὸ
2876 2441 2976 2510 τῆς
3028 2438 3261 2509 ἡμέρας
3306 2437 3373 2505 τῇ
3422 2432 3650 2502 δευτέρᾳ

2070 2528 2178 2583 τῶν
2214 2531 2561 2601 Ἀσωμάτων.
2597 2532 2752 2597 Δόξα.
2787 2531 2940 2585 Μετὰ
2974 2530 3080 2584 τῶν
3115 2528 3284 2597 ἁγίων
3311 2525 3645 2585 ἀνάπαυσον,

2068 2624 2289 2696 Χριστέ.
2316 2625 2425 2678 Καὶ
2458 2626 2571 2679 νῦν.
2602 2627 2913 2698 Προστασία
2941 2624 3048 2678 τῶν
3068 2621 3426 2696 Χριστιανῶν.
3465 2614 3650 2672 Ὡσαύ-

2071 2732 2178 2780 τως
2209 2718 2275 2788 τῇ
2306 2717 2464 2789 τρίτῃ
2485 2716 2579 2770 τοῦ
2602 2718 2932 2789 προδρόμου,
2967 2717 3062 2770 καὶ
3087 2714 3340 2784 καθεξῆς.

459 2916 587 2974 261.
616 2917 744 2975 Haec
773 2930 956 2975 autem
989 2923 1236 2978 contacia
1267 2923 1320 2979 in
1352 2923 1644 2994 Horologio
1678 2924 1890 2994 integra
1921 2919 2318 2991 subjiciuntur,
2354 2925 2456 2976 hoc
2491 2923 2667 2977 modo.

741 3032 1056 3088 Contacium
1083 3036 1614 3107 Transﬁgurationis.

461 3123 517 3177 In
572 3132 756 3179 monte
804 3125 1226 3193 transﬁguratus
1290 3142 1350 3182 es
1375 3167 1390 3192 ,
1425 3129 1644 3184 Christe
1695 3129 1839 3183 Dens
1870 3146 1882 3181 :
1913 3135 1967 3182 et

389 3227 651 3282 quantum
682 3231 909 3287 capaces
947 3227 1106 3272 erant
1148 3218 1398 3289 discipuli
1437 3222 1537 3285 tui,
1570 3222 1823 3275 viderunt
1851 3220 1967 3289 glo-

391 3307 528 3362 riam
588 3317 768 3378 tuam,
803 3320 862 3365 ut
901 3312 1118 3380 quando
1154 3321 1205 3366 te
1243 3323 1536 3368 cernerent
1581 3313 1852 3368 sublatum
1911 3313 1963 3366 in

389 3414 632 3469 crucem,
666 3412 958 3457 nossentte
985 3404 1035 3457 id
1069 3405 1175 3472 pati
1208 3405 1413 3471 libere;
1446 3416 1501 3460 et
1525 3415 1582 3459 ut
1606 3406 1968 3476 praedicarent

391 3492 611 3559 mundo,
648 3509 770 3547 esse
800 3503 850 3548 te
882 3494 1056 3549 Patris
1078 3495 1444 3564 splendorem.

456 3581 582 3637 262.
614 3582 771 3638 Feria
795 3600 855 3650 ιι,
877 3586 1183 3640 contacium
1219 3574 1687 3655 liicorporeorum,
1722 3599 1881 3641 tonus
1906 3586 1962 3641 2.

460 3676 853 3748 Archistrategi
904 3678 1021 3746 Dei,
1063 3680 1371 3735 administri
1417 3682 1613 3736 divina:
1646 3682 1967 3752 glorite,au-

387 3764 627 3832 gelorum
684 3768 980 3834 ductores,
1028 3779 1085 3824 et
1144 3771 1420 3840 principes
1479 3773 1975 3842 incorporeorum;

386 3859 529 3925 quod
560 3863 834 3926 convenit,
875 3861 926 3915 id
965 3863 1120 3916 nobis
1150 3864 1338 3931 petite,
1381 3874 1437 3918 et
1464 3880 1715 3933 magnam
1749 3863 1964 3918 miscri-

387 3950 652 4011 cordiam,
675 3951 815 4005 sicut
846 3951 1226 4021 incorporeum
1260 3955 1663 4025 arehistrategi.

457 4040 585 4097 265.
619 4040 772 4095 Feria
802 4059 883 4105 ut,
909 4045 1218 4098 contacium
1255 4048 1626 4115 praecursoris.
1679 4046 1863 4103 Tonus
1892 4049 1959 4119 β’,

388 4133 527 4191 sicut
546 4133 626 4187 Τὰ
664 4134 775 4187 ἄνω
798 4133 997 4206 ζητῶν.

457 4224 722 4293 Pmpheta
781 4224 901 4291 Dei,
959 4234 1014 4278 et
1054 4224 1366 4280 Praecursor
1417 4229 1629 4297 gratiae,
1698 4245 1731 4285 e
1788 4232 1963 4299 capite

2493 3035 2568 3089 Τὸ
2596 3035 2694 3105 τῆς
2738 3031 3248 3105 Μεταμορφώσεως.

2156 3129 2280 3183 Ἐπὶ
2307 3129 2402 3183 τοῦ
2430 3129 2591 3200 ὅρους
2642 3125 3072 3199 μετεμορφώθης
3111 3141 3125 3154 ·
3164 3124 3259 3177 καὶ
3306 3121 3381 3185 ὡς
3409 3119 3655 3192 ἐχώρουν

2071 3221 2121 3272 oi.
2150 3218 2389 3289 μαθηταί
2420 3235 2514 3272 σου
2546 3217 2646 3289 τὴν
2673 3217 2830 3284 δόξαν
2862 3233 2978 3277 σου,
3020 3214 3221 3288 Χριστὲ
3257 3213 3289 3267 ὁ
3313 3210 3463 3276 Θεὸς,
3494 3209 3624 3265 ὲθεά

2074 3327 2255 3364 σαντο’
2283 3310 2390 3373 ἵνα,
2423 3311 2551 3363 ὅταν
2587 3326 2647 3362 σε
2674 3307 2826 3362 ίδωσι
2869 3305 3290 3379 σταυρούμενον,
3314 3305 3376 3359 τὸ
3409 3304 3506 3374 μὲν
3539 3303 3647 3356 πά-

2072 3399 2163 3463 θος
2187 3401 2451 3471 νοήσωσιν
2493 3398 2758 3465 ὲκούσιον,
2788 3398 2867 3469 τῷ
2891 3398 2947 3451 δὲ
2979 3398 3170 3468 κόσμῳ
3198 3396 3527 3468 κηρύξωσιν,
3561 3396 3646 3450 ὅτι

2070 3492 2138 3545 σὺ
2192 3492 2458 3564 ὑπάρχεις
2500 3492 2716 3563 ἀληθῶς
2758 3491 2850 3545 τοῦ
2891 3491 3103 3561 Πατρὸς
3133 3489 3195 3542 τὸ
3229 3489 3587 3559 ἀπαύγασμα.

2142 3585 2220 3655 Τῇ
2248 3584 2293 3654 β’
2325 3585 2606 3639 κοντάκιον
2633 3584 2742 3639 τῶν
2788 3584 3114 3655 ἀσωμάτων.
3158 3579 3331 3654 Ἧχος
3370 3581 3434 3652 β’-

2072 3718 2080 3727 .
2153 3677 2602 3749 Ἀρχιστράτηγοι
2679 3677 2847 3740 Θεοῦ,
2901 3676 3207 3747 λειτουργοὶ
3262 3675 3409 3737 θείας
3462 3673 3645 3743 δόξης,

2068 3769 2178 3823 τῶν
2203 3768 2450 3837 ἀγγέλων
2462 3769 2666 3837 ὁδηγοὶ,
2690 3770 2785 3831 καὶ
2812 3767 3044 3838 ἀρχηγοὶ
3079 3766 3405 3837 ἀσωμάτων,
3427 3763 3488 3816 τὸ
3506 3780 3645 3832 συμ-

2071 3860 2232 3931 φέρον
2265 3863 2395 3931 ἡμῖν
2424 3860 2817 3931 πρεσϐεύσατε,
2859 3862 2954 3913 καὶ
2979 3859 3041 3912 τὸ
3071 3859 3215 3930 μέγα
3238 3858 3405 3923 ἕλεος,
3436 3857 3513 3919 ὡς
3532 3854 3645 3909 τῶν

2068 3952 2375 4022 ἀσωμάτων
2401 3951 2849 4022 άρχιστράτηγοι.
3502 3964 3503 3967 ‘

2141 4045 2219 4114 Τῇ
2253 4042 2408 4113 τρίτῃ
2440 4042 2532 4095 τοῦ
2568 4041 2878 4113 Προδρόμου
2926 4056 3231 4095 κοντακιον.
3261 4034 3434 4110 τΗχος
3466 4035 3532 4107 β’.
3559 4035 3644 4090 Τὰ

2068 4135 2181 4190 ἀνω
2202 4134 2401 4206 ζητῶν.

2139 4225 2407 4297 Προφῆτα
2452 4221 2610 4286 Θεοῦ,
2679 4221 2775 4276 καὶ
2812 4221 3085 4293 πρόδρομε
3117 4222 3214 4291 τῆς
3255 4220 3495 4291 χάριτος,
3541 4217 3644 4287 τὴν

390 4323 505 4381 tuo,
533 4317 677 4368 velut
709 4316 1002 4370 sacerritna
1053 4330 1175 4369 rosa
1198 4356 1212 4382 ,
1244 4317 1295 4369 in
1328 4328 1469 4371 terra
1502 4320 1746 4387 invento,
1776 4324 1962 4377 mede-

2072 4316 2245 4388 κάραν
2298 4314 2396 4386 τὴν
2437 4314 2555 4384 σὴν,
2586 4313 2660 4376 ὡς
2706 4313 2858 4383 ῥόδον
2891 4311 3199 4383 ἱερώτατον,
3236 4314 3300 4364 ὲκ
3349 4310 3451 4381 γῆς
3478 4309 3642 4380 εὑρά-

389 4405 494 4459 lam
552 4421 768 4471 semper
805 4408 1105 4474 accipimus
1134 4426 1148 4461 :
1174 4409 1400 4477 etenim,
1431 4420 1488 4465 ut
1517 4420 1663 4476 ante,
1699 4416 1963 4484 praedicas

389 4495 589 4550 mundo
611 4495 1012 4567 pmnitentiam.

453 4673 580 4730 964.
613 4671 768 4729 Feria
800 4691 855 4731 tv
879 4684 935 4730 et
963 4690 1038 4737 Vl,
1073 4675 1195 4732 hoc.
1222 4675 1403 4733 Tonns
1433 4678 1489 4735 4.

455 4769 674 4824 Christe
724 4769 887 4834 Deus,
946 4769 1038 4839 qui
1074 4771 1218 4824 ultro
1247 4770 1469 4826 sulllxus
1490 4788 1548 4827 es
1574 4772 1748 4841 cruci,
1770 4784 1960 4830 osten-

387 4861 454 4917 de
487 4860 918 4917 misericordiam
949 4874 1116 4925 tuam,
1147 4880 1285 4918 nova
1320 4865 1406 4917 illa
1439 4880 1559 4933 quae
1604 4880 1635 4918 a
1682 4874 1735 4921 te
1762 4880 1964 4935 cogno-

385 4953 625 5006 minatur
654 4952 1056 5020 gubernatione
1095 4970 1109 5007 :
1144 4954 1384 5007 exhilara
1419 4955 1618 5008 virtute
1645 4965 1735 5009 tua
1777 4956 1962 5011 ﬁdeles

387 5044 744 5111 imperatores
783 5054 996 5098 nostros
1024 5063 1039 5099 :
1069 5045 1199 5114 ipsis
1228 5046 1485 5100 victorias
1512 5042 1771 5108 c0ncede,
1802 5055 1856 5101 et
1882 5046 1963 5100 fer

385 5146 573 5190 eontra
607 5137 790 5192 hostes
815 5139 1451 5206 auxilium,armaturam
1483 5141 1656 5210 pacis,
1691 5152 1956 5211 tropaeum

386 5227 833 5296 inexpugnabﬂe.

454 5319 584 5372 265.
615 5319 775 5374 Feria
809 5335 863 5386 ν,
895 5319 997 5375 SS.
1027 5321 1417 5391 apostolorum.
1444 5320 1628 5377 Tonns
1652 5325 1709 5378 ‘2.

460 5409 695 5466 Securos
753 5421 810 5465 et
877 5413 1057 5467 divina
1117 5413 1330 5469 locutos
1385 5429 1691 5483 praecones,
1724 5415 1962 5483 discipu-

388 5499 565 5556 lorum
605 5513 821 5556 tuorum
856 5504 1127 5572 columen,
1169 5506 1415 5569 Domine,
1450 5506 1716 5562 admisisti
1749 5507 1813 5562 ad
1838 5522 1960 5575 per-

390 5593 678 5647 fruendum
708 5594 863 5650 bonis
894 5597 1020 5662 tuis,
1052 5606 1108 5652 et
1135 5600 1203 5652 ad
1233 5599 1713 5668 requiescendum;
1742 5599 1957 5654 illorum

390 5684 539 5741 enim
574 5683 789 5741 labores
811 5700 875 5741 ac
924 5697 1153 5746 mortem
1184 5691 1377 5759 quovis
1407 5691 1725 5750 holocausta
1767 5692 1957 5749 luben-

2069 4424 2241 4479 μενοι,
2291 4407 2393 4470 τάς
2451 4407 2622 4470 ἰάσεις
2672 4405 2902 4459 πάντοτε
2953 4405 3323 4475 λαμϐάνομεν·
3385 4402 3480 4455 καὶ
3529 4400 3645 4471 γάρ

2067 4502 2249 4566 πάλιν,
2277 4501 2352 4565 ὼς
2397 4500 2679 4572 πρότερον,
2720 4501 2778 4554 ὲν
2815 4500 3005 4570 κόσμῳ
3037 4498 3325 4571 κηρύττεις
3356 4497 3452 4569 τὴν
3485 4494 3647 4566 μετά-

2067 4611 2237 4648 νοιαν.

2137 4685 2217 4755 Τῇ
2239 4683 2455 4756 τετράδι
2484 4683 2576 4737 καὶ
2598 4684 2664 4753 τῇ
2699 4681 3020 4753 παρασκευῇ
3036 4676 3212 4730 τοῦτο.
3236 4672 3410 4745 ’Ἦχος
3430 4675 3492 4731 δ’.

2147 4778 2205 4831 Ὀ
2234 4776 2470 4845 ὑψωθεὶς
2525 4777 2584 4829 ὲν
2643 4774 2722 4844 τῷ
2738 4771 2953 4844 σταυρῷ
2974 4769 3255 4833 ἑκουσίως,
3273 4770 3339 4839 τῇ
3369 4765 3645 4837 ἐπωνύμῳ

2067 4887 2159 4924 σου
2190 4872 2348 4941 καινῇ
2399 4868 2644 4939 πολιτείᾳ
2692 4868 2820 4930 τοὺς
2867 4863 3184 4936 οίκτιρμούς
3240 4879 3331 4914 σου
3374 4859 3637 4931 δώρησαι,

2064 4961 2267 5033 Χριστὲ
2293 4964 2321 5015 ὁ
2352 4961 2504 5024 Θεόςο
2540 4960 2809 5031 εῦφρανον
2834 4960 2892 5011 ὲν
2916 4958 2983 5027 τῇ
3008 4954 3233 5024 δυνάμει
3270 4971 3362 5007 σου
3391 4955 3519 5017 τοὺς
3550 4971 3641 5006 πι-

2065 5055 2224 5117 στοὺς
2278 5053 2515 5124 βασιλεῖς
2558 5052 2739 5124 ἡμῶν·
2774 5051 2929 5115 νίκας
2970 5049 3220 5123 χορηγῶν
3262 5049 3465 5111 αὐτοῖς,
3497 5047 3642 5100 κατὰ

2065 5146 2174 5201 τῶν
2205 5147 2479 5218 πολεμίων
2514 5145 2830 5216 συμμαχίαν
2847 5144 3021 5216 ἔχοιεν
3047 5143 3145 5215 τὴν
3169 5143 3287 5215 σὴν,
3312 5142 3472 5196 ὅπλον
3492 5142 3646 5213 εἰρή-

2066 5254 2182 5309 νης,
2215 5239 2480 5308 ἀήττητον
2500 5237 2779 5309 τρόπαιον.

2132 5332 2212 5402 Τῇ
2246 5332 2469 5402 πέμπτῃ
2496 5331 2604 5384 τῶν
2638 5331 2808 5398 ἁγίων
2836 5329 3170 5383 ἀποστόλων.
3207 5324 3383 5398 Ἦχος
3402 5327 3466 5397 β’.

2138 5422 2277 5485 Τοὺς
2323 5421 2584 5491 ἀσφαλεῖς
2627 5421 2722 5475 καὶ
2784 5419 3151 5488 θεοερθόγγους
3214 5420 3485 5491 κήρυκας,
3541 5415 3641 5484 τὴν

2068 5512 2309 5582 κορυφὴν
2338 5513 2445 5565 τῶν
2478 5510 2734 5583 μαθητῶν
2773 5528 2889 5577 σου,
2944 5510 3136 5583 Κύριε,
3177 5506 3510 5581 προσελάϐου
3559 5507 3640 5569 είς

2067 5602 2363 5657 ἀπόλαυσιν
2396 5603 2501 5657 τῶν
2532 5601 2750 5671 ἀγαθῶν
2782 5618 2876 5654 σου
2909 5602 3004 5656 καὶ
3031 5602 3352 5656 ἀνάπαυσιν’
3388 5597 3513 5659 τοὺς
3541 5596 3640 5648 πό·

2065 5710 2187 5757 νους
2231 5693 2338 5764 γὰρ
2367 5694 2590 5748 ἐκείνων
2620 5693 2713 5747 καὶ
2747 5692 2837 5748 τὸν
2868 5690 3093 5747 θάνατον
3143 5690 3308 5758 ἐδέξω
3356 5687 3494 5759 ὑπὲρ
3527 5686 3638 5740 πᾶ·-
