4076 6226
1444 359 1840 416 ACOLUTHIA
1877 358 2214 417 TRIPLICIS
2254 355 2470 419 FESTI.
2537 359 2540 362 ’

3367 385 3642 428 στριξκεν

392 498 490 534 σαν
545 480 951 554 ὀλοκάρπωσιν,
1012 481 1040 532 ὁ
1097 478 1255 550 μόνος
1312 479 1594 546 γινώσκων
1645 481 1711 533 τὰ
1767 483 1948 553 ἑγκάρ·

2077 485 2184 540 tius
2205 487 2524 555 suscepisti,
2557 497 2610 541 tu
2641 488 2730 557 qui
2767 489 2910 543 solus
2939 503 3101 542 corua
3147 492 3405 558 pernosti.

381 590 496 626 ·οια.

461 664 539 736 Τῇ
565 664 700 735 αὐτῇ
727 664 912 734 ἡμέρᾳ.
934 660 1033 716 τοῦ
1081 663 1233 732 ἁγίου
1281 663 1567 718 Νικολάου.
1595 659 1766 734 Ἦχος
1795 672 1864 732 γ’.
1899 665 1966 718 Ἠ

391 760 471 811 Πα
482 759 668 828 ρθὲνος
699 758 762 826 σή
775 774 837 826 με
848 773 952 827 ρον.

473 852 559 903 Ἐν
585 855 694 913 τοῖς
710 850 942 921 Μύροις.
971 847 1114 916 ἆγιε,
1149 848 1426 919 ίερουργὸς
1456 849 1768 921 ἀνεδείχθης
1794 867 1810 884 ⁸
1868 850 1962 904 τοῦ

389 942 622 1013 Χριστοῦ
653 943 781 1012 γὰρ,
813 941 946 1003 ὅσιε,
977 940 1035 992 τὸ
1061 940 1387 1007 Εὐαγγὲλιον
1421 940 1738 1012 πληρώσας,
1764 942 1966 1013 ἔθηκας

389 1037 486 1105 τὴν
549 1034 726 1104 ψυχήν
782 1050 876 1085 σου
909 1033 1047 1102 ὑπὲρ
1087 1030 1218 1084 λαοῦ
1263 1049 1378 1096 σου,
1444 1032 1539 1085 καὶ
1586 1032 1797 1097 ἔσωσας
1841 1037 1967 1098 τοὺς

389 1125 595 1189 ὰθὼους
622 1129 685 1179 ἐκ
712 1125 806 1178 τοῦ
838 1125 1092 1178 θανάτου·
1121 1124 1211 1178 διὰ
1241 1123 1397 1177 τοῦτο
1429 1124 1718 1196 ἡγιάσθηςν
1749 1126 1825 1189 ὡς
1868 1127 1964 1197 μέ·

386 1237 486 1288 γας
511 1217 717 1290 μύστης
739 1217 871 1270 Θεοῦ
897 1218 996 1286 τῆς
1021 1217 1264 1289 χάριτος.

458 1311 545 1380 Τῷ
599 1310 860 1379 Σαϐϐάτῳ
905 1309 1133 1379 λέγομεν
1187 1309 1324 1374 Δόξα
1390 1309 1526 1380 μετὰ
1597 1308 1703 1382 τῶν
1752 1309 1956 1378 ἁγίων,

383 1405 478 1458 καὶ
499 1403 560 1456 τὸ
590 1403 762 1474 παρὸν
800 1403 1134 1474 μαρτυρικὸν
1175 1402 1490 1474 τροπὰριον.
1520 1398 1690 1472 τΗχος
1708 1401 1798 1454 πλ.
1828 1401 1888 1455 δ’.
1933 1421 1950 1452 ι

451 1565 578 1618 ⁸262.
632 1562 812 1619 Couu.
856 1562 968 1618 Hoc
1043 1564 1340 1632 treparium

385 1635 617 1701 φύσεως.

452 1797 622 1852 Τοῦτο
692 1797 750 1851 δὲ
801 1796 1017 1863 λέγεται
1078 1793 1199 1847 καθ’
1246 1794 1484 1865 ἑκάστην
1535 1793 1691 1857 ἐκτὸς
1739 1793 1951 1848 Σαϐϐά-

378 1907 491 1942 του.

451 1980 761 2051 Προστασία
799 1979 908 2031 τῶν
967 1978 1308 2050 Χριστιανῶν
1357 1978 1774 2048 ἀκαταίσχυντε,
1804 1992 1958 2047 μεσι-

378 2074 496 2125 τεία
522 2073 658 2144 πρὸς
683 2072 772 2124 τὸν
804 2070 1038 2142 Ποιητὴν
1061 2070 1382 2140 ἁμετὰθετε,
1416 2070 1488 2140 μὴ
1518 2069 1752 2141 παρίδῃς
1779 2069 1959 2138 ἁμαρ-

2141 664 2266 719 266.
2301 664 2496 718 Eadem
2532 662 2664 718 feria
2692 667 2993 720 contacium
3028 665 3085 722 S.
3115 665 3341 720 Nicolai.
3373 665 3554 721 Tonus
3581 665 3637 730 3,

2067 762 2206 813 sicut
2242 759 2302 809 'H
2331 756 2604 828 Παρθένος
2634 758 2892 829 σήμερον.

2146 850 2490 914 Mirensihns,
2558 865 2592 902 0
2652 860 2869 912 sancte,
2909 849 3053 903 fuisti
3093 865 3367 905 sacrorum
3402 849 3638 903 admini-

2069 952 2214 997 ster:
2246 958 2370 996 nam
2399 941 2599 995 Christi
2645 941 2993 1012 Evangelium
3028 943 3328 1011 adimplens
3357 982 3372 1006 ,
3405 958 3438 996 0
3468 942 3591 995 dive
3616 979 3633 1005 ,

2069 1034 2301 1085 animam
2337 1043 2478 1084 tuam
2513 1033 2737 1100 posuisti
2772 1048 2869 1100 pro
2898 1033 3095 1102 populo
3147 1045 3237 1086 tuo
3262 1073 3277 1098 ,
3315 1034 3638 1086 innocentes

2068 1123 2315 1192 eripuisti
2349 1139 2378 1175 c
2408 1135 2581 1176 morte
2608 1163 2622 1188 ,
2656 1125 2775 1177 ideo
2809 1126 2950 1179 sicut
2983 1139 3212 1194 magnus
3236 1132 3410 1194 mysta
3443 1123 3638 1176 divinae

2067 1216 2276 1286 gratiae,
2309 1217 2678 1271 sanctiﬁcatus
2704 1233 2784 1272 es.

2139 1305 2372 1357 Subbztlo
2433 1306 2683 1370 dicimus,
2729 1307 2910 1362 Gloria
2945 1323 3067 1363 cum
3115 1312 3338 1379 sanctis,
3388 1325 3446 1370 et
3494 1330 3634 1384 prai-

2067 1413 2188 1454 scns
2224 1399 2516 1467 treparium
2552 1411 2873 1455 martvrum.
2924 1401 3110 1457 Tonus
3141 1405 3392 1474 obliquus

1421 1562 1664 1617 invenies
1720 1577 1872 1616 num.
1924 1561 1948 1613 ἓ

2091 1571 2140 1614 et
2209 1560 2500 1613 inchoatur
2559 1562 2626 1615 ab
2684 1561 2768 1615 his
2814 1563 2993 1617 verbis
3032 1577 3046 1614 :
3095 1563 3183 1628 Ὠς
3233 1563 3487 1635 ἀπαρχὰς
3536 1564 3639 1636 τῆς

2130 1789 2262 1844 Illud
2332 1801 2508 1846 autem
2543 1834 2558 1857 ,
2616 1795 2757 1863 quod
2802 1795 3068 1863 sequitur,
3109 1795 3306 1850 dicitur
3357 1797 3622 1867 quotidie,

2061 1893 2420 1952 praeterquam
2455 1885 2507 1938 in
2541 1885 2802 1940 Sabbato.

2127 1974 2312 2028 Tutela
2374 1975 2844 2043 Christianorum,
2898 1993 3018 2048 qua:
3067 1994 3172 2033 non
3235 1978 3629 2042 confunditur;

2055 2063 2411 2119 immutabilis
2465 2067 2604 2134 apud
2661 2068 3008 2122 Conditorem
3050 2071 3398 2135 intercessio;
3432 2085 3499 2124 ne
3541 2073 3634 2123 de-

377 2163 562 2216 τωλῶν
583 2164 817 2234 δεήσεων
834 2163 1037 2230 φωνάς·
1072 2163 1207 2216 ἀλλὰ
1237 2164 1552 2235 πρὸφθασον
1570 2164 1644 2226 ὡς
1678 2163 1856 2233 ἀγαθὴ
1875 2165 1948 2225 είς

2056 2157 2252 2224 spicias
2277 2173 2434 2210 voces
2465 2166 2810 2226 peccatorum
2846 2162 3272 2230 deprecantium,
3303 2165 3396 2216 sed
3427 2174 3632 2215 matura

377 2253 480 2325 τὴν
505 2253 805 2324 βοήθειανὴ
817 2253 951 2324 μῶν,
981 2255 1090 2306 τῶν
1141 2253 1349 2317 πιστῶς
1389 2253 1808 2326 κραυγαζόντων
1849 2271 1948 2307 σοι·

379 2347 619 2416 Τάχυνον
669 2346 749 2410 είς
785 2346 1100 2416 πρεσϐείαν,
1133 2349 1228 2402 καὶ
1263 2349 1498 2401 σπεῦσον
1542 2350 1623 2412 είς
1667 2347 1892 2413 ἱκεσίαν,
1915 2347 1951 2417 ἡ

379 2437 819 2505 προστατεύουσα
843 2439 949 2504 ἀεὶ,
976 2438 1225 2505 Θεοτὸκε,
1261 2439 1369 2494 τῶν
1396 2439 1680 2498 τιμώντων
1705 2456 1787 2492 σε.

446 2615 539 2680 Τὸ,
575 2616 1027 2689 Κύριε,ὲλέησον,
1056 2626 1127 2690 μ’·
1156 2619 1272 2681 καὶ,
1294 2621 1341 2671 εἰ
1369 2619 1482 2673 ἔστι
1506 2618 1948 2689 Τεσσαρακοστὴ,

377 2704 487 2776 Τὴν
517 2707 844 2778 τιμιωτέραν
866 2707 972 2761 τῶν
989 2708 1269 2779 χερουϐίμ.
1289 2710 1374 2761 Ἐν
1391 2708 1468 2777 τῷ
1484 2709 1705 2778 ὀνόματι
1721 2706 1947 2778 Κυρίου,

376 2797 685 2867 εῦλόγησον,
714 2799 916 2871 Πάτερ.
955 2801 1010 2854 '0
1039 2800 1236 2871 ἱερεύς·
1280 2801 1339 2852 '0
1369 2799 1572 2870 Κύριος
1605 2801 1949 2870 οἰκτειρήσαι

375 2891 521 2960 ἡμᾶς
541 2931 555 2952 ,
582 2891 675 2943 καὶ
705 2891 802 2954 τὰς
831 2892 1220 2962 τετυπωμένας
1268 2892 1572 2963 μετανοίας.
1602 2888 1736 2944 Εἶτα
1787 2892 1950 2962 Τρισ-

375 2986 546 3053 ἁγιον,
579 2985 824 3053 Παναγία
855 2985 1046 3055 Τριᾰς,
1101 2985 1282 3055 Πάτερ
1344 2984 1519 3054 ἡμῶν,
1557 2983 1752 3055 Κύριε,
1793 2983 1950 3052 ἐλέη-

375 3092 465 3129 σον
502 3075 588 3128 ιϐ’.
620 3078 717 3148 Εἵη
747 3078 807 3130 τὸ
842 3077 1010 3147 ὄνομα
1051 3079 1257 3149 Κυρίου
1296 3077 1677 3148 εὐλογημένον,
1716 3077 1810 3130 καὶ
1854 3077 1947 3130 τὸν

369 3169 578 3239 ψαλμὸν
605 3170 707 3238 λγ’.
756 3171 818 3222 Εἰ
844 3171 888 3223 δ’
935 3172 1035 3222 οὐκ
1065 3170 1179 3224 ἔστι
1215 3169 1656 3240 Τεσσαρακοστὴ,
1697 3167 1836 3237 μετὰ
1861 3167 1942 3233 τὺ,

371 3256 563 3328 Κύριε,
597 3259 837 3330 ἐλέησον,
873 3267 943 3329 μ’,
976 3261 1136 3323 εὐθυς
1165 3262 1244 3324 τὸ,
1268 3261 1365 3331 Εῖη
1399 3259 1460 3311 τὸ
1495 3259 1664 3328 ὄνομα
1710 3258 1944 3329 Κυρίου,

371 3347 434 3399 ὲκ
486 3349 690 3418 τρίτου.
732 3348 889 3416 Δόξα,
920 3351 1030 3403 Καὶ
1058 3350 1173 3414 νῦν,
1216 3350 1545 3418 καὶγίνεται
1589 3349 1872 3412 ἀπόλυσις.

2059 2247 2215 2300 nobis
2252 2248 2394 2301 ferre
2426 2249 2685 2302 auxilium
2719 2269 2732 2304 :
2771 2254 2837 2304 ad
2877 2263 2928 2304 te
2956 2254 3096 2304 enim
3148 2253 3378 2306 ﬁdeliter
3428 2255 3634 2307 clama—

2053 2355 2194 2404 mus,
2247 2340 2512 2409 Deipara,
2570 2355 2828 2410 perpetua
2895 2356 2947 2400 te
3010 2345 3394 2401 honorantimn
3451 2357 3635 2414 patro-

2054 2445 2146 2494 na,
2207 2429 2528 2500 legationem
2581 2434 2871 2502 accelera;
2931 2437 2997 2490 ad
3057 2435 3507 2506 supplicationem
3553 2436 3637 2493 fe-

2052 2520 2216 2573 stina.
2286 2567 2288 2569 .

2131 2611 2403 2675 Domine,
2484 2610 2783 2675 miserere,
2866 2614 3226 2684 quadragies;
3318 2625 3372 2672 et
3438 2619 3486 2674 si
3539 2618 3633 2690 [sit

2051 2705 2503 2774 Qnadragesima,
2540 2703 2902 2758 Excelsiorem
2953 2706 3250 2763 cherubim.
3305 2710 3361 2764 In
3417 2713 3635 2766 nomine

2053 2795 2303 2857 Domini,
2376 2794 2628 2859 benedic,
2704 2793 2886 2848 Pater.
2929 2795 3240 2867 .Sacerdos
3290 2819 3303 2853 :
3373 2800 3633 2858 Dominus

2050 2886 2373 2939 misereatur
2403 2886 2573 2938 nostri
2601 2902 2616 2950 ;
2644 2897 2700 2939 et
2756 2887 2888 2941 liunt
2933 2891 3250 2958 prazsmutte
3282 2895 3628 2947 reverentiae.

2049 2976 2251 3030 Deinde
2305 2978 2500 3030 dicitur
2547 2976 2900 3046 Trisagium,
2956 2980 3312 3036 Sanctissima
3368 2981 3629 3049 Trinitas,

2047 3068 2208 3122 Pater
2258 3079 2462 3134 noster,
2515 3069 2785 3134 Domine,
2821 3071 3101 3140 miserere,
3165 3075 3479 3142 duodecies,
3537 3077 3626 3131 Sit

2053 3175 2251 3213 nomen
2294 3161 2499 3214 Domini
2531 3163 2872 3216 benedictmn
2907 3165 3006 3234 (n),
3033 3181 3155 3219 cum
3188 3168 3393 3235 psalmo
3426 3183 3628 3225 χχχιιι.

2048 3251 2104 3304 Si
2138 3263 2318 3305 autem
2351 3268 2458 3305 non
2484 3254 2553 3305 sit
2583 3253 3032 3325 Quadragesima,
3064 3267 3211 3325 post,
3252 3259 3500 3324 Domine,
3535 3261 3634 3314 Ini-

2047 3358 2250 3408 serere,
2277 3345 2598 3414 quadragies
2632 3346 2867 3414 dictum,
2914 3349 3112 3403 dicitur
3149 3362 3270 3404 ter:
3309 3354 3394 3408 Sit
3430 3366 3627 3408 nomen

2047 3435 2292 3491 Domini.
2327 3434 2536 3494 Gloria.
2569 3436 2637 3490 Et
2669 3452 2831 3503 nunc,
2861 3449 2914 3494 et
2943 3441 3003 3495 tit
3029 3443 3296 3499 dimissio.

1789 3718 2208 3777 APODIPNUM.

445 3938 587 4013 267.
615 3958 634 3989 ε
671 3940 1032 4013 ᾼιδοίιὶρηιιηι.
1064 3962 1082 3993 ι
1120 3943 1195 3996 uti
1225 3945 1335 4012 jam
1371 3959 1510 3998 nunc
1539 3944 1590 3998 in
1622 3943 1738 4013 ipsa
1767 3945 1960 4012 capitis
1997 3944 2156 4007 hujus
2187 3945 2543 4007 inscriptione
2570 3943 2903 3998 declaratum
2931 3954 3033 4007 est,
3092 3945 3382 4012 respondet
3407 3963 3425 3996 ι
3461 3944 3627 3999 Com-

367 4009 596 4082 pletorip
633 4029 651 4062 ι
694 4009 1004 4063 Latinarum
1030 4031 1044 4076 ;
1074 4009 1254 4080 itaque
1281 4009 1655 4082 nuncupatur,
1676 4016 1803 4079 quia
1836 4009 1945 4065 ἆπὸ
1968 4014 2058 4067 τοῦ
2087 4014 2305 4066 δείπνου
2328 4055 2342 4079 ,
2379 4017 2426 4066 id
2463 4023 2565 4077 cst,
2601 4029 2628 4065 a
2657 4029 2802 4067 creua
2833 4009 3414 4079 decantauit.Duplex
3448 4024 3625 4068 autem

372 4081 510 4147 apud
541 4079 755 4154 Cra-eus
782 4093 864 4154 est
902 4101 918 4132 ι
950 4079 1309 4149 ἀπόδειπνον;
1353 4079 1579 4137 alterum
1617 4084 1780 4153 μέγα,
1816 4086 1948 4151 maju

2068 4085 2295 4137 alterum
2333 4084 2546 4154 μικρόν,
2581 4085 2780 4154 minus.
2812 4103 2830 4132 ι
2865 4083 3021 4138 Prius
3055 4083 3304 4151 pSallitur
3341 4100 3435 4150 per
3460 4093 3626 4138 totum

367 4166 615 4222 magnam
663 4151 1176 4222 Qttatlragesittlum;
1215 4157 1482 4222 posterius
1533 4151 1628 4220 per
1682 4151 1946 4222 reliquum
1980 4157 2105 4207 anni
2166 4151 2376 4222 tempus
2407 4151 2530 4208 :isic
2560 4157 2702 4206 enim
2737 4153 2897 4206 habet
2931 4154 3310 4217 Anlhulogium
3344 4157 3564 4207 Arcudii
3607 4169 3626 4208 :

365 4217 539 4295 ρῦτω.
564 4219 660 4289 μὲν
694 4217 1011 4295 matura
1042 4223 1181 4291 μέγα
1210 4217 1612 4295 ἆπόδειπνονίέν
1657 4229 1722 4295 τῇ
1773 4217 1984 4294 μεγάλῃ
2015 4217 2445 4295 τεσσαρακοστῇ,
2502 4222 2645 4295 κατὰ
2676 4224 2781 4295 τὴν
2805 4223 2958 4287 τάξιν
2984 4223 3076 4275 τοῦ
3102 4223 3328 4295 παλαιοῦ
3366 4225 3460 4277 καὶ
3493 4224 3628 4277 καθ-

363 4286 543 4365 ολικοῦ
566 4286 823 4351 surum-‘3,
856 4286 1374 4365 καθὼ;’γέγραπται
1395 4312 1408 4324 ·
1435 4294 1495 4346 τὸ
1523 4294 1578 4347 δὲ
1609 4286 1803 4365 μικρὸν
1824 4286 2169 4358 α’πόδξιπνον,
2191 4286 2226 4346 ’ὃ
2256 4286 2515 4362 emam
2581 4293 2686 4363 ὅλῳ
2716 4286 2793 4364 τῷ
2830 4286 3005 4364 χρόνῳ
3031 4293 3301 4364 παρεκτὸς
3321 4295 3420 4364 τῆς
3453 4295 3625 4363 μεγά-

365 4358 463 4429 λης
486 4363 947 4431 τεσσαρακοστῆς,
979 4358 1088 4415 etc.
1129 4358 1244 4416 (ita
1279 4369 1490 4430 quidem
1519 4367 1576 4418 ﬁt
1607 4358 1858 4432 inagnunt
1894 4367 1948 4430 A1

2053 4367 2234 4433 ipuunt
2258 4358 2308 4416 in
2345 4382 2533 4432 magna
2565 4358 3012 4431 ριιὲιιιιτὶκᾶέέηιιςὶ,
3049 4358 3347 4417 secundum
3377 4358 3619 4417 Sanctio-

365 4444 486 4481 nem
521 4434 724 4495 antiqui
756 4445 807 4484 et
833 4434 1151 4486 universalis
1188 4435 1396 4503 'l‘ypici,
1436 4437 1573 4488 sicut
1606 4446 1870 4502 scriptum
1897 4450 2014 4498 eSt;
2047 4438 2139 4487 sed
2167 4451 2391 4496 parvum
2419 4439 2785 4501 Apodipnum,
2819 4434 2962 4501 quod
2989 4435 3233 4500 psallitur
3267 4443 3377 4485 lotu
3421 4444 3624 4499 tempo-

365 4514 422 4551 re
446 4510 596 4551 P-xlt'a
632 4503 1140 4569 Quadragt‘simam,
1187 4523 1205 4555 ι
1233 4517 1337 4558 etc.
1375 4506 1507 4558 Ilinc
1539 4507 1887 4573 castigandus
1916 4506 2126 4557 videtur
2152 4505 2489 4572 Guarus,qui
2528 4520 2687 4570 supra
2720 4520 2867 4556 num.
2887 4504 3012 4564 9.55,
3042 4521 3144 4555 non
3168 4505 3397 4556 obscure
3426 4503 3620 4567 innuit,

363 4573 702 4642 Agpmlipnum
733 4575 1281 4640 utrumquequotidie
1311 4577 1548 4628 recitari.
1573 4573 1877 4642 Utrumque
1909 4591 2070 4640 porro
2103 4576 2434 4628 describitur
2459 4575 2509 4626 in
2539 4574 2832 4641 llorologin
2855 4591 2869 4624 :
2893 4576 2984 4625 sed
3011 4576 3134 4638 quia
3172 4589 3422 4641 maguum
3453 4573 3612 4638 proli-

362 4640 606 4712 aiusest,
626 4656 784 4712 quam
820 4647 1170 4695 utcommo-le
1193 4645 1278 4696 hic
1304 4647 1470 4710 possit
1489 4646 1708 4709 esponi,
1728 4640 1934 4698 tantum
1965 4646 2106 4698 dabo
2127 4662 2145 4695 ι
2170 4645 2513 4712 Apodipnum
2535 4644 2734 4707 minus,
2753 4640 2779 4692 ίι
2814 4645 2866 4696 in
2891 4658 2998 4710 quo
3029 4640 3301 4696 interdum
3324 4643 3624 4710 psallidxo~

361 4707 582 4761 λουθιαν
619 4709 846 4762 aliorum
879 4722 1191 4765 sanctorum
1223 4707 1457 4768 diximus
1487 4707 1636 4767 nnin.
1664 4707 1787 4770 190.

432 4887 714 4952 Ποιοῦντες
745 4889 925 4958 στίχον
953 4889 1203 4958 λέγομεν’
1233 4891 1370 4956 Δοξα
1431 4909 1533 4956 σοι,
1587 4892 1720 4955 Θεὸς
1755 4893 1932 4963 ἡμῶν·

2111 4890 2235 4945 268.
2273 4891 2374 4946 Per
2401 4895 2615 4947 modum
2649 4893 2902 4948 versiculi
2972 4894 3224 4961 dicimus,
3254 4891 3440 4947 Gloria
3495 4895 3616 4962 tibi,

359 4978 484 5042 δόξα
509 4996 612 5032 σοι.

431 5070 657 5124 Βασιλεῦ
686 5072 924 5144 οὐράνιε,
954 5074 1302 5144 Παράκλητε,
1339 5073 1399 5126 τὸ
1427 5073 1649 5142 Πνεῦμα
1674 5074 1772 5143 τῆς
1808 5075 1935 5144 ἀλη-

360 5162 530 5227 θείας,
554 5165 582 5216 ὁ
613 5164 886 5234 πανταχοῦ
913 5165 1098 5236 παρὼν
1119 5167 1211 5218 καὶ
1239 5165 1310 5217 τὰ
1326 5165 1502 5218 πάντα
1527 5164 1774 5236 πληρῶν,
1791 5167 1819 5218 ὁ
1835 5165 1935 5234 οη--

361 5256 559 5326 σαυρὸς
590 5255 696 5308 τῶν
746 5257 967 5324 ἀγαθῶν
1027 5258 1120 5308 καὶ
1169 5255 1316 5325 ζωῆς
1367 5255 1618 5326 χορηγὸς,
1669 5255 1790 5307 ἐλθὲ
1843 5255 1940 5307 καὶ

361 5348 636 5417 σκήνωσον
664 5350 722 5400 ἐν
747 5351 897 5418 ἡμῖν,
938 5350 1032 5400 καὶ
1065 5347 1358 5418 καθάρισον
1401 5348 1547 5416 ἡμᾶς
1581 5346 1693 5400 ἀπὸ
1755 5348 1936 5419 πάσης

357 5434 594 5504 κηλίδος,
628 5439 721 5490 καὶ
749 5437 941 5501 σῶσον,
973 5437 1163 5506 ἀγαθὲ,
1185 5438 1281 5500 τὰς
1312 5436 1487 5506 ψυχὰς
1521 5435 1698 5507 ἡμῶν.

429 5526 502 5580 Τὸ
532 5527 839 5599 Τρισάγιον,
890 5531 951 5582 τὸ
1015 5529 1264 5597 Παναγία
1292 5531 1480 5599 Τριὰς,
1518 5529 1703 5600 Πάτερ
1752 5529 1931 5599 ἡμῶν,

356 5615 482 5670 Ὅτι
501 5618 594 5671 σοῦ
609 5621 745 5683 ἐστι,
764 5620 844 5683 τὸ,
868 5621 1060 5692 Κύριε,
1080 5620 1320 5691 ἐλέησον,
1347 5619 1433 5691 ιβ’,
1452 5618 1532 5686 τὸ,
1560 5619 1745 5688 Δεῦτε,
1766 5636 1935 5692 προσ-

427 5794 506 5852 (al
537 5791 677 5848 Psal.
714 5809 847 5860 cxu,
880 5795 935 5847 Ξ.

2044 4981 2184 5037 Deus
2217 4994 2431 5048 noster;
2467 4984 2636 5052 gloria
2664 4987 2780 5039 tibi.

2114 5073 2227 5128 Rex
2285 5076 2547 5139 cmlestis,
2605 5076 2918 5140 Paraclete,
2956 5076 3191 5146 Spiritus
3216 5077 3621 5140 veritatis,ubi-

2041 5179 2146 5233 que
2177 5179 2440 5232 praesens,
2471 5177 2527 5221 et
2560 5166 2773 5235 replens
2803 5168 3010 5231 omnia,
3045 5169 3299 5221 thesanre
3326 5168 3616 5231 bonorum,

2041 5267 2098 5310 et
2124 5259 2246 5309 vitae
2269 5257 2524 5325 largitor;
2561 5258 2684 5310 veni
2721 5269 2774 5311 et
2804 5259 2990 5312 habita
3022 5260 3072 5312 in
3100 5259 3254 5313 nobis
3282 5299 3299 5324 ,
3332 5268 3387 5312 et
3419 5275 3517 5312 nos
3547 5262 3618 5314 ab

2041 5347 2188 5400 omni
2217 5349 2427 5402 macula
2454 5363 2715 5419 expurga,
2749 5360 2804 5403 et
2835 5364 2988 5404 serva
3013 5350 3242 5418 benigne
3271 5352 3483 5405 animas
3519 5367 3616 5405 no-

2039 5447 2208 5493 stras.

2114 5532 2464 5602 Trisagium,
2533 5533 2889 5588 Sanctissima
2959 5532 3220 5599 Trinitas,
3284 5530 3448 5586 Pater
3517 5547 3614 5586 no-

2041 5633 2178 5692 ster,
2228 5625 2366 5692 Quia
2428 5635 2573 5682 tuum
2611 5636 2732 5692 est;
2789 5626 3010 5680 Domine
3038 5666 3054 5692 ,
3096 5626 3380 5691 miserere,
3409 5625 3616 5679 duode-
