4076 6226
451 300 740 342 ευειιιινι

1816 282 2351 339 PROLEGOMENA.

412 402 419 413 '
453 404 597 466 cies;
626 400 834 465 Venite,
866 398 1170 461 adoremus,
1207 405 1317 462 ter;
1341 406 1394 451 et
1421 410 1659 466 psa.mus
1680 412 1733 460 ι..
1758 394 2009 450 Miserere

2117 395 2460 464 κυνήσωμεν,
2494 398 2564 459 γ’,
2606 392 2699 444 καὶ
2728 391 2827 462 τὴν
2882 398 2944 455 ν’,
2994 391 3242 462 Ἐλέησόν
3298 408 3399 461 με,
3437 391 3467 443 6
3515 391 3687 456 Θεὸς,

454 498 581 561 mei,
607 497 766 555 Deus,
787 492 1081 547 secundum
1110 507 1354 559 magnam
1381 490 1808 545 misericordiam
1831 498 2008 542 tuam:

453 599 507 641 et
531 603 677 651 Lxrx,
712 585 869 647 Deus,
902 584 952 636 in
986 583 1310 651 adiutorium
1346 598 1557 648 meum;
1588 592 1642 636 et
1665 595 1809 636 CXLII
1838 620 1854 645 ,
1901 580 2011 634 Do-

454 679 613 739 mine,
648 676 839 731 exaudi
869 678 1168 729 orationem
1204 690 1401 728 meam.

2120 483 2258 537 κατὰ
2292 482 2349 535 τὸ
2403 482 2547 553 μέγα
2592 481 2737 545 ἔλεός
2773 497 2897 534 σου·
2933 481 3027 533 καὶ
3056 481 3151 546 ξθ’,
3189 481 3248 533 '0
3276 479 3408 543 Θεὸς
3457 482 3537 543 εἰς
3584 480 3687 550 τὴν

2121 572 2367 645 βοήθειάν
2424 590 2559 644 μου’
2606 573 2698 626 καὶ
2770 573 2913 644 ρμθ’,
2963 572 3172 643 Κύριε,
3222 571 3541 626 εἰσάκουσον
3586 571 3686 641 τῆς

2119 665 2425 738 προσευχῆς
2458 682 2580 737 μου.
2866 674 2869 679 ’

515 899 640 955 269.
668 899 845 954 (Ζοιιι.
880 899 1084 952 Deinde
1114 899 1432 968 proponitur
1462 898 1741 952 recitanda
1799 895 2092 968 Doxolggia
2126 898 2316 968 major,
2339 909 2513 968 quam
2547 893 2882 968 gedi__num.
2906 892 3045 968 207.
3097 891 3152 968 ln
3186 892 3476 968 Apodipno
3501 899 3681 968 autem

447 975 708 1025 recitatur
744 981 947 1022 tantum
982 961 1148 1038 usque
1178 961 1242 1022 ad
1296 972 1409 1022 haec
1437 968 1912 1038 verba-inclusive,
1970 965 2009 1017 E

2129 961 2221 1019 τὸν
2268 961 2440 1038 αἰῶνα
2488 963 2583 1016 τοῦ
2631 963 2848 1038 αἰῶνος,
2905 963 2957 1014 in
2990 962 3246 1038 saeculum
3284 963 3518 1038 “sa-cuna
3557 961 3685 1038 [fuat

448 1042 565 1093 haec
587 1041 804 1110 dicitur,
834 1040 1029 1110 Κύριε,
1063 1030 1408 1108 ’καταφυγή,
1443 1038 1686 1110 Domine,
1723 1036 1986 1110 refugium
2008 1047 2127 1110 ;__ut
2156 1038 2343 1110 eodem
2374 1035 2721 1110 i||t_)_i.iumero
2755 1035 3028 1110 habetur;
3066 1033 3159 1110 sed
3194 1033 3248 1084 in
3276 1031 3383 1110 [ine
3414 1030 3684 1110 omittitur

447 1110 635 1177 ’Ἄγιος
663 1112 690 1162 6
712 1100 861 1171 Θεός,
898 1100 1127 1162 Sanctus
1164 1100 1338 1173 Deus;
1365 1100 1421 1161 et
1462 1107 1579 1176 ejus
1612 1100 1728 1160 loto
1764 1100 1999 1177 dicitur:

2113 1105 2403 1170 ,mgtmsov,
2441 1102 2720 1177 Κύριε,έν
2751 1104 2815 1172 τῇ
2866 1101 3018 1156 νυκτὶ
3050 1100 3224 1171 ταύτῃ
3267 1101 3683 1172 ἀναμαρτήτους

447 1174 785 1250 φυλαχθῆναι
816 1181 985 1249 ἡμᾶς.
1014 1196 1032 1230 t
1061 1177 1314 1249 Diguat‘e,
1349 1174 1593 1247 Domine,
1629 1186 1789 1233 nocte
1822 1176 1925 1230 ista
1953 1177 2009 1230 sit

2113 1187 2319 1231 )eccato
2350 1190 2450 1229 nos
2477 1174 2773 1227 custodire.
2816 1191 2835 1223 ι

516 1379 708 1434 Postea
755 1380 835 1434 sic
871 1379 1099 1433 dicimus
1150 1394 1166 1432 :
1224 1374 1366 1432 Vere
1422 1378 1642 1449 dignum
1672 1388 1784 1442 est,
1814 1378 2008 1433 Excel-

448 1470 665 1533 siorem,
705 1469 877 1525 Credo
904 1470 956 1522 in
988 1485 1151 1523 unum
1186 1467 1377 1534 Deum,
1414 1466 1722 1539 Trisagion,
1774 1470 2009 1525 Sanctis-

448 1563 583 1615 sima
615 1559 849 1613 Trinitas
873 1600 887 1625 ,
916 1559 1076 1614 Pater
1114 1570 1317 1628 noster,
1369 1562 1664 1629 troparium
1708 1560 1881 1615 sancti
1912 1558 2005 1616 illo

449 1653 534 1705 die
567 1650 797 1714 colendi,
831 1651 914 1703 vel
951 1652 1252 1719 sequentia.

514 1741 641 1798 270.
687 1741 904 1796 Patrum
941 1753 1249 1797 nostrorum
1319 1742 1461 1798 Deus
1484 1784 1499 1806 .
1530 1744 1619 1813 qui
1661 1757 1874 1813 semper
1903 1757 2000 1797 uo-

447 1833 651 1887 biscum
700 1831 994 1902 agisjuxta
1031 1835 1504 1888 mansuetudinem
1544 1847 1720 1901 tuam,
1757 1849 1825 1888 ne
1849 1849 2007 1888 aver-

450 1935 530 1978 tas
561 1924 987 1985 misericordiam
1019 1936 1162 1979 tuam
1188 1941 1216 1978 a
1241 1925 1431 1992 nobis;
1461 1926 1556 1981 sed
1585 1925 1900 1981 eorumdem
1928 1941 2009 1982 ro-

447 2025 571 2084 gatu
614 2016 779 2069 vitam
816 2026 1054 2070 nostram
1091 2017 1141 2070 in
1175 2032 1305 2084 pace
1331 2018 1594 2088 guberna.

517 2105 790 2174 Sanguine
844 2117 1164 2177 martyrum,
1203 2109 1293 2177 qui
1324 2119 1452 2162 sunt
1475 2109 1528 2162 in
1564 2118 1675 2164 toto
1705 2110 1860 2176 orbe,
1900 2110 2010 2164 vel-

447 2204 508 2249 ut
534 2211 767 2263 purpura
799 2211 864 2250 ac
892 2198 1071 2266 bysso,
1098 2207 1288 2250 ornata
1329 2197 1569 2254 Ecclesia
1608 2209 1698 2254 tua
1755 2201 1851 2255 tibi
1894 2200 2009 2256 cla-

448 2293 579 2349 mat,
628 2285 844 2340 Christe
872 2285 1011 2341 Deus
1031 2307 1044 2341 :
1062 2286 1165 2341 Per
1188 2287 1306 2343 illos
1334 2289 1555 2344 ostende
1585 2290 2009 2347 misericordiam

450 2387 595 2429 tuam
628 2377 823 2445 p0pulo
849 2385 962 2443 tuo,
995 2388 1050 2433 et
1082 2394 1268 2448 pacem
1322 2391 1410 2433 tua
1439 2383 1834 2450 gubernatione
1879 2399 2011 2439 con-

447 2467 600 2532 cede,
623 2477 679 2522 et
701 2468 1000 2522 animarum
1031 2470 1289 2526 miserere
1311 2482 1643 2528 nostrarum.

585 2646 787 2703 Gloria.

516 2739 650 2793 Cum
707 2739 911 2793 sanctis
945 2738 1368 2809 dona,Christe,
1428 2743 1673 2812 requiem
1722 2745 2005 2799 animabus

448 2845 726 2884 servorum
759 2840 973 2887 tuorum
1005 2834 1097 2897 ibi,
1133 2836 1224 2889 ubi
1275 2851 1381 2891 non
1421 2845 1508 2892 est
1536 2836 1713 2903 labor,
1765 2852 1873 2891 non
1906 2837 2005 2892 do-

448 2918 550 2984 lor,
586 2936 689 2974 non
718 2922 966 2990 gemitus,
991 2922 1087 2976 sed
1116 2923 1222 2977 vita
1262 2924 1613 2994 sempiterna.

588 3013 652 3067 Et
679 3030 841 3069 nunc.

519 3103 769 3159 Omnium
809 3115 1138 3171 sanctorum,
1204 3120 1268 3160 ac
1320 3105 1564 3174 Deiparae
1591 3111 1864 3179 precibus,
1904 3113 2010 3169 Do-

450 3194 618 3261 mine,
648 3210 834 3264 pacem
884 3206 1026 3250 tuam
1062 3198 1127 3250 da
1173 3197 1331 3253 nobis
1360 3237 1375 3264 ,
1405 3208 1459 3252 et
1512 3200 1770 3257 miserere
1796 3207 2007 3273 nostri,

451 3295 704 3352 tanquam
735 3284 886 3341 solus
915 3287 1250 3342 misericors.

516 3375 641 3429 271.
682 3375 927 3445 Domine,
970 3380 1231 3435 miserere
1279 3382 1638 3451 quadragies;
1693 3386 1886 3443 deinde
1924 3390 2009 3445 dic
2050 3374 2056 3385 ’

447 3469 768 3537 orationem,
823 3470 923 3536 Qui
988 3472 1135 3526 omni
1170 3480 1411 3542 tempore
1466 3484 1522 3528 et
1579 3476 1732 3531 liora.
1788 3478 2005 3545 lterum,

447 3558 694 3625 Domine,
723 3561 1001 3626 miserere,
1048 3574 1149 3619 ter.
1187 3564 1392 3620 Gloria.
1428 3566 1495 3620 Et
1534 3583 1697 3624 nunc.
1732 3570 2010 3628 Excelsio-

448 3665 584 3704 rem.
609 3649 665 3703 In
691 3653 911 3707 nomine
953 3655 1185 3723 Domini,
1211 3656 1455 3724 benedic,
1484 3657 1665 3716 Pater.
1692 3660 1795 3716 Per
1816 3679 2006 3734 preces

446 3749 754 3795 sanctorum
783 3743 1002 3798 Patrum
1044 3756 1370 3805 nostrorum.

518 3829 823 3899 lmpolluta,
890 3833 1344 3905 incontaminata,
1397 3841 1743 3914 incorrupta,
1780 3848 2010 3903 inteme-

449 3932 776 3988 rata,casta,
811 3926 984 3995 virgo,
1018 3926 1111 3981 Dei
1142 3943 1335 3999 sponsa
1356 3971 1371 3997 ,
1407 3933 1665 4004 Domina;
1692 3954 1813 4008 qua:
1839 3940 2006 3995 Deum

2182 1375 2316 1432 Εἶτα
2368 1376 2541 1440 οὕτως
2576 1375 2825 1446 λέγομεν·
2868 1375 3048 1440 Ἀξιόν
3091 1378 3237 1429 ἐστιν
3295 1375 3371 1439 ὡς
3424 1372 3680 1445 ἁληθῶςο

2115 1468 2224 1538 Τὴν
2270 1465 2632 1538 τιμιωτέραν,
2681 1465 2929 1519 Πιστεύω
2972 1467 3052 1528 είς
3084 1465 3178 1517 ἕνα
3220 1464 3372 1527 Θεὸν,
3412 1466 3475 1516 τὸ
3513 1463 3681 1535 Τρισ-

2114 1559 2287 1628 άγιον,
2331 1559 2392 1611 τὸ
2431 1557 2682 1625 Παναγία
2706 1556 2897 1628 Τριὰς,
2930 1557 3013 1622 τὸ,
3064 1556 3248 1628 Πάτερ
3278 1555 3455 1627 ἡμῶν,
3478 1554 3681 1626 τροπά-

2116 1667 2230 1720 ριον
2261 1649 2353 1703 τοῦ
2392 1648 2533 1702 κατὰ
2560 1648 2660 1717 τὴν
2686 1647 2901 1718 ἡμέραν
2953 1646 3129 1715 ἁγίου,
3164 1647 3197 1718 ἢ
3241 1647 3309 1701 τά
3358 1647 3617 1718 παρόντα.

2197 1742 2252 1796 Ὁ
2276 1742 2408 1806 Θεὸς
2430 1742 2679 1813 πατέρων
2707 1741 2739 1810 ἡ
2750 1738 2886 1810 μῶν,
2957 1740 2986 1791 6
3044 1739 3212 1792 ποιῶν
3257 1740 3344 1793 ἀεὶ
3365 1739 3493 1811 ,μεθ’
3523 1738 3680 1810 ήμῶν

2115 1832 2253 1886 κατὰ
2267 1832 2364 1903 τὴν
2404 1833 2501 1904 σὴν
2534 1833 2853 1891 ἐπιείκειαν,
2892 1830 2964 1900 μὴ
2990 1830 3301 1903 άποστήσῃς
3328 1830 3390 1884 τὸ
3412 1830 3560 1894 ἔλεός
3586 1847 3682 1883 σου

2114 1922 2206 1991 ἀφ’
2238 1921 2414 1993 ήμῶνσ
2451 1921 2586 1975 ἀλλὰ
2609 1924 2725 1983 ταῖς
2742 1921 2919 1975 αὐτῶν
2945 1922 3172 1985 ἱκεσίαις
3193 1922 3249 1975 ὲν
3277 1921 3468 1993 εἰρήνῃ
3481 1920 3683 1992 κυϐέρ-

2115 2032 2275 2085 νησον
2308 2014 2405 2085 τὴν
2427 2012 2571 2085 ζωὴν
2599 2012 2774 2084 ἡμῶν.

2185 2106 2305 2159 Τῶν
2344 2109 2401 2159 ὲν
2452 2106 2558 2176 ὅλῳ
2610 2106 2687 2176 τῷ
2751 2105 2940 2176 κόσμῳ
2966 2102 3254 2176 μαρτύρων
3294 2121 3408 2170 σου,
3447 2103 3523 2167 ὡς
3551 2119 3683 2175 πορ-

2116 2198 2294 2271 φύραν
2321 2199 2415 2253 καὶ
2440 2197 2657 2269 βύσσον,
2708 2197 2776 2252 τὰ
2806 2199 3014 2270 αἵματα
3038 2199 3072 2268 ή
3120 2195 3414 2266 Ἐκκλησία
3438 2211 3531 2248 σου
3563 2210 3687 2249 στο-

2115 2293 2402 2365 λισαμένη,
2442 2294 2509 2347 δι’
2545 2292 2722 2346 αὐτῶν
2774 2291 2871 2363 βοᾷ
2926 2309 3028 2359 σοι,
3085 2290 3286 2364 Χριστὲ
3330 2294 3359 2343 6
3411 2288 3561 2353 Θεός·
3589 2287 3683 2360 Τῷ

2116 2382 2228 2455 λαῷ
2257 2399 2351 2435 σου
2401 2382 2527 2445 τοὺς
2556 2380 2871 2453 οὶκτιρμούς
2917 2398 3010 2434 σου
3049 2380 3427 2452 κατάπεμψον,
3460 2381 3684 2451 εἰρήνην

2115 2477 2180 2545 τῇ
2210 2472 2454 2544 πολιτεία
2508 2489 2600 2525 σου
2636 2472 2899 2544 δώρησαι,
2921 2471 3015 2525 καὶ
3046 2474 3166 2535 ταῖς
3196 2470 3394 2542 ψυχαῖς
3426 2470 3583 2543 ἡμῶν
3620 2471 3684 2525 τὸ

2120 2562 2261 2634 μέγα
2281 2562 2450 2627 ἔλεος.

2254 2651 2415 2718 Δόξα.
3292 2694 3293 2697 η

2182 2746 2338 2801 Μετὰ
2366 2746 2473 2799 τῶν
2537 2746 2707 2816 ἁγίων
2756 2745 3089 2810 ἀνάπαυσον,
3124 2744 3348 2815 Χριστὲ,
3390 2744 3489 2808 τὰς
3506 2742 3684 2815 ψυχὰς

2115 2839 2222 2893 τῶν
2265 2837 2465 2891 δούλων
2514 2854 2631 2890 σοιν
2663 2837 2791 2890 ἔνθα
2831 2837 2931 2890 οὐκ
2956 2837 3069 2890 ἔστι
3106 2837 3288 2904 πόνος,
3320 2837 3379 2890 οὐ
3408 2835 3573 2907 λύπη,
3619 2836 3684 2891 οὐ

2117 2928 2439 2998 στεναγμὸς,
2469 2926 2602 2981 ἀλλὰ
2635 2925 2746 2998 ζωὴ
2769 2926 3138 2998 ἁτελεύτητος.

2246 3020 2357 3072 Καὶ
2394 3018 2509 3073 νῦν.

2185 3110 2262 3181 Τῇ
2291 3109 2574 3181 πρεσϐείᾳ,
2604 3107 2797 3180 Κύριε,
2838 3108 3055 3162 πάντων
3112 3108 3221 3162 τῶν
3266 3106 3434 3176 ἁγίων
3475 3106 3570 3160 καὶ⁸
3585 3106 3684 3177 τῆς

2115 3200 2374 3253 Θεοτόκου
2406 3202 2503 3271 τὴν
2522 3201 2618 3272 σὴν
2646 3201 2867 3271 εἰρήνην
2890 3200 2976 3264 δὸς
2995 3199 3251 3270 ήμῖν,καὶ
3283 3198 3498 3270 ἐλέησον
3516 3199 3683 3268 ἡμᾶς,

2113 3292 2189 3356 ὼς
2225 3292 2382 3363 μόνος
2407 3293 2725 3364 οἰκτίρμων.

2184 3385 2278 3448 Τὸ,
2313 3384 2508 3456 Κύριε,
2551 3383 2790 3454 ἐλέησον,
2830 3389 2881 3455 μ’
2913 3401 2927 3414 ·
2980 3379 3097 3437 εἶτα
3123 3384 3216 3436 καὶ
3276 3382 3372 3454 τὴν
3401 3380 3585 3453 εὐχὴν,
3622 3380 3686 3435 Ὃ

2116 3475 2174 3527 ὲν
2192 3474 2354 3529 παντὶ
2403 3473 2578 3545 καιρῷ
2612 3475 2706 3527 καὶ
2735 3476 2880 3544 πάσῃ
2909 3473 3047 3544 ὥρᾳ.
3094 3473 3186 3539 Τὸ,
3219 3473 3412 3544 Κύριε,
3440 3472 3682 3543 ἐλέησον,

2116 3571 2186 3635 γ’.
2229 3565 2385 3630 Δόξα,
2416 3566 2527 3619 Καὶ
2552 3565 2667 3631 νῦν,
2696 3564 2806 3634 Τὴν
2827 3565 3178 3635 τιμιωτέραν,
3214 3566 3302 3618 Ἐν
3334 3564 3554 3635 ὀνόματι
3588 3564 3683 3617 τοῦ

2115 3657 2321 3726 Κυρίου
2359 3658 2673 3729 εὑλόγησον,
2704 3657 2907 3727 Πάτερ,
2934 3657 3012 3710 Δι’
3044 3656 3216 3728 εὐχῶν
3251 3657 3359 3710 τῶν
3385 3655 3553 3725 ἁγίων
3581 3673 3686 3710 πα-

2116 3750 2290 3820 τέρων
2321 3752 2352 3819 ή
2362 3751 2500 3820 μῶν.

2189 3841 2440 3905 "Asmira,
2469 3841 2752 3913 ἁμόλυντε,
2798 3840 3021 3913 ἄφθορε,
3063 3843 3318 3911 ἄχραντε,
3349 3840 3509 3911 ἁγνὴ,
3544 3839 3688 3910 Παρ-

2084 3932 2089 3939 ’
2118 3933 2262 3997 θένε,
2286 3932 2589 4004 Θεόνυμφε,
2618 3933 2903 3995 Δέσποινα,
2934 3935 2966 4003 ή
2989 3932 3120 3985 Θεὸν
3146 3933 3317 4001 Λόγον
3344 3935 3455 3994 τοῖς
3477 3930 3685 4003 άνθρώυ

448 4011 681 4068 Verbum
712 4016 1011 4070 admirabili
1073 4027 1166 4074 tuo
1213 4031 1370 4091 partu
1413 4027 1722 4085 hominibus
1756 4033 2009 4102 univisti;

2119 4042 2237 4088 ποις
2276 4026 2341 4095 τῇ
2383 4024 2667 4097 παραδόξῳ
2695 4041 2786 4077 σου
2818 4025 3015 4099 δκυήσει
3043 4024 3308 4087 ὲνώσασα,
3344 4023 3437 4076 καὶ
3458 4023 3553 4093 τὴν
3579 4024 3687 4076 ἁπ-

448 4121 569 4175 qua:
606 4108 870 4176 abjectam
906 4111 1135 4182 generis.
1173 4115 1351 4168 nostri
1389 4127 1636 4173 naturam
1684 4123 2014 4190 conjunxisti

447 4198 779 4263 caelestibus,
807 4210 861 4254 et
887 4216 1007 4269 quae
1029 4217 1088 4256 es
1119 4204 1530 4273 desperatorum
1560 4226 1685 4280 spes
1713 4215 2012 4282 nnica,'at-

447 4303 553 4356 que
578 4304 961 4359 oppressorum
998 4294 1261 4350 auxilium
1295 4336 1311 4362 ,
1352 4310 1599 4367 prompta
1631 4304 1796 4357 tutela
1841 4306 1906 4359 ad
1962 4315 2014 4363 te

448 4378 866 4443 recurrentium,
884 4389 936 4434 et
958 4384 1201 4437 omnium
1219 4384 1654 4445 Christianorum
1682 4393 2009 4464 perfugium,

446 4483 515 4523 ne
542 4468 788 4524 laslidias
819 4485 904 4526 me
934 4483 1273 4541 peccatorem
1296 4480 1726 4551 exsecrabilem;
1763 4487 2011 4555 turpibus

445 4561 887 4630 cogitationibus,
919 4565 1260 4621 sermonibus
1285 4577 1341 4621 et
1362 4570 1620 4638 operibus
1654 4579 1823 4627 totum
1848 4574 2011 4629 inuti-

446 4649 580 4716 lem;
613 4661 667 4705 et
697 4667 912 4707 servum
940 4655 1277 4724 voluptatum
1335 4660 1498 4729 hujus
1522 4662 1647 4717 vitae
1688 4679 1799 4733 pra:
1825 4664 2011 4720 volun-

446 4743 583 4796 taria
642 4744 874 4814 segnitie
922 4744 1145 4801 factum.
1186 4749 1293 4803 Sed
1344 4757 1601 4820 tanquam
1638 4754 2008 4824 benignissimi

441 4831 537 4885 Dei
578 4843 773 4896 mater,
821 4834 1052 4906 benigne
1091 4838 1351 4895 miserere
1387 4843 1489 4896 mei
1523 4844 1723 4912 perditi
1759 4856 2008 4914 peccato-

440 4923 539 4986 ris,
571 4932 626 4976 et
657 4937 830 4977 meam
859 4925 952 4978 tibi
989 4926 1287 4995 inquinatis
1324 4930 1503 5007 labiis.
1526 4934 1763 4989 oblatam
1788 4952 2005 5006 precem

441 5013 683 5082 suscipe;
723 5023 886 5083 atque
916 5015 1112 5072 Filium
1135 5060 1150 5082 ,
1184 5030 1334 5075 tuum
1364 5033 1787 5095 nostrorumque
1825 5027 2008 5081 Domi-

440 5120 566 5159 num
601 5116 843 5160 materna
878 5109 1169 5177 deprecare
1203 5112 1425 5180 ﬁducia;
1482 5125 1544 5170 ut
1597 5129 1652 5171 et
1703 5118 1817 5187 ipse
1874 5120 2008 5173 mihi

440 5197 647 5265 aperiat
678 5199 893 5267 pietatis
916 5216 1026 5256 suae
1053 5202 1286 5272 benigna
1323 5205 1559 5272 viscera,
1588 5219 1661 5276 et,
1685 5225 1789 5263 non
1822 5211 2006 5265 habita

440 5286 912 5345 innumerabilium
952 5308 1192 5347 meorum
1214 5294 1460 5365 lapsuum
1497 5301 1731 5367 ratione,
1766 5317 1852 5355 me
1877 5317 2007 5356 con-

440 5389 613 5432 vertat
638 5383 709 5435 ad
733 5382 1129 5451 paenitentiam,
1161 5396 1216 5441 et
1241 5386 1408 5443 faciat
1430 5392 1687 5447 mandata
1713 5408 1810 5448 sua
1836 5395 2002 5464 probe

440 5467 755 5535 adimplere.

510 5641 633 5697 9.72.
663 5645 862 5702 Adesto
897 5650 1027 5706 mihi
1066 5665 1280 5724 semper
1329 5654 1667 5729 misericors,
1701 5658 1894 5726 tacitis,
1940 5674 2002 5717 ac

2117 4113 2383 4168 ωσθεῖσαν
2412 4114 2570 4185 φύσιν
2599 4114 2690 4167 τοῦ
2721 4115 2908 4183 γένους
2935 4113 3091 4184 ήμῶν
3122 4116 3232 4177 τοῖς
3259 4113 3527 4183 οὐρανίοις
3556 4128 3683 4166 συν-

2117 4201 2318 4270 άψασαν
2356 4205 2389 4272 ή
2433 4203 2540 4256 τῶν
2568 4202 2987 4273 ἀπελπισμένων
3048 4202 3185 4272 μόνη
3233 4202 3405 4266 ἐλπὶς,
3443 4201 3536 4255 καὶ
3573 4201 3685 4254 τῶν

2117 4294 2532 4365 πολεμουμένων
2576 4295 2818 4366 βοήθεια·
2864 4297 2896 4365 ἡ
2934 4296 3124 4365 ἑτοίμη
3153 4295 3434 4367 ἀντίληψις
3459 4295 3566 4348 τῶν
3603 4296 3685 4359 είς

2117 4385 2177 4436 σὲ
2206 4386 2668 4456 προστρεχόντων,
2723 4387 2815 4438 καί
2857 4385 3072 4439 πάντων
3099 4386 3207 4439 τῶν
3232 4385 3572 4456 Χριστιανῶν
3622 4385 3686 4438 τὸ

2113 4476 2462 4544 καταφύγιον·
2486 4476 2559 4547 μὴ
2586 4477 2807 4549 βδελύξῃ
2836 4494 2902 4548 με
2923 4477 3014 4530 τὸν
3040 4477 3358 4548 ἁμαρτωλὸν
3373 4477 3464 4530 τὸν
3493 4477 3683 4548 ἐναγῆ,

2113 4567 2202 4620 τὸν
2254 4569 2499 4639 αἰσχροῖς
2542 4568 2841 4639 λογισμοῖς,
2892 4569 3091 4638 λόγοις,
3128 4569 3222 4621 καὶ
3267 4568 3527 4640 πράξεσιν
3563 4569 3685 4623 ὅλον

2112 4660 2346 4728 ἐμαυτὸν
2397 4659 2791 4730 ἁχρειώσαντα,
2826 4663 2918 4714 καὶ
2950 4664 3015 4731 τῇ
3069 4660 3175 4713 τῶν
3214 4660 3416 4730 ἡδονῶν
3443 4659 3542 4712 τοῦ
3567 4648 3701 4730 βίου’

2114 4748 2356 4821 ῥᾳθυμίᾳ
2387 4750 2580 4821 γνώμῃ
2623 4750 2808 4804 δοῦλον
2840 4752 3147 4822 γενόμενον.
3167 4751 3305 4803 Ἀλλ’
3334 4752 3410 4814 ὡς
3432 4751 3528 4805 τοῦ
3564 4751 3684 4821 φιλ-

2110 4837 2399 4908 ανθρώπου
2433 4838 2568 4891 Θεοῦ
2616 4840 2823 4911 μήτηρ,
2857 4840 3250 4910 φιλανθρώπως
3284 4841 3685 4915 σπλαγχνίσθη-

2110 4948 2162 4983 τι
2192 4931 2277 4985 ἐπ’
2309 4932 2432 5001 ἐμοὶ
2465 4929 2541 5000 τῷ
2574 4931 2884 5002 ἁμαρτωλῷ
2918 4933 3012 4985 καὶ
3034 4931 3246 5002 ἀσώτῳ·
3284 4934 3380 4986 καὶ
3402 4932 3548 4998 δέξαι
3577 4951 3681 5003 μου

2108 5019 2208 5089 τὴν
2238 5019 2301 5071 ὲκ
2324 5019 2582 5091 ῥυπαρῶν
2618 5020 2839 5091 χειλέων
2872 5024 3317 5094 προσφερομένην
3352 5040 3433 5079 σοι
3474 5025 3677 5096 δέησιν·

2109 5112 2204 5164 καὶ
2228 5110 2316 5165 τὸν
2344 5112 2435 5164 σὸν
2464 5112 2590 5165 Υίὸν
2612 5112 2706 5165 καὶ
2729 5112 2883 5182 ἡμῶν
2912 5114 3188 5185 Δεσπότην
3220 5117 3314 5168 καὶ
3343 5116 3568 5188 Κύριον,
3612 5119 3679 5188 τῇ

2114 5206 2353 5273 μητρικῇ
2404 5220 2497 5256 σου
2544 5205 2826 5276 παρρησία
2873 5206 3148 5277 χρωμένη,
3202 5207 3544 5279 δυσώπησον,
3595 5210 3683 5263 ἴνα

2109 5290 2291 5363 ἀνοίξῃ
2326 5293 2493 5364 κάμοὶ
2532 5294 2602 5347 τὰ
2634 5294 2989 5366 φιλάνθρωπα
3026 5296 3309 5367 σπλάγχνα
3364 5300 3463 5370 τῆς
3514 5299 3683 5352 αὑτοῦ

2104 5382 2455 5453 ἁγαθότητος,
2490 5387 2584 5438 καὶ
2638 5386 2880 5458 παριδών
2908 5406 3008 5458 μου
3034 5389 3102 5442 τὰ
3146 5389 3494 5461 ἁναρίθμητα
3520 5391 3683 5443 πται-

2110 5489 2310 5543 σματα,
2341 5476 2638 5548 ἐπιστρέψῃ
2667 5495 2733 5546 με
2766 5478 2900 5549 πρὸς
2925 5480 3230 5548 μετάνοιαν,
3267 5482 3361 5534 καὶ
3384 5480 3493 5534 τῶν
3516 5482 3683 5536 αὐτοῦ

2109 5565 2334 5620 ἐντολῶν
2364 5568 2598 5638 ἐργάτην
2626 5570 2847 5639 δόκιμον
2874 5571 3120 5642 ἀναδείξῃ
3160 5590 3247 5643 με.
3422 5640 3437 5657 .

2179 5657 2287 5710 Καὶ
2335 5658 2541 5730 πάρεσό
2570 5677 2657 5730 μοι
2699 5661 2804 5729 ἀεὶ,
2847 5661 2922 5727 ὡς
2957 5663 3201 5735 ἐλεήμων
3235 5665 3328 5719 καὶ
3387 5667 3684 5739 συμπαθὴς
