4076 6226
1487 271 1889 330 ACOLUTHIA
1928 271 2268 330 TRIPLICIS
2307 269 2525 325 FESTI.

3341 286 3662 329 CCCLXXIVII

405 387 504 446 καὶ
539 385 857 458 φιλάγαθος·
912 386 971 438 ὲν
1002 385 1100 455 μὲν
1136 383 1217 455 τῷ
1244 385 1473 457 παρόντι
1510 387 1609 458 βίῳ
1634 387 1810 459 θερμὴ
1852 404 1986 459 προ-

2089 385 2263 446 bona;
2298 395 2353 438 et
2390 384 2442 437 in
2466 385 2568 438 hac
2594 382 2811 453 quidem
2840 383 2946 437 vita
2986 383 3201 439 fervens
3224 386 3476 452 patrona,
3501 396 3669 458 atque

408 482 594 545 στάτις
616 479 709 533 καὶ
734 478 948 549 βοηθὸς,
976 478 1074 540 τάς
1094 477 1204 530 τῶν
1225 478 1481 531 ἐναντίων
1510 479 1733 547 ἐφόδους
1765 482 1986 533 ἀποτει-

407 573 650 644 χίζουσα.
682 571 777 625 καὶ
805 570 943 640 πρὸς
966 569 1241 641 σωτηρίαν
1283 569 1658 641 καθοδηγοῦσά
1689 588 1777 641 με,
1810 572 1903 623 καὶ
1929 572 1987 621 ὲν

405 664 482 733 τῷ
515 661 692 734 καιρῷ
718 662 817 732 τῆς
850 661 1029 726 ἐξόδου
1065 678 1165 730 μου
1195 660 1294 730 τὴν
1323 660 1515 714 ἀθλίαν
1553 679 1655 731 μου
1675 661 1851 732 ψυχὴν
1891 660 1990 714 πε-

411 752 698 823 ριέπουσα,
731 750 823 804 καὶ
854 749 955 814 τάς
988 748 1268 813 σκοτεινὰς
1292 748 1445 819 ὄψεις
1471 751 1578 803 τῶν
1611 751 1860 823 πονηρῶν
1882 750 1988 803 δαι-

410 842 594 912 μόνων
635 842 826 911 πόρρω
876 841 1046 910 αὐτῆς
1074 839 1474 894 ἀπελαύνουσα·
1509 841 1566 894 ὲν
1592 842 1649 895 δὲ
1679 845 1744 913 τῇ
1782 842 1989 914 φοϐερᾷ

407 933 593 1004 ἡμέρᾳ
622 933 720 1003 τῆς
778 933 1014 1004 κρίσεως
1063 933 1162 1004 τῆς
1205 932 1421 987 αἰωνίου
1455 951 1523 1002 με
1565 935 1797 1007 ῥυομένη
1827 935 1989 988 κολάσ-

410 1041 569 1087 σεως,
589 1022 802 1093 καὶτῆς
837 1023 1151 1094 ἀπορρήτου
1178 1022 1336 1093 δόξης
1364 1022 1458 1076 τοῦ
1478 1023 1571 1077 σοῦ
1590 1023 1720 1077 Υἰοῦ
1751 1024 1990 1078 καὶΘεοῦ

409 1113 567 1183 ἡμῶν
596 1113 933 1184 κληρονόμον
957 1130 1024 1183 με
1052 1112 1502 1168 ἀποδεικνύουσα·
1530 1108 1599 1186 ἦς
1627 1116 1721 1168 καὶ
1749 1115 1989 1187 τύχοιμι,

409 1206 675 1260 Δέσποινά
730 1223 834 1276 μου
873 1206 1145 1277 ὑπεραγία
1173 1205 1421 1271 Θεοτόκε,
1451 1206 1538 1260 διὰ
1575 1207 1672 1276 τῆς
1702 1207 1803 1278 σῆς
1839 1225 1992 1278 μεσι-

410 1298 561 1361 τείας
602 1299 696 1352 καὶ
731 1298 1088 1368 ἀντιλήψεως,
1123 1298 1306 1368 χάριτι
1347 1299 1441 1351 καὶ
1476 1297 1857 1370 φιλανθρωπίᾳ
1894 1298 1989 1352 τοῦ

417 1387 736 1457 μονογενοῦς
766 1404 858 1439 σου
887 1386 1039 1449 Υἰοῦ,
1069 1387 1165 1439 τοῦ
1205 1387 1410 1457 Κυρίου
1447 1389 1543 1442 καὶ
1572 1388 1727 1453 Θεοῦ,
1763 1391 1857 1442 καὶ
1881 1391 1994 1442 Σω-

412 1477 577 1548 τῆρος
632 1476 787 1548 ἡμῶν
830 1476 1004 1548 Ἰησοῦ
1053 1477 1312 1548 Χριστοῦ·
1426 1479 1627 1549 πρέπει
1663 1481 1811 1533 πᾶσα
1842 1480 1988 1545 δόξα,

412 1568 545 1639 τιμὴ
574 1569 667 1622 καὶ
699 1567 1091 1640 προσκύνησις,
1122 1567 1219 1620 σὺν
1254 1567 1333 1638 τῷ
1367 1570 1591 1640 ἀνάρχῳ
1615 1570 1779 1624 αὑτοῦ
1815 1572 1992 1643 Πατρὶ

413 1658 602 1730 καὶτῷ
628 1658 874 1729 παναγίῳ
899 1659 995 1712 καὶ
1018 1658 1208 1730 ἀγαθῷ
1233 1660 1324 1713 καὶ
1348 1659 1595 1732 ζωοποιῷ
1627 1662 1792 1715 αὑτοῦ
1823 1663 1991 1716 Πνεῦ-

418 1766 567 1818 ματι,
598 1748 692 1802 νῦν
720 1750 814 1803 καὶ
841 1747 951 1813 ἀεὶ,
978 1748 1073 1802 καὶ
1099 1749 1180 1812 εἰς
1208 1750 1335 1812 τοὺς
1376 1749 1579 1814 αἰῶνας
1607 1752 1716 1806 τῶν
1754 1751 1986 1809 αἰώνων.
2020 1753 2064 1807 Β

427 1836 622 1907 Ἀμήν.

482 1971 593 2024 Καὶ
644 1970 733 2035 δὸς
778 1971 928 2041 ἡμῖν,
977 1969 1242 2033 Δέσποτα,
1308 1969 1446 2042 πρὸς
1503 1969 1668 2024 ὕπνον
1739 1970 1991 2024 ἀπιοῦσιν

414 2063 716 2115 ἀνάπαυσιν
743 2060 990 2132 σώματος
1015 2062 1109 2116 καὶ
1137 2061 1337 2134 ψυχῆς⁹
1367 2062 1463 2115 καὶ
1489 2061 1813 2131 διαφύλαξον
1841 2063 1992 2132 ἡμᾶς

413 2152 523 2208 ἀπὸ
564 2151 659 2205 τοῦ
688 2152 919 2224 ζοφεροῦ
955 2153 1124 2206 ῦπνου
1156 2154 1257 2225 τῆς
1293 2153 1588 2226 ἁμαρτίας,
1613 2154 1709 2207 καὶ
1738 2153 1846 2207 ἀπὸ
1880 2154 1988 2207 πά-

416 2260 515 2317 σης
565 2247 845 2311 σκοτεινῆς
886 2247 980 2298 καὶ
1026 2245 1350 2318 νυκτερινῆς
1394 2243 1740 2316 ἡδυπαθείας.
1772 2244 1990 2299 Παῦσον

413 2336 515 2399 τὰς
545 2336 857 2407 ὁρμὰςτῶν
893 2336 1100 2391 παθῶνσ
1140 2337 1330 2390 σϐέσον
1357 2336 1425 2390 τά
1450 2337 1823 2408 πεπυρωμένα
1862 2335 1990 2407 βέλη

413 2425 508 2480 τοῦ
556 2428 815 2500 πονηροῦ,
849 2428 916 2482 τά
961 2427 1083 2481 καθ’
1115 2427 1270 2500 ἡμῶν
1316 2427 1506 2490 δολίως
1544 2428 1861 2498 κινούμεναι
1891 2427 1991 2492 τάς

414 2518 514 2587 τῆς
541 2519 739 2591 σαρκὸς
756 2520 914 2590 ἡμῶν
940 2519 1335 2583 ἐπαναστάσεις
1355 2518 1727 2584 κατάστειλόν,
1758 2519 1854 2571 καὶ
1884 2521 1991 2573 πᾶν

414 2614 613 2683 γεῶδες
643 2615 738 2669 καὶ
771 2615 953 2670 ὑλικὸν
985 2615 1141 2687 ἡμῶν
1174 2616 1428 2686 φρόνημα
1459 2614 1739 2686 κοίμησον·
1765 2614 1860 2668 καὶ
1891 2614 1993 2667 δώ-

420 2722 581 2776 ρησαι
605 2706 756 2776 ἡμῖν,
802 2708 831 2759 ὁ
871 2706 1024 2771 Θεὸς,
1073 2708 1344 2779 γρήγορον
1374 2704 1520 2769 νοῦν,
1554 2701 1805 2777 σώφρονα
1841 2706 1989 2775 λογι-

418 2798 571 2869 σμὸν,
599 2798 824 2871 καρδίαν
848 2800 1146 2870 νήφουσαν,
1198 2797 1365 2853 ὕπνον
1401 2797 1656 2867 ἐλαφρὸν,
1684 2798 1778 2851 καὶ
1811 2799 1992 2870 πάσης

418 2891 711 2961 σατανικῆς
743 2891 1040 2960 φαντασίας
1065 2890 1507 2962 ἀπηλλαγμένον.
1536 2889 1900 2961 Διανάστησον
1932 2891 1990 2944 δὲ

414 2979 559 3048 ἡμᾶς
594 2982 651 3034 ὲν
668 2980 746 3051 τῷ
786 2980 962 3053 καιρῷ
987 2980 1088 3050 τῆς
1110 2980 1436 3051 προσευχῆς,
1471 2977 1894 3049 ἐστηριγμένους
1930 2980 1989 3032 ὲν

2093 475 2441 537 auxiliatrix,
2496 488 2761 529 coercens
2812 476 3215 530 adversantium
3272 476 3553 545 impetus,
3608 488 3666 534 et

2093 567 2233 621 viam
2259 568 2324 620 ad
2348 567 2579 621 salutem
2614 577 3086 632 commonstran‘s;
3132 569 3326 624 deinde
3349 570 3531 626 exitus
3557 572 3667 627 mei

2097 667 2337 726 tempore
2364 666 2585 727 protege
2629 658 2884 710 miseram
2917 673 3091 711 meam
3120 660 3382 724 animam,
3410 661 3665 715 tenebro-

2094 765 2290 818 sasqne
2316 749 2578 803 malorum
2603 749 2907 803 dzemonnm
2947 749 3150 803 formas
3202 750 3387 818 procul
3426 751 3666 817 repelle;

2094 842 2149 895 in
2185 841 2464 895 tremendo
2495 850 2675 895 autem
2707 841 2794 893 die
2831 840 3022 908 judicii
3080 857 3109 894 a
3141 856 3298 909 pmna
3332 843 3668 910 sempiterna

2093 946 2223 985 erue
2253 946 2361 995 me,
2390 941 2445 984 et
2481 930 2566 985 fac
2597 930 2865 985 lueredem
2920 930 3039 983 Filii
3099 930 3173 984 tui
3232 939 3286 985 et
3346 932 3440 985 Dei
3490 931 3667 987 nostri

2093 1024 2382 1079 ineflabilis
2411 1024 2631 1091 gloriae;
2665 1038 2826 1092 quam
2863 1025 3077 1076 tandem
3102 1024 3396 1091 adipiscar,
3434 1023 3666 1080 Domina

2095 1131 2214 1171 mea
2243 1118 2590 1170 sanctissima
2622 1116 2873 1185 Deipara,
2905 1126 2995 1169 tua
3028 1116 3420 1169 intercessione
3450 1131 3514 1170 ac
3567 1126 3657 1170 tu-

2093 1210 2227 1271 tela,
2283 1210 2563 1279 gratiaque
2610 1218 2667 1264 et
2699 1209 3033 1279 benignitate
3079 1209 3341 1277 unigeniti
3377 1209 3451 1261 tui
3502 1208 3665 1274 Filii,

2095 1300 2335 1363 Domini,
2372 1299 2464 1356 Dei
2493 1310 2550 1355 et
2592 1299 2902 1355 Servatoris
2933 1301 3106 1355 nostri
3136 1299 3263 1355 Jesu
3292 1299 3527 1363 Christi;
3573 1303 3661 1355 cui

2093 1395 2352 1447 convenit
2390 1393 2569 1447 omnis
2597 1392 2791 1462 gloria,
2827 1393 3002 1447 honor
3039 1403 3094 1446 et
3117 1392 3386 1453 adoratio,
3412 1406 3535 1445 cum
3567 1407 3669 1446 suo

2094 1483 2334 1552 ingenito
2366 1483 2550 1549 Patre,
2583 1492 2639 1537 et
2671 1483 3037 1548 sanctissimo,
3059 1483 3331 1550 bonoque,
3365 1496 3429 1537 ac
3452 1481 3667 1536 vivifico

2092 1593 2191 1631 suo
2216 1576 2442 1646 Spiritu,
2474 1590 2619 1630 nunc
2664 1583 2721 1629 et
2742 1589 2981 1643 semper,
3009 1582 3064 1628 et
3098 1575 3149 1627 in
3208 1572 3405 1628 saecula
3432 1573 3662 1629 saeculo-

2093 1684 2233 1722 rum.
2259 1669 2452 1722 Amen.

2159 1968 2285 2023 275.
2340 1968 2411 2023 Da
2444 1969 2621 2035 nobis,
2654 1969 3198 2035 Domine,"cuoitnm
3239 1974 3665 2032 concedentibus

2090 2061 2328 2131 quietem
2365 2063 2628 2133 corporis,
2666 2074 2721 2120 et
2751 2067 2966 2126 animae.
3003 2073 3056 2119 et
3082 2081 3109 2118 a
3134 2065 3428 2137 caliginoso
3456 2070 3664 2138 peccati

2091 2162 2282 2204 somno
2315 2162 2415 2203 nos
2475 2150 2666 2215 libera,
2697 2154 2953 2223 omnique
2990 2155 3273 2209 tenebrosa
3309 2172 3373 2211 ac
3400 2168 3664 2215 nocturna

2090 2242 2338 2297 mollitie.
2384 2242 2641 2312 Reprime
2689 2247 2987 2301 motionum
3041 2250 3320 2318 impetus;
3355 2252 3664 2324 fexstingue

2090 2332 2255 2403 ignita
2287 2334 2505 2405 maligni
2533 2336 2714 2406 jacula
2757 2339 3044 2393 adversum
3073 2356 3174 2395 nos
3209 2342 3395 2398 dolose
3422 2345 3661 2412 emissa;

2089 2426 2272 2480 carnis
2313 2438 2513 2482 nostrm
2566 2428 2917 2484 rebellionem
2973 2446 3263 2497 compone,
3325 2442 3381 2487 et
3441 2448 3662 2490 omnem

2092 2525 2362 2573 terrenam
2391 2559 2405 2581 ,
2438 2527 2599 2589 atque
2624 2521 2959 2576 materialem
2995 2523 3045 2575 in
3075 2523 3232 2577 nobis
3274 2524 3662 2594 cogitationem

2090 2610 2206 2678 sopi
2234 2627 2247 2674 ;
2284 2610 2484 2681 largire
2523 2623 2701 2666 autem
2731 2614 2886 2666 nobis
2908 2653 2924 2676 ,
2957 2614 3115 2669 Dens.
3142 2624 3378 2669 mentem
3429 2617 3662 2686 vigilan-

2091 2713 2220 2765 tem,
2253 2706 2569 2773 prudentem
2606 2706 2965 2772 intellectum,
3003 2721 3098 2759 cor
3122 2718 3332 2760 eastum
3354 2748 3367 2771 ,
3405 2723 3660 2764 somnum

2088 2794 2288 2860 levem,
2313 2804 2367 2848 et
2401 2794 2468 2847 ab
2498 2796 2643 2849 omni
2683 2795 2938 2850 Satanica
2981 2795 3369 2865 imaginatione
3408 2798 3660 2858 liberum.

2089 2885 2355 2954 Tempore
2380 2887 2645 2941 orationis
2675 2887 2742 2941 de
2769 2903 2962 2943 somno
2989 2889 3167 2942 excita
3205 2904 3322 2953 nos,
3356 2890 3409 2943 in
3437 2893 3662 2945 manda-

2091 2976 2159 3030 tis
2190 2978 2296 3030 tuis
2326 2977 2569 3031 firmatos
2597 2993 2613 3045 ;
2646 2988 2699 3032 et
2729 2977 2834 3041 fac,
2875 2988 2936 3032 ut
2977 2980 3293 3033 memoriam
3327 2981 3663 3048 tuorum.ju-

413 3072 533 3133 ταῖς
545 3071 780 3136 ἐντολαῖς
812 3089 927 3135 σου,
957 3072 1049 3126 καὶ
1063 3071 1160 3142 τὴν
1177 3072 1395 3141 μνήμην
1409 3068 1517 3122 τῶν
1545 3069 1653 3120 σῶν
1683 3070 1985 3139 κριμάτων,

2090 3068 2352 3124 diciornm
2399 3068 2735 3123 indelebilem
2772 3084 3072 3125 servemus.
3108 3070 3182 3124 Da
3220 3073 3374 3126 nobis
3414 3088 3656 3143 quoque.

415 3162 472 3212 ἐν
507 3163 716 3226 ἑαυτοῖς
749 3162 1203 3234 ἀπαράθραυστον
1254 3162 1493 3232 ἔχοντας.
1535 3160 1839 3231 Παννύχιον
1859 3163 1987 3231 ἡμῖν

413 3250 510 3323 τὴν
540 3252 847 3321 δοξολογίαν
893 3255 1136 3326 χάρισαι,
1174 3256 1252 3317 εἰς
1280 3254 1342 3307 τὸ
1384 3254 1573 3323 ὑμνεῖν
1612 3253 1705 3306 καὶ
1745 3252 1987 3320 εὐλογεῖν

414 3345 504 3397 καὶ
527 3345 769 3409 δοξάζειν
800 3347 859 3398 τὸ
893 3348 1159 3417 πάντιμον
1216 3346 1308 3400 καὶ
1360 3345 1776 3415 μεγαλοπρεπὲς
1816 3344 1988 3415 ὄνομά

415 3451 528 3496 σου,
553 3435 646 3488 τοῦ
680 3438 910 3507 Πατρός,
938 3437 1143 3491 καὶτοῦ
1190 3437 1338 3499 Υἰοῦ,
1370 3438 1463 3489 καὶ
1500 3436 1594 3489 τοῦ
1629 3438 1785 3505 ἁγίου
1816 3435 1986 3489 Ilvati-

415 3542 601 3595 ματος,
620 3525 714 3579 νῦν
741 3528 834 3580 καὶ
862 3528 970 3589 ἀεὶ,
1002 3528 1094 3580 καὶ
1120 3529 1199 3591 είς
1227 3528 1352 3592 τοὺς
1383 3526 1586 3592 αἰῶνας
1610 3529 1717 3582 τῶν
1747 3525 1977 3582 αἰώνων.

424 3615 612 3685 Ἀμήν.

477 3729 590 3783 Καὶ
654 3728 860 3797 γίνεται
910 3728 1193 3795 ἀπόλυσις,
1236 3730 1330 3793 καὶ
1365 3730 1398 3801 ή
1442 3745 1788 3802 συγχώρησις
1828 3728 1979 3801 παρά

410 3817 503 3872 τοῦ
537 3820 726 3892 ἱερέως

2089 3168 2147 3213 nt
2193 3175 2289 3230 per
2321 3170 2531 3214 noctem
2581 3170 2744 3214 totam
2790 3161 3124 3216 celebremus
3171 3176 3225 3217 et
3279 3163 3662 3220 benedicamus

2085 3263 2248 3321 atque
2272 3252 2638 3323 glorificemus
2679 3262 2965 3321 angustum
2993 3263 3048 3308 et
3078 3256 3425 3324 magnificum
3461 3272 3661 3312 nomen

2087 3356 2257 3407 tnnm,
2313 3344 2492 3398 Patris
2526 3352 2581 3397 et
2619 3344 2740 3398 Filii
2788 3352 2843 3399 et
2886 3347 3059 3401 sancti
3092 3348 3367 3414 Spiritus,
3403 3364 3545 3404 nunc
3601 3357 3661 3404 et

2082 3451 2314 3506 semper,
2343 3445 2396 3490 et
2431 3436 2482 3489 in
2506 3435 2703 3490 saecula
2731 3435 3072 3492 saeculorum.
3105 3439 3301 3491 Amen.
3568 3420 3575 3427 ’

2156 3724 2225 3777 Et
2267 3722 2327 3776 fit
2362 3721 2628 3786 dimissio,
2688 3730 2744 3776 et
2789 3721 3113 3777 delictorum
3151 3724 3362 3778 veniam
3386 3725 3522 3795 petit
3569 3741 3657 3781 sa-

2086 3816 2299 3872 certius.

477 3993 602 4067 27$.
634 3993 808 4050 Count.
842 3995 936 4051 llic
965 4007 1144 4053 monet
1173 3998 1544 4067 Horologium,
1578 3999 1724 4053 illum
1753 3998 1925 4053 veniae
1950 4000 2191 4067 petenda:
2246 3997 2408 4051 ritum
2440 3994 2785 4066 quaerendum
2820 4004 2954 4049 ‘esse
2977 4009 3044 4049 ex
3088 3994 3369 4065 Apodipno
3426 3995 3653 4067 majore,

410 4066 551 4117 unde
578 4080 683 4119 non
710 4068 973 4135 gravabor
1011 4070 1163 4123 illum
1197 4071 1527 4125 describere.
1566 4070 1657 4125 Sic
1687 4086 1816 4139 ergo
1840 4066 2002 4123 habet
2030 4085 2046 4122 :

478 4227 713 4296 Ποιήσας
760 4243 790 4280 ο
834 4231 1113 4300 προεστὼς
1169 4233 1456 4303 μετάνοιαν
1500 4236 1592 4289 ἐπὶ
1650 4236 1774 4306 γῆς,
1828 4235 1976 4304 λέγει

2154 4235 2485 4304 Ργαιροεῑιιιε
2516 4234 2780 4303 inclinans
2823 4247 2881 4286 se
2946 4233 3013 4285 ad
3073 4242 3272 4286 terram
3317 4248 3487 4303 usque
3518 4217 3650 4288 dicit

404 4320 520 4380 τοῖς
544 4319 813 4387 ἀδελφοῖς
853 4322 1161 4390 Εὑλογεῖτε,
1206 4327 1443 4395 πατέρες
1485 4328 1651 4396 ἆγιοι,
1694 4330 1979 4401 συγχωρή-

409 4409 538 4460 σατέ
570 4416 659 4478 μοι
701 4410 780 4480 τῷ
809 4412 1136 4485 ἁμαρτωλῷ.
1190 4418 1298 4470 Καὶ
1330 4419 1379 4470 οἱ
1436 4418 1672 4487 ἀδελφοί*
1741 4420 1799 4473 Ὀ
1848 4420 1979 4485 Θεὸς

409 4508 746 4572 συγχωρήσει
796 4519 899 4569 σοι,
948 4506 1129 4577 Πάτερ
1161 4508 1301 4576 ἆγιε.
1335 4509 1444 4562 Καὶ
1470 4510 1796 4580 ἄρχονταιοί
1822 4511 1977 4563 ἀδελ-

404 4598 494 4662 φοὶ
511 4596 617 4648 ἀπὸ
643 4595 736 4648 τοῦ
771 4594 943 4660 δεξιοῦ
975 4599 1068 4650 καὶ
1106 4600 1394 4670 ἀριστεροῦ
1432 4600 1594 4670 χοροῦ
1634 4602 1774 4655 κατά
1824 4602 1977 4665 τάξιν

404 4679 483 4747 εἷς
526 4686 619 4738 καὶ
657 4678 738 4748 εἷς
764 4689 936 4738 ποιεῖν
968 4687 1191 4757 ὁμοίως,
1218 4690 1310 4742 καὶ
1345 4690 1614 4743 αἰτεῖσθαι
1639 4692 1732 4744 καὶ
1760 4690 1976 4761 λαμϐά-

402 4794 512 4828 νειν
541 4777 906 4849 συγχώρησιν,
968 4780 1159 4850 μέχρις
1198 4780 1263 4833 ἂν
1322 4780 1682 4853 πληρωθῶσιν
1715 4782 1971 4843 ἅπαντες.

414 4867 470 4919 ὐ
493 4867 549 4920 δὲ
595 4869 772 4940 ἱερεὺς
813 4869 978 4939 λέγει’
1009 4871 1306 4943 Εὐξώμεθα
1352 4875 1491 4946 ὑπὲρ
1524 4875 1634 4927 τῶν
1676 4875 1973 4946 ὀρθοδόξων

399 4958 758 5028 Χριστιανῶν.
810 4961 921 5014 Καὶ
952 4962 1166 5032 ἀδελφοὶ
1209 4966 1447 5034 συνεχῶς
1485 4967 1567 5030 τὸ,
1597 4967 1790 5038 Κύριε,
1822 4967 1973 5038 ὲλέη-

399 5066 511 5105 σον.
529 5051 699 5122 ’Υπὲρ
713 5052 1018 5117 εὐοδώσεως
1040 5056 1132 5109 καὶ
1150 5057 1473 5126 ὲνισχύσεως
1510 5056 1605 5110 τοῦ
1626 5057 1969 5128 φιλοχρίστου

399 5140 629 5210 στρατοῦ
639 5181 654 5195 .
670 5141 838 5212 Ὑπὲρ
850 5143 941 5195 τοῦ
954 5143 1384 5214 ἀρχιεπισκόπου
1398 5147 1672 5216 ἡμῶν,καὶ
1684 5149 1861 5216 πάσης
1873 5149 1971 5218 τῆς

398 5229 456 5280 ἐν
484 5231 701 5301 Χριστῷ
721 5232 878 5303 ἡμῶν
896 5233 1273 5304 ἀδελφότητος.
1304 5237 1474 5307 Ὑπὲρ
1495 5237 1604 5290 τῶν
1620 5236 1971 5306 ἀπολειφθέν-

397 5335 503 5372 των
549 5323 800 5392 πατέρων
832 5325 924 5378 καὶ
956 5325 1201 5395 ἀδελφῶν
1233 5327 1411 5398 ήμῶν.
1455 5329 1626 5401 ’Υπὲρ
1657 5328 1766 5382 τῶν
1788 5328 1971 5381 διακο-

396 5408 627 5462 νούντων
655 5413 747 5464 καὶ
761 5412 1190 5485 διακονησάντων
1224 5419 1373 5486 ἡμῖν.
1409 5418 1579 5490 ’Υπὲρ
1609 5418 1717 5472 τῶν
1756 5417 1970 5488 μισούν-

393 5516 502 5553 των
526 5502 620 5555 καὶ
643 5503 977 5570 ἀγαπώντων
1020 5507 1187 5577 ἡμᾶς.
1234 5509 1403 5581 ’Υπὲρ
1436 5509 1541 5562 τῶν
1574 5509 1967 5580 ἐντειλαμένων

395 5592 527 5662 ἡμῖν
571 5596 684 5656 τοῖς
734 5594 973 5660 ἀναξίοις
1026 5596 1282 5668 εὔχεσθαι
1333 5601 1473 5671 ὑπὲρ
1517 5601 1716 5653 αὐτῶν.
1794 5600 1965 5671 Ὑπὲρ

394 5684 745 5754 ἁναρῤύσεως
790 5687 896 5742 τῶν
926 5690 1305 5762 αἰχμαλώτων.
1349 5692 1517 5764 Ὑπὲρ
1538 5692 1645 5747 τῶν
1676 5695 1734 5748 ὲν
1772 5691 1969 5746 θαλάσ-

2083 4329 2341 4382 fratribus
2373 4343 2387 4379 :
2424 4326 2752 4387 Denedicite,
2778 4323 2969 4378 Patres
2999 4327 3194 4388 sancti,
3222 4326 3484 4396 ignoscite
3515 4326 3650 4381 mihi

2080 4416 2365 4484 peccatori.
2422 4415 2489 4468 Et
2546 4414 2785 4467 fratres:
2825 4415 2965 4467 Dens
3013 4414 3256 4481 ignoscet
3318 4415 3411 4468 tibi
3443 4455 3457 4478 ,
3486 4413 3653 4469 Pater

2079 4517 2283 4559 sancte.
2318 4505 2384 4559 Et
2416 4505 2681 4571 incipiunt
2741 4502 2938 4556 fratres
2977 4519 3004 4556 a
3043 4505 3267 4558 dextero
3322 4515 3379 4559 et
3424 4506 3651 4560 sinistro

2077 4595 2247 4650 choro
2274 4594 2568 4648 secundum
2591 4593 2835 4646 ordinem
2861 4592 3054 4660 singuli
3087 4593 3265 4647 facere
3288 4593 3663 4647 consimiliter.

2076 4693 2131 4737 et
2154 4684 2290 4737 alter
2322 4682 2389 4735 ab
2420 4685 2590 4736 altero
2615 4691 2816 4750 petere,
2850 4692 2904 4735 et
2936 4683 3186 4749 accipere
3220 4684 3454 4745 veniam,
3475 4684 3646 4739 donec

2074 4789 2263 4828 omnes
2313 4773 2664 4827 absolverint.
2704 4773 2837 4826 Tum
2871 4777 3128 4828 saCerdos
3190 4774 3363 4829 dicit:
3407 4773 3645 4829 Oremus

2074 4878 2174 4932 pro
2202 4861 2525 4916 Christianis
2558 4871 2705 4916 recte
2748 4862 3131 4916 sentientibus.
3166 4862 3233 4916 Et
3276 4863 3472 4919 fratres
3504 4867 3643 4919 assi-

2074 4955 2197 5016 due,
2235 4952 2478 5015 Domine,
2506 4952 2782 5006 miserere.
2810 4951 2915 5005 Pro
2948 4952 3089 5007 felici
3126 4954 3339 5017 itinere,
3364 4964 3417 5009 et
3448 4957 3645 5010 robore

2073 5043 2365 5097 Christiani
2398 5043 2693 5097 exercitus.
2723 5042 2827 5096 Pro
2857 5044 3270 5113 archiepiscopo
3316 5055 3500 5099 nostro
3526 5088 3543 5113 ,
3586 5058 3643 5103 et

2075 5142 2184 5187 tota
2218 5144 2399 5186 nostra
2434 5133 2485 5185 in
2513 5132 2731 5188 Christo
2768 5134 3132 5190 fraternitate.
3151 5137 3257 5191 Pro
3288 5139 3553 5206 patrihus,
3584 5148 3642 5194 et

2071 5225 2331 5278 fratribus
2363 5226 2564 5279 nostris
2594 5224 2887 5279 derelictis.
2920 5226 3025 5279 Pro
3051 5229 3322 5293 omnibus,
3354 5233 3445 5298 qui
3487 5233 3643 5286 nobis

2070 5317 2331 5380 serviunt,
2370 5325 2425 5371 et
2473 5321 2798 5373 servierunt.
2830 5318 2934 5372 Pro
2968 5319 3293 5376 habentibus
3346 5338 3442 5375 nos
3492 5324 3637 5390 odio,

2069 5423 2123 5468 et
2151 5411 2479 5464 amantibus.
2529 5409 2635 5463 Pro
2688 5411 2942 5465 omnibus
2964 5450 2980 5474 ,
3015 5413 3106 5480 qui
3154 5428 3182 5465 a
3215 5414 3371 5469 nobis
3402 5415 3639 5484 indignis

2068 5508 2338 5575 petierunt
2395 5520 2490 5574 pro
2531 5519 2590 5559 se
2641 5506 2808 5559 orari.
2838 5505 2942 5559 Pro
2975 5507 3349 5577 redemptione
3394 5510 3640 5577 captivo-

2073 5612 2214 5654 rum.
2255 5596 2360 5650 Pro
2381 5596 2759 5665 navigantibns
2790 5597 2842 5649 in
2877 5597 3036 5648 mari.
3067 5595 3171 5649 Pro
3212 5595 3522 5665 iacentibus
3580 5599 3661 5659 in,

2074 5690 2409 5746 infirmitate.
2441 5688 2546 5744 Pro
2571 5690 2816 5745 ubertate
2842 5688 3112 5743 fructuum
3158 5699 3337 5744 terrae.
3385 5689 3487 5744 Pro
3519 5706 3647 5765 om:
