4076 6226
412 294 752 339 τεςιιιιιοιιι

1812 266 2346 324 PROLEGOMENA.

410 399 574 457 nibus
602 395 891 458 defunctis,
919 392 1187 464 patribus,
1215 399 1270 446 et
1295 389 1585 458 fratribus,
1615 388 1704 444 hic
1734 388 1986 459 sepultis,

2098 403 2163 457 σῃ
2189 384 2480 438 πλεόντων.
2498 381 2671 453 ’Υπὲρ
2692 381 2801 435 τῶν
2825 381 2883 434 tv
2907 381 3214 446 ἀσθενείαις
3241 382 3675 452 κατακειμένων.

412 500 468 548 et
504 506 603 561 pro
640 487 971 545 Ortliodoxis
995 526 1010 549 ,
1037 485 1131 554 qui
1159 492 1289 540 sunt
1326 484 1526 552 ubique
1565 494 1856 538 terrarum.
1891 479 1983 534 Di-

411 597 600 638 camus
621 589 677 636 et
703 594 800 650 pro
834 578 960 643 illis,
992 576 1241 644 Domine,
1266 576 1547 630 miserere.

480 852 611 911 S75.
641 850 710 907 Et
733 863 923 905 omnes
979 847 1277 917 accipimus
1352 845 1565 900 veniam
1597 859 1625 897 a
1667 843 1983 913 praeposito,

414 957 469 1000 et
489 944 819 1000 discedimus
840 943 907 997 ad
941 956 1093 996 suam
1132 940 1362 1009 quisque
1385 936 1656 1001 cellulam,
1688 936 1983 991 recitantes

414 1038 555 1092 hanc
577 1034 884 1089 oralionem
912 1049 927 1086 :

483 1125 819 1181 Habentibus
875 1137 974 1177 nos
1040 1120 1205 1185 odio,
1249 1129 1302 1176 et
1346 1119 1667 1175 laedentibus
1728 1118 1987 1189 ignosce,

415 1217 661 1274 Domine.
697 1214 1168 1272 Benefacientibus
1197 1212 1447 1269 benefue.
1489 1211 1793 1274 Fratribus,
1826 1220 1989 1280 atque

415 1309 776 1364 familiaribus
806 1310 1039 1367 concede
1058 1305 1306 1359 facientia
1340 1304 1406 1357 ad
1434 1303 1660 1358 salutem
1694 1300 1986 1372 postulata,

415 1410 472 1454 et
497 1401 664 1454 vitam
687 1409 964 1453 attentam.
992 1396 1239 1450 lulirmos
1269 1394 1499 1461 respice,
1533 1401 1591 1445 et
1624 1392 1691 1446 iis
1718 1390 1986 1446 medelam

416 1492 635 1563 largire.
664 1491 913 1545 Guberna
947 1490 999 1542 in
1052 1488 1190 1542 mari
1222 1487 1561 1557 navigantes.
1588 1482 1690 1539 lter
1721 1484 1990 1539 facientes

417 1590 695 1643 comitare.
720 1587 776 1641 ln
807 1586 948 1641 bello
973 1584 1166 1653 adjuva
1194 1582 1600 1652 imperatorem.
1636 1578 1991 1634 Meudicanti-

415 1680 516 1735 bus
544 1694 640 1748 pro
696 1678 848 1732 nobis
872 1718 887 1744 ,
916 1685 972 1731 et
1002 1675 1172 1730 nostri
1205 1675 1592 1729 miserentibus
1623 1673 1836 1728 veniam
1867 1686 1991 1741 pec-

2100 477 2274 549 Ὑπὲρ
2294 476 2553 548 εὐφορίας
2570 474 2681 528 τῶν
2714 473 2944 545 καρπῶν
2966 473 3065 544 τῆς
3085 474 3209 545 γῆς.
3238 475 3349 528 Καὶ
3372 473 3516 546 ὑπὲρ
3542 476 3682 529 πάν·

2096 585 2204 622 των
2226 570 2334 621 τῶν
2376 565 2960 639 προαναπαυσαμὲνων
3001 565 3251 637 πατέρων
3285 565 3381 620 καὶ
3408 565 3676 636 ἀδελφῶν,

2089 661 2202 717 τῶν
2227 662 2413 718 ἐνθάδε
2438 660 2721 732 κειμένων.
2772 661 2867 713 καὶ
2897 660 3213 731 ἁπανταχοῦ
3241 660 3557 732 ὀρθοδόξων.
3586 660 3681 714 Εἵ-

2092 771 2285 826 πωμεν
2305 756 2400 809 καὶ
2427 754 2568 827 ὑπὲρ
2598 752 2776 807 αὐτῶν
2802 752 2882 814 τὸ,
2914 752 3109 825 Κύριε,
3130 753 3350 825 ἐλέησον

2161 847 2271 900 Καὶ
2319 845 2668 917 λαμϐάνομεν
2712 846 2762 898 oi
2816 844 3020 909 πάντες
3055 844 3403 917 συγχώρησιν
3442 842 3549 899 ἀπὸ
3581 840 3680 898 τοῦ

2089 939 2451 1011 προεστῶτος,
2481 940 2574 993 καὶ
2603 940 2708 992 ἀπε
2719 938 2961 1010 ρχόμεθα
2993 941 3051 992 tv
3077 941 3192 1002 τοῖς
3232 937 3464 1002 κελλίοις
3493 935 3678 1008 ἡμῶν,

2087 1030 2336 1100 λέγοντες
2368 1032 2469 1103 τὴν
2509 1031 2675 1103 εὐχὴν
2705 1030 2908 1101 ταύτην
2929 1047 2944 1062 ·

2160 1123 2286 1187 Τοῖς
2330 1122 2548 1195 μισοῦσι
2568 1123 2662 1176 καὶ
2687 1122 2962 1176 ἀδικοῦσιν
2990 1123 3139 1193 ἡμᾶς
3171 1120 3546 1193 συγχώρησον,
3564 1118 3681 1172 Κύ-

2096 1230 2199 1286 ριε.
2234 1214 2360 1277 Τοῖς
2375 1213 2795 1283 ἀγαθοποιοῦσιν
2830 1213 3248 1284 ἀγαθοποίησον.
3287 1214 3412 1277 Τοῖς
3431 1211 3683 1281 ἀδελφοῖς

2088 1307 2183 1359 καὶ
2213 1305 2361 1368 ἰδίοις
2390 1304 2547 1376 ἡμῶν
2578 1305 2804 1377 χάρισαι
2825 1306 2895 1359 τὰ
2928 1304 3064 1377 πρὸς
3096 1307 3371 1377 σωτηρίαν
3402 1306 3683 1375 αἰτήματα

2088 1396 2184 1450 καὶ
2214 1395 2360 1467 ζωὴν
2387 1395 2483 1467 τὴν
2527 1395 2765 1448 αἰώνιον.
2806 1396 2946 1457 Τοὺς
2979 1396 3038 1447 tv
3083 1393 3337 1465 ἀσθενείᾳ
3364 1392 3681 1463 ἐπίσκεψαι,

2089 1489 2183 1542 καὶ
2206 1489 2348 1543 ἴασιν
2363 1488 2437 1542 δώ
2445 1490 2771 1562 ρησαι.Τοὺς
2789 1489 2845 1542 tv
2862 1488 3104 1560 θαλάσσῃ
3123 1487 3255 1541 κυδέ
3264 1486 3606 1559 ρνησον.Τοῖς
3621 1486 3682 1537 tv

2091 1581 2424 1653 ὁδοιπορίαις
2461 1582 2795 1636 συνόδευσον.
2820 1581 2911 1652 Τῷ
2930 1581 3138 1651 βασιλεί
3156 1597 3218 1634 συ
3227 1581 3534 1652 μμὰχησον.
3553 1579 3683 1643 Τοῖς

2090 1676 2427 1731 διακονοῦσιν
2457 1676 2551 1732 καὶ
2583 1676 2793 1730 ἐλεοῦσι
2824 1677 2997 1747 ἡμᾶς,
3037 1675 3322 1747 ἁμαρτιῶν
3356 1676 3548 1744 ἄφεσιν
3571 1670 3679 1726 δώ-

415 1783 659 1826 catorum
688 1770 885 1824 tribue.
914 1767 1220 1821 Secundum
1249 1780 1501 1835 magnam
1551 1762 1986 1835 misericordiam

2097 1784 2274 1838 ρησαι.
2314 1768 2452 1831 Τοὺς
2472 1746 2884 1839 ὲντειλαμένούς
2928 1770 3064 1840 ἡμῖν
3084 1746 3204 1832 τοῖς
3229 1766 3490 1831 ἀναξίοις,
3521 1764 3681 1835 εὔχε-

415 1872 563 1917 tuam
628 1862 886 1915 miserere
939 1874 1126 1913 eorum
1149 1898 1163 1922 ,
1200 1858 1291 1926 qui
1322 1873 1380 1912 se
1410 1857 1610 1910 nostris
1642 1855 1987 1923 indignorum

413 1953 667 2024 precibus
717 1954 1184 2008 commendarunt.
1242 1949 1534 2013 Memento,
1591 1948 1843 2015 Domine,
1895 1947 1989 2002 de—

413 2045 721 2101 functorum
746 2053 960 2113 patrum
990 2082 1006 2107 ,
1038 2057 1103 2096 ac
1137 2042 1369 2096 fratrum
1400 2053 1737 2106 nostrorum,
1783 2054 1989 2108 eosque

415 2139 489 2194 ibi
527 2137 793 2200 refocilla,
826 2137 915 2191 ubi
969 2135 1149 2189 lumen
1180 2135 1359 2190 vultus
1416 2135 1491 2188 tui
1543 2135 1829 2203 aspicitur.
1879 2132 1991 2186 Me-

414 2237 623 2290 mento,
657 2226 899 2291 Domine,
929 2223 1158 2278 fratrum
1207 2234 1514 2278 nostrorum
1543 2225 1908 2292 captivorum,
1936 2231 1993 2278 et

414 2331 510 2371 eos
539 2316 609 2372 ab
643 2318 787 2371 omni
832 2317 1156 2371 necessitate
1183 2314 1377 2370 libera.
1407 2313 1703 2381 Memento,
1737 2314 1984 2379 Domine,

415 2407 771 2462 referentium
800 2407 1008 2462 fructus
1035 2422 1099 2462 ac
1132 2407 1272 2461 bene
1323 2406 1635 2461 facientium
1665 2408 1867 2461 sanctis
1892 2406 1992 2461 Ec-

417 2500 601 2556 clesiis
634 2502 764 2564 tuis,
791 2500 1006 2570 illisque
1033 2499 1274 2554 concede
1309 2500 1571 2554 salutaria
1628 2499 1865 2568 ipsorum
1897 2514 1994 2568 po-

414 2594 637 2659 stulata,
656 2604 711 2648 et
732 2594 899 2647 vitam
926 2604 1214 2650 aeternam.
1243 2593 1535 2657 Memento,
1560 2591 1808 2659 Domine,
1827 2592 1991 2646 etiam

417 2695 661 2740 nostrum
720 2685 1007 2740 humilium
1039 2727 1055 2752 ,
1093 2694 1445 2756 peccatorum
1478 2724 1494 2751 ,
1534 2684 1993 2756 indignorumque

415 2779 739 2835 famulorum
799 2790 1051 2845 tuorum;
1101 2788 1266 2849 atque
1312 2779 1559 2833 illumina
1615 2788 1852 2833 mentem
1895 2792 1996 2831 no-

416 2883 589 2926 stram
618 2872 819 2925 lumine
852 2871 1177 2940 cognitionis
1224 2880 1348 2936 tute,
1376 2870 1507 2924 etin
1548 2871 1742 2924 semita
1771 2869 1995 2924 man‘da-

417 2972 597 3018 torum
637 2972 850 3016 tuorum
887 2977 985 3016 nos
1016 2963 1223 3031 dirige,
1256 2962 1516 3031 precibus
1548 2962 1993 3016 incontaminatze

2092 1859 2213 1912 σθαι
2249 1860 2389 1930 ὑπὲρ
2428 1858 2630 1924 αὐτῶν,
2662 1859 2885 1930 ἐλέησον
2925 1858 3066 1914 κατά
3103 1859 3164 1912 τὸ
3201 1857 3343 1928 μέγα
3378 1873 3474 1909 σου
3509 1854 3677 1918 ἔλεος.

2089 1951 2395 2021 Μνήσθητι,
2432 1950 2626 2022 Κύριε,
2659 1950 2769 2005 τῶν
2797 1949 3280 2026 προκοιμηθέντων
3307 1948 3558 2020 πατέρων
3584 1946 3681 2001 καὶ

2099 2043 2343 2112 ἀδελφῶν
2372 2044 2551 2113 ἡμῶν,
2586 2043 2682 2096 καὶ
2718 2044 3030 2098 ἀνάπαυσον
3069 2042 3266 2105 αὐτοὺς
3298 2043 3431 2095 ὅπου
3458 2042 3681 2093 ἐπισκο-

2096 2140 2278 2191 πεῖται
2311 2136 2372 2189 τὸ
2405 2136 2521 2205 φῶς
2574 2137 2670 2189 τοῦ
2701 2134 2995 2208 προσώπου
3024 2152 3140 2189 σου.
3162 2133 3466 2206 Μνὴσθητι,
3482 2132 3678 2205 Κύριε,

2093 2228 2205 2281 τῶν
2227 2227 2471 2298 ἀδελφῶν
2500 2230 2533 2299 ή
2544 2226 2659 2298 μῶν
2710 2226 2819 2280 τῶν
2853 2225 3236 2297 αἰχμαλώτων,
3283 2224 3379 2279 καὶ
3403 2223 3679 2295 λύτρωσαι

2092 2321 2289 2384 αὐτοὺς
2318 2320 2426 2374 ἀπὸ
2460 2321 2641 2392 πάσης
2678 2320 3075 2392 περιστάσεως.
3109 2316 3425 2389 Μνήσθητι,
3479 2315 3677 2388 Κύριε,

2092 2410 2200 2463 τῶν
2245 2408 2740 2480 καρποφορούντων
2791 2409 2885 2461 καὶ
2928 2405 3393 2475 καλλιεργούντων
3449 2406 3508 2459 tv
3557 2406 3681 2468 ταῖς
3722 2445 3726 2448 ‹

2093 2504 2277 2571 ἁγίαις
2312 2520 2405 2555 σου
2448 2501 2819 2573 Ἐκκλησίαις.
2854 2499 2949 2552 κα)⁵
2974 2499 3063 2562 δὺς
3099 2499 3285 2561 αὐτοῖς
3306 2497 3375 2551 τά
3403 2495 3539 2569 πρὸς
3574 2513 3678 2550 σω-

2095 2595 2290 2667 τηρίαν
2333 2596 2612 2665 αἰτήματα
2649 2593 2742 2646 καὶ
2777 2592 2924 2663 ζωὴν
2964 2592 3060 2662 τὴν
3093 2590 3330 2646 αἰώνιον.
3370 2589 3679 2662 Μνήσθητι,

2094 2685 2288 2755 Κύριε,
2323 2685 2416 2738 καὶ
2442 2684 2599 2755 ήμῶν
2625 2684 2732 2737 τῶν
2758 2683 3050 2747 ταπεινῶν,
3082 2683 3177 2737 καὶ
3198 2680 3559 2754 ἁμαρτωλῶν,
3585 2679 3679 2734 καὶ

2095 2774 2330 2841 ἀναξίων
2358 2776 2558 2829 δούλων
2582 2792 2697 2829 σου·
2728 2777 2821 2830 καὶ
2851 2775 3085 2845 φώτισον
3116 2775 3275 2847 ἡμῶν
3305 2775 3397 2829 τὸν
3427 2773 3553 2829 νοῦν
3599 2773 3680 2845 τῷ

2096 2870 2235 2938 φωτὶ
2277 2872 2375 2941 τῆς
2420 2868 2675 2938 γνώσεώς
2712 2887 2829 2935 σου,
2869 2871 2963 2923 καὶ
3011 2869 3275 2941 ὁδήγησον
3312 2870 3464 2940 ἡμᾶς
3501 2870 3561 2920 ὲν
3609 2871 3677 2937 τῇ

2095 2958 2266 3031 τρίϐῳ
2297 2958 2405 3013 τῶν
2433 2959 2660 3011 ἐντολῶν
2681 2976 2797 3023 σου,
2830 2958 3147 3031 πρεσϐείαις
3169 2958 3272 3028 τῆς
3296 2956 3679 3029 παναχράντου

418 3052 658 3106 Dominae
688 3060 888 3106 nostra:
915 3052 1157 3119 Deiparze
1188 3060 1244 3106 et
1273 3065 1489 3121 semper
1516 3050 1755 3120 Virginis
1780 3049 1989 3114 Mariae,

2097 3052 2396 3122 Δεσποίνης
2431 3053 2591 3124 ἡμῶν
2622 3052 2888 3106 Θεοτόκου
2914 3053 3009 3106 καὶ
3032 3051 3678 3148 ἀειπαρθένουτΜαρίας,

416 3143 767 3213 omniumque
792 3153 1107 3198 sanctorum
1136 3180 1152 3209 ,
1190 3143 1317 3214 quia
1351 3142 1666 3201 benedictus
1714 3155 1774 3197 es
1803 3142 1856 3197 in
1891 3156 1991 3198 sa:-

417 3234 537 3296 cula
567 3235 907 3293 saeculorum.
934 3242 1131 3293 Amen.

2100 3142 2195 3194 xui.
2218 3141 2433 3196 πάντων
2460 3159 2552 3195 σου
2586 3142 2694 3195 τῶν
2721 3142 2912 3210 ἁγίων
2944 3142 3025 3196 δτι
3054 3139 3344 3211 εὐλογητὸς
3375 3132 3426 3191 εἷ
3452 3139 3532 3201 είς
3552 3138 3681 3201 τοὺς

2098 3232 2300 3295 αἰῶνας
2322 3231 2429 3286 τῶν
2461 3233 2694 3288 αἰώνων.
2742 3233 2937 3304 ’Δμήν.

1866 3675 2263 3736 CONCLUSIO.

495 3939 621 3996 ‘276.
651 3941 748 3997 Hic
774 3942 964 4007 habes,
1003 3943 1216 3998 erudite
1253 3941 1446 4008 lector,
1473 3952 1647 3998 totum
1675 3943 1833 3999 ollicii
1858 3944 2003 4000 Grae-

421 4050 474 4089 ci
513 4035 757 4088 ordinem
794 4048 810 4086 :
843 4034 896 4087 in
932 4050 1041 4103 quo
1082 4035 1203 4088 sine
1254 4033 1418 4089 dubio
1470 4037 1804 4101 observasti,
1837 4051 1999 4103 quam

420 4141 564 4195 saepe
599 4127 797 4194 ubique
828 4126 1187 4193 ingeminetur
1220 4125 1417 4196 Κύριε,
1446 4125 1670 4198 ἐλέησον
1702 4137 1758 4181 et
1784 4127 1998 4195 Ἀγιος,

423 4220 602 4289 ἅγιος,
656 4221 833 4289 ἆγιος.
885 4220 1045 4274 Certe
1085 4220 1374 4274 concilium
1407 4221 1672 4286 Vasense,
1701 4234 1795 4274 seu
1824 4219 1997 4275 Vaso-

422 4329 597 4370 nense
627 4318 856 4385 terram,
886 4313 977 4381 qui
1022 4311 1318 4366 Vasatense
1349 4313 1640 4384 appellant)
1676 4312 1874 4381 passim
1900 4320 2002 4366 ter-

424 4409 557 4462 tium
592 4408 936 4476 inscriptum,
960 4415 1013 4460 et
1050 4404 1431 4459 celebrandum
1464 4420 1607 4459 anno
1645 4420 1848 4469 nxxrx;
1873 4419 2001 4459 con-

423 4499 767 4554 suetudinem
811 4501 967 4551 istam
1015 4498 1245 4552 mirilice
1281 4496 1559 4564 dilaudat;
1616 4497 1836 4567 quando
1867 4512 1991 4552 can.

423 4591 498 4656 5,
536 4592 610 4645 ita
657 4591 876 4645 sancit:
913 4606 932 4640 ‹
969 4588 1036 4643 Et
1089 4589 1218 4658 quin
1258 4597 1365 4641 tam
1404 4589 1456 4641 in
1498 4588 1626 4642 sede
1680 4588 1996 4657 apostolica,

423 4700 582 4752 quam
615 4683 777 4738 etiam
814 4698 913 4751 per
940 4689 1079 4735 totas
1112 4680 1426 4735 Orientales
1463 4690 1627 4750 atque
1657 4680 1823 4734 Italia:
1867 4695 1996 4749 pro-

424 4775 651 4840 vincias,
682 4772 853 4827 dulcis
891 4782 945 4825 et
975 4772 1199 4825 nimium
1243 4772 1501 4825 salutaris
1548 4773 1886 4827 consuetudo
1918 4780 2003 4827 est

425 4861 759 4921 intromissa,
795 4869 854 4912 ut
878 4856 1046 4926 Hyrie
1073 4857 1267 4910 eleison
1303 4857 1646 4925 frequentius
1671 4871 1796 4912 cum
1836 4873 2005 4927 gran-

424 4959 477 5013 di
500 4936 706 5011 affectu
731 4928 1234 5019 et‘compunctione
1261 4950 1532 5019 dicatur;
1581 4950 1785 5019 placuit
1836 4950 1999 5003 etiam

423 5049 603 5112 nobis,
630 5055 689 5100 ut
715 5048 768 5100 in
792 5045 1046 5100 omnibus
1072 5043 1321 5099 ecclesiis
1354 5042 1556 5097 nostris
1600 5042 1700 5097 ista
1733 5053 1842 5096 tam
1871 5057 2000 5096 san-

426 5153 511 5195 cta
544 5138 900 5203 consuetudo,
930 5144 985 5191 et
1029 5137 1095 5190 ad
1130 5135 1446 5189 Matutinum
1474 5171 1490 5197 ,
1521 5141 1574 5189 et
1603 5135 1669 5187 ad
1701 5132 1917 5194 Missas,
1949 5141 2004 5187 et

427 5235 497 5288 ad
523 5233 843 5300 Vcsperam,
863 5228 973 5283 Deo
997 5227 1231 5297 propitio
1264 5224 1681 5281 intromittatur.
1711 5224 1779 5278 Et
1801 5225 1853 5278 in
1880 5239 2003 5279 om-

427 5323 590 5380 nibus
620 5322 820 5391 Missis,
854 5335 947 5376 seu
990 5321 1042 5374 in
1066 5318 1345 5373 Matutinis
1373 5358 1388 5380 .
1429 5332 1524 5372 seu
1551 5316 1604 5370 in
1635 5314 2001 5387 Quadragesi-

427 5419 681 5483 malibus,
700 5430 795 5471 seu
823 5415 875 5469 in
901 5413 1028 5478 illis,
1058 5426 1179 5481 quae
1209 5426 1306 5477 pro
1340 5407 1726 5465 defunctorum
1760 5422 2004 5462 comme-

430 5510 733 5566 moratione
759 5510 927 5573 fiunt,
960 5519 1180 5575 semper
1210 5503 1467 5564 Sanctus,
1507 5508 1747 5565 sanctus,
1784 5510 2003 5556 sanctus

429 5622 498 5663 eo
533 5606 743 5670 ordine,
797 5601 1069 5674 quomodo
1095 5600 1163 5655 ad
1213 5598 1407 5654 Missas
1465 5595 1715 5667 publicas
1771 5595 2003 5661 dicitur,

427 5700 537 5757 dici
563 5698 784 5759 debeat;
818 5695 946 5768 quia
976 5702 1086 5750 tam
1117 5700 1307 5750 sancta
1332 5699 1388 5747 et
1420 5696 1530 5746 tam
1560 5686 1735 5746 dulcis
1771 5697 1826 5745 et
1851 5689 1998 5747 desi-

2105 3945 2365 4001 derabilis
2395 3960 2521 4010 vox,
2551 3946 2765 4001 etiamsi
2794 3946 2882 4001 die
2912 3956 3188 4018 noctuque
3214 3948 3393 4017 paesti
3434 3949 3564 4014 dici,
3593 3950 3678 4005 fac

2102 4038 2323 4093 slidium
2352 4052 2455 4091 non
2481 4038 2683 4107 poterit
2714 4054 2999 4108 generare.
3028 4059 3048 4093 ι

2171 4128 2301 4186 277.
2331 4128 2664 4194 Observasti,
2691 4130 2907 4199 opinor,
2940 4140 3204 4201 praeterea
3257 4133 3503 4205 singulos
3556 4153 3676 4191 mo-

2100 4220 2279 4284 dulos,
2313 4223 2429 4276 sive
2461 4222 2697 4291 troparia
2728 4238 2847 4278 esse
2873 4224 3043 4278 ferme
3071 4224 3312 4294 singulas
3338 4226 3462 4282 fidei
3495 4228 3680 4282 ortho—

2101 4314 2256 4367 doxae
2313 4314 2724 4369 confessiones:
2761 4317 2920 4370 modo
2957 4316 3102 4370 enim
3146 4318 3331 4382 Arius,
3363 4320 3522 4372 modo
3565 4318 3676 4374 Ne-

2101 4404 2323 4466 storius,
2349 4404 2508 4458 modo
2533 4403 2825 4474 Eutyclies,
2858 4407 3021 4460 modo
3049 4406 3340 4472 Sabellius,
3377 4408 3535 4463 modo
3567 4409 3672 4464 alia

2100 4496 2479 4550 hiereticorum
2559 4507 2803 4552 monstra
2859 4498 3234 4569 proﬂigantur.
3286 4498 3671 4555 Verumtamen

2102 4587 2397 4641 Orientalis
2451 4587 2697 4642 Ecclesia
2733 4604 2831 4658 per
2880 4604 3035 4644 suum
3073 4590 3184 4644 Καὶ
3246 4590 3365 4655 νῦν,
3416 4608 3524 4645 non
3568 4601 3676 4648 tam

2103 4680 2249 4735 clare
2288 4681 2453 4734 verbo
2500 4682 2863 4735 aeternitatem
2902 4682 3175 4751 explicat,
3210 4699 3376 4751 quam
3410 4685 3676 4740 Occiden-

2106 4772 2229 4826 talis
2268 4787 2362 4840 per
2428 4787 2585 4825 suum
2646 4770 2794 4827 Sicut
2869 4785 2981 4827 erat
3047 4776 3102 4827 in
3166 4776 3445 4844 principio.
3492 4778 3677 4843 Quan-

2104 4877 2265 4932 quam
2322 4862 2609 4916 concilium
2681 4861 2920 4918 Vasense
2977 4880 3139 4934 supra
3190 4867 3413 4920 citatum
3465 4884 3587 4922 can.
3622 4868 3679 4935 5,

2108 4957 2249 5009 hanc
2278 4955 2574 5008 clausulam
2598 4958 2761 5009 etiam
2795 4958 2846 5010 in
2882 4957 3122 5012 Ecclesia
3155 4956 3419 5012 Orientali
3452 4975 3681 5030 usurpa-

2108 5055 2213 5100 tam
2241 5045 2409 5099 fuisse
2446 5057 2733 5116 supponat.
2762 5066 2793 5099 «-
2820 5048 2883 5103 Ει
2906 5050 3029 5117 quia
3057 5089 3074 5114 ,
3110 5050 3309 5119 inquit,
3339 5068 3446 5107 nou
3503 5054 3680 5109 solum

2106 5139 2160 5193 iu
2192 5139 2318 5193 sede
2364 5139 2688 5207 apostolica,
2720 5142 2813 5196 sed
2839 5141 3006 5195 etiam
3038 5156 3136 5210 per
3170 5152 3341 5197 totum
3369 5143 3681 5211 Orientem,

2102 5238 2159 5284 et
2182 5238 2350 5283 totam
2385 5230 2757 5296 Africam,vel
2786 5230 3019 5294 Italiam,
3049 5242 3274 5302 propter
3298 5233 3679 5291 haereticorum

2107 5322 2387 5389 astutiam,
2411 5321 2505 5391 qui
2554 5322 2645 5376 Dei
2680 5320 2877 5376 Filium
2930 5337 3035 5376 non
3071 5337 3291 5393 semper
3345 5340 3468 5380 cum
3520 5326 3683 5385 Patre

2107 5417 2296 5480 fuisse,
2328 5417 2424 5471 sed
2459 5430 2488 5469 a
2519 5424 2764 5484 tempore
2790 5416 3025 5485 ctepisse
3048 5415 3451 5486 blasphemant,
3478 5418 3531 5472 in
3563 5432 3685 5474 om-

2108 5506 2269 5560 nibus
2300 5505 2557 5561 clausulis
2580 5512 2705 5574 post
2730 5502 2941 5573 Gloria,
2965 5504 3123 5561 Sicut
3143 5516 3264 5560 erat
3294 5507 3348 5561 in
3381 5509 3683 5578 principio,

2108 5599 2310 5651 dicitur
2337 5619 2348 5653 :
2378 5597 2541 5651 etiam
2563 5605 2621 5650 et
2653 5612 2770 5661 nos,
2798 5596 2851 5650 in
2883 5594 3159 5652 universis
3187 5596 3453 5657 Ecclesiis
3478 5603 3687 5659 nostris

2109 5690 2211 5745 hoc
2232 5688 2303 5744 ita
2333 5688 2621 5745 dicendum
2653 5702 2798 5757 esse,
2827 5687 3195 5746 decemimus.
3229 5709 3251 5744 ο
