4076 6226
1547 341 1938 397 ACOLUTlllA
1976 340 2309 398 TRIPLICIS
2349 342 2563 396 FESTl.

3379 360 3667 399 CCCLXXKIX

502 452 626 509 278.
661 452 766 509 Sed
819 455 873 508 iu
908 457 1207 524 quaestione
1258 458 1387 511 facti
1444 460 1787 526 particularis
1848 460 2002 513 facile
2038 462 2081 516 A
2111 462 2398 529 procedere
2429 476 2523 530 per
2549 458 2742 512 Filimn
2771 501 2785 526 ,
2818 468 2870 513 et
2911 458 2983 511 ait
3022 477 3034 513 :
3074 477 3090 509 ι
3132 457 3243 512 Hoc
3273 459 3462 527 dogma
3493 458 3662 511 Tara-

434 557 617 597 errare
649 546 819 609 potuit
855 547 1167 600 concilium.
1230 548 1396 602 Multo
1430 550 1637 607 facilius
1699 564 1883 603 errare
1911 567 2005 618 po-

437 636 508 688 tui
566 651 662 706 ego
713 638 763 690 in
818 639 1043 707 hujusce
1085 640 1252 693 ollicii
1310 642 1550 709 partibus
1614 641 2001 710 conjungendis

433 728 874 799 explicandisque
898 747 911 795 ;
939 746 1111 800 neque
1140 731 1349 799 dubito,
1370 735 1495 802 quin
1530 736 1826 789 erraverim
1876 751 1997 805 pcr-

433 834 573 888 sarpe
607 841 620 875 :
658 823 779 890 quis
830 824 972 876 enim
1025 833 1136 877 tam
1166 825 1391 889 linceus,
1426 827 1514 895 qui
1548 827 1599 880 in
1636 830 1800 881 tantis
1848 838 1997 881 tene-

430 912 543 967 bris
574 929 834 983 nusquam
869 914 1109 970 oll'endat
1145 956 1160 982 ,
1190 934 1451 985 nusquam
1490 919 1768 973 incurrat?
1816 920 1996 985 Quare

429 1020 526 1062 oro
550 1008 820 1062 eruditum
874 1009 1133 1063 lectorem
1163 1049 1176 1073 ,
1208 1022 1264 1062 ut
1292 1027 1428 1079 quos
1457 1012 1876 1079 deprehenderit
1908 1030 1996 1069 er-

429 1112 606 1161 rores,
634 1099 765 1151 mihi
797 1099 1037 1152 indicare
1068 1115 1135 1153 ue
1162 1111 1434 1169 gravetur.
1470 1102 1601 1157 Rem
1624 1114 1831 1171 gratam
1861 1122 1996 1174 pra:-

427 1187 629 1240 stiterit
682 1197 892 1252 parato,
920 1189 1008 1257 qui
1041 1191 1309 1258 corrigam
1351 1208 1365 1243 :
1394 1207 1517 1244 nam
1548 1197 1625 1259 (ut
1656 1193 1843 1262 loquar
1874 1210 1993 1248 cum

427 1275 484 1330 S.
517 1278 818 1346 Augustino
850 1278 905 1332 in
936 1282 1201 1346 prooemio
1233 1281 1352 1334 libri
1382 1298 1439 1346 ιι,
1471 1285 1533 1337 de
1565 1283 1782 1353 Trinit.)
1824 1304 1841 1335 α
1882 1302 1994 1339 ma-

422 1366 503 1435 gis
525 1366 721 1434 optabo
763 1382 791 1420 a
817 1368 1055 1437 quolibet
1084 1371 1428 1437 reprehendi,
1454 1387 1615 1440 quam
1648 1374 1762 1427 sive
1791 1375 1857 1427 ab
1907 1390 1993 1428 cr-

424 1466 597 1523 rante,
624 1458 737 1511 sive
771 1458 837 1512 ab
891 1459 1148 1513 adulante
1204 1461 1453 1516 laudari:
1484 1464 1659 1519 nullus
1705 1466 1846 1519 enim
1908 1484 1994 1521 reo

420 1551 716 1617 prehensor
747 1550 1022 1606 timendus
1047 1561 1128 1606 est
1147 1555 1375 1607 amatori
1406 1556 1675 1611 veritatis.
1712 1576 1730 1608 ι
1770 1557 1880 1612 lloc
1905 1568 1987 1613 ta-

420 1654 542 1693 men
582 1654 795 1704 moneo,
838 1642 1117 1709 antiquum
1151 1642 1464 1697 Graecorum
1491 1644 1772 1712 OlIicium,
1817 1664 1987 1717 neque

417 1729 482 1781 ad
518 1730 904 1799 Anthologium
930 1732 1386 1789 AntoniiArcudii
1416 1776 1431 1797 ,
1464 1752 1636 1806 neque
1667 1739 1732 1792 ad
1762 1737 1985 1794 Horolo-

416 1820 559 1891 gium
605 1822 1059 1893 Cryptaa-l'erratin
1120 1826 1327 1880 ordinis
1384 1825 1443 1880 S.
1470 1827 1697 1893 Basilii,
1728 1836 1983 1898 tanquam

415 1911 480 1964 ad
516 1926 669 1966 suam
707 1929 973 1987 normam,
1026 1916 1351 1985 exigendum
1384 1933 1544 1973 esse:
1577 1919 1702 1988 quia
1748 1921 1849 1974 hoc
1880 1920 1985 1975 Ho-

414 2002 676 2073 rologium
706 2006 895 2061 ritibus
925 2006 1137 2061 Latinis
1168 2007 1503 2062 conformius
1533 2018 1636 2075 est,
1662 2025 1821 2079 quam
1842 2010 1987 2066 Grae-

413 2094 491 2148 cis
520 2114 531 2148 :
565 2096 692 2150 illud
716 2107 893 2152 autem
920 2099 1299 2169 Authologium
1333 2110 1540 2155 tantum
1593 2113 1677 2157 est
1730 2120 1826 2173 pro
1890 2107 1974 2174 iis,

420 2203 437 2234 ι
468 2186 555 2253 qui
580 2187 683 2240 iter
706 2200 929 2256 agentes
956 2206 1047 2242 seu
1085 2206 1306 2262 peregre
1334 2191 1741 2261 proﬁciscentes
1764 2235 1778 2260 ,
1800 2211 1973 2263 {egro-

414 2286 605 2344 tantes,
656 2282 737 2331 vel
802 2281 936 2335 alias
992 2282 1227 2351 legitime
1280 2285 1542 2352 impediti,
1590 2287 1754 2341 choro
1808 2288 1974 2342 inter-

410 2380 529 2422 esse
584 2380 897 2437 nequeuut,
948 2393 966 2424 ι
1023 2384 1079 2427 ut
1124 2386 1268 2443 patet
1306 2392 1370 2430 ex
1424 2378 1622 2433 litteris
1681 2382 1981 2439 Clementis

408 2474 555 2530 papa:
603 2459 713 2514 Vlll
768 2463 834 2517 ad
889 2464 1127 2533 ejusdem
1190 2468 1495 2540 Anthologii
1548 2472 1753 2527 calcem
1802 2474 1981 2543 legen-

409 2554 509 2607 dis.

474 2647 601 2705 279.
636 2649 710 2704 De
760 2649 916 2715 hujus
968 2651 1127 2707 olIicii
1185 2663 1407 2710 auctore
1459 2654 1669 2710 Joanne
1716 2656 1976 2711 Euchaita

408 2740 657 2797 dubitare
715 2744 913 2811 poterit
947 2745 1142 2813 aliquis
1171 2786 1185 2810 ,
1220 2747 1635 2801 orthodoxusne
1664 2747 1826 2801 fuerit
1858 2788 1873 2812 ,
1908 2764 1975 2801 an

405 2830 689 2885 haereticus
726 2850 739 2885 :
774 2832 924 2900 quia,
967 2848 1115 2885 num.
1144 2832 1267 2896 186,
1312 2834 1511 2888 diserte
1542 2833 1822 2887 allirmaus
1854 2848 1976 2901 pro-

403 2922 701 2977 cessionem
731 2922 965 2991 Spiritus
990 2941 1018 2976 a
1052 2924 1213 2978 Patre
1267 2932 1407 2979 tacet
1444 2926 1511 2979 de
1567 2925 1748 2989 Filio;
1801 2938 1972 2994 eoque

404 3024 577 3081 potest
608 3014 660 3068 in
693 3016 1055 3083 suspicionem
1089 3018 1292 3080 venire,
1332 3032 1398 3071 ne
1440 3018 1710 3072 communi
1752 3016 1973 3072 Graeco-

404 3120 517 3158 rum
550 3106 784 3174 plurium
820 3122 1006 3161 errore
1049 3110 1299 3162 eumdem
1332 3124 1361 3162 a
1395 3108 1536 3163 Filio
1568 3124 1785 3177 quoque
1844 3124 1971 3177 pro-
2001 3136 2043 3191 ο

402 3197 592 3250 cedere
646 3212 752 3251 non
800 3198 1110 3251 crediderit.
1167 3199 1356 3265 Error,
1389 3199 1585 3263 fateor,
1636 3199 1722 3252 hic
1779 3197 1971 3252 luisset

400 3288 696 3356 gravis,et
747 3291 961 3359 quidem
1012 3292 1124 3360 jam
1165 3302 1274 3344 tum
1310 3292 1599 3353 damnatus
1652 3307 1679 3343 a
1728 3291 1970 3344 Romana

401 3378 640 3432 Ecclesia
675 3395 690 3431 :
728 3381 819 3434 sed
844 3394 905 3433 ex
952 3382 1055 3434 isto
1091 3381 1326 3444 silentio,
1357 3379 1552 3435 Joanni
1590 3380 1664 3434 illi
1696 3381 1970 3435 hmreseos

402 3480 525 3523 nota
551 3467 791 3525 aﬂ'ricari
820 3488 926 3527 non
952 3483 1149 3541 potest.
1198 3471 1331 3526 Nam
1374 3474 1455 3544 (ut
1488 3482 1569 3527 est
1614 3474 1753 3541 apud
1808 3473 1971 3525 Baro-

400 3562 547 3615 nium
580 3572 709 3617 tom.
735 3562 804 3617 IX
842 3565 907 3617 ad
932 3582 1019 3618 an.
1054 3564 1180 3634 791)
1211 3566 1405 3629 Grmci,
1432 3566 1671 3619 dicentes
1706 3564 1967 3635 Spiritum

399 3666 639 3709 sanctum
669 3670 697 3708 a
739 3655 899 3709 Patre
927 3659 1239 3725 procedere,
1262 3658 1354 3711 sed
1389 3672 1494 3710 non
1540 3666 1799 3725 negantes
1842 3670 1969 3724 pro—

398 3748 590 3801 cedere
643 3765 673 3802 a
724 3748 885 3814 Filio,
918 3766 1023 3803 non
1053 3750 1411 3814 damnantur;
1446 3748 1539 3802 sed
1578 3748 1649 3800 illi
1686 3749 1966 3811 duntaXat,

400 3840 487 3907 qui
529 3840 580 3893 id
628 3850 845 3911 negant.
874 3843 1051 3911 Atque
1082 3840 1182 3894 hoc
1218 3843 1374 3895 modo
1404 3841 1674 3894 Adrianus
1711 3854 1870 3908 papa,
1917 3841 1967 3892 in

401 3933 835 4001 responsionibus
870 3935 937 3987 ad
964 3934 1215 3988 Carolum
1258 3932 1507 4000 Magnum
1544 3931 1684 3985 datis
1713 3932 1969 3985 adversus

397 4022 584 4092 synodi
612 4024 861 4077 secunda:
901 4020 1134 4078 Nicazuze
1169 4023 1561 4075 obtrectatores
1598 4028 1821 4073 excusat
1851 4020 1961 4073 Ta-

401 4114 595 4167 rasium
623 4154 637 4179 ,
684 4115 775 4183 qui
810 4114 1071 4184 Spiritum
1129 4122 1378 4169 sanctum
1431 4111 1641 4164 dixerat
1674 4124 1740 4163 ex
1798 4110 1960 4164 Patre
1996 4106 2040 4160 D

2110 553 2221 606 sius
2250 567 2353 605 non
2384 567 2477 621 per
2506 565 2564 604 se
2604 551 2925 618 explanavit,
2972 551 3061 603 sed
3102 564 3197 617 per
3226 548 3524 603 doctrinam
3562 547 3660 600 SS.

2107 641 2324 695 Patrum
2351 640 2623 695 confessus
2640 649 2771 694 est.)
2811 639 3026 695 Consuli
3055 641 3215 694 etiam
3252 649 3424 709 potest
3445 639 3503 692 S.
3526 638 3666 691 Thoo

2106 750 2219 789 mas
2268 749 2319 803 p.
2350 752 2389 799 ι,
2421 751 2475 804 q.
2507 734 2597 800 56,
2626 744 2728 787 art.
2765 736 2817 789 3.
2867 734 3006 786 Nihil
3053 745 3229 787 autem
3269 733 3319 784 in
3355 733 3493 786 hanc
3551 747 3663 784 rem

2104 835 2277 894 potest
2299 824 2475 880 afferri
2516 826 2793 887 illustrius,
2828 840 2987 894 quam
3018 825 3091 889 id,
3125 827 3265 895 quod
3299 826 3348 877 in
3399 839 3493 878 sua
3521 823 3662 877 ϐοη-

2102 917 2379 971 stitutione
2416 957 2430 978 ,
2471 937 2487 968 ι
2529 917 2831 979 Presbyteri
2876 916 3047 971 Graeci
3078 959 3091 981 ,
3161 936 3179 968 ›
3221 917 3382 969 habet
3412 915 3662 969 Clemens

2104 1007 2232 1061 Vlll.
2274 1026 2291 1057 ε
2330 1008 2525 1069 Grreci,
2578 1008 2793 1076 inquit,
2834 1008 3051 1061 credere
3090 1016 3356 1068 tenentur,
3410 1004 3577 1057 etiam
3631 1018 3661 1055 a

2102 1098 2237 1151 Filio
2278 1099 2535 1166 Spiritum
2565 1108 2808 1153 sanctum
2839 1097 3129 1167 procedere
3158 1138 3170 1160 ,
3200 1097 3294 1150 sed
3328 1111 3429 1149 nou
3470 1105 3657 1150 tenen-

2103 1199 2188 1243 tur
2211 1192 2586 1259 pronuntiare,
2620 1192 2719 1244 nisi
2754 1191 2999 1244 subesset
3035 1189 3387 1252 scandalum;
3430 1200 3681 1269 praesen.

2101 1283 2193 1336 tim
2228 1284 2270 1337 si
2305 1286 2498 1352 degant
2529 1285 2667 1337 inter
2697 1283 2935 1347 Latinos,
2965 1292 3056 1335 aut
3084 1282 3375 1337 necessitas
3424 1281 3659 1349 postula-

2098 1382 2179 1427 ret
2217 1374 2509 1428 conlitendi
2545 1374 2699 1427 tidem
2722 1373 3067 1441 catholicam,
3115 1372 3239 1441 quia
3271 1383 3401 1427 tunc
3432 1382 3649 1444 oporte-

2098 1473 2182 1517 ret
2212 1464 2371 1517 etiam
2407 1466 2776 1534 pronuntiare.
2807 1484 2825 1515 ι

2160 1556 2285 1610 280.
2322 1557 2504 1626 lgitur,
2539 1572 2658 1611 cum
2710 1558 2797 1611 hic
2849 1567 3084 1611 scandan
3120 1565 3411 1624 periculum
3464 1554 3650 1609 abfue-

2092 1650 2182 1712 rit,
2213 1650 2281 1702 ob
2304 1648 2445 1702 istud
2481 1649 2545 1702 de
2585 1649 2929 1717 processione
2958 1662 3024 1702 ex
3068 1646 3205 1700 Filio
3239 1646 3534 1709 silentium,
3563 1659 3653 1698 or-

2092 1741 2342 1795 thodoxia
2374 1740 2594 1795 Joannis
2623 1742 2673 1794 in
2704 1742 3063 1809 suspicionem
3090 1740 3269 1794 vocari
3297 1754 3398 1793 non
3430 1746 3605 1806 potest
3635 1756 3649 1793 :

2091 1834 2334 1902 adeoque
2382 1849 2481 1888 nec
2520 1834 2630 1903 ipsa
2686 1834 2951 1887 institutio
2983 1832 3099 1885 festi
3128 1873 3141 1897 ,
3172 1832 3542 1900 ordinatioque
3571 1831 3654 1885 of-

2098 1925 2225 1989 ﬁcii,
2266 1941 2492 1995 quorum
2527 1941 2685 1979 causa
2718 1926 2831 1978 lucc
2869 1926 3237 1989 tractavimus,
3268 1924 3332 1977 ad
3377 1924 3534 1976 trium
3564 1922 3654 1975 do-

2088 2030 2294 2074 ctorum
2327 2020 2636 2073 Griecorum
2694 2033 3030 2072 communem
3080 2017 3313 2070 laudem.
3351 2015 3459 2069 Nec
3506 2015 3650 2070 enim

2088 2112 2167 2166 fas
2203 2113 2272 2165 sit
2313 2110 2539 2178 opinari,
2572 2125 2663 2163 eos
2693 2125 2751 2163 se
2779 2110 3011 2161 voluisse
3038 2122 3132 2177 per
3168 2107 3439 2162 hominem
3474 2106 3647 2159 haere-

2090 2203 2252 2255 ticum
2302 2204 2394 2255 toti
2447 2201 2707 2257 Orientali
2758 2199 3451 2271 Ecclesireyommendare,
3506 2197 3651 2250 velut

2085 2304 2151 2342 ex
2204 2289 2527 2343 revelatione
2574 2288 2827 2343 divinitus
2860 2288 3017 2341 facta.
3068 2286 3282 2340 Maneat
3338 2287 3499 2341 etiam
3554 2302 3649 2341 no-

2085 2381 2169 2434 bis
2202 2378 2457 2444 Joannes,
2506 2395 2571 2434 eo
2624 2395 2730 2448 quo
2766 2395 2794 2432 a
2826 2379 3027 2433 Graecis
3072 2379 3205 2448 [jure
3258 2378 3644 2448 appellabatur,

2088 2487 2106 2518 σ
2144 2479 2361 2523 sanctus
2390 2469 2545 2521 Pater
2572 2479 2784 2531 noster;
2828 2487 2845 2518 ι
2876 2468 2999 2521 licet
3032 2469 3258 2521 necdum
3312 2478 3645 2537 compertum

2082 2561 2170 2624 sit,
2201 2578 2267 2614 an
2308 2570 2359 2614 et
2384 2576 2489 2629 quo
2516 2562 2601 2614 die
2630 2560 2790 2613 fuerit
2827 2576 2855 2614 a
2895 2562 3008 2613 suis
3044 2560 3318 2615 Euchaitis
3357 2560 3554 2624 cultus,
3588 2569 3648 2613 ut

2084 2650 2238 2714 talis;
2272 2660 2323 2705 et
2348 2653 2637 2704 credantur
2662 2652 2831 2705 sancti
2864 2653 2983 2717 ipsi,
3017 2666 3077 2704 ea
3102 2652 3223 2704 novi
3273 2652 3355 2705 sui
3408 2651 3528 2705 festi
3566 2652 3648 2705 iu-

2080 2740 2380 2804 stitutione,
2410 2741 2654 2809 ipsismet
2680 2782 2693 2805 ,
2726 2742 2813 2810 qui
2876 2742 3001 2794 illud
3036 2751 3159 2795 tunc
3199 2742 3497 2809 suscepturi
3554 2757 3644 2796 es-

2079 2843 2219 2897 sent,
2248 2832 2471 2896 Graecis,
2505 2844 2759 2901 tanquam
2796 2834 2917 2887 tidei
2964 2849 2993 2894 ελ
3037 2848 3094 2887 se
3139 2833 3439 2902 praedicam
3473 2844 3645 2888 secta-

2077 2924 2329 2987 toribus,
2390 2926 2754 2979 testimonium
2814 2924 3024 2978 dedisse
3070 2924 3457 2989 orthodoxiaz,
3518 2923 3647 2978 licet

2079 3012 2253 3077 quoad
2286 3011 2425 3064 istud
2450 3023 2709 3079 punctum
2739 3014 2919 3066 minus
2951 3012 3239 3082 explicitce,
3268 3013 3643 3081 dilticidceqtte.

2079 3099 2276 3158 Oretur
2307 3114 2484 3157 autem
2522 3104 2760 3174 ipsorum
2807 3105 3085 3159 doctorum
3121 3106 3250 3159 trias
3275 3144 3289 3167 ,
3341 3114 3397 3157 ut
3427 3106 3493 3158 ad
3523 3105 3643 3159 tidei

2080 3199 2360 3253 catholica:
2396 3200 2685 3264 unitatem,
2734 3215 2894 3268 quam
2928 3200 3027 3268 ipsi
3070 3207 3378 3263 tenuerunt,
3419 3200 3645 3253 redeant

2078 3306 2265 3345 onmes
2292 3292 2489 3359 ubique
2513 3307 2700 3345 eorum
2751 3292 2975 3361 posteri,
3027 3292 3225 3360 quibus
3262 3300 3369 3343 tam
3414 3290 3645 3344 salutari

2080 3384 2318 3436 doctrina
2354 3382 2479 3435 olim
2536 3382 2641 3435 frui
2698 3390 2750 3435 et
2812 3382 3093 3435 informari
3155 3382 3349 3436 licuit:
3383 3395 3446 3434 ac
3497 3381 3642 3433 salva

2078 3473 2275 3525 rituum
2344 3473 2468 3527 hinc
2526 3472 2671 3526 illinc
2732 3472 3068 3526 laudabiliter
3126 3472 3497 3526 institutorum
3559 3473 3643 3524 di-

2076 3565 2374 3626 versitate,
2432 3574 2537 3617 tam
2608 3563 2681 3616 illi
2758 3572 3066 3618 reverenter
3129 3563 3423 3630 suspiciant
3488 3562 3643 3616 Lati-

2076 3670 2263 3708 norum
2318 3655 2613 3708 olIiciorum
2658 3670 2871 3709 cursum
2921 3655 3217 3710 breviorem
3249 3694 3263 3718 ,
3315 3670 3474 3723 quam
3536 3653 3611 3706 La

2077 3746 2169 3799 tini
2238 3748 2465 3813 probant
2529 3746 2877 3813 prolixiorem
2933 3745 3240 3800 Grzecorum
3290 3748 3389 3799 hoc
3436 3755 3640 3798 tracta-

2078 3848 2131 3889 tu
2190 3837 2560 3905 explicatum,
2612 3838 2676 3889 ad
2734 3836 2847 3904 ejus
2897 3838 3152 3891 honorem
3184 3876 3199 3901 ,
3259 3851 3417 3904 quem
3466 3836 3642 3888 omnis

2076 3928 2253 3994 lingua
2303 3927 2486 3982 laudat
2546 3928 2827 3982 Dominum
2860 3966 2876 3991 ,
2938 3929 2989 3981 in
3045 3927 3239 3981 sazcula
3293 3926 3638 3981 surculorum.

2074 4021 2269 4075 Amen.

957 4467 1051 4529 DE
1104 4466 1566 4529 RECENTIORI
1608 4463 2040 4535 TRIBUSQUE
2096 4460 2535 4523 GR/ECORUM
2588 4455 3079 4529 DOCTORIBUS,

717 4691 1252 4798 BASILIO,
1329 4692 2101 4785 NAZIANZENO
2173 4693 2321 4778 ET
2395 4681 3321 4803 CHRYSOSTOMO,

1719 4936 2033 4991 CUMMUNI
2072 4935 2317 5000 FESTO,

585 5135 705 5198 Per
738 5138 1045 5200 Joannem
1080 5136 1539 5212 metropolitam
1576 5136 2012 5199 Euchaitarum
2056 5138 2337 5200 instituto
2371 5155 2779 5216 ipsorumque
2825 5135 3085 5213 vulgatis
3124 5130 3437 5195 iconibus.

457 5498 757 5570 Janningus
789 5509 994 5564 noster,
1043 5502 1107 5553 ad
1135 5500 1273 5554 diem
1304 5515 1331 5552 v
1362 5499 1525 5562 Junii,
1563 5498 1615 5551 in
1646 5496 1951 5570 Corollarjo

457 5514 757 5570 Janmngus
789 5514 994 5564 noeter,
1043 5514 1107 5553 aa
1135 5514 1273 5554 mem
1304 5515 1331 5552 v
1362 5514 1525 5562 Junu,
1563 5515 1615 5551 m
1646 5514 1892 5551 uoronar
1916 5514 1951 5551 ο

400 5592 467 5645 de
493 5590 663 5644 tribus
697 5591 898 5645 sanctis
930 5591 1237 5656 Dorotheis,
1275 5591 1432 5643 unius
1463 5604 1650 5643 eorum
1700 5588 1828 5641 dicti
1860 5514 1956 5641 J)u-

388 5682 559 5737 nioris
589 5682 762 5737 Vitam
794 5683 1014 5737 daturus
1040 5722 1056 5748 ,
1094 5694 1312 5736 auctore
1360 5680 1571 5736 Joanne
1610 5680 1957 5748 metropolita

387 5774 792 5837 Euchaitarum,
828 5777 893 5829 de
942 5775 1101 5837 huius
1128 5784 1303 5838 tetate,
1340 5777 1477 5840 sede,
1522 5783 1685 5843 atque
1714 5773 1935 5843 scriptis

586 5869 856 5932 ΡΛτιιοι.
900 5869 1013 5930 Gn.
1062 5867 1298 5929 XXIX.

2071 5496 2331 5564 prolixius
2367 5492 2475 5562 agit
2504 5491 2662 5562 toto§
2695 5493 2769 5557 '5;
2822 5492 3107 5557 docetque,
3142 5504 3206 5543 ex
3238 5489 3453 5543 Andrea
3496 5487 3635 5539 Dar-

2070 5588 2271 5649 mario,
2301 5594 2418 5655 post
2456 5600 2625 5640 annos
2649 5597 2902 5641 CCCCLle
2940 5597 3102 5650 opera
3148 5581 3290 5635 illius
3317 5578 3636 5632 describen-

2068 5690 2141 5745 te,
2174 5682 2358 5750 eisque
2385 5680 2744 5749 praeminente
2764 5678 3031 5745 epitomen
3057 5676 3202 5740 vitae,
3228 5674 3459 5743 ccepisse
3484 5671 3635 5726 illum

2067 5772 2449 5828 Euchaitarum
2478 5770 2778 5827 Ecclesiam
2800 5783 2986 5840 regere
3008 5767 3105 5823 sub
3131 5765 3491 5821 Constantino
3517 5761 3633 5817 Mo-

3291 5876 3325 5919 Ζ
