4076 6226
465 344 631 386 CCCXC

1821 324 2357 385 PROLEGOMENA.

467 453 735 508 nomacito
766 453 839 508 'et
884 449 1229 522 imperatrice
1272 449 1406 506 Zoe.
1447 450 1696 521 Suscepit
1746 451 2035 519 imperium
2076 450 2379 511 Alnstituti
2433 451 2639 507 autcm'
2677 450 2799 508 festi
2842 452 3093 519 historia,
3144 467 3307 524 quam
3342 453 3484 522 dixi,
3528 469 3731 512 conse-

469 544 861 600 Monontacltus
890 557 1031 614 anno
1059 556 1212 598 leut
1239 584 1256 610 ,
1280 552 1337 597 et
1365 542 1543 597 tenuit
1580 556 1752 612 usque
1792 542 1856 593 ad
1889 556 2045 605 κων,

472 639 819 708 perrexitque
846 652 1074 708 regnare
1107 636 1225 705 ejus
1269 652 1404 691 uxor
1432 634 1543 690 Zoe
1573 649 1744 704 usque
1773 633 1835 687 ad
1864 648 2042 688 Icvtt.

473 732 866 788 Successcrunt
888 731 940 784 in
972 730 1202 800 sceptris
1231 727 1461 783 Michael
1490 727 1865 788 Stratonicus,
1911 725 2049 779 Isaa-

472 839 570 880 cus
594 822 927 884 Comnenus,
959 820 1349 875 Constantinus
1383 820 1554 873 Ducas
1574 859 1590 885 ,
1620 817 1893 871 Romanus
1919 816 2047 870 Dio-

472 929 658 986 genes,
704 912 933 969 Michael
995 913 1203 978 Ducas,
1252 920 1308 967 et
1342 910 1680 980 Nicepltorus
1731 908 2047 963 Botoniates

469 1022 641 1079 usque
675 1008 740 1062 ad
776 1022 977 1061 annum
1004 1021 1245 1069 stum;
1279 1004 1494 1074 quando
1528 1012 1751 1058 evectus
1795 1002 1861 1055 ad
1886 1001 2045 1055 thro-

471 1115 599 1155 num
630 1098 731 1154 fuit
758 1098 980 1154 Alexius
1006 1097 1355 1162 Comnenus;
1389 1105 1444 1149 et
1475 1093 1652 1149 adhuc
1681 1093 1733 1147 in
1771 1091 1905 1145 vivis
1926 1098 2049 1146 erat

469 1193 832 1265 praelaudatus
855 1190 1110 1247 Joannes.
1148 1190 1252 1243 isto
1301 1188 1446 1243 enim
1516 1200 1657 1241 anno
1701 1183 2041 1239 occasionem

474 1285 655 1339 datam
712 1281 874 1337 fuisse
908 1297 1046 1337 novo
1106 1281 1290 1346 festo,
1345 1278 1411 1334 de
1463 1289 1571 1347 quo
1625 1288 1785 1345 agere
1840 1274 1925 1328 hic
1967 1276 2048 1327 in-

469 1373 788 1435 stituimus,
845 1372 1168 1441 intelligitur
1222 1386 1288 1426 ex
1350 1370 1426 1424 rei
1480 1377 1646 1439 gestae
1686 1367 2038 1433 narratione,

464 1481 592 1537 quae
624 1464 816 1535 legitur
858 1465 913 1519 in
948 1464 1163 1519 excusis
1210 1462 1427 1519 Menaeis
1478 1462 1545 1516 ad
1606 1460 1747 1515 diem
1801 1473 1905 1513 xxx
1942 1457 2038 1513 Ja-

470 1555 692 1621 nuarii,
750 1554 965 1621 quando
1020 1553 1161 1608 istud
1210 1549 1409 1607 festum
1470 1550 1669 1606 ibidem
1722 1550 1803 1604 sic
1852 1549 2045 1613 indici-

468 1659 593 1707 tur:
620 1646 698 1720 Τῇ
723 1647 858 1718 ἀυτῇ
889 1646 1018 1717 μηνὶ
1047 1646 1128 1701 A’.
1177 1663 1197 1695 ι
1222 1643 1479 1713 Ejusdem
1517 1644 1721 1698 mensis
1752 1644 1836 1697 die
1866 1657 1995 1696 xxx.
2021 1659 2040 1692 ι

467 1738 682 1813 κνήμη,
696 1738 804 1792 τῶν
833 1740 890 1791 ἐν
931 1738 1132 1806 Ἀγίοις
1155 1737 1415 1810 Πατέρων
1441 1738 1474 1808 ἡ
1484 1737 1599 1808 μῶν
1638 1735 1733 1789 καὶ
1771 1736 2046 1790 οἰκονομι-

2155 553 2382 611 quenter
2408 541 2715 611 deducitur,
2745 544 2835 597 hic
2866 553 3045 598 autem
3088 542 3279 599 Latine
3306 545 3547 600 redditur
3579 563 3606 600 a
3649 546 3719 602 II.

2150 634 2213 689 P.
2254 635 2470 701 Nicplao
2494 637 2691 709 Βαγιεο
2721 636 2780 692 S.
2810 636 2877 691 T.
2922 636 2981 691 P.
3019 639 3213 692 studiis
3244 638 3396 693 ltisce
3423 640 3646 707 nostris,
3668 639 3722 693 in

2152 743 2304 797 Spem
2332 729 2709 783 continuandae
2736 729 3102 784 successionis
3132 740 3184 784 et
3209 730 3407 799 operis,
3438 746 3503 784 ex
3535 731 3729 783 volun-

2153 828 2264 874 tate
2320 820 2665 888 superiorum
2720 835 2865 874 nttnc
2912 821 3147 890 primum
3186 822 3411 885 addito,
3449 837 3570 877 cum
3622 823 3731 878 ltttc

2152 926 2323 981 usque
2352 926 2642 983 progressa
2695 912 2980 982 impressio
3015 923 3071 967 et
3106 913 3346 984 reliquus
3398 914 3600 969 mensis
3633 913 3731 969 Ju—

2152 1003 2275 1057 nius
2319 1003 2470 1072 prelo
2496 1011 2647 1058 esset
2688 1012 2933 1073 paratus.
2974 1002 3163 1073 Itaque
3193 1004 3361 1074 ipsius
3393 1019 3586 1059 nomen
3622 1006 3728 1059 mi-

2151 1109 2253 1149 nus
2282 1094 2595 1164 frequenter
2630 1095 2736 1161 ltic,
2766 1094 3207 1165 frequentissime
3246 1104 3425 1150 autem
3461 1106 3726 1160 recurret,

2152 1187 2263 1241 Deo
2310 1187 2473 1242 dante
2500 1228 2515 1254 ,
2548 1186 2600 1240 in
2632 1197 2888 1242 secuturo
2929 1200 3050 1257 post
3077 1186 3295 1242 Juninm
3350 1189 3509 1257 primi
3549 1203 3726 1242 seme-

2151 1280 2280 1336 stris
2304 1278 2713 1349 Sttpplemento.
2749 1279 2969 1333 Interim
3016 1278 3153 1347 ejus,
3187 1278 3376 1335 Graece
3403 1280 3535 1335 bene
3563 1279 3726 1349 periti

2149 1388 2327 1442 Opera:
2356 1382 2632 1443 acceptum
2662 1372 2822 1439 refer,
2867 1373 3057 1436 lector,
3090 1371 3134 1426 si
3158 1372 3292 1426 Acta
3323 1371 3532 1436 Grreca,
3561 1374 3611 1427 in
3643 1374 3727 1428 di-

2150 1465 2319 1518 midia
2362 1479 2481 1533 quae
2517 1463 2873 1532 imprimenda
2904 1473 3076 1518 restat
3106 1460 3253 1517 Junii
3287 1474 3439 1533 parte
3464 1480 3728 1521 occursu-

2150 1571 2231 1623 ra,
2260 1556 2493 1626 accipias
2513 1555 2656 1610 haud
2692 1554 2854 1626 paulo
2886 1555 3285 1621 emendatiora,
3307 1571 3468 1625 quam
3502 1556 3634 1612 dare
3660 1557 3718 1612 in

2150 1648 2316 1719 priori
2348 1656 2497 1718 parte
2525 1647 2669 1717 potui
2707 1689 2722 1711 ,
2751 1646 3123 1717 multipliciter
3172 1646 3471 1704 distractus
3526 1650 3578 1703 in
3630 1663 3725 1703 re-

2152 1739 2537 1811 sponsionibus
2576 1742 2641 1793 ad
2676 1739 3051 1797 Carmeliticas
3100 1731 3477 1796 accusationes
3525 1742 3723 1810 depro-

467 1832 578 1887 κῶν
616 1830 969 1891 διδασκάλων,
994 1829 1268 1883 Βασιλείοι
1304 1827 1399 1883 τοῦ
1431 1827 1707 1898 Μεγάλου,
1739 1826 2044 1898 Γρηγορίου

2148 1832 2444 1903 perandis,
2497 1841 2552 1886 et
2602 1830 2917 1887 defensione
2966 1831 3150 1888 Romae
3188 1842 3348 1901 atque
3396 1832 3606 1887 Madriti
3635 1833 3726 1886 in-

463 1924 559 1981 τοῦ
587 1925 869 1994 Θεολόγου,
896 1923 990 1977 καὶ
1025 1922 1273 1977 Ἰωάννου
1304 1921 1398 1974 τοῦ
1438 1920 1845 1993 Χρυσοστόμου.
1880 1937 1900 1967 ο
1934 1918 2046 1981 Me-

469 2020 639 2074 moria
673 2029 985 2074 sanctorum
1037 2015 1263 2070 Patrum
1314 2024 1623 2070 nostrorum
1657 2024 1711 2068 et
1743 2012 2045 2066 (scintteni-

467 2124 656 2168 eorum
691 2108 1004 2177 Doctorum,
1034 2108 1220 2164 Basilii
1245 2106 1449 2180 Magni,
1484 2106 1728 2177 Gregorii
1761 2104 2042 2175 Theologi,

464 2212 519 2259 et
539 2202 764 2258 Joannis
794 2200 1228 2272 Chrysostomi.»

536 2339 686 2394 Hane
711 2336 1061 2393 iudictionem
1090 2336 1335 2405 sequitur
1359 2336 1676 2400 sticherum,
1716 2348 1823 2387 non
1845 2332 2029 2397 unius,

463 2440 526 2487 ut
557 2431 669 2486 fere
697 2430 851 2496 alias,
875 2429 1117 2493 disticiti,
1149 2430 1243 2483 sed
1276 2427 1635 2482 distichorum
1678 2425 2037 2479 iambicorum

465 2525 684 2576 omnino
713 2520 981 2583 sedecim;
1010 2531 1201 2589 estque
1227 2518 1279 2573 in
1306 2518 1414 2574 line
1445 2518 1828 2582 hexametron,
1859 2517 2041 2571 metri-

463 2630 539 2671 cae
566 2613 895 2685 cpbemeridi
930 2621 1136 2683 aptum,
1168 2614 1272 2667 hoc
1306 2612 1463 2666 modo
1495 2629 1510 2666 :

530 2730 781 2800 Λάμψεν
810 2729 901 2783 ἐνὶ
948 2728 1271 2798 τριακοστῇ
1304 2724 1811 2796 χρυσοτρισήλιος
1836 2725 2035 2795 αἴγλη.

527 2840 649 2915 sole
681 2843 807 2897 nitet
836 2841 1028 2895 triulici
1052 2842 1241 2895 mensis
1273 2840 1532 2893 tricesima
1556 2837 1710 2892 Jani.

2147 1923 2424 1981 struenda.
2455 1922 2565 1979 Leo
2595 1923 2822 1978 Allatius
2846 1923 2901 1977 in
2925 1939 3022 1980 sua
3055 1925 3120 1980 de
3148 1923 3479 1997 Symeonum
3504 1925 3729 1995 scriptis

2148 2014 2385 2069 Diatriba
2416 2013 2658 2084 pagJi!
2688 2013 2898 2067 indicat
2923 2024 3197 2084 repertum
3226 2030 3255 2068 a
3280 2028 3339 2069 se
3368 2013 3595 2069 Joannis
3620 2030 3729 2068 tne-

2149 2104 2415 2174 trspolila:
2481 2105 2867 2159 Eucltaitarnm
2923 2105 3230 2178 Ἐγκώμιον
3279 2107 3360 2169 είς
3403 2106 3530 2168 τοὺς
3575 2106 3725 2175 τρεῖς

2148 2198 2336 2267 ἁγίους
2386 2197 2667 2270 ἱεράρχας,
2696 2197 2976 2252 Βασίλειον
3027 2198 3118 2252 τὸν
3158 2199 3370 2269 Μέγαν,
3424 2198 3724 2271 Γρηγόριον

2148 2293 2240 2345 τὸν
2294 2291 2575 2360 Θεολόγον,
2611 2294 2706 2348 καὶ
2751 2293 3007 2364 Ἰωάννην
3051 2293 3145 2347 τὸν
3174 2294 3581 2365 Χρυσόστομον,
3623 2292 3725 2346 ltoc

2151 2385 2434 2454 principio,
2468 2385 2630 2456 Τρεῖς
2682 2404 2749 2457 με
2806 2384 2944 2457 πρὸς
2986 2386 3293 2459 τριώνυμον
3322 2384 3725 2459 παροτρύνονσι

2148 2472 2384 2543 κίνησιν.
2424 2490 2442 2523 ι
2468 2474 2603 2529 Tres
2628 2490 2713 2530 me
2748 2476 2815 2531 ad
2854 2477 3200 2531 trinominem
3231 2486 3436 2531 motum
3462 2477 3725 2532 exstimu-

2149 2564 2281 2618 lant.
2313 2583 2331 2616 ›
2370 2562 2586 2618 Utinam
2644 2565 2940 2621 addidisset
2988 2566 3236 2632 Allatius,
3281 2569 3550 2622 undenam
3579 2577 3723 2621 totus

2146 2663 2434 2708 contextus
2459 2652 2684 2710 Graecus
2710 2656 2898 2711 haberi
2928 2658 3103 2728 possit
3129 2658 3145 2714 ἔ
3181 2657 3311 2730 quid
3343 2658 3397 2713 ni
3422 2667 3606 2713 tamen
3627 2674 3726 2714 su-

2149 2747 2422 2813 spicemur
2472 2746 2599 2801 inde
2658 2758 2935 2818 sumptam
2983 2764 3107 2806 esse
3154 2751 3329 2821 ipsam
3367 2750 3508 2807 hanc
3550 2763 3718 2821 quam

2072 2834 2115 2891 C
2151 2837 2397 2905 sublicio,
2434 2836 2765 2893 historiam?

1262 3289 1845 3385 HISTORIA
1920 3282 2865 3378 INSTITUTIONIS

1064 3619 1155 3698 Ex
1199 3615 1454 3680 Menaeis
1509 3610 1867 3695 impressis,
1923 3607 2271 3689 interprete
2320 3606 2578 3669 Nicolao
2637 3609 2871 3687 Rayteo
2926 3613 2985 3670 δ.
3034 3605 3071 3675 J

2040 3877 2112 3889 .—

523 4105 700 4161 Causa
779 4100 938 4172 huius
1011 4099 1133 4153 festi
1211 4097 1333 4151 talis
1411 4097 1639 4151 exstitit.
1726 4094 2029 4163 ltnperante

2218 4094 2282 4147 Ἦ
2321 4094 2467 4147 αἰτία
2493 4096 2590 4167 τῆς
2616 4095 2809 4166 ἑορτῆς
2846 4095 3035 4164 γέγονε
3074 4112 3269 4161 ουτως.
3323 4093 3447 4148 Ἐπὶ
3481 4092 3581 4164 τῆς
3621 4094 3716 4165 βα·

452 4194 641 4250 Alexio
666 4193 941 4249 Comneno
961 4231 977 4256 ,
1021 4190 1112 4259 qui
1146 4198 1264 4258 post
1294 4188 1630 4241 Botoniatem
1679 4196 1894 4254 sceptra
1926 4185 2026 4238 im-

2141 4190 2342 4253 σιλείας
2389 4190 2481 4243 τοῦ
2526 4190 2779 4256 Ἀλεξίου,
2822 4190 2879 4254 ὃς
2929 4191 3065 4262 μετὰ
3103 4192 3422 4263 Βοτονιάτην
3481 4192 3548 4247 τὰ
3590 4193 3719 4263 σκῆ-

452 4286 588 4356 perii
623 4282 897 4353 suscepit,
927 4292 1045 4336 orta
1091 4291 1175 4336 est
1227 4277 1692 4348 Constantinopoli
1733 4278 2024 4340 dissensio,

2141 4295 2281 4350 πτρα
2336 4281 2433 4350 τῆς
2463 4280 2738 4349 βασιλείας
2780 4280 3017 4346 ἐδέξατο,
3052 4284 3110 4335 ὲν
3151 4282 3722 4336 Κωνσταντινουπόλει

453 4379 596 4433 inter
626 4377 773 4431 viros
806 4375 1029 4430 scientia
1078 4384 1134 4428 et
1185 4374 1308 4428 vitae
1338 4371 1615 4441 probitate
1670 4368 2021 4437 conspicuos.

432 4454 557 4524 ’Alii
605 4466 1060 4523 commendabant
1110 4464 1360 4536 Magnum
1393 4460 1653 4517 Basiliutn
1680 4502 1697 4529 ,
1737 4461 2006 4524 dicentes,

453 4575 578 4615 eum
620 4558 725 4613 alta
763 4568 819 4613 et
848 4573 1038 4628 magna
1071 4558 1387 4625 praadicare,
1426 4569 1603 4609 rerum
1629 4552 1868 4607 omnium
1922 4567 2023 4604 na-

451 4660 625 4705 turam
680 4649 894 4720 ingenio
948 4648 1244 4714 discutere,
1299 4648 1500 4701 virtute
1542 4645 1715 4698 ferme
1752 4657 2024 4712 superare

448 4741 669 4812 angelos
699 4782 713 4805 ,
748 4741 832 4795 vel
875 4756 980 4794 non
1036 4738 1194 4794 facile
1233 4738 1366 4807 ipsis
1420 4737 1761 4799 concedere;
1821 4734 2022 4805 pollere

450 4847 661 4886 morum
715 4832 980 4902 gravitate
1009 4870 1024 4894 ,
1062 4845 1237 4899 neque
1267 4828 1563 4896 quidquam
1601 4836 1879 4880 terrenum
1925 4825 2023 4878 ba-

447 4924 598 4979 bere.
626 4922 1006 4977 Extenuabant
1034 4931 1212 4976 autem
1243 4921 1405 4975 iident
1444 4918 1518 4972 illi
1545 4917 1788 4973 divinum
1827 4917 2011 4987 Chry-

450 5022 775 5077 SOstomum,
802 5013 954 5081 quasi
984 5012 1111 5066 huic
1151 5012 1373 5066 omnino
1400 5012 1730 5080 Oppositum,
1767 5023 1830 5063 ac
1863 5008 2020 5062 talem

447 5107 604 5177 cujus
633 5105 896 5176 optimum
930 5118 1202 5174 quemque
1252 5102 1509 5157 facillime
1541 5104 1785 5157 taederet.
1816 5101 1918 5155 Alii
1977 5115 2008 5154 e

448 5200 722 5264 contrario
748 5197 999 5252 eumdem
1045 5197 1285 5253 divinum
1317 5197 1762 5268 Chrysostomum
1797 5194 2024 5250 extolle-

443 5293 601 5354 bant,
633 5290 781 5345 velut
809 5290 1103 5358 impensius
1138 5289 1375 5343 deditum
1399 5290 1679 5355 doctrinae,
1707 5298 1763 5343 et
1798 5295 2027 5342 cunctos

444 5387 733 5437 ducentem
782 5381 1006 5437 lenitate
1027 5381 1293 5435 orationis
1313 5421 1327 5446 ,
1362 5391 1754 5450 vocantemque
1777 5380 1844 5434 ad
1880 5379 2018 5434 resi-

442 5472 801 5544 piscentiam;
831 5472 1045 5526 demum
1079 5469 1456 5525 melliliuorum
1499 5472 1787 5527 verborum
1840 5470 2023 5524 multi-

455 5563 642 5616 tudine
664 5571 718 5625 et
751 5561 1051 5618 subtilitate
1086 5564 1478 5633 cogitationum
1506 5577 1632 5619 eum
1659 5561 2018 5632 praeferebant

444 5653 873 5725 Magnoﬁlasilio
898 5664 953 5710 et
984 5655 1249 5723 Gregorio
1271 5656 1564 5725 Tbeologo.
1592 5654 1695 5708 Alii
1720 5666 1849 5726 erga
1876 5654 2021 5709 hunc

450 5743 1295 5818 tuagis‘aﬂiciebantttererinde
1327 5763 1392 5804 ac
1437 5750 1482 5805 si
1511 5748 1749 5817 eleganti
1780 5787 1796 5816 ,
1827 5748 1998 5813 vario,

2136 4372 2323 4434 στάσις
2352 4372 2541 4439 γέγονε
2565 4371 2716 4444 παρὰ
2742 4372 2852 4424 τῶν
2881 4373 3178 4444 ἐλλογίμων
3207 4375 3301 4427 καὶ
3333 4374 3603 4444 ἐναρέτων
3628 4375 3723 4427 ἀνο

2128 4461 2273 4533 δρῶν
2294 4478 2305 4490 ·
2349 4463 2457 4514 τῶν
2510 4463 2609 4532 μὲν
2653 4462 3051 4535 ὑπεμειθέντων
3084 4463 3173 4517 τὸν
3198 4463 3382 4533 Μέγαν
3418 4464 3718 4531 Βασίλειον,

2131 4555 2408 4625 ὑψήγορον
2437 4553 2600 4607 αὑτὸν
2651 4555 2943 4624 λεγόντων,
2980 4555 3055 4618 ὡς
3083 4554 3183 4625 τὴν
3214 4555 3325 4609 τῶν
3352 4555 3519 4609 ὅντων
3558 4555 3723 4625 φύσιν

2129 4647 2556 4719 ὲξερευνήσαντα
2582 4648 2675 4701 καὶ
2693 4651 2813 4713 ταῖς
2841 4650 3063 4717 ἀρεταῖς
3096 4647 3293 4718 μικροῦ
3317 4650 3431 4710 τοῖς
3467 4647 3720 4717 ἀγγέλοις

2130 4739 2643 4812 παραμιλλώμενον,
2672 4741 2767 4793 καὶ
2807 4739 2881 4811 μὴ
2911 4741 2956 4793 δ’
2995 4742 3058 4794 ἐκ
3079 4740 3172 4793 τοῦ
3196 4739 3485 4813 προχείρου
3513 4756 3722 4810 συγχω-

2131 4832 2347 4905 ροῦντα,
2400 4834 2494 4887 καὶ
2547 4833 2608 4886 τὸ
2667 4828 2799 4904 ἦθος
2854 4832 3117 4905 ἐμϐριθῆ,
3175 4834 3270 4886 καὶ
3329 4833 3497 4903 μηδὲν
3528 4834 3717 4902 γήινον

2128 4923 2338 4994 ἔχοντα·
2375 4924 2813 4989 ὑποόιόαζόντων
2838 4925 2896 4979 δὲ
2919 4925 3008 4979 τὸν
3040 4923 3183 4977 θεῖον
3213 4923 3719 4996 Χρυσόστομον,ὼς

2131 5016 2390 5081 ἐναντίως
2424 5015 2584 5087 δῆθεν
2616 5016 2811 5087 ἐκείνῳ
2845 5015 3187 5087 διακείμενον
3229 5014 3371 5069 κατὰ
3398 5015 3459 5068 τὸ
3492 5013 3712 5084 πρόχει-

2130 5125 2220 5179 ρον
2246 5104 2387 5162 εἶναι
2418 5110 2512 5166 καὶ
2545 5108 2791 5162 ἑλκτικὸν
2819 5109 2899 5172 είς
2924 5109 3233 5179 μετάνοιαν·
3275 5106 3401 5181 τῶν
3423 5107 3483 5161 δὲ
3527 5106 3715 5159 τοῦτον

2125 5199 2189 5271 δὴ
2220 5199 2311 5254 τὸν
2336 5199 2475 5253 θεῖον
2505 5201 2889 5272 Χρυσόστομον
2919 5199 3219 5269 ὑψούντων,
3259 5198 3335 5263 ὡς
3351 5197 3713 5271 ἀνθρωπικώ-

2126 5307 2281 5362 τερον
2303 5290 2642 5361 διακείμενον
2663 5294 2781 5355 ταῖς
2814 5291 3209 5355 διδασκαλίαις,
3234 5291 3331 5344 καὶ
3356 5290 3434 5359 τῷ
3457 5289 3589 5360 λείῳ
3611 5290 3714 5359 τῆς

2128 5383 2380 5453 φράσεως
2427 5382 2637 5446 πάντας
2671 5380 3093 5452 καθώηγοῦντα,
3135 5382 3230 5434 καὶ
3261 5381 3398 5452 πρὸς
3423 5379 3715 5450 μετάνοιαν

2125 5475 2547 5546 ἐπικαλούμενον,
2583 5474 2677 5529 καὶ
2694 5474 2772 5546 τῷ
2788 5473 2983 5545 πλήθει
3006 5474 3115 5527 τῶν
3149 5472 3487 5545 μελιρῤύτων
3517 5470 3712 5540 λόγων,

2126 5568 2220 5620 καὶ
2239 5570 2304 5638 τῇ
2336 5568 2456 5621 κατ’
2492 5566 2700 5620 ἔννοιαν
2715 5566 2981 5638 δεινότητι
3018 5566 3384 5638 προτιθέντων
3414 5563 3508 5619 τοῦ
3533 5581 3591 5617 τε
3619 5580 3717 5633 με·-

2130 5658 2297 5719 γάλου
2329 5658 2609 5712 Βασιλείου
2638 5661 2733 5712 καὶ
2766 5659 3096 5731 Γρηγορίουσ
3126 5659 3330 5733 ἐτέρων
3365 5657 3423 5711 δὲ
3461 5655 3540 5727 τῷ
3578 5654 3712 5710 Θεο-

2131 5748 2274 5819 λόγῳ
2311 5750 2595 5823 Γρηγορίῳ
2621 5752 3056 5821 προσκειμένων,
3084 5751 3179 5808 ἆτε
3201 5750 3265 5823 δὴ
3293 5748 3374 5821 τῷ
3403 5745 3600 5820 κομψῷ
3617 5747 3712 5801 καὶ
