4076 6226
1614 394 1938 448 ΗιδἸὈΒΙΑ
1977 391 2467 458 ιΝΤιΤυΤιοΜε.

3468 398 3661 455 cccxcr

415 530 491 583 τῳ
530 509 955 581 πεποικιλμένῳ,
1014 528 1089 581 τῳ
1139 503 1368 580 διατόρῳ
1400 525 1457 561 τε
1504 508 1610 561 τῶν
1664 509 1858 577 λόγων,
1894 516 1984 564 καὶ

2105 511 2510 580 insinuantique
2544 527 2609 568 ac
2636 515 2824 571 ﬂorido
2849 515 3056 572 dicendi
3085 528 3281 585 genere
3305 513 3520 573 vicisset
3539 528 3657 566 om-

414 606 493 675 τῴ
517 605 624 657 τῶν
654 602 854 669 λέξεων
895 602 1135 673 ἀνθηρῷ,
1162 603 1368 664 πάντας
1406 602 1531 664 τοὺς
1559 602 1651 653 ἐπὶ
1688 604 1755 671 τῇ
1801 600 1988 672 Ἑλλη-

415 698 538 767 νικῇ
575 694 793 766 παιδείᾳ
838 693 1178 764 διαϐοήτους,
1213 694 1306 747 καὶ
1334 694 1459 755 τοὺς
1493 692 1613 746 καθ’
1644 692 1788 763 ἡμᾶς
1821 693 1989 763 ὑπερ-

415 788 589 843 ϐάντι.
631 788 741 840 Καὶ
790 786 965 856 τούτῳ
1002 788 1101 858 τὴν
1132 786 1370 839 νικῶσαν
1417 785 1687 847 διδόντων.
1722 785 1988 838 κάκείνων

417 879 886 953 ὐπερϐιϐαζόντων
918 880 1102 943 αὑτὸν,
1147 878 1221 941 ὡς
1266 877 1605 948 συμϐαίνειν,
1654 865 1987 947 διαιρεθῆναι

416 974 483 1026 τὰ
507 973 706 1044 πλήθη,
733 973 827 1026 καὶ
851 973 976 1035 τοὺς
1019 972 1116 1042 μὲν
1156 972 1462 1034 ’ῐωαννίτας
1484 970 1757 1039 λέγεσθαι,
1779 972 1904 1033 τοὺς
1931 970 1988 1023 δὲ

420 1064 755 1129 Βασιλείτας,
798 1063 1167 1135 Γρηγορείτας
1199 1062 1256 1115 δὲ
1288 1064 1412 1125 τοὺς
1441 1061 1680 1125 λοιπούς.

500 1199 621 1253 Ἐπὶ
670 1199 878 1260 τούτοις
925 1198 991 1269 δὴ
1041 1200 1152 1260 τοῖς
1171 1197 1395 1267 ὀνόμασι
1456 1196 1564 1250 τῶν
1628 1198 1752 1269 περὶ
1800 1197 1986 1266 λόγους

420 1288 835 1353 στασιαζόντων,
867 1290 960 1342 καὶ
998 1288 1200 1341 τούτων
1226 1288 1367 1343 οὕτω
1407 1288 1710 1358 λεγομένων
1739 1289 1832 1341 ἐπὶ
1867 1289 1991 1359 χρό-

418 1395 527 1442 νοις
578 1377 886 1449 ἐσύστερον,
921 1378 1244 1431 ὀπτάνονται
1303 1378 1353 1430 oi
1403 1377 1657 1448 μέγιστοι
1691 1371 1833 1431 οὗτοι
1869 1377 1987 1431 καθ’

417 1471 514 1524 ἕνα
559 1469 841 1539 πρότερον,
889 1465 1005 1522 εἶτα
1056 1470 1149 1522 καὶ
1192 1468 1524 1540 apum-nuta,
1564 1469 1665 1522 οὐκ
1715 1468 1864 1539 ὄναρ)
1914 1468 1990 1538 τῷ

417 1562 539 1615 τότε
587 1561 687 1632 τῆς
720 1560 997 1630 Εὑχαῖτῶν
1028 1560 1233 1623 πόλεως
1264 1557 1374 1612 τῶν
1411 1558 1571 1630 ἱερῶν
1620 1557 1987 1629 ἐξηγουμένῳ,

431 1654 650 1725 Ἰωάννῃ
702 1650 779 1721 τῷ
834 1651 975 1704 πάνυ
1009 1651 1185 1722 ἀνδρὶ,
1232 1649 1400 1703 τᾶλλα
1432 1650 1529 1720 μὲν
1571 1649 1858 1721 ἐλλογίμω,
1898 1651 1991 1702 καὶ

417 1746 660 1809 παιδείας
696 1744 1012 1815 Ἑλληνικῆς
1038 1745 1137 1799 οὐκ
1162 1741 1389 1814 ἀμαθῶς
1408 1742 1602 1813 ἔχοντι,
1628 1743 1703 1806 ὡς
1741 1742 1808 1795 τὰ
1847 1740 1992 1812 αὐτῷ

419 1836 718 1908 πονηθέντα
739 1837 1030 1899 δείκνυσιν,
1054 1836 1256 1908 ἀρετῆς
1287 1834 1344 1887 δὲ
1378 1836 1459 1898 είς
1492 1833 1660 1905 ἄκρον
1688 1833 1986 1905 ἐληλυθότι’

418 1927 511 1979 καὶ
536 1927 634 1996 μιᾷ
671 1926 884 1998 γλώττῃ
916 1927 1048 1996 φασὶ
1086 1925 1223 1997 πρὸς
1260 1924 1442 1978 αὐτόν·
1497 1925 1688 1996 Ἡμεῖς
1714 1926 1771 1978 ἐν
1801 1925 1987 1994 ἐσμεν,

416 2019 493 2081 ὡς
525 2019 677 2090 ὁρᾷς,
707 2017 857 2088 παρὰ
888 2018 965 2088 τῷ
1008 2018 1150 2088 Θεῷ,
1179 2018 1274 2070 καὶ
1306 2016 1457 2070 οὐδὲν
1493 2018 1623 2087 ἡμῖν
1650 2016 1987 2080 ὑπεναντίον,

414 2110 534 2163 οὐδὲ
567 2105 824 2181 μάχιμον·
855 2108 990 2163 ἀλλὰ
1039 2111 1253 2178 καιροῖς
1310 2107 1459 2171 ἰδίοις
1490 2106 1720 2170 ἕκαστος
1765 2106 1843 2178 τῷ
1864 2107 1991 2179 θείῳ

417 2202 733 2272 κρουόμενοι
754 2200 893 2253 Πνεύ
903 2219 1051 2272 ματι,
1084 2199 1183 2264 τὰς
1207 2200 1342 2270 πρὸς
1360 2200 1630 2272 σωτηρίαν
1658 2200 1767 2254 τῶν
1785 2202 1993 2273 ἀνθρώ-

419 2311 535 2347 πων
556 2292 903 2357 διδασκαλίας
932 2293 1415 2364 συνεγραψάμεθα,
1452 2293 1545 2346 καὶ
1581 2291 1619 2346 ὃ.
1658 2292 1990 2364 ἐμυούμεοα,

420 2385 815 2456 ἐκδεδώκαμεν·
859 2385 954 2440 καὶ
984 2387 1013 2439 ὁ
1046 2385 1263 2456 πρῶτος
1295 2387 1351 2439 ἐν
1386 2387 1517 2457 ἡμῖν
1542 2385 1642 2438 οὐκ
1663 2384 1830 2448 ἔστιν,
1868 2384 1992 2437 οὔτε

420 2480 526 2549 μήν
538 2480 645 2547 γεὸ
671 2477 939 2550 δεύτερος·
972 2476 1086 2531 ἀλλ’
1120 2478 1169 2530 εί
1196 2477 1289 2530 τὸν
1309 2477 1405 2529 ’ένα
1427 2475 1621 2541 λέξεις,
1650 2479 1699 2530 οἱ
1740 2475 1832 2529 δύο
1855 2493 1993 2546 παρ-

416 2569 660 2624 έπονται.
719 2569 880 2623 Ὅθεν
925 2569 1112 2624 κέλευε
1160 2569 1399 2632 ἀναστὰς
1447 2572 1558 2632 τοῖς
1616 2567 1993 2632 στασιάζουσιν

417 2661 728 2734 ὐπὲρήμῶν
757 2662 831 2734 μὴ
856 2661 1183 2717 διίστασθαιο
1218 2662 1424 2731 σπουδὴ
1451 2662 1559 2733 γάρ
1592 2663 1686 2715 καὶ
1731 2660 1866 2725 ζῶσι
1902 2662 1995 2714 καὶ

420 2754 746 2823 μεταστᾶσιν
778 2755 909 2824 ἡμῖν
941 2755 1263 2825 εἰρηνεύειν,
1307 2754 1403 2807 καὶ
1429 2755 1508 2817 είς
1537 2752 1789 2823 ὁμόνοιαν
1841 2752 1993 2821 ἄγειν

416 2843 484 2897 τὰ
520 2844 749 2916 πέρατα*
775 2845 908 2898 ἀλλὰ
930 2845 1022 2898 καὶ
1046 2844 1228 2915 ἡμέρᾳ
1253 2845 1349 2914 μιᾷ
1372 2841 1624 2911 σύναψον.
1652 2843 1782 2905 Καὶ,
1813 2841 1888 2904 ὥς
1912 2858 1994 2894 σοι

418 2935 714 3005 προσῆκον,
753 2935 820 2988 τὰ
850 2937 944 3007 τῆς
975 2936 1170 3008 ἑορτῆς
1209 2937 1340 3006 ἡμῖν
1374 2934 1708 2997 ἐπιτέλεσον,
1739 2934 1833 2987 καί
1880 2935 1995 2997 τοῖς

418 3025 546 3096 ἑξῆς
580 3027 836 3095 παράδος,
889 3027 966 3091 ὡς
996 3029 1158 3097 ἡμεῖς
1191 3028 1250 3081 ἐν
1285 3028 1453 3097 ἐσμεν
1486 3026 1561 3096 τῷ
1600 3026 1742 3097 Θεῷ,
1779 3025 1996 3089 πάντως

415 3117 473 3172 δὲ
504 3119 598 3172 καὶ
632 3121 789 3189 ἡμεῖς
817 3122 928 3182 τοῖς
962 3119 1242 3173 ἐκτελοῦσι
1276 3120 1375 3190 τὴν
1408 3121 1650 3190 μνήμην,
1687 3118 1756 3171 τὰ
1781 3121 1861 3183 είς
1889 3136 1994 3172 σω-

2092 627 2208 676 nes,
2236 613 2325 681 qui
2352 614 2516 668 etiam
2548 621 2734 667 nostra
2756 618 2918 664 aetate
2948 607 3187 671 fuerunt,
3219 606 3359 661 fama
3381 602 3657 659 Graecani-

2090 717 2167 758 cae
2200 703 2524 760 eruditionis
2557 704 2813 773 insignes.
2828 682 2901 756 [Et
2939 701 2994 755 hi
3047 699 3172 754 huic
3213 698 3416 769 primas
3441 694 3653 752 defere-

2089 796 2255 864 bant,
2304 798 2424 855 aliis
2498 814 2589 854 eas
2665 794 3112 852 transferentibus
3171 794 3223 850 in
3298 792 3451 848 alios.
3505 789 3657 846 Uade

2090 890 2293 945 factum
2322 900 2425 958 est,
2459 903 2536 958 ut,
2580 891 2754 946 scisso
2789 888 2968 944 studia
3014 887 3065 942 in
3121 886 3394 941 contraria
3448 884 3655 939 incerto

2091 982 2272 1052 vulgo,
2304 983 2393 1036 alii
2449 982 2736 1049 Joannitm,
2766 980 2857 1035 alii
2892 977 3149 1042 Basilitm,
3178 975 3486 1057 Gregorius
3513 972 3656 1027 voci-

2099 1083 2350 1129 tarentut‘
2377 1076 2485 1130 alii.

2163 1208 2304 1280 Ergo
2342 1212 2465 1266 dum
2509 1211 2609 1265 sub
2647 1208 2731 1264 his
2763 1208 3066 1263 nominibus
3114 1206 3253 1260 inter
3304 1218 3363 1259 se
3412 1210 3656 1258 oratores

2091 1299 2428 1368 disceptant,
2492 1300 2710 1355 maximi
2746 1301 2860 1366 illi,
2888 1300 2955 1355 de
3003 1299 3195 1375 quibus
3238 1297 3466 1367 agimus,
3525 1293 3654 1349 doc-

2093 1402 2236 1446 tores
2287 1393 2518 1462 primutn
2584 1393 2851 1459 seorsim,
2903 1393 3093 1448 deinde
3149 1398 3203 1444 et
3254 1387 3413 1444 simul
3471 1386 3657 1441 viden-

2093 1482 2192 1535 dos
2216 1497 2335 1536 sese
2372 1482 2607 1537 offerunt
2637 1483 2852 1544 Joanni,
2886 1494 3014 1538 tunc
3047 1483 3099 1536 in
3149 1479 3536 1535 Euchaitarum
3583 1476 3658 1531 ci-

2092 1572 2257 1626 vitate
2284 1574 2458 1627 sacris
2491 1574 2765 1639 praefecto,
2798 1573 2954 1628 valde
2991 1570 3266 1641 praestanti
3291 1571 3438 1629 viro,
3472 1576 3526 1622 et
3558 1581 3659 1620 ca:-

2093 1671 2206 1716 tera
2245 1664 2459 1732 quidem
2490 1664 2713 1730 celebri,
2744 1679 2915 1732 neque
2942 1664 3032 1731 (ut
3065 1661 3305 1717 indicant
3332 1674 3451 1729 quae
3481 1657 3660 1712 elabo-

2096 1753 2233 1806 ravit
2256 1753 2541 1823 opuscula)
2567 1754 2815 1823 imperito
2838 1752 3158 1809 Graecanica:
3188 1750 3538 1813 eruditionis;
3566 1748 3658 1802 sed

2095 1844 2384 1900 celebriori
2419 1856 2640 1915 propter
2669 1847 2940 1911 virtutem,
2969 1847 3124 1914 cujus
3156 1845 3360 1912 apicem
3386 1843 3656 1912 attigerat.

2099 1936 2236 2018 Vera
2269 1936 2406 1992 visio
2442 1936 2574 2001 fuit,
2608 1951 2713 1992 non
2741 1938 3007 1991 somnium
3040 1956 3053 1991 :
3085 1949 3139 1990 et
3168 1938 3283 1991 haec
3309 1936 3375 1989 ad
3402 1933 3659 1988 Joannem

2095 2026 2258 2081 missa
2290 2042 2394 2081 vox
2429 2037 2509 2082 est
2542 2045 2556 2081 :
2595 2026 2703 2083 Nos
2735 2043 2900 2082 unum
2953 2043 3140 2083 sumus
3169 2067 3184 2092 ,
3210 2038 3267 2081 ut
3293 2026 3475 2088 vides,
3523 2025 3661 2094 apud

2102 2116 2299 2184 Deum,
2336 2126 2390 2171 et
2415 2118 2559 2171 nulla
2588 2132 2674 2173 est
2698 2120 2837 2172 inter
2865 2133 2962 2172 nos
2984 2118 3267 2180 dissensio,
3288 2115 3429 2170 nulla
3453 2128 3656 2184 pugna;

2100 2222 2292 2262 verum
2345 2225 2481 2275 quas
2532 2211 2646 2265 suis
2687 2210 2919 2280 quisque
2951 2210 3305 2278 temporibus,
3336 2208 3517 2261 divino
3563 2206 3664 2259 int-

2094 2298 2229 2366 pulsi
2279 2295 2508 2367 Spiritu,
2539 2299 2698 2354 utiles
2747 2299 2814 2354 ad
2864 2298 3139 2353 hominum
3180 2298 3408 2352 salutem
3435 2295 3663 2355 tradidi-

2096 2404 2216 2444 mus
2250 2391 2681 2460 praceptiones;
2719 2400 2775 2445 et
2815 2407 2934 2461 quae
2973 2392 3319 2445 discehamus
3345 2402 3566 2449 arcana,
3598 2400 3664 2440 ea

2095 2479 2149 2533 in
2176 2477 2351 2533 lucem
2381 2480 2687 2536 emisimus.
2716 2479 2900 2550 Neque
2926 2496 3057 2535 vero
3082 2480 3368 2549 quisquam
3404 2477 3544 2531 inter
3564 2490 3665 2531 nos

2080 2571 2304 2639 .primus
2339 2579 2443 2636 est,
2470 2585 2570 2625 nec
2598 2573 2890 2627 secundus.
2929 2572 2987 2626 Si
3015 2588 3177 2625 unum
3211 2582 3395 2634 voces,
3442 2568 3550 2621 duo
3576 2580 3663 2620 se-

2095 2671 2354 2728 quuntur.
2392 2662 2602 2717 Idcirco
2660 2677 2821 2731 surge
2845 2703 2858 2724 .
2895 2673 2951 2718 et
2984 2664 3068 2717 dic
3097 2661 3361 2732 partibus,
3389 2674 3456 2714 ne
3491 2658 3664 2712 nostri

2097 2763 2261 2804 causa
2308 2747 2611 2803 dissideant
2645 2765 2661 2803 :
2706 2764 2828 2802 nam
2862 2750 2915 2803 in
2951 2763 3015 2803 ea
3064 2747 3394 2817 cogitatione
3420 2750 3662 2814 curaque

2096 2854 2401 2907 versamur,
2438 2849 2497 2894 ut
2523 2841 2677 2895 vivos
2708 2842 2851 2895 inter
2877 2849 2932 2894 et
2962 2854 3061 2894 nos
3089 2839 3178 2907 qui
3209 2852 3240 2892 e
3266 2836 3404 2891 vivis
3429 2835 3668 2893 excessi-

2098 2944 2241 2995 mus,
2273 2929 2600 2986 concilietur
2623 2945 2752 3000 pax,
2784 2939 2839 2985 et
2873 2930 2927 2984 in
2972 2928 3314 2984 concordiam
3340 2924 3666 2981 reducantur

2103 3030 2372 3077 extrema.
2400 3021 2569 3089 Quem
2596 3022 2648 3076 in
2682 3021 2841 3077 linem
2868 3036 2965 3075 nos
2998 3033 3105 3075 uno
3135 3021 3220 3075 die
3249 3018 3513 3087 conjunge
3541 3032 3554 3068 :
3586 3023 3664 3081 et,

2098 3114 2553 3190 quemadmodum
2588 3121 2642 3169 te
2686 3113 2888 3181 decet,
2929 3113 3068 3168 diem
3100 3112 3251 3167 illum
3289 3110 3443 3166 nobis
3471 3110 3664 3164 festum

416 3211 607 3283 πηρίαν
669 3208 1101 3282 συμπράξοιμενο
1130 3210 1394 3281 δοκοῦμεν
1450 3210 1558 3281 γάρ
1608 3227 1658 3262 τι
1707 3210 1800 3264 καὶ
1839 3210 1992 3279 ἡμεῖς

2103 3220 2362 3262 consecra
2401 3248 2416 3273 ,
2456 3206 2641 3277 itaque
2700 3206 2925 3260 ostende
2976 3220 3074 3259 nos
3106 3219 3289 3258 coram
3342 3202 3453 3257 Deo
3501 3214 3666 3254 unum

416 3300 560 3372 ἔχειν
592 3302 743 3372 παρὰ
793 3302 870 3372 τῷ
903 3301 1043 3373 Θεῷ.
1097 3302 1281 3356 Ταῦτα
1314 3302 1561 3365 εἰπόντες
1600 3299 1780 3365 ἔδοξαν
1836 3296 1990 3363 αὖθις

416 3393 498 3455 εἰς
529 3392 789 3463 οὐρανοὺς
818 3394 1141 3457 ἀναπτάναι,
1167 3394 1304 3462 φωτὶ
1328 3392 1539 3464 ἀπείρῳ
1565 3392 1990 3464 καταλαμπόμε-

417 3498 518 3546 νοι,
550 3483 644 3536 καὶ
665 3483 924 3554 ὀνομαστὶ¹
949 3484 1212 3553 ἀλλήλους
1252 3483 1733 3554 μετακαλούμενοι.

2103 3309 2246 3352 esse.
2281 3292 2391 3348 Nos
2417 3303 2603 3349 autem
2634 3291 2794 3348 simul
2812 3292 3063 3348 dabimus
3095 3305 3308 3345 onmem
3337 3301 3574 3358 operam,
3609 3292 3669 3338 ut

2099 3387 2326 3457 hujusce
2381 3389 2460 3442 rei
2518 3387 2834 3443 memoriam
2900 3384 3226 3440 celebraturi
3290 3379 3557 3451 accipiant
3601 3377 3668 3433 ad

2104 3489 2363 3535 aeternam
2407 3479 2639 3535 salutem
2674 3479 2916 3535 subsidia
2944 3497 2958 3534 :
2988 3479 3235 3533 videmur
3264 3476 3428 3530 etiam
3482 3481 3539 3528 et
3571 3485 3670 3526 nos

418 3587 578 3641 posse
612 3573 811 3642 aliquid
850 3580 990 3644 apud
1020 3575 1211 3633 Deum.
1245 3577 1339 3632 His
1390 3577 1549 3631 dictis
1591 3576 1692 3630 visi
1735 3584 1861 3630 sunt
1903 3574 2100 3629 iterum
2152 3574 2443 3629 subvol’are
2495 3573 2548 3627 in
2600 3573 2819 3639 caelum,
2851 3574 3018 3627 multa
3077 3571 3195 3627 luce
3244 3568 3579 3633 circumfusi,
3613 3574 3669 3622 et

422 3667 561 3723 alter
601 3667 829 3721 alterum
874 3686 972 3724 suo
1003 3686 1271 3740 quemque
1301 3671 1519 3725 nomine
1550 3670 1958 3738 compellantes.

500 3781 558 3833 '0
616 3781 672 3833 δὲ
717 3780 859 3845 θεῖος
898 3783 1103 3847 ἐκεῖνος
1168 3782 1327 3855 ἀνὴρ,
1386 3783 1414 3833 ὁ
1463 3781 1740 3852 Εὐχαῖτῶν
1796 3780 1996 3852 δηλαδὴ

433 3873 703 3942 Ἰωάννης,
738 3872 921 3937 καθὼς
945 3876 993 3927 οί
1025 3876 1208 3944 ’Ἅγιοι
1247 3877 1608 3946 εἰσηγήσαντο
1646 3874 1991 3946 διεπράξατο’

420 3965 481 4017 τό
512 3982 571 4018 τε
624 3965 829 4035 πλῆθος
882 3967 977 4019 καὶ
1030 3968 1156 4030 τοὺς
1199 3968 1590 4031 στασιάζοντας
1642 3965 1997 4029 καταστείλας

420 4058 613 4127 (ἐδόκει
641 4058 735 4111 καὶ
762 4059 871 4129 γὰρ
905 4059 990 4110 ἐπ’
1007 4061 1175 4131 ἀρετῇ
1208 4059 1490 4129 διαϐόητος
1511 4062 1539 4112 ό
1571 4059 1730 4131 ἀνὴρ)
1751 4059 1861 4130 τὴν
1880 4059 2000 4129 ἐορ‹

418 4148 516 4219 τήν
548 4147 751 4219 ταύτην
798 4148 1080 4220 παρέδωκε
1112 4152 1175 4222 τῇ
1225 4150 1519 4224 Ἐκκλησία
1544 4151 1820 4222 ἑορτάζειν
1853 4152 1991 4223 Θεῷ.

423 4242 532 4295 Καὶ
562 4241 663 4311 ὅρα
684 4258 775 4312 μοι
802 4241 862 4295 τὸ
890 4242 1147 4314 φρόνημα
1178 4243 1271 4297 τοῦ
1298 4244 1510 4316 ἀνδρός.
1557 4246 1709 4298 Ἐπεὶ
1735 4245 1844 4318 γὰρ
1868 4239 1993 4317 εὗρε

416 4332 513 4384 τὸν
549 4332 870 4403 Ἰανουάριον
894 4335 1056 4404 μῆνα,
1082 4336 1208 4399 τοὺς
1235 4338 1382 4407 τρεῖς
1413 4334 1602 4406 ἔχοντα
1624 4337 1865 4401 τούτους,
1893 4355 1993 4391 κα-

421 4423 489 4476 τὰ
541 4423 639 4494 μὲν
667 4424 764 4494 τὴν
803 4423 1026 4495 πρώτην
1072 4425 1165 4478 τὸν
1207 4426 1380 4496 μέγαν
1416 4427 1713 4493 Βασίλειον,
1747 4429 1886 4483 κατὰ
1937 4430 1994 4483 δὲ

2170 3774 2411 3848 Surgens
2460 3789 2592 3846 ergo
2633 3776 2716 3830 vir
2747 3774 2836 3832 ille
2870 3776 3103 3842 divinus,
3132 3775 3385 3829 nimirum
3442 3770 3673 3826 Euchai-

2103 3869 2512 3924 tarumantistes
2560 3868 2812 3934 Joannes,
2870 3867 2995 3923 fecit
3031 3876 3089 3922 ut
3137 3873 3423 3922 suaserunt
3471 3863 3671 3918 sancti.

2103 3960 2387 4031 Postquam
2432 3972 2612 4017 autem
2660 3963 2853 4032 vulgus
2909 3962 3249 4032 partiumque
3301 3966 3525 4015 conatus
3584 3968 3670 4009 re-

2104 4065 2375 4123 presserat
2408 4054 2547 4126 (erat
2572 4056 2714 4110 enim
2738 4054 2865 4110 huic
2896 4054 3014 4109 viro
3040 4069 3135 4124 per
3170 4053 3422 4107 virtutem
3478 4047 3667 4104 conci-

2107 4145 2230 4200 liata
2267 4162 2477 4201 summa
2511 4145 2826 4219 auctoritas)
2858 4189 2872 4214 ,
2906 4155 3261 4200 memoratum
3290 4143 3487 4198 festum
3528 4140 3667 4195 diem

2106 4237 2159 4291 in
2191 4238 2431 4294 Ecclesia
2471 4240 2565 4294 Dei
2590 4244 2858 4311 agendum
2894 4244 3170 4310 praecepit.
3195 4238 3371 4304 Atque
3410 4248 3539 4289 ecce
3570 4232 3669 4285 viri

2107 4331 2479 4397 prudentiam.
2515 4328 2651 4384 Cum
2680 4332 2777 4385 hos
2810 4338 2921 4385 tres
2943 4328 3413 4384 animadvertisset
3434 4324 3541 4380 coli
3566 4336 3673 4376 uno

2104 4428 2159 4471 et
2185 4420 2374 4473 eodem
2400 4436 2587 4476 mense
2619 4421 2899 4488 Januario,
2923 4420 3173 4491 Magnum
3205 4418 3458 4473 Basilium
3477 4415 3670 4485 prima,

419 4513 518 4584 τὴν
548 4514 796 4585 εἰκοστὴν
841 4515 1098 4587 πέμπτην
1126 4517 1220 4570 τὸν
1249 4517 1391 4571 Θεῖον
1417 4519 1736 4591 Γρηγόριον,
1772 4521 1913 4574 κατὰ
1938 4522 1992 4575 δὲ

2103 4507 2347 4562 divinum
2380 4508 2700 4580 Gregorium
2738 4511 2924 4580 quinta
2979 4522 3032 4565 et
3083 4510 3335 4564 vicesima
3359 4548 3375 4575 ,
3408 4514 3479 4561 ac
3525 4506 3670 4559 vice-

418 4606 517 4677 τὴν
549 4605 799 4676 είκοστὴν
824 4606 1057 4678 ἑϐδόμην
1084 4609 1173 4661 τὸν
1202 4608 1343 4662 θεῖον
1372 4610 1776 4681 Χρυσόστομον,
1796 4613 1997 4683 συνῆψε

423 4693 585 4747 πάλιν
614 4694 810 4758 αὐτοὺς
841 4695 982 4749 κατὰ
1010 4697 1109 4769 τὴν
1141 4700 1492 4771 τριακοστὴν,
1525 4701 1714 4754 κανόσι
1753 4703 1845 4755 καὶ
1873 4719 1998 4773 τρο-

422 4785 641 4857 παρίοις
667 4787 764 4839 καὶ
803 4786 1099 4857 ἐγκωμίοις
1139 4788 1576 4859 καταστέψαςὼς
1599 4792 1877 4863 προσῆκεν
1910 4795 2001 4847 αὑ-

419 4878 550 4940 τοῖς·
587 4876 623 4930 ἃ
646 4878 741 4932 καὶ
766 4878 944 4931 νεύσει
974 4879 1173 4945 αὐτῶν,
1209 4880 1285 4943 ὡς
1330 4876 1505 4952 οἶμαι,
1532 4884 1814 4952 γεγονότα,
1848 4884 1999 4939 οὐδε-

421 4966 509 5029 νὸς
539 4965 814 5021 λείπονται
840 4967 950 5022 τῶν
986 4971 1067 5033 είς
1096 4969 1343 5036 ἔπαινον,
1367 4973 1443 5036 ὡς
1473 4976 1566 5028 xui.
1600 4975 1815 5031 πάντων
1832 4978 2000 5051 ὑπερ-

422 5054 632 5110 κεῖσθαι
666 5057 777 5112 τῶν
802 5058 902 5111 ὅσα
934 5075 994 5111 τε
1039 5059 1098 5126 ἐξ
1121 5062 1329 5133 ἐκείνου
1356 5063 1627 5132 γεγόνασι,
1664 5067 1754 5120 καὶ
1783 5068 1885 5121 ὅσα
1911 5085 2003 5137 γε-

420 5151 695 5219 νήσονται.

495 5432 673 5491 Ἦσαν
708 5440 763 5493 δὲ
819 5442 920 5508 τὴν
959 5442 1107 5496 θέσιν
1153 5442 1250 5496 τοῦ
1309 5444 1559 5516 σώματος
1591 5446 1685 5499 καὶ
1723 5447 1823 5519 τὴν
1874 5465 2003 5521 μορ-

425 5528 530 5598 φὴν
574 5530 624 5581 οἱ
671 5531 853 5600 Ἀγιοι
905 5527 1051 5587 οὗτοι
1098 5534 1314 5606 ἔχοντες
1354 5537 1545 5601 οὕτως.
1609 5537 1667 5591 Ὀ
1705 5538 1802 5608 μὲν
1859 5536 2001 5604 θεῖος

426 5621 829 5713 Χρυσὸστομος,
866 5627 964 5697 τὴν
1002 5627 1144 5681 ἰδέαν
1165 5628 1257 5682 τοῦ
1284 5626 1639 5700 σώματος,ῆν
1676 5632 1877 5713 βραχὺς
1901 5634 2004 5688 πά-

426 5730 488 5765 νυ
512 5712 609 5783 τὴν
640 5715 874 5785 ἡλικίαν,
899 5720 1141 5790 μεγάλην
1171 5720 1413 5791 κεφαλὴν
1435 5724 1544 5784 τοῖς
1560 5720 1731 5793 ὤμοις
1764 5712 1999 5793 αίωρῶν,

433 5805 577 5874 ἰχνὸς
630 5806 711 5869 είς
765 5808 824 5861 τὸ
867 5810 1273 5882 ἀκριϐέστατον,
1330 5814 1627 5883 ἐπίρῤινος,
1676 5816 1839 5886 εὐρὺς
1879 5818 2002 5880 τοὺς

2105 4599 2243 4653 sima
2277 4602 2507 4668 septima
2547 4602 2789 4656 divinum
2823 4603 3286 4674 Chrysoslomum,
3316 4600 3531 4656 eosdem
3552 4610 3675 4653 con-

2103 4690 2284 4757 junxit
2311 4692 2500 4746 iterata
2533 4692 2788 4747 colendos
2839 4694 2927 4747 die
2957 4692 3253 4767 tricesima.
3291 4689 3474 4761 Neque
3532 4704 3671 4757 prae-

2112 4783 2352 4837 termisit
2414 4800 2509 4839 eos
2561 4784 2756 4840 debitis
2809 4799 3007 4839 ornare
3047 4784 3365 4851 canonibus,
3418 4782 3673 4836 modulis-

2104 4891 2207 4945 que
2254 4891 2320 4931 ac
2373 4878 2692 4945 praeconiis;
2731 4878 2784 4932 in
2820 4879 3038 4948 quibus,
3076 4887 3260 4946 utpote
3306 4888 3418 4930 non
3458 4875 3576 4929 sine
3605 4874 3672 4927 il-

2103 4968 2275 5022 lorum
2335 4969 2417 5039 (ut
2449 4982 2548 5039 ego
2576 4969 2793 5039 quidem
2842 4968 3115 5037 exiStimo)
3160 4982 3382 5021 assensu
3410 4965 3675 5034 composi-

2118 5062 2227 5122 tis,
2287 5060 2419 5113 nihil
2481 5062 2546 5113 ad
2608 5059 2971 5118 laudationem
3033 5059 3329 5115 desiderari
3389 5056 3669 5127 reperias;

2108 5163 2276 5218 usque
2327 5149 2462 5204 adeo
2516 5158 2574 5202 ut
2628 5157 2887 5218 superent
2936 5147 3194 5218 quidquid
3241 5146 3296 5200 in
3352 5144 3455 5199 isto
3506 5157 3671 5213 gene-

2115 5252 2175 5293 re
2215 5239 2418 5295 editum
2458 5248 2538 5294 est
2597 5254 2769 5309 usque
2814 5239 2991 5295 adhuc
3017 5279 3034 5304 ,
3067 5249 3125 5293 et
3149 5239 3203 5293 in
3242 5244 3516 5308 posterum
3543 5234 3671 5290 ede-

2105 5342 2156 5385 tu
2164 5347 2219 5387 l'..

2177 5447 2258 5501 Ad
2316 5445 2758 5501 constitutionem
2830 5445 3073 5514 corporis
3140 5457 3202 5497 ac
3260 5443 3482 5499 formam
3529 5440 3670 5510 quod

2104 5539 2316 5604 attinet,
2374 5541 2425 5594 hi
2471 5537 2643 5595 sancti
2698 5535 2835 5591 tales
2868 5545 3044 5592 erant.
3078 5535 3299 5591 Divinus
3346 5532 3671 5605 Chrysosto-

2109 5647 2252 5695 ntus,
2294 5631 2471 5700 quoad
2504 5630 2737 5698 speciem
2768 5627 3035 5700 corporis,
3055 5636 3173 5683 erat
3199 5627 3486 5681 admodum
3525 5623 3671 5677 brevi

2110 5734 2342 5787 statura,
2372 5739 2570 5793 magno
2596 5723 2843 5793 elatoque
2878 5723 3075 5792 capite,
3115 5735 3321 5775 summa
3351 5717 3674 5788 gracilitate,

2116 5815 2260 5883 justo
2287 5832 2445 5882 naso,
2476 5816 2723 5873 diductus
2753 5832 2857 5872 non
2891 5816 3143 5872 indecore
3165 5814 3406 5879 naribus,
3439 5810 3675 5882 pallidis-
