4076 6226
449 280 653 358 οεᾶιειι

1799 305 2308 363 PROLEGOMENA

453 422 592 474 simo
624 416 851 489 alboque
877 421 1023 477 vultu
1054 462 1071 487 ,
1097 423 1268 479 oculis
1296 426 1452 480 cavis
1480 436 1534 479 et
1558 426 1817 482 bulbosis.
1872 427 2000 482 Hinc

2113 430 2413 500 μυκτῆρας,
2443 430 2746 502 ὠχρότατος
2789 432 2924 504 μετά
2961 433 3053 486 τοῦ
3078 431 3292 497 λευκοῦ,
3327 434 3536 499 κοίλους
3554 415 3684 495 τοὺς

450 511 632 579 ﬁebat,
665 521 718 567 ut
750 515 865 582 ejus
892 523 1139 582 aspectus
1173 517 1437 572 reniteret
1456 519 1764 587 gratiosior,
1795 518 2006 574 etiamsi

451 603 603 658 triste
624 604 823 673 aliquid
851 604 1053 675 reliqua
1077 605 1247 661 forma
1275 624 1383 678 pra:
1410 625 1469 665 se
1494 610 1680 667 ferret.
1713 612 1841 666 Erat
1867 613 2006 665 nuda

448 708 749 764 magnaque
802 694 979 751 fronte
1028 707 1082 753 et
1132 700 1315 755 multis
1365 712 1612 770 perarata
1666 703 1846 771 rugis;
1894 720 2008 757 am-

449 785 550 855 plis
582 786 708 841 item
738 788 983 854 auribus,
1020 791 1115 845 sed
1141 792 1303 847 barba
1336 794 1478 848 tenui
1525 803 1580 849 et
1621 796 1894 849 rarissima
1918 811 2003 850 ca-

449 877 644 947 nisque
675 879 800 948 pilis
829 883 1159 937 veneranda.
1184 883 1425 940 Maxillas
1454 886 1687 941 habebat
1711 888 2003 941 introrsum

448 967 775 1039 depressas,
828 988 937 1042 prae
969 975 1293 1046 rigidissima
1324 1018 1339 1044 ,
1389 993 1495 1047 qua
1550 993 1608 1031 se
1662 978 2004 1045 macerabat,

447 1059 648 1116 inedia.
681 1062 794 1120 Hoc
834 1081 961 1121 vero
990 1082 1209 1123 necesse
1237 1078 1318 1123 est
1360 1069 1426 1122 de
1491 1084 1556 1124 eo
1590 1070 1770 1125 dicere
1804 1112 1818 1136 ,
1861 1072 2002 1139 quod

446 1153 700 1211 omnibus
750 1156 914 1211 etiam
960 1157 1179 1214 Graecia:
1227 1159 1555 1230 sapientibus
1587 1161 1960 1221 antecelluerit
1989 1203 2002 1225 ,

449 1249 560 1298 tum
585 1245 828 1313 scientia,
848 1257 957 1329 tum
987 1251 1219 1304 maxime
1247 1253 1531 1322 cogitandi
1561 1244 1828 1319 acumine,
1862 1253 2007 1309 ﬂori-

450 1334 623 1404 doque
644 1352 841 1406 genere
862 1339 1072 1396 dicendi
1103 1358 1117 1397 :
1149 1342 1454 1399 laudandus
1491 1346 1652 1401 etiam
1686 1347 1827 1416 quod
1856 1347 2006 1401 codi-

450 1440 541 1481 ces
564 1443 750 1483 sacros
785 1438 930 1485 tanta
964 1431 1332 1500 explanaverit
1356 1433 1603 1489 claritate
1636 1446 1833 1504 quanta
1865 1435 2003 1489 alio-

448 1532 568 1571 rum
630 1534 844 1588 nemo;
892 1523 1141 1592 quodque
1203 1524 1278 1580 ita
1349 1526 1615 1581 studuerit
1670 1526 2009 1597 promulgare

448 1608 832 1681 Evangelium,
863 1622 921 1668 ut
966 1615 1071 1669 nisi
1114 1614 1305 1672 fuisset
1359 1618 1445 1672 hic
1486 1627 1704 1673 sanctus
1733 1619 1880 1689 (licet
1906 1619 2007 1673 hoc

450 1702 651 1756 dictum
687 1703 930 1759 videatur
968 1706 1381 1779 conﬁdentius),
1414 1723 1548 1779 opus
1600 1709 1792 1765 fuisset
1840 1710 2008 1764 altero

446 1791 656 1847 Christi
690 1794 741 1849 in
778 1804 950 1851 terras
987 1798 1220 1853 adventu
1260 1817 1274 1854 :
1314 1814 1486 1869 usque
1530 1803 1666 1855 adeo
1694 1810 1748 1855 et
1776 1802 2001 1865 virtute,

445 1894 500 1939 et
524 1885 735 1941 virtutis
764 1888 1177 1958 exercitatione,
1211 1899 1266 1944 et
1296 1891 1754 1947 commentatione
1797 1892 2005 1946 divina-

447 1990 565 2027 rum
601 1990 779 2031 rerum
831 1978 1120 2046 praestabat
1148 1981 1381 2034 caeteris.
1433 1980 1577 2036 Fons
1611 1982 1769 2036 etiam
1800 1981 2006 2037 miseri-

446 2066 650 2120 cordia:
680 2076 732 2121 et
758 2069 1039 2125 charitatis
1063 2082 1403 2139 nuncupatus
1430 2071 1554 2129 fuit.
1582 2071 1648 2125 Et
1676 2083 1844 2136 certe,
1895 2072 2003 2126 sic—

447 2166 504 2209 ut
530 2157 763 2226 fulgebat
797 2159 1056 2228 doctrina,
1108 2162 1182 2215 ita
1221 2163 1384 2216 etiam
1435 2163 1653 2218 ardebat
1690 2163 1806 2218 zelo
1847 2172 1900 2217 et
1932 2163 2005 2216 in-

449 2248 692 2301 credibili
727 2264 853 2318 erga
877 2252 1179 2320 proximum
1213 2254 1497 2309 charitate.
1526 2254 1671 2308 Vixit
1694 2269 1864 2309 annos
1893 2262 2003 2308 tres

442 2351 604 2405 supra
630 2341 925 2411 sexaginta,
941 2353 994 2396 et
1015 2358 1104 2398 sex
1132 2345 1447 2414 gubernavit
1465 2345 1662 2399 Christi
1688 2345 2000 2399 Ecclesiam.

439 2444 463 2466 ὀ
512 2429 734 2501 Magnus
777 2433 1006 2490 Basilius
1033 2475 1049 2502 ,
1084 2436 1265 2489 habitu
1329 2437 1568 2505 corporis
1596 2477 1612 2503 ,
1638 2438 1718 2491 sin
1778 2438 2000 2492 multam

438 2526 816 2592 proceritatem
850 2536 1044 2584 erectae
1099 2528 1283 2598 ﬁgura:
1324 2530 1659 2584 excurrebat.
1714 2530 1841 2584 Erat
1900 2530 2000 2584 sic-

440 2629 537 2670 cus
583 2624 637 2670 et
675 2618 1009 2684 macilentus,
1067 2604 1216 2686 niger
1267 2620 1473 2683 colore,
1538 2621 1741 2689 pallore
1793 2629 1997 2689 tempe-

437 2715 588 2762 ratus
630 2707 844 2774 faciem,
881 2710 1136 2776 praeditus
1180 2712 1373 2766 decoro
1407 2727 1536 2766 naso
1558 2721 1611 2766 et
1637 2711 1997 2766 circumﬂexis

438 2797 506 2851 ad
548 2798 812 2868 hirquum;
846 2801 1181 2868 superciliis;
1224 2803 1276 2855 in
1311 2803 1512 2858 vertice
1545 2804 1901 2869 contractior;
1934 2803 2001 2857 si-

444 2888 596 2959 milis!
626 2892 1006 2961 cogitabundo,
1036 2893 1276 2962 pauculis
1309 2894 1362 2947 in
1392 2892 1565 2947 fronte
1599 2894 1745 2963 rugis
1778 2908 1988 2963 capera-

438 2995 563 3048 tus;
598 2982 769 3037 malas
811 2982 1091 3052 oblongus,
1123 2998 1285 3038 cavus
1314 2992 1579 3053 tempora,
1612 2999 1766 3039 rasus
1795 2983 1907 3038 fere
1930 2983 1995 3037 ad

438 3084 635 3139 cutem,
662 3075 886 3135 barbam
919 3077 1193 3143 nutriens,
1220 3091 1447 3145 eamque
1489 3077 1624 3132 satis
1674 3077 1993 3145 promissam
2025 3115 2066 3171 ε

438 3181 502 3219 ac
555 3165 904 3220 scmicanam.
937 3166 1174 3222 Anteivit
1211 3168 1426 3237 ingenio
1451 3208 1467 3234 ,
1503 3182 1606 3221 non
1660 3176 1868 3221 tantum
1928 3166 1995 3221 iis

436 3255 530 3325 qui
571 3270 690 3318 suo,
721 3270 908 3310 verum
964 3257 1126 3310 etiam
1154 3258 1242 3325 qui
1270 3256 1449 3310 multis
1487 3241 1611 3310 a'nte
1662 3255 1878 3311 saeculis
1904 3255 2001 3311 [lo-

437 3360 596 3404 ruere
626 3363 642 3400 :
679 3346 874 3416 quippe
912 3360 1032 3400 cum
1062 3361 1159 3415 per
1184 3362 1373 3405 omnes
1402 3346 1653 3416 pulchras
1691 3347 1875 3401 ivisset
1912 3362 1998 3400 ar-

438 3446 539 3501 tes,
572 3437 625 3492 in
649 3452 973 3506 unaquaque
1002 3439 1361 3508 principatum
1395 3439 1590 3504 tenuit;
1616 3438 1793 3494 minus
1820 3450 1995 3493 autem

435 3542 556 3583 sese
586 3529 873 3585 exercebat
900 3529 955 3583 in
997 3530 1367 3600 philosophia,
1396 3532 1529 3586 satis
1559 3531 1764 3585 habens
1829 3545 1889 3586 se
1932 3544 1995 3585 ea

437 3617 575 3672 duce
625 3618 691 3672 ad
738 3633 918 3673 rerum
948 3619 1253 3675 divinarum
1309 3621 1817 3690 contemplationem
1876 3635 1997 3675 esse

444 3718 861 3777 transgressum.
889 3711 968 3766 Ad
994 3712 1189 3766 summi
1222 3694 1506 3767 sacerdotii
1544 3713 1735 3766 solium
1780 3724 1996 3769 evectus

434 3809 519 3855 est
545 3802 897 3872 quadraginta
927 3817 1099 3859 annos
1130 3812 1305 3869 natus,
1345 3813 1399 3858 et
1429 3787 1663 3874 quinque
1699 3804 1854 3858 annis
1903 3804 1997 3859 Ec-

435 3893 609 3948 clesiae
631 3895 904 3963 prazsedit.

506 4004 669 4060 Divus
729 4006 1025 4077 Gregorius
1079 4008 1381 4078 Theologus
1447 4017 1655 4064 Statura
1714 4010 1815 4064 fuit
1879 4024 1988 4064 me-

440 4096 640 4150 diocris
669 4136 684 4161 ,
711 4098 1044 4166 subpallidus
1070 4138 1084 4163 ,
1123 4098 1514 4166 aliquantulum
1564 4099 1836 4178 gratiosus
1863 4139 1878 4163 ,
1915 4100 1994 4153 sio

435 4203 578 4255 mus,
610 4189 772 4244 rectis
821 4199 1044 4245 ornatus
1097 4190 1692 4261 superciliis,‘aSpectu
1741 4192 1887 4245 mitis
1940 4200 1993 4244 et

433 4280 677 4349 placidus
706 4321 721 4344 ,
756 4282 1034 4339 subtristis
1086 4283 1259 4338 altero
1312 4284 1467 4339 oculo
1499 4284 1565 4355 (is
1614 4293 1731 4337 erat
1780 4284 1991 4350 dexter,
2018 4351 2030 4361 _

434 4386 593 4440 quem
640 4364 948 4430 tubérculus
976 4375 1118 4429 circa
1166 4376 1419 4445 hirquum
1467 4378 1856 4444 contraxerat),
1886 4392 1990 4431 non

2111 520 2341 590 κόγχους
2372 521 2478 573 τῶν
2506 521 2796 593 ὀφθαλμῶν
2822 524 2981 594 ἔχων,
3017 525 3109 578 καὶ
3126 524 3336 595 βολϐοῖς
3356 525 3560 579 τούτων
3587 544 3683 581 κε-

2110 628 2212 682 χρη
2223 611 2378 681 μένος
2404 612 2675 681 μεγάλοις·
2707 615 2790 683 ἐφ’
2819 611 2901 678 οἷς
2942 617 3034 668 καὶ
3067 616 3367 682 συνέϐαινε,
3397 616 3679 688 χαριέστε-

2114 719 2203 772 ρον
2235 706 2353 764 ταῖς
2392 703 2577 773 ὄψεσιν
2599 705 2964 771 ἀποστίλϐειν,
3000 708 3048 758 εί
3080 708 3171 759 καὶ
3211 706 3289 777 τῷ
3317 706 3488 778 λοιπῷ
3506 726 3681 780 χαρα-

2111 792 2273 863 κτῆρι
2300 794 2389 847 τὸν
2414 794 2709 865 ἀχθόμενον
2743 814 2815 848 πα
2827 796 3063 867 ρεδήλουο
3090 797 3244 866 ψιλὸς
3287 799 3381 853 καὶ
3421 800 3590 869 μέγας
3620 799 3681 853 τὸ

2114 883 2383 953 μέτωπον,
2415 886 2507 937 καὶ
2535 884 2754 949 πολλαῖς
2793 886 2963 955 βολίσι
2994 884 3559 960 κεχαραγμένοςῶτα
3581 907 3680 943 πε-

2113 974 2410 1042 ρικείμενος
2446 975 2676 1043 μεγάλα,
2713 976 2804 1027 καὶ
2830 975 2890 1028 τὸ
2920 976 3127 1044 γένειον
3154 977 3346 1048 μικρὸν
3372 980 3465 1032 καὶ
3495 979 3681 1049 ἀραιό-

2108 1082 2267 1117 τατον
2303 1065 2406 1117 ὑπὸ
2436 1066 2653 1129 πολιαῖς
2674 1069 2793 1129 ταῖς
2815 1065 2989 1137 θριξὶν
3017 1067 3273 1131 ἐξανθῶν·
3295 1070 3391 1133 τὰς
3422 1071 3678 1138 σιαγόνας

2112 1158 2480 1227 πεπιεσμένας
2497 1158 2625 1210 εἴσω
2651 1157 2808 1227 ἔχων,
2828 1161 2891 1228 τῇ
2910 1159 3133 1230 νηστείᾳ
3166 1161 3245 1222 είς
3277 1160 3337 1213 τὸ
3357 1161 3673 1232 ἀκρότατον.

2112 1250 2377 1302 Τοσοῦτον
2406 1250 2460 1302 δὲ
2490 1251 2618 1321 περὶ
2658 1249 2819 1303 αὐτοῦ
2849 1250 3146 1317 ἀναγκαῖον
3177 1251 3373 1316 εἰπεῖν,
3404 1253 3486 1304 ὅτι
3535 1251 3678 1323 λόγῳ

2112 1342 2315 1404 πάντας
2342 1343 2434 1394 καὶ
2464 1343 2588 1405 τοὺς
2616 1344 2746 1413 παρ’
2776 1341 2998 1412 Ἕλλησι
3029 1344 3227 1412 σοφοὺς
3258 1344 3549 1417 ὑπερῆρεν,
3584 1344 3677 1409 ἐξ·

2111 1435 2340 1507 αιρέτως
2384 1434 2438 1487 δὲ
2490 1433 2755 1504 δεινότητι
2792 1436 2856 1505 τῇ
2889 1437 3008 1489 κατ’
3038 1434 3263 1498 ἔννοιαν,
3298 1435 3392 1489 καὶ
3435 1435 3513 1506 τῷ
3548 1435 3677 1506 λείῳ

2111 1528 2204 1581 καὶ
2226 1527 2446 1598 ἀνθηρῷ
2473 1527 2568 1596 τῆς
2604 1528 2875 1598 φράσεως·
2910 1528 2989 1591 είς
3038 1526 3289 1580 τοσοῦτον
3314 1527 3372 1580 δὲ
3400 1528 3498 1597 τὴν
3526 1528 3677 1582 θείαν

2110 1618 2329 1690 Γραφὴν
2376 1620 2722 1690 ἐσαφήνισεν,
2763 1618 2838 1681 ὡς
2878 1619 2985 1671 τῶν
3014 1618 3190 1674 ἄλλων
3225 1620 3418 1684 οὐδείς·
3450 1622 3543 1674 καὶ
3571 1621 3678 1674 ὑπὸ

2112 1709 2187 1779 τῷ
2209 1709 2541 1780 εὐαγγελικῴ
2565 1708 2876 1780 κηρύγματι
2916 1709 3276 1774 συνετέλεσεν,
3302 1709 3377 1773 ὡς
3411 1712 3459 1762 εί
3488 1711 3560 1781 μὴ
3606 1707 3677 1781 ἦν

2039 1766 2083 1820 Β
2111 1766 2261 1865 οῖέτος
2283 1766 2525 1869 ὁ.””Αγιος
2551 1766 2732 1869 (είκαί
2746 1766 3018 1871 τολμηρὸν
3044 1766 3377 1871 φάναι),’ἔδεί
3397 1766 3560 1856 πάλιν
3582 1766 3675 1855 ιςέι

2110 1891 2212 1960 γῆς
2242 1891 2497 1963 δευτέραν
2522 1891 2614 1944 τοῦ
2632 1891 2865 1962 Χριστοῦ
2890 1894 3189 1962 παρουσίαν
3221 1893 3492 1961 γενέσθαι·
3511 1896 3591 1957 είς
3615 1895 3674 1948 δὲ

2111 1980 2311 2052 ἀρετὴν
2340 1982 2435 2034 καὶ
2450 1982 2643 2052 πρᾶξιν
2674 1982 2769 2035 καὶ
2800 1982 3031 2054 θεωρίαν
3053 1984 3306 2049 τοσοῦτος
3341 1985 3574 2053 ἐγένετο,
3594 1987 3671 2050 ὡς

2108 2074 2203 2127 καὶ
2245 2074 2449 2138 πάντας
2483 2074 2648 2145 ἄρδην
2684 2074 3099 2146 ὑπερϐαλέσθαι·
3155 2076 3521 2148 ὲλεημοσύνης
3578 2079 3671 2131 καὶ

2108 2167 2324 2237 ἀγάπης
2351 2168 2689 2237 χρηματίσας
2720 2168 2888 2237 πηγὴ,
2931 2169 3023 2220 καὶ
3056 2167 3211 2241 ζῆλος
3254 2171 3527 2242 ἄντικρυς,
3556 2170 3675 2239 φιλ-

2108 2259 2329 2329 αδελφία
2352 2277 2409 2310 τε
2450 2260 2541 2312 καὶ
2565 2259 2897 2331 διδασκαλίᾳ.

2187 2434 2244 2487 '0
2292 2434 2348 2486 δὲ
2413 2434 2585 2505 μέγας
2609 2433 2883 2498 Βασίλειος
2932 2428 2998 2505 ἦν
3043 2433 3140 2503 τὴν
3194 2433 3343 2487 θέσιν
3396 2432 3491 2486 τοῦ
3568 2432 3673 2485 σώο

2110 2543 2274 2596 ματος
2298 2528 2377 2589 είς
2407 2526 2540 2580 πολὺ
2571 2526 2763 2596 μῆκος,
2793 2527 2885 2578 ἐπὶ
2906 2525 2999 2579 τοῦ
3029 2526 3209 2597 ὀρθίου
3245 2529 3518 2597 σχήματος
3541 2527 3672 2579 ἀνα-

2104 2614 2345 2687 δραμὼν,
2400 2616 2561 2687 ξηρὸς
2609 2617 2702 2669 καὶ
2734 2617 3112 2689 λειπόσαρκος,
3167 2617 3333 2687 μέλας
3362 2616 3421 2669 τὸ
3445 2615 3664 2687 χρῶμα,

2104 2706 2368 2778 ὠχρότητι
2413 2707 2474 2759 τὸ
2518 2708 2805 2779 πρόσωπον
2870 2708 3193 2781 σύγκρατος,
3247 2708 3550 2778 ὲπίρῤινος,
3591 2711 3672 2771 είς

2103 2798 2299 2851 κύκλον
2326 2798 2422 2862 τὰς
2459 2798 2627 2870 ὀφρῦς
2662 2800 3045 2870 περιηγμένος,
3098 2799 3158 2852 τὸ
3193 2801 3502 2869 ἐπισκήνιον
3544 2817 3670 2852 συν-

2102 2891 2377 2953 εσπακὼς,
2414 2891 2773 2963 φροντιστικῷ
2820 2891 3030 2954 ἐοικὼς,
3068 2891 3272 2960 ὀλίγαις
3302 2892 3360 2945 τὸ
3384 2891 3671 2962 πρόσωπον

2102 2985 2411 3054 ἀμαρυγαῖς
2440 2982 2647 3054 ρυτιδού
2658 3001 2833 3053 μενος,
2856 2984 3131 3054 ἐπιμήκης
3157 2983 3254 3046 τὰς
3280 2982 3526 3052 παρείας,
3559 2983 3672 3033 κοῖα

2102 3074 2189 3139 λος
2240 3076 2364 3137 τοὺς
2414 3074 2738 3145 κροτάφους,
2774 3076 2954 3146 ἠρέμα
2988 3076 3126 3147 ἔχων
3163 3077 3221 3127 ἐν
3262 3074 3378 3145 χρῷ
3424 3072 3667 3144 κουρίας,

2100 3166 2196 3235 τὴν
2230 3167 2439 3236 ὑπήνην
2462 3166 2773 3235 ἀρκούντως
2800 3167 3139 3238 καθειμένος,
3175 3168 3269 3219 καὶ
3300 3165 3667 3237 μεσαιπόλιος.

2099 3252 2262 3320 Οὗτος
2295 3258 2353 3309 ἐν
2390 3255 2562 3325 λόγοις
2589 3258 2647 3310 οὐ
2692 3258 2847 3328 μόνον
2878 3260 3002 3322 τοὺς
3034 3259 3155 3312 κατ’
3189 3257 3369 3320 αὑτὸν,
3403 3255 3538 3310 ἀλλά
3566 3256 3667 3309 καὶ

2097 3347 2221 3409 τοὺς
2249 3345 2506 3410 παλαιοὺς
2544 3347 2862 3419 ὑπερέϐαλε·
2896 3346 2986 3400 διὰ
3016 3346 3123 3417 γὰρ
3141 3348 3319 3417 πάσης
3342 3344 3512 3398 ἐλθὼν
3544 3362 3670 3397 παι-

2096 3435 2348 3500 δεύσεως,
2399 3437 2459 3489 ὲν
2512 3438 2716 3510 ἑκάστῃ
2745 3438 2804 3490 τὸ
2842 3439 3042 3508 κράτος
3068 3437 3353 3508 ἐκτήσατο·
3383 3438 3480 3507 οὐχ
3505 3431 3670 3508 ἦττον

2097 3526 2149 3580 δὲ
2203 3529 2299 3598 τὴν
2346 3527 2433 3580 διὰ
2472 3527 2720 3598 πράξεως
2766 3529 3012 3599 ἀσκήσας
3064 3526 3398 3596 φιλοσοφίαν,
3449 3528 3542 3581 καὶ
3579 3526 3670 3580 διὰ

2095 3619 2299 3688 ταύτης
2325 3620 2388 3688 τῇ
2425 3617 2626 3690 θεωρία
2653 3617 2761 3670 τῶν
2788 3618 2955 3672 ὄντων
2985 3617 3218 3689 προϐάς.
3275 3618 3396 3670 Ἐπὶ
3430 3617 3520 3670 τὸν
3544 3616 3669 3687 θρό-

2096 3726 2185 3762 νον
2214 3709 2312 3778 τῆς
2335 3709 2743 3780 ἀρχιερωσύνης
2776 3709 2983 3779 ἀνήχθη
3023 3708 3429 3780 τεσσαράκοντα
3461 3708 3666 3779 χρόνων

2095 3802 2403 3872 γενόμενος,
2441 3803 2532 3855 ἐπὶ
2577 3803 2736 3855 πέντε
2785 3802 2929 3855 ἔτεσι
2986 3803 3084 3871 τῆς
3147 3801 3472 3873 Ἐκκλησίας
3527 3817 3665 3871 προ-

2096 3891 2244 3955 στάς.

2176 4004 2234 4057 Ὁ
2302 4003 2358 4057 δὲ
2411 4003 2552 4074 ἱερὸς
2593 4003 2888 4075 Γρηγόριος
2939 4004 2968 4056 ὀ
3025 4003 3317 4073 θεολόγος,
3379 4002 3518 4058 κατά
3572 4004 3666 4057 τὸν

2095 4094 2262 4146 τύπον
2302 4093 2403 4164 τῆς
2427 4093 2643 4164 ἡλικίας
2689 4094 2779 4147 τοῦ
2808 4093 3077 4164 σώματος,
3115 4094 3378 4166 ἐτύγχανε
3421 4094 3663 4166 μέτριος,

2096 4182 2366 4253 ὒπωχρος,
2400 4181 2574 4253 βραχῦ
2611 4181 2749 4251 μετὰ
2786 4182 2879 4236 τοῦ
2908 4183 3209 4254 χαρίεντος,
3242 4182 3420 4253 σιμὸς,
3464 4183 3551 4235 ἐπ’
3575 4185 3666 4237 εύ-

2096 4272 2242 4336 θείας
2270 4272 2367 4335 τάς
2397 4275 2569 4344 ὀφρῦς
2592 4272 2752 4343 ἔχων,
2781 4274 2984 4345 ἥμερον
3004 4273 3215 4344 βλέπων
3246 4275 3337 4328 καὶ
3374 4276 3661 4348 προσηνές

2097 4363 2322 4438 θάτερον
2373 4364 2482 4418 τῶν
2524 4364 2837 4436 ὀφθαλμῶν,
2878 4366 2937 4431 ὃς
2966 4361 3033 4437 ἦν
3069 4366 3261 4431 δεξιὸς,
3310 4368 3665 4439 στυγνότερον

434 4461 659 4532 prolixe,
692 4464 783 4517 sed
817 4465 979 4519 dense
1008 4466 1297 4530 barbatus;
1328 4465 1481 4519 valde
1530 4464 1733 4529 calvus,
1783 4464 1990 4534 capillis

2101 4455 2450 4526 κεκτημένος,
2508 4454 2567 4507 ὃν
2604 4455 2732 4527 οὐλὴ
2763 4455 2903 4509 κατά
2945 4458 3035 4510 τὸν
3074 4456 3270 4509 κανθὸν
3315 4456 3539 4526 συνῆγεή
3572 4457 3665 4510 τὸν

432 4552 716 4617 candidus,
750 4554 1006 4608 extremis
1040 4555 1222 4608 barba:
1254 4555 1380 4624 pilis
1443 4555 1722 4624 subniger,
1750 4564 1803 4608 et
1837 4555 1991 4624 quasi

437 4643 752 4698 infumatus.
807 4644 920 4699 Hoc
950 4660 1080 4700 vero
1113 4646 1329 4714 dignum
1363 4647 1614 4717 estquod
1644 4647 1710 4701 de
1739 4645 1829 4700 illo
1853 4647 1993 4699 dica-

436 4746 521 4790 tur
554 4756 567 4788 :
595 4735 736 4804 quod
769 4776 783 4802 ,
831 4737 877 4789 si
935 4736 1056 4806 quis
1094 4751 1156 4790 ex
1197 4736 1407 4805 integro
1460 4735 1735 4790 hominum
1793 4750 1991 4806 genere

434 4825 809 4895 pr0ponendus
836 4835 997 4888 esset,
1023 4836 1273 4894 tanquam
1300 4826 1476 4896 imago
1502 4825 1679 4894 aliqua
1711 4834 1764 4880 et
1787 4824 1989 4896 eﬂigies

433 4915 888 4983 simulacrumque
930 4917 1188 4992 virtutum
1212 4917 1451 4970 omnium
1473 4958 1488 4981 ,
1522 4917 1567 4970 is
1599 4925 1743 4971 esset
1769 4905 1993 4985 Magnus

432 5006 754 5077 Gregorius;
792 5016 974 5076 utpote
1016 5006 1107 5075 qui
1163 5006 1446 5075 Splendore
1498 5007 1622 5061 vitae
1674 5007 1991 5077 probatissi-

430 5114 572 5151 mum
616 5112 884 5166 quemque
945 5098 1254 5167 longissime
1317 5097 1562 5162 anteivit,
1614 5100 1665 5150 in
1721 5098 1988 5168 theol03ia

430 5172 633 5244 tamtum
665 5189 919 5272 profecit,
957 5198 1016 5242 ut
1063 5204 1250 5243 omnes
1289 5190 1536 5242 habuerit
1564 5188 1847 5244 inferiores
1872 5233 1886 5251 ,
1936 5200 1990 5245 et

427 5280 688 5348 elegantia
720 5277 1008 5342 sermonis,
1034 5288 1084 5330 et
1117 5278 1508 5331 sententiarum
1538 5279 1825 5345 gravitate,
1845 5278 1985 5331 unde

425 5381 481 5423 et
514 5356 772 5439 T'heologi
817 5384 1108 5439 cognomen
1144 5369 1365 5422 invenit.
1405 5368 1814 5421 Administravit
1840 5367 1982 5421 Con-

435 5462 960 5531 slantinopolitanam
997 5461 1290 5516 Ecclesium
1329 5461 1607 5513 duodecim
1648 5461 1822 5525 annis,
1854 5460 1989 5513 vixit

427 5562 605 5604 autem
634 5552 858 5619 amplius
887 5554 1178 5621 octoginta.

510 5724 708 5779 [lorum
782 5727 937 5780 trium
1015 5729 1359 5788 ontniumque
1427 5740 1736 5784 sanctorum
1795 5731 1987 5791 (lepro-

2096 4547 2331 4615 πώγωνα
2358 4548 2418 4600 οὐ
2438 4546 2623 4616 βαθὺς,
2657 4546 2823 4610 δασὺς
2846 4547 2902 4599 δὲ
2936 4548 3021 4615 ἐπ’
3064 4548 3300 4612 εὐθείας,
3333 4549 3531 4609 ἱκανῶς
3562 4565 3669 4616 φα-

2098 4638 2317 4709 λακρὸς,
2339 4638 2527 4701 λευκὸς
2549 4641 2668 4701 ταῖς
2705 4636 2868 4708 θριξὶ,
2899 4638 2966 4691 τὰ
2999 4638 3143 4709 ἄκρα
3163 4640 3261 4709 τῆς
3288 4639 3562 4707 γενειάδος
3588 4638 3676 4702 ὼς.

2095 4732 2630 4802 περικεκαπνισμένα
2665 4730 2994 4799 ὑποφαίνων.
3032 4729 3203 4783 Τοῦτο
3248 4730 3303 4782 δὲ
3332 4731 3503 4783 εἰπεῖν
3536 4733 3669 4801 περὶ

2093 4821 2256 4874 αὐτοῦ
2285 4820 2453 4887 ἄξιον,
2483 4822 2570 4873 ὅτι
2593 4821 2640 4873 εί
2665 4818 2772 4872 ἔδει
2797 4818 3045 4886 γενέσθαι
3068 4820 3125 4871 ὲν
3143 4817 3448 4887 ἀνθρώποις
3478 4818 3664 4871 εἰκόνα

2092 4915 2214 4967 τινὰ
2246 4914 2339 4966 καὶ
2388 4913 2587 4983 στήλην
2619 4912 2761 4965 κατὰ
2813 4913 2996 4983 μέρος,
3035 4914 3098 4964 ὲκ
3152 4909 3340 4963 πασῶν
3374 4910 3664 4981 συγκειμέ-

2093 5021 2189 5074 νην
2230 5004 2458 5075 ἀρετῶν,
2494 5004 2649 5057 τοῦτο
2672 5000 2739 5074 ἦν
2763 5006 2791 5057 ὁ
2820 5004 2992 5074 μέγας
3021 5002 3338 5073 Γρηγόριος,
3368 5001 3479 5071 βίου
3519 5001 3664 5072 λαμ-

2094 5096 2319 5166 πρότητι
2372 5096 2497 5157 τοὺς
2542 5094 2678 5148 κατὰ
2725 5092 2921 5163 πρᾶξιν
2967 5092 3286 5162 εὐδοκίμους
3318 5091 3660 5161 ὑπερϐαλών.

2105 5187 2228 5238 Ἐπὶ
2254 5187 2502 5238 τοσοῦτον
2531 5185 2809 5252 θεολογίας
2856 5183 3127 5254 προήχθη,
3151 5183 3225 5245 ὼς
3264 5183 3471 5245 πάντας
3495 5182 3665 5252 ἡττᾶ-

2096 5275 2219 5330 σθαι
2245 5277 2343 5345 τῆς
2389 5277 2580 5345 σοφίας
2604 5275 2790 5337 αὐτοῦ,
2825 5274 2924 5343 τῆς
2953 5291 3010 5326 τε
3044 5273 3102 5325 ὲν
3129 5272 3324 5342 λόγοις,
3351 5272 3451 5342 τῆς
3494 5289 3552 5325 τε
3603 5275 3664 5327 ἐν

2089 5366 2370 5436 δόγμασιν,
2398 5366 2519 5419 ὅθεν
2552 5366 2644 5419 καὶ
2674 5364 2770 5436 τὴν
2820 5364 3078 5431 Θεολόγος
3102 5362 3470 5434 προσηγορίαν
3503 5364 3661 5433 ἐκτή-

2094 5475 2241 5511 σατο·
2268 5458 2508 5529 προέστη
2531 5458 2589 5511 δὲ
2615 5458 2710 5511 καὶ
2752 5456 2854 5526 τῆς
2881 5455 3499 5516 Κωνσταντινουπόλεως
3540 5454 3661 5506 Ἐκ-

2095 5550 2317 5619 κλησίας
2344 5551 2566 5621 χρόνους
2588 5548 2810 5612 δώδεκα,
2838 5548 2979 5618 ὑπὲρ
3008 5545 3073 5600 τά
3102 5546 3424 5615 ὀγδοήκοντα
3453 5545 3546 5615 ἐτη
3568 5562 3662 5613 γε·-

2090 5642 2146 5695 νό
2153 5659 2326 5711 μενος.

2164 5731 2283 5784 Τῶν
2339 5731 2498 5785 τοιῶν
2562 5733 2756 5783 τούτων
2818 5726 3149 5793 πρεσϐείαις,
3213 5730 3408 5783 Χοιστὲ
3455 5730 3483 5781 ὀ
3530 5726 3663 5790 Θεὸς
