4076 6226
1674 408 1903 464 CANON
1941 407 2030 463 DE
2069 407 2126 464 s.
2165 387 2452 464 BASILIO.

3445 430 3536 470 CCC
3544 427 3675 472 ιοιιι

420 513 590 585 ἡμῶν,
651 517 748 571 καὶ
805 520 1024 576 πάντων
1073 523 1182 576 τῶν
1211 524 1404 592 ἁγίων,
1439 525 1538 590 τὰς
1580 527 1688 580 τῶν
1730 528 1994 599 αἱρέσεων

2103 528 2334 595 catione,
2373 527 2590 584 Christe
2664 529 2807 585 Deus
2855 540 3060 598 noster,
3116 533 3380 588 haeresum
3447 532 3676 586 insolen-

417 606 808 675 ἐπαναστάσεις
857 613 1152 679 κατάϐαλε,
1197 617 1292 670 καὶ
1329 620 1478 689 ἡμᾶς
1518 621 1578 672 ὲν
1627 621 1850 690 ὁμονοίᾳ
1901 619 1995 673 καὶ

413 701 660 772 εἰρηνικῇ
695 708 1025 761 καταστάσει
1075 710 1424 780 διαφύλαξον,
1480 713 1573 766 καὶ
1613 712 1715 783 τῆς
1739 711 1994 784 οὐρανίου

415 808 507 844 σου
538 791 815 862 βασιλείας
837 797 1089 868 ἀξίωσον,
1118 802 1199 855 ὃτι
1227 802 1516 875 εὐλογητὸς
1544 799 1595 857 εἴ
1621 807 1698 868 εἰς
1727 806 1852 868 τοὺς
1868 802 1996 856 αἰῶ-

413 897 509 946 νας
528 883 635 938 τῶν
659 885 892 943 αἰώνων.
934 891 1123 962 Ἀμήν.

2101 620 2230 672 tiam
2270 633 2582 689 compesce,
2605 629 2659 676 et
2689 636 2794 678 nos
2833 621 2888 679 in
2940 624 3230 680 concordia
3271 634 3431 694 atque
3454 625 3506 678 in
3533 625 3673 694 papi-

2101 640 2230 672 uam
2270 640 2582 689 compesce,
2605 640 2659 676 et
2689 640 2794 678 nos
2833 640 2888 679 tn
2940 640 3230 680 concordia
3271 640 3431 694 atque
3454 640 3506 678 tn
3533 640 3564 690 p
3636 640 3673 676 t-

2099 709 2199 764 llca
2254 710 2648 779 tranquillitate
2704 716 2955 783 custodi,
3003 731 3066 771 ac
3119 715 3324 771 ctelesti
3365 725 3459 770 tuo
3509 640 3677 784 regio

2100 801 2354 870 dignare,
2391 819 2513 859 cum
2549 805 2625 861 sis
2661 806 2976 865 benedictus
3021 809 3073 864 in
3107 807 3300 864 sarcula
3328 808 3673 864 saeculorum.

2097 891 2291 946 Amen.

1765 1158 2138 1219 ANNOTATA
2164 1165 2224 1220 Ι).
2255 1165 2316 1220 Ρ.

481 1428 702 1500 Triplici
755 1430 844 1486 isti
889 1431 998 1499 jam
1054 1432 1343 1502 propositae
1415 1429 1765 1498 descriptioni
1805 1427 1994 1483 forma:

413 1521 782 1591 cujuscunque
806 1562 820 1582 ,
853 1537 918 1576 eo
957 1522 1092 1576 forte
1127 1539 1234 1594 quo
1281 1538 1340 1577 se
1380 1503 1796 1592 conspiciendas
1820 1521 1993 1575 sancti

413 1612 674 1666 dederunt
727 1612 899 1678 vultu,
963 1615 1254 1684 respondet
1317 1615 1371 1668 in
1411 1613 1627 1669 Menaris
1695 1614 1998 1668 communis

413 1703 529 1757 haec
557 1703 798 1758 omnium
828 1713 881 1758 et
911 1703 1116 1759 Graecis
1150 1704 1456 1759 notissima.

494 1818 675 1874 Solius
705 1818 916 1886 Basilii,
957 1819 1211 1889 Gregorii
1239 1821 1500 1889 Theologi
1529 1862 1545 1887 ,
1576 1830 1740 1888 atque
1765 1817 1995 1888 Chryso-
2025 1839 2071 1895 Β

419 1912 645 1964 sostomi
672 1910 817 1976 icon,
850 1927 948 1990 suo
977 1913 1241 1982 cujusque
1269 1913 1354 1967 die
1391 1913 1443 1966 in
1475 1911 1743 1966 Januario
1774 1925 1993 1963 eorum-

419 2001 540 2053 dem
573 1999 902 2055 Menaaorum
942 2003 1232 2070 reperitur,
1266 2004 1360 2058 sed
1384 2019 1506 2058 cum
1537 2000 1995 2072 descriptionibus

417 2092 606 2147 forma:
640 2093 1118 2160 contractioribus,
1153 2111 1290 2163 quas
1317 2093 1710 2164 descriptiones
1740 2092 1874 2146 nihil
1905 2102 1989 2145 at—

421 2187 554 2240 tinet
583 2186 669 2240 hic
698 2185 925 2240 referre.
960 2185 1062 2240 Pro
1090 2201 1152 2240 ea
1194 2197 1374 2241 tamen
1407 2201 1528 2256 quae
1569 2185 1829 2239 Basilium
1861 2200 1986 2253 pro—

416 2277 565 2338 ponit
597 2277 620 2331 1
658 2276 927 2342 Januarii,
959 2280 1143 2347 accipe
1175 2280 1594 2347 descriptionem
1621 2278 1872 2341 alteram,
1900 2276 1995 2330 sed

417 2369 596 2424 verbis
635 2371 806 2440 magis
837 2385 998 2436 quam
1040 2372 1306 2424 sententia
1341 2372 1636 2434 diversam,
1669 2368 1880 2438 qualem
1929 2382 1994 2422 ex

420 2477 522 2516 ms.
561 2458 815 2515 Vaticano
861 2461 1068 2530 accepit
1120 2461 1312 2514 Petrus
1353 2461 1543 2515 Frison
1597 2459 1993 2513 Basilianornm

422 2567 645 2620 operum
676 2552 997 2616 illustrator,
1022 2553 1072 2604 in
1104 2551 1341 2607 editione
1364 2553 1654 2608 Parisiensi
1677 2552 1805 2605 anni
1836 2551 1994 2606 ltil8.

425 2644 514 2699 Sic
542 2653 721 2698 autem
757 2645 827 2698 ibi
859 2644 1074 2715 legitur.

506 2757 562 2809 Ὁ
614 2757 671 2810 ἐν
717 2755 919 2825 Ἀγίοις
950 2755 1227 2818 Βασίλειος
1292 2753 1581 2824 ἐπώνυμος
1625 2754 1836 2822 Μέγας,
1871 2771 2000 2826 προ-

421 2849 601 2920 μήκης
641 2865 703 2900 τε
747 2849 811 2901 τὸ
873 2847 1033 2918 σῶμα
1082 2849 1174 2902 καὶ
1207 2846 1388 2911 εὐθὺς,
1431 2846 1532 2917 τὴν
1587 2848 1685 2917 μὲν
1729 2847 2000 2917 ξηρότητα

415 2939 576 3009 ἔχων,
605 2939 665 2992 τὸ
699 2939 755 2992 δὲ
789 2939 984 3012 χρῶμα
1021 2940 1209 3010 μέλαν,
1253 2941 1344 2994 καὶ
1382 2939 1689 3010 ὠχρότητα,
1731 2939 1824 2992 καὶ
1853 2940 2000 3009 βαδί-

417 3047 622 3100 σματος
652 3027 805 3103 ἦθος,
841 3031 1020 3102 ὄρθιος
1062 3033 1281 3102 ἐγένετο
1327 3032 1425 3104 τὴν
1470 3036 1614 3104 ρἶα,
1644 3033 1743 3096 τὰς
1783 3031 2001 3094 κύκλιος

414 3119 606 3191 ὀφρῦς,
639 3120 962 3192 καθιέμενος
985 3123 1076 3176 τὸν
1102 3122 1360 3192 πώγωνα,
1389 3123 1626 3194 μετρίως
1653 3122 1842 3186 πολιὰς
1869 3125 2000 3176 ἀνα-

416 3181 617 3284 φέρων,
639 3181 977 3286 παραμήκης
1015 3215 1082 3270 τὰ
1123 3181 1367 3289 βλέφαρα
1389 3181 1730 3287 ’ὀλιγόχοθεη
1763 3181 1838 3268 ’τὸ⁷
1871 3215 2000 3286 περὶ
2027 3181 2073 3244 C

416 3305 686 3374 κροτάφου
709 3305 970 3377 κοίλωμα,
999 3306 1222 3370 σύννους
1254 3324 1314 3360 τε
1340 3308 1414 3371 ὡς
1447 3307 1514 3360 τὰ
1531 3306 1725 3371 πολλὰ,
1755 3308 1847 3360 καὶ
1869 3307 2001 3360 είσω

419 3397 783 3468 συνεστηκώς.
818 3399 908 3453 tS.
947 3399 1202 3464 Basilius,
1225 3410 1585 3472 cognomento
1617 3406 1860 3468 Magnus,
1884 3409 1997 3452 sta-

419 3499 536 3541 tura
562 3503 820 3557 procerus
849 3499 966 3564 erat
1000 3500 1051 3545 et
1084 3503 1293 3556 rectus,
1326 3506 1553 3560 corpore
1597 3491 1770 3554 arido,
1811 3490 1994 3545 colore

418 3581 720 3649 nigricante
737 3592 792 3638 et
812 3583 1297 3653 pallido,ingressu
1327 3583 1610 3638 moderato
1662 3597 1796 3637 naso
1827 3581 1992 3635 decli-

2099 1431 2175 1495 vi,
2211 1428 2515 1498 superciliis
2558 1429 2802 1483 incurvis
2829 1469 2844 1494 ,
2879 1430 3044 1484 oarba
3073 1428 3363 1498 promissa,
3410 1427 3674 1484 mediocri

2102 1522 2322 1586 canitie,
2367 1521 2603 1576 maxillis
2664 1521 2910 1591 oblongis
2936 1563 2952 1589 ,
3001 1523 3158 1592 genis
3191 1537 3381 1592 parum
3424 1521 3677 1590 turgenti-

2107 1617 2246 1679 bus;
2300 1625 2602 1683 temporum
2653 1613 2974 1668 concavitas
3023 1613 3368 1682 cogitabuudi
3419 1621 3580 1676 erat,
3621 1618 3679 1666 ut

2099 1721 2221 1761 esse
2275 1705 2569 1776 plurimum
2626 1704 2763 1761 solet
2821 1719 3033 1773 eorum,
3077 1705 3173 1776 qui
3209 1705 3348 1759 intra
3377 1718 3437 1759 se
3466 1702 3678 1760 collecti

2101 1808 2245 1853 sunt.

2170 1931 2322 1987 Hanc
2370 1931 2812 2003 descriptionem,
2837 1949 2902 1987 ex
2960 1948 3060 1989 ms.
3092 1931 3355 1988 Vaticano
3402 1942 3680 2002 acceptam

2099 2023 2290 2080 Petrus
2368 2024 2561 2080 Frison
2626 2025 2988 2095 praelaudatus
3050 2025 3330 2094 supposuit
3397 2021 3679 2080 vetnstiorl

2100 2117 2270 2174 solius
2315 2115 2499 2171 Basilii
2543 2117 2683 2172 iconi
2717 2157 2731 2180 ,
2783 2127 3011 2186 sumpta:
3044 2133 3111 2170 ex
3158 2125 3468 2186 pet-vetusto
3516 2114 3680 2187 Regis

2098 2207 2553 2263 Christianissimi
2595 2208 2802 2267 codice.
2845 2212 2934 2275 qui
2993 2207 3175 2277 (sicuti
3212 2207 3512 2278 ascriptum
3541 2206 3680 2276 legi-

2101 2301 2208 2371 tur)
2237 2301 2451 2356 oblatus
2488 2299 2587 2353 fuit
2616 2299 2812 2354 Basilio
2836 2298 3134 2363 Macedoni,
3169 2300 3452 2368 imperium
3490 2297 3680 2354 Orien-

2106 2394 2172 2448 tis
2209 2393 2404 2464 adepto
2435 2396 2536 2448 sub
2587 2411 2784 2448 annmn
2824 2407 3142 2447 ncccuxvtt
3176 2433 3192 2458 ,
3225 2391 3464 2461 illudque
3495 2392 3680 2448 mode-

2103 2492 2220 2538 rato
2276 2499 2447 2554 usque
2491 2484 2556 2537 ad
2583 2500 2783 2538 annum
2841 2499 3064 2537 Lxxxw.
3101 2481 3197 2535 Est
3236 2497 3365 2552 ergo
3414 2480 3681 2550 ejusmodi

2105 2574 2270 2641 icon,
2301 2589 2363 2630 ea
2418 2589 2578 2643 quam
2639 2572 2924 2628 retulimus
2974 2573 3317 2642 apparitione
3378 2573 3675 2642 antiquior,

2106 2667 2317 2721 duobus
2357 2675 2418 2720 ttt
2445 2665 2724 2719 minimum
2756 2665 2981 2734 integris
3027 2664 3400 2728 saeculis;.scd
3433 2680 3496 2716 an
3552 2664 3674 2718 ideo

2104 2761 2270 2814 etiam
2301 2760 2474 2830 magis
2526 2768 2721 2813 exacta
2777 2760 2842 2812 ad
2877 2757 3204 2811 veritatem?
3259 2756 3373 2810 Non
3404 2756 3680 2811 existimo.

2108 2851 2206 2906 Vix
2259 2852 2402 2906 enim
2468 2851 2726 2906 credibile
2772 2861 2852 2905 est
2880 2890 2894 2912 ,
2931 2861 3200 2919 sumptam
3234 2865 3355 2904 esse
3407 2865 3472 2903 cx
3505 2848 3681 2917 aliqua

2106 2961 2227 3014 qua:
2270 2943 2434 2998 fuerit
2470 2945 2535 2998 ad
2567 2945 2798 2998 viventis
2832 2944 3036 2994 vultum
3077 2955 3356 3010 expressa.
3387 2938 3444 2994 Si
3498 2949 3681 2992 autem

2111 3035 2271 3087 trium
2309 3034 2537 3088 istorum
2593 3032 2822 3086 formam
2882 3032 2961 3086 sic
3010 3031 3278 3099 expressit
3335 3029 3449 3083 suis
3504 3025 3682 3080 verbis

2105 3123 2341 3184 Joannes
2368 3125 2657 3189 Eucltaita,
2699 3122 2913 3193 qualem
2945 3129 3308 3190 conspexerat
3360 3119 3412 3172 in
3450 3118 3681 3183 visione,

2109 3218 2444 3286 lirmiterque
2469 3233 2546 3271 ea}
2569 3232 2685 3285 qua:
2710 3215 2867 3287 vulgo
2897 3214 3363 3268 circumferuntur
3389 3213 3596 3275 icoues,
3626 3219 3682 3264 et

2107 3311 2158 3364 iu
2196 3310 2411 3364 Menaeis
2437 3310 2871 3376 conspiciuntur,
2912 3308 3135 3376 propius
3169 3305 3436 3374 attingere
3482 3305 3682 3357 verita-

2106 3411 2233 3455 tem.
2270 3401 2478 3454 Placuit
2513 3401 2753 3462 interim,
2784 3407 2840 3453 et
2887 3399 3046 3452 trium
3088 3397 3314 3451 istorum
3349 3409 3415 3449 ex
3445 3392 3682 3459 Menmis,

2104 3502 2158 3548 et
2185 3493 2344 3546 unius
2381 3491 2562 3546 Basilii
2599 3491 2868 3561 propriam
2902 3505 2967 3543 ex
2997 3488 3183 3543 codice
3213 3485 3384 3557 Regio
3429 3497 3680 3557 spectan-

2109 3585 2230 3640 dam
2266 3586 2415 3639 dare.

943 4101 1226 4169 CANON
1431 4103 1508 4170 S.
1553 4101 1892 4166 BASILIO
1935 4099 2050 4163 AD
2091 4097 2316 4162 DIEM
2370 4093 2726 4159 PRIMUM
2763 4088 3170 4154 JANUARII

1821 4356 1918 4412 EX
1955 4353 2258 4411 MENEIS.

1082 4782 1217 4842 ΩΔΗ
1233 4784 1316 4842 A'.

485 4918 586 4972 Σοῦ
619 4919 719 4991 τὴν
753 4921 937 4993 φωνὴν
989 4917 1098 4974 ἔδει
1123 4921 1394 4993 παρεῖναι,
1446 4922 1717 4986 Βασίλειε,
1761 4923 1874 4984 τοῖς
1897 4921 1992 4988 ὲγ-

415 5011 641 5080 κωμίοις
695 5027 810 5064 σουο
854 5010 1010 5077 ἀλλὰ,
1060 5013 1264 5083 Πάτερ,
1321 5013 1652 5083 συγγνώμην
1694 5011 1990 5082 διδόμενος,

410 5106 508 5178 τὴν
536 5107 696 5178 χάριν
723 5106 906 5176 νέμοις
930 5103 1175 5174 ἀφθόνως
1203 5105 1355 5176 ἡμῖν.

481 5243 555 5295 Τὸ
594 5239 838 5311 ἐμπαθὲς
893 5239 1177 5311 σκίρτωμα
1214 5238 1313 5308 τῆς
1359 5237 1727 5310 τυραννούσης
1770 5239 1995 5309 σαρκὸς,

411 5335 726 5404 φιλοσοφίας
781 5333 940 5404 ἔρωτι
967 5329 1440 5400 ἐπαιδαγὼγησας·
1485 5331 1566 5384 διὸ
1595 5332 1654 5384 ὲν
1697 5331 1996 5395 ἁκτρὰτοις

410 5425 618 5490 αὐλίζει
647 5425 956 5495 βασιλείοις,
991 5423 1174 5494 Πάτερ
1196 5423 1460 5477 Βασίλειε.

480 5539 601 5593 Τῶν
626 5539 834 5609 ἀρετῶν
869 5540 932 5592 σὺ
952 5539 1050 5608 τὴν
1079 5537 1337 5610 τραχείαν
1361 5536 1583 5607 βαδίσας
1609 5536 1743 5600 ὁδὸν,
1777 5536 1870 5588 ἐπὶ
1893 5535 1994 5607 τὴν

416 5633 556 5685 λείαν
587 5631 826 5700 ἔφθασας
855 5632 950 5685 καὶ
992 5632 1352 5684 ἀστασίαστον
1396 5631 1493 5700 τὴν
1525 5631 1778 5701 οὐράνιον
1814 5628 1990 5693 Βάσιν,

416 5727 502 5779 καὶ
530 5725 694 5777 πᾶσιν
718 5723 1036 5794 ἀνοιδείχθης
1064 5723 1252 5786 τύπος,
1277 5721 1544 5775 Βασίλειε.

481 5837 559 5889 Τὰ
599 5837 696 5905 τῆς
747 5835 924 5906 ψυχῆς
981 5836 1124 5905 πάθη
1185 5836 1503 5909 χρησίμως,
1565 5835 1831 5900 Βασίλειε,
1873 5834 1989 5905 ἅμα

2026 4788 2080 4866 D,

2779 4778 2921 4840 ODE
2965 4779 3007 4837 Ι.

2173 4917 2302 4972 Tuis
2331 4918 2580 4972 laudibus
2603 4928 2702 4985 par
2721 4912 2863 4969 foret
2890 4913 3127 4984 linguam
3158 4919 3303 4968 tuam
3337 4912 3550 4977 adesse,
3583 4911 3678 4967 Ba-

2101 5011 2222 5076 sili;
2257 5027 2466 5075 verum,
2488 5009 2674 5072 Pater,
2704 5009 2911 5062 veniam
2949 5006 3256 5076 indulgens,
3287 5006 3518 5078 gratiam
3547 5006 3677 5062 abs-

2101 5117 2206 5171 que
2241 5101 2440 5155 invidia
2478 5101 2635 5155 nobis
2671 5098 2881 5154 confer.
3689 5113 3691 5115 ·

2168 5237 2524 5291 Passionibus
2579 5235 2869 5289 obnoxium
2935 5231 3120 5286 carnis
3185 5231 3444 5300 impetum
3494 5243 3678 5283 amore

2098 5329 2456 5398 philosophia:
2520 5325 2852 5396 castigavisti
2897 5332 3226 5392 :propterea
3282 5319 3677 5376 incontamina-

2108 5433 2210 5476 tam
2240 5421 2453 5476 habitas
2493 5419 2721 5488 regiam,
2752 5417 2916 5471 Pater
2947 5413 3133 5468 Basili.

2168 5537 2402 5590 Arduam
2427 5534 2687 5587 virtutum
2745 5532 3022 5602 ingressus
3073 5528 3215 5582 viam
3242 5571 3256 5592 ,
3295 5527 3360 5580 ad
3390 5526 3564 5581 levem
3615 5534 3670 5580 et

2099 5628 2547 5698 imperturbatam
2589 5626 2640 5679 in
2671 5625 2829 5678 cmlis
2861 5621 3150 5677 ascendisti
3172 5620 3563 5689 ;omnibusque
3593 5617 3672 5673 ia-

2095 5731 2214 5774 ctus
2249 5737 2306 5773 cs
2338 5734 2548 5782 norma,
2579 5717 2764 5772 Basili.

2167 5832 2268 5888 Pas
2289 5832 2478 5888 siones
2501 5832 2690 5898 animi,
2730 5829 2888 5886 simul
2923 5839 2977 5885 et
3005 5827 3250 5898 corporis
3284 5826 3459 5896 gladio
3495 5824 3670 5895 Spiri-
