4076 6226
445 289 650 365 οεέιοιι

1795 312 2305 370 PROLEGOMENA

450 430 588 481 simo
621 424 847 496 alboque
874 428 1020 484 vultu
1051 468 1068 494 ,
1095 430 1264 486 oculis
1293 434 1449 487 cavis
1477 442 1531 487 et
1554 433 1813 489 bulbosis.
1869 434 1999 489 Hinc

2110 436 2409 507 μυκτῆρας,
2440 436 2743 507 ὡχρότατος
2786 437 2920 510 μετὰ
2958 439 3050 492 τοῦ
3075 436 3288 502 λευκοῦ,
3324 440 3532 504 κοίλους
3549 419 3680 501 τούς

445 519 629 585 flebat,
662 529 715 575 ut
747 522 862 590 ejus
889 530 1136 589 aspectus
1169 523 1434 579 reniteret
1453 526 1761 595 gratiosior,
1792 525 2002 581 etiamsi

447 610 601 666 triste
621 611 819 681 aliquid
848 612 1049 682 reliqua
1074 612 1244 669 forma
1271 632 1380 685 pra:
1407 633 1465 672 se
1491 618 1677 674 ferret.
1709 619 1838 673 Erat
1865 620 2003 673 nuda

445 715 747 772 magnaque
799 701 977 759 fronte
1024 714 1079 760 et
1129 707 1312 762 multis
1361 718 1609 778 perarata
1664 711 1843 778 rugis;
1891 726 2005 763 am-

447 793 546 862 plis
579 792 705 849 item
735 796 981 862 auribus,
1017 798 1112 853 sed
1138 799 1300 854 barba
1333 801 1476 855 tenui
1523 810 1577 856 et
1618 803 1891 856 rarissima
1916 818 2000 857 ea-

447 884 641 955 nisque
672 886 798 956 pilis
827 890 1155 944 veneranda.
1181 890 1422 947 Maxillas
1452 893 1684 948 habebat
1708 895 2000 948 introrsum

446 975 772 1047 depressas,
824 996 934 1049 pne
966 982 1290 1053 rigidissima
1321 1025 1337 1050 ,
1386 1000 1493 1054 qua
1548 1000 1606 1038 se
1659 985 2001 1051 maeerabat,

445 1067 645 1124 inedia.
678 1070 792 1127 Hoc
832 1088 958 1128 vero
988 1089 1206 1130 necesse
1235 1085 1315 1130 est
1358 1076 1424 1129 de
1489 1091 1554 1131 eo
1587 1078 1768 1132 dicere
1801 1118 1815 1142 ,
1859 1079 2000 1145 quod

444 1160 697 1218 omnibus
748 1164 912 1218 etiam
958 1165 1177 1221 Graecia:
1224 1166 1553 1238 sapientibus
1585 1167 1957 1227 antecelluerit
1986 1210 2000 1233 ,

447 1257 559 1305 tum
582 1252 826 1320 scientia,
847 1265 956 1337 tum
984 1258 1216 1312 maxime
1244 1261 1529 1330 cegitandi
1559 1251 1825 1327 acumine,
1859 1260 2005 1315 ﬂori-

448 1342 621 1411 doquc
643 1360 839 1414 genere
860 1347 1071 1403 dicendi
1101 1365 1115 1404 :
1146 1349 1451 1406 laudandus
1489 1353 1650 1407 etiant
1684 1353 1824 1422 quod
1853 1353 2003 1407 codi-

448 1448 539 1488 ces
562 1450 748 1491 saeros
782 1445 928 1492 tanta
962 1438 1329 1508 explanaverit
1354 1441 1601 1497 claritate
1634 1453 1831 1510 quanta
1862 1442 2001 1496 alio-

446 1540 566 1579 rum
629 1542 843 1595 nemo;
890 1530 1139 1599 quodque
1201 1531 1276 1587 ita
1346 1533 1613 1587 studuerit
1667 1532 2007 1603 promulgare

446 1616 830 1689 Evangelium,
861 1630 919 1675 ut
964 1622 1069 1676 nisi
1112 1621 1303 1679 fuisset
1357 1625 1443 1679 hic
1483 1634 1703 1680 sanctus
1731 1625 1878 1695 (licet
1904 1625 2005 1679 hoc

448 1709 649 1763 dictum
684 1711 929 1767 videatur
967 1714 1379 1786 confidentius),
1411 1730 1545 1786 opus
1597 1715 1790 1771 fuisset
1838 1716 2006 1771 altero

443 1798 522 1855 Cb
542 1800 655 1855 risti
687 1802 739 1857 in
777 1811 948 1859 terras
985 1805 1218 1861 adventu
1258 1825 1272 1861 :
1313 1822 1484 1875 usque
1528 1809 1664 1862 adeo
1693 1816 1746 1861 et
1773 1808 1999 1871 virtute,

443 1902 498 1946 et
522 1893 732 1948 virtutis
762 1896 1175 1965 exercitatione,
1209 1906 1264 1951 et
1295 1898 1753 1953 commentatione
1795 1898 2004 1952 divina-

446 1997 563 2035 rum
600 1998 777 2038 rerum
829 1985 1119 2054 praestabat
1146 1988 1380 2041 caeteris.
1431 1986 1575 2043 Fons
1608 1989 1767 2043 etiam
1800 1988 2004 2044 miseri-

445 2074 649 2128 cordiae
678 2084 732 2128 et
756 2076 1037 2132 charitatis
1061 2089 1401 2146 nuncupatus
1429 2078 1551 2135 fuit.
1579 2077 1646 2132 Et
1675 2089 1843 2142 certe,
1893 2078 2002 2133 sic-

445 2174 501 2217 ut
529 2164 762 2234 fulgebat
796 2167 1054 2234 doctrina,
1107 2169 1180 2222 ita
1220 2170 1382 2223 etiam
1433 2170 1653 2225 ardebat
1690 2170 1804 2225 zelo
1846 2179 1899 2224 et
1929 2170 2004 2222 in-

447 2256 691 2310 credibili
725 2272 851 2325 erga
875 2259 1178 2328 proximum
1212 2261 1495 2315 charitate.
1524 2260 1670 2315 Vixit
1693 2275 1862 2315 annos
1890 2269 2002 2315 tres

441 2358 603 2412 supra
629 2349 993 2419 sexaginta,et
1013 2365 1103 2405 sex
1130 2351 1445 2421 gubernavit
1464 2351 1660 2406 Christi
1686 2352 1999 2406 Eeclesiam.

438 2451 461 2474 ἰ
511 2437 733 2510 Magnus
775 2440 1005 2498 Basilius
1031 2482 1048 2509 ,
1083 2443 1264 2497 habitu
1326 2444 1567 2513 corporis
1595 2483 1610 2509 ,
1637 2444 1718 2497 sin
1776 2444 1998 2498 multam

436 2534 814 2600 proceritatem
849 2544 1043 2591 erectae
1098 2535 1281 2606 figura!
1323 2537 1656 2592 exeurrebat.
1713 2536 1841 2590 Erat
1899 2536 1999 2591 sie-

439 2636 535 2677 cus
582 2632 636 2677 et
674 2625 1007 2692 macilentus,
1065 2611 1215 2693 niger
1266 2626 1471 2691 colore,
1538 2627 1739 2696 pallore
1791 2636 1996 2696 tempe-

436 2724 588 2769 ratus
630 2715 844 2781 faciem,
879 2718 1136 2784 praeditus
1179 2719 1372 2773 decoro
1405 2733 1535 2773 naso
1556 2728 1610 2773 et
1636 2718 1997 2773 circumﬂexis

438 2805 504 2859 ad
547 2806 811 2876 hirquum;
845 2809 1180 2875 superciliis;
1223 2810 1274 2863 in
1310 2810 1510 2865 vertice
1544 2810 1900 2876 contractior;
1932 2810 2000 2863 si-

444 2896 595 2967 milislI
625 2899 1006 2969 cogitabundo,
1035 2900 1275 2969 pauculis
1308 2901 1361 2955 in
1391 2899 1565 2954 fronte
1597 2900 1744 2969 rugis
1777 2915 1986 2968 capera-

436 3003 562 3055 tus;
597 2990 767 3044 malas
811 2989 1090 3059 oblongus,
1122 3005 1285 3045 cavus
1313 2999 1578 3059 tempora,
1612 3006 1765 3045 rasus
1794 2989 1906 3045 fere
1929 2990 1994 3043 ad

438 3092 635 3147 cutem,
661 3082 885 3137 barbam
918 3084 1192 3149 nutriens,
1219 3097 1447 3152 eamque
1488 3083 1622 3138 satis
1673 3083 1992 3151 promissam
2024 3122 2065 3178 ϐ

438 3188 502 3227 ac
554 3173 903 3228 semicanam.
936 3174 1173 3228 Anteivit
1211 3174 1426 3244 ingenio
1450 3215 1466 3240 ,
1502 3189 1605 3228 non
1660 3182 1867 3227 tantum
1928 3173 1994 3226 iis

436 3262 529 3333 qui
571 3277 690 3326 suo,
720 3277 908 3317 verum
964 3264 1125 3316 etiam
1153 3265 1241 3332 qui
1270 3262 1448 3317 multis
1485 3248 1610 3317 a'nte
1662 3261 1877 3317 saeculis
1904 3261 2000 3317 [lo-

437 3367 595 3412 ruere
625 3371 641 3408 :
678 3353 874 3423 quippe
911 3367 1031 3408 cum
1062 3368 1158 3422 per
1183 3368 1372 3411 omnes
1401 3353 1652 3423 pulchras
1690 3353 1874 3407 ivisset
1912 3368 1998 3406 ar-

439 3453 538 3508 tes,
571 3444 624 3499 in
648 3460 972 3514 unaquaque
1001 3445 1361 3516 principatum
1394 3446 1590 3511 tenuit;
1616 3445 1793 3500 minus
1819 3456 1995 3500 autem

435 3549 555 3590 sese
587 3537 872 3592 exercebat
900 3536 954 3590 in
997 3536 1330 3607 philosophia
1351 3577 1367 3605 ,
1396 3538 1528 3592 satis
1559 3538 1763 3592 habens
1829 3551 1888 3593 se
1932 3551 1995 3590 ea

436 3624 574 3679 duce
624 3625 691 3680 ad
738 3640 917 3680 rerum
948 3625 1253 3681 divinarum
1308 3628 1816 3696 contemplationem
1876 3641 1995 3681 esse

445 3725 861 3784 transgressum.
889 3718 968 3773 Ad
994 3720 1189 3773 summi
1221 3701 1505 3774 sacerdotii
1544 3720 1734 3773 solium
1779 3730 1996 3775 evectus

434 3817 519 3862 est
545 3809 896 3879 quadraginta
927 3823 1099 3866 annos
1130 3819 1305 3876 natus,
1345 3820 1399 3865 et
1429 3794 1663 3880 quinque
1698 3810 1854 3865 annis
1902 3810 1996 3865 Ec.

435 3901 609 3955 clesiae
631 3902 904 3971 prazsedit.

505 4012 669 4067 Divus
729 4013 1025 4083 Gregorius
1079 4015 1381 4084 Theologus
1447 4025 1654 4070 statura
1715 4015 1814 4071 fuit
1879 4030 1987 4071 me-

440 4103 639 4156 diocris
669 4143 684 4167 ,
711 4105 1044 4173 subpallidus
1070 4145 1084 4170 ,
1123 4104 1515 4172 aliquantulum
1564 4105 1836 4184 gratiosus
1863 4144 1878 4169 ,
1915 4106 1993 4159 sio

437 4210 578 4262 mus,
610 4196 772 4250 rectis
821 4206 1045 4252 ornatus
1098 4197 1449 4266 superciliis,‘
1474 4206 1693 4267 aspectu
1741 4197 1887 4251 mitis
1941 4206 1992 4250 et

434 4287 678 4357 placidus
706 4328 722 4352 ,
757 4289 1034 4345 subtristis
1086 4290 1259 4344 altero
1312 4291 1468 4345 oculo
1499 4290 1566 4362 (is
1615 4298 1732 4344 erat
1780 4290 2030 4367 dextera

434 4394 594 4447 quem
641 4370 949 4437 tubéreulus
976 4382 1119 4436 circa
1166 4382 1420 4452 birquum
1468 4383 1857 4449 contraxerat),
1886 4397 1990 4435 non

2108 526 2338 596 κόγχους
2369 527 2475 580 τῶν
2503 527 2793 599 ὀφθαλμῶν
2819 530 2977 601 ἔχων,
3014 531 3105 584 καί
3123 530 3333 601 βολϐοῖς
3352 530 3556 585 τούτων
3584 549 3679 585 κε-

2106 635 2210 689 χρη
2220 618 2374 687 μένος
2401 618 2672 687 μεγάλοις·
2704 621 2787 689 ἐφ’
2816 616 2897 683 οἷς
2939 622 3030 675 καὶ
3064 621 3363 688 συνέϐαινε,
3394 622 3676 694 χαριέστε-

2111 725 2200 778 ρον
2232 712 2351 771 ταῖς
2389 710 2574 780 ὄψεσιν
2596 710 2961 776 ἀποστίλϐειν,
2996 713 3045 763 εί
3077 713 3168 765 καὶ
3208 712 3285 783 τῷ
3314 712 3484 783 λοιπῷ
3503 732 3679 785 χαραο

2108 800 2270 869 κτῆρι
2297 800 2386 853 τὸν
2411 800 2706 871 ἀχθόμενον
2740 802 3060 872 παρεδήλου·
3087 803 3241 872 ψιλὸς
3284 805 3378 858 καὶ
3418 805 3588 875 μέγας
3616 805 3678 858 τὸ

2111 890 2380 960 μέτωπον,
2412 892 2504 943 καὶ
2532 891 2751 954 πολλαῖς
2791 892 2960 961 βολίσι
2992 895 3422 965 κεχαραγμένος·
3440 890 3554 948 ὦτα
3578 912 3677 947 πε-

2110 981 2408 1049 ρικείμενος
2443 980 2673 1050 μεγάλα,
2710 982 2801 1033 καὶ
2827 982 2887 1034 τὸ
2916 982 3124 1050 γένειον
3151 983 3343 1053 μικρὸν
3368 985 3461 1037 καὶ
3492 985 3680 1054 ἀραιό-

2105 1088 2264 1124 τατον
2301 1072 2404 1124 ὐπὸ
2434 1073 2650 1135 πολιαῖς
2671 1074 2790 1134 ταῖς
2813 1071 2986 1143 θριξὶν
3015 1073 3270 1137 ὲξανθῶν·
3293 1076 3388 1138 τὰς
3419 1077 3676 1143 σιαγόνας

2110 1164 2477 1233 πεπιεσμένας
2494 1165 2622 1216 εἴσω
2648 1162 2805 1233 ἔχων,
2825 1167 2889 1233 τῇ
2908 1165 3130 1236 νηστείᾳ
3163 1167 3243 1228 είς
3274 1165 3334 1218 τὸ
3354 1166 3670 1237 ἀκρότατον.

2110 1256 2375 1309 Τοσοῦτον
2404 1256 2458 1309 δὲ
2487 1257 2615 1327 περὶ
2655 1254 2817 1309 αὐτοῦ
2846 1256 3144 1323 ἀναγκαῖον
3175 1257 3369 1320 εἰπεῖν,
3401 1257 3483 1309 ὅτι
3533 1256 3678 1327 λόγῳ

2109 1349 2313 1411 πάντας
2340 1349 2431 1401 καὶ
2461 1349 2586 1410 τοὺς
2614 1350 2744 1419 παρ’
2773 1347 2995 1418 Ἕλλησι
3027 1349 3225 1417 σοφοὺς
3255 1348 3547 1421 ὑπερῆρεν,
3582 1349 3674 1413 ἐξ·

2108 1441 2337 1513 αιρέτως
2382 1440 2436 1492 δὲ
2487 1440 2753 1509 δεινότητι
2790 1443 2854 1511 τῇ
2887 1442 3005 1494 κατ’
3036 1440 3261 1503 ἔννοιαν,
3296 1441 3390 1495 καὶ
3432 1439 3510 1511 τῷ
3545 1440 3675 1511 λείῳ

2108 1535 2201 1587 καὶ
2224 1533 2443 1603 ἀνθηρῷ
2471 1534 2566 1602 τῆς
2600 1533 2873 1604 φράσεως·
2908 1534 2987 1596 είς
3036 1532 3286 1586 τοσοῦτον
3312 1532 3369 1585 δὲ
3398 1534 3495 1602 τὴν
3523 1533 3674 1586 θείαν

2108 1625 2327 1697 Γραφὴν
2374 1625 2720 1696 ἐσαφήνισεν,
2761 1624 2835 1688 ὡς
2876 1625 2983 1677 τῶν
3012 1624 3189 1679 ἄλλων
3222 1625 3416 1689 οὐδείς·
3447 1626 3541 1679 καὶ
3568 1627 3675 1679 ὑπὸ

2110 1715 2185 1785 τῷ
2207 1715 2539 1786 εὐαγγελικῴ
2562 1714 2873 1786 κηρύγματι
2914 1714 3274 1779 συνετέλεσεν,
3300 1715 3375 1778 ὡς
3409 1717 3456 1767 εί
3486 1717 3558 1786 μὴ
3605 1712 3675 1786 ἦν

2109 1800 2260 1871 οὗτος
2282 1810 2310 1859 ὁ
2339 1807 2523 1875 ’Ἄγιος
2549 1808 2617 1875 (εἰ
2636 1808 2727 1858 καὶ
2744 1805 3017 1877 τολμηρὸν
3042 1806 3250 1876 φάναι),
3269 1806 3375 1859 ἔδει
3396 1807 3555 1861 πάλιν
3580 1808 3673 1859 ἐπὶ

2109 1897 2211 1966 γῆς
2241 1896 2496 1969 δευτέραν
2520 1896 2612 1949 τοῦ
2630 1897 2863 1969 Χριστοῦ
2888 1899 3187 1968 παρουσίαν
3219 1898 3490 1967 γενέσθαι⁸
3510 1900 3590 1961 εἰς
3613 1900 3671 1953 δὲ

2110 1987 2309 2058 ἀρετὴν
2339 1988 2433 2041 καὶ
2448 1988 2642 2058 πρᾶξιν
2672 1988 2767 2040 καὶ
2798 1988 3029 2060 θεωρίαν
3052 1989 3304 2054 τοσοῦτος
3339 1990 3573 2058 ἐγένετο,
3594 1991 3668 2054 ὡς

2108 2080 2202 2133 καὶ
2244 2081 2448 2143 πάντας
2481 2080 2646 2151 ἄρδην
2682 2080 3097 2152 ὑπερϐαλέσθαι·
3153 2082 3519 2153 ὲλεημοσύνης
3578 2084 3667 2136 καὶ

2107 2173 2322 2244 ἀγάπης
2350 2173 2688 2243 χρηματίσας
2719 2174 2887 2243 πηγὴ,
2929 2175 3021 2226 καὶ
3053 2173 3209 2247 ζῆλος
3252 2176 3525 2247 ἄντικρυς,
3554 2175 3672 2244 φιλ-

2106 2264 2328 2335 αδελφία
2351 2282 2407 2317 τε
2448 2265 2540 2317 καὶ
2563 2264 2895 2337 διδασκαλίᾳ.

2185 2440 2243 2493 '0
2291 2440 2347 2493 δὲ
2412 2440 2584 2511 μέγας
2608 2439 2882 2503 Βασίλειος
2931 2434 2997 2510 ἦν
3041 2439 3138 2509 τὴν
3192 2438 3341 2493 θέσιν
3372 2430 3489 2491 ’τοῦ
3566 2437 3670 2490 σώ-

2108 2549 2272 2603 ματος
2298 2534 2375 2595 είς
2406 2532 2539 2586 πολύ
2570 2533 2762 2602 μῆκος,
2791 2532 2884 2584 ἐπὶ
2905 2530 2997 2584 τοῦ
3028 2531 3207 2602 ὀρθίου
3243 2535 3517 2602 σχήματος
3540 2532 3669 2584 ἀνα-

2103 2620 2343 2693 δραμὼν,
2399 2622 2560 2693 ξηρὸς
2608 2623 2701 2675 καὶ
2732 2623 3111 2695 λειπόσαρκος,
3166 2621 3331 2693 μέλας
3360 2620 3419 2674 τὸ
3442 2620 3660 2691 χρῶμα,

2102 2712 2367 2783 ὠχρότητι
2412 2713 2473 2765 τὸ
2517 2714 2804 2784 πρόσωπον
2868 2714 3192 2786 σύγκρατος,
3246 2713 3549 2783 ὲπίρῤινος,
3590 2716 3670 2776 είς

2102 2804 2297 2858 κύκλον
2325 2804 2421 2867 τὰς
2458 2804 2627 2875 ὀφρῦς
2661 2806 3044 2876 περιηγμένος,
3097 2804 3157 2857 τὸ
3191 2806 3503 2875 ὲπισκήνιον
3543 2822 3668 2857 συν-

2102 2897 2376 2960 εσπακὼς,
2413 2897 2771 2969 φροντιστικῷ
2820 2896 3029 2960 ἐοικὼς,
3067 2896 3271 2966 ὀλίγαις
3300 2897 3358 2950 τὸ
3382 2896 3668 2967 πρόσωπον

2101 2991 2411 3060 ἀμαρυγαίς
2439 2988 2646 3060 ῥυτιδού
2658 3006 2833 3059 μενος,
2856 2990 3130 3059 ἐπιμήκης
3155 2988 3253 3051 τὰς
3279 2987 3525 3058 παρείας,
3559 2988 3670 3038 κοῖα

2101 3080 2188 3145 λος
2240 3082 2364 3143 τοὺς
2413 3080 2738 3151 κροτάφους,
2773 3082 2953 3152 ἡρέμα
2988 3081 3125 3152 ἔχων
3162 3082 3220 3132 έν
3262 3079 3378 3150 χρῷ
3423 3078 3665 3149 κουρίας,

2099 3172 2195 3242 τὴν
2229 3173 2439 3242 ὑπήνην
2462 3171 2772 3242 ἀρκούντως
2799 3173 3138 3244 καθειμένος,
3173 3173 3268 3224 καὶ
3298 3169 3665 3242 μεσαιπόλιος.

2099 3258 2261 3326 Οὗτος
2295 3265 2352 3314 ἐν
2388 3262 2562 3332 λόγοις
2589 3264 2646 3315 οὐ
2691 3263 2847 3333 μόνον
2877 3265 3001 3327 τοὺς
3033 3264 3154 3317 κατ’
3188 3263 3369 3325 αὐτὸν,
3402 3260 3537 3314 ἀλλά
3566 3261 3665 3314 καί

2096 3353 2221 3415 τοὺς
2248 3351 2506 3415 παλαιοὺς
2544 3352 2862 3424 ὑπερέϐαλε·
2895 3351 2986 3405 διὰ
3015 3351 3123 3423 γὰρ
3140 3352 3318 3421 πάσης
3342 3349 3511 3403 ἐλθὼν
3543 3367 3668 3402 παι-

2095 3441 2347 3506 δεύσεως,
2399 3443 2458 3495 ὲν
2512 3444 2716 3516 ἑκάστῃ
2744 3444 2804 3495 τὸ
2841 3444 3041 3515 κράτος
3068 3442 3353 3513 ἐκτήσατο·
3382 3443 3479 3512 οὐχ
3505 3436 3667 3513 ἧττον

2096 3533 2149 3587 δὲ
2202 3534 2299 3604 τὴν
2346 3533 2432 3586 διὰ
2471 3533 2719 3604 πράξεως
2766 3535 3012 3604 ἀσκήσας
3063 3531 3396 3601 φιλοσοφίαν,
3448 3533 3541 3585 καὶ
3578 3531 3666 3586 διὰ

2095 3625 2298 3694 ταύτης
2324 3626 2388 3694 τῇ
2424 3623 2625 3695 θεωρίᾳ
2654 3623 2759 3676 τῶν
2788 3623 2954 3677 ὄντων
2985 3622 3217 3694 προϐάς.
3274 3623 3395 3675 Ἐπὶ
3430 3622 3520 3675 τὸν
3544 3621 3666 3692 θρό-

2095 3732 2185 3767 νον
2213 3715 2312 3784 τῆς
2334 3714 2742 3785 ἀρχιερωσύνης
2775 3715 2983 3785 ἀνήχθη
3022 3713 3429 3785 τεσσαράκοντα
3460 3713 3664 3784 χρόνων

2094 3808 2402 3877 γενόμενος,
2441 3809 2531 3861 ἐπὶ
2577 3808 2736 3861 πέντε
2785 3808 2928 3860 ἔτεσι
2986 3809 3083 3876 τῆς
3147 3806 3471 3878 Ἐκκλησίας
3527 3822 3661 3876 προ-

2096 3914 2244 3961 στας,

2176 4010 2234 4063 '0
2302 4009 2358 4063 δὲ
2411 4009 2551 4079 ἱερὸς
2593 4008 2888 4081 Γρηγὸριος
2939 4009 2967 4061 ὁ
3024 4009 3317 4078 Θεολόγος,
3378 4007 3519 4063 κατά
3571 4009 3663 4062 τὸν

2095 4099 2262 4153 τύπον
2303 4099 2403 4170 τῆς
2428 4099 2643 4170 ἡλικίας
2688 4099 2779 4152 τοῦ
2809 4098 3076 4170 σώματος,
3115 4100 3378 4171 ὲτύγχανε
3422 4099 3659 4171 μέτριος,

2096 4187 2367 4259 ὕπωχρος,
2400 4186 2574 4258 βραχῦ
2611 4187 2749 4257 μετά
2786 4188 2879 4241 τοῦ
2908 4189 3209 4259 χαρίεντος,
3242 4188 3421 4259 σιμὸς,
3464 4188 3551 4240 ἐπ’
3575 4190 3664 4241 εὐ-

2096 4278 2242 4341 θείας
2270 4277 2367 4341 τάς
2398 4280 2569 4350 ὀφρῦς
2593 4278 2752 4348 ἔχων,
2781 4280 2984 4350 ἥμερον
3005 4279 3215 4350 βλέπων
3245 4280 3338 4333 καὶ
3375 4280 3658 4353 προσηνές

2098 4370 2322 4444 θάτερον
2373 4370 2482 4424 τῶν
2524 4370 2837 4442 ὀφθαλμῶν,
2878 4372 2937 4436 ὃς
2966 4367 3034 4443 ἦν
3069 4371 3261 4436 δεξιὸς,
3310 4372 3662 4445 στυγνότερον

435 4468 660 4539 prolixe,
692 4471 783 4524 sed
818 4472 979 4525 dense
1009 4472 1297 4537 barbatus;
1329 4471 1482 4525 valde
1530 4470 1733 4535 calvus,
1783 4471 1990 4540 capillis

2101 4461 2450 4532 κεκτημένος,
2509 4460 2567 4513 ὃν
2604 4461 2732 4532 οὐλὴ
2763 4461 2904 4514 κατὰ
2946 4463 3036 4515 τὸν
3074 4461 3270 4515 κανθὸν
3316 4462 3542 4531 συνῆγεν
3572 4462 3662 4515 τὸν

433 4558 716 4623 candidus,
751 4560 1007 4614 extremis
1040 4561 1222 4615 barbae
1254 4562 1380 4630 pilis
1443 4561 1722 4630 subniger,
1750 4570 1804 4613 et
1838 4560 1991 4629 quasi

439 4650 752 4705 infamatus.
807 4651 920 4705 Hoc
951 4666 1081 4706 vero
1113 4652 1329 4721 dignum
1364 4662 1449 4705 est
1474 4652 1614 4719 quod
1644 4652 1711 4706 de
1740 4651 1830 4705 illo
1853 4652 1993 4705 dica-

437 4753 522 4797 tur
555 4763 568 4794 :
596 4742 737 4811 quod
769 4783 784 4809 ,
831 4743 877 4796 si
936 4743 1056 4812 quis
1095 4758 1157 4797 ex
1198 4743 1408 4811 integro
1460 4741 1736 4796 hominum
1794 4756 1992 4811 genere

435 4832 809 4901 pr0ponendus
836 4842 998 4895 esset,
1024 4842 1273 4901 tauquam
1300 4833 1476 4902 imago
1503 4831 1680 4900 aliqua
1712 4840 1765 4886 et
1787 4830 1990 4902 eﬂigies

434 4922 889 4989 simulacrumque
931 4923 1188 4999 virtutum
1213 4923 1452 4976 omnium
1474 4964 1488 4988 ,
1523 4923 1567 4976 is
1601 4932 1743 4977 esset
1770 4911 1993 4991 Magnus

433 5013 754 5084 Gregorius;
793 5023 975 5082 utpote
1018 5012 1108 5081 qui
1164 5012 1447 5081 splendore
1494 5013 1622 5067 vita:
1674 5013 1991 5082 probatissi-

430 5121 573 5158 mmn
617 5118 884 5173 quemque
945 5104 1255 5173 longissime
1319 5104 1564 5168 anteivit,
1615 5105 1666 5155 in
1722 5104 1989 5175 theologia

431 5179 634 5250 multum
665 5195 920 5278 pr_ofeeit,
959 5204 1017 5248 ut
1064 5211 1251 5249 omnes
1289 5196 1537 5248 habuerit
1565 5194 1848 5249 inferiores
1874 5239 1887 5256 ,
1936 5205 1991 5251 et

428 5286 689 5354 elegantia
722 5284 1009 5347 sermonis,
1035 5294 1085 5336 et
1119 5285 1509 5337 sententiarum
1539 5284 1826 5351 gravitate,
1847 5284 1986 5336 umle

426 5388 481 5429 et
515 5362 773 5446 T'heologi
818 5390 1109 5445 cognomen
1145 5375 1367 5428 invenit.
1407 5374 1816 5427 Administravit
1842 5372 1983 5426 Ct)"—

436 5468 961 5537 stautinopolilanam
998 5467 1291 5522 Ecclesium
1330 5466 1608 5519 duodecim
1648 5467 1824 5530 anuis,
1855 5466 1990 5519 vixit

428 5567 607 5609 autem
635 5559 859 5624 amplius
888 5559 1180 5627 octoginta.

511 5730 709 5784 Horum
783 5733 939 5785 trium
1017 5735 1361 5795 onmiumque
1429 5745 1737 5789 sanctorum
1796 5735 1989 5797 depre-

2095 4553 2331 4621 πώγωνα
2358 4553 2418 4606 οὐ
2438 4552 2624 4623 βαθὺς,
2657 4552 2823 4615 δασὺς
2846 4552 2903 4605 δὲ
2936 4553 3023 4621 ἐπ’
3064 4552 3300 4618 εὐθείας,
3334 4554 3532 4614 ἱκανῶς
3562 4571 3667 4621 (pat-

2098 4644 2317 4715 λακρὸς,
2339 4644 2527 4707 λευκὸς
2549 4647 2668 4707 ταῖς
2705 4642 2868 4714 θριξὶ,
2900 4643 2967 4697 τὰ
2999 4643 3144 4714 ἄκρα
3163 4645 3262 4714 τῆς
3288 4644 3563 4712 γενειάδος
3589 4644 3674 4706 ὡς.

2095 4737 2630 4808 περικεκαπνισμένα
2666 4735 2995 4805 ὑποφαίνων.
3032 4735 3203 4788 Τοῦτο
3249 4735 3303 4788 δὲ
3332 4736 3503 4788 εἰπεῖν
3537 4737 3667 4806 περὶ·

2094 4827 2256 4880 αὐτοῦ
2285 4826 2454 4893 ἀξιον,
2484 4827 2571 4879 ὅτι
2593 4827 2641 4879 εἰ
2666 4824 2772 4877 ἔδει
2798 4823 3045 4891 γενέσθαι
3069 4825 3126 4876 ὲν
3143 4821 3449 4892 ἀνθρώποις
3479 4823 3661 4877 εἰκόνα

2092 4920 2215 4973 τινὰ
2247 4920 2340 4972 καὶ
2388 4919 2587 4988 στήλην
2620 4918 2761 4971 κατά
2814 4918 2996 4988 μέρος,
3035 4919 3098 4969 ὲκ
3152 4914 3340 4967 πασῶν
3375 4914 3661 4985 συγκειμέ-

2093 5027 2190 5080 νην
2230 5009 2459 5081 ἀρετῶν,
2494 5008 2650 5062 τοῦτο
2672 5005 2739 5080 ἦν
2763 5011 2791 5062 ὁ
2821 5010 2992 5079 μέγας
3021 5007 3338 5078 Γρηγόριος,
3368 5005 3480 5076 βίου
3520 5005 3662 5076 λαμ-

2095 5101 2319 5171 πρότητι
2372 5102 2498 5162 τοὺς
2542 5099 2679 5153 κατά
2726 5098 2922 5168 πρᾶξιν
2968 5096 3286 5166 εὐδοκίμους
3317 5095 3659 5165 ὑπερϐαλών.

2106 5193 2228 5244 Ἐπὶ
2254 5192 2503 5244 τοσοῦτον
2532 5189 2810 5257 θεολογίας
2857 5187 3127 5259 προήχθη,
3151 5188 3226 5250 ὼς
3264 5186 3471 5249 πάντας
3495 5187 3664 5257 ἡττᾶ-

2098 5281 2219 5335 σθαι
2246 5283 2344 5351 τῆς
2390 5282 2581 5350 σοφίας
2604 5280 2791 5339 αὐτοῦ,
2826 5280 2924 5349 τῆς
2954 5296 3010 5331 τε
3044 5279 3102 5330 ὲν
3129 5276 3324 5346 λόγοις,
3352 5277 3452 5345 τῆς
3494 5294 3553 5330 τε
3604 5279 3663 5330 ἐν

2091 5371 2371 5441 δόγμασιν,
2399 5372 2519 5423 ὅθεν
2553 5372 2645 5423 καὶ
2676 5369 2771 5441 τὴν
2821 5369 3078 5436 Θεολόγος
3103 5367 3470 5439 προσηγορίαν
3503 5369 3660 5437 ἐκτή-

2095 5480 2242 5516 σατο·
2268 5464 2509 5535 προέστη
2532 5463 2588 5515 δὲ
2616 5463 2711 5516 καὶ
2753 5461 2855 5531 τῆς
2882 5458 3499 5521 Κωνσταντινουπόλεως
3540 5458 3660 5511 Ἐκ-

2096 5554 2317 5625 κλησίας
2344 5556 2567 5627 χρόνους
2589 5554 2811 5617 δώδεκα,
2839 5553 2979 5623 ὑπὲρ
3008 5550 3074 5605 τὰ
3102 5551 3424 5619 ὀγδοήκοντα
3453 5550 3546 5619 ἔτη
3570 5566 3661 5617 γε·-

2092 5646 2327 5715 νόμενος.

2166 5736 2284 5788 Τῶν
2340 5736 2499 5790 τοιῶν
2563 5738 2757 5788 τούτων
2819 5731 3149 5798 πρεσϐείαις,
3214 5734 3407 5787 Χοιστὲ
3456 5734 3483 5785 ὁ
3530 5731 3663 5794 Θεὸς
