4076 6226
1661 405 1891 462 CANON
1929 403 2019 459 DE
2057 403 2115 460 s.
2153 383 2440 461 BASILIO.

3432 423 3663 468 εςςιοιιι

409 511 580 581 ἡμῶν,
641 515 738 568 καὶ
793 517 1014 573 πάντων
1063 521 1170 574 τῶν
1200 522 1392 590 ἁγίων,
1429 522 1526 588 τὰς
1568 524 1676 577 τῶν
1719 525 1982 596 αἱρέσεων

2091 525 2321 592 catione,
2361 523 2578 580 Christe
2652 527 2795 582 Deus
2842 537 3047 595 noster,
3103 530 3368 585 haeresum
3435 529 3664 583 insolen-

405 603 797 672 ἐπαναστάσεις
846 611 1140 676 κατάϐαλε,
1186 614 1281 668 καὶ
1318 617 1466 686 ἡμᾶς
1507 617 1567 668 ὲν
1615 619 1839 687 ὁμονοίᾳ
1889 617 1983 670 καὶ

403 698 648 770 εἰρηνικῇ
685 705 1014 758 καταστάσει
1064 707 1412 777 διαφύλαξον,
1467 711 1562 763 καὶ
1603 709 1702 781 τῆς
1727 709 1981 781 οὐρανίου

405 805 496 842 σου
528 789 804 859 βασιλείας
826 795 1077 865 ἀξίωσον,
1107 799 1188 852 ὅτι
1215 799 1504 872 εὐλογητὸς
1532 796 1583 854 εῐ
1609 804 1687 866 εἰς
1716 803 1841 864 τοὺς
1856 799 1984 853 αἰῶ-

403 895 498 943 νας
517 880 624 936 τῶν
648 883 880 940 αἰώνων.
923 889 1112 959 Ἀμήν.

2089 617 2218 670 tiam
2258 631 2570 686 compesce,
2593 626 2648 672 et
2678 633 2782 674 nos
2821 618 2876 676 in
2928 621 3218 676 concordia
3258 621 3494 691 atquein
3521 621 3662 691 paci-

2087 705 2187 762 tlca
2242 707 2636 776 tranquillitate
2692 712 2943 780 custodi,
2991 727 3054 768 ac
3107 711 3312 768 caelesti
3353 721 3447 767 tuo
3496 705 3665 780 regite

2089 799 2342 866 dignare,
2379 816 2500 856 cum
2537 802 2614 858 sis
2649 803 2964 861 benedictus
3009 805 3061 860 in
3095 804 3288 861 sarcula
3316 804 3660 861 sazculorutn.

2085 889 2279 943 Amen.

1753 1156 2125 1216 ANNOTATA
2152 1161 2212 1218 D.
2243 1161 2304 1217 P.

470 1425 690 1497 Triplici
744 1427 832 1483 isti
878 1428 986 1497 jam
1043 1429 1332 1499 propositae
1403 1426 1753 1498 descriptioni
1793 1425 1982 1480 forma:

403 1518 770 1588 cujuscunque
795 1559 810 1579 ,
842 1535 906 1573 eo
946 1519 1081 1574 forte
1115 1535 1223 1590 quo
1269 1535 1328 1575 se
1369 1501 1785 1589 conspiciendas
1809 1517 1982 1572 sancti

403 1609 664 1663 dederunt
716 1609 888 1674 vultu,
951 1612 1242 1680 respondet
1306 1611 1359 1664 in
1399 1609 1616 1666 Menaeis
1684 1610 1986 1665 communis

402 1700 518 1754 hate
546 1699 787 1754 omnium
817 1710 870 1755 et
900 1700 1104 1756 Graecis
1139 1702 1444 1755 notissima.

2088 1428 2163 1492 vi,
2199 1425 2503 1494 superciliis
2545 1425 2790 1480 incurris
2817 1466 2831 1491 ,
2866 1427 3032 1480 oarba
3061 1425 3351 1494 promissa,
3398 1423 3662 1480 mediocri

2091 1518 2311 1582 canitie,
2355 1517 2592 1573 maxillis
2653 1518 2939 1588 oblongis,
2989 1519 3146 1588 genis
3178 1533 3369 1588 parum
3412 1517 3666 1586 turgenti-

2096 1613 2234 1675 bus;
2288 1622 2590 1679 temporum
2641 1610 2962 1664 concavilas
3012 1609 3357 1678 cogitabuudi
3407 1618 3568 1672 erat,
3609 1614 3668 1662 ut

2088 1718 2209 1758 esse
2264 1702 2557 1772 plurimum
2614 1701 2751 1757 solet
2809 1715 3021 1770 eorum,
3066 1701 3160 1772 qui
3197 1702 3336 1756 intra
3366 1715 3425 1756 se
3454 1699 3666 1756 collecti

484 1815 663 1870 Solius
695 1815 904 1884 Basilii,
946 1817 1200 1886 Gregorii
1229 1817 1489 1886 Theologi
1517 1860 1532 1884 ,
1565 1827 1728 1886 atque
1753 1814 1984 1885 Chryso-
2013 1836 2060 1892 Β
2091 1805 2234 1850 sum-

409 1908 634 1961 sostomi
661 1907 806 1972 icon,
839 1923 936 1986 suo
965 1909 1230 1978 cujusque
1257 1910 1343 1964 die
1379 1909 1432 1962 in
1464 1908 1730 1962 Januario
1762 1922 1982 1960 eorum-

410 1997 529 2050 dem
561 1996 890 2052 Mcnaaorum
931 2000 1221 2068 reperitur,
1255 2001 1348 2055 sed
1373 2015 1494 2054 cum
1526 1997 1983 2068 descriptionibus

407 2089 594 2143 iurum
629 2089 1107 2157 contractioribus,
1142 2107 1278 2160 quas
1306 2090 1699 2160 descriptiones
1728 2089 1861 2144 nihil
1893 2099 1977 2142 at-

411 2184 543 2237 tinet
572 2182 658 2236 hic
687 2182 914 2237 referre.
947 2181 1052 2236 Pro
1080 2198 1140 2237 ea
1183 2194 1363 2238 tamen
1397 2198 1517 2252 qua:
1558 2182 1818 2236 Basilium
1849 2197 1975 2250 pro-

406 2274 554 2334 ponit
586 2274 608 2328 1
647 2273 916 2339 Januarii,
947 2277 1132 2344 accipe
1164 2277 1583 2343 descriptionem
1609 2275 1860 2338 alteram,
1889 2273 1984 2327 sed

406 2366 584 2421 verbis
623 2368 795 2436 magis
827 2382 986 2432 quam
1029 2368 1296 2421 sententia
1331 2369 1625 2430 diversam,
1657 2365 1869 2434 qualem
1918 2379 1982 2419 ex

409 2474 511 2514 ins.
550 2455 805 2512 Vaticano
849 2457 1057 2526 accepit
1110 2457 1300 2511 Petrus
1342 2458 1532 2512 Frison
1586 2456 1982 2510 Basilianorum

412 2563 634 2616 operum
665 2549 986 2613 illustratur,
1011 2550 1061 2602 in
1093 2548 1330 2604 editione
1353 2550 1644 2604 Parisiensi
1667 2549 1794 2601 anni
1824 2549 1982 2602 1618.

413 2641 503 2696 Sic
531 2650 710 2694 autem
746 2641 816 2694 ibi
848 2640 1062 2711 legitur.

495 2753 552 2806 Ὀ
603 2753 660 2806 ἐν
706 2751 908 2822 Ἀγίοις
938 2752 1216 2815 Βασίλειος
1281 2750 1569 2820 ἐπώνυμος
1613 2751 1826 2818 Μέγας,
1863 2767 1989 2822 προ-

409 2845 590 2916 μήκης
631 2861 692 2897 τε
736 2845 800 2898 τὸ
862 2843 1022 2916 σῶμα
1071 2846 1162 2898 καὶ
1196 2843 1378 2908 εὐθὺς,
1421 2843 1521 2913 τὴν
1577 2845 1674 2914 μὲν
1718 2843 1989 2913 ξηρότητα

404 2935 566 3005 ἔχων,
594 2936 654 2989 τὸ
688 2935 744 2989 δὲ
778 2935 974 3008 χρῶμα
1010 2937 1198 3006 μέλαν,
1241 2938 1333 2990 καὶ
1371 2936 1678 3007 ὠχρότητα,
1720 2935 1813 2988 καὶ
1841 2935 1989 3006 βαδί-

407 3044 610 3097 σματος
641 3023 794 3099 ἦθος,
830 3029 1009 3099 ὄρθιος
1051 3030 1270 3098 ἐγένετο
1316 3029 1414 3100 τὴν
1460 3033 1602 3100 ῥῖνα,
1633 3029 1732 3092 τὰς
1772 3028 1989 3089 κύκλιος

403 3115 595 3187 ὀφρῦς,
628 3117 951 3188 καθιέμενος
975 3120 1065 3173 τὸν
1091 3118 1349 3188 πώγωνα,
1379 3119 1614 3191 μετρίως
1641 3119 1831 3182 πολιὰς
1858 3121 1988 3172 ἁνα-

406 3177 606 3280 φὲρων,
629 3177 967 3283 παραμήκης
1004 3211 1072 3265 τὰ
1113 3177 1356 3285 βλέφαρά
1379 3177 1719 3284 ’ὀλιγόχοθεψ
1752 3177 1826 3265 τὸ.
1860 3212 1988 3282 περὶ
2015 3177 2061 3240 C

406 3301 676 3370 κροτάφου
699 3301 960 3373 κοίλωμα,
987 3302 1212 3368 σύννους
1244 3321 1303 3356 τε
1329 3304 1404 3367 ὡς
1436 3304 1504 3356 τὰ
1520 3303 1714 3367 πολλὰ,
1744 3305 1836 3356 καὶ⁹
1858 3303 1989 3356 εἴσω

409 3393 772 3464 συνεστηκώς.
807 3396 898 3450 «8.
935 3395 1190 3461 Basilius,
1215 3407 1574 3468 cognomento
1605 3403 1848 3465 Magnus,
1873 3405 1986 3449 sta-

409 3495 526 3537 tura
551 3499 810 3553 procerus
839 3496 954 3560 erat
989 3496 1040 3540 et
1073 3499 1282 3552 rectus,
1315 3502 1543 3557 corpore
1587 3487 1758 3550 arido,
1800 3486 1982 3541 colore

408 3576 709 3645 nigricante
727 3588 782 3634 et
802 3579 1286 3649 pallido,ingressu
1317 3579 1599 3634 moderato
1650 3593 1784 3633 naso
1816 3577 1980 3631 decli-

2158 1927 2310 1984 Hanc
2358 1928 2800 1999 descriptionem,
2825 1945 2890 1983 ex
2947 1945 3048 1985 ms.
3080 1927 3343 1984 Vaticano
3390 1938 3668 1998 acceptam

2087 2021 2278 2076 Petrus
2355 2020 2549 2076 Frison
2613 2022 2976 2091 praelaudatus
3038 2021 3318 2090 supposuit
3385 2018 3668 2076 vetustior!

2088 2114 2258 2170 solius
2303 2113 2487 2168 Basilii
2531 2114 2671 2168 icuni
2705 2153 2719 2176 ,
2771 2124 2999 2183 sumptae
3033 2129 3100 2167 ex
3146 2121 3456 2182 pet-vetusto
3504 2110 3669 2183 Regis

2087 2204 2541 2260 Christianissimi
2583 2205 2790 2264 codice,
2833 2209 2922 2271 qui
2981 2203 3162 2274 (sicuti
3201 2203 3500 2274 ascriptum
3529 2202 3668 2272 legi-

2089 2298 2197 2368 tur)
2225 2297 2440 2352 oblatus
2475 2296 2575 2350 fuit
2604 2295 2800 2350 Basilio
2824 2295 3122 2359 Macedoni,
3158 2296 3440 2364 imperium
3479 2293 3668 2350 Orien-

2095 2390 2160 2445 tis
2197 2391 2392 2460 adepto
2423 2393 2524 2445 sub
2575 2407 2773 2444 annum
2812 2404 3130 2444 ncccuxvn
3165 2429 3180 2453 ,
3213 2387 3452 2457 illudque
3484 2388 3669 2444 mode-

2091 2489 2208 2535 rato
2264 2495 2435 2551 usque
2479 2480 2544 2534 ad
2571 2495 2771 2534 annum
2829 2495 3052 2533 Lxxxvt.
3091 2477 3186 2531 Est
3223 2493 3354 2547 ergo
3403 2476 3670 2546 ejusmodi

2093 2571 2258 2637 icon,
2289 2586 2350 2626 ea
2405 2586 2566 2640 quam
2627 2569 2911 2623 retulimus
2962 2569 3306 2638 apparitione
3366 2569 3664 2638 antiquior,

2094 2663 2306 2718 duobus
2345 2671 2405 2716 nt
2433 2662 2712 2715 minimum
2743 2660 2968 2730 integris
3015 2660 3389 2724 saeculis;.sed
3422 2676 3486 2712 an
3540 2659 3663 2714 ideo

2092 2757 2257 2810 etiam
2289 2756 2462 2826 magis
2513 2765 2709 2809 exacta
2765 2755 2830 2809 ad
2865 2753 3192 2807 veritatem?
3247 2752 3362 2806 Non
3393 2753 3668 2807 existimo.

2096 2847 2195 2902 Vix
2247 2848 2390 2902 enim
2455 2847 2714 2902 credibile
2759 2857 2882 2909 est,
2919 2857 3189 2915 sumptam
3223 2861 3344 2900 esse
3395 2861 3461 2899 cx
3493 2845 3670 2913 aliqua

2095 2956 2215 3010 qua:
2257 2940 2423 2994 fuerit
2458 2941 2524 2994 ad
2555 2941 2786 2993 viventis
2819 2939 3024 2991 vultum
3065 2951 3346 3007 expressa.
3375 2935 3433 2990 Si
3487 2945 3670 2988 autem

2099 3031 2259 3083 trium
2297 3031 2525 3084 istorum
2580 3029 2810 3082 fortnam
2871 3029 2948 3083 sic
2998 3027 3267 3095 expressit
3323 3025 3438 3078 suis
3493 3021 3670 3076 verbis

2093 3119 2329 3175 Joannes
2357 3121 2644 3185 Eucbaita,
2687 3119 2901 3189 qualem
2933 3124 3297 3186 conspexerat
3349 3115 3401 3168 in
3439 3114 3670 3179 visione,

2098 3205 2432 3282 lirmiterque
2457 3229 2533 3267 ea;
2555 3229 2674 3280 quin
2697 3211 2855 3283 vulgo
2885 3211 3352 3264 circumferuntur
3378 3209 3584 3271 icones,
3615 3215 3670 3260 et

2095 3306 2147 3359 in
2184 3306 2399 3360 Menaeis
2425 3306 2860 3372 conspiciuntur,
2900 3304 3124 3372 propius
3159 3302 3424 3370 attingere
3471 3301 3670 3353 verita-

2095 3407 2221 3451 tem.
2257 3397 2466 3451 Placuit
2501 3397 2741 3458 interim,
2772 3403 2828 3448 et
2875 3395 3034 3448 trium
3077 3393 3304 3447 istorum
3337 3405 3404 3445 ex
3434 3389 3671 3455 Menteis,

2093 3499 2146 3544 et
2172 3490 2331 3542 unius
2369 3487 2550 3542 Basilii
2587 3487 2856 3557 propriam
2891 3500 2957 3539 ex
2986 3485 3172 3539 codice
3202 3482 3372 3553 Regio
3417 3492 3669 3553 spectau-

2096 3581 2217 3636 dam
2253 3582 2404 3635 dare.

933 4097 1216 4165 CANON
1421 4098 1497 4165 S.
1542 4096 1882 4162 BASILIO
1923 4095 2038 4158 AD
2078 4093 2304 4157 DIEM
2359 4089 2714 4155 PRIMUM
2751 4084 3158 4151 JANUARII

1810 4352 1905 4408 ex
1943 4349 2247 4407 MENJEIS.
2298 4421 2300 4424 τ

1071 4779 1206 4838 ΩΔΗ
1222 4781 1304 4838 A'.

474 4915 576 4968 Σοῦ
609 4915 708 4987 τὴν
743 4917 926 4989 φωνὴν
978 4913 1086 4971 ἔρδει
1111 4917 1383 4989 παρεῖναι,
1435 4918 1706 4982 Βασίλειε,
1751 4919 1863 4981 τοῖς
1886 4917 1981 4983 ὲγ-

403 5007 632 5076 κωμίοις
684 5024 798 5060 σουο
843 5007 998 5074 ἀλλὰ,
1048 5009 1254 5080 Πάτερ,
1310 5009 1641 5079 συγγνώμην
1683 5007 1979 5078 διδόμενος,

400 5103 498 5175 τὴν
526 5103 685 5174 χάριν
712 5102 895 5172 νέμοις
919 5100 1164 5170 ἀφθόνως
1192 5102 1344 5172 ἡμῖν.

471 5239 545 5290 Τὸ
584 5236 827 5307 ἐμπαθὲς
882 5235 1166 5306 σκίρτωμα
1204 5234 1302 5304 τῆς
1347 5233 1717 5306 τυραννούσης
1759 5235 1983 5304 σαρκὸς,

400 5331 716 5400 φιλοσοφίας
769 5329 931 5400 ἔρωτι
957 5325 1431 5396 ἐπαιδαγώγησαςο
1474 5325 1555 5379 διὸ
1584 5328 1643 5379 ὲν
1687 5327 1984 5390 ἀκτρὰτοις

399 5422 607 5486 αὐλίζει
636 5421 946 5490 βασιλείοις,
981 5418 1164 5489 Πάτερ
1185 5418 1451 5472 Βασίλειε.

468 5537 591 5590 Τῶν
615 5535 824 5606 ἀρετῶν
859 5537 922 5588 σὺ
942 5535 1040 5604 τὴν
1069 5532 1327 5605 τραχείαν
1351 5532 1571 5602 βαδίσας
1598 5531 1732 5594 ὁδὸν,
1766 5532 1859 5584 ἐπὶ
1881 5531 1983 5602 τὴν

405 5630 545 5683 λείαν
578 5628 815 5697 ἔφθασας
845 5627 939 5682 καὶ
982 5628 1342 5680 ἀστασίαστον
1386 5625 1482 5695 τὴν
1515 5625 1767 5696 οὐράνιον
1802 5623 1979 5688 ϐάσιν,

405 5725 490 5776 καὶ
520 5722 683 5773 πᾶσιν
708 5719 1025 5791 άναδείχθης
1053 5719 1241 5782 τύπος,
1267 5716 1533 5770 Βασίλειε.

470 5834 549 5886 Τὰ
588 5834 685 5902 τῆς
736 5831 913 5903 ψυχῆς
969 5833 1112 5903 πάθη
1174 5833 1493 5906 χρησίμως,
1554 5830 1820 5896 Βασίλειε,
1862 5829 1978 5900 ἅμα

2015 4783 2070 4861 D.

2767 4774 2910 4835 ODE
2954 4774 2996 4832 Ι.

2161 4913 2291 4968 Tuis
2320 4913 2569 4968 laudibus
2592 4923 2691 4980 par
2709 4907 2852 4965 foret
2878 4908 3116 4979 linguam
3147 4914 3292 4964 tuam
3326 4907 3539 4973 adesse,
3571 4907 3667 4963 Ba-

2090 5007 2211 5071 sili;
2246 5021 2454 5069 verum,
2478 5004 2662 5067 Pater,
2693 5004 2900 5057 veniam
2937 5002 3244 5072 indulgens,
3276 5001 3507 5074 gratiam
3537 5001 3666 5057 abs-

2090 5113 2196 5166 que
2229 5097 2428 5152 invidia
2467 5096 2624 5151 nobis
2659 5094 2869 5149 confer.

2157 5232 2513 5287 Passionibus
2568 5229 2858 5284 obnoxium
2923 5227 3108 5282 carnis
3175 5227 3433 5295 impetum
3483 5239 3667 5279 amore

2087 5323 2444 5394 phil050pltiaz
2509 5320 2841 5392 castigavisti
2885 5328 3215 5387 :proptcrea
3271 5315 3666 5371 incontamina-

2096 5428 2199 5471 tam
2229 5417 2442 5471 habitas
2483 5415 2710 5484 regiam,
2741 5412 2905 5466 Pater
2935 5409 3121 5464 Basili.

2157 5532 2392 5585 Arduam
2416 5530 2676 5583 virtutum
2734 5528 3011 5597 ingressus
3062 5523 3204 5577 viam
3231 5565 3246 5588 ,
3283 5523 3349 5576 ad
3379 5522 3553 5577 levem
3603 5529 3659 5576 et

2088 5623 2536 5694 imperturbatam
2579 5622 2630 5674 in
2660 5620 2818 5674 cmlis
2850 5617 3138 5673 ascendisti
3161 5615 3552 5684 ;omnibusque
3582 5613 3661 5668 ia-

2084 5727 2202 5769 ctus
2237 5731 2295 5768 es
2326 5730 2536 5778 norma,
2568 5713 2752 5768 Basili.

2157 5827 2257 5886 Pas
2277 5828 2468 5884 siones
2490 5827 2680 5894 atiimi,
2719 5825 2876 5882 simul
2913 5835 2966 5881 et
2995 5824 3239 5894 corporis
3273 5822 3448 5892 gladio
3485 5819 3659 5890 Spiri-
