4082 6218
425 400 651 443 cccxctv
1802 388 2329 449 PBOLECOMENA.

440 512 526 557 tus
559 502 760 573 optime
812 501 1222 571 circumcidisti,
1256 503 1451 570 Basili;
1504 514 1659 576 teque
1687 506 1859 577 ipsum
1895 505 2003 562 Do-
2033 518 2052 570 Α

2078 564 2079 567 η
2110 512 2204 564 καὶ
2234 512 2302 564 τὰ
2330 508 2421 562 τοῦ
2455 507 2703 579 σώματος
2753 507 2810 558 ὲν
2849 504 2923 575 τῷ
2957 502 3048 557 τοῦ
3082 502 3397 574 Πνεύματος
3436 503 3690 573 περιέτε-

430 594 578 649 mino
607 592 847 648 obtulisti
868 591 1221 648 sacriﬁcium.

2112 620 2211 675 μες
2267 602 2427 671 ξίφει·
2463 601 2659 655 σαυτὸν
2691 598 2748 653 δὲ
2791 595 2869 670 τῷ
2908 596 3154 668 Δεσπότῃ
3208 595 3356 667 θῦμα
3387 600 3690 668 προσήνεγ-

2109 713 2229 757 κας.

507 782 708 840 Factus
751 785 1101 842 inell'abilium
1148 805 1470 845 arcanorum
1499 803 1719 864 mysles,
1755 810 1789 849 ο
1817 793 2002 861 Basili,

2179 808 2251 860 Σὺ
2285 805 2522 874 γεγονὼς
2581 804 2791 875 μύστης
2836 802 3111 874 ἀρρήτων,
3156 800 3687 868 Βασίλειείὲμυσταα

433 878 900 932 consecrationem
937 880 1164 950 adeptus
1190 897 1272 945 cs,
1316 880 1518 950 Pater;
1551 894 1606 939 et
1630 885 1786 947 nobis
1822 886 1999 940 lumen

2109 897 2367 967 γὼγησας
2403 896 2719 965 ἱεράτευμα,
2775 892 2977 964 Πάτερ,
3016 891 3202 961 σαφῶς
3237 889 3297 941 τὸ
3332 890 3431 962 τῆς
3461 888 3689 961 Τριάδος

432 965 719 1023 Trinitatis
759 971 1119 1028 manilcstasti

2113 965 2229 1057 φῶς
2254 965 2619 1056 Ὕάπαστράψας
2658 987 2807 1054 ἡμῖν.

1063 1172 1199 1229 ODE
1238 1171 1304 1228 Ill
1333 1171 1424 1242 (al.
2764 1159 2913 1254 tua
2938 1156 3008 1212 ιν.

504 1374 660 1429 Omni
704 1372 941 1443 repletus
970 1373 1275 1442 disciplina,
1314 1387 1419 1426 non
1445 1384 1617 1426 sotum
1643 1371 1789 1426 humi
1813 1383 2003 1441 repen-

2187 1374 2442 1437 Παιδείας
2473 1371 2709 1442 γεγονὼς
2739 1374 2955 1445 ἁπάσης
2980 1372 3233 1445 ἔμπλεος,
3272 1373 3332 1426 ού
3371 1372 3527 1443 μόνον
3586 1372 3688 1442 τῆς

435 1476 490 1521 te
513 1478 680 1537 atque
711 1467 991 1534 calcanda,
1031 1469 1123 1520 sed
1155 1467 1316 1519 etiam
1350 1465 1520 1520 multo
1555 1464 1789 1531 meliori,
1809 1466 2009 1518 mundo

2116 1470 2265 1523 κάτω
2297 1469 2391 1522 καὶ
2423 1470 2785 1539 πατουμένης,
2843 1468 3020 1539 πολλῷ
3053 1470 3109 1523 δὲ
3142 1470 3342 1540 μᾶλλον
3379 1469 3478 1539 τῆς
3505 1470 3688 1541 κρείτ-

434 1559 617 1613 lumen
652 1558 954 1629 prmbuisti,
988 1573 1020 1613 ο
1054 1557 1242 1612 Basili.

2112 1574 2283 1622 τονος,
2334 1558 2653 1629 ἀναδείχθης
2706 1557 2785 1630 τῷ
2815 1558 3003 1629 κόσμῳ
3034 1556 3169 1627 φῶς,
3210 1557 3472 1612 Βασίλειε.

508 1670 726 1725 Timore
784 1671 997 1725 Domini
1027 1670 1381 1725 conﬁrmatus
1430 1669 1669 1741 (initium
1719 1669 1863 1723 enim
1922 1665 2013 1721 ille

2184 1671 2275 1742 Τῷ
2307 1671 2457 1741 φόὸῳ
2489 1670 2583 1723 τοῦ
2647 1672 2854 1743 Κυρίου
2905 1670 3355 1743 στοιχειούμενος,
3410 1669 3550 1742 ἀρχὴ
3582 1670 3691 1742 γάρ

436 1770 522 1816 est
546 1760 843 1831 sapientia)
899 1760 1015 1814 alas
1047 1760 1280 1830 potioris
1326 1759 1609 1830 sapientia:
1643 1757 2008 1826 assumpsisti,

2117 1764 2310 1832 σοφίας
2341 1755 2494 1826 οὗτος
2536 1762 2791 1834 ύπάρχει,
2821 1764 2887 1833 τῇ
2927 1761 3077 1833 φιλίᾳ
3105 1761 3201 1832 τῆς
3233 1760 3511 1834 ἀμείνονος
3536 1764 3694 1814 ἐπτε-

434 1868 469 1909 0
499 1852 681 1908 Basili.
2041 1857 2046 1909 ἶ

2041 1855 2087 1910 Β
2117 1855 2295 1927 ρὼθης
2326 1855 2535 1923 σοφίας,
2562 1848 2608 1908 ὦ
2642 1852 2904 1908 Βασίλειε.

503 1963 688 2020 Palam
744 1980 971 2020 exorsus
1029 1966 1097 2018 ab
1146 1966 1383 2030 actione,
1415 1965 1483 2019 ab
1514 1964 1614 2019 hac
1667 1965 1892 2034 gradum
1948 1964 2013 2018 ad

2187 1964 2456 2026 Βασίλειε,
2490 1966 2666 2034 σοφῶς
2704 1963 2909 2033 ἐπέϐης
2946 1961 3196 2033 πράξεως
3222 1963 3315 2016 καὶ
3348 1962 3547 2035 πρᾶξιν
3575 1962 3694 2016 επί-

437 2057 949 2129 contemplationem
1007 2057 1328 2112 diviniorem
1362 2056 1541 2110 facere
1581 2071 1681 2110 nos
1726 2055 1861 2109 doce
1897 2093 1911 2118 .
1960 2064 2016 2108 et

2117 2056 2276 2109 6ασιν
2321 2055 2553 2128 θεωρίας
2587 2056 2861 2127 θειοτέρας
2893 2054 3189 2121 ὲπέδειξες,
3231 2055 3325 2107 καὶ
3372 2055 3479 2108 τῶν
3525 2055 3693 2109 ὄντων

435 2163 646 2213 eorum,
683 2164 804 2218 qua:
836 2163 963 2203 vere
1009 2147 1145 2201 bona
1193 2159 1320 2201 sunt
1367 2147 1675 2215 cognitione
1732 2146 2012 2200 manifesta

1314 2160 1320 2200 ι
1367 2147 1675 2215 cognitione
1732 2146 2012 2200 manifesta
2116 2148 2215 2219 τὴν
2248 2148 2447 2217 γνῶσιν
2476 2147 2719 2220 ἐμυήθης
2743 2148 2926 2216 σαφῶς

439 2252 539 2293 nos
572 2239 769 2292 imbue.

511 2348 646 2405 Cum
677 2348 879 2405 Christi
914 2348 1075 2403 natali
1120 2349 1282 2418 fulget
1307 2358 1361 2403 et
1391 2350 1667 2404 concurrit
1695 2362 2017 2407 commemo-

2192 2349 2428 2422 Συνέδρα
2436 2366 2501 2419 με
2528 2349 2764 2421 Χριστοῦ
2787 2348 2880 2401 καὶ
2897 2347 3294 2418 συνεξέλαμψεν
3311 2349 3345 2418 ή
3370 2347 3559 2417 μνήμη
3578 2361 3692 2411 σου,

445 2443 586 2498 ratio
619 2453 732 2509 tua,
768 2442 949 2507 Pater,
976 2442 1069 2512 qni
1105 2446 1421 2514 mysterium
1472 2440 1741 2498 ineﬂ‘abile
1789 2452 1875 2497 tua
1919 2460 2017 2496 u-

2121 2440 2324 2512 Πάτερ,
2382 2444 2493 2504 τοῖς
2529 2439 2840 2508 γενεθλίοις,
2871 2432 2945 2493 ὧν
2987 2438 3049 2491 τὸ
3077 2440 3354 2510 ἄφραστον
3400 2438 3700 2510 μυστήριον

439 2534 524 2589 bis
560 2533 807 2589 doctrina
840 2534 1156 2590 manifestas

2121 2536 2240 2597 ταῖς
2272 2536 2389 2597 σαῖς
2421 2532 2788 2596 διδασκαλίαις
2819 2531 3156 2604 φανέρωσας.

1098 2708 1234 2767 ODE
1281 2708 1371 2765 IV.
1452 2682 1460 2692 ’
2791 2711 2927 2765 om
2953 2706 3027 2766 A'.

512 2891 668 2947 Sicut
727 2890 1011 2958 Ecclesia,
1070 2891 1272 2948 Christi
1319 2907 1557 2962 sponsa.
1612 2904 1839 2949 ornatur
1903 2894 2020 2962 ejus

2197 2894 2635 2959 Καλλωπίζεται,
2688 2894 2876 2967 ὥσπερ
2900 2895 2980 2966 τῷ
3006 2892 3152 2963 τόκῳ
3190 2890 3446 2963 Χριστοῦ,
3486 2888 3522 2961 ἠ
3566 2886 3701 2961 νύμ-

441 2984 725 3039 nativitate
756 3023 773 3049 ,
818 2984 891 3038 ita
920 3025 937 3052 ,
991 2995 1080 3038 tua
1124 2986 1681 3050 commemoratione,
1740 3002 1774 3042 o
1822 2988 2020 3042 beatis-

2124 3003 2197 3057 φη
2243 2984 2561 3056 Ἐκκλησία,
2621 2985 2765 3038 οὕτω
2823 2985 2917 3040 καὶ
2949 2987 3016 3056 τῇ
3068 2983 3258 3054 μνήμῃ
3296 2998 3410 3045 σου,
3468 2995 3702 3050 παμμα-

440 3073 598 3129 sime.

2124 3077 2369 3148 κάριστε.
2856 3094 2862 3099 ’

514 3188 768 3245 Graviter
818 3189 1203 3244 demonstrans
1257 3204 1379 3243 esse
1440 3187 1787 3262 [Christum]
1819 3190 2014 3245 Filium
2044 3190 2094 3252 Ο

2195 3192 2597 3262 Σεμνυνόμενος
2639 3191 2829 3243 τέκνον
2878 3190 3137 3260 ὑπάρχων
3180 3187 3336 3253 Θεοῦ,
3370 3187 3600 3257 θεότητα
3623 3189 3706 3250 είς

445 3275 584 3344 Dei,
618 3274 867 3346 religiose
899 3277 1198 3331 distinxisti
1235 3278 1569 3334 divinitatem
1608 3295 1638 3333 a
1675 3290 1952 3346 creatura,
1980 3297 2016 3336 o

1737 3290 1952 3346 cutura,
1980 3297 2016 3336 ο
2129 3282 2305 3336 κτίσιν
2342 3282 2604 3347 εὐσεϐῶς,
2636 3282 2905 3340 Βασίλειε.
2932 3281 2992 3335 οὐ
3019 3282 3348 3353 κατήγαγες.

447 3366 636 3423 Basili.

521 3483 615 3537 Det
663 3498 768 3538 non
817 3482 1088 3554 abiectum
1117 3484 1541 3539 commilitonem
1590 3495 1639 3539 te
1688 3488 1975 3541 ostendisti
2005 3526 2022 3554 ,

2213 3486 2609 3548 Ἀταπείνωτος
2654 3484 2841 3555 ὤφθης
2875 3484 3200 3556 συμμαχῶν,
3237 3480 3502 3547 Basilus,
3533 3480 3708 3535 ἅπασι

450 3575 634 3639 Basili,
660 3576 879 3645 quando
909 3585 960 3631 te
991 3577 1418 3647 omnibusjuxta
1451 3578 1766 3632 mandatum
1797 3578 1914 3647 ejus
1940 3581 2026 3634 in-

1670 3594 1766 3631 .um
1797 3578 1914 3647 ejus
1940 3581 2026 3634 in-
2130 3577 2210 3649 τῷ
2241 3576 2407 3632 αὐτοῦ
2431 3578 2811 3649 προστάγματι
2840 3576 3282 3646 ταπεινούμενος.

448 3668 704 3721 feriorem
733 3668 1038 3723 credidisti.

520 3783 819 3840 Ecclesium
866 3783 961 3838 Dei
1011 3784 1136 3838 forti
1188 3785 1611 3840 circumvallasti
1644 3801 1821 3851 muro,
1866 3787 2030 3843 Basili

2202 3774 2279 3844 Τῇ
2335 3772 2631 3844 Ἐκκλησία
2655 3771 2883 3825 δέδωσαι
2916 3768 3066 3841 παρά
3093 3769 3228 3822 Θεοῦ
3260 3767 3588 3841 χαράκωμα,
3612 3768 3709 3821 καὶ

453 3872 791 3929 beatissime.

2131 3866 2307 3935 τεῖχος
2330 3863 2544 3934 ὀχυρὸν,
2575 3860 2823 3915 Βασίλειε
2852 3858 3299 3930 παμμακάριστε.

529 3983 623 4038 Dei
657 3980 906 4039 hostibus
941 3986 1089 4041 fuisti
1114 3997 1267 4041 acuta
1297 3989 1564 4059 bipennis,
1593 4002 1649 4045 et
1681 3991 1820 4063 ignis
1847 3993 2036 4050 dissol-

2205 3979 2329 4041 Τοῖς
2369 3976 2635 4040 ἀντιθέοις
2686 3976 2914 4038 πέλεκυς
2940 3972 3265 4036 ὲκκοπτικὸς
3310 3988 3403 4024 και
3436 3968 3545 4039 πῦρ
3576 3982 3709 4023 κατ-

451 4090 583 4130 vens
608 4091 794 4131 eorum
823 4077 1092 4142 fraudem.
1114 4077 1276 4134 Pater
1302 4080 1485 4135 Basili.
1716 4062 1719 4063 ν

2138 4070 2425 4124 ἀναλίσκον
2457 4070 2554 4141 τὴν
2593 4069 2809 4139 ἀπάτην
2838 4066 3045 4137 ὤφθης,
3098 4065 3281 4119 Πάτερ
3306 4062 3549 4116 Βασίλειε

1132 4275 1270 4332 ODE
1307 4278 1371 4332 V.

2797 4263 2928 4315 ΩΔΗ
2972 4261 3047 4317 Ε’.

529 4452 699 4510 llodie
756 4454 865 4523 agit
926 4454 1169 4509 Ecclesia
1227 4455 1421 4510 lestum
1456 4468 1581 4508 vere
1633 4453 1871 4523 duplex,
1916 4453 2038 4509 Cir-

2214 4444 2369 4511 Ἀγει
2419 4441 2612 4512 διπλῆν
2660 4441 2936 4513 ἀληθῶςή
2982 4439 3277 4509 Ἐκκλησία
3306 4438 3495 4509 ἑορτὴν
3542 4441 3714 4508 σήμε-

457 4548 851 4603 cumcisionem
876 4547 1086 4602 scilicet
1117 4546 1357 4611 Domini,
1404 4545 1622 4614 quando
1656 4546 1709 4598 in
1743 4556 1885 4600 terra
1941 4561 2036 4615 ap-
2066 4535 2069 4587 ἶ

2104 4543 2234 4609 ’ρον
2264 4575 2279 4599 ,
2339 4535 2639 4606 περιτομῆς
2708 4535 2784 4598 ὡς
2862 4534 3059 4605 βρέφος
3127 4531 3395 4584 Δεσπότου
3463 4528 3716 4599 ὀφθέντος

456 4638 637 4710 paruit
666 4637 870 4705 infans,
906 4646 962 4693 et
996 4637 1317 4693 memoriam
1348 4634 1489 4690 servi
1545 4635 1810 4704 sapientis
1863 4652 1926 4691 ac
1954 4647 2038 4691 ter

2142 4628 2236 4680 ἐπὶ
2291 4626 2423 4697 γῆς,
2485 4625 2581 4680 καὶ
2629 4626 2845 4697 μνήμην
2894 4623 3110 4678 οἰκέτου
3152 4621 3317 4691 σοφοῦ
3362 4621 3456 4675 καὶ
3486 4623 3718 4694 τρισμά-

456 4731 623 4787 beati.

2138 4736 2209 4771 κα
2217 4735 2324 4789 ρος.

528 4843 733 4898 Lumen
757 4842 1299 4911 incomprehensibile
1326 4844 1377 4896 in
1402 4851 1474 4909 te,
1497 4854 1704 4905 sancte,
1729 4842 2036 4911 requiesce-

2210 4832 2284 4883 Τὸ
2342 4828 2726 4899 ἀκατάληπτον
2786 4827 2901 4897 φῶς
2958 4823 3413 4894 ἀναπαυσάμενος
3484 4824 3542 4874 ὲν
3601 4822 3716 4886 σοι,

460 4949 521 4990 re
548 4974 563 4993 .
588 4935 697 4987 imo
728 4948 850 4989 esse
905 4944 959 4987 te
1004 4933 1306 5002 lampadem
1335 4973 1350 4998 ,
1376 4948 1494 5003 qua:
1522 4933 1793 4987 illuminat
1826 4934 2036 4998 orbem,

2139 4925 2285 4986 ὅσιε,
2345 4919 2679 4992 φιιιτιστικὴν
2737 4917 2996 4990 λαμπάδα
3054 4916 3131 4987 τῷ
3202 4916 3393 4985 κόσμῳ
3441 4930 3501 4967 σε
3553 4912 3718 4976 ἔδειξε

465 5026 702 5081 ostendit
748 5025 1021 5083 Christus.
1069 5024 1193 5080 Ideo
1253 5033 1423 5091 tuam,
1467 5023 1662 5088 Basili,
1703 5022 2039 5080 celebramus

2140 5014 2409 5086 Χριστός·
2463 5013 2545 5066 διό
2597 5029 2688 5065 σου
2751 5011 2851 5080 τὴν
2909 5011 3126 5081 μνήμην
3186 5006 3495 5078 ὑμνοῦμεν,
3559 5005 3722 5059 Βασί-

461 5122 801 5179 memoriam.
1569 5111 1575 5119 ’
2142 5107 2273 5162 λειε.

532 5232 649 5288 Non
714 5231 989 5301 lcgislator
1019 5220 1267 5303 Moyses,
1300 5246 1405 5285 non
1452 5241 1581 5286 ante
1621 5232 1792 5299 legero
1840 5228 2041 5300 Joseph

2212 5220 2289 5274 Ού
2331 5218 2881 5290 νομοθετηςΜωσῆς,
2912 5216 2973 5269 οὐ
3002 5214 3134 5309 ,πρὸ
3167 5214 3259 5267 τοῦ
3306 5229 3472 5283 νομου
3538 5212 3724 5282 ιωσὴφ

480 5328 582 5381 fuit
629 5325 957 5380 distributor
993 5302 1117 5391 ejus
1165 5338 1285 5392 quae
1331 5339 1396 5377 ex
1434 5333 1484 5379 te
1523 5325 1681 5377 datur
1708 5337 1847 5377 escae
1885 5340 1898 5375 :
1931 5325 2044 5392 ipse

2143 5313 2336 5383 γέγονε
2369 5311 2467 5382 τῆς
2523 5309 2667 5364 κατὰ
2712 5310 2770 5362 σὲ
2814 5302 3021 5381 τροφῆς
3067 5305 3415 5376 σιτομέτρηςο
3443 5303 3543 5374 τῆς
3574 5302 3726 5367 θείας

461 5419 606 5472 enim
644 5416 794 5471 luisti
825 5416 1008 5471 carnis
1037 5413 1233 5469 divinae
1263 5423 1556 5468 comestor.

2144 5407 2253 5478 γὰρ
2285 5406 2486 5477 σαρκὸς
2518 5403 2680 5466 αὐτὸς
2721 5401 2987 5472 ἑστιάτωρ
3024 5397 3289 5469 ἐδείχθης,
3322 5395 3592 5449 Βασίλειε.

536 5525 788 5582 Universi
834 5541 1025 5581 novmn
1061 5525 1397 5578 nativitatem
1447 5525 1499 5578 in
1534 5534 1716 5579 monte
1741 5525 1869 5580 Sina
1920 5524 2048 5580 sub-

2218 5516 2331 5588 Τὴν
2367 5515 2460 5569 τοῦ
2521 5513 2721 5575 παντὸς
2762 5512 3010 5585 ἀμυδρὰν
3064 5508 3443 5581 ἱστορηθεῖσαν
3490 5507 3550 5559 ὲν
3597 5505 3729 5559 Σινᾶ

464 5619 694 5675 obscure
735 5621 1020 5690 ﬁguratam
1069 5619 1262 5689 Moysi,
1302 5628 1361 5673 ut
1394 5618 1784 5687 interpretatus
1814 5633 1895 5683 es,
1926 5618 2049 5674 bea-

2150 5609 2402 5681 γέννησιν
2462 5606 2539 5678 τῷ
2586 5607 2776 5661 Μωσεῖ
2840 5605 3001 5667 αὐτὸς
3052 5600 3397 5674 ἑρμηνεύων,
3451 5600 3517 5654 ὲκ
3568 5596 3730 5650 θείων

549 5821 623 5890 (α)
653 5821 747 5877 Sic
774 5821 915 5890 apud
947 5819 1194 5876 Bulland.
1247 5821 1401 5876 Dccst
1439 5836 1590 5875 num.
1628 5819 1683 5873 ‘2.
