4082 6218
1647 369 1875 426 ΟΑΝΟΝ
1915 372 2002 426 DE
2039 373 2096 428 S.
2132 374 2423 432 BASILIO.

1414 485 1725 557 παμμάκαρ
1812 489 1954 542 Βασίη

2081 491 2287 546 tissime
2336 493 2498 548 Basili
2526 532 2540 557 ,
2577 509 2642 550 ex
2689 495 2889 553 divinis
2944 500 3214 557 thesauris
3242 515 3359 558 eam
3397 507 3652 563 omnibus

407 474 693 548 Θησαυρῶν
765 477 1076 544 ἀνάπτυξας
1144 481 1275 535 πᾶσι
1313 521 1328 546 ,

408 569 464 618 λε
475 583 537 620 ιε.

1070 723 1202 776 om
1230 727 1320 792 ς’.

475 874 746 945 Ἕθρεψας
779 875 923 948 λιμῷ
952 880 1217 944 τακείσας
1246 881 1425 952 ψυχὰς
1458 886 1672 940 πάντων
1706 892 1972 959 ἀφθόνως,

405 967 498 1017 καὶ
528 966 626 1030 τὰς
663 967 770 1020 τῶν
804 969 1111 1024 πεινώντων
1167 975 1392 1044 καρδίας
1437 979 1616 1049 πάσης
1649 981 1970 1054 ἐνέπλησας,

402 1057 668 1122 Βασίλειε,
707 1059 892 1131 θεῖκῆς
921 1061 1279 1135 εὐφροσύνης.

477 1168 744 1240 Ἔθρεψας
800 1172 976 1244 ψυχὰς
1021 1177 1290 1243 πεινώσας
1339 1186 1509 1253 τροφῇ
1546 1188 1608 1256 τῇ
1643 1187 1969 1262 ἐπουρανίῳ

399 1258 562 1330 ἄρτος
591 1261 698 1332 γὰρ
731 1263 836 1313 τῶν
860 1265 1106 1332 ἀγγέλων
1151 1269 1381 1339 ὑπάρχει
1413 1274 1440 1324 6
1467 1272 1644 1340 λόγος,
1701 1258 1967 1345 Βασίλειε,

398 1344 458 1402 οὗ
487 1353 703 1424 ἄριστος
731 1356 1003 1425 σιτοδότης
1027 1359 1236 1427 ἐγένου.

471 1465 763 1536 Ἤθροισας
791 1468 868 1538 τῷ
893 1469 993 1538 τῆς
1031 1471 1310 1544 μελίσσης,
1348 1477 1615 1543 Βασίλειε,
1664 1483 1968 1551 φιλοπόνως

397 1555 598 1629 ἀρετῆς
631 1559 844 1629 ἁπάσης
877 1562 937 1614 τὸ
988 1565 1162 1628 ἄνθος,
1206 1568 1299 1620 καὶ
1348 1569 1650 1640 περιδέξιος
1682 1576 1970 1647 γενόμενος

397 1647 454 1700 ἐν
492 1649 680 1713 αύταῖς
717 1653 1027 1724 μακαρίζει.

471 1759 774 1826 Ἐσπευσας
824 1765 1025 1835 κόσμου
1069 1770 1319 1841 ῥαγῆναι,
1357 1774 1448 1826 καὶ
1487 1775 1604 1844 Θεῷ
1650 1780 1968 1849 συμϐιοτεῦ-

397 1865 504 1904 σαι·
540 1853 621 1904 διὸ
649 1858 760 1917 τοῖς
787 1858 1037 1923 ἁστάτοις
1065 1863 1157 1914 καὶ
1193 1866 1456 1934 ρευστοίς,
1491 1869 1672 1941 Πάτερ
1698 1851 1960 1939 Βασίλειε,

395 1943 460 1996 τὰ
490 1944 713 2013 μένοντα
737 1948 811 1999 ὡς
847 1951 1007 2005 σοφὸς
1041 1958 1379 2028 κατεκτήσω.

1064 2151 1196 2205 ΩΔΗ
1227 2154 1300 2207 Z'.

463 2322 637 2376 Είκὼν
693 2325 786 2378 τοῦ
839 2327 1153 2400 Πνεύματος
1203 2334 1230 2385 6
1283 2335 1428 2403 Υἱὸς,
1471 2339 1684 2392 καὶτοῦ
1723 2341 1852 2394 Υίοῦ
1901 2345 1962 2397 τὸ

390 2414 633 2486 Πνεῦμα,
667 2417 728 2470 σὺ
751 2418 806 2470 δὲ
830 2421 921 2473 τοῦ
971 2424 1305 2494 Πνεύματος,
1344 2429 1605 2494 Βασίλειε,
1633 2435 1960 2503 ᾁκηλίδωτον

389 2505 694 2579 ἐσωπτρον,
750 2507 897 2576 οἶκος
951 2515 1008 2568 δὲ
1065 2517 1164 2586 τῆς
1224 2519 1350 2590 ὅλης
1408 2523 1652 2592 Τριάδοςο
1718 2528 1960 2596 μακαρία

389 2601 422 2670 η
471 2602 655 2673 μνήμη
710 2621 828 2670 σου,
888 2609 980 2660 καὶ
1031 2611 1080 2661 οἱ
1115 2610 1423 2677 δοξάζοντες
1465 2617 1632 2686 αὐτὴν
1687 2618 1959 2684 ἀντιδοξά-

388 2689 588 2754 ζονται.

457 2809 688 2875 Βυθίσας
723 2813 813 2866 τὸν
844 2814 965 2868 νοῦν
994 2817 1073 2878 είς
1095 2817 1163 2870 τὰ
1193 2817 1326 2890 βάθη
1353 2819 1445 2872 τοῦ
1485 2821 1618 2875 Θεοῦ
1657 2823 1723 2876 τὰ
1759 2826 1958 2880 ἀκατά-

385 2900 582 2970 ληπτα,
625 2903 1011 2975 συλλεξάμενος
1043 2907 1098 2960 δὲ
1124 2909 1213 2961 τὸν
1247 2911 1538 2981 πολύτιμον
1584 2914 1647 2966 σὺ
1687 2918 1956 2989 μαργαρί-

383 3007 480 3061 την
504 2993 602 3063 τῆς
628 2993 896 3062 γνώσεως.
924 2998 1242 3063 ἐπλούτισας
1271 3001 1361 3055 τὸν
1387 3005 1586 3072 κόσμον
1614 3006 1823 3074 σοφίας,
1861 3009 1955 3062 καὶ

385 3086 713 3156 κραυγάζειν
746 3089 1006 3154 ἐδίδαξας·
1045 3093 1348 3164 Εὐλογητὸς
1379 3097 1408 3147 6
1452 3097 1584 3160 Θεὸς
1622 3098 1732 3150 τῶν
1784 3102 1950 3154 πατέ-

387 3191 492 3245 ρων
513 3177 544 3245 ἡ
553 3177 683 3245 μῶν.

450 3280 520 3336 Ὦ
550 3285 817 3357 σύμπνοια
872 3292 962 3343 νοῦ
996 3294 1114 3364 ἱερά
1151 3313 1209 3348 τε
1245 3296 1495 3369 ξυνωρὶς,
1553 3303 1584 3371 ἡ
1621 3301 1807 3376 ὥσπερ
1849 3307 1952 3376 μία

383 3373 522 3448 ψυχὴ
552 3377 607 3429 ὲν
631 3378 751 3430 δυσὶ
789 3379 1033 3450 σώμασιν
1067 3385 1394 3456 ἀδιαίρετος,
1431 3392 1488 3442 ἐν
1523 3393 1561 3443 Γ
1570 3396 1808 3466 ρηγορίῳ
1849 3397 1954 3450 Βα-

383 3466 596 3531 σίλειος,
633 3470 781 3539 πόθῳ
829 3471 992 3540 θεῖκῷ
1028 3479 1379 3546 συνημμένοι,
1419 3481 1475 3532 ἐν
1512 3481 1773 3555 Βασιλείῳ
1808 3486 1950 3558 Γρη-

382 3566 580 3630 γοριος·
652 3561 745 3614 νῦν
807 3565 1117 3618 ἱκετεύσατε
1178 3569 1412 3623 Χοιστὸν
1473 3573 1609 3644 ὑπὲρ
1663 3576 1762 3647 τῆς
1824 3579 1949 3630 ποί-

382 3665 538 3718 μνης-

449 3761 634 3834 Πατὴρ
654 3764 925 3835 ὀρφανῶν,
950 3769 1041 3820 καὶ
1058 3770 1238 3840 χηρῶν
1255 3773 1654 3845 προασπιστὴς,
1681 3777 1774 3830 καὶ
1795 3779 1951 3833 πλοῦ-

379 3867 467 3914 τος
500 3853 711 3924 πένησι,
731 3856 838 3909 τῶν
864 3859 1232 3914 ἀσθενούντων
1258 3865 1290 3933 ἡ
1334 3863 1678 3937 παράκλησις
1713 3870 1808 3921 καὶ
1840 3872 1948 3925 τῶν

378 3943 701 4000 πλοιούντων
754 3950 1097 4022 κυϐέρνησις,
1130 3955 1332 4026 γήρους
1373 3957 1642 4029 βακτηρία
1683 3960 1946 4034 ἐδείχθης,

378 4036 718 4108 παιδαγωγία
743 4041 1009 4113 νεότητος,
1035 4045 1128 4098 καὶ⁵
1157 4046 1496 4116 μοναζόντων
1524 4052 1724 4124 ἀρετῆς
1739 4055 1941 4124 κανὼν,

376 4124 642 4183 Βασίλειε,

1033 4314 1163 4368 ΩΔΗ
1196 4317 1279 4372 H'.

442 4487 544 4541 Τὸν
569 4489 828 4562 ἀφράστῳ
875 4496 1099 4567 προνοίᾳ
1139 4498 1522 4569 δωρησάμενον
1557 4502 1834 4557 Βασίλειον
1862 4505 1939 4576 τῷ
1972 4515 2015 4570 1)

371 4579 579 4651 κόσμῳ,
625 4583 738 4653 φῶς
773 4586 1052 4651 εὐσεϐείας
1105 4590 1376 4659 σάλπιγγά
1432 4611 1490 4645 τε
1525 4595 1622 4664 τῆς
1665 4595 1939 4663 θεολογίας

371 4669 684 4742 [ὑμνοῦντες
705 4677 977 4751 λέγομεν]’
1008 4681 1314 4751 Εὐλογείτε,
1343 4685 1409 4738 τὰ
1429 4686 1565 4757 ἔργα
1597 4688 1688 4741 τοῦ
1708 4691 1933 4761 Κυρίου,

367 4765 457 4818 τὸν
489 4767 708 4838 Κύριον.

439 4882 542 4935 Τὸν
567 4884 778 4954 δαψιλεῖ
803 4887 1051 4959 ἐνεργείᾳ
1083 4890 1435 4962 ἐνοικήσαντα
1470 4893 1547 4963 τῷ
1588 4895 1736 4964 σοφῷ
1770 4896 1933 4948 Βασι-

365 4973 512 5046 λείῳ,
544 4979 637 5030 καὶ
680 4979 745 5030 δι’
774 4979 937 5033 αὐτοῦ
972 4982 1208 5045 εὐσεϐῶς
1244 4982 1654 5056 θεολογηθέντα·
1690 4989 1934 5056 Εὑλογεῖ-

364 5083 442 5126 τε,
473 5067 541 5121 τὰ
563 5069 697 5140 ἔργα
715 5069 808 5123 τοῦ
847 5073 1077 5142 Κυρίου,
1126 5073 1214 5126 τὸν
1250 5075 1471 5146 Κύριον.

439 5179 499 5233 Oi
523 5182 630 5233 τῶν
685 5181 840 5237 θείων
891 5201 982 5238 σου
1015 5186 1186 5255 λόγων
1232 5188 1618 5254 ἀπολαϐόντες,
1653 5193 1927 5260 Βασίλειε,

363 5271 653 5337 ἀπαύστως
683 5276 740 5327 ἐν
765 5278 828 5346 τῇ
864 5293 956 5328 σου
991 5279 1177 5349 μνήμῃ
1205 5280 1661 5352 πανηγυρίζοντες
1694 5283 1924 5354 βοῶμεν·

363 5363 666 5433 Εύλογεῖτε,
693 5366 760 5419 τὰ
777 5367 913 5438 ἔργα
945 5368 1038 5422 τοῦ
1069 5371 1296 5442 Κυρίου,
1317 5371 1406 5424 τὸν
1431 5373 1653 5444 Κύριον.

433 5478 542 5540 Τὰς
574 5479 796 5543 ἀκτῖνας
839 5480 946 5534 τῶν
993 5481 1165 5550 λόγων
1205 5483 1611 5551 ἐξαπέστειλας,
1660 5487 1926 5554 Βασίλειε,

359 5570 438 5641 τῷ
496 5571 703 5643 κόσμῳ,
743 5575 1210 5644 ’φωταγωγούσας
1273 5577 1400 5645 μίαν
1457 5577 1635 5631 σέϐειν
1702 5581 1927 5651 Τριάδος

360 5661 540 5729 φύσιν’
592 5663 896 5735 Εὐλογεῖτε,
955 5665 1023 5719 τὰ
1073 5666 1207 5738 ἔργα
1248 5668 1341 5722 τοῦ
1400 5669 1606 5740 Κυρίου
1682 5671 1773 5725 τὸν
1816 5673 1927 5727 Κύ-
1974 5688 1980 5694 ·

359 5772 492 5819 ριον.

3449 405 3650 447 οεοχεν

2082 583 2381 639 recludens.

2726 742 2861 798 ODE
2895 745 2981 801 Vl.

2147 887 2368 943 Animas
2403 906 2719 960 pauperum,
2744 895 3084 953 tabescentes
3109 900 3271 968 fame,
3298 903 3416 958 sine
3441 905 3643 960 invidia

2079 979 2370 1046 nutrivisti,
2402 992 2455 1034 et
2485 985 2840 1041 esurientium
2867 991 3051 1056 corda,
3079 989 3431 1059 Basili,omni
3465 998 3644 1052 divina

2076 1069 2365 1136 prudentia
2399 1073 2710 1142 implevisti.

2146 1181 2367 1238 Animas
2401 1186 2704 1243 esurientes
2738 1191 3013 1244 nutrivisti
3069 1193 3276 1249 caelesti
3338 1196 3639 1255 alimento:

2079 1289 2200 1326 nam
2259 1277 2412 1344 panis
2453 1279 2762 1348 angelorum
2790 1323 2804 1348 ,
2837 1299 2870 1336 ο
2902 1284 3091 1350 Basili,
3119 1295 3204 1342 est
3247 1303 3449 1355 sermo,
3492 1291 3646 1361 cuius

2074 1380 2197 1420 eras
2229 1367 2456 1439 largitor
2480 1373 2737 1441 optimus.

2145 1477 2297 1532 Sicut
2356 1482 2526 1550 apis,
2581 1483 2795 1550 Basili,
2851 1503 3080 1554 operose
3125 1490 3391 1561 collegisti
3452 1491 3636 1547 ﬂorent

2070 1572 2247 1626 omnis
2295 1572 2512 1630 virtutis
2539 1614 2554 1640 ,
2584 1584 2639 1632 et
2689 1586 2748 1630 ut
2783 1580 3000 1650 sapiens
3039 1597 3137 1650 per
3186 1598 3304 1638 eam
3362 1587 3639 1644 beatiﬁca-

2071 1661 2164 1715 ris.

2141 1774 2469 1832 Accelerasti
2496 1778 2737 1836 abscindi
2777 1797 2804 1835 a
2841 1785 3044 1840 mundo
3088 1797 3143 1841 et
3185 1787 3292 1842 Deo
3323 1790 3522 1846 vivere.
3557 1793 3641 1846 Id-

2068 1867 2216 1920 circo
2242 1883 2338 1937 pro
2367 1871 2527 1923 rebus
2550 1870 2894 1928 instabilibus
2924 1891 2988 1930 ac
3012 1878 3171 1932 ﬂuxis
3199 1919 3216 1944 ,
3241 1878 3400 1936 Pater
3425 1879 3466 1934 Β
3487 1883 3635 1948 asili,

2068 1967 2269 2010 mterna
2295 1958 2568 2027 sapienter
2596 1975 2926 2021 consecutus
2965 1980 3046 2022 es.

2715 2155 2851 2213 ODE
2881 2159 2990 2216 Vll.

2135 2345 2301 2382 riuus
2356 2343 2531 2398 Imago
2579 2340 2662 2384 est
2697 2329 2954 2401 Spiritus,
2998 2344 3054 2390 et
3103 2337 3340 2408 Spiritus
3367 2339 3530 2408 Filii;
3579 2355 3634 2398 tu

2063 2433 2213 2480 vero,
2249 2417 2438 2483 Basili,
2467 2419 2702 2486 Spiritus
2759 2423 3160 2481 immaculatum
3217 2431 3492 2499 speculum
3522 2473 3536 2497 ,
3582 2447 3638 2489 ct

2064 2510 2428 2564 habitaculum
2465 2513 2632 2565 totius
2669 2512 2978 2572 Trinitatis.
3007 2518 3171 2574 Beata
3202 2531 3288 2576 est
3324 2524 3397 2578 tui
3428 2541 3634 2580 memo-

2063 2601 2163 2664 ria,
2201 2610 2262 2653 et
2309 2601 2399 2668 qui
2453 2616 2569 2653 cam
2601 2604 2867 2670 recolunt,
2922 2608 3192 2676 recipiunt
3243 2617 3634 2670 remuneratio-

2061 2708 2206 2746 nem.

2129 2804 2360 2860 Mentem
2405 2806 2935 2879 incomprehensibili
2990 2815 3341 2882 prol'nnditati
3405 2819 3627 2874 immer-

2060 2913 2212 2966 gens,
2251 2909 2306 2953 et
2330 2901 2806 2972 colligcns'pretios
2825 2906 3067 2961 issimam
3109 2911 3434 2979 cognitionis
3484 2931 3631 2968 mar-

2059 2991 2287 3059 garitam
2315 3031 2330 3057 ,
2363 2993 2702 3061 locupletasti
2750 2998 2933 3051 orbem
2993 2999 3254 3068 sapientia
3279 3042 3296 3068 ,
3326 3012 3380 3057 et
3437 3005 3621 3061 docui-

2057 3081 2124 3134 sti
2167 3081 2443 3138 clamare:
2481 3082 2801 3143 Benedictus
2835 3103 2913 3153 es,
2965 3088 3104 3144 Deus
3135 3101 3350 3161 patrum
3403 3105 3626 3150 nostro-

1979 3171 2020 3229 C
2057 3188 2194 3225 l‘lllll.

2128 3284 2172 3338 Ο
2205 3287 2486 3342 consensio
2517 3289 2816 3344 animorum
2864 3300 2917 3344 et
2965 3301 3152 3346 sancta
3213 3295 3439 3350 societas
3471 3337 3484 3352 .
3519 3312 3624 3366 qua

2056 3375 2199 3429 velut
2223 3392 2360 3430 unus
2388 3386 2440 3431 et
2481 3377 2788 3434 individuus
2840 3380 2891 3434 in
2946 3383 3162 3450 gemino
3192 3399 3418 3455 corpore
3450 3387 3624 3458 Spiri-

2055 3474 2141 3520 tus
2169 3507 2184 3530 ,
2212 3467 2264 3519 in
2296 3465 2562 3538 Gregorio
2599 3467 2832 3524 Basilius
2871 3471 3055 3528 divino
3091 3489 3278 3529 amore
3314 3477 3516 3546 unitus,
3569 3481 3621 3534 in

2053 3559 2255 3613 Basilio
2277 3557 2577 3630 Gregorius
2599 3560 2716 3617 fuit.
2751 3563 2914 3618 Orate
2948 3580 3091 3621 nunc
3122 3581 3218 3635 pro
3250 3583 3413 3638 grege
3436 3581 3621 3624 nostro

2052 3649 2328 3706 Christum

2118 3761 2450 3835 Pupillorum
2486 3775 2663 3835 pater,
2689 3775 2960 3835 protector
2990 3767 3271 3824 viduarum
3297 3810 3311 3835 ,
3345 3772 3621 3841 0pulentia

2050 3871 2386 3926 pauperum,
2419 3859 2803 3926 acgrotantium
2838 3860 3078 3915 solamen
3101 3899 3115 3925 ,
3151 3871 3206 3915 et
3249 3862 3301 3916 in
3342 3862 3444 3918 hoc
3485 3867 3620 3920 mari

2048 3949 2422 4004 ﬂuctuantium
2447 3950 2898 4018 gubernaculum,
2933 3951 3157 4006 baculus
3177 3955 3491 4021 senectutis,
3527 3955 3620 4026 ju-

2046 4039 2285 4094 ventutis
2321 4039 2628 4105 instructio,
2660 4039 3028 4096 solitariorum
3065 4042 3252 4114 regula
3303 4042 3374 4099 ad
3402 4059 3618 4100 onmem

2047 4131 2298 4186 virtutem
2321 4145 2448 4197 es,o
2481 4130 2647 4188 Basili

2675 4309 2810 4367 ODE
2838 4309 2970 4366 Vlll.

2112 4525 2370 4581 lneﬂabili
2427 4528 2768 4596 providentia
2817 4545 3136 4586 concessum
3189 4548 3387 4588 munao
3444 4552 3595 4590 oasi-

2043 4617 2172 4671 lium
2202 4659 2217 4683 ,
2257 4619 2483 4687 pietatis
2536 4619 2812 4674 lucernam
2843 4660 2859 4686 ,
2908 4623 3088 4676 tubam
3145 4624 3422 4695 theologia?
3469 4625 3612 4698 [lan-

2039 4710 2228 4764 dantes
2255 4709 2524 4781 dicimus]
2560 4725 2574 4763 :
2606 4709 2937 4777 Benedicite,
2969 4725 3130 4782 opera
3160 4712 3395 4781 Domini,
3424 4717 3610 4771 Domi-

2037 4816 2188 4856 num.

2109 4909 2338 4980 Copiosa
2369 4913 2688 4980 operatione
2737 4914 3128 4971 inhabitantem
3156 4917 3376 4984 Basilio,
3405 4931 3457 4976 et
3489 4923 3604 4992 ipso

2037 5004 2306 5057 mediante
2333 5003 2418 5072 pie
2448 5005 2750 5074 expositum
2774 5024 2788 5062 :
2813 5006 3141 5073 Benedicite,
3167 5025 3326 5078 opera
3365 5012 3603 5081 Domini,

2037 5093 2346 5148 Dominum.

2106 5203 2205 5271 Qui
2236 5205 2431 5263 divinis
2465 5207 2570 5264 tuis
2603 5209 2948 5266 sermonibus
2978 5211 3231 5278 fruimur,
3261 5228 3294 5268 ο
3328 5214 3513 5280 Basili,
3537 5218 3589 5270 in

2036 5294 2110 5347 tui
2145 5298 2460 5351 memoriam
2495 5298 2684 5354 festive
2710 5303 3045 5371 congregati,
3075 5301 3370 5368 clamamus
3394 5323 3408 5360 :
3429 5305 3605 5362 Bene-

2038 5387 2221 5454 dicite,
2243 5405 2405 5460 opera
2434 5392 2668 5458 Domini,
2699 5392 2982 5448 Dominum

2103 5499 2305 5558 Radios
2337 5518 2646 5559 sermonum
2681 5513 2891 5560 tuorum
2927 5507 3126 5562 mundo
3158 5510 3409 5578 emisisti,
3439 5529 3472 5568 ο
3501 5513 3599 5568 Ba-

2030 5589 2138 5658 sili,
2171 5591 2476 5650 illuminans
2505 5611 2652 5662 eum,
2687 5607 2745 5650 ut
2775 5611 2937 5652 unam
2968 5598 3020 5652 in
3049 5597 3313 5657 Trinitate
3342 5616 3593 5662 naturam

2028 5696 2312 5754 venerans,
2337 5687 2514 5742 dicat:
2553 5687 2880 5758 Benedicite,
2919 5703 3080 5760 opera
3135 5693 3370 5765 Domini,
3417 5698 3596 5756 Domi-

2029 5786 2178 5827 num.
