4082 6218
451 337 668 379 (πείκετε

1103 427 1238 484 ODE
1270 425 1360 480 IX.

523 563 690 619 Primi
744 561 980 632 pastoris
1009 560 1238 626 Christi,
1273 570 1524 627 tanquam
1553 557 1672 611 ovis
1724 555 1840 622 ejus
1891 555 2022 608 lide-

451 657 550 723 lis,
588 656 808 725 vestigia
839 695 856 722 ,
904 653 1066 708 Basili
1097 693 1115 718 ,
1155 667 1216 707 es
1271 659 1491 705 secutus
1527 667 1540 702 :
1577 649 1808 701 animam
1849 647 2017 699 etiam

454 756 641 808 tuam,
687 745 869 809 Pater,
927 742 1198 796 tradidisti
1247 754 1478 811 tyranno
1506 777 1522 802 ,
1561 747 1616 791 et
1649 752 1745 805 pro
1779 735 2021 790 Ecclesia

449 850 786 907 quascunque
839 833 1080 904 pericula
1132 841 1385 903 prompte
1440 830 1690 894 subiisti,
1736 843 1768 882 o
1823 827 2024 882 beatis-

451 943 604 984 Sime.

526 1039 782 1095 Ecclesia:
802 1038 1006 1094 Christi
1043 1039 1444 1092 ﬁrmamentum
1480 1048 1740 1108 tyrannus
1793 1035 2026 1089 circum-

452 1131 686 1199 spiciens
713 1172 728 1197 ,
761 1141 854 1184 tuo
908 1131 1206 1200 praesulatu
1266 1130 1584 1183 adornatum
1620 1169 1635 1193 ,
1679 1144 1712 1181 ο
1757 1127 1974 1195 sapiens
2004 1165 2019 1191 ,

455 1231 598 1276 totus
628 1223 896 1276 attonitus
931 1222 1114 1274 animo
1143 1219 1381 1275 concidit
1409 1235 1421 1270 :
1455 1219 1715 1286 fulgorem
1762 1219 1904 1272 enim
1939 1233 2027 1271 co-

455 1313 728 1368 ruscantis
759 1327 826 1366 ex
858 1321 912 1366 te
943 1311 1187 1381 Spiritus
1217 1310 1487 1364 sustinere
1515 1308 1801 1378 nequibat,
1831 1322 1864 1361 ο
1922 1306 2026 1360 Ba-

527 1514 729 1586 Dignus
763 1513 1013 1569 inventus
1038 1528 1123 1581 es,
1163 1527 1196 1566 o
1248 1510 1432 1576 Basili,
1463 1510 1554 1581 qui
1603 1523 1830 1564 consors
1874 1521 2024 1563 esses

455 1607 726 1662 cathedrae
783 1607 1205 1675 aposwlorum,
1267 1598 1478 1659 chorea:
1539 1604 1866 1658 certantium
1922 1615 2022 1671 pro

454 1699 669 1753 Christo
715 1709 1011 1768 martyrum
1044 1741 1058 1763 ,
1115 1699 1544 1770 patriarcharum
1620 1695 1876 1758 unionis,
1932 1695 2023 1764 ju-

1835 307 2378 368 PhULbGOMENA.

2047 426 2096 483 Α

2777 422 2908 475 ΩΔΠ
2961 420 3037 479 8'.

2193 558 2298 611 Τοῦ
2345 559 2729 629 ἀρχιποιμένος
2773 559 2846 620 ὡς
2899 557 3169 629 πρόϐατον
3203 557 3392 613 πιστὸν
3433 559 3701 632 Χριστοῦ,

2124 649 2389 712 Βασίλειε,
2420 652 2531 713 τοῖς
2557 648 2859 720 ζωηφὸροις
2893 652 3094 720 ἴχνεσιν
3119 649 3584 720 ὲπηκολούθησας’
3619 651 3702 722 τῷ

2122 741 2369 812 τυράννῳ
2408 741 2516 813 γὰρ
2569 743 2666 812 τὴν
2701 741 2898 794 σαυτοῦ
2957 740 3154 812 ψυχὴν,
3197 741 3400 812 Πάτερ,
3433 742 3701 814 προδέδω-

2123 849 2246 897 κας,
2279 833 2708 903 προκινδυνεύων
2731 833 2927 904 ἄριστα
2951 832 3052 902 τῆς
3091 832 3432 902 Ἐκκλησίας,
3467 851 3701 904 παμμα-

2125 940 2373 995 καριστε.

2197 1038 2268 1089 Τὸ
2300 1039 2398 1108 τῆς
2431 1037 2751 1110 Ἐκκλησιας
2788 1046 3042 1108 πανιερον
3071 1037 3307 1109 Χριστοῦ
3343 1035 3569 1090 κατιδὼν
3601 1053 3696 1089 συ-

2126 1145 2328 1198 στημα,
2361 1129 2464 1180 ὑπὸ
2491 1129 2590 1198 τῆς
2633 1129 2732 1198 σῆς
2768 1129 3141 1200 κοσμούμενον
3195 1128 3501 1199 ἱεραρχίας,
3543 1126 3695 1194 σοφὲ,

2126 1222 2154 1271 ὁ
2201 1218 2451 1286 πανώλης
2497 1219 2905 1292 ἐμϐροντισθεὶς
2952 1220 3354 1273 καταπέπτωκε
3418 1217 3698 1288 τύραννος,

2124 1313 2221 1382 τὴν
2253 1313 2360 1383 γὰρ
2399 1315 2456 1365 ὲν
2489 1313 2569 1365 σοὶ
2621 1312 2713 1365 τοῦ
2769 1312 3082 1376 Πνεύαατος
3113 1311 3306 1382 αἴγλην
3347 1312 3448 1363 οὐκ
3477 1310 3698 1380 ἤνεγκε.

2127 1405 2394 1459 Βασίλειε.

2198 1519 2307 1588 Τῆς
2337 1518 2442 1571 τῶν
2465 1517 2775 1571 ἀποστόλων
2805 1517 3093 1588 καθέδρας,
3125 1517 3225 1587 τῆς
3262 1516 3479 1588 χορείας
3505 1531 3563 1566 τε
3591 1513 3704 1566 τῶν

2126 1610 2438 1682 ἀθλοφόρων
2484 1607 2747 1680 Χριστοῦ,
2788 1610 3142 1681 πατριαρχῶν
3189 1609 3420 1679 συνηνῆς
3462 1607 3555 1660 καὶ
3591 1604 3703 1657 τῶν

2127 1702 2348 1755 δικαίων
2388 1703 2618 1773 τρυςεῆς,
2647 1703 2744 1774 τῆς
2782 1704 2954 1772 χαρᾶς
2984 1719 3042 1755 τε
3074 1703 3180 1754 τῶν
3222 1699 3511 1772 προφητῶν
3541 1695 3705 1767 ἠξιώ-

455 1798 658 1843 storum
710 1767 1128 1855 exsultationis,
1153 1791 1332 1860 gaudii
1393 1789 1802 1857 prophetarum,
1851 1802 1882 1841 ο
1924 1785 2022 1839 Ba-

2129 1793 2250 1864 θης,
2298 1767 2566 1858 Batti-lete,
2742 1767 3005 1849 Θεοί-ὅκου
3051 1767 3281 1866 λατρεὺξ
3325 1767 3432 1863 γὰρ
3475 1791 3567 1844 καὶ
3607 1788 3707 1858 τῆς

457 1881 585 1946 sili;
625 1882 772 1938 fuisti
818 1884 959 1938 enim
997 1885 1238 1954 Deiparre
1276 1882 1475 1950 cultor,
1514 1890 1569 1937 et
1607 1890 1808 1951 mystes
1840 1877 2023 1933 Trini-

456 1972 607 2030 tatis.

2129 1885 2355 1957 Τριὰδος
2389 1885 2597 1956 μύστης
2629 1886 2894 1954 γέγωνας.
