4082 6218
461 383 3717 450 Η
644 406 1089 414 “““”’“““““““’
1117 405 1210 412 ““-
1231 405 1264 411 “”
1291 404 1532 437 ""‘_———"
1484 404 1520 410 ’“
1539 402 1616 436 ““-“
1632 399 1864 410 “““““
1869 400 1955 408 ““·”’
1979 400 2019 407 ““·
2036 399 2134 407 “““’“
2151 392 3682 406 "

1597 430 1840 436 .-Ἥ
1868 426 2464 434 -ςν-..ς--ύ-ὐ-ο--ο-
2497 427 2778 433 -——_————--—
2813 421 3368 432 -—-—-——-—-~————————'-‘-
3682 431 3687 436 ,

774 727 1354 824 MONITUM
1390 706 1577 815 “AD
1649 722 2245 817 HOMILIAS
2318 726 2386 814 Il

1744 722 2245 817 OMILIAS
2318 725 2445 814 IN
2519 724 3356 819 HEXAEMERON

544 1384 686 1442 Sunt
711 1390 803 1461 qui
836 1392 1149 1449 existiment
1174 1392 1433 1450 Basiliam
1469 1393 1719 1463 Magnum
1748 1394 2170 1449 commentarios
2196 1395 2247 1447 in
2274 1401 2442 1449 totam
2476 1392 2812 1461 Scripturam
2831 1387 3291 1459 contexuisseﬂ):
3324 1385 3419 1442 sed
3453 1401 3576 1441 cum
3601 1388 3721 1440 hac

472 1477 659 1545 opinio
688 1481 806 1535 sola
857 1482 1167 1538 Cassiodori
1220 1486 1546 1540 auctoritate
1574 1487 1801 1551 nitatur,
1833 1500 1896 1539 ea
1929 1488 1995 1539 de
2039 1499 2096 1538 re
2128 1484 2362 1539 dubitari
2395 1498 2556 1552 posse
2584 1484 2916 1537 arbitramur
2937 1523 2952 1547 ,
2999 1479 3304 1550 praesertim
3351 1494 3473 1532 cum
3516 1478 3582 1532 de
3616 1477 3718 1531 hac

466 1573 986 1628 commentariorum
1020 1576 1158 1631 mole
1189 1577 1356 1630 altum
1389 1578 1459 1631 sit
1496 1577 1772 1632 silentium
1804 1578 1944 1646 apud
1970 1577 2326 1647 antiquiores.
2364 1575 2637 1631 Habemus
2673 1577 2968 1630 etiamnum
2996 1574 3246 1628 liomilias
3278 1586 3468 1627 novem
3506 1570 3559 1625 in
3583 1585 3718 1640 opus

465 1676 562 1715 sex
597 1663 827 1728 dierum,
864 1668 966 1721 hoc
996 1679 1116 1733 est,
1153 1674 1209 1725 in
1243 1670 1629 1734 Hexaemeron,
1664 1671 1942 1725 orationes
1974 1672 2159 1727 decem
2203 1681 2256 1724 et
2296 1681 2501 1739 septem
2551 1670 2604 1724 in
2642 1671 2906 1738 quosdam
2942 1667 3209 1731 Psalmos,
3238 1666 3628 1734 amplissimum
3662 1665 3718 1721 in

465 1753 648 1821 priora
673 1757 944 1812 sexdecim
979 1760 1131 1816 Isaia:
1162 1764 1340 1833 capita
1374 1764 1851 1819 commentarium.
1889 1762 2068 1817 Pauca
2102 1763 2322 1833 quidem
2359 1762 2477 1816 haec
2510 1770 2661 1825 sunt,
2688 1761 2731 1815 si
2771 1770 3154 1829 comparentur
3184 1768 3323 1814 cum‘
3345 1759 3411 1812 iis
3441 1771 3719 1812 common.

466 1845 623 1900 tariis
647 1848 737 1915 qui
774 1849 905 1905 olim
934 1850 1137 1909 Basilio
1168 1856 1353 1911 tributi
1397 1856 1548 1911 fuere
1582 1876 1596 1911 :
1627 1857 1720 1912 sed
1762 1864 1939 1909 tamen
1966 1858 2319 1923 quorumdam
2363 1853 2675 1925 γνησιότης,
2730 1864 2791 1907 ut
2834 1851 2962 1907 mihi
2999 1853 3210 1921 quidem
3238 1851 3467 1912 videtur,
3507 1849 3629 1918 jure
3653 1861 3719 1903 ao

470 1939 665 1992 merito
689 1952 938 2010 suspecta
968 1947 1137 2000 videri
1167 1957 1363 2016 potest.
1395 1950 1471 2003 De
1498 1950 1587 2004 his
1623 1949 1677 2002 in
1703 1947 2060 2014 Prazfatione,
2087 1949 2176 2004 ubi
2212 1950 2277 2004 de
2304 1950 2546 2019 qualibet
2585 1963 2641 2001 re
2674 1962 2773 2001 suo
2801 1947 2993 2001 ordine
3022 1961 3083 1999 ac
3114 1947 3231 1999 loco
3256 1944 3577 2013 disputatur.
3613 1942 3718 1994 Ve-

467 2032 609 2080 teres
638 2036 816 2083 autem
842 2034 1029 2100 quanti
1072 2034 1436 2091 Hexaemeron
1491 2039 1743 2104 fecerint,
1782 2054 1906 2093 esse
1951 2039 2226 2093 hominem
2258 2040 2349 2108 qui
2393 2040 2605 2108 ignoret
2636 2039 2877 2093 arbitror
2908 2037 3199 2091 neminem.
3250 2036 3378 2104 Ejus
3420 2035 3720 2089 meminero

463 2112 758 2187 Gregorius
785 2121 1176 2192 Nazianzenus,
1222 2129 1525 2201 Gregorius
1551 2131 1849 2201 Nyssenus,
1898 2132 2279 2204 Hieronymus,
2310 2134 2563 2187 Socrates
2587 2131 2667 2203 (2)
2693 2142 2747 2187 et
2782 2132 2894 2185 alii.
2940 2132 3245 2200 Optandum
3281 2140 3429 2184 certe
3459 2136 3622 2192 esset,
3657 2137 3718 2180 ut

465 2207 698 2266 lectores
724 2214 810 2269 liis
841 2219 1181 2275 orationibus
1207 2222 1446 2293 legendis
1480 2225 1553 2277 ita
1582 2226 1739 2280 hodie
1771 2225 2136 2291 afﬁcerentur,
2166 2236 2223 2280 ut
2261 2226 2597 2281 alliciebatur
2634 2225 2762 2280 olim
2806 2225 3102 2293 Gregorius
3136 2222 3531 2285 Nazianzenus,
3562 2220 3716 2287 cujus

466 2298 578 2354 haec
598 2312 724 2359 sunt
751 2307 913 2362 verba
948 2329 960 2363 :
996 2310 1164 2366 Ὅταν
1197 2314 1297 2386 τὴν
1335 2314 1703 2385 Ἐξαήμερον
1731 2318 1897 2370 αὐτοῦ
1932 2317 2424 2389 μεταχειρίζωμαι,
2455 2316 2547 2370 καὶ
2578 2318 2665 2371 διὰ
2706 2314 2959 2388 γλώσσης
2982 2316 3153 2388 φέρω,
3191 2314 3329 2387 μετὰ
3358 2312 3449 2366 τοῦ
3478 2311 3717 2366 Κτίστου

462 2394 704 2467 γίνομαι,
732 2402 825 2454 καὶ
857 2406 1109 2471 γινώσκω
1150 2410 1380 2475 κτίσεως
1414 2410 1639 2478 λόγους,
1680 2411 1775 2465 καὶ
1816 2410 2081 2482 θαυμάζω
2110 2409 2200 2464 τὸν
2224 2410 2466 2481 Κτίστην
2500 2411 2661 2464 πλέον
2693 2408 2725 2481 ἢ
2770 2410 3054 2482 πρότερον,
3081 2410 3201 2478 ὄψει
3243 2408 3380 2480 μόνῃ
3416 2402 3721 2472 διδασκάλῳ

462 2484 768 2557 χρώμενος.
809 2510 828 2543 ι
869 2494 1003 2549 Cum
1036 2497 1400 2554 Hexaemeron
1434 2502 1578 2556 illius
1618 2503 1670 2556 in
1710 2518 1904 2556 manus
1929 2518 2109 2567 sumo,
2146 2514 2309 2572 atque
2345 2506 2398 2557 in
2428 2518 2523 2557 ore
2556 2501 2750 2568 habeo,
2793 2517 2915 2556 cum
2949 2501 3206 2557 Creatore
3248 2499 3551 2568 conjungor
3587 2536 3600 2557 ,
3655 2510 3720 2547 ac

464 2578 761 2635 creationis
790 2583 1028 2640 rationes
1071 2602 1332 2657 agnosco,
1368 2589 1800 2659 Creatoremque
1843 2590 2015 2657 magis
2046 2591 2288 2644 admiror
2328 2606 2392 2644 ac
2431 2590 2692 2659 suspicio,
2744 2605 2904 2658 quam
2942 2590 3093 2657 prius
3126 2588 3391 2650 solebant,
3433 2601 3557 2641 cum
3602 2585 3718 2639 solo

469 2682 689 2738 aspectu
715 2674 979 2745 magistro
1013 2686 1215 2733 uterer.
1262 2699 1282 2734 ›
1316 2680 1604 2736 Ascribam
1653 2691 1706 2736 et
1739 2682 1905 2735 verba
1941 2679 2196 2748 Gregorii
2240 2679 2491 2750 Nysseni,
2526 2680 2615 2747 qui
2648 2681 2715 2734 de
2740 2678 2933 2733 eodem
2966 2678 3056 2732 illo
3092 2692 3257 2744 opere
3290 2688 3397 2730 tam
3430 2678 3719 2747 magniﬁce

477 2761 691 2819 locutus
729 2776 834 2829 est,
871 2777 926 2822 ut
963 2772 1179 2824 modum
1212 2775 1481 2827 excedere
1518 2775 1794 2828 videatur.
1832 2771 1911 2827 lla
1940 2784 2089 2826 auter

2106 2787 2121 2825 ι
2154 2772 2372 2841 scripsit
2402 2791 2415 2825 :
2452 2772 2575 2825 Τῶν
2600 2772 2709 2843 γὰρ
2747 2772 2888 2825 κατὰ
2916 2770 3067 2823 θείαν
3096 2768 3383 2822 ἐπίπνοιαν
3408 2772 3465 2823 ἐν
3499 2771 3565 2839 τῇ
3619 2784 3718 2821 κο-

463 2857 728 2929 σμογονίᾳ
760 2858 1227 2931 φιλοσοφηθέντων
1248 2863 1325 2935 τῷ
1353 2864 1574 2936 μεγάλῳ
1599 2867 1807 2937 Μωῦσῇ
1830 2909 1845 2923 .
1871 2904 1884 2917 .
1904 2907 1919 2921 .
1944 2905 1957 2919 .
1984 2865 2250 2931 ἐπέταξας
2266 2869 2397 2938 ἡμῖν
2420 2867 2509 2919 διά
2526 2883 2669 2928 τινος
2692 2863 2985 2919 ἀκολούθου
3006 2861 3239 2926 διανοίας
3269 2864 3349 2924 εἰς
3368 2859 3557 2932 εἱρμὸν
3585 2861 3719 2931 ἀγα-

460 2950 599 3018 γεῖν,
622 2949 719 3001 καὶ
752 2952 1148 3022 συμφωνοῦσαν
1177 2955 1313 3027 πρὸς
1335 2958 1533 3030 ἑαυτὴν
1560 2958 1840 3024 ἀποδεῖξαι
1864 2957 1964 3028 τὴν
1993 2956 2154 3024 ἁγίαν
2178 2958 2401 3030 Γραφήν
2421 2973 2434 2988 ο
2480 2958 2575 3011 καὶ
2608 2956 2785 3009 ταῦτα
2822 2954 2959 3025 μετὰ
2991 2955 3089 3029 τὴν
3122 2953 3476 3006 θεόπνευστον
3503 2952 3718 3025 ἐκείνην

458 3040 556 3094 τοῦ
587 3042 798 3112 Πατρὸς
826 3045 983 3115 ήμῶν
1016 3049 1097 3110 εἰς
1126 3048 1187 3100 τὸ
1216 3050 1579 3120 προκείμενον
1603 3048 1855 3122 θεωρίαν,
1880 3051 1948 3122 ἣν
1981 3052 2029 3104 οἱ
2054 3051 2356 3117 ἐγνωκότες
2386 3050 2611 3113 πάντες.
2638 3048 2792 3102 οὐδὲν
2814 3048 3032 3101 ἔλαττον
3070 3046 3178 3099 τῶν
3203 3044 3350 3116 αὐτῷ
3384 3046 3591 3116 Μωῦσῇ
3617 3061 3716 3098 πε-

462 3135 911 3206 φιλοσοφημένων
954 3138 1346 3211 θαυμάσουσιν,
1389 3138 1447 3196 εὖ
1483 3143 1576 3195 καὶ
1609 3143 1863 3207 εἰκότως,
1903 3136 2056 3212 οἶμαι

2126 3143 2285 3197 τοῦτο
2317 3143 2620 3207 ποιοῦντες.
2654 3160 2673 3192 r
2717 3141 2808 3195 Vis
2840 3141 2981 3195 enim
3011 3148 3071 3191 ut
3105 3153 3225 3207 quae
3253 3138 3459 3192 caelesti
3499 3136 3718 3191 numine

465 3222 677 3279 amatus
707 3227 773 3281 de
802 3230 985 3282 mundi
1010 3231 1389 3298 procreatione
1428 3246 1655 3302 magnus
1690 3232 1903 3303 Moyses
1933 3233 2170 3302 prodidit
2210 3234 2560 3288 monimentis
2594 3234 2920 3296 litterarum,
2945 3231 3134 3285 ordine
3160 3229 3390 3299 quodam
3412 3230 3717 3299 disponam,

471 3326 829 3387 sanctamque
859 3318 1197 3390 Scripturam
1234 3323 1338 3377 sibi
1369 3324 1467 3392 ipsi
1496 3326 1926 3381 consentientem
1959 3342 2026 3381 ac
2054 3336 2396 3383 constantem
2424 3340 2544 3380 esse
2576 3328 2981 3389 demonstrem;
3014 3324 3176 3393 idque
3214 3330 3335 3393 post
3366 3323 3605 3378 divinam
3650 3323 3720 3375 il—

465 3404 571 3459 lam
606 3406 787 3463 Patris
812 3412 984 3466 nostri
1025 3413 1076 3466 in
1118 3414 1257 3467 idem
1310 3426 1693 3485 argumentum
1737 3417 2277 3482 commentationem,
2304 3432 2467 3489 quam
2508 3417 2599 3485 qui
2633 3416 2901 3484 legerunt,
2939 3429 3045 3469 non
3081 3414 3261 3469 minus
3288 3429 3449 3484 quam
3478 3428 3564 3479 ea,
3594 3429 3720 3485 quas

468 3500 536 3554 ab
568 3502 681 3570 ipso
716 3502 900 3575 Moyse
926 3507 1223 3577 perscripta
1252 3518 1399 3571 sunt,
1439 3525 1628 3566 omnes
1654 3511 1995 3565 admirantur
2026 3530 2041 3566 :
2078 3520 2134 3566 et
2168 3512 2385 3576 merito,
2412 3525 2529 3565 mea
2565 3509 2781 3579 quidem
2812 3509 3105 3564 sententia.
3152 3528 3170 3561 ι

546 3593 668 3648 Alia
698 3596 918 3663 quidem
956 3598 1188 3666 ratione,
1226 3602 1319 3654 sed
1354 3600 1657 3657 eﬂlcaciore
1687 3603 1856 3657 multo
1883 3612 1939 3657 et
1967 3604 2037 3656 ad
2077 3603 2512 3673 persuadendum
2544 3604 2753 3673 aptiore
2799 3604 2903 3657 hoc
2953 3602 3094 3656 idem
3144 3615 3281 3669 opus
3317 3600 3721 3656 commendavit

467 3685 811 3754 Ambrosius,
846 3691 996 3756 dum,
1033 3693 1176 3761 quod
1202 3691 1431 3747 Basilius
1453 3694 1748 3764 scripserat
1775 3694 1984 3761 Grzece,
2010 3695 2065 3751 id
2092 3697 2209 3765 ipse
2243 3692 2435 3749 Latine
2462 3694 2714 3748 reddidit.
2764 3693 2830 3747 Et
2866 3708 3020 3759 vero,
3067 3706 3226 3746 nemo
3264 3690 3477 3760 opinor,
3527 3692 3715 3756 homo,

476 3778 567 3845 qui
594 3792 885 3850 utrumque
909 3798 1047 3852 opus
1076 3784 1292 3854 legerit,
1325 3786 1655 3840 inﬁciabitur
1680 3788 2027 3842 Ambrosium
2059 3788 2114 3843 in
2157 3788 2264 3843 illis
2287 3788 2397 3841 suis
2439 3785 2780 3841 orationibus
2816 3784 3147 3853 interpretis,
3190 3799 3296 3838 non
3328 3783 3567 3838 auctoris
3600 3798 3722 3836 mu-

471 3886 599 3925 nere
629 3872 977 3940 perl‘unctum
1014 3874 1203 3931 fuisse.
1237 3876 1437 3931 Fateor
1469 3878 1687 3946 quidem
1718 3879 2068 3935 Ambrosium
2120 3895 2227 3935 non
2260 3879 2393 3932 nihil
2434 3878 2501 3932 de
2553 3893 2651 3933 suo
2680 3878 2900 3942 addere,
2941 3877 3178 3941 demere,
3211 3884 3584 3944 transponere,
3616 3874 3720 3928 im-

468 3973 679 4019 mutare
710 3980 725 4018 :
757 3965 852 4018 sed
888 3965 961 4018 ita
1012 3975 1215 4033 tamen,
1249 3978 1308 4021 ut
1356 3968 1713 4039 interpretem
1751 3981 1895 4041 agat,
1925 3973 2313 4041 interpretem,
2369 3970 2612 4037 inquam,
2655 3984 2760 4023 non
2811 3967 3209 4037 scrupulosum,
3258 3967 3351 4021 sed
3386 3965 3715 4021 liberiorem.

466 4054 644 4122 Quare
679 4056 723 4112 si
755 4061 971 4125 quando
1006 4059 1060 4113 in
1102 4060 1394 4115 Ambrosio
1431 4072 1726 4116 occurrant
1771 4062 1889 4117 loca
1926 4064 2173 4131 quaedam
2223 4060 2481 4125 diﬂicilia,
2534 4061 2805 4131 perplexa,
2839 4061 3205 4127 subobscura,
3270 4066 3546 4127 corrupta,
3599 4073 3722 4129 qua:

467 4145 737 4203 facessant
768 4150 1038 4221 negotium
1074 4151 1286 4217 lectori,
1316 4152 1365 4207 ei
1398 4163 1589 4207 auctor
1623 4169 1741 4207 sum
1766 4163 1825 4207 ut
1859 4155 1923 4206 ad
1952 4154 2209 4209 Basilium
2229 4153 2523 4223 confugiat,
2556 4168 2727 4223 eoque
2761 4153 3021 4224 magistro
3042 4168 3106 4207 ac
3133 4153 3270 4207 duce
3295 4160 3500 4207 utatur.

541 4236 1047 4295 ConstatBasilium
1087 4244 1170 4298 bis
1197 4242 1284 4298 die
1320 4244 1704 4299 conciouatum
1733 4245 1929 4310 fuisse,
1985 4248 2269 4301 matutinis
2303 4247 2453 4301 boris
2489 4255 2653 4315 atque
2701 4246 3059 4315 vespertinis;
3106 4246 3267 4314 idque
3305 4255 3549 4313 tempore
3577 4241 3719 4307 Qua-

468 4328 788 4400 dragesima:
819 4351 831 4387 :
883 4335 977 4387 sed
1013 4349 1120 4403 quo
1150 4350 1315 4403 anno,
1368 4335 1529 4391 valde
1574 4336 1867 4392 incertum.
1895 4337 2013 4392 Non
2039 4338 2265 4393 deluere
2289 4340 2380 4406 qui
2408 4354 2472 4392 ex
2498 4338 2763 4392 orationis
2785 4345 2989 4391 octavae
3020 4337 3203 4392 verbis
3230 4337 3530 4408 judicarint
3561 4333 3720 4389 Basio

469 4421 623 4487 lium,
653 4439 773 4492 qua:
812 4435 932 4480 erat
961 4428 1061 4480 viri
1090 4427 1368 4492 facundia,
1399 4429 1690 4483 conciones
1723 4430 1821 4484 has
1848 4431 1914 4484 ad
1943 4430 2201 4499 populum
2229 4446 2297 4485 ex
2328 4441 2573 4499 tempore
2606 4429 2875 4485 habuisse.
2906 4430 2974 4485 Et
3010 4431 3254 4500 quidem,
3282 4431 3326 4485 si
3358 4429 3489 4483 ﬁdes
3525 4426 3723 4484 Ruﬁno

469 4518 772 4573 adhibenda
806 4519 877 4574 sit
919 4516 1021 4591 (3),
1044 4520 1124 4574 sic
1153 4520 1465 4576 concionari
1492 4522 1706 4577 solebat
1733 4521 1992 4578 Basilius.

549 4612 918 4668 Hexaemeron
945 4613 1129 4669 Basilii
1168 4615 1298 4669 olim
1320 4618 1370 4669 in
1401 4617 1635 4685 linguam
1664 4617 1911 4672 Latinam
1947 4619 2229 4673 transtulit
2254 4618 2608 4674 Eustathius:
2638 4618 2731 4672 sed
2762 4616 2894 4671 nihil
2923 4626 3005 4671 est
3041 4614 3181 4683 quod
3208 4614 3296 4669 hic
3324 4613 3391 4667 de
3410 4613 3525 4682 ejus
3548 4623 3724 4670 intera

471 4708 779 4776 pretatione
811 4707 1221 4778 proloquamur,
1255 4722 1378 4761 cum
1406 4708 1459 4762 id
1494 4723 1631 4778 opus
1656 4708 1711 4763 in
1748 4710 2289 4780 Appendicqeditum
2327 4711 2511 4764 videre
2540 4709 2741 4780 cuique
2774 4709 2955 4763 liceat.
2997 4707 3226 4761 Easdem
3254 4705 3352 4761 lias
3381 4705 3565 4761 Basilii
3595 4722 3720 4762 ora-

474 4800 660 4855 tiones
689 4800 962 4854 transtulit
986 4814 1225 4870 quoque,
1252 4801 1613 4871 quorumdam
1649 4801 1865 4873 judicio
1892 4803 1995 4874 (4),
2021 4803 2313 4873 Dionysius
2338 4802 2582 4873 Exiguus
2614 4820 2629 4855 :
2673 4803 2766 4857 sed
2797 4817 2902 4857 oua
2955 4803 3285 4857 auctoritate
3322 4807 3378 4853 et
3406 4807 3605 4859 auibus
3632 4810 3717 4855 te-

470 4895 741 4950 stimoniis
769 4894 973 4948 dictum
998 4894 1050 4949 id
1074 4895 1164 4959 sit,
1191 4895 1532 4966 ignoramus.
2308 4896 2312 4900 ’

545 4986 787 5041 Necesse
809 5000 915 5039 non
951 4995 1036 5039 est
1062 4986 1230 5041 multa
1263 4988 1366 5042 hoc
1394 4987 1515 5043 loco
1542 4988 1723 5045 dicere
1748 5002 1817 5046 de
1842 4989 2026 5045 tribus
2055 4990 2414 5055 orationibus,
2438 5004 2666 5059 quarum
2697 4989 2817 5043 dua:
2846 4988 3056 5059 priores
3090 4988 3303 5056 scripta:
3348 4993 3479 5041 sunt
3523 4988 3590 5043 de
3620 4985 3718 5039 bo-

474 5077 637 5131 minis
665 5076 1009 5143 formatione,
1041 5079 1201 5131 tertia
1224 5079 1291 5133 de
1320 5079 1595 5148 paradiso.
1628 5080 1762 5137 Nam
1791 5095 1855 5137 ea
1887 5082 1957 5136 de
1986 5096 2049 5137 re
2098 5081 2232 5137 satis
2259 5080 2376 5137 fuse
2424 5080 2481 5135 in
2528 5079 2856 5136 Prmfatione
2886 5080 3202 5149 disputatur
3235 5097 3249 5133 :
3293 5094 3457 5149 quam
3492 5079 3587 5149 qui
3629 5094 3731 5134 vo-

472 5172 603 5240 lent,
631 5173 809 5245 legere
836 5182 1088 5243 poterunt
1116 5171 1143 5244 ς
1170 5171 1211 5239 l,
1241 5190 1294 5229 ιι.
1322 5175 1418 5229 15.

478 5500 495 5508 ,
545 5441 621 5509 (1)
646 5439 842 5495 Baron.
880 5439 1018 5505 3'78;
1052 5438 1296 5494 Cassiod.
1327 5436 1403 5492 De
1430 5438 1558 5492 inst.
1682 5435 1808 5492 538.
3218 5501 3222 5504 ἠ

516 5510 801 5563 σαυϐτθει.
830 5511 961 5563 Naz.
994 5522 1134 5563 orat.
1165 5509 1257 5563 20.
1299 5522 1351 5563 ο.
1394 5509 1531 5563 565:
1624 5522 1735 5563 res.
1779 5507 1938 5563 sts.
1982 5508 2233 5563 llexaem.
2289 5527 2339 5563 ι).
2381 5511 2446 5563 t.
2490 5510 2526 5563 2
2576 5519 2627 5563 et
2679 5525 2731 5563 ι).
2769 5509 2874 5563 45ε
2915 5508 3231 5563 liicronvm.
3278 5506 3387 5563 V.i

481 5505 801 5580 °e(2)Greg.
830 5511 961 5567 Νη.
994 5522 1134 5564 orat.
1165 5509 1257 5576 20,
1298 5522 1351 5578 p.
1394 5509 1531 5573 565;
1573 5505 1735 5579 Greg.
1779 5507 1938 5577 Nyss.
1982 5508 2085 5564 "ea

473 5575 633 5636 Sacr.
675 5581 769 5634 lib.
794 5596 880 5636 tv.
909 5596 961 5634 c.
997 5579 1089 5635 26.

2116 5526 2233 5567 rem.
2287 5527 2339 5583 p.
2381 5511 2446 5577 t,
2490 5510 2526 5564 2
2576 5519 2627 5565 et
2679 5525 2731 5580 p.
2769 5509 2874 5578 45;
2915 5508 3231 5581 liieronym.
3278 5506 3340 5563 V.
3373 5507 3453 5563 ill.
3502 5505 3728 5576 c.l16;

551 5620 633 5718 δέ).
793 5620 1089 5714 ίίζόἶ’9ῗ”

551 5720 625 5791 μ)
653 5720 781 5775 Elim
805 5721 1019 5790 Dupini,
1061 5730 1168 5778 etc.

797 5818 1069 5880 PATROL.
1128 5820 1247 5881 Gn.
1329 5820 1569 5883 XXIX.
3388 5824 3421 5885 1
