  <div class='ocr_page' id='page_1' title='image "/cluster/home/n/w/nwhite01/storage/ocr_20150623/29/mdp.39015012934371/410.png"; bbox 0 0 4082 6218; ppageno 0'>
   <div class='ocr_carea' id='block_1_1' title="bbox 453 346 2024 425">
    <p class='ocr_par' dir='ltr' id='par_1_1' title="bbox 453 346 2024 414">
     <span class='ocr_line' id='line_1_1' title="bbox 453 346 2024 414; baseline -0.003 0"><span class='ocrx_word' id='word_1_1' title='bbox 453 353 495 414; x_wconf 69' lang='grc' dir='ltr'><strong>ὅ</strong></span> <span class='ocrx_word' id='word_1_2' title='bbox 1587 346 1868 413; x_wconf 74' lang='lat' dir='ltr'><strong>HOMlLlA</strong></span> <span class='ocrx_word' id='word_1_3' title='bbox 1907 349 1924 410; x_wconf 90' lang='grc'><strong>1</strong></span> <span class='ocrx_word' id='word_1_4' title='bbox 1963 357 2024 410; x_wconf 78' lang='lat' dir='ltr'><strong>1N</strong></span> 
     </span>
    </p>
   </div>
   <div class='ocr_carea' id='block_1_2' title="bbox 2131 346 3708 425">
    <p class='ocr_par' dir='ltr' id='par_1_2' title="bbox 2131 347 3708 425">
     <span class='ocr_line' id='line_1_2' title="bbox 2131 347 3708 425; baseline 0.008 -13"><span class='ocrx_word' id='word_1_5' title='bbox 2131 347 2566 416; x_wconf 58' lang='lat' dir='ltr'><strong>aususnon.</strong></span> <span class='ocrx_word' id='word_1_6' title='bbox 3669 366 3708 425; x_wconf 84' lang='lat'><strong>6</strong></span> 
     </span>
    </p>
   </div>
   <div class='ocr_carea' id='block_1_3' title="bbox 462 469 2024 554">
    <p class='ocr_par' dir='ltr' id='par_1_3' title="bbox 462 469 2024 551">
     <span class='ocr_line' id='line_1_3' title="bbox 462 469 2024 551; baseline 0.003 -21"><span class='ocrx_word' id='word_1_7' title='bbox 462 476 857 547; x_wconf 81' lang='grc' dir='ltr'>ερευνήσασθαι</span> <span class='ocrx_word' id='word_1_8' title='bbox 891 469 1052 548; x_wconf 75' lang='grc' dir='ltr'>ἡλίκα</span> <span class='ocrx_word' id='word_1_9' title='bbox 1084 477 1192 531; x_wconf 82' lang='grc' dir='ltr'>τῶν</span> <span class='ocrx_word' id='word_1_10' title='bbox 1225 480 1432 551; x_wconf 79' lang='grc' dir='ltr'>μικρῶν</span> <span class='ocrx_word' id='word_1_11' title='bbox 1480 481 1670 549; x_wconf 84' lang='grc' dir='ltr'>φωνῶν</span> <span class='ocrx_word' id='word_1_12' title='bbox 1696 480 1897 534; x_wconf 87' lang='grc' dir='ltr'>τούτων</span> <span class='ocrx_word' id='word_1_13' title='bbox 1922 482 2024 534; x_wconf 55' lang='grc' dir='ltr'>ἐστ)</span> 
     </span>
    </p>
   </div>
   <div class='ocr_carea' id='block_1_4' title="bbox 2131 469 3700 554">
    <p class='ocr_par' dir='ltr' id='par_1_4' title="bbox 2143 483 3700 554">
     <span class='ocr_line' id='line_1_4' title="bbox 2143 483 3700 554; baseline 0.008 -20"><span class='ocrx_word' id='word_1_14' title='bbox 2143 483 2469 549; x_wconf 83' lang='lat' dir='ltr'><strong>pendamus,</strong></span> <span class='ocrx_word' id='word_1_15' title='bbox 2524 493 3028 552; x_wconf 86' lang='lat' dir='ltr'><strong>perscrutemurque</strong></span> <span class='ocrx_word' id='word_1_16' title='bbox 3073 494 3271 554; x_wconf 88' lang='lat' dir='ltr'><strong>quanta</strong></span> <span class='ocrx_word' id='word_1_17' title='bbox 3328 487 3413 542; x_wconf 86' lang='lat' dir='ltr'><strong>his</strong></span> <span class='ocrx_word' id='word_1_18' title='bbox 3468 490 3700 548; x_wconf 73' lang='lat' dir='ltr'><strong>exilibus</strong></span> 
     </span>
    </p>
   </div>
   <div class='ocr_carea' id='block_1_5' title="bbox 462 569 2034 642">
    <p class='ocr_par' dir='ltr' id='par_1_5' title="bbox 462 569 2034 642">
     <span class='ocr_line' id='line_1_5' title="bbox 462 569 2034 642; baseline 0.003 -22"><span class='ocrx_word' id='word_1_19' title='bbox 462 572 528 620; x_wconf 74' lang='grc' dir='ltr'><strong>τὰ</strong></span> <span class='ocrx_word' id='word_1_20' title='bbox 580 569 975 639; x_wconf 81' lang='grc' dir='ltr'>σημαινόμενα,</span> <span class='ocrx_word' id='word_1_21' title='bbox 1019 570 1412 640; x_wconf 73' lang='grc' dir='ltr'><strong>ἐνθυμηθῶμεν</strong></span> <span class='ocrx_word' id='word_1_22' title='bbox 1457 570 1539 634; x_wconf 87' lang='grc' dir='ltr'><strong>τίς</strong></span> <span class='ocrx_word' id='word_1_23' title='bbox 1579 574 1608 623; x_wconf 98' lang='lat'><strong>6</strong></span> <span class='ocrx_word' id='word_1_24' title='bbox 1657 572 2034 642; x_wconf 83' lang='grc' dir='ltr'>διαλεγόμενος</span> 
     </span>
    </p>
   </div>
   <div class='ocr_carea' id='block_1_6' title="bbox 463 660 2031 732">
    <p class='ocr_par' dir='ltr' id='par_1_6' title="bbox 463 660 2031 732">
     <span class='ocr_line' id='line_1_6' title="bbox 463 660 2031 732; baseline 0.003 -21"><span class='ocrx_word' id='word_1_25' title='bbox 463 660 613 730; x_wconf 79' lang='grc' dir='ltr'><strong>ἡμῖν.</strong></span> <span class='ocrx_word' id='word_1_26' title='bbox 659 661 802 712; x_wconf 87' lang='grc' dir='ltr'>Διὸτι</span> <span class='ocrx_word' id='word_1_27' title='bbox 840 662 943 714; x_wconf 80' lang='grc' dir='ltr'><strong>κᾶν</strong></span> <span class='ocrx_word' id='word_1_28' title='bbox 975 661 1072 732; x_wconf 78' lang='grc' dir='ltr'>τῆς</span> <span class='ocrx_word' id='word_1_29' title='bbox 1117 661 1338 731; x_wconf 78' lang='grc' dir='ltr'>βαθείας</span> <span class='ocrx_word' id='word_1_30' title='bbox 1396 662 1622 732; x_wconf 81' lang='grc' dir='ltr'><strong>καρδίας</strong></span> <span class='ocrx_word' id='word_1_31' title='bbox 1666 663 1758 714; x_wconf 83' lang='grc' dir='ltr'>τοῦ</span> <span class='ocrx_word' id='word_1_32' title='bbox 1792 679 2031 732; x_wconf 89' lang='grc' dir='ltr'>συγγρα-</span> 
     </span>
    </p>
   </div>
   <div class='ocr_carea' id='block_1_7' title="bbox 465 751 2036 824">
    <p class='ocr_par' dir='ltr' id='par_1_7' title="bbox 465 751 2036 824">
     <span class='ocr_line' id='line_1_7' title="bbox 465 751 2036 824; baseline 0.003 -21"><span class='ocrx_word' id='word_1_33' title='bbox 465 751 612 819; x_wconf 84' lang='grc' dir='ltr'>φέως</span> <span class='ocrx_word' id='word_1_34' title='bbox 636 752 708 824; x_wconf 83' lang='grc' dir='ltr'><strong>μὴ</strong></span> <span class='ocrx_word' id='word_1_35' title='bbox 744 752 1058 823; x_wconf 79' lang='grc' dir='ltr'>ἑφικώμεθα</span> <span class='ocrx_word' id='word_1_36' title='bbox 1083 753 1170 806; x_wconf 87' lang='grc' dir='ltr'><strong>διά</strong></span> <span class='ocrx_word' id='word_1_37' title='bbox 1197 752 1257 805; x_wconf 83' lang='grc' dir='ltr'>τὸ</span> <span class='ocrx_word' id='word_1_38' title='bbox 1291 753 1391 822; x_wconf 77' lang='grc' dir='ltr'>τῆς</span> <span class='ocrx_word' id='word_1_39' title='bbox 1415 754 1648 816; x_wconf 77' lang='grc' dir='ltr'><strong>διανοίας</strong></span> <span class='ocrx_word' id='word_1_40' title='bbox 1687 754 1840 824; x_wconf 76' lang='grc' dir='ltr'>ἡμῶν</span> <span class='ocrx_word' id='word_1_41' title='bbox 1878 755 2036 808; x_wconf 75' lang='grc' dir='ltr'>ἀσθε-</span> 
     </span>
    </p>
   </div>
   <div class='ocr_carea' id='block_1_8' title="bbox 461 840 2035 913">
    <p class='ocr_par' dir='ltr' id='par_1_8' title="bbox 461 840 2035 913">
     <span class='ocr_line' id='line_1_8' title="bbox 461 840 2035 913; baseline 0 -19"><span class='ocrx_word' id='word_1_42' title='bbox 461 840 569 904; x_wconf 82' lang='grc' dir='ltr'>νὲς,</span> <span class='ocrx_word' id='word_1_43' title='bbox 613 841 747 894; x_wconf 89' lang='grc' dir='ltr'><strong>ἀλλά</strong></span> <span class='ocrx_word' id='word_1_44' title='bbox 779 845 843 913; x_wconf 82' lang='grc' dir='ltr'>τῇ</span> <span class='ocrx_word' id='word_1_45' title='bbox 885 859 947 910; x_wconf 92' lang='grc' dir='ltr'><strong>γε</strong></span> <span class='ocrx_word' id='word_1_46' title='bbox 988 842 1299 912; x_wconf 70' lang='grc' dir='ltr'>ἀξιοπιστίᾳ</span> <span class='ocrx_word' id='word_1_47' title='bbox 1330 843 1686 913; x_wconf 82' lang='grc' dir='ltr'><strong>προσέχοντες</strong></span> <span class='ocrx_word' id='word_1_48' title='bbox 1729 843 1821 895; x_wconf 76' lang='grc' dir='ltr'>τοῦ</span> <span class='ocrx_word' id='word_1_49' title='bbox 1853 843 2035 910; x_wconf 84' lang='grc' dir='ltr'>λέγον-</span> 
     </span>
    </p>
   </div>
   <div class='ocr_carea' id='block_1_9' title="bbox 371 934 2034 1006">
    <p class='ocr_par' dir='ltr' id='par_1_9' title="bbox 371 934 2034 1006">
     <span class='ocr_line' id='line_1_9' title="bbox 371 934 2034 1006; baseline 0 -18"><span class='ocrx_word' id='word_1_50' title='bbox 371 981 378 988; x_wconf 93' lang='grc'>.</span> <span class='ocrx_word' id='word_1_51' title='bbox 462 950 572 996; x_wconf 90' lang='grc' dir='ltr'>τος,</span> <span class='ocrx_word' id='word_1_52' title='bbox 627 934 948 1003; x_wconf 81' lang='grc' dir='ltr'><strong>αὐτομάτως</strong></span> <span class='ocrx_word' id='word_1_53' title='bbox 1003 937 1082 996; x_wconf 84' lang='grc' dir='ltr'>εἰς</span> <span class='ocrx_word' id='word_1_54' title='bbox 1127 936 1524 1004; x_wconf 77' lang='grc' dir='ltr'><strong>συγκατάθεσιν</strong></span> <span class='ocrx_word' id='word_1_55' title='bbox 1570 935 1677 988; x_wconf 85' lang='grc' dir='ltr'><strong>τῶν</strong></span> <span class='ocrx_word' id='word_1_56' title='bbox 1730 936 2034 1006; x_wconf 79' lang='grc' dir='ltr'><strong>εἰρημένων</strong></span> 
     </span>
    </p>
   </div>
   <div class='ocr_carea' id='block_1_10' title="bbox 461 1024 2036 1097">
    <p class='ocr_par' dir='ltr' id='par_1_10' title="bbox 461 1024 2036 1097">
     <span class='ocr_line' id='line_1_10' title="bbox 461 1024 2036 1097; baseline 0.003 -21"><span class='ocrx_word' id='word_1_57' title='bbox 461 1024 868 1096; x_wconf 80' lang='grc' dir='ltr'>ὲναχθησόμεθα</span> <span class='ocrx_word' id='word_1_58' title='bbox 909 1027 1002 1094; x_wconf 88' lang='grc'><strong>(8).</strong></span> <span class='ocrx_word' id='word_1_59' title='bbox 1050 1028 1291 1096; x_wconf 84' lang='grc' dir='ltr'>Μωῦσῆς</span> <span class='ocrx_word' id='word_1_60' title='bbox 1333 1028 1511 1081; x_wconf 82' lang='grc' dir='ltr'>τοίνυν</span> <span class='ocrx_word' id='word_1_61' title='bbox 1545 1028 1690 1080; x_wconf 69' lang='grc' dir='ltr'>ἐστὶν</span> <span class='ocrx_word' id='word_1_62' title='bbox 1723 1029 1751 1080; x_wconf 97' lang='lat'><strong>6</strong></span> <span class='ocrx_word' id='word_1_63' title='bbox 1784 1028 1882 1097; x_wconf 82' lang='grc' dir='ltr'>τὴν</span> <span class='ocrx_word' id='word_1_64' title='bbox 1905 1046 2036 1096; x_wconf 85' lang='grc' dir='ltr'>συγ-</span> 
     </span>
    </p>
   </div>
   <div class='ocr_carea' id='block_1_11' title="bbox 462 1115 2034 1190">
    <p class='ocr_par' dir='ltr' id='par_1_11' title="bbox 462 1115 2034 1190">
     <span class='ocr_line' id='line_1_11' title="bbox 462 1115 2034 1190; baseline 0.003 -23"><span class='ocrx_word' id='word_1_65' title='bbox 462 1117 678 1185; x_wconf 68' lang='grc' dir='ltr'>γραφὴν</span> <span class='ocrx_word' id='word_1_66' title='bbox 726 1115 927 1185; x_wconf 86' lang='grc' dir='ltr'>ταύτην</span> <span class='ocrx_word' id='word_1_67' title='bbox 985 1118 1486 1188; x_wconf 78' lang='grc' dir='ltr'>καταϐαλλόμενος·</span> <span class='ocrx_word' id='word_1_68' title='bbox 1541 1120 1778 1190; x_wconf 79' lang='grc' dir='ltr'>Μωῦσῆς</span> <span class='ocrx_word' id='word_1_69' title='bbox 1832 1123 2034 1182; x_wconf 81' lang='grc' dir='ltr'>ἐκεῖνος</span> 
     </span>
    </p>
   </div>
   <div class='ocr_carea' id='block_1_12' title="bbox 460 1207 2032 1282">
    <p class='ocr_par' dir='ltr' id='par_1_12' title="bbox 460 1207 2032 1282">
     <span class='ocr_line' id='line_1_12' title="bbox 460 1207 2032 1282; baseline 0.001 -22"><span class='ocrx_word' id='word_1_70' title='bbox 460 1210 489 1260; x_wconf 89' lang='lat'><strong>6</strong></span> <span class='ocrx_word' id='word_1_71' title='bbox 517 1209 590 1276; x_wconf 86' lang='lat'><strong>(9)</strong></span> <span class='ocrx_word' id='word_1_72' title='bbox 629 1209 996 1279; x_wconf 71' lang='grc' dir='ltr'>μαρτυρηθεὶς</span> <span class='ocrx_word' id='word_1_73' title='bbox 1040 1211 1253 1273; x_wconf 88' lang='grc' dir='ltr'>ἀστεῖος</span> <span class='ocrx_word' id='word_1_74' title='bbox 1289 1207 1425 1263; x_wconf 86' lang='grc' dir='ltr'>εἶναι</span> <span class='ocrx_word' id='word_1_75' title='bbox 1466 1211 1617 1282; x_wconf 83' lang='grc' dir='ltr'><strong>παρά</strong></span> <span class='ocrx_word' id='word_1_76' title='bbox 1655 1210 1732 1280; x_wconf 81' lang='grc' dir='ltr'>τῷ</span> <span class='ocrx_word' id='word_1_77' title='bbox 1764 1210 1902 1280; x_wconf 80' lang='grc' dir='ltr'>Θεῷ,</span> <span class='ocrx_word' id='word_1_78' title='bbox 1955 1209 2032 1262; x_wconf 75' lang='grc' dir='ltr'>ἔτι</span> 
     </span>
    </p>
   </div>
   <div class='ocr_carea' id='block_1_13' title="bbox 465 1298 2032 1372">
    <p class='ocr_par' dir='ltr' id='par_1_13' title="bbox 465 1298 2032 1372">
     <span class='ocr_line' id='line_1_13' title="bbox 465 1298 2032 1372; baseline 0.001 -21"><span class='ocrx_word' id='word_1_79' title='bbox 465 1298 762 1366; x_wconf 77' lang='grc' dir='ltr'>ὑπομάζιος</span> <span class='ocrx_word' id='word_1_80' title='bbox 815 1298 908 1350; x_wconf 76' lang='grc' dir='ltr'><strong>ὢν·</strong></span> <span class='ocrx_word' id='word_1_81' title='bbox 944 1299 1000 1352; x_wconf 84' lang='grc' dir='ltr'>ὃν</span> <span class='ocrx_word' id='word_1_82' title='bbox 1038 1302 1417 1370; x_wconf 81' lang='grc' dir='ltr'>εἰσεποιήσατο</span> <span class='ocrx_word' id='word_1_83' title='bbox 1456 1303 1549 1372; x_wconf 81' lang='grc' dir='ltr'><strong>μὲν</strong></span> <span class='ocrx_word' id='word_1_84' title='bbox 1589 1304 1622 1372; x_wconf 86' lang='grc' dir='ltr'>ή</span> <span class='ocrx_word' id='word_1_85' title='bbox 1656 1302 1896 1372; x_wconf 83' lang='grc' dir='ltr'>θυγάτηρ</span> <span class='ocrx_word' id='word_1_86' title='bbox 1940 1300 2032 1352; x_wconf 79' lang='grc' dir='ltr'>τοῦ</span> 
     </span>
    </p>
   </div>
   <div class='ocr_carea' id='block_1_14' title="bbox 463 1388 2034 1460">
    <p class='ocr_par' dir='ltr' id='par_1_14' title="bbox 463 1388 2034 1460">
     <span class='ocr_line' id='line_1_14' title="bbox 463 1388 2034 1460; baseline 0.001 -20"><span class='ocrx_word' id='word_1_87' title='bbox 463 1388 684 1458; x_wconf 82' lang='grc' dir='ltr'>Φαραὼ,</span> <span class='ocrx_word' id='word_1_88' title='bbox 742 1388 996 1459; x_wconf 67' lang='grc' dir='ltr'>ἐξέτρεψε</span> <span class='ocrx_word' id='word_1_89' title='bbox 1045 1391 1100 1442; x_wconf 88' lang='grc' dir='ltr'><strong>δὲ</strong></span> <span class='ocrx_word' id='word_1_90' title='bbox 1147 1391 1460 1460; x_wconf 81' lang='grc' dir='ltr'><strong>βασιλικῶς,</strong></span> <span class='ocrx_word' id='word_1_91' title='bbox 1514 1394 1637 1454; x_wconf 84' lang='grc' dir='ltr'>τοὺς</span> <span class='ocrx_word' id='word_1_92' title='bbox 1696 1393 1888 1458; x_wconf 70' lang='grc' dir='ltr'>σοφοὺς</span> <span class='ocrx_word' id='word_1_93' title='bbox 1927 1391 2034 1442; x_wconf 77' lang='grc' dir='ltr'>τῶν</span> 
     </span>
    </p>
   </div>
   <div class='ocr_carea' id='block_1_15' title="bbox 465 1481 2033 1552">
    <p class='ocr_par' dir='ltr' id='par_1_15' title="bbox 465 1481 2033 1552">
     <span class='ocr_line' id='line_1_15' title="bbox 465 1481 2033 1552; baseline 0.001 -21"><span class='ocrx_word' id='word_1_94' title='bbox 465 1481 776 1548; x_wconf 78' lang='grc' dir='ltr'><strong>Αἰγυπτίων</strong></span> <span class='ocrx_word' id='word_1_95' title='bbox 835 1481 1187 1545; x_wconf 79' lang='grc' dir='ltr'><strong>διδασκάλους</strong></span> <span class='ocrx_word' id='word_1_96' title='bbox 1237 1483 1384 1552; x_wconf 82' lang='grc' dir='ltr'>αύτῷ</span> <span class='ocrx_word' id='word_1_97' title='bbox 1425 1484 1521 1552; x_wconf 75' lang='grc' dir='ltr'>τῆς</span> <span class='ocrx_word' id='word_1_98' title='bbox 1555 1481 1883 1543; x_wconf 78' lang='grc' dir='ltr'>παιδεύσεως</span> <span class='ocrx_word' id='word_1_99' title='bbox 1914 1484 2033 1532; x_wconf 79' lang='grc' dir='ltr'>ἐπι-</span> 
     </span>
    </p>
   </div>
   <div class='ocr_carea' id='block_1_16' title="bbox 466 1571 2034 1642">
    <p class='ocr_par' dir='ltr' id='par_1_16' title="bbox 466 1571 2034 1642">
     <span class='ocr_line' id='line_1_16' title="bbox 466 1571 2034 1642; baseline 0 -20"><span class='ocrx_word' id='word_1_100' title='bbox 466 1572 734 1642; x_wconf 74' lang='grc' dir='ltr'>στήσασαο</span> <span class='ocrx_word' id='word_1_101' title='bbox 769 1572 846 1634; x_wconf 86' lang='grc' dir='ltr'>ὃς,</span> <span class='ocrx_word' id='word_1_102' title='bbox 883 1571 972 1623; x_wconf 79' lang='grc' dir='ltr'><strong>τὸν</strong></span> <span class='ocrx_word' id='word_1_103' title='bbox 1002 1573 1165 1640; x_wconf 78' lang='grc' dir='ltr'>ὄγκον</span> <span class='ocrx_word' id='word_1_104' title='bbox 1193 1572 1290 1640; x_wconf 71' lang='grc' dir='ltr'><strong>τῆς</strong></span> <span class='ocrx_word' id='word_1_105' title='bbox 1311 1571 1623 1641; x_wconf 81' lang='grc' dir='ltr'>τυραννίδος</span> <span class='ocrx_word' id='word_1_106' title='bbox 1647 1572 1902 1641; x_wconf 80' lang='grc' dir='ltr'>μισήσας,</span> <span class='ocrx_word' id='word_1_107' title='bbox 1943 1571 2034 1623; x_wconf 74' lang='grc' dir='ltr'>καὶ</span> 
     </span>
    </p>
   </div>
   <div class='ocr_carea' id='block_1_17' title="bbox 466 1663 2030 1733">
    <p class='ocr_par' dir='ltr' id='par_1_17' title="bbox 466 1663 2030 1733">
     <span class='ocr_line' id='line_1_17' title="bbox 466 1663 2030 1733; baseline 0.003 -19"><span class='ocrx_word' id='word_1_108' title='bbox 466 1663 601 1732; x_wconf 79' lang='grc' dir='ltr'>πρὸς</span> <span class='ocrx_word' id='word_1_109' title='bbox 653 1663 711 1714; x_wconf 82' lang='grc' dir='ltr'><strong>τὸ</strong></span> <span class='ocrx_word' id='word_1_110' title='bbox 755 1664 1005 1717; x_wconf 78' lang='grc' dir='ltr'>ταπεινὸν</span> <span class='ocrx_word' id='word_1_111' title='bbox 1061 1665 1168 1716; x_wconf 86' lang='grc' dir='ltr'>τῶν</span> <span class='ocrx_word' id='word_1_112' title='bbox 1203 1663 1487 1733; x_wconf 67' lang='grc' dir='ltr'>ὁμοφύλων</span> <span class='ocrx_word' id='word_1_113' title='bbox 1543 1663 1866 1733; x_wconf 80' lang='grc' dir='ltr'><strong>ἀναδραμὼν</strong></span> <span class='ocrx_word' id='word_1_114' title='bbox 1901 1663 2030 1733; x_wconf 78' lang='grc'><strong>(10),</strong></span> 
     </span>
    </p>
   </div>
   <div class='ocr_carea' id='block_1_18' title="bbox 463 1753 2032 1825">
    <p class='ocr_par' dir='ltr' id='par_1_18' title="bbox 463 1753 2032 1825">
     <span class='ocr_line' id='line_1_18' title="bbox 463 1753 2032 1825; baseline -0.001 -19"><span class='ocrx_word' id='word_1_115' title='bbox 463 1754 635 1806; x_wconf 78' lang='grc' dir='ltr'>εἵλετο</span> <span class='ocrx_word' id='word_1_116' title='bbox 665 1756 1152 1825; x_wconf 79' lang='grc' dir='ltr'>συγκακουχεῖσθαι</span> <span class='ocrx_word' id='word_1_117' title='bbox 1209 1756 1286 1824; x_wconf 81' lang='grc' dir='ltr'><strong>τῷ</strong></span> <span class='ocrx_word' id='word_1_118' title='bbox 1327 1754 1440 1824; x_wconf 85' lang='grc' dir='ltr'>λαῴ</span> <span class='ocrx_word' id='word_1_119' title='bbox 1483 1753 1574 1806; x_wconf 80' lang='grc' dir='ltr'>τοῦ</span> <span class='ocrx_word' id='word_1_120' title='bbox 1623 1754 1776 1817; x_wconf 76' lang='grc' dir='ltr'>Θεοῦ,</span> <span class='ocrx_word' id='word_1_121' title='bbox 1806 1754 1837 1824; x_wconf 82' lang='grc' dir='ltr'><strong>ἢ</strong></span> <span class='ocrx_word' id='word_1_122' title='bbox 1871 1755 2032 1824; x_wconf 85' lang='grc' dir='ltr'>πρόσ-</span> 
     </span>
    </p>
   </div>
   <div class='ocr_carea' id='block_1_19' title="bbox 2135 572 3694 646">
    <p class='ocr_par' dir='ltr' id='par_1_19' title="bbox 2135 572 3694 646">
     <span class='ocr_line' id='line_1_19' title="bbox 2135 572 3694 646; baseline 0.007 -20"><span class='ocrx_word' id='word_1_123' title='bbox 2135 574 2357 628; x_wconf 86' lang='lat' dir='ltr'><strong>vocibus</strong></span> <span class='ocrx_word' id='word_1_124' title='bbox 2393 572 2786 643; x_wconf 78' lang='lat' dir='ltr'><strong>significentur,</strong></span> <span class='ocrx_word' id='word_1_125' title='bbox 2818 575 2938 643; x_wconf 85' lang='lat' dir='ltr'><strong>quis</strong></span> <span class='ocrx_word' id='word_1_126' title='bbox 2965 589 3063 629; x_wconf 90' lang='lat' dir='ltr'><strong>nos</strong></span> <span class='ocrx_word' id='word_1_127' title='bbox 3089 575 3412 646; x_wconf 89' lang='lat' dir='ltr'><strong>alloquatur,</strong></span> <span class='ocrx_word' id='word_1_128' title='bbox 3444 583 3694 637; x_wconf 66' lang='lat' dir='ltr'><strong>conside+</strong></span> 
     </span>
    </p>
   </div>
   <div class='ocr_carea' id='block_1_20' title="bbox 2139 664 3694 738">
    <p class='ocr_par' dir='ltr' id='par_1_20' title="bbox 2139 664 3694 738">
     <span class='ocr_line' id='line_1_20' title="bbox 2139 664 3694 738; baseline 0.007 -22"><span class='ocrx_word' id='word_1_129' title='bbox 2139 679 2335 718; x_wconf 90' lang='lat' dir='ltr'><strong>remus.</strong></span> <span class='ocrx_word' id='word_1_130' title='bbox 2363 664 2678 732; x_wconf 83' lang='lat' dir='ltr'><strong>Quanquam</strong></span> <span class='ocrx_word' id='word_1_131' title='bbox 2723 665 2867 718; x_wconf 91' lang='lat' dir='ltr'><strong>enim</strong></span> <span class='ocrx_word' id='word_1_132' title='bbox 2917 666 3200 734; x_wconf 79' lang='lat' dir='ltr'><strong>scriptoris</strong></span> <span class='ocrx_word' id='word_1_133' title='bbox 3243 669 3506 737; x_wconf 78' lang='lat' dir='ltr'><strong>profunda</strong></span> <span class='ocrx_word' id='word_1_134' title='bbox 3537 687 3694 738; x_wconf 85' lang='lat' dir='ltr'><strong>sensa</strong></span> 
     </span>
    </p>
   </div>
   <div class='ocr_carea' id='block_1_21' title="bbox 2135 755 3693 831">
    <p class='ocr_par' dir='ltr' id='par_1_21' title="bbox 2135 755 3693 831">
     <span class='ocr_line' id='line_1_21' title="bbox 2135 755 3693 831; baseline 0.006 -23"><span class='ocrx_word' id='word_1_135' title='bbox 2135 771 2241 808; x_wconf 90' lang='lat' dir='ltr'><strong>non</strong></span> <span class='ocrx_word' id='word_1_136' title='bbox 2295 755 2634 823; x_wconf 86' lang='lat' dir='ltr'><strong>assequimur</strong></span> <span class='ocrx_word' id='word_1_137' title='bbox 2669 755 2737 810; x_wconf 91' lang='lat' dir='ltr'><strong>ob</strong></span> <span class='ocrx_word' id='word_1_138' title='bbox 2791 755 2988 810; x_wconf 86' lang='lat' dir='ltr'><strong>mentis</strong></span> <span class='ocrx_word' id='word_1_139' title='bbox 3045 767 3246 812; x_wconf 74' lang='lat' dir='ltr'><strong>nostra:</strong></span> <span class='ocrx_word' id='word_1_140' title='bbox 3301 761 3693 831; x_wconf 81' lang='lat' dir='ltr'><strong>infirmitatem,</strong></span> 
     </span>
    </p>
   </div>
   <div class='ocr_carea' id='block_1_22' title="bbox 2138 847 3698 922">
    <p class='ocr_par' dir='ltr' id='par_1_22' title="bbox 2138 847 3698 922">
     <span class='ocr_line' id='line_1_22' title="bbox 2138 847 3698 922; baseline 0.007 -22"><span class='ocrx_word' id='word_1_141' title='bbox 2138 857 2315 901; x_wconf 93' lang='lat' dir='ltr'><strong>tamen</strong></span> <span class='ocrx_word' id='word_1_142' title='bbox 2349 847 2464 917; x_wconf 89' lang='lat' dir='ltr'><strong>ejus</strong></span> <span class='ocrx_word' id='word_1_143' title='bbox 2494 847 2586 916; x_wconf 89' lang='lat' dir='ltr'><strong>qui</strong></span> <span class='ocrx_word' id='word_1_144' title='bbox 2629 847 2867 916; x_wconf 86' lang='lat' dir='ltr'><strong>loquitur</strong></span> <span class='ocrx_word' id='word_1_145' title='bbox 2911 850 3218 904; x_wconf 83' lang='lat' dir='ltr'><strong>auctoritati</strong></span> <span class='ocrx_word' id='word_1_146' title='bbox 3259 852 3480 922; x_wconf 85' lang='lat' dir='ltr'><strong>intenti,</strong></span> <span class='ocrx_word' id='word_1_147' title='bbox 3517 870 3579 908; x_wconf 91' lang='lat' dir='ltr'><strong>eo</strong></span> <span class='ocrx_word' id='word_1_148' title='bbox 3603 859 3698 912; x_wconf 78' lang='lat' dir='ltr'><strong>ad-</strong></span> 
     </span>
    </p>
   </div>
   <div class='ocr_carea' id='block_1_23' title="bbox 2136 937 3698 1015">
    <p class='ocr_par' dir='ltr' id='par_1_23' title="bbox 2136 937 3698 1015">
     <span class='ocr_line' id='line_1_23' title="bbox 2136 937 3698 1015; baseline 0.007 -24"><span class='ocrx_word' id='word_1_149' title='bbox 2136 937 2418 1000; x_wconf 79' lang='lat' dir='ltr'><strong>tlucemur,</strong></span> <span class='ocrx_word' id='word_1_150' title='bbox 2453 946 2511 990; x_wconf 94' lang='lat' dir='ltr'><strong>ut</strong></span> <span class='ocrx_word' id='word_1_151' title='bbox 2542 937 2700 990; x_wconf 89' lang='lat' dir='ltr'><strong>dictis</strong></span> <span class='ocrx_word' id='word_1_152' title='bbox 2736 951 2840 990; x_wconf 92' lang='lat' dir='ltr'><strong>non</strong></span> <span class='ocrx_word' id='word_1_153' title='bbox 2883 937 3034 990; x_wconf 81' lang='lat' dir='ltr'><strong>inviti</strong></span> <span class='ocrx_word' id='word_1_154' title='bbox 3073 940 3450 998; x_wconf 78' lang='lat' dir='ltr'><strong>assentiamus.</strong></span> <span class='ocrx_word' id='word_1_155' title='bbox 3488 944 3698 1015; x_wconf 78' lang='lat' dir='ltr'><strong>Moyses</strong></span> 
     </span>
    </p>
   </div>
   <div class='ocr_carea' id='block_1_24' title="bbox 2135 1026 3696 1104">
    <p class='ocr_par' dir='ltr' id='par_1_24' title="bbox 2135 1026 3696 1104">
     <span class='ocr_line' id='line_1_24' title="bbox 2135 1026 3696 1104; baseline 0.006 -25"><span class='ocrx_word' id='word_1_156' title='bbox 2135 1026 2299 1094; x_wconf 83' lang='lat' dir='ltr'><strong>igitur</strong></span> <span class='ocrx_word' id='word_1_157' title='bbox 2330 1028 2376 1080; x_wconf 87' lang='lat' dir='ltr'><strong>is</strong></span> <span class='ocrx_word' id='word_1_158' title='bbox 2407 1037 2511 1090; x_wconf 88' lang='lat' dir='ltr'><strong>est,</strong></span> <span class='ocrx_word' id='word_1_159' title='bbox 2540 1026 2629 1094; x_wconf 87' lang='lat' dir='ltr'><strong>qui</strong></span> <span class='ocrx_word' id='word_1_160' title='bbox 2666 1027 2802 1079; x_wconf 92' lang='lat' dir='ltr'><strong>hanc</strong></span> <span class='ocrx_word' id='word_1_161' title='bbox 2840 1029 3112 1080; x_wconf 76' lang='lat' dir='ltr'><strong>contexuit</strong></span> <span class='ocrx_word' id='word_1_162' title='bbox 3151 1029 3450 1094; x_wconf 85' lang='lat' dir='ltr'><strong>historiam,</strong></span> <span class='ocrx_word' id='word_1_163' title='bbox 3486 1033 3696 1104; x_wconf 83' lang='lat' dir='ltr'><strong>Moyses</strong></span> 
     </span>
    </p>
   </div>
   <div class='ocr_carea' id='block_1_25' title="bbox 2136 1113 3694 1194">
    <p class='ocr_par' dir='ltr' id='par_1_25' title="bbox 2136 1113 3694 1194">
     <span class='ocr_line' id='line_1_25' title="bbox 2136 1113 3694 1194; baseline 0.007 -26"><span class='ocrx_word' id='word_1_164' title='bbox 2136 1116 2245 1179; x_wconf 88' lang='lat' dir='ltr'><strong>ille,</strong></span> <span class='ocrx_word' id='word_1_165' title='bbox 2271 1116 2361 1184; x_wconf 88' lang='lat' dir='ltr'><strong>qui</strong></span> <span class='ocrx_word' id='word_1_166' title='bbox 2391 1117 2513 1169; x_wconf 91' lang='lat' dir='ltr'><strong>dum</strong></span> <span class='ocrx_word' id='word_1_167' title='bbox 2542 1116 2716 1169; x_wconf 91' lang='lat' dir='ltr'><strong>adhuc</strong></span> <span class='ocrx_word' id='word_1_168' title='bbox 2742 1113 2916 1169; x_wconf 79' lang='lat' dir='ltr'><strong>infans</strong></span> <span class='ocrx_word' id='word_1_169' title='bbox 2941 1116 3142 1171; x_wconf 87' lang='lat' dir='ltr'><strong>lactens</strong></span> <span class='ocrx_word' id='word_1_170' title='bbox 3163 1131 3326 1182; x_wconf 88' lang='lat' dir='ltr'><strong>esset,</strong></span> <span class='ocrx_word' id='word_1_171' title='bbox 3351 1133 3532 1190; x_wconf 83' lang='lat' dir='ltr'><strong>gratus</strong></span> <span class='ocrx_word' id='word_1_172' title='bbox 3554 1127 3694 1194; x_wconf 87' lang='lat' dir='ltr'><strong>apud</strong></span> 
     </span>
    </p>
   </div>
   <div class='ocr_carea' id='block_1_26' title="bbox 2137 1207 3696 1285">
    <p class='ocr_par' dir='ltr' id='par_1_26' title="bbox 2137 1207 3696 1285">
     <span class='ocr_line' id='line_1_26' title="bbox 2137 1207 3696 1285; baseline 0.008 -26"><span class='ocrx_word' id='word_1_173' title='bbox 2137 1207 2301 1260; x_wconf 91' lang='lat' dir='ltr'><strong>Deum</strong></span> <span class='ocrx_word' id='word_1_174' title='bbox 2364 1207 2530 1260; x_wconf 81' lang='lat' dir='ltr'><strong>inisse</strong></span> <span class='ocrx_word' id='word_1_175' title='bbox 2584 1207 2982 1274; x_wconf 71' lang='lat' dir='ltr'><strong>perliihetur‘:</strong></span> <span class='ocrx_word' id='word_1_176' title='bbox 3045 1225 3206 1277; x_wconf 91' lang='lat' dir='ltr'><strong>quen-</strong></span> <span class='ocrx_word' id='word_1_177' title='bbox 3269 1214 3367 1266; x_wconf 82' lang='lat' dir='ltr'><strong>sibi</strong></span> <span class='ocrx_word' id='word_1_178' title='bbox 3422 1217 3696 1285; x_wconf 80' lang='lat' dir='ltr'><strong>adoptavit</strong></span> 
     </span>
    </p>
   </div>
   <div class='ocr_carea' id='block_1_27' title="bbox 2135 1296 3692 1374">
    <p class='ocr_par' dir='ltr' id='par_1_27' title="bbox 2135 1296 3692 1374">
     <span class='ocr_line' id='line_1_27' title="bbox 2135 1296 3692 1374; baseline 0.008 -24"><span class='ocrx_word' id='word_1_179' title='bbox 2135 1296 2435 1350; x_wconf 81' lang='lat' dir='ltr'><strong>Pharaonis</strong></span> <span class='ocrx_word' id='word_1_180' title='bbox 2471 1296 2598 1360; x_wconf 84' lang='lat' dir='ltr'><strong>lilia,</strong></span> <span class='ocrx_word' id='word_1_181' title='bbox 2636 1297 2910 1366; x_wconf 79' lang='lat' dir='ltr'><strong>regalique</strong></span> <span class='ocrx_word' id='word_1_182' title='bbox 2933 1298 3076 1354; x_wconf 90' lang='lat' dir='ltr'><strong>cultu</strong></span> <span class='ocrx_word' id='word_1_183' title='bbox 3109 1302 3374 1367; x_wconf 82' lang='lat' dir='ltr'><strong>educavit,</strong></span> <span class='ocrx_word' id='word_1_184' title='bbox 3408 1310 3692 1374; x_wconf 74' lang='lat' dir='ltr'><strong>magistros</strong></span> 
     </span>
    </p>
   </div>
   <div class='ocr_carea' id='block_1_28' title="bbox 2135 1390 3694 1468">
    <p class='ocr_par' dir='ltr' id='par_1_28' title="bbox 2135 1390 3694 1468">
     <span class='ocr_line' id='line_1_28' title="bbox 2135 1390 3694 1468; baseline 0.008 -25"><span class='ocrx_word' id='word_1_185' title='bbox 2135 1391 2183 1444; x_wconf 90' lang='lat' dir='ltr'><strong>ei</strong></span> <span class='ocrx_word' id='word_1_186' title='bbox 2233 1390 2527 1443; x_wconf 86' lang='lat' dir='ltr'><strong>erudiendo</strong></span> <span class='ocrx_word' id='word_1_187' title='bbox 2591 1391 2888 1455; x_wconf 58' lang='lat' dir='ltr'><strong>pradiciens</strong></span> <span class='ocrx_word' id='word_1_188' title='bbox 2943 1406 3034 1446; x_wconf 90' lang='lat' dir='ltr'><strong>eos</strong></span> <span class='ocrx_word' id='word_1_189' title='bbox 3086 1394 3172 1460; x_wconf 90' lang='lat' dir='ltr'><strong>qui</strong></span> <span class='ocrx_word' id='word_1_190' title='bbox 3222 1394 3358 1448; x_wconf 92' lang='lat' dir='ltr'><strong>inter</strong></span> <span class='ocrx_word' id='word_1_191' title='bbox 3410 1397 3694 1468; x_wconf 65' lang='lat' dir='ltr'><strong>[Egyptian</strong></span> 
     </span>
    </p>
   </div>
   <div class='ocr_carea' id='block_1_29' title="bbox 2135 1481 3696 1556">
    <p class='ocr_par' dir='ltr' id='par_1_29' title="bbox 2135 1481 3696 1556">
     <span class='ocr_line' id='line_1_29' title="bbox 2135 1481 3696 1556; baseline 0.008 -23"><span class='ocrx_word' id='word_1_192' title='bbox 2135 1495 2288 1534; x_wconf 91' lang='lat' dir='ltr'><strong>erant</strong></span> <span class='ocrx_word' id='word_1_193' title='bbox 2324 1483 2632 1550; x_wconf 87' lang='lat' dir='ltr'><strong>sapientes;</strong></span> <span class='ocrx_word' id='word_1_194' title='bbox 2670 1481 2757 1548; x_wconf 93' lang='lat' dir='ltr'><strong>qui</strong></span> <span class='ocrx_word' id='word_1_195' title='bbox 2799 1484 3095 1553; x_wconf 84' lang='lat' dir='ltr'><strong>tyrannidis</strong></span> <span class='ocrx_word' id='word_1_196' title='bbox 3133 1485 3326 1540; x_wconf 81' lang='lat' dir='ltr'><strong>fastum</strong></span> <span class='ocrx_word' id='word_1_197' title='bbox 3364 1503 3610 1556; x_wconf 87' lang='lat' dir='ltr'><strong>perosus,</strong></span> <span class='ocrx_word' id='word_1_198' title='bbox 3643 1503 3696 1546; x_wconf 93' lang='lat' dir='ltr'><strong>et</strong></span> 
     </span>
    </p>
   </div>
   <div class='ocr_carea' id='block_1_30' title="bbox 2135 1575 3695 1643">
    <p class='ocr_par' dir='ltr' id='par_1_30' title="bbox 2135 1575 3695 1643">
     <span class='ocr_line' id='line_1_30' title="bbox 2135 1575 3695 1643; baseline 0.009 -19"><span class='ocrx_word' id='word_1_199' title='bbox 2135 1575 2200 1626; x_wconf 90' lang='lat' dir='ltr'><strong>ad</strong></span> <span class='ocrx_word' id='word_1_200' title='bbox 2250 1575 2522 1627; x_wconf 80' lang='lat' dir='ltr'><strong>tribulium</strong></span> <span class='ocrx_word' id='word_1_201' title='bbox 2562 1575 2917 1628; x_wconf 79' lang='lat' dir='ltr'><strong>humilitatem</strong></span> <span class='ocrx_word' id='word_1_202' title='bbox 2953 1591 3270 1643; x_wconf 90' lang='lat' dir='ltr'><strong>recurrens,</strong></span> <span class='ocrx_word' id='word_1_203' title='bbox 3319 1595 3419 1632; x_wconf 91' lang='lat' dir='ltr'><strong>una</strong></span> <span class='ocrx_word' id='word_1_204' title='bbox 3452 1597 3570 1634; x_wconf 88' lang='lat' dir='ltr'><strong>cum</strong></span> <span class='ocrx_word' id='word_1_205' title='bbox 3605 1584 3695 1638; x_wconf 85' lang='lat' dir='ltr'><strong>Dei</strong></span> 
     </span>
    </p>
   </div>
   <div class='ocr_carea' id='block_1_31' title="bbox 2135 1663 3692 1740">
    <p class='ocr_par' dir='ltr' id='par_1_31' title="bbox 2135 1663 3692 1740">
     <span class='ocr_line' id='line_1_31' title="bbox 2135 1663 3692 1740; baseline 0.009 -26"><span class='ocrx_word' id='word_1_206' title='bbox 2135 1663 2329 1730; x_wconf 91' lang='lat' dir='ltr'><strong>populo</strong></span> <span class='ocrx_word' id='word_1_207' title='bbox 2371 1664 2610 1716; x_wconf 80' lang='lat' dir='ltr'><strong>divexari</strong></span> <span class='ocrx_word' id='word_1_208' title='bbox 2655 1665 2878 1727; x_wconf 86' lang='lat' dir='ltr'><strong>maluit,</strong></span> <span class='ocrx_word' id='word_1_209' title='bbox 2915 1681 3074 1733; x_wconf 86' lang='lat' dir='ltr'><strong>quam</strong></span> <span class='ocrx_word' id='word_1_210' title='bbox 3127 1671 3447 1737; x_wconf 84' lang='lat' dir='ltr'><strong>temporaria</strong></span> <span class='ocrx_word' id='word_1_211' title='bbox 3489 1676 3692 1740; x_wconf 84' lang='lat' dir='ltr'><strong>peceati</strong></span> 
     </span>
    </p>
   </div>
   <div class='ocr_carea' id='block_1_32' title="bbox 2136 1753 3694 1829">
    <p class='ocr_par' dir='ltr' id='par_1_32' title="bbox 2136 1753 3694 1829">
     <span class='ocr_line' id='line_1_32' title="bbox 2136 1753 3694 1829; baseline 0.008 -24"><span class='ocrx_word' id='word_1_212' title='bbox 2136 1753 2404 1806; x_wconf 83' lang='lat' dir='ltr'><strong>suavitate</strong></span> <span class='ocrx_word' id='word_1_213' title='bbox 2435 1753 2578 1819; x_wconf 82' lang='lat' dir='ltr'><strong>frui;</strong></span> <span class='ocrx_word' id='word_1_214' title='bbox 2622 1754 2710 1821; x_wconf 91' lang='lat' dir='ltr'><strong>qni</strong></span> <span class='ocrx_word' id='word_1_215' title='bbox 2733 1753 2958 1821; x_wconf 80' lang='lat' dir='ltr'><strong>justitiae</strong></span> <span class='ocrx_word' id='word_1_216' title='bbox 2983 1771 3216 1810; x_wconf 89' lang='lat' dir='ltr'><strong>amorem</strong></span> <span class='ocrx_word' id='word_1_217' title='bbox 3259 1774 3320 1812; x_wconf 79' lang='lat' dir='ltr'><strong>ex</strong></span> <span class='ocrx_word' id='word_1_218' title='bbox 3357 1760 3467 1829; x_wconf 83' lang='lat' dir='ltr'><strong>ipsa</strong></span> <span class='ocrx_word' id='word_1_219' title='bbox 3506 1774 3694 1818; x_wconf 87' lang='lat' dir='ltr'><strong>natura</strong></span> 
     </span>
    </p>
   </div>
   <div class='ocr_carea' id='block_1_33' title="bbox 461 1823 2024 1920">
    <p class='ocr_par' dir='ltr' id='par_1_33' title="bbox 461 1845 2024 1918">
     <span class='ocr_line' id='line_1_33' title="bbox 461 1845 2024 1918; baseline 0.001 -21"><span class='ocrx_word' id='word_1_220' title='bbox 461 1863 647 1916; x_wconf 86' lang='grc' dir='ltr'>καιρον</span> <span class='ocrx_word' id='word_1_221' title='bbox 696 1846 836 1916; x_wconf 82' lang='grc' dir='ltr'>ἔχειν</span> <span class='ocrx_word' id='word_1_222' title='bbox 895 1848 1167 1918; x_wconf 83' lang='grc' dir='ltr'>ἁμαρτίας</span> <span class='ocrx_word' id='word_1_223' title='bbox 1216 1845 1530 1899; x_wconf 80' lang='grc' dir='ltr'>ἀπόλαυσιν·</span> <span class='ocrx_word' id='word_1_224' title='bbox 1584 1846 1612 1897; x_wconf 91' lang='lat'><strong>6</strong></span> <span class='ocrx_word' id='word_1_225' title='bbox 1663 1847 1759 1916; x_wconf 73' lang='grc' dir='ltr'>τὴν</span> <span class='ocrx_word' id='word_1_226' title='bbox 1793 1847 1926 1915; x_wconf 85' lang='grc' dir='ltr'>πρὸς</span> <span class='ocrx_word' id='word_1_227' title='bbox 1973 1845 2024 1898; x_wconf 80' lang='grc' dir='ltr'>τὲ</span> 
     </span>
    </p>
   </div>
   <div class='ocr_carea' id='block_1_34' title="bbox 2131 1823 3694 1920">
    <p class='ocr_par' dir='ltr' id='par_1_34' title="bbox 2135 1823 3694 1920">
     <span class='ocr_line' id='line_1_34' title="bbox 2135 1823 3694 1920; baseline 0.008 -24"><span class='ocrx_word' id='word_1_228' title='bbox 2135 1843 2354 1896; x_wconf 83' lang='lat' dir='ltr'><strong>sortitus</strong></span> <span class='ocrx_word' id='word_1_229' title='bbox 2396 1854 2522 1898; x_wconf 89' lang='lat' dir='ltr'><strong>est:</strong></span> <span class='ocrx_word' id='word_1_230' title='bbox 2566 1846 2996 1912; x_wconf 91' lang='lat' dir='ltr'><strong>quandoquidem</strong></span> <span class='ocrx_word' id='word_1_231' title='bbox 3040 1847 3188 1914; x_wconf 82' lang='lat' dir='ltr'><strong>prius</strong></span> <span class='ocrx_word' id='word_1_232' title='bbox 3222 1823 3391 1903; x_wconf 74' lang='lat' dir='ltr'><strong>etiam</strong></span> <span class='ocrx_word' id='word_1_233' title='bbox 3440 1869 3599 1920; x_wconf 83' lang='lat' dir='ltr'><strong>quant</strong></span> <span class='ocrx_word' id='word_1_234' title='bbox 3645 1857 3694 1911; x_wconf 90' lang='lat' dir='ltr'><strong>ei</strong></span> 
     </span>
    </p>
   </div>
   <div class='ocr_carea' id='block_1_35' title="bbox 459 1938 2030 2009">
    <p class='ocr_par' dir='ltr' id='par_1_35' title="bbox 459 1938 2030 2009">
     <span class='ocr_line' id='line_1_35' title="bbox 459 1938 2030 2009; baseline 0 -19"><span class='ocrx_word' id='word_1_235' title='bbox 459 1938 664 1991; x_wconf 89' lang='grc' dir='ltr'>δίκαιον</span> <span class='ocrx_word' id='word_1_236' title='bbox 713 1939 893 2006; x_wconf 78' lang='grc' dir='ltr'>φιλίαν</span> <span class='ocrx_word' id='word_1_237' title='bbox 947 1939 1005 2005; x_wconf 76' lang='grc' dir='ltr'><strong>ἐξ</strong></span> <span class='ocrx_word' id='word_1_238' title='bbox 1052 1940 1221 2009; x_wconf 74' lang='grc' dir='ltr'>αὐτῆς</span> <span class='ocrx_word' id='word_1_239' title='bbox 1268 1940 1364 2008; x_wconf 75' lang='grc' dir='ltr'>τῆς</span> <span class='ocrx_word' id='word_1_240' title='bbox 1418 1938 1628 2007; x_wconf 74' lang='grc' dir='ltr'>φύσεως</span> <span class='ocrx_word' id='word_1_241' title='bbox 1679 1939 2030 2008; x_wconf 79' lang='grc' dir='ltr'>κεκτημένος,</span> 
     </span>
    </p>
   </div>
   <div class='ocr_carea' id='block_1_36' title="bbox 459 2029 2033 2102">
    <p class='ocr_par' dir='ltr' id='par_1_36' title="bbox 459 2029 2033 2102">
     <span class='ocr_line' id='line_1_36' title="bbox 459 2029 2033 2102; baseline -0.002 -19"><span class='ocrx_word' id='word_1_242' title='bbox 459 2029 590 2083; x_wconf 81' lang='grc' dir='ltr'>ὅπου</span> <span class='ocrx_word' id='word_1_243' title='bbox 635 2049 719 2100; x_wconf 91' lang='grc' dir='ltr'><strong>γε,</strong></span> <span class='ocrx_word' id='word_1_244' title='bbox 765 2033 856 2085; x_wconf 75' lang='grc' dir='ltr'>καὶ</span> <span class='ocrx_word' id='word_1_245' title='bbox 903 2033 1032 2102; x_wconf 75' lang='grc' dir='ltr'>πρὶν</span> <span class='ocrx_word' id='word_1_246' title='bbox 1075 2032 1440 2102; x_wconf 79' lang='grc' dir='ltr'>ἐπιτραπῆναι</span> <span class='ocrx_word' id='word_1_247' title='bbox 1481 2030 1627 2100; x_wconf 85' lang='grc' dir='ltr'>αύτῴ</span> <span class='ocrx_word' id='word_1_248' title='bbox 1655 2030 1748 2082; x_wconf 79' lang='grc' dir='ltr'>τοῦ</span> <span class='ocrx_word' id='word_1_249' title='bbox 1781 2029 1909 2082; x_wconf 85' lang='grc' dir='ltr'>λαοῦ</span> <span class='ocrx_word' id='word_1_250' title='bbox 1937 2031 2033 2099; x_wconf 73' lang='grc' dir='ltr'><strong>τὴν</strong></span> 
     </span>
    </p>
   </div>
   <div class='ocr_carea' id='block_1_37' title="bbox 377 2123 2032 2197">
    <p class='ocr_par' dir='ltr' id='par_1_37' title="bbox 377 2123 2032 2197">
     <span class='ocr_line' id='line_1_37' title="bbox 377 2123 2032 2197; baseline -0.001 -21"><span class='ocrx_word' id='word_1_251' title='bbox 377 2194 380 2197; x_wconf 20' lang='grc'>.</span> <span class='ocrx_word' id='word_1_252' title='bbox 459 2124 655 2194; x_wconf 83' lang='grc' dir='ltr'>ἀρχὴν,</span> <span class='ocrx_word' id='word_1_253' title='bbox 714 2126 960 2192; x_wconf 84' lang='grc' dir='ltr'>φαίνεται</span> <span class='ocrx_word' id='word_1_254' title='bbox 1015 2125 1102 2178; x_wconf 84' lang='grc' dir='ltr'>διά</span> <span class='ocrx_word' id='word_1_255' title='bbox 1158 2125 1220 2177; x_wconf 77' lang='grc' dir='ltr'>τὸ</span> <span class='ocrx_word' id='word_1_256' title='bbox 1265 2125 1364 2194; x_wconf 82' lang='grc' dir='ltr'><strong>τῆς</strong></span> <span class='ocrx_word' id='word_1_257' title='bbox 1407 2123 1621 2192; x_wconf 78' lang='grc' dir='ltr'>φύσεως</span> <span class='ocrx_word' id='word_1_258' title='bbox 1671 2123 2032 2193; x_wconf 79' lang='grc' dir='ltr'>μισοπόνηρον</span> 
     </span>
    </p>
   </div>
   <div class='ocr_carea' id='block_1_38' title="bbox 463 2215 2032 2286">
    <p class='ocr_par' dir='ltr' id='par_1_38' title="bbox 463 2215 2032 2286">
     <span class='ocr_line' id='line_1_38' title="bbox 463 2215 2032 2286; baseline -0.003 -16"><span class='ocrx_word' id='word_1_259' title='bbox 463 2217 623 2286; x_wconf 78' lang='grc' dir='ltr'>μέχρι</span> <span class='ocrx_word' id='word_1_260' title='bbox 647 2216 873 2270; x_wconf 76' lang='grc' dir='ltr'>Θανάτου</span> <span class='ocrx_word' id='word_1_261' title='bbox 909 2219 1035 2280; x_wconf 68' lang='grc' dir='ltr'>τοὺς</span> <span class='ocrx_word' id='word_1_262' title='bbox 1075 2217 1280 2279; x_wconf 74' lang='grc' dir='ltr'>κακοὺς</span> <span class='ocrx_word' id='word_1_263' title='bbox 1300 2217 1650 2286; x_wconf 73' lang='grc' dir='ltr'>ἀμυνόμενος</span> <span class='ocrx_word' id='word_1_264' title='bbox 1710 2218 1737 2268; x_wconf 91' lang='lat'><strong>6</strong></span> <span class='ocrx_word' id='word_1_265' title='bbox 1766 2215 2032 2283; x_wconf 81' lang='grc' dir='ltr'>φυγαδευ-</span> 
     </span>
    </p>
   </div>
   <div class='ocr_carea' id='block_1_39' title="bbox 461 2305 2034 2380">
    <p class='ocr_par' dir='ltr' id='par_1_39' title="bbox 461 2305 2034 2380">
     <span class='ocr_line' id='line_1_39' title="bbox 461 2305 2034 2380; baseline 0 -21"><span class='ocrx_word' id='word_1_266' title='bbox 461 2305 574 2371; x_wconf 76' lang='grc' dir='ltr'>θεὶς</span> <span class='ocrx_word' id='word_1_267' title='bbox 619 2309 770 2379; x_wconf 87' lang='grc' dir='ltr'><strong>παρά</strong></span> <span class='ocrx_word' id='word_1_268' title='bbox 813 2308 922 2362; x_wconf 74' lang='grc' dir='ltr'><strong>τῶν</strong></span> <span class='ocrx_word' id='word_1_269' title='bbox 955 2307 1446 2380; x_wconf 82' lang='grc' dir='ltr'>εύεργετηθέντων,</span> <span class='ocrx_word' id='word_1_270' title='bbox 1513 2309 1606 2359; x_wconf 74' lang='grc' dir='ltr'><strong>καὶ</strong></span> <span class='ocrx_word' id='word_1_271' title='bbox 1636 2307 1888 2377; x_wconf 87' lang='grc' dir='ltr'>ἀσμένως</span> <span class='ocrx_word' id='word_1_272' title='bbox 1937 2306 2034 2377; x_wconf 78' lang='grc' dir='ltr'>μὲν</span> 
     </span>
    </p>
   </div>
   <div class='ocr_carea' id='block_1_40' title="bbox 457 2398 2025 2470">
    <p class='ocr_par' dir='ltr' id='par_1_40' title="bbox 457 2398 2025 2470">
     <span class='ocr_line' id='line_1_40' title="bbox 457 2398 2025 2470; baseline -0.001 -18"><span class='ocrx_word' id='word_1_273' title='bbox 457 2402 584 2462; x_wconf 75' lang='grc' dir='ltr'>τοὺς</span> <span class='ocrx_word' id='word_1_274' title='bbox 626 2401 1028 2468; x_wconf 76' lang='grc' dir='ltr'>Αἰγυπτιακοὺς</span> <span class='ocrx_word' id='word_1_275' title='bbox 1065 2401 1325 2470; x_wconf 77' lang='grc' dir='ltr'>θορύϐους</span> <span class='ocrx_word' id='word_1_276' title='bbox 1374 2399 1678 2460; x_wconf 82' lang='grc' dir='ltr'>ἀπολιπὼν,</span> <span class='ocrx_word' id='word_1_277' title='bbox 1718 2399 1815 2467; x_wconf 77' lang='grc' dir='ltr'>τὴν</span> <span class='ocrx_word' id='word_1_278' title='bbox 1850 2398 1906 2450; x_wconf 81' lang='grc' dir='ltr'>δὲ</span> <span class='ocrx_word' id='word_1_279' title='bbox 1936 2401 2025 2451; x_wconf 75' lang='grc' dir='ltr'><strong>Λί-</strong></span> 
     </span>
    </p>
   </div>
   <div class='ocr_carea' id='block_1_41' title="bbox 460 2489 2034 2560">
    <p class='ocr_par' dir='ltr' id='par_1_41' title="bbox 460 2489 2034 2560">
     <span class='ocr_line' id='line_1_41' title="bbox 460 2489 2034 2560; baseline -0.003 -16"><span class='ocrx_word' id='word_1_280' title='bbox 460 2491 671 2546; x_wconf 89' lang='grc' dir='ltr'>θιοπίαν</span> <span class='ocrx_word' id='word_1_281' title='bbox 715 2492 1054 2554; x_wconf 77' lang='grc' dir='ltr'>καταλαϐὼν,</span> <span class='ocrx_word' id='word_1_282' title='bbox 1093 2494 1252 2546; x_wconf 87' lang='grc' dir='ltr'>κάκεῖ</span> <span class='ocrx_word' id='word_1_283' title='bbox 1297 2495 1474 2545; x_wconf 79' lang='grc' dir='ltr'>πᾶσαν</span> <span class='ocrx_word' id='word_1_284' title='bbox 1530 2490 1721 2560; x_wconf 77' lang='grc' dir='ltr'>σχολὴν</span> <span class='ocrx_word' id='word_1_285' title='bbox 1772 2489 1878 2541; x_wconf 86' lang='grc' dir='ltr'><strong>ἀπὸ</strong></span> <span class='ocrx_word' id='word_1_286' title='bbox 1926 2489 2034 2540; x_wconf 83' lang='grc' dir='ltr'>τῶν</span> 
     </span>
    </p>
   </div>
   <div class='ocr_carea' id='block_1_42' title="bbox 460 2581 2030 2656">
    <p class='ocr_par' dir='ltr' id='par_1_42' title="bbox 460 2581 2030 2656">
     <span class='ocr_line' id='line_1_42' title="bbox 460 2581 2030 2656; baseline -0.003 -19"><span class='ocrx_word' id='word_1_287' title='bbox 460 2584 633 2637; x_wconf 81' lang='grc' dir='ltr'>ἄλλων</span> <span class='ocrx_word' id='word_1_288' title='bbox 674 2584 842 2651; x_wconf 81' lang='grc' dir='ltr'>ἄγων,</span> <span class='ocrx_word' id='word_1_289' title='bbox 890 2586 984 2637; x_wconf 76' lang='grc' dir='ltr'>καὶ</span> <span class='ocrx_word' id='word_1_290' title='bbox 1033 2586 1088 2637; x_wconf 80' lang='grc' dir='ltr'>ὲν</span> <span class='ocrx_word' id='word_1_291' title='bbox 1130 2584 1538 2656; x_wconf 84' lang='grc' dir='ltr'>τεσσαράκοντα</span> <span class='ocrx_word' id='word_1_292' title='bbox 1579 2582 1718 2644; x_wconf 82' lang='grc' dir='ltr'>ὅλοις</span> <span class='ocrx_word' id='word_1_293' title='bbox 1751 2581 1926 2634; x_wconf 78' lang='grc' dir='ltr'>ἔτεσιν</span> <span class='ocrx_word' id='word_1_294' title='bbox 1966 2584 2030 2652; x_wconf 79' lang='grc' dir='ltr'>τῇ</span> 
     </span>
    </p>
   </div>
   <div class='ocr_carea' id='block_1_43' title="bbox 461 2673 2034 2746">
    <p class='ocr_par' dir='ltr' id='par_1_43' title="bbox 461 2673 2034 2746">
     <span class='ocr_line' id='line_1_43' title="bbox 461 2673 2034 2746; baseline -0.003 -18"><span class='ocrx_word' id='word_1_295' title='bbox 461 2674 664 2746; x_wconf 68' lang='grc' dir='ltr'>Θεωρία</span> <span class='ocrx_word' id='word_1_296' title='bbox 723 2676 829 2728; x_wconf 82' lang='grc' dir='ltr'><strong>τῶν</strong></span> <span class='ocrx_word' id='word_1_297' title='bbox 884 2676 1056 2729; x_wconf 82' lang='grc' dir='ltr'>ὅντων</span> <span class='ocrx_word' id='word_1_298' title='bbox 1093 2678 1470 2746; x_wconf 77' lang='grc' dir='ltr'>ἀποσχολάσας</span> <span class='ocrx_word' id='word_1_299' title='bbox 1514 2676 1642 2744; x_wconf 79' lang='lat' dir='ltr'><strong>(ll)°</strong></span> <span class='ocrx_word' id='word_1_300' title='bbox 1671 2673 1750 2736; x_wconf 86' lang='grc' dir='ltr'><strong>ὂς.</strong></span> <span class='ocrx_word' id='word_1_301' title='bbox 1780 2674 2034 2744; x_wconf 76' lang='grc' dir='ltr'>ὀγδοηκο-</span> 
     </span>
    </p>
   </div>
   <div class='ocr_carea' id='block_1_44' title="bbox 461 2764 2046 2836">
    <p class='ocr_par' dir='ltr' id='par_1_44' title="bbox 461 2764 2046 2836">
     <span class='ocr_line' id='line_1_44' title="bbox 461 2764 2046 2836; baseline -0.003 -18"><span class='ocrx_word' id='word_1_302' title='bbox 461 2767 584 2819; x_wconf 79' lang='grc' dir='ltr'>στὸν</span> <span class='ocrx_word' id='word_1_303' title='bbox 609 2767 710 2836; x_wconf 76' lang='grc' dir='ltr'>ἤδη</span> <span class='ocrx_word' id='word_1_304' title='bbox 739 2766 974 2834; x_wconf 83' lang='grc' dir='ltr'>γεγονὼς</span> <span class='ocrx_word' id='word_1_305' title='bbox 999 2768 1135 2830; x_wconf 74' lang='grc' dir='ltr'>ἔτος,</span> <span class='ocrx_word' id='word_1_306' title='bbox 1171 2764 1276 2819; x_wconf 78' lang='grc' dir='ltr'>εἶδε</span> <span class='ocrx_word' id='word_1_307' title='bbox 1306 2767 1437 2820; x_wconf 77' lang='grc' dir='ltr'>Θεὸν</span> <span class='ocrx_word' id='word_1_308' title='bbox 1467 2767 1540 2829; x_wconf 83' lang='grc' dir='ltr'>ὡς</span> <span class='ocrx_word' id='word_1_309' title='bbox 1572 2764 1848 2836; x_wconf 82' lang='grc' dir='ltr'>ἀνθρώπῳ</span> <span class='ocrx_word' id='word_1_310' title='bbox 1905 2764 2046 2816; x_wconf 69' lang='grc' dir='ltr'>ἰδεῖν</span> 
     </span>
    </p>
   </div>
   <div class='ocr_carea' id='block_1_45' title="bbox 458 2857 2031 2928">
    <p class='ocr_par' dir='ltr' id='par_1_45' title="bbox 458 2857 2031 2928">
     <span class='ocr_line' id='line_1_45' title="bbox 458 2857 2031 2928; baseline 0 -19"><span class='ocrx_word' id='word_1_311' title='bbox 458 2858 700 2922; x_wconf 85' lang='grc' dir='ltr'>δυνατὸν,</span> <span class='ocrx_word' id='word_1_312' title='bbox 738 2860 934 2928; x_wconf 82' lang='grc' dir='ltr'>μᾶλλον</span> <span class='ocrx_word' id='word_1_313' title='bbox 992 2859 1048 2912; x_wconf 83' lang='grc' dir='ltr'>δὲ</span> <span class='ocrx_word' id='word_1_314' title='bbox 1091 2861 1163 2923; x_wconf 83' lang='grc' dir='ltr'>ὼς</span> <span class='ocrx_word' id='word_1_315' title='bbox 1222 2861 1396 2913; x_wconf 73' lang='grc' dir='ltr'>οὐδενὶ</span> <span class='ocrx_word' id='word_1_316' title='bbox 1450 2859 1556 2912; x_wconf 82' lang='grc' dir='ltr'><strong>τῶν</strong></span> <span class='ocrx_word' id='word_1_317' title='bbox 1600 2859 1772 2913; x_wconf 80' lang='grc' dir='ltr'>ἄλλων</span> <span class='ocrx_word' id='word_1_318' title='bbox 1827 2857 2031 2927; x_wconf 78' lang='grc' dir='ltr'>ὑπῆρξε</span> 
     </span>
    </p>
   </div>
   <div class='ocr_carea' id='block_1_46' title="bbox 459 2945 2034 3018">
    <p class='ocr_par' dir='ltr' id='par_1_46' title="bbox 459 2945 2034 3018">
     <span class='ocr_line' id='line_1_46' title="bbox 459 2945 2034 3018; baseline 0.003 -22"><span class='ocrx_word' id='word_1_319' title='bbox 459 2945 600 2997; x_wconf 85' lang='grc' dir='ltr'><strong>κατά</strong></span> <span class='ocrx_word' id='word_1_320' title='bbox 647 2945 744 3016; x_wconf 84' lang='grc' dir='ltr'>τὴν</span> <span class='ocrx_word' id='word_1_321' title='bbox 805 2948 1108 3017; x_wconf 89' lang='grc' dir='ltr'>μαρτυρίαν</span> <span class='ocrx_word' id='word_1_322' title='bbox 1161 2948 1327 3018; x_wconf 79' lang='grc' dir='ltr'>αὐτὴν</span> <span class='ocrx_word' id='word_1_323' title='bbox 1380 2948 1471 3000; x_wconf 81' lang='grc' dir='ltr'><strong>τοῦ</strong></span> <span class='ocrx_word' id='word_1_324' title='bbox 1534 2947 1691 3011; x_wconf 75' lang='grc' dir='ltr'>Θεοῦ,</span> <span class='ocrx_word' id='word_1_325' title='bbox 1745 2948 1824 2999; x_wconf 79' lang='grc' dir='ltr'><strong>ὅτι</strong></span> <span class='ocrx_word' id='word_1_326' title='bbox 1893 2945 2034 3000; x_wconf 79' lang='grc' dir='ltr'><strong>Ἐὰν</strong></span> 
     </span>
    </p>
   </div>
   <div class='ocr_carea' id='block_1_47' title="bbox 457 3034 2033 3107">
    <p class='ocr_par' dir='ltr' id='par_1_47' title="bbox 457 3034 2033 3107">
     <span class='ocr_line' id='line_1_47' title="bbox 457 3034 2033 3107; baseline 0.001 -19"><span class='ocrx_word' id='word_1_327' title='bbox 457 3034 696 3104; x_wconf 41' lang='lat' dir='ltr'><strong>insanitas</strong></span> <span class='ocrx_word' id='word_1_328' title='bbox 750 3037 1059 3106; x_wconf 61' lang='grc' dir='ltr'>προφήτης</span> <span class='ocrx_word' id='word_1_329' title='bbox 1087 3037 1251 3107; x_wconf 78' lang='grc' dir='ltr'><strong>ὑμῶν</strong></span> <span class='ocrx_word' id='word_1_330' title='bbox 1299 3038 1380 3102; x_wconf 85' lang='grc' dir='ltr'>τῷ</span> <span class='ocrx_word' id='word_1_331' title='bbox 1430 3039 1642 3106; x_wconf 81' lang='grc' dir='ltr'>Κυρίῳ,</span> <span class='ocrx_word' id='word_1_332' title='bbox 1689 3038 1759 3090; x_wconf 77' lang='grc' dir='ltr'><strong>ἐν</strong></span> <span class='ocrx_word' id='word_1_333' title='bbox 1789 3036 2033 3104; x_wconf 82' lang='grc' dir='ltr'>ὁράματι</span> 
     </span>
    </p>
   </div>
   <div class='ocr_carea' id='block_1_48' title="bbox 2133 1936 3699 2005">
    <p class='ocr_par' dir='ltr' id='par_1_48' title="bbox 2133 1936 3699 2005">
     <span class='ocr_line' id='line_1_48' title="bbox 2133 1936 3699 2005; baseline 0.007 -17"><span class='ocrx_word' id='word_1_334' title='bbox 2133 1936 2569 1990; x_wconf 85' lang='lat' dir='ltr'><strong>committeretur</strong></span> <span class='ocrx_word' id='word_1_335' title='bbox 2616 1936 2794 2004; x_wconf 88' lang='lat' dir='ltr'><strong>populi</strong></span> <span class='ocrx_word' id='word_1_336' title='bbox 2831 1938 3199 2005; x_wconf 87' lang='lat' dir='ltr'><strong>principatus,</strong></span> <span class='ocrx_word' id='word_1_337' title='bbox 3229 1941 3296 1992; x_wconf 92' lang='lat' dir='ltr'><strong>ob</strong></span> <span class='ocrx_word' id='word_1_338' title='bbox 3326 1944 3568 1996; x_wconf 86' lang='lat' dir='ltr'><strong>naturale</strong></span> <span class='ocrx_word' id='word_1_339' title='bbox 3604 1960 3699 1999; x_wconf 56' lang='lat' dir='ltr'><strong>nc:-</strong></span> 
     </span>
    </p>
   </div>
   <div class='ocr_carea' id='block_1_49' title="bbox 2133 2027 3697 2097">
    <p class='ocr_par' dir='ltr' id='par_1_49' title="bbox 2133 2027 3697 2097">
     <span class='ocr_line' id='line_1_49' title="bbox 2133 2027 3697 2097; baseline 0.009 -21"><span class='ocrx_word' id='word_1_340' title='bbox 2133 2027 2317 2094; x_wconf 69' lang='lat' dir='ltr'><strong>quitiae</strong></span> <span class='ocrx_word' id='word_1_341' title='bbox 2351 2027 2531 2080; x_wconf 89' lang='lat' dir='ltr'><strong>odium</strong></span> <span class='ocrx_word' id='word_1_342' title='bbox 2579 2027 2642 2080; x_wconf 92' lang='lat' dir='ltr'><strong>ad</strong></span> <span class='ocrx_word' id='word_1_343' title='bbox 2695 2037 2922 2080; x_wconf 91' lang='lat' dir='ltr'><strong>mortem</strong></span> <span class='ocrx_word' id='word_1_344' title='bbox 2973 2044 3142 2097; x_wconf 89' lang='lat' dir='ltr'><strong>usque</strong></span> <span class='ocrx_word' id='word_1_345' title='bbox 3189 2031 3358 2086; x_wconf 88' lang='lat' dir='ltr'><strong>malos</strong></span> <span class='ocrx_word' id='word_1_346' title='bbox 3403 2033 3697 2091; x_wconf 91' lang='lat' dir='ltr'><strong>insectatus</strong></span> 
     </span>
    </p>
   </div>
   <div class='ocr_carea' id='block_1_50' title="bbox 2134 2118 3696 2189">
    <p class='ocr_par' dir='ltr' id='par_1_50' title="bbox 2134 2118 3696 2189">
     <span class='ocr_line' id='line_1_50' title="bbox 2134 2118 3696 2189; baseline 0.008 -19"><span class='ocrx_word' id='word_1_347' title='bbox 2134 2118 2300 2172; x_wconf 91' lang='lat' dir='ltr'><strong>fuisse</strong></span> <span class='ocrx_word' id='word_1_348' title='bbox 2353 2121 2718 2187; x_wconf 88' lang='lat' dir='ltr'><strong>comperitur;</strong></span> <span class='ocrx_word' id='word_1_349' title='bbox 2751 2121 2839 2188; x_wconf 92' lang='lat' dir='ltr'><strong>qui</strong></span> <span class='ocrx_word' id='word_1_350' title='bbox 2879 2121 2945 2174; x_wconf 92' lang='lat' dir='ltr'><strong>ab</strong></span> <span class='ocrx_word' id='word_1_351' title='bbox 2990 2121 3056 2174; x_wconf 88' lang='lat' dir='ltr'><strong>iis</strong></span> <span class='ocrx_word' id='word_1_352' title='bbox 3084 2137 3216 2189; x_wconf 91' lang='lat' dir='ltr'><strong>quos</strong></span> <span class='ocrx_word' id='word_1_353' title='bbox 3258 2125 3533 2180; x_wconf 82' lang='lat' dir='ltr'><strong>beneficiis</strong></span> <span class='ocrx_word' id='word_1_354' title='bbox 3565 2127 3696 2183; x_wconf 68' lang='lat' dir='ltr'><strong>alre-</strong></span> 
     </span>
    </p>
   </div>
   <div class='ocr_carea' id='block_1_51' title="bbox 2134 2209 3698 2282">
    <p class='ocr_par' dir='ltr' id='par_1_51' title="bbox 2134 2209 3698 2282">
     <span class='ocr_line' id='line_1_51' title="bbox 2134 2209 3698 2282; baseline 0.006 -18"><span class='ocrx_word' id='word_1_355' title='bbox 2134 2220 2315 2273; x_wconf 88' lang='lat' dir='ltr'><strong>cerat,</strong></span> <span class='ocrx_word' id='word_1_356' title='bbox 2369 2209 2606 2279; x_wconf 79' lang='lat' dir='ltr'><strong>fugatus,</strong></span> <span class='ocrx_word' id='word_1_357' title='bbox 2635 2225 2699 2266; x_wconf 88' lang='lat' dir='ltr'><strong>ac</strong></span> <span class='ocrx_word' id='word_1_358' title='bbox 2745 2211 2992 2265; x_wconf 86' lang='lat' dir='ltr'><strong>lubenter</strong></span> <span class='ocrx_word' id='word_1_359' title='bbox 3039 2211 3386 2282; x_wconf 64' lang='lat' dir='ltr'><strong>Egyptiacos</strong></span> <span class='ocrx_word' id='word_1_360' title='bbox 3441 2219 3698 2274; x_wconf 82' lang='lat' dir='ltr'><strong>tumultus</strong></span> 
     </span>
    </p>
   </div>
   <div class='ocr_carea' id='block_1_52' title="bbox 2135 2302 3698 2375">
    <p class='ocr_par' dir='ltr' id='par_1_52' title="bbox 2135 2302 3698 2375">
     <span class='ocr_line' id='line_1_52' title="bbox 2135 2302 3698 2375; baseline 0.005 -19"><span class='ocrx_word' id='word_1_361' title='bbox 2135 2302 2514 2370; x_wconf 90' lang='lat' dir='ltr'><strong>derelinquens</strong></span> <span class='ocrx_word' id='word_1_362' title='bbox 2537 2343 2551 2368; x_wconf 92' lang='lat'><strong>,</strong></span> <span class='ocrx_word' id='word_1_363' title='bbox 2581 2303 2975 2372; x_wconf 88' lang='lat' dir='ltr'><strong>adveniensque</strong></span> <span class='ocrx_word' id='word_1_364' title='bbox 3004 2303 3056 2356; x_wconf 91' lang='lat' dir='ltr'><strong>in</strong></span> <span class='ocrx_word' id='word_1_365' title='bbox 3095 2303 3426 2375; x_wconf 68' lang='lat' dir='ltr'><strong>EthiOpiam</strong></span> <span class='ocrx_word' id='word_1_366' title='bbox 3455 2349 3469 2372; x_wconf 91' lang='lat'><strong>,</strong></span> <span class='ocrx_word' id='word_1_367' title='bbox 3501 2318 3554 2362; x_wconf 84' lang='lat' dir='ltr'><strong>et</strong></span> <span class='ocrx_word' id='word_1_368' title='bbox 3591 2310 3698 2366; x_wconf 86' lang='lat' dir='ltr'><strong>illic</strong></span> 
     </span>
    </p>
   </div>
   <div class='ocr_carea' id='block_1_53' title="bbox 2134 2395 3697 2469">
    <p class='ocr_par' dir='ltr' id='par_1_53' title="bbox 2134 2395 3697 2469">
     <span class='ocr_line' id='line_1_53' title="bbox 2134 2395 3697 2469; baseline 0.006 -21"><span class='ocrx_word' id='word_1_369' title='bbox 2134 2396 2354 2448; x_wconf 92' lang='lat' dir='ltr'><strong>omnino</strong></span> <span class='ocrx_word' id='word_1_370' title='bbox 2386 2396 2453 2449; x_wconf 88' lang='lat' dir='ltr'><strong>ab</strong></span> <span class='ocrx_word' id='word_1_371' title='bbox 2491 2395 2613 2450; x_wconf 89' lang='lat' dir='ltr'><strong>aliis</strong></span> <span class='ocrx_word' id='word_1_372' title='bbox 2637 2396 2866 2464; x_wconf 70' lang='lat' dir='ltr'><strong>negotiis</strong></span> <span class='ocrx_word' id='word_1_373' title='bbox 2900 2396 3144 2459; x_wconf 83' lang='lat' dir='ltr'><strong>feriatus,</strong></span> <span class='ocrx_word' id='word_1_374' title='bbox 3174 2407 3312 2452; x_wconf 88' lang='lat' dir='ltr'><strong>totos</strong></span> <span class='ocrx_word' id='word_1_375' title='bbox 3345 2401 3697 2469; x_wconf 81' lang='lat' dir='ltr'><strong>quadraginta</strong></span> 
     </span>
    </p>
   </div>
   <div class='ocr_carea' id='block_1_54' title="bbox 2135 2483 3698 2554">
    <p class='ocr_par' dir='ltr' id='par_1_54' title="bbox 2135 2483 3698 2554">
     <span class='ocr_line' id='line_1_54' title="bbox 2135 2483 3698 2554; baseline 0.003 -18"><span class='ocrx_word' id='word_1_376' title='bbox 2135 2499 2305 2537; x_wconf 91' lang='lat' dir='ltr'><strong>annos</strong></span> <span class='ocrx_word' id='word_1_377' title='bbox 2347 2499 2521 2536; x_wconf 87' lang='lat' dir='ltr'><strong>rerum</strong></span> <span class='ocrx_word' id='word_1_378' title='bbox 2573 2483 3010 2551; x_wconf 85' lang='lat' dir='ltr'><strong>contemplationi</strong></span> <span class='ocrx_word' id='word_1_379' title='bbox 3054 2483 3379 2551; x_wconf 88' lang='lat' dir='ltr'><strong>impertivit;</strong></span> <span class='ocrx_word' id='word_1_380' title='bbox 3413 2487 3502 2554; x_wconf 90' lang='lat' dir='ltr'><strong>qui</strong></span> <span class='ocrx_word' id='word_1_381' title='bbox 3547 2498 3698 2541; x_wconf 89' lang='lat' dir='ltr'><strong>octo-</strong></span> 
     </span>
    </p>
   </div>
   <div class='ocr_carea' id='block_1_55' title="bbox 2134 2569 3698 2644">
    <p class='ocr_par' dir='ltr' id='par_1_55' title="bbox 2134 2569 3698 2644">
     <span class='ocr_line' id='line_1_55' title="bbox 2134 2569 3698 2644; baseline 0 -15"><span class='ocrx_word' id='word_1_382' title='bbox 2134 2575 2394 2643; x_wconf 78' lang='lat' dir='ltr'><strong>gesimum</strong></span> <span class='ocrx_word' id='word_1_383' title='bbox 2419 2575 2530 2644; x_wconf 88' lang='lat' dir='ltr'><strong>jam</strong></span> <span class='ocrx_word' id='word_1_384' title='bbox 2556 2583 2713 2628; x_wconf 89' lang='lat' dir='ltr'><strong>natus</strong></span> <span class='ocrx_word' id='word_1_385' title='bbox 2741 2590 2964 2640; x_wconf 86' lang='lat' dir='ltr'><strong>annum,</strong></span> <span class='ocrx_word' id='word_1_386' title='bbox 2995 2575 3178 2638; x_wconf 88' lang='lat' dir='ltr'><strong>Deum,</strong></span> <span class='ocrx_word' id='word_1_387' title='bbox 3209 2587 3465 2644; x_wconf 88' lang='lat' dir='ltr'><strong>quanttnn</strong></span> <span class='ocrx_word' id='word_1_388' title='bbox 3495 2569 3698 2630; x_wconf 85' lang='lat' dir='ltr'><strong>homini</strong></span> 
     </span>
    </p>
   </div>
   <div class='ocr_carea' id='block_1_56' title="bbox 2133 2663 3696 2731">
    <p class='ocr_par' dir='ltr' id='par_1_56' title="bbox 2133 2663 3696 2731">
     <span class='ocr_line' id='line_1_56' title="bbox 2133 2663 3696 2731; baseline -0.001 -14"><span class='ocrx_word' id='word_1_389' title='bbox 2133 2665 2316 2719; x_wconf 87' lang='lat' dir='ltr'><strong>videre</strong></span> <span class='ocrx_word' id='word_1_390' title='bbox 2344 2665 2487 2729; x_wconf 84' lang='lat' dir='ltr'><strong>licet,</strong></span> <span class='ocrx_word' id='word_1_391' title='bbox 2542 2663 2710 2726; x_wconf 87' lang='lat' dir='ltr'><strong>vidit;</strong></span> <span class='ocrx_word' id='word_1_392' title='bbox 2748 2663 2855 2716; x_wconf 90' lang='lat' dir='ltr'><strong>imo</strong></span> <span class='ocrx_word' id='word_1_393' title='bbox 2892 2673 3152 2731; x_wconf 88' lang='lat' dir='ltr'><strong>quantum</strong></span> <span class='ocrx_word' id='word_1_394' title='bbox 3202 2664 3332 2716; x_wconf 89' lang='lat' dir='ltr'><strong>nulli</strong></span> <span class='ocrx_word' id='word_1_395' title='bbox 3376 2665 3464 2717; x_wconf 89' lang='lat' dir='ltr'><strong>alii</strong></span> <span class='ocrx_word' id='word_1_396' title='bbox 3512 2665 3696 2717; x_wconf 83' lang='lat' dir='ltr'><strong>datum</strong></span> 
     </span>
    </p>
   </div>
   <div class='ocr_carea' id='block_1_57' title="bbox 2133 2753 3698 2825">
    <p class='ocr_par' dir='ltr' id='par_1_57' title="bbox 2133 2753 3698 2825">
     <span class='ocr_line' id='line_1_57' title="bbox 2133 2753 3698 2825; baseline -0.003 -13"><span class='ocrx_word' id='word_1_397' title='bbox 2133 2765 2235 2823; x_wconf 86' lang='lat' dir='ltr'><strong>est,</strong></span> <span class='ocrx_word' id='word_1_398' title='bbox 2263 2757 2413 2825; x_wconf 80' lang='lat' dir='ltr'><strong>juxta</strong></span> <span class='ocrx_word' id='word_1_399' title='bbox 2441 2757 2609 2823; x_wconf 88' lang='lat' dir='ltr'><strong>ipsum</strong></span> <span class='ocrx_word' id='word_1_400' title='bbox 2642 2756 2731 2810; x_wconf 86' lang='lat' dir='ltr'><strong>Dei</strong></span> <span class='ocrx_word' id='word_1_401' title='bbox 2758 2756 3118 2808; x_wconf 89' lang='lat' dir='ltr'><strong>testimonium</strong></span> <span class='ocrx_word' id='word_1_402' title='bbox 3142 2773 3154 2808; x_wconf 89' lang='lat'>:</span> <span class='ocrx_word' id='word_1_403' title='bbox 3179 2753 3237 2808; x_wconf 88' lang='lat' dir='ltr'><strong>Si</strong></span> <span class='ocrx_word' id='word_1_404' title='bbox 3264 2755 3420 2822; x_wconf 71' lang='lat' dir='ltr'><strong>fuerit</strong></span> <span class='ocrx_word' id='word_1_405' title='bbox 3448 2757 3698 2824; x_wconf 67' lang='lat' dir='ltr'><strong>prop/aeta</strong></span> 
     </span>
    </p>
   </div>
   <div class='ocr_carea' id='block_1_58' title="bbox 2134 2847 3696 2915">
    <p class='ocr_par' dir='ltr' id='par_1_58' title="bbox 2134 2847 3696 2915">
     <span class='ocr_line' id='line_1_58' title="bbox 2134 2847 3696 2915; baseline -0.003 -13"><span class='ocrx_word' id='word_1_406' title='bbox 2134 2861 2297 2902; x_wconf 74' lang='lat' dir='ltr'><strong>vester</strong></span> <span class='ocrx_word' id='word_1_407' title='bbox 2331 2848 2587 2914; x_wconf 86' lang='lat' dir='ltr'><strong>Domino,</strong></span> <span class='ocrx_word' id='word_1_408' title='bbox 2618 2849 2674 2900; x_wconf 87' lang='lat' dir='ltr'><strong>in</strong></span> <span class='ocrx_word' id='word_1_409' title='bbox 2721 2847 2914 2900; x_wconf 80' lang='lat' dir='ltr'><strong>visione</strong></span> <span class='ocrx_word' id='word_1_410' title='bbox 2944 2849 2986 2898; x_wconf 90' lang='lat' dir='ltr'><strong>ei</strong></span> <span class='ocrx_word' id='word_1_411' title='bbox 3021 2861 3276 2915; x_wconf 83' lang='lat' dir='ltr'><strong>agnoscar</strong></span> <span class='ocrx_word' id='word_1_412' title='bbox 3299 2887 3313 2912; x_wconf 92' lang='lat'><strong>,</strong></span> <span class='ocrx_word' id='word_1_413' title='bbox 3341 2857 3386 2898; x_wconf 85' lang='lat' dir='ltr'><strong>et</strong></span> <span class='ocrx_word' id='word_1_414' title='bbox 3429 2847 3480 2898; x_wconf 88' lang='lat' dir='ltr'><strong>in</strong></span> <span class='ocrx_word' id='word_1_415' title='bbox 3516 2862 3696 2898; x_wconf 84' lang='lat' dir='ltr'><strong>sam-no</strong></span> 
     </span>
    </p>
   </div>
   <div class='ocr_carea' id='block_1_59' title="bbox 2135 2936 3699 3005">
    <p class='ocr_par' dir='ltr' id='par_1_59' title="bbox 2135 2936 3699 3005">
     <span class='ocr_line' id='line_1_59' title="bbox 2135 2936 3699 3005; baseline -0.001 -15"><span class='ocrx_word' id='word_1_416' title='bbox 2135 2938 2321 3004; x_wconf 84' lang='lat' dir='ltr'><strong>loquar</strong></span> <span class='ocrx_word' id='word_1_417' title='bbox 2364 2939 2432 2991; x_wconf 84' lang='lat' dir='ltr'><strong>ei.</strong></span> <span class='ocrx_word' id='word_1_418' title='bbox 2489 2937 2611 2990; x_wconf 84' lang='lat' dir='ltr'><strong>Non</strong></span> <span class='ocrx_word' id='word_1_419' title='bbox 2665 2939 2740 2989; x_wconf 86' lang='lat' dir='ltr'><strong>ita</strong></span> <span class='ocrx_word' id='word_1_420' title='bbox 2783 2938 2917 2990; x_wconf 82' lang='lat' dir='ltr'><strong>velut</strong></span> <span class='ocrx_word' id='word_1_421' title='bbox 2965 2954 3137 2990; x_wconf 85' lang='lat' dir='ltr'><strong>servus</strong></span> <span class='ocrx_word' id='word_1_422' title='bbox 3183 2954 3325 2990; x_wconf 87' lang='lat' dir='ltr'><strong>meus</strong></span> <span class='ocrx_word' id='word_1_423' title='bbox 3361 2936 3603 3005; x_wconf 76' lang='lat' dir='ltr'><strong>Moyses,</strong></span> <span class='ocrx_word' id='word_1_424' title='bbox 3643 2940 3699 2989; x_wconf 80' lang='lat' dir='ltr'><strong>in</strong></span> 
     </span>
    </p>
   </div>
   <div class='ocr_carea' id='block_1_60' title="bbox 2135 3029 3697 3097">
    <p class='ocr_par' dir='ltr' id='par_1_60' title="bbox 2135 3029 3697 3097">
     <span class='ocr_line' id='line_1_60' title="bbox 2135 3029 3697 3097; baseline -0.001 -14"><span class='ocrx_word' id='word_1_425' title='bbox 2135 3040 2244 3083; x_wconf 84' lang='lat' dir='ltr'><strong>tota</strong></span> <span class='ocrx_word' id='word_1_426' title='bbox 2278 3033 2428 3082; x_wconf 85' lang='lat' dir='ltr'><strong>domo</strong></span> <span class='ocrx_word' id='word_1_427' title='bbox 2464 3045 2576 3082; x_wconf 84' lang='lat' dir='ltr'><strong>mea</strong></span> <span class='ocrx_word' id='word_1_428' title='bbox 2608 3030 2779 3096; x_wconf 78' lang='lat' dir='ltr'><strong>fidelis</strong></span> <span class='ocrx_word' id='word_1_429' title='bbox 2824 3039 2944 3083; x_wconf 84' lang='lat' dir='ltr'><strong>est:</strong></span> <span class='ocrx_word' id='word_1_430' title='bbox 2983 3045 3037 3083; x_wconf 88' lang='lat' dir='ltr'><strong>os</strong></span> <span class='ocrx_word' id='word_1_431' title='bbox 3087 3029 3155 3082; x_wconf 82' lang='lat' dir='ltr'><strong>ad</strong></span> <span class='ocrx_word' id='word_1_432' title='bbox 3197 3044 3251 3081; x_wconf 85' lang='lat' dir='ltr'><strong>os</strong></span> <span class='ocrx_word' id='word_1_433' title='bbox 3292 3029 3479 3097; x_wconf 83' lang='lat' dir='ltr'><strong>loquar</strong></span> <span class='ocrx_word' id='word_1_434' title='bbox 3512 3030 3595 3094; x_wconf 85' lang='lat' dir='ltr'><strong>ei,</strong></span> <span class='ocrx_word' id='word_1_435' title='bbox 3644 3030 3697 3081; x_wconf 83' lang='lat' dir='ltr'><strong>in</strong></span> 
     </span>
    </p>
   </div>
   <div class='ocr_carea' id='block_1_61' title="bbox 456 3119 2024 3217">
    <p class='ocr_par' dir='ltr' id='par_1_61' title="bbox 456 3127 2024 3198">
     <span class='ocr_line' id='line_1_61' title="bbox 456 3127 2024 3198; baseline 0 -18"><span class='ocrx_word' id='word_1_436' title='bbox 456 3127 616 3191; x_wconf 82' lang='grc' dir='ltr'><strong>αὑτῷ</strong></span> <span class='ocrx_word' id='word_1_437' title='bbox 659 3129 1104 3198; x_wconf 77' lang='grc' dir='ltr'>γνωσθήσομαι,</span> <span class='ocrx_word' id='word_1_438' title='bbox 1132 3130 1228 3184; x_wconf 81' lang='grc' dir='ltr'>καὶ</span> <span class='ocrx_word' id='word_1_439' title='bbox 1257 3131 1326 3183; x_wconf 80' lang='grc' dir='ltr'><strong>ἐν</strong></span> <span class='ocrx_word' id='word_1_440' title='bbox 1355 3131 1522 3197; x_wconf 77' lang='grc' dir='ltr'><strong>ὕπνῳ</strong></span> <span class='ocrx_word' id='word_1_441' title='bbox 1555 3130 1808 3195; x_wconf 73' lang='grc' dir='ltr'>λαλήσω</span> <span class='ocrx_word' id='word_1_442' title='bbox 1851 3128 2024 3193; x_wconf 79' lang='grc' dir='ltr'>αὐτῷ.</span> 
     </span>
    </p>
   </div>
   <div class='ocr_carea' id='block_1_62' title="bbox 2131 3119 3698 3217">
    <p class='ocr_par' dir='ltr' id='par_1_62' title="bbox 2135 3119 3698 3190">
     <span class='ocr_line' id='line_1_62' title="bbox 2135 3119 3698 3190; baseline -0.001 -15"><span class='ocrx_word' id='word_1_443' title='bbox 2135 3121 2333 3189; x_wconf 83' lang='lat' dir='ltr'><strong>specie,</strong></span> <span class='ocrx_word' id='word_1_444' title='bbox 2368 3131 2414 3174; x_wconf 85' lang='lat' dir='ltr'><strong>et</strong></span> <span class='ocrx_word' id='word_1_445' title='bbox 2463 3137 2566 3173; x_wconf 81' lang='lat' dir='ltr'><strong>non</strong></span> <span class='ocrx_word' id='word_1_446' title='bbox 2609 3138 2701 3190; x_wconf 82' lang='lat' dir='ltr'><strong>per</strong></span> <span class='ocrx_word' id='word_1_447' title='bbox 2728 3122 3007 3189; x_wconf 66' lang='lat' dir='ltr'><strong>aenigmata</strong></span> <span class='ocrx_word' id='word_1_448' title='bbox 3041 3122 3080 3172; x_wconf 84' lang='grc'><strong>².</strong></span> <span class='ocrx_word' id='word_1_449' title='bbox 3120 3119 3218 3174; x_wconf 88' lang='lat' dir='ltr'><strong>llic</strong></span> <span class='ocrx_word' id='word_1_450' title='bbox 3271 3121 3450 3188; x_wconf 85' lang='lat' dir='ltr'><strong>itaque</strong></span> <span class='ocrx_word' id='word_1_451' title='bbox 3502 3120 3698 3174; x_wconf 64' lang='lat' dir='ltr'><strong>divina!</strong></span> 
     </span>
    </p>
   </div>
   <div class='ocr_carea' id='block_1_63' title="bbox 462 3220 2033 3292">
    <p class='ocr_par' dir='ltr' id='par_1_63' title="bbox 462 3220 2033 3292">
     <span class='ocr_line' id='line_1_63' title="bbox 462 3220 2033 3292; baseline -0.001 -20"><span class='ocrx_word' id='word_1_452' title='bbox 462 3222 584 3288; x_wconf 80' lang='grc' dir='ltr'><strong>Οὐχ</strong></span> <span class='ocrx_word' id='word_1_453' title='bbox 638 3221 844 3287; x_wconf 81' lang='grc' dir='ltr'>οὕτως,</span> <span class='ocrx_word' id='word_1_454' title='bbox 895 3223 975 3287; x_wconf 86' lang='grc' dir='ltr'>ὡς</span> <span class='ocrx_word' id='word_1_455' title='bbox 1029 3226 1060 3275; x_wconf 87' lang='grc' dir='ltr'><strong>ό</strong></span> <span class='ocrx_word' id='word_1_456' title='bbox 1116 3221 1389 3289; x_wconf 80' lang='grc' dir='ltr'>θεράπων</span> <span class='ocrx_word' id='word_1_457' title='bbox 1441 3239 1560 3292; x_wconf 86' lang='grc' dir='ltr'><strong>μου</strong></span> <span class='ocrx_word' id='word_1_458' title='bbox 1622 3220 1904 3289; x_wconf 81' lang='grc' dir='ltr'>Μωῦσῆς,</span> <span class='ocrx_word' id='word_1_459' title='bbox 1964 3221 2033 3272; x_wconf 77' lang='grc' dir='ltr'><strong>ἐν</strong></span> 
     </span>
    </p>
   </div>
   <div class='ocr_carea' id='block_1_64' title="bbox 457 3307 2033 3380">
    <p class='ocr_par' dir='ltr' id='par_1_64' title="bbox 457 3307 2033 3380">
     <span class='ocr_line' id='line_1_64' title="bbox 457 3307 2033 3380; baseline -0.001 -18"><span class='ocrx_word' id='word_1_460' title='bbox 457 3307 579 3371; x_wconf 74' lang='grc' dir='ltr'><strong>ὅλῳ</strong></span> <span class='ocrx_word' id='word_1_461' title='bbox 604 3308 682 3373; x_wconf 83' lang='grc' dir='ltr'>τῷ</span> <span class='ocrx_word' id='word_1_462' title='bbox 709 3311 850 3375; x_wconf 84' lang='grc' dir='ltr'>οἴκῳ</span> <span class='ocrx_word' id='word_1_463' title='bbox 875 3329 994 3379; x_wconf 83' lang='grc' dir='ltr'><strong>μου</strong></span> <span class='ocrx_word' id='word_1_464' title='bbox 1023 3314 1236 3376; x_wconf 81' lang='grc' dir='ltr'>πιστός</span> <span class='ocrx_word' id='word_1_465' title='bbox 1275 3312 1424 3364; x_wconf 79' lang='grc' dir='ltr'>ἐστι’</span> <span class='ocrx_word' id='word_1_466' title='bbox 1453 3315 1646 3380; x_wconf 80' lang='grc' dir='ltr'>στόμα</span> <span class='ocrx_word' id='word_1_467' title='bbox 1670 3313 1818 3364; x_wconf 82' lang='grc' dir='ltr'>κατὰ</span> <span class='ocrx_word' id='word_1_468' title='bbox 1840 3311 2033 3378; x_wconf 81' lang='grc' dir='ltr'>στόμα</span> 
     </span>
    </p>
   </div>
   <div class='ocr_carea' id='block_1_65' title="bbox 457 3399 2026 3469">
    <p class='ocr_par' dir='ltr' id='par_1_65' title="bbox 457 3399 2026 3469">
     <span class='ocr_line' id='line_1_65' title="bbox 457 3399 2026 3469; baseline 0.002 -18"><span class='ocrx_word' id='word_1_469' title='bbox 457 3399 710 3467; x_wconf 72' lang='grc' dir='ltr'>λαλήσω</span> <span class='ocrx_word' id='word_1_470' title='bbox 748 3400 925 3466; x_wconf 79' lang='grc' dir='ltr'>αὐτῷ,</span> <span class='ocrx_word' id='word_1_471' title='bbox 977 3401 1044 3454; x_wconf 81' lang='grc' dir='ltr'><strong>ἐν</strong></span> <span class='ocrx_word' id='word_1_472' title='bbox 1081 3402 1246 3465; x_wconf 82' lang='grc' dir='ltr'>εἴδει,</span> <span class='ocrx_word' id='word_1_473' title='bbox 1295 3402 1395 3455; x_wconf 83' lang='grc' dir='ltr'>καὶ</span> <span class='ocrx_word' id='word_1_474' title='bbox 1443 3404 1514 3455; x_wconf 84' lang='grc' dir='ltr'>οὐ</span> <span class='ocrx_word' id='word_1_475' title='bbox 1549 3401 1622 3453; x_wconf 79' lang='grc' dir='ltr'><strong>δι’</strong></span> <span class='ocrx_word' id='word_1_476' title='bbox 1651 3399 2026 3469; x_wconf 69' lang='grc' dir='ltr'><strong>αἰνιγμάτων.</strong></span> 
     </span>
    </p>
   </div>
   <div class='ocr_carea' id='block_1_66' title="bbox 459 3484 2029 3562">
    <p class='ocr_par' dir='ltr' id='par_1_66' title="bbox 459 3484 2029 3562">
     <span class='ocr_line' id='line_1_66' title="bbox 459 3484 2029 3562; baseline 0.003 -22"><span class='ocrx_word' id='word_1_477' title='bbox 459 3484 627 3552; x_wconf 76' lang='grc' dir='ltr'>Οὗτος</span> <span class='ocrx_word' id='word_1_478' title='bbox 681 3490 857 3543; x_wconf 87' lang='grc' dir='ltr'>τοίνυν</span> <span class='ocrx_word' id='word_1_479' title='bbox 905 3493 933 3544; x_wconf 86' lang='lat'><strong>6</strong></span> <span class='ocrx_word' id='word_1_480' title='bbox 975 3494 1071 3560; x_wconf 84' lang='grc' dir='ltr'>τῆς</span> <span class='ocrx_word' id='word_1_481' title='bbox 1107 3492 1534 3562; x_wconf 76' lang='grc' dir='ltr'>αὑτοπροσώπου</span> <span class='ocrx_word' id='word_1_482' title='bbox 1581 3491 1706 3554; x_wconf 82' lang='grc' dir='ltr'>θέας</span> <span class='ocrx_word' id='word_1_483' title='bbox 1750 3491 1842 3544; x_wconf 78' lang='grc' dir='ltr'>τοῦ</span> <span class='ocrx_word' id='word_1_484' title='bbox 1896 3490 2029 3544; x_wconf 80' lang='grc' dir='ltr'>Θεοῦ</span> 
     </span>
    </p>
   </div>
   <div class='ocr_carea' id='block_1_67' title="bbox 457 3580 2031 3653">
    <p class='ocr_par' dir='ltr' id='par_1_67' title="bbox 457 3580 2031 3653">
     <span class='ocr_line' id='line_1_67' title="bbox 457 3580 2031 3653; baseline 0.002 -20"><span class='ocrx_word' id='word_1_485' title='bbox 457 3580 634 3645; x_wconf 78' lang='grc' dir='ltr'>ὲξίσου</span> <span class='ocrx_word' id='word_1_486' title='bbox 687 3585 797 3644; x_wconf 90' lang='grc' dir='ltr'>τοῖς</span> <span class='ocrx_word' id='word_1_487' title='bbox 841 3582 1087 3650; x_wconf 81' lang='grc' dir='ltr'>ἀγγέλοις</span> <span class='ocrx_word' id='word_1_488' title='bbox 1111 3583 1379 3648; x_wconf 75' lang='grc' dir='ltr'>ἀξιωθεὶς,</span> <span class='ocrx_word' id='word_1_489' title='bbox 1409 3584 1465 3650; x_wconf 79' lang='grc' dir='ltr'>ἐξ</span> <span class='ocrx_word' id='word_1_490' title='bbox 1509 3580 1583 3636; x_wconf 83' lang='grc' dir='ltr'><strong>ὧν</strong></span> <span class='ocrx_word' id='word_1_491' title='bbox 1630 3585 1829 3653; x_wconf 75' lang='grc' dir='ltr'>ἢκουσε</span> <span class='ocrx_word' id='word_1_492' title='bbox 1881 3583 2031 3653; x_wconf 86' lang='grc' dir='ltr'><strong>παρά</strong></span> 
     </span>
    </p>
   </div>
   <div class='ocr_carea' id='block_1_68' title="bbox 455 3668 2033 3742">
    <p class='ocr_par' dir='ltr' id='par_1_68' title="bbox 455 3668 2033 3742">
     <span class='ocr_line' id='line_1_68' title="bbox 455 3668 2033 3742; baseline 0.002 -21"><span class='ocrx_word' id='word_1_493' title='bbox 455 3668 551 3721; x_wconf 82' lang='grc' dir='ltr'>τοῦ</span> <span class='ocrx_word' id='word_1_494' title='bbox 603 3669 742 3722; x_wconf 75' lang='grc' dir='ltr'>Θεοῦ</span> <span class='ocrx_word' id='word_1_495' title='bbox 779 3671 1082 3738; x_wconf 81' lang='grc' dir='ltr'>διαλέγεται</span> <span class='ocrx_word' id='word_1_496' title='bbox 1129 3671 1238 3740; x_wconf 70' lang='grc'><strong>(12)</strong></span> <span class='ocrx_word' id='word_1_497' title='bbox 1269 3675 1422 3742; x_wconf 80' lang='grc' dir='ltr'>ἡμῖν.</span> <span class='ocrx_word' id='word_1_498' title='bbox 1469 3673 1812 3742; x_wconf 85' lang='grc' dir='ltr'>Ἀκούσωμεν</span> <span class='ocrx_word' id='word_1_499' title='bbox 1856 3672 2033 3727; x_wconf 86' lang='grc' dir='ltr'>τοίνυν</span> 
     </span>
    </p>
   </div>
   <div class='ocr_carea' id='block_1_69' title="bbox 2139 3212 3698 3283">
    <p class='ocr_par' dir='ltr' id='par_1_69' title="bbox 2139 3212 3698 3283">
     <span class='ocr_line' id='line_1_69' title="bbox 2139 3212 3698 3283; baseline 0 -16"><span class='ocrx_word' id='word_1_500' title='bbox 2139 3215 2308 3283; x_wconf 88' lang='lat' dir='ltr'><strong>ipsius</strong></span> <span class='ocrx_word' id='word_1_501' title='bbox 2347 3213 2507 3268; x_wconf 87' lang='lat' dir='ltr'><strong>faciei</strong></span> <span class='ocrx_word' id='word_1_502' title='bbox 2539 3223 2832 3282; x_wconf 88' lang='lat' dir='ltr'><strong>conspectu</strong></span> <span class='ocrx_word' id='word_1_503' title='bbox 2874 3212 3094 3280; x_wconf 89' lang='lat' dir='ltr'><strong>perinde</strong></span> <span class='ocrx_word' id='word_1_504' title='bbox 3124 3226 3186 3264; x_wconf 88' lang='lat' dir='ltr'><strong>ac</strong></span> <span class='ocrx_word' id='word_1_505' title='bbox 3215 3213 3389 3281; x_wconf 83' lang='lat' dir='ltr'><strong>angeli</strong></span> <span class='ocrx_word' id='word_1_506' title='bbox 3429 3213 3698 3282; x_wconf 80' lang='lat' dir='ltr'><strong>dignatus,</strong></span> 
     </span>
    </p>
   </div>
   <div class='ocr_carea' id='block_1_70' title="bbox 2135 3302 3702 3373">
    <p class='ocr_par' dir='ltr' id='par_1_70' title="bbox 2135 3302 3702 3373">
     <span class='ocr_line' id='line_1_70' title="bbox 2135 3302 3702 3373; baseline -0.003 -13"><span class='ocrx_word' id='word_1_507' title='bbox 2135 3322 2195 3360; x_wconf 91' lang='lat' dir='ltr'><strong>ea</strong></span> <span class='ocrx_word' id='word_1_508' title='bbox 2227 3321 2346 3373; x_wconf 76' lang='lat' dir='ltr'><strong>qua:</strong></span> <span class='ocrx_word' id='word_1_509' title='bbox 2367 3321 2393 3357; x_wconf 87' lang='lat' dir='ltr'><strong>a</strong></span> <span class='ocrx_word' id='word_1_510' title='bbox 2427 3305 2535 3359; x_wconf 90' lang='lat' dir='ltr'><strong>Deo</strong></span> <span class='ocrx_word' id='word_1_511' title='bbox 2562 3305 2788 3370; x_wconf 89' lang='lat' dir='ltr'><strong>audivit,</strong></span> <span class='ocrx_word' id='word_1_512' title='bbox 2819 3303 2974 3356; x_wconf 92' lang='lat' dir='ltr'><strong>nobis</strong></span> <span class='ocrx_word' id='word_1_513' title='bbox 2995 3302 3182 3357; x_wconf 86' lang='lat' dir='ltr'><strong>refert.</strong></span> <span class='ocrx_word' id='word_1_514' title='bbox 3216 3303 3507 3357; x_wconf 86' lang='lat' dir='ltr'><strong>Audiamus</strong></span> <span class='ocrx_word' id='word_1_515' title='bbox 3537 3303 3702 3372; x_wconf 82' lang='lat' dir='ltr'><strong>igitur</strong></span> 
     </span>
    </p>
   </div>
   <div class='ocr_carea' id='block_1_71' title="bbox 2138 3395 3700 3464">
    <p class='ocr_par' dir='ltr' id='par_1_71' title="bbox 2138 3395 3700 3464">
     <span class='ocr_line' id='line_1_71' title="bbox 2138 3395 3700 3464; baseline 0 -17"><span class='ocrx_word' id='word_1_516' title='bbox 2138 3397 2378 3451; x_wconf 87' lang='lat' dir='ltr'><strong>veritatis</strong></span> <span class='ocrx_word' id='word_1_517' title='bbox 2407 3398 2591 3458; x_wconf 84' lang='lat' dir='ltr'><strong>verba,</strong></span> <span class='ocrx_word' id='word_1_518' title='bbox 2625 3411 2730 3449; x_wconf 92' lang='lat' dir='ltr'><strong>non</strong></span> <span class='ocrx_word' id='word_1_519' title='bbox 2776 3397 2828 3448; x_wconf 91' lang='lat' dir='ltr'><strong>in</strong></span> <span class='ocrx_word' id='word_1_520' title='bbox 2866 3396 3112 3449; x_wconf 64' lang='lat' dir='ltr'><strong>humanae</strong></span> <span class='ocrx_word' id='word_1_521' title='bbox 3158 3395 3436 3463; x_wconf 73' lang='lat' dir='ltr'><strong>sapientia:</strong></span> <span class='ocrx_word' id='word_1_522' title='bbox 3474 3410 3700 3464; x_wconf 82' lang='lat' dir='ltr'><strong>persua-</strong></span> 
     </span>
    </p>
   </div>
   <div class='ocr_carea' id='block_1_72' title="bbox 2139 3485 3696 3556">
    <p class='ocr_par' dir='ltr' id='par_1_72' title="bbox 2139 3485 3696 3556">
     <span class='ocr_line' id='line_1_72' title="bbox 2139 3485 3696 3556; baseline 0 -16"><span class='ocrx_word' id='word_1_523' title='bbox 2139 3486 2379 3541; x_wconf 89' lang='lat' dir='ltr'><strong>sionibus</strong></span> <span class='ocrx_word' id='word_1_524' title='bbox 2409 3486 2450 3554; x_wconf 85' lang='grc'>³,</span> <span class='ocrx_word' id='word_1_525' title='bbox 2475 3487 2568 3540; x_wconf 88' lang='lat' dir='ltr'><strong>sed</strong></span> <span class='ocrx_word' id='word_1_526' title='bbox 2592 3486 2646 3539; x_wconf 92' lang='lat' dir='ltr'><strong>in</strong></span> <span class='ocrx_word' id='word_1_527' title='bbox 2682 3485 2916 3556; x_wconf 88' lang='lat' dir='ltr'><strong>Spiritus</strong></span> <span class='ocrx_word' id='word_1_528' title='bbox 2943 3485 3187 3540; x_wconf 88' lang='lat' dir='ltr'><strong>doctrina</strong></span> <span class='ocrx_word' id='word_1_529' title='bbox 3217 3485 3445 3554; x_wconf 89' lang='lat' dir='ltr'><strong>prolata,</strong></span> <span class='ocrx_word' id='word_1_530' title='bbox 3468 3502 3696 3556; x_wconf 90' lang='lat' dir='ltr'><strong>quorum</strong></span> 
     </span>
    </p>
   </div>
   <div class='ocr_carea' id='block_1_73' title="bbox 2138 3577 3697 3646">
    <p class='ocr_par' dir='ltr' id='par_1_73' title="bbox 2138 3577 3697 3646">
     <span class='ocr_line' id='line_1_73' title="bbox 2138 3577 3697 3646; baseline 0.001 -16"><span class='ocrx_word' id='word_1_531' title='bbox 2138 3579 2260 3631; x_wconf 82' lang='lat' dir='ltr'><strong>finis</strong></span> <span class='ocrx_word' id='word_1_532' title='bbox 2296 3577 2412 3630; x_wconf 90' lang='lat' dir='ltr'><strong>laus</strong></span> <span class='ocrx_word' id='word_1_533' title='bbox 2459 3591 2563 3631; x_wconf 90' lang='lat' dir='ltr'><strong>non</strong></span> <span class='ocrx_word' id='word_1_534' title='bbox 2599 3586 2680 3631; x_wconf 86' lang='lat' dir='ltr'><strong>est</strong></span> <span class='ocrx_word' id='word_1_535' title='bbox 2718 3577 3050 3630; x_wconf 89' lang='lat' dir='ltr'><strong>audientium</strong></span> <span class='ocrx_word' id='word_1_536' title='bbox 3080 3613 3097 3642; x_wconf 91' lang='lat'><strong>,</strong></span> <span class='ocrx_word' id='word_1_537' title='bbox 3129 3577 3223 3631; x_wconf 84' lang='lat' dir='ltr'><strong>sed</strong></span> <span class='ocrx_word' id='word_1_538' title='bbox 3255 3591 3441 3632; x_wconf 91' lang='lat' dir='ltr'><strong>eorum</strong></span> <span class='ocrx_word' id='word_1_539' title='bbox 3470 3577 3563 3646; x_wconf 91' lang='lat' dir='ltr'><strong>qui</strong></span> <span class='ocrx_word' id='word_1_540' title='bbox 3597 3577 3697 3631; x_wconf 73' lang='grc' dir='ltr'>ἀοι</span> 
     </span>
    </p>
   </div>
   <div class='ocr_carea' id='block_1_74' title="bbox 2137 3667 2506 3723">
    <p class='ocr_par' dir='ltr' id='par_1_74' title="bbox 2137 3667 2506 3723">
     <span class='ocr_line' id='line_1_74' title="bbox 2137 3667 2506 3723; baseline -0.005 0"><span class='ocrx_word' id='word_1_541' title='bbox 2137 3679 2326 3723; x_wconf 89' lang='lat' dir='ltr'><strong>cenlur</strong></span> <span class='ocrx_word' id='word_1_542' title='bbox 2343 3667 2506 3723; x_wconf 89' lang='lat' dir='ltr'><strong>salus.</strong></span> 
     </span>
    </p>
   </div>
   <div class='ocr_carea' id='block_1_75' title="bbox 455 3757 3696 3839">
    <p class='ocr_par' dir='ltr' id='par_1_75' title="bbox 455 3757 3696 3839">
     <span class='ocr_line' id='line_1_75' title="bbox 455 3757 3696 3839; baseline 0.001 -21"><span class='ocrx_word' id='word_1_543' title='bbox 455 3763 712 3834; x_wconf 81' lang='grc' dir='ltr'>ἀληθείας</span> <span class='ocrx_word' id='word_1_544' title='bbox 759 3767 1016 3835; x_wconf 76' lang='grc' dir='ltr'>ῥημάτων</span> <span class='ocrx_word' id='word_1_545' title='bbox 1060 3767 1158 3819; x_wconf 79' lang='grc' dir='ltr'>οὐκ</span> <span class='ocrx_word' id='word_1_546' title='bbox 1191 3768 1250 3820; x_wconf 78' lang='grc' dir='ltr'><strong>ἐν</strong></span> <span class='ocrx_word' id='word_1_547' title='bbox 1279 3767 1487 3831; x_wconf 83' lang='grc' dir='ltr'>πειθοῖς</span> <span class='ocrx_word' id='word_1_548' title='bbox 1549 3769 1742 3836; x_wconf 80' lang='grc' dir='ltr'>σοφίας</span> <span class='ocrx_word' id='word_1_549' title='bbox 1805 3767 2173 3839; x_wconf 84' lang='grc' dir='ltr'>ἀνθρωπίνης,</span> <span class='ocrx_word' id='word_1_550' title='bbox 2207 3763 2319 3816; x_wconf 86' lang='grc' dir='ltr'>ἀλλ’</span> <span class='ocrx_word' id='word_1_551' title='bbox 2381 3764 2439 3815; x_wconf 83' lang='grc' dir='ltr'><strong>ὲν</strong></span> <span class='ocrx_word' id='word_1_552' title='bbox 2492 3761 2757 3826; x_wconf 83' lang='grc' dir='ltr'>διδακτοῖς</span> <span class='ocrx_word' id='word_1_553' title='bbox 2812 3757 3126 3834; x_wconf 80' lang='grc' dir='ltr'>Πνεύματος</span> <span class='ocrx_word' id='word_1_554' title='bbox 3186 3763 3521 3836; x_wconf 80' lang='grc' dir='ltr'>λαληθέντων</span> <span class='ocrx_word' id='word_1_555' title='bbox 3561 3763 3696 3836; x_wconf 75' lang='grc'><strong>(15)⁴</strong></span> 
     </span>
    </p>
   </div>
   <div class='ocr_carea' id='block_1_76' title="bbox 451 3849 2768 3934">
    <p class='ocr_par' dir='ltr' id='par_1_76' title="bbox 451 3849 2768 3934">
     <span class='ocr_line' id='line_1_76' title="bbox 451 3849 2768 3934; baseline 0 -23"><span class='ocrx_word' id='word_1_556' title='bbox 451 3849 528 3912; x_wconf 79' lang='grc' dir='ltr'>ὧν</span> <span class='ocrx_word' id='word_1_557' title='bbox 557 3857 618 3910; x_wconf 85' lang='grc' dir='ltr'><strong>τὸ</strong></span> <span class='ocrx_word' id='word_1_558' title='bbox 647 3858 800 3922; x_wconf 82' lang='grc' dir='ltr'>τέλος</span> <span class='ocrx_word' id='word_1_559' title='bbox 825 3860 919 3929; x_wconf 81' lang='grc' dir='ltr'><strong>οὑχ</strong></span> <span class='ocrx_word' id='word_1_560' title='bbox 948 3861 976 3911; x_wconf 91' lang='lat'><strong>6</strong></span> <span class='ocrx_word' id='word_1_561' title='bbox 1004 3861 1112 3914; x_wconf 82' lang='grc' dir='ltr'>τῶν</span> <span class='ocrx_word' id='word_1_562' title='bbox 1136 3863 1440 3916; x_wconf 83' lang='grc' dir='ltr'>ἀκουόντων</span> <span class='ocrx_word' id='word_1_563' title='bbox 1469 3863 1706 3926; x_wconf 80' lang='grc' dir='ltr'>ἔπαινος,</span> <span class='ocrx_word' id='word_1_564' title='bbox 1736 3863 1849 3916; x_wconf 85' lang='grc' dir='ltr'>ἀλλ’</span> <span class='ocrx_word' id='word_1_565' title='bbox 1875 3865 1908 3934; x_wconf 82' lang='grc' dir='ltr'>ὴ</span> <span class='ocrx_word' id='word_1_566' title='bbox 1936 3858 2177 3932; x_wconf 87' lang='grc' dir='ltr'>σωτηρία</span> <span class='ocrx_word' id='word_1_567' title='bbox 2209 3858 2316 3912; x_wconf 86' lang='grc' dir='ltr'>τῶν</span> <span class='ocrx_word' id='word_1_568' title='bbox 2345 3859 2768 3930; x_wconf 84' lang='grc' dir='ltr'>διδασκομένων.</span> 
     </span>
    </p>
   </div>
   <div class='ocr_carea' id='block_1_77' title="bbox 524 3951 2024 4026">
    <p class='ocr_par' dir='ltr' id='par_1_77' title="bbox 524 3951 2024 4026">
     <span class='ocr_line' id='line_1_77' title="bbox 524 3951 2024 4026; baseline 0.003 -21"><span class='ocrx_word' id='word_1_569' title='bbox 524 3951 578 4005; x_wconf 69' lang='grc'><strong>2.</strong></span> <span class='ocrx_word' id='word_1_570' title='bbox 628 3953 722 4004; x_wconf 83' lang='grc' dir='ltr'><strong>Ἐν</strong></span> <span class='ocrx_word' id='word_1_571' title='bbox 748 3954 907 4022; x_wconf 77' lang='grc' dir='ltr'>ἀρχῇ</span> <span class='ocrx_word' id='word_1_572' title='bbox 947 3955 1236 4022; x_wconf 75' lang='grc' dir='ltr'>ἐποίησεν</span> <span class='ocrx_word' id='word_1_573' title='bbox 1265 3961 1296 4010; x_wconf 84' lang='grc' dir='ltr'><em>ὁ</em></span> <span class='ocrx_word' id='word_1_574' title='bbox 1330 3957 1473 4022; x_wconf 80' lang='grc' dir='ltr'>Θεὸς</span> <span class='ocrx_word' id='word_1_575' title='bbox 1510 3958 1618 4012; x_wconf 83' lang='grc' dir='ltr'><strong>τὸν</strong></span> <span class='ocrx_word' id='word_1_576' title='bbox 1643 3958 1902 4026; x_wconf 78' lang='grc' dir='ltr'>οὐρανὸν</span> <span class='ocrx_word' id='word_1_577' title='bbox 1927 3958 2024 4011; x_wconf 75' lang='grc' dir='ltr'>καὶ</span> 
     </span>
    </p>
   </div>
   <div class='ocr_carea' id='block_1_78' title="bbox 454 4041 2028 4120">
    <p class='ocr_par' dir='ltr' id='par_1_78' title="bbox 454 4041 2028 4120">
     <span class='ocr_line' id='line_1_78' title="bbox 454 4041 2028 4120; baseline 0.004 -25"><span class='ocrx_word' id='word_1_578' title='bbox 454 4041 568 4109; x_wconf 75' lang='grc' dir='ltr'><strong>τὴν</strong></span> <span class='ocrx_word' id='word_1_579' title='bbox 601 4042 732 4112; x_wconf 80' lang='grc' dir='ltr'><strong>γῆν.</strong></span> <span class='ocrx_word' id='word_1_580' title='bbox 766 4046 975 4115; x_wconf 86' lang='grc' dir='ltr'>’Ἱστησί</span> <span class='ocrx_word' id='word_1_581' title='bbox 1014 4061 1116 4116; x_wconf 75' lang='grc' dir='ltr'><strong>μου</strong></span> <span class='ocrx_word' id='word_1_582' title='bbox 1156 4048 1246 4100; x_wconf 83' lang='grc' dir='ltr'><strong>τὸν</strong></span> <span class='ocrx_word' id='word_1_583' title='bbox 1275 4049 1431 4116; x_wconf 89' lang='grc' dir='ltr'>λόγον</span> <span class='ocrx_word' id='word_1_584' title='bbox 1461 4049 1523 4102; x_wconf 86' lang='grc' dir='ltr'>τὸ</span> <span class='ocrx_word' id='word_1_585' title='bbox 1555 4049 1740 4120; x_wconf 78' lang='grc' dir='ltr'>θαῦμα</span> <span class='ocrx_word' id='word_1_586' title='bbox 1773 4049 1872 4117; x_wconf 76' lang='grc' dir='ltr'>τῆς</span> <span class='ocrx_word' id='word_1_587' title='bbox 1914 4049 2028 4101; x_wconf 57' lang='grc' dir='ltr'>διαί</span> 
     </span>
    </p>
   </div>
   <div class='ocr_carea' id='block_1_79' title="bbox 454 4133 2028 4210">
    <p class='ocr_par' dir='ltr' id='par_1_79' title="bbox 454 4133 2028 4210">
     <span class='ocr_line' id='line_1_79' title="bbox 454 4133 2028 4210; baseline 0.002 -24"><span class='ocrx_word' id='word_1_588' title='bbox 454 4133 622 4198; x_wconf 86' lang='grc' dir='ltr'>νοίας.</span> <span class='ocrx_word' id='word_1_589' title='bbox 650 4135 714 4186; x_wconf 88' lang='grc' dir='ltr'><strong>Τί</strong></span> <span class='ocrx_word' id='word_1_590' title='bbox 757 4135 970 4204; x_wconf 83' lang='grc' dir='ltr'>πρῶτον</span> <span class='ocrx_word' id='word_1_591' title='bbox 1013 4135 1186 4201; x_wconf 77' lang='grc' dir='ltr'>εῑπως</span> <span class='ocrx_word' id='word_1_592' title='bbox 1221 4137 1383 4192; x_wconf 84' lang='grc' dir='ltr'>πόθεν</span> <span class='ocrx_word' id='word_1_593' title='bbox 1433 4138 1668 4210; x_wconf 81' lang='grc' dir='ltr'>ἄρξομαι</span> <span class='ocrx_word' id='word_1_594' title='bbox 1699 4139 1798 4208; x_wconf 83' lang='grc' dir='ltr'>τῆς</span> <span class='ocrx_word' id='word_1_595' title='bbox 1829 4138 2028 4208; x_wconf 81' lang='grc' dir='ltr'>ἐξηγή-</span> 
     </span>
    </p>
   </div>
   <div class='ocr_carea' id='block_1_80' title="bbox 455 4227 2026 4301">
    <p class='ocr_par' dir='ltr' id='par_1_80' title="bbox 455 4227 2026 4301">
     <span class='ocr_line' id='line_1_80' title="bbox 455 4227 2026 4301; baseline 0.003 -24"><span class='ocrx_word' id='word_1_596' title='bbox 455 4241 626 4291; x_wconf 78' lang='grc' dir='ltr'>σεως;</span> <span class='ocrx_word' id='word_1_597' title='bbox 695 4227 928 4295; x_wconf 80' lang='grc' dir='ltr'>Ἐλέγξω</span> <span class='ocrx_word' id='word_1_598' title='bbox 977 4228 1084 4281; x_wconf 85' lang='grc' dir='ltr'>τῶν</span> <span class='ocrx_word' id='word_1_599' title='bbox 1138 4229 1242 4292; x_wconf 78' lang='grc' dir='ltr'>ἔξω</span> <span class='ocrx_word' id='word_1_600' title='bbox 1282 4230 1394 4300; x_wconf 75' lang='grc'><strong>(14)</strong></span> <span class='ocrx_word' id='word_1_601' title='bbox 1437 4231 1536 4300; x_wconf 84' lang='grc' dir='ltr'>τὴν</span> <span class='ocrx_word' id='word_1_602' title='bbox 1591 4229 2026 4301; x_wconf 82' lang='grc' dir='ltr'>ματαιότητα;ἢ</span> 
     </span>
    </p>
   </div>
   <div class='ocr_carea' id='block_1_81' title="bbox 514 4365 1988 4436">
    <p class='ocr_par' dir='ltr' id='par_1_81' title="bbox 514 4365 1988 4436">
     <span class='ocr_line' id='line_1_81' title="bbox 514 4365 1988 4436; baseline 0.003 -19"><span class='ocrx_word' id='word_1_603' title='bbox 514 4383 534 4404; x_wconf 58' lang='grc' dir='ltr'><strong>ε</strong></span> <span class='ocrx_word' id='word_1_604' title='bbox 579 4365 699 4420; x_wconf 82' lang='lat' dir='ltr'><strong>Act.</strong></span> <span class='ocrx_word' id='word_1_605' title='bbox 728 4381 821 4432; x_wconf 86' lang='lat' dir='ltr'><strong>vn,</strong></span> <span class='ocrx_word' id='word_1_606' title='bbox 858 4367 947 4421; x_wconf 70' lang='lat'><strong>20.</strong></span> <span class='ocrx_word' id='word_1_607' title='bbox 1025 4370 1044 4398; x_wconf 80' lang='grc'>¹</span> <span class='ocrx_word' id='word_1_608' title='bbox 1076 4367 1233 4426; x_wconf 86' lang='lat' dir='ltr'><strong>Num.</strong></span> <span class='ocrx_word' id='word_1_609' title='bbox 1269 4386 1365 4436; x_wconf 77' lang='grc' dir='ltr'>χιι,</span> <span class='ocrx_word' id='word_1_610' title='bbox 1401 4371 1519 4425; x_wconf 86' lang='grc'><strong>6-8.</strong></span> <span class='ocrx_word' id='word_1_611' title='bbox 1595 4371 1616 4402; x_wconf 86' lang='grc'>³</span> <span class='ocrx_word' id='word_1_612' title='bbox 1641 4370 1661 4424; x_wconf 93' lang='grc'><strong>1</strong></span> <span class='ocrx_word' id='word_1_613' title='bbox 1688 4369 1811 4425; x_wconf 84' lang='lat' dir='ltr'><strong>Cor.</strong></span> <span class='ocrx_word' id='word_1_614' title='bbox 1849 4385 1910 4435; x_wconf 91' lang='grc' dir='ltr'><strong>ιι,</strong></span> <span class='ocrx_word' id='word_1_615' title='bbox 1936 4369 1988 4423; x_wconf 68' lang='grc'><strong>4.</strong></span> 
     </span>
    </p>
   </div>
   <div class='ocr_carea' id='block_1_82' title="bbox 2235 3949 3696 4023">
    <p class='ocr_par' dir='ltr' id='par_1_82' title="bbox 2235 3949 3696 4023">
     <span class='ocr_line' id='line_1_82' title="bbox 2235 3949 3696 4023; baseline -0.001 -16"><span class='ocrx_word' id='word_1_616' title='bbox 2235 3955 2288 4007; x_wconf 74' lang='lat'><strong>2.</strong></span> <span class='ocrx_word' id='word_1_617' title='bbox 2336 3953 2398 4006; x_wconf 89' lang='lat' dir='ltr'><strong>In</strong></span> <span class='ocrx_word' id='word_1_618' title='bbox 2433 3953 2687 4023; x_wconf 83' lang='lat' dir='ltr'><strong>principio</strong></span> <span class='ocrx_word' id='word_1_619' title='bbox 2736 3951 2856 4020; x_wconf 82' lang='lat' dir='ltr'><strong>fecit</strong></span> <span class='ocrx_word' id='word_1_620' title='bbox 2902 3950 3039 4005; x_wconf 87' lang='lat' dir='ltr'><strong>Deus</strong></span> <span class='ocrx_word' id='word_1_621' title='bbox 3079 3951 3264 4005; x_wconf 67' lang='lat' dir='ltr'><strong>malum</strong></span> <span class='ocrx_word' id='word_1_622' title='bbox 3319 3960 3367 4005; x_wconf 81' lang='lat' dir='ltr'><strong>et</strong></span> <span class='ocrx_word' id='word_1_623' title='bbox 3423 3961 3613 4005; x_wconf 84' lang='lat' dir='ltr'><strong>terram</strong></span> <span class='ocrx_word' id='word_1_624' title='bbox 3651 3949 3696 4006; x_wconf 69' lang='grc'><strong>⁸.</strong></span> 
     </span>
    </p>
   </div>
   <div class='ocr_carea' id='block_1_83' title="bbox 2144 4043 3694 4110">
    <p class='ocr_par' dir='ltr' id='par_1_83' title="bbox 2144 4043 3694 4110">
     <span class='ocr_line' id='line_1_83' title="bbox 2144 4043 3694 4110; baseline 0 -11"><span class='ocrx_word' id='word_1_625' title='bbox 2144 4045 2453 4101; x_wconf 85' lang='lat' dir='ltr'><strong>Orationem</strong></span> <span class='ocrx_word' id='word_1_626' title='bbox 2492 4059 2667 4098; x_wconf 87' lang='lat' dir='ltr'><strong>meam</strong></span> <span class='ocrx_word' id='word_1_627' title='bbox 2709 4043 2994 4098; x_wconf 90' lang='lat' dir='ltr'><strong>admiratio</strong></span> <span class='ocrx_word' id='word_1_628' title='bbox 3027 4043 3182 4110; x_wconf 87' lang='lat' dir='ltr'><strong>hujus</strong></span> <span class='ocrx_word' id='word_1_629' title='bbox 3220 4046 3498 4098; x_wconf 64' lang='lat' dir='ltr'><strong>sententiae</strong></span> <span class='ocrx_word' id='word_1_630' title='bbox 3531 4043 3694 4099; x_wconf 86' lang='lat' dir='ltr'><strong>sistit.</strong></span> 
     </span>
    </p>
   </div>
   <div class='ocr_carea' id='block_1_84' title="bbox 2133 4135 3700 4206">
    <p class='ocr_par' dir='ltr' id='par_1_84' title="bbox 2133 4135 3700 4206">
     <span class='ocr_line' id='line_1_84' title="bbox 2133 4135 3700 4206; baseline -0.002 -18"><span class='ocrx_word' id='word_1_631' title='bbox 2133 4138 2270 4203; x_wconf 82' lang='lat' dir='ltr'><strong>Quid</strong></span> <span class='ocrx_word' id='word_1_632' title='bbox 2306 4138 2534 4206; x_wconf 90' lang='lat' dir='ltr'><strong>primum</strong></span> <span class='ocrx_word' id='word_1_633' title='bbox 2559 4135 2767 4190; x_wconf 83' lang='lat' dir='ltr'><strong>dicam?</strong></span> <span class='ocrx_word' id='word_1_634' title='bbox 2803 4135 2944 4188; x_wconf 91' lang='lat' dir='ltr'><strong>unde</strong></span> <span class='ocrx_word' id='word_1_635' title='bbox 2987 4135 3238 4188; x_wconf 89' lang='lat' dir='ltr'><strong>narrandi</strong></span> <span class='ocrx_word' id='word_1_636' title='bbox 3286 4150 3493 4188; x_wconf 86' lang='lat' dir='ltr'><strong>sumam</strong></span> <span class='ocrx_word' id='word_1_637' title='bbox 3539 4149 3700 4188; x_wconf 81' lang='lat' dir='ltr'><strong>exor-</strong></span> 
     </span>
    </p>
   </div>
   <div class='ocr_carea' id='block_1_85' title="bbox 2136 4225 3696 4299">
    <p class='ocr_par' dir='ltr' id='par_1_85' title="bbox 2136 4225 3696 4299">
     <span class='ocr_line' id='line_1_85' title="bbox 2136 4225 3696 4299; baseline -0.002 -16"><span class='ocrx_word' id='word_1_638' title='bbox 2136 4229 2326 4283; x_wconf 81' lang='lat' dir='ltr'><strong>dium?</strong></span> <span class='ocrx_word' id='word_1_639' title='bbox 2384 4229 2795 4299; x_wconf 75' lang='lat' dir='ltr'><strong>lledarguamne</strong></span> <span class='ocrx_word' id='word_1_640' title='bbox 2842 4227 3180 4282; x_wconf 86' lang='lat' dir='ltr'><strong>ethnicorum</strong></span> <span class='ocrx_word' id='word_1_641' title='bbox 3209 4282 3217 4289; x_wconf 87' lang='lat'><em>_</em></span> <span class='ocrx_word' id='word_1_642' title='bbox 3245 4225 3576 4282; x_wconf 77' lang='lat' dir='ltr'><strong>vanitatem?</strong></span> <span class='ocrx_word' id='word_1_643' title='bbox 3628 4240 3696 4280; x_wconf 82' lang='lat' dir='ltr'><strong>an</strong></span> 
     </span>
    </p>
   </div>
   <div class='ocr_carea' id='block_1_86' title="bbox 2085 4367 2427 4435">
    <p class='ocr_par' dir='ltr' id='par_1_86' title="bbox 2085 4367 2427 4435">
     <span class='ocr_line' id='line_1_86' title="bbox 2085 4367 2427 4435; baseline 0 -11"><span class='ocrx_word' id='word_1_644' title='bbox 2085 4369 2106 4400; x_wconf 73' lang='grc'>⁸</span> <span class='ocrx_word' id='word_1_645' title='bbox 2133 4367 2268 4424; x_wconf 88' lang='lat' dir='ltr'><strong>Gen.</strong></span> <span class='ocrx_word' id='word_1_646' title='bbox 2297 4386 2338 4435; x_wconf 91' lang='grc' dir='ltr'><strong>ι,</strong></span> <span class='ocrx_word' id='word_1_647' title='bbox 2378 4371 2427 4424; x_wconf 89' lang='grc'><strong>1.</strong></span> 
     </span>
    </p>
   </div>
   <div class='ocr_carea' id='block_1_87' title="bbox 582 4503 2024 4578">
    <p class='ocr_par' dir='ltr' id='par_1_87' title="bbox 582 4504 2020 4578">
     <span class='ocr_line' id='line_1_87' title="bbox 582 4504 2020 4578; baseline 0.002 -22"><span class='ocrx_word' id='word_1_648' title='bbox 582 4504 802 4578; x_wconf 62' lang='grc' dir='ltr'><strong>)(⁹;οι1ςξχ</strong></span> <span class='ocrx_word' id='word_1_649' title='bbox 848 4504 1090 4561; x_wconf 80' lang='lat' dir='ltr'><strong>Combef.</strong></span> <span class='ocrx_word' id='word_1_650' title='bbox 1150 4506 1587 4578; x_wconf 86' lang='grc' dir='ltr'>ἀναχθησόμεθα.</span> <span class='ocrx_word' id='word_1_651' title='bbox 1647 4505 1782 4577; x_wconf 73' lang='lat' dir='ltr'><strong>Reg.</strong></span> <span class='ocrx_word' id='word_1_652' title='bbox 1835 4515 2020 4561; x_wconf 77' lang='lat' dir='ltr'><strong>sextus</strong></span> 
     </span>
    </p>
   </div>
   <div class='ocr_carea' id='block_1_88' title="bbox 2131 4503 3688 4578">
    <p class='ocr_par' dir='ltr' id='par_1_88' title="bbox 2131 4503 3688 4578">
     <span class='ocr_line' id='line_1_88' title="bbox 2131 4503 3688 4578; baseline 0.002 -21"><span class='ocrx_word' id='word_1_653' title='bbox 2131 4503 2388 4578; x_wconf 70' lang='lat' dir='ltr'><strong>Caeterum</strong></span> <span class='ocrx_word' id='word_1_654' title='bbox 2418 4504 2614 4578; x_wconf 85' lang='lat' dir='ltr'><strong>nemini</strong></span> <span class='ocrx_word' id='word_1_655' title='bbox 2655 4505 2871 4572; x_wconf 88' lang='lat' dir='ltr'><strong>paulum</strong></span> <span class='ocrx_word' id='word_1_656' title='bbox 2913 4508 3070 4578; x_wconf 86' lang='lat' dir='ltr'><strong>modo</strong></span> <span class='ocrx_word' id='word_1_657' title='bbox 3109 4505 3414 4578; x_wconf 79' lang='lat' dir='ltr'><strong>humaniori</strong></span> <span class='ocrx_word' id='word_1_658' title='bbox 3444 4505 3688 4573; x_wconf 79' lang='lat' dir='ltr'><strong>ignotum</strong></span> 
     </span>
    </p>
   </div>
   <div class='ocr_carea' id='block_1_89' title="bbox 449 4503 821 4644">
    <p class='ocr_par' dir='ltr' id='par_1_89' title="bbox 449 4503 821 4644">
     <span class='ocr_line' id='line_1_89' title="bbox 523 4503 802 4624; baseline 0.007 -68"><span class='ocrx_word' id='word_1_659' title='bbox 523 4503 598 4624; x_wconf 54' lang='lat'><strong>88)</strong></span> <span class='ocrx_word' id='word_1_660' title='bbox 623 4504 802 4558; x_wconf 76' lang='lat' dir='ltr'><strong>Codex</strong></span> 
     </span>
     <span class='ocr_line' id='line_1_90' title="bbox 449 4571 821 4644; baseline 0.008 -18"><span class='ocrx_word' id='word_1_661' title='bbox 449 4571 519 4644; x_wconf 82' lang='grc' dir='ltr'><strong>ἁχ</strong></span> <span class='ocrx_word' id='word_1_662' title='bbox 556 4573 821 4643; x_wconf 88' lang='grc' dir='ltr'>ησόμεθα.</span> 
     </span>
    </p>
   </div>
   <div class='ocr_carea' id='block_1_90' title="bbox 522 4644 2018 4714">
    <p class='ocr_par' dir='ltr' id='par_1_90' title="bbox 522 4644 2018 4714">
     <span class='ocr_line' id='line_1_91' title="bbox 522 4644 2018 4714; baseline 0 -18"><span class='ocrx_word' id='word_1_663' title='bbox 522 4644 851 4714; x_wconf 75' lang='lat' dir='ltr'><strong>(9)_ltespieit</strong></span> <span class='ocrx_word' id='word_1_664' title='bbox 873 4645 1100 4700; x_wconf 85' lang='lat' dir='ltr'><strong>Basilius</strong></span> <span class='ocrx_word' id='word_1_665' title='bbox 1130 4647 1193 4699; x_wconf 86' lang='lat' dir='ltr'><strong>ad</strong></span> <span class='ocrx_word' id='word_1_666' title='bbox 1221 4661 1432 4699; x_wconf 88' lang='lat' dir='ltr'><strong>versum</strong></span> <span class='ocrx_word' id='word_1_667' title='bbox 1454 4644 1523 4698; x_wconf 72' lang='lat'><strong>20</strong></span> <span class='ocrx_word' id='word_1_668' title='bbox 1551 4645 1807 4699; x_wconf 85' lang='lat' dir='ltr'><strong>Actorum</strong></span> <span class='ocrx_word' id='word_1_669' title='bbox 1835 4659 1884 4698; x_wconf 89' lang='lat' dir='ltr'><strong>c.</strong></span> <span class='ocrx_word' id='word_1_670' title='bbox 1913 4659 2018 4697; x_wconf 88' lang='lat' dir='ltr'><strong>vn:</strong></span> 
     </span>
    </p>
   </div>
   <div class='ocr_carea' id='block_1_91' title="bbox 448 4709 2019 4786">
    <p class='ocr_par' dir='ltr' id='par_1_91' title="bbox 448 4709 2019 4786">
     <span class='ocr_line' id='line_1_92' title="bbox 448 4709 2019 4786; baseline 0.001 -20"><span class='ocrx_word' id='word_1_671' title='bbox 448 4709 560 4766; x_wconf 80' lang='grc' dir='ltr'><strong>Καὶ</strong></span> <span class='ocrx_word' id='word_1_672' title='bbox 587 4709 654 4783; x_wconf 84' lang='grc' dir='ltr'><strong>ἦν</strong></span> <span class='ocrx_word' id='word_1_673' title='bbox 684 4709 894 4777; x_wconf 85' lang='grc' dir='ltr'>ἀστεῖος</span> <span class='ocrx_word' id='word_1_674' title='bbox 923 4714 1000 4784; x_wconf 82' lang='grc' dir='ltr'><strong>τῷ</strong></span> <span class='ocrx_word' id='word_1_675' title='bbox 1029 4716 1164 4786; x_wconf 80' lang='grc' dir='ltr'>Θεῷ,</span> <span class='ocrx_word' id='word_1_676' title='bbox 1215 4724 1264 4768; x_wconf 84' lang='lat' dir='ltr'><strong>et</strong></span> <span class='ocrx_word' id='word_1_677' title='bbox 1291 4724 1403 4767; x_wconf 85' lang='lat' dir='ltr'><strong>erat</strong></span> <span class='ocrx_word' id='word_1_678' title='bbox 1441 4726 1623 4782; x_wconf 86' lang='lat' dir='ltr'><strong>gratus</strong></span> <span class='ocrx_word' id='word_1_679' title='bbox 1651 4715 1780 4786; x_wconf 83' lang='lat' dir='ltr'><strong>Deo.</strong></span> <span class='ocrx_word' id='word_1_680' title='bbox 1813 4715 2019 4786; x_wconf 79' lang='lat' dir='ltr'><strong>Auctor</strong></span> 
     </span>
    </p>
   </div>
   <div class='ocr_carea' id='block_1_92' title="bbox 448 4785 2016 4856">
    <p class='ocr_par' dir='ltr' id='par_1_92' title="bbox 448 4785 2016 4856">
     <span class='ocr_line' id='line_1_93' title="bbox 448 4785 2016 4856; baseline 0.002 -22"><span class='ocrx_word' id='word_1_681' title='bbox 448 4785 865 4856; x_wconf 71' lang='lat' dir='ltr'><strong>\_&#39;er0_Aetorum</strong></span> <span class='ocrx_word' id='word_1_682' title='bbox 898 4785 1243 4856; x_wconf 39' lang='lat' dir='ltr'><strong>“respexerat</strong></span> <span class='ocrx_word' id='word_1_683' title='bbox 1277 4788 1340 4856; x_wconf 86' lang='lat' dir='ltr'><strong>ad</strong></span> <span class='ocrx_word' id='word_1_684' title='bbox 1395 4800 1610 4856; x_wconf 83' lang='lat' dir='ltr'><strong>versum</strong></span> <span class='ocrx_word' id='word_1_685' title='bbox 1640 4785 1674 4836; x_wconf 77' lang='lat'><strong>2</strong></span> <span class='ocrx_word' id='word_1_686' title='bbox 1724 4785 1917 4856; x_wconf 81' lang='lat' dir='ltr'><strong>capitis</strong></span> <span class='ocrx_word' id='word_1_687' title='bbox 1946 4850 1957 4856; x_wconf 90' lang='lat'><strong>_</strong></span> <span class='ocrx_word' id='word_1_688' title='bbox 1979 4799 2016 4837; x_wconf 89' lang='grc' dir='ltr'><strong>ιι</strong></span> 
     </span>
    </p>
   </div>
   <div class='ocr_carea' id='block_1_93' title="bbox 447 4850 2011 4919">
    <p class='ocr_par' dir='ltr' id='par_1_93' title="bbox 447 4850 2011 4919">
     <span class='ocr_line' id='line_1_94' title="bbox 447 4850 2011 4919; baseline 0 -15"><span class='ocrx_word' id='word_1_689' title='bbox 447 4850 639 4916; x_wconf 78' lang='lat' dir='ltr'><strong>Exodi,</strong></span> <span class='ocrx_word' id='word_1_690' title='bbox 667 4852 864 4917; x_wconf 84' lang='grc' dir='ltr'>ἰδόντες</span> <span class='ocrx_word' id='word_1_691' title='bbox 892 4853 946 4906; x_wconf 78' lang='grc' dir='ltr'>δὲ</span> <span class='ocrx_word' id='word_1_692' title='bbox 993 4850 1152 4907; x_wconf 74' lang='grc' dir='ltr'>αὐτὸν</span> <span class='ocrx_word' id='word_1_693' title='bbox 1181 4851 1412 4917; x_wconf 73' lang='grc' dir='ltr'>ἀστεῖον,</span> <span class='ocrx_word' id='word_1_694' title='bbox 1465 4850 1806 4908; x_wconf 74' lang='grc' dir='ltr'>ἐσκέπασαν’</span> <span class='ocrx_word' id='word_1_695' title='bbox 1827 4850 2011 4919; x_wconf 86' lang='grc' dir='ltr'>αὐτόν,</span> 
     </span>
    </p>
   </div>
   <div class='ocr_carea' id='block_1_94' title="bbox 446 4921 2008 4992">
    <p class='ocr_par' dir='ltr' id='par_1_94' title="bbox 446 4921 2008 4992">
     <span class='ocr_line' id='line_1_95' title="bbox 446 4921 2008 4992; baseline 0.003 -23"><span class='ocrx_word' id='word_1_696' title='bbox 446 4921 676 4992; x_wconf 64' lang='lat' dir='ltr'><strong>uidentes</strong></span> <span class='ocrx_word' id='word_1_697' title='bbox 723 4934 895 4975; x_wconf 84' lang='lat' dir='ltr'><strong>autem</strong></span> <span class='ocrx_word' id='word_1_698' title='bbox 934 4941 1054 4976; x_wconf 81' lang='lat' dir='ltr'><strong>eum</strong></span> <span class='ocrx_word' id='word_1_699' title='bbox 1093 4929 1397 4992; x_wconf 82' lang='lat' dir='ltr'><strong>elegantem,</strong></span> <span class='ocrx_word' id='word_1_700' title='bbox 1435 4926 1828 4978; x_wconf 81' lang='lat' dir='ltr'><strong>occultaverunt</strong></span> <span class='ocrx_word' id='word_1_701' title='bbox 1871 4937 2008 4975; x_wconf 87' lang='lat' dir='ltr'><strong>eum.</strong></span> 
     </span>
    </p>
   </div>
   <div class='ocr_carea' id='block_1_95' title="bbox 445 4989 2008 5061">
    <p class='ocr_par' dir='ltr' id='par_1_95' title="bbox 445 4989 2008 5061">
     <span class='ocr_line' id='line_1_96' title="bbox 445 4989 2008 5061; baseline 0.001 -18"><span class='ocrx_word' id='word_1_702' title='bbox 445 4989 799 5044; x_wconf 72' lang='lat' dir='ltr'><strong>C(llllbt&#39;ﬁSillS</strong></span> <span class='ocrx_word' id='word_1_703' title='bbox 835 4995 992 5045; x_wconf 89' lang='lat' dir='ltr'><strong>verba</strong></span> <span class='ocrx_word' id='word_1_704' title='bbox 1046 4989 1224 5047; x_wconf 85' lang='lat' dir='ltr'><strong>Basilii</strong></span> <span class='ocrx_word' id='word_1_705' title='bbox 1257 4995 1332 5047; x_wconf 90' lang='lat' dir='ltr'><strong>sie</strong></span> <span class='ocrx_word' id='word_1_706' title='bbox 1364 4995 1747 5061; x_wconf 84' lang='lat' dir='ltr'><strong>interpretatur</strong></span> <span class='ocrx_word' id='word_1_707' title='bbox 1790 5010 1802 5046; x_wconf 90' lang='lat'><strong>:</strong></span> <span class='ocrx_word' id='word_1_708' title='bbox 1840 5009 1871 5044; x_wconf 91' lang='lat' dir='ltr'><strong>a</strong></span> <span class='ocrx_word' id='word_1_709' title='bbox 1901 4993 2008 5045; x_wconf 88' lang='lat' dir='ltr'><strong>Deo</strong></span> 
     </span>
    </p>
   </div>
   <div class='ocr_carea' id='block_1_96' title="bbox 445 5062 2012 5132">
    <p class='ocr_par' dir='ltr' id='par_1_96' title="bbox 445 5062 2012 5132">
     <span class='ocr_line' id='line_1_97' title="bbox 445 5062 2012 5132; baseline 0.002 -21"><span class='ocrx_word' id='word_1_710' title='bbox 445 5062 793 5127; x_wconf 76' lang='lat' dir='ltr'><strong>testimonium</strong></span> <span class='ocrx_word' id='word_1_711' title='bbox 822 5063 1038 5126; x_wconf 83' lang='lat' dir='ltr'><strong>habens,</strong></span> <span class='ocrx_word' id='word_1_712' title='bbox 1061 5066 1198 5132; x_wconf 83' lang='lat' dir='ltr'><strong>quod</strong></span> <span class='ocrx_word' id='word_1_713' title='bbox 1229 5064 1433 5130; x_wconf 78' lang='lat' dir='ltr'><strong>elegans</strong></span> <span class='ocrx_word' id='word_1_714' title='bbox 1466 5078 1485 5115; x_wconf 91' lang='lat'><strong><em>:</em></strong></span> <span class='ocrx_word' id='word_1_715' title='bbox 1519 5065 1612 5116; x_wconf 91' lang='lat' dir='ltr'><strong>sed</strong></span> <span class='ocrx_word' id='word_1_716' title='bbox 1639 5063 1764 5116; x_wconf 90' lang='lat' dir='ltr'><strong>mihi</strong></span> <span class='ocrx_word' id='word_1_717' title='bbox 1786 5077 2012 5130; x_wconf 84' lang='lat' dir='ltr'><strong>persua-</strong></span> 
     </span>
    </p>
   </div>
   <div class='ocr_carea' id='block_1_97' title="bbox 447 5132 2008 5200">
    <p class='ocr_par' dir='ltr' id='par_1_97' title="bbox 447 5132 2008 5200">
     <span class='ocr_line' id='line_1_98' title="bbox 447 5132 2008 5200; baseline 0.002 -19"><span class='ocrx_word' id='word_1_718' title='bbox 447 5132 576 5200; x_wconf 81' lang='lat' dir='ltr'><strong>dere</strong></span> <span class='ocrx_word' id='word_1_719' title='bbox 608 5146 715 5184; x_wconf 91' lang='lat' dir='ltr'><strong>non</strong></span> <span class='ocrx_word' id='word_1_720' title='bbox 746 5146 885 5198; x_wconf 87' lang='lat' dir='ltr'><strong>queo</strong></span> <span class='ocrx_word' id='word_1_721' title='bbox 915 5133 1030 5199; x_wconf 89' lang='lat' dir='ltr'><strong>ejus</strong></span> <span class='ocrx_word' id='word_1_722' title='bbox 1073 5134 1572 5200; x_wconf 86' lang='lat' dir='ltr'><strong>interpretationem</strong></span> <span class='ocrx_word' id='word_1_723' title='bbox 1599 5133 1850 5200; x_wconf 89' lang='lat' dir='ltr'><strong>cuiquam</strong></span> <span class='ocrx_word' id='word_1_724' title='bbox 1884 5145 2008 5198; x_wconf 87' lang='lat' dir='ltr'><strong>pro-</strong></span> 
     </span>
    </p>
   </div>
   <div class='ocr_carea' id='block_1_98' title="bbox 446 5199 2008 5268">
    <p class='ocr_par' dir='ltr' id='par_1_98' title="bbox 446 5199 2008 5268">
     <span class='ocr_line' id='line_1_99' title="bbox 446 5199 2008 5268; baseline 0.002 -17"><span class='ocrx_word' id='word_1_725' title='bbox 446 5199 629 5268; x_wconf 80' lang='lat' dir='ltr'><strong>hatum</strong></span> <span class='ocrx_word' id='word_1_726' title='bbox 669 5201 756 5252; x_wconf 91' lang='lat' dir='ltr'><strong>iri.</strong></span> <span class='ocrx_word' id='word_1_727' title='bbox 789 5200 998 5254; x_wconf 86' lang='lat' dir='ltr'><strong>Etenim</strong></span> <span class='ocrx_word' id='word_1_728' title='bbox 1033 5213 1091 5254; x_wconf 91' lang='lat' dir='ltr'><strong>nt</strong></span> <span class='ocrx_word' id='word_1_729' title='bbox 1138 5199 1310 5254; x_wconf 73' lang='lat' dir='ltr'><strong>locum</strong></span> <span class='ocrx_word' id='word_1_730' title='bbox 1359 5203 1581 5255; x_wconf 85' lang='lat' dir='ltr'><strong>haberet</strong></span> <span class='ocrx_word' id='word_1_731' title='bbox 1633 5199 2008 5268; x_wconf 78' lang='lat' dir='ltr'><strong>interpretatio</strong></span> 
     </span>
    </p>
   </div>
   <div class='ocr_carea' id='block_1_99' title="bbox 441 5266 2003 5341">
    <p class='ocr_par' dir='ltr' id='par_1_99' title="bbox 441 5266 2003 5341">
     <span class='ocr_line' id='line_1_100' title="bbox 441 5266 2003 5341; baseline 0.001 -21"><span class='ocrx_word' id='word_1_732' title='bbox 441 5266 773 5341; x_wconf 60' lang='lat' dir='ltr'><strong>goinbelisii,</strong></span> <span class='ocrx_word' id='word_1_733' title='bbox 803 5272 880 5341; x_wconf 76' lang='lat' dir='ltr'><strong>sie</strong></span> <span class='ocrx_word' id='word_1_734' title='bbox 909 5271 1178 5324; x_wconf 82' lang='lat' dir='ltr'><strong>debuisset</strong></span> <span class='ocrx_word' id='word_1_735' title='bbox 1204 5273 1345 5341; x_wconf 79' lang='lat' dir='ltr'><strong>loqui</strong></span> <span class='ocrx_word' id='word_1_736' title='bbox 1378 5271 1626 5341; x_wconf 78' lang='lat' dir='ltr'><strong>Basilius,</strong></span> <span class='ocrx_word' id='word_1_737' title='bbox 1651 5274 1678 5325; x_wconf 84' lang='lat'><strong>6</strong></span> <span class='ocrx_word' id='word_1_738' title='bbox 1717 5266 1871 5341; x_wconf 70' lang='grc' dir='ltr'>πειρά</span> <span class='ocrx_word' id='word_1_739' title='bbox 1901 5268 2003 5341; x_wconf 42' lang='grc' dir='ltr'><strong>-τοῦ</strong></span> 
     </span>
    </p>
   </div>
   <div class='ocr_carea' id='block_1_100' title="bbox 439 5337 2004 5411">
    <p class='ocr_par' dir='ltr' id='par_1_100' title="bbox 439 5337 2004 5411">
     <span class='ocr_line' id='line_1_101' title="bbox 439 5337 2004 5411; baseline 0.001 -21"><span class='ocrx_word' id='word_1_740' title='bbox 439 5337 577 5411; x_wconf 72' lang='grc' dir='ltr'>Θεοῦ</span> <span class='ocrx_word' id='word_1_741' title='bbox 607 5337 973 5411; x_wconf 79' lang='grc' dir='ltr'>μαρτυρηθεὶς</span> <span class='ocrx_word' id='word_1_742' title='bbox 1001 5343 1210 5405; x_wconf 86' lang='grc' dir='ltr'>ἀστεῖος</span> <span class='ocrx_word' id='word_1_743' title='bbox 1261 5337 1419 5404; x_wconf 76' lang='grc' dir='ltr'>εἶναι,</span> <span class='ocrx_word' id='word_1_744' title='bbox 1451 5359 1480 5392; x_wconf 90' lang='lat' dir='ltr'><strong>a</strong></span> <span class='ocrx_word' id='word_1_745' title='bbox 1517 5340 1624 5392; x_wconf 85' lang='lat' dir='ltr'><strong>Deo</strong></span> <span class='ocrx_word' id='word_1_746' title='bbox 1651 5337 2004 5394; x_wconf 78' lang='lat' dir='ltr'><strong>testimonium</strong></span> 
     </span>
    </p>
   </div>
   <div class='ocr_carea' id='block_1_101' title="bbox 441 5409 2002 5478">
    <p class='ocr_par' dir='ltr' id='par_1_101' title="bbox 441 5409 2002 5478">
     <span class='ocr_line' id='line_1_102' title="bbox 441 5409 2002 5478; baseline 0.001 -19"><span class='ocrx_word' id='word_1_747' title='bbox 441 5409 656 5470; x_wconf 76' lang='lat' dir='ltr'><strong>habens,</strong></span> <span class='ocrx_word' id='word_1_748' title='bbox 685 5409 854 5478; x_wconf 76' lang='lat' dir='ltr'><strong>quod,</strong></span> <span class='ocrx_word' id='word_1_749' title='bbox 880 5422 1022 5478; x_wconf 66' lang='grc' dir='ltr'><strong>ει‹;.;</strong></span> <span class='ocrx_word' id='word_1_750' title='bbox 1051 5428 1154 5464; x_wconf 90' lang='lat' dir='ltr'><strong>non</strong></span> <span class='ocrx_word' id='word_1_751' title='bbox 1188 5423 1367 5464; x_wconf 87' lang='lat' dir='ltr'><strong>autem</strong></span> <span class='ocrx_word' id='word_1_752' title='bbox 1398 5411 1702 5477; x_wconf 83' lang='lat' dir='ltr'><strong>scripsisset</strong></span> <span class='ocrx_word' id='word_1_753' title='bbox 1729 5411 1756 5461; x_wconf 90' lang='lat'><strong>6</strong></span> <span class='ocrx_word' id='word_1_754' title='bbox 1793 5425 2002 5478; x_wconf 88' lang='grc' dir='ltr'>μαρτυ-</span> 
     </span>
    </p>
   </div>
   <div class='ocr_carea' id='block_1_102' title="bbox 446 5475 2000 5551">
    <p class='ocr_par' dir='ltr' id='par_1_102' title="bbox 446 5475 2000 5551">
     <span class='ocr_line' id='line_1_103' title="bbox 446 5475 2000 5551; baseline -0.001 -21"><span class='ocrx_word' id='word_1_755' title='bbox 446 5478 626 5551; x_wconf 75' lang='grc' dir='ltr'>ρηθεὶς</span> <span class='ocrx_word' id='word_1_756' title='bbox 655 5475 867 5551; x_wconf 71' lang='grc' dir='ltr'>ἀστεῖος</span> <span class='ocrx_word' id='word_1_757' title='bbox 925 5475 1062 5534; x_wconf 79' lang='grc' dir='ltr'>εἶναι</span> <span class='ocrx_word' id='word_1_758' title='bbox 1107 5481 1261 5551; x_wconf 1' lang='grc' dir='ltr'>παρὰ,</span> <span class='ocrx_word' id='word_1_759' title='bbox 1294 5480 1373 5550; x_wconf 85' lang='grc' dir='ltr'>τῷ</span> <span class='ocrx_word' id='word_1_760' title='bbox 1401 5475 1538 5550; x_wconf 74' lang='grc' dir='ltr'>Θεῷ,</span> <span class='ocrx_word' id='word_1_761' title='bbox 1582 5481 1714 5532; x_wconf 89' lang='lat' dir='ltr'><strong>adeo</strong></span> <span class='ocrx_word' id='word_1_762' title='bbox 1746 5475 1804 5551; x_wconf 70' lang='lat' dir='ltr'><strong>ut</strong></span> <span class='ocrx_word' id='word_1_763' title='bbox 1851 5475 2000 5551; x_wconf 86' lang='lat' dir='ltr'><strong>illud,</strong></span> 
     </span>
    </p>
   </div>
   <div class='ocr_carea' id='block_1_103' title="bbox 441 5548 1998 5618">
    <p class='ocr_par' dir='ltr' id='par_1_103' title="bbox 441 5548 1998 5618">
     <span class='ocr_line' id='line_1_104' title="bbox 441 5548 1998 5618; baseline 0 -20"><span class='ocrx_word' id='word_1_764' title='bbox 441 5548 594 5617; x_wconf 77' lang='grc' dir='ltr'>παρὰ</span> <span class='ocrx_word' id='word_1_765' title='bbox 618 5548 693 5617; x_wconf 79' lang='grc' dir='ltr'>τῷ</span> <span class='ocrx_word' id='word_1_766' title='bbox 725 5549 861 5618; x_wconf 82' lang='grc' dir='ltr'>Θεῷ,</span> <span class='ocrx_word' id='word_1_767' title='bbox 897 5552 1040 5603; x_wconf 85' lang='lat' dir='ltr'><strong>clare</strong></span> <span class='ocrx_word' id='word_1_768' title='bbox 1061 5559 1112 5604; x_wconf 88' lang='lat' dir='ltr'><strong>et</strong></span> <span class='ocrx_word' id='word_1_769' title='bbox 1151 5548 1423 5604; x_wconf 69' lang='lat' dir='ltr'><strong>evidenter</strong></span> <span class='ocrx_word' id='word_1_770' title='bbox 1449 5548 1514 5601; x_wconf 84' lang='lat' dir='ltr'><strong>ad</strong></span> <span class='ocrx_word' id='word_1_771' title='bbox 1547 5563 1729 5601; x_wconf 87' lang='lat' dir='ltr'><strong>vocem</strong></span> <span class='ocrx_word' id='word_1_772' title='bbox 1766 5548 1998 5618; x_wconf 69' lang='grc' dir='ltr'>ἀστεῖος,</span> 
     </span>
    </p>
   </div>
   <div class='ocr_carea' id='block_1_104' title="bbox 438 5616 2002 5692">
    <p class='ocr_par' dir='ltr' id='par_1_104' title="bbox 438 5616 2002 5692">
     <span class='ocr_line' id='line_1_105' title="bbox 438 5616 2002 5692; baseline 0.001 -25"><span class='ocrx_word' id='word_1_773' title='bbox 438 5616 544 5692; x_wconf 74' lang='lat' dir='ltr'><strong>non</strong></span> <span class='ocrx_word' id='word_1_774' title='bbox 571 5616 862 5692; x_wconf 68' lang='lat' dir='ltr'><strong>advocent</strong></span> <span class='ocrx_word' id='word_1_775' title='bbox 900 5619 1270 5692; x_wconf 67' lang='grc' dir='ltr'>μαρτυρηθείς</span> <span class='ocrx_word' id='word_1_776' title='bbox 1328 5618 1512 5692; x_wconf 79' lang='lat' dir='ltr'><strong>referri</strong></span> <span class='ocrx_word' id='word_1_777' title='bbox 1564 5620 1776 5692; x_wconf 66' lang='lat' dir='ltr'><strong>debeat.</strong></span> <span class='ocrx_word' id='word_1_778' title='bbox 1801 5616 2002 5692; x_wconf 66' lang='lat' dir='ltr'><strong>Melius</strong></span> 
     </span>
    </p>
   </div>
   <div class='ocr_carea' id='block_1_105' title="bbox 439 5685 1997 5759">
    <p class='ocr_par' dir='ltr' id='par_1_105' title="bbox 439 5685 1997 5759">
     <span class='ocr_line' id='line_1_106' title="bbox 439 5685 1997 5759; baseline -0.001 -20"><span class='ocrx_word' id='word_1_779' title='bbox 439 5685 605 5759; x_wconf 79' lang='lat' dir='ltr'><strong>igitur</strong></span> <span class='ocrx_word' id='word_1_780' title='bbox 633 5686 703 5738; x_wconf 89' lang='lat' dir='ltr'><strong>ita</strong></span> <span class='ocrx_word' id='word_1_781' title='bbox 735 5685 1194 5759; x_wconf 74' lang='lat' dir='ltr'><strong>interpreiahére:</strong></span> <span class='ocrx_word' id='word_1_782' title='bbox 1223 5689 1598 5742; x_wconf 72' lang='lat' dir='ltr'><strong>Testimonium</strong></span> <span class='ocrx_word' id='word_1_783' title='bbox 1619 5687 1673 5759; x_wconf 83' lang='grc' dir='ltr'>[α</span> <span class='ocrx_word' id='word_1_784' title='bbox 1693 5685 1997 5759; x_wconf 66' lang='lat' dir='ltr'><strong>scriptura]</strong></span> 
     </span>
    </p>
   </div>
   <div class='ocr_carea' id='block_1_106' title="bbox 439 5755 1996 5827">
    <p class='ocr_par' dir='ltr' id='par_1_106' title="bbox 439 5755 1996 5827">
     <span class='ocr_line' id='line_1_107' title="bbox 439 5755 1996 5827; baseline -0.001 -17"><span class='ocrx_word' id='word_1_785' title='bbox 439 5757 652 5822; x_wconf 65' lang='lat' dir='ltr'><strong>habens,</strong></span> <span class='ocrx_word' id='word_1_786' title='bbox 686 5757 826 5827; x_wconf 79' lang='lat' dir='ltr'><strong>quod</strong></span> <span class='ocrx_word' id='word_1_787' title='bbox 875 5768 1058 5826; x_wconf 78' lang='lat' dir='ltr'><strong>gratus</strong></span> <span class='ocrx_word' id='word_1_788' title='bbox 1116 5770 1248 5813; x_wconf 78' lang='lat' dir='ltr'><strong>esset</strong></span> <span class='ocrx_word' id='word_1_789' title='bbox 1288 5759 1419 5824; x_wconf 86' lang='lat' dir='ltr'><strong>Deo,</strong></span> <span class='ocrx_word' id='word_1_790' title='bbox 1467 5759 1581 5813; x_wconf 80' lang='lat' dir='ltr'><strong>sive</strong></span> <span class='ocrx_word' id='word_1_791' title='bbox 1613 5755 1754 5826; x_wconf 78' lang='lat' dir='ltr'><strong>apud</strong></span> <span class='ocrx_word' id='word_1_792' title='bbox 1807 5755 1996 5810; x_wconf 67' lang='lat' dir='ltr'><strong>Deum}</strong></span> 
     </span>
    </p>
   </div>
   <div class='ocr_carea' id='block_1_107' title="bbox 2127 4573 3695 4645">
    <p class='ocr_par' dir='ltr' id='par_1_107' title="bbox 2127 4573 3695 4645">
     <span class='ocr_line' id='line_1_108' title="bbox 2127 4573 3695 4645; baseline 0.002 -18"><span class='ocrx_word' id='word_1_793' title='bbox 2127 4584 2210 4645; x_wconf 84' lang='lat' dir='ltr'><strong>est</strong></span> <span class='ocrx_word' id='word_1_794' title='bbox 2239 4573 2609 4645; x_wconf 87' lang='lat' dir='ltr'><strong>llebraismum</strong></span> <span class='ocrx_word' id='word_1_795' title='bbox 2633 4589 2771 4639; x_wconf 84' lang='lat' dir='ltr'><strong>esse,</strong></span> <span class='ocrx_word' id='word_1_796' title='bbox 2793 4591 2898 4644; x_wconf 85' lang='lat' dir='ltr'><strong>quo</strong></span> <span class='ocrx_word' id='word_1_797' title='bbox 2925 4577 2976 4628; x_wconf 92' lang='lat' dir='ltr'><strong>in</strong></span> <span class='ocrx_word' id='word_1_798' title='bbox 2996 4573 3396 4645; x_wconf 83' lang='lat' dir='ltr'><strong>significatione</strong></span> <span class='ocrx_word' id='word_1_799' title='bbox 3437 4589 3695 4630; x_wconf 71' lang='lat' dir='ltr'><strong>Dl&#39;iBSlall-</strong></span> 
     </span>
    </p>
   </div>
   <div class='ocr_carea' id='block_1_108' title="bbox 2125 4644 3121 4712">
    <p class='ocr_par' dir='ltr' id='par_1_108' title="bbox 2125 4644 3121 4712">
     <span class='ocr_line' id='line_1_109' title="bbox 2125 4644 3121 4712; baseline 0.003 -17"><span class='ocrx_word' id='word_1_800' title='bbox 2125 4644 2211 4696; x_wconf 68' lang='lat' dir='ltr'><strong>tia:</strong></span> <span class='ocrx_word' id='word_1_801' title='bbox 2237 4656 2397 4712; x_wconf 87' lang='lat' dir='ltr'><strong>atque</strong></span> <span class='ocrx_word' id='word_1_802' title='bbox 2421 4644 2700 4712; x_wconf 78' lang='lat' dir='ltr'><strong>dignitatis</strong></span> <span class='ocrx_word' id='word_1_803' title='bbox 2733 4652 2808 4698; x_wconf 88' lang='lat' dir='ltr'><strong>uti</strong></span> <span class='ocrx_word' id='word_1_804' title='bbox 2851 4644 3121 4698; x_wconf 85' lang='lat' dir='ltr'><strong>solebant.</strong></span> 
     </span>
    </p>
   </div>
   <div class='ocr_carea' id='block_1_109' title="bbox 2190 4711 3691 4783">
    <p class='ocr_par' dir='ltr' id='par_1_109' title="bbox 2190 4711 3691 4783">
     <span class='ocr_line' id='line_1_110' title="bbox 2190 4711 3691 4783; baseline 0.002 -17"><span class='ocrx_word' id='word_1_805' title='bbox 2190 4711 2506 4783; x_wconf 70' lang='lat' dir='ltr'><strong>(lOlEditio</strong></span> <span class='ocrx_word' id='word_1_806' title='bbox 2551 4711 2724 4766; x_wconf 88' lang='lat' dir='ltr'><strong>Paris.</strong></span> <span class='ocrx_word' id='word_1_807' title='bbox 2758 4714 2932 4766; x_wconf 77' lang='grc' dir='ltr'>εἵλετο</span> <span class='ocrx_word' id='word_1_808' title='bbox 2967 4713 3186 4783; x_wconf 76' lang='grc' dir='ltr'>μᾶλλον.</span> <span class='ocrx_word' id='word_1_809' title='bbox 3221 4713 3378 4767; x_wconf 87' lang='lat' dir='ltr'><strong>Deest</strong></span> <span class='ocrx_word' id='word_1_810' title='bbox 3410 4713 3610 4783; x_wconf 80' lang='grc' dir='ltr'>μᾶλλον</span> <span class='ocrx_word' id='word_1_811' title='bbox 3638 4715 3691 4770; x_wconf 89' lang='lat' dir='ltr'><strong>in</strong></span> 
     </span>
    </p>
   </div>
   <div class='ocr_carea' id='block_1_110' title="bbox 2121 4781 3348 4851">
    <p class='ocr_par' dir='ltr' id='par_1_110' title="bbox 2121 4781 3348 4851">
     <span class='ocr_line' id='line_1_111' title="bbox 2121 4781 3348 4851; baseline 0.001 -16"><span class='ocrx_word' id='word_1_812' title='bbox 2121 4781 2358 4836; x_wconf 87' lang='lat' dir='ltr'><strong>editione</strong></span> <span class='ocrx_word' id='word_1_813' title='bbox 2379 4782 2543 4836; x_wconf 90' lang='lat' dir='ltr'><strong>Basil.</strong></span> <span class='ocrx_word' id='word_1_814' title='bbox 2573 4793 2628 4835; x_wconf 89' lang='lat' dir='ltr'><strong>et</strong></span> <span class='ocrx_word' id='word_1_815' title='bbox 2659 4785 2708 4837; x_wconf 93' lang='lat' dir='ltr'><strong>in</strong></span> <span class='ocrx_word' id='word_1_816' title='bbox 2733 4786 2935 4837; x_wconf 87' lang='lat' dir='ltr'><strong>nostris</strong></span> <span class='ocrx_word' id='word_1_817' title='bbox 2965 4781 3169 4851; x_wconf 62' lang='lat' dir='ltr'><strong>Septem</strong></span> <span class='ocrx_word' id='word_1_818' title='bbox 3215 4798 3348 4836; x_wconf 89' lang='lat' dir='ltr'><strong>mss.</strong></span> 
     </span>
    </p>
   </div>
   <div class='ocr_carea' id='block_1_111' title="bbox 2187 4851 3693 4924">
    <p class='ocr_par' dir='ltr' id='par_1_111' title="bbox 2187 4851 3693 4924">
     <span class='ocr_line' id='line_1_112' title="bbox 2187 4851 3693 4924; baseline 0.002 -20"><span class='ocrx_word' id='word_1_819' title='bbox 2187 4852 2300 4924; x_wconf 77' lang='grc'><strong>(11)</strong></span> <span class='ocrx_word' id='word_1_820' title='bbox 2332 4852 2466 4924; x_wconf 70' lang='lat' dir='ltr'><strong>Reg.</strong></span> <span class='ocrx_word' id='word_1_821' title='bbox 2501 4855 2780 4924; x_wconf 47' lang='lat' dir='ltr'><strong>sextusfﬁ</strong></span> <span class='ocrx_word' id='word_1_822' title='bbox 2811 4852 3014 4922; x_wconf 72' lang='grc' dir='ltr'>θεωρίᾳ</span> <span class='ocrx_word' id='word_1_823' title='bbox 3049 4852 3156 4924; x_wconf 81' lang='grc' dir='ltr'><strong>τῶν</strong></span> <span class='ocrx_word' id='word_1_824' title='bbox 3181 4853 3348 4924; x_wconf 77' lang='grc' dir='ltr'>ὄντων</span> <span class='ocrx_word' id='word_1_825' title='bbox 3373 4851 3693 4917; x_wconf 81' lang='grc' dir='ltr'>ἐνατενίζων</span> 
     </span>
    </p>
   </div>
   <div class='ocr_carea' id='block_1_112' title="bbox 2113 4921 3689 4993">
    <p class='ocr_par' dir='ltr' id='par_1_112' title="bbox 2113 4921 3689 4993">
     <span class='ocr_line' id='line_1_113' title="bbox 2113 4921 3689 4993; baseline 0.002 -20"><span class='ocrx_word' id='word_1_826' title='bbox 2113 4922 2208 4993; x_wconf 64' lang='grc' dir='ltr'>καὶ</span> <span class='ocrx_word' id='word_1_827' title='bbox 2249 4921 2654 4993; x_wconf 26' lang='grc' dir='ltr'>ἀποσχολάζωνη.</span> <span class='ocrx_word' id='word_1_828' title='bbox 2684 4921 2862 4993; x_wconf 69' lang='lat' dir='ltr'><strong>Codex</strong></span> <span class='ocrx_word' id='word_1_829' title='bbox 2899 4921 3031 4993; x_wconf 69' lang='lat' dir='ltr'><strong>alter</strong></span> <span class='ocrx_word' id='word_1_830' title='bbox 3061 4923 3464 4993; x_wconf 77' lang='grc' dir='ltr'>ἀποσχολήσας.</span> <span class='ocrx_word' id='word_1_831' title='bbox 3489 4925 3689 4978; x_wconf 89' lang='lat' dir='ltr'><strong>Ibidem</strong></span> 
     </span>
    </p>
   </div>
   <div class='ocr_carea' id='block_1_113' title="bbox 2109 4988 3686 5061">
    <p class='ocr_par' dir='ltr' id='par_1_113' title="bbox 2109 4988 3686 5061">
     <span class='ocr_line' id='line_1_114' title="bbox 2109 4988 3686 5061; baseline 0.003 -19"><span class='ocrx_word' id='word_1_832' title='bbox 2109 4988 2259 5043; x_wconf 90' lang='lat' dir='ltr'><strong>Bodl.</strong></span> <span class='ocrx_word' id='word_1_833' title='bbox 2288 4988 2718 5060; x_wconf 77' lang='grc' dir='ltr'>ὀγδοηκοστοῦ...</span> <span class='ocrx_word' id='word_1_834' title='bbox 2751 4991 2927 5054; x_wconf 76' lang='grc' dir='ltr'>ἔτους.</span> <span class='ocrx_word' id='word_1_835' title='bbox 2953 4991 3061 5061; x_wconf 64' lang='lat' dir='ltr'><strong>Nec</strong></span> <span class='ocrx_word' id='word_1_836' title='bbox 3093 4993 3163 5046; x_wconf 92' lang='lat' dir='ltr'><strong>ita</strong></span> <span class='ocrx_word' id='word_1_837' title='bbox 3198 4988 3365 5047; x_wconf 79' lang='lat' dir='ltr'><strong>multo</strong></span> <span class='ocrx_word' id='word_1_838' title='bbox 3396 5004 3517 5061; x_wconf 90' lang='lat' dir='ltr'><strong>post</strong></span> <span class='ocrx_word' id='word_1_839' title='bbox 3555 5010 3686 5048; x_wconf 78' lang='lat' dir='ltr'><strong>mss.</strong></span> 
     </span>
    </p>
   </div>
   <div class='ocr_carea' id='block_1_114' title="bbox 2107 5059 3066 5132">
    <p class='ocr_par' dir='ltr' id='par_1_114' title="bbox 2107 5059 3066 5132">
     <span class='ocr_line' id='line_1_115' title="bbox 2107 5059 3066 5132; baseline 0.001 -19"><span class='ocrx_word' id='word_1_840' title='bbox 2107 5070 2218 5132; x_wconf 86' lang='lat' dir='ltr'><strong>tres</strong></span> <span class='ocrx_word' id='word_1_841' title='bbox 2245 5059 2558 5132; x_wconf 79' lang='grc' dir='ltr'>μαρτυρίαν</span> <span class='ocrx_word' id='word_1_842' title='bbox 2589 5062 2752 5114; x_wconf 81' lang='grc' dir='ltr'>αὐτοῦ</span> <span class='ocrx_word' id='word_1_843' title='bbox 2783 5059 3066 5132; x_wconf 25' lang='grc' dir='ltr'>τοῦηΘεοῦ.</span> 
     </span>
    </p>
   </div>
   <div class='ocr_carea' id='block_1_115' title="bbox 2208 5078 3344 5200">
    <p class='ocr_par' dir='ltr' id='par_1_115' title="bbox 2208 5078 3344 5200">
     <span class='ocr_line' id='line_1_116' title="bbox 2208 5078 3066 5182; baseline 0.001 -69"><span class='ocrx_word' id='word_1_844' title='bbox 2208 5078 2218 5113; x_wconf 80' lang='lat' dir='ltr'><strong>i</strong></span> <span class='ocrx_word' id='word_1_845' title='bbox 2237 5078 2558 5182; x_wconf 46' lang='grc' dir='ltr'>ἴαρτυριαν</span> <span class='ocrx_word' id='word_1_846' title='bbox 2589 5079 2752 5114; x_wconf 87' lang='grc' dir='ltr'>αυτου</span> <span class='ocrx_word' id='word_1_847' title='bbox 2783 5078 2877 5113; x_wconf 84' lang='grc' dir='ltr'><strong>του</strong></span> <span class='ocrx_word' id='word_1_848' title='bbox 2912 5078 3066 5114; x_wconf 74' lang='grc' dir='ltr'>υεου.</span> 
     </span>
     <span class='ocr_line' id='line_1_117' title="bbox 2208 5129 3344 5200; baseline -0.001 -17"><span class='ocrx_word' id='word_1_849' title='bbox 2208 5132 2226 5183; x_wconf 92' lang='grc'><strong>1</strong></span> <span class='ocrx_word' id='word_1_850' title='bbox 2277 5133 2293 5200; x_wconf 93' lang='grc'><strong>)</strong></span> <span class='ocrx_word' id='word_1_851' title='bbox 2325 5132 2474 5186; x_wconf 73' lang='lat' dir='ltr'><strong>Colh.</strong></span> <span class='ocrx_word' id='word_1_852' title='bbox 2507 5134 2774 5200; x_wconf 84' lang='lat' dir='ltr'><strong>secundus</strong></span> <span class='ocrx_word' id='word_1_853' title='bbox 2809 5131 2981 5184; x_wconf 74' lang='grc' dir='ltr'>ταῦτα</span> <span class='ocrx_word' id='word_1_854' title='bbox 3016 5129 3344 5200; x_wconf 79' lang='grc' dir='ltr'>διαλέγεται.</span> 
     </span>
    </p>
   </div>
   <div class='ocr_carea' id='block_1_116' title="bbox 2207 5197 3690 5271">
    <p class='ocr_par' dir='ltr' id='par_1_116' title="bbox 2207 5197 3690 5271">
     <span class='ocr_line' id='line_1_118' title="bbox 2207 5197 3690 5271; baseline 0.002 -19"><span class='ocrx_word' id='word_1_855' title='bbox 2207 5197 2294 5264; x_wconf 80' lang='grc'><strong>15)</strong></span> <span class='ocrx_word' id='word_1_856' title='bbox 2348 5201 2629 5271; x_wconf 84' lang='lat' dir='ltr'><strong>Editiones</strong></span> <span class='ocrx_word' id='word_1_857' title='bbox 2679 5197 2850 5271; x_wconf 79' lang='lat' dir='ltr'><strong>Paris.</strong></span> <span class='ocrx_word' id='word_1_858' title='bbox 2905 5213 2953 5255; x_wconf 92' lang='lat' dir='ltr'><strong>et</strong></span> <span class='ocrx_word' id='word_1_859' title='bbox 2983 5197 3189 5271; x_wconf 28' lang='lat' dir='ltr'><strong>iBasil.</strong></span> <span class='ocrx_word' id='word_1_860' title='bbox 3230 5199 3590 5271; x_wconf 81' lang='grc' dir='ltr'>λαληθέντων.</span> <span class='ocrx_word' id='word_1_861' title='bbox 3621 5204 3690 5255; x_wconf 82' lang='lat' dir='ltr'><strong>At</strong></span> 
     </span>
    </p>
   </div>
   <div class='ocr_carea' id='block_1_117' title="bbox 2112 5270 3685 5341">
    <p class='ocr_par' dir='ltr' id='par_1_117' title="bbox 2112 5270 3685 5341">
     <span class='ocr_line' id='line_1_119' title="bbox 2112 5270 3685 5341; baseline 0.001 -19"><span class='ocrx_word' id='word_1_862' title='bbox 2112 5280 2237 5324; x_wconf 90' lang='lat' dir='ltr'><strong>octo</strong></span> <span class='ocrx_word' id='word_1_863' title='bbox 2271 5271 2436 5322; x_wconf 91' lang='lat' dir='ltr'><strong>nostri</strong></span> <span class='ocrx_word' id='word_1_864' title='bbox 2467 5285 2595 5341; x_wconf 83' lang='lat' dir='ltr'><strong>mss.</strong></span> <span class='ocrx_word' id='word_1_865' title='bbox 2621 5270 2954 5341; x_wconf 85' lang='grc' dir='ltr'>λαληθεῖσιν.</span> <span class='ocrx_word' id='word_1_866' title='bbox 2979 5270 3301 5324; x_wconf 82' lang='lat' dir='ltr'><strong>Erratunine</strong></span> <span class='ocrx_word' id='word_1_867' title='bbox 3330 5270 3400 5324; x_wconf 87' lang='lat' dir='ltr'><strong>sit</strong></span> <span class='ocrx_word' id='word_1_868' title='bbox 3434 5271 3685 5326; x_wconf 85' lang='lat' dir='ltr'><strong>librario-</strong></span> 
     </span>
    </p>
   </div>
   <div class='ocr_carea' id='block_1_118' title="bbox 2105 5339 3680 5409">
    <p class='ocr_par' dir='ltr' id='par_1_118' title="bbox 2105 5339 3680 5409">
     <span class='ocr_line' id='line_1_120' title="bbox 2105 5339 3680 5409; baseline 0.002 -18"><span class='ocrx_word' id='word_1_869' title='bbox 2105 5354 2248 5404; x_wconf 85' lang='lat' dir='ltr'><strong>rum,</strong></span> <span class='ocrx_word' id='word_1_870' title='bbox 2282 5355 2348 5392; x_wconf 88' lang='lat' dir='ltr'><strong>an</strong></span> <span class='ocrx_word' id='word_1_871' title='bbox 2385 5341 2488 5393; x_wconf 92' lang='lat' dir='ltr'><strong>hoc</strong></span> <span class='ocrx_word' id='word_1_872' title='bbox 2512 5339 2711 5392; x_wconf 86' lang='lat' dir='ltr'><strong>dictum</strong></span> <span class='ocrx_word' id='word_1_873' title='bbox 2739 5339 2815 5394; x_wconf 74' lang='lat' dir='ltr'><strong>Sit</strong></span> <span class='ocrx_word' id='word_1_874' title='bbox 2854 5356 2950 5409; x_wconf 88' lang='lat' dir='ltr'><strong>per</strong></span> <span class='ocrx_word' id='word_1_875' title='bbox 2974 5342 3368 5404; x_wconf 82' lang='lat' dir='ltr'><strong>attraclionem,</strong></span> <span class='ocrx_word' id='word_1_876' title='bbox 3403 5355 3680 5407; x_wconf 56' lang='lat' dir='ltr'><strong>grammaa</strong></span> 
     </span>
    </p>
   </div>
   <div class='ocr_carea' id='block_1_119' title="bbox 2103 5409 3678 5475">
    <p class='ocr_par' dir='ltr' id='par_1_119' title="bbox 2103 5409 3678 5475">
     <span class='ocr_line' id='line_1_121' title="bbox 2103 5409 3678 5475; baseline 0.003 -14"><span class='ocrx_word' id='word_1_877' title='bbox 2103 5409 2331 5462; x_wconf 86' lang='lat' dir='ltr'><strong>ticOrum</strong></span> <span class='ocrx_word' id='word_1_878' title='bbox 2356 5411 2457 5462; x_wconf 88' lang='lat' dir='ltr'><strong>erit</strong></span> <span class='ocrx_word' id='word_1_879' title='bbox 2478 5410 2760 5475; x_wconf 84' lang='lat' dir='ltr'><strong>judicium.</strong></span> <span class='ocrx_word' id='word_1_880' title='bbox 2794 5411 2891 5466; x_wconf 83' lang='lat' dir='ltr'><strong>Est</strong></span> <span class='ocrx_word' id='word_1_881' title='bbox 2913 5410 3123 5466; x_wconf 88' lang='lat' dir='ltr'><strong>creditu</strong></span> <span class='ocrx_word' id='word_1_882' title='bbox 3158 5412 3372 5465; x_wconf 86' lang='lat' dir='ltr'><strong>dillieile</strong></span> <span class='ocrx_word' id='word_1_883' title='bbox 3405 5422 3483 5464; x_wconf 91' lang='lat' dir='ltr'><strong>tot</strong></span> <span class='ocrx_word' id='word_1_884' title='bbox 3510 5413 3678 5466; x_wconf 79' lang='lat' dir='ltr'><strong>libra-</strong></span> 
     </span>
    </p>
   </div>
   <div class='ocr_carea' id='block_1_120' title="bbox 2103 5478 2664 5534">
    <p class='ocr_par' dir='ltr' id='par_1_120' title="bbox 2103 5478 2664 5534">
     <span class='ocr_line' id='line_1_122' title="bbox 2103 5478 2664 5534; baseline 0.004 -2"><span class='ocrx_word' id='word_1_885' title='bbox 2103 5478 2217 5533; x_wconf 87' lang='lat' dir='ltr'><strong>rios</strong></span> <span class='ocrx_word' id='word_1_886' title='bbox 2249 5479 2405 5532; x_wconf 90' lang='lat' dir='ltr'><strong>simul</strong></span> <span class='ocrx_word' id='word_1_887' title='bbox 2432 5493 2664 5534; x_wconf 89' lang='lat' dir='ltr'><strong>errasse.</strong></span> 
     </span>
    </p>
   </div>
   <div class='ocr_carea' id='block_1_121' title="bbox 2171 5547 3685 5620">
    <p class='ocr_par' dir='ltr' id='par_1_121' title="bbox 2171 5547 3685 5620">
     <span class='ocr_line' id='line_1_123' title="bbox 2171 5547 3685 5620; baseline 0.003 -19"><span class='ocrx_word' id='word_1_888' title='bbox 2171 5549 2283 5620; x_wconf 69' lang='grc'><strong>(14)</strong></span> <span class='ocrx_word' id='word_1_889' title='bbox 2331 5547 2456 5620; x_wconf 58' lang='grc' dir='ltr'><strong>Ίξῶν</strong></span> <span class='ocrx_word' id='word_1_890' title='bbox 2521 5548 2657 5613; x_wconf 81' lang='grc' dir='ltr'><strong>ἕξω.</strong></span> <span class='ocrx_word' id='word_1_891' title='bbox 2704 5547 2956 5620; x_wconf 80' lang='lat' dir='ltr'><strong>lntelligit</strong></span> <span class='ocrx_word' id='word_1_892' title='bbox 3011 5549 3242 5605; x_wconf 88' lang='lat' dir='ltr'><strong>Basilius</strong></span> <span class='ocrx_word' id='word_1_893' title='bbox 3295 5558 3388 5603; x_wconf 88' lang='lat' dir='ltr'><strong>aut</strong></span> <span class='ocrx_word' id='word_1_894' title='bbox 3446 5565 3540 5604; x_wconf 87' lang='lat' dir='ltr'><strong>eos</strong></span> <span class='ocrx_word' id='word_1_895' title='bbox 3594 5547 3685 5620; x_wconf 68' lang='lat' dir='ltr'><strong>qui</strong></span> 
     </span>
    </p>
   </div>
   <div class='ocr_carea' id='block_1_122' title="bbox 2099 5619 3686 5740">
    <p class='ocr_par' dir='ltr' id='par_1_122' title="bbox 2099 5619 3686 5740">
     <span class='ocr_line' id='line_1_124' title="bbox 2099 5619 3686 5740; baseline 0.004 -70"><span class='ocrx_word' id='word_1_896' title='bbox 2099 5619 2321 5740; x_wconf 66' lang='grc' dir='ltr'><strong>σῐηῖιίηο</strong></span> <span class='ocrx_word' id='word_1_897' title='bbox 2355 5619 2519 5674; x_wconf 87' lang='lat' dir='ltr'><strong>Deum</strong></span> <span class='ocrx_word' id='word_1_898' title='bbox 2559 5633 2679 5674; x_wconf 80' lang='lat' dir='ltr'><strong>esse</strong></span> <span class='ocrx_word' id='word_1_899' title='bbox 2708 5619 2995 5690; x_wconf 73' lang='lat' dir='ltr'><strong>negabant,</strong></span> <span class='ocrx_word' id='word_1_900' title='bbox 3025 5631 3117 5676; x_wconf 90' lang='lat' dir='ltr'><strong>aut</strong></span> <span class='ocrx_word' id='word_1_901' title='bbox 3148 5620 3406 5677; x_wconf 85' lang='lat' dir='ltr'><strong>falsorum</strong></span> <span class='ocrx_word' id='word_1_902' title='bbox 3460 5619 3686 5677; x_wconf 73' lang='lat' dir='ltr'><strong>deorum</strong></span> 
     </span>
     <span class='ocr_line' id='line_1_125' title="bbox 2103 5702 2365 5740; baseline 0 0"><span class='ocrx_word' id='word_1_903' title='bbox 2103 5702 2170 5740; x_wconf 91' lang='lat' dir='ltr'><strong>cu</strong></span> <span class='ocrx_word' id='word_1_904' title='bbox 2220 5703 2365 5740; x_wconf 88' lang='lat' dir='ltr'><strong>ores.</strong></span> 
     </span>
    </p>
   </div>
   <div class='ocr_carea' id='block_1_123' title="bbox 2103 5697 2365 5743">
    <p class='ocr_par' dir='ltr' id='par_1_123' title="bbox 2103 5697 2365 5743">
     <span class='ocr_line' id='line_1_126' title="bbox 2103 5697 2365 5743; baseline 0.004 -1"><span class='ocrx_word' id='word_1_905' title='bbox 2103 5697 2365 5743; x_wconf 87' lang='lat' dir='ltr'><strong>cultores.</strong></span> 
     </span>
    </p>
   </div>
  </div>
