4082 6218
428 351 462 408 7
1756 350 1817 408 S.
1856 349 2103 409 BASlLll
2147 353 2365 410 MAGNI
2879 395 2884 402 »
3639 355 3679 415 3

427 471 712 526 veritatem
739 477 978 524 nostram
1007 465 1254 523 laudibus
1277 467 1532 522 eﬂeram?
1559 468 1916 526 Prodiderant
1937 474 1989 544 3

2095 475 2515 547 ἀνυμνήσωτήν
2540 475 2815 546 ἡμετέραν
2853 472 3143 545 ἀλήθειαν;
3201 472 3378 527 Πολλά
3409 473 3538 545 περί
3571 473 3678 543 φύη

427 561 594 616 multa
623 561 932 617 Graecorum
969 563 1246 631 sapientes
1278 563 1344 617 de
1375 572 1566 616 natura
1597 578 1611 616 :
1641 565 1734 619 sed
1789 580 1856 619 ne
1889 581 1991 619 una

428 657 641 726 quidem
696 654 906 726 opinio,
957 658 1258 727 posteriore
1301 657 1535 728 priorem
1583 673 1796 730 semper
1856 660 1996 714 anti-

426 758 628 816 quante
651 787 666 814 ,
696 748 799 801 lixa
830 749 972 804 inter
1000 749 1145 818 ipsos
1177 759 1340 819 atque
1389 750 1708 807 inconcussa
1744 767 1996 821 perman-

425 841 517 895 sit.
558 841 736 908 Quare
766 841 906 896 dicta
939 857 1125 897 eorum
1174 843 1456 900 confutare
1502 845 1632 899 nihil
1664 845 1819 901 nobis
1854 861 1992 916 opus

425 938 544 996 est;
573 932 615 986 si
665 931 882 1000 quidem
907 933 973 986 ad
1019 941 1256 988 mutuam
1292 950 1444 990 suam
1481 937 1818 991 eversionem
1852 936 1998 991 solli-

425 1025 598 1076 ciunt.
625 1023 838 1077 Etenim
882 1023 1047 1078 Demn
1077 1027 1166 1094 qui
1195 1027 1531 1097 ignoravere,
1570 1042 1788 1082 causam
1816 1029 1998 1098 provi-

427 1115 550 1168 dam
584 1115 727 1168 ortui
774 1130 1005 1184 praeesse
1057 1118 1433 1172 universorum
1483 1135 1588 1174 non
1630 1136 1993 1176 concessere:

425 1205 521 1261 sed
568 1209 955 1276 consequentia
983 1209 1370 1266 convenienter
1396 1212 1582 1282 primae
1617 1229 1728 1268 sua:
1773 1215 1997 1270 inscitia:

425 1299 835 1356 concludebant.
867 1301 1227 1366 Quamobrem
1269 1304 1758 1376 nonnulli,origine
1781 1307 1998 1360 univer-

431 1391 612 1446 sitatis
647 1407 827 1447 rerum
859 1393 1141 1448 clementis
1175 1395 1358 1449 mundi
1397 1397 1664 1466 ascripta,
1707 1398 1774 1452 ad
1806 1413 2000 1455 causas

424 1485 736 1540 materialcs
761 1484 1158 1556 confugerunt:
1199 1489 1288 1541 alii
1321 1503 1447 1543 vero
1477 1491 1690 1552 atomis,
1721 1500 1775 1544 et
1807 1506 1999 1557 corpo-

425 1575 575 1630 ribus
601 1578 832 1648 partium
857 1579 1192 1647 expertibus,
1219 1579 1357 1633 mole
1378 1596 1439 1634 ac
1460 1582 1726 1636 meatibus
1751 1590 1996 1636 naturam

427 1683 610 1723 rerum
637 1667 923 1722 visibilium
957 1670 1223 1724 contineri
1263 1672 1558 1725 tinxerunt.
1590 1670 1745 1728 Nunc
1781 1673 1996 1742 quidem

423 1758 812 1814 insecabilibus
850 1762 1169 1831 corporibus
1201 1763 1342 1816 inter
1372 1777 1430 1816 se
1471 1763 1814 1834 conjunctis,
1853 1783 1996 1821 nunc

2098 585 2234 632 σεως
2270 567 2791 640 ἐπραγματεύσαντο
2818 569 2867 620 οἱ
2908 566 3015 620 τῶν
3066 565 3335 637 Ἐλλήνων
3373 567 3547 634 σοφοὶ,
3577 567 3678 620 καὶ

2094 663 2216 716 οὐδὲ
2271 659 2353 726 εἷς
2403 665 2536 733 παρ’
2591 662 2774 725 αὐτοῖς
2823 661 2978 731 λόγος
3013 662 3245 732 ’έστηκεν
3281 659 3537 730 ἀκίνητος
3584 660 3679 714 καὶ

2095 752 2408 816 ἀσάλευτος,
2439 752 2527 806 ἀεὶ
2557 752 2650 804 τοῦ
2683 751 2942 823 δευτέρου
2971 751 3063 806 τὸν
3087 752 3192 824 πρὸ
3215 750 3380 804 αὑτοῦ
3406 751 3675 806 καταϐάλ-

2094 843 2295 908 λοντος⁸
2341 843 2482 897 ὥστε
2536 846 2666 915 ἡμῖν
2723 844 2888 916 μηδὲν
2948 843 3106 916 ἔργον
3157 839 3297 896 εἶναι
3337 841 3408 894 τὰ
3451 843 3676 896 ἐκείνων

2096 937 2354 1007 ἐλέγχειν·
2408 937 2640 1008 ἀρκοῦσι
2690 936 2796 1008 γάρ
2851 935 3102 1006 ἀλλήλοις
3135 937 3273 1008 πρὸς
3312 936 3412 1007 τὴν
3470 935 3676 989 οἰκείαν

2095 1030 2423 1100 ἀνατροπὴν.
2458 1030 2521 1081 Οἱ
2551 1028 2658 1100 γὰρ
2687 1028 2818 1082 Θεὸν
2845 1030 3205 1097 ἀγνοήσαντες
3226 1028 3404 1082 αἰτίαν
3429 1027 3676 1098 ἔμφρονα

2097 1120 2426 1190 προεστάναι
2459 1121 2560 1190 τῆς
2580 1119 2846 1188 γενέσεως
2879 1119 2987 1174 τῶν
3014 1121 3150 1174 ὅλων
3171 1121 3232 1173 οὐ
3271 1118 3673 1190 συνεχώρησαν,

2096 1211 2213 1264 ἀλλ’
2247 1210 2465 1273 οἰκείως
2499 1213 2563 1280 τῇ
2611 1211 2668 1276 ἐξ
2703 1210 2876 1282 ἀρχῆς
2909 1210 3101 1282 ἀγνοίᾳ
3132 1211 3198 1263 τὰ
3223 1210 3418 1280 ἐφεξῆς
3448 1209 3676 1262 συνεπέ-

2101 1320 2287 1374 ραναν.
2336 1301 2435 1354 Διά
2477 1301 2637 1354 τοῦτο
2658 1304 2706 1354 οἱ
2745 1302 2842 1372 μὲν
2872 1301 2963 1354 ἐπὶ
2988 1301 3085 1364 τὰς
3115 1301 3228 1368 (15)
3269 1301 3456 1366 ὑλικὰς
3481 1301 3676 1354 ὑποθέ-

2099 1412 2210 1458 σεις
2235 1393 2562 1462 κατέφυγον,
2603 1395 2714 1456 τοῖς
2753 1393 2847 1446 τοῦ
2883 1393 3090 1464 κόσμου
3136 1393 3420 1462 στοιχείοις
3457 1393 3556 1463 τὴν
3585 1393 3675 1445 αἱ·

2095 1489 2215 1542 τίαν
2243 1486 2338 1540 τοῦ
2391 1485 2593 1548 παντὸς
2632 1485 2942 1548 ἀναθέντες·
2993 1487 3041 1538 οἱ
3076 1485 3133 1538 δὲ
3166 1486 3343 1555 ἄτομα
3372 1484 3466 1537 καὶ
3494 1483 3675 1555 ἀμερῆ

2099 1578 2346 1651 σώματα,
2385 1579 2477 1632 καὶ
2509 1578 2704 1646 δγκους
2755 1578 2848 1631 καὶ
2900 1578 3097 1650 πόρους
3127 1577 3368 1647 συνέχειν
3393 1576 3492 1647 τὴν
3514 1576 3677 1644 φύσιν

2095 1670 2204 1724 τῶν
2257 1671 2466 1742 ὁρατῶν
2515 1669 2951 1740 ἑφαντάσθησαν.
2985 1669 3099 1722 Νῦν
3129 1670 3226 1740 μὲν
3269 1669 3377 1740 (l6)
3408 1667 3517 1738 γὰρ
3554 1683 3681 1720 συν-

2102 1763 2287 1816 ιόντων
2320 1763 2567 1834 ἀλλήλοις
2588 1762 2693 1816 τῶν
2720 1762 2942 1834 ἀμερῶν
2974 1763 3259 1832 σωμάτων,
3295 1763 3389 1814 νῦν
3417 1761 3475 1813 δὲ
3515 1777 3680 1831 μετα-

420 1863 552 1904 vero
591 1866 779 1906 rursus
807 1851 1080 1920 discretis,
1117 1855 1499 1924 generationes
1536 1867 1590 1911 et
1620 1859 1992 1926 corruptiones

2101 1855 2562 1926 συγκρινομένων,
2598 1852 2697 1917 τάς
2729 1854 2971 1922 γενέσεις
3017 1853 3111 1905 καὶ
3145 1852 3245 1915 τὰς
3301 1849 3506 1922 φθορὰς
3553 1852 3678 1903 iam-

421 1940 562 2006 fieri,
595 1951 757 2012 atque
795 1942 1289 2000 indurabilioribus
1322 1947 1644 2016 corporibus
1676 1950 1996 2006 diuturnita-

420 2033 490 2088 tis
541 2049 764 2088 cansam
796 2049 862 2090 ex
914 2045 1223 2091 atomorum
1269 2038 1412 2092 inter
1442 2055 1501 2094 se
1544 2041 1824 2110 complexu
1864 2043 1995 2098 vali-

419 2124 572 2178 diore
605 2125 872 2193 proﬁcisci
929 2126 1177 2180 arbitrati
1223 2137 1368 2182 sunt.
1405 2125 1550 2182 Sane
1581 2143 1793 2182 aranea:
1833 2128 1992 2184 telam

419 2223 610 2269 texunt
661 2217 752 2284 qui
799 2216 923 2270 talia
980 2217 1245 2280 scribunt,
1294 2218 1386 2287 qui
1446 2218 1568 2274 coeli
1618 2228 1882 2288 terrazque
1941 2229 1995 2274 et

421 2308 596 2362 maris
623 2308 884 2377 principia
922 2319 1129 2378 ponunt
1182 2310 1317 2364 adeo
1373 2311 1574 2376 tenuia,
1631 2325 1730 2365 nec
1787 2312 1992 2380 uspiam

420 2400 794 2454 consistentia.
822 2399 939 2454 Non
968 2400 1110 2455 enim
1143 2412 1409 2456 noverunt
1444 2402 1666 2459 dicere:
1699 2402 1767 2457 In
1801 2404 1994 2472 princi-

414 2491 502 2562 pio
535 2491 655 2560 [erit
699 2491 838 2548 Deus
871 2493 1054 2547 cwlum
1079 2504 1128 2547 et
1170 2503 1388 2548 terram.
1436 2493 1776 2564 Quapropter
1803 2496 1874 2550 ob
1913 2494 1996 2551 itt-

417 2583 752 2638 liabitantetn
780 2585 832 2639 in
871 2585 1003 2654 ipsis
1030 2585 1326 2642 divinitatis
1346 2585 1736 2656 ignorationem
1763 2587 1818 2641 in
1849 2587 1994 2642 hunc

418 2690 662 2730 errorem
709 2675 1039 2741 inciderunt,
1075 2685 1134 2730 ut
1182 2686 1401 2742 cuncta,
1453 2687 1711 2747 tanquam
1760 2691 1888 2732 casu
1939 2689 1994 2732 et

419 2772 625 2818 temere
645 2773 808 2828 mota,
838 2770 1065 2820 credant
1099 2781 1199 2820 nec
1222 2767 1332 2836 regi
1370 2781 1466 2821 nec
1493 2769 1803 2838 gubernari.
1837 2769 1992 2836 Quod

417 2855 591 2923 ipsum
621 2856 776 2910 nobis
804 2871 870 2910 ne
899 2858 1130 2922 accidat,
1161 2858 1208 2912 is
1237 2858 1328 2928 qui
1367 2860 1548 2912 mundi
1577 2861 1834 2913 fabricant
1864 2876 1993 2914 con-

415 2945 653 3014 scripsit,
701 2947 884 3001 statim
940 2948 994 3002 in
1042 2950 1233 3018 primis
1271 2951 1448 3004 verbis
1495 2967 1591 3020 per
1645 2951 1738 3006 Dei
1793 2967 1989 3007 nomen

417 3049 652 3094 tuentem
694 3050 932 3093 nostram
982 3040 1305 3105 illustravit,
1341 3041 1528 3096 dicens
1563 3061 1577 3098 :
1621 3040 1686 3095 In
1734 3045 1991 3111 principio

419 3128 539 3196 fecit
578 3127 736 3185 Deus.
775 3129 947 3195 Quam
977 3129 1200 3198 pulcher
1225 3138 1306 3184 est
1329 3133 1462 3185 ordo
1503 3131 1638 3186 iste!
1677 3131 1857 3187 l’rimo
1895 3149 1989 3202 ap-

2097 1945 2361 2014 γίνεσθαι·
2415 1947 2508 1999 καὶ
2539 1945 2648 1998 τῶν
2679 1945 2792 2016 (l7)
2822 1945 3228 2015 διαρκεστέρων
3262 1943 3530 2012 σωμάτων
3575 1944 3676 2012 τὴν

2101 2039 2453 2110 ἰσχυροτέραν
2478 2038 2582 2092 τῶν
2619 2039 2838 2108 ἀτόμων
2875 2035 3254 2107 ἀντεμπλοκὴν
3285 2035 3384 2105 τῆς
3417 2035 3677 2105 διαμονῆς

2093 2133 2192 2202 τὴν
2228 2132 2405 2184 αἰτίαν
2444 2131 2725 2202 παρέχειν.
2776 2131 2979 2192 Ὄντως
3045 2128 3188 2181 ἱστὸν
3235 2129 3475 2198 ἀράχνης
3517 2125 3682 2195 691i-

2095 2238 2276 2274 νουσιν
2334 2224 2383 2275 οἱ
2433 2223 2608 2276 ταῦτα
2652 2223 2976 2294 γράφοντες,
3035 2223 3084 2274 oi.
3137 2218 3282 2274 οὕτω
3323 2221 3523 2283 λεπτὰς
3582 2217 3683 2273 καὶ

2094 2312 2497 2377 ἀνυποστάτους
2522 2313 2696 2384 ἀρχὰς
2739 2311 2969 2384 οὐρανοῦ
3023 2313 3116 2364 καὶ
3155 2311 3259 2381 γῆς
3291 2312 3385 2365 καὶ
3405 2310 3680 2381 θαλάσσης

2094 2405 2488 2476 ὑποτιθέμενοι.
2551 2406 2626 2459 Οὐ
2685 2404 2794 2476 γὰρ
2843 2404 3039 2476 ᾔδεσαν
3093 2407 3287 2458 εἰπεῖν’
3357 2406 3452 2457 Ἐν
3519 2402 3679 2473 ἀρχῇ

2077 2497 2383 2566 ,ἐποίησεν
2415 2501 2448 2551 ὁ
2491 2498 2636 2564 Θεὸς
2675 2499 2783 2552 τὸν
2817 2497 3080 2566 οὐρανὸν
3125 2496 3225 2550 καὶ
3251 2495 3365 2564 τὴν
3404 2495 3540 2566 γῆν.
3580 2496 3680 2549 Διά

2093 2588 2252 2642 τοῦτο
2275 2589 2622 2660 ἀκυϐέρνητα
2659 2591 2754 2643 καὶ
2779 2588 3062 2658 ἀδιοίκητα
3091 2584 3228 2642 εἶναι
3264 2587 3334 2642 τὰ
3364 2589 3676 2658 σύμπῑντα,

2094 2683 2169 2746 ὡς
2198 2681 2263 2735 ἂν
2295 2682 2432 2753 τύχῃ
2478 2681 2592 2750 (l8)
2642 2681 2940 2752 φερόμενα,
2973 2681 3079 2734 ὑπὸ
3112 2681 3212 2751 τῆς
3240 2679 3552 2751 ὲνοικούσης
3581 2681 3680 2733 αὐ-

2093 2777 2206 2839 τοῖς
2236 2773 2524 2845 ἀθεότητος
2560 2773 2944 2846 ἠπατήθησαν.
2978 2773 3154 2844 Ὅπερ
3190 2773 3276 2826 ’ίνα
3308 2772 3381 2844 μή
3415 2773 3679 2843 πάθωμεν)

2093 2869 2255 2936 ἡμεῖς
2278 2867 2413 2936 (l9),
2445 2867 2473 2918 6
2510 2866 2607 2936 τὴν
2645 2865 3006 2936 κοσμοποιίαν
3059 2865 3394 2935 συγγράφων
3419 2863 3580 2928 εὐθὺς
3621 2865 3678 2917 ὲν

2091 2959 2202 3019 τοῖς
2256 2955 2494 3028 πρώτοις
2548 2958 2756 3028 ῥήμασι
2820 2956 2897 3026 τῷ
2947 2956 3175 3026 ὀνόματι
3235 2955 3329 3008 τοῦ
3379 2954 3515 3008 Θεοῦ
3579 2955 3678 3026 τὴν

2092 3049 2328 3102 διάνοιαν
2391 3047 2552 3119 ἡμῶν
2617 3047 3015 3117 κατεφὼτισεν,
3071 3045 3262 3102 εἰπών’
3348 3049 3451 3102 Ἐν
3512 3045 3673 3118 ἀρχῇ

2093 3139 2382 3205 ἐποίησεν
2411 3143 2444 3193 ὀ
2521 3140 2665 3206 Θεός
2715 3139 2849 3210 (20).
2899 3139 2963 3192 Τί
3005 3139 3206 3211 καλήή
3258 3138 3444 3206 τάξις;
3475 3140 3680 3212 Ἀρχὴν

418 3195 594 3283 posuit
621 3195 991 3283 principium,—
1011 3231 1077 3271 ne
1107 3218 1196 3286 qui
1229 3219 1486 3273 mundum
1525 3222 1772 3289 principii
1799 3195 1992 3290 expet--

2105 3195 2317 3301 πρῶτον
2371 3195 2658 3301 ἐπέθηκεν,
2717 3195 2822 3283 ίναΙ
2861 3230 2935 3300 μὴ
2981 3195 3214 3302 ἄναρχον
3258 3195 3679 3299 αὑτὺνιοίηθεόἀί

421 3313 528 3358 tem
558 3318 678 3359 esse
721 3305 1091 3373 opinarentur.
1139 3307 1340 3362 Deinde
1391 3309 1634 3382 adjecit:
1693 3311 1884 3375 Fecit,
1933 3326 1994 3368 ut

415 3399 755 3465 ostendatur,
805 3415 891 3454 res
941 3401 1190 3456 conditas
1247 3403 1520 3458 minimam
1581 3420 1702 3460 esse
1741 3409 1992 3476 potentia:

417 3489 630 3559 Opilicis
673 3501 906 3559 partem.
964 3491 1426 3560 Quemadmodum
1469 3498 1612 3551 enim
1660 3499 1852 3570 ligulus
1900 3501 1992 3569 qui

422 3581 614 3638 cadem
647 3595 763 3638 arte
800 3585 1081 3640 innumera
1123 3588 1331 3644 eﬂinxit
1363 3605 1490 3650 vasa
1517 3631 1532 3657 ,
1574 3609 1748 3660 neque
1777 3604 1945 3650 artem
1972 3633 1988 3658 ,

417 3689 592 3741 nequc
627 3677 919 3744 pmentiam
961 3679 1214 3734 exhausit
1256 3701 1272 3737 :
1323 3682 1394 3736 ita
1446 3693 1501 3738 et
1549 3686 1785 3740 universi
1836 3687 1992 3754 hujus

413 3764 596 3833 opifex
659 3765 982 3824 ell‘ectricem
1051 3771 1347 3841 potentiam
1415 3775 1658 3840 habens,
1714 3791 1821 3830 non
1864 3763 1992 3832 'uno

415 3857 618 3912 mundo
647 3859 1144 3931 circumscriptam,
1185 3865 1278 3919 sed
1321 3866 1372 3919 in
1419 3867 1690 3922 inllnitum
1721 3869 1992 3924 exceden-

415 3958 545 4016 tem,
575 3966 756 4006 rerom
793 3969 914 4024 qute
968 3957 1376 4026 conspiciuntur
1424 3961 1823 4029 magnitudines
1871 3965 1989 4017 solo

415 4039 706 4096 voluntatis
729 4057 860 4098 nutu
898 4046 1158 4101 condidit.
1180 4049 1385 4118 Itaque,
1421 4051 1464 4105 si
1509 4052 1738 4107 mundus
1760 4064 1814 4107 et
1842 4055 1994 4123 prin-

417 4131 616 4199 cipium
649 4134 832 4201 habet,
871 4147 924 4191 et
958 4137 1133 4194 factus
1155 4151 1257 4209 est,
1298 4143 1534 4213 inquire,
1577 4147 1700 4215 quis
1727 4146 1799 4200 sit
1825 4147 1914 4215 qui
1940 4149 1988 4202 ei

421 4221 570 4275 dedit
603 4224 946 4296 principium,
976 4238 1031 4284 et
1058 4231 1180 4299 quis
1205 4232 1350 4288 illius
1377 4234 1446 4288 sit
1481 4237 1751 4291 conditor.
1781 4236 1893 4292 lmo
1923 4253 1990 4294 ne

416 4310 576 4379 forte,
610 4316 654 4369 si
695 4319 944 4375 humanis
978 4321 1219 4392 inquiras
1256 4326 1765 4385 ratiocinationibus
1825 4345 1855 4384 a
1893 4346 1987 4386 ve-

415 4403 580 4460 ritate
627 4406 889 4476 aberres,
958 4413 1060 4468 hoc
1101 4431 1198 4469 nos
1255 4421 1577 4473 documento
1621 4431 1986 4489 praeoccupat,

417 4493 545 4549 dum
577 4495 825 4556 videlicet
859 4505 1362 4572 praestantissimum
1388 4507 1480 4563 Dei
1511 4524 1705 4565 nomen
1733 4519 1986 4581 tanquam

2101 3340 2243 3386 τινες
2277 3322 2409 3388 (21)’
2439 3319 2558 3376 εἶτα
2585 3324 2830 3394 ἐπήγαγε
2861 3322 2941 3386 τὸ,
2979 3323 3322 3389 Ἐποίησεν,
3353 3321 3442 3374 ἴνα
3471 3320 3680 3392 δειχθῇ,

2101 3413 2182 3466 ὅτι
2221 3413 2502 3484 ἐλάχιστον
2550 3413 2715 3484 μέρος
2755 3412 2851 3483 τῆς
2905 3412 2998 3466 τοῦ
3033 3411 3362 3483 δημιουργοῦ
3402 3409 3683 3482 δυνάμεώς

2102 3508 2218 3558 ἐστι
2248 3505 2308 3559 τὸ
2341 3505 2583 3577 ποιηθέν.
2613 3505 2702 3568 Ὠς
2722 3504 2831 3575 γάρ
2853 3505 2881 3557 6
2909 3504 3205 3576 κεραμεὺς,
3242 3504 3350 3558 ἀπὸ
3379 3504 3478 3574 τῆς
3511 3504 3680 3576 αὐτῆς

2099 3595 2296 3665 τέχνης
2343 3595 2514 3666 μυρία
2549 3593 2854 3658 διαπλάσας
2901 3593 3092 3664 σκεύη,
3157 3592 3282 3647 οὔτε
3332 3592 3430 3664 τὴν
3483 3594 3682 3664 τέχνην

2100 3686 2222 3740 οὔτε
2252 3686 2349 3758 τὴν
2376 3685 2604 3757 δύναμιν
2638 3684 3168 3750 ὲξανάλωσεν·.οῦτω
3186 3687 3280 3740 καὶ
3312 3684 3450 3738 ὁτοῦ
3478 3685 3681 3749 παντὸς

2100 3779 2292 3833 τούτου
2347 3779 2697 3851 δημιουργὸς,
2731 3780 2830 3850 οὐχ
2859 3779 2938 3831 ὲνὶ
2982 3779 3172 3848 κόσμῳ
3229 3777 3537 3848 σύμμετρον
3580 3776 3680 3849 τὴν

2101 3873 2389 3944 ποιητικὴν
2419 3872 2556 3942 ἔχων
2578 3871 2826 3943 δύναμιν.
2861 3871 2974 3925 ἀλλ’
3033 3872 3113 3934 εἰς
3157 3871 3216 3924 τὸ
3256 3869 3681 3940 ἀπειφπλάσισν

2100 3965 2554 4036 ὑπερϐαίνουσαν,
2605 3967 2672 4036 τῇ
2733 3966 2872 4035 ῥοπῇ
2919 3962 3015 4036 τοῦ
3065 3962 3367 4033 θελήματος
3409 3961 3547 4032 μόνῃ
3597 3962 3681 4025 είς

2099 4057 2158 4112 τὺ
2189 4033 2327 4112 είναι
2364 4033 2746 4130 παρήγαγεντά
2773 4033 2976 4128 μεγέθη
2992 4033 3121 4110 ⁸τῶν
3145 4054 3458 4126 ὁρωμένων.
3484 4055 3548 4107 Et
3583 4049 3677 4107 οὖν

2099 4149 2194 4203 καὶ
2235 4149 2409 4222 ἀρχὴν
2462 4148 2574 4219 ἔχει
2607 4149 2635 4201 6
2659 4148 2883 4219 κόσμος,
2916 4147 3010 4200 καὶ
3045 4147 3356 4215 πεποίηται,
3382 4143 3554 4215 ζήτει,
3593 4143 3680 4208 τίς

2096 4243 2125 4294 6
2160 4241 2256 4312 τὴν
2315 4241 2427 4312 (2³2)
2468 4241 2646 4312 ἀρχὴν
2702 4239 2852 4310 αὐτῷ
2892 4239 3036 4303 δοὺς,
3071 4238 3164 4291 καὶ
3214 4237 3300 4302 τίς
3344 4239 3373 4291 6
3427 4237 3676 4307 ποιητής.

2097 4331 2314 4387 Μᾶλλον
2363 4333 2441 4398 δὲ,
2477 4332 2565 4385 ἵνα
2597 4331 2670 4402 μὴ
2727 4331 3089 4401 ἀνθρωπίνοις
3113 4329 3397 4400 λογισμοῖς
3433 4327 3678 4398 ἐκζητῶν

2098 4428 2464 4497 παρατραπῇς
2504 4443 2607 4478 που
2645 4426 2744 4496 τῆς
2796 4424 3076 4494 ἀληθείας,
3124 4423 3434 4494 προέφθασε
3484 4424 3550 4492 τῇ
3601 4420 3679 4472 δι-

2095 4517 2383 4589 δασκαλίᾳ,
2430 4519 2592 4571 οἱονεὶ
2649 4517 2920 4590 σφραγῖδα
2977 4518 3072 4571 καὶ
3137 4515 3503 4587 φυλακτήριον
3554 4515 3676 4577 ταῖς

498 4657 610 4752 (ίῇ
663 4656 1548 4752 §ic‘l_iegii"primusnetseptimus
1582 4681 1706 4752 cum
1735 4666 1978 4752 Qombel'.
2015 4673 2059 4728 D
2088 4671 2190 4752 legi
2218 4681 2470 4752 oportere
2503 4673 2584 4752 ὅτι
2611 4671 2870 4752 divinavit
2906 4669 3201 4752 Mor-Aelius;
3253 4679 3307 4722 et
3357 4667 3429 4752 ita
3467 4667 3520 4752 in
3557 4667 3674 4720 edi-

416 4743 612 4809 etcum
666 4738 893 4798 utroque
945 4733 1110 4791 Coisl.
1168 4733 1344 4789 Etlitio
1397 4734 1569 4792 Paris.
1613 4739 1675 4790 Οἱ
1722 4739 1822 4809 μὲν
1871 4739 1980 4808 γὰρ

414 4803 534 4865 τάς,
561 4813 666 4851 non
709 4811 874 4855 recte.

491 4868 602 4948 (ib)
639 4867 854 4948 ltatres
885 4887 1015 4927 mss.
1045 4875 1204 4928 Deest
1237 4874 1335 4945 μέν
1366 4875 1416 4929 in
1446 4875 1609 4948 editis
1640 4887 1693 4931 et
1724 4878 1775 4932 in
1805 4878 1994 4948 aliqui-

416 4941 519 4997 bus
544 4939 670 4995 inss.
706 4939 906 4996 Ibidem
944 4959 1037 4998 sex
1073 4960 1200 4998 mss.
1232 4939 1352 4998 cum
1394 4946 1632 5003 editione
1672 4948 1833 5003 Basil.
1869 4939 1994 5003 συν-

419 5013 623 5067 ιόντων.
655 5009 829 5065 Editio
849 5011 1020 5071 Paris.
1050 5015 1356 5068 συνιέντων.

490 5081 720 5157 (ιηβιο
747 5092 1119 5157 septe_m__mss_.
1150 5083 1521 5157 przeteriBodl.
1551 5087 1640 5157 qui
1673 5102 1798 5143 mox
1830 5088 1993 5144 habet

417 5149 852 5241 ὑπερτιθέμενοι.
885 5153 1064 5241 Editio
1084 5149 1256 5240 Paris.
1283 5156 1376 5241 καί
1403 5156 1510 5230 γὰρ
1527 5149 1704 5241 52.2w.“
1773 5228 1784 5240 .

487 5220 600 5349 818)
633 5220 780 5276 linus
807 5239 908 5280 ms.
934 5223 1009 5288 ὡς
1038 5224 1104 5280 ἂν
1123 5225 1296 5296 τύχοι.
1332 5220 1450 5280 Μοί
1473 5220 1639 5284 editio
1665 5226 1836 5282 Paris.
1859 5228 1993 5282 ἀπα-

400 5324 403 5331 -
415 5298 682 5419 1:282:23:
712 5292 890 5350 Editio
920 5310 1048 5351 veto
1082 5295 1246 5352 Basil.
1280 5306 1335 5352 et
1355 5301 1461 5353 duo
1496 5299 1648 5370 Regii
1683 5314 1813 5354 mss.
1846 5300 1990 5369 ἡπα-

415 5382 551 5419 τηυη
561 5382 680 5417 σαν.

450 5384 738 5507 "milia
779 5433 943 5489 editio
971 5433 1140 5492 Basil.
1167 5453 1288 5494 cum
1337 5439 1522 5494 multis
1561 5455 1692 5496 mss.
1727 5439 1796 5494 At
1823 5439 1990 5495 editio

417 5505 591 5561 Puris.
614 5505 708 5576 καὶ
739 5507 919 5576 ἡμεῖς.

490 5574 825 5650 (εθμῗυεὶὶρε
856 5578 960 5650 duo
983 5576 1274 5650 Cplbertini
1307 5588 1361 5633 et
1392 5579 1539 5650 Reg.
1572 5589 1757 5633 sextus
1798 5579 1987 5650 ἐποίη-

419 5645 511 5700 σεν
534 5647 562 5699 6
587 5645 721 5707 Θεὸς
744 5645 834 5698 τὸν
859 5646 1085 5720 οὐρανὸν
1107 5649 1201 5702 καὶ
1224 5648 1323 5720 τήν
1348 5645 1612 5720 γῆν.ἸΙοο
1641 5651 1755 5718 ipso
1785 5652 1834 5704 in
1870 5645 1989 5705 loco

421 5726 644 5790 recte_e_t
676 5717 962 5790 emendate
1012 5718 1067 5771 in
1103 5717 1376 5790 veteribus
1408 5717 1732 5790 editionibus
1771 5720 1986 5790 legeba-

421 5798 529 5851 tur,
556 5787 620 5838 τι
651 5784 819 5854 καλής
852 5787 972 5854 sed,
1001 5798 1060 5842 ut
1087 5789 1265 5846 verbis
1291 5799 1411 5846 utar
1433 5788 1766 5858 Combelisii,
1800 5784 1898 5862 p'ro
1930 5790 1986 5843 τί

2093 4741 2265 4796 tione
2293 4741 2466 4796 Paris.
2514 4743 2781 4795 etlcutlnm
2823 4741 3051 4795 curavit.
3087 4741 3286 4792 Sanam
3340 4746 3394 4791 et
3436 4746 3673 4790 veterem

2091 4813 2414 4880 scripturam
2441 4811 2493 4864 τί
2524 4814 2725 4880 pariter
2753 4827 2874 4864 cum
2909 4809 3237 4865 editionibus
3275 4807 3674 4877 antiquioribus

2093 4889 2315 4935 tuentur
2340 4892 2393 4936 et
2428 4881 2582 4936 Bodl.
2615 4891 2669 4935 et
2695 4881 2862 4934 nostri
2904 4890 3028 4934 octo
3055 4895 3183 4932 mss.

2165 4952 2474 5027 (ευ-Βεε.Δ
2500 4961 2696 5027 Δεειςιιιε
2734 4951 2970 5027 ἄναρχον
3003 4948 3230 5027 οίηθῶσι
3277 4947 3482 5027 ταύτην
3505 4947 3671 5027 τινές.

2094 5017 2221 5085 Sed,
2257 5017 2356 5075 nisi
2394 5017 2547 5076 v'alde
2575 5021 2752 5080 l‘allor,
2785 5017 3244 5075 ita'emendatum
3278 5029 3362 5072 est
3389 5017 3457 5070 ab
3485 5017 3667 5085 aliquo

2092 5091 2358 5152 Graeculo,
2403 5101 2462 5145 ut
2502 5107 2604 5146 vox
2661 5090 2869 5161 ταύτην
2919 5091 2998 5161 ad
3035 5104 3222 5142 vocem
3277 5087 3670 5161 praecedentem

2093 5161 2453 5238 κοσμοποιίαν
2493 5162 2682 5216 referri
2713 5157 3138 5238 μυθέαι-..Νείλῳ
3175 5169 3360 5212 tamen
3409 5157 3667 5238 emenda-

2098 5227 2248 5287 tione
2299 5233 2404 5285 ulla
2435 5247 2570 5300 opus
2599 5227 2736 5286 erat.
2779 5230 3011 5284 Basilius
3054 5227 3254 5300 igitur,
3302 5242 3422 5300 meo
3453 5227 3668 5300 quidem

2089 5302 2316 5375 judicio,
2349 5318 2452 5375 non
2476 5297 2701 5375 scripsit
2729 5301 2968 5375 ταύτην.-
2991 5297 3304 5375 εεάήαὺτόν,
3336 5299 3414 5351 uti
3471 5297 3674 5375 habent

2093 5369 2223 5427 editi
2257 5383 2314 5427 et
2360 5371 2554 5440 reliqui
2589 5369 2719 5426 mss.
2755 5369 3100 5440 Respiciebat
3138 5369 3282 5426 enim
3308 5377 3495 5440 orator
3523 5369 3666 5433 Opti-

2095 5458 2216 5496 mus
2243 5443 2310 5496 ad
2340 5437 2524 5496 vocem
2556 5441 2781 5512 κόσμος,
2834 5437 2900 5494 ei
2934 5455 3039 5511 qua
3093 5437 3420 5494 vocabulum
3465 5450 3668 5505 κοσμο-

2099 5513 2254 5567 ποιία
2279 5513 2639 5580 componitur.

2171 5583 2299 5656 (‘22)
2319 5574 2415 5656 Sic'
2434 5583 2601 5636 codex
2635 5579 2879 5636 Combel‘.
2915 5590 2970 5634 et
2993 5575 3377 5656 ttterqtte_Dttc.
3399 5585 3474 5656 _et
3497 5574 3656 5656 Dedi.

2097 5644 2219 5710 cum
2255 5644 2376 5706 aliis
2407 5661 2640 5722 quatuor
2692 5666 2821 5722 mss.
2851 5659 3070 5722 etcum
3117 5644 3356 5722 editione
3398 5646 3560 5703 Basil.
3598 5644 3671 5700 At

2095 5726 2258 5782 editio
2282 5715 2460 5779 Paris.
2494 5737 2616 5778 cum
2647 5719 2857 5792 Anglic.
2895 5715 3138 5792 ζητεῖται
3166 5719 3194 5772 6
3217 5717 3340 5788 τήν.
