4082 6218
437 338 473 394 9
1569 341 1849 399 HOMILIA
1889 345 1910 399 Ι
1950 345 2012 399 IN
2053 346 2550 405 HEXAEMERON.
3602 357 3671 415 ιο

436 460 635 529 ψυχαῖς
679 458 842 549 ὴμῶν
880 458 1140 549 -ὲμῦαλὼν
1187 461 1248 515 τὸ
1291 462 1657 535 πολυτίμητον
1695 466 1864 537 ὄνομα
1898 467 2010 535 (2⁸5)

2125 470 2341 540 sigillam
2392 484 2447 527 et
2497 474 2797 530 antidotum
2840 474 2893 530 in
2922 474 3116 530 animis
3150 476 3355 533 nostris
3389 477 3669 549 imprimit,

437 548 529 601 τοῦ
555 546 711 610 Θεοῦ,
764 547 951 600 εἰπών’
1009 550 1111 603 Ἐν
1136 550 1293 620 ἀρχῇ
1332 553 1674 622 ἐποίησενό
1715 559 1877 623 Θεός.
1947 559 2011 610 Ἡ

2125 563 2340 620 licens:
2387 566 2455 621 In
2481 567 2735 635 principio
2775 567 2895 634 fecit
2928 567 3085 622 Deus.
3127 566 3289 622 Beata
3323 546 3542 635 natura,
3585 546 3670 625 in;

442 638 688 711 μακαρία
736 638 978 710 φύσις,ή
1030 640 1256 711 ἄφθονος
1302 645 1591 716 ἀγαθότης,
1644 648 1706 700 τὸ
1733 649 2011 719 ἀγαπητὸν

442 731 574 782 πᾶσι
599 732 710 792 τοῖς
736 731 892 799 λόγου
926 732 1293 802 μετειληφόσι,
1317 737 1377 788 τὸ
1405 738 1773 809 πολυπόθητον
1797 740 2009 805 κάλλος,

439 820 472 888 ὴ
504 819 649 888 ἀρχὴ
667 818 775 871 τῶν
795 818 983 881 ὅντων,
1018 822 1052 891 ὴ
1083 823 1232 893 πηγὴ
1255 824 1355 894 τῆς
1382 824 1544 896 ζωῆς,
1571 827 1633 879 τὸ
1654 828 1837 898 νοερὸν
1873 830 2009 897 φῶς,

440 908 475 979 ἡ
502 908 789 979 ἀπρόσιτος
845 911 1026 979 σοφία,
1066 906 1219 975 οὗτος
1268 914 1582 981 Ἐποίησεν
1616 918 1686 970 ἐν
1720 919 1877 988 ἀρχῇ
1908 898 2015 974 zei-

442 999 702 1068 οὐρανὸν
726 999 825 1052 καὶ
852 1000 967 1067 τὴν
991 1001 1125 1070 γῆν.

513 1093 564 1146 3.
599 1092 689 1161 Μὴ
718 1087 809 1145 οὖν
828 1091 1035 1162 ἄναρχα
1068 1093 1361 1161 φαντάξου,
1385 1095 1659 1166 ἄνθρωπε,
1701 1099 1766 1152 τά
1806 1099 2016 1171 ὁρώμε-

442 1198 527 1242 να,
568 1181 723 1251 μηδὲ,
760 1183 945 1253 ἐπειδὴ
978 1183 1204 1235 κυκλόσε
1230 1185 1621 1255 περιτρέχειτὰ
1643 1190 1762 1240 κατ’
1788 1190 2016 1260 οὐρανὸν

445 1272 806 1343 κινούμενα,ὴ
843 1274 900 1325 δὲ
934 1274 1026 1326 τοῦ
1048 1275 1245 1327 κύκλου
1280 1277 1418 1346 ἀρχὴ
1441 1280 1504 1347 τῇ
1532 1280 1803 1350 προχείρῳ
1829 1281 2018 1351 aio-0f]-

447 1378 529 1412 σει
569 1362 723 1431 ἡμῶν
755 1364 855 1415 οὑκ
880 1362 1163 1431 εὔληπτος,
1196 1365 1428 1436 ἄναρχον
1467 1362 1607 1420 εἶναι
1640 1371 1866 1442 νομίσῃς
1909 1370 2017 1423 τῶν

444 1453 853 1523 κυκλοφορικῶν
891 1456 1154 1524 σωμάτων
1184 1457 1280 1527 τὴν
1336 1456 1513 1525 φύσιν.
1539 1459 1671 1511 Οὐδὲ
1704 1459 1813 1531 γὰρ
1863 1463 1891 1513 ὁ
1918 1463 2018 1516 κύ-

445 1544 573 1606 κλος
611 1539 782 1607 οὗτος,
832 1546 893 1597 τὸ
936 1547 1188 1600 ἐπίπεδον
1224 1548 1367 1616 λέγω
1423 1551 1606 1619 σχῆμα
1643 1551 1702 1603 τὸ
1733 1553 1836 1606 ὑπὸ
1892 1557 2019 1624 μιᾶς

444 1634 708 1704 γραμμῆς
758 1635 1161 1705 περιεχόμενον,
1211 1638 1397 1709 ἐπειδὴ
1444 1639 1722 1709 διαφεύγει
1751 1643 1862 1713 (24)
1920 1646 2019 1717 τὴν

446 1723 715 1793 ἡμετέραν
746 1726 1012 1797 αἴσθησιν,
1035 1727 1128 1779 καὶ
1147 1726 1267 1780 οὔτε
1293 1730 1411 1783 ὅθεν
1429 1730 1629 1801 ἤρξατο
1643 1732 1883 1805 ἐξευρεῖν
1907 1735 2017 1808 (25)

444 1811 735 1883 δυνάμεθα,
762 1813 883 1867 οὔτε
911 1818 990 1879 εἰς
1023 1816 1051 1869 ὃ
1088 1819 1403 1889 κατέληξεν.
1428 1822 1526 1892 ἤδη
1560 1818 1652 1875 καὶ
1681 1824 1914 1897 ἄναρχον
1932 1829 2023 1880 αὐο

444 1903 537 1956 τὸν
568 1904 848 1975 ὀφείλομεν
880 1906 1244 1961 ὑποτίθεσθαι.
1290 1910 1448 1963 Ἀλλὰ
1496 1912 1599 1965 κᾶν
1638 1913 1736 1985 τὴν
1768 1916 2019 1987 αἴσθησιν

446 1994 732 2067 διαφεύγῃ,
778 1999 843 2067 τῇ
881 2013 944 2064 γε
992 1997 1217 2070 ἀληθείᾳ
1246 2001 1463 2064 πάντως
1504 2003 1612 2056 ἀπό
1642 2022 1783 2070 τινος
1814 2009 2018 2079 ἧρξατο

444 2085 697 2159 ὁκέντρῳ
729 2090 822 2142 καὶ
843 2089 1169 2160 διαστήματι
1199 2110 1302 2146 τινι
1328 2096 1673 2166 περιγράψας
1706 2100 1885 2154 αὐτόν.
1918 2101 2021 2153 0‘3-

447 2193 524 2230 τω
555 2178 648 2231 καὶ
682 2180 744 2232 σὺ
784 2179 878 2250 μὴ,
904 2181 1090 2252 ἐπειδὴ
1144 2184 1224 2245 είς
1261 2186 1431 2237 ἑαυτὰ
1474 2188 1715 2241 συννεύει
1740 2190 1810 2243 τὰ
1838 2191 2020 2263 κύκλῳ

446 2270 762 2342 κινούμενα,
788 2273 848 2325 τὸ
870 2273 969 2341 τῆς
1007 2276 1272 2344 κινήσεως
1319 2277 1498 2330 αὐτῶν
1525 2280 1745 2349 ὁμαλὸν,
1794 2284 1889 2335 καὶ
1920 2302 2020 2354 μη-

445 2362 557 2415 δενὶ
593 2363 740 2432 μέσῳ
768 2362 878 2433 (26)
917 2365 1359 2436 διακοπτόμενον,
1397 2371 1494 2440 τὴν
1524 2372 1619 2423 τοῦ
1654 2372 1887 2445 ἄναρχον
1929 2377 2021 2430 τὸν

450 2455 651 2525 κόσμον
699 2456 794 2509 καὶ
827 2456 1179 2527 ἀτελεύτητον
1206 2456 1342 2512 εἷναί
1380 2478 1460 2514 σοι
1493 2462 1699 2535 πλάνην
1730 2468 2021 2534 ἐγκαταλί-

452 2561 546 2619 πῃ.
575 2546 828 2614 Παράγει
858 2548 967 2616 γὰρ
1002 2548 1070 2601 τὸ
1119 2549 1329 2618 σχῆμα
1380 2553 1486 2607 τοῦ
1518 2556 1750 2623 κόσμου
1785 2559 2018 2613 τούτου·

452 2639 563 2698 καὶ,
623 2637 685 2690 '0
729 2640 983 2705 οὐρανὸς
1034 2640 1132 2693 καὶ
1185 2643 1221 2708 ἡ
1266 2641 1341 2710 γῆ
1376 2647 1850 2710 παρελεύσονται
1884 2648 2018 2719 (27).

452 2728 912 2801 Προαναφὼνησις
931 2730 1038 2783 τῶν
1075 2732 1203 2803 περὶ
1238 2734 1547 2797 συντελείας
1593 2736 1877 2807 δογμάτων
1927 2741 2022 2794 καὶ

454 2821 581 2892 περ)¹
618 2822 720 2891 τῆς
751 2822 845 2875 τοῦ
880 2823 1083 2893 κόσμου
1128 2827 1557 2897 μεταποιήσεως,
1583 2829 1650 2882 τά
1678 2829 1771 2882 νῦν
1802 2832 1859 2883 ἐν
1893 2832 2022 2903 βρα-

452 2912 569 2982 χέσι
610 2916 747 2968 κατά
797 2915 895 2984 τὴν
943 2916 1277 2986 στοιχείωσιν
1330 2919 1429 2988 τῆς
1478 2919 1835 2975 θεοπνεύστου
1879 2924 2023 2978 διδα-

455 3006 677 3070 σκαλίας
714 3008 1131 3078 παραδιδόμενα.
1164 3010 1264 3062 Ἐν
1291 3009 1447 3078 ἀρχῇ
1482 3012 1767 3080 ἐποίησεν
1795 3018 1827 3068 ὀ
1857 3018 2018 3084 Θεός.

2118 670 2250 724 gens
2278 658 2509 723 bonitas,
2538 659 2767 727 idipsum
2804 660 2942 726 quod
2971 658 3220 713 omnibus
3254 660 3477 715 rationis
3506 662 3673 729 parti-

2115 748 2322 816 cipibus
2352 760 2437 803 est
2462 744 2711 815 amabile,
2730 749 3070 818 pulchritudo
3097 751 3250 805 valde
3279 750 3670 818 desiderabilis,

2113 851 2297 890 eorum
2324 852 2441 905 quae
2471 838 2733 892 exsistunt
2786 839 3139 908 principium,
3168 838 3289 893 fons
3318 840 3441 893 vitae
3462 880 3477 906 ,
3510 841 3672 909 spiri-

2118 926 2278 981 tualis
2317 926 2427 991 lux,
2476 928 2739 995 sapientia
2802 930 3097 994 inaccessa,
3150 928 3271 993 hic,
3321 928 3386 983 In
3415 931 3672 1001 principio

2115 1016 2236 1086 fecit
2272 1019 2455 1072 caelum
2486 1029 2532 1073 et
2566 1030 2776 1074 terram.

2184 1111 2239 1165 5.
2282 1110 2358 1164 Ne
2384 1112 2545 1181 igitur
2565 1113 2793 1183 cogites,
2830 1128 2863 1165 ο
2884 1113 3063 1176 homo,
3090 1127 3149 1167 ea
3181 1127 3299 1182 quae
3326 1112 3670 1183 conspiciun.

2120 1213 2222 1266 tur,
2256 1205 2520 1273 principio
2554 1220 2740 1259 carere
2772 1223 2785 1258 :
2822 1214 2876 1259 et
2904 1209 3029 1275 quia
3059 1220 3121 1259 ea
3152 1220 3271 1273 qua:
3308 1204 3358 1259 in
3394 1204 3529 1259 caelo
3563 1220 3678 1257 mo—

2118 1305 2330 1355 ventur.
2393 1298 2835 1366 circumaguntur
2884 1296 3226 1363 circulatim,
3278 1296 3571 1365 circuliun
3624 1294 3680 1360 ὦ

2119 1385 2434 1455 principium
2466 1397 2713 1455 prompto
2751 1402 2909 1441 sensu
2952 1403 2981 1439 a
3018 1385 3169 1440 nobis
3205 1385 3408 1455 percipi
3450 1399 3555 1438 non
3586 1399 3679 1451 po-

2121 1484 2246 1539 test,
2284 1490 2349 1529 ne
2378 1475 2578 1529 idcirco
2606 1488 2852 1528 naturam
2873 1492 3057 1529 eorum
3083 1490 3365 1543 corporum
3394 1488 3515 1543 quae
3536 1473 3681 1527 orbi-

2119 1565 2340 1620 culatim
2362 1576 2646 1619 moventur
2671 1568 2945 1633 putaveris
2968 1566 3217 1635 principii
3238 1579 3358 1619 esse
3381 1571 3678 1632 expertem.

2122 1656 2303 1724 Neque
2328 1657 2469 1709 enim
2522 1656 2776 1710 circulum
2824 1656 2963 1710 hunc
2998 1655 3249 1725 (ﬁguram
3303 1656 3421 1710 dico
3461 1655 3679 1725 planam

2122 1760 2225 1798 una
2282 1743 2415 1798 linea
2455 1745 2974 1816 circumscriptam),
3025 1746 3279 1827 quoniam
3330 1760 3547 1801 sensum
3590 1762 3685 1800 no-

2122 1844 2292 1889 strum
2346 1834 2531 1904 eﬂ‘ugit
2557 1876 2572 1901 ,
2609 1847 2701 1888 aut
2731 1838 2984 1906 quoniam
3040 1851 3212 1906 neque
3246 1838 3393 1914 unde.
3432 1837 3679 1907 coeperit,

2123 1938 2295 1993 neque
2327 1925 2376 1977 in
2410 1925 2533 1993 quid
2567 1925 3037 1979 desinatinvenire
3076 1916 3379 1996 possumus,
3417 1926 3678 1980 continuo

2120 2025 2175 2070 et
2199 2015 2446 2085 principii
2474 2027 2741 2069 exsortem
2768 2032 2884 2072 esse
2907 2015 3142 2072 statuere
3157 2017 3432 2072 debemus.
3459 2017 3683 2083 Verum,

2123 2109 2335 2163 tametsi
2368 2124 2581 2163 sensum
2625 2109 2791 2180 fugit,
2826 2126 3011 2164 revera
3043 2120 3220 2164 tamen
3256 2111 3475 2165 omnino
3513 2112 3682 2177 ccepit

2121 2213 2149 2252 a
2182 2201 2432 2271 quopiam
2461 2240 2477 2263 ,
2508 2201 2599 2267 qui
2645 2215 2767 2254 eum
2823 2210 3011 2254 centro
3046 2212 3100 2257 et
3146 2201 3685 2277 quodamintervallo

2123 2290 2628 2359 circumscripserit.
2660 2290 2749 2346 Sic
2781 2304 2835 2347 et
2870 2304 2947 2357 tu,
2975 2294 3230 2362 quoniam
3264 2308 3384 2361 qua:
3420 2293 3472 2345 in
3499 2292 3683 2346 orbem

2121 2390 2427 2443 versantur,
2455 2382 2641 2435 eodem
2680 2384 2928 2449 redeunt,
2962 2399 3029 2437 nc
3059 2384 3127 2437 ob
3162 2385 3295 2437 hanc
3332 2392 3507 2437 motus
3536 2380 3683 2451 ipso-

2125 2487 2243 2525 rum
2300 2473 2724 2540 aequahiiitalcm
2776 2474 2922 2527 nullo
2976 2474 3265 2529 interstitio
3306 2474 3681 2541 interruptam,

2122 2559 2257 2615 falso
2285 2560 2591 2624 arbitreris,
2630 2562 2884 2614 mundum
2912 2562 3172 2631 principio
3203 2576 3267 2615 ac
3301 2561 3405 2614 line
3434 2560 3675 2613 destitui.

2125 2650 2332 2705 Transit
2360 2653 2493 2705 enim
2520 2653 2689 2720 ﬁgura
2712 2654 2867 2721 hujus
2886 2654 3067 2705 mundi
3084 2652 3124 2707 ⁸.
3149 2651 3233 2717 Et,
3257 2650 3456 2707 Caelum
3473 2661 3519 2703 et
3539 2660 3684 2703 terra

2122 2743 2415 2794 transibunt
2434 2742 2474 2794 °.
2518 2743 2645 2807 Quae
2684 2756 2824 2795 nunc
2853 2741 3085 2796 breviter
3113 2742 3264 2795 initio
3307 2741 3565 2795 doctrinm
3600 2741 3682 2793 di-

2122 2834 2319 2888 vinitus
2364 2833 2634 2902 inspirata:
2673 2833 2971 2898 trmlnutur,
3027 2832 3276 2901 dogmata
3317 2830 3383 2885 de
3429 2844 3683 2884 consum-

2125 2925 2381 2987 matione,
2409 2924 2580 2991 deque
2616 2921 2795 2975 mundi
2822 2923 3197 2974 immutatione
3231 2921 3568 2990 praecinunt:
3604 2916 3672 2971 In

2122 3017 2380 3086 principio
2417 3017 2538 3083 fecit
2568 3014 2726 3068 Deus.
2768 3015 2897 3081 Quae
2925 3029 2953 3065 a
2987 3021 3227 3079 tempore
3268 3011 3478 3065 initium
3519 3009 3688 3063 duxe-

452 3099 531 3151 T:lt
551 3099 656 3151 ἀπὸ
679 3099 869 3170 χρόνου
902 3099 1187 3182 ἀρξάμενα
1221 3103 1369 3154 πᾶσα
1395 3103 1603 3174 ἀνάγκη
1637 3106 1727 3158 καὶ
1760 3106 1817 3159 ἐν
1849 3108 2021 3181 χρόνῳ

2128 3116 2271 3171 runt,
2305 3121 2366 3158 ea
2397 3104 2449 3157 in
2477 3113 2715 3172 tempore
2737 3104 2898 3156 etiam
2934 3114 3155 3154 necesse
3178 3108 3261 3153 est
3282 3098 3503 3153 omnino
3526 3097 3689 3151 inter-

455 3191 879 3261 συντελεσθῆναι.
898 3193 958 3244 El
982 3193 1096 3261 (28)
1126 3193 1300 3264 ἀρχὴν
1359 3193 1469 3264 ἔχει
1499 3197 1773 3266 χρονικὴν,
1807 3197 1880 3268 μὴ
1908 3201 2017 3268 ἀμ-

455 3282 687 3353 φιϐάλῃς
721 3284 844 3353 περὶ
898 3283 991 3336 τοῦ
1035 3284 1241 3347 τέλους.
1291 3285 1624 3355 Γεωμετρίαι
1656 3288 1763 3359 γὰρ
1786 3291 1877 3342 καὶ
1902 3293 2021 3363 ἀρι-

455 3373 717 3443 θμητικαὶ
750 3375 984 3445 μέθοδοι,
1010 3377 1104 3428 καὶ
1134 3377 1329 3447 αἱπερὶ
1350 3377 1459 3430 τῶν
1504 3378 1737 3448 στερεῶν
1767 3397 2024 3451 πραγμα-

455 3467 613 3525 τεῖαι,
640 3465 733 3518 καὶ
777 3467 810 3534 ἡ
830 3466 992 3518 πολυο
1004 3466 1259 3538 ρύλλητος
1296 3468 1644 3539 ἀστρονομία.
1674 3471 1706 3538 ἡ
1735 3470 2027 3543 πολυάσχο-

454 3553 543 3617 λος
604 3556 921 3624 ματαιότης,
975 3557 1109 3627 πρὸς
1158 3560 1304 3610 ποῖον
1358 3559 1790 3630 καταστρέφουσι
1839 3562 2019 3628 τέλος;

455 3645 627 3716 Εἴπερ
668 3648 715 3698 οἱ
760 3649 887 3718 περὶ
930 3648 1101 3701 ταῦτα
1130 3648 1527 3713 ἐσπουδακότες
1585 3652 1853 3705 συναῖδιον
1886 3649 2024 3709 εἶναι

455 3734 531 3804 τῷ
575 3737 767 3810 κτίστῃ
818 3737 926 3791 τῶν
958 3738 1093 3791 ὅλων
1131 3739 1248 3809 Θεῷ
1291 3741 1385 3793 καὶ
1414 3741 1505 3793 τὸν
1542 3740 1815 3812 ὁρώμενον
1839 3745 2024 3799 τοῦτον

455 3828 657 3898 κόσμον
680 3829 1055 3901 διενοήθησαν,
1099 3831 1235 3902 πρὸς
1274 3832 1371 3901 τὴν
1407 3831 1577 3903 αὐτὴν
1607 3833 1767 3898 δόξαν
1793 3837 2022 3904 ἀγαγόν-

526 3939 548 3970 ⁵
578 3939 743 3994 lCor.
774 3956 869 4003 vn,
896 3941 984 3995 51.
1063 3941 1083 3972 ⁸
1112 3940 1300 3996 Matth.
1334 3959 1481 4005 xxw,
1505 3942 1594 3996 55.

527 4058 640 4126 (2'5)
676 4056 823 4111 C0").
883 4060 1149 4112 secundus
1200 4058 1495 4129 πολύτιμον
1532 4060 1737 4129 ὄνομα.
1783 4057 1905 4129 Nec,
1950 4059 2023 4113 ita

456 4129 624 4182 multo
655 4138 772 4191 post
798 4130 935 4180 idem
966 4131 1133 4181 codex
1166 4145 1285 4181 cuin
1315 4128 1556 4183 Coinbef.
1581 4128 1641 4184 τὸ
1673 4128 2023 4197 ἀγαπητὸν...

457 4198 692 4265 ἀξίωμα,
722 4198 969 4267 gnoiestas
986 4200 1243 4252 amabilis.
1282 4200 1477 4251 Ibidem
1507 4214 1645 4252 unus
1678 4198 1809 4265 Reg.
1848 4216 2027 4267 μετει-

457 4266 665 4338 ληχόσι.
722 4265 860 4318 lnl'ra
892 4264 1042 4338 Bodl.
1084 4283 1220 4338 cum
1252 4268 1410 4321 editis
1459 4268 1646 4338 ἐπειδὴ
1704 4264 1890 4336 κύκλῳ
1941 4284 2021 4323 σε.

460 4336 623 4407 Cois].
658 4338 923 4389 secundus
944 4337 1001 4388 ὲν
1029 4337 1213 4407 κύκλῳ
1229 4354 1309 4401 σε,
1343 4338 1549 4392 duabus
1582 4336 1761 4391 itidem
1781 4338 2022 4391 vocibus.

461 4403 531 4457 At
570 4404 697 4471 Reg.
730 4414 918 4458 sextus
948 4409 1101 4458 unica
1137 4403 1264 4461 voce
1310 4407 1555 4460 κύκλωσε
1588 4427 1600 4461 :
1643 4408 1735 4461 sed
1782 4408 2026 4461 scriben-

460 4475 607 4537 dum,
640 4475 688 4525 ni
727 4474 896 4532 fallor.
931 4474 1181 4540 κυκλόσε,
1211 4492 1312 4529 non
1339 4477 1603 4533 κύκλωσε.

540 4543 653 4617 (24)
684 4542 826 4617 Editi
875 4543 1159 4617 διαιρεύγῃ.
1187 4546 1255 4599 At
1281 4558 1506 4613 uterque
1540 4548 1671 4617 Duc.
1704 4555 1754 4600 et
1790 4544 1877 4598 alii
1924 4546 2028 4617 duo

464 4611 921 4731 ξηεε.¹διαφεύγει.
953 4611 1146 4668 Statim
1177 4632 1308 4669 mss.
1340 4611 1431 4669 ses
1460 4617 1554 4669 καὶ
1577 4615 1721 4668 οὔτε.
1750 4617 1905 4669 Deest
1933 4614 2026 4667 καί

464 4695 515 4731 In
542 4698 586 4731 ει
612 4692 718 4731 ms.

462 4684 515 4736 in
542 4684 718 4734 editis.

536 4750 653 4823 (ῆῦ)
682 4751 832 4823 Colb.
860 4752 1064 4823 primus
1096 4753 1295 4823 εὑρεῖν.
1316 4753 1452 4823 Mox
1483 4754 1622 4808 idem
1673 4769 1775 4807 ms.
1798 4752 1860 4805 τὸ
1892 4748 2028 4818 εἶδος

463 4816 753 4893 διαφεύγῃ.
782 4816 920 4893 Editi
948 4816 1247 4893 otageufst.
1276 4822 1385 4877 Nec
1418 4827 1487 4875 ita
1519 4825 1686 4879 multo
1728 4831 1849 4893 post
1895 4816 2028 4880 mss.

465 4892 714 4965 quinque
786 4890 1011 4961 κέντρῳ.
1038 4891 1176 4965 Elliti
1200 4896 1227 4945 ὁ
1254 4893 1587 4965 τῷίκέντρῳ.

537 4958 650 5030 (26)
684 4960 777 5031 Sic
801 4958 1035 5031 uterque
1066 4961 1198 5016 Duc.
1228 4958 1548 5031 et'AnglieI
1568 4976 1620 5017 et
1647 4962 1801 5020 Colb.
1836 4978 2027 5018 secun-

466 5025 565 5101 dus
596 5025 717 5082 eum
752 5025 1131 5101 ‘Re‘giis‘primo
1161 5042 1212 5085 et
1257 5025 1466 5101 quinto.
1530 5031 1672 5086 Editi
1722 5049 1842 5087 cum
1874 5033 2028 5087 Colb.

465 5098 637 5168 primo
666 5098 856 5168 μηδενὶ
893 5099 1076 5167 μέσον,
1124 5098 1291 5155 male:
1324 5101 1444 5155 Mox
1496 5104 1660 5156 editio
1710 5101 1870 5156 Basil.
1910 5117 2029 5155 cum

465 5164 615 5241 ρριι).
654 5164 829 5241 primo
858 5164 1249 5241 ἐγκαταλείπῃ,
1286 5171 1415 5234 lleg.
1475 5174 1743 5226 secundus
1802 5175 2035 5240 ἐγκατα-

462 5230 860 5356 ἒξποιᾞΕιιὶιὶο
900 5230 1094 5294 Ῥιιῑίε.
1137 5230 1259 5294 cum
1307 5230 1574 5309 aliquibus
1617 5257 1750 5296 mss.
1804 5230 2037 5311 ἐγκατα-

518 5322 615 5356 πη.

518 5322 615 5359 πη.

668 5374 805 5429 Editi
832 5391 951 5459 cum
970 5376 1103 5459 Reg.
1126 5378 1299 5445 primo
1316 5387 1371 5459 et
1391 5394 1511 5432 cum
1540 5394 1695 5434 sacro
1721 5389 1865 5459 textu
1895 5397 2037 5450 παρ-

468 5440 797 5522 ελεύσονται.
978 5440 1215 5522 quinque
1279 5449 1368 5502 alii
1422 5465 1559 5522 mss.
1593 5440 2034 5522 Δποιρελεύσετοὶι.

471 5511 806 5590 Hamilqnge
833 5511 1225 5590 Bolbipriinus
1263 5517 1696 5590 παραδεδομένα.

540 5580 651 5650 (28)
683 5580 773 5637 Sic
793 5587 954 5640 editio
982 5580 1145 5640 Basil.
1170 5602 1291 5642 cum
1321 5580 1412 5642 s'ex
1456 5580 1587 5642 mss.
1622 5592 1688 5642 At
1726 5589 1890 5643 editio
1924 5588 2025 5641 Pa-

470 5650 566 5727 ris.
596 5653 825 5727 eljjcip.
871 5655 987 5727 Mox
1036 5658 1272 5727 quinque
1320 5673 1453 5711 mss.
1499 5658 1833 5727 ἀμφιϐάλῃς.
1885 5658 2023 5711 Editi

467 5722 830 5795 ἀμφιδάλλῂς.
863 5725 1011 5793 Quod
1036 5722 1109 5782 ait
1132 5722 1505 5793 Cdmbeﬁsius,
1541 5722 1681 5783 hanc
1722 5722 1902 5783 Basilii
1932 5730 2023 5783 do-

2124 3199 2223 3253 ire.
2254 3198 2308 3251 Si
2338 3195 2635 3264 temporale
2663 3194 2872 3247 initium
2904 3205 3164 3259 accepere
3184 3228 3199 3253 ,
3252 3202 3317 3242 ne
3364 3188 3574 3242 dubites
3624 3187 3689 3241 de

2125 3291 2251 3343 line.
2283 3287 2418 3341 Nam
2453 3287 2742 3356 geometria
2764 3326 2779 3347 ,
2813 3284 3046 3336 rationes
3092 3280 3478 3345 arithmeticae,
3514 3280 3690 3348 inqui-

2124 3382 2346 3436 sitiooes
2374 3381 2442 3434 de
2478 3379 2662 3433 solidis
2685 3419 2699 3440 ,
2731 3375 3055 3430 astronomia
3095 3375 3228 3427 adeo
3254 3373 3557 3437 decantata,
3590 3386 3689 3425 ne-

2126 3471 2488 3543 gotiosissima
2525 3469 2768 3531 vanitas,
2804 3467 2869 3521 ad
2918 3464 3128 3535 qualem
3171 3463 3330 3517 linem
3384 3459 3691 3517 divertunt?

2127 3560 2404 3629 Siquidem
2452 3560 2710 3614 harumce
2760 3573 2937 3611 rerum
2986 3555 3213 3609 studiosi
3260 3555 3403 3608 hunc
3432 3554 3688 3607 mundum

2123 3652 2389 3707 visibilem
2422 3651 2809 3717 sempiternum
2836 3663 2960 3702 esse
2985 3662 3088 3701 una
3122 3661 3242 3700 cum
3275 3645 3555 3699 conditore
3578 3644 3691 3696 uni-

2124 3728 2405 3798 versorum
2452 3743 2559 3795 Deo
2585 3744 2973 3807 decreverunt;
3016 3740 3213 3793 mundo
3244 3736 3650 3804 circumscripto
3671 3777 3686 3798 ,

2128 3836 2414 3904 eidemque
2462 3849 2658 3902 corpus
2706 3848 2768 3887 ex
2810 3834 3036 3887 materia
3092 3840 3427 3886 compactum
3471 3827 3691 3883 babenti

2131 4061 2358 4116 ctrinam
2402 4059 2531 4113 nihil
2562 4060 2766 4129 ﬁrmam
2795 4074 2926 4129 esse,
2981 4058 3031 4129 id
3066 4066 3267 4129 temere
3303 4056 3506 4111 dictum
3536 4068 3692 4129 puta.

2131 4146 2272 4185 mus.
2303 4130 2475 4184 Causa
2504 4126 2679 4183 autem
2703 4144 2800 4181 cur
2825 4128 2892 4179 ita
2912 4126 3131 4192 iudicet,
3162 4128 3273 4181 haec
3299 4137 3401 4193 est,
3428 4128 3567 4194 quod
3597 4144 3692 4181 att-

2130 4201 2233 4267 geli
2274 4202 2558 4269 animaque
2607 4198 3021 4269 cmperint,iuec
3061 4206 3239 4250 tamen
3272 4197 3396 4269 sint
3429 4212 3689 4269 _unquam

2131 4265 2372 4323 desituri.
2400 4265 2506 4323 Sed
2531 4270 2651 4338 quis
2676 4283 2777 4320 non
2823 4268 2962 4319 videt
2984 4267 3285 4338 i-nmerenti
3321 4265 3519 4320 Basilio
3541 4270 3689 4321 litem

2132 4339 2339 4402 inferri,
2366 4356 2486 4392 cum
2541 4337 2751 4391 Constet
2777 4352 2897 4388 cum
2944 4337 3045 4389 hoc
3093 4337 3210 4388 loco
3238 4352 3339 4387 non
3390 4338 3454 4388 de
3483 4338 3690 4404 angelis

2132 4418 2225 4460 aut
2258 4414 2322 4462 de
2361 4409 2560 4469 anima,
2590 4408 2679 4461 sed
2708 4407 2773 4458 de
2806 4405 2934 4458 solis
2957 4406 3115 4457 rebus
3137 4405 3431 4458 visibilibus
3454 4404 3686 4457 locutum

2133 4477 2336 4532 fuisse?
2358 4478 2532 4545 Ipsum
2557 4476 2869 4545 audiamus:
2891 4475 3199 4545 Siquidem,
3222 4475 3412 4540 inquit,
3442 4473 3690 4526 harumce

2134 4564 2303 4599 rerum
2334 4544 2557 4600 studiosi
2588 4544 2840 4597 visibilem
2880 4544 3015 4594 hunc
3043 4544 3291 4595 mundum
3323 4545 3693 4609 sempiternum

2132 4634 2241 4668 esse
2268 4633 2370 4668 una
2404 4632 2519 4667 cum
2543 4614 2807 4667 conditore
2836 4613 3193 4665 universorum
3216 4612 3320 4664 Deo
3338 4615 3691 4667 decreverunt.

2062 4699 2104 4753 Ι)
2135 4687 2265 4740 Cum
2300 4686 2460 4755 igitur
2489 4684 2661 4755 angeli
2693 4695 2746 4736 et
2769 4684 2956 4755 anima
2976 4696 3069 4748 per
3098 4695 3156 4733 se
3185 4696 3294 4755 non
3311 4683 3420 4755 sint
3442 4691 3681 4749 aspecta-

2134 4758 2285 4811 bilcs.
2321 4751 2417 4809 nec
2437 4754 2604 4806 oculis
2632 4753 2777 4806 cerni
2816 4751 3042 4818 possint,
3074 4764 3244 4816 neque
3266 4753 3330 4803 de
3360 4752 3483 4814 hac,
3523 4766 3695 4819 neque

2136 4828 2200 4878 de
2225 4825 2329 4877 illis
2359 4822 2516 4876 verba
2551 4822 2730 4875 Basilii
2760 4821 2954 4875 debent
2980 4820 3170 4886 accipi.
3202 4819 3248 4872 Is
3276 4820 3463 4873 unicus
3500 4836 3695 4889 scapus

2136 4904 2219 4947 est
2248 4893 2426 4947 Patris
2452 4892 2755 4961 gravissimi
2820 4906 2884 4944 ac
2938 4890 3292 4957 propositum,
3327 4900 3384 4942 ut
3419 4893 3689 4953 ostendat,

2136 4964 2391 5017 mundum
2428 4979 2523 5029 per
2551 4977 2609 5015 se
2636 4971 2688 5014 et
2719 4970 2905 5028 suapte
2929 4968 3113 5011 natura
3140 4970 3395 5029 aeternum
3426 4974 3528 5013 non
3550 4975 3691 5025 esse,

2136 5034 2229 5086 sed
2264 5027 2523 5101 quidquid
2559 5030 2771 5085 visibile
2803 5027 2901 5101 est
2922 5030 2972 5082 in
3007 5027 3203 5101 mundo
3228 5036 3390 5095 atque
3415 5029 3691 5093 sensibile,

2141 5102 2191 5155 id
2219 5096 2377 5155 omne
2404 5096 2733 5167 corruptioui
2787 5098 3085 5167 suhjacere.
3134 5096 3296 5168 lianc
3327 5109 3524 5168 autem
3578 5101 3695 5168 eius

2142 5173 2216 5225 rei
2247 5187 2463 5227 causam
2492 5164 2867 5242 Ba'siliusgipse
2884 5164 3065 5221 statim
3092 5164 3247 5219 aﬂ‘ert
3275 5183 3290 5219 :
3317 5165 3427 5219 Nec
3452 5170 3549 5242 [ioc
3578 5164 3693 5237 qui-

2139 5242 2278 5304 dem,
2311 5242 2502 5308 inquit,
2530 5239 2941 5293 animadvertere
2973 5245 3276 5308 potuerunt,
3323 5239 3460 5305 quod
3491 5254 3693 5308 necesse

2137 5313 2205 5363 sit
2237 5306 2421 5375 toturn,
2448 5310 2599 5377 cujus
2631 5321 2800 5377 partes
2826 5306 3144 5377 corruptioni
3172 5316 3219 5377 et
3258 5307 3536 5377 mutationi
3564 5308 3691 5360 sub-

2129 5380 2333 5449 jm'ent,
2362 5375 2529 5444 ipsum
2559 5375 2761 5447 quoque
2784 5377 3067 5449 aliquando
3102 5375 3285 5449 iisdem
3325 5376 3691 5449 affectionibus

2138 5445 2417 5503 obnoxium
2462 5445 2591 5514 esse,
2618 5445 2769 5517 atque
2798 5446 2949 5517 illius
2980 5454 3169 5517 partes.
3202 5445 3374 5517 __Quod
3401 5461 3691 5514 argumen-

2140 5520 2281 5573 tandi
2322 5534 2490 5589 genus
2541 5512 2809 5587 pace'viri
2855 5514 3149 5589 doctissimi
3186 5512 3413 5589 dixerim
3469 5512 3692 5571 inultum

2130 5582 2614 5643 habere'momenti
2646 5597 2805 5655 atque
2842 5584 3069 5639 roboris.
3095 5582 3347 5655 Basiliam
3376 5597 3589 5642 secutus
3611 5596 3695 5641 est

2130 5658 2470 5723 Ambrosius,
2515 5658 2605 5713 lib.
2637 5674 2653 5712 1
2688 5653 2738 5711 in
2770 5656 3022 5711 Hexaem.
3047 5669 3167 5725 pag.
3193 5653 3247 5718 6,
3278 5671 3425 5710 num.
3466 5656 3551 5710 l0.
