4082 6218
415 407 480 465 H
912 414 937 449 Ι

1796 409 1856 467 S.
1895 410 1979 464 BA
1988 406 2139 464 SILI]
2178 406 2396 464 MAGNI
3613 401 3680 460 i2

411 525 659 587 eamdem
683 524 911 595 gloriam
939 531 1103 596 atque
1131 524 1667 596 incomprehensibili
1709 534 1917 580 natura:
1937 532 1992 578 et

2096 538 2186 585 τες
2252 503 2365 592 (ῖὶ9)
2412 520 2505 574 τὸν
2569 518 3087 591 περιγεγραμμένον
3128 518 3222 572 καὶ
3274 519 3433 590 σῶμα
3482 517 3677 589 ἔχοντα

415 617 673 674 invisibili
713 618 1035 673 tribuentes.
1069 617 1146 673 Ne
1174 620 1279 675 hoc
1308 619 1527 690 quidem
1552 619 1988 674 animadvertere

413 720 748 783 potuerunt,
783 711 925 778 quod
964 724 1187 766 necesse
1228 712 1299 766 sit
1330 722 1384 766 et
1426 722 1596 767 totum
1625 709 1779 779 cujus
1806 722 1990 782 partes

413 802 745 870 corruptioui
771 811 825 857 et
844 803 1126 856 mutationi
1152 803 1457 873 subjacent,
1481 805 1669 859 iisdem
1696 803 1990 874 aliquando

414 891 707 946 obnoxium
755 906 878 946 esse
920 892 1300 949 all'ectionibus
1328 935 1342 959 ,
1375 904 1537 961 atque
1569 894 1739 964 ipsius
1782 902 1984 963 partes.

409 982 516 1037 Sed
542 996 711 1051 usque
751 985 886 1037 adeo
916 982 1254 1038 Evanuerunt
1296 986 1350 1037 in
1398 985 1807 1054 cogitationibus
1842 985 1986 1048 suis,

409 1083 458 1129 et
485 1073 822 1128 obscuratum
853 1084 929 1129 est
958 1076 1209 1145 insipiens
1243 1094 1335 1130 cor
1366 1094 1568 1141 eorum,
1602 1090 1648 1131 et
1673 1080 1902 1134 dicentes
1933 1095 1990 1133 se

408 1183 520 1221 esse
545 1170 806 1236 sapientes
834 1209 848 1231 ,
887 1169 957 1223 ita
996 1169 1150 1223 stulti
1175 1170 1302 1238 facti
1331 1171 1512 1236 sunt',
1554 1180 1611 1223 ut
1637 1170 1729 1223 alii
1770 1172 1986 1239 quidem

410 1255 570 1308 simul
606 1270 727 1309 cum
755 1256 867 1311 Deo
906 1258 1103 1311 uelum
1134 1260 1201 1314 ab
1224 1268 1427 1314 alterno
1460 1261 1724 1314 exsistere
1754 1261 1990 1315 allirma-

412 1351 556 1414 rint;
586 1348 674 1402 alii
708 1363 836 1403 vero
866 1350 994 1405 illud
1024 1351 1196 1414 ipsum
1222 1367 1341 1406 es~e
1376 1352 1540 1407 Deum
1573 1354 1691 1408 sine
1721 1354 1989 1422 principio

413 1453 468 1496 et
489 1443 607 1497 sine
630 1443 755 1504 line,
793 1452 954 1513 atque
983 1446 1392 1513 gubernationis
1433 1463 1613 1502 rerum
1651 1446 1988 1518 singularum

415 1546 633 1587 Causam
669 1547 790 1588 esse
813 1536 1120 1589 Statuerint.

482 1625 537 1680 4.
580 1624 829 1680 Proiecto
855 1626 1041 1682 istbaec
1082 1628 1367 1684 mundana:
1413 1631 1694 1701 sapientiae
1718 1631 1878 1700 copia
1910 1630 1991 1686 eis

413 1717 705 1789 aliquando
759 1721 1265 1777 condemnationem
1335 1732 1579 1779 accerset
1650 1726 1987 1795 graviorem,

411 1809 610 1879 quippe
634 1810 762 1879 quia
794 1811 931 1867 adeo
956 1822 1173 1867 acutum
1209 1814 1261 1867 in
1292 1814 1449 1868 vanis
1474 1814 1633 1869 rebus
1668 1823 1986 1878 cernentes,

2095 612 2299 678 ὑλικὸν,
2347 615 2412 684 τῇ
2458 611 2817 684 ἀπεριλήπτῳ
2862 611 2958 666 καὶ
3017 611 3233 683 ἀοράτῳ
3290 610 3471 681 φύσει,
3529 612 3665 683 μηδὲ

2088 704 2344 758 τοσοῦτον
2369 703 2687 774 δυνηθέντες
2714 701 3053 774 ὲννοηθῆναι,
3096 703 3177 755 ὅτι
3196 695 3255 756 οὗ
3285 702 3509 773 τὰμέρη
3542 700 3678 771 φθο-

2094 800 2216 868 ραῖς
2248 794 2342 849 καί¹
2367 794 2717 849 ἀλλοιώσεσιν
2754 794 3059 857 ὑπόκειται,
3085 791 3276 846 τούτου
3308 794 3404 845 καὶ⁵
3444 790 3507 844 τὸ
3555 792 3681 846 ὅλον

2091 887 2305 960 ἀνάγκη
2333 888 2462 941 ποτὲ
2491 888 2561 940 τὰ
2608 886 2748 940 αὐτά
2779 886 3076 957 παθήματα
3108 889 3219 950 τοῖς
3245 886 3464 949 οἰκείοις
3516 884 3681 959 μέρε-

2093 980 2528 1051 σινλύποστῆναι.
2568 979 2729 1033 Ἀλλὰ
2762 977 3013 1032 τοσοῦτον
3046 975 3529 1047 Ἐματαιώθησαν
3553 976 3681 1042 τοῖς

2090 1071 2501 1142 διαλογισμοῖς
2541 1070 2760 1137 αὐτῶν,
2811 1070 2909 1124 καὶ
2943 1070 3272 1139 ἐσκοτίσθη
3308 1071 3344 1137 ἡ
3383 1070 3679 1135 ἀσύνετος

2090 1165 2291 1218 αὐτῶν
2322 1163 2556 1232 καρδία,
2601 1163 2698 1217 καὶ
2740 1162 3080 1232 φάσκοντες
3130 1162 3281 1216 εἶναι
3326 1161 3504 1230 σοφοὶ
3532 1162 3680 1229 ἐμω-

2083 1257 2425 1327 ράνθησαν,
2462 1256 2602 1309 ὥστε
2637 1258 2685 1309 oi
2728 1256 2824 1326 μὲν
2863 1256 3231 1326 συνυπάρχειν
3274 1254 3332 1321 ἐξ
3382 1253 3551 1308 ἀϊδίου
3597 1253 3679 1331 τῷ

2091 1350 2211 1421 Θεῷ
2238 1350 2330 1403 τὸν
2360 1350 2589 1422 οὐρανὸν
2611 1350 2980 1421 ἀπεφήναντο’
3016 1350 3065 1402 oi
3099 1349 3155 1402 δὲ
3186 1348 3348 1400 αύτδν
3381 1343 3520 1402 εἶναι
3545 1347 3678 1400 Θεὸν

2090 1444 2324 1515 ἀναρχόν
2356 1460 2414 1496 τε
2450 1442 2559 1513 (50)
2604 1442 2698 1495 καὶ
2726 1441 3107 1513 ἀτελεύτητον,
3151 1441 3245 1494 καὶ
3272 1441 3368 1512 τῆς
3392 1439 3501 1494 τῶν
3535 1438 3679 1495 κατά

2095 1534 2261 1606 μέρος
2294 1533 2609 1604 οἰκονομίας
2634 1533 2826 1585 αἴτιον.

2162 1628 2217 1683 4.
2241 1623 2422 1680 τΗπου
2468 1626 2651 1689 αὐτοῖς
2691 1628 2722 1698 ὴ
2756 1624 3045 1698 περιουσία
3085 1625 3184 1696 τῆς
3226 1624 3320 1677 τοῦ
3355 1624 3555 1696 κόσμου
3590 1641 3680 1677 σο-

2093 1720 2221 1790 φίας
2263 1719 2577 1792 προσθήκην
2617 1717 2753 1771 οἴσει
2812 1718 2941 1775 ποτε
2987 1717 3089 1788 τῆς
3134 1716 3376 1789 χαλεπῆς
3417 1716 3683 1788 κατακρί-

2095 1830 2251 1877 σεως,
2278 1814 2361 1866 ὄτι
2387 1811 2559 1875 οὕτως
2592 1811 2684 1878 ὀξὺ
2710 1811 2838 1883 περὶ
2861 1811 2928 1866 τά
2957 1808 3162 1881 μάταια
3185 1809 3492 1877 βλέποντες,
3522 1810 3679 1864 ἑκόν-
3768 1874 3774 1879 ἡ

409 1910 601 1969 suapte
630 1910 820 1969 sponte
848 1901 901 1954 in
932 1901 1278 1973 intelligenda
1305 1904 1531 1959 veritate
1556 1904 1812 1958 obcaecati
1837 1914 1984 1961 sunt.

2096 1923 2181 1970 τες
2220 1905 2356 1977 πρὸς
2386 1905 2485 1975 τὴν
2516 1904 2727 1957 σύνεσιν
2757 1903 2859 1972 τῆς
2890 1903 3146 1975 ἀληθείας
3184 1901 3676 1973 ἁπετυφλώθησαν.

408 1989 509 2056 Qui
550 2005 717 2060 porro
744 1992 916 2061 Spatia
947 1993 1306 2048 dimetiuntur
1337 1993 1637 2057 stellarum,
1676 1995 1985 2063 assignant-

408 2096 513 2151 que
544 2098 791 2152 quaenam
826 2098 1043 2155 seraper
1076 2083 1390 2153 alfulgeaut,
1417 2094 1471 2139 et
1500 2100 1746 2153 quamam
1777 2095 1989 2154 septen-

408 2173 669 2230 trionales
700 2174 826 2240 siut,
868 2184 925 2231 et
969 2176 1058 2244 qui
1093 2176 1229 2231 sitas
1279 2177 1422 2231 circa
1458 2178 1762 2232 austrinum
1805 2178 1985 2248 polum

407 2264 592 2320 stellas
624 2264 731 2320 illic
758 2266 972 2336 quidem
1002 2268 1372 2322 habitantibus
1407 2268 1458 2342 5
1497 2272 1856 2340 conspicuas,
1889 2286 1988 2326 no-

409 2356 496 2412 bis
527 2372 654 2411 vero
686 2358 897 2428 ignotas
922 2359 1239 2413 describunt
1265 2401 1280 2425 ,
1314 2371 1370 2415 et
1393 2361 1731 2416 latitudinem
1776 2363 1987 2431 aquilo-

407 2464 592 2514 narem
629 2466 690 2505 ac
723 2452 1002 2509 zodiacum
1027 2454 1287 2508 circulum
1314 2454 1614 2509 innumeris
1643 2456 1834 2525 spatiis
1856 2456 1991 2510 divi-

410 2546 567 2608 dunt,
607 2554 661 2599 et
691 2554 961 2601 astrorum
996 2549 1394 2612 conversiones,
1426 2547 1796 2615 stabilitatem,
1826 2549 1992 2604 decli-

413 2638 682 2703 nationes,
716 2654 1012 2709 eorumque
1036 2641 1277 2696 omnium
1326 2642 1392 2695 ad
1428 2644 1603 2711 prima
1634 2643 1747 2698 loca
1783 2652 1988 2699 motum

408 2727 692 2799 diligenter
720 2730 1035 2796 observant,
1068 2741 1119 2786 et
1150 2743 1354 2802 quanto
1382 2742 1620 2809 tempore
1650 2735 1987 2805 unumquod-

408 2836 511 2901 que
538 2820 774 2876 siderum
825 2824 1129 2885 errantium
1168 2825 1457 2885 circuitum
1511 2842 1666 2880 suum
1725 2826 1984 2894 expleat;

407 2913 445 2969 ii
469 2931 628 2975 unam
664 2932 729 2977 ex
756 2918 1008 2972 omnibus
1030 2926 1199 2972 artem
1226 2934 1329 2973 non
1370 2918 1624 2972 invenere
1643 2960 1657 2984 ,
1691 2935 1793 2988 qua
1824 2933 1992 2989 agno-

408 3016 625 3062 scerent
662 3009 827 3064 Deum
858 3025 979 3064 esse
1008 3012 1244 3065 universi
1271 3012 1542 3080 Opiﬁcem,
1578 3020 1633 3065 et
1662 3009 1871 3079 justum
1902 3010 1990 3079 ju-

406 3097 580 3153 dicem
608 3138 624 3163 ,
656 3101 899 3155 actiones
930 3101 1052 3156 vita:
1103 3117 1201 3171 pro
1251 3103 1446 3158 inerito
1499 3112 1935 3177 remunerantcm
1971 3120 1985 3169 ;

407 3208 584 3261 neque
630 3195 774 3249 haue
832 3196 1313 3250 consummationis
1361 3197 1749 3265 cogitationem
1799 3194 1987 3264 judicii

2104 1997 2245 2051 Ἀλλ’
2277 1999 2326 2050 οἱ
2360 1997 2469 2051 τῶν
2518 1996 2628 2068 (51)
2693 1996 2908 2069 ἄστρων
2945 1997 3014 2051 τὰ
3055 1996 3397 2068 διαστήματα
3437 2012 3682 2066 καταμε-

2088 2090 2377 2163 τροῦντες,
2415 2091 2507 2144 καὶ
2544 2091 2670 2153 τοὺς
2722 2092 3001 2160 ἁειφανεῖς
3049 2088 3228 2142 αὐτῶν
3268 2089 3362 2142 καὶ
3400 2086 3681 2159 ἀρκτῲους

2088 2182 2532 2257 ἀπογραφόμενοι
2572 2182 2706 2254 (5‘2),
2744 2182 2837 2236 κοιλ⁹
2864 2182 2978 2235 ὅσοι
3007 2183 3136 2255 περὶ
3170 2180 3259 2234 τὸν
3297 2180 3469 2233 νότιον
3519 2178 3683 2232 πόλον

2090 2276 2332 2347 κείμενοι
2378 2279 2492 2339 τοῖς
2527 2275 2627 2346 μέν
2677 2277 2782 2328 είσι
2818 2274 3081 2345 φανεροὶ,
3125 2276 3256 2346 ἡμῖν
3288 2273 3345 2327 δὲ
3379 2274 3679 2341 ἄγνωστον

2090 2369 2186 2423 καὶ
2229 2368 2438 2441 βόρειον
2480 2368 2718 2433 πλάτος,
2772 2368 2867 2422 καὶ
2914 2367 3176 2432 ζωδιακὸν
3226 2367 3423 2420 κύκλον
3469 2366 3684 2436 μυρίοις

2089 2462 2421 2532 διαστήμασι
2469 2460 2837 2533 διαιροῦντες’
2886 2460 2980 2514 καὶ
3035 2458 3389 2530 ἐπαναφορᾶς
3442 2458 3680 2530 ἄστρων,

2091 2551 2185 2604 καὶ
2234 2552 2594 2623 στηριγμούς,
2646 2552 2738 2605 καὶ
2780 2551 3125 2615 ἀποκλίσεις,
3182 2551 3276 2603 καὶ
3325 2549 3541 2603 πάντων
3583 2548 3681 2620 τὴν

2092 2644 2185 2696 ἐπὶ
2214 2643 2283 2697 τά
2312 2642 2699 2717 προηγούμενα
2736 2643 2952 2714 κίνησιν
2988 2644 3053 2696 δι’
3079 2643 3365 2715 ἀκριϐείας
3403 2643 3680 2713 τηρήσαν-

2091 2754 2183 2801 τες
2202 2753 2216 2766 ·
2250 2737 2345 2789 καὶ
2377 2736 2464 2795 διὰ
2493 2737 2661 2791 πόσου
2689 2737 2882 2808 χρόνου
2912 2737 3019 2790 τῶν
3053 2735 3421 2807 πλανωμένων
3450 2733 3683 2797 ἕκαστος

2090 2828 2188 2906 τὴν
2222 2828 2414 2891 ἑαυτοῦ
2442 2829 2688 2901 περίοδον
2713 2830 3015 2901 ἐκπληροῖ·
3054 2829 3181 2899 μίαν
3215 2828 3323 2882 τῶν
3358 2827 3543 2881 πασῶν
3578 2843 3683 2895 μη-

2092 2925 2260 2996 χανὴν
2302 2925 2401 2979 οὐκ
2443 2922 2663 2992 ἐξεῦρον
2711 2923 2848 2994 πρὸς
2896 2923 2955 2977 τὸ
2996 2924 3087 2975 τὸν
3114 2921 3246 2975 Θεὸν
3279 2922 3527 2991 ἐννοῆσαι
3569 2934 3684 2971 ποι-

2090 3016 2228 3086 ητὴν
2254 3014 2347 3067 τοῦ
2376 3015 2594 3078 παντὸς,
2625 3014 2720 3067 καὶ
2753 3014 2948 3086 κριτὴν
2971 3012 3199 3073 δίκαιον,
3225 3012 3323 3083 τὴν
3352 3010 3508 3074 ἀξίαν
3533 3006 3684 3062 ἀντί-

2091 3106 2236 3160 δοσιν
2267 3109 2378 3170 τοῖς
2414 3105 2771 3176 βεϐιωμένοις
2804 3106 3079 3175 ἐπάγοντα
3101 3122 3114 3135 ·
3151 3104 3273 3157 οὐδὲ
3310 3102 3388 3173 τῷ
3422 3102 3551 3171 περὶ
3579 3100 3685 3170 τῆς

2093 3200 2327 3271 κρίσεως
2354 3199 2497 3269 λόγῳ
2541 3198 2638 3269 τὴν
2667 3198 2959 3252 ἀκόλουθον
2989 3200 3089 3269 τῆς
3121 3195 3431 3258 συντελείας
3470 3193 3682 3247 ἔννοιαν

408 3283 670 3341 doctrinae
704 3296 1121 3340 consentaneum
1149 3287 1200 3340 in
1232 3288 1471 3340 animum
1496 3287 1597 3341 sibi
1627 3287 1988 3352 induxerunt,

2096 3289 2412 3358 ἐπιγνῶναι,
2439 3290 2519 3341 ὅτι
2549 3288 2764 3358 ἀνάγκη
2793 3284 3228 3357 μεταποιηθῆναι
3259 3283 3348 3336 τὸν
3376 3282 3602 3351 κόσμον,
3631 3279 3682 3332 εί

412 3374 673 3427 mundum
715 3375 965 3431 videlicet
1006 3380 1322 3433 necessario
1388 3390 1652 3443 mutatum
1702 3378 1805 3444 iri,
1859 3380 1904 3433 si
1937 3389 1992 3434 et

410 3467 716 3529 animarum
748 3478 923 3523 status
949 3470 1018 3523 ad
1047 3470 1207 3523 aliam
1244 3471 1368 3524 vitae
1399 3469 1663 3525 rationem
1693 3471 1763 3524 sit
1794 3468 1990 3525 transi-

413 3567 589 3612 turus.
623 3558 1084 3627 Quemadmodum
1117 3563 1261 3616 enim
1295 3576 1534 3630 prmsens
1577 3562 1689 3616 vita
1738 3571 1988 3615 naturam

411 3651 535 3711 huic
568 3653 767 3710 mundo
794 3653 1006 3716 aliinem
1050 3655 1321 3717 habebat:
1362 3657 1434 3715 ita
1469 3656 1633 3715 etiam
1659 3655 1841 3710 futura
1872 3655 1991 3709 ani-

414 3758 624 3796 tuarum
668 3754 977 3806 nostrarum
1019 3746 1232 3807 vivendi
1266 3749 1404 3802 ratio
1447 3760 1649 3804 sortem
1695 3756 1989 3816 exceptura

410 3847 496 3893 est
521 3853 619 3893 suo
647 3840 812 3899 statui
841 3842 1272 3904 convenientem,
1307 3840 1375 3894 At
1402 3857 1529 3901 vero
1562 3849 1769 3899 tantum
1800 3839 1989 3907 abest,

414 3939 474 3982 ut
497 3929 548 3985 hi
575 3930 814 3984 studium
848 3933 1163 3999 impertiant
1190 3934 1343 3988 hisce
1367 3935 1714 3998 veritatibus,
1742 3933 1988 3987 utetiam

413 4017 601 4076 effusis
627 4022 908 4077 cachinnis
935 4023 1201 4078 irrideant
1222 4038 1339 4086 nos,
1376 4037 1498 4076 cum
1530 4024 1596 4076 de
1624 4022 1805 4077 mundi
1833 4022 1992 4093 hujus

410 4115 877 4169 consummatione
924 4123 979 4169 et
1022 4116 1088 4170 de
1134 4113 1312 4168 saeculi
1361 4115 1778 4185 regeneratioue
1824 4118 1990 4169 verba

412 4203 663 4263 faciams.
694 4205 827 4260 Cum
880 4215 1058 4260 autem
1107 4206 1431 4276 principium
1491 4207 1784 4260 secundum
1826 4217 1991 4259 natu-

415 4312 529 4351 ram
560 4298 709 4366 prius
746 4306 1041 4363 statuatur,
1081 4314 1243 4367 quam
1292 4316 1377 4365 ea,
1414 4314 1532 4369 quae
1564 4298 1632 4352 ab
1666 4298 1783 4365 ipso
1829 4297 1991 4368 proli-

412 4390 720 4456 ciscnntur,
750 4393 1056 4447 necessario
1089 4401 1199 4448 tum
1242 4409 1366 4448 cum
1392 4394 1458 4448 de
1506 4393 1592 4447 his
1630 4408 1751 4462 quae
1783 4408 1811 4445 a
1859 4401 1994 4446 tem-

410 4500 544 4556 pore
581 4483 817 4549 habent,
855 4487 997 4555 quod
1037 4487 1166 4553 sint,
1205 4487 1530 4551 dissereret;
1570 4487 1709 4540 hanc
1737 4486 1995 4541 oumibus

411 4579 725 4646 anteposuit
749 4592 958 4643 vocem,
993 4580 1243 4650 inquiens
1283 4596 1296 4633 ι
1328 4577 1397 4632 In
1430 4580 1690 4647 principio
1718 4578 1864 4648 fecit.

482 4693 502 4724 ⁷
540 4691 697 4749 Rom.
725 4710 764 4760 t,
790 4695 882 4761 2i,
912 4695 1001 4757 22.

498 4816 778 4889 29)(3011),
804 4817 1074 4889 secundus
1116 4819 1367 4889 ἄγοντες.
1401 4817 1510 4874 Nec
1549 4819 1622 4873 ita
1651 4817 1818 4875 multo
1869 4826 1992 4889 post
2023 4821 2069 4877 D

412 4876 924 4960 ϐὀίιιίριήίιιιιιεᾲκαί
953 4876 1233 4960 ἀσωμάτῳ
1265 4876 1446 4957 φύσει.

484 4956 598 5027 (30)
637 4959 728 5012 Sic
766 4956 890 5012 libri
920 4956 1148 5014 veteres.
1178 4956 1337 5014 Deest
1366 4977 1426 5012 τε
1468 4960 1521 5012 in
1559 4958 1811 5027 vulgatis.

486 5029 599 5099 (511
634 5029 788 5094 Coll),
824 5031 1094 5089 secundus
1119 5028 1267 5084 ἄλλοι
1294 5029 1401 5081 τῶν
1436 5044 1448 5078 :
1480 5031 1563 5081 cui
1600 5029 1814 5084 lectioni
1854 5027 2002 5099 favet

415 5098 755 5164 Eustathius,
781 5100 871 5166 qui
917 5101 995 5156 sic
1024 5102 1189 5156 vertit
1221 5115 1236 5154 :
1274 5100 1381 5153 Alii
1408 5100 1685 5153 stellarum
1719 5098 2000 5153 intervalla

414 5173 775 5224 dimtnterunt.

484 5241 600 5314 (52)
624 5238 700 5294 Ita
731 5241 943 5318 codices
958 5250 1188 5318 septem.
1222 5240 1359 5318 Edjti
1388 5240 1999 5318 duoypaodpsv0t._Mo_x

414 5312 650 5383 quatuor
678 5325 807 5365 mss.
839 5313 946 5366 εἰσὶ
973 5312 1237 5383 κειμενοι,
1272 5312 1383 5366 Vox
1413 5312 1519 5363 είσί
1542 5312 1701 5364 'deest
1734 5314 1784 5365 in
1810 5312 2002 5380 aliqui-

416 5382 517 5436 bus
545 5398 676 5436 mss.
710 5384 841 5435 etin
870 5384 1051 5437 editis.
1082 5385 1191 5439 lloc
1220 5382 1338 5447 ipso
1372 5384 1425 5433 in
1460 5383 1578 5435 loco
1606 5391 1835 5449 uterque
1869 5384 1998 5435 Duc.

416 5466 537 5505 eum
566 5463 794 5523 utroque
824 5452 975 5508 Colb.
1008 5463 1063 5505 et
1096 5468 1216 5509 cum
1246 5452 1377 5520 Reg.
1404 5453 1591 5518 quinto
1623 5455 1738 5515 τοῖς
1766 5453 1862 5523 μέν
1895 5454 2003 5504 εἰσι

460 5522 664 5593 ανεροί.
704 5521 845 5576 Editi
898 5537 1021 5578 cum
1081 5523 1211 5593 Reg.
1272 5526 1448 5593 primo
1508 5523 1613 5586 εἰσὶ
1661 5521 2000 5593 φαινόμενοι.

434 5592 571 5654 [latnt
607 5594 962 5664 longe_editio
995 5592 1181 5664 Basil.
1224 5592 1591 5660 ἀποκλείσεις,
1653 5592 2001 5664 exclusiones.

419 5660 724 5737 corrupte.‘
750 5660 936 5737 AEditio
991 5663 1165 5719 Paris.
1203 5681 1325 5727 cum
1381 5665 1568 5728 multis
1602 5678 1730 5718 mss.
1779 5662 2005 5717 ἀποκλί-

418 5748 553 5793 σεις,
570 5734 872 5785 emendate.

484 5802 599 5871 (35)
626 5804 779 5874 tjoib.
799 5803 1022 5874 primus
1053 5805 1260 5857 οἰκείαν
1292 5803 1388 5874 τὴν
1422 5806 1753 5858 κατάστασιν
1782 5802 2007 5867 ἀποδέξ-

408 5869 528 5935 ηται
558 5873 651 5929 καὶ
672 5872 769 5942 τὴν
799 5869 972 5938 λῆξιν,
995 5877 1262 5943 proprium
1286 5869 1478 5932 statum
1502 5884 1546 5929 et
1563 5877 1734 5930 sedem
1765 5875 2010 5951 qeipiel.

2097 3383 2278 3455 μέλλοι
2312 3383 2403 3436 καὶ
2461 3383 2494 3451 ἡ
2543 3381 2653 3434 τῶν
2695 3380 2882 3451 ψυχῶν
2937 3379 3266 3441 κατάστασις
3301 3376 3437 3447 πρὸς
3496 3373 3686 3444 ἕτερον

2094 3471 2233 3539 εἶδος
2284 3473 2428 3545 ζωῆς
2475 3472 2847 3545 μεταϐάλλειν.
2910 3472 3121 3542 Ὥσπερ
3179 3468 3286 3539 γὰρ
3334 3470 3367 3538 ὴ
3431 3464 3685 3538 παροῦσα

2094 3568 2208 3640 ζωὴ
2270 3566 2506 3636 συγγενῆ
2571 3565 2696 3637 ἔσχε
2758 3563 2853 3617 τοῦ
2918 3563 3123 3634 κόσμου
3170 3561 3360 3613 τούτου
3425 3557 3523 3629 τὴν
3580 3554 3685 3624 φύ-

2095 3674 2214 3721 σιν,
2263 3656 2407 3710 ούτω
2440 3656 2535 3708 καὶ
2586 3656 2620 3724 ἡ
2674 3652 2940 3718 μέλλουσα
2978 3652 3086 3705 τῶν
3128 3649 3314 3721 ψυχῶν
3365 3646 3520 3719 ἡμῶν
3567 3646 3685 3699 δια-

2094 3749 2250 3820 γωγὴ
2297 3746 2501 3800 οἰκείαν
2557 3746 2668 3814 (35)
2720 3746 2786 3815 τῇ
2834 3743 3167 3798 καταστάσει
3214 3739 3534 3804 ὑποδέξεται
3581 3736 3683 3807 τὴν

2094 3840 2263 3912 λῆξιν.
2300 3842 2363 3893 υἱ
2421 3840 2477 3893 δὲ
2528 3839 2780 3893 τοσοῦτον
2820 3838 3117 3909 ἀπέχουσιν
3171 3834 3245 3898 ὼς
3292 3832 3516 3904 ἀληθέσι
3564 3829 3689 3884 τού-

2092 3951 2206 3999 τοις
2262 3933 2548 4005 προσέχειν
2574 3972 2589 3996 ,
2644 3931 2784 3985 ῶστε
2837 3929 2929 3983 καὶ
2986 3928 3189 3982 πλατὺν
3244 3925 3457 3995 γέλωτα
3519 3939 3687 3977 κατα-

2093 4026 2306 4098 χέουσιν
2358 4023 2514 4096 ἡμῶν
2562 4024 2691 4094 περὶ
2731 4020 3039 4085 συντελείας
3081 4017 3174 4072 τοῦ
3226 4015 3434 4086 κόσμου
3488 4012 3680 4067 τούτου

2094 4121 2189 4172 καὶ
2231 4115 2652 4185 παλιγγενεσίας
2696 4114 2895 4176 αἰῶνος
2936 4109 3413 4180 ἀπαγγελλόντων.
3463 4101 3685 4175 Ἐπειδὴ

2092 4211 2149 4265 δὲ
2179 4215 2212 4281 ἡ
2250 4210 2393 4281 ἀρχὴ
2428 4208 2571 4272 κατά
2607 4207 2769 4277 φύσιν
2801 4204 3167 4277 προτέτακται
3208 4201 3317 4254 τῶν
3364 4200 3460 4252 ἀπ’
3486 4194 3679 4266 αὐτῆς,

2094 4300 2408 4370 ἀναγκαίως
2452 4298 2579 4370 περὶ⁸
2628 4297 2737 4357 τῶν
2779 4297 2887 4351 ἀπὸ
2935 4295 3127 4367 χρόνου
3176 4292 3236 4346 τὸ
3285 4286 3425 4345 εἶναι
3454 4287 3689 4360 ἐχόντων

2093 4391 2496 4462 διαλεγόμενος,
2531 4388 2734 4458 ταύτην
2767 4388 3024 4443 ἁπάντων
3059 4382 3322 4455 προέταξε
3349 4382 3449 4453 τὴν
3479 4376 3686 4448 φωνὴν,

2096 4485 2266 4547 είπῶν
2292 4503 2305 4516 ’
2352 4487 2456 4539 Ἐν·
2492 4482 2654 4553 ἀρχῇ
2683 4481 2974 4541 ἐποίησεν
3002 4479 3139 4550 (541.

2170 4815 2282 4887 (34)
2308 4814 2527 4889 Antiqui
2551 4813 2658 4889 duo
2693 4812 2812 4867 libri
2849 4812 3106 4889 ἐποίησεν
3133 4808 3337 4889 ὄρεός.
3363 4807 3517 4889 illud,
3539 4807 3687 4889 quod

2102 4878 2372 4956 sequitur,
2403 4878 2472 4956 ἦν
2502 4885 2612 4956 γάρ
2649 4902 2722 4949 τι,
2761 4878 3068 4956 θέαηιιιιιιε
3099 4898 3127 4935 a
3158 4878 3683 4956 Combelisio‘accipi

2104 4946 2252 5033 pnin.
2282 4946 2544 5033 Ejus-hee}:
2575 4946 2743 5009 sunt:
2776 4953 2969 5007 Basilii
3001 4955 3110 5033 {nec
3142 4952 3447 5033 sententia,_
3473 4946 3687 5003 θνατο-

2103 5024 2222 5082 ium
2254 5027 2572 5087 communis.
2611 5034 2814 5078 creatos
2865 5024 3076 5092 angelos
3120 5033 3242 5074 ante
3288 5024 3537 5092 mundum
3564 5033 3684 5069 cor-

2102 5113 2339 5167 poreum,
2372 5099 2425 5149 in
2457 5112 2614 5167 quant
2648 5094 2910 5167 nihildum
2937 5090 3323 5167 statutuni_est.
3358 5090 3447 5143 sed
3478 5090 3530 5140 in
3564 5102 3684 5140 car-

2106 5161 2277 5222 cerem
2331 5161 2632 5219 aniniarum
2687 5163 3088 5233 Origeuiauum.
3116 5161 3220 5215 Sed
3258 5170 3539 5233 propterea
3580 5171 3685 5210 non

2110 5240 2293 5293 statim
2325 5238 2511 5292 debuit
2542 5230 2899 5290 Comhelisius
2921 5232 3174 5286 Basilium
3209 5244 3470 5296 repOuere
3493 5230 3549 5309 in
3587 5242 3687 5309 nu:

2111 5323 2262 5363 mero
2289 5322 2497 5368 eorum,
2544 5309 2655 5374 qui
2684 5319 2940 5371 expresse
2962 5313 3042 5374 et
3087 5309 3466 5355 asseveranter
3500 5298 3688 5352 dicunt

2112 5380 2332 5449 angelos
2354 5388 2480 5432 ante
2509 5373 2771 5449 mundum
2796 5373 3060 5449 visibilem
3086 5383 3519 5449 corporeumque
3550 5382 3689 5449 ﬁesse

2113 5438 2486 5512 cré'atos,cuui
2525 5446 2759 5499 Basilius
2804 5445 2943 5498 hanc
2969 5438 3276 5510 opinionem
3311 5457 3416 5512 non
3447 5438 3688 5507 proferat

2115 5532 2370 5589 tauquam
2419 5530 2622 5573 certam
2657 5526 2818 5582 atque
2878 5514 3254 5589 imlubitatam,
3304 5511 3399 5564 sed
3433 5521 3687 5589 tanquam

2113 5577 2490 5652 verisimilem,
2542 5594 2598 5641 et
2646 5577 2825 5657 quam,
2862 5584 3015 5657 inulti
3059 5581 3479 5657 amplectantur.
3528 5577 3690 5657 Addit.

2112 5663 2278 5720 enim.
2306 5659 2382 5723 ὡς
2405 5658 2572 5721 ἔοικε,
2600 5652 3501 5727 ut‘verisimileest,_ut_tiitletur,_ut
3529 5652 3691 5727 εηιιῙί-

2119 5747 2233 5786 cere
2260 5719 2397 5784 licei.
2438 5719 2568 5792 lino,
2605 5726 2746 5794 quod
2773 5740 2916 5792 stupe
2942 5724 3021 5786 lit,
3058 5723 3101 5777 si
3144 5720 3292 5783 illud,
3316 5720 3391 5783 ὡς
3414 5719 3581 5794 ἔοικε,
3614 5719 3690 5794 ita

2120 5786 2592 5873 interpretemur}
2626 5786 2680 5851 ιιι
2731 5786 2920 5864 fertur,
2949 5804 3004 5848 ut
3054 5793 3243 5849 aiunt;
3285 5792 3455 5862 magis
3485 5786 3691 5860 patebit
