4082 6218
466 375 534 432 l3
895 395 899 398 '
1595 379 1878 436 HOMILIA
1913 379 1936 434 ι
1979 379 2040 434 ΙΝ
2078 378 2574 436 HEXAEMERON.
3202 436 3216 439 _
3636 378 3711 439 tt

3202 436 3230 476 \

533 493 588 548 5.
621 489 729 547 Ἦν
754 493 862 566 γάρ
890 511 964 559 τι,
987 493 1074 559 ·ὠς
1103 495 1245 550 ἔοικε
1269 539 1282 562 ,
1307 496 1401 551 καὶ
1432 497 1538 569 πρὸ
1564 497 1658 550 τοῦ
1693 500 1900 569 κόσμου
1929 498 2033 551 τού-

2218 498 2271 552 5.
2313 497 2444 553 Nam
2469 507 2522 552 et
2554 506 2678 552 ante
2699 499 2846 554 hunc
2875 507 3151 564 mundum,
3187 507 3246 554 nt
3280 499 3568 556 verisimile
3601 513 3709 568 est,

455 602 570 651 του,
588 583 616 638 δ
631 587 697 654 τῇ
719 584 816 654 μὲν
831 585 1038 656 διανοίᾳ
1059 586 1214 656 ἡμῶν
1230 589 1346 640 ἐστι
1366 588 1661 660 θεωρητδν,
1685 590 2036 661 ἀνιστόρητον

456 677 512 728 δὲ
531 675 854 746 κατελείφθη
875 676 965 729 διὰ
984 677 1045 730 τὸ
1063 681 1172 740 τοῖς
1194 681 1566 750 εἰσαγομένοις
1591 680 1672 732 ἔτι
1702 682 1794 734 καὶ
1825 681 2037 750 νηπίοις

458 767 598 820 κατά
634 767 732 838 τὴν
771 768 971 836 γνῶσιν
998 769 1388 842 ἀνεπιτήδειον.
1421 767 1526 824 Ἦν
1564 790 1646 836 τις
1690 773 2035 846 πρεσϐυτέρα

454 859 554 928 τῆς
607 857 700 909 τοῦ
733 858 939 928 κόσμου
977 860 1242 926 γενέσεως
1274 862 1604 925 κατάστασις
1640 867 1757 928 ταῖς
1804 867 2036 934 ὑπερκο-

458 947 639 1018 σμίοις
665 950 926 1019 δυνάμεσι
950 951 1254 1021 πρέπουσα.
1280 955 1312 1023 ἡ
1343 954 1692 1025 ύπέρχρονος,
1725 959 1756 1026 ἡ
1781 959 1974 1009 αἰωνία
1999 953 2032 1029 ἡ

455 1042 641 1104 ἀΐδιος.
666 1045 980 1114 Δημιουργή
991 1062 1135 1114 ματα
1151 1046 1206 1098 δὲ
1227 1047 1285 1099 ἐν
1312 1047 1446 1117 αὐτῇ
1473 1049 1620 1100 ὁτῶν
1649 1049 1783 1101 ὅλων
1814 1051 2036 1121 κτίστης

453 1133 548 1187 καὶ
568 1132 893 1205 δημιουργὸς
921 1136 1237 1201 ἀπετέλεσε,
1266 1138 1377 1206 (ιοιῇ
1408 1140 1594 1208 νοητὸν
1618 1141 1822 1210 πρέπον
1850 1146 1914 1214 τῇ
1943 1161 2038 1212 μα-

390 1288 396 1294 _
456 1224 735 1295 καριότητι
783 1226 891 1278 τῶν
939 1226 1232 1296 φιλούντων
1281 1229 1370 1282 τὸν
1401 1229 1640 1301 Κύριον,
1682 1233 1779 1294 τάς
1816 1232 2037 1301 λογικὰς

456 1317 549 1369 καὶ
595 1317 858 1387 ἀοράτους
894 1317 1082 1385 φύσεις
1108 1357 1121 1380 ,
1170 1320 1262 1371 καὶ
1311 1321 1489 1372 πᾶσαν
1534 1322 1632 1392 τὴν
1675 1323 1783 1376 τῶν
1832 1325 2037 1393 νοητῶν

451 1408 836 1479 διακόσμησιν,
865 1409 964 1461 ὅσα
994 1409 1091 1480 τὴν
1124 1410 1396 1480 ἡμετέραν
1431 1411 1668 1466 διάνοιαν
1697 1415 2034 1486 ὑπερϐαίνει,

452 1498 528 1557 ὧν
554 1505 672 1557 οὐδὲ
699 1503 800 1566 τὰς
826 1505 1119 1575 ὀνομασίας
1149 1505 1390 1576 ἐξευρεῖν
1419 1508 1662 1564 δυνατόν.
1703 1511 1890 1564 Ταῦτα
1921 1513 2034 1583 (⁸55)

452 1594 546 1648 τοῦ
573 1597 802 1665 ἀοράτου
850 1597 1055 1666 κόσμου
1087 1599 1395 1670 συμπληροῖ
1437 1602 1534 1672 τὴν
1567 1603 1756 1655 οὐσίαν
1780 1643 1796 1667 ,
1838 1604 1913 1668 ὼς
1956 1605 2035 1656 δι-

453 1686 643 1740 δάσκει
679 1689 826 1758 ἡμᾶς
862 1691 890 1741 ό
914 1689 1124 1754 Παῦλος
1150 1731 1164 1754 ,
1201 1691 1373 1759 λέγων
1393 1710 1404 1721 ·
1448 1694 1566 1746 Ὅτι
1594 1695 1664 1747 ἐν
1697 1694 1857 1761 αὐτῷ
1887 1697 2039 1749 ἐκτί-

452 1781 570 1845 σθη
600 1777 670 1830 τὰ
706 1777 920 1842 πάντα,
947 1781 1065 1832 εἴτε
1089 1782 1288 1848 ὁρατὰ,
1319 1783 1440 1836 εἴτε
1472 1785 1714 1853 ἀςζρατιι,
1749 1787 1868 1840 εἴτε
1914 1789 2040 1855 θρό-

2139 598 2256 643 erat
2291 589 2493 657 aliquid
2525 589 2664 658 quod
2703 596 2888 643 nostra
2923 590 3140 658 quidem
3168 589 3491 659 cogitatione
3521 603 3712 657 possu-

2137 694 2256 734 mus
2277 678 2514 748 assequi,
2537 677 2631 733 sed
2665 679 3030 733 narrationem
3063 679 3182 734 ideo
3215 677 3401 749 eﬁ'ugit
3430 719 3446 744 ,
3477 679 3620 748 quod
3657 678 3710 732 id

2137 769 2256 831 his,
2287 769 2377 836 qui
2431 768 2804 836 instituuntur,
2842 777 3072 838 suntque
3106 770 3281 823 adhuc
3307 770 3358 822 in
3400 769 3712 837 cognitione

2137 860 2398 923 infantes,
2427 874 2764 928 nequaquam
2810 862 3157 928 congruebat.
3206 861 3338 916 Erat
3373 871 3546 916 status
3590 862 3712 931 qui-

2139 955 2258 1009 dam
2290 954 2474 1007 mundi
2514 963 2636 1008 ortu
2672 953 2962 1023 antiquior,
3000 954 3313 1009 caelestibus
3351 957 3709 1024 potestatibus

2138 1046 2462 1099 conveniens
2483 1084 2497 1110 ,
2549 1049 2937 1101 transcenderis
2975 1055 3180 1115 tempus
3223 1061 3386 1101 omne
3407 1087 3422 1111 ,
3451 1057 3707 1111 aeternus,

2137 1146 2447 1205 perpetuus.
2485 1135 2712 1207 Opificia
2751 1147 2931 1191 autem
2976 1138 3226 1190 conditor
3255 1146 3308 1191 et
3349 1137 3540 1194 artifex
3588 1151 3708 1190 om-

2138 1229 2284 1282 nium
2307 1244 2372 1283 eo
2397 1230 2448 1283 in
2473 1241 2616 1282 statu
2646 1227 2898 1300 perfecit,
2933 1230 3269 1299 spiritualem
3299 1230 3497 1296 lucem,
3521 1245 3708 1284 eorum

2137 1317 2226 1384 qui
2255 1319 2534 1372 Dominum
2568 1319 2793 1388 diligunt
2834 1320 3148 1373 beatitudini
3184 1335 3499 1384 consonam,
3543 1322 3708 1375 ratio-

2141 1408 2287 1460 nales
2315 1419 2368 1462 et
2391 1409 2691 1464 invisibiles
2725 1419 2966 1474 naturas,
3008 1421 3064 1464 et
3099 1411 3521 1481 intelligibilium
3557 1427 3712 1466 crea-

2141 1509 2380 1553 turarum
2415 1516 2536 1570 (10113
2588 1511 2827 1556 llOSiI‘UID
2881 1512 3096 1571 captum
3153 1514 3411 1573 superant
3458 1517 3708 1558 ornatum

2139 1604 2352 1644 onmem
2388 1611 2402 1647 :
2439 1609 2665 1660 quorum
2697 1609 2763 1648 ne
2797 1595 3013 1648 nomina
3049 1593 3264 1662 quidem
3303 1610 3588 1664 possumus
3617 1611 3710 1648 ex-

2140 1686 2403 1753 cogitare.
2425 1685 2550 1741 Haec
2571 1687 2844 1754 complent
2865 1687 3152 1741 inviSihilis
3179 1689 3364 1741 mundi
3389 1688 3706 1753 essentiam,

2143 1779 2285 1830 velut
2318 1793 2418 1832 nos
2467 1781 2624 1834 docet
2650 1777 2848 1832 Paulus
2874 1820 2889 1845 ,
2929 1780 3115 1834 dicens
3146 1799 3160 1834 :
3201 1782 3466 1845 Quoniam
3511 1782 3563 1833 in
3595 1782 3708 1849 ipso

455 1883 570 1932 νοι,
601 1867 723 1920 εἴτε
750 1870 1112 1936 κυριότητες,
1161 1872 1279 1925 εἴτε
1324 1874 1522 1942 ἀρχαὶ,
1573 1877 1692 1929 εἴτε
1736 1877 2031 1943 ἐξουσίαι,

2139 1871 2350 1923 condita
2373 1883 2490 1925 sunt
2517 1875 2755 1928 universa
2774 1915 2788 1940 ,
2827 1876 2930 1928 sive
2956 1874 3181 1928 visibilia
3200 1916 3214 1940 ,
3255 1877 3361 1928 sive
3386 1873 3670 1928 invisibilia
3688 1913 3706 1939 ,

452 1958 572 2011 εἴτε
602 1957 906 2028 δυνάμεις,
937 1963 1046 2014 εἴτε
1074 1963 1324 2030 ἀγγέλων
1361 1967 1646 2037 στρατιαὶ,
1676 1969 1786 2021 εἴτε
1821 1971 2032 2040 ἀρχαγ-

455 2049 626 2118 γέλων
654 2051 964 2106 ὲπιστασίαι
986 2069 998 2082 ⁶
1031 2053 1118 2106 ὅτε
1141 2055 1197 2106 δὲ
1226 2055 1330 2106 ἔδει
1355 2056 1540 2110 λοιπὸν
1579 2059 1675 2112 καὶ
1708 2058 1797 2112 τὸν
1831 2062 2034 2131 κόσμον

453 2141 642 2196 τοῦτον
691 2144 1077 2216 ἐπεισαχθῆναι
1114 2151 1224 2211 τοῖς
1266 2145 1418 2212 οὖσι,
1468 2153 1893 2222 προηγουμένως
1922 2155 2032 2223 (56)

457 2237 556 2306 μὲν
601 2237 966 2292 διδασκαλεῖον
997 2241 1091 2292 καὶ
1121 2243 1505 2314 παιδευτήριον
1535 2243 1642 2298 τῶν
1678 2243 2035 2315 ἀνθρωπίνων

452 2329 674 2400 ψυχῶνο
722 2331 910 2384 ἔπειτα
956 2333 1137 2402 μέντοι
1186 2335 1279 2388 καὶ
1308 2335 1644 2400 ἁπαξαπλῶς
1687 2339 1902 2391 πάντων
1926 2339 2035 2393 τῶν

452 2426 510 2474 ὲν
560 2425 770 2490 γενέσει
819 2427 912 2478 καὶ
952 2426 1125 2496 φθορᾷ
1167 2427 1470 2500 ἐπιτήδειον
1511 2429 1849 2500 ἐνδιαίτημα.
1893 2431 2037 2502 Συμ-

453 2518 595 2588 φυὴς
636 2518 743 2588 ἄρα
779 2517 855 2588 τῷ
885 2519 1073 2588 κόσμῳ
1107 2521 1200 2572 καὶ
1233 2523 1346 2582 τοῖς
1384 2523 1442 2574 ὲν
1477 2521 1624 2590 αὐτῷ
1661 2521 1822 2584 ζώοις
1849 2539 1910 2575 τε
1940 2524 2036 2576 καὶ

455 2612 642 2678 φυτοῖς
696 2612 728 2680 ἡ
780 2611 872 2662 τοῦ
918 2612 1108 2680 χρόνου
1155 2611 1383 2676 διέξοδος
1429 2613 1666 2683 ὑπέστη,
1704 2613 2033 2685 ἐπειγομένη

453 2704 542 2756 ἀεὶ
587 2703 679 2756 καὶ
726 2704 1147 2775 παραῤῥέουσα,
1196 2706 1289 2757 καὶ
1334 2705 1581 2777 μηδαμοῦ
1618 2707 1898 2776 παυομένη
1943 2706 2035 2760 τοῦ

454 2795 678 2866 δρόμου.
711 2798 779 2848 Ἢ
813 2797 931 2866 οὐχὶ
956 2797 1194 2860 τοιοῦτος
1220 2800 1247 2850 ὁ
1281 2799 1502 2870 χρόνος,
1528 2791 1589 2850 οὗ
1618 2799 1676 2851 τὸ
1705 2799 1802 2870 μὲν
1833 2799 2035 2871 παρελ-

456 2884 547 2939 θὸν
604 2887 908 2958 ἠφανίσθη,
948 2888 1009 2940 τὸ
1056 2889 1111 2940 δὲ
1147 2889 1340 2958 μέλλον
1384 2889 1536 2942 οὒπω
1577 2891 1846 2960 πάρεστι,
1878 2891 1938 2944 τὸ
1979 2890 2037 2943 δὲ

454 2980 626 3049 παρὸν
663 2982 791 3051 πρὶν
835 2980 1143 3050 γνωσθῆναι
1188 2982 1554 3053 διαδιδράσκει
1606 2983 1704 3052 τὴν
1749 2982 2032 3053 αϊσθησιν;

456 3071 689 3142 Τοιαύτη
724 3073 782 3126 δέ
810 3091 894 3137 τις
922 3075 1014 3127 καὶ⁵
1050 3074 1161 3127 τῶν
1200 3075 1560 3146 γινομένωνή
1604 3075 1797 3144 φύσις,
1865 3075 1898 3144 ἢ
1948 3077 2038 3127 αύ-

453 3162 719 3234 ξανομένη
778 3165 1026 3228 πάντως,
1081 3167 1112 3235 ἢ
1166 3166 1461 3234 φθίνουσα,
1525 3166 1585 3219 τὸ
1633 3167 1688 3220 δὲ
1748 3166 2032 3237 ἱδρυμένον
2060 3205 2106 3265 C

455 3259 547 3311 καὶ
596 3259 854 3328 στάσιμον
904 3259 1006 3310 οὐκ
1057 3258 1308 3328 ἐπίδηλον
1355 3258 1568 3328 ἔχουσα.
1614 3260 1896 3329 Ἔπρεπεν
1939 3255 2032 3312 οὖν

453 3353 564 3412 τοῖς
596 3350 747 3414 ζώων
785 3367 842 3402 τε
882 3352 976 3403 καὶ
1012 3350 1192 3419 φυτῶν
1238 3352 1513 3420 σώμασιν,
1557 3351 1718 3403 οἱονεὶ
1757 3351 1868 3421 (57)
1919 3350 2035 3422 ῥεύ-

458 3443 584 3514 ματί
609 3461 714 3496 τινι
753 3442 888 3512 πρὸς
927 3442 1172 3512 ἀνάγκην
1213 3443 1610 3512 ὲνδεδεμένοις,
1659 3444 1752 3494 καὶ
1797 3445 1862 3512 τῇ
1897 3443 2032 3512 πρὸς

455 3533 667 3601 γένεσιν
693 3532 725 3602 ἢ
758 3532 962 3602 φθορὰν
995 3532 1206 3605 ἀγούσῃ
1241 3532 1454 3602 κινήσει
1483 3529 1861 3598 συνεχομένοις
1881 3567 1894 3590 ,
1925 3527 2030 3580 ὑπὸ

453 3625 551 3694 τῆς
595 3624 687 3676 τοῦ
732 3624 924 3694 χρόνου
967 3623 1178 3692 φύσεως
1217 3621 1606 3694 περιέχεσθαι,
1652 3623 1882 3690 συγγενῆ
1917 3623 2030 3682 τοῖς

454 3715 867 3785 ἁλλοιουμένοις
891 3716 1226 3784 κεκτημένου
1255 3715 1364 3784 (58)
1395 3715 1493 3784 τὴν
1535 3713 1789 3782 ἰδιότητα.
1829 3710 2032 3764 Ἐντεῦ-

455 3809 546 3862 θεν
585 3808 798 3870 οἰκείως
835 3806 1068 3860 ἐπέϐαλε
1118 3806 1195 3877 τῷ
1229 3808 1356 3877 περὶ
1405 3805 1569 3858 αὐτὸν
1614 3803 1755 3874 λόγῳ
1793 3805 1820 3856 ὁ
1853 3801 2030 3870 σοφῶς

456 3901 567 3969 (39)
615 3901 760 3970 ἡμᾶς
798 3900 892 3952 τοῦ
929 3900 1132 3970 κόσμου
1163 3900 1260 3969 τὴν
1300 3898 1511 3965 γένεσιν
1542 3896 1902 3957 ἐκδιδάσκων,
1951 3897 2029 3947 εί-

452 3990 587 4044 πών·
634 3993 725 4044 Ἐν
763 3991 921 4060 ἀρχῇ
953 3992 1222 4058 ἐποίησε·
1259 3990 1558 4052 τουτέστιν,
1592 3991 1648 4040 ὲν
1681 3990 1820 4058 ἀρχῇ
1856 3986 2028 4057 ταύτῃ

454 4085 519 4151 τῇ
555 4081 695 4134 κατὰ
723 4082 931 4152 χρόνον.
964 4082 1038 4134 Οὐ
1060 4081 1167 4152 γὰρ
1193 4080 1256 4151 δὴ
1283 4080 1423 4133 κατά
1450 4079 1873 4150 πρεσϐυγένειαν
1897 4079 2030 4131 πάν-

455 4187 562 4225 των
597 4172 705 4224 τῶν
736 4173 1045 4243 γενομένων
1084 4174 1336 4244 προέχειν
1375 4171 1538 4224 αὑτὸν
1575 4171 1861 4243 μαρτυρῶν
1883 4170 2028 4240 λέγει

458 4264 515 4313 ἐν
568 4264 710 4334 ἀρχῇ
749 4265 1050 4332 γεγονέναι,
1088 4265 1222 4317 ἀλλά
1263 4265 1401 4335 μετά
1430 4265 1495 4316 τὰ
1529 4264 1734 4336 ἀόρατα
1767 4262 1860 4315 καὶ
1882 4261 2032 4314 νοού-

462 4371 596 4424 μενα
625 4357 731 4408 τῶν
769 4357 979 4428 ὁρατῶν
1019 4357 1222 4410 τούτων
1271 4357 1364 4408 καὶ
1415 4354 1662 4426 αἰσθήσει
1694 4353 1912 4424 ληπτῶν
1937 4353 2033 4424 τὴν

456 4446 632 4519 ἀρχὴν
683 4449 780 4519 τῆς
827 4449 1111 4520 ὑπάρξεως
1166 4450 1454 4522 διηγεῖται.
1514 4447 1745 4516 Λέγεται
1793 4445 1891 4517 μὲν
1941 4439 2034 4499 οὖν

529 4609 551 4640 ⁸
582 4607 789 4663 Coloss.
819 4624 862 4674 t.
894 4609 982 4665 l6.

457 4767 718 4822 Basilium
744 4771 884 4825 hanc
917 4771 1238 4826 sententiam
1273 4785 1376 4824 non
1422 4771 1638 4838 praprie
1680 4771 2028 4838 pmposnisse
2061 4777 2103 4832 ι)

457 4850 514 4890 ιιι
536 4854 708 4902 suam,
738 4841 832 4894 sed
860 4853 917 4894 ut
949 4842 1198 4894 aliorum.
1223 4839 1345 4894 Scio
1373 4840 1587 4908 quidem
1615 4854 1772 4892 voces
1797 4839 1872 4901 ὼς
1909 4838 2015 4891 ἔοι-

456 4925 518 4961 κε
550 4911 695 4962 reddi
738 4925 893 4978 posse
930 4911 1218 4980 aliquando
1244 4923 1300 4962 ut
1327 4919 1552 4975 constat,
1601 4911 1777 4976 plane,
1804 4910 2018 4980 alique,

454 4980 547 5032 sed
596 4979 710 5031 haec
738 4978 1122 5047 interpretandi
1157 4982 1294 5034 ratio
1327 4995 1451 5032 rara
1492 4990 1575 5033 est
1603 4991 1657 5031 et
1683 4978 1931 5044 insolita;
1967 4989 2022 5031 et

454 5048 626 5101 solum
662 5050 905 5103 adhiberi
937 5051 1094 5103 debet
1131 5059 1264 5112 tum,
1299 5065 1420 5103 cum
1451 5051 1621 5103 series
1655 5049 1919 5102 orationis
1948 5049 2018 5100 ita

451 5118 686 5186 posuulat
719 5136 733 5172 :
768 5120 818 5171 id
851 5121 990 5186 quod
1018 5121 1102 5172 hic
1125 5121 1295 5172 locum
1330 5135 1433 5172 non
1461 5119 1659 5170 habere
1682 5119 1881 5179 vident,
1908 5117 2025 5186 opi-

453 5203 574 5248 nor,
601 5203 807 5241 omnes.
834 5190 914 5242 Ad
944 5189 1055 5243 hinc
1081 5188 1306 5242 Basilius
1329 5190 1472 5241 hom.
1495 5187 1550 5249 2,
1581 5203 1728 5240 num.
1755 5187 1805 5247 5,
1825 5202 1882 5254 se
1911 5189 2024 5254 ipse

451 5258 596 5311 clare
627 5272 691 5328 ac
714 5259 917 5312 diserte
955 5261 1211 5328 explicat,
1231 5261 1354 5310 dum
1383 5259 1458 5328 ait
1492 5273 1504 5307 :
1543 5256 1716 5327 Εἴπερ
1744 5273 1796 5307 τι
1822 5251 1889 5324 ἦν
1915 5251 2021 5326 πρὸ

450 5329 548 5399 τῆς
573 5327 832 5397 αἰσθητοῦ
859 5327 1048 5382 τούτου
1075 5331 1169 5382 καὶ
1193 5327 1431 5399 φθαρτοῦ
1451 5328 1665 5397 ,κόσμου
1681 5329 2017 5399 συστάσεως,

455 5394 513 5467 Si
540 5399 664 5467 quid
692 5394 804 5451 erat
850 5410 968 5453 ante
1001 5394 1422 5452 constitutionem
1453 5394 1634 5450 mundi
1669 5397 1828 5464 hujus
1853 5413 2016 5467 sensi-

453 5465 569 5537 bilis
594 5477 747 5536 atque
796 5471 1122 5537 corruptioni
1171 5467 1407 5529 obnoxii,
1465 5477 1557 5519 aut
1591 5469 1634 5537 si
1673 5471 1828 5537 modo
1858 5465 2015 5534 fuerit

449 5535 739 5608 quidpiam,
759 5549 864 5592 etc.
899 5535 977 5591 Eii
1003 5540 1202 5608 quibus
1224 5537 1562 5605 intelligitur,
1595 5535 1849 5608 Basiliam
1877 5538 2014 5588 hanc

450 5607 518 5656 de
551 5607 860 5674 angelorum
895 5605 1322 5676 prteexsistentia
1341 5605 2013 5667 sententiamdubitanter,

453 5688 957 5747 nonLa__s-se\'eranter
983 5679 1346 5747 proposuisse.

525 5742 756 5814 (35)7lta
793 5749 960 5803 editio
983 5742 1144 5805 Bas-il.
1184 5758 1235 5803 et
1261 5759 1390 5801 mss.
1434 5755 1666 5814 septem.
1704 5743 1880 5800 Editio
1912 5745 2016 5800 Pa-

451 5813 546 5868 ris.
571 5813 743 5873 ταῦτα
770 5815 892 5888 γάρ.

2135 1966 2242 2017 sive
2272 1965 2469 2029 throni,
2500 1967 2608 2020 sive
2633 1967 3018 2021 dominationes
3037 2008 3052 2032 ,
3089 1969 3192 2022 sive
3224 1968 3572 2035 principatus,
3600 1969 3710 2022 sive

2136 2069 2434 2126 potestates,
2470 2063 2574 2117 sive
2597 2067 2816 2118 virtutes
2839 2063 2881 2129 ⁸,
2903 2065 3016 2121 sire
3049 2065 3361 2136 angelorum
3397 2068 3666 2122 exercitus
3686 2107 3702 2130 ,

2135 2153 2251 2205 sive
2289 2153 2734 2224 archangelorum
2768 2153 3122 2223 praefecturae.
3148 2155 3283 2210 Tum
3307 2158 3522 2211 demum
3553 2173 3706 2226 opor-

2139 2244 2304 2306 tebat,
2339 2255 2391 2298 ct
2423 2247 2563 2300 hunc
2606 2247 2859 2300 mundum
2901 2248 3060 2301 rebus
3087 2247 3197 2315 jam
3227 2251 3563 2302 exstantibus
3613 2249 3712 2303 ad-

2133 2335 2309 2406 iungi,
2345 2338 2434 2406 qui
2471 2349 2618 2391 esset
2659 2339 2710 2391 in
2747 2339 2934 2408 primis
2971 2339 3200 2393 idoneus
3235 2339 3382 2394 locus
3421 2343 3709 2395 edocendis

2137 2428 2426 2483 animabus
2455 2429 2729 2482 hominum
2767 2439 2928 2497 atque
2971 2429 3318 2484 erudiendis:
3347 2429 3468 2484 dein
3503 2433 3553 2484 in
3590 2431 3712 2484 uni-

2138 2533 2373 2582 versum,
2425 2530 2480 2572 ut
2500 2532 2678 2589 aptum
2709 2521 2918 2574 cunctis
2945 2523 3106 2574 rebus
3129 2537 3249 2590 qua:
3281 2525 3617 2591 generationi
3654 2534 3710 2580 et

2137 2614 2465 2682 corruptioni
2496 2614 2741 2668 obnoxia:
2787 2626 2934 2678 sunt,
2966 2616 3292 2668 domicilium
3324 2618 3484 2670 foret.
3518 2615 3710 2686 Itaque

2139 2701 2263 2756 huic
2299 2705 2496 2756 mundo
2542 2703 2930 2772 productisque
2964 2703 3018 2757 in
3070 2704 3184 2772 ipso
3237 2713 3348 2758 tum
3383 2707 3710 2762 animalibus

2139 2803 2248 2847 tum
2284 2793 2480 2861 plantis
2532 2793 2588 2863 6
2619 2789 2794 2846 afﬁnis
2828 2793 2968 2846 facta
2998 2805 3080 2848 est
3122 2796 3377 2864 temporis
3412 2798 3706 2862 successio,

2137 2900 2254 2954 qua:
2278 2900 2492 2955 semper
2520 2895 2762 2954 urgetur,
2794 2884 3214 2956 pratterﬂuitque
3235 2925 3249 2951 ,
3283 2901 3379 2940 nec
3406 2901 3641 2956 unquam
3675 2904 3705 2942 a

2137 2994 2295 3033 cursu
2325 2979 2574 3046 quiescit.
2615 2979 2806 3032 Annon
2847 2976 3107 3045 ejusmodi
3145 2987 3229 3033 est
3280 2988 3520 3048 tempus,
3555 2979 3709 3050 cujus

2136 3086 2262 3142 pars
2289 3072 2557 3140 praeterita
2587 3070 2827 3136 evanuit,
2862 3070 3042 3124 futura
3073 3073 3309 3126 nondum
3338 3071 3526 3136 adest,
3565 3088 3704 3140 prae-

2137 3174 2262 3214 sens
2295 3175 2510 3214 sensum
2551 3162 2700 3228 prius
2751 3161 2885 3231 fugit
2927 3175 3090 3230 quam
3135 3163 3532 3231 cognoscatur?
3565 3163 3704 3232 Quin

2137 3254 2298 3306 etiam
2335 3253 2454 3306 talis
2479 3254 2692 3306 exsistit
2725 3267 2910 3306 eorum
2948 3269 3068 3323 qua:
3098 3253 3232 3308 fiunt
3260 3267 3472 3320 natura,
3502 3265 3593 3310 aut
3612 3271 3706 3310 au-

2135 3359 2362 3413 gescens
2411 3347 2665 3411 omnino,
2717 3355 2812 3399 aut
2860 3346 3114 3400 deficiens
3143 3390 3158 3414 ,
3215 3363 3314 3402 nec
3358 3353 3710 3418 conspicuam

2137 3437 2446 3491 ﬁrmitatem
2472 3445 2563 3490 aut
2602 3437 2951 3491 stabilitatem
2977 3440 3242 3494 obtinens.
3280 3439 3466 3509 Itaque
3499 3442 3705 3496 anima-

2140 3526 2269 3581 lium
2298 3527 2656 3596 stirpiuinque
2681 3543 2932 3597 corpora,
2965 3545 3083 3598 quae
3108 3531 3174 3585 ad
3197 3529 3487 3587 fluxionem
3517 3549 3709 3602 quam-

2140 3621 2281 3689 piam
2315 3622 2637 3675 necessitate
2674 3623 3063 3691 astringuntnr,
3103 3639 3329 3692 quisque
3364 3626 3586 3679 tnotioni
3616 3642 3708 3694 ge-

2136 3711 2433 3766 nerationis
2513 3712 2982 3782 corruptionisque
3050 3715 3404 3769 conciliatrici
3471 3717 3700 3771 obnoxia

2137 3812 2282 3868 sunt,
2310 3817 2409 3870 par
2431 3812 2547 3855 erat
2572 3818 2601 3854 a
2628 3804 2887 3871 temporis
2907 3812 3093 3856 natura
3119 3807 3504 3873 proprietatem
3530 3819 3704 3859 muta-

2135 3895 2333 3950 bilibus
2375 3906 2658 3965 cognatam
2701 3896 2934 3949 habente
2979 3898 3267 3950 contineri.
3309 3896 3445 3951 llinc
3476 3899 3566 3966 qui
3605 3913 3704 3952 nos

2138 3987 2321 4040 mundi
2353 3998 2529 4040 ortum
2581 3988 2848 4055 sapienter
2895 3991 3102 4053 edocet,
3142 3990 3444 4043 habendum
3490 3990 3556 4044 de
3587 3991 3704 4059 ipso

2135 4093 2439 4132 sermonem
2470 4089 2592 4148 apte
2620 4095 2904 4150 aggressus
2933 4092 3014 4134 est
3039 4123 3053 4147 ,
3080 4081 3264 4136 dicens
3291 4097 3306 4134 :
3347 4079 3412 4134 In
3441 4081 3720 4150 principio,

2136 4169 2294 4237 fecit;
2321 4171 2427 4222 hoc
2453 4177 2556 4230 est,
2582 4170 2632 4222 in
2661 4184 2726 4223 eo
2757 4171 3012 4240 temporis
3035 4171 3318 4240 principio.
3353 4170 3560 4225 Etenim
3597 4185 3702 4224 non

2135 4260 2278 4329 quod
2323 4259 2577 4313 mundum
2623 4260 2782 4314 rebus
2822 4261 3069 4316 omnibus
3115 4261 3344 4316 conditis
3378 4261 3702 4330 antiquitate

2136 4353 2329 4420 praxire
2364 4361 2609 4418 testetur,
2637 4355 2711 4406 ait
2732 4369 2853 4408 eum
2881 4353 2933 4407 in
2974 4354 3236 4423 principio
3264 4351 3465 4406 factum
3495 4351 3700 4415 fuisse;

2137 4443 2232 4498 sed
2263 4453 2450 4498 narrat
2489 4445 2587 4500 has
2619 4461 2705 4499 res
2733 4445 2972 4500 visibiles
3008 4458 3070 4500 ac
3101 4441 3382 4500 senSibiles
3405 4452 3526 4514 post
3558 4442 3698 4495 invi-

2205 4766 2315 4838 (56)
2349 4765 2478 4835 Reg.
2528 4765 2746 4838 quintus
2776 4763 3215 4838 προηγούμενον.
3277 4764 3698 4838 Εάἰιίῌοιγηιυῐιί

2132 4834 2262 4891 mss.
2279 4834 2743 4916 προηγουμένως.
2772 4834 2892 4890 MO:
2932 4836 3083 4890 Colb.
3123 4838 3332 4904 primus
3371 4834 3479 4888 τῶν
3502 4837 3704 4908 ἡμετέ-

2161 4925 2234 4961 ων
2263 4923 2469 4961 ψυγων.

2129 4925 2234 4979 ρων
2263 4905 2469 4974 ψυχῶν.
3548 4905 3557 4908 ’

2143 5047 2158 5048 7
2199 4979 2305 5048 (57)
2337 4975 2475 5048 Editi
2524 4967 2657 5048 οἷον.
2689 4974 2758 5027 At
2791 4990 2917 5048 mss.
2950 4985 3199 5048 quatuor
3250 4975 3433 5032 οἱονεί.
3492 4975 3689 5032 Statim

2127 5044 2513 5114 Cothprimus
2535 5044 2746 5112 γένεσιν
2777 5044 2872 5097 καὶ
2903 5044 2995 5112 φθ.

2201 5116 2314 5186 (58)
2339 5115 2438 5169 Hic
2493 5116 2633 5186 inter
2673 5130 2733 5169 se
2762 5117 2969 5186 variant
2998 5115 3165 5186 nostri
3199 5123 3309 5186 tuin
3349 5114 3562 5186 calamo
3605 5131 3703 5170 no-

2132 5189 2249 5250 tati,
2290 5184 2397 5238 tum
2425 5184 2563 5254 typis
2597 5185 2861 5253 descripti.
2889 5185 3028 5238 libri.
3067 5185 3242 5238 Editio
3280 5185 3443 5238 Basil.
3462 5193 3518 5238 et
3549 5185 3700 5255 Regii

2129 5259 2338 5324 primus
2357 5265 2412 5308 et
2429 5255 2691 5322 septimus
2713 5271 2836 5308 cum
2861 5254 3013 5324 ϐου).
3044 5257 3279 5324 secundo
3296 5265 3350 5308 et
3378 5271 3499 5307 cum
3533 5254 3697 5310 Cole.

2128 5323 2312 5400 itidem
2331 5325 2563 5400 secundo
2579 5323 3112 5400 xsxcqpéwp._lj3ditio
3129 5323 3307 5378 Paris.
3330 5324 3697 5400 κεκτημένης.

2123 5396 2277 5449 Colb.
2309 5397 2511 5466 primus
2539 5393 2884 5465 κεκτημένοι.
2926 5393 3058 5462 Reg.
3091 5404 3274 5466 sextus
3315 5393 3697 5466 κεκτημένοις.

2126 5467 2279 5534 ltegii
2309 5463 2578 5520 secundus
2605 5463 2900 5536 etquintus
2933 5479 3056 5536 cum
3086 5463 3248 5518 Coisl.
3287 5463 3700 5536 prinio'acsntq-

2127 5536 2337 5606 μένου-ε
2367 5551 2528 5604 quam
2571 5536 2821 5606 ultimam
2858 5535 3141 5588 lectionem
3193 5537 3403 5590 caneris
3454 5535 3698 5604 praetuli-

2125 5604 2274 5667 inus;
2308 5621 2411 5656 non
2443 5604 2583 5671 quod
2632 5606 2916 5658 conveniat
2967 5606 3138 5674 magis
3185 5619 3345 5671 quam
3392 5606 3554 5667 lectio
3587 5609 3702 5660 edi-

2125 5678 2285 5729 tionis
2323 5675 2664 5732 Parisiensis.
2695 5675 2790 5728 sed
2814 5675 2953 5741 quod
2978 5675 3182 5743 aliquot
3225 5677 3472 5731 codicum
3515 5688 3702 5730 aucto«

2126 5757 2284 5800 τιιιιιθ
2319 5757 2426 5796 tnta
2436 5756 2540 5795 llll‘.

2199 5815 2308 5887 1.39)
2341 5814 2414 5868 lia
2448 5829 2496 5867 tu
2511 5828 2579 5895 ss1
2611 5815 2867 5881 quinque.
2905 5812 3045 5869 Edili
3069 5826 3196 5870 vero
3221 5817 3249 5869 ὁ
3282 5815 3464 5884 σοφός.
