4082 6218
377 282 448 339 15
1067 295 1072 300 ’
1745 282 1802 340 S.
1839 283 1964 340 ΒΑΕ

2067 282 2089 338 1
2129 283 2342 341 MAGNI
3563 278 3633 335 18

370 398 558 456 sibilos
585 412 648 454 ac
673 395 985 468 splrituales
1030 394 1572 467 exsistere'cmpisse.
1621 395 1690 452 Et
1728 399 1944 467 quidem

2064 399 2191 471 tm
2216 399 2311 454 καὶ
2343 400 2377 470 ἡ
2405 398 2596 470 πρώτη
2620 399 2852 468 κίνησις·
2881 397 2977 461 ὡς.
3013 395 3195 465 Ἀρχὴ
3223 394 3368 450 όδσῦ
3399 392 3634 464 ἀγαθῆς

370 491 580 562 primus
621 489 789 543 etiam
855 494 1032 542 motus
1075 485 1399 556 principium
1440 487 1679 542 dicitur:
1715 490 1945 560 exempli

373 598 539 639 causa
578 599 593 636 :
621 579 953 648 Principium
986 581 1084 634 ria
1102 584 1272 648 bona,
1303 581 1479 650 facere
1509 581 1655 650 justo
1670 582 1728 654 ’.Ι
1747 582 1877 636 Nam
1914 599 1945 636 a

370 673 530 743 iustis
553 673 856 728 actionibus
878 672 1113 742 primum
1138 689 1418 729 movemur
1436 674 1502 728 ad
1527 673 1739 730 beatam
1758 676 1944 729 vitam.

373 765 583 821 Rursus
621 765 946 836 principium
995 766 1158 820 etiam
1204 765 1400 820 dicitur
1447 767 1589 820 unde
1619 767 1678 820 (it
1706 765 1941 834 aliquid;

374 873 498 913 cum
521 859 730 911 scilicet
761 857 903 911 aliud
943 859 1095 915 inest.
1129 857 1207 911 uti
1237 857 1640 913 fundamentum
1682 859 1734 912 in
1763 859 1942 922 domo,

2046 491 2113 544 τὸ
2151 491 2346 546 ποιεῖν
2375 491 2596 544 δίκαια·
2650 490 2762 544 ἀπὸ
2800 489 2910 562 γὰρ
2958 489 3066 542 τῶν
3107 487 3332 542 δικαίων
3378 487 3632 559 πράξεων

2049 585 2264 656 πρῶτον
2311 583 2608 654 κινούμεθα
2651 582 2788 654 πρὸς
2815 581 2907 635 τὸν
2933 581 3201 653 μακάριον
3243 579 3377 650 βίονο
3414 579 3633 648 λέγεται

2048 677 2104 730 δὲ
2131 677 2273 749 ἁρχὴ
2319 677 2414 732 καὶ
2441 678 2562 732 ὅθεν
2609 676 2818 745 γίνεταί
2859 693 2930 741 τι,
2965 675 3060 729 τοῦ
3089 673 3200 745 (40)
3235 673 3633 745 ἐνυπάρχοντος

2052 767 2202 837 αὐτῷ
2223 767 2432 838 ἑτέρου,
2455 768 2531 830 ὡς
2566 767 2658 820 ἐπὶ
2682 766 2858 830 οἰκίας
2888 765 3155 836 θεμέλιος,
3197 765 3291 817 xui
3324 765 3418 816 ἐπὶ
3443 763 3632 816 πλοίου

2050 860 2083 930 ἡ
2123 858 2334 930 τρόπις,
2377 858 2510 911 καθὸ
2552 858 2786 930 εἴρηται·
2835 856 3017 927 Ἀρχὴ
3045 856 3266 924 σοφίας
3290 854 3474 924 φόϐος
3515 856 3634 908 Κυ-

375 961 430 1004 ει
460 949 646 1005 carina
681 950 734 1004 in
773 953 931 1014 navi;
963 949 1120 1019 juxta
1150 965 1310 1018 quam
1339 950 1705 1018 acceptionem
1743 951 1942 1004 dictum

2064 951 2202 1004 σίου.
2247 947 2374 1004 Οἷον
2413 951 2523 1022 γάρ
2572 952 2778 1022 κρηπὶς
2822 951 2916 1004 xui.
2958 949 3156 1021 βάθρον
3189 949 3299 1019 (41)
3340 947 3477 1016 πρὸς
3527 947 3634 1017 τὴν

373 1048 497 1094 est:
537 1037 869 1108 Principium
897 1041 1186 1109 sapientior,
1225 1042 1383 1094 timor
1417 1038 1629 1093 Domini
1669 1039 1732 1092 ³ο.
1765 1039 1944 1094 Pietas

375 1131 522 1187 enim
551 1142 636 1186 est
669 1133 812 1186 velut
856 1135 998 1187 basis
1025 1149 1090 1189 ac
1118 1133 1526 1188 fundamentum
1560 1133 1626 1187 ad
1660 1133 1946 1201 perfectio-

374 1238 521 1278 nem.
568 1224 660 1278 Est
697 1234 748 1277 et
785 1223 1146 1278 artificialium
1189 1239 1412 1294 operum
1455 1225 1776 1294 principium
1808 1242 1942 1290 ars;

376 1313 520 1367 sicut
548 1311 834 1368 Beseleelis
869 1315 1154 1384 sapientia.
1181 1324 1403 1368 ornatus
1431 1316 1760 1370 tabernaculi
1795 1318 1945 1387 prin-

376 1405 579 1475 cipium
623 1414 761 1460 erat.
793 1406 931 1471 Quin
964 1415 1018 1459 et
1058 1405 1202 1460 utilis
1233 1405 1358 1461 ﬁnis
1390 1421 1578 1460 eorum
1620 1423 1741 1475 quae
1776 1409 1942 1474 ﬁunt,

379 1499 698 1567 plerumque
741 1499 1013 1552 actionum
1049 1507 1133 1552 est
1183 1497 1530 1566 principium,
1554 1499 1700 1553 verbi
1746 1501 1940 1570 gratia,

2049 1043 2325 1097 τελείωσιν
2376 1046 2409 1114 ἠ
2452 1044 2726 1098 εὐλάϐεια.
2779 1043 2947 1115 Ἀρχὴ
2981 1043 3037 1098 δὲ
3091 1044 3185 1097 καὶ
3216 1042 3324 1095 τῶν
3367 1039 3635 1110 τεχνικῶν

2051 1133 2228 1206 ἔργων
2269 1138 2300 1207 ἡ
2335 1137 2520 1207 τέχνηο
2551 1138 2627 1202 ὠς
2661 1139 2694 1208 ἡ
2725 1138 2885 1207 σοφία
2921 1136 3205 1209 Βεσελεὴλ,
3234 1134 3328 1187 τοῦ
3366 1136 3491 1206 περὶ
3533 1131 3633 1203 τὴν

2053 1227 2259 1298 σκηνὴν
2293 1229 2520 1300 κόσμου.
2565 1229 2733 1301 Ἀρχὴ
2762 1230 2819 1282 δὲ
2847 1229 3099 1300 πράξεων
3145 1227 3406 1290 πολλάκις
3431 1226 3524 1278 καὶ
3569 1226 3635 1278 τὺ

2051 1319 2349 1391 εὔχρηστον
2369 1321 2519 1386 τέλος
2542 1321 2648 1375 τῶν
2687 1321 3006 1392 γινομένων·
3039 1321 3111 1384 ὼς
3129 1319 3228 1388 τῆς
3266 1317 3635 1389 ἐλεημοσύνης

2049 1411 2082 1480 ή
2115 1411 2267 1481 παρὰ
2293 1412 2427 1466 Θεοῦ
2455 1413 2714 1484 ἀποδοχὴ,
2775 1420 2870 1466 xui.
2909 1412 3090 1479 πάσης
3135 1412 3236 1482 τῆς
3278 1411 3399 1463 κατ’
3433 1407 3638 1480 ἀρετὴν

2051 1504 2332 1574 ἐνεργείας
2364 1505 2424 1558 τὸ
2447 1507 2505 1558 ὲν
2531 1505 2884 1574 ἐπαγγελίαις
2900 1504 3259 1575 ἀποκείμενον
3285 1501 3455 1564 τέλος.

378 1591 708 1648 concilianda
753 1590 844 1644 Dei
875 1590 1046 1658 gratia
1089 1589 1440 1662 eleemosynae
1485 1591 1806 1660 principium
1835 1603 1934 1647 est.
1977 1593 2104 1650 ltem
2168 1599 2559 1667 promissorum
2617 1595 2763 1663 finis,
2822 1597 3051 1651 actionis
3077 1595 3446 1663 cujuscunque
3477 1607 3509 1647 a
3535 1591 3642 1644 vir-

381 1695 492 1759 tnte
521 1683 908 1753 proﬁciscentis
931 1693 1014 1740 est
1035 1684 1382 1754 principium.

449 1774 502 1830 6.
543 1774 675 1829 Cum
699 1775 862 1845 igitur
893 1784 970 1830 tot
993 1776 1166 1828 modis
1195 1776 1406 1829 dicatur
1432 1775 1751 1844 principium
1771 1817 1788 1842 ,
1818 1791 1947 1830 con-

2119 1780 2171 1834 6.
2203 1778 2570 1848 Τοσαυταχῶς
2598 1772 2690 1830 οὖν
2723 1776 3024 1848 λεγομένης
3055 1778 3154 1846 τῆς
3204 1774 3401 1846 ἀρχῆς,
3442 1774 3636 1827 σκόπει
3677 1755 3691 1768 ⁸

379 1868 586 1924 sideres
615 1868 798 1933 velim,
828 1882 965 1922 eane
1001 1883 1099 1922 vox
1135 1868 1366 1937 singulis
1393 1869 1712 1936 significatis
1749 1885 1950 1923 conve-

382 1961 513 2015 niat.
543 1959 753 2014 Etenim
795 1976 825 2014 a
857 1975 966 2029 quo
1014 1968 1254 2028 tempore
1281 1969 1548 2013 structura
1587 1959 1767 2014 inundi
1798 1960 1955 2028 hujus

379 2054 628 2123 coeperit,
652 2054 860 2110 discere
884 2065 1068 2121 poles;
1102 2054 1146 2107 si
1185 2055 1344 2107 modo
1379 2069 1443 2108 ex
1489 2056 1738 2123 praesenti
1769 2056 1834 2108 ad
1857 2071 1955 2109 su-

381 2144 626 2216 periores
655 2152 841 2196 aetates
865 2157 1205 2212 progressus,
1243 2143 1472 2210 primam
1503 2141 1729 2211 originis
1771 2143 1955 2198 mundi

381 2235 525 2289 diem
553 2233 795 2288 invenire
834 2231 1149 2286 contendas.
1195 2231 1308 2286 Hoc
1339 2247 1576 2302 namque
1609 2245 1764 2302 pacto
1801 2251 1956 2304 repe-

384 2326 528 2390 ries,
583 2323 726 2378 unde
773 2323 901 2377 insit
945 2321 1170 2390 tempori
1223 2315 1400 2377 motus
1442 2325 1691 2392 primus:
1741 2325 1954 2389 deinde,

383 2417 528 2486 quod
559 2425 816 2484 tanquam
848 2413 1196 2468 fundamenta
1221 2414 1466 2484 quaedam
1497 2425 1549 2469 et
1573 2414 1734 2469 bases
1759 2414 1956 2470 caelum

385 2521 440 2564 et
471 2521 612 2564 terra
648 2515 962 2577 pmstructa
996 2507 1108 2560 sint
1139 2522 1154 2560 :
1182 2515 1290 2560 tum
1317 2548 1331 2572 ,
1370 2509 1511 2576 quod
1572 2509 1641 2561 sit
1695 2508 1957 2561 industria

387 2602 631 2673 quaedam
683 2603 824 2657 ratio
852 2615 994 2671 quae,
1047 2599 1124 2653 uti
1172 2598 1266 2653 tibi
1297 2614 1398 2654 vox
1451 2599 1698 2668 principii
1729 2599 1957 2663 indicat,

387 2710 568 2748 rerum
595 2693 886 2748 visibilium
917 2700 1113 2761 praeest
1152 2689 1366 2744 ornatui
1403 2705 1466 2744 ac
1494 2689 1691 2744 ordini.
1717 2691 1959 2760 Denique

387 2785 756 2854 deprehendes
776 2785 1136 2854 excogitatum
1163 2782 1326 2838 fuisse
1345 2784 1602 2836 mundum
1627 2798 1732 2836 non
1759 2793 1962 2836 temere

389 2893 564 2946 neque
591 2877 792 2931 frustra
821 2917 836 2940 ,
877 2877 972 2931 sed
1017 2877 1083 2930 ad
1127 2877 1287 2930 tinem
1341 2874 1629 2944 quemdam
1657 2874 1840 2928 utilem
1863 2913 1878 2937 ,
1907 2882 1962 2928 et

388 2982 584 3038 magno
633 2968 752 3021 usui
798 2967 1009 3022 cunctis
1054 2967 1217 3021 rebus
1266 2965 1507 3018 futurum
1537 2983 1550 3019 :
1585 2965 1850 3034 siquidem
1879 2973 1962 3018 est

391 3073 579 3113 revera
609 3058 910 3112 animarum
955 3057 1163 3112 ratione
1206 3057 1550 3127 praeditarnm
1592 3057 1957 3126 gymnasium;

393 3161 449 3207 et
479 3151 628 3207 locus
650 3160 732 3206 est
760 3151 813 3205 in
844 3165 950 3219 quo
974 3149 1066 3204 Dei
1094 3160 1437 3219 comparatur
1465 3149 1700 3218 cognitio
1726 3169 1738 3203 :
1764 3149 1961 3218 quippe
1988 3127 2030 3185 (ἶ

392 3261 490 3315 per
522 3260 610 3299 res
641 3244 880 3299 visibiles
920 3244 1308 3312 sensibilesque
1351 3251 1584 3296 mentem
1615 3241 1768 3311 quasi
1803 3256 1962 3294 manu

391 3336 542 3390 ducit
563 3333 993 3389 adinvisibilium
1018 3333 1562 3398 contemplationem;
1591 3331 1667 3385 uti
1713 3333 1790 3385 ait
1826 3333 1968 3401 Apo-

395 3425 610 3482 stolus:
649 3425 947 3480 Inuisibilia
995 3441 1026 3477 a
1069 3435 1314 3478 creatura
1350 3424 1694 3492 mundi,.per
1743 3440 1804 3476 ea
1845 3439 1964 3491 quae

395 3520 537 3588 facta
571 3527 690 3571 sunt
713 3556 730 3581 ,
779 3515 1038 3570 intellecta
1086 3514 1565 3582 conspiciuntur“.
1597 3518 1708 3568 Aut
1738 3513 1968 3568 fortasse

395 3611 520 3680 quia
582 3608 854 3679 opificium
893 3608 1020 3661 illud
1065 3607 1117 3660 in
1165 3616 1438 3661 momento
1502 3614 1556 3660 et
1607 3606 1743 3658 citra
1803 3604 1966 3657 ullam

397 3703 655 3771 temporis
684 3715 889 3755 moram
918 3698 1220 3755 absolutum
1250 3710 1353 3762 est,
1375 3697 1494 3753 ideo
1512 3698 1714 3752 dictum
1738 3697 1789 3768 7
1821 3696 1920 3750 fuit
1953 3716 1966 3751 :

398 3793 468 3848 In
519 3794 777 3862 principio
823 3795 985 3864 fecit;
1031 3791 1466 3860 quandoquidem
1512 3789 1836 3858 principium
1887 3796 1972 3842 est

397 3887 651 3957 quiddam
687 3885 995 3951 insecabile,
1038 3899 1104 3938 ac
1146 3882 1496 3938 dimensionis
1527 3895 1740 3949 expers.
1771 3880 1972 3946 Quem-

399 3979 688 4034 admodum
726 3979 868 4032 enim
911 3977 1230 4047 principium
1277 3975 1416 4040 viae,
1456 3975 1690 4027 nondum
1733 3981 1817 4027 est
1863 3972 1970 4036 via,

399 4082 458 4126 et
489 4071 681 4126 domus
719 4070 1040 4140 principium
1067 4107 1083 4132 ,
1120 4082 1460 4136 nequaquam
1499 4067 1691 4120 domus
1724 4075 1809 4120 est
1838 4083 1853 4120 :
1894 4065 1976 4119 sic

402 4173 460 4218 et
495 4161 751 4230 temporis
796 4161 1157 4231 principium,
1193 4159 1428 4212 nondum
1478 4168 1690 4225 tempus
1723 4165 1841 4220 est,
1869 4157 1975 4209 imo

403 4269 579 4323 neque
605 4269 731 4324 pars
765 4254 933 4322 ipsius
973 4252 1213 4306 minima.
1244 4250 1392 4317 Quod
1421 4249 1466 4304 si
1500 4248 1770 4318 quispiam
1810 4250 1977 4301 alter-

402 4362 536 4404 cans
563 4348 708 4402 dicat
741 4346 1066 4416 principium
1111 4353 1322 4413 tempus
1352 4357 1503 4407 esse;
1541 4341 1590 4396 is
1627 4341 1730 4395 sibi
1766 4341 1891 4394 illud
1923 4342 1975 4394 in

2053 1876 2102 1928 εἰ
2148 1873 2222 1945 μὴ
2277 1874 2412 1925 πᾶσι
2454 1873 2565 1934 τοῖς
2614 1869 3032 1941 σημαινομένοις
3086 1870 3119 1940 ὴ
3180 1865 3433 1938 παροῦσα
3485 1864 3637 1936 φωνὴ

1982 2010 1994 2020 .
2055 1966 2376 2037 ἐφαρμόσει.
2419 1964 2526 2018 Καὶ
2564 1963 2672 2035 γάρ
2706 1964 2798 2031 ἀφ’
2853 1956 2915 2016 οὗ
2960 1961 3150 2032 χρόνου
3207 1961 3414 2031 ἤρξατο
3464 1960 3497 2028 ὴ
3537 1957 3637 2010 τοῦ

2055 2060 2260 2130 κόσμου
2291 2058 2482 2110 τούτου
2525 2057 2802 2118 σύστασις,
2820 2055 3041 2108 δυνατόν
3077 2070 3156 2106 σοι
3198 2052 3408 2123 μαθεῖν,
3435 2051 3528 2104 ἐάν
3550 2068 3637 2120 γε,

2057 2153 2123 2206 ὲκ
2165 2149 2258 2204 τοῦ
2278 2150 2544 2222 παρόντος
2571 2150 2650 2210 εἰς
2673 2148 2734 2201 τὸ
2761 2148 2990 2200 κατόπιν
3021 2143 3378 2209 ἀναποδίζων,
3409 2143 3641 2213 φιλονει-

2057 2243 2234 2313 κήσῃς
2266 2241 2374 2311 (42)
2407 2242 2586 2312 εὑρεῖν
2602 2239 2696 2310 τὴν
2716 2238 2937 2310 πρώτην
2968 2239 3178 2310 ἡμέραν
3192 2238 3293 2306 τῆς
3318 2237 3410 2290 τοῦ
3433 2238 3639 2305 κόσμου

2057 2335 2342 2402 γενέσεως.
2380 2334 2649 2404 Εὐρήσεις
2695 2331 2803 2403 γὰρ
2848 2331 3039 2394 οὕτως,
3079 2330 3245 2384 πόθεν
3277 2330 3354 2400 τῷ
3389 2329 3566 2400 χρόνῳ
3602 2329 3636 2398 ἡ

2059 2427 2250 2497 πρώτη
2278 2425 2512 2495 κίνησις,
2555 2423 2766 2484 ἔπειτα,
2797 2424 2879 2475 ὅτι
2921 2423 3013 2474 καὶ
3043 2420 3204 2473 οἱονεὶ
3231 2419 3470 2490 θεμέλιοί
3495 2435 3641 2481 τινες

2059 2518 2156 2572 xui
2185 2517 2449 2589 κρηπῖδες
2485 2514 3006 2586 προκατεῦλήθησαν
3035 2515 3063 2566 ό
3108 2512 3336 2582 οὐρανὸς
3368 2512 3461 2565 καὶ
3485 2512 3518 2580 ὴ
3544 2510 3637 2579 γῆ*

2059 2605 2198 2672 εἶτα,
2217 2609 2298 2660 ὅτι
2325 2606 2438 2660 ἐστι
2463 2623 2546 2668 τις
2563 2605 2806 2676 τεχνικὸς
2831 2605 2986 2672 λόγος
3013 2606 3041 2657 ὁ
3070 2602 3523 2672 καθηγησάμενος
3542 2600 3643 2670 τῆς

2058 2700 2168 2754 τῶν
2215 2699 2506 2771 ὁρωμένων
2534 2697 2966 2766 διακοσμήσεως,
2999 2695 3075 2758 ὡς
3107 2691 3439 2747 ὲνδείκνυταί
3470 2708 3549 2743 σοι
3602 2693 3637 2761 ή

2061 2790 2213 2860 φωνὴ
2241 2790 2340 2860 τῆς
2377 2789 2572 2860 ἀρχῆς·
2611 2789 2706 2840 xui.
2746 2787 2807 2839 τὸ
2837 2787 2910 2858 μὴ
2931 2786 3053 2856 εἰκῆ
3095 2785 3228 2856 μηδὲ
3260 2784 3454 2854 μάτην,
3506 2780 3644 2834 ἀλλὰ

2063 2883 2199 2953 πρός
2226 2899 2278 2936 τι
2305 2881 2458 2944 τέλος
2483 2879 2755 2950 ὠφέλιμον
2785 2879 2879 2931 xui.
2909 2877 3148 2948 μεγάλην
3176 2875 3362 2947 χρείαν
3399 2875 3510 2937 τοῖς
3525 2868 3643 2925 οὖσι

2065 2972 2544 3043 συνεισφερόμενον
2574 2968 2948 3039 ὲπινενοῆσθαι
2982 2968 3090 3038 (45)
3111 2967 3202 3020 τὸν
3231 2966 3453 3036 κόσμον,
3487 2963 3644 3033 εἴπερ

2063 3066 2140 3137 τῷ
2171 3065 2284 3118 ὄντι
2312 3063 2499 3135 ψυχῶν
2534 3062 2766 3132 λογικῶν
2795 3061 3164 3115 διδασκαλεῖον
3201 3059 3298 3112 xui.
3318 3056 3646 3125 θεογνωσίας

2065 3159 2182 3212 ἐστὶ
2211 3157 2610 3226 παιδευτήριον,
2651 3154 2738 3207 διὰ
2775 3154 2881 3206 τῶν
2915 3153 3204 3223 ὁρωμένων
3235 3150 3329 3203 καὶ
3373 3146 3647 3217 αἰσθητῶν

2064 3246 2434 3319 χειραγωγίαν
2460 3244 2536 3315 τῷ
2559 3243 2634 3314 νῷ
2656 3243 3029 3314 παρεχόμενος
3076 3241 3186 3310 (44)
3240 3239 3376 3311 πρὸς
3399 3238 3497 3308 τὴν
3520 3236 3651 3288 θεω-

2067 3339 2188 3412 ρίαν
2219 3338 2327 3392 τῶν
2360 3339 2630 3410 ἀοράτων,
2684 3335 2827 3388 καθά
2876 3351 3042 3406 φησιν
3093 3336 3121 3386 ό
3166 3329 3508 3390 Ἀπόστολος,
3563 3328 3649 3380 ὅτι

2073 3432 2147 3484 Τὰ
2168 3431 2392 3498 ἀόρατα
2423 3429 2609 3482 αὐτοῦ
2635 3427 2753 3482 ἀπὸ
2778 3427 3031 3492 κτίσεως
3058 3427 3291 3492 κόσμου
3321 3421 3446 3486 τοῖς
3474 3419 3648 3486 ποιή-

2061 3538 2209 3591 μασι
2228 3521 2523 3589 νοούμενα
2555 3517 2891 3587 καθορᾶται.
2915 3519 2986 3570 Ἲί
3003 3517 3143 3586 τάχα
3171 3514 3258 3568 διὰ
3278 3515 3340 3567 τὸ
3364 3514 3650 3579 ἀκαριαῖον

2067 3615 2163 3668 xui.
2209 3614 2437 3684 ἄχρονον
2476 3613 2576 3682 τῆς
2617 3610 2976 3682 δημιουργίας
3001 3609 3216 3678 εἴρηται
3251 3606 3332 3670 τὸ,
3370 3606 3466 3658 Ἐν
3491 3599 3651 3671 ἀρχῇ

2069 3705 2378 3770 ἐποίησεν,
2410 3703 2596 3774 ἐπειδὴ
2631 3702 2836 3773 ἀμερές
2865 3717 2918 3754 τι
2950 3701 3044 3752 καὶ
3081 3697 3456 3764 ἀδιάστατονή
3486 3695 3648 3765 ἀρχή.

2081 3797 2169 3858 Ὠς
2199 3795 2306 3866 γὰρ
2333 3797 2365 3866 ἡ
2398 3794 2661 3866 ἀρχὴτῆς
2690 3793 2811 3847 ὁδοῦ
2836 3791 2988 3845 οὔπω
3019 3791 3158 3852 ὁδὸς.
3187 3789 3282 3841 xui.
3313 3791 3346 3858 ἡ
3379 3786 3520 3858 ἀρχὴ
3551 3785 3651 3853 τῆς

2071 3889 2248 3950 οἰκίας
2281 3888 2380 3940 οὑκ
2407 3887 2574 3947 οἰκία,
2615 3884 2760 3938 οὕτω
2788 3885 2880 3937 καὶ
2907 3885 2940 3954 ἡ
2979 3882 3073 3936 τοῦ
3119 3881 3310 3952 χρόνου
3341 3878 3480 3950 ἁρχὴ
3500 3875 3655 3929 οὓπω

2071 3978 2284 4050 χρόνος,
2337 3976 2451 4029 ἀλλ’
2483 3975 2603 4028 οὐδὲ
2633 3976 2798 4045 μέρος
2831 3973 2996 4027 αὐτοῦ
3025 3973 3086 4024 τὸ
3131 3971 3430 4039 ἐλάχιστον.
3493 3966 3556 4018 Εἰ
3595 3965 3654 4018 δὲ

2075 4067 2394 4138 φιλονεικῶν
2421 4084 2506 4129 τις
2549 4065 2739 4137 χρόνον
2772 4061 2911 4118 εἶναι
2947 4064 3094 4130 λέγοι
3135 4063 3233 4131 τὴν
3264 4059 3459 4130 ἀρχὴν,
3488 4073 3652 4124 γινω-

2077 4161 2276 4222 σκέτω,
2309 4161 2389 4212 ὄτι
2422 4158 2685 4229 διαιρήσει
2710 4155 2877 4226 αὐτὴν
2916 4158 2994 4216 εἰς
3031 4154 3099 4206 τὰ
3130 4153 3224 4205 τοῦ
3265 4151 3456 4221 χρόνου
3491 4148 3652 4218 μέρη.
3692 4211 3712 4227 ⁸

2077 4250 2261 4305 Ταῦτα
2304 4250 2361 4304 δέ
2390 4253 2558 4312 ἐστιν,
2601 4249 2764 4320 ἁρχὴ,
2800 4247 2894 4300 καὶ
2928 4246 3071 4316 μέσα
3116 4243 3250 4314 (45),
3283 4243 3378 4294 καὶ
3407 4239 3652 4308 τελευτή.

2091 4341 2290 4412 ’Δρχὴν
2319 4341 2377 4393 δὲ
2425 4340 2601 4411 ἀρχῆς
2638 4341 2873 4393 ὲπινοείν
2909 4336 3188 4399 παντελῶς
3230 4332 3652 4401 καταγέλαστον.

406 4439 662 4508 temporis
701 4447 880 4507 partes
922 4435 1262 4490 dividendum
1299 4447 1422 4489 esse
1465 4431 1625 4488 sciat.
1665 4430 1759 4484 lla:
1793 4440 1964 4483 autem

2080 4435 2190 4489 Καὶ
2224 4437 2251 4488 ό
2279 4433 2578 4504 διχοτομῶν
2612 4433 2709 4503 τὴν
2735 4430 2908 4502 ἀρχὴν
2945 4431 3038 4484 δύο
3089 4429 3302 4498 ποιήσει
3336 4425 3455 4478 ἀντὶ
3506 4424 3654 4495 μιᾶς,

405 4543 550 4596 ειιιιι,
593 4529 938 4602 principium,
987 4527 1258 4589 medium,
1292 4534 1347 4579 et
1389 4523 1532 4578 ﬁnis.
1567 4523 1728 4590 Atqui
1771 4520 1974 4590 princi-

433 4625 555 4678 tium
589 4622 838 4693 principii
867 4619 1174 4688 excogitare
1205 4632 1426 4687 prorsus
1457 4614 1744 4669 ridiculum
1775 4623 1876 4669 est.
1911 4613 1978 4667 Et

473 4804 496 4838 ⁸
533 4805 693 4862 Prov.
731 4816 842 4866 xvr,
873 4799 926 4854 5.
1003 4797 1045 4830 ⁸ο
1081 4796 1238 4851 Prov.
1268 4811 1308 4861 ι,
1333 4796 1388 4849 7.
1462 4793 1506 4825 “
1540 4791 1699 4847 Rom.
1734 4805 1774 4856 I,
1814 4788 1906 4847 εο.

483 4961 608 5034 (40)
623 4949 764 5016 Editi
798 4966 852 5034 ει
888 4971 1018 5011 mss.
1063 4951 1304 5034 nonnulli
1331 4951 1387 5004 τ“ι
1415 4947 1510 5003 τοῦ
1553 4951 1707 5034 ὲνυπ.
1882 4959 1979 5034 sex

409 5017 540 5105 mss.
570 5017 624 5086 ιίςὶ
652 5031 1076 5105 ἐνυπάρχοντοςἱ
1107 5022 1428 5105 Addidimus
1451 5034 1641 5105 vuocem
1679 5017 1864 5105 (ἑτέρομ
1902 5029 1980 5105 ἐι

411 5085 1008 5231 ξιῖιίέᾖεεευηᾱοῖἮοι
1033 5085 1174 5163 Reg.
1212 5092 1433 5161 quintus
1463 5089 1652 5160 ὥσπερ
1677 5085 1781 5140 ἐπι
1801 5085 1984 5148 οἰκίας

446 5192 533 5245 εμκ
583 5189 671 5245 ιοιτ
730 5241 745 5245 _
877 5234 910 5245 ,.
1006 5234 1020 5245 .
1082 5231 1104 5245 .
1358 5231 1372 5245 .
1449 5229 1462 5245 .
1505 5243 1544 5245 ,_
1615 5225 1728 5245 -..μ
1789 5224 1962 5245 ι--ρι,

487 5224 818 5315 uaccae:
860 5231 1124 5315 _Combsf-.
1159 5245 1306 5315 .cum.
1341 5229 1574 5315 duabus
1598 5225 1741 5315 aliis.
1786 5224 1993 5315 Ῡξῖδξίξῖ

415 5295 1203 5386 θρᾶξὴλᾶίηιιπεξςιεηιβοίεμλ
1225 5301 1384 5386 primi
1434 5300 1490 5386 ἰμι
1533 5297 1747 5386 modum
1793 5295 1984 5386 scholi‘i

417 5364 660 5462 ἔιῖιῦὸείἑε
685 5389 807 5462 διιιιι
825 5364 956 5438 "illa,
995 5364 1304 5462 ἓϊτοξάθὲαν
1321 5364 1988 5462 Ξειιέλιοςῖὲσξὶξέλὶἓῖ

414 5436 959 5521 έῗδάήὺποδήματος.
995 5445 1154 5508 Illud,
1179 5513 1190 5521 -
1211 5436 1552 5521 ὖτιοὸόιθρα,⁸
1567 5446 1662 5521 ιιι.
1683 5436 1993 5521 fundamen-

421 5507 553 5586 tum;
582 5532 655 5576 est
684 5507 888 5591 quoque
917 5507 1484 5591 genuacalceamemi.‘
1514 5507 1749 5591 Beseleel
1785 5515 1984 5591 autem,

419 5579 574 5659 cujus
595 5579 780 5645 statim
803 5579 1224 5659 commendatur
1259 5581 1552 5659 sapientia,
1585 5579 1677 5659 ille
1696 5585 1822 5659 erat
1851 5588 1990 5644 pra:-

418 5646 610 5732 cifiuus
637 5676 700 5716 ac
730 5659 945 5732 sapiens
971 5654 1186 5732 artifex,
1224 5646 1630 5732 q‘ui'przefectus
1652 5646 1830 5703 fuerat
1855 5659 1990 5700 con-

419 5720 651 5795 ﬁciendo
676 5720 1046 5790 tabernaculo,
1072 5732 1206 5789 etc.,
1231 5720 1398 5778 Exodi
1430 5733 1579 5774 xxxi.

2091 4526 2289 4598 μᾶλλον
2309 4525 2366 4577 δὲ
2391 4523 2590 4587 πολλὰς
2615 4523 2710 4577 καὶ
2735 4523 3017 4594 ἀπείρους,
3049 4521 3143 4574 τοῦ
3177 4518 3536 4590 διαιρεθέντος
3571 4517 3657 4570 ἀεὶ

2087 4621 2167 4682 εἰς
2211 4620 2372 4690 ἔτερα
2409 4618 2765 4690 τεμνομένου.
2795 4617 2909 4670 Ἵνα
2937 4615 3114 4669 τοίνυν
3148 4610 3487 4683 διδαχθῶμεν
3520 4609 3654 4681 ὁμοῦ

2161 4941 2274 5011 (i2)
2308 4939 2445 4995 Editi
2490 4953 2612 5011 cum
2654 4937 2809 5011 Colb.
2841 4936 3075 4993 secundo
3106 4933 3524 5006 φιλονεικήσεις.
3555 4934 3659 4989 Alii

2088 5007 2484 5084 quinque_m_ss.
2509 5007 2910 5084 φιλονεικήσῃς.

2164 5077 2277 5152 (45)
2308 5081 2488 5152 godex
2519 5077 2654 5132 unus
2677 5077 3029 5152 επινοεῖσθαι.

2169 5143 2280 5220 (44)
2312 5149 2452 5204 Editi
2486 5149 2880 5220 παρεχόμενον.
2933 5146 3153 5216 Antiqui
3187 5153 3312 5200 octo
3343 5143 3487 5220 libri
3521 5159 3660 5220 παρ-

2096 5215 2355 5294 εχόμενος
2380 5237 2393 5273 :
2420 5215 2582 5294 quani
2611 5215 2938 5294 scripturam
2955 5231 3021 5271 ex
3048 5215 3112 5294 eo
3129 5229 3450 5294 veramesse
3476 5215 3661 5268 intelli-

2129 5286 2257 5355 iiiir,
2297 5289 2443 5361 quod
2473 5303 2574 5342 vox
2615 5288 2822 5361 κόσμος
2860 5287 3237 5352 suliaudiatur,
3268 5286 3336 5340 ad
3374 5299 3536 5354 quam
3573 5300 3662 5338 re-

2115 5363 2220 5417 ει·τί
2253 5359 2410 5415 debet
2440 5359 2968 5430 νοχῄπαρεχόμενος.

2167 5432 2280 5502 (45)
2305 5431 2488 5502 codex
2529 5425 2927 5502 Gombe'f.'_c_um
2978 5425 3100 5502 aliis
3137 5442 3251 5502 sex“
3284 5440 3415 5502 mss_.
3457 5433 3511 5478 et
3534 5439 3660 5502 cum

2093 5489 2329 5556 editione
2349 5499 2512 5570 Basil.
2537 5499 2676 5570 μέσα
2709 5513 2724 5550 :
2756 5499 2844 5552 ubi
2876 5497 3126 5570 suppleas
3155 5494 3502 5570 velinipépq.
3534 5489 3664 5570 Edi-

2095 5574 2172 5626 tio
2203 5572 2376 5625 Paris.
2416 5564 2600 5639 μέσον.
2635 5570 2744 5624 Hoc
2797 5571 2913 5637 ipso
2943 5564 2997 5621 in
3021 5567 3176 5639 “loco
3213 5564 3368 5623 Colb'.
3396 5564 3668 5622 secundus

2097 5643 2192 5698 καὶ
2215 5635 2518 5696 τελευταῖα.
2554 5639 2717 5696 Coisl.
2743 5635 2948 5702 primus
2974 5635 3125 5712 τέλη.
