4082 6218
412 363 484 422 17
626 416 632 430 ν.
1553 368 1843 424 HOMILIA
1882 368 1902 422 Ι
1944 366 2015 424 ΙΝ

2116 365 2553 426 EXAEMERON.
3621 356 3691 415 ‘3

409 486 477 553 τῇ
505 479 762 553 βουλήσει
785 480 880 536 τοῦ
904 481 1040 537 Θεοῦ
1081 481 1327 555 ἀχρόνως
1363 487 1758 555 συνυφεστάναι
1789 486 1882 540 τὸν
1916 486 2010 540 κό-

2116 486 2204 556 qui
2229 485 2488 556 bipartito
2514 483 2842 556 principium
2871 494 3042 549 secat,
3071 497 3170 554 pro
3197 495 3305 537 uno
3330 480 3434 535 duo
3456 475 3686 544 eﬁieiet;

415 589 575 644 σμον,
608 574 821 646 εἴρηται
850 575 935 641 τὸ,
981 577 1083 629 Ἐν
1099 575 1259 646 ἀρχῇ
1283 578 1594 645 ἐποίησεν.
1617 579 1794 651 Ὅπερ
1821 580 2000 649 ἕτεροι

413 666 522 722 τῶν
547 667 896 739 έρμηνευτῶν
924 667 1056 740 (46),
1080 669 1411 742 σαφέστερον
1428 669 1520 724 τὸν
1534 669 1659 724 νοῦν
1681 671 2001 741 ἐκδιδόντες,

417 761 725 830 εἰρήκασινο
773 762 869 815 Ἐν
915 763 1222 831 κεφαλαίῳ
1253 762 1542 831 ἐποίησεν
1579 767 1612 818 ό
1653 765 1819 831 Θεὸς,
1842 783 1996 819 τουτ-

415 847 582 912 έστιν,
611 851 823 920 ἁθρόως
841 853 936 905 καὶ
961 853 1021 905 ὲν
1046 851 1232 922 ὀλίγῳ.
1258 852 1340 906 Τὰ
1372 853 1470 924 μὲν
1498 850 1590 908 οὖν
1618 873 1680 908 πε
1693 857 1744 928 ρ).
1791 856 1988 929 ἀρχῆς,

413 941 492 1006 ὡς
520 942 676 1012 όλίγα
702 943 810 996 ἀπὸ
838 942 1050 996 πολλῶν
1073 944 1266 1008 εἰπεῖν,
1303 944 1394 997 ἐπὶ
1413 945 1685 1002 τοσοῦτον.

2105 578 2215 632 into
2240 577 2404 632 multa
2438 587 2494 634 et
2527 577 2776 645 inﬁnita;
2807 577 2935 632 dum
2970 576 3116 647 quod
3150 574 3428 639 dividitur,
3455 570 3505 625 id
3545 583 3688 625 sem-

2110 684 2207 740 per
2234 670 2286 725 in
2313 669 2419 725 alia
2453 669 2808 725 resecabitur.
2839 669 3006 738 Igitur
3032 679 3091 722 ut
3120 667 3380 722 mundum
3409 664 3689 719 voluntate

2105 762 2199 817 Dei
2249 764 2384 816 citra
2413 762 2578 817 ullam
2625 763 2882 832 temporis
2913 777 3120 816 moram
3162 759 3322 816 simul
3371 755 3687 814 substitisse

2103 862 2448 920 edoceamur,
2503 855 2706 909 dictum
2755 862 2886 909 est:
2926 853 3006 923 ζιη
3050 847 3311 922 principio
3358 850 3507 920 f-cit.
3538 850 3689 912 Quod

2110 949 2288 1016 ipsum
2341 951 2668 1017 interpretes
2719 948 2809 1001 alii
2862 945 3189 1002 sententiam
3229 942 3514 998 dilucidius
3559 936 3687 994 red-

416 1029 606 1086 dentes
629 1073 644 1098 ,
673 1035 964 1088 dixerunt:
1019 1033 1085 1087 In
1115 1035 1347 1102 capitulo
1381 1036 1501 1104 fecit
1566 1036 1707 1090 Deus
1732 1075 1748 1101 ,
1788 1035 1892 1091 hoc
1957 1046 2077 1105 est,
2119 1039 2299 1094 subito
2325 1048 2380 1094 et
2408 1039 2578 1095 brevi.
2613 1037 2681 1092 At
2716 1036 2859 1092 enim
2903 1037 3167 1092 hactenus
3200 1034 3266 1090 de
3299 1031 3564 1105 principio
3587 1071 3602 1098 ,
3630 1039 3692 1085 ut

417 1141 588 1196 pauca
619 1128 684 1180 de
715 1128 898 1182 multis
931 1129 1199 1186 dicamus.

489 1219 543 1274 7.
595 1221 812 1292 Ἐπειδὴ
859 1221 916 1274 δὲ
954 1223 1048 1275 καὶ
1085 1221 1194 1276 τῶν
1225 1221 1431 1293 τεχνῶν
1473 1225 1529 1276 αἱ
1576 1223 1675 1294 μὲν
1727 1224 2008 1295 ποιητικαὶ

418 1309 690 1379 λέγονται,
721 1315 776 1365 αἱ
817 1313 873 1365 δὲ
907 1313 1245 1382 πρακτικαὶ,
1299 1316 1353 1366 αἱ
1406 1314 1465 1367 δὲ
1505 1315 1862 1386 θεωρητικαί·
1913 1315 2008 1369 καὶ

418 1403 528 1457 τῶν
577 1406 672 1474 μὲν
720 1403 1071 1476 θεωρητικῶν
1112 1405 1266 1470 τέλος
1299 1407 1447 1458 ἐστιν
1471 1409 1504 1477 ἡ
1535 1407 1674 1460 κατὰ
1706 1406 1830 1461 νοῦν
1857 1409 2007 1480 ἐνέρο

419 1514 563 1566 γεια,
590 1496 699 1550 τῶν
721 1497 777 1550 δὲ
804 1497 1126 1568 πρακτικῶν
1153 1499 1291 1568 αὑτὴ
1320 1500 1354 1570 ἡ
1376 1497 1470 1550 τοῦ
1494 1497 1746 1569 σώματος
1770 1501 2003 1572 κίνησις,

418 1586 487 1661 ἧς
532 1590 889 1660 παυσαμένης
931 1590 1084 1644 οὐδὲν
1127 1590 1338 1660 ὑπέστη
1389 1591 1512 1644 οὐδὲ
1553 1593 1853 1664 παρέμεινε
1898 1596 2012 1658 τοῖς

417 1682 616 1752 ὁρῶσιν
640 1701 653 1712 ·
707 1684 986 1752 ὀρχήσεως
1021 1683 1131 1754 γὰρ
1172 1682 1266 1735 καὶ
1305 1682 1606 1754 αὐλητικῆς
1644 1684 1797 1748 τέλος
1833 1685 2007 1749 οὐδὲν,

418 1774 532 1828 ἀλλ’
564 1774 699 1845 αὑτὴ
743 1776 824 1837 είς
862 1773 1061 1845 ἑαυτὴν
1095 1777 1128 1846 ἡ
1165 1775 1414 1846 ἐνέργεια
1461 1776 1790 1846 καταλήγειο
1825 1776 1917 1829 ἐπὶ
1952 1776 2009 1829 δὲ

417 1863 528 1918 τῶν
570 1864 869 1936 ποιητικῶν
917 1866 1157 1935 τεχνῶν,
1212 1866 1308 1918 καὶ
1347 1865 1705 1937 παυσαμένης
1754 1866 1864 1936 (47)
1911 1866 2010 1937 τῆς

420 1957 721 2027 ἐνεργείας,
757 1958 1118 2030 προκείμενόν
1161 1961 1277 2013 ἐστι
1307 1961 1367 2014 τὸ
1412 1959 1599 2032 ἔργον⁹
1635 1959 1711 2022 ὡς
1743 1959 2012 2029 οἰκοδομι-

420 2049 524 2119 κῆς
554 2050 648 2102 καὶ
684 2051 1002 2122 τεκτονικῆς
1032 2053 1125 2104 καὶ
1160 2053 1521 2122 χαλκευτικῆς
1563 2051 1656 2105 καὶ
1687 2051 2007 2120 ὑφαντικῆς,

422 2141 516 2193 καὶ
539 2142 658 2193 ὅσαι
691 2140 958 2204 τοιαῦται,
991 2143 1047 2196 αἳ
1077 2143 1208 2208 (48),
1242 2142 1344 2196 κᾶν
1384 2145 1457 2214 μὴ
1499 2145 1644 2214 παρῇ
1678 2145 1706 2195 6
1738 2143 2009 2212 τεχνίτης,

420 2233 617 2296 ἱκανῶς
649 2236 706 2286 ὲν
725 2237 946 2300 ἑαυταῖς
974 2237 1101 2299 τοὺς
1132 2237 1413 2308 τεχνικοὺς
1441 2236 1632 2305 λόγους
1665 2237 2009 2308 ἐμφαίνουσι.

421 2326 516 2378 καὶ
540 2323 715 2390 ἔξεστί
740 2345 822 2379 σοι
851 2326 1128 2398 θαυμάσαι
1162 2333 1254 2382 τὸν
1276 2328 1556 2397 οἰκοδόμον
1579 2329 1685 2381 ἀπὸ
1705 2327 1801 2380 τοῦ
1826 2327 2009 2398 ἔργου,

422 2418 516 2470 καὶ
540 2418 630 2472 τὸν
657 2418 862 2488 χαλκέα
893 2421 984 2473 καὶ
1015 2421 1104 2473 τὸν
1133 2421 1395 2491 ὑφάντην.
1431 2421 1548 2473 ’Ὶνα
1571 2415 1663 2473 οὖν
1691 2419 1899 2491 δειχθῇ,
1930 2419 2012 2473 ὅτι

419 2507 449 2558 6
479 2507 682 2576 κόσμος
713 2509 960 2579 τεχνικόν
993 2512 1108 2563 ἐστι
1144 2511 1573 2581 κατασκεύασμα
1595 2551 1608 2573 ,
1652 2512 2012 2584 προκείμενον

422 2601 588 2652 πᾶσιν
607 2601 686 2663 εἰς
711 2599 962 2672 θεωρίαν,
999 2601 1141 2656 ὥστε
1167 2603 1231 2657 δι’
1256 2603 1420 2657 αὑτοῦ
1447 2604 1543 2675 τὴν
1566 2604 1657 2657 τοῦ
1690 2606 2013 2676 ποιήσαντος

421 2687 585 2739 αὑτὸν
629 2688 820 2756 σοφίαν
863 2689 1348 2758 ὲπιγινὼσκεσθαι,
1400 2693 1498 2745 οὐκ
1539 2693 1674 2763 ἄλλῃ
1715 2694 1820 2746 τινὶ
1859 2697 2009 2765 φωνῇ

423 2780 695 2849 ἐχρήσατο
719 2781 748 2831 6
773 2780 932 2848 σοφὸς
959 2783 1198 2852 Μωῦσῆς
1216 2785 1344 2855 περὶ
1363 2783 1549 2848 αὑτοῦ,
1569 2784 1682 2837 ἀλλ’
1701 2779 1852 2837 εἷπεν
1878 2785 2012 2856 (49)’

422 2869 523 2923 Ἐν
540 2869 700 2938 ἀρχῇ
719 2872 1017 2939 ἐποίησεν
1037 2891 1048 2904 ·
1070 2875 1188 2944 οὐχὶ
1212 2876 1303 2945 ὲνή
1315 2892 1534 2945 ργησεν,
1548 2875 1668 2928 οὐδὲ
1683 2875 2011 2948 ὑπέστησεν,

425 2961 560 3017 ἀλλὰ
605 2965 938 3031 Ἐποίησεν.
975 2968 1086 3020 Καὶ
1108 2967 1294 3020 καθότι
1329 2968 1512 3020 πολλοὶ
1539 2967 1647 3022 τῶν
1679 2970 2015 3037 φαντασθέν-

424 3071 532 3108 των
558 3058 921 3130 συνυπάρχειν
955 3057 1014 3123 ἐξ
1046 3059 1212 3112 ἀϊδίου
1237 3059 1314 3130 τῷ
1351 3060 1472 3130 Θεῷ
1510 3061 1602 3114 τὸν
1637 3064 1862 3133 κόσμον,
1894 3063 2015 3133 οὐχ),

425 3148 754 3220 γεγενῆσθαι
786 3151 916 3221 παρ’
945 3152 1110 3205 αὑτοῦ
1139 3153 1256 3231 (50)
1281 3154 1686 3224 συνεχώρησαν,
1709 3155 1821 3209 ἀλλ’
1853 3157 2013 3209 οἱονεὶ

427 3243 780 3312 ἀποσκίασμα
823 3245 920 3314 τῆς
974 3243 1258 3314 δυνάμεως
1296 3245 1461 3300 αὐτοῦ
1518 3247 1646 3300 ὄντα
1690 3247 2012 3318 αὐτομάτως

430 3334 842 3405 παρυποστῆναι
864 3351 876 3363 ’
910 3336 1004 3387 καὶ
1035 3338 1206 3389 αἴτιον
1240 3337 1337 3407 μὲν
1364 3336 1526 3389 αὑτοῦ
1567 3338 1887 3408 ὁμολογοῦσι
1921 3341 2012 3393 τὸν

429 3427 582 3490 Θεὸν,
617 3427 788 3480 αἴτιον
819 3428 874 3480 δὲ
905 3430 1299 3501 ἀπροαιρέτως,
1324 3429 1400 3493 ὡς
1430 3431 1528 3502 τῆς
1560 3434 1716 3494 σκιᾶς
1747 3431 1807 3484 τὸ
1833 3433 2012 3504 σῶμα,

429 3519 526 3572 καὶ
553 3519 654 3588 τῆς
677 3519 1018 3589 λαμπηδόνος
1041 3523 1102 3574 τὸ
1130 3521 1443 3590 ἀπαυγάζον
1464 3541 1478 3554 ·
1507 3523 1608 3594 τὴν
1643 3521 1734 3576 οὖν
1759 3525 2014 3593 τοιαύτην

429 3607 644 3679 ἀπάτην
667 3609 963 3681 ὲπανορθού
975 3628 1130 3680 μενος
1157 3614 1185 3664 6
1204 3614 1507 3684 προφήτης,
1531 3616 1596 3683 τῇ
1621 3615 1875 3687 ἀκριϐείᾳ
1896 3616 2018 3668 ταύ-

429 3717 498 3773 τῃ
516 3703 623 3753 τῶν
641 3704 900 3772 ῥημάτων
921 3705 1189 3774 ἐχρήσατο
1210 3705 1376 3758 εἰπών
1396 3722 1409 3737 ·
1437 3708 1533 3758 Ἐν
1553 3707 1709 3776 ἀρχῇ
1730 3709 2018 3774 ἐποίησεν

432 3796 465 3848 ὁ
497 3795 658 3860 Bede.
691 3794 825 3865 Οὐχὶ
868 3795 999 3847 αὐτὸ
1047 3796 1203 3849 τοῦτο
1241 3797 1352 3868 (51)
1381 3796 1477 3868 τὴν
1525 3799 1704 3850 αξτίαν
1752 3798 1847 3852 τοῦ
1879 3797 2016 3852 εἶναι

431 3891 723 3960 παρέσχεν,
757 3889 871 3943 ἀλλ’
898 3890 1152 3960 ἐποίησεν
1185 3890 1259 3954 ὡς
1281 3889 1486 3957 ἀγαθὸς
1516 3890 1578 3942 τὸ
1615 3893 1902 3961 χρήσιμον,
1941 3892 2017 3956 ὼς

435 3980 594 4049 σοφὸς
626 3981 685 4033 τὸ
709 3979 993 4034 κάλλιστον
1012 4022 1028 4047 ,
1061 3980 1136 4042 ὡς
1175 3979 1397 4043 δυνατὸς
1426 3980 1487 4032 τὸ
1527 3981 1802 4050 μέγιστον.
1839 3981 2016 4035 Μόνον

505 4157 635 4230 (46)
661 4156 885 4230 Veteres
915 4165 1150 4230 quatuor
1175 4156 1296 4230 libri
1324 4157 1700 4230 έρμηνευτῶν.
1747 4158 1899 4213 Alius
1925 4176 2015 4213 cu-

437 4231 536 4301 dex
568 4228 676 4301 τῶν
721 4229 1173 4301 ὲρμηνευόντωνί-
1206 4228 1364 4301 Editi
1394 4228 1467 4282 er
1499 4232 1605 4282 alno
1654 4245 1786 4301 utss.
1843 4233 2017 4301 ἑρμη-

436 4298 595 4353 νέων.
627 4297 874 4366 Aquilam
907 4301 1107 4352 indicat
1142 4297 1393 4363 Basilius,
1433 4301 1507 4352 uti
1541 4315 1607 4354 ex
1643 4297 2016 4363 Ilexaplis'dF

442 4369 670 4431 scimus,
695 4377 751 4420 et
792 4381 856 4420 ex
893 4366 1225 4436 Hieronymo
1262 4368 1359 4422 lib.
1409 4369 1613 4432 Qurest.
1669 4369 1922 4422 Hebraic.
1960 4372 2016 4424 in

439 4437 702 4510 genesim,
728 4437 902 4490 initio.
936 4437 1057 4510 ﬂtec
1089 4449 1211 4510 sunt
1245 4441 1406 4510 verba
1430 4441 1634 4506 Aquila:
1666 4457 1681 4492 :
1715 4437 1805 4491 Ἐν
1839 4458 2016 4510 κεφα-

438 4507 575 4581 λαίῳ
598 4507 808 4581 ἔκτισεν
840 4509 893 4581 76
919 4508 1072 4581 ΔΘεὲος
1104 4509 1203 4581 σὺν
1246 4509 1338 4581 τρν
1380 4511 1632 4580 οὐρανὸν,
1665 4512 1757 4563 καὶ
1797 4513 1893 4564 σὺν
1919 4507 2018 4581 τὴν
2050 4517 2094 4572 1)

439 4579 564 4648 γῆν·
616 4577 679 4630 1η
735 4577 974 4648 capitulo,
1022 4579 1212 4632 creavit
1260 4578 1403 4634 Deus
1449 4577 1633 4634 caelum
1685 4591 1734 4633 et
1799 4577 2015 4636 terreni.

441 4647 787 4711 Ambrosius,
837 4659 894 4701 ttt
931 4647 1032 4700 alia
1085 4649 1276 4708 multa,
1310 4649 1381 4702 ita
1421 4652 1534 4704 him:
1577 4667 1604 4703 a
1641 4651 1842 4704 Basilio
1899 4669 2020 4705 ntu-

445 4727 766 4788 tuatusiest.
809 4715 938 4784 Ejus
965 4719 1078 4771 haec
1101 4729 1226 4770 sunt
1255 4720 1309 4771 in
1345 4718 1602 4774 Hexaem.
1667 4737 1720 4788 p.
1764 4722 1819 4779 8.
1866 4737 2019 4776 nunt.

446 4788 515 4843 16
568 4806 594 4863 :_
616 4787 870 4863 Denique,
926 4789 1124 4863 inquit,
1158 4788 1250 4863 alii
1304 4791 1566 4863 dixerunt,
1611 4787 1676 4844 ἐν
1718 4791 2022 4863 κεφαλαίῳ,

442 4859 594 4928 quasi
631 4859 684 4910 in
719 4859 911 4922 capite,
932 4875 1034 4927 quo
1064 4858 1418 4930 signiﬁcatur,
1445 4863 1498 4914 in
1517 4862 1656 4915 brevi
1679 4873 1724 4913 et
1756 4858 1809 4914 in
1833 4858 2024 4930 exiguo

445 4936 728 4996 momento,
763 4945 967 4999 summa
1021 4929 1338 4999 operationis
1375 4931 1609 4998 impleta.
1667 4931 1789 4985 Haec
1817 4929 2026 4999 Aquilze

447 4998 847 5069 interpretatio,
877 5000 932 5052 in
959 4998 1214 5069 capitulo,
1239 4999 1295 5069 in
1322 5017 1549 5064 summa,
1575 5016 1678 5063 non
1696 4998 2026 5069 partttnOpi-

445 5069 589 5123 ttioni
625 5067 768 5120 favet
795 5068 1104 5137 Augustini,
1145 5070 1234 5135 qui
1260 5067 1353 5122 lib.
1383 5085 1434 5122 tv
1473 5069 1546 5124 De
1577 5067 1765 5125 Genesi
1793 5074 1861 5124 ad
1889 5067 2024 5138 litt.,

445 5154 568 5208 cap.
601 5139 692 5205 55,
729 5141 1008 5192 contendit
1045 5147 1228 5208 creata
1255 5155 1374 5194 esse
1395 5143 1574 5193 omnia
1617 5141 1799 5206 simul,
1835 5151 1891 5196 et
1918 5159 2026 5198 uno

445 5207 746 5276 eodemque
779 5221 1074 5262 momento.
1131 5207 1318 5263 Eidem
1355 5210 1500 5263 favet
1524 5223 1578 5265 et
1599 5211 1892 5278 explicatio
1922 5211 2026 5265 Ba-

447 5280 574 5352 silii,
597 5278 900 5352 τουτέστιν,
929 5278 1146 5352 άθρόωςλ
1173 5281 1268 5334 καὶ
1291 5280 1348 5333 ὲν
1382 5280 1569 5351 ὀλίγῳ,
1595 5282 1692 5334 hoc
1727 5292 1822 5346 est,
1853 5284 2026 5337 subito

449 5361 495 5424 et
545 5351 708 5424 brevi,
754 5360 872 5424 aut;
905 5351 950 5404 si
1006 5350 1204 5416 inavis,
1247 5350 1530 5405 acervatim
1568 5361 1616 5404 et
1677 5352 1834 5408 brevi.
1884 5352 2030 5424 Lege

450 5415 610 5472 Praef.
644 5435 792 5474 num.
814 5420 906 5474 2|.

525 5489 635 5558 (47)
669 5490 892 5558 Antiqui
926 5489 1032 5563 dun
1065 5488 1187 5563 libri
1227 5499 1282 5563 et
1339 5489 1467 5543 editi
1511 5490 1891 5563 παυσαμένης.
1924 5493 2028 5548 Alii

453 5571 657 5626 septem
693 5559 1081 5630 παυσαμένων.
1135 5559 1450 5615 Lectionem
1496 5559 1781 5630 utramque
1815 5559 2030 5618 admitti

455 5643 616 5698 posse
645 5630 998 5698 arbitramur.

527 5697 638 5768 (48)
670 5697 809 5752 Editi
839 5711 894 5752 et
922 5705 1026 5753 duo
1059 5713 1192 5754 mss.
1223 5693 1334 5766 αἷς,
1362 5699 1522 5754 male.
1549 5698 1876 5757 Bursnsduo
1894 5718 2027 5758 mss.

457 5766 516 5832 lt,
538 5766 655 5822 non
704 5769 915 5823 melius.
939 5772 1006 5822 At
1033 5769 1186 5838 Regii
1219 5769 1490 5824 secundus
1516 5781 1572 5824 et
1603 5773 1867 5838 septimus
1904 5789 2027 5827 cum

457 5847 690 5908 utroque
721 5837 886 5896 Coisl.
915 5839 992 5908 αἴ,
1017 5837 1241 5912 optime.
1297 5839 1419 5895 Nee
1445 5844 1516 5895 ita
1563 5837 1735 5897 multo
1763 5851 1906 5914 post,
1937 5843 2030 5915 ubi

2181 1226 2232 1281 7.
2272 1225 2392 1282 Jam
2427 1241 2557 1282 vero
2606 1241 2728 1282 eum
2782 1226 2978 1279 artium
3033 1224 3152 1278 alia:
3183 1223 3398 1277 quidem
3435 1221 3686 1275 dicantur

2109 1317 2429 1385 effectrices,
2465 1319 2584 1372 alia:
2635 1334 2762 1372 vero
2812 1328 3087 1388 practicae,
3122 1316 3242 1370 aliae
3285 1324 3464 1367 autem
3499 1327 3692 1382 speru—

2109 1410 2364 1476 latrices;
2397 1426 2626 1480 cumque
2656 1410 3074 1478 speculatricum
3142 1408 3266 1462 ﬁnis
3298 1406 3368 1461 sit
3391 1405 3504 1474 ipsa
3541 1417 3692 1458 men-

2113 1501 2182 1554 tis
2229 1502 2510 1571 operatio;
2541 1501 2903 1571 practicarum
2944 1514 3093 1562 vero,
3127 1497 3241 1566 ipse
3277 1494 3522 1563 corporis
3571 1507 3693 1546 mo-

2113 1600 2220 1653 tus,
2255 1606 2361 1658 quo
2405 1600 2656 1645 cessante
2694 1589 2823 1644 nihil
2856 1589 3125 1655 subsistit,
3160 1589 3293 1642 nihil
3337 1593 3584 1655 superest
3613 1584 3692 1638 vi-

2111 1683 2364 1738 dentibus
2394 1701 2406 1736 :
2436 1683 2559 1738 ﬁnis
2601 1685 2744 1738 enim
2796 1683 3102 1738 saltationis
3147 1690 3202 1735 et
3252 1681 3388 1734 artis
3419 1679 3548 1733 tibia
3595 1693 3693 1732 ca-

2112 1775 2273 1828 nendi
2304 1775 2482 1829 nullus
2512 1785 2615 1840 est,
2650 1777 2744 1829 sed
2783 1776 2895 1844 ipsa
2925 1777 2974 1828 in
3011 1776 3243 1844 seipsam
3275 1772 3472 1826 desinit
3503 1770 3646 1825 actio
3674 1785 3691 1823 :

2041 1843 2083 1897 Β
2113 1875 2328 1930 contra,
2351 1867 2405 1921 in
2435 1869 2645 1922 artibus
2673 1867 3059 1934 eﬁeetricibus,
3091 1875 3338 1922 cessante
3368 1863 3528 1920 etiam
3559 1876 3694 1930 ope-

2117 1961 2344 2020 ratione,
2393 1974 2526 2028 opns
2561 1969 2837 2026 remanet;
2874 1959 3106 2028 exempli
3151 1975 3337 2022 causa,
3384 1973 3519 2027 opus
3560 1957 3694 2009 artis

2111 2051 2438 2114 aediﬁcandi,
2475 2051 2800 2117 fabricandi,
2845 2051 3169 2114 exeudendi,
3207 2048 3446 2112 texendi,
3475 2056 3530 2102 et
3559 2045 3696 2100 alia-

2114 2161 2231 2199 rum
2297 2159 2742 2214 quarumcunque
2789 2145 2985 2197 artium
3019 2143 3134 2212 ejus
3173 2139 3386 2210 generis
3416 2156 3430 2192 :
3459 2153 3577 2209 qua:
3607 2153 3697 2190 ar-

2115 2237 2258 2290 tilice
2291 2237 2373 2290 vel
2402 2237 2627 2290 absente
2659 2235 2876 2290 abunde
2924 2235 2975 2287 in
3015 2235 3210 2302 seipsis
3241 2246 3434 2287 causas
3468 2230 3696 2285 solertes

2113 2344 2177 2383 ac
2229 2329 2526 2383 industrias
2590 2329 2886 2392 exhibent;
2952 2337 3212 2396 potesque
3301 2322 3685 2379 :ediﬁcatoretn

2112 2422 2473 2490 zrariutnque
2500 2431 2553 2475 et
2582 2430 2845 2475 textoretn
2865 2429 2984 2488 post
3013 2435 3148 2488 opus
3201 2415 3480 2471 admirari.
3506 2413 3696 2469 Proin-

2116 2515 2180 2567 de
2213 2523 2272 2566 ut
2318 2517 2554 2567 mundus
2598 2513 3000 2567 demonstretur
3049 2525 3170 2565 esse
3203 2507 3505 2563 artiﬁcialis
3551 2514 3698 2561 stru-

2113 2618 2293 2669 ctura,
2319 2607 2573 2660 omnibus
2600 2607 2665 2658 ad
2693 2604 3206 2673 contemplationem
3233 2600 3527 2671 proposita,
3560 2597 3696 2651 adeo

2115 2709 2172 2753 ut
2203 2715 2297 2768 per
2327 2699 2504 2768 ipsum
2534 2698 2833 2752 conditoris
2865 2695 2980 2763 ejus
3004 2694 3272 2763 sapientia
3306 2700 3694 2760 cognoscatur,

2115 2805 2222 2844 non
2264 2790 2367 2844 alia
2420 2790 2527 2843 ulla
2571 2803 2704 2842 voce
2754 2787 2969 2858 sapiens
3007 2785 3218 2856 Moyses
3266 2797 3398 2836 usus
3426 2789 3532 2845 est,
3570 2779 3697 2834 dum

2115 2885 2182 2938 de
2223 2897 2288 2938 eo
2332 2897 2641 2937 sermonem
2691 2881 2912 2946 habuit;
2961 2881 3053 2934 sed
3102 2877 3279 2931 dixit:
3311 2872 3380 2928 In
3436 2873 3696 2942 principio

2113 2975 2256 3046 fecit.
2286 2974 2403 3029 Non
2448 2985 2630 3029 autem
2676 2974 2830 3040 dixit,
2864 2967 3132 3041 operatns'
3161 2977 3261 3029 est,
3312 2975 3404 3020 aut
3434 2964 3696 3020 informa-

2115 3067 2213 3130 vit,
2273 3069 2365 3120 sed
2401 3066 2543 3135 fecit.
2579 3065 2644 3119 Et
2688 3065 2812 3135 quia
2859 3063 3164 3132 complures
3199 3074 3384 3113 eorum
3416 3059 3504 3130 qui
3538 3073 3700 3110 mun-

2041 3189 2084 3246 C
2119 3161 2242 3215 dum
2274 3162 2340 3214 ab
2372 3169 2576 3214 aeterno
2600 3174 2703 3212 una
2735 3173 2858 3214 cum
2889 3157 2997 3213 Deo
3025 3156 3294 3212 exsistere
3323 3153 3526 3224 opinati
3550 3159 3697 3246 sunt,

2121 3251 2187 3305 ab
2221 3251 2338 3319 ipso
2376 3250 2572 3304 factum
2613 3263 2736 3303 esse
2774 3263 3116 3316 nequaquam
3149 3250 3539 3302 concesserunt
3563 3259 3580 3299 :
3604 3240 3700 3294 sed

2119 3357 2241 3396 eum
2277 3357 2375 3410 per
2404 3356 2482 3417 se,
2516 3341 2669 3410 quasi
2699 3350 2839 3395 esset
2867 3341 3122 3408 potentiae
3149 3339 3321 3407 ipsius
3362 3332 3703 3391 adumbratio

2119 3435 2386 3504 quaedam,
2424 3435 2656 3501 quadam
2702 3433 2821 3485 rudi
2877 3433 3088 3486 ratione
3125 3429 3433 3485 substitisse
3463 3425 3702 3480 aﬁirma-

2125 3534 2250 3578 runt
2285 3541 2295 3577 :
2330 3534 2384 3577 et
2434 3523 2560 3592 quia
2600 3538 2820 3578 causam
2861 3522 3079 3592 quidem
3133 3521 3302 3588 ipsius
3352 3519 3519 3574 Deum
3576 3529 3702 3570 esse

2124 3615 2384 3678 fatentur,
2435 3614 2528 3668 sed
2583 3630 2803 3667 causam
2859 3629 2966 3667 non
3013 3611 3378 3667 voluntariam
3419 3628 3433 3664 :
3472 3607 3700 3678 perinde

2123 3718 2287 3777 atque
2313 3723 2510 3774 corpus
2538 3708 2777 3771 umbrae;
2817 3716 2909 3759 aut
2942 3721 3030 3759 res
3060 3701 3481 3774 qnmilluminat,
3516 3699 3700 3768 Splen-

2127 3799 2278 3853 dor-is
2307 3813 2468 3852 causa
2506 3806 2625 3864 est;
2661 3812 2902 3851 errorem
2943 3804 3090 3849 certe
3116 3792 3376 3863 ejusmodi
3415 3789 3700 3860 corrigens

2132 3891 2418 3960 propheta,
2452 3890 2552 3943 hoc
2585 3897 2838 3943 accurato
2870 3888 3155 3942 verborum
3185 3884 3394 3938 delectu
3427 3897 3556 3936 usus
3587 3890 3693 3944 est,

2123 3982 2312 4036 dicens
2346 3997 2359 4032 :
2392 3979 2457 4034 In
2493 3979 2750 4049 ρτὶηεὶυἱο
2783 3979 2907 4049 fecit
2943 3979 3102 4032 Deus.
3142 3976 3200 4048 8
3247 3974 3430 4044 Neque
3469 3973 3700 4043 idipsum

2124 4160 2177 4213 in
2205 4160 2363 4214 editis
2381 4160 2575 4224 legitur
2607 4159 2785 4227 ἔξεστί
2817 4176 2897 4224 σε,
2925 4160 2974 4212 in
3001 4173 3122 4213 noto
3139 4154 3416 4211 codicibus
3439 4153 3700 4221 scriptum

2123 4231 2426 4304 ittreninlns
2455 4231 2633 4304 ἔξεστί
2670 4249 2771 4284 σοι.
2923 4301 2932 4304 _
2967 4301 2976 4304 Α
3175 4299 3213 4304 __
3233 4297 3246 4304 Α
3267 4298 3281 4304 Α
3342 4291 3367 4304 ο
3525 4294 3566 4304 ___
3590 4294 3623 4304 __
3654 4293 3666 4304 θ

2194 4300 2305 4370 (49)
2336 4291 2514 4354 ΕιΙίιίὀ
2551 4303 2714 4355 Basil.
2749 4312 2802 4355 et
2827 4301 2978 4354 multi
3006 4316 3136 4353 mss.
3165 4297 3281 4352 ἀλλ’
3315 4291 3487 4350 εἶπεν.
3525 4293 3706 4370 Editio

2122 4361 2298 4424 Paris:
2335 4371 2451 4424 ἀλλ’
2485 4374 2679 4424 εἰπεῖν.
2712 4371 2830 4425 Mox
2886 4388 3018 4426 mss.
3051 4371 3290 4440 plerique
3340 4380 3528 4420 omnes
3557 4361 3702 4435 οὐχι.

2123 4440 2394 4518 Editiot‘ix
2423 4444 2754 4518 ἐνήργησεν.
3337 4509 3349 4518 ,
3396 4505 3437 4518 ..η

2195 4511 2310 4578 (50)
2339 4512 2412 4565 lta
2437 4502 2666 4578 utet-(uie
2693 4512 2822 4565 Due.
2859 4519 2915 4565 et
2938 4511 3024 4564 alii
3058 4525 3161 4564 non
3195 4509 3371 4574 pauci.
3396 4505 3572 4559 Editio
3607 4502 3708 4557 Bac

2124 4581 2212 4638 sil.
2250 4598 2371 4636 cum
2414 4593 2596 4638 nostra
2619 4583 2862 4650 _editione
2894 4581 3064 4634 Paris.
3097 4581 3225 4650 παρ’
3249 4578 3421 4650 αὐτῷ.

2194 4653 2307 4720 (Eii)
2347 4651 2479 4720 Reg.
2501 4645 2706 4720 prinius
2733 4652 2852 4721 οὐχὶ
2878 4650 3027 4720 αὐτῷ
3048 4645 3242 4720 τούτῳ.
3265 4645 3632 4721 lieliquiniss.
3651 4651 3707 4698 et

2122 4715 2250 4775 editi
2288 4715 2650 4784 αὑτὸ”τοῢτο,
2698 4715 2859 4791 neque
2885 4715 3115 4786 idipsum
3170 4715 3224 4773 iit
3267 4735 3427 4771 causa
3468 4715 3566 4784 fuit
3607 4731 3705 4767 cur

2122 4802 2274 4855 esset,
2307 4794 2409 4865 hoc
2435 4805 2540 4859 est,
2592 4808 2696 4844 non
2746 4808 2831 4865 res
2857 4807 3019 4855 caeca,
3065 4805 3169 4843 non
3220 4803 3315 4865 res
3346 4795 3558 4845 coacta,
3584 4799 3700 4865 pou

2124 4877 2211 4914 res
2235 4853 2400 4914 invite
2417 4873 2480 4936 et
2503 4853 2697 4936 praeter
2739 4853 3075 4936 voluntatem
3100 4875 3268 4936 agens
3288 4859 3371 4936 _in_
3388 4853 3702 4936 causai-uit,

2125 4946 2223 5006 cur
2267 4924 2518 5006 ntundns‘
2553 4932 2849 4986 exstiterit.
2899 4929 3014 4985 Hoc
3063 4924 3227 5000 igitur
3269 4927 3400 4981 dicit
3450 4924 3703 5006 Basilius,

2125 5000 2294 5072 Qeutn
2321 5003 2477 5056 aliter
2511 5017 2692 5072 agere,
2727 5012 2899 5072 atque
2919 4995 3152 5072 corpora?
3175 5013 3346 5068 opaca
3369 5006 3474 5072 aut
3502 4995 3704 5050 lucida.

2124 5068 2258 5124 Nam
2292 5087 2488 5141 corpus
2520 5068 2748 5142 opacum
2775 5068 3032 5141 producit
3053 5071 3300 5142 umbram
3413 5078 3706 5142 atque_ne-

2124 5136 2404 5205 cessitate,
2452 5136 2809 5200 nec-liberius
2840 5143 2951 5212 agit
2997 5157 3197 5210 corpus
3239 5141 3525 5212 lucidum;
3564 5136 3705 5212 Deus

2127 5226 2255 5266 vero
2284 5203 2465 5266 omnia
2497 5225 2626 5267 nutu
2657 5203 2903 5266 conﬁcit'
2920 5220 2974 5264 et
2997 5203 3294 5266 voluntate.
3326 5209 3478 5267 Illud,
3510 5203 3704 5277 ὲποίηο

2127 5298 2220 5335 σεν
2248 5281 2323 5346 ὼς
2343 5283 2571 5352 ἀγαθός,
2607 5293 2738 5346 etc.,
2771 5283 2894 5351 fecit
2928 5293 3178 5351 tanquam
3204 5281 3365 5334 bonus
3393 5280 3543 5352 utileJ
3571 5286 3703 5343 etc.,

2127 5353 2234 5406 alio
2261 5349 2419 5408 modo
2451 5365 2506 5409 et
2535 5349 2802 5419 intellexit
2843 5362 2898 5406 et
2943 5349 3334 5420 interpretatus
3382 5359 3464 5404 est
3506 5349 3704 5420 Eusta-

2130 5424 2291 5478 thius.
2331 5422 2478 5479 Illius
2502 5417 2822 5492 subiicimus
2851 5423 3011 5476 verba
3044 5440 3060 5474 :
3092 5417 3226 5474 Non
3261 5436 3479 5492 causam
3505 5417 3709 5492 paesti-

2131 5495 2214 5558 tit,
2252 5504 2307 5547 ut
2335 5507 2466 5548 esset
2508 5489 2698 5555 solum,
2737 5494 2827 5548 sed
2871 5492 2990 5560 fecit
3018 5501 3076 5546 ut
3111 5493 3275 5545 bonus
3324 5491 3526 5560 utilem.
3569 5489 3706 5541 Am-

2130 5563 2344 5618 brosius
2371 5581 2491 5635 pag.
2520 5566 2575 5627 9,
2612 5579 2758 5616 nnm.
2791 5559 2903 5635 ΑΒ,
2934 5565 3078 5635 hunc
3111 5563 3360 5635 eumdem
3382 5559 3586 5635 Basilii
3622 5560 3703 5635 lo-

2131 5648 2256 5687 cum
2306 5629 2384 5688 sié
2433 5629 2746 5702 expressit:
2780 5632 2905 5687 Non
2959 5633 3095 5686 dixit
3146 5633 3271 5698 quia
3306 5633 3514 5686 subesse
3549 5629 3702 5702 fecit,

2132 5719 2234 5776 nou
2269 5705 2404 5776 dixit
2449 5699 2599 5776 quia
2621 5721 2838 5758 causam
2868 5705 3088 5776 muudo,
3124 5713 3195 5776 ut-
3228 5714 3382 5776 (siet,
3427 5699 3704 5776 pritbtit'l;

2135 5775 2224 5846 sed
2253 5774 2375 5844 fecit
2398 5769 2549 5846 quasi
2582 5773 2745 5829 bonus
2774 5775 2910 5842 quod
2935 5774 3076 5846 foret
3095 5771 3243 5827 utile.
3276 5773 3458 5846 Graeca
3494 5769 3706 5846 Laiinis

2134 5838 2292 5917 longe
2346 5838 2605 5917 praestare
2644 5838 2823 5911 nemo,
2857 5845 3070 5916 Opinor,
3105 5859 3209 5899 non
3256 5844 3417 5899 videt.
3451 5869 3518 5883 -—
3555 5838 3701 5908 Οὐχὶ
