4082 6218
380 300 449 357 19
1768 298 1830 356 S.
1868 296 1979 353 BA!

2084 297 2116 353 ll
2149 297 2368 356 HAGNI
3078 344 3084 349 .
3589 294 3677 356 26

380 425 436 479 in
468 435 632 479 causa
667 421 768 477 fuit
810 437 910 476 cur
936 430 1117 492 esset;
1152 422 1249 480 sed
1296 423 1373 478 uti
1421 424 1600 481 bonus
1645 425 1777 482 fecit
1817 424 1961 496 quod

2084 426 2174 497 {ap
2222 423 2337 493 (52)
2386 422 2507 491 οὺχ).
2556 420 2807 493 τεχνίτην
2859 437 2941 476 σοι
2979 418 3181 486 ἔδειξεν
3214 419 3562 492 εμϐεὸηκὸτα
3589 422 3673 492 τῇ

383 518 520 572 utile
550 526 667 582 est;
697 516 775 569 uti
808 516 1045 586 sapiens,
1080 515 1224 586 quod
1269 516 1698 587 pulcherrimum
1725 527 1849 585 est;
1884 516 1963 572 uti

2084 521 2223 592 rbalq.
2245 518 2354 573 τῶν
2376 518 2535 583 ὅλων,
2570 518 2664 571 καὶ
2691 515 2763 570 τὰ
2797 515 2915 570 καθ’
2953 516 3182 569 ἕκαστον
3213 514 3354 587 μέρη
3390 515 3529 588 πρὸς
3557 515 3674 571 ἅλ-

384 617 597 677 potens,
628 607 770 676 quod
799 607 1094 661 maximum
1121 617 1226 663 est.
1260 606 1395 661 Nam
1435 610 1676 664 ostendit
1698 611 1797 665 tibi
1829 611 1966 664 arti-

387 698 541 752 tirem
579 704 785 750 tantum
817 710 920 750 non
949 709 1127 750 rerum
1157 698 1400 752 omnium
1427 700 1782 755 substantiam
1814 699 1967 755 inva-

386 792 622 853 dentem,
656 799 711 843 et
738 798 923 859 partes
954 790 1353 858 singulasinter
1380 807 1441 847 se
1471 802 1967 862 coagmentantem,

386 878 817 949 eﬂicientemqne
850 880 1163 936 universum
1197 883 1458 936 mundum
1494 886 1822 938 concordem
1852 883 1956 939 sibi

387 982 445 1025 et
480 986 777 1025 consonum
820 982 982 1039 atque
1027 973 1377 1027 cuncinnum.
1433 970 1501 1025 In
1539 974 1799 1043 principio
1846 973 1968 1041 fecit

388 1060 529 1116 Deus
557 1064 746 1115 emtum
767 1076 816 1116 et
850 1072 1065 1115 terram.
1099 1062 1369 1118 Extremis
1408 1065 1617 1118 duobus
1641 1065 1971 1135 signiﬁcavit

388 1153 537 1208 orbis
572 1154 738 1208 totius
764 1154 1149 1218 substantiam,
1185 1156 1324 1209 caelo
1348 1154 1568 1225 quidem
1601 1156 1845 1210 tribuens
1877 1171 1969 1210 or-

392 1253 481 1298 tus
531 1245 945 1314 praerogativam
978 1263 992 1299 :
1022 1256 1219 1299 terram
1259 1261 1387 1300 vero
1429 1247 1642 1316 origine
1680 1249 1972 1302 secundam

391 1351 514 1392 esse
553 1349 821 1393 astruens.
861 1337 918 1392 Si
968 1338 1096 1407 quid
1128 1350 1305 1392 autem
1344 1338 1398 1392 in
1439 1338 1558 1393 istis
1589 1340 1822 1394 medium
1867 1348 1972 1406 est,

392 1429 447 1484 id
475 1428 659 1499 utique
694 1444 799 1483 una
842 1444 964 1484 cum
1010 1429 1140 1497 ipsis
1172 1430 1368 1483 tinibus
1397 1430 1596 1485 factum
1630 1439 1733 1488 est.
1772 1430 1978 1498 Quant-

392 1522 578 1578 obrem
631 1523 842 1577 etiamsi
893 1523 959 1577 de
1012 1522 1235 1591 reliquis
1288 1523 1593 1587 elementis,
1646 1526 1788 1592 igne,
1833 1540 1975 1595 aqua

396 1624 456 1668 et
479 1630 607 1669 aere
635 1614 774 1669 nihil
819 1614 1039 1678 dixerit,
1075 1624 1189 1670 tute
1216 1625 1396 1672 tamen
1427 1618 1608 1672 omnia
1638 1619 1691 1672 in
1724 1619 1977 1676 omnibus

394 1704 627 1772 primum
676 1703 932 1771 permista
978 1703 1144 1758 fuisse
1190 1719 1287 1772 pro
1317 1714 1405 1759 tua
1441 1706 1661 1762 solertia
1700 1707 1975 1777 intellige;

2065 611 2202 682 ληλα
2230 606 2660 681 συναρμόζοντα,
2684 608 2779 661 καὶ
2803 607 2865 660 τὺ
2895 608 3005 661 πᾶν
3045 606 3307 678 ὁμόλογον
3348 606 3527 679 ἑαυτῷ
3562 606 3676 662 καὶ

2070 704 2359 775 σύμφωνον
2404 702 2499 755 καὶ
2546 699 2880 771 ὲναρμονίως
2923 699 3045 770 ἕχον
3104 698 3490 754 ἀποτελοῦντα.
3559 702 3676 755 Ἐν

2067 793 2227 864 ἀρχῇ
2257 793 2552 861 ἐποίησεν
2580 795 2612 845 ὀ
2647 790 2792 856 Θεὸς
2816 790 2924 844 τὸν
2951 789 3215 858 οὐρανὸν
3242 789 3343 844 καὶ
3373 788 3489 858 τὴν
3514 786 3668 859 γῆν.

2083 887 2178 940 Ἐκ
2219 885 2312 939 δύο
2354 884 2463 937 τῶν
2513 883 2699 953 ἄκρων
2748 881 2859 951 (55)
2907 881 3001 935 τοῦ
3048 880 3249 944 παντὸς
3289 882 3389 952 τὴν
3425 880 3674 952 ὓπαρξιν

2071 976 2425 1050 παρῃνίξατο,
2471 974 2549 1046 τῷ
2588 974 2688 1045 μὲν
2718 973 2932 1045 οὐρανῷ
2975 974 3042 1028 τὰ
3079 974 3345 1046 πρεσϐεῖα
3382 974 3481 1045 τῆς
3508 973 3678 1042 γενέ-

2073 1087 2210 1133 σεως
2248 1068 2501 1131 ἀποδοὺς,
2537 1066 2638 1138 τὴν
2670 1066 2728 1120 δὲ
2779 1066 2886 1136 γῆν
2937 1065 3272 1138 δευτερεύειν
3304 1068 3544 1137 φάμενος
3586 1067 3668 1136 τῇ

2075 1162 2328 1235 ὑπάρξει.
2378 1160 2600 1223 Πάντως
2649 1158 2705 1212 δὲ
2752 1158 2865 1227 (54)
2905 1159 3001 1212 καὶ
3035 1157 3089 1211 εί
3121 1175 3175 1211 τι
3223 1157 3428 1212 τούτων
3474 1157 3667 1228 μέσον,

2074 1253 2481 1324 συναπεγενήθη
2523 1256 2638 1314 τοῖς
2679 1250 2927 1321 πέρασιν.
2969 1251 3132 1303 Ὥστε
3173 1249 3275 1304 κᾶν
3324 1249 3491 1321 μηδὲν
3530 1250 3670 1322 εἴπῃ

2074 1346 2203 1414 περὶ
2238 1344 2346 1397 τῶν
2375 1343 2686 1414 στοιχείων,
2723 1341 2924 1412 πυρὸς,
2964 1342 3059 1394 καὶ
3097 1340 3315 1407 ὓδατος,
3347 1344 3441 1395 καὶ
3477 1343 3671 1414 ἀέρος,

2074 1435 2211 1490 ἀλλὰ
2236 1436 2299 1488 σὺ
2342 1436 2408 1504 τῇ
2442 1432 2595 1504 παρὰ
2640 1430 2840 1485 σαυτοῦ
2878 1430 3091 1484 συνέσει
3125 1431 3236 1484 νόει
3260 1456 3279 1495 ,-
3310 1431 3525 1501 πρῶτον
3564 1432 3672 1503 μὲν

2076 1527 2157 1580 ὅτι
2194 1526 2371 1580 πάντα
2396 1526 2455 1578 ὲν
2480 1526 2613 1578 πᾶσι
2647 1524 2933 1594 μέμικται,
2973 1523 3066 1579 καὶ
3093 1523 3153 1576 ἐν
3188 1524 3258 1595 γῇ
3289 1523 3540 1594 εὑρήσεις
3569 1523 3673 1577 καὶ

2077 1618 2243 1690 ὕδωρ,
2269 1618 2363 1671 καὶ
2393 1616 2551 1687 ἀέρα,
2576 1614 2824 1687 καὶπῦρ,
2843 1613 2957 1683 εἴγε
2984 1616 3047 1668 ὲκ
3070 1613 3235 1668 λίθων
3262 1615 3361 1685 μὲν
3384 1614 3497 1685 πῦρ
3517 1614 3674 1681 ἐξάλ-

2077 1710 2249 1773 λεται,
2286 1711 2350 1762 ἐκ
2377 1707 2594 1779 σιδήρου
2620 1706 2697 1773 δὲ,
2726 1707 2785 1771 ὃς
2815 1708 2909 1761 καὶ
2936 1706 3099 1770 αὐτὸς
3131 1707 3241 1761 ἀπὸ
3276 1707 3381 1778 γῆς
3417 1706 3528 1777 ἔχει
3567 1705 3673 1778 τὴν

394 1801 560 1861 atque
588 1792 724 1847 adeo
750 1806 972 1860 aquam,
1002 1807 1293 1863 acremque
1326 1803 1383 1848 et
1413 1795 1591 1864 ignem
1623 1797 1676 1850 in
1717 1805 1862 1851 terra
1891 1812 1976 1852 re-

2084 1802 2316 1870 γένεσιν,
2351 1799 2464 1871 πῦρ
2491 1799 2721 1869 ἄφθονον
2752 1801 2810 1853 ὲν
2855 1802 2972 1864 ταῖς
3015 1799 3386 1871 παρατρίψεσι
3423 1799 3673 1868 πέφυκεν

394 1896 646 1953 perturus
666 1899 744 1940 es.
770 1883 906 1940 Nam
932 1900 1000 1941 ex
1027 1884 1297 1955 lapidibus
1330 1888 1550 1955 quidem
1578 1888 1717 1958 ignis
1746 1890 1929 1945 exsilit
1955 1906 1971 1944 :

393 1990 463 2029 ex
492 1972 636 2029 ferro
678 1989 831 2038 vero,
861 1976 1003 2043 quod
1040 1976 1218 2042 ipsum
1259 1977 1425 2029 etiam
1452 1992 1483 2033 e
1515 1987 1660 2032 terra
1707 1979 1974 2051 originem

395 2065 588 2133 trahit,
626 2066 766 2136 ignis
813 2064 1096 2120 abundans
1131 2067 1183 2119 in
1213 2065 1427 2122 atlrictu
1457 2071 1696 2125 emicare
1725 2071 1886 2126 solet.
1917 2072 1976 2127 Id

394 2171 612 2227 quoque
654 2171 753 2226 par
780 2156 944 2211 fuerit
972 2160 1250 2224 admirari,
1287 2161 1560 2231 quomodo
1609 2162 1748 2232 ignis
1775 2164 1865 2233 qui
1890 2164 1976 2219 in-

396 2259 484 2305 est
527 2250 870 2319 corporibus,
900 2250 951 2304 in
987 2252 1120 2321 ipsis
1157 2252 1299 2308 citra
1345 2253 1734 2309 detrimentum
1787 2256 1977 2311 delite-

395 2350 514 2400 scat
547 2361 563 2397 :
599 2352 791 2398 contra
819 2358 905 2409 ea,
942 2359 970 2396 a
1000 2344 1197 2412 quibus
1252 2355 1410 2400 antea
1436 2343 1789 2412 'servabatur,
1815 2349 1980 2404 simul

396 2444 459 2489 ut
487 2434 634 2489 foras
662 2435 893 2492 eductus
924 2445 1027 2497 est,
1063 2437 1331 2492 absumat.
1376 2439 1758 2494 Demonstrant
1794 2449 1977 2496 autem

397 2536 687 2595 puteorum
748 2528 985 2584 fossores
1035 2545 1190 2599 aqua:
1240 2542 1487 2584 naturam
1541 2542 1701 2587 terrai
1753 2534 1973 2589 insitam

395 2633 519 2674 esse
551 2636 566 2671 :
600 2620 729 2688 quin
761 2630 816 2675 et
848 2624 995 2677 aeris
1037 2634 1287 2677 naturam
1325 2634 1484 2679 teme
1511 2624 1687 2679 inesse
1726 2641 1981 2696 compro-

396 2709 528 2765 bant
582 2714 796 2768 emissae
847 2714 951 2769 illa:
990 2732 1207 2770 sursum
1235 2731 1266 2770 e
1298 2726 1443 2771 terra
1498 2717 1811 2772 humectata
1850 2727 1905 2772 et
1937 2734 1969 2773 a

399 2802 514 2857 sole
537 2803 793 2859 calefacta
848 2807 1238 2864 exhalationes.
1271 2808 1475 2864 Deinde
1503 2825 1625 2865 cum
1655 2810 1854 2866 cmlum
1886 2825 1982 2864 na-

400 2902 521 2949 tura
572 2896 751 2951 locum
791 2913 1086 2966 supernum
1130 2909 1381 2967 occupet,
1435 2910 1578 2955 terra
1616 2916 1745 2956 vero
1796 2902 1981 2956 intima

401 2988 476 3042 sit
504 3004 518 3042 :
545 2990 745 3059 quippe
778 2990 1028 3045 feruntur
1070 2992 1123 3045 in
1167 2991 1367 3047 caelum
1414 2991 1583 3058 levia;
1616 2992 1800 3062 gravia
1850 3007 1977 3047 vero

403 3094 473 3135 ex
508 3095 567 3135 se
599 3092 828 3152 vergunt
858 3082 911 3136 in
947 3091 1175 3146 terram,
1209 3098 1448 3153 cumque
1489 3084 1725 3139 maxime
1754 3097 1977 3138 contra-

2077 1890 2450 1961 ἀπολάμπειν.
2482 1891 2547 1942 Ὃ
2579 1890 2674 1942 καὶ
2696 1887 2976 1957 θαυμάσαι
2996 1887 3172 1954 ἀξιον,
3201 1888 3320 1950 πῶς
3351 1890 3409 1940 ὲν
3436 1887 3535 1958 μὲν
3553 1889 3673 1951 τοῖς

2079 1977 2327 2048 σώμασιν
2347 1976 2590 2048 ὑπάρχον
2636 1977 2748 2047 (55)
2773 1978 2837 2031 τὸ
2864 1977 2974 2049 πῦρ
2994 2016 3009 2041 ,
3046 1977 3299 2042 ἀϐλαϐῶς
3329 1978 3668 2049 ὲμφωλεύει·

2077 2068 2383 2142 προκληθὲν
2412 2068 2470 2121 δὲ
2496 2068 2588 2121 ἐπὶ
2620 2067 2681 2121 τὺ
2713 2067 2840 2134 ἔξω,
2873 2068 3243 2140 δαπανητικόν
3270 2070 3386 2122 ἐστι
3427 2068 3533 2121 τῶν
3567 2084 3675 2138 φυς-

2076 2162 2381 2216 λασσόντων
2411 2160 2567 2224 τέως.
2593 2161 2705 2232 Τὴν
2723 2162 2780 2215 δὲ
2805 2160 2899 2214 τοῦ
2928 2159 3119 2225 ὓδατος
3140 2160 3302 2231 φύσιν
3330 2159 3674 2232 ἐνυπάρχω-

2080 2270 2179 2307 σαν
2202 2255 2267 2324 τῇ
2296 2254 2365 2323 γῇ
2388 2254 2435 2305 οἱ
2460 2250 2767 2323 φρεωρύχοι
2791 2249 3126 2305 δεικνύουσι·
3155 2251 3249 2306 καὶ
3273 2250 3371 2322 τὴν
3396 2249 3492 2305 τοῦ
3510 2250 3674 2320 ἀέρος

2078 2344 2129 2397 oi
2160 2343 2269 2397 ἀπὸ
2299 2343 2679 2413 νενοτισμένης
2702 2342 2871 2413 αὐτῆς
2897 2342 3065 2412 ἀτμοὶ
3096 2343 3200 2396 ὑπὸ
3231 2342 3381 2412 ἡλίου
3417 2341 3674 2411 θαλφθείο

2081 2451 2181 2504 σης
2210 2433 2681 2504 ἀναπεμπόμενοι.
2714 2434 2944 2487 Ἔπειτα
2979 2433 3161 2504 μέντοι
3188 2434 3283 2488 καὶ
3308 2435 3357 2487 εί
3394 2432 3552 2502 φύσει
3575 2434 3673 2486 τὸν

2079 2527 2193 2582 ἄνω
2222 2526 2385 2580 τόπον
2418 2529 2447 2579 ὁ
2477 2526 2702 2598 οὐρανὸς
2734 2528 2954 2599 ἐπέχει,
2998 2530 3031 2597 ἡ
3073 2527 3129 2581 δὲ
3162 2528 3232 2598 γῆ
3265 2528 3327 2581 τὸ
3357 2527 3678 2582 κατώτατόν

2080 2618 2230 2670 ἐστι·
2259 2617 2392 2671 διότι
2434 2618 2526 2671 ἐπὶ
2567 2618 2666 2688 μὲν
2702 2618 2793 2672 τὸν
2840 2619 3065 2690 οὐρανὸν
3117 2619 3185 2673 τὰ
3220 2618 3396 2689 κοῦφα
3424 2619 3670 2691 φέρεται,

2082 2711 2175 2764 ἐπὶ
2208 2710 2265 2763 δὲ
2301 2710 2397 2781 τὴν
2426 2709 2532 2779 γῆν
2551 2710 2622 2764 τὰ
2646 2711 2818 2783 βαρέα
2847 2712 3057 2781 πέφυκε
3093 2712 3486 2784 καταρῤέπειν,
3514 2714 3672 2766 ἐναν-

2080 2801 2321 2857 τιώτατα
2346 2803 2403 2856 δὲ
2428 2802 2680 2874 ἀλλήλοις
2707 2803 2767 2856 τὸ
2790 2802 2902 2857 ἀνω
2927 2803 3100 2858 καὶτὸ
3127 2804 3275 2858 κάτω
3299 2821 3310 2836 ·
3334 2806 3363 2858 ὀ
3386 2803 3493 2858 τῶν
3514 2803 3671 2857 πλεῖ-

2083 2910 2209 2947 στον
2240 2891 2545 2947 διεστώτων
2580 2893 2723 2948 κατά
2751 2895 2850 2965 τὴν
2889 2894 3051 2964 φύσιν
3075 2893 3449 2966 ἐπιμνησθεὶς,
3481 2894 3576 2948 καὶ
3600 2893 3679 2948 τὰ.

2080 2984 2179 3057 τὴν
2207 2985 2378 3055 μέσην
2416 2984 2625 3047 τούτοις
2659 2985 3041 3057 ἑκπληροῦντα
3068 2983 3251 3056 χώραν
3278 2984 3673 3055 συνεκδοχικῶς

2086 3080 2493 3151 παρεσήμανεν.
2526 3077 2688 3130 Ὥστε
2708 3077 2783 3148 μὴ
2812 3076 2966 3147 ζήτει
2994 3076 3103 3147 (56)
3134 3078 3231 3147 τὴν
3260 3077 3368 3131 τῶν
3394 3076 3515 3131 καθ’
3545 3077 3677 3130 ἕκα-

403 3170 482 3224 ria
510 3171 619 3225 sint
661 3174 802 3225 inter
836 3188 894 3227 se
921 3189 1214 3243 supernum
1253 3185 1309 3229 et
1344 3175 1648 3240 infernum;
1682 3174 1774 3244 qui
1799 3189 1979 3231 rerum

2090 3147 2213 3228 στον
2242 3147 2575 3243 ἐπεξήγησιν
2594 3213 2608 3238 ,
2654 3171 2789 3227 ἀλλὰ
2829 3172 2896 3226 τὰ
2928 3173 3271 3244 σιωπηθέντα
3304 3175 3410 3229 νόει
3443 3173 3531 3229 διὰ
3559 3172 3676 3230 τῶν

402 3256 715 3328 longissime
752 3262 893 3318 inter
924 3278 983 3318 se
1039 3275 1235 3318 natura
1272 3265 1609 3320 diversarum
1652 3265 1979 3320 mentionem

2085 3264 2456 3336 δηλωθέντων.

411 3347 567 3415 fecit,
601 3352 764 3404 etiam
834 3367 898 3407 ea
937 3369 1056 3422 qua:
1101 3354 1374 3426 regionem
1435 3356 1663 3410 mediam
1710 3355 1763 3410 in
1835 3356 1922 3410 his
1992 3356 2227 3426 explent,
2270 3356 2564 3411 acervatim
2604 3355 2948 3426 significavit.
3009 3356 3188 3424 Quare
3225 3371 3294 3413 ne
3338 3355 3675 3426 singulorum

406 3443 666 3511 exquiras
706 3447 1093 3513 narrationem,
1124 3448 1244 3521 sed
1296 3464 1358 3504 ea
1414 3464 1534 3519 qua:
1587 3459 1715 3505 sunt
1769 3450 1985 3505 silentio
2023 3453 2317 3521 praeterita,
2354 3464 2451 3517 per
2483 3465 2546 3504 ea
2585 3464 2704 3517 qua:
2737 3450 2967 3503 indicata
2994 3459 3121 3503 sunt
3153 3448 3411 3519 intellige.

479 3533 534 3589 8.
577 3532 643 3588 In
678 3535 933 3604 principio
978 3518 1285 3605 fecit‘Deus
1335 3518 1522 3593 coelum
1559 3550 1605 3592 et
1653 3550 1869 3594 terram.
1902 3537 1989 3593 ln-

406 3626 632 3696 qnisitio
669 3641 789 3695 qua:
823 3628 891 3681 de
918 3627 1252 3697 singularum
1301 3645 1482 3684 rerum
1537 3632 1773 3685 essentia
1815 3632 1990 3697 fieret,

409 3717 524 3771 sive
567 3731 753 3771 earum
795 3732 916 3786 qute
943 3719 1044 3772 sub
1073 3730 1319 3774 nostram
1350 3723 1867 3792 contemplationem
1898 3740 1991 3779 ca-

409 3808 567 3874 dunt,
596 3809 711 3862 sive
751 3822 942 3862 earum
985 3826 1104 3878 quae
1129 3811 1331 3865 nostris
1359 3814 1610 3869 sensibus
1641 3815 1989 3885 objiciuntur,

408 3914 715 3955 sermonem
768 3901 986 3972 longum
1031 3912 1086 3956 et
1125 3915 1504 3958 excurrentem
1533 3905 1584 3959 in
1620 3917 1862 3961 nostram
1900 3907 1983 3961 in-

408 3995 858 4060 terpretationem
914 3995 1230 4062 induceret,
1285 4000 1725 4068 quandoquidem
1780 3999 1835 4053 in
1885 4000 1989 4053 hoc

407 4083 745 4153 problcntate
778 4087 1133 4155 expendenda
1161 4089 1322 4142 verba
1359 4089 1514 4157 plura
1553 4091 1872 4146 insumenda
1903 4105 1992 4145 es-

412 4186 536 4228 sent
584 4191 745 4245 quam
781 4178 834 4231 in
881 4179 1129 4248 reliquis,
1174 4198 1294 4250 qute
1342 4183 1413 4237 de
1468 4183 1702 4253 singulis
1746 4184 1993 4252 qnzesitis

411 4265 516 4320 dici
548 4277 793 4333 possunt.
825 4268 1093 4325 Praeterea
1129 4273 1271 4327 haud
1322 4288 1503 4343 opera:
1557 4268 1790 4343 pretium
1823 4273 1992 4330 fuerit

410 4357 477 4411 ad
516 4359 774 4416 Ecclesia:
820 4364 1235 4420 :editicationem
1280 4367 1331 4420 in
1385 4367 1470 4421 his
1529 4375 1743 4435 tempus
1791 4376 1987 4422 terere.

408 4448 613 4507 Verum
671 4454 817 4509 circa
879 4456 1004 4511 caeli
1039 4457 1331 4512 essentiam
1380 4457 1515 4513 satis
1551 4457 1705 4512 nobis
1756 4465 1885 4511 sunt
1923 4473 1985 4512 ea

409 4558 532 4612 qua!
576 4545 723 4599 dicta
755 4556 883 4601 sunt
911 4548 980 4601 ab
1006 4548 1168 4611 lsaia,
1210 4550 1302 4619 qui
1340 4549 1656 4620 vulgaribus
1680 4551 1861 4605 verbis
1892 4565 1989 4604 na-

422 4642 556 4689 tura:
594 4636 765 4705 ipsius
795 4639 1159 4710 cognitionem
1189 4640 1544 4696 sumcientem
1586 4642 1741 4696 nobis
1773 4641 1987 4709 indidit,

419 4724 547 4780 dum
576 4726 748 4783 dixit:
777 4728 879 4795 Qui
906 4730 1139 4799 ﬁrmavit
1165 4732 1351 4786 caelum
1371 4734 1529 4802 quasi
1562 4733 1766 4802 fumum
1786 4733 1851 4799 η,
1884 4734 1986 4789 hoc

481 4844 526 4875 ¹¹
551 4845 659 4900 lsa.
679 4863 750 4912 LI,
791 4845 846 4901 6.

2157 3540 2210 3595 8.
2265 3541 2369 3595 Ἐν
2403 3538 2564 3610 ἀρχῇ
2597 3538 2888 3607 ἐποίησεν
2915 3542 2948 3594 ὀ
2986 3539 3131 3607 Θεὸς
3160 3539 3269 3593 τὸν
3295 3539 3557 3609 οὐρανὸν
3572 3537 3677 3592 καὶ

2087 3631 2202 3700 τὴν
2247 3630 2383 3701 γῆν.
2424 3631 2489 3684 Ἡ
2528 3628 2656 3701 περὶ
2695 3629 2796 3700 τῆς
2828 3628 3016 3693 οὐσίας
3057 3628 3254 3700 ἔρευνα
3301 3629 3532 3683 ἑκάστου
3566 3628 3679 3682 τῶν

2085 3723 2330 3795 ὅντων,ἢ
2370 3722 2479 3776 τῶν
2525 3721 2671 3776 κατά
2711 3721 2945 3793 Θεωρίαν
2988 3720 3400 3789 ὑποπιπτόντων
3436 3723 3602 3790 ἡμῖν,
3639 3720 3674 3791 ἢ

2086 3812 2196 3867 τῶν
2241 3810 2617 3884 προκειμένων
2660 3809 2816 3881 ἡμῶν
2862 3812 2928 3881 τῇ
2970 3808 3249 3880 αίσθήσει,
3315 3810 3525 3881 μακρὸν
3584 3809 3680 3864 καὶ

2090 3904 2477 3977 ἀπηρτημένον
2504 3902 2660 3972 λόγον
2680 3903 2959 3971 ἐπεισάγει
2986 3905 3051 3974 τῇ
3080 3901 3335 3973 ἐξηγήσει
3354 3943 3369 3968 ,
3394 3902 3470 3966 ὡς
3498 3901 3678 3955 πλείο-

2092 4016 2190 4062 νας
2216 4000 2273 4051 ὲν
2299 4000 2364 4068 τῇ
2396 3999 2524 4068 περὶ
2548 3995 2643 4050 τοῦ
2677 3994 3062 4067 προϐλήματος
3090 3994 3277 4048 τούτου
3317 3995 3505 4064 σκέψει
3547 4011 3678 4049 κατ-

2094 4089 2479 4145 αναλίσκεσθαι
2507 4090 2698 4157 λόγους
2718 4088 2825 4142 τῶν
2860 4086 3085 4153 λοιπῶν,
3126 4088 3226 4140 ὅσα
3266 4086 3539 4157 ἐνδέχεται
3575 4088 3675 4157 ῥη-

2093 4183 2252 4253 θῆναι
2295 4182 2423 4253 περὶ
2459 4181 2690 4234 ἑκάστου
2725 4180 2837 4234 τῶν
2873 4179 3255 4252 ζητουμένωνο
3288 4179 3427 4251 πρὸς
3452 4179 3513 4232 τὸ
3539 4177 3674 4248 (57),

2100 4272 2236 4344 μηδὲ
2263 4271 2538 4343 προύργου
2564 4289 2615 4324 τι
2648 4265 2786 4324 εἶναι
2818 4272 2897 4335 είς
2925 4269 3023 4342 τὴν
3043 4270 3144 4340 τῆς
3179 4269 3679 4341 Ἑκκλησίαςόίκο-

2095 4364 2265 4435 δομὴν
2287 4365 2347 4416 τὸ
2374 4363 2501 4435 περ).
2519 4362 2690 4418 ταῦτα
2713 4361 3181 4433 κατασχολεῖσθαι.
3222 4361 3379 4415 Ἀλλὰ
3418 4361 3548 4431 περὶ
3579 4361 3678 4431 μὲν

2095 4455 2197 4526 τῆς
2236 4455 2426 4518 οὐσίας
2461 4454 2555 4509 τοῦ
2601 4453 2832 4526 ούρανοῦ
2885 4452 3204 4524 ἀρκούμεθα
3234 4456 3348 4517 τοῖς
3393 4452 3545 4524 παρὰ
3580 4450 3676 4504 τοῦ

2107 4548 2330 4602 Ἡσαΐου
2351 4549 2661 4621 εἰρημένοις
2679 4566 2690 4578 ·
2715 4548 2774 4611 ὃς
2799 4549 2856 4599 ὲν
2881 4546 3167 4609 ἰδιωτικοῖς
3210 4546 3450 4618 ῥήμασιν
3490 4541 3679 4612 ἱκανὴν

2092 4643 2226 4714 ἡμῖν
2249 4641 2347 4710 τῆς
2374 4640 2587 4710 φύσεως
2615 4639 2779 4695 αὐτοῦ
2825 4639 2923 4709 τὴν
2949 4637 3184 4693 διάνοιαν
3217 4635 3530 4707 ἐνεποίησεν
3548 4678 3562 4701 ,
3597 4635 3677 4686 εί-

2090 4731 2208 4785 πών
2225 4749 2238 4762 ·
2286 4732 2349 4785 '0
2376 4731 2721 4801 ¹στιερειέκγας
2758 4731 2866 4785 τὸν
2918 4729 3179 4800 οὐρανὸν
3223 4728 3367 4783 ὡσεὶ
3418 4728 3673 4782 καπνόν·

406 4967 557 5040 αὐτὸ
576 4966 769 5040 τοῦτο,
791 4966 907 5036 τὴν
919 4967 1240 5040 αἰτίαν-τοῦ
1271 4963 1423 5021 εἶναι
1451 4966 1775 5036 παρέσχεν.
1802 4964 1964 5040 Verte

2181 4967 2293 5040 (55)
2319 4966 2543 5040 Veteres
2566 4965 2829 5040 dno_libri
2858 4963 3186 5036 ἐνυπάρχον.
3220 4962 3513 5032 Aliquanto
3554 4971 3677 5032 post

413 5036 539 5093 Non
565 5038 661 5091 hoc
691 5039 860 5091 solum
906 5038 1172 5105 prwstitit,
1203 5053 1420 5092 causam
1461 5050 1517 5089 ut
1562 5047 1694 5090 esset
1741 5038 1994 5105 mundus,

412 5109 466 5163 id
496 5122 600 5173 εει,
644 5124 748 5163 non
777 5108 975 5160 nudam
1010 5119 1065 5162 et
1092 5108 1393 5177 simplicem
1430 5110 1631 5161 mundo
1660 5110 1993 5162 creationem

410 5180 685 5247 prmstitit,
713 5180 803 5231 sed
826 5186 885 5230 ut
913 5179 1077 5230 bonus
1104 5176 1227 5247 fecit
1256 5177 1400 5247 quod
1431 5177 1559 5229 utile
1582 5187 1679 5243 est,
1699 5187 1754 5229 ut
1784 5179 1994 5246 sapiens

410 5245 550 5303 auod
572 5248 1003 5314 pulcherrimum.
1032 5249 1098 5301 D.
1137 5246 1231 5300 Fr.
1254 5245 1539 5301 Mittimus.

485 5318 599 5387 (52)
634 5319 772 5371 Editi
799 5318 1082 5389 μονονουχὶ
1104 5316 1235 5389 γάρ,
1271 5318 1344 5369 At
1367 5332 1515 5389 mss.
1531 5332 1640 5389 non
1665 5317 1912 5389 patrcigut
1938 5317 1991 5370 in

413 5385 691 5459 contestu.
723 5385 924 5459 lbi—dem
965 5385 1303 5459 unus'cudex
1331 5385 1714 5459 εἰσϐεϐηκότα.
1752 5386 1994 5441 Subinde

413 5458 567 5514 Cotti.
603 5460 808 5526 primus
833 5458 900 5511 τὰ
924 5457 1260 5512 καθέκαστα.

487 5525 807 5599 (55)⁷Ειιίιὶο
854 5530 1019 5582 Busil.
1054 5529 1164 5599 τῶν
1218 5525 1428 5599 ἀρχῶν,
1470 5543 1534 5580 ea:
1572 5525 1777 5599 duabus
1803 5528 1995 5599 princi-

416 5598 535 5667 piis.
569 5598 770 5651 Ibidem
818 5614 946 5653 mss.
1003 5598 1099 5651 τοῦ
1135 5597 1360 5660 παντὸς.
1413 5597 1571 5652 Deest
1623 5597 1887 5652 articulus
1933 5599 1988 5652 in

416 5668 669 5732 vulgatis.

488 5737 604 5808 (54)
626 5736 845 5806 Antiqui
865 5737 984 5793 libri
1001 5747 1214 5803 παντως
1235 5738 1312 5792 δέ.
1335 5737 1474 5809 Edit.
1502 5736 1673 5792 Paris.
1697 5738 1896 5801 παντὸς
1911 5735 1987 5792 δέ.

2101 5035 2232 5098 mss.
2263 5035 2502 5092 nonnulli
2535 5039 2627 5091 ἐπὶ
2648 5038 2716 5092 τὰ
2751 5035 2877 5101 ἔξω.

2172 5107 2467 5184 (56)“Libnri
2495 5108 2704 5184 A~ngli_ci
2736 5122 2855 5184 eum
2892 5103 3045 5161 Colb.
3081 5105 3260 5184 primo
3292 5112 3347 5159 et
3376 5103 3669 5184 cumAReg:

2098 5172 2530 5250 εειὶιοζητεῖν...
2561 5172 2722 5250 νοεῖν.
2770 5177 2839 5250 At
2873 5172 3100 5250 uterque
3151 5177 3282 5250 Duc.
3328 5189 3452 5228 cum
3508 5172 3674 5228 Cois}.

2138 5255 2276 5307 rimo
2305 5246 2361 5304 et
2390 5264 2513 5302 cum
2544 5249 2666 5302 aliis
2692 5247 3175 5316 quibusdamgmss.
3196 5246 3469 5316 vulgatam
3497 5252 3677 5316 tuetur

2138 5269 2276 5307 rimo
2305 5269 2361 5304 Cl.
2390 5269 2513 5302 Clllll
2544 5269 2666 5302 auls
2692 5269 3015 5316 quwtlsualu
3044 5269 3175 5299 Illas.
3199 5269 3469 5316 \‘Utgasaul
3498 5269 3674 5297 turtur

2099 5269 2386 5377 rectionem
2418 5334 2434 5370 :
2462 5317 2548 5371 cui
2580 5318 2795 5371 lectioni
2827 5326 2981 5370 vetus
3027 5314 3299 5382 interpres
3353 5313 3674 5367 Eustathius

2100 5395 2287 5447 favet:
2319 5388 2602 5463 Nart__ergo
2645 5403 2877 5453 quaeras,
2915 5385 3107 5463 inquit,
3133 5387 3209 5463 de
3231 5384 3479 5463 _singutis
3516 5384 3679 5463 ratio-

2100 5480 2214 5516 nem
2244 5479 2263 5515 :
2296 5462 2385 5514 sed
2416 5459 2509 5511 illa
2522 5455 2727 5528 quoque
2749 5473 2868 5527 qua!
2890 5455 3101 5528 silentio
3127 5455 3397 5528 Scriptura
3419 5455 3674 5524 prrrteril.

2106 5550 2171 5587 ea
2196 5528 2306 5596 liis,
2332 5545 2448 5598 qum
2476 5525 2649 5582 relata
2678 5525 2818 5598 sunt,
2852 5525 3058 5598 debebis
3085 5526 3372 5598 (adverte-re.

2176 5590 2547 5726 ἓῗᾎιῖοιιίοεε
2601 5597 2842 5655 nonnulli
2877 5595 3014 5667 πρὸς
3061 5594 3164 5667 τῷ.
3215 5594 3319 5650 Alii
3358 5608 3482 5651 cum
3514 5590 3677 5653 editis

2101 5672 2236 5746 πρὸς
2255 5672 2333 5725 τό.
