4082 6218
430 313 495 369 ³31
1574 310 1858 367 HOMILIA
1899 313 1918 366 l
1954 310 2023 366 IN
2065 311 2556 369 BEXAEMERON.
3217 361 3224 366 .
3613 310 3689 367 τι

431 429 697 494 τουτέστι,
732 431 934 502 λεπτὴν
958 429 1116 500 φύσιν
1144 431 1237 484 κα),
1265 428 1326 484 ab
1369 431 1592 501 στερεὰν
1621 430 1740 483 οὐδὲ
1779 432 1995 500 παχεῖαι

2112 443 2214 498 est,
2247 434 2337 502 qui
2385 443 2623 496 tenuem,
2665 447 2769 486 non
2812 431 3038 486 solidam
3091 445 3263 499 neque
3313 443 3552 484 crassam
3588 445 3688 483 na-

430 525 510 587 εῑς
529 520 627 594 τὴν
654 521 747 575 τοῦ
769 521 999 594 οὐρανοῦ
1031 522 1290 576 σύστασιν
1322 520 1609 584 οὑσιὼσας.
1644 523 1751 574 Καὶ
1772 523 1895 592 περ)
1918 521 2010 574 τοῦ

432 615 706 684 σχήματος
738 613 794 666 δὲ
831 613 989 666 ἱκανὰ
1017 614 1148 684 ἡμῖν
1180 613 1250 665 τὰ
1276 611 1406 683 παρ’
1429 611 1592 665 αὑτοῦ
1614 651 1628 674 ,
1669 613 1910 676 εἰπόντος
1953 615 2012 666 ὲν

426 705 700 776 δοξολογία
731 703 866 756 Θεοῦ
886 720 900 736 ο
939 705 1000 757 '0
1031 703 1269 769 στήσας
1295 703 1401 756 τὸν
1439 703 1696 771 οὐρανὸν
1734 704 1875 757 ὡσεὶ
1905 721 2009 757 κα·-

423 795 638 862 μάραν.
671 794 750 846 Τὰ
781 793 919 846 αὑτὰ
951 793 1006 845 δὲ
1026 793 1200 846 ταῦτα
1231 793 1322 844 καὶ
1346 793 1594 862 περὶτῆς
1631 791 1735 860 γῆς
1775 792 2011 862 συμϐου-

426 887 668 955 λεύωμεν
717 886 827 956 (58)
871 888 1114 947 ἑαυτοῖς,
1169 885 1243 956 μὴ
1307 885 1781 956 πολυπραγμονεῖν
1841 886 2009 956 αὑτῆς

424 979 521 1048 τὴν
554 977 740 1030 οὐσίαν
765 979 885 1047 ἥτις
912 977 1040 1030 ποτέ
1084 979 1219 1038 ἐστι,
1260 976 1392 1046 μηδὲ
1439 975 1859 1046 κατατρίϐεσθαι
1895 979 2009 1040 τοῖς

425 1073 701 1139 λογισμοῖς
723 1070 852 1122 αὑτὸ
873 1070 930 1121 τὸ
955 1067 1312 1136 ὑποκείμενον
1342 1065 1722 1136 ὲκζητοῦντας,
1752 1067 1884 1137 μηδὲ
1913 1067 2008 1138 ζη-

424 1165 534 1214 τεῖν
561 1179 679 1214 τινα
716 1161 874 1230 φύσιν
919 1161 1120 1230 ἔρημον
1155 1160 1452 1228 ποιοτήτων
1474 1199 1488 1220 ,
1521 1159 1707 1212 ἄποιον
1735 1161 2005 1229 ὑπάρχου-

427 1270 524 1306 σαν
560 1251 637 1321 τῷ
671 1252 870 1320 ἑαυτῆς
919 1251 1078 1320 λόγῳ,
1105 1249 1216 1302 ἀλλ’
1269 1245 1327 1301 εὖ
1356 1250 1572 1313 εἰδέναι,
1610 1251 1690 1302 ὅτι
1734 1251 1910 1304 πάντα
1936 1252 2004 1304 τὰ

426 1362 491 1396 πε
501 1345 554 1415 ρὶ
575 1344 741 1413 αὑτὴν
760 1341 1104 1412 θεωρούμενα
1129 1344 1206 1404 εἰς
1228 1340 1316 1392 τὸν
1340 1340 1430 1392 τοῦ
1450 1337 1584 1393 εἶναι
1607 1343 2002 1395 κατατέτακται

422 1435 596 1504 λόγον,
630 1434 1060 1505 συμπληρωτικὰ
1085 1435 1182 1503 τῆς
1213 1434 1396 1496 οὐσίας
1429 1434 1760 1502 ὑπάρχοντα.
1799 1435 1890 1498 Εἰς
1913 1436 2003 1487 οὑ-

419 1527 505 1580 δὲν
526 1526 634 1596 γὰρ
655 1525 999 1595 καταλήξεις,
1027 1525 1261 1594 ἑκάστην
1285 1523 1392 1576 τῶν
1418 1523 1839 1594 ἐνυπαρχουσῶν
1864 1527 1996 1597 αὑτῇ

424 1618 718 1685 ποιοτήτων
747 1614 1154 1685 ὑπεξαιρεῖσθαι
1193 1613 1270 1684 τῷ
1301 1614 1443 1684 λόγῳ
1482 1615 1835 1685 πειρώμενος.
1876 1617 2000 1670 Ἐὰν

419 1707 525 1777 γὰρ
561 1708 876 1778 ἀποστήσῃς
919 1705 980 1759 τὸ
1028 1705 1228 1775 μέλαν,
1283 1706 1342 1758 τὸ
1373 1705 1598 1778 ψυχρὸν,
1639 1707 1700 1758 τὸ
1742 1707 1900 1778 βαρὺ,
1939 1709 1998 1762 τὸ

2117 534 2312 587 turam,
2345 524 2411 578 ad
2446 525 2875 578 constituendam
2912 523 3034 578 caeli
3083 522 3443 575 substantiam
3490 520 3682 574 condi-

2112 615 2212 668 dit.
2266 615 2341 668 De
2380 615 2546 682 ﬁgura
2576 628 2788 683 quoque
2815 611 3086 666 sulliciunt
3112 611 3271 664 nobis
3309 625 3428 677 quae
3485 610 3683 678 ipsein

2117 703 2208 758 Dei
2230 703 2620 772 gloriﬁcatione
2649 703 2821 756 dixit:
2852 701 2954 766 Qui
2985 702 3169 754 statuit
3202 703 3387 754 caelum
3411 701 3549 754 sicut
3587 715 3679 753 ca-

2111 811 2307 848 merum
2331 795 2394 847 ¹³.
2431 796 2695 848 Czcterum
2750 794 2864 848 haec
2902 795 3089 847 eadem
3125 805 3177 846 et
3219 795 3285 847 de
3325 801 3466 846 terra
3524 793 3682 848 nobis

2109 885 2211 955 ipsi
2248 887 2590 944 suadeamus.
2631 894 2690 939 ut
2724 900 2790 939 ne
2827 885 3001 954 qualis
3041 886 3254 938 tandem
3290 885 3361 937 sit
3397 883 3514 950 ejus
3544 883 3677 937 sub-

2108 979 2328 1042 stantia,
2371 978 2635 1031 curiosius
2683 987 3106 1046 perscrtttemur,
3147 976 3202 1046 9
3244 993 3416 1044 neque
3453 977 3504 1029 in
3544 977 3678 1030 sub-

2106 1067 2255 1135 jecto
2289 1067 2649 1135 perquirendo
2702 1067 3117 1120 ratiocinatione
3152 1066 3505 1133 defatigemur
3535 1083 3548 1120 :
3582 1079 3679 1119 ne-

2106 1176 2210 1230 que
2242 1169 2486 1212 naturam
2523 1163 2830 1228 quampiam
2865 1159 3217 1228 qualitatibus
3260 1160 3590 1221 destitutam,
3620 1166 3677 1213 et

2104 1253 2424 1320 qualitatum
2460 1266 2553 1305 sua
2603 1253 2766 1320 ipsius
2816 1253 3125 1306 conditione
3172 1263 3444 1318 expertem
3486 1250 3676 1320 exqui-

2105 1359 2288 1395 ramus
2319 1357 2332 1393 :
2363 1343 2453 1396 sed
2485 1346 2648 1407 probe
2676 1344 2911 1396 sciamus
2938 1345 3115 1396 omnia
3147 1356 3484 1410 quaecunque
3520 1342 3572 1394 in
3605 1355 3672 1395 ea

2103 1434 2534 1498 considerantur,
2597 1434 2692 1503 ad
2723 1434 2890 1502 ipsius
2925 1433 3216 1487 exsisteudi
3253 1433 3514 1485 rationem
3545 1445 3670 1500 spe-

2101 1534 2285 1590 ctare,
2341 1526 2537 1593 quippe
2596 1540 2716 1594 qua:
2773 1525 2940 1594 ipsius
2989 1524 3288 1592 compleant
3355 1523 3670 1578 essentiam.

2100 1615 2332 1679 Etenim,
2377 1616 2421 1670 si
2455 1614 2740 1685 qualitates
2770 1615 3026 1684 singulas,
3055 1630 3188 1684 quas
3209 1614 3434 1677 obtinet,
3469 1613 3675 1666 ratione

2101 1705 2317 1760 auferre
2347 1706 2582 1772 coneris,
2641 1722 2699 1762 es
2743 1708 2796 1761 in
2851 1708 3077 1762 nihilum
3113 1707 3407 1763 desiturus.
3455 1706 3590 1760 Nam
3624 1706 3672 1760 si

420 1799 640 1861 πυκνὸν,
667 1799 764 1862 τὰς
799 1798 940 1850 κατὰ
967 1797 1155 1864 γεῦσιν
1185 1797 1595 1868 ἐνυπαρχούσας
1619 1799 1752 1868 αὑτῇ
1789 1799 1995 1870 ποιότη-

2102 1796 2372 1851 amoveris
2415 1798 2823 1868 nigritudinem,
2881 1799 3258 1868 frigiditatem,
3324 1799 3672 1866 gravitatem,

416 1905 536 1953 τας,
561 1889 593 1959 ἢ
619 1889 672 1940 εἴ
695 1905 840 1950 τινες
875 1886 1029 1940 ἄλλαι
1065 1886 1192 1957 περ).
1234 1887 1401 1954 αὑτὴν
1447 1884 1798 1955 θεωροῦνται,
1844 1886 1996 1938 οὐδὲν

420 1980 568 2033 ἔσται
595 1980 655 2032 τὸ
671 1978 1026 2048 ὑποκείμενον
1055 1977 1184 2044 (59).
1216 1975 1400 2028 Ταῦτά
1427 1992 1487 2027 τε
1517 1971 1608 2028 οὖν
1633 1975 1998 2028 καταλιπόντα

421 2091 503 2134 σε,
540 2072 671 2143 μηδὲ
698 2074 869 2124 ἐκεῖνο
914 2070 1095 2139 ζητεῖν
1127 2068 1377 2138 παραινῶ
1397 2109 1411 2131 ,
1446 2067 1540 2120 ἐπὶ
1573 2067 1718 2130 τίνος
1745 2067 1994 2136 ἕστηκεν.

431 2165 739 2233 Ἰλιγγιὰσει
761 2163 868 2231 γὰρ
901 2163 994 2215 κα).
1021 2161 1194 2224 οὑτως
1223 2159 1500 2230 ἠδιάνοια,
1528 2159 1662 2228 πρὸς
1686 2158 1836 2210 οὐδὲν
1867 2161 1996 2228 ὁμο-

417 2255 743 2326 λογούμενον
779 2255 951 2325 πέρας
989 2251 1274 2318 διεξιόντος
1315 2249 1408 2302 τοῦ
1445 2248 1726 2318 λογισμοῦ.
1780 2249 1903 2301 Ἐάν
1936 2266 1994 2301 τε

415 2347 524 2418 γὰρ
573 2349 711 2417 ἀέρα
767 2350 871 2416 φῇς
923 2343 1306 2413 ὑπεστρῶσθαι
1353 2342 1462 2412 (60)
1509 2341 1697 2393 πλάτει
1725 2341 1824 2409 τῆς
1867 2341 1992 2409 γῆς,

414 2439 728 2508 ἀπορήσεις,
755 2437 872 2499 πῶς
905 2437 937 2506 ή
972 2433 1221 2504 μαλθακὴ
1250 2434 1339 2485 καὶ
1364 2431 1656 2494 πολύκενος
1683 2431 1841 2499 φύσις
1867 2433 1994 2483 ἀντ-

415 2528 527 2597 έχει
569 2527 675 2580 ὑπὸ
730 2525 981 2579 τοσούτου
1020 2525 1217 2596 βάρους
1268 2525 1685 2595 συνθλιϐομένη,
1729 2524 1841 2578 ἀλλ’
1876 2525 1996 2595 οὑχ).

413 2615 754 2670 διολισθαίνει
807 2615 1068 2668 πάντοθεν
1117 2615 1212 2684 τὴν
1260 2614 1535 2684 συνίζησιν
1588 2613 1991 2682 ὑποφεύγουσα,

417 2710 508 2764 καὶ
538 2708 622 2761 dei.
648 2708 782 2778 πρὸς
809 2707 868 2759 τὸ
898 2705 1008 2759 ἄνω
1039 2705 1410 2774 ὑπερχεομένη
1455 2704 1549 2757 τοῦ
1583 2706 1992 2775 συμπιέζοντος.

413 2801 600 2860 Πάλιν,
631 2799 725 2852 ἐὰν
752 2798 952 2868 ὑποθῇς
995 2795 1172 2866 ἐαυτῷ
1213 2795 1320 2864 (61)
1363 2796 1506 2867 ὕδωρ
1547 2793 1685 2850 εἶναι
1721 2796 1780 2848 τὸ
1805 2797 1997 2849 ὑποϐε-

412 2891 678 2962 ϐλημένον
706 2893 768 2960 τῇ
793 2893 882 2960 γῇ.
915 2891 1007 2942 καὶ
1029 2889 1199 2954 οὕτως
1232 2889 1600 2959 ἐπιζητήσεις,
1629 2887 1746 2950 πῶς
1767 2888 1828 2941 τὸ
1855 2888 1990 2958 βαρὺ

412 2984 507 3038 καὶ
551 2983 750 3035 πυκνὸν
797 2983 857 3035 οὑ
899 2981 1133 3034 διαόὑνει
1175 2982 1267 3034 τοῦ
1316 2981 1537 3044 ὓδατος,
1581 2981 1694 3032 ἀλλ’
1744 2980 1850 3032 ὑπὸ
1891 2979 1992 3047 τῆς

411 3073 803 3144 ἀσθενεστέρας
825 3073 1040 3142 φύσεως
1066 3073 1127 3131 τὸ
1155 3073 1404 3125 τοσοῦτον
1445 3071 1748 3143 ὑπερφέρον
1773 3070 1849 3141 τῷ
1892 3070 1988 3140 βά-

415 3183 498 3236 ρει
531 3169 836 3236 κρατεῖται’
884 3165 1018 3234 πρὸς
1049 3165 1110 3217 τὸ
1153 3165 1244 3218 καὶ
1292 3164 1402 3234 (69.)
1453 3163 1617 3216 αὑτοῦ
1654 3163 1745 3216 τοῦ
1800 3164 1987 3228 ἱδατος
2015 3145 2058 3201 C

411 3255 508 3324 τὴν
535 3255 693 3325 ἕδραν
746 3254 1042 3324 ἐπιζητεῖν,
1089 3256 1183 3308 καὶ
1218 3255 1377 3307 πάλιν
1411 3255 1688 3324 διαπορεῖν
1720 3255 1824 3306 τίνι
1870 3272 1989 3306 στε-

413 3345 563 3416 γανῷ
597 3347 688 3400 καὶ
727 3347 1082 3417 ἀντερείδοντι
1133 3347 1161 3398 ὁ
1196 3345 1502 3408 τελευταῖος
1557 3343 1720 3397 αὑτοῦ
1773 3344 1990 3415 πυθμὴν

411 3435 701 3488 ὲπιὸαίνει.

483 3617 536 3670 9.
574 3617 698 3670 Ἐάν
734 3616 790 3669 δὲ
835 3617 1020 3686 ἕτερον
1076 3614 1231 3685 σῶμα
1270 3616 1364 3685 τῆς
1418 3617 1519 3685 γῆς
1573 3614 1992 3686 ἐμϐριθέστερον

411 3708 582 3779 ὑποθῇ
615 3708 842 3761 κωλύειν
864 3708 960 3777 τὴν
992 3707 1093 3778 γῆν
1128 3707 1261 3778 πρὸς
1296 3707 1357 3760 τὸ
1386 3708 1534 3760 κάτω
1574 3710 1799 3777 χωρεῖν,
1838 3707 1992 3759 ἐνθυ-

413 3802 632 3873 μηθήσῃ
661 3803 882 3854 κάκεῖνο
924 3801 1110 3870 ὁμοίου
1151 3800 1292 3862 τινὸς
1330 3800 1536 3852 δεῖσθαι
1578 3799 1671 3852 τοῦ
1711 3799 1992 3866 στέγοντος

409 3893 504 3948 καὶ
535 3893 608 3963 μὴ
645 3891 840 3955 ἐῶντος
873 3892 1004 3944 αὑτὸ
1039 3890 1419 3946 καταπίπτειν.
1452 3889 1567 3943 Κᾶν
1598 3907 1649 3943 τι
1677 3888 1990 3960 δυνηθῶμεν

411 3986 602 4054 ἐκείνῳ
651 3985 1066 4055 συμπλάσαντες
1113 3982 1428 4044 ὑποθεῖναι,
1472 3981 1531 4033 τὸ
1578 3982 1784 4034 ἐκείνου
1832 3981 1990 4034 πάλιν

411 4075 738 4146 ἁντέρεισμα
780 4077 808 4128 ὁ
856 4074 978 4138 νοῦς
1008 4073 1161 4144 ἡμῶν
1198 4071 1538 4142 ἐπιζητήσει,
1585 4073 1678 4124 καὶ
1706 4071 1879 4135 οὕτως
1912 4075 1990 4136 εἰς

412 4167 634 4237 ἄπειρον
680 4166 1060 4235 ἐκπεσούμεθα
1093 4165 1224 4230 (65),
1291 4167 1404 4226 τοῖς
1462 4163 1549 4218 ἀεὶ
1587 4163 1990 4234 εὑρισκομένοις

415 4257 630 4328 βάθροις
658 4257 822 4328 ’ἐτερα
853 4257 1012 4311 πάλιν
1046 4256 1404 4317 ἐπινοοῦντες.
1428 4255 1537 4308 Kal.
1559 4256 1668 4324 ὅσῳ
1693 4255 1784 4306 ὲπ).
1808 4255 1990 4307 πλεῖον

410 4348 487 4417 τῷ
519 4349 660 4420 λόγῳ
711 4351 1003 4422 προϊεμεν,
1037 4348 1276 4418 τοσούτῳ
1328 4347 1548 4417 μείζονα
1595 4347 1695 4418 τὴν
1749 4363 1991 4418 συνερει-

413 4439 602 4508 στικὴν
659 4438 1072 4507 ἀναγκαζόμεθα
1122 4438 1230 4507 (64)
1283 4437 1508 4506 δύναμιν
1570 4436 1905 4504 ὑπεισάγειν,
1953 4437 1986 4506 ἢ

2097 1889 2441 1955 densitatem,
2487 1898 2542 1944 et
2594 1890 2888 1957 qualitates
2927 1891 3094 1958 ipsius
3146 1889 3212 1944 ad
3251 1899 3464 1958 gustum
3495 1888 3669 1957 perti-

2097 1989 2304 2045 neutes,
2337 1988 2429 2034 aut
2460 1981 2504 2036 si
2541 1996 2660 2050 qua;
2687 1981 2807 2036 alia:
2841 1982 2893 2034 in
2927 1997 2987 2036 ea
3016 1981 3445 2048 conspiciuntur,
3480 1993 3673 2046 super-

2095 2069 2199 2122 erit
2225 2068 2524 2139 subjectum
2557 2070 2787 2124 nullum.
2827 2070 2922 2124 His
2972 2071 3136 2140 igitur
3158 2069 3396 2134 omissis,
3437 2084 3504 2123 ne
3539 2067 3670 2121 illud

2101 2161 2315 2234 quidem
2363 2161 2746 2230 inquirendum
2801 2177 3012 2225 moneo,
3042 2161 3300 2216 videlicet
3346 2175 3510 2230 super
3561 2175 3670 2228 quo

2095 2263 2199 2306 stet
2247 2252 2581 2308 fulcimento.
2615 2251 2747 2306 Nam
2793 2264 2847 2306 et
2887 2255 2988 2306 hoc
3032 2260 3187 2321 pacto
3219 2252 3483 2320 vertigine
3516 2265 3671 2304 mens

2094 2344 2382 2410 laborabit,
2411 2345 2844 2414 quandoquidem
2880 2345 2946 2396 ad
2977 2355 3184 2397 certum
3239 2343 3442 2396 nullum
3501 2341 3662 2394 linem

2096 2444 2418 2502 perventura
2459 2445 2541 2488 est
2572 2435 2932 2488 ratiocinatio.
2982 2434 3108 2488 Sive
3141 2437 3282 2490 enim
3327 2449 3506 2488 aerem
3542 2432 3668 2485 lati-

2095 2526 2268 2579 tudini
2306 2535 2463 2580 terra:
2511 2527 2844 2580 substratum
2875 2541 2998 2580 esse
3029 2528 3272 2592 dixeris;
3307 2525 3547 2592 ambiges
3577 2523 3674 2592 qu!

2097 2618 2210 2671 ﬁeri
2243 2619 2412 2687 possit
2451 2628 2508 2670 ut
2551 2627 2742 2672 natura
2791 2617 2970 2671 mollis
3001 2618 3265 2685 valdeque
3311 2616 3486 2670 inanis
3519 2626 3672 2669 tanto

2095 2710 2331 2776 pondere
2361 2723 2670 2776 compressa
2705 2710 2990 2770 renitatur,
3027 2718 3078 2761 et
3121 2724 3226 2761 non
3259 2710 3436 2776 potius
3465 2707 3671 2760 dilaba-

2095 2809 2184 2852 tur
2213 2801 2507 2862 undelibet,
2537 2802 2676 2854 ltanc
2719 2799 2914 2854 molem
2951 2801 3322 2854 subsideulem
3356 2799 3664 2869 aufugiens,

2092 2905 2258 2958 seque
2313 2906 2526 2944 sursum
2565 2903 2826 2958 perpetuo
2867 2906 3031 2958 super
3056 2891 3106 2942 id
3146 2891 3285 2958 quod
3321 2891 3487 2958 ipsam
3517 2905 3665 2944 com-

2093 2981 2277 3048 primit
2308 2979 2634 3035 dill‘undens.
2675 2981 2932 3046 Rursum,
2981 2981 3024 3035 si
3067 2998 3259 3051 aquam
3291 2993 3451 3034 terra:
3487 2981 3668 3048 subje-

2094 3082 2234 3124 ctam
2264 3085 2383 3124 esse
2413 3082 2587 3124 tecum
2622 3072 2900 3137 statueris,
2936 3073 3097 3125 etiam
3133 3073 3210 3126 sic
3243 3072 3502 3140 inquires,
3533 3087 3665 3140 quo-

2093 3164 2251 3216 modo
2282 3179 2442 3233 grave
2474 3174 2528 3218 et
2553 3164 2776 3217 densum
2808 3179 3002 3233 corpus
3040 3181 3143 3217 non
3177 3175 3423 3233 penetret
3447 3180 3665 3234 aquam,

2094 3256 2186 3309 sed
2226 3269 2309 3308 res
2334 3260 2489 3324 longe
2513 3256 2727 3324 gravior
2756 3272 2786 3310 a
2820 3257 3081 3310 dcbiliore
3111 3269 3301 3310 natura
3333 3256 3664 3312 detineatur.

2091 3345 2171 3400 Ad
2210 3345 2323 3399 lucc
2371 3347 2538 3412 ipsius
2589 3348 2754 3400 etiam
2797 3362 2950 3415 aquae
2995 3348 3348 3416 investigabis
3385 3350 3576 3412 basim,
3605 3363 3670 3402 ac

2102 3449 2318 3488 rursum
2350 3435 2640 3502 dubitabis,
2668 3436 2881 3489 cuinam
2917 3437 3089 3491 solido
3126 3447 3180 3491 et
3207 3439 3456 3494 renitenti
3495 3437 3669 3493 fulcro

2092 3530 2342 3584 ultimum
2373 3530 2488 3596 ejus
2514 3530 2738 3584 fundum
2772 3532 3074 3586 incumbat.

2162 3620 2215 3676 9.
2260 3621 2410 3688 Quod
2441 3623 2482 3676 si
2516 3638 2686 3691 ponas
2713 3623 2854 3676 aliud
2897 3639 3093 3692 corpus
3124 3637 3244 3678 esse
3278 3632 3417 3676 terra
3448 3624 3666 3690 gravius

2093 3725 2154 3764 ac
2179 3711 2427 3776 solidius,
2461 3727 2566 3779 quo
2610 3721 2752 3764 terra
2792 3727 2858 3765 ne
2889 3713 2954 3765 ad
2992 3713 3095 3764 ima
3141 3712 3352 3765 decidat
3403 3711 3666 3779 impedia-

2095 3811 2206 3868 tur;
2255 3801 2305 3854 in
2361 3803 2597 3856 animum
2645 3804 2960 3858 inducturus
3011 3819 3069 3857 es
3119 3803 3244 3856 illud
3297 3805 3456 3856 etiam
3486 3803 3666 3871 aliquo

2091 3893 2198 3945 alio
2241 3893 2402 3946 simili
2455 3894 2716 3959 indigere,
2763 3897 2904 3962 quod
2955 3897 3183 3949 alterum
3241 3894 3529 3954 sull‘ulciat,
3565 3907 3667 3948 nec

2091 3998 2349 4038 corruere
2376 3986 2542 4039 sinat.
2565 3987 2627 4039 Et
2655 3987 2698 4039 si
2725 3986 3016 4040 conlictum
3052 3987 3180 4056 quid
3210 3987 3282 4039 illi
3313 3989 3660 4040 Substeruero

2092 4077 2410 4143 poterimus,
2443 4093 2631 4130 rursus
2657 4077 2774 4146 ejus
2816 4078 3043 4132 fulcrum
3078 4093 3235 4131 mens
3269 4088 3452 4129 nostra
3482 4076 3664 4144 inqui-

2094 4175 2201 4229 ret;
2227 4172 2385 4231 atque
2419 4165 2518 4218 hoc
2553 4168 2708 4219 modo
2760 4167 2812 4219 iu
2863 4167 3129 4218 inlinittttn
3180 4166 3499 4229 dilabeniur,
3524 4181 3668 4219 seu:-

2094 4269 2192 4323 pcr
2225 4266 2420 4324 praeter
2452 4257 2666 4310 inventa
2701 4259 3069 4322 fundamenta,
3104 4260 3206 4311 alia
3237 4273 3422 4311 rursus
3447 4259 3665 4326 excogi-

2096 4355 2295 4405 tantes.
2323 4348 2388 4400 Et
2409 4357 2613 4417 quanto
2638 4349 2847 4418 longius
2871 4350 3080 4402 ratione
3107 4350 3506 4418 progredimur,
3547 4358 3666 4400 tan-

2097 4445 2148 4487 to
2177 4437 2436 4505 majorem
2492 4439 2767 4492 renitcndi
2800 4454 2864 4493 ac
2900 4439 3238 4492 sulfulciendi
3269 4440 3376 4492 vim
3413 4437 3657 4506 cogimur

414 4529 550 4599 πρὸς
571 4529 690 4583 ὅλον
719 4529 855 4600 ὁμοῦ
893 4529 1177 4600 δυνήσεται
1224 4529 1283 4582 τὸ
1327 4527 1722 4600 ὑπερκείμενον
1755 4528 1994 4583 ἀντιϐαί-

2100 4528 2374 4595 inducere,
2409 4545 2528 4600 quae
2559 4531 2655 4584 toti
2703 4532 2866 4585 simul
2921 4531 3046 4586 moli
3092 4531 3445 4600 superpositae
3493 4529 3664 4598 possit

484 4679 528 4710 ¹³
556 4678 658 4732 lsa.
691 4695 778 4744 XL,
807 4678 896 4732 22.

482 4838 595 4908 (58)
626 4838 806 4893 Codex
853 4838 1116 4912 Combeft
1146 4839 1581 4912 et‘unnsinuc.
1633 4853 1754 4892 cum
1819 4840 1986 4912 Regio

410 4923 566 4963 sexto
598 4920 652 4981 et
680 4925 799 4960 cum
827 4912 1063 4964 editione
1090 4910 1254 4965 Basil.
1283 4910 1743 4981 συμϐουλεύομεν.

479 4981 591 5043 (5‘))
625 4979 756 5045 Reg.
789 4990 973 5032 sextus
1021 4993 1075 5034 et
1119 4983 1271 5035 Colb.
1317 4979 1523 5049 primus
1551 4979 1708 5032 οὐδὲν
1746 4980 1900 5034 ἔσται
1926 4980 1986 5033 τὸ

407 5050 850 5119 ὑπολειπόμενον,
885 5049 1022 5118 quod
1051 5061 1301 5118 superest,
1339 5050 1470 5102 nihil
1515 5051 1638 5113 erit,
1693 5065 1806 5108 St‘ll,
1858 5051 1986 5103 nihil

406 5117 682 5184 supererit.
718 5117 820 5172 Alii
873 5117 1002 5173 mss.
1031 5132 1080 5174 et
1113 5117 1238 5175 editi
1271 5121 1422 5173 οὐδὲν
1471 5119 1620 5172 ἔσται
1664 5119 1725 5172 τὺ
1762 5120 1983 5172 ὑποκεῖ-

409 5207 586 5259 μενον.
615 5187 668 5260 ΙτΙ
687 5199 788 5249 e~t,
814 5200 867 5240 ιιι
887 5190 1181 5260 loquuntur
1210 5192 1532 5260 phdosoplii,
1565 5190 1766 5260 nullum
1794 5207 1977 5257 super-

403 5264 500 5311 erit
534 5259 844 5328 subjectum.
883 5259 977 5312 Est
1027 5259 1291 5328 hodieque
1330 5261 1538 5326 magnis
1580 5259 1720 5310 inter
1743 5261 1983 5328 philoso-

409 5330 544 5399 phos
582 5331 784 5398 agitata
827 5335 1261 5385 contentionibus
1289 5329 1535 5399 quasstio,
1561 5329 1702 5381 sitne
1740 5331 1984 5396 corporis

413 5398 584 5452 forma
619 5400 809 5451 entitas
840 5402 1110 5466 quardam,
1147 5401 1211 5454 an
1265 5398 1433 5453 solum
1459 5400 1704 5450 diversus
1754 5401 1983 5463 partium

409 5468 564 5528 situs,
602 5480 801 5529 motus,
851 5482 956 5522 etc.
1016 5472 1238 5523 Videtur
1284 5469 1516 5523 Basilius
1549 5477 1642 5519 attt
1699 5469 1858 5534 nihil,
1894 5481 1989 5524 aut

411 5553 513 5589 nou
545 5539 613 5588 ita
648 5542 870 5590 multum
905 5554 933 5590 a
972 5541 1366 5594 recentioribus
1389 5539 1696 5592 dissentire.

483 5604 594 5674 (60)
651 5606 786 5681 [illiti
825 5609 1242 5681 ὑποστόρεσθαι,
1279 5619 1550 5681 eorrttpte.
1603 5606 1784 5660 Colex
1845 5625 1982 5681 unus

411 5676 836 5748 ὑπεστορῆσθαι,
861 5676 1112 5748 corrupte
1135 5696 1368 5748 quoque.
1401 5679 1502 5731 Alii
1528 5687 1638 5748 tres
1689 5692 1818 5748 mss.
1846 5679 1980 5733 ὑπε-

412 5746 720 5824 στορέσθαι,
753 5763 855 5802 nou
887 5746 1045 5806 male.
1083 5746 1327 5807 At‘Coisl.
1350 5750 1554 5820 primus
1572 5747 1977 5825 ὑπεστρῶσθαι,

2094 4842 2304 4896 melius.
2339 4841 2632 4910 Aliquanto
2664 4848 2786 4907 post
2822 4853 2913 4892 sex
2947 4855 3078 4894 mss.
3107 4839 3340 4910 ἀντέχει.
3376 4837 3512 4892 Edili
3541 4853 3663 4890 cum

2094 4912 2246 4995 Cpﬂlb.
2288 4914 2524 4966 secundo
2556 4911 2778 4984 ἀντέχῃ.
2803 4911 3040 4965 Subinde
3073 4911 3279 4980 aliquot
3307 4924 3435 4964 mss.
3469 4924 3667 4964 παντα-

2093 4983 2282 5121 χοῖῗίῖ)
2318 5051 2408 5104 Sic
2437 5060 2669 5117 uterque
2698 5047 2834 5121 Duc.
2863 5064 2984 5121 ωιτη
3013 5048 3134 5121 aliis
3162 5046 3332 5121 "imis
3363 5047 3663 5121 (ﬁlicibus.

2095 5117 2550 5177 Colhfsecuudus
2594 5118 2824 5188 σεαυτῷ.
2851 5120 3025 5172 Editio
3056 5119 3229 5173 Paris.
3256 5117 3406 5188 αὑτῷ

2165 5191 2277 5260 (62)
2302 5191 2522 5258 Antiqui
2564 5190 2671 5262 duo
2723 5187 2841 5262 libri
2891 5188 3026 5262 πρὸς
3071 5189 3150 5259 τῷ
3180 5187 3294 5241 καί.
3344 5187 3511 5240 Paulo
3543 5196 3670 5256 post

2091 5258 2266 5316 colles
2297 5276 2432 5313 ttutts
2470 5263 2551 5323 εἰς
2583 5259 2643 5312 τὸ
2671 5258 2841 5316 κάτω.
2936 5258 2945 5262 ’
3124 5258 3130 5259 ⁷

2163 5333 2273 5400 (65)
2313 5330 2545 5394 Uterque
2586 5330 2739 5384 Colb.
2770 5327 3185 5400 spneaodpeea.
3227 5326 3348 5380 Mox
3378 5325 3504 5380 editi
3539 5340 3662 5400 cum

2091 5393 2320 5471 tttroqiie
2362 5393 2516 5456 Colb.
2570 5393 2852 5472 προΐεμεν.
2904 5393 3278 5468 Αιίἰ’‹ιυί‹1ιιιιι
3333 5412 3462 5451 mss.
3513 5393 3666 5467 προι-

2303 5542 2537 5614 Veleres
2568 5539 2774 5609 aliquot
2805 5525 2922 5594 libri
2957 5537 3410 5614 ἀναγκαζόμενοι.
3461 5534 3660 5614 mille-in.

2091 5606 2386 5681 Regii'tres
2413 5612 2642 5665 codices
2662 5606 2793 5662 cum
2827 5627 2932 5663 ttuo
2964 5606 3118 5666 Colb.
3158 5606 3492 5675 ἐπεισάγειν.
3521 5606 3661 5660 Edita

2085 5698 2206 5737 cum
2239 5699 2344 5739 uno
2367 5699 2495 5744 ms.,
2533 5681 2870 5748 ὑπεισὰγειν.
