4082 6218
421 290 497 347 95
885 343 893 352 ,
1754 299 1813 356 S.
1857 298 2007 356 BAbl

2143 299 2361 357 MAGNI
3612 301 3692 358 ει

417 405 613 463 ’)1ιιιὶιὶ.
645 405 1002 472 Quamobrem
1053 409 1268 464 modum
1325 410 1565 481 ﬁnesque
1605 416 1772 469 menti
1822 417 1996 487 impo-

2111 433 2232 470 νειν.
2260 417 2360 470 Διά
2393 415 2554 470 τοῦτο
2581 416 2738 486 ὅρους
2768 414 2954 480 ἐπίθες
2987 417 3051 486 τῇ
3085 413 3313 488 διανοίᾳ,
3351 415 3561 487 μήποτέ
3588 433 3691 471 σου

419 511 521 562 ne;
557 512 622 550 ne
655 499 870 566 quando
909 500 1278 555 curiositatem
1337 513 1505 568 tuam,
1547 506 1641 574 qui
1693 507 1997 576 incompre-

421 585 704 640 bensibilia
757 589 1146 654 perscrutaris,
1194 591 1482 660 redargnat
1515 593 1633 649 Jobi
1677 599 1942 651 sententia
1977 620 1994 655 :

421 691 555 730 neve
587 687 642 754 ιιι
671 692 885 747 quoque
907 681 974 732 ab
996 694 1062 734 eo
1092 681 1458 751 interrogeris.
1486 682 1656 753 Super
1684 703 1786 754 quo
1810 688 1996 742 circuli

421 770 536 836 ejus
573 767 666 836 ﬁxi
706 770 809 821 sint
841 768 904 822 ιι.
947 769 1050 823 Sed
1083 773 1184 825 etsi
1219 775 1268 825 itt
1306 773 1536 828 Psalmis
1570 775 1864 845 aliquando
1893 795 1990 832 au-

422 863 584 917 dieris
613 879 627 915 :
667 860 776 931 Ego
807 864 1118 931 conﬁrmavi
1157 866 1432 921 columnas
1463 869 1577 935 ejus
1602 870 1677 936 ¹³;
1711 871 1818 924 vim
1850 871 1995 927 illam

420 969 525 1022 qua
557 955 610 1007 in
639 970 737 1008 suo
792 966 933 1009 statu
969 958 1342 1020 conﬁrmatur,
1369 959 1650 1014 columnas
1681 962 1853 1016 dictas
1879 979 2000 1019 esse

419 1059 572 1116 puta.
608 1047 740 1100 Nam
769 1049 898 1102 illud
931 1065 944 1101 :
977 1049 1150 1115 Super
1166 1052 1336 1104 maria
1366 1050 1738 1118 fundaviteam
1767 1057 1811 1087 ¹⁶
1837 1057 1999 1124 :quid

421 1140 567 1193 aliud
598 1141 887 1208 signiﬁcat,
922 1158 1082 1210 quam
1121 1158 1273 1212 aqua:
1300 1155 1547 1197 naturam
1579 1148 1812 1215 undique
1843 1159 2001 1202 terra:

421 1246 542 1285 esse
587 1232 1015 1286 circumfusam?
1048 1233 1328 1300 Quomodo
1381 1236 1548 1305 igitur
1580 1252 1717 1306 aqua
1755 1241 2002 1308 quamvis

421 1325 492 1378 sit
523 1323 708 1387 ﬂuida,
743 1335 797 1378 et
843 1328 894 1378 in
925 1327 1133 1381 declive
1162 1339 1353 1396 suapte
1385 1339 1580 1383 natura
1621 1331 1847 1397 feratur,
1885 1349 2000 1387 ma-

424 1426 515 1469 net
539 1431 823 1484 suspensa,
853 1427 908 1471 et
931 1434 1198 1487 nusquam
1236 1420 1458 1475 deﬂuit?
1486 1423 1562 1477 Tu
1586 1439 1713 1478 vero
1738 1441 1843 1479 non
1867 1440 1999 1479 con-

422 1511 630 1565 sideras
658 1512 801 1579 quod
854 1523 995 1566 terra
1050 1530 1144 1583 per
1191 1530 1250 1569 se
1291 1531 1576 1584 suspensa,
1610 1520 1854 1573 eamdem
1909 1529 2002 1574 aut

424 1604 588 1656 etiam
622 1605 798 1659 adhuc
829 1605 1091 1673 majorem
1129 1608 1306 1675 pariat
1354 1609 1546 1662 rationi
1598 1611 1879 1665 bmsitandi
1919 1610 1999 1664 lo-

421 1710 566 1760 cum,
592 1699 1024 1767 quandoquidem
1060 1710 1250 1753 natura
1283 1703 1502 1770 gravior
1529 1712 1636 1757 est.
1662 1701 1861 1757 Verum
1895 1703 2001 1773 ιο

2097 509 2200 579 τῆς
2238 507 2772 579 πολυπραγμοσύνης
2813 508 2842 560 ὁ
2885 504 2979 560 τοῦ
3021 505 3142 559 Ἰὼϐ
3182 506 3338 576 λόγος
3371 506 3689 579 καθάψηται

2099 598 2558 668 περισκοποῦντος
2600 597 2667 650 τὰ
2707 598 3087 669 ἀκατάληπτα,
3119 599 3211 652 καὶ
3239 599 3520 670 ἐρωτηθῇς
3552 593 3684 672 παρ’

2098 688 2262 742 αὑτοῦ
2290 689 2386 743 καὶ
2409 689 2496 752 σὺ,
2545 689 2668 741 Ἐπί
2707 689 2874 755 τινος
2913 689 3026 761 (65)
3055 693 3109 743 οί
3136 691 3327 758 κρίκοι
3353 690 3544 759 αὐτῆς
3587 708 3688 744 πε-

2098 778 2387 848 πήγασιν.
2434 779 2594 834 Ἀλλά
2621 781 2723 834 κᾶν
2748 797 2875 834 ποτε
2899 783 2956 835 ὲν
2983 781 3215 851 ψαλμοῖς
3243 781 3500 852 ἀκούσῃς·
3544 781 3686 851 Ἐγὼ

2097 868 2436 937 ἐστερέωσα
2474 869 2617 936 τοὺς
2657 872 2927 938 στύλους
2961 872 3186 939 αὐτῆς·
3229 873 3329 944 τὴν
3363 874 3686 946 συνεκτικὴν

2099 961 2270 1031 αὐτῆς
2317 960 2545 1031 δύναμιν
2592 961 2816 1026 στύλους
2861 963 3111 1035 εἰρῆσθαι.
3141 964 3379 1034 νόμισον.
3426 966 3499 1018 Τὸ
3550 966 3683 1036 γὰρ,

2112 1053 2238 1106 Ἐπὶ
2289 1053 2618 1108 θαλασσῶν
2649 1055 3046 1124 ἐθεμελίωσεν
3081 1057 3308 1124 αὐτὴν,
3342 1057 3396 1110 τί
3443 1057 3608 1130 δηλοῖ,
3649 1059 3685 1130 ἢ

2098 1143 2159 1196 τὸ
2193 1142 2456 1196 πάντοθεν
2485 1144 2873 1214 περικεχύσθαι
2909 1146 2974 1216 τῇ
3005 1147 3074 1215 γῇ
3111 1144 3208 1215 τὴν
3231 1144 3325 1197 τοῦ
3359 1145 3549 1208 ὓδατος
3581 1144 3654 1214 φύ
3674 1174 3687 1185 -

2102 1252 2186 1288 σιν
2207 1251 2220 1300 ;
2257 1235 2380 1298 Πῶς
2412 1231 2504 1288 οῦν
2529 1236 2686 1306 ῥυτὸν
2711 1236 2954 1308 ὑπάρχον
2977 1236 3038 1290 τὸ
3065 1237 3207 1308 ὕδωρ
3232 1237 3326 1289 καὶ
3350 1237 3442 1290 ἐπὶ
3466 1237 3528 1288 τὸ
3553 1253 3690 1306 πρα-

2101 1331 2196 1393 νὲς
2226 1331 2466 1399 πεφυκὸς
2499 1332 2882 1395 καταπίπτειν,
2929 1331 3078 1402 μένει
3109 1331 3558 1403 ἀπαιωρούμενον
3589 1334 3689 1386 καὶ

2104 1421 2343 1492 οὐδαμοῦ
2367 1422 2635 1493 ἀπορρέον
2663 1439 2676 1485 ;
2713 1424 2786 1476 Συ
2817 1423 2874 1476 δὲ
2892 1423 2952 1476 οὐ
2981 1423 3171 1495 λογίζῃ
3201 1423 3334 1493 (66),
3369 1425 3450 1476 ὅτι
3478 1425 3576 1493 τὴν
3595 1425 3691 1478 αύ-

2102 1512 2256 1583 τὴνῆ
2293 1512 2386 1566 καὶ
2437 1513 2512 1566 ἔτι
2561 1512 2784 1566 πλείονα
2828 1513 3062 1584 ἀπορίαν
3101 1513 3180 1584 τῷ
3221 1513 3364 1584 λόγῳ
3393 1514 3619 1585 παρέχει
3653 1516 3690 1585 ἡ

2101 1607 2170 1675 γῆ
2192 1605 2311 1658 καθ’
2337 1606 2536 1676 ἑαυτὴν
2558 1605 2905 1677 κρεμαμένη,
2931 1605 3206 1676 βαρυτέρα
3231 1607 3331 1676 τὴν
3355 1605 3513 1676 φύσιν
3529 1602 3687 1660 οὖσα.

2115 1696 2275 1750 Ἀλλὰ
2315 1696 2529 1766 ἀνάγκη
2552 1735 2566 1758 ,
2614 1695 2715 1750 κᾶν
2744 1695 2849 1764 γῆν
2899 1695 3017 1750 καθ’
3063 1697 3259 1768 ἑαυτὴν
3302 1693 3442 1750 εἶναι
3486 1697 3687 1768 δῶμεν,

426 1802 648 1842 necesse
687 1798 794 1853 est,
840 1789 956 1845 sive
999 1799 1198 1844 terram
1235 1808 1333 1861 per
1368 1792 1603 1861 seipsam
1656 1795 1996 1849 concesSeri-

2111 1785 2204 1839 κᾶν
2255 1787 2348 1840 ἐπὶ
2382 1785 2478 1839 τοῦ
2527 1785 2721 1850 ὕδατος
2783 1787 2954 1856 αὐτὴν
3013 1785 3376 1840 ἀποσαλεύειν
3424 1788 3690 1858 εἴπωμεν,

423 1888 542 1932 mus
565 1881 882 1943 consistere,
909 1881 1024 1936 sive
1055 1897 1221 1951 super
1249 1898 1421 1950 aquas
1446 1883 1642 1952 jactari
1669 1885 1993 1948 dixerimus,

2111 1877 2354 1948 μηδαμοῦ
2374 1877 2676 1948 ἀναχωρεῖν
2696 1879 2793 1948 τῆς
2814 1877 3070 1942 εὐσεϐοῦς
3084 1878 3338 1943 διανοίας,
3358 1878 3493 1932 ἀλλά
3515 1878 3693 1933 πάντα

425 1985 700 2039 nunquam
730 1972 797 2027 de
835 1974 923 2042 pia
960 1975 1235 2028 sententia
1269 1975 1572 2042 discedere,
1604 1977 1697 2031 sed
1733 1977 1887 2031 fateri
1921 1978 1998 2030 si-

2111 1969 2235 2040 ipoﬁ
2284 1968 2708 2040 συγκρατείσθαι
2738 1969 3023 2039 ὁμολογεῖν
3053 1973 3118 2041 τῇ
3165 1970 3391 2040 δυνάμει
3431 1969 3525 2023 τοῦ
3572 1971 3692 2023 κτίο

434 2061 544 2114 mul
575 2063 754 2116 omnia
793 2079 889 2132 per
918 2065 1212 2119 conditoris
1243 2067 1540 2134 potentiam
1573 2068 1860 2123 contineri.
1892 2067 1998 2122 Ita-

2111 2075 2314 2121 σαντος.
2364 2057 2550 2111 Ταῦτα
2593 2054 2686 2112 οῦν
2731 2057 2835 2130 χρὴ
2870 2059 3082 2122 ἑαυτοῖς
3131 2075 3190 2111 τε
3226 2057 3410 2127 λέγειν
3440 2060 3535 2112 καὶ
3576 2062 3694 2124 τοῖς

430 2166 540 2221 que
572 2162 686 2206 tum
726 2153 879 2208 nobis
922 2154 1062 2223 ipsis
1087 2164 1200 2208 tum
1249 2155 1370 2209 aliis
1411 2156 1827 2226 interrogaturis
1877 2173 1995 2226 nos,

2111 2146 2431 2219 διερωτῶσιν
2477 2148 2646 2218 ἡμᾶς,
2691 2148 2786 2200 ἐπὶ
2831 2147 2978 2211 τίνος
3022 2147 3083 2200 τὸ
3124 2147 3352 2201 ἄπλετον
3402 2149 3560 2202 τοῦτο
3600 2149 3690 2206 καὶ

425 2258 535 2312 quo
581 2242 754 2298 fulcro
806 2244 994 2314 ingens
1044 2244 1171 2298 illud
1212 2260 1311 2300 nec
1375 2245 1468 2300 ulli
1514 2248 1794 2301 ferendum
1837 2256 1997 2302 terra!

2111 2239 2376 2310 ἀφόρητον
2401 2239 2500 2309 τῆς
2525 2240 2630 2308 γῆς
2659 2239 2975 2310 ὲρήρεισται
3004 2238 3187 2311 βάρος,
3213 2241 3294 2294 ὅτι
3329 2242 3424 2294 Ἐν
3444 2239 3519 2308 τῇ
3539 2242 3693 2310 χειρὶ

423 2351 562 2408 onus
582 2335 822 2389 innixum
850 2337 938 2400 sit,
967 2338 1210 2394 dicamus
1235 2339 1350 2392 haec
1369 2349 1606 2407 oportet:
1629 2339 1694 2395 In
1713 2357 1872 2394 manu
1899 2340 1995 2396 Dei

2111 2332 2209 2386 τοῦ
2239 2332 2386 2386 Θεοῦ
2433 2331 2544 2402 (67)
2577 2332 2651 2385 τὰ
2676 2330 2898 2398 πέρατα
2938 2329 3050 2398 τῆς
3076 2329 3208 2400 γῆς.
3245 2330 3418 2384 Τοῦτο
3449 2327 3692 2418 ἀσιῆαλέ-

425 2435 546 2479 sunt
567 2425 696 2492 ﬁnes
721 2435 874 2480 terra
893 2427 956 2480 ¹¹’.
977 2427 1089 2481 Hoc
1112 2429 1266 2482 nobis
1296 2429 1625 2483 tutissimum
1649 2439 1732 2485 est
1755 2431 1819 2484 ad
1851 2444 2002 2484 com-.-

2111 2441 2300 2478 στατον
2339 2425 2474 2494 ἡμῖν
2510 2423 2648 2495 πρὸς
2685 2423 2870 2493 νόησιν
2917 2423 3011 2476 καὶ
3068 2421 3342 2494 ὠφέλιμον
3383 2425 3495 2486 τοῖς
3527 2421 3694 2477 ἁκούο

426 2517 716 2586 parandam
743 2517 1177 2587 intelligentiam,
1201 2528 1253 2574 et
1277 2521 1611 2577 auditoribus
1644 2522 2002 2578 conducibile.

495 2627 584 2682 10.
624 2625 742 2682 Jam
771 2644 898 2684 vero
923 2629 1130 2702 physici
1165 2631 1406 2685 nonnulli
1443 2631 1604 2686 etiam
1638 2633 1706 2687 ob
1738 2632 2004 2703 ejusmodi

423 2735 618 2777 causas
654 2730 852 2776 terram
896 2721 1224 2776 immobilem
1266 2739 1486 2779 manere
1520 2740 1712 2795 magno
1747 2741 1867 2780 cum
1908 2742 2002 2796 ap-

428 2822 618 2882 paratu
670 2813 958 2866 verborum
1013 2813 1216 2868 dicunt.
1275 2812 1536 2868 Nimirum
1583 2813 1723 2883 quod
1777 2816 2004 2869 mediam

425 2903 576 2956 orbis
611 2903 884 2972 regionem
915 2905 1218 2972 occupavit,
1245 2915 1297 2958 et
1327 2905 1468 2973 quod
1499 2919 1604 2972 quo
1633 2920 1691 2958 se
1723 2907 1892 2975 magis
1925 2907 2007 2959 in-

427 2996 609 3060 clinet,
637 3012 738 3049 non
769 2996 950 3060 habet,
971 3005 1154 3064 utpote
1183 2997 1246 3048 ab
1271 2997 1529 3050 extremis
1557 2997 1837 3064 teqttaliler
1860 2995 2005 3050 omni

2104 2534 2275 2571 ουσιν.

2178 2630 2266 2684 10.
2311 2629 2450 2701 Ἤδη
2487 2627 2547 2682 δέ
2571 2645 2714 2691 τινες
2741 2627 2849 2700 (68)
2875 2628 2984 2682 τῶν
3016 2625 3262 2696 φυσικῶν
3293 2627 3386 2680 καὶ
3414 2625 3694 2690 τοιαύταις

2107 2721 2308 2783 αἰτίαις
2345 2719 2447 2790 τὴν
2477 2720 2580 2790 γῆν
2623 2720 2879 2791 ἀκίνητον
2935 2719 3116 2790 μένειν
3163 2717 3689 2788 κατακομψεύονται.

2120 2813 2208 2876 Ὠς
2231 2813 2339 2882 ἄρα
2371 2811 2460 2864 διὰ
2489 2811 2549 2864 τὸ
2581 2811 2678 2882 τὴν
2711 2813 2882 2882 μέσην
2925 2811 3018 2864 τοῦ
3045 2810 3246 2874 παντὸς
3274 2810 3548 2879 εἰληφέναι
3582 2808 3694 2880 χὼ-

2113 2920 2231 2976 ραν,
2264 2903 2357 2955 καὶ
2380 2901 2467 2955 διὰ
2496 2901 2594 2972 τὴν
2626 2901 2746 2971 ἴσην
2778 2901 3040 2954 πάντοθεν
3073 2899 3207 2971 πρὸς
3243 2899 3305 2952 τὸ
3348 2902 3516 2971 ἄκρον
3554 2899 3696 2953 ἀπό-

2112 3010 2317 3060 στασιν,
2335 2993 2436 3046 οὐκ
2451 2992 2680 3062 ἔχουσαν
2700 2993 2831 3044 ὅπου
2851 2991 3051 3062 μᾶλλον
3072 2990 3361 3061 ἀποκλιθῇ,
3379 2989 3696 3058 ἀναγκαίως

427 3102 494 3141 ex
532 3096 681 3154 parte
708 3087 929 3151 dissita;
966 3087 1090 3140 hinc
1117 3102 1235 3141 eam
1269 3086 1320 3139 in
1352 3088 1528 3156 seipsa
1557 3089 1864 3141 necessario
1883 3103 2007 3155 ’νοι-

2117 3085 2298 3155 μένειν
2332 3086 2418 3153 ἐφ’
2449 3085 2668 3154 ἑαυτῆς,
2702 3084 2960 3137 ἀδύνατον
2989 3085 3129 3154 αὐτῇ
3160 3081 3439 3142 παντελῶς
3470 3081 3568 3151 τὴν
3599 3079 3696 3133 ἐπί

428 3194 648 3232 manere
701 3190 1049 3242 asseverant,
1115 3193 1236 3232 cum
1289 3179 1682 3246 circuntjacens
1738 3180 2008 3232 undelibet

427 3268 708 3336 aequalitas
738 3267 916 3330 faciat,
950 3275 1008 3321 ut
1038 3283 1139 3321 non
1170 3276 1331 3336 queat
1351 3269 1569 3321 omnino
1598 3268 1651 3320 in
1689 3269 1847 3322 ullam
1882 3285 2008 3338 par-

431 3372 540 3415 tem
578 3361 870 3414 declinare.
911 3360 1262 3415 Contcndunt
1307 3360 1491 3414 itidem
1530 3370 1726 3414 terram
1771 3364 2003 3417 medium

428 3452 605 3508 locum
637 3467 741 3506 non
768 3463 932 3519 sorte,
963 3468 1137 3522 neque
1164 3468 1291 3507 casu
1321 3463 1532 3506 nactam
1558 3467 1712 3516 esse;
1742 3454 1832 3507 sed
1865 3455 2008 3508 hunc

428 3559 553 3598 esse
589 3553 744 3597 terra:
789 3546 1085 3597 naturalem
1133 3559 1196 3598 ac
1241 3545 1604 3599 necessarium
1645 3546 1828 3598 situm.
1872 3543 2006 3597 Nam

430 3651 553 3689 cum
607 3634 828 3689 cceleste
881 3649 1077 3703 corpus
1133 3636 1407 3704 regionem
1461 3645 1759 3688 extremam
1795 3648 2008 3688 sursum

432 3741 646 3781 versum
679 3726 951 3792 obtineat;
986 3740 1322 3794 quaecunque
1372 3742 1523 3789 sane,
1570 3727 1838 3794 inquiunt,
1878 3741 2011 3793 pou-

433 3819 562 3872 dera
613 3832 673 3871 ex
727 3817 976 3886 supernis
1009 3817 1147 3871 elabi
1191 3818 1555 3888 posuerimus,
1591 3832 1650 3869 ea
1682 3816 1916 3884 undique
1947 3815 2012 3868 ad

432 3909 669 3963 medium
712 3906 1046 3962 deferentur.
1091 3908 1158 3961 Et
1197 3918 1366 3973 certe,
1415 3909 1466 3962 in
1515 3906 1657 3977 quod
1697 3905 2015 3961 deferuntur

434 4007 637 4068 partes,
669 3997 720 4049 in
752 3997 803 4051 id
831 3998 1017 4066 utique
1041 3998 1204 4050 etiam
1236 4006 1404 4051 totum
1437 3997 1770 4051 detrudetur.
1799 3996 2011 4050 Etenim

436 4089 481 4144 si
533 4089 756 4158 lapides,
787 4097 842 4142 et
886 4088 1053 4157 ligna,
1102 4101 1154 4142 et
1205 4091 1484 4142 terrestria
1531 4090 1714 4142 omnia
1762 4089 2012 4142 deorsum

436 4195 631 4234 versus
676 4188 957 4242 corruunt,
998 4179 1087 4234 hic
1127 4181 1313 4248 utique
1345 4180 1508 4233 fuerit
1537 4181 1696 4232 etiam
1731 4178 1822 4233 toti
1857 4189 2015 4232 terrae

2110 3195 2162 3230 τι
2216 3176 2388 3247 ῥοπὴν
2430 3177 2528 3246 τῆς
2570 3177 2906 3247 πανταχόθεν
2949 3175 3340 3247 περικειμένης
3377 3173 3695 3244 ὁμοιότητος

2110 3267 2463 3338 ἐμποιούσης.
2494 3267 2603 3339 Τὴν
2633 3268 2688 3321 δὲ
2716 3267 2887 3339 μέσην
2912 3266 3095 3338 χώραν
3126 3267 3202 3337 μὴ
3231 3265 3695 3336 ἀποκληρωτικῶς

2109 3359 2208 3430 τὴν
2239 3362 2362 3430 γῆν,
2401 3359 2535 3430 μηδὲ
2563 3362 2626 3412 ἐκ
2653 3358 2748 3412 τοῦ
2773 3359 3078 3428 αὐτομάτου
3115 3358 3321 3428 λαχεῖν,
3368 3355 3502 3409 ἀλλὰ
3533 3371 3694 3424 φυσι-

2111 3451 2212 3521 κὴν
2263 3445 2401 3502 εἶναι
2449 3451 2654 3520 ταύτην
2700 3452 2765 3520 τῇ
2799 3453 2868 3521 γῇ
2911 3450 3004 3503 καὶ
3050 3448 3353 3516 ἀναγκαίαν
3392 3446 3489 3518 τὴν
3519 3445 3693 3499 θέσιν.

2111 3541 2218 3594 Τοῦ
2259 3542 2370 3612 γὰρ
2419 3541 2670 3614 οὐρανίου
2716 3543 2968 3612 σώματος
3013 3541 3110 3612 τὴν
3143 3541 3377 3611 ἐσχάτην
3404 3539 3585 3610 χώραν
3617 3539 3696 3602 ὡς

2113 3636 2246 3707 πρὸς
2289 3637 2349 3688 τὸ
2375 3636 2487 3688 ἄνω
2522 3634 2866 3705 κατέχοντος,
2903 3635 3045 3705 ἅπερ
3071 3634 3157 3694 ἂν,
3190 3633 3354 3704 φησὶν
3385 3633 3518 3702 (69),
3562 3634 3697 3686 ὑπο-

2114 3728 2334 3799 θὼμεθα
2370 3728 2507 3799 βάρη
2533 3727 2820 3780 ἐκπίπτειν
2856 3726 2963 3778 ἀπὸ
2988 3726 3094 3778 τῶν
3121 3728 3252 3787 ἄνω,
3288 3725 3459 3778 ταῦτα
3489 3743 3696 3778 παντα-

2113 3821 2268 3891 χόθεν
2313 3820 2404 3872 ἐπὶ
2455 3819 2514 3872 τὸ
2559 3819 2723 3890 μέσον
2758 3818 3223 3889 συνενεχθήσεται.
3273 3817 3387 3885 Ἐφ’
3414 3818 3548 3888 ὅπερ
3581 3817 3695 3888 (70)

2113 3913 2156 3965 δ’
2196 3912 2261 3965 ἂν
2299 3913 2367 3965 τά
2405 3913 2544 3984 μέρη
2584 3911 2836 3982 φέρηται,
2875 3912 2964 3964 ἐπὶ
3006 3910 3164 3964 τοῦτο
3197 3911 3291 3964 καὶ
3323 3909 3383 3963 τὸ
3422 3911 3539 3965 ὅλον
3572 3927 3699 3963 συν-

2113 4003 2419 4073 ωσθήσεται
2441 4002 2701 4074 δηλονότι.
2730 4002 2863 4054 Είδὲ
2879 4000 3014 4053 λίθοι
3039 4002 3130 4054 καὶ
3159 3999 3289 4065 ξύλα
3317 4001 3410 4053 καὶ
3434 4000 3502 4052 τά
3518 3999 3698 4068 γεηρὰ

2117 4094 2298 4146 πάντα
2325 4093 2548 4164 φέρεται
2581 4093 2716 4164 πρὸς
2748 4093 2806 4146 τὸ
2831 4093 3000 4154 κάτω,
3034 4091 3173 4161 αῦτη
3197 4090 3263 4144 ἂν
3291 4090 3377 4160 εἴη
3400 4091 3492 4143 καὶ
3511 4093 3574 4161 τῇ
3598 4089 3699 4164 ὅλῃ

2114 4186 2183 4254 γῇ
2213 4185 2388 4238 οἰκεῖα
2420 4184 2516 4237 καὶ
2540 4185 2893 4254 προσήκουσα
2931 4183 3079 4246 θέσις
3098 4200 3110 4213 ·
3136 4184 3236 4236 κάν
3265 4201 3315 4235 τι
3348 4181 3456 4234 τῶν
3482 4183 3698 4251 κούφων

437 4271 689 4342 proprius
727 4285 790 4323 ac
826 4270 1151 4324 conveniens
1194 4271 1330 4324 situs
1362 4288 1376 4324 :
1425 4279 1475 4322 at
1514 4271 1557 4323 si
1595 4271 1726 4338 quid
1755 4269 1949 4323 levium
1986 4283 2007 4322 e

2117 4274 2350 4343 φέρηται
2391 4271 2498 4326 ἀπὸ
2538 4273 2631 4325 τοῦ
2670 4273 2855 4343 μέσου,
2883 4271 3126 4341 δηλονότι
3159 4271 3296 4342 πρὸς
3339 4271 3401 4322 τὸ
3428 4267 3699 4322 ἀνώτατον

440 4363 616 4416 medio
667 4363 959 4427 evehatur,
1009 4360 1250 4431 profecto
1308 4377 1558 4430 suprema
1613 4370 1779 4430 petet.
1835 4359 2007 4425 Quare

2118 4362 2494 4433 κινηθήσεται.
2549 4364 2714 4416 Ὥστε
2751 4363 2927 4416 οἰκεία
2968 4365 3109 4434 φορά
3149 4366 3260 4425 τοῖς
3300 4361 3622 4433 βαρυτάτοις
3664 4363 3698 4431 ἠ

439 4452 605 4507 motio
631 4451 879 4506 deorsum
919 4453 1161 4516 tendens,
1194 4453 1436 4523 gravium
1466 4462 1552 4507 est
1598 4453 1846 4523 propria;
1891 4451 2007 4504 inli-

2120 4453 2256 4524 πρὸς
2298 4453 2359 4506 τὸ
2407 4453 2588 4507 κάτω·
2625 4453 2776 4507 κάτω
2815 4454 2872 4506 δὲ
2911 4455 2940 4506 ὁ
2971 4453 3130 4517 λόγος
3180 4451 3343 4522 μέσον
3377 4449 3564 4515 ἔδειξε.
3605 4450 3700 4520 Μὴ

439 4558 584 4596 mum
615 4553 816 4608 autem,
844 4543 1078 4597 medium
1113 4559 1233 4597 esse
1263 4559 1327 4598 ex
1367 4545 1524 4598 dictis
1547 4557 1714 4614 patet.
1748 4543 1825 4598 Ne
1857 4544 2018 4610 igitur

441 4634 679 4700 mireris,
711 4635 756 4690 si
787 4649 1053 4705 nusquam
1080 4635 1297 4689 excidat
1325 4646 1489 4703 terra,
1520 4638 1717 4706 quippe
1749 4651 1867 4705 qua:
1905 4651 2017 4691 me-

511 4822 556 4854 "
581 4822 683 4880 Job
708 4838 941 4890 xxxvnt,
971 4823 1024 4878 6.
1108 4826 1152 4857 ¹⁸
1190 4824 1333 4881 Psal.
1365 4840 1546 4891 Lutv,
1579 4825 1633 4879 4.

510 5001 622 5074 (65)
647 5001 766 5084 Illa,
805 5002 900 5084 sui.
941 5001 1106 5068 τίνος,
1135 5009 1271 5084 etc.,
1302 5001 2011 5084 destt‘rn‘pta‘sunt‘exnlob,

440 5071 673 5139 xxivttl,
701 5072 759 5139 6,
795 5085 854 5126 ut
885 5075 1061 5142 legere
1087 5083 1172 5128 est
1203 5074 1340 5138 apud
1375 5071 1681 5142 LAX.S_ed
1730 5073 1925 5141 Aquila
1963 5081 2020 5128 et.

441 5143 744 5199 Tlteodotio
789 5159 854 5197 ex
911 5139 1140 5197 Hebraeo
1172 5151 1472 5205 verterunt,
1505 5141 1559 5194 αί
1599 5139 1809 5209 βάσεις,
1845 5144 2018 5196 bases.

441 5214 553 5269 Nec
574 5215 732 5270 aliter
765 5213 960 5283 legitur
983 5213 1035 5265 in
1069 5211 1317 5280 Vulgata,
1352 5210 1524 5283 Super
1548 5227 1651 5279 quo
1697 5214 1846 5283 bases
1873 5214 2023 5267 illius

442 5285 686 5339 solidata
716 5281 879 5337 sunt?
909 5282 1266 5352 Symmachus
1283 5283 1330 5335 οἱ
1352 5281 1843 5352 κατάπηγες,-ραιὶ.
1866 5283 2027 5336 Plura

446 5371 535 5424 qui
569 5357 736 5421 cupit.
765 5364 919 5408 notas
951 5350 1135 5424 Duczei
1171 5350 1577 5424 legerepotest.
1599 5362 1652 5404 et
1674 5350 1948 5424 ﬂexapla.

517 5419 887 5493 (tibiVeteres
942 5423 1180 5506 quinque
1243 5419 1384 5476 libri
1425 5419 1637 5493 λογίζῃ.
1673 5422 1810 5476 Editi
1838 5419 1846 5421 ’
1873 5421 2022 5490 λογί-

447 5495 829 5660 ῗῦἶῖ7)”ῼιυ¹δῖ
849 5561 1055 5660 pri?“
1094 5561 1224 5650 ’.θτξ
1259 5562 1327 5642 ἐγ.
1353 5563 1425 5660 τῇ
1470 5559 1738 5660 χειρὶητοβ
1767 5559 1901 5642 φεοῦ
1929 5561 2026 5614 πέ-

451 5628 634 5703 λαγος.
654 5633 778 5686 Ὀτι
808 5628 864 5685 ὲν
898 5634 963 5703 τῇ
994 5633 1138 5703 χειρὶ
1167 5632 1329 5684 αὑτοῦ
1358 5628 1425 5683 τά
1455 5628 1581 5702 πέρ.
1611 5628 1746 5694 Quia
1781 5632 1834 5684 in
1867 5648 2026 5686 manu

451 5705 549 5761 Dei
568 5711 647 5758 est
675 5719 836 5756 mare.
876 5701 1013 5766 Quia
1040 5703 1093 5755 in
1127 5718 1284 5756 manu
1306 5701 1419 5769 ejus
1449 5709 1569 5756 sunt
1604 5701 1757 5770 ﬁnes,
1780 5713 1885 5758 etc.

2123 4540 2216 4598 οὖν
2246 4544 2532 4616 θαυμάσῃς
2571 4547 2621 4598 εί
2653 4544 2902 4616 μηδαμοῦ
2932 4543 3186 4598 ἐκπίπτει
3221 4545 3253 4614 ή
3289 4542 3386 4612 γῆ,
3426 4543 3525 4613 τὴν
3560 4540 3702 4594 κατὰ

2124 4637 2286 4706 φύσιν
2325 4636 2507 4710 χώραν
2551 4639 2612 4692 τὸ
2656 4638 2818 4709 μέσον
2869 4637 3086 4708 ἔχουσα.
3137 4637 3296 4689 Πᾶσα
3345 4634 3454 4706 γὰρ
3486 4635 3700 4706 ἀνάγκη

1730 4825 1776 4858 ⁸⁸
1806 4824 1950 4880 Psal.
1980 4840 2142 4888 χχιιι,
2174 4822 2230 4876 2.
2308 4821 2348 4852 ¹⁷
2385 4819 2527 4875 Psal.
2553 4835 2699 4886 XCW,
2727 4818 2784 4876 2.

2195 4997 2310 5070 (68)
2338 4995 2504 5070 Quod
2527 4996 2604 5070 ait
2633 4994 2866 5070 Basilius
2888 4992 3130 5070 sensisse
3157 4991 3416 5063 quosdam
3461 4989 3702 5064 philoso-

2121 5065 2257 5140 phos
2291 5065 2359 5124 de
2417 5068 2625 5140 telluris
2654 5067 2939 5140 quiete,__id
2987 5065 3194 5134 pariter
3230 5072 3422 5140 nostra
3464 5073 3626 5119 atate
3675 5078 3704 5116 a

2127 5135 2448 5209 quibusdam
2480 5135 2814 5192 defenditur.
2853 5136 2985 5190 Nam
3025 5144 3207 5209 utrum
3242 5143 3382 5209 terra
3410 5135 3484 5209 in_
3512 5142 3704 5209 centro

2130 5203 2313 5263 ntundi
2346 5211 2564 5262 immota
2593 5216 2835 5273 maneat,
2868 5223 2934 5259 an
2959 5204 3041 5259 sol
3078 5207 3219 5258 hunc
3243 5205 3403 5256 situm
3436 5203 3699 5266 obtineat,

2131 5281 2358 5348 quaestio
2383 5289 2468 5332 est
2516 5278 2812 5331 etiamnum
2839 5277 3006 5348 inter
3052 5274 3396 5348 philosophos
3435 5286 3699 5348 perquam

2134 5343 2387 5412 celebris,
2424 5357 2479 5401 et
2513 5363 2704 5414 magna
2745 5347 2998 5414 utrinque
3023 5345 3373 5414 contentione
3401 5343 3630 5414 agitata.

2203 5418 2316 5496 (_6_9)
2370 5418 2546 5496 gditio
2585 5416 2752 5496 Basil.
2808 5427 2992 5496 (ιι-εει
3046 5413 3466 5496 ιιιξεπθτκριᾶν
3517 5425 3702 5496 φησιὴ

2133 5479 2309 5544 Editio
2370 5487 2546 5545 Paris.
2597 5487 2784 5558 φασίν.
2839 5487 3040 5541 Ibidem
3095 5483 3247 5538 Colb.
3308 5479 3515 5553 primus
3562 5479 3702 5550 βάρη

2131 5559 2445 5630 ἐμπίπτειν.
2807 5625 2817 5630 _
3135 5622 3146 5630 ι
3193 5622 3206 5630 _
3262 5623 3276 5630 Δ
3331 5623 3356 5630 _
3540 5619 3578 5630 _
3651 5617 3665 5630 ‘

2204 5629 2317 5699 (70)
2371 5629 2444 5681 Ita
2499 5641 2592 5682 sex
2629 5641 2759 5699 mss.
2793 5625 2862 5678 At
2903 5622 3158 5699 editixat‘t
3189 5622 3277 5690 ἐφ’
3329 5623 3487 5695 ὅπερ.
3538 5617 3704 5676 Paulo

2137 5693 2257 5769 post
2279 5693 2428 5756 Colb.
2464 5698 2731 5755 secundus
2767 5693 3247 5766 συνωθισθήσεται.
