4082 6218
362 364 433 419 25
1490 363 1779 421 HOMILIA
1814 363 1833 418 1
1866 363 1934 419 ΙΝ

2056 363 2478 422 ΞΧΛΕΜΕΒΟΝ.
3550 365 3622 423 ἳδ

367 482 547 553 μένειν
580 478 752 554 αὐτὴν
779 479 922 537 κατὰ
952 480 1157 553 χώραν,
1186 480 1219 552 ἢ
1250 480 1400 553 παρὰ
1430 480 1593 550 φύσιν
1619 479 1949 551 κινουμένην

2056 482 2197 536 dium
2254 481 2425 536 locum
2480 491 2685 537 natura:
2740 497 2851 536 stite
2903 483 3315 538 convenientem
3372 494 3622 555 occupet.

363 570 463 638 τῆς
524 570 732 634 οἰκείας
778 570 939 641 ἕδρας
990 570 1325 634 ἐξίστασθαι.
1381 571 1599 626 Τούτων
1655 571 1699 624 δ’
1746 572 1812 624 άν
1869 588 1950 623 σοι

364 661 494 733 δοκῇ
537 662 649 732 (71)
676 679 731 715 τι
766 661 989 715 πιθανὸν
1032 660 1170 715 εἶναι
1216 662 1323 717 τῶν
1361 665 1685 734 εἰρημένων,
1728 663 1823 715 ἐπὶ
1851 662 1951 733 τὴν

364 754 507 807 οὕτω
534 752 707 807 ταῦτα
744 753 1143 826 διαταξαμένην
1178 755 1293 825 (72)
1323 754 1417 807 τοῦ
1453 754 1587 808 Θεοῦ
1632 755 1823 824 σοφίαν
1857 772 1951 825 με-

364 845 526 909 τάθες
554 846 615 899 τὸ
644 846 848 917 θαῦμα.
881 846 956 901 Οὐ
980 846 1088 917 γὰρ
1113 845 1428 900 ἐλαττοῦται
1454 849 1487 917 ἡ
1520 847 1611 900 ἐπὶ
1640 851 1753 910 τοῖς
1791 847 1949 918 μεγί-

368 954 512 1001 στοις
544 938 823 1011 ἔκπληξις,
864 939 1088 992 ἐπειδὰν
1116 942 1144 993 ὁ
1174 939 1376 1009 τρόπος
1406 940 1529 993 καθ’
1560 940 1619 993 ὃν
1651 941 1858 1009 γίνεταί
1891 959 1944 994 τι

364 1029 473 1083 τῶν
496 1030 811 1103 παραδόξων
827 1030 1086 1101 ὲξευρεθῇ
1110 1046 1124 1060 ·
1147 1031 1195 1082 εἰ
1220 1030 1277 1083 δὲ
1308 1031 1403 1101 μὴ,
1427 1031 1562 1084 άλλά
1581 1032 1641 1084 τό
1656 1049 1719 1099 γε
1741 1030 1946 1086 ἁπλοῦν

364 1124 465 1193 τῆς
492 1124 725 1186 πίστεως
767 1123 1110 1194 ἰσχυρότερον
1150 1121 1290 1175 ἔστω
1322 1122 1428 1175 τῶν
1463 1122 1697 1191 λογικῶν
1728 1123 1948 1177 ἀποδεί-

366 1214 523 1280 ξεων.

2050 574 2281 629 Omnino
2327 576 2471 627 enim
2525 575 2694 644 ipsam
2754 574 2804 627 in
2856 588 2922 628 eo
2970 575 3356 651 loco.uianere
3404 588 3626 629 necesse

2050 664 2233 730 fuerit,
2273 676 2363 718 aut
2412 680 2531 718 eam
2576 675 2774 733 praeter
2819 675 3067 717 naturam
3106 674 3307 718 motam
3345 680 3374 717 a
3410 668 3624 735 propria

2048 758 2175 812 sede
2208 756 2491 811 dimoveri.
2532 754 2649 810 Jam
2691 756 2733 809 si
2773 756 2898 825 quid
2928 771 3114 809 eorum
3143 772 3260 824 qute
3294 757 3437 811 dicta
3478 767 3624 820 sunt,

2049 848 2327 918 probabile
2355 848 2449 901 tibi
2479 849 2745 911 videatur,
2776 848 2842 899 ad
2878 847 2968 901 Dei
3000 848 3338 915 sapientiam,
3366 863 3486 917 quas
3512 849 3623 903 haec

2053 940 2126 993 ita
2180 940 2489 1005 ordinavit,
2547 938 2959 991 admirationem
3016 940 3267 993 transfer.
3328 940 3427 1005 Qui
3481 941 3627 994 enim

2054 1032 2318 1084 maximas
2362 1032 2431 1085 ob
2471 1046 2559 1084 res
2608 1029 2819 1083 accedit
2870 1040 3078 1097 stupor,
3122 1043 3460 1099 nequaquam
3510 1032 3627 1085 ideo

2055 1124 2314 1178 minuitur
2348 1124 2491 1192 quod
2539 1124 2728 1177 modus
2769 1136 2876 1191 quo
2918 1122 3049 1189 quid
3089 1123 3182 1174 ﬁat
3222 1124 3625 1190 stupendorum,

2063 1214 2384 1268 adiuvemus
2419 1222 2533 1277 est;
2586 1212 2668 1267 sin
2710 1212 2908 1277 minus,
2942 1210 3129 1265 saltem
3160 1211 3282 1265 lidei
3316 1210 3632 1279 simplicitas

367 1306 486 1376 plus
553 1307 744 1360 habeat
814 1304 1047 1368 roboris,
1078 1320 1238 1373 quam
1279 1319 1397 1373 quae
1424 1320 1489 1359 ex
1523 1306 1729 1359 ratione
1757 1314 2011 1374 petuntur
2051 1306 2555 1362 demonstrationes.

440 1400 528 1453 11.
569 1400 649 1452 Τὰ
675 1400 814 1451 αὐτὰ
847 1398 902 1450 δὲ
932 1398 1105 1451 ταῦτα
1144 1398 1258 1468 (75)
1305 1399 1399 1451 καὶ
1443 1398 1568 1469 περὶ
1602 1398 1833 1469 ούρανοῦ
1877 1400 1955 1452 εἵ-

2126 1400 2210 1451 ll.
2258 1398 2380 1451 llaec
2421 1398 2609 1452 eadem
2649 1397 2715 1451 de
2745 1396 2883 1449 cmlo
2919 1411 3131 1465 quoque
3162 1395 3482 1457 dixerimus.
3522 1396 3631 1449 cla-

368 1507 587 1561 ποιμεν,
635 1491 716 1542 ὅτι
743 1488 1178 1557 πολυφωνότατοι
1222 1491 1595 1558 πραγματεῖαι
1630 1492 1741 1550 τοῖς
1771 1492 1953 1556 σοφοῖς

2056 1490 2384 1545 mosissimas
2414 1489 2622 1542 scilicet
2648 1505 2711 1542 ac
2741 1488 3157 1542 verbosissimas
3185 1488 3250 1541 de
3280 1488 3399 1541 εαξΙί
3434 1498 3631 1542 natura

366 1582 460 1636 τοῦ
497 1581 701 1653 κόσμου
743 1581 870 1651 περί
902 1580 1003 1649 τῆς
1041 1580 1295 1651 οὐρανίου
1330 1580 1545 1647 φύσεως
1578 1580 1950 1650 καταϐέϐλην-

2056 1597 2077 1634 a
2122 1583 2301 1634 mundi
2355 1582 2691 1650 sapientibus
2731 1580 3039 1649 propositas
3084 1579 3254 1633 fuisse
3298 1590 3632 1632 commenta-

366 1692 476 1728 ται.
532 1675 643 1727 Καὶ
676 1675 725 1725 οἱ
764 1674 861 1743 μὲν
901 1672 1154 1725 σύνθετον
1198 1671 1362 1725 αὑτὸν
1417 1673 1482 1724 ὲκ
1529 1671 1638 1724 τῶν
1670 1672 1949 1742 τεσσάρων

2056 1674 2245 1728 tiones.
2294 1674 2395 1727 Alii
2445 1673 2664 1741 quidem
2724 1674 2897 1741 ipsum
2944 1686 3009 1724 ex
3060 1682 3295 1739 quatuor
3347 1670 3632 1726 elementis

369 1765 647 1835 στοιχείων
677 1766 984 1836 εἰρήκασιν,
1031 1766 1105 1827 ὡς
1140 1764 1309 1818 ἁπτὸν
1340 1764 1469 1817 ὅντα
1505 1765 1599 1817 καὶ
1619 1763 1832 1836 ὁρατὸν,
1855 1765 1949 1816 καὶ

2056 1762 2339 1818 conﬂatum
2372 1777 2492 1816 esse
2526 1764 2709 1816 dixere
2746 1780 2757 1815 :
2793 1763 2991 1832 quippe
3020 1779 3141 1817 cum
3181 1762 3232 1816 in
3270 1762 3521 1831 tangendi
3556 1777 3631 1838 ac

372 1859 666 1930 μετέχοντα
716 1858 817 1928 γῆς
856 1858 953 1928 μὲν
994 1857 1081 1911 διὰ
1120 1856 1219 1927 τὴν
1252 1856 1593 1919 ἀντιτυπίαν,
1648 1856 1819 1927 πυρὸς
1868 1856 1946 1921 δὲ,

367 1949 455 2001 διὰ
478 1949 538 2002 τὸ
567 1948 919 2020 καθορᾶσθαι,
954 1947 1061 2001 τῶν
1086 1947 1141 2000 δὲ
1167 1946 1367 1999 λοιπῶν
1397 1946 1485 1999 διά
1514 1947 1615 2019 τὴν
1649 1946 1792 2016 μίξιν
1812 1946 1945 2015 (74)'

368 2044 417 2094 οἰ
457 2041 513 2094 δὲ
558 2040 745 2093 τοῦτον
784 2040 857 2104 ὡς
889 2040 1152 2093 ἀπίθανον
1204 2038 1591 2109 παρωσάμενοι
1630 2039 1723 2090 τὸν
1770 2038 1947 2106 λόγον,

369 2136 626 2206 πέμπτην
668 2132 791 2186 τινὰ
833 2131 1084 2203 σώματος
1111 2131 1271 2200 φύσιν
1315 2134 1393 2194 εἰς
1426 2129 1656 2201 οὐρανοῦ
1690 2129 1950 2182 σύστασιν

369 2226 575 2280 οἴκοθεν
597 2227 688 2278 καὶ
714 2227 842 2295 παρ’
869 2224 1074 2277 ἑαυτῶν
1108 2224 1217 2294 (75)
1248 2222 1741 2292 ἀποσχεδιάσαντες
1774 2223 1953 2274 ἐπεισ-

369 2320 593 2389 ήγαγον.
629 2317 739 2370 Καὶ
765 2316 878 2369 ἔστι
901 2332 955 2369 τι
984 2316 1111 2386 παρ’
1151 2316 1335 2377 αὐτοῖς
1368 2314 1426 2367 τὸ
1453 2313 1691 2386 αἰθέριον
1717 2312 1897 2382 σῶμα,
1923 2313 1952 2366 ὃ

374 2411 507 2480 μήτε
542 2408 673 2478 πῦρ,
726 2408 879 2476 φασιν
934 2408 1071 2477 μήτε
1121 2405 1248 2476 ἀὴρ,
1294 2406 1431 2475 μήτε
1470 2407 1562 2475 γῆν
1619 2404 1752 2474 μήτε
1784 2402 1949 2473 ὕδωρ,

373 2502 511 2571 μήτε
539 2501 674 2562 ὅλως
702 2500 839 2570 ὅπερ
862 2498 920 2551 ἓν
944 2498 1050 2551 τῶν
1076 2496 1261 2550 ἁπλῶν
1282 2514 1293 2526 ·
1330 2497 1465 2549 διότι
1494 2498 1605 2558 τοῖς
1635 2496 1731 2565 μὲν
1764 2496 1952 2559 ἁπλοῖς

368 2590 543 2644 οἰκεία
574 2589 839 2660 κίνησιςή
869 2589 956 2640 ἐπ’
981 2587 1215 2650 εὐθείας,
1237 2586 1345 2638 τῶν
1384 2587 1481 2656 μὲν
1516 2585 1732 2653 κούφων
1766 2588 1858 2638 ἐπὶ
1891 2587 1952 2638 τὸ

372 2683 483 2736 ἄνω
511 2680 848 2751 φερομένων,
879 2677 987 2731 τῶν
1040 2678 1096 2730 δὲ
1144 2678 1353 2749 βαρέων
1388 2677 1483 2730 ἐπὶ
1517 2677 1579 2729 τὸ
1609 2678 1773 2731 κάτω.
1814 2676 1951 2730 Οὔτε

367 2774 427 2827 δὲ
456 2774 517 2825 τὸ
549 2772 661 2825 άνω
703 2771 797 2824 καὶ
825 2770 884 2822 τὸ
912 2769 1063 2822 κάτω
1086 2772 1152 2839 τῇ
1184 2770 1416 2838 κυκλικῇ
1452 2768 1785 2838 περιδινήσει
1815 2769 1953 2820 ταύη

369 2865 466 2917 τό·
514 2865 606 2917 καὶ
645 2862 780 2925 ὅλως
822 2861 921 2927 τὴν
967 2860 1183 2913 εὑθείαν
1214 2859 1324 2931 (76)
1358 2860 1495 2930 πρὸς
1522 2860 1621 2930 τὴν
1661 2861 1718 2911 ὲν
1744 2859 1823 2929 τῷ
1856 2859 1954 2911 κύ-

370 2958 484 3027 κλῳ
515 2954 817 3026 περιφοράν
849 2952 1103 3021 πλείστην
1132 2952 1427 3004 ἀπόστασιν
1462 2949 1625 3019 ἔχειν..
1650 2945 1751 3001 ⁷Ων
1792 2950 1849 3003 δὲ
1896 2951 1953 3002 αἱ

370 3048 512 3102 κατὰ
576 3046 735 3116 φύσιν
790 3045 1030 3116 κινήσεις
1086 3042 1534 3113 παρηλλαγμέναι
1595 3042 1949 3111 τυγχάνουσι,

2051 1855 2306 1908 cernendi
2341 1869 2560 1909 sensum
2596 1854 2775 1918 cadat,
2809 1855 2987 1921 sitque
3018 1864 3175 1907 terra:
3208 1853 3427 1923 quidem
3466 1855 3633 1923 parti-

2051 1961 2176 2015 ceps
2220 1948 2288 2000 ob
2331 1946 2696 2011 soliditatem;
2748 1947 2886 2014 ignis
2936 1960 3085 2008 vero,
3116 1946 3240 2014 quia
3272 1946 3628 2013 conspicitur;

2052 2037 2381 2104 reliquorum
2438 2038 2677 2102 tandem,
2716 2039 2785 2090 ob
2833 2038 3139 2090 misturain.
3180 2037 3281 2089 Alii
3317 2046 3495 2090 autem
3531 2037 3633 2090 hac

2050 2131 2324 2197 Opinione,
2375 2141 2633 2199 tanquam
2682 2144 2802 2198 quae
2846 2130 3154 2183 verisimilis
3194 2144 3300 2181 non
3341 2138 3503 2193 esset,
3548 2142 3634 2183 re-

2047 2221 2210 2289 jeCta,
2240 2222 2483 2287 quintam
2512 2221 2804 2289 quamdam
2846 2223 3090 2287 corporis
3124 2230 3373 2272 naturam
3409 2221 3475 2272 ad
3503 2234 3633 2273 con-

2052 2312 2378 2368 stituendum
2420 2312 2616 2367 caelum
2656 2323 2851 2381 suapte
2895 2312 3130 2381 ingenio,
3157 2322 3211 2365 et
3250 2327 3279 2364 a
3319 2311 3514 2378 seipsis
3555 2322 3633 2364 te-

2053 2420 2200 2459 mere
2249 2414 2408 2473 atque
2453 2404 2754 2457 inconsulte
2810 2405 3254 2455 introduxerunt.
3292 2402 3385 2455 Est
3411 2411 3465 2454 et
3494 2403 3634 2470 apud

2053 2498 2197 2564 ipsos
2239 2496 2531 2548 aethereum
2582 2495 2678 2563 11
2732 2493 3003 2562 quoddam
3039 2508 3256 2561 corpus,
3286 2494 3428 2561 quod
3459 2506 3636 2562 neque

2055 2589 2231 2655 ignem
2278 2587 2465 2639 dicunt
2515 2601 2658 2650 esse,
2713 2600 2887 2651 neque
2936 2600 3139 2647 aerem,
3187 2599 3361 2651 neque
3414 2594 3632 2649 terram,

2053 2694 2153 2735 nec
2183 2693 2400 2747 aquam,
2440 2692 2539 2731 nec
2578 2677 2871 2745 quidquam
2912 2679 3133 2730 omnino
3163 2691 3227 2729 ex
3271 2675 3633 2742 simplicibus,

2054 2782 2336 2842 propterea
2378 2771 2518 2838 quod
2572 2772 2823 2839 proprius
2856 2769 3184 2837 simplicium
3229 2778 3409 2821 motus
3449 2777 3633 2823 rectus

2053 2872 2156 2929 est,
2190 2861 2397 2917 levibus
2420 2861 2637 2928 quidem
2673 2875 2908 2923 sursum,
2938 2858 3198 2925 gravibus
3225 2871 3355 2911 vero
3382 2859 3634 2913 deorsum

2057 2953 2421 3007 tendentibus.
2464 2950 2647 3019 Neque
2681 2966 2809 3003 vero
2841 2964 3057 3004 sursum
3098 2963 3162 3002 ac
3196 2948 3449 3002 deorsum
3480 2946 3632 3015 ferri,

2057 3047 2196 3101 idem
2245 3054 2328 3099 est
2369 3053 2530 3112 atque
2581 3044 2631 3095 in
2677 3043 2864 3097 orbem
2910 3042 3151 3105 versari;
3204 3049 3257 3094 et
3311 3040 3363 3092 in
3401 3054 3634 3099 summa.

370 3138 572 3190 τούτων
599 3135 833 3206 ἀνάγκη,
864 3136 1017 3203 φασὶ,
1060 3132 1439 3205 παρηλλάχθαι
1483 3132 1577 3185 καὶ
1615 3132 1713 3195 τὰς
1745 3132 1952 3196 οὐσίας.

2061 3144 2264 3190 rectum
2311 3144 2365 3188 et
2412 3133 2653 3187 orbicuin
2698 3142 2900 3185 motum
2943 3131 3232 3200 plurimum
3266 3130 3406 3184 inter
3444 3144 3503 3184 se
3528 3129 3637 3184 dif-

383 3229 543 3281 Ἀλλὰ
574 3229 679 3300 μὴν
717 3228 837 3281 οὐδὲ
864 3229 927 3280 ὲκ
951 3226 1059 3278 τῶν
1088 3226 1316 3298 πρώτων
1350 3226 1639 3296 σωμάτων,
1665 3224 1699 3278 ἃ
1718 3226 1782 3296 δὴ
1816 3242 1956 3279 στοι-

370 3324 493 3391 χεῖα
528 3319 819 3389 καλοῦμεν,
866 3317 1117 3371 σύνθετον
1163 3313 1302 3369 εἶναι
1331 3316 1555 3370 δυνατὸν
1598 3318 1728 3387 ἡμῖν
1763 3315 1956 3368 ὑποθέ-

374 3413 494 3465 σθαι
523 3412 611 3465 τὺν
636 3410 884 3481 οὐρανὸν,
915 3408 991 3480 τῷ
1026 3409 1092 3462 τὰ
1123 3411 1187 3462 ὲκ
1211 3408 1483 3479 διαφόρων
1518 3408 1853 3479 συγκείμενα
1881 3407 1955 3480 μὴ

372 3506 631 3560 δύνασθαι
677 3506 889 3575 ὁμαλὴν
948 3504 1039 3556 καὶ
1093 3504 1349 3557 ἁϐίαστον
1389 3504 1532 3575 ἔχειν
1572 3503 1671 3574 τὴν
1718 3504 1953 3573 κίνησιν,

372 3599 601 3652 ἑκάστου
624 3597 733 3650 τῶν
756 3597 1167 3668 ἐνυπαρχόντων
1192 3597 1378 3649 ἁπλῶν
1420 3600 1532 3659 τοῖς
1556 3596 1831 3659 συνθέτοις
1860 3597 1955 3650 ἄλ-

372 3689 470 3761 λην
510 3690 604 3743 καί
631 3689 795 3758 ἄλλην
833 3689 1007 3760 ὁρμὴν
1044 3688 1190 3759 παρὰ
1221 3689 1319 3758 τῆς
1352 3687 1564 3756 φύσεως
1590 3686 1821 3757 ἔχοντος.
1868 3687 1958 3739 Διὸ

373 3780 588 3852 πρῶτον
618 3782 714 3851 μὲν
744 3783 975 3852 καμάτῳ
1014 3781 1297 3850 συνέχεται
1326 3781 1383 3831 ὲν
1406 3782 1472 3850 τῇ
1504 3782 1718 3848 συνεχεί
1745 3781 1957 3849 κινήσει

371 3874 439 3930 τὰ
466 3874 714 3938 σύνθετα,
758 3874 845 3927 διὰ
885 3874 946 3926 τὸ
982 3873 1110 3945 μίαν
1137 3873 1351 3942 κίνησιν
1390 3873 1462 3943 μὴ
1488 3870 1749 3925 δύνασθαι
1793 3874 1958 3924 πᾶσιν

372 3967 710 4037 εὐάρμοστον
744 3962 884 4020 εἶναι
919 3968 1014 4021 καὶ
1040 3967 1201 4037 φίλην
1226 3968 1337 4029 τοῖς
1360 3963 1624 4026 ἐναντίοις
1644 3978 1658 3993 °
1697 3962 1831 4016 ἀλλὰ
1860 3964 1959 4033 τὴν

370 4056 449 4127 τῷ
505 4058 691 4129 κούφῳ
738 4058 941 4112 οἰκείαν
996 4057 1261 4127 πολεμίαν
1314 4053 1455 4110 εἶναι
1506 4055 1583 4127 τῷ
1646 4054 1955 4125 βαρυτάτῳ.

375 4148 542 4201 Ὅταν
580 4150 678 4218 μὲν
710 4148 816 4220 γὰρ
857 4148 994 4219 πρὸς
1026 4147 1097 4201 τά
1129 4147 1241 4201 ἄνω
1270 4144 1570 4216 κινώμεθα,
1616 4142 1961 4214 βαρυνόμεθα

372 4238 453 4307 τῷ
494 4239 720 4306 γεώδει·
752 4240 879 4293 ὅταν
927 4240 985 4293 δὲ
1017 4239 1151 4310 πρὸς
1195 4238 1265 4291 τὰ
1309 4238 1459 4291 κάτω
1494 4235 1605 4304 (77)
1642 4234 1957 4305 φερώμεθα,

375 4330 672 4402 βιαζόμεθα
700 4333 760 4384 τὸ
784 4332 1047 4403 πυρῶδες,
1083 4330 1234 4401 παρὰ
1259 4330 1422 4399 φύσιν
1456 4327 1586 4380 αὐτὸ
1616 4327 1751 4398 πρὸς
1779 4325 1840 4378 τὸ
1862 4325 1961 4378 κά-

375 4440 456 4476 τω
503 4422 879 4486 καθέλκοντες.
930 4423 994 4475 Ἢ
1028 4423 1085 4475 δὲ
1124 4422 1261 4493 πρὸς
1293 4421 1361 4473 τὰ
1387 4419 1603 4473 ἐναντία
1630 4418 1814 4487 διολκὴ
1852 4416 1960 4470 τῶν

2055 3227 2197 3281 ferre
2242 3235 2483 3280 censent.
2524 3224 2765 3289 Quorum
2814 3233 2992 3276 autem
3046 3223 3313 3276 motiones
3341 3221 3636 3275 secundum

2056 3330 2304 3373 naturam
2346 3318 2574 3372 diversa:
2623 3325 2770 3380 sunt,
2815 3316 3008 3368 borum
3056 3314 3217 3368 etiam
3269 3327 3492 3366 neceSs'e
3528 3322 3636 3377 est,

2056 3413 2327 3482 inquiunt,
2361 3412 2651 3466 essentiam
2680 3422 2799 3462 esse
2840 3408 3135 3461 diversam.
3170 3403 3276 3460 Sed
3320 3419 3386 3459 ue
3422 3420 3485 3459 ex
3527 3405 3639 3475 pri-

2057 3507 2160 3558 niis
2182 3504 2399 3573 quidem
2430 3502 2747 3571 corporibus
2775 3515 2894 3567 qua:
2922 3499 3189 3552 elementa
3224 3512 3495 3561 vocamus,
3523 3511 3635 3552 cm-

2057 3595 2167 3650 lum
2204 3595 2472 3663 componi,
2502 3601 2742 3647 statuere
2782 3604 3104 3658 possumus;
3147 3603 3212 3642 eo
3245 3588 3387 3656 quod
3422 3602 3485 3641 ea
3518 3600 3639 3656 quae

2056 3702 2120 3741 ex
2174 3686 2403 3740 diversis
2446 3692 2717 3745 constant,
2772 3690 2978 3734 motum
3030 3680 3121 3747 qui
3179 3679 3517 3747 aequabiliter
3570 3694 3636 3732 ac

2058 3776 2175 3831 sine
2222 3776 2268 3827 vi
2310 3776 2523 3837 edatur,
2559 3773 2760 3825 habere
2799 3785 2906 3823 non
2948 3779 3215 3836 possunt;
3259 3784 3382 3821 cum
3428 3767 3636 3832 singula

2058 3884 2178 3938 qua:
2223 3868 2272 3922 in
2321 3866 2639 3934 compositis
2688 3865 2869 3916 insunt
2915 3861 3217 3925 simplicia,
3263 3860 3425 3912 alium
3476 3870 3640 3926 atque

2059 3960 2221 4011 alium
2263 3972 2292 4010 a
2339 3969 2531 4010 natura
2578 3954 2883 4007 sortiantur
2921 3951 3200 4019 impetum.
3242 3947 3507 4014 Quocirca
3551 3961 3641 4002 res

2060 4050 2370 4117 compositae
2412 4048 2642 4115 primum
2678 4045 2895 4114 quidem
2933 4043 2984 4096 in
3015 4042 3275 4095 continuo
3312 4050 3459 4093 motu
3495 4054 3640 4109 aegre

2061 4139 2427 4201 centiuentur,
2468 4135 2612 4203 quod
2656 4150 2794 4188 unus
2843 4141 3021 4187 motus
3059 4130 3309 4189 omnibus
3352 4131 3641 4184 contrariis

2062 4244 2166 4282 non
2204 4235 2380 4296 potest
2412 4242 2685 4296 congruos
2720 4240 2840 4279 esse
2869 4234 2923 4278 et
2948 4225 3155 4277 amicus
3190 4240 3203 4276 :
3238 4222 3332 4276 sed
3364 4222 3407 4276 is
3433 4222 3522 4291 qui
3564 4222 3639 4276 rei

2062 4320 2195 4374 levis
2251 4320 2501 4388 proprius
2549 4326 2653 4382 est,
2718 4317 3055 4386 gravissima:
3112 4316 3453 4370 adversatur.
3504 4314 3639 4367 Cum

2062 4412 2203 4465 enim
2224 4427 2435 4464 sursum
2455 4425 2643 4463 versus
2680 4423 2977 4471 movemur,
3027 4422 3120 4476 per
3152 4406 3202 4459 id
3232 4406 3371 4473 quod
3405 4418 3640 4465 tet-reum

376 4515 655 4585 στοιχείων
684 4512 1030 4576 διαπώσεώς
1055 4516 1201 4566 ἐστιν
1226 4514 1468 4583 ἀφορμή.
1488 4512 1560 4563 Τὸ
1582 4510 1689 4580 γὰρ
1718 4511 1953 4578 ἠναγκα-

2063 4512 2163 4566 est,
2210 4515 2533 4570 gravantur;
2585 4514 2705 4551 cum
2750 4513 2876 4551 vero
2918 4501 3167 4549 deorsum
3203 4496 3486 4559 volvimur,
3533 4494 3641 4547 vim

374 4608 571 4677 σμένον
595 4608 688 4659 καί
713 4608 863 4675 παρὰ
898 4605 1078 4673 φύσιν,
1116 4607 1201 4657 ἐπ’
1224 4605 1400 4672 ὀλίγον
1423 4601 1693 4671 ὰντισχὸν,
1719 4602 1812 4652 καὶ
1836 4598 1957 4652 τοῦ·

374 4714 435 4749 το
466 4696 655 4766 βιαίως
687 4696 781 4747 καὶ
816 4695 987 4765 μόλις,
1019 4695 1155 4764 ταχὺ
1189 4692 1405 4762 διελύθη
1439 4695 1516 4755 εἰς
1537 4692 1603 4744 τά
1647 4690 1706 4755 ἐξ
1733 4684 1806 4745 ὧν
1836 4707 1958 4741 συν-

373 4783 532 4856 ετέθη
579 4783 710 4853 (78),
748 4784 978 4836 ἑκάστου
1012 4782 1120 4836 τῶν
1162 4780 1522 4835 συνελθόντων
1568 4780 1702 4849 πρὸς
1750 4777 1848 4848 τὴν
1876 4780 1957 4830 oi-

376 4876 528 4929 κείαν
558 4874 740 4945 χώραν
768 4873 1099 4935 ἐπανιόντος.
1130 4872 1227 4924 Διὰ
1256 4872 1353 4943 μὲν
1375 4871 1438 4943 δὴ
1464 4869 1686 4931 ταύτας,
1710 4867 1784 4930 ὥς
1802 4884 1955 4934 φασι,

372 4968 480 5022 τῶν
510 4966 787 5039 λογισμῶν
831 4965 931 5029 τὰς
973 4963 1239 5033 ἀνάγκας,
1280 4963 1408 5026 τοὺς
1458 4962 1566 5015 τῶν
1606 4960 1956 5031 προαγόντων

454 5167 565 5241 (7i)
608 5165 863 5241 Voculam
927 5161 986 5241 δέ
1054 5176 1121 5215 ex
1184 5158 1392 5241 duobus
1444 5173 1577 5241 mss.
1622 5158 1945 5212 addidimus.

374 5230 490 5293 Hoc
522 5230 635 5307 ipso
666 5241 718 5292 in
752 5237 868 5307 loco
908 5234 1014 5307 duo
1043 5247 1187 5307 mss:
1212 5247 1293 5283 σοι
1321 5230 1526 5307 δοκοίη.

446 5297 558 5379 (⁵35
585 5304 1086 5379 Antiqniduo‘libri
1113 5300 1276 5379 obvio
1302 5299 1379 5379 τά
1417 5297 1593 5353 πάντα
1626 5297 1766 5351 διατ.
1830 5297 1948 5353 Mox

379 5370 481 5435 duo
508 5370 646 5449 mss.
677 5370 894 5449 εὑρεθῇ.
927 5374 1075 5449 Alius
1108 5370 1439 5449 εξευρεθείῃ.

446 5448 557 5510 (³73)
592 5440 817 5502 Codices
841 5440 946 5501 duo
972 5442 1042 5495 τά
1065 5442 1205 5496 αὐτὰ
1222 5440 1279 5493 δὲ
1319 5440 1515 5493 πάντα.

450 5507 558 5585 (74’)
586 5519 763 5573 Codex
786 5516 1030 5571 Combel‘.
1047 5511 1249 5585 λοιπῶν
1274 5510 1362 5563 διὰ
1381 5510 1477 5581 τὴν
1514 5507 1944 5585 μέθεξινηϐοιιι-

377 5579 599 5644 belisius
634 5598 782 5641 notat
848 5589 985 5640 hanc
1033 5584 1340 5651 opinionem
1399 5579 1524 5635 esse?
1564 5579 1844 5643 Platonis,
1890 5579 1943 5631 in

380 5659 577 5714 Timore
603 5671 620 5708 :
648 5667 984 5723 sequentem,
1014 5652 1339 5707 Aristotelis.

448 5726 561 5792 (75)
601 5714 751 5782 ϐοηί,
789 5714 993 5794 primus
1018 5723 1431 5797 παρ’-ἑαυτοῖς..
1461 5717 1794 5797 Μᾳχηθρἰἰρ
1838 5714 1941 5795 Ba-

380 5787 466 5857 sil.
531 5787 579 5856 et
625 5787 862 5870 quintius
916 5811 1026 5849 mss
1101 5787 1250 5865 ξτῦρ.
1294 5791 1453 5865 φησί.
1524 5790 1699 5845 Ιιαὶιὶο
1758 5787 1956 5867 Paris._

2066 4592 2292 4648 facimus
2323 4594 2500 4660 igneo,
2532 4591 2727 4659 quippe
2758 4591 2846 4657 qui
2885 4590 3058 4657 ipsum
3086 4587 3337 4640 deorsum
3366 4586 3643 4639 traltamus

2069 4695 2264 4754 prieter
2302 4693 2570 4737 naturam.
2613 4681 2736 4734 llzec
2771 4691 2949 4732 autem
2996 4678 3384 4731 elementorum
3431 4676 3481 4729 in
3513 4690 3645 4729 con-

2069 4777 2233 4830 traria
2266 4775 2569 4835 distractio.
2602 4774 2771 4826 ruinae
2803 4781 2858 4826 et
2891 4771 3262 4824 dissolutionis
3301 4784 3462 4823 causa
3501 4768 3645 4821 exsi-

2065 4868 2177 4921 stit.
2218 4865 2368 4930 Quod
2411 4864 2555 4916 enim
2601 4872 2852 4917 coactum
2899 4868 3001 4923 est,
3045 4871 3099 4912 et
3141 4865 3334 4926 praeter
3374 4866 3642 4918 naturam,

2066 4972 2185 5010 cum
2215 4971 2402 5025 parum
2446 4954 2681 5017 resistat,
2715 4952 2875 5020 idque
2914 4950 3179 5004 violenter
3204 4958 3259 5003 et
3292 4962 3455 5018 aegre,
3492 4948 3644 5002 brevi

2098 5170 2208 5206 ασι.

2056 5172 2240 5292 vagis)
2274 5220 2454 5275 Codex
2511 5234 2650 5292 unus
2677 5221 2709 5292 ή
2756 5217 3035 5292 εύθεῖα....
3060 5214 3228 5292 μέχει-
3260 5212 3639 5292 ,Η9⁰,ῘΡ²Ῐ’9-Ῐ“

2058 5282 2177 5347 loco
2199 5282 2351 5347 Colb.
2388 5291 2656 5343 secundus
2685 5282 3025 5341 ἀποστασίαν
3056 5282 3223 5356 ἔχειν.
3260 5282 3583 5356 [(3.0(1ζ476
3615 5297 3646 5338 ε

2060 5362 2350 5419 recentiori
2372 5376 2533 5413 manu
2568 5359 2728 5431 ἕχει.]

2127 5433 2239 5501 (77)
2278 5432 2331 5484 In
2385 5423 2657 5501 aliquibus
2710 5423 2840 5482 iuss.
2884 5428 3106 5501 legitur:
3137 5424 3275 5496 πρὸς
3329 5423 3389 5501 τὸ
3434 5423 3546 5478 ἄνω

2052 5495 2190 5575 arpi);
2222 5495 2295 5555 ’τὴ
2345 5495 3019 5575 κάτωἏΑΙὶηυιιιιιυὶιηί-ιι
3076 5496 3209 5565 Reg.
3261 5495 3470 5564 primus
3521 5509 3647 5550 cum

2048 5570 2222 5627 altero
2244 5588 2353 5633 ms.
2393 5570 2773 5641 μεθέλκοντες.

2120 5644 2232 5713 (78)
2280 5634 2506 5697 Codices
2568 5643 2674 5696 duo
2734 5641 2793 5705 ἐξ
2867 5634 2941 5695 ὧν
3004 5636 3290 5705 σύγκειται
3349 5635 3447 5688 καὶ
3520 5650 3648 5691 συν-

2046 5714 2232 5792 ετέθη.
