4082 6218
515 333 585 388 27
1829 330 1887 387 S.
1929 330 2173 387 BASlLll
2205 329 2423 385 MAGNI
3693 332 3763 388 38

522 452 579 509 in
613 467 677 508 ea
714 452 907 522 quibus
944 459 1157 507 constat
1192 450 1526 514 dissolvitur,
1562 451 1687 505 dum
1723 450 1931 522 singula
1970 467 2089 521 quae

2200 448 2550 521 ἀθετήσαντες
2578 447 2788 515 λόγους,
2815 444 3021 509 οἰκείας
3052 445 3360 508 ὑποθέσεως
3389 444 3685 517 ἐδεήθησαν
3715 447 3764 501 οἰ

521 546 578 601 in
603 561 766 599 unum
799 553 1184 625 convenerant,
1216 543 1281 597 ad
1320 544 1593 611 proprium
1625 546 1850 598 redeunt
1894 543 2089 599 locum.

522 636 668 692 Sane
693 638 761 691 ob
791 637 910 699 bas,
938 644 997 688 ut
1027 635 1198 698 aiunt,
1227 634 1700 689 ratiocinatiouum
1730 635 2026 703 angustias,
2056 636 2090 688 ii

523 732 616 800 qui
645 729 883 799 quintam
911 729 1157 796 corporis
1180 735 1426 782 naturam
1456 728 1521 781 ad
1548 727 1669 781 caeli
1704 727 2094 794 stellarumque

524 820 695 888 ipsius
728 818 1155 872 constituendam
1190 819 1589 886 generationem
1624 818 1912 873 commenti
1946 827 2092 884 sunt,

524 910 741 979 rejectis
785 912 1023 973 priorum
1069 909 1434 978 opinionibus,
1485 909 1817 977 argumentis
1865 909 2096 977 prepriis

523 1010 660 1064 opus
707 995 962 1050 habuere.
1010 996 1077 1050 At
1119 997 1294 1064 quivis
1321 997 1457 1050 alius
1497 1008 1613 1050 arte
1648 997 1909 1050 suadendi
1955 1011 2095 1065 prte-

523 1088 750 1158 pollens,
800 1103 990 1142 rursus
1038 1088 1135 1140 hos
1189 1088 1430 1151 adortus,
1477 1088 1593 1141 haec
1621 1086 1946 1149 confutavit,
1987 1089 2096 1142 dis-

525 1180 811 1249 solvitque,
835 1188 888 1234 et
913 1179 979 1233 de
1008 1195 1106 1233 suo
1134 1180 1436 1246 opinionem
1470 1180 1742 1248 propriam
1775 1180 1995 1233 invexit.
2024 1180 2098 1234 De

526 1271 725 1341 quibus
751 1272 793 1324 si
821 1286 962 1324 nunc
984 1271 1163 1323 dicere
1188 1272 1582 1338 aggrediemur,
1607 1270 1659 1324 in
1685 1273 1898 1325 easdem
1931 1287 2098 1341 nugas

527 1372 692 1431 atque
740 1362 810 1415 illi
857 1361 1171 1416 incidemus.
1211 1361 1408 1414 Verum
1450 1361 1687 1415 sinentes
1727 1376 1845 1425 nos,
1885 1372 1943 1416 ut
1981 1377 2099 1416 sese

530 1454 757 1509 invicem
788 1462 1031 1507 evertant
1059 1451 1430 1518 refellantque,
1452 1451 1562 1518 jam
1596 1455 1798 1507 omisso
1822 1453 1888 1507 de
1913 1469 2090 1508 essen-

530 1546 602 1598 tia
647 1559 916 1607 sermone,
955 1543 1111 1596 ﬁdem
1158 1542 1323 1611 Moysi
1379 1543 1722 1608 adhibentes,
1766 1545 1906 1611 quod
1951 1542 2097 1598 Fecit

527 1634 668 1689 Deus
703 1632 885 1687 caelum
929 1642 978 1687 et
1018 1642 1233 1693 terram,
1272 1629 1463 1683 artiﬁci
1495 1632 1698 1699 optimo
1731 1646 1827 1698 pro
1859 1631 1944 1684 his
1981 1646 2099 1700 quae

528 1727 801 1796 sapienter
826 1740 889 1776 ac
917 1722 1183 1802 industrie
1211 1731 1426 1790 peracta
1456 1730 1603 1783 sunt,
1631 1720 1857 1789 gloriam
1885 1721 2095 1782 demus,

2193 541 2448 612 πέμπτην
2494 539 2742 610 σώματος
2785 538 2947 607 φύσιν
2993 540 3074 601 εἰς
3121 538 3218 609 τὴν
3255 538 3485 610 οὐρανοῦ
3523 539 3617 591 καὶ
3660 539 3764 592 τῶν

2194 634 2312 687 κατ’
2338 632 2499 685 αὑτὸν
2538 631 2782 702 ἀστέρων
2807 630 3021 699 γένεσιν
3062 629 3462 701 ὑποτιθέμενοι.
3497 629 3686 692 Ἀλλος
3710 628 3764 683 δέ

2192 741 2276 787 τις
2312 723 2420 778 τῶν
2460 723 2814 795 σφριγῶντων
2862 722 3001 776 κατὰ
3040 721 3419 789 πιθανολογίαν
3463 720 3764 786 ἐπαναστὰς

2195 817 2355 871 πάλιν
2385 815 2613 879 τούτοις,
2648 814 2817 867 ταῦτα
2850 813 2947 883 μὲν
2972 813 3141 883 διέχεε
3166 813 3261 866 καὶ
3284 811 3543 878 διέλυσεν,
3569 813 3766 865 οἰκείαν

2194 909 2251 962 δὲ
2282 910 2409 979 παρ’
2449 904 2641 959 ἑαυτοῦ
2682 905 3043 975 ἁντεισήγαγε
3078 903 3252 968 δόξαν.
3286 905 3421 975 Περὶ
3449 896 3524 956 ὧν
3567 903 3659 957 νῦν
3685 901 3766 957 λέ-

2195 1017 2312 1068 γειν
2339 998 2760 1070 ἐπιχειροῦντες,
2796 1000 2876 1060 εἰς
2900 996 2997 1067 τὴν
3026 997 3217 1066 ὁμοίαν
3255 998 3438 1060 αὑτοῖς
3460 996 3768 1065 ἀδολεσχίαν

2197 1090 2603 1160 ἐμπεσούμεθα.
2646 1088 2784 1142 Ἀλλ’
2815 1090 2978 1159 ἡμεῖς
3007 1088 3249 1151 ἐκείνους
3280 1088 3372 1142 ὑπ’
3401 1087 3642 1156 ἀλλήλων
3677 1087 3767 1141 ἐά-

2199 1199 2388 1245 σαντες
2424 1179 2876 1241 καταϐάλλεσθαι,
2935 1178 3089 1230 αὑτοὶ
3130 1176 3224 1230 τοῦ
3280 1178 3406 1248 περὶ
3450 1178 3547 1247 τῆς
3587 1177 3768 1238 οὐσίας

2197 1271 2461 1342 ἀφέμενοι
2485 1270 2663 1337 λόγου,
2687 1269 2999 1332 πεισθέντες
3026 1270 3250 1322 Μωῡσεῖ
3275 1268 3408 1337 (79),
3436 1269 3517 1320 ὅτι
3546 1268 3771 1336 Ἐποίηα

2197 1379 2309 1418 aer
2338 1366 2370 1416 ὀ
2410 1362 2552 1428 Θεὸς
2584 1361 2692 1414 τὸν
2719 1359 2979 1427 οὐρανὸν
3014 1359 3111 1412 καὶ
3140 1358 3254 1427 τὴν
3285 1358 3418 1428 γῆν,
3440 1357 3531 1411 τὸν
3559 1360 3773 1428 ἀριστο-

2196 1456 2391 1526 τέχνην
2433 1454 2540 1507 τῶν
2579 1453 2757 1523 σοφῶς
2794 1454 2888 1505 καὶ
2916 1452 3179 1522 ἐντέχνως
3206 1451 3511 1521 γενομένων
3542 1450 3771 1514 δοξάσω-

2202 1565 2322 1618 μεν,
2354 1549 2445 1600 καὶ
2480 1549 2544 1599 ἐκ
2568 1545 2661 1598 τοῦ
2696 1544 2922 1606 κάλλους
2954 1542 3061 1595 τῶν
3092 1544 3384 1614 ὁρωμένων
3415 1543 3505 1595 τὸν
3538 1542 3775 1613 ὑπέρκα-

2198 1640 2287 1693 λον
2332 1638 2659 1708 ἐννοώμεθα,
2701 1639 2795 1691 καὶ
2828 1640 2892 1691 ἐκ
2922 1636 3016 1689 τοῦ
3056 1635 3317 1706 μεγέθους
3359 1633 3467 1687 τῶν
3506 1633 3774 1704 αἰσθητῶν

2200 1735 2401 1789 τούτων
2456 1735 2549 1787 καὶ
2599 1732 2988 1804 περιγραπτῶν
3029 1731 3293 1801 σωμάτων
3331 1730 3775 1800 ἀναλογιζώμεθα

528 1831 584 1875 et
628 1835 694 1874 ex
738 1797 1137 1887 pulchritudine
1175 1829 1362 1869 eorum
1387 1830 1508 1883 quae
1540 1814 1814 1878 videntur,
1846 1829 1971 1868 eum
2005 1815 2094 1882 qui

2200 1828 2290 1880 τὸν
2326 1828 2550 1896 ἄπειρον
2584 1797 2687 1878 καὶ.
2705 1797 3056 1896 ὑπερμεγέθη
3099 1797 3193 1877 καὶ
3232 1823 3410 1877 πᾶσαν
3446 1797 3687 1876 διάνοιαν
3718 1824 3776 1875 ἐν

528 1925 742 1966 omnem
794 1908 1249 1979 pulchritudinem
1299 1916 1540 1974 superat,
1595 1913 1777 1959 mente
1823 1904 2097 1972 concipia-

528 2017 684 2068 mus;
724 2010 778 2055 et
802 2015 865 2055 ex
896 1999 1265 2068 magnitudine
1303 1997 1636 2052 sensibilium
1673 1998 1865 2051 horum
1900 2006 1954 2050 et
1993 1997 2100 2050 cir-

528 2095 978 2161 cumscriptorqu
1010 2105 1319 2159 corporum,
1350 2090 1496 2143 illum
1522 2090 1615 2159 qui
1654 2088 1895 2143 inﬁnitus
1928 2098 2014 2143 est
2051 2098 2106 2142 et

530 2186 849 2247 immensus,
881 2183 1079 2252 quique
1117 2197 1330 2236 omnem
1364 2197 1471 2250 pra:
1501 2182 1751 2251 potentiae
1784 2196 1893 2236 suae
1923 2180 2101 2235 multi-

533 2277 720 2331 tudine
763 2276 1146 2343 cogitationem
1192 2282 1503 2344 exsuperat,
1555 2273 1935 2342 intelligamus.
1987 2272 2099 2326 Etsi

529 2368 675 2423 enim
716 2382 902 2422 eorum
936 2383 1056 2436 qua:
1087 2366 1229 2421 facta
1271 2376 1395 2421 sunt
1445 2375 1693 2420 naturam
1734 2366 2045 2434 ignoramus
2084 2383 2097 2417 :

529 2469 589 2512 at
609 2466 757 2512 certe
783 2458 1042 2527 quidquid
1073 2458 1218 2512 omni
1251 2471 1314 2510 ex
1354 2464 1502 2524 parte
1540 2455 1640 2510 sub
1669 2465 1880 2509 nostros
1912 2469 2101 2508 sensus

529 2548 695 2613 cadit,
733 2558 938 2602 tantum
970 2563 1079 2616 pra:
1106 2562 1164 2602 se
1206 2548 1309 2601 fert
1342 2546 1737 2611 admirationis,
1769 2559 1826 2599 ιιι
1860 2546 1941 2601 vel
1975 2562 2103 2599 acn-

531 2641 737 2695 tissima
768 2655 920 2694 mens
952 2640 1126 2709 impar
1159 2655 1278 2694 esse
1304 2640 1689 2707 comperiatnr,
1715 2653 1834 2709 qute
1862 2646 1956 2693 aut
2001 2639 2103 2692 mi-

2203 1920 2281 1991 τῷ
2312 1918 2502 1989 πλήθει
2540 1918 2638 1989 τῆς
2668 1918 2861 1970 ἐαυτοῦ
2895 1917 3177 1988 δυνάμεως
3215 1917 3633 1988 ὑπερϐαίνοντα.
3667 1916 3778 1970 Καὶ

2205 2012 2314 2081 γὰρ
2341 2012 2389 2062 εἰ
2423 2008 2516 2063 καὶ
2541 2008 2637 2079 τὴν
2670 2007 2830 2077 φύσιν
2853 2008 3154 2077 ἀγνοοῦμεν
3181 2007 3286 2060 τῶν
3325 2008 3655 2078 γενομένων,
3689 2008 3781 2060 ἀλ·

2213 2100 2282 2153 λὰ
2331 2100 2393 2153 τό
2444 2117 2507 2168 γε
2544 2098 2848 2169 ὁλοσχερῶς
2892 2099 3194 2151 ὑποπίπτον
3239 2096 3394 2167 ἡμῶν
3426 2100 3493 2169 τῇ
3529 2097 3780 2167 αἰσθήσει

2203 2189 2454 2243 τοσοῦτον
2490 2189 2601 2260 ἔχει
2638 2189 2699 2242 τὸ
2729 2187 2930 2258 θαῦμα,
2961 2189 3101 2241 ῶστε
3127 2187 3335 2241 καὶτὸν
3362 2186 3780 2258 ἐντρεχέστατον

2204 2283 2328 2336 νοῦν
2370 2282 2626 2336 ἐλάττονα
2660 2282 3000 2351 ἀναφανῆναι
3046 2281 3154 2351 (80)
3205 2280 3299 2334 τοῦ
3345 2281 3630 2351 ἐλαχίστου
3674 2279 3780 2332 τῶν

2205 2372 2263 2423 ἐν
2298 2370 2375 2441 τῷ
2408 2372 2617 2442 κόσμῳ,
2642 2372 2779 2443 πρὸς
2819 2371 2882 2424 τὸ
2925 2372 2957 2442 ἢ
2996 2371 3287 2442 δυνηθῆναι
3317 2370 3448 2423 αὑτὸ
3476 2371 3598 2423 κατ’
3627 2367 3781 2432 ἀξίαν

2205 2462 2532 2528 ἐπεξελθεῖν,
2569 2464 2600 2533 ἢ
2634 2464 2725 2516 τὸν
2752 2462 3097 2532 ὀφειλόμενον
3133 2462 3350 2515 ἔπαινον
3383 2458 3780 2529 ἀποπληρῶσαι

2203 2551 2282 2622 τῷ
2311 2552 2583 2606 κτίσαντι·
2619 2544 2663 2619 ᾧ
2690 2553 2839 2605 πᾶσα
2863 2551 3009 2615 δόξα,
3038 2551 3171 2622 τιμὴ
3203 2549 3311 2620 (8i)
3337 2550 3431 2603 καὶ
3460 2549 3682 2620 κράτος,
3704 2547 3783 2609 εἰς

2205 2642 2330 2705 τοὺς
2349 2640 2550 2705 αἰῶνας
2576 2641 2684 2695 τῶν
2709 2640 2940 2695 αἰώνων.
2982 2642 3036 2694 Ἀ
3048 2643 3177 2712 μήν.

531 2733 734 2787 nimum
776 2734 902 2802 quid
948 2748 1134 2788 eorum
1174 2749 1296 2804 quae
1335 2734 1388 2787 in
1444 2733 1645 2787 mundo
1726 2745 1869 2798 sunt,
1913 2749 2012 2803 pro
2057 2735 2132 2787 rei
2173 2736 2436 2804 dignitate
2513 2737 2781 2804 explicet,
2836 2744 2929 2790 aut
2982 2736 3219 2789 debitam
3263 2732 3474 2788 laudem
3524 2731 3783 2800 rependat

530 2822 793 2888 Creatori,
828 2825 915 2879 cui
956 2826 1134 2880 omnis
1180 2826 1374 2895 gloria,
1404 2826 1578 2881 honor
1612 2836 1668 2880 et
1711 2826 2019 2894 imperium,
2052 2827 2103 2879 in
2143 2828 2339 2881 saecula
2375 2827 2714 2881 stecnlorum.
2747 2827 2941 2880 Amen.

1125 3057 1407 3112 HOMILIA
1448 3058 1513 3113 ll.

601 3172 680 3227 De
712 3189 770 3227 eo
802 3155 951 3242 quod.
978 3172 1253 3227 invisibilis
1282 3181 1394 3226 erat
1428 3180 1567 3225 terra
1601 3179 1649 3224 et
1684 3170 1943 3241 indigesta
1967 3171 2031 3225 ".

606 3304 708 3374 12
749 3305 800 3359 1.
842 3302 996 3358 Mane
1032 3303 1084 3357 in
1124 3305 1307 3372 paucis
1336 3303 1666 3372 eXpIieandis
1697 3304 1878 3359 verbis
1915 3305 2106 3359 immo-

531 3398 658 3461 rati,
708 3405 909 3450 tantam
964 3399 1244 3452 sententiae
1295 3396 1719 3466 profunditatem
1769 3397 2102 3451 reconditam

531 3488 852 3553 invenimus,
885 3498 944 3542 ut
973 3491 1040 3542 de
1074 3490 1139 3543 iis
1165 3503 1285 3557 quae
1313 3498 1633 3556 sequuntur,
1666 3488 1888 3542 omnino
1922 3488 2106 3556 despe-

532 3594 733 3634 remus.
771 3580 902 3634 Nam
939 3580 982 3635 si
1015 3590 1325 3635 sanctorum
1363 3580 1499 3633 atria
1537 3581 1665 3633 talia
1700 3587 1847 3641 sunt,
1879 3587 1934 3632 et
1968 3588 2105 3632 tem-

530 3671 604 3740 pli
630 3671 893 3727 vestibula
921 3674 1057 3726 adeo
1089 3672 1395 3726 veneranda
1425 3681 1572 3733 sunt,
1604 3681 1766 3738 atque
1794 3668 2102 3739 magnifica,

529 3769 592 3816 ut
649 3762 1060 3830 pulchritudinis
1120 3778 1230 3817 suze
1291 3764 1602 3830 praestantia
1660 3761 1846 3817 oculos
1907 3761 2104 3814 mentis

530 3861 729 3907 nostra:
758 3854 1142 3923 perstringunt,
1175 3854 1353 3922 qualia
1383 3862 1506 3908 sunt
1535 3850 1731 3908 Sancta
1758 3851 2104 3907 sanctorum?

529 3944 716 4012 ecquis
764 3945 981 3998 tandem
1031 3945 1394 4013 comperietur
1423 3944 1668 4006 idaeus,
1704 3943 1795 4012 qui
1823 3943 1982 4014 adyta
2018 3943 2101 3996 in-

532 4033 683 4103 gredi
739 4033 915 4087 ausit?
970 4043 1064 4088 aut
1106 4036 1228 4104 quis
1281 4043 1671 4103 conspecturus
1727 4042 1813 4088 est
1866 4035 2102 4088 arcana?

533 4123 813 4193 Siquidem
858 4124 941 4177 vel
969 4140 1155 4179 eorum
1189 4134 1441 4194 aspectus
1470 4134 1553 4179 est
1580 4125 1924 4191 inaccessus;
1955 4134 2008 4177 et
2037 4140 2100 4178 ea

531 4230 652 4286 quae
685 4228 863 4270 mente
883 4229 1143 4284 concepta
1174 4226 1320 4281 sunt,
1345 4230 1489 4286 aegre
1512 4217 1734 4271 omnino
1771 4216 1950 4269 verbis
1979 4230 2101 4283 pos-

533 4315 660 4361 sunt
693 4307 969 4376 explicari.
1008 4311 1284 4373 Attamen,
1320 4324 1439 4362 cum
1464 4309 1603 4378 apud
1633 4308 1835 4375 justum
1865 4305 2097 4375 iudicem

3676 2953 3770 2973 ’.-

2821 3058 3066 3113 ΟΜῘΛῙΑ
3102 3057 3176 3108 B'.

2310 3151 2449 3220 Περί
2486 3150 2615 3216 τοῦ,
2656 3148 2922 3217 ’Λόρατος
2970 3146 3049 3215 ἦν
3103 3150 3136 3212 ὴ
3177 3146 3268 3220 ,γῆ
3316 3145 3415 3200 καὶ
3461 3145 3682 3199 ἀκατα-

2733 3222 3072 3285 σκεύαστος
3111 3218 3244 3287 (8:2).

2278 3310 2330 3365 1.
2364 3310 2597 3379 Μικροῖς
2619 3312 2787 3365 ἓωθεν
2823 3308 2935 3378 (85)
2962 3305 3396 3377 ἐνδιατρίψαντες
3430 3304 3661 3376 ῥήμασι.
3688 3321 3780 3356 το-

2208 3400 2394 3453 σοῦτον
2427 3384 2914 3471 ἀποκεκρυμμένον
2942 3398 3002 3450 τὸ
3028 3396 3190 3467 βάθος
3220 3396 3318 3466 τῆς
3347 3395 3583 3458 διανοίας
3618 3394 3778 3467 εὖρο-

2210 3509 2330 3563 μεν,
2357 3490 2496 3544 ὥστε
2527 3492 2632 3544 τῶν
2659 3488 2857 3561 ἐφεξῆς
2891 3489 3167 3552 παντελῶς
3207 3487 3534 3556 ἀπογνῶναι.
3568 3488 3632 3540 Εἰ
3670 3488 3780 3559 γὰρ

2203 3582 2271 3634 τὰ
2303 3581 2570 3653 προαύλια
2612 3581 2721 3633 τῶν
2750 3581 2922 3648 ἁγίων
2949 3580 3192 3640 τοιαῦτα,
3231 3577 3328 3631 καὶ
3359 3578 3430 3631 τὰ
3467 3578 3780 3649 προπύλαια

2204 3674 2297 3726 τοῦ
2318 3672 2446 3726 ναοῦ
2468 3672 2611 3726 οὑτω
2640 3672 2813 3743 σεμνὰ
2836 3673 2930 3725 καὶ
2971 3672 3246 3743 ὑπέρογκα
3270 3673 3335 3741 τῇ
3364 3670 3471 3741 (84)
3506 3671 3777 3742 ὑπερϐολῇ

2203 3764 2295 3819 τοῦ
2322 3764 2552 3827 κάλλους
2583 3759 2715 3827 τοὺς
2727 3764 3036 3834 ὀφθαλμοὺς
3061 3763 3159 3832 τῆς
3185 3763 3417 3825 διανοίας
3444 3763 3597 3832 ἡμῶν
3626 3774 3778 3833 περιέ

2203 3854 2600 3925 αστρὰπτοντα,
2633 3853 2852 3907 ποταπὰ
2878 3854 2945 3906 τὰ
2975 3853 3144 3918 ’Ἀγια
3169 3851 3276 3906 τῶν
3314 3851 3516 3919 ἁγίων;
3557 3852 3651 3904 καὶ
3694 3852 3777 3914 τίς

2206 3946 2387 4010 ἱκανὸς
2411 3945 2819 4015 κατατολμῆσαι
2845 3944 2953 3996 τῶν
2983 3943 3224 4008 ἀδύτων;
3256 3942 3290 4012 ἢ
3317 3944 3400 4006 τίς
3421 3941 3680 4010 ἐπόψεται
3707 3942 3778 3996 τὰ

2202 4035 2525 4107 ἀπόρρητα;
2571 4034 2885 4106 Ἀπρόσιτος
2933 4033 3030 4103 μὲν
3074 4037 3183 4103 γὰρ
3223 4031 3398 4086 αὐτῶν
3442 4033 3534 4085 καὶ
3572 4034 3604 4102 ή
3652 4031 3775 4095 θέα,

2200 4126 2629 4196 δυσερμήνευτος
2660 4125 2717 4178 δὲ
2752 4124 3028 4187 παντελῶς
3055 4124 3165 4177 τῶν
3201 4123 3497 4194 νοηθέντων
3539 4124 3568 4175 ὁ
3595 4121 3772 4190 λόγος.

2201 4217 2351 4287 Πλὴν
2389 4217 2502 4271 ἀλλ’
2536 4216 2721 4288 ἐπειδὴ
2748 4216 2899 4287 παρὰ
2931 4216 3009 4285 τῷ
3051 4216 3245 4285 δικαίῳ
3280 4217 3463 4284 κριτῇ,
3500 4214 3593 4266 καὶ
3633 4213 3776 4284 ὑπὲρ

2208 4308 2367 4379 μόνου
2401 4306 2495 4360 τοῦ
2520 4306 2840 4377 προελέσθαι
2868 4304 2935 4358 τὰ
2957 4305 3165 4371 δέοντα,
3193 4306 3293 4357 οὑκ
3316 4302 3776 4373 εὐκαταφρόνητοί

531 4400 616 4454 vel
660 4399 730 4455 ob
767 4400 817 4454 id
853 4400 1048 4466 solum,
1079 4401 1219 4470 quod
1258 4400 1378 4470 quis
1411 4397 1641 4454 cilicium
1674 4414 1828 4454 suum
1872 4398 1972 4453 sibi
2019 4397 2098 4451 fa-

2202 4401 2340 4452 εἰσιν
2360 4399 2731 4469 ἀφωρισμένοι
2760 4396 2958 4466 μισθοὶ,
2989 4394 3062 4466 μὴ
3085 4396 3481 4465 ἀποκνήσωμεν
3505 4392 3615 4464 (85)
3638 4393 3774 4464 πρὸς

531 4493 778 4548 ciendum
822 4494 1183 4564 proposuerit,
1220 4493 1511 4547 constituta
1558 4506 1765 4546 merces
1793 4491 1884 4557 sit,
1925 4504 2096 4559 eaque

533 4600 638 4639 non
673 4587 1097 4652 contemnenda;
1132 4600 1198 4641 ne
1231 4586 1297 4639 ad
1339 4583 1785 4653 perscrutandum
1828 4582 2096 4639 fuerimus

607 4762 652 4796 ¹⁸
687 4764 820 4820 Gen.
857 4780 895 4828 ι,
922 4763 980 4820 2.

605 4922 714 4990 (79)
745 4919 898 4990 Colb.
928 4918 1194 4972 secundus
1220 4916 1373 4990 αὑτοὶ
1404 4916 1535 4990 τοὺς
1581 4914 1711 4990 περ)
1763 4914 1869 4990 τῆς
1911 4911 2097 4990 οὐσίας

529 4985 796 5062 ἀφέμενοιΔ
823 4988 1015 5062 λόγους
1065 4985 1459 5062 πιστευθέντεςὶ
1482 4986 1725 5062 Μωῦσεῖ.
1747 4985 1901 5036 Alius
1926 4985 2096 5062 codex

532 5053 745 5129 quoque
775 5053 1037 5128 ἀφέμενοι
1065 5058 1281 5125 λόγους.
1320 5060 1388 5109 At
1421 5053 1586 5109 Coisl.
1647 5057 1852 5124 primus
1906 5053 2094 5123 vulga-

536 5143 643 5182 tam
670 5132 953 5182 lectionem
980 5139 1177 5181 tuetur.

559 5147 643 5184 am
670 5144 768 5182 lcet
781 5144 953 5182 Ionem
980 5144 1177 5181 tuetur.

536 5143 643 5186 tam
670 5143 953 5182 lectionem
980 5143 1177 5181 tuetur.

602 5198 713 5271 (80)
742 5197 879 5252 Editi
909 5207 961 5271 et
993 5200 1097 5251 duo
1127 5211 1257 5271 mss.
1303 5194 1653 5271 av_<pa.vﬁvat.
1695 5193 1793 5247 At.
1824 5191 1917 5245 alii
1963 5205 2098 5262 qua-

529 5265 654 5325 tuur
688 5265 817 5322 mss.
844 5267 1129 5334 conjuncte
1155 5265 1515 5334 ἀναφανῆναι.

604 5338 715 5408 (81)
750 5322 979 5408 Codices
1002 5346 1231 5408 quatuor
1256 5322 1403 5401 δόξα,
1432 5335 1582 5406 τιμή.
1609 5332 1773 5388 Coisl.
1806 5332 2015 5402 primus
2051 5322 2097 5398 ᾧ

527 5408 565 5481 ἡ
600 5404 724 5481 δόξά
741 5409 842 5481 λιαὶ
871 5404 934 5481 τὸ
964 5406 1194 5481 κράτοςπ
1271 5476 1281 5481 -
1492 5404 1502 5406 ἡ
1554 5404 1561 5405 ί
1627 5472 1640 5481 .
1714 5436 1735 5481 ;

602 5471 715 5551 (ὃῖ)
739 5479 950 5551 Titulus
979 5471 1155 5530 nullus
1184 5476 1389 5551 legitur
1412 5489 1587 5551 neque
1626 5472 1679 5526 in
1714 5471 1859 5551 Reg.
1882 5471 2094 5551 quinto,

529 5540 707 5617 neque
736 5550 788 5602 in
815 5549 966 5617 (Jolb.
996 5540 1259 5617 secundo:
1281 5546 1335 5597 ln
1360 5540 1567 5617 duobus
1599 5557 1730 5617 mss.
1752 5540 1912 5617 verba
1948 5540 2097 5592 Scri-

570 5609 720 5682 tn'raa,
766 5619 800 5689 ὴ
869 5616 926 5689 δὲ
956 5617 1029 5689 γῆ
1054 5612 1148 5689 Ᾱῆν
1208 5616 1432 5687 ἀόρατος
1467 5612 1562 5666 καὶ
1599 5609 2097 5689 ἀκατασκεὺαστος,

550 5703 653 5741 oco
692 5680 816 5740 sunt
847 5680 1140 5741 titulifAl'ti
1173 5680 1431 5739 tres'mss.
1456 5697 1576 5736 cum
1609 5684 1767 5735 editis
1805 5682 1935 5744 περὶ
1980 5680 2096 5744 τοῦ,

530 5700 653 5741 1000
692 5700 816 5740 811⁸111,
847 5700 1009 5741 1111111.
1039 5700 1140 5739 ᾹΙΙΙ
1173 5700 1280 5739 tres
1304 5701 1431 5737 IIISS.
1456 5700 1576 5736 011111
1609 5700 1767 5735 θυιιιδ
1805 5700 1875 5734 πε
1918 5700 1935 5733 ι
1980 5700 2096 5744 του,

530 5755 757 5826 ἀόρατος
816 5752 884 5825 ἦν
935 5757 968 5825 ἡ
1016 5756 1087 5823 γῆ
1126 5756 1220 5808 καὶ
1270 5752 1765 5817 ἁκατασκεὺαστος.
1803 5700 1955 5809 Cofb.
1990 5753 2101 5821 pri-

2199 4490 2299 4559 τὴν
2327 4487 2570 4558 ἔρευναν.
2617 4489 2682 4541 Εἰ
2718 4486 2827 4558 γὰρ
2870 4487 2963 4539 καὶ
3003 4487 3100 4555 τῆς
3140 4484 3295 4548 ἀξίας
3339 4482 3771 4553 ἀπολειπόμεθα,

2199 4579 2313 4634 ἀλλ’
2341 4578 2434 4631 ἐὰν
2467 4578 2560 4633 τοῦ
2588 4579 2926 4649 βουλήματος
2954 4576 3055 4645 τῆς
3090 4575 3313 4646 Γραφῆς
3349 4575 3425 4646 μὴ
3454 4574 3775 4644 ἐκπέσωμεν

2203 4924 2322 4963 mus
2348 4902 2442 4961 τοῦ
2473 4905 2636 4959 αὑτοῦ
2667 4903 2797 4975 περί
2827 4902 3033 4975 ὑδάτων
3059 4903 3154 4975 καὶ
3181 4901 3607 4975 φωτὸςηὸμιλὶα
3652 4899 3773 4975 δευ-

2197 4976 2352 5062 τέρα.
2386 4977 2551 5062 Coisl.
2584 4970 2788 5062 primti's
2811 4974 2914 5062 τοῦ,
2942 4975 2999 5025 ἐν
3030 4970 3634 5062 ἁγίοιςπῐξατρδςήμξλν
3664 4970 3773 5062 lactt:

2202 5039 2398 5101 σιλείου
2451 5048 2531 5106 εἰς
2579 5039 2695 5116 τὴν
2712 5041 2760 5096 α’
2788 5043 3021 5116 Δἡμέραν
3053 5039 3775 5116 τ’ἦς-Ἑξαῃμέρουβομιλια

2199 5118 2443 5189 δευτέρα.
2480 5111 3050 5189 Ᾱιιθίϐοἰειζείςεὲε
3070 5111 3263 5189 πρῶτα
3290 5113 3388 5180 τῆς
3416 5112 3698 5189 γενέσεως.

2275 5180 2383 5253 (83)
2419 5188 2546 5253 Reg.
2578 5196 2764 5239 sextus
2786 5198 2908 5237 cum
2938 5183 3088 5237 Colb.
3115 5180 3285 5250 primo
3314 5184 3544 5253 μικροῖς
3566 5180 3774 5250 ἐμπρο-

2202 5251 2543 5326 σθεν,’ραιιίο
2578 5266 2718 5326 ante.
2752 5255 2822 5306 At
2868 5254 2995 5306 editi
3051 5268 3183 5326 enin
3243 5251 3475 5326 utroque
3507 5251 3670 5326 Consi.
3719 5258 3775 5302 et

2198 5344 2320 5452 Enn
2337 5318 2530 5381 multis
2562 5324 2684 5378 aliis
2739 5338 2870 5377 mss.
2902 5325 3120 5396 μικροῖς
3161 5321 3350 5387 ἕωθεν,
3389 5318 3585 5375 ἠιαηε.
3634 5318 3773 5389 Lege

2250 5413 2333 5451 ne.

2250 5413 2333 5451 uc.

2271 5464 2510 5538 (84)Sic_
2558 5461 2722 5517 editio
2777 5461 2945 5538 Basil.
2999 5472 3075 5538 et“
3116 5477 3247 5518 mss.
3301 5461 3539 5531 plurimi.
3591 5457 3770 5513 Editio

2199 5532 2375 5594 Paris.
2411 5534 2691 5605 ὑπέρογκα
2722 5533 2818 5605 καὶ
2853 5532 2945 5605 τῇ.
2983 5533 3305 5605 Aliquanto
3356 5540 3476 5605 post
3501 5545 3647 5605 mss.
3675 5544 3772 5605 ,εει

2200 5620 2341 5677 ptent
2364 5598 2784 5677 Adrrpoe'gr’og‘usy
2805 5598 3116 5674 γὰρἀὑτῶν
3149 5604 3242 5655 καὶ
3285 5598 3514 5672 ὴλίιίίιί
3546 5598 3771 5671 ἀπρόσιο

2197 5673 2624 5748 τοςᾲγὰρᾲαὺτῶν
2649 5673 2828 5748 ήθέα.

2273 5742 2566 5816 (85)Ἐοιι).
2599 5744 2804 5813 primus
2833 5742 2908 5816 μὴ
2940 5742 3383 5813 ἀωκνησαίμην.
