4082 6218
342 317 416 376 29
499 367 503 371 .
1464 315 1748 372 HOMILIA
1787 314 1829 371 ll
1869 315 1938 374 ΕΝ
1980 312 2483 371 HEXAEMERON.
3545 319 3618 377 ΞΟ

343 431 411 501 τῇ
453 428 677 501 βοηθείᾳ
714 428 808 483 τοῦ
836 429 1171 501 Πνεῦματος,
1209 429 1304 484 καὶ
1331 431 1482 484 αὑτοὶ
1504 431 1603 486 οὐκ
1637 432 1930 503 ἀπόϐλητοι

2041 431 2330 498 segniores.
2361 429 2517 494 Nam,
2550 429 2762 484 tametsi
2797 444 2974 486 rerum
3014 445 3120 486 non
3153 444 3439 502 possumus
3469 446 3620 486 asse-

346 524 626 587 παντελῶς
657 516 1053 596 κριθησόμὲθα,
1081 523 1175 576 καὶ
1203 526 1269 594 τῇ
1300 524 1560 594 συνεργίᾳ
1586 525 1686 594 τῆς
1708 525 1929 596 χάριτος

343 615 635 687 οἰκοδομήν
665 631 788 668 τινα
818 616 884 685 τῇ
930 613 1228 684 Ἐκκλησία
1259 613 1353 665 τοῦ
1380 613 1514 666 Θεοῦ
1558 614 1927 685 παρεξόμεθα.

357 708 418 762 Ἡ
440 705 507 759 δὲ
536 704 610 775 γνῆ
639 705 738 774 ἦν,
769 705 953 775 φησὶν,
983 705 1234 772 ἀόρατος
1255 705 1353 758 καὶ
1375 705 1925 770 ἀκατασκεύαστος.

345 800 470 862 Πῶς
505 797 833 869 ἀμφοτέρων
885 797 1165 868 ὁμοτίμοις
1203 797 1511 867 γενομένων
1556 797 1786 867 οὐρανοῦ
1835 798 1930 850 καὶ

345 890 469 960 γῆς,
508 890 537 940 6
575 889 673 960 μὲν
701 889 930 958 οὐρανὸς
961 889 1294 960 ἀπηρτίσθη,
1345 891 1377 959 ὴ
1420 889 1476 942 δὲ
1518 890 1588 959 γῆ
1625 889 1702 942 ἔτι
1731 889 1928 958 ἀτελής

346 984 463 1034 ἐστι
494 983 589 1035 καὶ
617 981 1012 1052 ἁνεξέργαστος
1048 980 1190 1050 (86);
1241 981 1311 1033 Ἢ
1353 981 1512 1045 ὅλως,
1555 981 1608 1034 τί
1637 981 1698 1033 τὸ
1725 982 1930 1034 ἀκατά-

347 1089 538 1125 σκευον
567 1071 678 1144 (87)
705 1073 803 1142 τῆς
832 1073 964 1143 γῆς;
997 1073 1090 1125 καὶ
1134 1071 1221 1125 διὰ
1265 1071 1426 1126 ποίαν
1470 1073 1648 1126 αἰτίαν
1698 1075 1929 1144 ἀόρατος

343 1161 447 1236 ἦν;
479 1166 634 1217 Ἔστι
668 1164 766 1234 μὲν
795 1159 886 1217 οὖν
913 1163 1092 1216 τελεία
1125 1164 1434 1234 κατασκευὴ
1462 1165 1616 1236 γῆς-ἡ
1643 1166 1736 1218 ἀπ’
1761 1165 1930 1235 αὐτῆς

347 1254 599 1326 εὐθηνία·
655 1253 836 1323 φυτῶν
889 1254 1243 1308 παντοδαπῶν
1291 1253 1646 1326 βλαστήσεις*
1699 1255 1930 1327 δένδρων

347 1347 696 1418 ὑψηλοτάτων
749 1346 1011 1419 προϐολαὶ
1057 1347 1351 1418 καρπίμων
1406 1365 1464 1400 τε
1505 1349 1598 1401 καὶ
1631 1349 1925 1420 ἀκάρπωνο

345 1439 524 1492 ἀνθῶν
555 1438 796 1510 εὖχροιαι
837 1439 930 1492 καὶ
977 1439 1223 1492 εὐωδίαι·
1268 1441 1360 1494 καὶ
1393 1441 1493 1493 ὅσα
1539 1442 1735 1513 μικρὸν
1770 1442 1973 1517 ὕστετῆ

349 1548 440 1602 ρον
478 1530 587 1599 (88)
625 1528 804 1599 μέλλει
833 1528 910 1598 τῷ
934 1531 1314 1600 προστάγματι
1346 1528 1441 1582 τοῦ
1470 1529 1603 1582 Θεοῦ
1644 1533 1931 1584 ἐπανατεί-

345 1622 511 1675 λαντα
558 1623 624 1692 τῇ
663 1623 734 1692 γῇ
779 1620 877 1691 τὴν
925 1621 1339 1692 γεννησαμένην
1395 1625 1782 1691 κατακοσμεῖν.
1831 1616 1928 1676 Ὧν

345 1713 532 1784 ἐπειδὴ
559 1713 708 1766 οὐδὲν
736 1710 890 1764 οὔπω
926 1707 1013 1782 ἦν,
1051 1712 1424 1765 ἀκατάσκευον
1450 1713 1617 1783 αὐτὴν
1646 1712 1868 1776 εἰκότως
1900 1715 1929 1766 6

2034 519 2123 586 qui
2154 519 2502 588 dignitatem;
2552 529 2752 584 tamen,
2801 521 2846 574 si
2898 538 2925 573 a
2983 520 3276 589 Scripturze
3317 522 3613 592 proposito,

2034 607 2242 678 Spiritu
2283 611 2597 675 auxiliante,
2645 627 2750 665 non
2803 613 3136 678 excidamus,
3169 615 3334 668 etiam
3372 615 3473 682 ipsi
3506 629 3614 668 non

2034 704 2256 757 omnino
2303 702 2594 770 rejectanei
2634 703 3027 772 judicahimur;
3081 721 3142 759 ac
3193 708 3368 776 gratia
3419 721 3616 775 coope-

2033 804 2208 856 rante,
2262 809 2366 847 non
2411 794 2544 848 nihil
2593 799 2968 865 prtestabimus
3009 798 3380 853 aedilicatiouis
3424 800 3616 854 Eccle-

2032 888 2127 940 size
2169 887 2281 940 Dei.
2325 886 2485 940 Terra
2541 899 2742 953 atatem,
2808 889 3011 959 inquit,
3062 901 3173 945 erat
3235 894 3510 947 invisibilis
3564 904 3614 948 ει

2031 979 2398 1046 incomposita.
2471 978 2754 1045 Quomodo
2810 981 3042 1035 conditis
3099 983 3304 1052 pariter
3365 985 3615 1056 utrisque

2032 1069 2169 1123 coelo
2223 1077 2277 1122 ct
2325 1079 2501 1135 terra,
2552 1071 2748 1124 ctelum
2794 1073 3011 1140 quidem
3071 1074 3325 1129 omnibus
3371 1077 3616 1131 numeris

2032 1162 2337 1216 absolutum
2372 1173 2478 1226 est,
2516 1173 2657 1217 terra
2695 1178 2825 1218 vero
2863 1164 3039 1221 adhuc
3083 1167 3400 1235 imperfecta
3442 1179 3525 1222 est
3562 1181 3617 1223 et

2033 1251 2220 1306 rudis?
2252 1254 2355 1305 Λιιι
2381 1252 2623 1315 omnino,
2650 1253 2776 1320 quid
2804 1262 2885 1306 est
2915 1264 3056 1307 terra
3107 1255 3498 1324 incomposita?
3524 1266 3614 1311 aut

2031 1343 2100 1397 ob
2144 1358 2303 1412 quam
2350 1360 2566 1399 causam
2613 1352 2729 1397 erat
2782 1346 3104 1399 invisibilis?
3159 1348 3300 1402 Sane
3344 1348 3618 1416 perfectus

2035 1445 2193 1489 terras
2227 1447 2518 1505 apparatus
2552 1439 2663 1506 ipsa
2700 1438 2843 1492 illius
2879 1437 3128 1492 fertilitas
3163 1449 3266 1502 est,
3297 1440 3611 1508 generatio-

2033 1543 2130 1582 nes
2193 1544 2639 1600 quarumcuuque
2673 1533 2995 1600 plantarum,
3037 1533 3426 1586 altissimarum
3460 1534 3616 1587 arbo-

2033 1634 2149 1673 rum
2193 1631 2302 1674 tum
2356 1622 2738 1692 frugiferarum
2803 1635 2913 1677 tum
2972 1624 3384 1679 iufecundarum
3427 1637 3614 1691 ortus;

2032 1710 2222 1766 ﬂorum
2260 1713 2469 1768 colores
2503 1716 2730 1782 speciosi
2766 1729 2829 1770 ac
2861 1716 3056 1770 odores
3083 1717 3247 1785 grati,
3276 1729 3330 1770 et
3357 1732 3617 1785 quazcun-

345 1805 503 1873 λόγος
522 1783 800 1874 (ὠνόμασε.
839 1803 921 1855 Τὰ
957 1802 1098 1856 αὐτά
1125 1803 1180 1855 δὲ
1210 1802 1382 1856 ταῦτα
1415 1802 1509 1855 καὶ
1539 1803 1666 1874 περί
1701 1803 1810 1873 (89)
1842 1804 1932 1856 οὑ-

2043 1819 2148 1872 que
2179 1804 2336 1872 paulo
2358 1816 2479 1875 post
2511 1807 2600 1860 Dei
2628 1809 2782 1876 jussu
2812 1823 2841 1861 e
2870 1818 3013 1862 terra
3037 1783 3619 1880 emergentia—genitri-

351 1895 508 1967 ρανοῦ
532 1895 780 1964 εἴποιμεν
799 1913 810 1923 ·
838 1895 919 1947 ὅτι
941 1896 1040 1946 οὐκ
1057 1893 1375 1964 ἐξείργαστο
1427 1893 1578 1947 οὔπω
1604 1895 1724 1947 οὐδὲ
1749 1895 1930 1959 αὐτὸς,

345 1989 466 2042 οὐδὲ
483 1989 573 2041 τὸν
598 1989 794 2040 οἰκεῖον
823 1985 1114 2056 ἀπειλήφει
1145 1987 1368 2057 κόσμον,
1400 1986 1495 2039 ἆτε
1524 1988 1690 2057 μήπω
1719 1987 1830 2058 (90)
1854 2005 1934 2040 σε·

347 2081 484 2155 λήνῃ
505 2082 639 2152 μήτε
661 2079 795 2150 ἡλίῳ
819 2077 1314 2149 περιλαμπόμενος,
1337 2077 1470 2147 μηδὲ
1496 2080 1605 2140 τοῖς
1631 2081 1806 2149 χοροῖς
1824 2078 1932 2131 τῶν

346 2174 562 2244 ἄστρων
587 2169 1043 2240 κατεστεμμένος.
1078 2167 1244 2222 Οὔπω
1266 2168 1376 2239 γάρ
1403 2169 1574 2222 ταῦτα
1601 2169 1711 2237 (91)
1749 2170 1934 2237 ἐγεγό-

348 2284 447 2320 νει.
486 2266 646 2317 ’Ὠστε
671 2264 767 2333 οὐχ
800 2263 1137 2334 ἁμαρτήσεις
1158 2262 1254 2332 τῆς
1279 2261 1552 2332 ἀληθείας,
1587 2262 1689 2314 κᾶν
1720 2261 1810 2315 τὸν
1844 2264 1934 2315 οὑ-

352 2359 510 2431 ρανὸν
542 2358 912 2412 ἀκατάσκευον
941 2355 1120 2425 εἴπῃς.
1165 2353 1419 2424 Ἀόρατον
1443 2353 1497 2406 δὲ
1522 2353 1616 2424 τὴν
1637 2354 1739 2424 γῆν
1768 2371 1933 2424 προσ-

350 2455 469 2504 εῖπε
513 2451 599 2503 διὰ
627 2450 718 2502 δύο
753 2449 931 2512 αἰτίας
953 2464 966 2477 ο
1003 2447 1036 2518 ἢ
1077 2448 1158 2500 ὅτι
1207 2446 1358 2499 οῦπω
1382 2442 1450 2516 ἦν
1473 2447 1642 2516 αὐτῆς
1678 2449 1706 2499 6
1737 2445 1934 2519 θεατὴς

349 2538 633 2609 ἄνθρωπος
661 2537 850 2607 (9ἓ),ἢ
893 2538 972 2590 ὅτι
1004 2535 1333 2605 ὑποϐρύχιος
1371 2533 1505 2588 οὖσα
1531 2537 1594 2588 ὲκ
1618 2537 1711 2589 τοῦ
1744 2539 1935 2590 ἐπιπο-

350 2629 603 2693 λάζοντος
646 2633 710 2700 τῇ
736 2631 1026 2699 ἐπιφανείᾳ
1076 2628 1266 2692 ὓδατος
1307 2629 1408 2681 οὐκ
1443 2628 1671 2699 ἠδύνατο
1699 2629 1935 2700 καθορᾶ-

354 2722 498 2775 σθαι.
547 2721 713 2774 Οὔπω
751 2722 860 2792 γάρ
895 2717 962 2790 ἦν
995 2720 1324 2790 συναχθέντα.
1355 2720 1423 2774 τὰ
1454 2719 1620 2773 ὕδατα
1658 2723 1736 2784 είς
1770 2720 1840 2773 τὰ
1860 2722 1936 2773 oi—

352 2820 476 2869 κεῖα
510 2816 845 2884 συστήματα,
898 2812 1038 2884 ἀπερ
1088 2811 1312 2882 ὕστερον
1358 2813 1386 2863 ὁ
1431 2811 1564 2875 Θεὸς
1615 2812 1935 2882 συναγαγὼν

354 2906 760 2978 προσηγόρευσε
801 2904 1094 2967 θαλάσσας.
1147 2903 1398 2975 Ἀὁρατον
1437 2900 1530 2958 οὖν
1583 2904 1635 2956 τί
1674 2907 1825 2970 eaet;
1863 2905 1936 2958 Τὸ

356 2999 474 3068 μὲν,
503 2998 530 3050 ὃ
564 2999 635 3068 μὴ
655 2997 894 3066 πέφυκεν
917 2996 1212 3065 ὀφθαλμοῖς
1247 2997 1448 3066 σαρκὸς
1472 2997 1829 3069 καθορᾶσθαι,
1861 2998 1935 3063 ὡς

2036 1912 2152 1950 cem
2183 1914 2336 1952 suam
2375 1911 2530 1954 erant
2559 1911 2841 1958 ornatura.
2876 1903 3112 1967 Quarum
3145 1919 3327 1956 rerum
3360 1904 3617 1972 qttoniam

2037 1989 2299 2043 nihildum
2348 2003 2486 2055 erat,
2533 1993 2728 2046 merito
2774 1991 3053 2061 Scriptura
3101 1995 3271 2062 ipsam
3322 1995 3618 2049 nominavit

2037 2079 2472 2150 incompositam.
2518 2083 2644 2138 Haec
2681 2085 2869 2138 eadem
2909 2094 2962 2138 et
3003 2085 3069 2138 de
3103 2085 3244 2138 c0310
3283 2085 3616 2150 dixerimus;

2037 2175 2468 2242 quandoquidem
2517 2177 2598 2232 vel
2652 2192 2826 2245 Ipsum
2874 2179 3115 2229 nondum
3158 2187 3278 2231 erat
3321 2178 3615 2239 excultum,

2036 2278 2212 2332 neque
2258 2266 2538 2334 proprium
2594 2275 2874 2335 receperat
2920 2278 3191 2333 omatum,
3247 2277 3431 2336 utpote
3478 2270 3618 2335 quod

2037 2351 2275 2402 nondum
2313 2351 2424 2406 sole
2461 2363 2554 2406 aut
2598 2353 2722 2407 luna
2773 2354 3192 2423 splendesceret,
3233 2371 3407 2424 neque
3449 2366 3622 2409 astro-

2039 2456 2157 2493 rum
2194 2443 2377 2497 choris
2406 2455 2780 2499 coronaretur.
2819 2445 3057 2500 Necdum
3095 2449 3238 2501 enim
3273 2448 3458 2502 isthmc
3492 2463 3622 2514 con:~

2037 2533 2148 2586 dita
2200 2544 2376 2590 erant.
2434 2536 2612 2602 Quare
2656 2530 2708 2590 a'
2737 2540 2967 2593 veritate
3019 2555 3124 2594 non
3170 2541 3533 2604 aberraveris,
3575 2540 3621 2593 si

2038 2623 2237 2677 caelum
2281 2641 2498 2696 quoque
2550 2628 2753 2682 dixeris
2800 2628 2968 2683 fuisse
3016 2629 3453 2698 incompositum.
3485 2628 3621 2682 Ter-

2039 2731 2152 2770 ram
2191 2729 2370 2772 autem
2413 2720 2546 2774 duas
2582 2722 2652 2775 ob
2687 2737 2879 2777 causas
2913 2723 3203 2791 appellavit
3250 2724 3619 2790 invisibilem;

2040 2818 2133 2862 aut
2162 2811 2301 2878 quod
2335 2813 2572 2866 nondum
2609 2827 2751 2869 esset
2779 2817 2867 2883 qui
2909 2831 3027 2870 eam
3064 2816 3407 2883 conspiceret
3438 2816 3621 2879 homo,

2040 2910 2130 2956 aut
2155 2903 2295 2970 quod
2325 2918 2386 2957 ea
2427 2906 2594 2960 videri
2643 2907 2743 2977 13
2777 2911 2999 2963 minime
3036 2918 3236 2978 posset.
3272 2910 3469 2978 Quippe
3503 2925 3624 2978 quas

2041 2995 2195 3062 aquis
2245 3011 2410 3065 super
2461 2999 2630 3068 ipsius
2682 3003 3020 3071 superﬁciem
3068 3003 3437 3056 innatantibus
3477 3012 3624 3056 esset

350 3090 380 3140 6
409 3089 530 3152 νοῦς
556 3092 582 3141 ὁ
601 3088 898 3160 ἡμέτερος·
929 3087 991 3139 τὸ
1012 3086 1089 3150 δὲ,
1117 3086 1144 3138 ὃ
1169 3089 1235 3156 τῇ
1260 3087 1417 3154 φύσει
1444 3088 1636 3158 ὁρατὸν
1671 3089 1933 3160 ὑπάρχον,

2043 3087 2348 3142 submersa.
2389 3089 2636 3144 Nondum
2667 3093 2809 3146 enim
2843 3104 3000 3147 erant
3047 3110 3198 3163 aqua:
3248 3095 3299 3148 in
3347 3109 3471 3147 suas
3515 3104 3626 3149 sta-

352 3179 441 3232 διά
468 3178 562 3250 τὴν
601 3177 984 3248 ὲπιπρόσθεσιν
1013 3173 1107 3228 τοῦ
1137 3175 1484 3246 ἐπικειμένου
1508 3177 1658 3248 αὐτῷ
1683 3177 1934 3248 σώματος

354 3271 781 3344 ἀποκρύπτεται,
819 3271 895 3334 ὡς
931 3273 959 3324 ὁ
991 3274 1049 3324 ὲν
1075 3269 1152 3341 τῷ
1183 3269 1329 3340 βυθῷ
1358 3269 1590 3340 σίδηρος.
1629 3271 1766 3322 Καθ’
1789 3270 1816 3322 ὃ
1845 3287 1935 3341 ση-

358 3363 681 3432 μαινόμενον
707 3361 799 3414 νῦν
836 3362 1066 3431 ἀόρατον
1098 3359 1381 3430 ἡγούμεθα
1417 3358 1813 3431 προσειρῆσθαι
1834 3361 1933 3430 τὴν

355 3455 459 3524 γῆν
477 3453 886 3523 καλυπτομένην
904 3453 1007 3505 ὑπὸ
1024 3452 1114 3506 τοῦ
1138 3451 1347 3515 ὓδατος.
1371 3452 1601 3504 Ἔπειτα
1621 3453 1822 3521 μέντοι,
1839 3454 1934 3505 καὶ

359 3546 525 3615 μήπω
570 3543 662 3597 τοῦ
706 3544 882 3614 φωτὸς
920 3543 1257 3616 γενηθέντος,
1316 3543 1466 3596 οὐδὲν
1503 3539 1570 3615 ἦν
1621 3542 1932 3611 θαυμαστὸν

355 3639 454 3709 τὴν
497 3640 554 3690 ὲν
590 3637 764 3707 σκότῳ
799 3637 909 3708 (95)
938 3636 1214 3707 κειμένην,
1252 3636 1340 3689 διά
1367 3635 1428 3688 τὶ
1465 3633 1766 3702 ἀφώτιστον
1800 3633 1938 3690 εἶναι

353 3730 446 3782 τὸν
486 3729 627 3800 ὑπὲρ
653 3729 820 3799 αὐτῆς
848 3729 1005 3798 ἀέρα,
1034 3728 1264 3798 ἀόρατον
1304 3728 1398 3781 καὶ
1425 3726 1565 3780 κατά
1600 3727 1756 3781 τοῦτο
1792 3729 1942 3801 παρά

355 3823 456 3891 τῆς
493 3823 713 3894 Γραφῆς
742 3820 1161 3893 προσειρῆσθαι.

2045 3177 2217 3232 tiones
2258 3171 2598 3250 congregatae
2640 3201 2653 3236 :
2703 3199 2839 3251 quas
2882 3195 3068 3252 postea
3121 3196 3437 3256 aggregatas
3484 3185 3625 3241 Deus

2043 3269 2210 3322 maria
2264 3275 2610 3340 nuncupavit.
2656 3273 2928 3330 lnvisibile
2978 3277 3140 3340 igitur
3183 3279 3309 3346 quid
3356 3279 3478 3332 est?
3512 3278 3629 3334 Ali—

2043 3363 2256 3430 quando
2303 3365 2518 3432 quidem
2565 3366 2617 3419 id
2666 3369 2806 3434 quod
2849 3384 2912 3423 ex
2953 3383 3012 3422 se
3049 3369 3220 3423 oculis
3261 3370 3441 3423 carnis
3479 3370 3625 3424 cernl

2043 3468 2148 3505 non
2185 3464 2381 3521 potest,
2407 3455 2705 3522 cujusmodi
2741 3468 2824 3512 est
2861 3474 3010 3513 meus
3042 3471 3224 3513 nostra
3279 3479 3290 3513 :
3335 3460 3628 3530 aliquando

2044 3558 2174 3598 vero
2221 3546 2269 3599 id
2315 3549 2456 3615 quod
2511 3564 2576 3602 ex
2620 3559 2814 3604 natura
2867 3567 2963 3606 sua
3013 3561 3188 3620 potest
3231 3554 3486 3620 conspici,
3531 3554 3625 3606 sed

2047 3636 2415 3691 incumbentis
2444 3640 2492 3692 ei
2544 3641 2787 3710 corporis
2830 3643 3135 3696 occultatur
3175 3644 3478 3710 interiectu,
3515 3644 3628 3698 vel-

2049 3727 2123 3780 uti
2188 3726 2415 3791 ferrum,
2444 3731 2584 3798 quod
2621 3731 2670 3782 in
2707 3731 2815 3785 imo
2843 3736 3053 3802 gurgite
3079 3732 3240 3800 jacet.
3273 3731 3431 3785 Juxta
3463 3747 3626 3801 quam

2049 3821 2344 3884 notionem,
2381 3836 2522 3875 nunc
2564 3821 2889 3876 invisibilem
2937 3823 3184 3878 ducimus
3222 3834 3467 3876 vocatam
3509 3836 3630 3875 esse

360 3929 585 3980 terram,
618 3927 802 3986 utpote
845 3932 965 3986 quas
1007 3917 1074 3969 ab
1109 3915 1267 3985 aquis
1305 3914 1691 3970 occnltaretur.
1737 3914 1938 3967 Deinde
1978 3929 2105 3970 vero
2169 3931 2290 3970 cum
2356 3917 2583 3970 necdmn
2617 3929 2759 3971 esset
2798 3918 2936 3971 facta
2970 3918 3084 3981 lux,
3120 3917 3254 3972 nihil
3283 3927 3401 3972 erat
3431 3917 3552 3970 miri
3581 3917 3627 3970 si

361 4021 502 4065 terra
535 4012 586 4064 in
619 4011 853 4066 tenebris
883 4011 1006 4077 sita,
1039 4011 1182 4080 quod
1247 4025 1341 4064 aer
1409 4025 1572 4080 super
1635 4024 1754 4063 eam
1782 4026 1886 4063 non
1925 4009 2344 4078 illuminaretur,
2390 4013 2457 4066 ob
2497 4011 2550 4067 id
2587 4013 2750 4068 etiam
2794 4029 2825 4066 a
2869 4013 3148 4084 Scriptura
3218 4012 3503 4068 invisibilis
3535 4027 3632 4080 ap-

362 4109 557 4178 pellata
590 4110 678 4161 sit.

433 4201 488 4254 2.
543 4201 678 4255 Ἀλλ’
719 4203 767 4254 οἱ
806 4183 1242 4273 ’παραχαράκται
1274 4200 1374 4271 τῆς
1418 4199 1692 4270 ἀληθείας,
1725 4199 1773 4252 οἱ
1823 4198 1944 4268 οὐχ).

363 4296 430 4362 τῇ
458 4293 643 4364 Γραφῇ
673 4295 762 4347 τὸν
787 4296 993 4348 ἑαυτων
1020 4296 1144 4349 νοῦν
1171 4294 1484 4349 ἀκολουθεῖν
1515 4293 1942 4356 ἐκδιδάσκοντες,

363 4380 499 4434 ἀλλὰ
531 4383 665 4453 πρὸς
686 4383 746 4436 τὸ
775 4387 969 4437 οἰκεῖον
996 4385 1242 4457 βούλημα
1271 4386 1368 4458 τὴν
1397 4385 1633 4440 διάνοιαν
1667 4382 1774 4437 τῶν
1809 4383 1946 4452 Γραρ

365 4473 482 4541 φῶν
521 4474 956 4546 διαστρέφοντες,
993 4478 1091 4548 τὴν
1134 4476 1266 4548 ὓλην
1303 4479 1435 4546 φασὶ
1474 4477 1560 4531 διὰ
1595 4477 1702 4529 τῶν
1745 4474 1944 4540 λέξεων

2122 4196 2176 4252 2.
2207 4197 2276 4251 At
2311 4212 2440 4252 vero
2477 4197 2725 4253 veritatis
2754 4198 3147 4252 adulteratores
3180 4197 3271 4266 qui
3299 4193 3451 4251 suam
3483 4199 3633 4269 ipso-

2055 4304 2174 4344 rum
2227 4301 2466 4345 meutem
2505 4291 2803 4359 Scriptura:
2853 4291 3237 4360 obtemperare
3286 4305 3628 4360 nequaquam

2053 4384 2270 4447 docent,
2327 4386 2422 4438 sed
2470 4384 2536 4436 ad
2597 4383 2873 4453 propriam
2928 4383 3252 4436 sententiam
3307 4384 3631 4448 detorquent

2052 4473 2466 4544 Scripturarum
2505 4490 2748 4540 sensum,
2774 4474 3060 4527 materiam
3093 4473 3239 4525 hisce
3283 4473 3460 4524 verbis
3481 4471 3630 4524 aiunt

364 4564 569 4619 τούτων
614 4543 1074 4638 παραδηλοῦσθαι.
1117 4543 1265 4640 Αὕτη
1299 4543 1439 4641 γὰρ,
1485 4571 1618 4639 φασὶ
1656 4569 1802 4638 (94),
1851 4569 1935 4622 κα)

2053 4543 2367 4636 signiﬁcari.
2398 4565 2524 4620 Haec
2549 4565 2717 4630 enim,
2755 4564 3024 4633 inquiunt,
3075 4569 3239 4615 est'et
3264 4559 3552 4613 invisibilis
3575 4569 3631 4611 et

364 4656 596 4726 ἀόρατος
627 4660 691 4728 τῇ
723 4656 882 4727 φύσει
927 4659 1019 4712 καὶ
1052 4660 1549 4726 ἀκατασκεύαστος,
1581 4660 1771 4724 ἄποιος
1809 4657 1944 4715 οὗσσ.

438 4861 551 4930 (86)
574 4860 754 4916 Codex
789 4877 928 4914 unus
964 4878 1085 4916 cmn
1127 4862 1287 4917 editis
1330 4861 1660 4930 ἀνέργαστος
1701 4863 1794 4916 καὶ
1842 4863 1939 4915 ἀν-

365 4929 720 5004 απάρτιστος.
754 4933 859 4985 Alii
887 4948 978 4986 sex
1005 4948 1132 5004 mss.
1164 4943 1217 5004 ut
1248 4933 1296 4983 iu
1327 4929 1603 5004 contextu.

438 5002 548 5073 (87)
581 5005 801 5072 Antiqui
857 5013 983 5055 octo
1032 5002 1150 5073 libri
1179 5002 1572 5056 ἀκατάσκευον.
1621 5003 1764 5057 Editi
1817 5017 1939 5056 cum

364 5071 538 5128 Coisl.
573 5071 747 5141 primo
781 5072 1284 5126 ἀκατασκεύαστον.

439 5144 550 5215 (88)
576 5139 762 5198 Codex
792 5160 929 5215 unus
962 5146 1062 5198 ὅσα
1095 5142 1305 5214 μικρῶς
1338 5141 1452 5215 μετ’
1481 5139 1659 5215 ὀλίγον
1693 5140 1938 5215 ὕστερον.

366 5210 474 5267 Nec
505 5210 577 5268 iia
619 5217 784 5268 multo
825 5213 961 5268 infra
1012 5210 1135 5266 octo
1188 5210 1315 5265 mss.
1341 5210 1740 5265 ἀκατάσκευον
1775 5210 1942 5280 αὐτὴν

365 5284 590 5348 εἰκότως
611 5287 638 5336 6
668 5285 844 5352 λόγος.
874 5284 1006 5338 Ιέόὶιί
1034 5282 1511 5353 ἀκατασκεύαστον
1543 5283 1713 5353 αὐτὴν
1739 5284 1766 5334 6
1795 5281 1950 5349 λόγος

368 5355 611 5418 εἰκότως.
637 5351 801 5410 CoiSl.
835 5357 1044 5424 primus
1073 5351 1554 5408 ἀκατασκεύαστον
1587 5351 1758 5424 αὐτὴν
1802 5353 1948 5405 εἰκό-

366 5439 476 5483 τως
507 5426 553 5477 6.
1235 5433 1239 5435 ‘

443 5493 556 5563 (89)
583 5493 811 5566 Codices,
837 5493 1170 5566 septemgcﬂv
1192 5494 1341 5566 περί.
1377 5491 1514 5566 Editi
1546 5507 1668 5546 cum
1712 5506 1819 5544 uno
1856 5502 1951 5546 aut

372 5562 545 5618 altero
567 5581 700 5637 mss.
733 5565 828 5619 καὶ
863 5562 1014 5637 περί.
1045 5563 1153 5620 Vox
1187 5562 1339 5618 οὔπω
1373 5563 1532 5633 paulo
1581 5569 1703 5631 post
1757 5575 1948 5618 recens

373 5635 605 5687 accessit
633 5651 698 5687 ex
729 5651 823 5688 sex
861 5635 1161 5690 codicibus.

445 5704 558 5773 (90)
598 5703 819 5758 Veteres
852 5707 1090 5774 quinque
1116 5706 1237 5759 libri
1274 5705 1369 5758 ἆτε
1409 5704 1597 5775 μήπω.
1630 5701 1770 5775 Editi
1811 5719 1936 5760 cum

371 5774 535 5833 Coisl.
566 5777 740 5846 primo
770 5773 1073 5848 ὃγείμήπω.
1108 5775 1259 5832 Alius
1293 5773 1642 5842 εοάοκῶσγε
1679 5774 1870 5845 μήπω.-

2055 4659 2412 4728 incontposita
2465 4665 2655 4725 suapte
2705 4663 2899 4709 natura
2941 4672 2955 4708 :
3007 4654 3207 4723 quippe
3251 4665 3372 4703 cum
3426 4664 3491 4701 ex
3533 4665 3630 4703 sua

2120 4860 2229 4930 (9i)
2270 4859 2585 4913 Ειιίιὶοῦπω
2617 4861 2725 4931 γὰρ
2759 4861 2920 4914 αὑτά.
2963 4859 3034 4912 At
3076 4872 3210 4931 _mss.
3271 4856 3509 4931 quinque
3555 4855 3632 4907 liti

2048 4931 2100 4982 in
2127 4925 2404 4984 contextu.
2445 4931 2561 4982 Mox
2596 4925 2722 4985 mss.
2753 4944 2876 4984 octo
2915 4929 3307 4984 ἀκατάσκευον.
3341 4925 3481 4978 Editi
3510 4941 3630 4979 cum

2047 5000 2211 5054 Cois].
2250 5001 2422 5064 primo
2457 5001 2961 5055 ἀκατασκεύαστον.

2122 5070 2230 5139 (9'2)
2267 5070 2357 5123 Sic
2390 5072 2593 5139 antiqui
2638 5083 2840 5137 septem
2890 5070 3036 5124 libri.
3070 5066 3185 5121 Vox
3234 5064 3526 5139 ἄνθρωπος
3579 5067 3630 5117 in

2050 5135 2673 5261 gilgtis'desidcrabatur.
2702 5135 2851 5196 Infra
2897 5140 3052 5196 Colb.
3096 5135 3364 5194 secundus
3399 5135 3632 5188 ἐκάλεσε

2085 5227 2150 5261 α.
2195 5227 2347 5261 σσας.

2085 5210 2347 5264 αλάσσας.

2138 5283 2248 5348 (U3)
2281 5279 2424 5333 liditi
2458 5288 2513 5333 et
2561 5279 2668 5335 duo
2701 5297 2830 5336 mss.
2884 5282 2942 5334 ὲν
2964 5279 3174 5350 κόσμῳ,
3203 5277 3254 5330 in
3289 5279 3504 5337 mundo,
3541 5275 3636 5327 de-

2056 5363 2303 5422 pravate.
2333 5354 2426 5422 rAt
2455 5351 2605 5420 ltegii
2647 5353 2752 5404 duo
2799 5367 2918 5404 cum
2951 5351 3104 5422 Colb.
3148 5350 3384 5422 secundo
3415 5357 3469 5399 et
3509 5361 3632 5398 cum

2056 5417 2219 5476 Cuisl.
2249 5420 2432 5473 itidem
2467 5417 2703 5474 secundo
2747 5424 2803 5473 ὲν
2832 5422 3032 5491 σκότῳ,
3073 5421 3132 5472 in
3164 5417 3412 5491 tenebris,
3447 5430 3633 5491 einen-

2055 5493 2198 5545 date.
2225 5491 2405 5545 Codex
2424 5491 2666 5544 Combel‘.
2693 5501 2745 5545 et
2775 5493 2866 5544 alii
2892 5485 2995 5545 duo
3028 5505 3154 5543 mss.
3187 5490 3246 5540 ἐν
3287 5488 3489 5542 σκότει.
3521 5485 3633 5538 Nec

2053 5563 2127 5615 ita
2173 5562 2340 5613 multo
2381 5572 2503 5626 post
2553 5561 2793 5628 quinque
2832 5576 2963 5614 mss.
3015 5575 3135 5613 cum
3189 5559 3424 5616 editione.
3469 5555 3632 5610 Basil.

2052 5631 2298 5702 ἀόρατον
2321 5632 2432 5684 καί.
2461 5632 2635 5702 Ιῂὶίιιο
2669 5631 2844 5686 Paris.
2865 5631 2958 5684 καὶ
2990 5631 3243 5702 ἀόρατον.

2081 5773 2092 5783 “
2123 5688 2249 5773 ’(94)
2275 5701 2451 5824 [ξαιιιο
2483 5699 2648 5756 Basil.
2682 5718 2804 5758 cum
2841 5717 2935 5759 sex
2970 5688 3100 5759 mss.
3133 5700 3286 5772 φησί.
3332 5688 3510 5758 Ειιιιίο
3532 5693 3635 5749 Pa-

2081 5788 2145 5824 IS.
2189 5788 2297 5824 ωασ
2327 5810 2340 5824 ο

2050 5788 2145 5830 ns.
2189 5788 2340 5842 φασι.
