4082 6218
509 325 574 384 51
1828 319 1888 374 S.
1931 315 2174 372 BASILII
2208 315 2426 374 MAGNI
3692 315 3771 371 5!

513 440 688 512 ipsius
721 435 1033 495 conditione
1069 445 1252 490 careat
1293 449 1616 504 quacunque
1653 434 1949 504 qualitate,
1996 443 2082 487 at-

2187 430 2263 502 τῷ
2295 431 2492 504 ἑαυτῆς
2542 430 2704 502 λόγῳ,
2750 430 2844 485 καὶ
2890 429 3089 492 παντὸς
3134 427 3309 491 εῐδους
3349 427 3444 480 καὶ
3485 429 3764 498 σχήματος

516 549 623 604 que
647 533 714 587 ab
742 533 889 586 onmi
924 530 1098 584 forma
1144 544 1207 584 ac
1240 529 1410 593 ﬁgura
1453 530 1524 584 sit
1575 538 1868 598 separata;
1919 541 2082 595 quam

517 632 849 692 assumptam
882 638 982 691 pro
1017 636 1112 676 sua
1140 621 1403 690 sapientia
1449 621 1806 674 confurmavit
1846 617 2040 672 artifex
2068 659 2084 684 ,

518 725 574 771 et
597 716 648 769 in
671 714 914 768 ordinem
939 713 1164 781 redegit,
1189 721 1244 766 et
1267 712 1336 764 ita
1364 726 1460 780 per
1490 711 1660 780 ipsam
1686 726 1865 764 rerum
1896 710 2085 764 visibi-

520 803 649 858 lium
689 803 952 857 essentias
984 801 1282 855 constituit.
1319 801 1466 865 Quod
1500 800 1546 852 si
1580 800 1814 869 ingenita
1839 807 1918 853 est
1950 798 2085 865 haec,

520 894 750 962 primum
769 893 984 962 quidem
1013 906 1111 960 par
1137 891 1184 946 ei
1209 907 1272 944 ac
1297 893 1404 945 Deo
1427 891 1600 944 honor
1632 890 1945 944 tribuendus
1971 901 2084 944 est:

518 984 956 1053 quandoquidem
1014 982 1204 1036 eodem
1258 981 1599 1051 antiquitatis
1671 981 1793 1048 jure
1853 981 2089 1050 dignabi-

523 1088 629 1130 tur.
659 1074 776 1141 Quo
807 1075 934 1142 quid
963 1075 1135 1143 magis
1165 1073 1387 1142 impium
1417 1057 1538 1126 esse
1565 1072 1778 1142 possit?
1808 1075 2086 1126 materiam

517 1165 726 1222 scilicet
765 1165 1044 1233 qualitatis
1079 1179 1145 1218 ac
1191 1164 1374 1218 formae
1418 1173 1734 1232 expertem,
1785 1172 2086 1216 extremam

518 1255 688 1324 ipsam
717 1255 1140 1317 deformitatem,
1177 1252 1475 1306 foeditatem
1514 1254 1684 1321 ipsam
1725 1252 1891 1322 ﬁgura
1926 1254 2090 1307 desti-

521 1355 690 1400 tutam
727 1345 880 1416 (ipsis
909 1346 1052 1399 enim
1087 1359 1275 1398 eorum
1310 1353 1432 1397 utor
1473 1344 1769 1414 vocabulis)
1807 1345 1919 1414 pari
1963 1360 2085 1398 cum

518 1439 745 1507 sapienti
769 1445 822 1489 et
855 1446 1068 1504 potente
1103 1451 1167 1490 ac
1205 1435 1528 1504 perpulcltro
1557 1437 1749 1506 cpilire
1771 1452 1833 1490 ac
1870 1438 2087 1490 univer-

519 1545 702 1583 sorum
739 1530 1017 1584 conditore
1051 1529 1406 1597 praerogativa
1440 1543 1503 1581 ac
1543 1528 1802 1596 dignitate
1848 1529 2087 1584 cohone-

517 1621 700 1676 stari?
729 1622 928 1676 Deinde
961 1620 1176 1689 quidem
1211 1621 1254 1673 si
1281 1629 1424 1673 tanta
1453 1629 1535 1672 est
1567 1620 1790 1674 materia
1827 1630 1885 1674 ut
1920 1630 2085 1674 totam

519 1711 615 1766 Dei
645 1713 905 1779 suscipiat
929 1712 1209 1766 scientiam
1236 1729 1251 1776 ;
1281 1717 1336 1763 et
1362 1711 1440 1764 sic
1468 1710 1652 1779 aliquo
1676 1721 1832 1781 pacto
1855 1713 1957 1781 ipsi
1990 1712 2083 1767 Dei

2144 525 2592 600 \_‘£§XU)ptGpéVn,
2642 525 2707 594 ἢν
2742 520 3071 592 παραλαϐὼν
3107 523 3136 574 ό
3172 521 3420 591 τεχνίτης
3453 523 3520 590 τῇ
3567 520 3763 574 ἑαυτοῦ

2193 613 2353 684 σοφίᾳ
2389 613 2698 684 ἐμόρφωσε,
2729 614 2822 666 καὶ
2863 614 2942 674 είς
2972 611 3125 678 τάξιν
3164 612 3360 682 ἧγαγε,
3397 613 3488 664 καὶ
3523 610 3665 664 οὕτω
3690 612 3762 664 δι’

2197 703 2368 773 αὑτῆς
2398 703 2627 756 οὑσίωσε
2667 701 2735 755 τὰ
2775 700 3048 773 δρώμενα.
3082 703 3143 755 Ei
3197 703 3294 772 μὲν
3333 696 3424 755 οῦν
3470 701 3761 772 ἀγέννητος

2188 794 2349 865 αὕτη,
2398 795 2613 865 πρῶτον
2654 794 2752 866 μὲν
2799 794 3060 864 ὁμότιμος
3105 793 3182 863 τῷ
3214 793 3376 864 ·Θεῷ,
3425 793 3533 847 τῶν
3582 795 3762 848 αὑτῶν

2190 884 2494 954 πρεσϐείων
2535 884 2647 954 (95)
2693 884 3010 954 ἀξιουμένη.
3057 879 3130 938 Οῦ
3175 883 3226 936 τί
3269 883 3334 938 ἂν
3387 885 3593 954 γένοιτο
3632 887 3762 938 ἀσε-

2191 973 2473 1045 ϐέστερον,
2519 975 2622 1044 τὴν
2673 974 2883 1038 ἄποιον,
2932 974 3031 1046 τὴν
3076 974 3330 1040 ἀνείδεον,
3373 975 3471 1046 τὴν
3529 976 3764 1047 ἐσχάτην

2189 1065 2485 1134 ἀμορφίαν,
2518 1065 2580 1118 τὸ
2625 1065 2992 1118 ἀδιατύπωτον
3043 1060 3229 1135 αἶσχος
3270 1068 3411 1129 (τοῖς
3450 1066 3557 1136 γάρ
3585 1066 3762 1120 αὑτῶν

2191 1156 2412 1209 ἐκείνων
2469 1155 2580 1224 (96)
2638 1157 2990 1227 προσρήμασι
3059 1157 3371 1230 κέχρημαι)
3424 1160 3522 1230 τῆς
3587 1160 3760 1230 αὑτῆς

2190 1247 2478 1319 προεδρίας
2545 1247 2824 1313 ἀξιοῦσθαι
2888 1247 2965 1319 τῷ
3032 1249 3180 1320 σοφῷ
3239 1252 3332 1304 καὶ
3392 1251 3602 1321 δυνατῷ
3669 1254 3764 1306 καὶ

2189 1340 2456 1410 παγκάλῳ
2481 1339 2793 1412 δημιουργῷ
2824 1341 2918 1394 καὶ
2951 1341 3144 1414 κτίστῃ
3170 1342 3277 1396 τῶν
3315 1343 3489 1408 ὃλων;
3532 1344 3764 1396 Ἔπειτα

2189 1433 2238 1484 εί
2275 1433 2373 1502 μὲν
2413 1432 2648 1502 τοσαύτη
2696 1434 2843 1486 ἐστὶν
2890 1433 3026 1501 (97),
3067 1433 3208 1486 ὥστε
3249 1434 3377 1504 ὃλην
3411 1433 3764 1504 ὑποδέχεσθαι

2188 1527 2281 1578 τοῦ
2311 1525 2445 1578 Θεοῦ
2474 1525 2570 1598 τὴν
2601 1527 2909 1597 ἐπιστήμην
2928 1545 2941 1558 ο
2974 1528 3068 1579 καὶ
3095 1526 3256 1589 οὕτω,
3287 1527 3487 1597 τρόπον
3521 1526 3663 1590 τινὰ,
3692 1529 3762 1598 τῇ

2189 1614 2576 1686 ἀνεξιχνιάστῳ
2629 1615 2723 1668 τοῦ
2773 1616 2906 1669 Θεοῦ
2969 1616 3195 1687 δονάμει
3241 1615 3765 1686 ἀντιπαρεξάγουσιν

2191 1709 2360 1778 αὑτῆς
2399 1707 2496 1778 τὴν
2535 1707 2848 1772 ὑπόστασιν,
2894 1709 3050 1779 εἴπερ
3088 1708 3307 1779 ἐξαρκεῖ
3339 1707 3466 1776 ὅλην
3497 1706 3590 1760 τοῦ
3627 1706 3765 1760 Θεοῦ

518 1805 793 1874 potentiae,
825 1819 942 1872 quae
967 1804 1278 1872 investigari
1313 1803 1520 1870 nequit,
1555 1780 1913 1857 substantiam
1943 1804 2083 1858 illius

2188 1801 2286 1870 τὴν
2316 1799 2529 1852 σύνεσιν
2559 1799 2624 1852 δι’
2650 1799 2850 1869 ἑαυτῆς
2879 1801 3165 1870 ἐκμετρεῖν
3184 1816 3197 1828 '
3225 1801 3273 1852 εἰ
3308 1799 3364 1852 δέ
3384 1799 3624 1852 ἐλάττων
3651 1799 3764 1867 (98)

515 1896 871 1965 aequiparant,
905 1910 1026 1948 cum
1055 1909 1269 1948 omnem
1303 1895 1393 1948 Dei
1433 1894 1839 1962 intelligentiam
1873 1910 1971 1963 per
2000 1912 2084 1951 se-

517 1987 685 2055 ipsam
725 1987 938 2040 abunde
967 1987 1133 2054 possit
1164 1986 1398 2060 dimetiri
1431 2004 1442 2038 :
1471 1986 1516 2039 si
1547 2001 1670 2040 vero
1702 1988 1927 2040 materia
1958 2002 2088 2055 ope»

517 2079 729 2130 ratione
764 2077 853 2131 Dei
887 2075 1112 2130 inferior
1141 2085 1245 2138 est,
1277 2077 1356 2130 sic
1385 2077 1552 2129 etiam
1597 2077 1710 2130 limo
1736 2077 1815 2131 cis
1847 2078 2006 2130 verba
2034 2079 2085 2130 in

516 2167 803 2222 absurdius
837 2167 1140 2221 convicium
1175 2176 1476 2227 vertentur,
1517 2167 1716 2236 quippe
1740 2168 1830 2236 qui
1859 2167 2022 2220 Deum
2055 2184 2086 2221 a

516 2259 860 2328 perﬁciendis
903 2270 957 2312 et
1003 2258 1346 2313 absolvendis
1392 2260 1507 2314 suis
1555 2259 1812 2326 operibus
1867 2271 2088 2328 propter

517 2349 759 2402 materia:
798 2347 1069 2402 defectqu
1103 2348 1417 2402 abarceant.
1466 2348 1664 2402 Verum
1716 2348 1836 2403 illos
1877 2349 2088 2416 decepit

514 2436 764 2493 humanm
801 2446 1007 2491 natura;
1046 2437 1246 2506 inopia.
1292 2438 1358 2491 Et
1403 2440 1658 2506 quoniam
1699 2454 1790 2493 ars
1835 2439 2088 2507 quaelibet

515 2532 656 2600 apud
681 2546 780 2585 nos
803 2531 946 2585 circa
978 2530 1214 2600 aliquam
1247 2529 1529 2584 materiam
1572 2531 1865 2601 separatim
1898 2546 2085 2585 versa—

517 2629 626 2685 tur,
657 2620 804 2673 velut
837 2634 930 2674 ars
966 2619 1192 2674 ferraria
1223 2621 1368 2674 circa
1394 2620 1632 2685 ferrum,
1678 2621 1904 2692 lignaria
1956 2638 2086 2677 vero

513 2710 660 2766 circa
693 2710 832 2777 ligna
867 2727 880 2775 ;
922 2721 1083 2779 atque
1111 2710 1162 2762 in
1191 2710 1276 2764 bis
1303 2709 1447 2764 aliud
1475 2718 1557 2763 est
1583 2709 1913 2778 subjectum,
1941 2711 2084 2765 aliud

514 2800 707 2861 forma,
733 2801 876 2854 aliud
905 2801 962 2855 id
993 2801 1133 2870 quod
1159 2817 1223 2856 ex
1273 2801 1441 2854 forma
1473 2801 1758 2855 conﬁcitur
1801 2819 1815 2856 :
1853 2811 1907 2857 et
1958 2806 2083 2872 quia

514 2891 739 2945 materia
773 2892 986 2959 quidem
1041 2890 1345 2946 forinsecus
1375 2895 1689 2958 assumitur,
1721 2894 1788 2946 ab
1811 2905 1930 2947 arte
1957 2910 2086 2946 vero

513 2993 734 3050 aptatur
765 2982 964 3043 forma,
999 2979 1224 3034 effectus
1257 2993 1436 3034 autem
1483 2997 1548 3034 ex
1578 2982 1842 3051 utrisque,
1867 2999 1932 3038 ex
1965 3001 2083 3037 ma-

2189 1893 2221 1961 ἠ
2256 1891 2353 1961 ὕλη
2392 1892 2490 1962 τῆς
2517 1892 2610 1944 τοῦ
2657 1891 2794 1945 Θεοῦ
2839 1892 3150 1962 ἐνεργείας,
3195 1893 3288 1944 καὶ
3319 1891 3488 1955 οὕτως
3526 1892 3602 1954 είς
3647 1892 3768 1944 ἀτο-

2190 1984 2438 2054 πωτέραν
2487 1985 2830 2056 βλασφημίαν
2864 1987 3044 2047 αὑτοῖς
3090 1987 3118 2038 ὁ
3162 1984 3317 2053 λόγος
3359 1983 3469 2054 (99)
3513 2001 3767 2055 περιτρα-

2188 2067 2442 2144 πήσεται,
2480 2074 2548 2126 δι’
2573 2074 2778 2127 ἔνδειαν
2806 2073 2937 2142 ὕλης
2962 2075 3240 2144 ἄπρακτον
3273 2073 3366 2128 καὶ
3406 2074 3765 2146 ἀνενέργητον

2187 2160 2296 2212 τῶν
2347 2161 2564 2214 οἰκείων
2604 2161 2782 2234 ἔργων
2816 2163 2905 2214 τὸν
2935 2162 3066 2214 Θεὸν
3122 2163 3475 2233 κατεχόντων.
3519 2163 3654 2216 Ἀλλ’
3680 2163 3767 2230 ἐξ-

2188 2251 2436 2322 ηπάτησε
2459 2252 2567 2322 γὰρ
2587 2253 2783 2314 αὑτοὺς
2803 2252 2900 2323 τῆς
2924 2252 3268 2325 ἀνθρωπίνης
3293 2253 3503 2324 φύσεως
3523 2257 3554 2326 ἡ
3583 2255 3762 2308 πενία.

2188 2341 2296 2395 Καὶ
2332 2343 2518 2414 ἐπειδὴ
2554 2345 2684 2416 παρ’
2712 2347 2846 2416 ἡμῖν
2875 2346 3079 2417 ἑκάστη
3115 2346 3276 2418 τέχνη
3313 2348 3440 2418 περί
3480 2364 3597 2400 τινα
3632 2345 3766 2418 ὕλην

2187 2434 2582 2506 ἀφωρισμένως
2624 2437 2938 2508 ὴσχόληται,
2970 2433 3080 2492 οἷον
3113 2439 3446 2511 χαλκευτικὴ
3497 2440 3593 2511 μέν
3627 2441 3760 2513 περὶ

2185 2525 2277 2579 τὸν
2327 2527 2564 2598 σίδηρον,
2620 2529 2906 2601 τεκτονικὴ
2958 2529 3015 2584 δέ
3059 2532 3290 2604 περὶτὰ
3342 2531 3506 2596 ξύλα·
3557 2534 3650 2586 καὶ
3703 2535 3764 2588 ἐν

2185 2616 2398 2681 τούτοις
2429 2618 2555 2672 ἄλλο
2591 2619 2688 2689 μέν
2717 2619 2768 2671 τί
2797 2621 2869 2689 (1)
2897 2623 3011 2673 ἐστι
3037 2621 3097 2674 τὸ
3139 2623 3515 2693 ὑποκείμενον,
3549 2623 3674 2678 ἄλλο
3704 2624 3764 2677 δέ

2185 2709 2245 2762 τὸ
2285 2707 2453 2775 εἶδος,
2499 2711 2625 2764 ἄλλο
2652 2711 2708 2764 δέ
2737 2713 2798 2765 τὸ
2845 2713 2910 2764 ἐκ
2945 2713 3037 2766 τοῦ
3074 2714 3248 2777 εἴδους
3299 2715 3757 2785 ἀποτελούμενον·

2187 2801 2281 2853 καί
2330 2801 2476 2856 ἐστιν
2514 2806 2548 2872 ἡ
2590 2805 2685 2874 μὲν
2715 2804 2813 2875 ὕλη
2850 2805 3048 2870 ἔξωθεν
3095 2808 3654 2881 παραλαμϐανομένη,
3699 2811 3764 2863 τὸ

2185 2889 2240 2945 δὲ
2285 2889 2422 2956 εἶδος
2473 2894 2622 2966 παρά
2668 2897 2766 2966 τῆς
2805 2897 3000 2968 τέχνης
3049 2900 3514 2970 ἐφαρμοζόμενον,
3564 2900 3762 2954 ἀποτέ-

2185 2981 2360 3051 λεσμα
2393 2982 2450 3034 δὲ
2479 2983 2538 3036 τὸ
2578 2983 2636 3048 ἐξ
2677 2986 2877 3056 ἀμφοῖν
2923 2988 3303 3058 συντιθέμενον
3339 2989 3402 3042 ἐκ
3447 3006 3505 3042 τε
3543 2989 3637 3043 τοῦ
3680 2990 3764 3042 εἷ-

511 3077 646 3129 teria
675 3073 954 3128 scilicctet
976 3088 1039 3128 ex
1071 3071 1245 3126 forma
1280 3075 1654 3143 componitur;
1683 3074 1762 3130 sic
1787 3076 1950 3129 etiam
1975 3078 2083 3130 exi-

2187 3069 2306 3133 δους
2337 3071 2556 3142 καὶτῆς
2584 3072 2742 3144 ὕλης·
2775 3075 2948 3140 οὕτως
2987 3077 3187 3132 οἴονται
3217 3080 3311 3132 καὶ
3343 3081 3437 3133 ἐπὶ
3463 3081 3566 3153 τῆς
3598 3081 3748 3148 θείας

512 3167 739 3221 atimant
765 3166 818 3218 in
847 3164 1031 3218 divino
1059 3167 1295 3232 Opiﬁcio,
1327 3167 1510 3220 mundi
1551 3168 1764 3235 quidem
1791 3167 2015 3235 ﬁguram
2043 3187 2073 3223 a

512 3255 778 3324 sapientia
830 3253 1130 3308 conditoris
1183 3255 1559 3309 universorum
1604 3268 1725 3309 esse
1757 3255 2034 3310 inductam
2067 3296 2084 3317 ,

515 3344 795 3397 materiam
827 3352 1008 3395 autem
1049 3344 1390 3398 extrinsecus
1429 3342 1676 3398 Creatori
1709 3345 1988 3399 advectam
2021 3361 2085 3400 ac

513 3437 811 3504 subjectam
856 3436 1040 3502 fuisse,
1089 3438 1452 3505 mundumque
1501 3437 1857 3505 compositum
1909 3440 2084 3493 exsti-

515 3530 666 3595 tisse,
718 3538 903 3597 utpote
958 3529 1049 3598 qui
1090 3528 1392 3597 subjectum
1434 3537 1491 3583 et
1536 3529 1826 3583 essentiam
1869 3530 2087 3586 aliunde

2191 3161 2570 3233 δημιουργίας,
2613 3165 2673 3216 τὸ
2714 3167 2812 3235 μὲν
2847 3169 3031 3240 σχῆμα
3074 3170 3168 3223 τοῦ
3204 3171 3409 3242 κόσμου
3468 3173 3620 3245 παρά
3660 3174 3762 3243 τῆς

2189 3252 2382 3319 σοφίας
2424 3253 2663 3324 ἐπῆχθαι
2708 3256 2783 3326 (2)
2830 3257 2924 3310 τοῦ
2954 3259 3180 3330 ποιητοῦ
3231 3263 3338 3314 τῶν
3377 3262 3533 3327 ὅλων,
3580 3264 3674 3336 τὴν
3703 3264 3762 3320 δὲ

2188 3341 2319 3411 ὕλην
2354 3342 2554 3407 ἔξωθεν
2591 3345 2995 3418 ὑποϐεὸλῆσθαι
3033 3350 3110 3422 τῷ
3156 3353 3433 3420 κτίσαντι,
3469 3356 3563 3409 καὶ
3605 3373 3762 3425 γεγε-

2189 3433 2384 3504 νῆσθαι
2434 3435 2528 3489 τὸν
2576 3437 2778 3508 κόσμον
2827 3441 3096 3507 σύνθετον,
3140 3444 3200 3497 τὸ
3259 3446 3356 3516 μὲν
3411 3449 3762 3520 ὑποκείμενον

2188 3525 2282 3576 καὶ
2319 3527 2416 3595 τὴν
2443 3527 2629 3580 οὐσίαν
2680 3527 2946 3600 ἑτέρωθεν
2987 3531 3198 3601 ἔχοντα,
3237 3533 3299 3586 τὸ
3341 3533 3398 3587 δὲ
3440 3535 3625 3607 σχῆμα
3666 3537 3763 3591 καὶ

513 3618 732 3682 habeat,
764 3619 990 3688 ﬁgurant
1029 3634 1154 3672 vero
1177 3634 1240 3672 ac
1268 3619 1496 3672 formam
1547 3635 1576 3672 a
1636 3620 1745 3675 Deo
1786 3624 2082 3691 acceperit.

2187 3616 2284 3694 fma
2324 3616 2535 3688 μορφὴν
2561 3618 2716 3689 παρά
2751 3619 2888 3672 Θεοῦ
2932 3622 3326 3694 προσλαϐόντα.
3361 3627 3454 3680 Ἐκ
3480 3627 3536 3680 δὲ
3573 3627 3758 3682 τούτου

513 3707 650 3763 llinc
682 3721 859 3762 autem
902 3710 981 3774 ﬁt,
1014 3720 1070 3762 ut
1105 3711 1270 3763 Deum
1303 3725 1553 3780 magnum
1590 3714 1960 3767 constitutioni
1996 3729 2083 3766 re-

512 3814 629 3854 rum
661 3800 939 3868 praefuisse
970 3800 1319 3872 lanegent:
1368 3803 1462 3856 sed
1491 3816 1612 3856 eum
1649 3812 1900 3868 tanquam
1933 3817 2084 3873 sym-

510 3893 691 3948 bolam
734 3894 1021 3962 quamdam
1065 3893 1423 3963 supplentem,
1464 3895 1728 3948 modicam
1790 3896 2083 3965 quamdam

510 3985 814 4053 portionem
857 3987 924 4038 ad
975 4001 1154 4038 rermn
1200 3985 1604 4054 generationem
1631 3985 1699 4042 de
1745 3987 1926 4056 scipso
1958 4004 2084 4042 con-

513 4075 703 4132 tulisse
733 4095 747 4131 :
775 4077 1209 4146 quandoquidem
1255 4093 1364 4146 pra:
1415 4077 1890 4134 ratiocinationum
1926 4081 2082 4150 igno-

510 4167 740 4232 bilitate,
770 4171 836 4220 ad
867 4169 1112 4222 veritatis
1141 4168 1529 4222 sublimitatem
1568 4172 1836 4239 respicere
1865 4187 1973 4226 non
1995 4188 2083 4241 po-

514 4269 696 4323 tuere;
723 4260 847 4327 quia
881 4269 1024 4313 artes
1052 4259 1139 4313 ltic
1176 4261 1406 4313 materia
1444 4271 1572 4315 sunt
1601 4264 1952 4330 posteriores,
1996 4275 2083 4317 nt-

511 4359 637 4416 pote
670 4349 738 4403 ob
783 4364 912 4402 usus
961 4349 1340 4403 necessitatem
1400 4350 1452 4402 in
1518 4351 1684 4404 vitam
1731 4353 2075 4408 introductae.

2187 3709 2370 3770 αὑτοῖς
2411 3709 2642 3780 ὑπάρχει
2683 3711 2961 3781 ἀρνεῖσθαι
3012 3714 3111 3783 μὲν
3152 3716 3243 3768 τὸν
3287 3717 3460 3787 μέγαν
3489 3718 3619 3773 Θεὸν
3659 3720 3762 3789 τῆς

2189 3800 2494 3863 συστάσεως
2531 3800 2638 3854 τῶν
2667 3801 2834 3854 ὄντων
2867 3807 3290 3876 προεστηκέναι,
3321 3803 3433 3861 οἷον
3474 3809 3529 3862 δὲ
3565 3812 3759 3882 ἐράνου

2185 3889 2330 3951 τινὸς
2373 3889 2682 3960 πληρωτὴν,
2724 3890 2911 3961 ὀλίγην
2957 3894 3079 3948 τινὰ
3129 3899 3324 3968 μοῖραν
3374 3901 3454 3962 είς
3505 3899 3600 3971 τὴν
3649 3901 3760 3954 τῶν

2185 3978 2353 4033 ὄντων
2393 3979 2604 4048 γένεσιν
2640 3983 2770 4052 παρ’
2805 3984 2998 4038 ἐαυτοῦ
3033 3987 3473 4059 συμϐεϐλῆσθαιο
3505 3993 3566 4044 οὑ
3603 3992 3763 4060 δυνη-

2187 4071 2370 4134 θέντες
2400 4072 2488 4125 διά
2529 4072 2803 4145 λογισμῶν
2832 4077 3198 4149 ταπεινότητα
3227 4080 3364 4152 πρὸς
3404 4080 3466 4133 τὸ
3507 4081 3639 4151 ὕψος
3681 4082 3758 4154 (5)

2186 4165 2395 4217 ἀπιδεῖν
2443 4166 2542 4236 τῆς
2594 4167 2881 4237 ἀληθείας’
2923 4170 3005 4222 ὅτι
3047 4170 3281 4224 ἐνταῦθα
3326 4171 3426 4242 μὲν
3471 4175 3527 4226 αί
3573 4175 3760 4243 τέχναι

2185 4258 2294 4310 τῶν
2347 4257 2489 4311 ὑλῶν
2551 4257 2806 4331 ὕστεραι,
2849 4259 2938 4313 διὰ
2982 4261 3043 4314 τὸ
3087 4263 3379 4330 ἀναγκαῖον
3429 4263 3526 4334 τῆς
3573 4263 3761 4335 χρείας

2185 4349 2635 4421 παρεισαχθεῖσαι
2680 4351 2758 4423 τῷ
2798 4352 2913 4424 βίῳ.
2958 4354 3031 4407 Τὸ
3079 4355 3177 4425 μὲν
3211 4356 3319 4428 γὰρ
3363 4356 3510 4428 ἔριον
3556 4361 3762 4429 προῦπ-

511 4440 659 4495 Lana
682 4441 824 4494 enim
867 4440 1014 4510 prius
1047 4441 1252 4495 exstitit
1285 4460 1300 4496 :
1328 4457 1416 4498 ars
1457 4458 1587 4497 vero
1619 4445 1845 4498 textoria
1870 4452 2083 4502 succes-

2187 4441 2378 4512 ἦρχεν,
2418 4443 2450 4512 ἡ
2489 4442 2545 4496 δὲ
2613 4444 2878 4516 ὑφαντικὴ
2940 4447 3250 4514 ἐπεγένετο,
3295 4449 3357 4501 τὸ
3393 4449 3494 4520 τῆς
3544 4450 3761 4519 φύσεως

512 4533 604 4598 sit,
626 4532 893 4588 defectum
947 4542 1156 4586 naturae
1203 4549 1268 4587 ex
1310 4549 1368 4588 se
1403 4535 1710 4604 expletura.
1750 4534 1841 4590 Sic
1874 4535 2078 4604 lignum

509 4625 726 4694 quidem
756 4635 874 4679 erat
904 4642 917 4676 :
947 4640 1010 4678 ac
1042 4626 1339 4679 succedens
1368 4643 1456 4679 ars
1486 4627 1734 4696 lignaria,
1767 4629 1992 4681 materia
2017 4630 2082 4683 ad

515 4731 645 4770 usus
675 4716 920 4783 quotidie
947 4715 1213 4784 expetitos
1233 4715 1588 4783 conformata,
1622 4715 1890 4786 lignorum
1926 4718 2081 4772 nobis

511 4809 750 4864 ostendit
782 4809 1092 4874 utilitatem,
1128 4809 1311 4863 nautis
1345 4823 1576 4874 remum,
1615 4810 1868 4877 agricolis
1907 4813 2083 4865 venti-

582 5035 694 5110 (95)
727 5035 917 5110 ⁸Ειίίιξο
977 5037 1466 5110 Ροτίεκὸμότιμος
1528 5039 1680 5100 ἐσται
1737 5040 1848 5094 τῶν
1900 5039 2077 5095 αὑτῶν

511 5105 836 5177 πρεσϐείων.
860 5107 928 5158 At
953 5109 1117 5162 editio
1158 5105 1318 5163 Basil.
1356 5105 1426 5162 ita
1453 5119 1508 5161 nt
1542 5113 1825 5165 edidimus.

513 5176 694 5301 d(9(3)
720 5177 810 5230 Sic
839 5188 1040 5244 septem
1079 5195 1206 5234 mss.
1252 5179 1364 5235 Vox
1389 5179 1615 5232 ἐκείνων
1658 5180 1711 5234 ἰιι
1748 5180 1907 5236 editis
1935 5180 2080 5235 desi-

549 5262 637 5300 era
668 5260 750 5298 ur.

549 5256 750 5300 eratur.

583 5315 696 5386 (9'2)
724 5313 800 5367 lta
830 5315 996 5386 codex
1037 5317 1279 5372 Combef.
1307 5328 1361 5371 et
1388 5318 1477 5372 alii
1509 5329 1734 5386 septem.
1769 5319 1944 5372 Editio
1976 5318 2077 5372 Pa-

511 5385 608 5457 ris.
647 5385 834 5457 ἔπειτα
871 5384 928 5457 δέ
956 5388 1188 5457 τοσαύτη
1230 5387 1402 5442 ἔσται.
1457 5384 1632 5443 Editio
1689 5388 1852 5441 Basil.
1893 5388 2081 5442 ἔπειτα

515 5455 876 5530 μένῌτοσαύτη
916 5456 1081 5514 ἐστίν.
1121 5455 1240 5512 Mus
1266 5459 1417 5513 Colb.
1443 5463 1647 5526 primus
1673 5457 1898 5530 δυνάμει
1951 5460 2073 5512 ἀντ-

513 5524 889 5592 επεξάγουσιν.
1443 5524 1454 5526 “
1517 5542 1522 5548 ·

590 5593 699 5672 (98)
729 5593 840 5656 Illa,
877 5595 1008 5672 ei_6’e
1035 5598 1302 5672 ἐλάττων,
1333 5599 1408 5653 ita
1455 5599 1521 5652 ad
1553 5598 1774 5672 verbum
1807 5598 2076 5672 interpre-

2190 4531 2370 4585 ἐνδέον
2404 4536 2533 4604 παρ’
2562 4535 2758 4604 ἑαυτῆς
2804 4536 3170 4608 ἐκπληροῦσα.
3216 4540 3326 4593 Καὶ
3359 4540 3420 4592 τὸ
3465 4540 3561 4611 μὲν
3605 4539 3760 4606 ξύλον

2189 4621 2278 4695 ἧν,
2307 4627 2588 4698 τεκτονικὴ
2627 4628 2683 4680 δὲ
2717 4628 3126 4702 παραλαϐοῦσα,
3169 4630 3307 4703 πρὸς
3336 4631 3413 4702 (4)
3442 4632 3539 4703 τὴν
3568 4630 3760 4702 ἐπιζη..

2187 4718 2458 4787 τουμένην
2508 4719 2766 4772 ἐκάστοτε
2806 4721 2992 4792 χρείαν
3041 4720 3414 4794 διαμορφοῦσα
3460 4722 3558 4794 τὴν
3601 4722 3755 4793 ὕλην,

2188 4810 2286 4881 τὴν
2343 4812 2671 4883 εὐχρηστίαν
2704 4814 2835 4884 ἡμῖν
2877 4814 2986 4868 τῶν
3039 4813 3209 4878 ξύλων
3249 4816 3525 4882 ὑπέδειξε,
3565 4814 3760 4886 κώπην

2184 5057 2341 5110 quam
2377 5051 2432 5094 ut
2470 5042 2562 5095 Dei
2587 5043 2818 5110 operatio
2843 5044 2911 5095 ad
2933 5059 3047 5097 eam
3073 5059 3185 5098 sese
3210 5049 3473 5097 extendat.

2256 5110 2365 5182 (99)
2400 5112 2587 5182 Editio
2638 5111 2801 5167 Basil.
2844 5125 2905 5182 et
2937 5115 3140 5181 antiqui
3182 5130 3276 5168 sex
3324 5116 3445 5168 libri
3494 5113 3676 5179 αὐτοῖς
3724 5117 3752 5170 ἑ

2183 5179 2360 5248 λόγοςζ
2390 5181 2564 5236 Editio
2593 5182 2766 5237 Paris.
2796 5181 2973 5235 αὐτῶν
2995 5185 3022 5235 ὁ
3045 5179 3223 5250 λόγος.

2257 5252 2334 5320 (1)
2376 5251 2453 5322 lla
2482 5253 2692 5306 codices
2715 5263 2942 5322 septem.
2978 5253 3136 5306 Deest
3161 5271 3214 5305 τι
3246 5255 3296 5306 in
3328 5253 3578 5322 vulgatis.

2187 5321 2515 5443 61:2)000lb.
2546 5323 2751 5390 primus
2776 5321 3037 5392 ὑπῆχθαι.
3069 5323 3190 5376 Mox
3239 5325 3381 5377 idem
3427 5321 3605 5378 codex
3663 5323 3760 5395 βι-

2254 5407 2326 5443 ησ
2362 5408 2440 5442 αι.

2295 5407 2440 5442 συαι.

2251 5408 2500 5526 ἶλὸςέυὲἀῖδ.
2541 5461 2771 5532 primus,
2798 5464 2879 5524 εἰς
2915 5461 2976 5515 τὸ
3021 5459 3174 5532 ὕψος.
3213 5460 3381 5516 Paulo
3436 5473 3558 5532 post
3598 5461 3755 5519 Coib.

2182 5533 2446 5602 SFQtttttLtls
2478 5531 2949 5602 παρεισήχθησαν.

2254 5599 2344 5673 (4)
2365 5599 2751 5673 ΕιΙίιῙιιῬυΓίέζ
2775 5599 3162 5673 παραλαϐοῦσα
3191 5602 3283 5654 καὶ
3310 5600 3468 5672 πρός.
3502 5601 3605 5655 Sed
3627 5615 3761 5673 con-

521 5666 614 5743 tati
641 5680 824 5743 sumus
856 5682 868 5716 :
900 5667 943 5743 si
969 5683 1082 5719 vero
1115 5669 1335 5743 materia
1370 5668 1684 5743 operatione
1723 5666 1816 5720 Dei
1850 5667 2077 5743 iuferior
2176 5666 2385 5743 junctio
2414 5670 2506 5743 καί
2539 5672 2588 5743 in
2623 5673 2805 5743 multis
2853 5666 2984 5728 inss.
3012 5689 3114 5726 non
3147 5666 3440 5743 reperitur,
3468 5685 3643 5741 neque
3696 5670 3758 5728 ιιι

515 5742 612 5792 εει.
645 5733 744 5785 hoc
760 5743 863 5797 est,
895 5736 940 5786 si
967 5751 1081 5790 vero
1104 5740 1326 5792 materia
1345 5733 1418 5794 est
1443 5739 1711 5792 deterioris
1739 5733 2073 5803 conditionis,

2183 5741 2417 5794 editione
2447 5738 2762 5795 Basileensi.
