4082 6218
311 296 386 355 35
1439 284 1726 341 IIOMILIA
1763 283 1808 337 II
1847 281 1915 337 IN
1956 279 2456 336 IIEXAEMERON.
3490 274 3560 332 54

315 413 417 484 μὲν
457 406 719 470 ναύταις,
751 403 1017 474 γεωργοῖς
1058 403 1115 456 δὲ
1148 402 1336 466 πτύον,
1385 401 1632 464 ὁπλίταις
1665 399 1722 452 δὲ
1761 397 1888 469 δόρυ

2001 396 2233 460 labrum,
2264 402 2320 450 et
2344 394 2573 450 armatis
2599 391 3092 450 militibushastam
3120 393 3563 454 subministrans.

313 498 684 572 παρεχομένη.
722 496 780 549 ’0
818 494 875 548 δὲ
907 493 1060 558 Θεὸς,
1090 492 1220 565 πρίν
1256 509 1310 545 τι
1342 491 1451 544 τῶν
1493 489 1588 544 νῦν
1623 489 1700 560 (5)
1747 490 1888 559 ὀρω-

317 598 491 670 μένων
541 589 824 661 γενέσθαι,
872 589 952 652 είς
986 585 1109 640 νοῦν
1162 585 1456 656 βαλόμενος
1505 582 1600 636 καὶ
1643 580 1890 652 ὁρμήσας

312 689 540 757 ἀγαγεῖν
575 686 655 747 είς
702 682 914 752 γένεσιν
957 680 1028 734 τὰ
1079 679 1154 752 μὴ
1199 679 1363 742 ὄντα,
1407 675 1544 748 ὁμοῦ
1581 693 1641 729 τε
1672 675 1890 745 ἐνόησεν

311 780 491 832 ὁποῖόν
516 793 637 830 τινα
661 773 768 846 χρὴ
795 773 887 826 τὸν
914 773 1118 843 κόσμον
1150 766 1313 835 εἶναι,
1337 771 1432 825 καὶ
1457 768 1535 839 τῷ
1566 768 1697 822 είδει
1725 766 1890 822 αὑτοῦ

311 874 410 943 τὴν
444 868 791 942 ἁρμόζουσαν
835 864 971 937 ὓλην
1015 863 1472 935 συναπεγέννησε.
1517 861 1630 916 Καὶ
1678 858 1892 933 οὐρανῷ

313 963 412 1032 μὲν
447 960 696 1032 ἀφώρισε
741 958 839 1032 τὴν
870 955 1082 1029 οὐρανῷ
1125 956 1444 1029 πρέπουσαν
1473 955 1669 1025 φύσινο
1715 953 1792 1024 τῷ
1834 953 1892 1006 δὲ

310 1052 411 1121 τῆς
453 1052 557 1122 γῆς
589 1051 831 1122 σχήματι
858 1049 957 1120 τὴν
991 1048 1198 1100 οἰκείαν
1227 1048 1363 1118 αὐτῇ
1397 1047 1493 1100 καὶ
1534 1044 1892 1114 ὀφειλομένην

311 1139 498 1194 οὐσίαν
528 1138 789 1193 ὑπέϐαλε.
817 1135 937 1208 Πῦρ
964 1135 1021 1189 δὲ
1047 1137 1141 1188 καὶ
1183 1134 1328 1208 ὕδωρ
1360 1137 1454 1188 καὶ
1497 1136 1635 1207 ἀέρα
1674 1136 1892 1203 διεσχη-

317 1231 512 1302 μάτισέ
549 1248 609 1284 τε
633 1231 708 1293 ὼς
731 1229 806 1299 (6)
833 1227 1104 1292 ἐϐούλετο,
1133 1229 1227 1281 καὶ
1255 1226 1336 1290 είς
1363 1227 1550 1280 οὐσίαν
1579 1227 1785 1298 ἤγαγεν
1816 1227 1893 1289 ὡς

307 1325 340 1376 ὀ
386 1323 616 1376 ἑκάστου
667 1321 823 1389 λόγος
865 1320 974 1374 τῶν
1023 1318 1324 1390 γινομένων
1371 1317 1590 1388 ἀπῄτει.
1636 1317 1795 1370 Ὄλον
1836 1317 1894 1369 δὲ

310 1415 402 1468 τὸν
453 1415 654 1484 κόσμον
703 1413 1068 1484 ἀνομοιομερῆ
1104 1411 1438 1481 τυγχάνοντα
1481 1410 1743 1481 ἁῤῥήκτῳ
1788 1409 1894 1462 τινὶ

314 1507 497 1577 φιλίας
524 1505 706 1577 δεσμῷ
758 1506 836 1576 (7)
879 1507 958 1569 εἰς
1001 1504 1129 1574 μίαν
1174 1503 1460 1560 κοινωνίαν
1489 1503 1583 1556 καὶ
1627 1501 1894 1572 ἁρμονίαν

316 1598 636 1668 συνέδησενο
670 1597 811 1650 ὥστε
850 1596 945 1650 καὶ
977 1595 1048 1648 τά
1076 1595 1324 1649 πλεῖστον
1367 1595 1610 1666 ἀλλήλων
1634 1599 1701 1666 τῇ
1750 1594 1895 1648 θέσει

306 1690 639 1761 διεστηκότα
672 1689 912 1761 ἡνῶσθαι
934 1689 1110 1742 δοκεῖν
1127 1688 1214 1742 διὰ
1239 1689 1338 1758 τῆς
1367 1686 1728 1759 συμπαθείας.
1758 1687 1897 1740 Παυ-

1994 489 2065 542 Αι
2083 502 2211 543 vero
2234 488 2399 552 Deus,
2423 487 2734 557 priusquam
2753 486 3024 556 quidpiam
3044 501 3229 543 eorum
3264 503 3384 558 qua:
3422 504 3569 546 nunc

1995 580 2248 635 videnlur
2282 579 2620 645 exstitisset,
2664 595 2786 635 cum
2835 579 2889 634 in
2923 580 3162 635 animum
3223 581 3566 648 induxisset,

1997 673 2386 742 statuissetque
2409 688 2473 728 ea
2504 688 2624 743 qua-3
2653 687 2758 727 non
2788 683 2944 728 erant
2967 675 3018 726 in
3049 673 3222 728 lucem
3249 676 3411 730 cdere
3444 697 3455 730 :
3495 677 3571 730 si-

1999 765 2108 820 mul
2131 775 2294 835 atque
2316 765 2569 834 cogitavit
2591 765 2940 835 qualemnam
2972 767 3231 822 mundum
3265 781 3387 822 esse
3417 783 3577 837 opor-

1998 865 2159 922 teret,
2219 857 2500 911 materiam
2558 857 2749 911 formae
2802 857 2971 926 ipsius
3000 858 3410 912 convenientem
3447 873 3574 926 pro-

2001 950 2175 1006 duxit.
2212 952 2276 1005 Et
2311 950 2451 1007 cmlo
2499 951 2717 1021 quidem
2773 959 3018 1004 naturam
3058 951 3372 1019 assignavit,
3429 951 3571 1005 caalo

2003 1040 2412 1095 convenientem
2446 1057 2460 1094 :
2506 1040 2693 1110 ﬁgurae
2733 1055 2862 1094 vero
2893 1047 3049 1094 terrae
3086 1055 3378 1108 congruam
3421 1042 3572 1095 debi—

2001 1141 2218 1199 tamque
2247 1132 2605 1186 substantiam
2631 1132 2888 1201 subjecit.
2913 1131 3094 1201 Ignem
3121 1142 3324 1197 autem,
3355 1148 3574 1201 aquam-

2001 1238 2106 1291 que
2133 1230 2186 1276 et
2207 1237 2409 1289 aerem,
2446 1225 2523 1277 uti
2560 1224 2763 1290 voluit,
2805 1224 3166 1278 conformavit
3192 1264 3208 1292 ,
3259 1235 3314 1280 et
3348 1228 3414 1280 ad
3441 1227 3571 1282 sub—

2001 1313 2255 1368 stantiam
2294 1314 2496 1378 evexit,
2537 1324 2694 1382 prout
2723 1315 3050 1385 singularum
3103 1331 3282 1370 rerum
3319 1331 3440 1385 qua:
3470 1316 3570 1372 ﬁe-

2001 1405 2150 1470 bant,
2177 1405 2314 1460 ratio
2337 1406 2663 1475 postulabat.
2689 1407 2956 1462 Caeterum
2982 1409 3242 1463 mundum
3279 1419 3448 1465 lotum
3485 1411 3571 1465 di-

2000 1499 2176 1553 versis
2223 1498 2470 1568 partibus
2517 1507 2858 1554 constantem
2925 1500 3282 1555 indissolubili
3331 1502 3571 1571 quodam

2001 1589 2252 1644 amicitiae
2282 1590 2496 1646 vinculo
2523 1591 2574 1644 in
2607 1607 2766 1645 unam
2798 1591 3112 1647 societatem
3144 1601 3198 1646 et
3223 1594 3572 1649 harmoniam

2002 1679 2275 1751 colligavit
2302 1697 2317 1734 :
2352 1683 2484 1736 adeo
2517 1692 2575 1735 ut
2599 1697 2660 1736 ea
2687 1685 2848 1737 etiam
2876 1699 2996 1752 quzc
3027 1684 3313 1754 plurimum
3338 1686 3478 1740 inter
3504 1700 3564 1740 se

315 1782 608 1837 σάσθωσαν
646 1778 740 1835 οῦν
776 1781 1014 1853 μυθικῶν
1055 1780 1412 1852 πλασμάτων,
1455 1783 1512 1834 ὲν
1549 1782 1615 1850 τῇ
1646 1779 1899 1849 ἀσθενείᾳ

2001 1772 2103 1826 situ
2131 1773 2352 1839 distant,
2373 1773 2620 1844 coniungi
2647 1789 2744 1843 per
2773 1784 3090 1830 concentum
3110 1777 3412 1832 videantur.
3437 1779 3573 1834 Ces-

318 1874 430 1928 τῶν
467 1875 682 1928 οἰκείων
710 1873 985 1944 λογισμῶν
1014 1875 1114 1944 τὴν
1142 1872 1526 1942 ἀκατάληπτον
1559 1871 1797 1932 διανοίας
1825 1869 1900 1940 (8)

319 1967 419 2020 καὶ
457 1967 661 2035 ἄφατον
703 1965 980 2029 παντελῶς
1025 1963 1338 2037 ἀνθρωπίνῃ
1373 1967 1524 2036 φωνῇ
1556 1962 1784 2034 δύναμιν
1813 1964 1904 2014 ὲκ-

320 2059 669 2130 μετροῦντες.

391 2233 446 2288 5.
499 2232 819 2301 Ἐποίησεν
871 2236 904 2286 ό
959 2233 1104 2299 Θεὸς
1152 2233 1260 2286 τὸν
1316 2230 1576 2300 οίῬαν-ὸν
1633 2229 1732 2284 καὶ
1788 2228 1904 2297 τὴν

320 2324 468 2393 γῆν·
506 2325 604 2377 οὐκ
643 2324 702 2389 ἐξ
741 2324 993 2394 ἡμισείας
1038 2326 1317 2396 ἑκάτερον,
1362 2321 1476 2376 ἀλλ’
1511 2321 1631 2375 ὅλον
1677 2320 1903 2392 οὐρανόν

322 2419 420 2468 καὶ
456 2414 581 2487 όλην
611 2417 736 2486 γῆν,
779 2415 951 2486 αὐτὴν
984 2416 1082 2486 τὴν
1121 2414 1305 2468 οὐσίαν
1331 2413 1408 2484 τῷ
1448 2412 1580 2466 εἴδει
1618 2412 1905 2482 συνειλημ-

325 2507 516 2577 μένην.
570 2507 704 2576 Οὐχὶ
763 2505 872 2576 γὰρ
924 2504 1218 2574 σχημάτων
1274 2504 1421 2556 ἐστὶν
1482 2501 1739 2574 εὑρέτης,
1788 2499 1902 2553 ἀλλ’

321 2602 497 2671 αὐτῆς
528 2602 627 2671 τῆς
650 2601 864 2670 φύσεως
888 2599 995 2653 τῶν
1017 2600 1184 2652 ὄντων
1207 2597 1555 2668 δημιουργός.
1590 2595 1742 2648 Ἐπεὶ
1767 2597 1903 2648 ἁπο-

317 2692 694 2765 κρινέσθωσαν
723 2692 797 2762 (9)
823 2694 976 2762 ἡμῖν,
1013 2689 1128 2750 πῶς
1167 2689 1417 2760 ἀλλήλοις
1452 2687 1739 2757 συνέτυχον
1772 2687 1806 2756 ἦ
1841 2702 1902 2737 τε

316 2784 587 2856 δραστικὴ
621 2783 714 2836 τοῦ
760 2782 894 2835 Θεοῦ
938 2782 1164 2853 δύναμις
1205 2784 1298 2835 καὶ
1338 2785 1370 2852 ἡ
1419 2780 1694 2852 παθητικὴ
1739 2778 1903 2848 φύσις

319 2878 428 2946 τῆς
458 2875 618 2946 £3111;-
647 2877 680 2945 ἡ
720 2875 816 2946 μὲν
844 2875 905 2928 τὸ
937 2874 1291 2945 ὑποκείμενον
1337 2873 1686 2945 παρεχομένη
1735 2873 1903 2943 χωρὶς

320 2969 562 3041 μορφῆς,
603 2969 631 3020 ό
673 2967 730 3020 δὲ
761 2966 868 3021 τῶν
902 2966 1196 3037 σχημάτων
1252 2965 1351 3036 τὴν
1404 2966 1715 3035 ἐπιστήμην
1765 2963 1904 3033 έχων

321 3060 454 3115 ἄνευ
481 3061 580 3131 τῆς
611 3059 763 3132 ὕλης,
799 3061 865 3113 ἵν’
891 3060 1134 3132 ἑκατέρῳ
1157 3059 1220 3112 τὸ
1263 3060 1439 3113 ἐνδέον
1481 3060 1632 3130 παρά
1675 3060 1902 3130 θατέρου

323 3151 553 3222 γένηται
575 3167 590 3183 θ
619 3151 696 3222 τῷ
732 3152 829 3222 μὲν
870 3151 1189 3224 δημιουργῷ
1221 3152 1283 3204 τὸ
1315 3151 1459 3221 ἔχειν
1493 3151 1626 3204 ὅπου
1676 3152 1774 3222 τὴν
1812 3151 1902 3204 τέ-

322 3260 462 3316 χνην
491 3243 881 3314 ἐνεπιδείξηται
910 3245 1044 3314 (10),
1076 3246 1141 3314 τῇ
1173 3242 1229 3294 δὲ
1259 3242 1359 3314 ὕλῃ
1388 3241 1449 3295 τὸ
1477 3243 1774 3298 ἀποθέσθαι
1804 3243 1901 3314 τὴν

322 3313 605 3405 ἀμορφίαν
652 3335 744 3388 καὶ
779 3313 882 3387 τοῦ
918 3335 1091 3397 εἴδους
1254 3313 1528 3407 στέρησιν.
1571 3335 1730 3388 Ἀλλά
1773 3313 1902 3406 περὶ

329 3427 432 3498 μὲν
492 3426 693 3479 τούτων
726 3427 817 3480 ἐπὶ
878 3426 1160 3480 τοσοῦτον·
1212 3427 1348 3498 πρὸς
1386 3427 1442 3479 δὲ
1501 3427 1561 3480 τὸ
1609 3425 1668 3492 ἐξ
1726 3429 1901 3498 ἀρχῆς

327 3517 662 3588 ὲπανίωμεν.
701 3518 767 3574 Ἢ
794 3518 861 3571 δὲ
882 3518 956 3588 γῆ
987 3516 1064 3588 ἦν
1086 3519 1337 3587 ἀόρατος
1360 3519 1458 3572 καὶ
1492 3520 1906 3573 ἀκατασκεύω-

324 3627 481 3676 στος
531 3609 664 3680 (li).
705 3609 924 3673 Εἰπὼν,
982 3611 1082 3663 Ἐν
1131 3608 1288 3678 ἀρχῇ
1340 3610 1627 3676 ἐποίησεν
1669 3613 1701 3663 ὀ
1760 3610 1905 3674 Θεὸς

327 3700 438 3753 τὸν
485 3701 744 3767 οὐρανὸν
783 3702 882 3754 καὶ
925 3702 1038 3767 τὴν
1084 3700 1233 3770 γῆν,
1284 3700 1450 3754 πολλά
1496 3699 1902 3770 ἀπεσιώπησεν,

330 3792 497 3864 ὕδωρ,
523 3793 680 3864 ἀέρα,
711 3792 842 3864 πῦρ,
866 3793 933 3845 τὰ
959 3795 1022 3845 ἐκ
1045 3792 1248 3845 τούτων
1278 3792 1697 3862 ἀπογεννὼμενα
1724 3793 1869 3862 πάθη
1887 3808 1903 3823 ⁸

324 3884 362 3938 ἃ
397 3884 578 3936 πάντα
627 3883 726 3953 μὲν
773 3885 849 3948 ὡς
898 3884 1331 3954 συμπληρωτικὰ
1382 3884 1476 3936 τοῦ
1526 3885 1728 3954 κόσμου
1779 3900 1904 3936 συν-

325 3977 540 4047 υπέστη
572 3976 652 4047 τῷ
681 3977 845 4030 παντὶ
878 3976 1118 4047 δηλονότι
1149 3976 1258 4046 (12)
1279 3994 1295 4008 ο
1323 3975 1591 4047 παρέλιπε
1619 3977 1728 4047 an;
1767 3978 1906 4030 ἱστο-

329 4066 446 4136 ρία,
475 4065 565 4118 τὸν
596 4067 856 4139 ἡμέτερον
883 4067 1004 4119 νοῦν
1030 4065 1380 4136 γυμνάζουσα
1411 4066 1545 4136 πρὸς
1569 4067 1902 4138 ὲντρέχειαν,

327 4156 390 4220 ἐξ
434 4157 630 4225 ὀλίγων
675 4157 936 4228 ἀφορμῶν
996 4157 1340 4229 παρεχομένη
1394 4157 1793 4225 ἐπιλογίζεσθαι
1841 4159 1909 4212 τά

327 4247 647 4317 λειπόμενα.
689 4250 839 4302 Ἐπεὶ
867 4245 958 4302 οὖν
999 4250 1098 4302 οὐκ
1134 4249 1348 4322 εἴρηται
1393 4249 1520 4320 περὶ
1557 4248 1651 4301 τοῦ
1696 4247 1905 4312 ὓδατος,

328 4340 415 4394 ὅτι
461 4341 713 4406 ἐποίησεν
749 4343 778 4394 ό
811 4340 962 4404 Θεὸς,
993 4340 1204 4411 εἴρηται
1243 4341 1320 4404 δὲ,
1367 4341 1448 4394 ὅτι
1491 4341 1721 4412 ἀόρατος
1759 4337 1827 4412 ἦν
1874 4344 1908 4412 ἡ

327 4430 440 4502 γῆ·
487 4431 677 4484 σκόπει
727 4432 791 4485 σὺ
831 4431 972 4484 κατά
1019 4431 1241 4485 σεαυτὸν
1283 4429 1389 4484 τίνι
1439 4431 1907 4502 παραπετάσματι

2003 1875 2125 1920 sent
2156 1865 2318 1934 igitur
2347 1881 2378 1920 a
2408 1866 2666 1922 fabulosis
2685 1869 3004 1924 commentis
3035 1869 3094 1932 ii,
3128 1869 3221 1938 qui
3248 1877 3573 1940 potestatem

2005 1958 2170 2013 menti
2221 1960 2844 2028 incomprehensibilem,
2895 1969 2948 2015 et
2994 1976 3156 2030 quam
3205 1961 3440 2016 humana
3467 1975 3574 2016 vox

2003 2050 2306 2118 exprimere
2336 2050 2483 2104 nullo
2508 2050 2666 2105 modo
2701 2052 2890 2119 possit,
2930 2052 3320 2122 cogitationum
3349 2067 3572 2108 suarum

2004 2138 2373 2194 imbecillitate
2396 2141 2782 2197 admetiuntur.

2073 2232 2124 2286 5.
2160 2230 2310 2286 Fecit
2344 2233 2483 2288 Deus
2512 2234 2694 2289 mlum
2717 2245 2764 2288 et
2791 2243 3022 2301 terram,-
3064 2243 3352 2306 utrumque
3377 2251 3481 2290 non
3507 2251 3574 2291 ex

2005 2325 2223 2379 dimidia
2248 2336 2423 2395 parte,
2451 2327 2544 2381 sed
2575 2335 2744 2380 totum
2785 2327 3006 2393 malum,
3047 2337 3324 2397 totamque
3349 2339 3572 2394 terram,

2005 2416 2177 2484 ipsam
2230 2419 2592 2473 substantiam
2628 2433 2750 2473 cum
2805 2419 2982 2474 forma
3034 2419 3402 2488 coniunctam.
3453 2419 3575 2477 Non

2004 2509 2149 2562 enim
2208 2509 2462 2564 inventor
2498 2521 2579 2564 est
2627 2511 2946 2579 ﬁgurarum,
3000 2511 3093 2566 sed
3145 2513 3315 2580 ipsius
3370 2522 3577 2568 natura:

2005 2613 2185 2653 rerum
2208 2599 2411 2669 cpifex.
2435 2600 2649 2668 Alioqui
2683 2601 3044 2669 respondeant
3093 2602 3246 2656 nobis
3271 2642 3286 2666 ,
3337 2617 3575 2672 quonam

2005 2699 2162 2760 pacto
2199 2691 2340 2746 inter
2361 2704 2421 2746 se
2455 2702 2564 2744 tum
2596 2689 2836 2746 eﬁ‘ectrix
2879 2691 2970 2746 Dei
3004 2693 3266 2762 potentia,
3302 2701 3413 2747 tum
3443 2709 3576 2763 pas-

2006 2783 2122 2837 siva
2153 2783 2396 2837 materiei
2434 2792 2624 2836 natura
2650 2784 3024 2848 convenerint,
3049 2784 3162 2838 haec
3195 2785 3412 2852 quidem
3449 2789 3575 2842 abs-

2005 2887 2112 2944 que
2133 2870 2302 2928 forma
2333 2873 2635 2940 subjectum
2669 2874 2949 2940 exhibens,
2983 2873 3071 2929 ille
3105 2890 3233 2931 vero
3259 2877 3376 2932 sine
3405 2887 3577 2934 mate-

2008 2967 2087 3020 ria
2121 2965 2403 3020 scientiam
2428 2965 2631 3020 habens
2662 2965 2980 3036 ﬁgurarum,
3013 2977 3074 3022 ut
3119 2967 3172 3023 id
3219 2970 3359 3038 quod
3391 2971 3578 3026 defue-

1955 3111 1960 3116 .
2007 3057 2276 3122 ritalteri,
2303 3058 2370 3113 ab
2399 3058 2571 3112 altero
2599 3061 2882 3126 tribuatur,
2915 3055 3094 3131 Opiﬁci
3120 3061 3358 3132 quidem,
3391 3073 3449 3117 ut
3479 3063 3577 3117 ha-

1931 3185 1973 3242 c
2007 3151 2134 3206 beat
2177 3151 2622 3222 unde‘specimen
2668 3153 2759 3207 det
2788 3167 2900 3208 suae
2927 3155 3062 3208 artis
3093 3173 3106 3208 :
3147 3155 3392 3210 materiei
3423 3170 3573 3221 vero,

2009 3242 2147 3297 unde
2173 3242 2572 3298 deformitatem
2609 3251 2665 3296 et
2703 3244 2890 3299 formae
2923 3245 3286 3314 privationem
3314 3247 3571 3316 deponat.

2007 3331 2114 3389 Sed
2141 3335 2207 3389 de
2229 3335 2314 3390 bis
2340 3335 2621 3390 hactenus.
2647 3334 2764 3389 Jam
2794 3337 2861 3390 ad
2903 3341 3237 3407 propositum
3266 3340 3573 3397 redeamus.

2005 3423 2141 3478 Erat
2191 3437 2367 3479 autem
2423 3436 2562 3480 terra
2609 3425 2883 3480 invisibilis
2923 3444 2985 3480 ac
3027 3430 3389 3498 incomposita.
3441 3433 3576 3488 Cum

2006 3516 2176 3571 dixit:
2211 3516 2279 3571 In
2304 3517 2560 3589 principio
2585 3518 2706 3586 fecit
2727 3518 2866 3574 Deus
2882 3519 3068 3576 calum
3082 3529 3134 3574 et
3157 3530 3375 3588 terram,
3409 3524 3576 3579 multa

2009 3606 2199 3673 tacuit,
2232 3621 2450 3676 aquam,
2487 3624 2691 3677 aerem,
2752 3610 2953 3680 ignem,
3003 3620 3340 3683 emergentes
3377 3629 3439 3668 ex
3489 3613 3575 3669 his

2007 3696 2359 3755 all‘ectiones:
2397 3714 2517 3769 quae
2555 3715 2686 3756 sane
2727 3704 2929 3768 omnia,
2975 3713 3232 3774 tanquam
3267 3719 3386 3774 quae
3415 3720 3577 3760 mun-

2008 3787 2136 3842 dum
2180 3790 2504 3860 compleant,
2538 3794 2721 3863 procul
2748 3795 2910 3850 dubio
2932 3811 3038 3851 una
3068 3811 3190 3851 cum
3219 3798 3578 3854 universitate

2008 3895 2187 3935 rerum
2243 3883 2635 3952 substiterunt;
2671 3888 2873 3942 omissa
2906 3897 3030 3942 sunt
3080 3897 3259 3943 autem
3289 3889 3476 3945 istbtec
3507 3892 3578 3947 ab

2009 3975 2258 4040 historia,
2289 3985 2348 4031 ut
2372 3977 2496 4032 dum
2531 3979 2738 4048 reliqua
2767 3995 2833 4035 ex
2859 3982 3050 4048 paucis
3099 3981 3432 4051 argumentis
3463 3991 3575 4036 tra-

2010 4068 2085 4121 dit
2111 4068 2446 4136 aestimanda,
2475 4080 2708 4125 mentem
2735 4081 2977 4127 nostram
3027 4073 3094 4129 ad
3135 4073 3457 4130 industriam
3495 4074 3580 4130 di-

2010 4156 2395 4228 ligentiamque
2439 4169 2710 4215 exerceat.
2762 4160 2950 4230 itaque
2974 4177 3097 4218 cum
3140 4163 3345 4218 dictum
3372 4179 3476 4219 non
3508 4165 3579 4219 sit

2010 4247 2180 4303 Deum
2210 4264 2404 4318 aquam
2440 4249 2673 4306 fecisse:
2724 4253 2819 4307 sed
2849 4253 3050 4308 dictum
3100 4253 3205 4323 15
3250 4255 3322 4310 sit
3374 4265 3575 4311 terram

2010 4336 2180 4392 fuisse
2210 4337 2571 4405 invisibilem;
2609 4346 2722 4394 tute
2752 4347 2927 4394 tecum
2953 4349 3139 4408 reputa
3175 4355 3282 4410 quo
3311 4340 3581 4395 velamine

2009 4438 2198 4498 operta
2233 4442 2340 4482 non
2388 4439 2689 4485 appareret.
2739 4426 2928 4497 Neque
2969 4429 3132 4501 igitur
3184 4429 3328 4500 ignis
3360 4429 3580 4499 operire

410 4651 490 4735 (ξ)
523 4652 700 4735 Codex
745 4654 1012 4735 _Combef._
1035 4664 1086 4709 et
1113 4655 1249 4735 nalii_
1286 4668 1384 4735 sex_
1412 4653 1517 4708 τῶν
1544 4653 1658 4735 νῦν.
1695 4654 1896 4735 focula
1931 4659 1974 4713 D
2073 4654 2150 4735 _(8)
2187 4653 2368 4735 Editio-
2393 4652 2556 4706 Basil.
2586 4663 2642 4735 et
2668 4652 2822 4735 Bodl.
2866 4661 2916 4707 et
2939 4651 3578 4735 _alii‘_nost‘rinmss..6ta~

334 4724 436 4778 νυν
459 4725 514 4776 in
546 4724 703 4778 editis
728 4726 933 4780 deerat.
964 4725 1083 4778 Mox
1109 4725 1272 4779 Coisl.
1303 4724 1511 4793 primus
1543 4735 1596 4777 et
1617 4725 1767 4778 Colb.
1812 4726 1900 4778 iti-

332 4799 457 4850 dem
499 4795 870 4865 primustcnm
923 4795 1102 4863 Regiis
1164 4803 1397 4865 quatuor
1437 4793 1762 4865 βαλόμενος,
1806 4804 1901 4849 aut

328 4865 682 4937 βαλλόμενος.
716 4862 855 4937 Editi
894 4862 1232 4937 et__du_o_mss.
1271 4862 1582 4937 λαϐόμενοςζ
1620 4872 1644 4937 ς

402 4937 482 5008 (6)
506 4932 728 5008 Antiqui
775 4950 870 4989 sex
925 4933 1045 4988 libri
1070 4932 1485 5004 διεσχημάτισέν
1514 4951 1575 4987 τε
1603 4933 1698 4996 ὡς.
1755 4932 1898 4989 Editi

326 5004 796 5092 κατεσχημάτισε.

325 5097 334 5102 -
402 5072 692 5149 (7)_Col_b._
718 5076 922 5149 primus
950 5083 1005 5128 et
1042 5072 1515 5149 Coisl‘asecundus
1558 5073 1730 5149 et_ali_i
1761 5087 1897 5149 qua:

329 5142 469 5201 tuor'
487 5145 639 5213 Regii
670 5145 930 5214 ὰῤῥήκτῳ
965 5145 1072 5196 τινὶ
1114 5142 1294 5214 φιλίας
1341 5142 1524 5214 θεσμῷ
1547 5183 1561 5208 ,
1610 5143 1901 5214 invincibili

327 5213 843 5288 quatiuntumicitire
874 5215 1004 5288 lege.
1033 5215 1214 5288 Editio
1239 5213 1553 5288 Basil._eum
1584 5213 1750 5288 Goisl.
1789 5213 1897 5288 pri-

328 5282 421 5341 fno
452 5285 678 5355 ἀρρήτῳ
683 5284 806 5355 τινὶ
828 5283 1009 5355 φιλίας
1041 5283 1244 5354 Θεσμῷ,
1271 5282 1471 5355 occulta
1500 5283 1898 5355 quadamqua-

329 5352 632 5433 ciu'az'lége.
680 5353 858 5433 Editi?
913 5354 1086 5433 Pa_ris_.
1129 5352 1277 5433 cinn-
1316 5352 1446 5433 [ξοδ.
1491 5360 1684 5433 quarto
1725 5352 1898 5433 ἀρρη-

330 5441 448 5494 κτιρ
483 5423 590 5496 τινὶ
617 5422 803 5496 Δφιλίας
828 5423 1032 5496 δεσμῷ,
1058 5422 1412 5496 indissolubili
1455 5424 1679 5496 quodam
1711 5422 1896 5474 amici-

331 5492 658 5563 tiaim'nculo
685 5509 704 5546 :
731 5509 892 5560 quam
929 5492 1253 5563 scripturam
1297 5495 1419 5563 ideo
1475 5492 1642 5546 secuti
1682 5505 1896 5563 sumus,

331 5569 480 5632 quod
509 5564 582 5615 ita
613 5561 798 5632 legerit
840 5574 995 5618 vetus
1040 5561 1314 5632 interpres
1365 5561 1700 5623 Eustathius,
1740 5561 1898 5630 cujus

329 5631 451 5715 haec
482 5639 611 5756 sunt
640 5631 824 5698 verba,
867 5631 1250 5688 inviolabilibus
1283 5632 1564 5701 cujusdam
1605 5633 1899 5688 concordia:

329 5719 484 5756 mou
510 5718 576 5756 ts.

327 5718 576 5760 meum.

652 5797 924 5857 PATROL.
959 5795 1078 5857 Gn.
1133 5793 1373 5856 XXIX.

2005 4716 2192 4788 νοίαὲς.
2235 4723 2555 4794 Editiovero
2585 4724 2755 4776 Paris.
2782 4722 3012 4794 διανοίᾳ.
3037 4722 3156 4776 Mox
3185 4722 3337 4777 Colb.
3369 4721 3576 4790 primus

2005 4794 2320 4864 ἀνθρωπίνῃ
2355 4792 2535 4861 φύσει,
2570 4801 2620 4846 et
2646 4808 2804 4862 quam
2841 4792 3073 4846 humana
3103 4802 3296 4846 natura
3358 4807 3577 4846 narrare

2005 4867 2149 4917 nullo
2180 4870 2332 4916 modo
2353 4866 2536 4930 possit.

2076 4933 2152 5002 (9)
2185 4929 2408 5003 Veteres
2438 4932 2644 4999 aliquot
2673 4931 2795 4986 libri
2826 4929 3342 5003 ἀποκρινάσθωσαν.
3392 4931 3576 4988 Codex

2005 5003 2137 5058 alius
2173 5002 2370 5072 Enetum
2393 5003 2592 5072 ἀποκρ.

2076 5073 2185 5141 (10)
2220 5072 2310 5125 Sic
2343 5071 2495 5139 Regii
2525 5069 2728 5138 primus
2755 5083 2810 5126 et
2863 5071 3100 5140 quintus.
3158 5069 3291 5141 Reg.
3351 5081 3577 5140 quartus

2007 5142 2410 5205 ὲνεπιδείξεται.
2448 5141 2588 5195 Editi
2634 5157 2754 5195 cum
2815 5142 2970 5197 Colb.
3029 5144 3264 5196 secundo
3310 5141 3576 5207 ἐπιδείξε-

2003 5229 2112 5266 ται.
2141 5213 2292 5267 Colb.
2327 5212 2531 5282 primus
2561 5226 2700 5282 cum_
2723 5211 2860 5282 Reg.
2914 5211 3075 5264 tertio
3107 5210 3469 5282 ἐπιδείξηται.

2074 5282 2184 5353 (Η)
2222 5277 2342 5344 Illa,
2391 5283 2425 5351 ἡ
2459 5279 2529 5353 δὲ-
2557 5282 2628 5351 γῆ
2672 5277 2740 5352 ἦν
2789 5277 3020 5353 ἀόρατος
3061 5283 3154 5353 καὶ
3194 5277 3579 5336 ἀκατασκεύα-

2004 5351 2379 5432 στοςηόεευηι
2404 5351 2621 5420 quidem
2650 5351 2704 5406 in
2745 5351 2903 5409 editis
2935 5367 2948 5404 :
2994 5353 3087 5407 sed
3119 5351 3172 5404 in
3201 5364 3406 5422 septem
3446 5367 3575 5408 mss.

2004 5430 2368 5473 reuertuntur.

2201 5437 2368 5474 tntur.

2004 5437 2368 5491 reperiuntur.

2006 5561 2036 5563 _
2075 5492 2187 5563 (Ιῖ)
2216 5491 2399 5563 Codex
2447 5489 2615 5563 Bodl.
2641 5501 2696 5545 et
2749 5499 2981 5563 quatuor
3008 5491 3104 5563 alii
3159 5505 3282 5546 cum
3342 5493 3581 5547 editione

2004 5559 2177 5688 gas“.
2212 5559 2474 5616 δηλονότι.
2521 5561 2700 5617 Editio
2749 5559 2922 5618 Paris.
2973 5572 3029 5617 et
3075 5562 3181 5618 duo
3235 5577 3363 5619 mss.
3421 5563 3581 5636 δῆλον

2072 5648 2109 5685 ι.

2072 5648 2109 5685 ι.

3151 5793 3191 5854 2
