4082 6218
518 304 622 366 '35
1861 301 1901 357 s
1956 264 2215 355 nasuai
2248 298 2463 357 mam
3734 303 3811 360 se

547 399 751 484 terram
774 430 1007 496 poterat.
1034 420 1179 491 ignis
1201 418 1466 490 siquidem
1518 414 1675 474 affert
1714 415 1912 480 lucem,
1950 429 2014 469 ac
2058 426 2121 468 ea

2225 413 2605 486 καλυπτομένη
2646 412 2746 468 οὐκ
2794 411 3125 483 ἐξεφαίνετο.
3168 410 3306 467 Οὔτε
3351 405 3444 467 οῦν
3474 411 3588 484 πῦρ
3624 413 3812 495 ,αὐτὴν

556 520 753 590 quibus
786 506 1019 579 accedit,
1049 512 1282 567 illustrat
1318 510 1522 580 potius,
1566 523 1728 580 quam
1765 507 2017 564 tenebras
2039 504 2120 561 of-

510 612 520 619 ”
551 610 769 664 fundat.
801 605 987 674 Neque
1020 604 1207 659 itidem
1237 617 1332 659 aer
1360 610 1632 658 erattunc
1666 609 1826 657 terra:
1848 608 2124 670 tegumen-

549 712 684 756 tum.
718 697 863 753 Rara
894 697 1040 752 enim
1066 702 1120 751 et
1140 694 1407 764 pellucida
1433 702 1519 749 est
1566 694 1707 748 aeris
1754 702 1969 758 natura,
2002 705 2122 759 quae

547 799 771 848 cunctas
795 804 978 845 rerum
1006 787 1299 844 visibilium
1345 787 1553 858 species
1584 787 1823 856 excipit,
1858 794 1912 840 et
1938 786 2005 840 ad
2041 785 2123 838 in-

519 870 813 935 ‘tuentium
846 879 1031 936 oculos
1057 880 1395 936 transmittit.
1421 880 1708 951 Reliquum
1752 880 1911 951 igitur
1935 889 2038 944 est,
2063 886 2124 933 ut

546 973 848 1043 cogitemus
877 986 997 1038 nos,
1037 986 1232 1041 aquam
1262 972 1564 1041 superﬁciei
1608 981 1767 1027 terrae
1796 973 2073 1027 innatasse
2100 1011 2114 1036 ,

547 1079 673 1119 cum
716 1063 952 1119 nondum
999 1071 1142 1118 esset
1182 1062 1381 1131 liquida
1422 1064 1520 1118 ista
1569 1063 1871 1118 substantia
1916 1064 1971 1117 in
1998 1078 2123 1131 pro—

546 1153 727 1224 priam
764 1154 946 1210 sedem
974 1164 1282 1226 segregata.
1315 1154 1450 1210 Hinc
1473 1164 1652 1210 autem
1690 1165 1835 1209 terra
1862 1170 1967 1209 non
1999 1163 2119 1209 erat

2186 576 2189 579 _
2225 507 2519 562 καλύπτειν
2562 505 2809 577 ἠδύνατο.
2860 506 3190 560 Φωτιστικὸν
3238 504 3346 577 γὰρ
3407 505 3504 559 καὶ
3548 505 3811 575 καταφά-

2223 616 2370 653 νειαν
2416 598 2654 670 παρέχον
2698 593 2780 662 οἷς
2829 596 2896 652 ἂν
2938 596 3306 669 προσγένηται
3356 596 3557 668 μᾶλλον
3610 596 3725 667 (15)
3771 597 3807 667 ἦ

2224 690 2490 755 σκοτῶδες
2514 690 2577 745 τὸ
2602 690 2735 762 πῦρ.
2763 689 2839 744 Ού
2877 689 2984 761 μὴν
3012 690 3135 743 οὐδὲ
3174 689 3279 761 ἀὴρ
3317 687 3689 759 προκάλυμμα
3736 683 3811 759 ἦν

2220 779 2343 834 τότε
2376 780 2475 850 τῆς
2503 780 2629 851 γῆς.
2666 778 2858 853 Ἀραιά
2884 780 2993 849 γὰρ
3018 781 3113 833 καὶ
3140 779 3402 850 διαφανὴς
3428 778 3522 833 τοῦ
3564 780 3730 851 ἀέρος
3771 780 3807 848 ἡ

2223 871 2402 942 φύσις,
2447 871 2627 927 πάντα
2660 872 2728 926 τὰ
2773 871 2889 943 εἴδη
2937 870 3045 927 τῶν
3088 870 3301 943 ὁρατῶν
3350 871 3654 943 δεχομένη,
3703 873 3809 926 καὶ

2222 967 2339 1027 ταῖς
2365 963 2472 1017 τῶν
2504 964 2754 1035 ὁρώντων
2785 964 2939 1034 ὕψεσι
2969 963 3435 1036 παραπέμπουσα.
3459 966 3803 1035 Λειπόμενον

2221 1056 2399 1109 τοίνυν
2449 1058 2565 1110 ἐστὶ
2609 1060 2746 1110 νοεῖν
2789 1059 2936 1128 ἡμᾶς
2978 1056 3087 1129 (14)
3140 1056 3285 1128 ὕδωρ
3333 1057 3683 1121 ἐπιπολάζειν
3730 1060 3806 1131 τῇ

2224 1149 2513 1220 ἐπιφανείᾳ
2538 1149 2638 1219 τῆς
2662 1151 2787 1220 γῆς.
2810 1148 2963 1202 οῦπιι)
2987 1149 3122 1220 πρὸς
3147 1148 3244 1220 τὴν
3271 1148 3476 1202 οἰκείαν
3512 1149 3665 1220 λῆξιν
3698 1150 3810 1220 τῆς

547 1245 725 1301 solum
769 1244 1086 1311 invisibilis,
1134 1247 1227 1301 sed
1270 1253 1386 1301 erat
1408 1246 1569 1300 etiam
1601 1248 1872 1301 inornata.
1914 1246 2122 1316 Quippe

2217 1239 2397 1315 mi;
2426 1238 2612 1303 οὐσίας
2644 1238 3055 1311 ἀποκριθείσης.
3098 1240 3192 1292 Ἐκ
3229 1239 3288 1293 δὲ
3331 1238 3519 1293 τούτου
3547 1242 3605 1293 ού
3642 1240 3811 1311 μόνον

546 1337 795 1393 humoris
834 1338 1193 1393 redundantia
1243 1338 1540 1392 etiamnum
1586 1338 1859 1394 fructuum
1908 1350 2121 1409 partum

549 1427 793 1498 impedit.
820 1426 1023 1485 Eadem
1066 1429 1231 1498 igitur
1260 1443 1426 1484 causa
1465 1438 1567 1495 est,
1610 1444 1708 1485 cur
1739 1438 1795 1486 et
1836 1430 2124 1484 invisibilis

2225 1330 2452 1399 ἀόρατος
2475 1325 2543 1401 ἦν
2573 1332 2607 1402 ἡ
2636 1331 2730 1400 γῆ,
2758 1330 2890 1384 ἀλλὰ
2918 1332 3011 1385 καὶ
3038 1331 3536 1395 ἀκατασκεύαστος.
3583 1332 3648 1384 Ἡ
3689 1330 3811 1401 γάρ

2224 1419 2315 1473 τοῦ
2353 1421 2520 1492 ὑγροῦ
2560 1422 2841 1489 πλεονεξία
2870 1423 2949 1475 ἔτι
2991 1422 3085 1477 κα)⁵
3128 1422 3222 1477 νῦν
3256 1423 3509 1495 ἐμπόδιόν
3542 1423 3651 1493 (15)
3683 1424 3811 1475 ἐστι

550 1530 783 1578 essetet
827 1520 1205 1591 incomposita.
1261 1518 1397 1574 Nam
1450 1528 1609 1576 terrae
1649 1530 1983 1591 apparatus,
2037 1520 2122 1575 ille

2227 1510 2363 1582 πρὸς
2394 1512 2757 1583 καρπογονίαν
2798 1517 2862 1585 τῇ
2887 1517 2976 1586 γῇ.
3016 1515 3081 1567 Ἡ
3114 1510 3205 1569 οὖν
3234 1514 3370 1585 αὐτὴ
3396 1514 3542 1567 αἰτία
3584 1514 3679 1567 καὶ
3704 1512 3809 1567 τοῦ

550 1613 669 1684 ipse
698 1623 782 1669 est
821 1620 1049 1667 ornatus
1076 1611 1169 1681 qui
1218 1611 1270 1667 ei
1324 1612 1572 1683 proprius
1604 1620 1689 1668 est
1739 1626 1804 1666 ac
1832 1610 2116 1676 naturalis,

2229 1604 2305 1674 μὴ
2351 1604 2602 1675 ὁρᾶσθαι,
2631 1605 2724 1659 καὶ
2763 1606 2858 1659 τοῦ
2903 1608 3381 1661 ἀκατασκεύαστον
3425 1601 3597 1662 εἶναι·
3644 1606 3809 1677 εἴπερ

548 1711 679 1775 puta
713 1704 976 1760 undantes
1012 1703 1065 1758 in
1106 1701 1440 1759 convallibus
1495 1711 1725 1774 segetes,
1762 1711 1918 1772 prata
1946 1701 2122 1758 viren-

2227 1698 2540 1768 κατασκευὴ
2592 1697 2731 1769 γῆς,
2792 1700 2821 1752 ὁ
2868 1702 3064 1763 οἰκεῖος
3110 1701 3251 1771 αὐτῇ
3305 1699 3399 1753 καὶ
3450 1697 3591 1752 κατά
3638 1698 3811 1767 φύσιν

548 1761 625 1851 tia
660 1805 715 1852 et
743 1794 973 1851 diversis
989 1793 1215 1851 ﬂoribus
1245 1761 1658 1859 referta,lloridi
1684 1794 1853 1850 saltus
1869 1808 1935 1849 ac
1964 1808 2121 1849 mon-

2226 1786 2462 1858 κόσμος,
2511 1761 2794 1861 λήῖαμὲν
2837 1792 2958 1854 ταῖς
3019 1761 3327 1862 κοιλότησιν
3370 1761 3808 1859 ἐγκυμαίνοντα,

546 1888 684 1944 tium
713 1887 997 1944 cacumina
1026 1888 1182 1945 silvis
1213 1889 1520 1943 inumbrata
1558 1903 1576 1944 :
1623 1902 1853 1958 quorum
1880 1887 2121 1943 nondum

2225 1878 2488 1951 λειμῶνες
2526 1879 2846 1952 χλοάζοντες
2878 1883 2972 1936 καὶ
3010 1881 3272 1945 ποικίλοις
3299 1879 3483 1934 ἄνθεσι
3522 1878 3809 1950 βρύοντες,

546 1973 786 2029 habebat
822 1972 1142 2044 quidquam,
1168 1977 1478 2045 parturiens
1502 1976 1719 2045 quidem
1757 1977 1997 2031 omnium
2027 1992 2120 2031 or-

545 2073 688 2129 tum,
714 2063 786 2120 ob
812 2064 1037 2120 inditam
1063 2065 1167 2121 sibi
1198 2067 1266 2121 ab
1288 2066 1481 2136 Opiﬁce
1514 2066 1847 2134 facultatem,
1871 2068 1965 2122 sed
1985 2077 2121 2122 tem-

548 2167 685 2225 pora
721 2168 958 2226 congrua
977 2163 1325 2226 exspectans,
1360 2164 1423 2211 ut
1450 2156 1605 2228 iuxta
1639 2157 1878 2213 divinum
1922 2174 2123 2230 praece-

539 2254 710 2316 ptum
742 2245 883 2302 fetus
910 2261 1039 2304 suos
1076 2248 1132 2303 in
1175 2257 1417 2319 apertum
1448 2248 1736 2318 proferret.

539 2515 545 2525 ’
621 2519 677 2574 ι.
731 2518 837 2576 Sed
898 2529 949 2575 et
1005 2521 1249 2588 tenebrw,
1301 2523 1398 2590 ait,
1437 2540 1597 2593 super
1648 2524 1919 2596 abyssum.
1988 2527 2120 2583 Aliae

545 2627 765 2668 rursum
814 2611 1117 2669 fabularum
1176 2615 1534 2679 occasiones,
1580 2627 1635 2673 et
1688 2629 2118 2675 commentorum

508 2710 511 2713 ’
549 2702 725 2774 magis
773 2704 1058 2775 impiorum
1092 2719 1309 2773 causae;
1369 2722 1493 2763 cum
1521 2708 1638 2765 haec
1665 2713 1830 2767 verba
1876 2710 1944 2766 ad
1990 2727 2118 2767 suas

550 2795 819 2851 divertant
870 2796 1174 2866 opiniones.
1231 2798 1512 2855 Tenebras
1583 2802 1729 2857 enim
1803 2818 1908 2858 non
1955 2819 2121 2874 expo-

532 2894 708 2954 'nunt,
752 2895 813 2941 ut
863 2901 983 2943 mos
1034 2897 1136 2952 est,
1190 2904 1373 2946 aerem
1407 2892 1694 2962 quemdam
1745 2894 1883 2950 lucis
1931 2910 2122 2966 exper-

546 2985 693 3039 tem,
735 2985 830 3032 aut
864 2977 1045 3034 locum
1083 2976 1296 3050 obiectu
1319 2981 1561 3052 corporis
1589 2981 1994 3048 obumbratum,
2028 2995 2123 3039 aut

551 3065 787 3135 denique
827 3065 1007 3121 locum
1055 3081 1378 3138 quacunque
1438 3083 1503 3124 ex
1553 3084 1713 3126 causa
1758 3071 1958 3126 lumine
2014 3075 2193 3162 βτί-α

536 3165 759 3221 Vatum,
796 3155 890 3211 sed
923 3157 1221 3224 potentiam
1273 3158 1470 3213 malam
1506 3176 1520 3213 :
1552 3160 1661 3215 imo
1708 3160 1906 3215 malum
1949 3163 2121 3232 ipsum

555 3261 586 3302 a
621 3247 802 3317 seipse
843 3247 1107 3319 originem
1146 3250 1735 3323 ~trabens,_oppositum
1771 3254 1862 3309 Dei
1894 3255 2124 3311 bonitati

540 3346 716 3408 atque
745 3339 1107 3394 contrarium.
1146 3340 1358 3397 Etenim
1394 3343 1441 3399 si
1476 3344 1619 3400 Deus
1650 3345 1739 3400 lux
1775 3357 1859 3402 est
1902 3347 1967 3414 “,
2000 3348 2125 3404 abs-

552 3443 658 3500 que
711 3428 893 3498 dubio,
931 3431 1101 3496 aiunt,
1142 3434 1437 3492 adversans
1488 3436 1538 3492 ei
1594 3439 1833 3508 potentia
1888 3440 2124 3497 tenebrae

550 3521 738 3591 utique
766 3521 983 3590 fuerint,
1012 3525 1171 3594 juxta
1202 3528 1486 3586 sententiae
1515 3516 1982 3601 Consequentiam.
2013 3532 2123 3588 Te-

541 3613 735 3669 nebrae
774 3614 843 3669 ab
876 3614 984 3670 alio
1016 3631 1121 3673 non
1153 3617 1355 3673 habent
1396 3622 1538 3691 quod
1567 3622 1695 3692 sint,
1720 3624 1813 3680 sed
1848 3633 1975 3680 sunt
2011 3641 2123 3680 ma-

550 3701 660 3757 lum
701 3718 799 3773 per
841 3719 899 3760 se
948 3707 1212 3777 genitum.
1261 3708 1522 3766 Tenebrae
1562 3712 1748 3770 hostes
1795 3716 2121 3784 animarum,

551 3795 744 3853 mortis
774 3798 1196 3867 conciliatrices,
1225 3801 1443 3860 virtutis
1472 3804 1798 3863 adversariae
1824 3824 1840 3864 :
1876 3825 1995 3879 quae
2027 3825 2123 3880 per

537 3885 668 3939 haec
695 3889 971 3959 prophetae
1011 3891 1200 3958 verba,
1227 3900 1285 3947 ut
1311 3885 1688 3965 falso'putant,
1713 3908 1768 3954 et
1797 3901 2119 3969 subsistere,

550 3990 654 4032 nec
688 3988 863 4035 tamen
887 3994 917 4034 a
938 3979 1050 4036 Deo
1086 3983 1354 4050 prodiisse
1387 3986 1709 4043 indicantur.
1743 3990 1821 4044 Ex
1853 3991 1956 4047 hoc
1989 4007 2123 4048 sane
2183 3986 2187 3990 ’

536 4066 817 4137 principio
841 4068 968 4138 quid
1003 4084 1110 4125 non
1148 4086 1438 4140 pravorum
1480 4085 1535 4131 et
1580 4077 1864 4149 impiorum
1902 4083 2121 4151 dogma-

540 4166 668 4213 'tum
709 4161 999 4217 conﬁctam
1043 4164 1161 4219 est?
1203 4164 1304 4233 Qui
1356 4168 1467 4239 lupi
1508 4186 1720 4241 graves,
1762 4190 1981 4245 gregem
2019 4176 2120 4233 Dei

2178 1972 2186 1976 ’
2224 1973 2393 2027 νάπαι
2436 1972 2701 2039 εὐθαλεῖς,
2733 1976 2827 2029 καὶ
2866 1975 3009 2048 ὀρῶν
3056 1977 3293 2047 κορυφαὶ
3335 1977 3455 2038 ταῖς
3501 1972 3657 2036 ῦλαις
3698 1988 3809 2024 κα-

2222 2065 2467 2119 τάσκιοιο
2502 2058 2577 2122 ὧν
2606 2068 2757 2121 οὐδὲν
2786 2063 2930 2139 εἶχεν
2971 2066 3216 2121 οὐδέπω·
3259 2066 3525 2120 ὠδίνουσα
3561 2063 3662 2135 μὲν
3700 2063 3811 2134 τὴν

2225 2159 2444 2214 πάντων
2489 2160 2710 2234 γένησιν
2736 2160 2826 2216 διὰ
2872 2161 2971 2231 τὴν
3014 2159 3426 2216 ἐναποτεθεῖσαν
3467 2158 3604 2229 αὐτῇ
3651 2146 3812 2227 παρὰ

2223 2250 2318 2304 τοῦ
2338 2253 2670 2326 δημιουργοῦ
2687 2253 2936 2327 δύναμιν,
2955 2253 3299 2326 ἀναμένουσα
3316 2252 3373 2307 δὲ
3388 2252 3512 2315 τοὺς
3530 2249 3809 2323 καθήκον-

2187 2381 2190 2384 .
2222 2360 2323 2406 τας
2350 2345 2598 2418 χρόνους,
2634 2345 2722 2401 ἵνα
2748 2346 2826 2418 τῷ
2855 2347 2981 2419 θείῳ
3013 2346 3343 2419 κελεύσματι
3380 2344 3674 2418 προαγάγῃ
3688 2342 3809 2415 (16)

2223 2436 2426 2507 ἑαυτῆς
2452 2439 2532 2501 εἰς
2558 2438 2791 2510 φανερὸν
2816 2440 2883 2495 τὰ
2909 2440 3184 2512 κυήματα.

2297 2528 2351 2583 4.
2406 2529 2583 2584 Ἀλλὰ
2613 2531 2711 2586 καὶ
2743 2534 2980 2599 σκότος,
3016 2530 3202 2603 φησιν,
3237 2529 3438 2585 ἐπάνω
3467 2529 3581 2598 τῆς
3620 2527 3813 2583 ἀϐύσ-

2182 2603 2186 2608 ’
2224 2632 2361 2672 σου.
2395 2619 2563 2674 Πάλιν
2605 2622 2761 2677 ἄλλαι
2805 2622 2989 2694 μύθων
3036 2622 3303 2694 ἀφορμαὶ,
3337 2622 3432 2675 καὶ
3465 2618 3812 2691 πλασμάτωτι⁸

2224 2708 2657 2784 δυσσεϐεστέρων
2688 2714 2854 2784 ἀρχαὶ
2887 2713 3023 2785 πρὸς
3072 2710 3171 2775 τὰς
3216 2710 3351 2775 ἰδίας
3402 2708 3655 2772 ὑπονοίας
3694 2724 3809 2760 πα-

2226 2801 2604 2871 ρατρεπόντων
2635 2803 2703 2857 τὰ
2736 2805 2976 2875 ῥήματα.
3002 2802 3076 2856 Τὸ
3105 2802 3214 2874 γὰρ
3240 2802 3430 2865 σκότος
3460 2801 3578 2871 οὐχ,
3606 2799 3683 2862 ὡς
3712 2798 3814 2852 τέ-

2226 2908 2424 2960 φυκεν,
2453 2894 2775 2965 ἐξηγοῦνται
2806 2895 2943 2968 ἀέρα
2979 2894 3102 2949 τινὰ
3135 2893 3461 2964 ἀφώτιστον,
3488 2892 3523 2963 ἢ
3552 2891 3714 2945 τόπον
3746 2889 3813 2957 ἐξ

2224 2985 2597 3056 ἀντιφράξεως
2626 2984 2877 3058 σώματος
2903 2983 3261 3056 σκιαζόμενον
3286 2983 3423 3054 (17),
3447 2981 3483 3052 ἢ
3504 2981 3642 3044 ὅλως
3681 2978 3810 3033 καθ’

2224 3076 2508 3130 ὁποιανοῦν
2541 3076 2719 3130 αἰτίαν
2743 3076 2905 3130 τόπον
2936 3075 3115 3145 φωτὸς
3142 3073 3528 3146 ἐστερημένον,
3556 3068 3691 3124 ἀλλά
3721 3068 3813 3122 δύ-

2229 3183 2394 3239 ναμιν
2434 3168 2629 3240 κακὴν,
2663 3168 2861 3239 μᾶλλον
2890 3168 2950 3221 δὲ
2974 3166 3105 3221 αὐτὸ
3131 3166 3192 3219 τὺ
3222 3164 3413 3232 κακὸν,
3449 3165 3578 3235 παρ’
3608 3159 3810 3215 ἐαυτοῦ

2230 3258 2327 3330 τὴν
2351 3258 2521 3330 ἀρχὴν
2547 3258 2689 3329 έχον,
2720 3258 3093 3329 ἀντικείμενον
3119 3242 3230 3310 και
3247 3253 3487 3309 ἐναντίον
3516 3255 3583 3324 τῇ
3612 3250 3811 3322 ἀγαθό-

2186 3424 2191 3429 θ
2229 3368 2351 3421 τητι
2383 3351 2476 3404 τοῦ
2511 3350 2645 3405 Θεοῦ
2681 3351 2999 3422 ἐξηγοῦνται
3034 3349 3094 3402 τὸ
3136 3348 3344 3412 σκότος.
3376 3348 3439 3401 Ei
3474 3345 3585 3417 γὰρ
3615 3347 3642 3398 ὁ
3676 3344 3811 3407 Θεὸς

2231 3442 2347 3511 φῶς
2384 3443 2520 3507 ἐστι,
2553 3442 2790 3513 δηλονότι
2834 3444 2869 3514 ἡ
2908 3439 3439 3514 ἀντιστρατευομένη
3472 3438 3620 3510 αὐτῷ
3650 3438 3815 3491 δύνει-

2234 3552 2324 3605 μις
2364 3534 2550 3599 σκότος
2577 3534 2643 3589 ἂν
2681 3535 2788 3606 εἴη,
2825 3534 2958 3604 φασὶ
2986 3532 3120 3605 (l8),
3164 3533 3304 3587 κατά
3342 3532 3403 3588 τὸ
3443 3534 3542 3602 τῆς
3571 3528 3812 3594 διανοίας

2230 3625 2539 3682 ἀκόλουθον.
2597 3627 2816 3693 Σκότος,
2866 3627 2928 3680 ού
2974 3627 3102 3700 παρ’
3146 3624 3349 3699 ἐτέρου*
3379 3623 3441 3677 τὸ
3485 3617 3625 3677 εἶναι
3661 3621 3808 3693 ἔχον.

2187 3786 2191 3791 ι
2229 3717 2364 3771 ἀλλά
2396 3718 2564 3771 κακὸν
2603 3718 3014 3789 αύτογέννητον.
3059 3718 3258 3781 Σκότος
3304 3715 3559 3787 πολέμιον
3596 3714 3807 3786 ψυχῶν,

2230 3805 2459 3863 θανάτου
2514 3809 2814 3879 ποιητικὸν,
2864 3808 3068 3879 ἀρετῆς
3126 3807 3470 3872 ἐναντίωσις·
3523 3806 3658 3877 ὅπερ
3708 3803 3810 3858 καὶ

2229 3900 2545 3968 ὑφεστάναι,
2589 3900 2791 3972 καὶμὴ
2838 3900 2989 3972 παρὰ
3015 3901 3151 3954 Θεοῦ
3197 3899 3543 3970 γεγενῆσθαι,
3588 3898 3680 3951 ὑπ’
3706 3897 3810 3950 αὖε

2227 3992 2334 4048 τῶν
2371 3994 2666 4065 μηνύεσθαι
2700 3994 2811 4048 τῶν
2847 3993 2940 4047 τοῦ
2969 3997 3246 4067 προφήτου
3279 3990 3805 4063 λόγωνρέξαπατῶν-

2226 4100 2336 4137 ται.
2380 4084 2473 4137 Ἐκ
2500 4083 2564 4156 δὴ
2589 4083 2779 4137 τούτου
2806 4085 2858 4137 τί
2889 4085 3009 4155 οὐχὶ
3038 4084 3381 4156 συνεπλάσθη
3411 4082 3520 4137 τῶν
3551 4079 3805 4153 πονηρῶν

2226 4174 2321 4227 καὶ
2361 4173 2536 4229 ἀθέων
2566 4175 2891 4246 δογμάτων;
2929 4179 3078 4230 Ποίοι
3117 4176 3270 4231 λύκοι
3325 4175 3512 4246 βαρεῖς
3540 4173 3651 4244 (l9)
3682 4173 3805 4225 διαο

551 4248 921 4320 discerpentes
947 4252 1015 4317 ³ο,
1061 4265 1276 4324 sumpto
1319 4258 1387 4313 ab
1434 4259 1536 4315 hac
1571 4276 1733 4330 parva
1767 4279 1896 4320 voce
1941 4266 2122 4335 initio,

2217 4262 2470 4329 .tmg'w'cs;
2492 4264 2551 4317 τὸ
2576 4266 2824 4336 ποίμνιον
2855 4265 2947 4320 τοῦ
2976 4265 3133 4333 Θεοῦ,
3170 4266 3309 4338 οὐχὶ,
3335 4264 3444 4319 ἀπὸ
3476 4264 3577 4335 τῆς
3603 4263 3806 4334 μικρᾶς

552 4340 760 4397 animas
808 4357 913 4398 non
964 4344 1318 4401 invaserunt?
1365 4347 1553 4407 Nonne
1605 4353 1731 4409 hinc
1774 4353 2120 4413 'Marciones?

2224 4354 2440 4425 ταύτης·
2460 4357 2642 4427 φωνῆς
2664 4357 2761 4429 τὴν
2791 4358 2964 4431 ἀρχὴν
3003 4358 3280 4426 λαϐόντες,
3306 4358 3648 4413 ἐπεπόλασαν
3680 4357 3805 4419 ταῖς

550 4444 728 4486 nonne
757 4433 1072 4489 Valentini?
1104 4449 1283 4491 nonne
1309 4438 1666 4496 abominanda
1698 4444 2116 4504 Manichmorum

2224 4446 2455 4517 ψυχαίς;
2495 4448 2628 4519 Οὐχὶ
2672 4450 3030 4521 Μαρκίωνες;
3075 4452 3196 4522 ούχὶ
3227 4450 3566 4506 Οὑαλεντίνοι
3621 4446 3804 4502 ἐντεῦ-

538 4517 796 4589 haeresis,
830 4537 992 4593 quam
1025 4524 1070 4579 si
1106 4524 1229 4593 quis
1272 4527 1611 4596 putredinem
1654 4530 1884 4601 appellet
1928 4532 2115 4592 Eccle-

2224 4535 2348 4601 θεν;
2382 4537 2480 4608 οὐχ
2506 4540 2538 4610 ἡ
2573 4517 2834 4611 θδελυκτὴ
2857 4538 2963 4593 τῶν
2992 4517 3311 4611 Mam-iain
3332 4540 3563 4612 αἵρεσις,
3600 4539 3666 4610 ἢν
3695 4554 3801 4610 οη-

619 4699 662 4732 "
688 4699 712 4753 Ι
738 4699 895 4759 Joan.
932 4718 971 4768 ι,
1002 4702 1054 4757 5.
1132 4705 1177 4736 ¹⁰
1206 4705 1327 4761 Act.
1356 4720 1453 4771 xx,
1482 4704 1579 4761 29.

609 4879 722 4954 (1.3)
748 4879 833 4954 Ita
883 4881 1050 4954 c_ode_x
1079 4883 1323 4940 Combef.
1370 4895 1428 4943 et
1475 4887 1565 4941 alii
1599 4902 1793 4945 novem
1824 4905 1956 4948 mss.
1985 4906 2108 4948 cum

539 4950 1374 5033 editione‘BasilLEditiomIfaris.
1431 4958 1553 5033 s_ola_
1592 4959 1823 5033 uberius
1869 4962 2109 5033 προσγέ-

539 5038 697 5094 νηται
718 5020 1082 5099 καιὸτιοῦνγε
1114 5025 1335 5099 μᾶλλον,
1361 5035 1409 5084 ιι
1445 5028 1579 5097 ignis
1605 5038 1681 5082 est
1736 5020 1967 5099 cujusvis
2013 5020 2108 5087 ita-

541 5091 693 5162 tu'rce
714 5091 888 5162 potius
915 5108 1074 5162 quam
1100 5091 1422 5150 tenebrosus.

609 5159 723 5229 (14)
755 5158 955 5241 ϐράεις
970 5166 1269 5241 υηυεννοεῖν
1297 5166 1460 5241 ὑ-μᾷς.
1494 5165 1616 5241 Μρι
1643 5181 1775 5241 mss.
1806 5183 1916 5225 non
1945 5172 2104 5241 pauci

536 5224 767 5304 ἀόρατος
785 5224 892 5304 ἦν..
918 5230 1080 5304 Deest
1104 5227 1173 5304 ἧν
1196 5234 1250 5304 in
1272 5224 1507 5292 editione
1537 5236 1711 5292 Paris.

616 5300 722 5382 [15)
768 5300 992 5382 Antiqui
1050 5300 1161 5382 tres
1214 5303 1343 5382 libri
1399 5315 1455 5361 et
1507 5306 1635 5362 editi
1677 5307 2102 5382 €9ﬂ6§t0V._Alil

536 5372 775 5439 quinque
798 5385 929 5425 mss.
954 5371 1227 5442 ἐμπόδιος.
1262 5375 1553 5446 Aliquanto
1574 5386 1696 5448 post
1713 5371 1909 5435 'codex
1939 5380 2106 5436 Com-

534 5439 649 5495 bef.
671 5438 943 5503 παντοίοις
972 5442 1064 5494 καὶ
1091 5442 1375 5509 ποικίλοις.

607 5509 899 5589 (16).(]οιι›.
923 5512 1136 5589 ⁵ρι’ἰιιλυει
1163 5514 1508 5589 προσαγάγῃ.
1546 5516 1701 5589 Haud
1745 5517 1905 5589 longe
1945 5520 2096 5578 Colb.

536 5576 805 5652 secundus
840 5576 1030 5645 σκότος
1048 5576 1137 5652 ἦν.
1166 5576 1549 5643 ΕἷίὶιίοῬὲἶὶε.
1596 5576 1869 5643 ἐπέκειτό
1887 5576 2099 5647 ἐπάνω.

536 5646 648 5731 _Se‘d
697 5662 811 5731 sex_
845 5664 979 5731 mss.
1010 5646 1085 5704 δι’
1115 5667 1271 5712 sacer
1316 5665 1494 5716 textus
1543 5658 1858 5730 simpliciter
1907 5646 2100 5728 σκότος

537 5715 719 5771 ιπάνω
751 5720 849 5790 τῆς
879 5718 1136 5779 ἀϐύσσου.

2285 4894 2398 4966 (17)
2426 4892 2510 4966 -lt_a
2541 4908 2634 4950 sex
2666 4908 2797 4950 mss.
2827 4894 2977 4966 editi
3008 4902 3065 4950 et
3089 4894 3441 4966 aliuspcodex
3469 4891 3799 4966 ἀποσκιαζρ-

2213 4964 2395 5035 μενον.
2436 4964 2558 5021 Mox
2594 4966 2700 5020 duo
2748 4980 2878 5020 mss.
2916 4965 3088 5035 τόπον
3135 4964 3283 5017 τινά.
3342 4964 3585 5020 Subinde
3640 4964 3798 5024 Colb.

2209 5034 2419 5104 primus
2436 5035 2811 5105 ἀντικείμενον
2840 5034 2935 5089 καὶ
2960 5034 3398 5105 ἐναντιούμενον.

2282 5105 2393 5176 (18)
2417 5104 2567 5176 Multi
2607 5102 2738 5176 mss.
2775 5114 2831 5160 et
2876 5106 3041 5160 editio
3077 5102 3243 5160 Basil'.
3291 5106 3377 5176 εῐη
3414 5102 3570 5176 φησί.
3609 5103 3799 5176 Εάἱιίο

2206 5172 2385 5245 Paris.
2414 5175 2566 5245 φασί.
2618 5175 2829 5245 Notabo
2858 5177 3196 5245 prteteriens,
3242 5172 3436 5231 vocem
3475 5172 3620 5244 ’φασί
3671 5192 3800 5232 raro

2208 5244 2266 5300 in
2299 5243 2435 5301 mss.
2459 5245 2659 5301 nostris
2698 5243 2823 5315 legi.
2859 5243 3007 5301 'Mox
3066 5246 3219 5302 Colb.
3271 5243 3647 5317 primus'mp‘
3674 5245 3799 5299 ἑτέ-

2213 5330 2310 5369 om.

2247 5331 2395 5456 ιἍίὶ)
2426 5383 2644 5456 Legitur
2671 5399 2887 5455 quoque
2932 5384 3196 5445 Actorum
3226 5401 3320 5452 xx,
3349 5385 3446 5450 29,
3499 5386 3552 5440 in
3600 5382 3800 5443 Graeco

2208 5453 2362 5509 λύκοι
2376 5453 2593 5527 βαρεῖς,
2626 5453 2736 5524 ιιιρὶ
2764 5453 2968 5526 graves,
2994 5456 3188 5527 infesti
3219 5473 3239 5511 :
3271 5465 3328 5509 at
3363 5456 3420 5511 in
3444 5456 3682 5527 Vulgata
3708 5456 3797 5527 in-_

2206 5523 2592 5595 terpreiat'ione
2650 5523 2999 5595 p’ro'graves'
3040 5523 3271 5593 legimus
3331 5523 3575 5591 rapaces:
3640 5523 3799 5581 Haud

2208 5594 2365 5666 longe
2407 5604 2517 5652 tres
2555 5594 2687 5652 mss.
2739 5594 3019 5668 statumen
3050 5596 3150 5668 τοῦ
3186 5595 3452 5668 Χριστοῦ.
3490 5595 3799 5668 Aliquanto

2205 5663 2327 5734 post
2372 5681 2501 5726 mss.
2554 5666 2794 5725 nonnulli
2841 5663 2902 5719 οὐ
2964 5663 3332 5738 Μαρκίωνές,
3374 5666 3435 5720 ού
3497 5663 3797 5724 Οὑαλεντῐς

2208 5750 2287 5788 νοι
2298 5777 2312 5790 .
