4082 6218
369 317 439 379 37
1470 316 1757 373 HOMILIA
1792 315 1839 372 II
1875 316 1947 372 IN
1982 313 2478 373 HEXAEMERON.
3317 338 3326 345 -
3530 319 3607 377 38

376 439 572 496 πεδόνα
594 454 679 501 τις
698 434 807 490 τῶν
849 429 1184 504 Ἐκκλησιῶν
1213 427 1522 502 προσειπὼν
1560 430 1659 501 οὑχ
1694 429 1945 501 ἁμαρτή-

2061 431 2272 495 tiarum,
2317 446 2348 486 a
2383 432 2581 487 decoro
2629 443 2736 485 non
2790 428 3096 488 aberrabit?
3146 431 3285 500 Quid
3337 434 3525 503 procul
3576 450 3607 488 a

378 550 524 588 σεται
555 530 669 600 (20)
698 526 792 582 τοῦ
827 526 1233 599 προσήκοντος;
1264 522 1328 575 Τί
1370 521 1587 592 μακρὰν
1626 521 1949 593 ἀποτρέχεις

375 624 472 693 τῆς
496 619 776 692 ἀληθείας,
817 614 1093 686 ἄνθρωπε,
1133 611 1389 684 ἀφορμὰς
1437 609 1648 682 σεαυτῷ
1693 614 1793 682 τῆς
1838 612 1947 664 ἀπ·-

374 709 569 773 mulsia;
592 705 854 772 ὲπινοῶνς
883 702 1113 766 Ἀπλοῦς
1126 704 1154 756 ὁ
1170 701 1345 770 λόγος,
1361 699 1454 754 καὶ
1473 701 1637 754 πᾶσιν
1660 699 1945 771 εὖληπτος.

387 802 659 868 Ἀόρατος
681 794 762 869 ἦν
790 796 829 866 ἡ
859 794 956 866 γῆ,
982 792 1135 864 φησί.
1163 792 1260 855 Τίς
1288 793 1321 862 ἡ
1344 790 1528 856 uitia;
1557 790 1774 862 Ἐπειδὴ
1786 790 1949 845 ἄϐυσ-

377 908 467 943 σον
511 886 655 956 εῖχεν
695 884 1131 950 ἐπιπολάζουσαν
1160 885 1345 956 ἑαυτῇ.
1390 880 1650 936 Ἀϐύσσου
1690 882 1747 936 δὲ
1774 882 1949 936 ἔννοια

372 983 491 1048 τίς;
522 983 706 1054 Ὕδωρ
747 979 883 1035 πολὺ
916 978 1236 1048 δυσέφικτον
1274 976 1395 1047 ἔχον
1443 974 1636 1029 ἑαυτοῦ
1679 974 1738 1028 τὸ
1772 974 1948 1045 πέρας

377 1079 470 1131 ἐπὶ
494 1078 555 1132 τὸ
586 1078 755 1132 κάτω.
805 1074 943 1129 Ἀλλ’
966 1072 1210 1142 ἔγνωμεν
1239 1070 1408 1125 πολλὰ
1435 1069 1541 1124 τῶν
1565 1069 1828 1140 σωμάτων
1856 1068 1950 1122 καὶ

373 1171 441 1224 δι’
468 1170 657 1234 ὓδατος
690 1168 1013 1238 λεπτοτέρου
1049 1167 1143 1221 καὶ
1173 1162 1425 1234 διαυγοῦς
1455 1162 1714 1224 πολλάκις
1738 1162 1951 1229 διαφαι-

375 1263 597 1334 νόμενα.
642 1261 769 1324 Πῶς
797 1255 889 1314 οὖν
919 1259 1069 1312 οὐδὲν
1107 1257 1268 1329 μέρος
1308 1257 1408 1327 τῆς
1430 1256 1535 1326 γῆς
1568 1254 1656 1307 διὰ
1684 1252 1793 1307 τῶν
1828 1252 1952 1305 ὑδά-

378 1371 487 1407 των
529 1352 834 1416 ὲδείκνυτο;
863 1351 985 1403 Ὅτι
1022 1348 1278 1420 ἀλαμπὴς
1316 1349 1394 1401 ἔτι
1436 1347 1529 1401 καὶ
1570 1344 1952 1415 ὲσκοτισμένος

379 1444 494 1516 (21)
522 1440 589 1515 ἦν
613 1444 641 1495 ὁ
666 1442 803 1512 ὑπὲρ
826 1439 991 1494 αὐτοῦ
1021 1439 1318 1510 κεχυμένος
1346 1439 1474 1507 ἀήρ.
1516 1437 1697 1501 Ἀκτὶς
1726 1435 1823 1505 μὲν
1844 1433 1951 1504 γὰρ

378 1535 552 1607 ἡλίου,
581 1534 646 1587 δι’
681 1533 887 1586 ὑδάτων
911 1530 1280 1601 διικνουμένη,
1305 1525 1544 1582 δείκνυσι
1574 1526 1830 1590 πολλάκις
1855 1529 1954 1593 τὰς

380 1630 439 1683 ὲν
467 1626 544 1698 τῷ
574 1625 725 1698 βάθει
746 1623 983 1696 ψηφῖδας
1007 1641 1020 1653 ·
1055 1624 1113 1676 ὲν
1141 1621 1297 1675 νυκτὶ¹
1341 1620 1399 1674 δέ
1431 1637 1514 1683 τις
1548 1618 1740 1690 βαθείᾳ
1781 1620 1953 1674 οὐδενὶ

380 1719 447 1773 ἂν
477 1720 661 1791 τρόπῳ
690 1718 760 1771 τὰ
784 1715 890 1769 ὑπὸ
911 1715 973 1768 τὸ
1013 1713 1157 1786 ὕδωρ
1191 1712 1413 1766 κατίδοι.
1443 1712 1607 1765 Ὥστε
1647 1711 1742 1766 τοῦ
1784 1712 1951 1783 ἀόρα-

2048 524 2282 579 veritate
2320 523 2554 588 recedis,
2583 538 2618 578 ο
2640 522 2823 588 homo,
2846 524 2945 579 tibi
2978 523 3078 595 ipsi
3104 524 3254 579 exitii
3285 537 3477 581 causas
3514 540 3611 580 ex-

2050 611 2335 682 cogitans?
2364 611 2603 682 Simplex
2643 622 2729 668 est
2762 613 2950 681 dictio,
2977 622 3032 669 et
3065 613 3133 670 ab
3174 615 3424 671 omnibus
3460 629 3611 672 com-

2048 702 2309 773 prehendi
2339 702 2499 759 facile
2519 713 2717 773 potest.
2745 703 2902 771 Erat,
2934 706 3125 775 inquit,
3151 706 3426 762 invisibilis
3451 714 3614 763 terra.

2050 793 2310 861 Quaenam
2356 803 2441 849 est
2489 794 2693 849 causa?
2726 794 2863 861 Quia
2904 795 3286 851 circumfusam
3319 796 3419 852 sibi
3452 801 3615 869 abys-

2051 900 2172 940 sum
2225 885 2477 941 habebat.
2521 885 2658 954 Quid
2692 897 2895 958 autem_
2917 889 3143 959 abyssus
3180 890 3481 960 significat?
3507 890 3617 946 Co-

2049 979 2259 1049 piosam
2310 993 2548 1049 aquam,
2599 979 2755 1049 cujus
2808 978 3005 1037 fundus
3053 982 3144 1036 vix
3197 991 3374 1053 potest
3425 983 3617 1054 attingi

2051 1072 2304 1128 deorsum
2338 1086 2547 1127 versus.
2589 1073 2661 1127 At
2702 1072 2975 1142 complura
3015 1088 3238 1144 corpora
3267 1090 3365 1144 per
3402 1083 3614 1132 tenuem

2051 1172 2109 1217 et
2150 1162 2572 1218 translucentem
2631 1178 2828 1234 aquam
2877 1164 3078 1221 scimus
3122 1178 3227 1219 non
3265 1180 3389 1221 raro
3423 1166 3614 1222 videri.

2056 1254 2162 1324 16
2192 1252 2474 1320 Quomodo
2505 1253 2671 1324 igitur
2693 1254 2838 1308 nulla
2869 1264 3029 1310 terrae
3050 1270 3180 1326 pars
3203 1256 3303 1311 sub
3342 1264 3616 1326 aspectum

2053 1348 2281 1400 cadebat
2329 1362 2423 1416 per
2475 1348 2681 1417 aquas?
2709 1347 2844 1415 Quia
2887 1346 3091 1404 eﬁ‘usus
3136 1362 3300 1418 super
3340 1357 3461 1404 eam
3499 1361 3615 1415 aer,

2053 1437 2314 1492 obscurus
2356 1438 2534 1494 adhuc
2586 1448 2727 1505 erat,
2759 1448 2813 1495 et
2862 1440 3099 1497 tenebris
3147 1441 3433 1497 obductus.
3481 1441 3620 1498 Nam

2054 1527 2183 1582 solis
2220 1528 2403 1584 radius
2443 1545 2565 1584 cum
2612 1546 2712 1601 per
2756 1545 2926 1601 aquas
2958 1541 3226 1602 penetrat,
3254 1546 3395 1603 saepe
3425 1532 3480 1588 in
3510 1532 3623 1588 ima

2055 1620 2268 1690 gurgite
2297 1620 2534 1678 calculos
2557 1624 2827 1690 ostendit;
2860 1633 2916 1679 at
2939 1640 3067 1680 vero
3096 1627 3147 1680 in
3176 1625 3439 1696 profunda
3463 1636 3622 1682 nocte

2058 1726 2216 1764 nemo
2262 1725 2326 1764 ea
2366 1726 2487 1781 quae
2523 1712 2623 1767 sub
2666 1729 2805 1785 aqua
2830 1724 2975 1782 sunt,
3000 1715 3107 1770 ullo
3131 1726 3288 1785 pacto
3314 1717 3497 1773 videre
3524 1731 3623 1786 po-

381 1830 474 1867 τον
507 1807 643 1865 εἶναι
675 1809 771 1881 τὴν
814 1811 916 1880 γῆν
951 1805 1451 1861 κατασκευαστικὸν
1495 1806 1609 1858 ἐστι
1649 1805 1709 1857 τὸ
1750 1806 1952 1873 ἑπαγό-

2061 1811 2185 1858 test.
2218 1780 2405 1873 Itaque
2435 1805 2488 1860 id
2515 1808 2661 1876 quod
2696 1780 3062 1879 subiungitur,
3092 1780 3319 1881 abyssus
3343 1780 3624 1865 incumbe-

387 1921 569 1977 μενον,
610 1904 689 1956 ὅτι
711 1902 804 1956 καὶ
833 1899 1067 1963 ἄϐυσσος
1090 1894 1211 1970 ἦνή
1240 1898 1510 1968 ἐπέχουσα
1540 1896 1673 1968 (22),
1704 1898 1797 1951 καὶ
1816 1896 1953 1969 αὕτη

386 1992 763 2065 ὲσκοτισμένη.
809 1990 946 2046 Οὔτε
1002 1985 1095 2045 οὖν
1133 1988 1366 2054 ἄϐυσσος
1422 1989 1704 2059 δυνάμεων
1751 1988 1953 2059 πλῆθος

388 2085 798 2157 ἀντικειμένων,
824 2083 899 2149 ὥς
937 2100 1083 2147 τινες
1130 2081 1563 2154 ὲῳαντάσθησαν,
1613 2080 1735 2135 οὔτε
1769 2082 1954 2144 σκότος

389 2179 593 2251 ἀρχική
640 2194 725 2242 τις
755 2176 850 2230 καὶ
905 2173 1117 2248 πονηρὰ
1164 2175 1394 2244 δύναμις
1437 2173 1836 2245 ἀντεξαγομένη
1878 2171 1956 2242 τῷ

387 2269 592 2342 ἀγαθῷ.
629 2268 732 2323 Δύο
763 2267 870 2339 γάρ
904 2266 1218 2332 ὲξισάζοντα
1262 2265 1510 2337 ἀλλήλοις
1551 2267 1669 2320 κατ’
1699 2264 1955 2319 ἐναντίω-

389 2380 475 2418 σιν
498 2361 771 2434 φθαρτικὰ
795 2360 946 2414 ἔσται
974 2362 1190 2424 πάντως
1217 2361 1315 2431 τῆς
1336 2358 1582 2428 ἀλλήλων
1612 2358 1922 2421 συστάσεως
1939 2374 1954 2389 ’

390 2453 819 2525 καὶοπράγματα
861 2450 972 2515 ἕξει
1001 2449 1261 2522 διηνεκῶς
1294 2451 1387 2502 καὶ
1415 2446 1637 2520 παρέξει
1670 2446 1962 2511 ἀπαύστως

389 2545 528 2618 πρὸς
552 2543 754 2616 ἄλληλα
783 2542 1113 2613 συνεχόμενα
1136 2541 1215 2612 τῷ
1236 2540 1474 2612 πολέμῳ.
1511 2538 1627 2594 Κᾶν
1649 2537 1962 2612 ὑπερϐάλλῃ

390 2636 616 2706 δυνάμει
656 2634 764 2688 τῶν
792 2632 1182 2704 ἀντικειμένων
1208 2631 1317 2702 (25)
1341 2631 1401 2683 τὸ
1433 2631 1640 2703 ἕτερον,
1668 2629 1963 2701 δαπανητι-

390 2727 489 2780 κδν
521 2725 581 2791 ἐξ
603 2726 840 2788 ἅπαντος
864 2723 956 2777 τοῦ
980 2723 1340 2795 κρατηθέντος
1365 2722 1757 2789 γίνεται.”Ωστε
1784 2725 1831 2775 εί
1864 2721 1962 2793 μὲν

398 2818 682 2890 ἰσόρροπον
727 2815 942 2886 λέγουσι
977 2814 1072 2869 τοῦ
1116 2814 1285 2868 κακοῦ
1338 2814 1435 2886 τὴν
1474 2813 1610 2886 πρὸς
1659 2813 1720 2866 τὸ
1761 2811 1963 2881 ἀγαθὸν

393 2910 727 2976 ἐναντίωσιν,
752 2908 1027 2963 ἄπαυστον
1058 2907 1335 2974 εἰσάγουσι
1359 2906 1591 2976 πόλεμον
1621 2906 1715 2985 καὶ
1743 2903 1962 2975 διηνεκῆ

393 3004 491 3074 τὴν
523 3002 745 3075 φθορὰν,
774 3001 1114 3074 κρατούντων
1141 3001 1199 3053 ὲν
1235 3000 1387 3070 μέρει
1425 3000 1518 3053 καὶ
1548 2996 1959 3068 κρατουμένωνο

392 3095 527 3149 εἰδὲ
565 3095 821 3167 ὑπερέχει
865 3093 1092 3163 δυνάμει
1135 3092 1194 3144 τὸ
1224 3090 1444 3160 ἀγαθὸν,
1493 3090 1577 3152 τίς
1616 3091 1648 3160 ἡ
1687 3076 1973 3142 αίτίαΗτοῦν

393 3188 492 3259 τὴν
531 3187 691 3258 φύσιν
734 3186 828 3240 τοῦ
864 3187 1034 3240 κακοῦ
1085 3185 1159 3255 μὴ
1199 3181 1477 3245 παντελῶς
1513 3181 1853 3254 ἀνῃρῆσθαι;
1898 3181 1963 3233 El

393 3280 473 3343 δὲ,
505 3278 533 3331 δ
566 3278 639 3350 μὴ
675 3278 784 3349 (24)
816 3276 975 3347 θέμις
1013 3277 1207 3337 εἰπεῖν,
1252 3272 1513 3344 θαυμάζω
1542 3273 1658 3335 πῶς
1684 3272 1804 3343 οὐχὶ
1837 3270 1967 3341 φεύ-

395 3385 582 3437 γουσιν
607 3368 759 3420 αὐτοὶ
787 3368 1009 3429 ἑαυτοὺς
1036 3365 1170 3435 πρὸς
1197 3364 1371 3428 οὑτως
1404 3363 1695 3433 ἀθεμίτους
1725 3362 1967 3433 βλασφη-

398 3460 530 3530 μίας
562 3458 973 3529 ὑποφερόμενοι.
1017 3456 1093 3509 Οὐ
1150 3455 1254 3527 μὴν
1286 3455 1404 3508 οὐδὲ
1436 3453 1586 3525 παρά
1622 3452 1756 3506 Θεοῦ
1779 3453 1839 3505 τὸ
1870 3468 1968 3506 κα-

397 3552 492 3605 κὸν
520 3552 617 3623 τὴν
650 3551 860 3620 γένεσιν
886 3544 1028 3620 ἔχειν
1058 3548 1277 3611 εὐσεϐές
1300 3548 1414 3600 ἐστι
1448 3546 1646 3615 λέγειν,
1674 3545 1760 3599 διὰ
1783 3544 1842 3598 τὸ
1876 3562 1972 3616 μηο

395 3644 484 3696 δὲν
517 3643 623 3696 τῶν
662 3641 919 3696 ἐναντίων
953 3639 1105 3711 παρά
1133 3638 1228 3691 τοῦ
1263 3638 1507 3705 ἐναντίου
1534 3635 1798 3706 γίνεσθαι.
1832 3633 1970 3688 οὔτε

395 3734 506 3806 γὰρ
540 3736 572 3805 ἠ
595 3732 707 3804 ζωὴ
733 3733 960 3787 θάνατον
984 3731 1167 3802 γεννᾷ,
1197 3729 1319 3783 οὔτε
1341 3728 1401 3783 τὸ
1431 3728 1617 3791 σκότος
1635 3727 1811 3795 φωτός
1825 3727 1971 3778 ἐστιν

396 3825 561 3898 ἁρχὴ,
592 3825 716 3878 οὔτε
754 3826 786 3895 η
825 3822 979 3887 νόσος
1014 3823 1227 3891 ὑγιείας
1258 3819 1610 3893 δημιουργὸς,
1641 3817 1754 3871 ἀλλ’
1781 3819 1838 3870 ὲν
1874 3817 1972 3887 μὲν

396 3922 515 3982 ταῖς
548 3916 867 3989 μεταϐολαῖς
895 3914 1001 3969 τῶν
1029 3914 1322 3968 διαθέσεων
1341 3915 1407 3967 ὲκ
1430 3912 1536 3965 τῶν
1562 3910 1815 3965 ἐναντίων
1838 3909 1973 3981 πρὸς

396 4008 463 4063 τὰ
495 4008 712 4062 ἐναντία
739 4010 796 4061 αί
831 4007 1189 4079 μεταστάσεις
1212 4023 1225 4035 ’
1261 4006 1318 4059 ὲν
1345 4005 1400 4058 δὲ
1429 4006 1547 4068 ταῖς
1570 4002 1846 4071 γενέσεσιν
1873 4000 1974 4054 οὐκ

397 4106 461 4156 ἐκ
485 4103 592 4156 τῶν
621 4102 902 4165 ἐναντίων,
938 4099 1051 4155 ἀλλ’
1078 4101 1143 4152 ὲκ
1171 4099 1278 4152 τῶν
1311 4095 1585 4168 ὁμογενῶν
1614 4094 1838 4147 ἕκαστον
1866 4091 1973 4144 τῶν

398 4193 698 4264 γινομένων
754 4191 1101 4264 προέρχεται.
1147 4190 1211 4243 El
1254 4188 1456 4253 τοίνυν,
1490 4189 1622 4258 φησὶ
1653 4186 1789 4257 (25),
1836 4186 1975 4256 μήτε

400 4286 713 4355 ἀγέννητον,
762 4284 915 4357 παρὰ
944 4283 1079 4338 Θεοῦ
1120 4282 1364 4353 γεγονὸς,
1408 4281 1571 4336 πόθεν
1602 4280 1713 4351 ἔχει
1751 4279 1848 4352 τὴν
1876 4278 1977 4347 φύ-

405 4396 488 4431 σιν
513 4394 529 4443 ;
553 4377 626 4430 Tb
653 4376 761 4448 γὰρ
783 4373 920 4430 εἶναι
951 4376 1022 4429 τὰ
1055 4374 1202 4429 κακά
1227 4374 1398 4436 οὐδεὶς
1430 4374 1649 4444 ἀντερεῖ
1669 4370 1776 4425 τῶν
1813 4387 1975 4442 μετε-

2057 1895 2164 1957 bat,
2201 1906 2257 1949 et
2283 1911 2345 1949 ea
2387 1906 2505 1950 erat
2553 1898 2793 1955 tenebris
2840 1900 3091 1967 obducta,
3129 1901 3182 1955 in
3222 1916 3385 1957 causa
3418 1908 3502 1957 est
3527 1916 3625 1957 cur

2061 1995 2201 2041 terra
2236 1985 2400 2041 fuerit
2428 1988 2734 2044 invisibilis.
2768 1989 2951 2059 Neque
2978 1991 3142 2061 igitur
3170 1993 3398 2064 abyssus
3429 1992 3625 2048 adver-

2059 2079 2326 2133 sariarum
2354 2088 2682 2150 potestatum
2709 2091 2794 2138 est
2822 2082 3126 2151 multitudo,
3149 2094 3210 2140 ut
3238 2085 3457 2155 quidam
3485 2084 3626 2141 ima-

2061 2170 2228 2240 ginati
2268 2179 2396 2227 sunt
2428 2188 2443 2226 :
2477 2186 2654 2242 neque
2704 2173 2940 2231 tenebras
2978 2185 3107 2231 sunt
3135 2176 3446 2248 principalis
3476 2192 3626 2249 quc-

2063 2264 2184 2317 dam
2227 2277 2292 2319 ac
2337 2263 2480 2319 mala
2525 2267 2790 2336 potentia,
2829 2268 2973 2323 bono
3013 2268 3277 2338 opposita.
3318 2267 3432 2325 Duo
3479 2268 3625 2324 enim

2069 2359 2211 2412 inter
2256 2371 2315 2413 se
2362 2358 2746 2415 contrarietate
2782 2359 2935 2429 paria
2977 2368 3163 2416 mutuo
3195 2375 3347 2416 suam
3376 2370 3625 2416 naturam

2060 2451 2376 2517 destruent;
2422 2464 2487 2504 ac
2526 2449 2897 2507 indesinenter
2923 2451 3160 2523 capient,
3189 2451 3628 2524 exbibebuntque

2061 2538 2354 2605 molestias,
2386 2540 2501 2611 jugi
2547 2541 2691 2597 i'nter
2718 2555 2779 2597 se
2832 2541 2976 2597 bello
3027 2542 3324 2613 implicata.
3376 2541 3531 2609 Quod
3581 2543 3627 2597 si

2064 2630 2463 2686 adversantium
2489 2632 2722 2687 alterum
2747 2633 2904 2689 alteri
2928 2634 3134 2689 viribus
3163 2643 3405 2704 praestet,
3424 2635 3626 2691 victum

2063 2721 2282 2775 omnino
2313 2722 2567 2778 absumit.
2598 2723 2780 2791 Quare
2807 2726 2852 2779 si
2880 2726 3007 2779 mali
3040 2727 3475 2782 contrarietatem
3503 2742 3626 2783 cum

2063 2811 2206 2865 bono
2244 2811 2577 2881 aequilibrem
2634 2828 2757 2869 esse
2803 2814 3017 2880 dicant,
3069 2815 3384 2869 continuum
3431 2815 3628 2869 bellum

2066 2912 2489 2974 perpetuamque
2521 2905 2923 2976 corruptionem
2965 2906 3255 2973 inducunt;
3290 2907 3626 2978 quandoqui-

2066 2992 2186 3048 dem
2240 2996 2435 3064 partim
2481 2996 2745 3062 vincunt,
2800 2997 2996 3067 partim
3045 2997 3354 3053 vincuntur.
3413 2997 3532 3054 Jam
3581 3000 3631 3053 si

1978 3075 2032 3160 ἠ
2066 3087 2271 3141 viribus
2297 3087 2575 3160 pqrmpollet
2599 3088 2835 3154 bonum;
2867 3091 2995 3160 quid
3026 3090 3126 3144 fuit
3154 3105 3350 3156 causae,
3380 3104 3479 3146 cur
3504 3092 3630 3146 mali

2069 3187 2260 3232 natura
2299 3194 2404 3233 non
2453 3178 2690 3235 funditus
2722 3180 2933 3236 sublata
2979 3182 3089 3237 sit?
3132 3181 3228 3237 Sin
3275 3182 3454 3248 aliter,
3487 3184 3632 3253 quod

2068 3287 2174 3325 non
2208 3271 2331 3326 licet
2357 3273 2558 3339 dicere,
2586 3275 2755 3329 miror
2789 3274 3059 3344 quoinodo
3092 3290 3150 3329 se
3174 3275 3272 3345 ipsi
3296 3291 3402 3331 non
3436 3275 3634 3333 abhor—

2071 3372 2245 3427 reant,
2276 3366 2342 3418 ad
2381 3374 2486 3419 tam
2524 3364 2753 3420 nefanda
2782 3366 3063 3422 maledicta
3093 3366 3312 3437 delapsi.
3351 3370 3421 3424 At
3462 3384 3635 3440 neque

2070 3456 2269 3508 malum
2304 3470 2333 3510 a
2370 3454 2480 3511 Deo
2513 3466 2826 3526 generatum
2861 3473 3004 3524 esse,
3036 3459 3213 3515 dicere
3245 3459 3326 3516 fas
3363 3469 3468 3527 est,
3506 3476 3633 3531 pro—

2069 3554 2253 3617 pterea
2301 3549 2441 3615 quod
2482 3549 2685 3602 nullum
2723 3550 3052 3605 contrarium
3087 3566 3117 3605 a
3152 3551 3421 3605 contrario
3449 3550 3637 3621 gigna-

2071 3648 2178 3693 tur.
2210 3639 2395 3710 Neque
2428 3641 2571 3695 enim
2606 3641 2714 3695 vita
2747 3650 2972 3697 mortem
3003 3652 3241 3711 generat,
3278 3655 3454 3711 neque
3486 3649 3637 3695 tene-

2072 3729 2181 3785 brae
2226 3730 2361 3787 lucis
2405 3733 2731 3803 principium
2783 3741 2928 3798 sunt,
2975 3740 3147 3802 neque
3192 3733 3412 3789 morbus
3456 3735 3638 3803 opifex

2072 3833 2154 3877 est
2189 3824 2440 3879 sanitatis
2472 3843 2486 3879 :
2520 3824 2613 3879 sed
2657 3825 2709 3878 in
2743 3823 3083 3879 aﬂ‘ectionum
3110 3824 3640 3895 commutationibus,

2071 3931 2102 3971 e
2128 3916 2418 3970 contrariis
2445 3917 2512 3970 ad
2548 3916 2818 3972 contraria
2862 3916 2997 3971 fiunt
3044 3915 3388 3971 transitiones
3420 3936 3433 3971 :
3467 3915 3520 3971 in
3553 3930 3643 3987 ge-

2073 4007 2446 4062 nerationibus
2491 4022 2642 4075 vero,
2683 4021 2772 4063 res
2816 4007 3041 4079 singula:
3079 4021 3199 4078 quae
3231 4007 3387 4074 fiunt,
3416 4022 3523 4064 non
3570 4022 3640 4063 ex

2071 4097 2383 4162 contrariis,
2406 4096 2502 4153 sed
2544 4113 2611 4153 ex
2654 4100 3044 4169 congeneribus
3081 4100 3469 4168 producuntur.
3508 4098 3643 4156 Pro-

2074 4188 2220 4255 inde,
2249 4190 2520 4260 inquiunt,
2544 4192 2589 4246 si
2621 4206 2794 4262 neque
2836 4191 3135 4262 ingenitum
3173 4202 3256 4248 est
3293 4192 3514 4257 malum,
3545 4207 3641 4247 ne-

2075 4296 2180 4351 que
2223 4296 2255 4337 a
2300 4282 2413 4338 Deo
2461 4284 2724 4355 genitum,
2772 4282 2915 4339 unde
2962 4291 3215 4337 naturam
3266 4282 3470 4339 habet?
3501 4280 3639 4337 Nam

2085 4373 2226 4429 mala
2256 4389 2377 4430 esse
2406 4390 2565 4430 nemo
2592 4374 2716 4429 vitae
2746 4375 3016 4445 particeps
3044 4373 3338 4445 negaverit.
3370 4372 3508 4440 Quid
3537 4373 3642 4442 igi-

404 4472 606 4542 χόντων
636 4468 732 4523 τοῦ
766 4467 904 4538 βίου.
933 4463 1109 4522 Τίοῦν
1131 4482 1349 4538 φαμεν;
1378 4466 1501 4519 ’Ότι
1533 4465 1595 4517 τὸ
1631 4463 1799 4517 κακόν
1830 4463 1962 4515 ἑστιι

2079 4474 2168 4519 tur
2195 4465 2467 4521 dicimus?
2499 4465 2695 4520 Malum
2741 4464 2952 4521 scilicet
2992 4480 3100 4521 non
3133 4464 3489 4520 substantiam
3520 4477 3643 4518 esse

404 4562 526 4634 οὐχὶ¹
555 4560 711 4614 οὐσία
744 4556 896 4623 ζῶσα
925 4558 1019 4611 καὶ
1059 4556 1321 4628 ἔμψυχος,
1350 4553 1487 4610 ἀλλὰ
1511 4553 1748 4615 διάθεσις
1778 4554 1834 4605 ὲν
1873 4551 1974 4621 ψυ-

405 4657 474 4727 χῇ
517 4651 771 4714 ὲνανίῖῖίως
796 4650 993 4720 ἔχουσα
1040 4650 1175 4722 πρὸς
1226 4648 1446 4721 ἀρετὴν,
1475 4646 1561 4700 διὰ
1587 4647 1686 4718 τὴν
1734 4644 1841 4698 ἀπὸ
1877 4643 1971 4697 τοῦ

406 4744 572 4800 καλοῦ
604 4743 916 4797 ἀπόπτωσιν
942 4742 1054 4804 τοῖς
1086 4739 1346 4811 ῥᾳθύμοις
1373 4737 1717 4808 ἐγγινομένη.

475 4838 529 4892 5.
558 4834 649 4905 Μὴ
676 4834 853 4886 τοίνυν
885 4830 1081 4897 ἔξωθεν
1123 4829 1184 4883 τὸ
1237 4829 1403 4883 κακὸν
1444 4827 1789 4900 περισκόπει,
1841 4825 1974 4896 μηδὲ

474 5038 589 5111 (20)
614 5037 838 5111 A_nt_iqui
885 5045 997 5111 tres
1020 5036 1140 5111 libri
1172 5037 1569 5111 ἁμαρτήσεται.
1594 5032 1744 5111 ⁸ῐξιίῐιί
1788 5036 1967 5111 ἁμαρ-

402 5105 579 5181 τήσειζ
630 5105 783 5163 (Ξοιῠζ
833 5108 1041 5177 primus
1086 5105 1393 5189 ἁμαρτήσει
1419 5106 1534 5189 ’τοῦ
1589 5105 1969 5189 δέοντοςζδίοχ

402 5179 554 5233 (lolb.
574 5179 864 5240 secundus,
896 5177 1152 5248 ἀφορμὰς
1178 5194 1359 5248 σαυτῳ
1384 5194 1483 5248 της
1537 5175 1811 5240 ἀσεϐείας,
1869 5192 1973 5229 rm-

402 5250 609 5312 pietntis
643 5231 962 5302 occasioites:
1006 5231 1019 5248 ⁸
1043 5231 1058 5247 ’
1132 5231 1149 5241 ’
1330 5231 1342 5248 ’

476 5317 859 5389 (2i)_Veteres
923 5318 1027 5372 duo
1090 5316 1214 5373 libri
1273 5315 1731 5389 διεσκοτισμένος.
1769 5312 1973 5370 Ibidem

407 5386 577 5442 editio
610 5386 775 5441 Basil.
809 5395 865 5441 et
898 5396 1129 5455 quatuor
1183 5402 1315 5442 mss.
1363 5386 1529 5456 Regii,
1554 5386 1676 5440 cum
1739 5394 1969 5452 utroque

406 5457 557 5528 Golb.
585 5459 613 5511 ό
647 5457 784 5528 ὑπὲρ
823 5456 987 5510 αὑτοῦ
1013 5473 1027 5487 ο
1066 5472 1196 5528 qua;
1223 5472 1326 5512 vox
1370 5455 1532 5509 αὑτοῦ
1574 5457 1970 5528 τεςοττίγροεοει

408 5526 480 5600 ad
507 5541 687 5600 vocem
710 5523 878 5600 ὕδωρ,
905 5542 1024 5600 qua:
1048 5523 1210 5600 paulo
1240 5537 1365 5581 ante
1392 5528 1608 5600 legitur.
1646 5526 1821 5581 Editio
1865 5523 1971 5600 Pa-

410 5595 504 5649 ris.
532 5597 561 5648 ό
586 5596 724 5668 ὑπὲρ
751 5595 939 5668 αὺτῆςζ
969 5597 1313 5668 Arbitrantur
1357 5605 1537 5668 autem
1596 5596 1671 5649 ita
1713 5596 1970 5651 emenda-

409 5672 527 5736 tum,
553 5666 621 5720 ab
650 5667 849 5735 aliquo,
878 5666 973 5736 qui
1006 5667 1106 5736 sibi
1130 5666 1266 5720 falso
1298 5667 1659 5735 persuasisset
1715 5680 1968 5719 necessa-

409 5736 493 5790 rio
516 5735 618 5806 legi
645 5735 1120 5807 οροηθιίοαὺτῆς,
1143 5744 1205 5792 ιιι
1230 5736 1333 5793 hoc
1367 5750 1659 5805 pronomen
1696 5737 1765 5792 ad
1782 5748 1967 5791 vocem

2078 4555 2371 4622 viventem,
2403 4564 2496 4610 aut
2542 4556 2835 4611 animatam
2872 4557 3017 4613 :sed
3065 4557 3260 4611 animae
3301 4553 3642 4610 affectionem

2076 4642 2268 4698 virtuti
2296 4643 2651 4711 contrariam,
2678 4644 2965 4700 desidiosis
3000 4659 3064 4699 ac
3086 4643 3366 4709 inertibus,
3394 4650 3643 4715 propter-

2077 4750 2139 4791 ea
2165 4737 2309 4805 quod
2338 4749 2369 4787 a
2402 4734 2542 4791 bono
2572 4736 2906 4805 deciderunt,
2938 4736 3183 4793 inditam.

2149 4825 2205 4880 5.
2244 4824 2440 4880 Malum
2496 4827 2675 4897 itaque
2731 4827 3029 4885 forinsecus
3084 4841 3153 4883 ne
3211 4828 3640 4898 circumspicias,

2073 5036 2144 5108 γῆ
2174 5037 2483 5094 referretur.
2516 5036 2685 5093 Paulo
2715 5035 2857 5092 infra
2886 5036 3128 5107 quinque
3152 5049 3283 5092 mss.
3315 5036 3476 5108 ἡλίου
3524 5036 3644 5091 ὑδά-

2070 5124 2176 5160 των
2183 5145 2198 5161 ο

2145 5177 2453 5250 (εἳγΕιίὶιί
2513 5174 2583 5251 ἦν
2651 5177 2941 5250 ἐπέχουσα.
3003 5174 3074 5228 At
3128 5189 3259 5231 mss.
3317 5191 3413 5233 sex
3465 5177 3499 5248 ή
3546 5177 3647 5231 ὲπ·

2075 5246 2466 5389 ῗχῗξὲῗσΕάὶιὶο
2518 5319 2694 5375 Paris.
2722 5319 2818 5389 τοῦ
2845 5318 3265 5389 ἀντικειμένου.
3294 5315 3484 5389 Editio_
3518 5329 3647 5389 vero

2081 5385 2250 5444 Basil.’
2269 5400 2324 5444 et
2357 5390 2529 5445 codex
2575 5388 2818 5445 Combef.
2861 5403 2981 5458 cum
3017 5385 3139 5444 aliis
3173 5398 3378 5458 septem
3418 5385 3528 5440 τῶν
3552 5388 3648 5440 ἀν-

2080 5460 2425 5530 τικειμένων.
2460 5459 2613 5517 Colb.
2645 5459 2850 5530 primus
2878 5457 2957 5529 τῷ
2984 5457 3366 5530 ἀντικειμένῳ.

2148 5528 2261 5599 (24)
2293 5532 2354 5583 In
2386 5545 2514 5584 mss.
2548 5528 2656 5584 non
2684 5529 2869 5599 paucis
2899 5528 3093 5597 legitur
3113 5528 3142 5580 ὃ
3205 5528 3328 5600 ηδέ.

2151 5600 2264 5653 (ἳῦὶ
2299 5599 2377 5653 lta
2408 5616 2539 5653 mss.
2595 5615 2719 5653 cum
2762 5599 3001 5653 editione
3031 5547 3208 5653 Basiif
3266 5599 3328 5653 Et

2151 5595 2264 5671 (25)
2299 5599 2377 5657 lta
2408 5616 2539 5657 mss.
2595 5595 2719 5656 cum
2762 5595 3001 5655 editione
3031 5595 3202 5656 Basii.
3232 5595 3442 5654 'Editio
3470 5595 3645 5654 Paris.

2076 5668 2230 5738 φασί.
