4082 6218
490 345 563 404 39
1834 348 1891 405 S.
1934 348 2172 405 BASILII
2213 348 2425 405 MAGNI
3672 359 3748 415 ιο

496 482 635 523 neve
675 467 1053 538 primigeniam
1090 466 1376 536 quamdam
1420 468 1767 541 malignitatis
1810 478 2058 526 naturam

2162 470 2456 542 ἀρχέγονόν
2489 486 2610 524 τινα
2642 469 2802 537 φύσιν
2841 471 3102 543 πονηρίας
3136 471 3248 541 (96)
3273 472 3541 543 φαντάζου
3564 488 3578 501 ”
3609 474 3750 528 ἀλλὰ

498 558 915 613 comminiscare
946 574 960 611 :
1002 557 1096 611 sed
1135 571 1245 611 suae
1283 560 1514 629 quisque
1547 560 1766 615 malitia:
1795 575 1853 616 se
1888 561 2058 632 ipsum

2161 561 2261 632 τῆς
2291 564 2349 615 ὲν
2380 560 2560 632 ἑαυτῷ
2604 561 2799 624 κακίας
2831 562 3057 626 ἕκαστος
3094 564 3286 617 ἑαυτὸν
3329 563 3571 635 ἀρχηγὸν
3604 582 3747 634 γνω-

496 658 756 719 agnoscat
788 658 1083 703 auctorem.
1118 649 1251 703 Nam
1287 666 1500 720 semper
1537 667 1723 708 eorum
1758 669 1876 722 quae
1907 654 2059 718 fiunt,

500 738 605 793 alia
630 738 843 808 quidem
878 754 909 792 a
940 748 1129 793 natura
1163 740 1317 796 nobis
1352 742 1694 813 contingunt,
1722 752 1781 797 ut
1814 752 2063 799 senectus

499 840 555 886 et
606 829 947 885 infirmitates
981 849 996 886 :
1032 831 1135 885 alia
1185 847 1315 887 vero
1362 847 1391 886 a
1432 848 1581 901 casu,
1623 841 1749 903 puta
1801 835 2061 905 in0pinati

500 924 854 992 quarumdam
885 938 1068 978 rerum
1098 938 1240 996 saepe
1274 925 1535 991 tristium,
1563 934 1661 980 aut
1704 926 1864 981 etiam
1914 926 2061 981 laeta-

497 1028 618 1070 rum
669 1022 915 1080 eventus,
955 1029 1020 1070 ex
1072 1014 1263 1071 alienis
1320 1015 1601 1086 principiis
1661 1018 2059 1073 adnascentes:

497 1107 643 1162 velut
691 1117 910 1178 puteum
970 1106 1218 1174 fodienti,
1265 1109 1503 1165 thesauri
1557 1109 1814 1175 inventio,
1855 1119 1950 1165 aut
1995 1111 2063 1166 ad

497 1197 673 1254 forum
736 1198 1139 1269 progredienti,
1203 1200 1374 1255 rabidi
1422 1201 1574 1256 canis
1623 1216 1911 1268 occursus;
1960 1202 2063 1257 alia

498 1292 713 1347 tandem
756 1293 809 1345 in
857 1301 1041 1349 nostra
1076 1302 1343 1363 potestate
1367 1302 1421 1349 et
1447 1293 1676 1350 arbitrio
1702 1304 1829 1351 sunt
1863 1297 2060 1366 posita,

494 1396 555 1440 ut
606 1387 929 1457 cupiditates
980 1402 1260 1457 superare,
1297 1397 1392 1443 aut
1437 1387 1803 1458 voluptatibus
1843 1392 2060 1447 modum

497 1491 602 1532 non
635 1492 837 1546 ponere
875 1499 887 1534 :
920 1477 1068 1534 velut
1100 1479 1238 1534 iram
1280 1477 1582 1547 continere,
1613 1480 1696 1535 vel
1724 1480 1783 1535 in
1816 1494 1937 1536 eum
1971 1483 2060 1551 qui

2165 653 2381 725 ριζέτω.
2432 653 2543 706 Ἀεὶ
2566 653 2675 725 γὰρ
2715 652 2823 707 τῶν
2854 658 3155 727 γινομένων
3186 655 3255 710 τὰ
3299 658 3395 729 μὲν
3429 658 3493 711 ὲκ
3526 657 3747 727 φύσεως

2162 747 2294 816 ἡμῖν
2323 746 2643 815 ἐπιγίνεται,
2679 743 2790 805 οἷον
2832 751 3011 823 γῆρας
3058 752 3154 805 καὶ
3195 753 3469 807 ἀσθένειαι
3506 754 3639 826 (27),
3673 754 3748 807 τά

2162 836 2218 890 δὲ
2241 837 2348 891 ἀπὸ
2374 841 2734 911 ταυτομάτου,
2765 837 2875 897 οἷον
2903 845 2960 897 αἱ
2992 844 3173 914 ἄλογοι
3200 846 3564 919 περιπτώσεις
3590 847 3749 901 ἀλλοο

2162 935 2341 1006 τρίαις
2384 937 2580 1010 ἀρχαῖς
2636 940 3144 1011 ὲπισυμόαίνουσαι,
3211 942 3546 1014 σκυθρωπῶν
3583 959 3749 999 τινων

2164 1026 2494 1099 πολλάκιςῆ
2544 1029 2639 1082 καὶ
2682 1029 2791 1085 τῶν
2845 1032 3252 1104 φαιδροτέρωνο
3303 1033 3380 1098 ὡς
3429 1032 3506 1104 τῷ
3563 1034 3746 1106 φρέαρ

2164 1118 2446 1192 ὀρύσσοντι
2479 1121 2512 1192 ἡ
2557 1120 2650 1174 τοῦ
2688 1121 2964 1195 θησαυροῦ
3014 1125 3253 1199 εὕρεσις,
3286 1127 3319 1200 ἢ
3362 1126 3441 1198 τῷ
3474 1129 3610 1200 πρὸς
3647 1128 3751 1200 τὴν

2163 1214 2369 1285 ἀγορὰν
2401 1215 2718 1288 ὡρμημένῳ
2750 1218 2783 1289 ἡ
2808 1218 2900 1272 τοῦ
2928 1218 3233 1285 λυσσῶντος
3277 1223 3438 1287 κυνὸς
3466 1222 3702 1287 ἔντευξις
3729 1240 3746 1254 °

2164 1308 2231 1361 τὰ
2263 1306 2319 1361 δὲ
2353 1309 2437 1377 ἐφ’
2477 1310 2607 1380 ἡμῖν
2643 1310 2924 1380 τυγχάνει,
2962 1312 3038 1377 ὡς
3076 1313 3138 1367 τὸ
3184 1316 3457 1387 κρατῆσαι
3497 1315 3604 1370 τῶν
3632 1318 3753 1371 km.

2164 1397 2394 1470 θυμιῶν,
2430 1400 2462 1472 ἢ
2506 1400 2580 1473 μὴ
2626 1401 2852 1457 κολάσαι
2876 1403 2974 1466 τὰς
3004 1405 3225 1477 ἡδονάς·
3257 1407 3333 1472 ὡς
3359 1408 3421 1461 τὸ
3455 1409 3752 1478 κατασχεῖν

2164 1490 2421 1563 ὀργῆς,ἢ
2471 1495 2659 1563 χεῖρας
2716 1494 3006 1563 ἐπαφεῖναι
3047 1495 3127 1567 τῷ
3163 1497 3562 1568 παροξύναντι’
3614 1497 3754 1568 ἀλη-

495 1568 692 1641 injuria
742 1570 1058 1636 lacessivit,
1108 1585 1327 1626 manum
1377 1571 1650 1644 injicere:
1688 1574 1816 1629 item
1873 1569 2058 1629 verum

2161 1570 2363 1648 θὲἓιν,
2404 1580 2438 1651 ἢ
2470 1581 2792 1651 ψεύδεσθαι·
2831 1584 3049 1656 ἐπιεικῆ
3082 1586 3145 1639 τὸ
3175 1581 3308 1658 ἦθος
3337 1582 3478 1642 εἶναι
3519 1587 3614 1642 καὶ
3644 1588 3752 1660 μέ-

494 1660 673 1715 dicere
711 1670 805 1715 aut
852 1662 1071 1717 mentiri
1111 1680 1124 1718 ζ
1158 1672 1498 1721 mansuetum
1549 1667 1791 1721 moribus
1845 1680 1965 1721 esse
2007 1674 2065 1720 et

494 1753 860 1819 moderatum,
893 1764 988 1809 aut
1017 1753 1281 1809 tumidum
1311 1765 1365 1811 et
1391 1758 1643 1827 superbia
1673 1756 1895 1812 elatum.
1927 1757 2065 1826 Quo—

492 1858 614 1897 rum
661 1843 845 1913 itaque
897 1852 951 1897 tu
999 1843 1116 1914 ipse
1158 1845 1409 1902 dominus
1441 1862 1521 1912 es,
1557 1861 1689 1903 cave
1720 1862 1928 1917 quaeras
1966 1848 2063 1903 bo-
2094 1829 2139 1884 Β

494 1946 614 1986 rum
660 1932 925 2004 principia
969 1934 1072 2005 17
1126 1935 1344 1992 aliunde
1383 1950 1400 1990 :
1439 1937 1535 1991 sed
1590 1938 1788 1992 malum
1850 1938 2064 2009 proprie

491 2023 698 2078 dictum
748 2025 965 2080 noveris
1022 2041 1054 2080 a
1104 2027 1421 2084 voluntariis
1474 2028 1716 2099 lapsibus
1772 2029 2061 2098 incepisse.

491 2116 629 2173 Nam
654 2118 702 2173 si
729 2118 928 2173 malum
956 2133 1063 2175 non
1092 2129 1236 2175 esset
1257 2120 1645 2188 voluntarium,
1668 2136 1771 2177 nec
1800 2123 1852 2177 in
1882 2133 2065 2179 nostra

490 2217 762 2279 potestate
789 2210 978 2276 situm,
1010 2210 1260 2280 iniuriam
1304 2212 1660 2268 inferentibus
1700 2216 1807 2269 non
1857 2214 2065 2284 impen—

490 2303 644 2357 deret
694 2310 877 2357 tantus
927 2302 1088 2358 timor
1139 2318 1168 2358 a
1224 2302 1456 2374 legibus,
1507 2305 1693 2374 sicque
1734 2304 2063 2375 iudiciorum

490 2409 665 2464 poenae
690 2409 810 2465 quae
839 2395 1086 2450 meritam
1115 2395 1375 2452 maleﬁcis
1406 2399 1705 2467 rependunt
1732 2401 2055 2468 mercedem,

489 2485 668 2542 forent
715 2487 1074 2543 inevitabiles.
1126 2488 1290 2558 Atqui
1342 2488 1456 2544 haec
1512 2489 1641 2543 mihi
1691 2490 1758 2545 de
1805 2505 1869 2546 eo
1915 2492 2060 2561 quod

488 2579 709 2650 proprie
748 2580 948 2633 malum
991 2588 1098 2646 est,
1128 2579 1270 2635 dicta
1302 2581 1431 2635 sint.
1464 2579 1707 2635 Morbum
1734 2583 1901 2649 enim,
1926 2598 2061 2653 pau-

495 2674 781 2736 pertatem,
817 2667 1191 2737 ignominiam,
1229 2680 1482 2735 mortem,
1515 2680 1569 2725 et
1595 2672 1774 2725 omnia
1803 2687 2061 2742 quaecun-

490 2772 597 2827 que
639 2758 953 2815 hominibus
996 2759 1225 2816 molesta
1264 2769 1393 2816 sunt
1435 2762 1489 2816 in
1529 2762 1795 2818 malorum
1837 2778 2062 2819 numero

490 2863 591 2918 par
622 2865 730 2906 non
767 2859 850 2905 est
880 2866 1165 2907 recensere
1204 2871 1218 2907 :
1256 2867 1322 2908 eo
1352 2855 1496 2922 quod
1528 2869 1701 2924 neque
1733 2869 1795 2910 ea
1828 2871 1948 2927 qua:
1977 2856 2062 2912 bis

489 2955 858 3012 opponuntur,
902 2942 1050 2997 inter
1110 2943 1345 2998 maxima
1390 2944 1530 3000 bona
1576 2961 1998 3004 annumeramus
2043 2966 2058 3004 :

491 3049 720 3103 quorum
753 3033 933 3102 aliqua
983 3034 1170 3089 insunt
1224 3043 1414 3090 natura
1451 3055 1464 3091 :
1504 3037 1681 3107 aliqua
1717 3054 1849 3094 vero
1895 3041 2058 3095 etiam

489 3127 695 3181 utiliter
721 3126 906 3181 multis
952 3127 1218 3182 accidisse
1252 3139 1480 3184 consult.
1526 3128 1751 3184 Omnem
1785 3131 1948 3202 igitur
1976 3132 2059 3187 in-

491 3218 953 3288 terpretationem,
997 3219 1163 3289 tropis
1200 3228 1255 3274 et
1287 3219 1559 3291 allegoriis
1603 3230 1968 3289 constantem,
2004 3224 2058 3279 in

489 3309 778 3378 praesentia
825 3310 1332 3382 prmtermittentes,
1383 3312 1728 3368 tenebrarum
1780 3314 2057 3372 notionem

489 3401 809 3470 simpliciter
837 3414 892 3458 et
918 3402 1056 3459 citra
1083 3405 1476 3472 curiositatem,
1513 3420 1730 3462 sensum
1766 3407 2059 3479 Scriptura:

489 3492 684 3556 secuti,
720 3493 1068 3563 accipiamus.
1118 3492 1347 3565 lnquirit
1377 3504 1558 3553 autem
1605 3497 1765 3565 ratio,
1797 3512 1863 3552 an
1896 3498 2058 3554 simul

487 3597 610 3636 cum
645 3584 846 3639 mundo
877 3583 1030 3641 facta:
1054 3586 1161 3641 sint
1196 3588 1449 3653 tenebrae,
1484 3596 1540 3643 et
1572 3597 1751 3643 utrum
1782 3590 2056 3661 antiquio-

489 3691 576 3731 res
604 3677 714 3731 sint
745 3676 888 3743 luce,
913 3687 967 3732 et
998 3692 1094 3731 cur
1130 3678 1180 3732 id
1220 3678 1363 3747 quod
1393 3679 1628 3735 deterius
1653 3688 1736 3735 est
1766 3681 1917 3752 prius
1955 3696 2056 3737 ex-

486 3768 726 3824 stiterit?
765 3769 1002 3825 Dicimus
1035 3769 1200 3841 igitur
1232 3770 1396 3826 hasce
1431 3772 1681 3828 tenebras
1715 3788 1822 3828 non
1856 3789 2054 3829 secun-

485 3859 613 3915 dum
667 3860 1025 3916 substantiam
1073 3862 1426 3917 substitisse:
1465 3864 1560 3918 sed
1611 3862 1777 3920 fuisse
1826 3866 1880 3920 in
1930 3880 2057 3922 aere

486 3950 849 4021 affectionem,
890 3968 958 4007 ex
1003 3953 1224 4008 luminis
1272 3955 1575 4023 privatione
1621 3958 2051 4027 provenientem.

486 4037 551 4091 Et
578 4054 707 4094 vero
745 4041 928 4095 mundi
963 4042 1112 4097 locus
1152 4042 1431 4111 cuiusnam
1461 4045 1598 4101 lucis
1628 4046 1772 4102 illico
1803 4049 2056 4105 inventus

484 4141 568 4185 est
596 4145 806 4198 exsors,
836 4136 970 4187 adeo
1016 4145 1075 4187 ut
1120 4135 1355 4190 tenebrat
1404 4150 1565 4207 super
1597 4152 1791 4208 aquam
1831 4142 2055 4196 essent?

487 4223 631 4278 Sane
675 4226 719 4279 si
766 4226 893 4294 quid
925 4234 1048 4281 ante
1076 4236 1212 4293 erat,
1244 4243 1404 4299 quam
1440 4230 1529 4285 bic
1562 4232 1797 4289 mundus
1833 4234 2054 4290 sensibi-

486 4315 553 4371 lis
579 4326 739 4387 atque
778 4320 1107 4389 corruptioni
1141 4320 1410 4377 obnoxius
1450 4324 1894 4392 constitueretur,
1926 4341 2054 4396 pro-

483 4407 627 4465 fecto
661 4410 710 4464 id
750 4410 1077 4467 arbitramur
1118 4413 1170 4467 in
1219 4415 1422 4471 lumine
1461 4414 1649 4472 fuisse.
1681 4417 1867 4488 Neque
1903 4422 2048 4476 enim

2163 1690 2332 1745 τριον,
2362 1673 2396 1743 ἢ
2434 1673 2742 1746 ὑπέρογκον
2774 1676 2870 1729 καὶ
2914 1675 3254 1741 ἀλαζονείαις
3292 1678 3749 1751 ὑπεραιρόμενον.

2164 1756 2267 1820 Ὧν
2291 1765 2467 1821 τοίνυν
2491 1768 2653 1832 αὐτὸς
2682 1764 2734 1823 εἴ
2755 1769 2963 1842 κύριος,
2995 1770 3200 1825 τούτων
3226 1771 3325 1837 τὰς
3352 1772 3527 1845 ἀρχὰς
3551 1773 3624 1847 μὴ
3647 1772 3754 1845 ζη-

2165 1858 2338 1932 τήσῃς
2367 1856 2477 1930 (28)
2513 1858 2796 1931 ἑτέρωθεν,
2822 1861 2958 1915 ἀλλά
2986 1860 3220 1934 γνώριξε
3251 1863 3313 1917 τὸ
3348 1865 3554 1937 κυρίως
3580 1866 3757 1919 κακὸν

2166 1950 2231 2002 ὲκ
2262 1948 2372 2002 τῶν
2402 1952 2802 2023 προαιρετικῶν
2831 1954 3247 2026 ἀποπτωμάτων
3272 1955 3371 2028 τὴν
3397 1957 3571 2029 ἀρχὴν
3604 1957 3756 2027 εἰλη-

2166 2040 2283 2110 φός.
2324 2041 2398 2094 Οὐ
2429 2041 2536 2115 γὰρ
2568 2043 2656 2110 ἂν,
2689 2045 2847 2119 εἴπερ
2876 2046 3127 2102 ἀκούσιον
3157 2043 3225 2120 ἦν
3257 2047 3393 2120 (‘29),
3433 2049 3526 2103 καὶ
3557 2048 3634 2122 μὴ
3663 2050 3754 2119 ἐφ’

2166 2134 2318 2204 ἡμῖν,
2354 2132 2607 2199 τοσοῦτος
2640 2136 2739 2208 μὲν
2777 2140 2841 2192 ἐκ
2869 2138 2979 2193 τῶν
3007 2140 3187 2211 νόμων
3217 2142 3246 2194 ὁ
3290 2140 3454 2211 φόϐος
3487 2144 3599 2206 τοῖς
3633 2142 3754 2197 ἀδι-

2167 2223 2352 2278 κοῦσιν
2382 2223 2681 2299 ἐπήρτητο,
2718 2226 2859 2284 οὕτω
2884 2229 2940 2283 δὲ
2971 2230 3337 2303 ἀπαραίτητοι
3368 2231 3755 2303 τῶνιδικαστη-

2170 2316 2300 2387 ρίων
2344 2320 2401 2373 αἱ
2451 2319 2721 2387 κολάσεις,
2769 2320 2831 2374 τὸ
2878 2320 3014 2394 πρὸς
3073 2322 3230 2389 ἀξίαν
3259 2325 3371 2389 τοῖς
3422 2322 3757 2396 κακούργοις

2165 2412 2607 2486 ἀντιμετροῦσαι.
2645 2413 2831 2469 Ταῦτα
2871 2415 2929 2468 δέ
2960 2433 3050 2486 μοι
3087 2414 3329 2488 εἰρήσθω
3370 2417 3498 2489 περὶ
3525 2416 3619 2469 τοῦ
3648 2434 3753 2469 κυ-

2169 2505 2299 2577 ρίως
2333 2506 2527 2563 κακοῦ.
2560 2507 2734 2563 Νόσον
2774 2508 2884 2580 γὰρ
2929 2509 3024 2562 καὶ
3057 2510 3247 2564 πενίαν
3281 2511 3375 2565 καὶ
3404 2510 3623 2577 ἀδοξίαν
3652 2509 3755 2563 καὶ

2166 2596 2417 2667 θάνατον,
2452 2598 2548 2652 καὶ
2587 2600 2687 2652 ὅσα
2716 2598 2941 2673 λυπηρὰ
2968 2602 3083 2665 τοῖς
3117 2600 3449 2673 ἀνθρώποις,
3475 2600 3629 2655 οὔπω
3654 2600 3755 2655 καὶ

2163 2691 2221 2743 ὲν
2242 2693 2308 2763 τῇ
2349 2692 2515 2764 μοίρᾳ.
2535 2691 2644 2745 τῶν
2672 2692 2858 2747 κακῶν
2887 2692 3339 2764 καταλογίζεσθαι
3362 2694 3532 2762 ἀξιον,
3570 2692 3660 2747 διὰ
3687 2692 3757 2746 τὸ

2167 2782 2303 2854 μηδὲ
2335 2783 2405 2836 τὰ
2424 2784 2775 2856 ἀντικείμενα
2807 2784 3017 2851 τούτοις
3051 2788 3109 2839 ὲν
3138 2789 3251 2850 τοῖς
3293 2786 3571 2858 μεγίστοις
3599 2786 3754 2856 ἡμᾶς

2161 2874 2270 2929 τῶν
2304 2875 2526 2944 ἀγαθῶν
2558 2876 2844 2947 ἀριθμεῖν·
2903 2871 2979 2932 ὧν
3007 2877 3076 2932 τὰ
3112 2879 3212 2950 μὲν
3241 2880 3307 2932 ἐκ
3355 2878 3572 2948 φύσεώς
3607 2880 3753 2944 ἐστι,

2161 2966 2231 3019 τὰ
2261 2965 2320 3021 δὲ
2345 2967 2441 3020 καὶ
2475 2968 2863 3040 συμφερόντως
2905 2970 3119 3034 πολλοῖς
3144 2972 3533 3042 ἀπαντήσαντα
3560 2970 3753 3041 φαίνε-

2162 3075 2272 3111 ται.
2312 3060 2503 3113 Πᾶσαν
2534 3055 2627 3114 οὖν
2662 3062 2928 3133 τροπικὴν
2962 3065 3058 3118 καὶ
3093 3064 3161 3118 δι’
3192 3063 3448 3130 ὑπονοίας
3489 3063 3753 3135 ἐξήγησιν

2089 3189 2131 3246 C
2163 3148 2220 3204 ἔν
2250 3167 2315 3219 γε
2341 3150 2419 3222 τῷ
2464 3152 2695 3221 παρόντι
2736 3155 3220 3224 κατασιγάσαντες,
3250 3155 3346 3209 τοῦ
3389 3157 3613 3221 σκότους
3649 3154 3753 3228 τὴν

2167 3240 2375 3295 ἔννοιαν
2398 3242 2586 3308 ἁπλῶς
2615 3244 2709 3299 καὶ
2738 3244 3189 3319 ἀπεριεργάστως
3217 3248 3351 3320 (50),
3388 3250 3645 3320 ἑπόμενοι
3669 3246 3752 3317 τῷ

2168 3332 2466 3404 βουλήματι
2492 3334 2594 3405 τῆς
2624 3335 2869 3408 Γραφῆς,
2912 3338 3275 3410 ἐκδεξώμεθα.
3317 3340 3595 3412 Ἐπιζητεί
3632 3340 3690 3392 δὲ
3717 3342 3749 3392 ὁ

2166 3424 2344 3496 λόγος,
2377 3429 2425 3481 εί
2455 3430 2973 3502 συγκατεπευάσθη
2994 3431 3073 3503 τῷ
3110 3433 3300 3505 κόσμῳ
3324 3433 3384 3487 τὸ
3415 3433 3626 3499 σκότος,
3651 3431 3750 3485 καὶ

2164 3520 2214 3572 εἰ
2239 3520 2589 3592 ἀρχαιότερον
2613 3520 2708 3575 τοῦ
2753 3523 2949 3592 φωτὸς,
2983 3524 3076 3577 καὶ
3120 3524 3208 3579 διὰ
3228 3526 3281 3578 τί
3309 3525 3370 3593 τὸ
3396 3528 3576 3597 χεῖρον
3619 3540 3749 3593 πρε-

2166 3609 2447 3684 σϐύτερον.
2490 3613 2740 3685 Λέγομεν
2773 3616 2951 3670 τοίνυν
2991 3617 3086 3671 καὶ
3123 3615 3283 3670 τοῦτο
3323 3617 3383 3671 τὺ
3414 3617 3604 3679 σκότος
3660 3615 3736 3686 μὴ

2164 3703 2284 3756 κατ’
2304 3703 2490 3758 οὐσίαν
2522 3706 2907 3778 ὑφεστηκέναι,
2941 3709 3078 3762 ἀλλά
3115 3708 3285 3773 πάθος
3317 3703 3457 3763 εἶναι
3498 3708 3626 3779 περὶ
3649 3708 3744 3761 τὸν

2163 3792 2302 3864 ἀέρα
2333 3795 2586 3865 στερήσει
2611 3798 2787 3866 φωτὸς
2815 3800 3216 3870 ὲπιγινόμενον.
3240 3800 3401 3853 Ποίου
3423 3800 3602 3853 τοίνυν
3630 3816 3745 3868 φω-

2163 3882 2255 3948 τὸς
2286 3883 2515 3958 ἄμοιρος
2559 3889 2840 3958 αἰφνιδίως
2865 3894 2893 3945 ὀ
2921 3894 2979 3945 ὲν
3004 3892 3083 3963 τῷ
3111 3893 3302 3964 κόσμῳ
3327 3892 3490 3956 τόπος
3519 3892 3740 3964 εὑρέθη,

2163 3974 2303 4029 ὥστε
2328 3977 2390 4031 τὸ
2421 3979 2609 4046 σκότος
2639 3983 2824 4038 ἐπάνω
2851 3981 2987 4038 εἶναι
3025 3984 3116 4038 τοῦ
3146 3985 3371 4052 ὓδατος;
3401 3985 3741 4056 Λογιζόμεθα

2160 4066 2341 4122 τοίνυν
2365 4068 2468 4136 ὅτι,
2517 4071 2674 4146 εἴπερ
2702 4092 2756 4128 τι
2781 4071 2849 4147 ἦν
2882 4076 2995 4146 (51)
3041 4076 3148 4148 πρὸ
3197 4077 3295 4148 τῆς
3333 4075 3426 4130 τοῦ
3478 4075 3739 4148 αἰσθητοῦ

2160 4160 2349 4214 τούτου
2377 4164 2471 4216 καὶ
2518 4164 2757 4237 φθαρτοῦ
2786 4168 2991 4239 κόσμου
3041 4168 3370 4233 συστάσεως,
3424 4171 3480 4223 ἐν
3509 4171 3645 4240 φωτὶ
3672 4168 3739 4223 ἂν

2158 4246 2226 4321 ἦν
2254 4252 2511 4323 δηλονότι.
2553 4257 2687 4310 Ούτε
2716 4258 2823 4330 γὰρ
2872 4259 2927 4312 αί
2961 4259 3071 4314 τῶν
3115 4260 3358 4330 ἀγγέλων
3401 4261 3567 4328 ἀξίαι,
3615 4258 3739 4315 οὔτε

2160 4344 2332 4397 πᾶσαι
2358 4348 2412 4399 αἱ
2446 4348 2756 4419 ἐπουράνιοι
2799 4353 3071 4424 στρατιαὶ,
3102 4352 3225 4406 οὔτε
3257 4353 3393 4418 ὅλως
3434 4355 3488 4408 εἴ
3509 4355 3561 4407 τί
3589 4355 3739 4408 ἐστιν

2159 4432 2545 4515 ῶνομασμένον
2570 4440 2602 4509 ἢ
2632 4442 3073 4513 ἀκατονόμαστον
3094 4443 3201 4497 τῶν
3229 4444 3462 4514 λογικῶν
3498 4445 3734 4515 φύσεων,

481 4503 797 4573 angelorum
826 4504 1132 4574 dignitates,
1158 4521 1332 4578 neque
1358 4508 1609 4565 caelestes
1633 4520 1900 4582 quotquot
1926 4524 2053 4570 sunt

2161 4495 2399 4582 Ma»;
2429 4495 2818 4603 λειτούργικῶν
2856 4495 3190 4606 πνευμάτων.

562 4786 667 4874 ’26)
701 4787 855 4844 Colb.
906 4790 1735 4874 εερυηάυε,φύὲἳ.ετονηρ⁶ἓ.νή
1773 4796 2058 4874 “mm-“1

2170 4802 2361 4871 picari,
2398 4806 2543 4874 ipsas
2577 4809 2887 4865 retinendas
2930 4825 3050 4867 esse
3074 4811 3142 4865 ob
3180 4812 3322 4869 banc
3363 4813 3624 4870 Eustathii
3659 4817 3734 4871 in-

478 4868 897 4982 ροξξὲιτεετὲιὲε.
928 4862 977 4914 εἰ
1008 4860 1117 4933 γὰρ
1146 4860 1276 4918 τῶν.
1305 4863 1449 4920 Editi
1475 4860 1597 4921 curii
1624 4864 1777 4920 Colb.
1812 4860 2052 4924 secundo

478 4947 542 4982 αε
672 4947 702 4982 Ω
848 4971 863 4982 .

477 4945 565 4984 ast
593 4945 702 4986 γαρ
733 4945 863 4986 των.

551 4944 842 5070 cmpuli?
848 4971 1033 5055 sextus
1054 5008 1109 5056 et
1136 4999 1288 5058 Colb.
1321 5004 1591 5063 secundus
1641 5007 1736 5061 καὶ
1768 5007 2046 5062 ἀσθένεια.

478 5068 600 5122 Mox
634 5068 970 5126 unus'codex
1003 5071 1073 5126 τὰ
1097 5070 1154 5124 δὲ
1179 5072 1260 5138 ἐξ.
1573 5093 1578 5100 ·

547 5138 662 5215 (ἓξ)
689 5138 840 5215 ροιι).
881 5145 1148 5215 secundus
1184 5143 1258 5215 μὴ
1285 5142 1475 5215 ζήτει.“

551 5209 662 5290 (129)
696 5209 903 5291 ῼοόιξξ.
922 5211 1073 5291 Bodl.
1097 5221 1161 5291 _et
1185 5209 1290 5269 ’δέχ
1477 5214 1731 5291 ἀκούσιον
1760 5211 1879 5291 φῆν,
1926 5219 2046 5277 Vox

480 5278 668 5332 ultima
706 5280 757 5332 in
777 5281 935 5335 editis
960 5282 1315 5337 desideratur.
1342 5283 1541 5340 Ibidem
1562 5288 1728 5344 editio
1755 5278 1932 5345 Paris.
1953 5291 2048 5344 καὶ

2171 4877 2633 4946 terpretationem,
2668 4878 2851 4946 Neque
2877 4884 3014 4935 enim
3045 4882 3092 4935 .ιί
3116 4883 3313 4937 malum
3336 4900 3401 4938 ex
3425 4888 3731 4942 necessitate

2158 4944 2514 5022 descenderet,
2543 4958 2719 5002 tantus
2746 4944 3079 5014 peccantibus
3112 4953 3283 5022 legum
3316 4966 3482 5008 melus
3526 4958 3733 5010 incum-

2158 5012 2419 5096 heret-{id
2465 5023 2642 5096 tamen
2677 5012 2783 5073 non
2814 5026 3069 5096 continuo
3107 5012 3311 5096 colligi
3342 5025 3545 5096 debere
3578 5036 3730 5096 puta-

2158 5097 2297 5138 mus.
2332 5084 2467 5141 Hinc
2502 5088 2647 5141 enim
2688 5103 2794 5142 non
2831 5090 3062 5146 efficitur
3106 5084 3448 5148 Eustatbinm
3479 5084 3640 5151 vocés
3665 5097 3731 5151 τὸ

2156 5154 2325 5234 κακόν
2373 5157 2648 5234 invenisse
2688 5159 2741 5212 in
2788 5159 2968 5231 aliquo
2993 5164 3311 5231 exemplari,
3358 5165 3451 5218 sed
3483 5169 3730 5234 sequitur

2157 5223 2564 5299 duntaxateum
2594 5230 2690 5281 has
2720 5223 2904 5296 voces',
2950 5247 3069 5299 qua:
3111 5223 3215 5288 non
3256 5223 3486 5289 obscure
3542 5223 3732 5291 subit:-

2158 5293 2556 5373 telligebantiir,
2593 5298 2670 5373 de
2723 5315 2822 5373 suo
2873 5293 2903 5373 e
2952 5293 3322 5369 superioribus
3376 5304 3723 5373 supplevisse.

481 5347 559 5471 Si]
587 5350 673 5418 ἐφ’
700 5351 831 5433 ἡμῖν
863 5350 923 5405 τὸ
978 5352 1164 5432 κακόν.
1209 5351 1569 5412 Montacutius
1622 5368 1800 5412 autem
1829 5401 1845 5426 ,
1910 5369 2046 5416 teste
2146 5347 2461 5421 Statiinwibi
2484 5347 3335 5442 nisibus'IBlluﬁuiu'EEE'qBBB

530 5434 696 5471 "(11120.
730 5420 959 5471 afltnnat
984 5422 1138 5471 Illud.
1175 5422 1236 5471 τὸ
1264 5424 1455 5471 κακόν-
1488 5442 1551 5471 ex
1582 5426 1851 5471 alinnihng
1908 5446 2037 5471 mna-
2142 5432 2249 5471 Imn
2275 5445 2351 5471 nu
2416 5439 2501 5471 ηῑά
2538 5439 2757 5471 ἰηιοΙΙςηί
2791 5451 3067 5471 nunt-“lngua
3096 5458 3254 5471 ..ιιηηη
3282 5460 3384 5471 ..ιω
3416 5446 3559 5471 ..;,ι,..

530 5434 696 5496 ucaeo,
730 5420 1138 5496 a_lli_rmat_illud,
1175 5422 1236 5475 τὸ
1264 5424 1552 5496 κακόν,ειι
1582 5420 1852 5496 aliquibus
1908 5446 2041 5486 mss.

480 5488 719 5569 additum
732 5491 935 5569 fuisse.
965 5492 1071 5547 Sed
1119 5502 1293 5569 tamen
1317 5496 1407 5569 I!Ie_
1442 5495 1560 5569 dua;
1588 5488 1747 5553 voces
1778 5515 1954 5569 neque
1986 5505 2038 5556 in

480 5558 717 5638 editione
731 5560 915 5625 Basil.,
954 5577 1128 5638 neque
1154 5563 1205 5638 in
1233 5564 1409 5618 Ducaei
1440 5567 1740 5638 codicibus,
1769 5558 1946 5638 neque
1981 5571 2037 5626 in
2135 5558 2235 5626 ὲπό

479 5625 747 5706 Combef.,
783 5646 954 5706 neque
987 5625 1046 5686 in"
1069 5632 1243 5697 Bodl.,
1272 5650 1444 5706 neque
1480 5636 1532 5690 in
1560 5625 1762 5706 septem
1801 5625 1921 5694 aliis
1949 5656 2037 5695 re-

481 5698 970 5779 periuntur._llndc
997 5716 1090 5779 eas
1124 5698 1462 5779 tothcodicum
1494 5698 1811 5762 auctoritate
1826 5724 2032 5779 expun-

483 5781 609 5836 gere
641 5783 745 5822 non
774 5768 1156 5826 dubitavimus.
1189 5772 1362 5828 Possit
1395 5787 1573 5831 autem
1605 5780 1872 5850 quispiam
1897 5768 2032 5838 'sus-

2142 5432 2262 5509 lunt
2275 5445 2389 5509 est,
2416 5439 2501 5492 tibi
2538 5439 2757 5509 intelligi
2791 5432 3068 5508 peccatum
3095 5432 3255 5498 nemo
3282 5432 3386 5499 non
3416 5432 3584 5499 videt.

2212 5504 2322 5586 (50)
2364 5507 2499 5577 Heg.
2535 5504 2735 5564 sextus
2765 5504 2970 5565 ἔννοιαν
3019 5512 3240 5569 ἃπασαν
3274 5514 3729 5586 ἀπεριεργάστως

2242 5593 2414 5645 μενοι.

2204 5644 2316 5717 (3f)
2348 5646 2522 5728 Εξπερ
2546 5665 2597 5700 τι
2619 5644 2710 5728 ἦν,
2737 5660 2866 5717 etc.,
2888 5650 3031 5728 Sitne
3051 5654 3096 5707 si
3121 5653 3250 5723 quid
3268 5662 3390 5728 a_nte
3415 5665 3530 5710 erat
3560 5672 3722 5728 quam

2246 5713 3026 5799 vitandus,'.et_cn.:Legas'vclim
3067 5713 3250 5782 notam
3283 5725 3332 5795 b,
3359 5740 3483 5798 pag.
3520 5713 3717 5799 δ’(ιιοι.

2126 5785 2216 5851 54,
2247 5801 2403 5857 supra
2429 5789 2527 5846 col.
2560 5790 2671 5859 12).
