4082 6218
377 383 442 439 ιι
1515 382 1799 443 HOMILIA
1841 386 1887 442 II
1926 386 1996 442 IN
2035 387 2531 446 HEXAEMERON.
3229 393 3234 396 ’
3552 410 3622 466 42

377 503 491 560 ἀλλ’
517 502 576 555 ἐν
609 500 747 570 φωτὶ
786 501 880 554 καὶ
927 501 1077 573 πάσῃ
1121 499 1430 576 εὐφροσύνῃ
1472 507 1812 577 πνευματικῇ
1859 505 1941 578 rip

2060 509 2354 578 exercitus,
2380 528 2553 582 neque
2587 515 2797 572 tandem
2827 517 2870 573 si
2897 533 3018 588 quae
3043 521 3161 576 alia!
3185 535 3309 579 sunt
3333 525 3621 586 rationales

375 595 692 669 πρέπουσαν
718 595 930 657 ἑαυτοῖς
956 593 1290 648 κατάστασιν
1313 589 1447 665 εἷχε.
1489 596 1600 649 Καὶ
1628 597 1838 662 τούτοις
1859 600 1952 652 οὑ-

373 690 484 752 δεὶς
516 689 751 759 ἀντερεῖ,
793 685 990 742 οὔκουν
1015 688 1163 751 ὅστις
1203 705 1266 757 γε
1305 688 1417 757 (52)
1465 689 1525 741 τὸ
1565 690 1953 763 ὑπερουράνιον

374 782 488 852 φῶς
509 782 566 835 ἐν
594 784 714 844 ταῖς
738 779 846 834 τῶν
869 780 1086 850 ἀγαθῶν
1116 781 1467 850 ἐπαγγελίαις
1495 782 1794 854 ἐκδέχεται,
1825 785 1954 856 περὶ

371 866 431 928 οὑ
462 873 714 945 Σολομὼν
739 890 908 944 φησι·
954 873 1082 940 Φῶς
1107 874 1358 942 δικαίοις
1387 875 1485 930 διὰ
1512 880 1737 945 παντός
1754 897 1766 909 ·
1806 880 1897 933 καὶ
1923 882 1952 934 6

382 966 701 1032 Ἀπόστολος
723 984 736 998 ο
781 967 1303 1036 Εὑχαριστοῦντες
1334 967 1413 1033 τῷ
1463 967 1584 1034 Θεῷ
1628 971 1725 1024 καὶ
1768 971 1952 1040 Πατρὶ

370 1063 478 1135 (35)
514 1061 590 1127 τῷ
621 1060 984 1116 ἱκανώσαντι
1028 1058 1189 1131 ἡμᾶς
1221 1062 1290 1115 ἐν
1319 1060 1394 1131 τῇ
1418 1063 1615 1132 μερίδι
1664 1064 1770 1118 τοῦ
1806 1063 1952 1132 κλή-

362 1175 477 1225 ρου
507 1154 627 1209 τῶν
656 1156 841 1225 ἁγίων·
877 1156 947 1208 ἐν·
973 1153 1054 1220 τῷ
1087 1156 1255 1224 φωτί.
1281 1156 1345 1208 El
1367 1157 1474 1226 γὰρ
1503 1157 1552 1208 οἱ
1587 1157 1948 1222 καταδικαζό-

375 1266 524 1319 μενοι
545 1249 855 1318 πέμπονται
889 1249 969 1311 είς
989 1247 1050 1300 τὸ
1081 1247 1271 1311 σκότος
1299 1247 1362 1301 τὸ
1395 1246 1679 1320 ἐξώτερον,
1705 1249 1948 1320 δηλονότι

371 1344 420 1394 oi
450 1341 520 1395 τὰ
536 1343 636 1412 τῆς
660 1341 926 1411 ἀποδοχῆς
954 1340 1080 1405 ἄξια
1101 1341 1476 1412 εἰργασμένοι,
1511 1343 1568 1394 ἐν
1598 1341 1677 1411 τῷ
1695 1334 1946 1412 ’ὑπερκο-

372 1434 514 1505 σμίῳ
545 1433 683 1504 φωτὶ
727 1434 827 1503 τὴν
857 1433 1163 1487 ἀνάπαυσιν
1209 1433 1422 1503 ἔχουσιν
1461 1432 1597 1503 (54).
1665 1433 1816 1486 Ἐπεὶ
1854 1427 1947 1487 οὖν

370 1527 585 1594 ἐγένετο
619 1528 648 1580 6
677 1525 901 1597 οὐρανὸς
936 1525 1322 1597 προστάγματι
1367 1523 1502 1576 Θεοῦ
1550 1524 1760 1596 ἀθρόως
1793 1540 1948 1595 περι-

367 1617 551 1680 ταθεὶς
585 1619 698 1681 τοῖς
729 1617 880 1680 ἐντὸς
907 1618 1012 1672 ὑπὸ
1042 1618 1141 1689 τῆς
1171 1617 1375 1680 οἰκείας
1402 1615 1565 1670 αὑτοῦ
1597 1615 1946 1688 περιφερείας

369 1710 821 1781 ἀπειλημμένοις,
858 1709 1015 1780 σῶμα
1045 1709 1182 1780 ἔχων
1216 1709 1454 1780 συνεχὲς,
1497 1709 1678 1763 ἱκανὸν
1705 1709 1813 1762 τῶν
1841 1706 1945 1774 ἔξω

366 1803 653 1872 διαστῆσαι
688 1802 756 1855 τὰ
795 1801 942 1855 ἔνδον
983 1800 1117 1873 (55),
1172 1801 1484 1868 ἀναγκαίως
1525 1801 1616 1854 τὸν
1663 1800 1941 1855 ἐναπολει-

2062 611 2294 670 naturae,
2322 613 2415 658 aut
2437 606 2482 659 si
2511 605 2604 675 qui
2636 607 2727 662 alii
2757 620 2880 665 sunt
2907 611 3212 669 administri
3242 617 3483 685 spiritus,
3509 621 3622 675 sive

2058 696 2295 751 habeant
2324 714 2540 766 nomen,
2572 701 2686 757 sive
2735 719 2864 770 non,
2896 707 3159 778 degebant
3220 709 3274 765 in
3329 714 3569 769 tenebris
3603 730 3618 769 :

2057 787 2149 841 sed
2183 787 2235 842 in
2267 788 2386 845 luce
2412 798 2465 844 et
2497 791 2549 845 in
2585 793 2731 848 omni
2766 796 2948 852 laetitia
2990 799 3253 868 spirituali
3283 810 3480 858 statum
3517 805 3618 859 sibi

2057 881 2469 937 convenientem
2501 884 2792 942 habebant.
2822 887 2999 959 Atque
3032 892 3116 946 his
3153 897 3486 951 contradicet
3523 914 3619 951 ne-

2055 983 2167 1036 mo,
2198 985 2304 1026 non
2357 971 2402 1025 is
2452 983 2622 1040 certe,
2651 977 2740 1046 qui
2787 977 2840 1032 in
2890 979 3151 1037 bonorum
3192 987 3472 1054 promissis
3507 1002 3619 1040 cas-

2055 1058 2246 1116 lestem
2280 1062 2453 1118 lucem
2483 1075 2781 1134 exspectat,
2811 1070 2878 1124 de
2905 1085 3010 1140 qua
3045 1070 3298 1128 Salomon
3341 1077 3418 1129 ait
3451 1095 3468 1131 :
3502 1075 3620 1130 Lua:

2045 1150 2208 1220 justis
2247 1169 2447 1222 semper
2463 1155 2925 1228 “;.etApostolus
2967 1178 2983 1215 :
3014 1161 3229 1219 Gratias
3272 1177 3477 1236 agentes
3515 1168 3618 1222 Deo

2053 1251 2101 1298 et
2144 1242 2296 1298 Patri
2323 1245 2413 1314 qui
2443 1245 2628 1316 dignos
2668 1264 2760 1303 nos
2805 1250 2926 1320 fecit
2960 1255 3015 1307 in
3045 1265 3193 1323 parte
3225 1258 3380 1310 sortis
3412 1267 3619 1310 sancto-

2053 1349 2169 1387 rum
2205 1335 2260 1388 in
2293 1335 2489 1391 lumine
2529 1340 2596 1392 ²¹.
2633 1340 2844 1397 Etenim
2897 1346 2944 1399 si
2982 1345 3218 1401 damnati
3255 1348 3536 1402 mittuntur
3565 1351 3616 1403 in

2053 1425 2308 1483 tenebras
2350 1431 2648 1488 exteriores
2680 1434 2726 1466 "
2761 1453 2774 1489 :
2810 1437 2996 1508 utique
3031 1440 3122 1509 qui
3173 1453 3336 1508 opera
3369 1440 3525 1496 laude
3556 1457 3620 1496 ac

2052 1521 2520 1579 commendatione
2547 1525 2708 1596 digna
2735 1541 3077 1600 peregerunt,
3110 1531 3164 1586 in
3185 1532 3392 1588 ctelesti
3420 1533 3619 1589 lumine

2051 1615 2293 1682 requiem
2354 1617 2650 1685 possident.
2689 1619 2954 1687 Quoniam
3007 1625 3168 1694 igitur
3201 1624 3294 1681 Dei
3335 1626 3494 1694 jussu
3535 1633 3618 1682 est

2051 1704 2246 1762 caelum
2277 1706 2500 1778 factum,
2534 1714 2615 1767 sic
2651 1721 2711 1767 ut
2760 1716 2922 1770 rebus
2961 1716 3102 1771 intra
3133 1733 3285 1773 suam
3315 1718 3482 1789 ipsius
3510 1718 3616 1773 cir-

2052 1796 2464 1854 cumferentiam
2507 1805 2776 1860 contentis
2823 1807 3114 1876 derepente
3157 1811 3617 1866 circumfundere-

367 1896 575 1964 φθέντα
637 1893 785 1964 αὐτῷ
835 1894 1000 1946 τόπον
1037 1893 1148 1965 (56)
1200 1893 1416 1962 ἀφεγγῆ
1470 1892 1792 1962 κατέστησε,
1852 1892 1941 1963 τὴκ

2054 1898 2178 1959 tur;
2233 1893 2565 1965 haberetque
2595 1911 2790 1968 corpus
2830 1901 3136 1955 continuum
3166 1903 3307 1971 quod
3338 1903 3402 1957 ab
3431 1912 3614 1957 exter-

367 1985 568 2053 ἔξωθεν
616 1985 791 2055 αὐγὴν
857 1983 1138 2054 διακόψας.
1171 1983 1310 2055 Τρία
1348 1983 1457 2053 γὰρ
1499 1983 1581 2036 δεῖ
1620 1984 1947 2056 συνδραμεῖν

368 2079 462 2131 ἐπὶ
484 2078 584 2148 τῆς
613 2079 788 2141 σκιᾶς,
825 2077 884 2130 τὸ
909 2077 1046 2145 φῶς,
1075 2076 1136 2130 τὸ
1171 2075 1350 2148 σῶμα,
1395 2077 1486 2130 τὸν
1511 2076 1736 2148 ἀλαμπῆ
1761 2077 1943 2130 τόπον.

367 2171 442 2224 Τὸ
480 2169 660 2224 τοίνυν
707 2169 998 2240 ἐγκόσμιον
1049 2171 1239 2232 σκότος
1271 2171 1338 2237 τῇ
1389 2169 1517 2238 σκιᾷ
1547 2167 1643 2221 τοῦ
1691 2169 1944 2239 οὐρανίου

368 2261 621 2332 σώματος
663 2260 1011 2332 παρυπέστη.
1062 2261 1274 2330 Νόησον
1307 2259 1363 2312 δέ
1416 2276 1505 2330 μοι
1550 2260 1657 2313 ἀπὸ
1688 2261 1948 2332 παραδεί-

365 2371 574 2425 γματος
613 2352 877 2425 ἐναργοῦς
908 2353 968 2405 τὸ
997 2352 1308 2423 λεγόμενον,
1347 2352 1406 2404 ἐν
1439 2352 1682 2424 σταθηρᾷ
1719 2349 1828 2424 (57)
1857 2370 1946 2424 με-

367 2448 616 2519 σημϐρίᾳ
652 2447 856 2517 σκηνήν
895 2463 1018 2498 τινα
1049 2447 1112 2498 ἐκ
1144 2444 1355 2514 πυκνῆς
1395 2445 1488 2498 καὶ
1526 2446 1789 2513 στεγανῆς
1814 2443 1944 2515 ὕλης

366 2539 545 2610 ἐαυτῷ
566 2540 989 2611 περιστήσαντα,
1019 2537 1113 2591 καὶ
1146 2538 1203 2590 ἐν
1249 2537 1426 2606 σκότῳ
1461 2536 1788 2608 αὐτοσχεδίῳ
1818 2538 1946 2590 ἑαυο

365 2632 456 2686 τὸν
494 2632 911 2704 καθειργνύντα.
949 2631 1202 2684 Τοιοῦτον
1247 2627 1341 2684 οὖν
1387 2631 1610 2685 κάκεῖνο
1649 2631 1710 2683 τὸ
1753 2630 1944 2694 σκότος

368 2724 588 2789 ὑπόθου,
616 2726 676 2777 οὑ
704 2723 1127 2795 προηγουμένως
1158 2723 1482 2793 ὑφεστηκὸς,
1509 2721 1623 2775 ἀλλ’
1652 2723 1945 2776 ἐπακολου-

368 2815 544 2886 θῆσαν
587 2816 813 2888 ἑτέροις.
864 2815 1032 2868 Τοῦτο
1066 2815 1130 2885 δὴ
1189 2815 1248 2868 τὸ
1294 2815 1484 2877 σκότος
1515 2815 1608 2868 καὶ
1648 2814 1945 2870 ἐπιϐαίνειν

365 2908 583 2977 λέγεται
626 2911 693 2979 τῇ
737 2907 978 2978 ἀὸύσσῳ,
1007 2906 1193 2977 ἐπειδὴ
1217 2907 1283 2959 τά
1317 2907 1520 2978 ἔσχατα
1541 2905 1635 2960 τοῦ
1658 2907 1820 2979 ἀέρος
1849 2907 1946 2960 πέ-

366 3018 503 3071 φυκε
545 3003 666 3064 ταῖς
699 2999 1040 3069 ἐπιφανείαις
1084 2999 1192 3053 τῶν
1234 3000 1501 3070 σωμάτων
1554 2999 1941 3056 συνάπτεσθαι.

365 3095 498 3147 Τότε
551 3093 609 3146 δὲ
660 3091 804 3163 ὕδωρ
848 3087 916 3162 ἦν
962 3094 1075 3155 τοῖς
1118 3093 1284 3144 πᾶσιν
1337 3088 1680 3154 ἐπιπολάζον.
1744 3091 1944 3164 Διόπερ

363 3187 676 3254 ἀναγκαίως
716 3185 777 3238 τὸ
835 3185 1022 3248 σκότος
1066 3185 1251 3239 ἐπάνω
1284 3184 1550 3256 ὑπάρχειν
1597 3183 1813 3256 εἴρηται
1844 3187 1945 3256 τῆς

363 3279 624 3334 ἀϐύσσου.

2047 1984 2132 2038 nis
2184 1983 2395 2040 interna
2441 1987 2726 2058 seiungere
2753 2001 2935 2059 posset
2967 1993 3075 2066 18
3105 1995 3410 2049 necessario
3439 1996 3614 2049 locum

2046 2089 2076 2130 a
2105 2089 2164 2132 se
2189 2075 2510 2133 derelictum
2546 2094 2611 2135 ac
2642 2091 2950 2152 separatum
2980 2085 3330 2152 obnubilavit,
3360 2087 3615 2142 interciso

2046 2167 2254 2225 scilicet
2287 2179 2512 2227 externo
2546 2172 2852 2244 splendore.
2893 2176 3021 2232 Tria
3067 2180 3210 2233 enim
3256 2180 3320 2233 ad
3367 2180 3612 2235 umbram

2046 2273 2374 2317 concurrere
2421 2274 2656 2335 oportet,
2703 2267 2902 2333 lucem,
2940 2283 3158 2339 corpus,
3194 2271 3481 2326 obscurum
3533 2272 3615 2326 lo-

2046 2367 2190 2410 cum.
2228 2353 2415 2426 Itaque
2459 2371 2557 2427 per
2604 2360 2845 2417 caelestis
2894 2364 3138 2433 corporis
3177 2364 3424 2418 umbram
3457 2379 3614 2419 mun-

2045 2446 2186 2502 datae
2213 2449 2578 2507 constiterunt
2607 2455 2864 2510 tenebrae.
2895 2455 3048 2523 Quod
3079 2466 3253 2511 autem
3282 2457 3533 2522 dicimus,
3558 2455 3614 2512 id

2042 2537 2377 2596 intellexeris
2409 2542 2646 2599 evidenti
2675 2546 2944 2615 exemplo,
2975 2547 3019 2602 si
3055 2547 3109 2601 in
3148 2547 3375 2603 meridie
3399 2546 3616 2603 ferven-

2043 2627 2249 2683 tissima
2286 2631 2695 2690 tabernaculum
2729 2637 2948 2708 aliquod
2983 2653 3048 2693 ex
3081 2640 3245 2694 densa
3287 2647 3342 2695 et
3372 2639 3614 2708 impene-

2043 2721 2224 2777 trabili
2272 2725 2498 2780 materia
2550 2727 2647 2783 tibi
2694 2728 2808 2800 ipse
2840 2731 3314 2800 circumposueris,
3351 2739 3512 2801 atque
3556 2731 3612 2785 in

2044 2812 2283 2869 tenebris
2312 2819 2778 2888 extemporalibus
2821 2822 3051 2892 teipsum
3100 2821 3405 2878 incluseris.
3444 2823 3609 2877 Velim

2042 2904 2206 2975 igitur
2242 2923 2412 2976 ponas
2457 2917 2512 2965 et
2558 2912 2658 2967 has
2697 2914 2949 2969 tenebras
2990 2913 3127 2970 tales
3168 2912 3356 2980 fuisse,
3385 2927 3484 2969 nec
3515 2927 3611 2982 per

2042 3013 2102 3054 se
2132 3001 2464 3067 substitisse,
2493 3005 2589 3059 sed
2634 3004 2769 3060 alias
2813 3005 3131 3062 subsecutas
3172 3017 3310 3062 esse.
3351 3003 3446 3058 Hae
3478 3018 3610 3060 sane

2043 3092 2278 3147 tenebrat
2307 3093 2472 3148 etiam
2510 3096 2710 3166 abysso
2755 3097 2993 3152 insidere
3037 3088 3310 3160 dicuntu’r,
3340 3095 3480 3165 quod
3515 3109 3610 3150 ex-

2045 3193 2229 3239 trema:
2255 3186 2399 3240 aeris
2429 3195 2610 3256 partes
2638 3203 2760 3243 cum
2792 3203 3078 3259 corporum
3112 3189 3403 3261 superﬁcie
3435 3187 3610 3244 solent

1967 3260 2011 3322 C
2044 3279 2317 3350 conjungi.
2350 3277 2502 3338 Tunc
2546 3291 2725 3338 autem
2775 3298 2914 3354 aqua
2957 3260 3209 3340 omnibus
3245 3280 3606 3353 superstabat.

364 3376 698 3446 Quapropter
758 3374 1066 3430 necessario
1130 3375 1387 3429 tenebras
1454 3386 1618 3442 super
1679 3372 1932 3442 abyssum
1971 3375 2246 3430 exstitisse
2273 3375 2472 3431 dictum
2501 3385 2604 3431 est.

434 3469 488 3524 6.
510 3471 619 3525 Καὶ
655 3469 890 3539 πνεῦμα
928 3467 1095 3533 Θεοῦ,
1148 3469 1333 3537 φησὶν,
1381 3467 1702 3537 ἐπεφέρετο
1737 3467 1938 3522 ἐπάνω

2116 3469 2169 3524 6.
2213 3469 2280 3523 Et
2312 3472 2528 3540 spiritus
2557 3472 2674 3537 Dei,
2705 3472 2896 3543 inquit,
2927 3474 3189 3543 ferebatur
3238 3489 3394 3544 super
3417 3487 3606 3544 aquas.

421 3626 464 3658 ²²
499 3625 662 3680 Prov.
689 3641 810 3692 xm,
833 3623 884 3680 9.
965 3627 1009 3657 ²²
1035 3623 1242 3682 Coloss.
1271 3641 1309 3691 l,
1338 3625 1423 3680 12.
1499 3626 1544 3658 ³³
1571 3624 1760 3681 Matth.
1789 3643 1924 3694 xxn,
1957 3628 2045 3682 15.

436 3813 548 3885 (52)
583 3814 722 3868 ΕιΙίιί
746 3816 965 3885 ἀντερεῖ
987 3815 1136 3878 ὅστις
1161 3832 1245 3883 γε.
1277 3819 1344 3870 At
1372 3816 1537 3873 Coisl.
1584 3817 1856 3874 secundus
1883 3827 1938 3874 et

363 3884 870 3956 Combel'sdwrepsi,
892 3884 1085 3939 οὔκουν
1113 3887 1259 3950 ὅστις
1300 3904 1394 3955 γε’
1426 3888 1514 3941 uhi
1565 3887 1759 3940 οὔκουν
1797 3889 1936 3944 male

364 3954 416 4008 in
452 3955 716 4020 aliquibus
746 3954 1022 4010 codicibus
1056 3954 1318 4010 scribitur
1366 3972 1486 4011 cum
1540 3967 1766 4011 accentu
1821 3959 1932 4012 cir-

365 4023 626 4096 cumﬂexo
653 4025 869 4079 οὑκοῦν.
935 4026 1130 4079 Ibidem
1186 4027 1316 4081 editi
1375 4029 1432 4079 ἐν
1465 4029 1586 4090 ταῖς
1620 4026 1726 4080 τῶν
1763 4029 1932 4096 ἁγίων

365 4095 812 4163 ὲπαγγελίαις.ὶη
842 4107 1142 4165 sanctorum
1176 4099 1469 4165 promissis.
1503 4098 1681 4151 Nostri
1726 4095 1931 4164 septem

368 4180 498 4219 mss.
535 4181 652 4235 cum
685 4168 870 4219 codice
909 4164 1153 4220 Combef.
1185 4175 1239 4218 et
1276 4183 1396 4220 cum
1430 4177 1658 4235 utroque
1706 4167 1838 4222 Duc.
1869 4170 1928 4223 ὲν

364 4236 484 4296 ταῖς
505 4234 609 4286 τῶν
636 4235 855 4304 ἀγαθῶν
895 4238 1120 4304 ἐπαγγ.,
1153 4237 1206 4289 in
1230 4235 1481 4290 bonorum
1516 4234 1805 4304 promissis,
1837 4255 1929 4291 seu

367 4304 424 4354 in
449 4306 592 4356 bonis
624 4307 893 4372 promissis
928 4321 1089 4372 :qum
1121 4307 1298 4370 lectio,
1331 4307 1404 4359 uti
1450 4316 1632 4360 ntonct
1681 4309 1924 4373 Duczeus,

367 4373 562 4441 legitur
583 4379 720 4441 apud
743 4374 1160 4429 Theodoretnm.
1181 4376 1401 4430 Accedit
1439 4379 1622 4437 etiam,
1655 4379 1794 4444 quod
1829 4393 1928 4430 au-

368 4444 621 4497 eloritate
647 4445 910 4498 Eustathii
941 4446 1251 4499 conﬁrmari
1285 4448 1474 4513 possit,
1510 4447 1598 4514 qui
1639 4448 1718 4500 sic
1768 4447 1931 4501 inter-

367 4523 610 4581 pre't'atur
638 4532 651 4567 :
675 4515 730 4567 in
758 4514 1008 4568 bonorum
1035 4516 1464 4583 promissionibus
1501 4516 1749 4580 operitur.

2041 3815 2195 3873 Colb.
2226 3817 2493 3872 secundus
2520 3831 2641 3872 cum
2673 3815 2879 3872 duobus
2915 3817 3099 3885 Regiis
3131 3815 3603 3884 ἐναπολειφθέντα,

2043 3889 2279 3941 relictum
2321 3905 2353 3939 a
2384 3898 2439 3940 se
2467 3887 2659 3941 locum.
2691 3888 2869 3943 Editio
2891 3887 3060 3941 Paris.
3097 3897 3152 3942 et
3195 3886 3348 3955 Regii
3378 3889 3483 3939 duo
3520 3888 3606 3939 ἐν·

2041 3957 2444 4028 αποληφθέντα,
2480 3958 2900 4028 compreltensum
2937 3974 2969 4010 a
2997 3975 3051 4012 se
3080 3956 3603 4028 locum.iLectionem

2040 4026 2267 4098 primam
2296 4036 2511 4082 secutus
2532 4037 2616 4082 est
2641 4027 2976 4089 Eustathius,
3006 4027 3096 4097 qui
3146 4026 3226 4080 sic
3276 4027 3605 4098 interpreta-

2040 4095 2128 4151 iur
2159 4114 2172 4150 :
2199 4097 2276 4152 0b
2327 4098 2425 4150 hoc
2469 4099 2760 4150 necessario
2799 4108 2913 4165 post
2947 4113 3000 4151 se
3024 4095 3301 4165 regionem
3342 4095 3600 4158 relictam,

2037 4177 2300 4222 carentem
2325 4167 2439 4221 luce
2468 4167 2760 4230 constituit,
2787 4177 2965 4235 utpote
3006 4167 3212 4236 fulgore
3243 4168 3332 4237 qui
3382 4166 3605 4234 desuper

2035 4238 2299 4299 radiabat,
2325 4237 2552 4290 excluso.
2583 4237 2647 4290 Et
2673 4239 2744 4289 ita
2783 4237 3064 4302 legendum
3095 4251 3212 4290 esse
3270 4244 3419 4305 puto,
3480 4251 3601 4289 cum

2034 4322 2130 4376 per
2151 4307 2319 4360 lucem
2349 4318 2648 4378 externam,
2680 4306 2778 4378 τὴν
2803 4307 3020 4371 ἔξωθεν,
3051 4321 3111 4359 ea
3141 4306 3333 4378 debeat
3355 4305 3600 4378 intelligi,

2035 4374 2153 4445 quae
2195 4378 2422 4441 desuper
2448 4377 2707 4430 radiabat.
2735 4374 2815 4418 ⁷-
2860 4375 3393 4444 Ἐναπολειφθέντα
3440 4374 3601 4439 αὐτῷ

2035 4449 2240 4509 τόπον,
2269 4447 2438 4516 locum
2465 4463 2499 4498 a
2530 4461 2583 4498 se
2612 4447 2934 4500 derelictum.
2970 4447 3276 4516 Legendum
3306 4446 3514 4516 potius,
3545 4455 3602 4498 ut

2037 4517 2086 4570 in
2111 4517 2241 4570 edit.
2270 4515 2440 4569 Paris.
2482 4524 2536 4569 et
2562 4517 2767 4570 duobus
2795 4517 2975 4584 Regiis
3005 4514 3300 4576 codicibus,
3336 4514 3601 4584 ἐναπολη-

441 4582 551 4658 (55)
582 4583 757 4658 Codex
785 4582 1042 4658 Combef.’
1062 4600 1179 4658 cum
1211 4585 1341 4658 Reg.
1370 4596 1561 4654 quarto
1589 4584 1666 4658 τῷ
1687 4586 1804 4657 Θεῷ
1837 4587 1931 4641 καὶ¹

2041 4586 2257 4658 φθέντα,
2304 4586 2478 4658 iocum
2531 4602 2562 4637 a
2600 4601 2654 4651 se
2702 4582 3146 4658 comprehensum.
3203 4585 3402 4658 Ibidem
3455 4582 3597 4658 enim

367 4653 562 4724 Πατρί,
595 4668 713 4722 quae
746 4655 902 4708 lectio
931 4664 1145 4706 notatur
1171 4655 1221 4708 in
1249 4653 1595 4709 Testamento
1621 4653 1933 4712 Oxoniensi.

367 4723 499 4777 Nec
543 4724 700 4798 aliter
749 4725 873 4798 legit
922 4723 1255 4798 Eustathius,
1306 4727 1397 4794 qui
1458 4728 1618 4781 vertit
1667 4744 1678 4776 :
1733 4730 1934 4798 gratias

367 4803 572 4864 agentes
600 4794 703 4864 Deo
740 4807 785 4847 et
812 4795 985 4849 Patri.

440 4863 551 4934 (54)
585 4863 764 4919 Codex
800 4879 937 4916 unus
961 4863 1058 4936 τὴν
1090 4865 1385 4918 ἀπόλαυσιν
1416 4865 1647 4936 ἔχουσιν.
1701 4867 1820 4920 Mox
1845 4881 1936 4922 co-

369 4934 514 5014 dices
565 4936 668 4990 duo
722 4937 750 4989 6
796 4934 1043 5005 οὐρανός.
1108 4936 1267 4991 Deest
1316 4934 1574 4993 articulus
1633 4940 1686 4992 in
1755 4938 1935 5007 vulga-

368 5012 454 5059 tis.

438 5074 764 5147 (55)_Ducazi
799 5075 849 5147 in
887 5075 1030 5130 hunc
1058 5076 1232 5129 locum
1279 5078 1443 5130 verba
1474 5092 1578 5131 non
1617 5077 1815 5146 pigebit
1848 5091 1934 5129 re-

365 5143 540 5200 ferre.
562 5145 793 5208 Rursus,
827 5146 1020 5214 inquit,
1051 5147 1191 5213 quod
1218 5149 1482 5210 sequitur,
1503 5143 1719 5201 inverso
1747 5147 1934 5199 ordine

363 5216 579 5270 exhibet
601 5214 992 5278 Theodorettts,
1033 5216 1212 5269 ἱκανὸν
1237 5215 1345 5269 τῶν
1372 5215 1518 5271 ἔνδον
1550 5217 1836 5285 διαστῆσαι
1866 5216 1932 5270 τά

364 5286 486 5352 ἕξω.
515 5288 652 5354 quod
674 5289 835 5354 possit
870 5301 930 5338 ea
957 5303 1072 5352 qua:
1095 5288 1223 5353 foris
1267 5288 1369 5340 sita
1418 5298 1563 5348 sunt,
1591 5303 1833 5352 separare
1865 5286 1929 5337 ab

363 5358 448 5415 iis,
478 5373 594 5423 qua:
647 5359 786 5409 intra
829 5372 882 5409 se
907 5358 1316 5422 comprehendit.
1367 5357 1432 5409 Et
1481 5359 1616 5409 hanc
1661 5359 1825 5408 fuisse
1857 5355 1930 5409 le-

367 5427 600 5478 ctionem
653 5425 834 5480 Basilii
902 5441 966 5478 ex
1027 5427 1305 5479 Enstathio
1357 5426 1550 5493 conjici
1601 5436 1795 5491 potest,
1839 5427 1926 5493 qni

364 5497 522 5565 vertit
555 5514 566 5547 :
611 5493 681 5565 Ut
731 5498 890 5561 possit
922 5512 982 5548 ea
1014 5512 1131 5565 qua}
1169 5499 1488 5549 extrinsecus
1525 5496 1818 5556 habentur,
1865 5496 1928 5548 ab

363 5563 704 5632 interioribus
763 5563 1034 5632 separare.
1080 5563 1195 5618 Huc
1225 5582 1392 5632 usque
1427 5569 1506 5617 vir
1559 5566 1924 5619 doctissimus.

367 5631 435 5687 Ut
466 5643 523 5685 ut
551 5635 661 5688 haec
692 5646 836 5700 sunt,
883 5651 1068 5688 omnes
1099 5637 1264 5689 nostri
1299 5631 1418 5688 libri
1455 5647 1562 5689 tum
1605 5636 1812 5687 calamo
1840 5649 1930 5686 no-

365 5703 482 5772 tati,
521 5713 628 5754 tutn
660 5707 799 5772 typis
823 5705 1005 5758 excusi
1031 5707 1230 5761 habent
1264 5715 1579 5760 constanter
1616 5705 1799 5757 ἱκανὸν
1820 5705 1928 5757 τῶν

361 5771 466 5836 ἔξω
497 5771 777 5844 διαστῆσαι
800 5775 867 5828 τὰ
897 5774 1062 5827 ἔνδον.

432 5843 548 5915 (36)
576 5842 968 5910 Theodoretus,
999 5844 1164 5902 editio
1211 5843 1398 5914 Basil.,
1427 5853 1651 5916 uterque
1706 5846 1838 5902 Duc.
1870 5855 1923 5902 et

2038 4654 2281 4711 similiter
2304 4655 2518 4724 legitur,
2551 4658 2664 4716 τοῖς
2697 4656 2914 4719 ἐντὸς...
2941 4654 3409 4724 ἀπειλημμένοις)
3447 4656 3596 4724 rebus

2039 4728 2176 4779 intra
2199 4722 2855 4794 ipsius—circumferentiam
2872 4722 3160 4779 contentis.
3183 4722 3351 4794 Negat
3371 4722 3598 4778 Basilius

2039 4800 2288 4850 tenebras
2312 4804 2559 4848 naturam
2595 4811 2713 4850 esse
2741 4810 2770 4848 a
2798 4796 2905 4849 D80
2940 4805 3178 4849 creatam
3220 4811 3234 4848 2
3271 4795 3364 4848 sed
3410 4809 3595 4848 earum

2035 4866 2299 4935 originem
2324 4867 2403 4919 sic
2441 4865 2650 4932 repetit.
2679 4865 2735 4920 Si
2759 4867 2885 4934 quid
2917 4875 3042 4919 ante
3079 4865 3332 4935 mundum
3362 4865 3598 4935 sensibi—

2037 4934 2140 4989 lem
2177 4946 2229 4988 et
2284 4935 2682 5002 corruptibilem
2744 4937 2967 5000 exstitit,
3027 4937 3078 4988 id
3119 4936 3170 4987 in
3224 4934 3424 4990 lumine
3470 4934 3592 4999 fuit,

2037 5020 2210 5074 neque
2241 5005 2382 5058 enim
2416 5004 2587 5071 angeli
2617 5006 2665 5058 in
2693 5006 2927 5060 tenebris
2951 5006 3233 5073 degebant,
3257 5005 3346 5059 sed
3377 5003 3429 5057 in
3453 5002 3590 5058 luce.

2036 5073 2144 5130 Sed
2195 5077 2308 5129 haec
2331 5075 2416 5128 lux
2442 5076 2684 5142 corporis
2721 5075 2873 5142 opaci
2915 5074 3196 5144 interiectu
3226 5073 3472 5129 intercidi
3497 5075 3588 5128 de-

2033 5146 2169 5202 bttit.
2195 5146 2371 5212 Quare
2421 5160 2542 5198 cum
2576 5146 2791 5209 caelum,
2823 5147 2960 5212 quod
2987 5156 3069 5199 est
3109 5160 3306 5214 corpus
3342 5158 3588 5214 opacum,

2034 5225 2272 5269 creatum
2300 5225 2420 5284 est,
2457 5230 2789 5284 quaecunque
2828 5216 2968 5268 intra
3015 5215 3157 5269 illius
3205 5212 3594 5269 circumfereno

2034 5286 2161 5339 tiam
2191 5283 2574 5354 comprehensa
2613 5283 2849 5347 fuerunt,
2887 5285 3002 5338 luce
3026 5284 3134 5348 illa,
3160 5299 3276 5353 qua:
3319 5291 3403 5339 est
3438 5295 3590 5354 extra

2034 5355 2288 5409 mundum
2315 5353 2634 5409 sensibilem
2669 5364 2724 5408 et
2749 5355 3168 5422 corruptibilem,
3194 5367 3437 5408 caruere.
3464 5353 3588 5408 ϐαι-

2031 5425 2138 5496 lum
2160 5442 2286 5496 ergo
2318 5440 2421 5480 non
2445 5427 2617 5478 locant
2639 5442 2671 5478 α
2710 5441 2764 5478 se
2797 5425 3096 5496 derelictum
3123 5423 3477 5491 obnubilavit,
3500 5425 3588 5477 sed

2031 5495 2201 5549 locum
2228 5494 2265 5547 ιι
2293 5511 2346 5549 se
2370 5496 2809 5563 comprehensum.
2843 5494 3058 5549 MARAN.

2101 5566 2211 5637 (57)
2248 5565 2377 5632 Reg.
2441 5562 2628 5620 sextus
2671 5564 2890 5637 ὑπόθου)
2924 5566 3125 5637 μοι-λέν
3181 5562 3445 5636 οταθηρᾷ.
3483 5562 3590 5637 sed

2029 5634 2446 5706 ἱιιιιι1,λὺπόθου
2508 5653 2617 5706 μοι,
2658 5650 2830 5703 neque
2882 5636 2934 5688 in
2986 5634 3104 5688 aliis
3133 5650 3287 5698 mss.,
3316 5634 3585 5706 aequet"

2027 5705 2448 5777 editisilegitur.
2488 5704 2660 5760 Voces
2706 5709 3198 5777 περιστήσαντα....
3233 5704 3594 5777 καθειργνύν-

2026 5776 2368 5900 fataidcntur
2389 5776 2638 5833 adhibitze
2677 5777 2842 5833 fuisse
2891 5776 2944 5831 in
2984 5777 3198 5832 modum
3230 5776 3594 5832 casus’abso-

2049 5857 2142 5900 uti.

2049 5857 2142 5901 ull.
