4082 6218
472 418 545 477 ts
1800 419 1860 476 ε.
1898 415 2143 507 BASlEll
2178 419 2391 478 MAGNI
3372 410 3376 414 ‘
3634 423 3716 479 ιε

2098 506 2263 525 κ-ο-ι

476 543 605 600 Sive
646 535 890 614 spiritum
931 538 1076 594 hunc
1126 536 1273 595 dicat
1321 534 1663 594 diﬁusionem
1705 552 1826 594 esse
1874 537 2035 600 aeris,

2158 537 2247 591 τοῦ
2279 538 2515 605 ὕδατος.
2552 539 2674 592 Εἴτε
2715 538 2825 609 (38)
2867 538 3024 593 τοῦτο
3064 538 3211 607 λέγει
3252 538 3312 593 τδ
3348 536 3584 610 πνεῦμα,
3607 538 3715 594 τοῦ

473 642 658 707 partes
732 631 914 687 mundi
977 629 1072 686 tibi
1140 645 1170 684 a
1242 630 1506 701 scriptore
1576 630 1884 685 enumerari
1956 628 2039 682 in-

480 726 691 796 telligas
744 743 757 778 :
810 725 1012 793 quippe
1083 719 1211 776 fecit
1276 720 1419 777 Deus
1490 721 1725 784 coelum,
1796 726 2037 782 terram,

475 830 697 885 aquam,
726 828 931 879 acrem,
960 827 1193 883 eumque
1241 811 1489 867 diffusum
1534 812 1646 881 jam
1699 819 1753 863 et
1794 809 2037 865 dimueno

474 917 606 963 tem.
639 904 789 971 Sive,
829 905 971 975 quod
1001 915 1056 961 et
1083 905 1262 959 verius
1293 913 1396 968 est,
1424 912 1478 958 et
1508 903 1803 972 majoribus
1835 901 2040 957 nostris

475 998 911 1067 comprobatum,
949 995 1187 1066 Spiritus
1205 997 1320 1062 Dei,
1350 996 1582 1051 Sanctus
1615 997 1702 1050 ille
1722 996 1899 1050 dictus
1931 997 2038 1049 sit:

475 1104 541 1144 eo
565 1091 709 1160 quod
755 1089 1100 1144 observatum
1141 1099 1224 1145 est
1252 1089 1589 1159 Scripturam
1624 1104 1747 1142 eum
1780 1087 2040 1156 ejusmodi

481 1179 839 1250 appellatione
881 1181 1227 1252 peculiariter
1268 1197 1334 1234 ac
1391 1183 1665 1252 praecipue
1711 1182 1942 1250 dignari,
1978 1198 2045 1238 ac

483 1272 688 1329 nullum
741 1275 908 1329 alium
942 1273 1203 1344 Spiritum
1237 1275 1329 1328 Dei
1377 1275 1681 1341 nominare,
1726 1291 1887 1344 quam
1912 1290 2042 1328 sau-

482 1376 629 1422 ctum
648 1367 821 1432 illum,
852 1368 941 1437 qui
968 1368 1200 1422 divinam
1229 1377 1281 1421 et
1312 1369 1524 1422 beatam
1551 1366 1868 1421 Trinitatem
1898 1382 2046 1423 com-

481 1458 613 1528 plet.
655 1456 807 1513 llanc
841 1470 1053 1527 quoque
1075 1458 1397 1512 sententiam
1427 1456 1471 1511 si
1498 1457 1801 1522 admiseris,
1834 1456 1952 1526 plus
1979 1473 2045 1511 ex

484 1564 550 1605 ea
570 1556 923 1619 percepturus
950 1562 1010 1603 es
1032 1547 1399 1607 emolumenti.
1451 1547 1731 1614 Quomodo
1765 1548 1929 1618 igitur
1966 1548 2047 1604 fe-

487 1644 711 1698 rebatur
754 1656 913 1710 super
950 1641 1155 1710 aquas?
1199 1640 1382 1696 Dicam
1428 1642 1524 1697 tibi
1562 1656 1668 1696 non
1716 1656 1913 1708 meam,
1953 1647 2047 1698 sed

490 1736 590 1789 viri
620 1733 741 1805 Syri
765 1734 1110 1799 sententiam,
1140 1733 1234 1803 qui
1259 1742 1469 1788 tantum
1507 1749 1537 1788 a
1580 1735 1763 1790 mundi
1817 1736 2051 1791 distabat

487 1824 777 1895 sapientia,
823 1833 1081 1892 quantum
1121 1824 1187 1878 ad
1236 1839 1419 1879 rerum
1476 1840 1733 1880 verarum
1766 1828 2046 1882 scientiam

490 1916 980 1986 appropinquabat.
1021 1915 1213 1970 Aiebat
1262 1916 1427 1986 igitur
1466 1932 1651 1973 vocem
1689 1917 1947 1989 Syrorum
1997 1930 2053 1976 et

488 2006 970 2076 signiﬁcantiorem
997 2020 1135 2071 esse,
1150 2015 1205 2060 et
1224 2006 1293 2061 ob
1322 2022 1475 2061 suam
1500 2022 1623 2062 cum
1656 2007 1920 2064 chraica
1946 2009 2053 2064 lin-

489 2113 592 2167 gua
622 2100 1019 2169 cognationem,
1067 2100 1296 2167 quodam
1330 2100 1490 2154 modo
1535 2100 1604 2154 ad
1648 2100 2050 2170 Scripturarum

491 2204 707 2245 sensum
736 2189 956 2260 propius
985 2190 1267 2245 accedere.
1293 2188 1480 2259 Itaque
1503 2189 1664 2246 talem
1694 2192 1907 2247 dicebat
1935 2207 2055 2250 esse

493 2282 652 2348 hujus
681 2280 812 2337 dicti
850 2282 1198 2337 sententiam.
1230 2282 1386 2347 Illud,
1416 2282 1709 2353 inquiebat,
1730 2285 1951 2340 verbum
1977 2285 2054 2355 fe-

495 2372 729 2441 rebatur,
769 2372 1189 2444 interpretantes
1215 2383 1433 2430 sumunt
1469 2389 1569 2439 pro
1598 2376 1785 2439 verbo,
1817 2377 2056 2447 confove-

494 2463 605 2528 bat,
638 2470 693 2518 et
715 2463 788 2519 ita
810 2472 1017 2519 natura:
1036 2479 1298 2534 aquarum
1319 2465 1427 2519 vim
1446 2464 1715 2520 tribuebat
1743 2464 2054 2534 fetiﬁcaudi,

493 2555 665 2610 instar
713 2554 1021 2611 incubantis
1066 2556 1184 2612 avis
1202 2595 1219 2621 ,
1248 2565 1303 2612 et
1330 2556 1549 2613 vitalem
1578 2556 1865 2627 quamdam
1894 2556 2061 2613 facul-

495 2652 662 2699 tatem
688 2643 754 2699 iis
786 2659 908 2714 qua:
936 2645 1599 2714 foventurimpartientis.
1662 2646 1847 2702 Talem
1889 2663 2061 2717 quan-

496 2736 620 2789 dam
657 2734 1066 2806 intelligentiam
1111 2736 1262 2791 aiunt
1298 2737 1402 2792 hac
1426 2751 1560 2792 voce
1607 2736 1853 2793 indicari.
1889 2738 2061 2793 Nimi-

2140 629 2299 700 ἀέρος
2325 630 2424 701 τὴν
2461 631 2638 700 χύσιν,
2663 631 2811 697 δέξαι
2834 633 2903 686 τὰ
2942 632 3082 703 μέρη
3117 631 3211 685 τοῦ
3252 630 3458 703 κόσμου
3480 649 3715 704 καταριο

2142 719 2382 791 θμοῦντά
2414 740 2494 776 σοι
2531 724 2619 776 τὸν
2648 725 2983 794 συγγραφέα,
3012 726 3092 778 ὅτι
3121 724 3371 796 ἐποίησεν
3401 726 3430 778 ό
3460 725 3590 789 Θεὸς
3611 727 3713 779 οὒ-

2146 813 2326 883 ρανὸν,
2376 814 2501 883 γῆν,
2538 813 2702 888 ὕδωρ,
2739 816 2899 887 ἀέρα,
2947 817 3042 869 καὶ
3083 815 3270 869 τοῦτον
3309 816 3561 886 χεόμενον
3603 817 3711 888 ήδη

2142 904 2236 959 καὶ
2261 907 2450 977 ῥέοντα
2468 924 2480 936 ·
2510 908 2639 970 εἴτε,
2663 907 2691 959 δ
2724 906 2818 960 καὶ
2845 907 3041 977 μᾶλλον
3079 906 3434 978 ἀληθέστερόν
3465 900 3570 975 (39)
3595 908 3716 959 ἐστι

2144 998 2373 1060 καὶτοῖς
2407 998 2509 1068 πρὸ
2537 998 2693 1069 ἡμῶν
2721 998 2991 1070 ἐγκριθέν,
3022 997 3244 1069 Πνεῦμα
3277 996 3437 1059 Θεοῦ,
3469 996 3529 1049 τὸ
3556 996 3718 1065 ἆγιον

2144 1087 2392 1158 εἴρηται·
2427 1088 2515 1141 διά
2567 1088 2627 1141 τὸ
2666 1087 2997 1158 τετηρῆσθαι
3050 1088 3207 1141 τοῦτο
3261 1087 3568 1151 ἰδιαζόντως
3617 1088 3717 1139 καὶ

2143 1178 2436 1249 ἐξαιρέτως
2479 1179 2578 1249 τῆς
2631 1179 2883 1251 τοιαύτης
2923 1180 3140 1251 μνήμης
3186 1180 3292 1232 ὑπὸ
3337 1178 3438 1248 τῆς
3490 1178 3719 1249 Γραφῆς

2144 1271 2445 1336 ἀξιοῦσθαι,
2471 1272 2565 1324 καὶ
2601 1272 2765 1342 μηδὲν
2798 1272 2924 1326 ἄλλο
2953 1272 3172 1343 Πνεῦμα
3209 1271 3366 1336 Θεοῦ,
3408 1272 3441 1343 ἢ
3473 1270 3535 1323 τὸ
3558 1271 3721 1339 ἆγιον

2143 1364 2205 1417 τὸ
2232 1364 2332 1434 τῆς
2365 1364 2513 1427 θείας
2549 1366 2641 1417 καὶ
2682 1365 2955 1435 μακαρίας
2981 1365 3207 1436 Τριάδος
3230 1365 3339 1435 (40)
3389 1364 3721 1435 συμπληρω-

2145 1454 2295 1508 τικὸν
2340 1455 2718 1524 ὀνομάζεσθαι.
2762 1456 2872 1508 Καὶ⁵
2905 1457 3108 1526 ταύτην
3138 1455 3569 1528 προσδεξάμενος
3617 1454 3725 1526 τὴν

2145 1546 2404 1612 διάνοιαν,
2442 1546 2662 1617 μείζονα
2705 1547 2802 1619 τὴν
2834 1548 2926 1601 ἀπ’
2950 1548 3115 1618 αὐτῆς
3149 1547 3414 1617 ὠφέλειαν
3444 1547 3721 1618 εὑρήσεις.

2148 1637 2273 1701 Πῶς
2307 1635 2400 1692 οὖν
2443 1638 2741 1708 ἐπεφέρετο
2777 1635 2934 1691 τοῦτο
2979 1637 3095 1708 (nil)
3141 1637 3324 1690 ἐπάνω
3356 1636 3450 1689 τοῦ
3490 1635 3723 1701 ῦδατος;

2163 1729 2300 1803 Ἐρῶ
2334 1746 2416 1782 σοι
2445 1733 2544 1785 οὐκ
2565 1729 2803 1800 ἐμαυτοῦ
2832 1730 3008 1799 λόγον,
3040 1729 3174 1783 ἀλλὰ
3202 1730 3371 1802 Σύρου
3409 1729 3599 1800 ἀνδρὸς
3633 1745 3726 1781 σο-

2152 1822 2277 1892 φίας
2303 1823 2571 1892 κοσμικῆς
2598 1822 2848 1878 τοσοῦτον
2880 1823 3269 1892 ἀφεστηκότος,
3300 1824 3421 1876 ὅσον
3457 1823 3623 1891 ἐγγὺς
3654 1816 3730 1893 ἦν

2150 1916 2249 1987 τῆς
2276 1915 2384 1969 τῶν
2406 1914 2672 1986 ἀληθινῶν
2703 1916 3028 1985 ἐπιστήμης.
3064 1914 3255 1983 Ἔλεγε
3287 1915 3465 1968 τοίνυν
3492 1916 3588 1986 τὴν
3615 1914 3731 1967 τῶν

2153 2012 2339 2083 Σύρων
2372 2011 2552 2082 φωνὴν
2595 2012 3049 2083 ἐμφατικωτέραν
3093 2030 3154 2065 τε
3196 2009 3354 2077 εἶναι,
3386 2014 3480 2067 καὶ
3502 2012 3590 2066 διὰ
3624 2014 3728 2082 τὴν

2153 2103 2289 2175 πρὸς
2315 2103 2414 2174 τὴν
2460 2103 2713 2175 Ἐὁραῖδα
2754 2105 3048 2172 γειτνίασιν
3091 2104 3287 2175 μᾶλλόν
3326 2123 3441 2169 πως
3461 2109 3525 2176 τῇ
3551 2106 3735 2178 ἐννοίᾳ

2152 2193 2260 2247 τῶν
2287 2194 2519 2264 Γραφῶν
2577 2194 2979 2265 προσεγγίζειν.
3018 2193 3174 2250 Εἶναι
3220 2192 3314 2250 οὖν
3341 2198 3438 2269 τὴν
3491 2198 3731 2253 διάνοιαν

2153 2286 2247 2340 τοῦ
2294 2286 2459 2359 ῥητοῦ
2515 2286 2793 2359 τοιαύτην.
2843 2289 2937 2351 Τὸ,
2978 2290 3358 2360 Ἐπεφέρετο,
3405 2291 3591 2361 φησὶν,
3644 2288 3732 2353 ἐξ·

2156 2376 2413 2451 ηγοῦνται
2448 2379 2571 2432 ἀντὶ
2614 2379 2731 2447 τοῦ,
2779 2380 3144 2441 συνέθαλπε.
3187 2383 3281 2435 καὶ
3323 2381 3603 2450 ἐζωογὸνει
3630 2380 3732 2450 τὴν

2155 2469 2264 2523 τῶν
2291 2470 2497 2524 ὑδάτων
2527 2470 2708 2540 φύσιν,
2738 2470 2878 2524 κατὰ
2901 2471 3001 2542 τὴν
3045 2471 3227 2524 είκόνα
3252 2472 3352 2543 τῆς
3373 2471 3734 2539 ἐπωαζούσης

2154 2560 2393 2634 ὄρνιθος,
2440 2562 2536 2615 καλ¹
2594 2561 2828 2634 ζωτικήν
2882 2580 3003 2615 τινα
3056 2562 3283 2634 δύναμιν
3337 2564 3569 2633 ἐνιείσης
3617 2566 3735 2625 τοῖς

2158 2653 2641 2724 ὑποθαλπομένοις.
2689 2654 2941 2708 Τοιοῦτόν
2981 2655 3103 2709 τινά
3142 2672 3302 2724 φασιν
3330 2652 3440 2725 (42)
3483 2652 3591 2704 ὑπὸ
3631 2652 3734 2721 τῆς

2160 2746 2341 2817 φωνῆς
2364 2745 2567 2816 ταύτης
2601 2746 3038 2818 παραδηλοῦσθαι
3067 2747 3156 2801 τὸν
3182 2746 3326 2811 νοῦν,
3374 2746 3447 2809 ὼς
3470 2746 3736 2813 ἐπιφερο-

496 2839 615 2879 rum
664 2824 930 2893 ferebatur
956 2826 1177 2895 spiritus
1211 2841 1367 2896 super
1392 2843 1581 2895 aquas,
1622 2829 1727 2883 hoc
1756 2837 1876 2895 εει,
1905 2837 2057 2884 natu-

2158 2836 2343 2907 μένου
2390 2835 2495 2890 τοῦ
2523 2838 2893 2905 πνεύματος-⁸
2936 2837 3206 2901 τουτέστι,
3262 2836 3399 2906 πρὸς
3440 2832 3740 2901 ζωογονίαν

497 2928 616 2969 ram
656 2930 811 2984 aquae
856 2914 923 2983 ad
970 2915 1199 2971 feturam
1254 2920 1615 2987 praeparabat.
1639 2917 1818 2985 Quare
1853 2921 1995 2988 quod
2028 2936 2057 2975 a

2160 2929 2258 3000 τὴν
2289 2928 2383 2981 τοῦ
2419 2927 2611 2991 ῦδατος
2651 2929 2811 2997 φύσιν
2850 2925 3355 3000 παρασκευάζοντος
3378 2945 3389 2957 ·
3436 2926 3575 2979 ὥστε
3613 2925 3737 2978 ἱκα-

496 3002 818 3069 quibusdam
848 3004 1132 3073 quaeritur,
1161 3005 1295 3060 satis
1319 3018 1386 3060 ex
1413 3006 1518 3062 hoc
1550 3004 1739 3076 liquet,
1770 3021 1963 3078 nempe
1992 3008 2057 3064 ab

2162 3020 2269 3086 νῶς
2299 3025 2364 3075 ἐκ
2391 3020 2578 3074 τούτου
2613 3019 2673 3072 τὸ
2702 3021 2853 3089 παρά
2881 3037 3041 3072 τινων
3077 3018 3497 3089 ἐπιζητούμενον
3518 3017 3736 3069 δείκνυ-

499 3100 622 3151 actu
654 3093 873 3151 creandi
901 3094 1160 3166 Spiritum
1189 3104 1435 3153 sanctum
1463 3111 1571 3154 non
1594 3097 1850 3155 abfuisse.

2166 3114 2310 3179 σθαι,
2344 3113 2425 3166 ὅτι
2458 3111 2578 3165 οὐδέ
2605 3112 2705 3182 τῆς
2730 3111 3127 3182 δημιουργικῆς
3160 3110 3435 3182 ἐνεργείας
3476 3108 3536 3161 τὸ
3565 3106 3735 3162 Πνεῦ-

2085 3215 2129 3276 c
2166 3222 2242 3279 μα
2272 3203 2332 3258 τὺ
2370 3204 2521 3272 ἆγιον
2546 3203 2895 3256 ἀπολείπεται
2932 3203 3065 3272 (45).
3566 3218 3569 3223 ·

571 3275 627 3331 7.
663 3273 733 3329 Et
756 3276 892 3330 dixit
918 3275 1079 3343 Deus,
1116 3276 1244 3332 Fiat
1262 3277 1354 3332 tua:
1385 3279 1453 3334 “.
1497 3278 1676 3335 Prima
1705 3279 1801 3335 Dei
1839 3295 1943 3336 vox
1976 3280 2057 3336 lu-

2167 3273 2181 3279 v
2232 3291 2284 3345 7.
2308 3289 2418 3345 Καὶ
2451 3284 2621 3342 εἶπεν
2649 3292 2682 3343 ό
2706 3288 2871 3353 Θεὸς,
2890 3288 3207 3356 Γενηθήτω
3230 3285 3373 3357 φῶς.
3393 3284 3587 3357 Πρώτη
3623 3301 3739 3353 φω-

499 3365 581 3421 cis
626 3372 874 3421 naturam
911 3368 1155 3432 creavit,
1209 3367 1487 3438 dissipavit
1536 3369 1809 3435 tenebras,
1841 3369 2057 3440 dispulit

2164 3381 2228 3453 νὴ
2260 3378 2393 3434 Θεοῦ
2436 3379 2615 3449 φωτὸς
2642 3379 2805 3449 φύσιν
2828 3378 3249 3450 ἐδημιούργησε,
3277 3378 3338 3431 τὸ
3367 3378 3557 3440 σκότος
3588 3377 3737 3445 ἠφά-

499 3457 845 3523 ωωειὶιὶεω,
889 3458 1146 3515 mundum
1184 3459 1495 3529 illustravit,
1530 3470 1586 3517 et
1608 3463 1901 3518 acervatim
1931 3476 2057 3533 gra-

2158 3488 2302 3543 νισε,
2334 3469 2429 3543 τὴν
2462 3471 2759 3543 κατήφειαν
2791 3470 3020 3534 διέλυσε,
3077 3470 3168 3525 τὸν
3199 3471 3399 3542 κόσμον
3426 3469 3733 3541 ἐφαίδρυνε,

499 3556 619 3603 tum
667 3562 735 3605 ac
780 3549 1076 3620 jucundum
1114 3560 1389 3622 aspectum
1436 3552 1702 3609 universis
1740 3554 2057 3624 impertivit.

2158 3542 2331 3618 ἰιτῇἆξὲῖν
2366 3542 2578 3635 ἀθρόως
2608 3564 2904 3635 χαρίεσσαν
2947 3566 3069 3635 ὄψιν
3099 3565 3193 3619 καὶ
3222 3564 3404 3635 ἡδεῖαν
3431 3563 3732 3632 ἐπήγαγεν.

499 3636 636 3694 Nam
663 3648 721 3695 et
761 3641 959 3697 caelum
1004 3642 1277 3711 apparuit,
1321 3652 1479 3699 antea
1513 3643 1833 3701 intenebris
1871 3645 2060 3701 delite-

500 3745 697 3798 scens;
728 3732 843 3789 visa
879 3741 963 3789 est
992 3742 1046 3788 et
1079 3734 1248 3804 ipsius
1285 3733 1648 3804 pulchritudo,
1695 3750 1865 3804 eaque
1911 3745 2060 3792 tanta

501 3831 761 3894 quantam
813 3824 979 3881 etiam
1013 3841 1155 3881 nunc
1200 3826 1340 3882 oculi
1381 3834 1666 3884 testantur.
1703 3827 2065 3899 19lllustra—

500 3915 665 3972 batur
710 3923 894 3973 autem
941 3932 1077 3986 aer;
1124 3917 1232 3974 imo
1271 3919 1585 3989 permistam
1622 3919 1726 3975 sibi
1767 3919 1946 3976 lucem
1977 3921 2068 3977 ha-

572 4078 620 4111 "
645 4076 784 4135 Gen.
816 4096 858 4148 ι,
884 4081 942 4135 5.

575 4224 688 4301 (58)
745 4226 971 4301 Codices
1025 4244 1129 4284 non
1192 4228 1349 4301 pauci
1403 4228 1535 4301 εἴτε.
1594 4228 1895 4301 Εάῑιίεῐγε.
1942 4232 2066 4289 Mox

503 4294 959 4369 Colbgsecundus
998 4294 1562 4369 συγκαταριθμοῦντα.

575 4317 660 4349 ιιι).
690 4317 959 4351 δεευηαυε
998 4317 1332 4369 συγκαταριυ
1381 4317 1562 4355 ουντα.

575 4365 690 4442 (ἕρ)
720 4364 812 4420 Sic
871 4378 1302 4442 niss._septem._
1332 4317 1470 4442 Ε’ύὶιί
1519 4385 1649 4442 vero
1699 4372 1795 4425 καὶ
1833 4370 2065 4442 μάλιστα

503 4435 899 4508 ἀληθέστερον.
959 4435 1161 4493 Ibidem
1220 4437 1350 4508 editi
1414 4454 1535 4494 cum
1596 4435 1864 4508 aliquibus
1931 4458 2062 4498 mss.

503 4505 903 4579 ἐγκριθένζᾼιίἰ
935 4523 1065 4563 mss.
1096 4507 1369 4579 ἐκκριθέν.

2165 3655 2405 3727 Οὐρανός
2434 3672 2495 3708 τε
2524 3656 2633 3727 γάρ
2649 3654 2881 3727 ἐξεφάνη
2911 3656 3322 3728 κεκαλυμμένος
3353 3655 3489 3718 τέως
3512 3652 3590 3724 τῷ
3611 3652 3738 3707 σκό-

2168 3764 2265 3816 τῳ,
2312 3747 2408 3801 καὶ
2440 3746 2500 3801 τὸ
2518 3746 2630 3817 (44)
2660 3747 2754 3801 ἀπ’
2783 3746 2947 3800 αὐτοῦ
2982 3747 3177 3811 κάλλος
3207 3746 3475 3810 τοσοῦτον,
3506 3747 3626 3800 ὅσον
3653 3745 3735 3799 ἔτι

2168 3838 2263 3891 καὶ
2286 3835 2381 3892 νῦν
2414 3837 2681 3909 ὀφθαλμοὶ
2709 3838 3061 3910 μαρτυροῦσι.
3092 3839 3498 3910 Περιελάμπετο
3523 3838 3580 3891 δέ
3604 3837 3731 3910 ἀὴρ.

2174 3928 2371 4003 μᾶλλον
2409 3931 2466 3984 δέ
2512 3932 2918 4005 ἐγκεκραμένον
2949 3932 3126 4004 ἐαυτῷ
3157 3931 3274 3987 ὅλον
3303 3931 3475 3986 διόλου
3502 3924 3614 4001 εἶχε
3673 3926 3735 3983 τὸ

2170 4236 2347 4290 locum
2396 4230 2729 4305 Ambrosius
2773 4229 2840 4305 d_e
2898 4244 3047 4305 more
3092 4227 3162 4305 in_
3187 4240 3344 4305 suum
3373 4222 3733 4305 Hexaeme'r'on

2175 4288 2476 4360 transtulit.
2509 4302 2749 4367 Denique
2788 4300 2980 4371 Syrus,
3018 4298 3210 4371 inquit,
3252 4296 3352 4371 qui
3382 4293 3593 4371 vicinus
3628 4288 3734 4343 lle-

2168 4375 2317 4428 braao
2350 4382 2453 4437 est,
2485 4380 2535 4425 et
2562 4365 3109 4425 sermone'consonai
3138 4368 3191 4421 in
3219 4365 3491 4434 plerisque
3524 4369 3579 4415 et
3604 4374 3735 4414 con-

2169 4446 2335 4514 gruit,
2360 4442 2652 4514 sicltabet:
2680 4439 2747 4492 Et
2774 4438 3007 4514 Spiritus
3030 4437 3355 4514 Dei£ovebttt
3388 4448 3572 4513 aquas,
3602 4439 3733 4514 etc"

2172 4500 2264 4569 lib.
2302 4500 2334 4567 ι’
2358 4511 2636 4573 "eaedem,
2673 4524 2793 4578 cap.
2818 4500 2896 4571 ’8,
2928 4525 3075 4561 mnu.
3114 4500 3207 4564 29.
3238 4505 3374 4578 Quin
3408 4500 3573 4578 etiam
3608 4500 3737 4552 Dio-

1497 4580 1591 4633 καὶ
1617 4580 1776 4650 ἁγίας
1807 4581 1929 4655 Τρι.
1958 4580 2057 4639 lbi-

2168 4556 2331 4638 55in;
2358 4556 2481 4659 ἰιοῇ
2527 4556 2685 4659 aliter
2736 4556 2997 4659 irntellettit
3041 4556 3736 4659 vocem‘llebraicamnat-

506 4647 629 4720 den]
648 4647 806 4720 idem
828 4649 1000 4720 codex
1033 4647 1254 4720 μείζονά
1286 4647 1407 4701 τινα
1436 4650 1536 4720 ἀπ.

578 4716 690 4787 (ll)
723 4717 816 4772 Sic
855 4718 1006 4772 multi
1035 4716 1175 4773 'mss.
1233 4718 1393 4773 Deest
1435 4718 1592 4774 τοῦτο
1639 4720 1695 4774 in
1731 4721 1907 4777 editis.
1941 4723 2066 4778 Mox

506 4787 645 4843 ἀλλὰ
664 4786 837 4860 Σύρου
868 4787 1078 4860 άνδρός,
1120 4789 1210 4842 sed
1231 4789 1332 4860 ιιἱρ
1361 4788 1508 4860 Syri,
1542 4798 1646 4845 etc.
1696 4790 1875 4846 Monet
1902 4792 2067 4848 Tille-

506 4856 855 4913 montius'ltic
871 4856 1090 4929 intelligi
1112 4872 1271 4928 posse
1287 4856 1574 4929 Eusebium
1604 4861 2064 4929 Samosatensem;

507 4929 603 5000 sed
657 4929 913 5000 convenit
964 4928 1078 4983 fere
1114 4931 1257 5000 inter
1291 4928 1520 5000 doctos,
1575 4931 1847 4998 designari
1890 4928 2067 5000 potius

507 4998 743 5066 Ephrem
779 4998 1062 5052 diaconum
1107 4997 1323 5066 Syrum.
1356 4997 1509 5063 Quod
1542 4997 1720 5053 autem
1771 4997 1965 5056 attinet
2001 5003 2067 5055 ad

506 5068 610 5121 viri
646 5067 788 5138 illius
815 5069 938 5137 Syri
961 5066 1415 5138 explanationem,
1460 5083 1595 5125 eam.
1621 5070 1839 5123 omnino
1869 5070 2067 5124 conﬁr-

510 5148 622 5208 mat
653 5135 1045 5208 ilieronymus,
1075 5147 1201 5190 lout.
1236 5135 1314 5199 ll,
1338 5138 1554 5208 Quaest.
1596 5138 1780 5193 Hebr..
1815 5141 2067 5193 columna

511 5205 636 5260 508.
667 5224 686 5257 ι
722 5204 826 5260 Pro
840 5204 926 5271 eo,
951 5206 1302 5276 inquit,quod
1333 5207 1385 5259 in
1416 5208 1612 5262 nostris
1628 5210 1902 5264 codicibus
1932 5212 2068 5264 scri-

514 5288 665 5348 ptum
699 5287 815 5339 est,
845 5276 1112 5348 ferebatur
1137 5316 1151 5336 ,
1201 5277 1254 5330 iu
1291 5277 1515 5331 Πρὶν-τευ
1558 5277 1758 5345 habet,
1798 5280 2065 5348 merefeth,

513 5347 655 5413 quod
673 5361 770 5400 nos
796 5346 1065 5417 appellare
1102 5362 1388 5417 possumus
1412 5347 1717 5417 incubabat,
1754 5349 1867 5403 sive
1897 5346 2070 5417 confo-

513 5417 681 5480 vebat,
710 5417 762 5469 in
785 5415 1191 5471 similitudinem
1220 5416 1475 5479 volucris,
1497 5432 1598 5471 ova
1625 5417 1804 5472 calore
1825 5415 2071 5472 animan-

516 5486 605 5539 tis.
639 5504 659 5539 ι
688 5483 1117 5541 Montfauconius
1142 5496 1344 5551 noster,
1375 5487 1462 5554 qui
1494 5489 1714 5540 verbum
1749 5486 2070 5542 Hebraicum

514 5556 598 5627 sic
625 5556 883 5627 exscribit
913 5555 1107 5610 litteris
1131 5555 2072 5627 Grzecis_papaecpé0,interpretatur

516 5621 899 5695 locumgistum
935 5627 1036 5680 hoc
1068 5627 1226 5680 modo
1258 5643 1272 5679 :
1321 5621 1386 5679 Et
1417 5621 1635 5695 spiritus
1656 5621 1764 5679 ’Dei
1796 5621 2072 5681 niotitabat

515 5709 673 5757 super
690 5693 851 5768 [acies
881 5711 1155 5768 aquarum.
1201 5694 1344 5768 LXX
1374 5693 1649 5750 verterunt
1673 5737 1687 5755 .
1735 5697 2032 5768 ἐπεφέρετο
2054 5736 2069 5762 ,

518 5764 961 5837 tepet-ferebatur.
992 5765 1242 5837 Aliitres
1278 5767 1619 5837 interpretes,
1655 5764 2070 5837 Aquila'LSym-

518 5833 743 5887 machus
774 5841 831 5888 et
864 5832 1179 5902 Theodotio,
1229 5832 1642 5906 ἐπιφερόμενον.
1690 5835 1840 5896 Hunc
1884 5832 2067 5895 Basilii

2166 4669 2270 4722 que
2312 4653 2393 4705 vir
2428 4650 2518 4704 ille
2551 4648 2744 4722 Syrus,
2774 4649 3163 4722 ut‘videreest
3189 4645 3416 4722 in_notis
3463 4650 3573 4722 tum
3622 4638 3735 4719 Du-

2179 4714 2298 4787 caai,
2336 4731 2448 4776 tum
2471 4714 2642 4773 nostri
2678 4714 3274 4791 Montl'auconii._llautl
3317 4714 3595 4791 immerito
3614 4714 3735 4762 exi-

2166 4785 2352 4846 stimat
2384 4790 2766 4845 Tillemontius
2788 4803 2920 4842 esse
2958 4785 3272 4847 verisimile,
3303 4785 3659 4852 Augustinum
3701 4791 3735 4831 e

2167 4861 2347 4915 Basilii
2378 4872 2543 4928 opere
2574 4859 2915 4928 excerpsisse
2940 4872 3024 4921 ea,
3061 4872 3189 4928 qua;
3210 4850 3457 4923 leguntur
3480 4852 3547 4928 de
3573 4850 3733 4928 docto

2167 4916 2560 4998 quodam'Svro
2587 4929 2679 4983 lib.
2715 4916 2835 4981 ι’οε
2858 4916 3044 4982 Genesi
3066 4916 3135 4979 ad
3153 4916 3288 4991 (£11.:
3305 4940 3452 4978 num.
3480 4919 3569 4973 '56.
3591 4916 3736 4987 Lege

2165 5000 2324 5055 Praef.
2351 5016 2497 5053 num.
2528 4998 2619 5055 22.

2238 5070 2353 5140 (42)
2374 5068 2445 5122 lta
2467 5084 2595 5140 mss.
2617 5077 2840 5140 septem.
2868 5065 3005 5140 Editi
3023 5077 3074 5121 et
3093 5064 3244 5140 Col_b.
3259 5064 3529 5120 secundus
3547 5061 3734 5136 φησίν.

2166 5136 2367 5195 Ibidem
2401 5138 2549 5193 Colb.
2584 5139 2789 5207 primus
2812 5137 2899 5190 διὰ
2931 5136 3032 5206 τῆς
3062 5136 3265 5207 φωνῆς.

2240 5209 2350 5281 (45)
2380 5209 2468 5281 Sic
2501 5202 2679 5281 plures
2726 5202 3014 5281 tltss._|?._t_liti
3045 5202 3424 5281 ἀπολείπηται.
3457 5202 3578 5281 Μςσξ
3621 5202 3739 5281 Ιιξῑο

2167 5272 2353 5343 verba,
2376 5280 2476 5350 τὴν
2503 5272 2818 5350 ’κατήφειαν
2846 5274 3109 5339 διέλυσεν,
3144 5272 3336 5350 desunt
3364 5277 3415 5350 in
3444 5275 3626 5336 editis,
3658 5272 3736 5327 le-

2169 5359 2368 5419 guntur
2401 5346 2530 5402 vero
2560 5349 2612 5400 iu
2644 5346 2853 5415 septem
2884 5360 3226 5419 mss..__qu,am
3260 5346 3542 5419 lectionem
3568 5357 3737 5419 agno-

2170 5410 2247 5473 vit
2277 5419 2615 5478 Eustathius,
2648 5410 2737 5485 qui
2774 5416 2938 5470 vertit
2967 5432 2981 5468 :
3021 5410 3396 5483 Mosi-breuique
3422 5410 3689 5485 dissoluit.

2242 5489 2355 5560 (44)
2387 5488 2477 5542 Sic
2510 5482 2924 5560 Regii—primus,
2966 5486 3180 5560 tertius,
3221 5482 3446 5560 quartus
3470 5522 3487 5560 ,_
3513 5482 3739 5560 quintus

2170 5569 2225 5615 et
2246 5552 2431 5613 sex'tus
2473 5552 2783 5612 cum'Colb.
2842 5555 3079 5608 secundo
3112 5552 3311 5608 etcum
3345 5553 3510 5607 Coisl.
3550 5552 3739 5606 itidem

2171 5630 2427 5684 secundo.
2458 5628 2525 5680 At
2552 5626 2678 5682 editi
2712 5624 2849 5688 τέως
2876 5623 2955 5694 τῷ
2978 5622 3185 5695 κόσμῳ,
3216 5625 3310 5677 καὶ
3323 5622 3401 5677 τό.
3427 5623 3744 5695 Ιόεῐιιέιιρῃ-

2172 5701 2296 5755 dum
2333 5701 2386 5753 in
2436 5698 2601 5751 libros
2639 5689 3006 5766 editosqpaulo
3045 5689 3171 5751 ante
3218 5695 3533 5766 irrepserat.
3567 5689 3740 5748 Coisl.

2173 5769 2434 5827 vetustior
2460 5767 2597 5832 τέως
2629 5765 2707 5836 τῷ
2744 5765 2947 5821 σκότει.
