4082 6218
344 349 414 404 45
1469 344 1758 400 HOMILIA
1800 342 1845 397 II
1885 341 1951 396 IN
1992 340 2485 399 HEXAEMERON.
3507 334 3593 392 «Ic?

348 466 483 536 φῶς,
519 462 696 531 ὀξείας
727 463 825 526 τὰς
869 462 1129 527 διαδόσεις
1163 464 1261 533 τῆς
1303 465 1476 535 αύγῆς
1532 465 1626 517 ἐπὶ
1685 464 1754 517 τά
1796 464 1918 534 ὅρια

2032 463 2182 520 bebat
2211 471 2376 519 totam
2408 464 2462 517 in
2496 475 2555 518 se
2589 468 2721 528 tota,
2747 461 2953 516 celeres
2985 458 3205 530 fulgoris
3245 457 3579 514 distributio-

348 555 541 611 ἑαυτοῦ
579 554 690 626 (l5)
740 553 1011 623 πανταχοῦ
1054 553 1460 625 παραπέμπων.
1496 554 1640 606 ’Λνω
1672 554 1769 623 μὲν
1808 555 1915 623 γὰρ

352 647 515 719 μέχρι
544 645 680 715 πρὸς
705 644 867 697 αὑτὸν
898 642 1090 713 αἰθέρα
1118 644 1213 696 καὶ
1234 644 1457 714 οὐρανὸν
1486 642 1732 712 ἔφθανεν·
1760 644 1819 696 ἐν
1860 642 1917 695 δέ

346 739 425 809 τῷ
457 737 649 792 πλάτει
677 727 853 790 πάντα
886 734 957 788 τὰ
990 734 1133 806 μέρη
1163 736 1256 789 τοῦ
1279 735 1505 805 κόσμου,
1539 733 1724 805 βόρειά
1744 751 1802 787 τε
1824 734 1918 787 καὶ

347 832 494 884 νότια
541 829 636 883 καὶ
685 827 753 882 τὰ
796 826 906 897 ἑῷα
936 827 1030 879 κα)¹
1074 825 1140 879 τὰ
1170 826 1417 895 ἑσπέρια,
1462 827 1518 877 ἐν
1545 824 1694 895 ὀξείᾳ
1727 822 1915 894 καιροῦ

349 924 487 993 ῥοπῇ
521 918 876 989 κατεφώτιζε.
902 917 1135 989 Τοιαύτη
1162 917 1269 989 γὰρ
1286 916 1450 970 αὐτοῦ
1478 918 1511 987 ή
1548 915 1727 984 φύσις,
1747 915 1917 985 λεπτὴ

347 1012 441 1064 καὶ
468 1009 747 1080 διαφανὴς,
787 1009 930 1063 ὥστε
971 1008 1241 1079 μηδεμιᾶς
1272 1007 1631 1077 παρατάσεως
1664 1006 1917 1076 χρονικῆς

348 1100 695 1173 προσδεῖσθαι
728 1100 788 1153 τὸ
822 1100 936 1168 φῶς
963 1098 1029 1151 δι’
1075 1095 1238 1150 αὐτοῦ
1284 1097 1665 1168 πορευόμενον.
1710 1097 1918 1167 Ὥσπερ

347 1192 457 1263 γὰρ
486 1191 583 1255 τὰς
613 1191 762 1261 mea;
800 1190 954 1262 ἡμῶν
997 1189 1238 1260 ἀχρόνως
1270 1186 1624 1258 παραπέμπει
1668 1186 1802 1261 πρὸς
1850 1186 1920 1239 τὰ

347 1283 619 1355 ὁρώμενα,
651 1282 794 1335 οὕτω
824 1282 918 1335 καὶ
962 1280 1060 1344 τὰς
1082 1278 1176 1333 τοῦ
1223 1279 1397 1349 φωτὸς
1445 1276 1749 1349 προσϐολὰς
1786 1277 1921 1330 ἀκα-

356 1377 561 1445 ριαίως,
598 1376 691 1429 καὶ
716 1375 791 1440 ὡς
812 1374 921 1427 οὐδ’
956 1374 1023 1427 ἂν
1057 1372 1363 1443 ἐπινοήσειε
1392 1389 1474 1433 τις
1512 1370 1769 1425 ἐλάττονα
1795 1369 1920 1439 χρό-

351 1486 441 1520 νου
469 1468 660 1538 ροπὴν,
689 1466 779 1518 ἐπὶ
810 1465 985 1519 πάντα
1017 1463 1211 1518 ἑαυτοῦ
1240 1462 1308 1517 τά
1339 1463 1551 1533 πέρατα
1580 1460 1915 1530 ὑποδέχεται.

351 1561 462 1613 Καὶ
494 1558 656 1631 αἰθὴρ
677 1558 838 1629 ἡδίων
874 1557 1011 1629 μετὰ
1041 1557 1101 1609 τὸ
1140 1556 1273 1625 φῶςο
1306 1556 1401 1608 καὶ
1428 1554 1594 1632 ὕδατα
1630 1554 1916 1624 φανότερα,

352 1651 412 1702 οὑ
443 1650 601 1720 μόνον
627 1649 891 1719 δεχόμενα
917 1648 1016 1720 τὴν
1044 1648 1239 1718 αὐγὴν,
1269 1645 1404 1700 άλλὰ
1429 1645 1521 1698 καὶ
1552 1647 1680 1716 παρ’
1712 1645 1919 1698 ἑαυτῶν

352 1738 762 1809 ἀντιπέμποντα
793 1738 935 1792 κατὰ
969 1736 1066 1808 τὴν
1094 1736 1390 1791 ἀνάκλασιν
1427 1734 1537 1806 (46)
1589 1733 1682 1787 τοῦ
1720 1733 1915 1803 φωτὸς,

2021 570 2117 611 nes
2147 554 2215 609 ad
2244 568 2372 611 suos
2417 554 2585 624 ipsius
2630 555 2888 610 terminos
2939 565 3372 624 quaquaversum
3400 559 3579 605 trans-

2020 645 2263 700 mittens.
2316 646 2545 701 Sursum
2577 645 2720 701 enim
2766 645 2832 699 ad
2864 645 3037 715 ipsum
3069 658 3240 713 usque
3268 642 3471 699 aethera
3523 649 3579 696 et

2023 746 2190 803 usque
2214 734 2281 789 ad
2310 734 2508 789 omium
2543 734 2791 803 pervenit
2821 751 2834 787 :
2863 733 2916 788 in
2939 732 3219 788 latitudine
3241 746 3371 788 vero
3390 745 3579 788 omnes

2023 827 2206 881 mundi
2241 835 2446 901 partes,
2479 833 2592 879 tum
2611 824 2975 895 aquilonares,
3002 831 3112 877 tum
3153 822 3437 890 australes,
3464 831 3578 876 tum

2023 917 2337 982 orientales,
2367 926 2478 971 tum
2502 916 2885 983 occidentales,
2914 915 2968 969 in
3004 915 3151 969 brevi
3176 915 3433 985 temporis
3465 929 3581 969 mo-

2027 1016 2208 1062 mento
2239 1006 2597 1061 illuminabat.
2648 1004 2795 1061 Talis
2820 1014 2905 1060 est
2963 1005 3109 1059 enim
3138 1004 3308 1074 ipsius
3338 1012 3530 1059 natura
3561 1044 3579 1070 ,

2026 1095 2202 1151 tenuis
2229 1096 2438 1151 scilicet
2466 1103 2520 1150 et
2551 1094 2817 1166 pellucida
2845 1111 2860 1160 ;
2899 1094 3035 1149 adeo
3066 1100 3124 1148 ut
3167 1093 3257 1147 lux
3284 1109 3379 1164 per
3404 1094 3583 1164 ipsum

2024 1186 2315 1253 transiens,
2346 1188 2491 1243 nulla
2520 1187 2783 1258 temporis
2823 1200 2974 1241 mora
3012 1185 3268 1256 indigeat.
3315 1185 3585 1252 Quemad-

2023 1279 2245 1334 modum
2278 1278 2421 1335 enim
2465 1278 2737 1335 contuitus
2769 1278 3044 1334 oculorum
3084 1284 3388 1332 nostrorum
3418 1277 3483 1329 ad
3518 1291 3583 1331 ea

2025 1385 2145 1442 quae
2174 1373 2272 1428 sub
2303 1381 2581 1443 aspectum
2632 1371 2831 1426 cadunt
2855 1410 2870 1436 ,
2926 1370 3059 1426 citra
3090 1368 3346 1438 temporis
3376 1381 3582 1423 moram

2026 1464 2242 1519 deducit
2277 1482 2292 1519 :
2322 1464 2403 1520 sic
2436 1465 2597 1519 etiam
2624 1464 2841 1519 luminis
2872 1477 3153 1519 accessum
3176 1460 3398 1516 minima
3430 1472 3585 1514 mora

2030 1563 2084 1610 et
2117 1554 2377 1624 temporis
2408 1564 2677 1611 momento
2708 1555 2781 1609 ita
2818 1554 2994 1621 brevi,
3028 1561 3141 1608 uta
3180 1550 3393 1607 nemine
3415 1549 3586 1620 possit

2032 1646 2331 1716 excogitari
2384 1646 2624 1712 brevius,
2673 1645 2728 1699 in
2760 1660 2949 1701 omnes
2997 1658 3123 1699 suos
3161 1643 3295 1697 fines
3338 1640 3581 1711 suscipit.

2026 1737 2165 1803 Quin
2206 1737 2368 1791 etiam
2403 1736 2573 1792 aether
2596 1745 2718 1806 post
2750 1744 2922 1791 ortam
2946 1734 3120 1790 lucem
3142 1730 3430 1804 jucundior
3456 1745 3587 1786 eva-

357 1830 736 1903 μαρμαρυγῶν
762 1830 1093 1901 πανταχόθεν
1110 1828 1567 1899 ἁποπαλλομένων
1596 1825 1690 1879 τοῦ
1715 1826 1921 1890 ὓδατος.

2032 1826 2117 1891 sit,
2157 1839 2367 1881 necnon
2404 1839 2556 1894 aqua:
2594 1824 2923 1894 limpidiores
2965 1824 3149 1889 fuere,
3188 1836 3293 1876 non
3320 1821 3583 1891 fulgorem

354 1922 543 1976 Πάντα
568 1925 601 1993 ἡ
633 1923 751 1976 θεία
774 1924 925 1996 φωνὴ
972 1923 1108 1995 πρὸς
1144 1922 1205 1976 τὸ
1227 1921 1443 1991 ἣδιστον
1476 1921 1571 1974 καὶ
1595 1918 1920 1990 τιμιώτατον

2032 1916 2186 1971 modo
2217 1915 2594 1985 suscipientes,
2647 1917 2739 1969 sed
2770 1930 2891 1969 eum
2925 1930 2993 1970 ex
3042 1929 3102 1970 se
3132 1915 3263 1984 ipsis
3287 1914 3449 1968 etiam
3488 1928 3586 1984 per

359 2014 776 2084 μετεσκεύασεν.
816 2016 1026 2085 Ὥσπερ
1053 2014 1161 2083 γὰρ
1211 2014 1260 2065 οἱ
1294 2013 1351 2066 ἐν
1400 2010 1477 2082 τῷ
1511 2009 1655 2081 βυθῷ
1693 2011 1922 2073 ἐνιέντες

2032 2006 2159 2061 lucis
2190 2020 2571 2075 repercussum
2597 2005 2954 2070 remittentes,
2978 2005 3188 2061 vibrato
3214 2004 3489 2060 undelibet
3514 2005 3584 2059 ab

355 2106 418 2159 τὸ
452 2106 626 2159 ἔλαιον
660 2105 1024 2175 καταφάνειαν
1054 2103 1337 2176 ἐμποιοῦσι
1375 2102 1454 2173 τῷ
1481 2103 1649 2173 τόπῳ,
1694 2100 1863 2165 οὕτως
1895 2103 1925 2155 ό

2032 2113 2163 2168 aqua
2199 2098 2505 2170 splendore.
2550 2096 2742 2152 Divina
2780 2112 2884 2153 vox
2936 2097 2999 2153 ad
3035 2096 3479 2167 iucundissimum
3530 2105 3585 2152 et

356 2198 588 2270 ποιητὴς
631 2199 736 2251 τῶν
768 2198 923 2264 ὅλων,
977 2195 1427 2269 ἐμφθεγξάμενος
1459 2196 1593 2267 (47),
1624 2194 1700 2265 τῷ
1736 2194 1923 2264 κόσμῳ

2032 2190 2524 2261 praestantissimum
2584 2197 2785 2247 statum
2843 2190 3226 2245 transmutavit
3265 2190 3464 2244 omnia.
3512 2188 3586 2245 Ut

352 2291 455 2362 ιτὴν
482 2288 579 2344 τοῦ
640 2291 814 2359 φωτὸς
856 2291 1016 2362 χάριν
1069 2289 1282 2361 ἀθρόως
1316 2287 1561 2358 ἐνέθηκε.
1609 2284 1925 2353 Γενηθήτω

2032 2282 2169 2338 enim
2195 2281 2287 2352 qui
2314 2281 2492 2338 oleum
2518 2281 2576 2337 in
2614 2295 2769 2353 aquae
2803 2278 3027 2337 fundum
3067 2280 3385 2347 immittunt,
3422 2281 3474 2334 in
3518 2280 3587 2334 il-

351 2357 503 2451 ⁵ςιςῶς.
551 2357 662 2436 Ka‘t
699 2381 759 2434 τδ
789 2357 1117 2453 πρόσταγμα
1146 2357 1304 2451 ἐργον
1341 2372 1428 2449 ἦν·
1463 2357 1575 2430 καὶ
1616 2375 1774 2444 φύσις
1807 2373 1926 2442 ἐγέ-

2032 2370 2135 2423 lum
2175 2369 2354 2426 locum
2402 2370 2661 2426 inducunt
2707 2369 3048 2425 claritatem:
3092 2370 3166 2424 ita
3205 2370 3585 2425 universorum

358 2490 477 2527 νετο
509 2466 724 2545 (48),ἦς
755 2473 873 2525 οὐδὲ
896 2471 1179 2542 ἐπινοῆσαι
1209 2489 1262 2524 τι
1299 2469 1655 2542 τερπνότερον
1678 2469 1757 2531 είς
1789 2466 1924 2519 ἀπό-

358 2566 547 2619 λαυσιν
594 2566 816 2620 δυνατόν
854 2568 970 2618 ἐστι
1005 2564 1288 2635 λογισμοῖς
1336 2560 1716 2633 ἀνθρωπίνοις.
1758 2560 1926 2614 Ὀταν

354 2660 417 2739 ¹δὲ
451 2659 631 2729 φωνὴν
677 2659 769 2711 ἐπί
799 2656 933 2710 Θεοῦ
956 2657 1049 2710 καὶ
1085 2656 1237 2727 ῥῆμα
1260 2653 1355 2707 καὶ
1396 2652 1720 2723 πρόσταγμα
1759 2650 1929 2718 λέγω-

2026 2459 2272 2514 conditor
2320 2459 2503 2514 statim
2547 2468 2709 2529 atque
2750 2458 2957 2516 locutus
3001 2468 3103 2525 est,
3161 2459 3295 2516 lucis
3349 2460 3585 2531 gratiam

2025 2550 2227 2605 mundo
2272 2558 2494 2621 repente
2522 2549 2724 2605 intulit.
2761 2548 2889 2604 Fiat
2934 2551 3044 2605 lux.
3084 2550 3226 2605 Sane
3259 2551 3363 2606 hoc
3386 2565 3589 2620 praece-

2024 2648 2174 2711 ptum
2207 2655 2341 2710 opus
2372 2651 2515 2707 erat;
2551 2649 2607 2695 et
2634 2640 2773 2696 facta
2804 2650 2887 2695 est
2906 2650 3121 2707 natura,
3157 2656 3258 2710 qua
3289 2641 3585 2712 jucundius

354 2734 465 2820 ²μεν
493 2748 624 2820 (49),
660 2749 718 2800 οὐ
762 2748 849 2801 διὰ
888 2745 1209 2816 φωνητικῶν
1241 2742 1486 2815 ὀργάνων
1515 2739 1928 2811 ἐκπεμπόμενον

2032 2732 2320 2802 quidquam
2354 2730 2422 2786 ad
2466 2733 2754 2787 fruendum
2798 2747 2866 2788 ne
2908 2734 3217 2802 excogitare
3243 2732 3460 2801 quidem
3488 2747 3588 2803 pom

361 2841 554 2911 ψόφον,
577 2840 695 2893 ούδέ
718 2839 853 2910 ἁέρα
872 2839 959 2891 διὰ
989 2837 1239 2908 γλώσσης
1274 2834 1628 2905 τυπούμενον,
1675 2832 1766 2885 τὸν
1787 2830 1928 2915 θεῖον

2032 2832 2135 2881 test
2166 2826 2401 2880 humana
2430 2825 2589 2881 ratio.
2617 2824 2751 2880 Cum
2797 2833 2974 2879 autem
3013 2824 3067 2879 in
3100 2825 3209 2881 Deo
3243 2839 3435 2881 vocem
3459 2840 3587 2879 ver-

362 2932 521 3001 λόγον
550 2931 797 3002 νοοῦμεν,
830 2932 963 2985 ἀλλὰ
990 2931 1087 3002 τὴν
1136 2932 1193 2984 ἐν
1224 2928 1302 2999 τῷ
1336 2928 1598 2997 θελήματι
1630 2924 1799 2996 ῥοπὴν
1842 2923 1928 2977 διὰ

2032 2915 2268 2984 bumque
2296 2924 2351 2971 et
2378 2925 2703 2985 praeceptum
2735 2915 2983 2983 dicimus,
3018 2932 3125 2973 non
3154 2932 3343 2973 sonum
3365 2930 3461 2987 per
3491 2931 3588 2970 vo-

362 3023 424 3075 τὸ
455 3024 566 3085 τοῖς
595 3022 994 3092 διδασκομένοις
1042 3019 1380 3073 εὐσύνοπτον
1417 3016 1527 3087 (50)
1561 3013 1841 3085 ἡγούμεθα
1873 3014 1928 3066 ἐν

2032 3009 2168 3064 calia
2194 3024 2396 3078 organa
2426 3009 2707 3075 emissum,
2743 3024 2849 3065 non
2878 3024 3057 3065 aerem
3079 3010 3258 3091 lingua
3285 3009 3591 3066 conforma-

364 3112 493 3165 εῖδει
553 3112 970 3184 προστάγματος
1037 3107 1488 3181 σχηματίζεσθαι.
1539 3105 1650 3159 Καὶ
1691 3101 1849 3158 εἶδεν
1898 3106 1928 3157 d

2032 3109 2166 3166 tum,
2190 3099 2431 3154 divinum
2473 3114 2777 3157 sermonem
2824 3101 3172 3173 intelligimus
3205 3120 3218 3156 :
3272 3102 3367 3157 sed
3399 3100 3592 3156 volun-

368 3200 510 3266 Θεὸς
534 3166 612 3253 τὸ⁵
642 3166 925 3269 φῶςξιὸτι
951 3166 1171 3254 παλδ’κὶ
1217 3166 1349 3251 Τίνα
1390 3197 1454 3250 ἂν
1488 3195 1734 3265 εἴποιμεν
1771 3196 1928 3265 ἡμεῖς

2035 3191 2161 3246 tatis
2209 3199 2397 3245 nutum
2426 3231 2441 3258 ,
2491 3200 2552 3246 ut
2601 3192 2927 3249 discentium
2985 3166 3159 3250 oculis
3212 3208 3300 3249 res
3352 3192 3593 3263 subjecta

365 3284 459 3345 τοῦ
493 3293 668 3361 φωτὸς
691 3294 838 3359 ἄξιον
860 3294 1097 3359 ἔπαινον,
1139 3292 1167 3346 ὂ
1214 3290 1482 3363 προλαϐὸν
1504 3289 1602 3360 τὴν
1642 3289 1791 3361 παρὰ
1837 3289 1928 3343 τοῦ

2036 3291 2200 3351 esset,
2230 3282 2283 3339 in
2310 3284 2564 3354 przecepti
2596 3285 2830 3355 speciem
2859 3286 3104 3357 adaptari
3147 3286 3489 3340 arbitramur.
3522 3281 3593 3337 Et

366 3385 651 3447 κτίσαντος
688 3386 987 3455 μαρτυρίαν
1020 3385 1155 3455 ἕχει,
1180 3383 1474 3447 ὃτικαλόν;
1511 3381 1621 3434 Καὶ
1653 3383 1779 3451 παρ’
1802 3382 1928 3451 ⁴ἡμῖν

2036 3375 2166 3429 uidit
2204 3375 2345 3429 Deus
2386 3374 2554 3431 lucem
2596 3377 2732 3448 quod
2774 3387 2907 3431 esset
2960 3376 3181 3446 pulchra
3214 3378 3283 3432 ³⁵.
3318 3376 3591 3443 Quasnam

366 3473 427 3528 δὲ
468 3472 675 3541 ὁλόγος
714 3477 825 3536 τοῖς
865 3473 1157 3544 ὀφθαλμοῖς
1202 3472 1562 3555 παραπέμπει
1602 3471 1701 3540 τὴν
1728 3469 1929 3540 κρίσιν,

371 3561 546 3626 οὕτως
575 3563 727 3616 οὐδὲν
777 3563 915 3634 ἔχων
947 3566 1120 3617 εἰπεῖν
1169 3562 1442 3629 τοσοῦτον,
1472 3563 1594 3615 ὅσον
1628 3563 1660 3631 ὴ
1686 3561 1933 3629 αἴσθησις

373 3653 642 3725 μαρτυρεῖ
669 3652 1011 3710 προλαϐοῦσα
1043 3653 1174 3725 (51).
1220 3654 1282 3706 Εἰ
1332 3652 1387 3704 δέ
1418 3650 1477 3704 τὸ
1514 3652 1571 3704 ἐν
1599 3648 1674 3719 τῷ
1724 3647 1933 3718 σώματι

441 3852 488 3885 ³⁸
511 3850 644 3905 Gen.
680 3866 718 3918 ι,
748 3851 800 3906 4.

444 4031 555 4102 (45)
583 4032 675 4086 Sic
702 4031 869 4085 editio
913 4031 1078 4085 Basil.
1112 4044 1234 4085 cum
1281 4030 1703 4102 utroqueCoisl.
1731 4040 1931 4088 etcum

377 4102 496 4155 aliis
524 4101 727 4159 multis.
758 4117 787 4154 e
816 4117 1043 4169 quorum
1074 4116 1295 4154 numero
1319 4110 1402 4154 est
1432 4101 1734 4169 ipsissimus
1761 4104 1933 4157 codex

377 4170 615 4240 Cnmbef.
647 4170 820 4223 Editin
850 4172 1019 4224 Paris.
1060 4170 1245 4224 αὑτοῦ.
1276 4171 1475 4225 Ibidem
1511 4171 1934 4240 editioiutraquc

376 4239 765 4310 παραπέμπον,
796 4256 986 4310 nempe
1019 4241 1152 4308 φῶς.
1186 4243 1255 4293 At
1279 4242 1446 4293 codex
1473 4239 1715 4295 Combef.
1765 4252 1819 4295 et
1845 4239 1931 4293 alii

379 4325 472 4380 sex
508 4310 913 4379 παραπέμπων,
946 4326 1135 4377 nempe
1169 4311 1295 4380 ἀήρ.
1331 4311 1480 4375 Quod
1525 4320 1701 4380 autem
1747 4311 1936 4365 scribit

378 4379 733 4449 Comlielisius
754 4418 768 4441 ,
814 4380 912 4448 legi
954 4389 1200 4445 oportere
1229 4379 1344 4433 non
1390 4379 1770 4449 παραπέμπων
1795 4420 1807 4443 ,
1840 4382 1931 4434 sed

2036 3466 2220 3523 laudes
2244 3466 2362 3523 luce
2388 3467 2578 3539 dignas
2609 3467 2909 3522 dixerimus
2932 3481 3032 3523 nos
3061 3485 3075 3521 :
3109 3482 3273 3537 quam
3307 3465 3590 3536 pulchram

2039 3569 2158 3610 esse
2195 3555 2443 3611 conditor
2473 3555 2532 3636 in
2561 3564 2899 3611 antecessum
2926 3562 3153 3612 testatus
3178 3564 3258 3611 est
3279 3556 3300 3609 ?
3321 3554 3433 3611 Imo
3463 3568 3599 3609 vero

2045 3646 2185 3716 apud
2219 3661 2316 3702 nos
2345 3646 2475 3717 ipsis
2506 3646 2679 3702 oculis
2709 3644 2969 3715 judicium
3003 3645 3179 3701 defert
3203 3646 3376 3701 oratio
3399 3687 3414 3712 ,
3467 3660 3592 3702 cum

2038 4037 2085 4081 et
2115 4028 2365 4096 caliganti
2414 4025 2610 4079 mundo
2653 4022 2827 4096 lumen
2855 4021 3103 4096 emicuit,
3133 4020 3344 4096 quando
3373 4018 3432 4096 _si
3480 4019 3596 4096 quis

2037 4102 2171 4152 inter
2202 4088 2364 4167 aquas
2393 4093 2931 4167 mersus,__oleum_ore
2962 4088 3227 4167 emiserit,
3255 4088 3481 4167 clariora
3512 4089 3596 4160 {a-

2038 4172 2139 4221 ciat
2169 4184 2229 4220 ea
2247 4160 2363 4237 'qute
2394 4163 2670 4234 profundis
2706 4162 3005 4233 tegebantur
3024 4160 3283 4215 occultis?

2107 4256 2215 4327 (47)
2234 4256 2424 4311 Medic.
2446 4251 2871 4327 ἐμφεγξάμενος,
2885 4250 3124 4316 illucens,
3143 4249 3422 4327 affulgens.
3442 4247 3595 4327 ﬂant:

2036 4318 2319 4381 lectionem
2343 4327 2419 4379 ait
2442 4318 2666 4379 Dircaeus
2685 4318 2789 4377 non
2802 4336 2921 4377 esse
2938 4318 3385 4376 contemnendam
3403 4336 3418 4372 :
3438 4318 3599 4373 Com-

2037 4398 2254 4451 befisius
2280 4411 2405 4450 vero
2429 4395 2658 4449 allirmat
2682 4407 2799 4446 eam
2832 4407 3021 4458 purum
3046 4391 3297 4445 mendum
3329 4402 3467 4444 esse.
3493 4388 3598 4441 lbi-

380 4448 773 4518 παραπέμπον,
801 4449 865 4500 tle
887 4464 951 4531 eo
982 4449 1323 4531 nobis'longe
1354 4448 1508 4531 aliter
1537 4451 1765 4531 videtur.
1800 4450 1928 4529 Nam

2038 4448 2615 4520 deiquolb.sccundus
2656 4461 2715 4514 ἐν
2756 4448 3126 4531 φθεγξάμενος
3161 4458 3347 4530 ῥῆμα,
3387 4458 3598 4512 verbum

379 4530 737 4603 praeterquam
771 4520 913 4584 quod
939 4518 1322 4602 παραπέμπων
1364 4521 1414 4572 in
1434 4520 1692 4603 fantibus
1722 4520 1931 4603 Inostris
1968 4518 1989 4519 ί
2036 4518 2503 4603 ηέωῇίρίὸίετέω,

380 4603 511 4640 mss.
543 4587 754 4653 legitur,
789 4587 1051 4654 praeterea
1082 4587 1185 4641 non
1225 4597 1367 4642 recte
1414 4590 1683 4641 diceretur
1722 4590 1808 4642 lux
1842 4604 1934 4643 ce-

381 4657 521 4709 leres
549 4655 770 4725 fulgoris
799 4657 1200 4711 distributiones
1231 4658 1294 4708 ad
1328 4675 1447 4711 suos
1491 4658 1650 4720 ipsius
1687 4661 1933 4711 terminos

381 4727 623 4779 vibrasse
654 4744 665 4778 :
700 4727 791 4779 sed
816 4728 916 4780 hoc
948 4726 1087 4780 idem
1120 4728 1320 4793 optime
1349 4729 1451 4780 dici
1484 4736 1655 4795 potest
1690 4728 1755 4779 de
1786 4743 1933 4793 aere,

382 4796 472 4863 qui
500 4804 746 4862 acceptos
796 4811 823 4848 a
866 4796 984 4850 luce
1015 4796 1191 4850 radios
1227 4797 1281 4849 in
1320 4814 1440 4851 suos
1484 4797 1644 4864 ipsius
1688 4798 1935 4850 terminos

384 4865 719 4920 transmittit.
769 4866 897 4918 Cum
942 4867 1103 4932 igitur
1142 4883 1239 4920 vox
1274 4866 1468 4919 ἑαυτοῦ
1512 4866 1705 4919 debeat
1742 4866 1935 4920 referri

381 4936 447 5006 ad
490 4950 673 4988 vocem
724 4937 831 5006 ἀήρ
854 4976 869 4998 ,
900 4951 1231 5001 consequens
1264 4950 1345 4989 est
1385 4946 1443 4991 ut
1488 4936 1723 5003 legamus
1756 4953 1935 5005 παρα-

381 5004 638 5074 πέμπων,
677 5004 1180 5075 ηοιιπαραπέμπον
1206 5022 1220 5035 ·
1258 5007 1450 5075 quippe
1474 5006 1573 5059 hoc
1602 5004 1936 5072 participium

381 5077 611 5129 adidem
652 5076 1045 5127 substantivum
1091 5076 1354 5139 pertinet,
1403 5078 1467 5128 ad
1517 5076 1656 5141 quod
1706 5075 1938 5143 pertinet

382 5160 482 5216 vox
517 5144 730 5216 ἑαυτοῦ.
765 5144 960 5216 Ibidem
991 5145 1202 5199 codices
1224 5160 1315 5198 sex
1352 5147 1461 5199 ἂνω
1490 5147 1585 5216 μὲν
1619 5146 1726 5216 γὰρ
1778 5144 1945 5214 μέχρι

381 5215 537 5284 πρός.
584 5215 693 5269 Vox
733 5214 893 5284 μέχρι
943 5216 1092 5267 abest
1135 5216 1201 5269 ab
1254 5216 1432 5269 editis.
1473 5214 1623 5269 Colb.
1672 5214 1940 5269 secundus

383 5283 607 5337 ἄνωθεν.
639 5283 1009 5338 Ibidemidem
1050 5284 1198 5338 Colb.
1234 5286 1497 5338 secundus
1540 5284 1791 5353 ἔφθασεν.

454 5354 566 5425 (46)
608 5353 750 5425 Reg.
772 5367 954 5407 sextus
979 5355 1113 5422 μετὰ
1135 5354 1228 5424 τὴν
1255 5355 1662 5425 ἁντανάκλασιν.
1691 5354 1807 5409 Mox
1830 5354 1945 5409 edi-

385 5423 658 5477 tiol’aris.
698 5423 838 5476 οὕτω
867 5424 1061 5476 πάντα.
1105 5423 1207 5478 Sed
1248 5440 1354 5477 vox
1386 5424 1528 5477 οὕτω
1554 5430 1702 5479 deest
1736 5427 1785 5476 in
1822 5426 1939 5479 edi-

386 5494 542 5565 tione
564 5493 727 5565 Busil.
760 5495 1159 5565 inquegnoslrisi
1183 5510 1309 5565 mss.
1344 5494 1481 5547 Infra
1504 5495 1551 5565 οί
1586 5496 1643 5545 ἐν
1670 5494 1745 5563 τῷ
1772 5493 1945 5565 βυθῷ,

387 5570 492 5615 etc.
517 5562 780 5615 Discimus
821 5578 884 5616 ex
917 5563 1220 5626 Ambrosio,
1246 5564 1336 5617 Lib.
1372 5580 1386 5617 ι
1419 5565 1472 5616 in
1502 5562 1790 5627 Nasonem,
1819 5562 1938 5627 cap.

386 5631 439 5693 9,
477 5648 624 5683 num.
662 5632 751 5695 55,
782 5634 956 5686 oleum
988 5634 1113 5687 illud
1146 5635 1283 5699 quod
1316 5635 1379 5686 ad
1407 5635 1575 5686 lucem
1616 5634 1940 5688 afferendum

388 5701 768 5769 profunditur,
806 5716 899 5756 ore
942 5704 1136 5757 emitti.
1182 5703 1272 5756 Sic
1318 5714 1495 5757 autem
1533 5704 1696 5757 habet
1747 5704 1942 5756 Doctor

386 5772 615 5828 eximius
644 5789 655 5823 :
695 5771 833 5834 Quid
864 5774 1132 5839 miramur,
1165 5774 1211 5827 si
1241 5773 1375 5828 Deus
1407 5777 1606 5829 locutus
1638 5785 1711 5828 est
1748 5775 1937 5837 lucem.

2106 4629 2217 4697 (48)
2250 4629 2378 4697 Ιξθε.
2418 4626 2638 4697 quintus
2665 4622 2822 4692 φύσις
2850 4622 3073 4691 ἐγίνετο.
3101 4620 3300 4677 Ibidem
3329 4618 3482 4675 Coll).
3513 4632 3599 4673 se-

2036 4693 2239 4753 cundus
2269 4693 2533 4769 ἦςόύδέν.

2108 4788 2220 4858 (49)
2264 4787 2489 4841 Codices
2535 4794 2645 4840 tres
2688 4784 2955 4858 λέγομενζ
2976 4781 3175 4837 Statim
3222 4776 3597 4858 editio_P_ari_s.

2037 4847 2336 4928 τυπόμενον
2359 4896 2374 4919 ,
2400 4847 2774 4928 percussum!
2799 4847 2892 4909 sed
2921 4851 3054 4928 Duc.
3104 4860 3327 4919 uterque
3359 4856 3415 4903 et
3441 4847 3596 4928 Bodl.

2038 4941 2091 4982 et
2120 4917 2367 4982 Cornbef.
2390 4917 2509 4980 cum
2560 4927 2813 4979 omnibus
2859 4920 3056 4975 nostris
3090 4935 3220 4974 mss.
3241 4917 3307 4974 ’et
3339 4933 3459 4974 cum
3485 4917 3600 4972 edi-

2039 5000 2184 5051 tione
2240 4996 2401 5050 Basil.
2460 4994 2814 5065 τυπούμενον.
2856 4991 3244 5065 Vox__pt_raque
3298 4987 3600 5058 τυπόμενον

2041 5067 2164 5138 [sic]
2207 5078 2260 5119 et
2290 5066 2626 5136 τυπούμενον
2641 5059 2832 5138 'pote_s_t
2876 5059 3028 5114 reddi
3055 5060 3377 5138 Latine_per
3409 5071 3597 5138 vocem

2039 5127 2359 5205 percussum,
2391 5127 2733 5189 verberatum.
2768 5131 2913 5205 Nam_
2928 5132 3221 5205 secundum
3249 5127 3598 5205 Hesychium,

2039 5198 2097 5259 ut
2136 5217 2315 5259 monet
2341 5206 2715 5268 Combeﬁsius,
2744 5199 3008 5255 τυποῦται
3052 5201 3194 5256 idem
3242 5198 3386 5253 valet
3438 5204 3602 5265 atque

2042 5276 2358 5329 πλήσσεται.

2116 5295 2245 5416 ἓξὲξ
2261 5295 2413 5415 litigii
2442 5344 2726 5416 tertius_e_t_
2758 5341 3005 5416 quintus,
3035 5341 3268 5407 itemque
3294 5335 3470 5416 (Coisl.
3507 5348 3599 5390 se—

2042 5412 2247 5472 cundus
2281 5412 2582 5469 εὐσύνετον.
2633 5412 2775 5465 Editi
2810 5426 2931 5465 cum
2972 5413 3102 5481 Reg.
3147 5415 3340 5477 quarto
3374 5416 3428 5462 et
3470 5418 3599 5460 cum

2040 5487 2220 5558 Coisl._
2247 5488 2418 5558 primo
2447 5484 2793 5558 εὐσύνοπτον.
3104 5548 3143 5558 “
3221 5546 3253 5558 η

2118 5547 2354 5626 (51)’8ἱρ
2381 5571 2511 5609 mss.
2541 5551 2781 5626 colubef.
2807 5566 2926 5626 cum
2958 5549 3077 5626 aliis
3095 5547 3287 5626 pegiis
3313 5547 3519 5626 _t_ribus,
3543 5551 3601 5601 et

2043 5615 2163 5683 cum
2200 5615 2426 5698 utroque
2466 5624 2630 5698 Coisl.
2683 5621 2821 5676 Editi
2868 5615 3593 5698 napaxa6oﬁsa.nli_l.ox_mss;

2048 5709 2155 5782 tres
2183 5698 2238 5748 ἐν
2270 5685 2499 5768 σώματι.
2528 5694 2632 5751 Alii
2669 5700 2896 5764 quatuor
2922 5685 2979 5746 ἐν
3008 5688 3241 5761 σώμασι.
3274 5685 3411 5742 Editi
3443 5688 3501 5739 ἐν
3518 5685 3615 5756 τῷ.

2047 5784 2274 5838 σωματι.
