4082 6218
423 319 496 375 49
1560 320 1849 388 HOMILIA
1888 322 1933 377 ll
1976 323 2041 378 IN
2085 323 2581 382 ΗΕΧΑΕΜΕΒΟΝ.
3613 336 3683 392 50

421 441 595 513 λέγει.
620 440 731 495 Καὶ
776 438 958 494 οὐκέτι
989 436 1455 510 προσηγόρευσεν,
1482 440 1673 509 ἡμέρα
1716 442 1813 496 καὶ
1870 442 1999 509 νὺξ,

2111 452 2168 497 et
2214 444 2388 499 noctis
2418 446 2548 501 dicit
2592 446 2848 516 spatium.
2897 445 3009 503 Nec
3038 446 3269 517 amplius
3309 460 3437 505 usus
3484 460 3569 506 est
3596 451 3681 505 his

424 536 560 590 αλλὰ
590 534 669 606 τῷ
700 529 1087 604 ἐπικρατοῦντι
1111 531 1211 603 τὴν
1260 532 1442 585 πᾶσαν
1490 535 1862 603 προσηγορίαν
1895 533 2004 587 ἀπ-

423 634 626 701 ένειμε.
656 628 872 698 Ταύτην
901 626 968 680 ἂν
1009 627 1105 680 καὶ
1141 629 1200 680 ὲν
1240 627 1390 700 πάσῃ
1417 629 1484 699 τῇ
1518 628 1707 699 Γραφῇ
1749 628 1848 699 τὴν
1880 646 2006 682 συν-

423 724 611 794 ήθειαν
644 718 843 791 εὕροις,
880 720 938 772 ὲν
984 721 1049 789 τῇ
1099 716 1193 771 τοῦ
1242 718 1434 789 χρόνου
1484 721 1742 791 μετρήσει
1796 721 2005 792 ἡμέρας

422 813 853 887 ἀριθμουμένας,
877 811 998 883 οὐχὶ
1025 811 1083 865 δὲ
1100 811 1196 865 καὶ
1223 811 1423 875 νύκτας
1443 812 1581 880 μετὰ
1612 812 1723 865 τῶν
1756 813 2001 883 ἡμερῶν.

420 908 491 959 Al
524 906 737 975 ἡμέραι
763 903 882 957 τῶν
916 902 1064 956 ἐτῶν
1091 903 1280 973 ἡμῶν,
1315 906 1343 957 6
1372 903 1675 973 Ψαλμῳδός
1709 921 1839 975 φησι
1868 904 2000 975 (59).

419 998 530 1050 Κα)⁸
557 996 719 1049 πάλιν
742 998 770 1049 6
808 993 1023 1049 Ἰακώϐ·
1045 997 1113 1048 Αἱ
1136 994 1346 1064 ἡμέραι
1365 996 1476 1064 τῆς
1494 994 1643 1064 ζωῆς
1656 1014 1774 1065 μου
1798 998 2001 1065 μικραὶ

421 1088 521 1141 καὶ
554 1085 835 1155 πονηραί.
883 1085 993 1138 Καὶ
1022 1084 1203 1138 πάλιν·
1252 1085 1460 1151 Πάσας
1500 1084 1608 1152 τὰς
1638 1085 1856 1155 ἡμέρας
1896 1085 2002 1153 τῆς

421 1176 567 1245 ζωῆς
582 1194 721 1247 μου.
755 1177 917 1229 Ὥστε
958 1175 1029 1228 τὰ
1076 1174 1172 1229 νῦν
1208 1178 1265 1229 ὲν
1303 1176 1549 1246 ἱστορίας
1598 1176 1726 1229 εἴδει
1766 1168 2003 1248 παραδο-

420 1265 587 1319 θέντα
633 1263 923 1335 νομοθεσία
959 1266 1076 1316 ὲστι
1124 1264 1261 1337 πρὸς
1303 1264 1373 1317 τὰ
1422 1263 1566 1335 ἑξῆς.
1613 1266 1720 1319 Καὶ
1766 1265 2002 1335 ἐγένετο

420 1357 667 1425 ἑσπέρα,
704 1357 804 1411 καὶ
839 1356 1076 1425 ἐγένετο
1112 1356 1280 1423 πρωὶ,
1327 1355 1517 1426 ἡμέρα
1536 1358 1661 1425 μία.
1706 1357 1861 1421 Τίνος
1884 1358 2000 1411 ἓνε-

420 1466 516 1503 κεν
548 1450 647 1503 οὐκ
670 1445 793 1503 εἷπε
815 1448 1063 1520 πρώτην,
1092 1448 1229 1502 ἀλλὰ
1254 1448 1413 1519 μίαν;
1443 1449 1686 1518 καίτοιγε
1714 1450 2001 1504 άκολουθό-

417 1558 576 1613 τερον
603 1538 671 1612 ἦν
699 1541 788 1593 τὸν
819 1540 1080 1612 μέλλοντα
1100 1539 1328 1607 ἐπάγειν
1352 1540 1629 1611 δευτέραν,
1660 1541 1755 1593 καὶ
1784 1541 1997 1612 τρίτην,

417 1634 511 1687 καὶ⁴
540 1633 808 1704 τετάρτην
852 1632 1092 1704 ἡμέραν,
1118 1630 1217 1703 τὴν
1255 1631 1631 1703 κατάρχουσαν
1670 1631 1778 1685 τῶν
1803 1630 2001 1702 ἐφεξῆς

418 1725 644 1797 πρώτην
686 1724 1152 1797 προσαγορεῦσαι.
1210 1723 1371 1777 Ἀλλὰ
1415 1723 1541 1794 μίαν
1586 1720 1756 1787 εἶπεν,
1787 1725 1904 1794 ἦτοι
1934 1718 2047 1777 τὸῆ

2114 536 2444 601 nominibus,
2484 538 2597 591 dies
2641 549 2689 591 et
2728 541 2890 606 Knox:
2941 540 3037 595 sed
3088 540 3454 610 praestantiori
3516 551 3681 597 totam

2118 626 2306 680 tribuit
2333 629 2764 697 appellationem.
2821 630 2969 686 llanc
3011 632 3199 703 utique
3238 636 3680 689 consuetudinem

2115 717 2363 773 invenies
2391 720 2443 774 in
2472 731 2583 776 tota
2619 721 2899 791 Scriptura
2927 725 3271 780 observatam
3303 743 3317 781 :
3347 727 3601 781 nimirum
3626 727 3679 781 in

2115 810 2388 865 metiendo
2431 820 2672 881 tempore
2698 813 2814 868 dies
2838 816 3147 870 enumerari
3167 858 3181 882 ,
3220 831 3325 871 non
3357 825 3540 873 noctes
3572 832 3677 871 una

2114 916 2236 956 cum
2273 904 2481 959 diebus.
2514 904 2636 958 Dies
2665 922 2922 959 annorum
2950 923 3205 973 meorum,
3235 909 3312 962 ait
3341 909 3679 963 Psalmorutn

2113 1002 2304 1047 cantor
2334 995 2398 1048 ".
2432 996 2497 1049 Et
2523 997 2718 1050 iterum
2747 995 2911 1051 Jacob
2943 1015 2957 1051 ε
2993 997 3115 1052 Dies
3146 1000 3266 1053 vitae
3295 1016 3423 1053 mete
3456 1003 3606 1069 parvi
3631 1012 3678 1055 et

2119 1085 2247 1139 mali
2282 1085 2349 1139 ³⁸.
2385 1087 2517 1141 ltem
2554 1104 2784 1143 rursus:
2814 1088 3070 1143 Omnibus
3097 1091 3275 1145 diebus
3314 1093 3432 1147 vita:
3456 1110 3584 1147 mea:
3610 1093 3679 1150 “.

2110 1174 2286 1241 Quare
2321 1192 2441 1246 quae
2461 1194 2603 1233 nunc
2627 1180 2678 1232 in
2729 1180 2970 1235 historia:
3005 1182 3238 1249 speciem
3285 1184 3483 1237 tradita
3509 1194 3678 1251 sunt,

2108 1269 2177 1323 ad
2204 1283 2266 1323 ea
2309 1283 2428 1338 qua:
2453 1279 2753 1339 sequuntur
2780 1272 2978 1342 regulae
3016 1282 3141 1327 sunt
3194 1283 3358 1344 atque
3384 1274 3681 1346 legislatio—

2110 1374 2227 1414 nes.
2264 1358 2334 1413 Et
2357 1362 2507 1428 facta
2534 1371 2609 1416 est
2636 1379 2868 1431 vespera,
2899 1376 2946 1417 et
2977 1363 3177 1432 factum
3221 1374 3297 1419 est
3350 1380 3524 1429 mane,
3569 1368 3679 1420 diu

2110 1467 2265 1505 unus.
2293 1452 2465 1517 Quam
2488 1453 2557 1507 ob
2576 1468 2794 1508 causam
2819 1469 2923 1509 non
2953 1455 3357 1524 dixitprimum,
3392 1457 3485 1511 sed
3515 1472 3677 1510 unum

2107 1543 2274 1609 diem,
2300 1559 2608 1613 quanquam
2658 1554 2778 1599 erat
2808 1547 3242 1612 convenientius,
3275 1555 3333 1601 ut
3364 1547 3409 1601 is
3453 1549 3543 1617 qui
3593 1562 3679 1602 se-

2106 1637 2359 1700 cundam,
2388 1637 2623 1703 tertiam,
2652 1647 2706 1690 et
2722 1649 2970 1707 quartam
2998 1639 3137 1693 diem
3161 1639 3388 1694 subinde
3412 1653 3677 1695 memora-

2107 1735 2258 1781 turus
2287 1738 2423 1792 erat,
2455 1743 2572 1782 eam
2598 1729 2760 1795 diem,
2788 1745 2906 1799 quae
2933 1731 3375 1799 subsequentium
3398 1730 3677 1785 exordium

421 1819 618 1892 μέτρον
635 1820 848 1891 ἡμέρας
875 1819 970 1873 κα)⁸
1002 1819 1193 1880 νυκτὸς
1223 1816 1572 1889 περιορίζων,
1607 1817 1701 1868 καὶ
1723 1817 1999 1869 συνάπτων

2110 1818 2231 1882 fuit,
2263 1819 2490 1888 primam
2516 1822 2891 1888 nuncuparet?
2916 1821 3023 1876 Sed
3060 1836 3222 1874 unam
3260 1822 3427 1884 dixit,
3461 1821 3552 1889 qui
3581 1821 3681 1876 sci-

416 1911 512 1965 τοῦ
532 1910 929 1982 ἡμερονυκτίου
952 1910 1046 1962 τὸν
1076 1911 1287 1980 χρόνον,
1318 1910 1393 1973 ὠς
1418 1909 1526 1962 τῶν
1550 1909 2004 1979 είκοσιτεσσάρων

417 2003 578 2075 ὡρῶν
613 2005 741 2076 μιᾶς
772 2003 984 2074 ἡμέρας
1022 2001 1412 2073 ὲκπληρουσῶν
1460 2000 1755 2071 διάστημα,
1807 2017 2004 2052 συνυπ-

417 2095 759 2167 ακουομένης
807 2096 1051 2166 δηλονότι
1096 2097 1161 2165 τῇ
1194 2097 1225 2165 ἡ
1236 2095 1381 2165 μέρᾳ
1412 2095 1505 2147 καὶ
1532 2093 1642 2162 (60)
1667 2096 1765 2164 τῆς
1788 2093 2000 2155 νυκτὸς,

415 2188 556 2242 ὥστε
615 2188 717 2243 κᾶν
769 2191 827 2243 ὲν
890 2192 1012 2253 ταῖς
1071 2192 1305 2260 τροπαῖς
1366 2188 1461 2239 τοῦ
1524 2187 1675 2256 ἡλίου
1730 2186 2003 2259 συμϐαίνῃ

413 2278 516 2351 τὴν
565 2278 761 2351 ἑτέραν
822 2278 1001 2332 αὐτῶν
1034 2278 1418 2350 ὑπερϐάλλειν,
1480 2277 1617 2330 ἀλλὰ
1654 2276 1733 2347 τῷ
1780 2294 1844 2345 γε
1902 2278 2003 2345 ἀφ-

413 2370 705 2440 ωρισμένῳ
749 2369 927 2440 χρόνῳ
976 2366 1490 2439 ἑμπεριγράφεσθαι
1548 2368 1765 2431 πάντως
1821 2369 2000 2438 ἀμφο-

412 2459 586 2530 τέρων
612 2459 681 2513 τὰ
703 2460 1050 2531 διαστήματα
1068 2477 1082 2491 ⁸
1132 2460 1335 2514 ὡσανεὶ
1370 2459 1546 2528 ἔλεγε,
1576 2460 1638 2513 τὸ
1669 2459 1777 2513 τῶν
1805 2460 2001 2513 τεσσά-

415 2564 526 2618 ρων
552 2548 646 2602 καὶ
696 2547 901 2604 εἴκοσιν
933 2548 1093 2621 ὡρῶν
1159 2549 1357 2620 μέτρον
1411 2551 1541 2620 μιᾶς
1596 2551 1742 2603 ἐστιν
1787 2550 2001 2621 ἡμέρας

412 2639 707 2712 διάστημα·
756 2642 903 2713 ἤδη
945 2641 1041 2695 τοῦ
1095 2642 1325 2713 ούρανοῦ
1379 2642 1490 2713 (61)
1536 2643 1647 2696 ἀπὸ
1690 2642 1785 2695 τοῦ
1833 2642 1998 2697 αὐτοῦ

416 2732 646 2802 σημείου
690 2733 781 2786 ἐπὶ
824 2732 887 2786 τὸ
928 2734 1059 2787 αὐτὸ
1102 2734 1265 2788 πάλιν
1296 2735 1739 2797 ἀποκατάστασις
1784 2735 1842 2786 ὲν
1900 2735 2001 2805 μιᾷ

412 2823 601 2895 ἡμέρᾳ
632 2823 872 2893 γίνεται’
923 2824 1064 2880 ὥστε
1097 2828 1290 2891 ὁσάκις
1337 2827 1404 2881 ἂν
1445 2828 1654 2899 ἑσπέρα
1689 2827 1783 2879 καὶ
1816 2827 1999 2898 πρωία

396 2915 556 2996 ,κατὰ
582 2916 683 2987 τὴν
721 2916 816 2970 τοῦ
847 2917 999 2989 ἡλίου
1033 2920 1340 2990 περιφορὰν
1386 2918 1733 2989 ἐπιλαμϐάνῃ
1775 2918 1865 2971 τὸν
1906 2918 1997 2971 κό-

412 3024 572 3079 σμον,
616 3007 690 3080 μὴ
739 3011 799 3063 ὲν
847 3010 1051 3064 πλείονι
1100 3012 1298 3082 χρόνῳ,
1333 3011 1445 3065 ἀλλ’
1504 3014 1563 3065 ὲν
1608 3012 1737 3081 μιᾶς
1784 3010 1998 3081 ἡμέρας

408 3101 737 3171 διαστήματι
762 3102 864 3174 τὴν
889 3104 1137 3174 περίοδον
1166 3102 1595 3175 ὲκπληροῦσθαι.
1630 3104 1701 3155 Ἣ
1732 3102 1996 3173 κυριώτε-

413 3210 507 3263 ρος
537 3195 566 3245 6
608 3194 667 3246 ὲν
707 3195 1041 3267 ἀπορρήτοις
1074 3197 1505 3267 παραδιδόμενος
1542 3196 1697 3265 λόγος
1733 3194 1876 3264 (62),
1921 3194 1997 3259 ὡς

411 3284 519 3355 ἄρα
550 3287 579 3339 6
608 3286 709 3356 τὴν
735 3286 828 3339 τοῦ
862 3288 1055 3358 χρόνου
1091 3289 1253 3357 φύσιν
1275 3289 1693 3352 κατασκευάσας
1713 3289 1871 3355 Θεὸς,
1903 3288 1997 3359 μέ-

384 3395 519 3457 ⁵τρα
558 3378 706 3450 αὐτῷ
738 3381 833 3433 καὶ
872 3384 1075 3451 σημεῖα
1108 3382 1178 3434 τὰ
1210 3382 1320 3435 τῶν
1360 3382 1586 3453 ἡμερῶν
1621 3382 1852 3436 ἐπέϐαλε
1884 3382 1996 3435 δια-

415 3470 685 3539 στήματα,
738 3471 833 3523 καὶ
878 3472 1130 3542 ὲϐδομάδι
1190 3473 1351 3526 αὑτὸν
1410 3474 1714 3544 ἐκμετρῶν,
1771 3475 1858 3527 ἀεὶ
1898 3473 1996 3543 τὴν

414 3558 683 3631 ἑϐδομάδα
710 3564 789 3625 είς
819 3563 1015 3634 ἑαυτὴν
1058 3564 1494 3618 ἀνακυκλοῦσθαι
1544 3565 1776 3628 κελεύει,
1812 3564 1996 3636 ἐξαρι-

413 3651 656 3721 θμοῦσαν
698 3653 790 3706 τοῦ
819 3654 1008 3725 χρόνου
1049 3656 1146 3727 τὴν
1193 3659 1406 3726 κίνησιν
1431 3676 1443 3688 ·
1487 3657 1584 3727 τὴν
1618 3656 1892 3726 ἑϐδομάδα
1939 3656 1996 3709 δὲ

411 3746 576 3801 πάλιν
606 3746 912 3819 ἐκπληροῦν
941 3748 1048 3818 ,τὴν
1081 3750 1296 3820 ἡμέραν
1333 3750 1462 3819 μίαν
1484 3788 1499 3811 ,
1551 3749 1779 3812 ἑπτάκις
1827 3747 1995 3819 αὐτὴν

411 3838 493 3902 είς
519 3839 717 3910 ἑαυτὴν
729 3840 1195 3911 ἀναστρέφουσαν.
1228 3841 1398 3893 Τοῦτο
1420 3840 1477 3893 δὲ
1507 3841 1762 3893 κυκλικόν
1794 3843 1909 3894 ἐστι
1934 3842 1996 3894 τὸ

411 3930 617 4001 σχῆμα,
650 3931 745 3999 ἀφ’
780 3930 976 3984 ἑαυτοῦ
1027 3930 1325 4002 ἄρχεσθαι,
1361 3932 1455 3985 κα)⁵
1499 3933 1579 3995 εἰς
1620 3933 1781 3985 ἑαυτὸ
1822 3951 1993 3987 κατα-

410 4020 615 4092 λήγειν.
668 4024 734 4075 ’Ὀ
762 4022 826 4093 δὴ
858 4023 953 4076 καὶ
980 4022 1074 4075 τοῦ
1106 4022 1303 4085 αἰῶνος
1334 4022 1483 4087 ἴδιον,
1517 4023 1598 4081 είς
1641 4022 1833 4077 ἑαυτὸν
1859 4025 1994 4077 ἀνα--

412 4115 684 4185 στρέφειν,
721 4115 817 4169 καὶ
853 4114 1104 4186 μηδαμοῦ
1145 4113 1538 4187 περατοῦσθαι.
1575 4113 1674 4167 Διὰ
1705 4113 1865 4167 τοῦτο
1895 4114 1995 4185 τὴν

412 4206 651 4277 κεφαλὴν
670 4206 765 4259 τοῦ
794 4207 987 4277 χρόνου
1015 4207 1136 4277 οὐχὶ
1160 4206 1385 4277 πρώτην
1414 4205 1627 4276 ἡμέραν
1648 4243 1663 4268 ,
1689 4204 1824 4257 ἀλλὰ
1862 4206 1994 4275 μίαν

411 4296 721 4367 ὠνόμασενο
756 4299 842 4351 ἵνα
870 4298 965 4351 καὶ
998 4300 1063 4351 ὲκ
1089 4298 1190 4367 τῆς
1228 4295 1599 4367 προσηγορίας
1640 4295 1703 4347 τὸ
1738 4296 1994 4363 συγγενὲς

412 4388 512 4461 ἔχῃ
557 4390 694 4461 πρὸς
726 4391 816 4443 τὸν
859 4390 1051 4447 αἰῶνα,
1089 4389 1209 4442 Τοῦ.
1229 4389 1338 4460 γὰρ
1371 4386 1603 4459 μοναχοῦ
1632 4387 1726 4440 καί⁵
1762 4388 1991 4441 ἀκοινω-

2106 1910 2233 1964 licet
2264 1911 2369 1965 diei
2390 1922 2443 1964 et
2464 1913 2637 1966 noctis
2656 1912 2926 1967 deﬁnierit
2946 1929 3275 1977 mensuram,
3296 1923 3351 1968 et
3376 1914 3478 1967 diei
3503 1929 3564 1969 ac
3582 1930 3678 1969 no-

2105 2003 2208 2057 ctis
2228 2012 2439 2071 tempus
2461 2004 2617 2057 simul
2651 2005 3027 2071 conjunxerit:
3059 2005 3489 2074 quandoquidem
3520 2006 3677 2059 unius

2109 2094 2211 2148 diei
2234 2096 2464 2159 spatium
2485 2096 2752 2164 complent
2780 2095 2967 2162 viginti
2991 2096 3403 2164 quatuorhom,
3426 2097 3470 2149 si
3485 2095 3677 2151 videli-

2103 2196 2190 2240 cet
2204 2187 2321 2240 dics
2338 2195 2393 2240 et
2413 2202 2517 2240 uox
2537 2188 2694 2242 simul
2715 2187 3099 2255 intelligantur.
3122 2186 3679 2253 Quamobremletiam-

2103 2278 2146 2333 si
2168 2277 2219 2331 in
2238 2277 2340 2346 21
2368 2277 2618 2331 solstitiis
2635 2277 2863 2332 alteram
2889 2278 2958 2331 ab
2986 2277 3153 2330 altera
3175 2279 3387 2332 accidat
3408 2279 3675 2345 superari,

2103 2379 2284 2424 tamen
2316 2369 2536 2423 deﬁnito
2586 2378 2827 2436 tempore
2882 2370 3117 2439 spatium
3147 2369 3430 2437 utriusque
3457 2368 3678 2424 omnino

2100 2460 2606 2524 circumscribitur;
2646 2468 2898 2528 tanquam
2921 2460 2968 2515 si
2998 2460 3263 2515 dixisset:
3307 2460 3496 2530 viginti
3535 2474 3675 2529 qua-

2102 2561 2222 2605 tuor
2269 2551 2527 2605 horarum
2579 2564 2851 2615 mensura,
2899 2551 3057 2605 unius
3102 2551 3207 2605 diei
3260 2559 3343 2606 est
3389 2550 3621 2621 spatium
3661 2570 3674 2583 θ

2100 2644 2210 2707 vel,
2246 2642 2368 2697 caeli
2398 2644 2465 2697 ab
2500 2641 2692 2696 eodem
2724 2643 2881 2711 signo
2914 2642 2980 2696 ad
3010 2642 3153 2695 idem
3188 2642 3413 2708 reditus,
3448 2658 3556 2698 uno
3590 2642 3679 2697 dic

2100 2736 2400 2805 peragitur.
2450 2733 2638 2806 Itaque
2690 2735 2901 2805 quoties
2941 2749 3163 2803 vespera
3217 2744 3272 2789 et
3313 2749 3474 2790 mane
3522 2750 3679 2796 mut:-

2102 2827 2228 2882 dum
2269 2834 2536 2895 occupant
2578 2840 2675 2895 per
2721 2826 2852 2880 solis
2896 2826 3343 2888 conversionem.
3395 2840 3500 2879 non
3546 2840 3676 2894 pro-

2100 2914 2293 2971 lixiore
2337 2924 2598 2985 tempore,
2634 2917 2728 2972 sed
2773 2916 2827 2970 in
2878 2916 3040 2970 unius
3074 2915 3179 2970 diei
3219 2914 3397 2984 spatio
3430 2913 3677 2984 expletur

2100 3007 2373 3064 circuitio.
2404 3008 2486 3062 An
2517 3022 2581 3062 ea
2612 3010 2752 3063 ratio
2792 3009 2845 3063 in
2884 3010 3101 3063 arcanis
3136 3009 3354 3073 tradita,
3389 3009 3566 3077 potior
3593 3015 3676 3063 est

2104 3115 2170 3153 ac
2200 3099 2450 3167 validior,
2485 3100 2629 3171 quod
2671 3100 2816 3155 Deus
2848 3100 2939 3170 qui
2972 3099 3229 3169 temporis
3263 3100 3540 3154 constituit
3574 3115 3673 3154 na-

2102 3201 2313 3259 turam,
2348 3206 2630 3248 mensuras
2682 3194 2732 3248 ei
2799 3208 2863 3247 ac
2918 3193 3109 3263 signa,
3163 3192 3418 3247 nimirum
3465 3192 3670 3247 dierum

2098 3285 2271 3354 spatia
2309 3283 2623 3352 impertivit,
2664 3300 2729 3340 ac
2761 3285 3099 3340 hebdomade
3141 3285 3315 3353 ipsum
3364 3284 3672 3348 dimetiens,

2097 3375 2484 3431 hebdomadem
2509 3392 2612 3445 qua
2644 3376 2903 3447 temporis
2928 3386 3105 3431 motus
3136 3385 3507 3441 enumeratur,
3531 3390 3672 3430 sem-
3700 3400 3709 3408 ι

2097 3483 2193 3538 per
2220 3468 2274 3521 in
2308 3482 2367 3521 se
2395 3468 2566 3537 ipsam
2591 3468 2744 3535 jubet
2772 3468 2996 3535 revolvi,
3022 3482 3313 3536 rursusque
3338 3482 3502 3521 unum
3528 3466 3667 3520 diem

2096 3560 2186 3614 ubi
2220 3561 2271 3614 in
2304 3576 2361 3614 se
2392 3561 2567 3629 ipsum
2602 3560 2805 3630 septies
2830 3560 3074 3624 redierit,
3103 3560 3491 3615 hebdomadem
3525 3572 3673 3612 cou—

2099 3650 2297 3706 ﬁcere?
2327 3650 2453 3707 Haec
2495 3658 2579 3707 est
2619 3660 2797 3706 autem
2828 3650 3127 3719 orbiculata
3163 3652 3353 3720 ligura,
3387 3664 3505 3717 qua;
3545 3664 3575 3702 a
3611 3662 3672 3703 se

2098 3742 2211 3811 ipsa
2250 3742 2455 3812 incipit,
2487 3751 2541 3797 et
2571 3742 2623 3796 in
2654 3758 2714 3796 se
2759 3743 2929 3812 ipsam
2974 3742 3193 3797 desinit.
3225 3741 3377 3809 Quod
3407 3756 3539 3796 sane
3566 3742 3668 3795 hu-

2092 3832 2181 3902 jus
2206 3833 2369 3887 etiam
2399 3836 2579 3890 saeculi
2613 3839 2889 3907 pr0prium
2917 3848 3021 3901 est,
3056 3839 3255 3892 reverti
3291 3838 3343 3890 in
3377 3852 3438 3892 se
3471 3837 3666 3907 ipsum,

2100 3939 2202 3980 nec
2243 3941 2470 3996 usquam
2522 3930 2826 3986 terminari.
2875 3930 3026 3985 Hanc
3061 3931 3130 3985 ob
3162 3944 3380 3983 causam
3416 3928 3671 3999 temporis

2097 4025 2281 4086 caput,
2312 4032 2419 4072 non
2450 4020 2679 4088 primam
2715 4021 2876 4085 diem,
2905 4022 2997 4076 sed
3041 4035 3203 4074 unam
3234 4019 3478 4084 vocavit;
3515 4032 3574 4073 ut
3602 4034 3669 4073 ex

2096 4108 2212 4178 ipsa
2242 4110 2407 4165 etiam
2448 4111 2810 4181 appellatione
2854 4114 3230 4184 cognationem
3268 4127 3389 4166 cum
3427 4128 3540 4167 aevo
3575 4112 3670 4166 has

2096 4202 2243 4257 beat.
2276 4204 2401 4259 Dies
2433 4206 2606 4271 enim,
2636 4206 2729 4275 qui
2773 4206 3023 4276 principii
3061 4207 3205 4260 unici
3246 4216 3299 4261 et
3336 4206 3488 4260 alteri
3524 4205 3669 4260 inso-

2094 4295 2312 4351 ciabilis
2356 4296 2580 4352 exhibet
2626 4298 3024 4363 characterem,
3063 4298 3279 4366 proprie
3323 4307 3377 4352 et
3424 4295 3668 4366 apposite

2095 4404 2236 4443 unus
2280 4400 2619 4457 nuncupatus
2672 4400 2775 4444 est.
2820 4388 3016 4455 Quodsi
3067 4389 3218 4458 plura
3263 4388 3459 4443 sa‘cula
3506 4387 3665 4441 nobis

411 4482 573 4547 νήτου
608 4483 743 4555 πρὸς
773 4483 959 4554 ἕτερον
985 4486 1018 4554 ἡ
1050 4484 1144 4536 τὸν
1177 4482 1501 4554 χαρακτῆρα
1530 4479 1850 4534 δεικνύουσα
1879 4480 1989 4549 (65)

2102 4481 2165 4535 ob
2206 4480 2395 4535 oculos
2435 4481 2589 4549 ponit
2619 4480 2921 4548 Scriptura,
2953 4481 3077 4534 dum
3108 4479 3291 4534 multis
3328 4479 3381 4532 in
3416 4479 3546 4533 locis
3577 4478 3664 4533 di-

411 4573 625 4636 οἰκείως
650 4574 746 4627 καὶ
776 4574 1068 4645 προσφυῶς
1098 4574 1511 4647 προσηγορεύθη
1544 4573 1661 4643 μία.
1693 4573 1757 4624 Εἰ
1782 4572 1837 4624 δὲ
1866 4558 2030 4624 πῖὶῖ“

411 4665 535 4729 λοὺς
597 4668 729 4737 ἡμῖν
796 4666 999 4729 αἰῶνας
1060 4668 1389 4738 παρίστησιν
1446 4668 1479 4737 ἡ
1534 4663 1758 4735 Γραφὴ,
1809 4662 1995 4716 αἰῶνα

412 4754 645 4820 αἰῶνος,
673 4756 771 4810 καὶ
800 4756 1019 4823 αἰῶνας
1043 4756 1270 4811 αἰώνων
1298 4755 1563 4826 πολλαχοῦ
1593 4756 1845 4824 λέγουσα,
1879 4754 1991 4807 ἀλλ’

412 4842 502 4903 οὖν
538 4849 700 4902 κάκεῖ
728 4849 850 4919 οὐχὶ
884 4848 1121 4920 πρῶτος,
1164 4848 1286 4902 οὐδὲ
1315 4848 1602 4920 δεύτερος,
1644 4847 1765 4900 οὐδὲ
1812 4847 1993 4917 τρίτος

2098 4573 2173 4626 cit
2208 4589 2222 4625 :
2264 4570 2529 4626 Sa’culum
2587 4572 2790 4637 swculi,
2823 4583 2869 4626 et
2919 4572 3111 4626 sarcula
3155 4572 3503 4636 surculorum;
3556 4570 3665 4625 illic

2101 4673 2283 4719 tamen
2317 4679 2491 4734 neque
2518 4667 2776 4734 primum,
2808 4680 2984 4735 neque
3015 4666 3332 4730 secundum,
3358 4676 3530 4731 neque
3558 4671 3666 4717 ter-

2102 4755 2234 4808 tium
2272 4756 2525 4810 saeculum
2581 4756 2736 4811 nobis
2778 4766 3149 4810 ennmeratum
3183 4765 3289 4810 cst.
3329 4753 3667 4823 Quapropter

2100 4845 2257 4901 nobis
2290 4847 2466 4916 potius
2496 4856 2760 4913 statunm,
2792 4848 3169 4918 variarumque
3204 4861 3383 4901 rerum
3415 4844 3666 4901 dill'eren-

501 5054 549 5088 ”
577 5052 723 5110 Psal.
759 5068 985 5120 Luxu,
1016 5054 1098 5110 ιο.
1176 5052 1221 5085 ³ο
1263 5053 1398 5109 Gen.
1428 5070 1595 5123 mn,
1642 5055 1697 5111 9.
1773 5057 1815 5088 “
1845 5054 1987 5112 Psal.
2018 5068 2155 5116 xm,
2187 5050 2238 5105 6.

478 5256 593 5328 (59)
618 5259 805 5332 _Deest
832 5260 999 5331 φησίν
1036 5260 1089 5332 in
1113 5261 1354 5316 editione
1386 5262 1552 5316 Basil.
1587 5271 1643 5317 et
1682 5262 1735 5316 in
1759 5273 1991 5332 quatuor

407 5342 564 5394 mss.,
615 5329 810 5403 legitur
849 5329 1000 5384 vero
1061 5331 1113 5384 in
1176 5332 1413 5403 editione
1462 5333 1636 5403 Paris.
1678 5343 1733 5386 et
1764 5329 1815 5387 in
1853 5333 1987 5403 Reg.

411 5400 948 5473 quarto.__Aliquanto
962 5410 1116 5473 _post
1150 5401 1313 5469 aliqui
1346 5417 1476 5457 mss.
1512 5402 1648 5473 πρὸς
1674 5402 1753 5455 τό.

485 5466 598 5537 (60)
629 5469 721 5523 Sic
747 5466 913 5524 editio
958 5466 1124 5523 Blasil.
1167 5466 1287 5524 cum
1334 5466 1570 5539 utroque
1600 5475 1730 5526 Duc.
1769 5483 1822 5527 et
1865 5488 1986 5527 cum

409 5537 623 5605 Anglic.
658 5554 763 5592 uno
790 5549 846 5593 et
872 5555 994 5593 cum
1026 5539 1146 5594 aliis
1179 5556 1275 5595 sex
1307 5558 1437 5596 mss.
1459 5537 1637 5597 Editio
1666 5557 1793 5597 vero
1813 5542 1985 5597 Paris.

406 5608 480 5731 τᾷ)
504 5606 687 5678 ἡμέρᾳ
723 5610 849 5678 μιᾶς
870 5610 993 5675 καί,
1030 5610 1189 5665 male.
1240 5610 1374 5681 Reg.
1408 5621 1591 5668 sextus
1633 5612 1987 5679 συνεξακούο-

412 5695 451 5731 υ.
483 5694 600 5731 vus.

411 5694 600 5749 μένης.

482 5746 594 5821 (6⁷1)
627 5747 698 5803 Ita
742 5747 908 5805 editio
936 5749 1100 5807 Basil.
1135 5766 1254 5807 cum
1314 5766 1408 5808 sex
1443 5768 1601 5821 mss.,
1651 5762 1705 5809 et
1754 5756 1825 5808 ita
1854 5753 1981 5825 legit

2095 5262 2436 5316 Tilmaunus.
2467 5260 2641 5315 Etlitio
2672 5258 2843 5312 Paris.
2883 5260 2916 5331 ἡ
2960 5258 3053 5313 τοῦ
3088 5258 3259 5330 ἡλίου.
3297 5257 3494 5312 ibidem
3525 5256 3664 5324 Reg.

2093 5342 2279 5388 sextus
2311 5331 2444 5385 αὐτὸ
2476 5330 2638 5383 πάλιν
2663 5332 2907 5401 σημεῖον.

2166 5403 2277 5470 (62)
2307 5402 2402 5455 Hic
2425 5413 2507 5455 est
2538 5403 2671 5470 ordo
2693 5397 2978 5470 multorum
3010 5416 3138 5453 mss.
3172 5399 3311 5452 Editi
3330 5397 3663 5470 κυριώτερος

2091 5473 2149 5526 ὲν
2174 5466 2197 5525 ’.
2230 5466 2263 5528 .’
2287 5512 2300 5524 .
2336 5508 2351 5524 .
2384 5474 2411 5525 6
2437 5471 2611 5539 λόγος.
2638 5469 2836 5524 lliiilem
2868 5469 3031 5524 Coisl.
3062 5471 3267 5536 primus
3308 5466 3417 5538 τὴν
3439 5466 3660 5539 τοῦκό-

2094 5560 2234 5612 σμου
2273 5541 2451 5611 φύσιν.
2484 5538 2775 5610 Aliquanto
2813 5550 2933 5608 post
2970 5541 3097 5610 Reg.
3130 5540 3484 5612 sextusat‘gco‘v
3531 5538 3673 5612 ἀναι-

2094 5608 2327 5683 μετρῶν.
2379 5608 2602 5665 81³6111⁷
2628 5622 2860 5679 quatuor
2915 5608 3067 5665 mssf
3096 5608 3553 5664 ἀνακ·.›κλοῦσθαι.
3586 5609 3661 5667 At

2094 5686 2213 5737 editi
2256 5679 2696 5736 ἀνακυκλεῖσθαι.

2090 5695 2213 5736 Cdlll
2256 5695 2696 5736 ἀνακυκλεισυαι.

2163 5753 2275 5823 (65)
2311 5752 2522 5822 Aliquot
2553 5768 2684 5807 mss.
2724 5748 2995 5805 δεικνῦσα.
