4082 6218
428 365 480 424 51
804 318 817 337 ’
1163 420 1167 431 ,
1765 362 1998 419 S.BAS

2105 363 2373 422 [MAGNI
3031 410 3046 426 .
3222 433 3231 440 ,
3613 368 3701 425 52

423 485 530 545 tiae,
551 495 659 538 non
685 490 865 536 autem
890 480 1424 551 circumscriptiones
1452 482 1696 551 ﬁnesque
1719 491 1772 537 et
1792 498 1999 539 succes-

2105 485 2236 554 ἡμῖν
2285 481 2420 536 αἰὼν
2466 483 2847 557 ἀπηρίθμηται
2892 484 3041 557 (64)·
3084 482 3225 538 ὥστε
3271 481 3470 555 μᾶλλον
3514 499 3691 536 κατα-

425 577 606 630 siones
644 574 965 629 saeculorum
988 588 1055 628 ex
1077 575 1178 628 hoc
1209 574 1672 629 demonstrantur.
1700 573 1821 627 Dies
1860 575 1995 629 enim

2105 577 2343 630 στάσεων
2386 578 2520 647 ἡμῖν
2564 578 2660 633 καὶ
2713 578 3056 651 πραγμάτων
3088 575 3347 631 ποικίλων
3395 574 3683 646 διαφορὰς,

427 667 658 729 Domini,
700 666 893 735 inquit,
920 682 1108 735 magna
1136 674 1211 719 est
1238 676 1285 719 et
1319 666 1545 719 illustris
1572 666 1635 717 ³³.
1660 666 1723 718 Ει
1756 667 1951 721 iterum
1980 685 1994 721 :

422 756 494 810 Ut
522 756 648 826 quid
678 757 1036 839 vos‘quwritis
1073 756 1208 809 diem
1240 757 1497 809 Domini?
1537 755 1601 808 Et
1644 773 1704 809 ea
1748 766 1823 809 est
1861 768 2000 810 tene-

2098 667 2216 721 ἀλλ’
2242 668 2362 739 οὐχὶ
2391 670 2742 742 περιγραφάς
2771 671 2865 725 καὶ
2896 668 3109 741 πέρατα
3138 670 3232 722 καὶ
3261 666 3509 739 διαδοχὰς
3548 667 3686 721 αἰώ-

2099 777 2204 813 νων
2230 762 2294 813 ἑκ
2315 760 2505 813 τούτου
2529 760 2863 816 δείκνυσθαι.
2902 760 3111 831 Ἠμέρά
3126 762 3238 830 γὰρ
3256 760 3498 828 Κυρίου,
3523 760 3681 830 φησὶ,

422 849 554 912 ὁηε,
588 855 639 902 et
688 863 794 900 non
824 848 917 901 lux
946 848 1014 901 ³³.
1052 846 1188 900 Nam
1227 848 1411 916 utique
1445 849 1508 901 iis
1542 849 1629 917 qui
1677 848 1823 917 digni
1871 857 1999 901 sunt

2105 849 2326 919 μεγάλη
2355 852 2450 903 καὶ
2474 851 2804 921 ἐπιφανέής·
2833 851 2928 905 καὶ
2957 852 3120 905 πάλιν
3138 870 3151 882 ·
3182 852 3311 905 Ἵνα
3339 850 3397 904 τί
3418 850 3561 919 ὑμῖν
3584 849 3683 917 ὐδ-

424 938 692 1001 tenebris,
722 942 960 993 tenebrze
984 949 1129 994 sunt.
1159 938 1448 993 Enimvero
1473 939 1614 993 illaut
1647 941 1786 994 diem
1812 955 1999 1008 vespe-

426 1047 486 1085 ra
547 1040 864 1096 carentem,
924 1033 1399 1094 successionisque
1448 1039 1503 1084 et
1555 1032 1676 1085 finis
1724 1042 1998 1100 expertem

425 1118 711 1189 Scriptura
749 1122 902 1175 novit
938 1143 949 1175 :
985 1136 1145 1189 quam
1199 1122 1361 1173 etiam
1407 1120 1737 1174 Psalmorum
1787 1132 1996 1189 cautor,

424 1224 714 1281 propterea
749 1216 891 1282 quod
923 1224 1077 1268 extra
1110 1213 1211 1267 hoc
1252 1223 1462 1282 tempus
1497 1218 1860 1281 septenarium
1895 1216 2000 1271 sita

425 1304 518 1368 sit,
549 1317 795 1359 oetavam
828 1306 1038 1359 vocavit
1066 1305 1132 1360 ³⁸.
1178 1304 1360 1370 Quare
1399 1306 1515 1358 sive
1544 1306 1707 1367 diem,
1744 1307 1856 1360 sive
1902 1322 2002 1361 sa!-

427 1397 609 1449 culnm
641 1397 867 1461 dixeris,
901 1398 1141 1450 eamdem
1177 1397 1334 1451 dices
1357 1399 1704 1463 sententiam.
1737 1396 1862 1453 Sive
1896 1399 1999 1468 igi-

426 1497 516 1541 tur
541 1490 678 1550 dies,
706 1499 879 1542 status
912 1489 1001 1542 ille
1029 1490 1273 1551 dicatur;
1306 1504 1410 1542 una
1439 1499 1541 1555 est,
1569 1500 1621 1544 et
1647 1508 1751 1544 non
1780 1488 1995 1546 multze:

423 1582 541 1635 sive
572 1580 872 1649 appelletur
912 1580 1193 1644 smculum,
1231 1580 1447 1633 unicum
1495 1582 1679 1649 utique
1726 1580 1913 1644 fuerit,
1945 1590 2001 1635 et

426 1688 535 1727 non
567 1671 872 1740 multiplex.
911 1672 1092 1739 Quare
1132 1681 1189 1724 ut
1222 1673 1288 1726 ad
1333 1671 1565 1727 futuram
1599 1674 1762 1727 vitam
1789 1675 1998 1743 cogita-

425 1764 627 1817 tionem
666 1770 908 1814 nostram
947 1759 1287 1824 transferret,
1325 1776 1443 1814 eam
1473 1761 1617 1815 diem
1647 1777 1808 1814 unam
1839 1760 1996 1824 dixit,

2099 941 2224 995 τεῒν
2243 942 2359 1009 τὴν
2386 941 2617 1011 ἡμέραν
2641 942 2747 996 τοῦ
2776 941 2999 1009 Κυρίου
3028 941 3172 1012 (65);
3204 942 3313 995 Καὶ
3355 941 3515 1008 αὕτη
3540 937 3682 994 ’ἐστὶ

2100 1034 2341 1098 σκότος,
2368 1033 2465 1085 καὶ
2496 1034 2568 1085 οὐ
2611 1031 2755 1101 φῶς.
2794 1033 2993 1095 Σκότος
3018 1032 3076 1085 δὲ
3108 1031 3241 1104 (66),
3282 1030 3522 1101 δηλονότι
3567 1032 3683 1092 τοῖς

2101 1122 2273 1190 ἀξίοις
2305 1124 2400 1178 τοῦ
2450 1125 2694 1189 σκότους.
2741 1125 2895 1179 Ἐπεὶ
2932 1126 3231 1197 ἀνέσπερον
3267 1114 3362 1180 καὶ
3405 1125 3685 1194 ἀδιάδοχον

2101 1214 2197 1269 καὶ
2223 1215 2578 1286 ἀτελεύτητον
2617 1217 2714 1288 τὴν
2745 1216 2959 1290 ἡμέραν
3004 1218 3218 1288 εκείνην
3257 1212 3398 1271 οἶδεν
3439 1218 3469 1269 6
3501 1216 3679 1283 λόγος,

2099 1305 2168 1377 ἣν
2199 1306 2293 1359 καὶ
2321 1306 2513 1378 ὀγδόην
2538 1310 2565 1360 ό
2592 1308 2897 1379 Ψαλμῳδὸς
2927 1307 3358 1379 προσηγόρευσε,
3383 1305 3474 1360 διὰ
3492 1305 3553 1358 τὸ
3575 1305 3686 1369 ἔξω

2101 1398 2316 1452 κεῖσθαι
2348 1398 2442 1452 τοῦ
2491 1398 2843 1470 ἑόδομαδικοῦ
2873 1399 3061 1453 τούτου
3110 1393 3325 1471 χρόνου.
3368 1399 3529 1451 Ὥστε
3574 1396 3682 1450 κᾶν

2100 1490 2313 1563 ἡμέραν
2348 1486 2529 1566 εἴπῃς,
2570 1492 2674 1549 κᾶν
2702 1491 2873 1546 αίῶνα
2893 1532 2909 1557 ,
2936 1492 3035 1563 τὴν
3070 1490 3241 1563 αὐτὴν
3269 1491 3412 1564 ἐρεῖς
3449 1489 3681 1543 ἔννοιαν.

2102 1582 2228 1634 Είτε
2269 1575 2362 1635 οὖν
2399 1583 2585 1654 ἡμέρα
2630 1585 2665 1654 ἡ
2711 1582 3044 1645 κατάστασις
3078 1582 3272 1653 ἐκείνη
3304 1580 3543 1648 λέγοιτο,
3580 1578 3686 1648 μία.

2102 1670 2240 1736 ἐστὶ,
2277 1671 2373 1725 καὶ
2402 1673 2463 1725 οὐ
2498 1672 2726 1727 πολλαί·
2760 1671 2870 1726 εἴτε
2905 1672 3039 1726 αίὼν
3067 1669 3546 1744 προσαγορεύοιτο,
3580 1686 3683 1739 μο-

2102 1764 2262 1834 ναχὺς
2295 1763 2360 1817 ἂν
2390 1763 2474 1837 εἴη
2522 1765 2616 1819 καὶ
2660 1765 2722 1818 οὐ
2756 1764 3064 1829 πολλοστὸς.
3116 1764 3237 1818 Ἵνα
3273 1758 3368 1817 οὖν
3409 1762 3547 1834 πρὸς
3581 1760 3684 1831 τὴν

425 1866 548 1920 quae
573 1850 757 1907 saeculi
788 1858 870 1904 est
893 1850 1091 1918 imago,
1118 1847 1375 1916 primitiae
1404 1848 1634 1913 dierum,
1662 1848 1763 1901 luci
1796 1860 1995 1909 eomva,

2105 1855 2405 1925 μέλλουσαν
2445 1856 2588 1929 ζωὴν
2642 1857 2740 1929 τὴν
2792 1856 2998 1911 ἔννοιαν
3048 1854 3311 1926 ἀπαγάγῃ
3355 1853 3491 1927 (67),
3550 1853 3685 1924 μίαν

423 1950 611 1998 sancta
656 1942 963 2010 Dominica,
1010 1941 1222 1995 Domini
1264 1931 1662 1994 resurrectione
1711 1941 1995 1993 honorata.

423 2033 598 2088 Facta
626 2044 705 2089 est
734 2037 898 2105 igitur
928 2052 1162 2104 vespera,
1192 2036 1389 2105 inquit,
1420 2043 1467 2087 et
1494 2033 1691 2101 factum
1720 2042 1794 2085 est
1825 2047 1993 2096 mane,

424 2127 534 2181 dies
569 2145 696 2182 una.
726 2129 795 2181 At
824 2132 969 2182 enim
996 2128 1050 2182 hi
1082 2143 1361 2182 sermones
1390 2142 1526 2195 quos
1553 2126 1619 2178 de
1648 2124 1737 2178 i!la
1771 2138 1994 2191 vespera

422 2219 782 2280 instituimus,
849 2220 974 2273 dum
1009 2234 1037 2271 a
1079 2219 1335 2286 praesenti
1375 2231 1595 2286 vespera
1635 2217 1994 2285 attin‘guntur,

424 2309 515 2364 hic
554 2311 787 2363 orationi
831 2318 1033 2363 nostrae
1076 2309 1239 2363 ﬁnem
1290 2311 1589 2379 imponunt.
1630 2307 1790 2361 Pater
1819 2315 1997 2360 autem

422 2400 569 2458 vera:
613 2402 770 2463 lucis,
802 2404 891 2471 qui
925 2403 1064 2456 diem
1096 2403 1305 2457 caelesti
1343 2402 1543 2455 lumine
1584 2400 1880 2463 decoravit,
1907 2400 1997 2468 qui

425 2494 567 2564 ignis
600 2493 998 2562 'splendoribus
1049 2492 1340 2547 illustravit
1393 2501 1643 2559 noctem,
1693 2490 1783 2560 qui
1832 2490 1999 2545 futuri

424 2586 605 2641 saeculi
658 2587 903 2655 requiem
952 2585 1226 2655 spirituali
1279 2585 1499 2655 jngique
1547 2584 1666 2639 luce
1722 2583 1995 2648 instruxit,

425 2675 699 2731 illuminet
748 2675 800 2729 in
852 2677 1127 2745 agnitione
1159 2676 1407 2731 veritatis
1460 2676 1622 2729 corda
1668 2684 1873 2737 vestra,
1908 2689 2001 2728 ve-

426 2777 707 2836 stramque
739 2768 908 2821 vitam
942 2776 1227 2822 conservet
1267 2766 1607 2831 inoﬂ'ensam,
1638 2767 1873 2836 largiens
1904 2781 2000 2819 vo-

423 2858 530 2923 bis,
562 2866 620 2912 ut
664 2858 720 2912 in
770 2860 855 2914 die
900 2860 1125 2913 honeste
1179 2858 1466 2912 ambuletis
1499 2874 1513 2910 :
1552 2867 1613 2909 ut
1655 2854 1911 2911 elttceatis
1946 2854 1999 2906 in

427 2948 717 3018 splendore
773 2961 1084 3004 sanctorum
1134 2950 1296 3003 veluti
1351 2948 1455 3012 sol,
1490 2949 1557 3001 ad
1611 2961 1787 3001 meam
1835 2945 2003 3014 ipsius

427 3040 876 3105 exsultationem,
910 3041 964 3093 in
1004 3041 1089 3095 die
1129 3039 1354 3104 Christi,
1387 3040 1474 3093 cui
1519 3038 1689 3108 gloria
1734 3046 1791 3092 et
1835 3037 2004 3106 impe-

421 3133 565 3188 rium
597 3134 649 3186 in
683 3132 878 3187 satcula
914 3131 1255 3186 saacdorum.
1295 3131 1487 3186 Amen.

2102 1945 2352 2016 ὠνόμασε
2381 1947 2475 2001 τοῦ
2516 1948 2711 2012 αἰῶνος
2740 1948 2837 2020 τὴν
2884 1948 3089 2011 είκόνα,
3130 1948 3231 2019 τὴν
3274 1944 3527 2017 ἀπαρχὴν
3572 1944 3685 1998 τῶν

2098 2037 2130 2106 ἡ
2142 2036 2343 2107 μερῶν,
2365 2038 2463 2108 τὴν
2484 2039 2721 2109 ὁμήλικα
2741 2037 2836 2091 τοῦ
2864 2037 3060 2108 φωτὸς,
3076 2037 3175 2109 τὴν
3197 2036 3355 2105 ἁγίαν
3374 2038 3457 2090 Κυ
3466 2034 3683 2107 ριακὴν,

2098 2129 2197 2200 τὴν
2219 2131 2284 2200 τῇ
2316 2130 2608 2183 ἀναστάσει
2631 2130 2723 2184 τοῦ
2746 2131 2952 2203 Κυρίου
2975 2147 3089 2183 τετι
3098 2148 3170 2201 μη
3181 2129 3383 2201 μένην.·
3411 2126 3688 2197 Ἐγένετο

2098 2216 2190 2272 οὖν
2220 2219 2464 2288 ἑσπέρα,
2512 2221 2647 2290 φησὶ
2666 2264 2680 2288 ,
2729 2223 2829 2275 καὶ
2857 2221 3094 2292 ἐγένετο
3126 2220 3295 2290 πρωί,
3323 2220 3517 2290 ἡμέρα
3546 2219 3679 2288 μία.

2115 2310 2276 2364 Ἀλλά
2301 2312 2409 2383 γὰρ
2429 2314 2522 2367 καὶ
2546 2315 2595 2366 οἱ
2621 2314 2749 2385 περὶ
2771 2315 2869 2384 τῆς
2896 2314 3134 2385 ἑσπέρας
3155 2313 3371 2384 ἑκείνης
3396 2311 3542 2380 λόγοι

2101 2400 2207 2454 ὑπὸ
2238 2401 2340 2471 τῆς
2376 2402 2653 2474 παρούσης
2700 2403 2940 2475 ἑσπέρας
2978 2402 3417 2474 καταληφθέντες
3449 2400 3686 2455 ἐνταῦθα

2101 2493 2231 2564 ἡμῖν
2254 2492 2345 2546 τὸν
2377 2493 2535 2563 λόγον
2565 2494 2856 2566 ὁρίζουσιν.
2912 2495 2970 2549 '0
2995 2495 3052 2548 δὲ
3084 2494 3274 2565 Πατὴρ
3304 2491 3399 2546 τοῦ
3426 2490 3683 2562 ἀληθινοῦ

2102 2583 2302 2653 φωτὸς,
2337 2585 2366 2637 ὁ
2395 2584 2495 2656 τὴν
2528 2585 2741 2657 ἡμέραν
2770 2576 3055 2657 κοσμήσας
3086 2584 3165 2655 τῷ
3193 2583 3427 2656 οὐρανίῳ
3458 2582 3625 2652 φωτὶ,
3654 2583 3687 2635 6

2100 2674 2200 2744 τὴν
2244 2674 2414 2728 νύκτα
2461 2677 2758 2747 φαιδρύνας
2792 2680 2910 2740 ταῖς
2944 2677 3140 2746 αὐγαῖς
3164 2673 3259 2728 τοῦ
3288 2673 3480 2745 πυρὸς,
3513 2674 3542 2725 6
3584 2671 3683 2725 τοῦ

2106 2764 2389 2834 μέλλοντος
2412 2766 2607 2830 αἰῶνος
2632 2766 2729 2839 τὴν
2751 2768 3054 2821 ἀνάπαυσιν
3078 2764 3402 2837 εὐτρεπίσας
3420 2763 3498 2835 τῷ
3510 2760 3687 2834 νοερῷ

2102 2854 2199 2906 καὶ
2231 2856 2496 2927 ἀπαύστῳ
2524 2858 2684 2926 φωτὶ,
2714 2858 3001 2926 φωτίσειεν
3024 2856 3135 2930 (69)
3160 2855 3314 2928 ὑμῶν
3332 2856 3433 2919 τὰς
3455 2852 3686 2926 καρδίας

2102 2945 2161 2996 ὲν
2195 2945 2486 3015 ἐπιγνώσει
2529 2948 2630 3018 τῆς
2672 2948 2949 3020 ἀληθείας,
2998 2948 3093 3002 καὶ
3144 2947 3490 3020 ἀπρόσκοπον
3527 2943 3686 3015 ὑμῶν

2101 3038 2452 3112 διατηρήσειε
2499 3041 2597 3113 τὴν
2646 3041 2811 3114 ζωὴν,
2867 3042 3241 3114 παρεχόμενος
3287 3041 3435 3112 ὑμῖν,
3492 3039 3569 3103 ὼς
3621 3037 3686 3091 ὲν

2103 3120 2288 3204 ἡμέρᾳ
2315 3134 2667 3206 εὐσχημόνως
2695 3137 3036 3206 περιπατεῖν,
3068 3135 3154 3189 ἵνα
3181 3132 3517 3204 ἑκλάμψητε,
3546 3129 3625 3196 ὡς
3650 3130 3687 3185 6

421 3222 573 3292 ἥλιος
616 3224 675 3277 ἑν
721 3227 787 3296 τῇ
831 3224 1177 3294 λαμπρότητι
1220 3222 1327 3275 τῶν
1371 3221 1560 3290 ἁγίων,
1612 3222 1691 3285 εἰς
1743 3221 2003 3292 καύχημα
2039 3221 2183 3292 ἐμοὶ,
2220 3227 2301 3289 είς
2358 3227 2571 3298 ἡμέραν
2632 3227 2871 3300 Χριστοῦ
2900 3227 3033 3300 (70),
3059 3221 3105 3296 ᾧ
3130 3226 3314 3299 ἡδόξα
3345 3225 3519 3280 καὶτὸ
3547 3224 3689 3296 κρά-

421 3334 516 3383 ως
552 3321 631 3384 είς
652 3321 778 3398 τοὺς
821 3319 1024 3383 αἰῶνας
1047 3319 1156 3372 τῶν
1188 3313 1416 3373 αίὼνων.
1463 3317 1652 3388 Ἀμήν.

1011 3577 1292 3634 IIOMILIA
1330 3577 1417 3633 Ill.

974 3692 1048 3747 De
1101 3692 1453 3761 ﬁrmamento.

495 3808 603 3877 22
643 3808 697 3861 1.
738 3806 953 3869 Primae.
986 3821 1076 3860 seu
1126 3807 1307 3875 potius
1351 3806 1510 3859 unius
1553 3805 1658 3859 diei
1703 3813 1999 3860 memorata

426 3908 552 3953 sunt
579 3910 764 3965 opera.
812 3894 969 3947 Absit
1001 3894 1144 3948 enim
1183 3903 1242 3947 ut
1269 3894 1316 3947 ei
1345 3907 1465 3947 eam
1500 3893 1803 3946 adimamus
1828 3890 2002 3961 digni-

429 3998 620 4052 tatem,
657 4001 817 4055 quam
851 3985 902 4038 in
938 3992 1129 4037 natura
1165 3983 1393 4047 obtinet,
1430 3992 1615 4050 utpote
1653 3999 1682 4036 a
1723 3984 2003 4037 conditore

429 4092 675 4133 seorsum
710 4075 877 4139 edita,
910 4089 1012 4129 nec
1044 4075 1097 4128 in
1129 4074 1319 4129 ordine
1360 4073 1584 4127 aliarum
1623 4083 1997 4128 annumerata.

430 4170 678 4224 Attamen
726 4175 1011 4236 postquam
1056 4180 1119 4219 ea
1167 4180 1289 4233 quae
1333 4164 1384 4217 in
1428 4164 1543 4232 ipsa
1580 4163 1721 4217 facta
1755 4174 1880 4220 sunt
1914 4181 2000 4219 re-

430 4259 640 4315 censuit
666 4260 918 4313 hesterna
950 4258 1155 4323 oratio;
1190 4265 1245 4310 et
1275 4266 1558 4324 postquam
1590 4257 1760 4311 divisa
1790 4258 2004 4311 audito-

432 4354 578 4407 ribus
619 4349 985 4415 enarratione,
1018 4357 1078 4402 ut
1110 4348 1429 4402 ntatutinam
1463 4348 1764 4401 animarum
1808 4348 2001 4404 alimo-

498 4529 542 4561 ³²
572 4526 684 4582 Joel
716 4541 776 4593 ll,
808 4526 893 4580 il.
970 4527 1015 4559 ³³
1044 4529 1208 4583 Amos
1235 4543 1289 4593 v,
1323 4525 1410 4581 18.
1487 4527 1533 4559 ³⁸
1558 4526 1699 4583 Psal.
1729 4543 1805 4592 vt,
1834 4526 1903 4591 1;

2713 3539 3067 3630 omuuAIx

2460 3685 2604 3755 Περὶ
2630 3685 2738 3741 τοῦ
2765 3685 3169 3757 στερεώματος
3199 3686 3333 3758 (Ἠ).

2179 3798 2230 3853 1.
2271 3797 2351 3851 Τὰ
2379 3798 2479 3869 τῆς
2509 3797 2731 3869 πρώτης
2760 3797 2974 3870 ἡμέρας
2996 3797 3153 3869 ἔργα,
3181 3797 3377 3869 μᾶλλον
3402 3798 3459 3851 δὲ
3487 3796 3555 3851 τὰ
3583 3796 3684 3869 τῆς

2111 3891 2240 3960 μιᾶς
2259 3907 2273 3920 ·
2309 3889 2383 3960 μὴ
2412 3889 2519 3961 γὰρ
2546 3884 2638 3943 οὖν
2668 3886 2996 3959 ἀφελώμεθα
3024 3889 3194 3961 αὐτῆς
3217 3888 3277 3942 τὸ
3306 3870 3595 3960 ἀξίωμαξὸ
3622 3888 3685 3942 ἐν

2107 3984 2172 4052 τῇ
2201 3980 2359 4050 φύσει
2401 3981 2534 4051 ἔχει,
2556 3982 2708 4053 παρά
2729 3980 2822 4035 τοῦ
2853 3982 3133 4046 κτίσαντος
3161 3980 3283 4036 καθ’
3310 3981 3506 4052 ἑαυτὴν
3530 3980 3684 4034 ἑκδοι-

2110 4073 2282 4139 θεῖσα,
2312 4074 2411 4125 οὐκ
2443 4074 2502 4128 ἑν
2527 4075 2592 4144 τῇ
2641 4073 2778 4144 πρὸς
2818 4072 2918 4136 τὰς
2959 4072 3123 4135 ἄλλας
3156 4068 3402 4135 συντάξει
3443 4069 3683 4141 ἀριθμη-

2110 4165 2299 4218 Galea"
2327 4163 2468 4236 πλὴν
2489 4164 2603 4217 ἀλλ’
2629 4165 2709 4217 ὅτι
2732 4164 2800 4218 τὰ
2826 4166 2882 4217 ἐν
2912 4164 3048 4235 αὑτῇ
3078 4163 3342 4234 γενόμενα
3371 4160 3498 4232 χθὲς
3522 4158 3684 4213 ἐπελ-

2111 4256 2219 4310 θὼν
2239 4259 2267 4310 ὁ
2287 4257 2444 4326 λόγος
2473 4256 2566 4310 καὶ
2593 4254 2780 4309 διελὼν
2806 4255 2904 4326 τὴν
2931 4254 3042 4326 (72)
3060 4255 3316 4326 ἐξήγησιν
3336 4254 3449 4317 τοῖς
3476 4253 3683 4322 ἀκροωο

2115 4347 2315 4418 μένοις,
2362 4346 2459 4418 τὴν
2509 4347 2605 4418 μὲν
2645 4346 2873 4418 ἑωθινὴν
2903 4345 3107 4418 τροφὴν
3137 4345 3244 4398 τῶν
3265 4342 3470 4414 ψυχῶν,
3499 4340 3598 4412 τὴν
3622 4338 3683 4391 δὲ

1978 4541 2057 4592 ιιι,
2086 4527 2141 4579 1.

501 4693 613 4771 (6t)
647 4693 780 4771 Reg.
817 4702 1004 4749 sextus
1035 4708 1157 4748 eum
1193 4693 1345 4771 Coll}.
1377 4693 1551 4762 primo
1582 4688 2010 4771 ἀπαριθμεξται.
2040 4688 2088 4744 D
2118 4687 2273 4770 Hune
2297 4687 2526 4771 titulttm3
2561 4700 2720 4771 quem
2744 4682 3678 4771 eahibent‘q'uoqueeodieesdnogn

502 4765 616 4833 (65)
646 4764 724 4817 Ad
755 4780 992 4825 sensum,
1028 4773 1088 4815 ut
1124 4774 1271 4817 notat
1307 4759 1547 4823 Du’earus,
1585 4759 2008 4833 respexithasi-f

429 4828 551 4897 lius,
590 4828 691 4887 non
723 4837 786 4887 ad
840 4834 1024 4888 verba.
1058 4835 1148 4886 Sic
1191 4836 1353 4887 vertit
1402 4831 1720 4886 Ambrosius
1746 4848 1763 4899 7:
1811 4828 2007 4899 UIquid

432 4908 570 4958 rubis
620 4921 851 4970 quwrere
902 4904 1039 4958 diem
1078 4902 1336 4958 Domini?
1395 4904 1540 4956 lib.t
1598 4901 1653 4953 in
1720 4898 2004 4964 Ηεπαεηιη

429 4994 551 5042 νειμ.
602 4976 688 5029 10.

503 5045 613 5115 (66)
643 5046 735 5098 Sic
756 5044 906 5098 multi
935 5059 1065 5098 mss.
1095 5040 1530 5115 Desideratur_6é
1564 5041 1614 5115 in
1645 5040 1823 5115 editis.

506 5111 617 5181 (67)
651 5116 781 5183 Reg.
819 5124 1003 5184 sextus
1033 5113 1310 5184 ἐπαγάγῃ.
1352 5113 1499 5166 Colb.
1533 5111 1965 5184 ριὶιιιιιεάγάγῃ.

505 5179 615 5254 (68)
646 5187 714 5236 Ita
734 5179 885 5237 'mss.
911 5179 1177 5254 rCnmbef.
1222 5179 1343 5237 eum
1371 5193 1625 5254 ultroque
1659 5179 1823 5254 (ζώει,
1845 5179 2006 5254 μιῇ-ς-

435 5250 537 5325 ηυξ·
582 5250 871 5309 nonnullis.
907 5253 1083 5325 Etlitio
1133 5253 1308 5325 Paris.
1359 5250 1623 5325 dmﬁgxal
1654 5252 1703 5325 φῖ
1739 5251 1865 5325 περὶ
1890 5251 2005 5325 -Ῥῆς

436 5320 673 5398 ἑσπέρας
701 5326 894 5398 ἐκεῖνοι
928 5323 1094 5398 λόγοι.
1133 5324 1247 5377 lino
1267 5338 1416 5398 ΔιιιεεΙ
1441 5321 1575 5398 ἀλλὰ
1606 5320 1857 5398 γὰρικαί.
1887 5321 2007 5373 Mox

437 5391 586 5451 (ὲυιιιζ
622 5398 826 5462 primus
859 5393 1098 5464 ἑσπέρας
1128 5391 1790 5464 καταλειφθέντεςζιιιιιίθ.

510 5461 809 5534 (69)(1011).
855 5461 1058 5533 primus
1097 5464 1340 5531 φωτίσει.
1375 5462 1566 5534 Statim
1593 5461 1756 5534 Coisl.
1783 5469 2007 5529 uterque

438 5549 492 5589 et
519 5530 610 5587 alii
645 5552 745 5587 nou
794 5530 950 5602 pauci
1006 5530 1374 5605 ἀπρόσκοπον,
1416 5532 1557 5585 Editi
1603 5530 2004 5605 dt:pé_axorrtQV,

443 5605 598 5674 male.
638 5605 754 5657 Mox
790 5601 940 5657 Colb.
991 5601 1196 5672 primus
1257 5603 1409 5674 ὑμῶν
1448 5602 1878 5673 χειραγωγήσειε
1908 5601 2007 5671 τὴν

442 5673 611 5742 ζωήν.
646 5676 811 5732 Quasi
841 5691 1000 5726 manu
1024 5674 1178 5727 ducat
1217 5675 1374 5728 vitam
1409 5683 1649 5725 vestram.

516 5741 628 5812 (ΞΟ)
654 5742 749 5812 §ic
781 5753 983 5812 septem
1014 5758 1142 5798 mss.
1175 5743 1313 5796 Editi
1349 5742 1560 5812 ἡμέραν
1595 5741 1824 5812 Κυρίου.

519 5810 631 5881 (71)
654 5809 827 5865 Editio
856 5811 1029 5864 Paris.
1055 5812 1179 5882 περὶ
1199 5811 1305 5867 τῶν
1341 5809 1570 5882 πρώτων
1591 5809 1696 5885 τῇς
1715 5810 2000 5880 γενέσεως.

2114 4760 2296 4825 pauci,
2332 4753 2726 4812 emendandum
2752 4769 2872 4808 esse
2901 4762 3055 4821 putat
3084 4753 3331 4825 Ducaens,
3363 4755 3582 4825 vultque
3615 4754 3681 4806 li-

2114 4823 2324 4883 brarios
2350 4844 2418 4883 ex
2447 4826 2729 4882 oscitantia
2755 4825 3040 4895 scripsisse
3063 4823 3295 4895 πρῶτων
3316 4836 3413 4895 pro
3438 4823 3678 4893 τρόπων,

2114 4901 2179 4951 de
2210 4900 2378 4952 modis
2413 4896 2787 4967 generationis.
2830 4892 3542 4967 Verunrilliusconjectura
3582 4908 3680 4967 eo-

2115 4968 2251 5023 dicis
2280 4962 2478 5022 nullius
2524 4966 2842 5019 auctoritate
2893 4963 3180 5017 stabilitur.
3208 4962 3374 5017 Coisl.
3410 4963 3681 5018 secundus

2114 5039 2197 5110 είς
2229 5038 2299 5091 τὰ
2317 5037 2510 5110 πρῶτα
2544 5034 2980 5110 τῆς-γενέσεως,
3012 5035 3069 5086 in
3102 5034 3272 5110 primo
3302 5033 3678 5110 generationis:

2108 5108 2318 5164 Alicubi
2365 5101 2483 5161 loco
2545 5101 2983 5172 tituli'leguutur
3026 5101 3188 5156 verba
3225 5101 3541 5171 Scripturm,
3567 5101 3682 5155 Καὶ

2108 5174 2261 5231 εἶπεν
2288 5178 2316 5230 ό
2335 5178 2484 5241 Θεόςν
2504 5171 2809 5246 Γενηθήτω
2826 5171 3129 5243 στερέωμα.
3146 5171 3295 5227 Colb.
3319 5172 3527 5246 primus
3553 5172 3680 5243 περὶ

2107 5247 2202 5302 τοῦ
2239 5241 2640 5319 στερεώματος,
2750 5241 3080 5319 ﬁrmamento
3111 5256 3131 5296 :
3157 5241 3329 5319 quem
3354 5241 3683 5319 titulum_ap-

2110 5312 2388 5384 posuimus
2420 5312 2494 5371 u'ti
2530 5314 2916 5385 simpliciorem
2934 5324 2989 5366 et
3007 5313 3073 5366 ad
3093 5312 3425 5385 propositum
3444 5312 3680 5385 mattime

2113 5380 2423 5442 facientem.
2459 5380 2724 5441 Caeterum
2757 5398 2861 5437 non
2907 5391 2991 5436 est
3041 5380 3211 5451 quod'
3242 5380 3470 5436 multum
3494 5382 3679 5451 isimns

2113 5458 2325 5512 solliciti
2359 5458 2424 5513 de
2452 5457 2616 5511 titulis
2654 5456 2846 5509 harum
2890 5449 3216 5515 oratio—num,
3258 5466 3378 5505 cum
3415 5450 3507 5504 alii
3542 5449 3680 5505 alios

2112 5543 2210 5583 suo
2242 5529 2479 5595 ipsorum
2513 5527 2779 5581 arbitratu
2813 5523 3142 5595 conﬁnxisse
3167 5521 3477 5595 videantur2

2183 5586 2294 5668 (72')
2324 5597 2476 5652 Colb.
2529 5596 2740 5668 primus
2764 5608 2886 5668 cum
2924 5591 3299 5668 Reg.__quinto
3333 5586 3681 5668 xat_8tel_0c_iiv

2109 5658 2229 5738 τήν.
2276 5658 2425 5721 'Editi
2481 5658 2601 5723 cum
2632 5664 2954 5737 quibusdam
3008 5658 3147 5719 aliis
3184 5674 3315 5719 mss.
3360 5661 3456 5717 καὶ
3488 5658 3683 5717 διελὼν

2107 5740 2229 5811 τήν,
2264 5748 2425 5795 recte.
3645 5771 3648 5774 η
