4082 6218
447 346 518 405 ss
1788 354 1845 410 s.
1891 352 2134 408 BASlLll
2171 352 2387 410 MAGNI
2838 433 2884 438 ᾼ
3637 355 3705 412 56
3756 431 3792 438 Α

443 471 503 522 οι
545 461 833 533 unicuique
879 462 1128 533 subjecto
1173 470 1558 524 accommodas
1600 468 2014 536 signiﬁcationes

2125 470 2341 540 νοήσει,
2369 468 2560 522 ἔπειτα
2596 437 3251 541 μεταίτῖῖραντασθῆναι,
3291 468 3400 522 ἀπὸ
3429 468 3538 524 τῶν
3569 437 3760 522 an?”

444 557 703 626 seligens,
744 556 1036 610 enuntiat?
1069 573 1196 612 num
1232 560 1464 629 denique
1499 561 1763 616 vocalium
1793 577 2022 631 organo-

440 661 563 702 rum
615 648 923 702 tninisterio
972 649 1206 719 cogitata
1263 655 1638 718 committens,
1687 657 1761 710 ita
1805 655 2020 709 demum

441 755 541 808 per
569 740 712 794 aeris
747 740 1188 810 impressionem,
1223 745 1288 798 ad
1320 749 1469 801 vocis
1500 759 1702 801 motum
1737 746 2022 801 articulate

440 829 767 884 distinctum
816 834 1306 899 accommodatam,
1341 839 1720 906 cogitationem
1755 839 2019 892 internam

441 920 792 975 manifestat?
835 921 902 977 Et
927 925 1199 993 quomodo
1229 942 1334 981 non
1370 927 1671 983 fabulosum
1702 939 1808 992 est,
1837 931 2021 984 dicere

441 1012 610 1067 Deum
645 1015 712 1069 ad
743 1030 870 1070 suas
904 1018 1260 1086 cogitationes
1303 1020 1652 1076 declarandas
1699 1023 2020 1078 circuitione

442 1105 534 1159 tali
600 1107 874 1178 indigere?
945 1109 1135 1166 Nonne
1194 1114 1364 1182 magis
1425 1114 1572 1183 pium
1639 1123 1720 1168 est
1789 1115 2014 1179 dicere,

440 1197 769 1254 voluntatem
836 1201 1111 1266 divinam,
1182 1203 1521 1273 primumque
1607 1205 1856 1259 motionis
1941 1207 2021 1259 in-

441 1289 734 1358 telligentis
806 1292 1095 1360 impetum,
1155 1293 1388 1349 Verbum
1470 1311 1590 1349 esse
1653 1297 1790 1350 Dei?
1849 1296 2019 1350 Porro

440 1387 728 1440 verborum
800 1389 1001 1442 ambitu
1074 1390 1245 1457 ipsum
1310 1392 1594 1444 adumbrat
1673 1393 2018 1462 delineatque

443 1475 764 1546 Scriptura,
832 1489 889 1532 ut
971 1480 1298 1536 demonstret
1384 1484 1524 1552 quod
1605 1500 1708 1536 non
1791 1484 2020 1540 voluerit

443 1569 616 1623 solum
682 1570 796 1624 ﬁeri
869 1581 1209 1638 creaturam,
1270 1575 1362 1628 sed
1419 1590 1537 1628 eam
1597 1576 1758 1628 etiam
1823 1578 1874 1631 in
1935 1579 2018 1632 lu-

442 1672 558 1713 cem
592 1660 678 1714 edi
726 1674 820 1729 per
858 1663 1162 1730 quempiam
1203 1665 1383 1734 operis
1430 1666 1510 1719 sui
1555 1667 1758 1720 socium
1794 1682 1857 1722 ac
1893 1683 2019 1723 con-

441 1758 665 1805 sortem.
706 1751 922 1807 Poterat
959 1755 1123 1816 enim,
1157 1757 1231 1809 uti
1277 1757 1429 1811 initio
1466 1757 1676 1813 locutus
1718 1759 1916 1824 fuerat,
1951 1762 2016 1815 de

2123 561 2393 631 κειμένων
2418 561 2516 627 τὰς
2544 561 2752 628 οἰκείας
2788 564 2882 618 καὶ
2923 565 3221 634 προσφυεῖς
3265 562 3494 618 ἑκάστου
3530 579 3684 633 σημα

2124 652 2244 715 σίας
2269 653 2627 724 ἐκλεγόμενος
2659 655 3010 725 ἐξαγγέλλει;
3045 650 3162 706 εἶτα
3201 654 3268 722 τῇ
3297 652 3572 724 ὑπηρεσίᾳ
3595 652 3706 705 τῶν

2122 744 2446 813 φωνητικῶν
2485 745 2732 817 ὀργάνων
2789 746 3064 818 παραδοὺς
3112 744 3182 797 τὰ
3231 743 3511 813 νοηθέντα,
3561 743 3705 796 οὕτω

2120 835 2209 889 διὰ
2237 836 2337 906 τῆς
2361 837 2455 891 τοῦ
2492 838 2652 909 ἀέρος
2675 839 2990 903 τυπώσεως,
3019 837 3160 892 κατὰ
3188 836 3286 907 τὴν
3310 836 3567 907 ἔναρθρον
3603 836 3706 905 τῆς

2122 929 2308 1000 φωνῆς
2337 930 2569 1000 κίνησιν,
2597 934 2654 984 ἐν
2682 933 2758 1003 τῷ
2788 932 3016 1005 κρυπτῷ
3044 931 3223 1002 νόημα
3250 929 3527 1000 σαφηνίζει
3551 929 3661 998 (81)
3686 945 3705 993 ;

2121 1020 2234 1072 Καὶ
2274 1008 2483 1086 πῶςόὑ
2531 1023 2776 1093 μυθῶδες
2809 1026 2907 1095 τῆς
2944 1023 3202 1094 τοιαύτης
3242 1022 3488 1094 περιόδου
3521 1021 3705 1088 λέγειν

2119 1110 2210 1163 τὸν
2238 1111 2370 1165 Θεὸν
2401 1113 2623 1184 χρῄζειν
2666 1115 2802 1186 πρὸς
2833 1117 2930 1186 τὴν
2965 1117 3072 1167 τῶν
3107 1114 3404 1184 νοηθέντων
3435 1113 3702 1183 δήλωσιν;

2121 1202 2191 1254 Ἢ
2215 1203 2598 1274 εὐσεϐέστερον
2631 1205 2827 1273 λέγειν,
2854 1206 2936 1258 ὅτι
2965 1206 3024 1257 τὸ
3042 1205 3183 1257 θεῖον
3209 1204 3317 1275 (82)
3338 1203 3580 1273 βούλημα
3605 1203 3704 1254 καὶ

2119 1295 2152 1362 ἡ
2172 1292 2362 1364 πρώτη
2380 1294 2525 1366 ὁρμὴ
2545 1295 2639 1348 τοῦ
2667 1313 2750 1348 νοε
2759 1295 2852 1368 ροῦ
2871 1297 3186 1366 κινήματος,
3205 1294 3364 1366 τοῦτο
3389 1294 3555 1361 Λόγος
3582 1293 3702 1344 ἐστὶ

2118 1385 2211 1438 τοῦ
2250 1385 2417 1451 Θεοῦς
2446 1387 2776 1457 Σχῆματίζει
2808 1389 2868 1440 δὲ
2897 1387 3058 1441 αὐτὸν
3096 1386 3456 1455 διεξοδικῶςή
3486 1386 3524 1436 Γ
3529 1384 3698 1456 ραφὴ,

2120 1476 2207 1530 ἵνα
2237 1478 2406 1550 δείξῃ,
2439 1479 2520 1532 ὅτι
2550 1481 2672 1550 οὐχὶ
2700 1481 2950 1549 γενέσθαι
2979 1481 3138 1551 μόνον
3167 1478 3428 1549 ἐϐουλήθη
3461 1477 3558 1547 τὴν
3590 1478 3703 1530 κτί-

2121 1585 2225 1632 σιν,
2262 1569 2397 1623 ἀλλὰ
2427 1571 2521 1624 καὶ
2547 1570 2636 1624 διά
2662 1589 2805 1635 τινος
2835 1571 3098 1643 συνεργοῦ
3123 1570 3462 1643 παραχθῆναι
3495 1569 3701 1638 ταύτην

2118 1660 2198 1723 εἰς
2223 1661 2491 1732 γέννησιν.
2537 1661 2789 1716 Ἐδύνατο
2827 1663 2955 1735 γὰρ,
2995 1663 3068 1725 ὡς
3107 1661 3166 1726 ἐξ
3192 1662 3365 1732 ἀρχῆς
3395 1657 3532 1722 εἷπε,
3567 1662 3699 1730 περὶ

2118 1751 2334 1805 πάντων
2351 1752 2678 1817 ἐπεξελθεῖν·
2699 1754 2794 1806 Ἐν
2803 1751 2958 1821 ἀρχῇ
2972 1752 3259 1819 ἐποίησεν
3270 1754 3301 1804 ό
3317 1751 3461 1815 Θεὸς
3474 1750 3581 1804 τὸν
3595 1751 3701 1803 οὺ-

441 1842 667 1912 singulis
699 1844 922 1898 dicere:
956 1844 1023 1898 In
1078 1848 1338 1916 principio
1389 1848 1511 1915 fecit
1545 1849 1686 1903 Deus
1735 1851 1919 1905 mlum
1967 1860 2014 1906 et

2117 1843 2304 1910 ρανόν
2331 1842 2430 1896 καὶ
2449 1843 2721 1913 τὴνγνῆν·
2744 1840 2894 1897 εἶτα·
2935 1843 3212 1909 Ἐποίησε
3243 1840 3522 1911 φῶς-(85)·
3553 1836 3693 1892 εἷταο

440 1943 672 1999 tetram;
723 1935 915 1991 deinde
955 1960 964 1991 :
1001 1935 1152 1991 Fecit
1193 1940 1396 2002 lucem;
1443 1951 1553 1995 tum
1597 1961 1610 1996 :
1644 1941 1791 1997 Fecit
1835 1943 2018 2012 ﬁrma-

437 2042 514 2080 ιηι
539 2038 689 2083 unm.
723 2028 875 2084 Nunc
916 2040 1095 2084 autent
1134 2031 1299 2085 Deum
1355 2034 1710 2103 imperantem
1753 2044 1808 2090 et
1853 2035 2017 2090 collo-

437 2127 694 2186 quwtem
734 2121 996 2176 inducens
1041 2121 1345 2190 Scriptura,
1375 2125 1520 2177 illum
1553 2127 1637 2179 cui
1671 2127 1924 2196 imperat,
1962 2136 2017 2182 et

436 2223 669 2279 quocum
724 2209 986 2278 loquitur,
1046 2212 1212 2266 tacite
1275 2214 1599 2279 subindicat,
1641 2217 1839 2286 quippe
1897 2233 2016 2286 qua:

437 2297 594 2352 nobis
622 2313 727 2351 non
758 2297 999 2352 invideat
1037 2300 1426 2370 cognitionem,
1463 2305 1554 2358 sed
1588 2306 1655 2358 ad
1688 2305 2013 2361 desiderium

437 2402 540 2442 nos
599 2388 895 2454 accendat;
947 2389 1073 2442 dum
1130 2391 1314 2444 arcani
1377 2393 1599 2460 vestigia
1656 2398 1902 2463 quaedam
1951 2411 2017 2452 ac

438 2478 639 2534 indicia
693 2490 1106 2537 commonstrat.
1157 2483 1310 2550 Quod
1360 2485 1506 2539 enim
1560 2486 1750 2542 labore
1796 2498 2012 2558 partu

438 2580 544 2636 est,
575 2586 698 2625 cum
746 2572 944 2639 gaudio
985 2573 1298 2642 suscipitur,
1328 2585 1382 2630 et
1408 2576 1698 2648 diligenter
1723 2593 2015 2634 conserva-

438 2670 564 2715 tur:
597 2671 808 2728 contra,
842 2677 961 2732 quas
1004 2662 1162 2719 facile
1199 2677 1604 2734 comparantur,
1635 2685 1697 2725 ea
1730 2685 1854 2725 cum
1883 2685 2015 2726 con-

438 2759 642 2822 temptu
676 2753 1042 2823 possidentur.
1076 2753 1422 2825 Quapropter
1453 2758 1536 2811 via
1579 2760 1813 2828 quadam
1842 2770 1897 2815 et
1921 2776 2012 2815 or-

439 2841 562 2896 dine
593 2855 691 2896 nos
729 2843 794 2896 ad
842 2842 1117 2912 Uuigeniti
1164 2845 1414 2899 notitiam
1461 2849 1728 2916 perducit.
1770 2849 1835 2903 Et
1867 2859 2016 2906 certe

437 2934 611 2987 vocali
642 2949 892 2990 sermone
924 2947 1028 2989 ιιοιι
1059 2946 1174 2990 erat
1219 2953 1355 3006 opus
1403 2939 1734 3008 iucorporeze
1762 2950 2009 2998 naturae:

441 3027 877 3094 quandoquidem
924 3043 1043 3097 qua:
1093 3027 1309 3083 fuerant
1358 3031 1616 3097 cogitata,
1665 3033 1850 3087 isthaec
1889 3049 2012 3089 cum

437 3131 506 3171 eo
534 3117 625 3185 qui
661 3118 841 3186 operis
868 3119 1047 3173 socius
1075 3133 1137 3173 ac
1164 3135 1388 3175 consors
1414 3131 1550 3186 erat,
1581 3131 1832 3191 poterant
1857 3139 2008 3179 com-

440 3210 733 3264 municari.
783 3209 1142 3276 Quamobrem
1173 3227 1419 3280 quaenam
1461 3223 1581 3268 erat
1613 3216 1881 3271 sermonis
1918 3232 2013 3272 ne-

440 3302 672 3357 cessitas
703 3301 790 3367 iis,
821 3303 913 3372 qui
940 3303 1056 3372 ipsa
1088 3305 1415 3373 cogitatione
1442 3320 1501 3360 se
1532 3305 1760 3361 invicem
1791 3321 2012 3363 suorum

438 3395 790 3452 consiliorum
839 3404 1090 3465 poterant
1133 3396 1314 3452 facere
1355 3397 1688 3467 participes?
1732 3397 1868 3454 Nam
1912 3415 2014 3457 vox

439 3485 964 3560 propter‘auditum,
1014 3496 1068 3543 et
1099 3488 1312 3544 auditus
1346 3497 1561 3559 propter
1594 3504 1805 3546 vocem.
1843 3491 2014 3548 Porro

439 3578 532 3636 ubi
567 3594 672 3635 non
702 3588 786 3636 est
818 3594 932 3647 aer,
959 3595 1060 3636 nec
1092 3579 1296 3650 lingua,
1325 3597 1425 3637 nec
1457 3581 1626 3646 auris,
1660 3597 1759 3639 nec
1804 3594 2012 3642 meatus

441 3673 676 3728 intortus
709 3687 872 3729 sonos
898 3673 964 3728 ad
995 3688 1212 3728 sensum
1248 3674 1302 3727 in
1342 3675 1518 3744 capite
1547 3675 1842 3740 repositum
1873 3679 2014 3731 refe-

439 3780 566 3820 rens
597 3784 612 3819 :
646 3765 720 3824 ibi
768 3779 944 3836 neque
972 3767 1256 3820 verborum
1308 3781 1440 3820 usus
1480 3774 1566 3820 est
1597 3784 1610 3820 :
1642 3766 1734 3820 sed
1766 3782 1832 3821 ex
1852 3768 2012 3838 -ipsa,

439 3866 501 3911 ut
527 3857 600 3912 ita
633 3857 832 3921 dicam,
869 3856 1036 3910 animi
1073 3855 1401 3930 cogitatione
1441 3855 1500 3909 ﬁt
1540 3857 1838 3912 voluntatis
1867 3873 2015 3913 com-

439 3949 758 4002 municatio.
805 3949 1005 4014 Quare,
1051 3947 1192 4015 quod
1236 3945 1469 4012 aiebam,
1496 3956 1554 4001 ut
1596 3947 1662 4002 ad
1706 3949 2012 4018 inquisitio-

440 4055 563 4094 nem
593 4054 839 4108 persona:
874 4040 940 4092 ad
975 4054 1134 4108 quam
1172 4039 1264 4093 hic
1297 4054 1476 4093 sermo
1503 4039 1774 4111 dirigitur,
1802 4041 2013 4096 excita-

439 4141 590 4186 retur
622 4146 776 4185 mens
821 4139 1027 4195 nostra,
1060 4131 1340 4200 sapienter
1385 4140 1550 4200 atque
1598 4132 1733 4188 scite
1783 4131 1872 4187 illa
1928 4133 2012 4188 lo-

438 4222 636 4293 quendi
666 4221 840 4276 forma
868 4231 1128 4291 usurpata
1161 4231 1264 4277 est.

508 4313 564 4369 5.
605 4313 1024 4383 Disquirendum
1057 4321 1141 4368 est
1175 4315 1412 4369 secundo
1457 4313 1598 4381 l'oco,
1638 4331 1706 4370 an
1761 4317 1868 4375 hoc
1917 4318 2014 4375 ﬁr-

438 4417 773 4465 mamentum
804 4407 876 4463 sit
904 4406 1048 4462 aliud
1077 4406 1203 4476 quid
1232 4407 1300 4462 ab
1325 4421 1390 4462 eo
1417 4407 1579 4474 caelo,
1606 4409 1750 4478 quod
1777 4409 1831 4464 in
1857 4411 2009 4481 prin-

2131 1936 2415 2004 Ἐποίησε
2444 1936 2509 1989 τὸ
2555 1935 2878 2005 στερέωμα.
2928 1935 3041 1988 Νὐν
3075 1934 3129 1986 δὲ
3155 1934 3246 1987 τὸν
3274 1933 3404 1986 Θεὸν
3428 1933 3700 2002 προστάτ-

2115 2044 2276 2081 τοντα
2301 2029 2395 2080 καὶ
2423 2027 2801 2098 διαλεγόμενον
2835 2027 3147 2095 εἰσάγουσα,
3179 2024 3270 2078 τὸν
3292 2019 3336 2093 ᾧ
3365 2025 3695 2096 προστάσσει

2117 2117 2212 2169 καὶ
2237 2109 2280 2182 ᾧ
2303 2116 2610 2185 διαλέγεται
2650 2117 2791 2170 κατὰ
2814 2115 2875 2169 τὸ
2903 2115 3251 2186 σιωπώμενον
3292 2115 3600 2184 ὑποφαίνει,
3631 2117 3690 2167 οὐ

2119 2206 2486 2276 βασκαίνουσα
2545 2209 2677 2277 ἡμῖν
2741 2207 2842 2277 τῆς
2892 2205 3163 2275 γνώσεως,
3228 2205 3342 2258 ἀλλ’
3399 2205 3694 2259 ἐκκαίουσα

2116 2293 2265 2362 ἡμᾶς
2292 2292 2428 2364 πρὸς
2449 2293 2538 2347 τὸν
2569 2293 2753 2358 πόθον,
2791 2294 2859 2347 δι’
2890 2287 2964 2347 ὧν
2993 2294 3114 2364 ἴχνη
3151 2293 3271 2346 τινὰ
3306 2293 3401 2348 καὶ⁵
3425 2294 3694 2365 ἐμφάσεις

2117 2381 2408 2436 ὑποϐάλλει
2436 2383 2532 2437 τοῦ
2568 2383 2904 2456 ἀπορρήτου.
2935 2385 3008 2437 Τὸ
3039 2383 3146 2456 γὰρ
3181 2386 3328 2457 πόνῳ
3367 2385 3566 2456 κτηθὲν
3598 2403 3694 2438 πε-

2118 2475 2360 2548 ριχαρῶς
2396 2475 2665 2547 ὑπεδέχθη
2719 2477 2814 2531 καὶ
2865 2475 3168 2546 φιλοπόνως
3204 2477 3567 2548 διεφυλάχθη’
3617 2470 3693 2530 ὧν

2118 2567 2300 2638 μέντοι
2341 2569 2630 2640 πρόχειρος
2660 2570 2689 2621 ὁ
2724 2569 3012 2640 πορισμὸς,
3057 2568 3261 2622 τούτων
3297 2571 3330 2640 ἡ
3370 2571 3561 2642 κτῆσις
3602 2570 3695 2623 εὐ-

2114 2657 2545 2730 καταφρόνητος.
2580 2658 2678 2712 Διὰ
2699 2656 2857 2711 τοῦτο
2885 2657 2989 2728 ὁδῷ
3018 2675 3123 2711 τινι
3148 2661 3241 2712 καὶ
3267 2659 3414 2725 τάξει
3439 2661 3586 2730 ἡμᾶς
3611 2663 3692 2723 εἰς

2113 2753 2212 2823 τὴν
2241 2751 2367 2823 περὶ
2395 2750 2490 2805 τοῦ
2529 2751 2870 2821 Μονογενοῦς
2906 2751 3113 2807 ἔννοιαν
3151 2749 3508 2824 προσϐιϐάζει
3552 2751 3688 2822 (84).

2116 2845 2374 2913 Καίτοιγε
2416 2843 2509 2897 τοῦ
2547 2846 2603 2897 ἐν
2644 2847 2794 2915 φωνῇ
2825 2844 2983 2913 λόγου
3014 2846 3133 2898 οὐδὲ
3155 2844 3326 2908 οὓτως
3343 2841 3409 2916 ἦν
3438 2845 3597 2915 χρεία
3621 2847 3689 2916 τῇ

2114 2936 2388 3005 ἀσωμάτῳ
2423 2935 2616 3005 φύσει,
2644 2935 2820 2988 αὐτῶν
2847 2937 2954 2989 τῶν
2985 2937 3283 3008 νοηθέντων
3316 2937 3691 3008 μεταδίδοσθαι

2113 3025 2426 3097 δυναμένων
2465 3025 2545 3095 τῷ
2588 3026 2957 3098 συνεργοῦντι.
3002 3028 3161 3081 Ὥστε
3199 3029 3282 3091 τίς
3324 3028 3482 3099 χρεία
3527 3028 3691 3096 λόγου

2113 3121 2224 3182 τοῖς
2250 3118 2568 3189 δυναμένοις
2595 3119 2653 3185 ἐξ
2679 3118 2844 3172 αὐτοῦ
2870 3119 2963 3173 τοῦ
2998 3121 3266 3190 νοήματος
3294 3123 3572 3174 κοινωνεῖν
3596 3120 3694 3174 ἀλ-

2115 3211 2295 3284 λήλοις
2320 3211 2426 3265 τῶν
2473 3210 2889 3282 βουλευμάτων;
2919 3211 3074 3283 Φωνὴ
3119 3213 3217 3284 μὲν
3255 3212 3362 3282 γὰρ
3393 3212 3459 3264 δι’
3494 3213 3690 3290 ἀκοὴν,

2117 3304 2209 3358 καὶ
2261 3301 2398 3375 ἀκοὴ
2445 3302 2631 3372 φωνῆς
2683 3303 2901 3356 ἕνεκεν·
2947 3306 3082 3357 ὅπου
3144 3303 3201 3356 δέ
3248 3304 3348 3358 οὐκ
3389 3304 3516 3375 ἀὴρ,
3566 3291 3770 3376 alii?“

2113 3395 2354 3466 γλῶσσα,
2390 3395 2510 3465 οὐχὶ
2551 3391 2666 3459 οὓς,
2702 3395 2761 3448 οὐ
2815 3397 2983 3467 πόρος
3015 3395 3224 3459 σκολιὸς
3260 3396 3352 3448 ἐπὶ
3379 3397 3479 3468 τὴν
3521 3398 3580 3450 ἐν
3619 3400 3689 3469 τῇ

2115 3486 2324 3557 κεφαλῇ
2356 3485 2703 3556 συναίσθησιν
2728 3486 3018 3558 ἀναφέρων
3035 3487 3160 3549 τοὺς
3180 3486 3405 3556 ψόφους,
3431 3488 3548 3540 ἐκεῖ
3569 3485 3692 3541 οὐδὲ

2117 3579 2375 3652 ῥημάτων
2414 3577 2593 3648 χρεία,
2622 3577 2734 3631 ἀλλ’
2768 3577 2826 3645 ἐξ
2853 3578 3053 3641 αὐτῶν,
3091 3578 3166 3641 ὡς
3189 3579 3254 3631 ἂν
3277 3580 3417 3632 εἴποι
3445 3578 3555 3649 (85)
3578 3597 3688 3644 τις,

2113 3671 2221 3724 τῶν
2245 3673 2301 3723 ἐν
2330 3669 2535 3741 καρδίᾳ·
2559 3670 2847 3740 νοημάτων
2876 3671 2970 3724 τοῦ
2995 3670 3298 3741 θελήματος
3321 3673 3353 3740 ή
3385 3671 3686 3742 μετάδοσις.

2117 3765 2295 3836 Ὅπερ
2329 3758 2422 3817 οὖν
2465 3763 2621 3835 ἔφην,
2667 3763 2807 3817 ὥστε
2847 3763 3198 3833 διαναστῆναι
3229 3763 3320 3816 τὸν
3367 3763 3491 3817 νοῦν
3530 3762 3691 3834 ήμῶν

2117 3858 2254 3928 πρὸς
2275 3857 2372 3928 τὴν
2401 3855 2628 3928 ἔρευναν
2650 3853 2744 3908 τοῦ
2773 3855 3064 3927 προσώπου
3095 3854 3229 3925 πρὸς
3255 3854 3313 3906 ὃν
3343 3856 3391 3908 oi
3417 3855 3582 3924 λόγοι,
3607 3873 3696 3908 σο-

2116 3949 2231 4018 φῶς
2257 3951 2349 4002 καὶ
2375 3947 2634 4017 ἐντέχνως
2655 3947 2716 4000 τὸ
2742 3948 2925 4019 σχῆμα
2945 3947 3104 4000 τοῦτο
3117 3945 3214 4015 τῆς
3236 3946 3516 4000 διαλέκτου
3544 3964 3691 4019 παρ-

2114 4041 2392 4112 είληπται.

2187 4314 2240 4368 5.
2280 4311 2542 4384 Δεύτερόν
2595 4313 2743 4367 ἐστιν
2784 4313 3054 4378 ἐξετάσαι,
3096 4314 3143 4367 εί
3183 4313 3367 4385 ἕτερον
3403 4312 3550 4385 παρὰ
3595 4311 3691 4366 τὸν

2116 4405 2174 4458 ἐν
2203 4405 2345 4476 ἀρχῇ
2383 4405 2747 4475 πεποιημένον
2772 4405 3001 4476 οὐρανὸν
3033 4405 3094 4458 τὸ
3135 4405 3422 4476 στερέωμα
3453 4402 3629 4466 τοῦτο,
3659 4404 3689 4456 ὅ

438 4502 582 4570 cipio
605 4499 807 4554 factum
840 4498 1016 4552 fuerat
1042 4517 1055 4552 :
1083 4499 1227 4567 quod
1256 4498 1428 4566 ipsum
1458 4497 1644 4552 itidem
1679 4499 2005 4570 appellatum

2117 4495 2206 4550 καὶ
2235 4495 2365 4548 αὐτὸ
2395 4494 2667 4566 ἐπεκλήθη
2701 4495 2949 4566 οὐρανὸς,
2984 4497 3078 4549 καλ¹
3101 4499 3148 4549 εἰ
3170 4496 3303 4560 ὅλως
3325 4496 3540 4567 οὐρανοὶ
3560 4494 3653 4548 δύο
3671 4511 3685 4525 ·

437 4595 509 4650 sit
538 4592 754 4657 coelum,
772 4591 878 4655 vel,
909 4599 1086 4643 utrum
1105 4589 1211 4643 duo
1230 4589 1447 4644 omnino
1470 4588 1578 4643 sint
1609 4590 1756 4644 caeli.
1786 4590 1892 4646 Sed
1919 4591 2011 4660 qui

439 4685 506 4739 de
538 4683 677 4738 ctelo
708 4682 1012 4736 disseruere
1035 4679 1359 4750 philosophi,
1383 4680 1636 4734 amittere
1654 4679 1866 4750 linguas
1884 4695 2010 4736 suas

439 4773 649 4838 malint,
674 4788 834 4842 quam
869 4772 921 4826 id
955 4785 1053 4827 ceu
1078 4785 1262 4825 verum
1295 4769 1598 4825 admittere.
1624 4769 1837 4825 Ponunt
1861 4771 2008 4826 enim

438 4865 634 4920 coelum
655 4879 820 4919 unum
835 4877 974 4931 esse,
991 4877 1090 4917 nec
1104 4861 1220 4930 ejus
1231 4876 1353 4917 esse
1370 4869 1595 4928 naturae,
1614 4869 1671 4916 ut
1692 4863 2008 4928 secundum,

438 4964 530 5010 aut
551 4955 788 5020 .ertium,
811 4962 903 5008 aut
919 4953 1195 5023 multiplex
1211 4952 1261 5007 ei
1281 4951 1521 5017 accedat,
1541 4967 1686 5018 cum,
1715 4960 1772 5007 ut
1792 4961 2004 5023 putant,

441 5055 552 5105 tota
577 5046 819 5103 caelestis
845 5045 1091 5115 corporis
1118 5043 1417 5101 substantia
1452 5045 1519 5099 ad
1547 5043 1766 5102 unicum
1798 5044 2005 5102 consti-

511 5275 803 5352 (8!)_Colb.
836 5275 1043 5352 primus
1071 5270 1446 5352 σαφηνίζεται.
1790 5347 1800 5352 Δ
1871 5337 1906 5352 ’Δ
1972 5349 1975 5352 _

510 5337 624 5418 (82)
652 5349 727 5402 Ita
768 5337 1006 5416 quinque
1054 5337 1368 5400 mss.'Editi
1396 5357 1517 5398 cum
1568 5355 1676 5395 uno
1714 5347 1808 5393 aut
1838 5337 2010 5393 altero

440 5434 544 5474 ms.
581 5419 644 5472 τὸ
665 5419 830 5474 ὅσιον.

460 5557 470 5559 _
514 5488 627 5559 (83)
669 5489 744 5542 Ita
773 5488 993 5559 codices,
1021 5492 1250 5559 septem.
1284 5483 1444 5559 Illud,
1468 5477 1588 5559 εἷτα
1624 5480 1852 5559 ἐποίησε
1865 5480 2011 5559 φῶς,

443 5552 783 5613 desideratur
828 5559 885 5612 in
937 5552 1113 5611 editis.
1148 5553 1279 5608 Mox-
1318 5553 1483 5608 editio
1521 5552 1681 5605 Dasil.
1712 5567 1832 5605 cum
1865 5552 2019 5606 Bodl.

444 5635 503 5679 et
545 5643 666 5680 cum
713 5628 958 5690 pluribus
1007 5627 1132 5679 aliis
1183 5639 1314 5677 mss.
1370 5619 1902 5694 προστάσσειν-Ναὶ
1946 5622 2021 5694 ita

449 5697 623 5764 multo
643 5706 765 5762 post
793 5712 924 5748 voce
956 5695 1295 5764 ἀπορρήτου,
1336 5690 1538 5764 arcani,
1587 5691 1844 5757 intelligit
1870 5690 2025 5764 Basi-

2113 4586 2248 4656 ὂπερ
2281 4586 2327 4636 oi
2358 4584 2427 4636 τὰ
2462 4584 2590 4654 περὶ
2609 4583 2838 4655 οὐρανοῦ
2872 4585 3327 4658 φιλοσοφήσαντες
3355 4587 3465 4656 (86)
3497 4587 3688 4640 ἐλοιντ’

2113 4674 2181 4731 ἂν
2215 4673 2414 4745 μᾶλλον
2442 4673 2540 4736 τὰς
2564 4673 2814 4742 γλώσσας
2835 4675 3115 4747 προέσθαι,
3143 4677 3175 4748 ἢ
3198 4677 3273 4740 ὡς
3295 4677 3490 4748 ἀληθὲς
3517 4695 3690 4748 παρα-

2117 4766 2387 4831 δέξασθαι.
2433 4767 2569 4820 "Eva
2613 4767 2721 4839 γὰρ
2767 4769 3111 4843 ὑποτίθενται
3158 4771 3411 4843 οὐρανὸν,
3459 4774 3552 4826 καὶ
3588 4775 3689 4827 οὐκ

2116 4854 2260 4926 ἔχειν
2290 4855 2437 4926 αὐτῷ
2466 4856 2625 4924 φύσιν
2645 4896 2659 4920 ,
2689 4837 2938 4929 δεύτερον
2956 4897 2970 4922 ,
2999 4859 3031 4930 ἢ
3061 4837 3259 4932 ’τρίτον
3279 4902 3293 4926 ,
3328 4863 3360 4920 ἢ
3400 4862 3688 4916 πολλοστὸν

2115 4946 2531 5018 προσγενέσθαι,
2559 4946 2740 5019 πάσης
2767 4948 2870 5018 τῆς
2889 4949 3074 5013 οὐσίας
3103 4949 3197 5003 τοῦ
3219 4951 3468 5022 οὐρανίου
3503 4951 3679 5021 σώμα-

2112 5057 2204 5104 τος
2225 5042 2304 5104 εἰς
2351 5039 2453 5111 τὴν
2497 5039 2591 5093 τοῦ
2635 5040 2751 5106 ἐνὸς
2801 5041 3060 5096 σύστασιν
3096 5043 3562 5116 ἁπαναλωθείσης,
3612 5046 3687 5109 ὡς

2188 5265 2302 5338 (84)
2330 5265 2464 5338 Reg.
2507 5281 2715 5333 prtmus
2760 5281 2880 5320 cum
2913 5266 3065 5338 C_olb.
3101 5268 3277 5330 primo
3311 5266 3652 5338 προϐιϐάζει.

2333 5336 2429 5409 δῖα
2471 5347 2686 5409 δοριιξῐηΔ
2743 5352 2871 5390 mss.
2927 5336 3067 5390 Editi
3098 5337 3173 5401 ὡς
3211 5338 3275 5390 ἂν
3299 5336 3448 5409 εἴπῃ.
3489 5340 3686 5409 Ibidem

2119 5405 2272 5480 Regii
2305 5406 2537 5480 primus,
2567 5405 2777 5480 tertius,
2803 5417 3029 5480 quartus
3053 5419 3107 5480 et
3128 5409 3350 5480 quintus
3377 5405 3434 5480 ἕν
3465 5408 3685 5480 καρδίᾳ.

2119 5476 2260 5532 Editi
2281 5491 2422 5550 cum
2444 5476 2730 5550 aliquibus
2750 5492 2880 5550 mss.
2902 5476 3018 5550 sibi;
3048 5477 3374 5550 ἐγκαρδίων.
3403 5476 3684 5547 Regiaes-

2124 5557 2208 5601 tus
2229 5545 2344 5618 τῷν
2370 5545 2669 5618 ἐγκαρδίων
2709 5545 3048 5618 θελημάτων.

2197 5617 2308 5687 (86)
2337 5615 2521 5687 ίϐοἰὺέ
2574 5619 2778 5684 primus
2809 5615 3242 5686 φιλοσοφοῦντες.
3298 5615 3491 5672 Statim
3533 5616 3685 5670 Bodl.

2130 5700 2249 5759 cum
2290 5686 2422 5759 aliis
2454 5687 2661 5759 duobus
2701 5702 2831 5744 mss.
2881 5687 2956 5750 ὡς
3009 5687 3244 5759 άληθῶς.
3287 5688 3490 5747 Ibidem
3531 5687 3686 5746 Colb.

450 5764 555 5816 lius
587 5753 839 5835 Verbum,
871 5766 1021 5835 quasi
1056 5753 1198 5818 Déu's
1246 5753 1367 5816 cum
1419 5753 1592 5818 Verbo
1646 5763 1698 5816 in
1747 5753 2014 5818 condendc

2132 5757 2337 5814 primus
2367 5753 2744 5816 ὐποδέξασθαι.

453 5833 652 5888 mundo
685 5832 872 5887 fuisset
898 5833 1209 5888 collocutus.
