4082 6218
362 367 432 422 57
1491 356 1780 415 HOMILIA
1818 356 1885 411 lll
1925 354 1992 409 1N
2035 352 2532 409 HEXAEMERON.
3543 353 3618 413 58

360 487 580 540 οῐονται.
621 483 718 537 Ἐν
746 482 855 555 γάρ
899 498 1031 552 φασι
1073 479 1186 551 (87)
1215 479 1276 534 τὸ
1316 478 1710 552 κυκλοφορικὸν
1755 479 1936 550 σῶμα,

2049 472 2304 527 tuendum
2333 471 2497 526 fuerit
2537 478 2874 541 consumpta.
2901 469 3110 526 Etenim
3131 485 3326 544 corpus
3347 473 3400 530 in
3425 475 3612 530 orbem

361 578 456 632 καὶ
498 575 657 630 τοῦτο
696 574 1114 648 πεπερασμένον
1133 591 1146 605 ο
1176 573 1316 644 ὅπερ
1341 574 1390 625 εί
1410 572 1840 643 συναπὴρτισται
1863 571 1941 643 τῷ

360 669 561 743 πρώτῳ
597 668 844 740 οὐρανῷ,
878 667 1042 739 μηδὲν
1081 664 1467 720 ὑπολείπεσθαι
1513 664 1650 736 πρὸς
1685 664 1939 735 δευτέρου

362 761 391 832 ἦ
437 761 620 832 τρίτου
663 760 897 828 γένεσιν.
939 758 1126 812 Ταῦτα
1165 758 1263 829 μὲν
1285 752 1377 810 οὖν
1405 758 1455 810 οἱ
1491 755 1622 828 ὕλην
1651 756 1942 828 ἀγέννητον

360 852 740 920 ἐπεισάγοντες
790 850 867 923 τῷ
912 850 1228 922 δημιουργῷ
1285 849 1678 918 φαντάζονται,
1733 851 1796 901 ἐκ
1846 849 1943 918 τῆς

359 943 582 1015 πρώτης
629 943 953 1014 μυθοποιίας
989 943 1126 1016 πρὸς
1170 943 1230 996 τὸ
1273 941 1562 996 ἀκόλουθον
1589 941 1781 1011 ψεῦδος
1810 940 1943 994 ὑπο-

359 1037 652 1106 φερόμενοι
681 1035 830 1106 (88)·
865 1038 1026 1106 ἡμεῖς
1060 1036 1118 1088 δέ
1159 1034 1415 1106 ἀξιοῦμεν
1445 1034 1570 1097 τοὺς
1606 1032 1715 1086 τῶν
1756 1031 1944 1102 Ἐλλή-

363 1141 462 1177 νων
491 1125 690 1193 σοφοὺς
736 1125 811 1196 μὴ
856 1125 1119 1196 πρότερον
1157 1125 1307 1196 ἡμᾶς
1345 1121 1768 1194 καταχλευάζειν
1816 1122 1944 1192 πρὶν

361 1217 426 1270 τὰ
460 1217 596 1288 πρὸς
631 1217 896 1287 ἀλλήλους
941 1216 1251 1271 διάθωνται.
1292 1217 1414 1270 Εἰσὶ
1445 1215 1554 1287 γὰρ
1582 1217 1641 1270 ἐν
1681 1215 1863 1279 αὐτοῖς
1895 1212 1946 1268 οἳ

363 1309 618 1380 ἀπείρους
645 1309 908 1380 οὐρανοὺς
929 1310 1023 1362 καὶ
1056 1309 1296 1379 κόσμους
1329 1303 1467 1361 εἶναί
1494 1325 1680 1377 φασιν,
1709 1325 1784 1362 ων
1817 1308 1946 1361 ὅταν

362 1399 732 1468 ἁπελέγξωσιν
755 1399 816 1453 τὸ
843 1399 1107 1454 ἀπίθανον
1131 1401 1179 1453 οἱ
1205 1398 1656 1470 ἐμϐριθεστέραις
1675 1401 1798 1462 ταῖς
1812 1398 1948 1451 ἀπο-

363 1491 555 1556 δείξεσι
588 1491 892 1561 χρώμενοι,
930 1493 1025 1546 καὶ
1070 1494 1191 1555 ταῖς
1241 1493 1645 1562 γεωμετρικαῖς
1679 1491 1948 1559 ἀνάγκαις

364 1583 668 1652 συστήσωσι
715 1581 789 1654 μὴ
829 1582 972 1653 ἔχειν
1006 1582 1165 1651 φύσιν
1211 1583 1369 1638 ἄλλον
1410 1582 1638 1654 οὐρανὸν
1670 1581 1944 1650 γενέσθαι,

365 1674 512 1745 παρὰ
537 1673 626 1726 τὸν
655 1673 774 1736 ἕνα,
799 1674 921 1726 τότε
965 1673 1058 1727 καὶ
1082 1673 1192 1744 (89)
1229 1674 1430 1744 μᾶλλον
1465 1671 1947 1742 καταγελασόμεθα

369 1766 462 1836 τῆς
494 1767 819 1837 γραμμικῆς
856 1767 950 1821 καὶ¹
969 1767 1220 1836 ὲντέχνου
1250 1766 1428 1820 αὐτῶν
1474 1766 1759 1838 φλυαρίας,
1788 1768 1946 1839 εἴπερ

1861 1655 2008 1666 -ο-υ

366 1835 986 1929 δρῶντες-πομφόλυγας
1027 1835 1123 1908 διάί
1155 1854 1256 1924 τῆς
1287 1854 1480 1925 ὁμοίας
1515 1835 1696 1916 αἰτίας
1736 1835 1948 1921 γινομέ·
1976 1835 2018 1888 Β

370 1966 459 2012 νας
489 1948 616 2018 μίαν
639 1965 698 2000 τε
736 1948 825 2000 καὶ
853 1947 1075 2010 πολλὰς,
1108 1945 1227 2000 εἶτα
1264 1945 1667 2017 ἀμφιϐάλλουσι
1696 1944 1825 2015 περὶ
1853 1945 1946 1996 οὺ-

369 2037 543 2108 ρανῶν
583 2036 880 2104 πλειόνων,
910 2039 958 2090 εί
999 2037 1222 2110 ἐξαρκεῖ
1266 2037 1465 2100 αὐτοὺς
1507 2037 1542 2107 ἡ
1584 2033 1947 2106 δημιουργικὴ

315 2127 320 2131 ’
367 2128 594 2198 δύναμις
623 2130 966 2198 παραγαγεῖν
1008 2130 1088 2192 εἰς
1125 2127 1186 2181 τό
1218 2122 1379 2181 εἶναι.
1411 2120 1511 2178 Ὧν
1542 2125 1635 2197 τὴν
1663 2127 1814 2196 ίσχὺν
1855 2124 1950 2178 καὶ

367 2221 424 2272 τὸ
449 2203 676 2291 μέγεθος
709 2221 862 2275 οὐδὲν
885 2219 1166 2293 ἡγούμεθα
1191 2221 1468 2292 διαφέρειν
1494 2219 1596 2290 τῆς
1635 2218 1824 2288 κοίλης
1865 2235 1950 2271 νο-

366 2312 505 2374 τίδος
527 2313 625 2382 τῆς
649 2314 861 2386 ὑπερφυ
871 2313 1120 2384 σωμένης
1143 2316 1202 2367 ἐν
1226 2316 1339 2378 τοῖς
1365 2314 1632 2385 κρουνοῖς,
1659 2313 1788 2365 ὅταν
1814 2310 1950 2382 πρὸς

366 2406 459 2477 τὴν
498 2406 768 2477 ὑπεροχὴν
800 2407 899 2476 τῆς
926 2405 1023 2458 τοῦ
1049 2405 1184 2458 Θεοῦ
1209 2405 1494 2476 δυνάμεως
1528 2403 1946 2474 ἀποϐλέψωμεν.

367 2496 526 2548 Ὥστε
560 2495 963 2564 καταγέλαστος
996 2497 1178 2558 αὐτοῖς
1213 2496 1324 2564 (90)
1358 2498 1386 2548 ὁ
1417 2496 1512 2548 τοῦ
1563 2494 1826 2548 ἀδυνάτου
1864 2492 1952 2544 λὸ-

366 2601 477 2652 γος.
525 2587 714 2656 Ἡμεῖς
745 2586 800 2638 δέ
843 2587 1095 2640 τοσοῦτον
1133 2586 1408 2655 ἀπέχομεν
1440 2585 1518 2656 τῷ
1560 2585 1796 2656 δευτέρῳ
1820 2587 1949 2637 ἀπι-

368 2681 530 2742 στεῖν,
565 2678 703 2731 ὥστε
734 2679 828 2733 καὶ
855 2680 945 2732 τὸν
971 2680 1152 2752 τρίτον
1181 2680 1571 2752 ἐπιζητοῦμεν,
1599 2673 1660 2732 οὗ
1693 2679 1794 2748 τῆς
1822 2677 1950 2740 θέας

367 2773 392 2824 ὁ
423 2771 688 2842 μακάριος
718 2771 930 2836 Παῦλος
961 2771 1071 2842 (91)
1101 2772 1329 2842 ἠξιώθη.
1375 2773 1433 2825 '0
1472 2773 1529 2824 δὲ
1555 2771 1768 2840 ψαλμὸς
1788 2809 1801 2830 ,
1835 2771 1952 2821 ὀνο-

369 2862 555 2934 μὰζων
580 2864 841 2933 οὐρανοὺς
867 2864 1130 2934 οὐρανῶν,
1165 2864 1258 2917 καὶ
1288 2864 1549 2917 πλειόνων
1584 2865 1714 2932 ἡμῖν
1743 2861 1950 2913 ἔννοιαν

367 2955 701 3026 ἐνεποίησεν.
739 2957 813 3008 Οὐ
855 2956 1025 3027 δήπου
1077 2955 1134 3008 δὲ
1177 2955 1350 3009 ταῦτα
1398 2954 1806 3025 παραδοξότερα
1842 2951 1951 3004 τῶν

366 3046 506 3100 ἑπτὰ
526 3047 759 3103 κύκλων.
789 3047 909 3100 καθ’
937 3041 1012 3100 ὧν
1041 3047 1089 3100 οἱ
1123 3048 1265 3100 ἐπτά
1299 3048 1527 3117 ἀστέρες
1569 3045 1754 3116 σχεδὸν
1800 3045 1953 3115 παρὰ

367 3139 580 3192 πάντων
627 3137 930 3209 συμφώνως
969 3138 1356 3209 ὁμολογοῦνται
1411 3138 1695 3208 φέρεσθαι.
1738 3135 1829 3199 οὓς
1856 3145 1952 3196 καὶ

367 3233 696 3304 ἐνηρμόσθαι
729 3233 889 3303 φασὶν
912 3235 1086 3305 ἑτέρῳ
1111 3234 1202 3286 τὸν
1230 3234 1438 3304 ἕτερον,
1475 3232 1618 3286 κατὰ
1643 3231 1741 3302 τὴν
1767 3231 1950 3284 εἰκόνα

367 3329 472 3380 τῶν
510 3325 685 3378 κάδων
723 3326 829 3378 τῶν
855 3327 934 3388 εἰς
969 3325 1231 3394 ἀλλήλους
1270 3324 1678 3395 ὲμδεϐηκότων.
1713 3322 1950 3387 Τούτους

367 3415 422 3469 δὲ
442 3416 539 3486 τὴν
564 3417 811 3469 ἐναντίαν
848 3416 928 3486 τῷ
954 3419 1116 3469 παντὶ
1159 3417 1492 3487 φερομένους
1523 3416 1634 3485 (92)
1654 3458 1667 3479 ,
1702 3432 1950 3487 περισχι-

368 3507 594 3577 ζομένου
631 3508 725 3560 τοῦ
758 3507 972 3579 αἰθέρος
995 3510 1198 3572 αὐτοῖς,
1222 3507 1416 3578 εὓηχόν
1443 3526 1564 3562 τινα
1596 3509 1689 3562 καὶ
1721 3509 1952 3579 ἐναρμό-

367 3617 476 3652 νιον
515 3599 819 3652 ἀποδιδόναι
855 3601 1126 3669 φθόγγον,
1179 3600 1317 3654 ὥστε
1349 3603 1530 3654 πᾶσαν
1564 3601 1664 3672 τὴν
1712 3603 1771 3656 ὲν
1823 3601 1950 3672 μελ-

366 3692 554 3762 ῳδίαις
587 3691 778 3764 ἡδονὴν
804 3693 1183 3764 ὑπερϐάλλειν.
1209 3689 1342 3745 Εἶτα
1368 3693 1587 3747 ἐπειδὰν
1607 3694 1704 3765 τὴν
1735 3693 1822 3748 διὰ
1848 3695 1950 3764 τῆς

365 3781 672 3854 αἰσθήσεως
714 3784 896 3837 πίστιν
927 3786 977 3837 οἱ
1024 3785 1198 3838 ταῦτα
1225 3785 1473 3853 λέγοντες
1510 3785 1870 3852 ἀπαιτῶνται,
1895 3785 1948 3838 τί

365 3893 560 3948 tractv;
591 3877 714 3931 Ὅτι
733 3877 819 3932 διὰ
845 3877 943 3948 τὴν
960 3879 1019 3943 ἐξ
1040 3879 1216 3948 ἀρχῆς
1241 3878 1529 3949 συνήθειαν
1573 3879 1712 3950 πρὸς
1736 3879 1828 3932 τὸν
1853 3879 1950 3949 ψό-

366 3987 466 4039 φον
519 3972 584 4023 ἐκ
630 3969 856 4042 πρώτης
901 3971 1170 4040 γενέσεως
1205 3969 1611 4035 συνεθισθέντες
1655 3970 1838 4042 αὐτῷ,
1885 3973 1950 4024 ἐκ

365 4062 566 4133 πολλῆς
611 4064 709 4133 τῆς
759 4064 887 4137 περὶ
931 4063 992 4117 τὸ
1029 4063 1250 4117 ἀκούειν
1295 4063 1528 4133 μελέτης
1569 4063 1666 4134 τὴν
1699 4063 1950 4134 αἴσθησιν

364 4156 730 4228 ἀφῃρήμεθαο
767 4156 958 4227 ῶσπερ
995 4158 1045 4209 ei
1077 4159 1134 4210 ἐν
1173 4160 1286 4220 τοῖς
1309 4157 1581 4227 χαλκείοις
1619 4157 1856 4226 συνεχῶς
1880 4155 1950 4209 τά

365 4241 482 4300 ὦτα
507 4248 987 4318 κατακρουόμενοι.
1009 4244 1107 4302 Ὧν
1133 4249 1193 4303 τὸ
1219 4250 1608 4319 σεσοφισμένον
1633 4249 1726 4302 καὶ
1751 4247 1948 4318 σαθρὸν

367 4339 680 4409 διελέγχειν,
728 4338 898 4405 οὕτως
942 4342 1182 4411 ἐναργῶς
1240 4344 1306 4395 ὲκ
1341 4341 1564 4410 πρώτης
1601 4341 1770 4412 ἀκοῆς
1813 4342 1948 4394 πᾶσι

369 4433 847 4503 καταφαινόμενον,
879 4437 980 4487 οὑκ
1022 4435 1168 4487 ἐστιν
1203 4433 1396 4504 ἀνδρὸς
1423 4432 1546 4486 οὔτε
1584 4433 1776 4505 χρόνου
1815 4433 1949 4486 εἰδό-

2043 563 2154 636 24
2180 565 2590 627 circumactum,
2619 579 2781 618 unum
2805 577 2926 618 esse
2946 564 3118 632 aiunt,
3145 563 3382 638 illudque
3403 565 3613 622 ﬁnitum

2047 671 2168 711 esse
2200 671 2213 707 :
2255 657 2398 726 quod
2431 669 2562 710 sane
2595 657 2641 709 si
2674 654 2896 709 omnino
2927 654 3261 726 insumptum
3295 666 3378 712 est
3414 658 3481 713 ad
3510 659 3619 728 pri-

2047 770 2194 810 mum
2243 753 2441 807 malum
2487 749 2918 816 conliciendum,
2967 766 3306 822 consequens
3351 751 3516 807 fuerit
3558 759 3619 806 ut

2049 845 2180 900 nihil
2211 844 2322 914 jam
2346 845 2412 898 ad
2447 843 2669 899 secundi
2705 843 2788 896 vel
2824 844 2970 897 tertii
2994 846 3404 913 generationem
3429 860 3620 915 super-

2047 939 2140 992 sit.
2171 936 2296 992 Haec
2316 935 2534 1005 quidem
2568 933 2798 1004 ﬁngunt,
2835 932 2926 1002 qui
2957 933 3134 1003 Opiﬁci
3168 936 3465 1006 ingenitam
3499 949 3618 990 ma-

2049 1029 2237 1084 teriam
2272 1028 2711 1092 subministrant,
2746 1042 2813 1082 ex
2845 1026 2950 1080 hoc
2992 1027 3168 1096 primo
3199 1039 3506 1084 commento
3539 1027 3620 1082 fa-

2047 1119 2238 1174 buloso
2260 1119 2327 1175 ad
2355 1120 2696 1190 subsequens
2718 1118 3058 1174 mendacium
3089 1118 3292 1188 delapsi
3319 1137 3333 1173 :
3363 1135 3462 1175 nos
3489 1132 3622 1176 vero

2047 1211 2360 1268 Graecorum
2389 1211 2663 1280 sapientes
2687 1226 2966 1280 rogamus,
2998 1218 3057 1265 ut
3088 1226 3156 1265 ne
3185 1211 3340 1280 prius
3367 1227 3466 1268 nos
3497 1212 3623 1267 irri-

2047 1305 2228 1370 deant,
2264 1320 2423 1374 quam
2463 1305 2603 1360 inter
2633 1319 2694 1358 se
2731 1304 3104 1360 convenerint.
3137 1303 3276 1358 Sunt
3305 1305 3448 1360 enim
3479 1307 3625 1360 inter

2049 1399 2216 1469 ipsos,
2260 1398 2352 1468 qui
2396 1397 2564 1452 ctelos
2597 1407 2651 1452 et
2692 1396 2924 1450 mundos
2965 1397 3120 1450 aiunt
3165 1410 3286 1451 esse
3317 1395 3561 1452 inﬁnitos
3604 1411 3622 1450 :

2049 1507 2277 1561 quorum
2332 1506 2454 1546 cum
2507 1491 2738 1559 ineptias
2771 1490 3148 1559 redarguerint
3204 1491 3264 1556 ii,
3315 1489 3406 1559 qui
3441 1506 3628 1561 argu-

2049 1585 2245 1639 mentis
2278 1593 2505 1638 utuntur
2541 1582 2906 1652 gravioribus,
2944 1592 3108 1653 atque
3141 1583 3488 1654 geometricis
3533 1585 3628 1638 de-

2055 1673 2537 1727 monstrationibus
2571 1673 2922 1740 probat-crint
2961 1674 3012 1727 id
3052 1684 3261 1728 naturae
3294 1689 3622 1744 repugnare,

2053 1775 2112 1820 ut
2136 1765 2333 1820 calum
2379 1765 2520 1818 aliud
2559 1776 2756 1833 pra-ter
2791 1781 2952 1819 unum
3004 1765 3130 1830 ﬁat;
3176 1773 3303 1820 tunc
3337 1781 3526 1820 eorum
3562 1767 3628 1821 li-

2050 1873 2244 1914 neares
2281 1856 2703 1926 artiﬁcialesque
2735 1874 2911 1928 nugas
2945 1859 3108 1912 etiam
3147 1860 3318 1929 magis
3357 1860 3629 1915 deridebi-

2051 1965 2190 2004 mus.
2227 1948 2504 2018 Siquidem
2537 1950 2638 2003 etsi
2671 1949 2741 2003 ob
2769 1950 3000 2004 similem
3035 1966 3254 2005 causam
3292 1951 3408 2006 ﬁeri
3446 1954 3629 2008 vident

2048 2043 2167 2096 sive
2191 2056 2376 2107 unam,
2404 2041 2520 2095 sive
2547 2041 2745 2094 multas
2776 2041 2970 2106 bullas,
3015 2043 3370 2098 nihilominus
3405 2043 3474 2098 de
3513 2058 3628 2098 ca:-

2049 2134 2220 2189 lorum
2263 2132 2612 2188 multitudine
2661 2134 2930 2197 dubitant,
2973 2150 3041 2187 an
3090 2144 3334 2203 potestas
3379 2133 3627 2190 effectrix

2051 2243 2146 2284 eos
2183 2228 2237 2282 in
2267 2227 2439 2281 lucem
2465 2227 2628 2280 edere
2665 2227 2923 2295 potuerit.
2955 2225 3197 2290 Quorum
3233 2229 3398 2282 robur
3425 2243 3488 2280 ac
3513 2243 3629 2281 ma-

2049 2320 2412 2390 gnltudinem,
2451 2333 2575 2373 cum
2620 2317 2688 2372 ad
2725 2318 2922 2372 divinae
2961 2317 3217 2386 potentiae
3255 2322 3628 2388 praestantiam

2053 2414 2396 2482 respicimus,
2435 2415 2502 2468 ab
2532 2428 2597 2468 eo
2631 2415 2860 2467 humore
2899 2424 3143 2466 concavo
3175 2411 3268 2480 qui
3301 2414 3355 2465 in
3384 2411 3633 2466 fontibus

2052 2503 2377 2562 salientibus
2397 2505 2734 2570 intumescit,
2758 2503 2892 2558 nihil
2913 2502 3130 2558 diderre
3152 2514 3428 2572 putamus.
3453 2503 3633 2570 Quare

2053 2600 2106 2654 id
2137 2602 2252 2655 heri
2276 2616 2380 2654 non
2407 2613 2565 2669 posse
2588 2598 2821 2653 ridicule
2839 2597 3047 2651 dicunt.
3081 2596 3189 2652 Sed
3221 2606 3427 2651 tantum
3454 2600 3630 2662 abest,

2050 2703 2108 2748 ut
2145 2711 2245 2748 nos
2274 2694 2342 2749 de
2381 2693 2555 2748 altero
2581 2692 2722 2747 caelo
2756 2691 3086 2758 dubitemus,
3114 2699 3174 2745 ut
3209 2692 3374 2746 etiam
3409 2693 3630 2746 tertium

2048 2786 2202 2856 cujus
2226 2796 2448 2855 aspectu
2473 2787 2664 2842 beatus
2695 2785 2892 2840 Paulus
2921 2784 3172 2853 dignatus
3209 2793 3316 2846 est,
3357 2783 3402 2815 "'
3453 2783 3633 2852 inqui-

2051 2892 2254 2931 ramus.
2293 2876 2540 2932 Psalmus
2581 2885 2764 2931 autem
2796 2877 2924 2930 dum
2965 2874 3212 2930 nominat
3256 2874 3425 2930 cmlos
3463 2877 3631 2928 caelo-

2052 2984 2172 3023 rum
2203 2968 2270 3034 ³⁸,
2306 2969 2539 3038 plurium
2587 2969 2752 3023 etiam
2795 2967 2987 3023 tribuit
3018 2966 3176 3023 nobis
3216 2967 3486 3022 notitiam.
3522 2967 3628 3022 Ne-

2057 3075 2166 3132 que
2198 3075 2328 3115 vero
2363 3061 2478 3116 haec
2517 3061 2782 3132 stupenda
2817 3069 2946 3116 sunt
2980 3057 3179 3130 magis,
3221 3072 3387 3128 quam
3423 3067 3630 3129 septem

1979 3177 2021 3236 ο
2059 3151 2244 3207 circuli
2282 3168 2296 3204 :
2328 3152 2382 3205 in
2425 3153 2623 3220 quibus
2653 3151 2840 3208 stellas
2874 3159 3085 3221 septem
3117 3149 3250 3204 ferri
3279 3165 3470 3206 omnes
3518 3165 3630 3205 uno

2056 3242 2171 3297 fere
2210 3254 2480 3296 consensu
2521 3243 2847 3297 conﬁtentur
2881 3259 2896 3297 :
2935 3255 3072 3310 quos
3097 3241 3262 3296 etiam
3295 3241 3522 3296 alterum
3550 3241 3632 3294 al-

2055 3334 2179 3397 teri,
2215 3333 2393 3386 instar
2419 3334 2678 3386 cadorum
2708 3333 2762 3386 in
2793 3345 2852 3386 se
2885 3339 3074 3385 mutuo
3101 3331 3449 3398 insertorum,
3479 3339 3632 3401 apta-

2052 3436 2136 3481 tos
2169 3440 2290 3481 esse
2322 3434 2595 3481 astruunt.
2644 3425 2784 3492 Quin
2825 3425 2989 3480 etiam
3029 3423 3192 3480 hosce
3226 3424 3461 3479 circulos
3491 3438 3628 3479 con-

2054 3519 2220 3574 trario
2269 3519 2511 3574 universi
2557 3519 2726 3573 motui
2777 3527 2940 3572 cursu
2992 3516 3271 3586 abreptos,
3311 3514 3515 3570 diﬂisso
3561 3518 3632 3572 ab

2052 3613 2184 3682 ipsis
2217 3613 2444 3679 aethere,
2481 3623 2695 3682 gratum
2745 3610 3036 3681 quemdam
3081 3623 3145 3664 ac
3178 3609 3506 3665 concinnum
3535 3624 3630 3664 so-

2051 3720 2179 3759 num
2208 3703 2543 3759 contendunt
2566 3703 2814 3768 reddere,
2850 3702 2986 3757 adeo
3018 3711 3078 3756 ut
3112 3701 3360 3756 melodize
3389 3701 3629 3756 suavita-

2055 3800 2160 3846 tem
2210 3807 2426 3846 omnem
2464 3800 2774 3860 exsuperet.
2807 3791 3012 3847 Deinde
3034 3806 3157 3846 cum
3191 3792 3228 3845 ii
3257 3791 3349 3860 qui
3385 3791 3511 3844 talia
3547 3791 3631 3845 di-

2051 3893 2200 3950 cunt,
2223 3899 2479 3939 sensuum
2507 3884 2667 3939 (idem
2692 3899 2756 3939 ac
2781 3884 3150 3940 testimonium
3177 3895 3462 3955 rogantur,
3490 3883 3623 3954 quid

2051 3976 2420 4046 respondent?
2465 3975 2575 4032 Nos
2623 3977 2694 4032 ob
2739 3989 2858 4032 eam
2900 3991 3061 4047 quam
3102 3976 3258 4032 initio
3306 3991 3429 4032 cum
3486 3990 3624 4031 sono

2051 4066 2314 4123 habemus
2345 4067 2793 4122 consuetudinem
2817 4106 2832 4132 ,
2863 4066 2991 4121 huic
3017 4067 3192 4121 eidem
3229 4081 3362 4122 sono
3392 4083 3421 4119 a
3450 4066 3630 4136 primo

2050 4167 2172 4211 ortu
2217 4169 2483 4226 assuetos,
2525 4174 2688 4214 sensu
2739 4160 2844 4214 isto
2884 4175 2996 4230 pra:
3047 4158 3320 4230 frequenti
3373 4158 3628 4214 audiendi

2051 4251 2441 4308 exercitatione
2469 4253 2706 4323 privari;
2736 4252 2962 4322 perinde
2987 4261 3150 4320 atque
3179 4252 3232 4306 hi
3266 4266 3499 4320 quorum
3527 4265 3627 4304 au-

2051 4356 2138 4396 res
2173 4343 2226 4396 in
2263 4342 2492 4400 olIicinis
2535 4345 2745 4400 aerariis
2784 4345 3003 4399 assidue
3034 4343 3430 4398 obtunduntur.
3478 4341 3627 4409 Quo-

2051 4445 2170 4485 rum
2231 4434 2513 4490 confutare
2568 4435 2971 4490 cavillationem
3034 4447 3098 4488 ac
3156 4434 3496 4497 futilitatem,
3553 4432 3626 4485 ita

368 4540 459 4586 τος
508 4525 811 4591 φείδεσθαι,
855 4526 980 4579 οὔτε
1016 4529 1113 4596 τῆς
1164 4527 1430 4590 συνέσεως
1477 4527 1584 4578 τῶν
1642 4511 1946 4580 ἀκουόντῖῖν

2051 4535 2240 4594 aperte
2267 4528 2522 4582 omnibus
2549 4543 2614 4582 ex
2649 4528 2823 4596 primo
2850 4528 3033 4582 auditu
3067 4541 3126 4581 se
3153 4527 3494 4596 prodentem,
3520 4523 3624 4577 viri

370 4614 787 4686 στοχαζομένου.
819 4617 979 4672 Ἀλλά
1003 4619 1069 4671 τὰ
1097 4617 1205 4671 τῶν
1230 4617 1428 4682 ἔξωθεν
1451 4619 1565 4680 τοῖς
1595 4617 1701 4684 ἔξω
1724 4618 1946 4672 καταλι-

371 4706 560 4770 πόντες
573 4709 730 4778 ἡμεῖς
741 4708 832 4761 ἐπὶ
845 4709 932 4761 τὸν
945 4710 1393 4779 ἐκκλησιαστικὸν
1405 4710 1640 4781 ὑποστρέ
1649 4727 1714 4779 φο
1721 4727 1818 4780 μεν
1832 4711 1943 4783 (95)

369 4797 544 4864 λόγον.
599 4798 826 4870 Εἱρηται
897 4801 996 4871 μὲν
1046 4797 1137 4854 οὖν
1167 4819 1278 4854 τισι
1333 4801 1442 4854 τῶν
1484 4799 1590 4871 πρὸ
1627 4801 1815 4872 ἡμῶν,
1875 4804 1950 4874 μὴ

439 4937 484 4968 ³⁷
523 4935 716 4993 llCor.
765 4954 863 5004 ιιι,
897 4940 954 4995 2.
1032 4940 1075 4970 ³⁸
1111 4939 1254 4996 Psal.
1307 4956 1534 5006 CXLVIII,
1564 4942 1620 4996 4.

438 5111 550 5184 (δῖ)
573 5109 824 5184 Νοτιηυίιί
853 5127 983 5167 mss.
1017 5113 1168 5184 φησί.

439 5182 552 5257 (88)
584 5183 1050 5257 qub.__s_e_cnndus
1079 5182 1508 5257 ἐπιφερόμενοι,
1559 5185 1759 5240 Ibidem
1799 5185 1932 5257 Reg.

367 5253 572 5323 primus
589 5251 708 5323 τῶν
742 5253 1008 5323 Ἑλλήνων
1036 5251 1248 5319 παῖδας,
1268 5251 1594 5309 ’ϐὶωεοηιηι
1624 5273 1838 5322 pueros.

439 5321 550 5392 (89)
577 5322 666 5376 Sic
699 5338 828 5378 mss.
865 5321 1039 5376 inulti.
1067 5327 1219 5378 Deest
1243 5326 1336 5378 καί
1372 5327 1425 5378 in
1463 5321 1645 5381 editis.
1686 5328 1936 5382 Subinde

367 5392 578 5464 codices
607 5395 711 5464 duo
732 5393 832 5462 τῆς
860 5396 1257 5464 γραμματικῆς
1281 5395 1395 5448 καί.

440 5459 551 5536 (θθ)
604 5463 756 5516 Colb.
791 5459 1266 5536 ρτὶἱιιιὶείαὺτῶν.
1323 5466 1468 5536 Ediii
1519 5480 1642 5520 cum
1703 5478 1932 5536 utroque

369 5529 534 5610 Go'is'l.
563 5543 613 5610 et
641 5547 763 5610 cum
796 5529 916 5586 aliis
947 5533 1127 5610 multis
1175 5537 1405 5610 αὐτοῖς.Δ
1429 5534 1784 5610 Hamlwninlto
1819 5529 1939 5607 post

369 5598 730 5671 editi’qBasil.
781 5617 904 5656 cum
958 5606 1146 5658 decem
1198 5598 1348 5660 mss.
1383 5606 1660 5671 ἀπιστεῖν,
1705 5607 1788 5660 ὅτι
1819 5598 1938 5662 ’καὶ

365 5669 478 5724 τόν.
514 5669 687 5724 Editio
709 5670 881 5727 Paris.
907 5672 1046 5726 ὥστε
1077 5675 1171 5727 καὶ
1193 5676 1303 5728 τόν.

444 5740 555 5822 (9.1)
583 5739 809 5822 Codices
839 5752 948 5797 tres
973 5745 1020 5822 _6
1075 5745 1348 5822 μακάριος
1374 5745 1670 5822 ἀπόστολος
1704 5747 1935 5822 Παζθλος.

370 5809 848 5869 Εάἰιὶτυωῧοιι).
904 5809 1138 5882 ρι’ἰιηόό
1183 5809 1454 5888 μάκάριος
1501 5817 1730 5880 Παῦλος.
1789 5809 1936 5889 Lege

2057 4631 2165 4671 non
2217 4627 2322 4686 est,
2355 4621 2444 4688 qui
2473 4629 2561 4674 aut
2595 4635 2817 4689 parcere
2837 4621 2975 4674 sciat
3002 4619 3254 4688 tempori,
3285 4626 3380 4670 aut
3405 4616 3627 4669 audien-

2056 4709 2190 4764 tium
2222 4710 2632 4782 intelligentiam
2655 4711 2939 4779 conjectet.
2969 4710 3164 4766 Verum
3192 4719 3419 4764 externa
3452 4715 3628 4762 exter-

2060 4804 2146 4861 nis
2172 4806 2558 4877 relinquentes,
2591 4823 2690 4864 nos
2723 4809 2789 4864 ad
2819 4808 3246 4865 ecclesiasticum
3301 4804 3629 4862 revertimur

2049 5117 2326 5181 Dircaeum,
2357 5115 2425 5171 de
2457 5117 2718 5171 caelorum
2755 5130 2998 5170 numero.
3027 5115 3225 5170 Ibidem
3242 5115 3392 5174 Colb.
3423 5131 3622 5172 Secun-

2043 5190 2142 5243 dus
2171 5187 2282 5260 δὲ
2316 5187 2642 5260 ιξλάλμῳδός.
2671 5186 3110 5260 AliqtiantoApost
3142 5202 3236 5240 sex
3269 5202 3396 5242 nise.
3416 5189 3490 5241 Οὐ
3521 5188 3620 5260 δὴ·-

2041 5275 2143 5310 που
2171 5257 2227 5310 δέ
2251 5257 2612 5312 ταῦτα.ΕιΙίιί
2643 5257 2702 5310 οὐ
2732 5257 2932 5327 δήποτε
2962 5257 3038 5310 δέ.

2111 5328 2224 5400 (92)
2245 5329 2396 5384 Colb.
2431 5330 2638 5400 primus
2662 5328 2935 5400 cumReg.
2958 5337 3111 5382 sexto
3133 5329 3618 5400 περιφερομένους.
3669 5359 3672 5362 ι

2039 5396 2236 5453 Statim
2278 5414 2408 5454 mss.
2433 5396 2616 5452 nostri
2668 5398 2912 5465 plerique
2947 5413 3135 5451 omnes
3171 5396 3292 5452 cum
3335 5396 3490 5454 Bodl.
3528 5397 3621 5454 εὖ-

2037 5469 2168 5540 ηχόν
2205 5486 2347 5540 τινα.
2383 5469 2561 5524 Editio
2591 5468 2759 5522 Paris.
2793 5467 2986 5540 ἔνηχόν
3017 5483 3162 5540 τινα,
3203 5484 3308 5522 non
3334 5469 3412 5540 ita
3446 5480 3617 5526 recte.

2110 5540 2224 5608 (95)
2257 5539 2348 5593 Sic
2403 5541 2573 5594 codex
2621 5538 3024 5593 Combeﬁ'cum
3080 5539 3203 5593 aliis
3259 5538 3432 5594 tribus
3481 5555 3618 5596 mss.

2037 5609 2181 5663 Editi
2217 5619 2272 5680 et
2293 5609 2444 5665 Colb.
2493 5611 2696 5678 primus
2732 5609 3184 5680 ὑποστρέψωμεν.
3216 5609 3348 5678 Reg.
3395 5611 3621 5680 quintus

2037 5679 2454 5751 ὑποστέφωμεν.
2487 5680 2776 5746 Aliquanto
2806 5679 2925 5749 post
2953 5680 3106 5751 (lolii.
3129 5680 3348 5751 primus
3385 5679 3623 5751 παραδί-

2035 5749 2238 5806 δοσθαι.
2265 5749 2457 5806 Statim
2491 5751 2660 5807 codex
2687 5751 2824 5807 idem
2863 5749 3094 5805 ἐνταῦθα
3122 5749 3177 5804 δὲ
3207 5749 3618 5825 ἐπεργαστικώ-

2037 5837 2216 5891 τερον.
