4082 6218
403 346 475 401 '61
1538 337 1824 393 IIOMILIA
1862 335 1931 390 lli
1972 334 2039 388 IN
2079 334 2584 391 HEXAEMERON.
3586 341 3656 398 62

394 459 551 531 ’πρὸς
574 458 685 519 τοῖς
706 455 1038 525 διαστήμασι
1061 470 1157 506 και
1180 453 1279 524 τὴν
1306 453 1624 507 ἀντιτυπίαν
1648 453 1781 524 ἔχει.
1817 452 1893 524 Τῇ
1934 452 1989 505 δὲ

2098 452 2492 518 mensionibus,
2527 453 2579 507 in
2605 453 2908 520 latitudine,
2938 456 3180 526 inquam,
3207 470 3271 511 ac
3292 458 3657 527 profunditate

412 551 600 625 Γραφῇ
635 545 863 617 σύνηθες
892 545 955 598 rb
990 545 1246 615 κραταιὸν
1282 545 1376 597 καὶ
1400 544 1674 597 ἀνένδοτον
1705 545 1986 617 στερέωμα

411 640 609 709 λέγειν,
634 637 709 700 ὡς
728 635 822 690 καὶ
852 634 944 688 ἐπὶ
981 634 1144 706 ἀέρος
1177 633 1438 697 πολλάκις
1468 634 1987 698 καταπυκνωθέντος

408 734 478 804 τῇ
512 731 662 799 φωνῇ
700 726 872 800 ταύτῃ
914 726 1212 797 κεχρῆσθαι
1235 741 1247 754 °
1284 726 1360 790 ὡς
1390 726 1519 779 ὅταν
1545 725 1676 798 λέγῃ
1696 742 1710 757 ο
1756 727 1817 779 ὐ
1849 741 1986 779 στε-

405 821 562 891 ρεῶν
584 817 875 889 βροντήν.
909 815 1019 887 Τὴν
1050 815 1158 886 γὰρ
1193 815 1523 887 στερρότητα
1552 815 1645 868 καὶ
1670 814 1987 868 ἀντιτυπίαν

409 913 505 969 τοῦ
548 911 856 982 πνεύματος
892 908 987 962 τοῦ
1036 906 1610 979 ἐναπολαμϐανομένου
1651 910 1770 969 ταῖς
1816 906 1989 959 κοιλό-

409 1023 535 1077 τησι
562 1005 672 1058 τῶν
698 1002 876 1073 νεφῶν
906 1002 1012 1073 (2),
1048 1002 1142 1054 καὶ
1179 1001 1266 1054 διὰ
1301 1001 1362 1054 rb
1399 1001 1587 1071 βιαίως
1626 999 1988 1071 ἐκρήγνυσθαι

391 1096 538 1159 ’τοὺς
562 1093 704 1149 κατά
721 1094 821 1157 τὰς
845 1092 1074 1165 βροντὰς
1101 1091 1486 1154 ἁποτελοῦντος
1509 1091 1732 1161 ψόφους,
1762 1088 1990 1161 στερέω-

414 1205 499 1241 σιν
528 1186 757 1257 βροντῆς
787 1187 821 1255 ἡ
855 1184 1045 1257 Γραφὴ
1081 1183 1509 1255 προσηγόρευσε.
1547 1184 1658 1237 Καὶ
1692 1182 1787 1236 νῦν
1816 1182 1989 1236 τοίνυν

413 1277 693 1349 ἡγούμεθα
744 1275 836 1328 ἐπί
884 1292 1029 1338 τινος
1076 1276 1308 1345 στερρᾶς
1354 1273 1566 1343 φύσεως
1620 1274 1828 1342 στέγειν
1894 1271 1988 1326 τοῦ

415 1369 604 1431 ὕδατος
636 1367 696 1420 τὸ
730 1365 1012 1436 ὀλισθηρὸν
1057 1366 1152 1419 καὶ
1175 1365 1484 1418 εὐδιάλυτον
1520 1365 1591 1434 (5)
1633 1364 1987 1435 ἐξαρκούσης,

413 1462 510 1531 τὴν
539 1458 722 1529 φωνὴν
768 1456 969 1526 ταύτην
1011 1456 1299 1526 τετάχθαιῖ
1339 1456 1449 1508 Καὶ
1468 1456 1528 1507 οὐ
1578 1456 1776 1524 δήπου,
1808 1455 1990 1527 ἐπειδὴ

412 1550 557 1607 κατά
582 1550 681 1622 τὴν
713 1547 897 1620 κοινὴν
927 1548 1152 1619 ἐκδοχὴν
1175 1548 1240 1600 ἐκ
1265 1547 1360 1600 τοῦ
1385 1545 1576 1611 ὓδατος
1596 1548 1740 1601 δοκεί
1770 1548 1869 1620 τὴν
1909 1549 1994 1617 γέ-

406 1660 559 1698 νεσιν
606 1642 914 1713 ἐσχηκέναι,
954 1640 989 1712 ἢ
1037 1639 1189 1694 ὑδατι
1242 1639 1511 1710 πεπηγότι
1557 1640 1797 1710 ἐμφερὲς
1854 1636 2027 1693 εἶναι·

415 1735 680 1806 προσήκει
725 1732 987 1804 νομίζειν,
1034 1731 1068 1802 ἦ
1102 1747 1209 1783 τινι
1247 1729 1473 1801 τοιαύτῃ
1514 1729 1615 1802 ὐλῃ
1662 1732 1726 1783 ἐκ
1769 1731 1866 1801 τῆς
1896 1731 1989 1784 τοῦ

416 1825 584 1898 ὑγροῦ
610 1825 910 1897 διηθήσεως
933 1824 1032 1895 τὴν
1060 1822 1232 1893 ἀρχὴν
1258 1822 1634 1894 λαμϐανούσῃ,
1664 1823 1822 1876 ὁποία
1844 1823 1990 1876 ἐστὶν

414 1919 451 1990 ἦ
483 1937 543 1972 τε
585 1917 680 1972 τοῦ
732 1916 1067 1989 κρυστάλλου
1111 1914 1298 1979 λίθου,
1328 1914 1389 1968 ὃν
1438 1914 1504 1967 δι’
1551 1900 2055 1985 ὑπερϐάλλουσῖιῗρ

415 2010 510 2064 τοῦ
544 2009 735 2073 ὓδατος
763 2007 925 2079 πῆξιν
961 2005 1370 2079 μεταποιεῖσθαί
1399 2022 1583 2074 φασιν,
1611 2006 1645 2075 ἢ
1673 2008 1705 2077 ἡ
1742 2005 1837 2059 τοῦ
1866 2006 1995 2060 σπέ-

415 2102 546 2158 κλου
570 2100 730 2171 φύσις
762 2100 837 2172 (4)
882 2102 939 2153 ἐν
991 2098 1273 2171 μετάλλοις
1300 2096 1686 2167 συνισταμένη.
1727 2096 1889 2159 Λίθος
1936 2097 1995 2150 δέ

412 2195 532 2249 ἐστι
556 2191 811 2264 διαυγὴς,
844 2191 1149 2255 ἰδιάζουσαν
1176 2190 1270 2243 καὶ
1311 2187 1707 2260 καθαρωτάτην
1746 2187 1846 2259 τὴν
1875 2188 1994 2242 δια-

413 2287 638 2357 φάνειαν
663 2283 1018 2355 κεκτημένος,
1049 2281 1128 2346 ὃς,
1154 2281 1250 2335 ἐὰν
1295 2281 1438 2335 κατὰ
1463 2279 1562 2351 τὴν
1597 2279 1792 2333 ἐαυτοῦ
1835 2280 1995 2350 φύσιν

413 2377 648 2450 ἀκριϐὴς
670 2362 889 2448 εὑρεθῇ,
928 2375 1067 2446 μήτε
1098 2372 1556 2443 κατεδηδεσμένος
1585 2371 1839 2444 σηπεδόνι
1867 2373 1993 2436 τινὶ,

418 2471 555 2543 μήτε
583 2469 645 2522 rb
668 2467 830 2539 βάθος
856 2465 1271 2537 ὑπερῤηγμένος
1299 2467 1419 2527 ταῖς
1449 2463 1731 2533 διαφύσεσι
1755 2504 1770 2527 ,
1798 2462 1996 2535 μικροῦ

414 2560 494 2632 τῷ
522 2561 644 2631 ἀέρι
671 2559 768 2631 τὴν
794 2556 1069 2626 διαύγειαν
1110 2556 1304 2610 ἔοικεν.
1332 2556 1520 2609 Οὐδεν)⁵
1557 2551 1649 2610 οὖν
1687 2555 1889 2610 τούτων
1922 2558 1999 2609 εί-

418 2650 658 2723 κὰζομεν
700 2650 763 2703 τὸ
810 2650 1117 2722 στερέωμα.
1156 2647 1419 2719 Παιδικῆς
1456 2647 1566 2719 γὰρ
1611 2647 1691 2720 τῷ
1743 2649 1855 2703 ὄντι
1903 2649 1997 2702 καὶ

420 2744 598 2813 ἁπλῆς
628 2741 866 2806 διανοίας
895 2740 1148 2805 τοιαύτας
1169 2740 1313 2811 ἔχειν
1334 2741 1592 2811 περὶτῶν
1621 2743 1887 2813 οὐρανίων
1919 2742 1995 2813 (5)

408 2836 517 2899 τὰς
542 2834 856 2906 ὑπολήψεις.
880 2833 953 2886 Οὐ
982 2833 1089 2904 μὴν
1116 2831 1238 2885 οὐδέ
1266 2833 1315 2885 εἰ
1343 2833 1523 2886 πάντα
1546 2836 1603 2888 ἐν
1634 2833 1836 2887 ἅπασίν
1857 2835 1995 2899 ἐστι,

418 2928 532 2999 πῦρ
563 2929 659 3000 μὲν
679 2930 735 2981 ἐν
757 2930 848 3000 γῇ,
878 2927 985 2999 ἀὴρ
1008 2927 1065 2980 δὲ
1092 2928 1148 2981 ἐν
1173 2925 1343 2987 ὕδατι,
1369 2928 1463 2981 καὶ
1484 2927 1590 2981 τῶν
1619 2928 1796 2982 ἄλλων
1819 2928 2000 2982 ὡσαύ-

417 3038 524 3082 τως
544 3022 601 3074 ὲν
626 3020 796 3092 ἑτέρῳ
818 3020 880 3074 rb
902 3020 1087 3092 ἕτερον
1103 3035 1117 3050 ο
1147 3018 1241 3071 καὶ
1265 3018 1430 3089 μηδὲν
1461 3020 1568 3073 τῶν
1597 3020 1847 3093 αἰσθήσει
1876 3022 2001 3074 ὑπο-

416 3114 722 3169 πιπτόντων
763 3113 1040 3184 στοιχείων
1086 3111 1374 3181 είλικρινές
1424 3113 1540 3164 ἐστι
1587 3112 1681 3166 καὶ
1722 3114 1918 3183 ἀμιγὲς
1963 3112 2069 3192 ἦα

416 3208 516 3279 τῆς
542 3208 678 3279 πρὸς
710 3206 769 3260 τὸ
806 3206 987 3277 μέσον,
1020 3195 1185 3276 ἦτῆς
1202 3209 1338 3276 πρὸς
1372 3204 1434 3257 rb
1466 3205 1841 3275 ἀντικείμενον
1885 3222 2001 3259 κοι-

406 3301 646 3364 Ανωνίαςθ
688 3299 874 3353 τούτου
908 3299 1092 3353 ἕνεκεν
1123 3298 1529 3370 καταδεχόμεθα
1560 3298 1623 3351 rb
1661 3299 1996 3370 στερέωμαῆ

420 3391 484 3458 ἐξ
530 3393 645 3456 ἐνὸς
683 3392 790 3445 τῶν
835 3390 1038 3453 ἁπλῶν,
1063 3391 1096 3462 ἦ
1126 3391 1185 3444 rb
1225 3391 1333 3445 ἀπὸ
1370 3391 1574 3445 τούτων
1614 3390 1791 3462 μίγμα
1830 3392 1998 3462 φῆσαι

421 3476 708 3548 ὑπάρχειν,
748 3476 1115 3546 δεδιδαγμένοι
1169 3475 1321 3548 παρά
1379 3476 1479 3546 τῆς
1523 3475 1774 3546 Γραφῑκ,
1831 3477 1998 3547 μηδὲν

422 3569 737 3640 ἐπιτρέπειν
767 3567 922 3640 ἡμῶν
943 3567 1021 3639 τῷ
1051 3567 1128 3638 νῷ
1155 3567 1300 3640 πέρα
1340 3567 1448 3622 τῶν
1494 3569 1997 3639 συγκεχωρημένων

421 3659 862 3729 φαντασιοῦσθαι.
897 3661 990 3730 Μὴ
1019 3661 1353 3732 παραδράμῃ
1394 3659 1451 3713 δὲ
1477 3661 1626 3731 ἡμᾶς
1657 3660 1793 3732 μηδὲ
1825 3663 2000 3713 ἐκεῖνο

416 3753 918 3825 ἀπα-ρασήμαντον,
969 3754 1052 3807 ὅτι
1102 3751 1241 3824 μετὰ
1285 3752 1346 3806 rb
1373 3750 1674 3824 προστάξαι
1714 3751 1807 3807 τὸν
1846 3751 2002 3816 Θεὸν,

489 3936 537 3967 ⁸⁸
574 3935 739 3990 Amos
766 3950 821 3990 tv
872 3935 964 3990 15.

398 4089 541 4154 ciae,
571 4104 692 4144 cum
718 4104 818 4161 per
850 4088 1172 4145 asteriscum
1201 4101 1266 4143 eo
1310 4086 1417 4143 loci
1452 4087 1779 4161 appositum,
1813 4084 1986 4140 lecto-

422 4174 537 4214 rem
577 4158 795 4215 monere
823 4161 1123 4219 videantur.
1149 4173 1208 4214 se
1244 4172 1362 4221 sua,
1393 4171 1498 4210 non
1531 4158 1778 4211 codicum
1803 4165 1990 4210 aucto-

424 4231 585 4284 ritate
616 4229 689 4282 ita
716 4230 970 4284 edidisse.
1002 4228 1134 4283 lllud
1179 4238 1360 4283 autem
1402 4227 1656 4282 omittere
1683 4241 1787 4281 non
1823 4226 1987 4281 debe-
2074 4254 2078 4262 λ

424 4314 570 4366 mus,
619 4300 858 4368 codicem
893 4299 1241 4368 Bodleianum
1306 4297 1508 4368 habere
1553 4296 1855 4368 μήκειλκαὶ
1915 4294 1994 4365 τῷ

427 4368 571 4437 ὕψει.
612 4367 738 4430 Sed,
764 4369 862 4448 nisi
896 4385 980 4423 me
1012 4384 1127 4448 mea
1165 4367 1522 4448 fallitppinio,
1553 4366 1654 4421 vox
1683 4366 1856 4448 μῆκρς
1883 4368 1995 4448 ρνίῖ

425 4436 574 4493 mum
628 4439 870 4524 apposita
919 4440 1102 4493 estad
1148 4436 1469 4524 margitie'm,
1522 4453 1587 4491 eo
1638 4436 1889 4499 censilio,
1940 4443 2075 4524 ut‘D

426 4505 742 4562 moneretur
769 4508 937 4562 lector
961 4522 1058 4574 per
1108 4505 1294 4561 vocem
1333 4505 1487 4575 ὑψος,
1535 4521 1639 4575 qua
1697 4520 1827 4560 usus
1876 4514 1994 4559 erat

426 4577 679 4641 Basilius,
720 4577 807 4631 hic
850 4576 1074 4645 intelligi
1117 4577 1476 4645 profundum;
1507 4576 1702 4631 deinde
1748 4576 1864 4629 haec
1902 4590 1994 4628 ea-

429 4650 680 4727 dem_vox
714 4645 869 4716 ὑψος,
899 4648 1042 4717 quod
1062 4661 1204 4716 saepe
1233 4646 1433 4700 factum
1463 4655 1566 4712 est,
1591 4647 1645 4700 in
1684 4655 1888 4701 textum
1924 4646 1998 4698 ir-

427 4725 573 4788 101.15?
582 4725 619 4788 te

428 4756 756 4867 filii-Multi
809 4800 939 4867 mss.
972 4783 1228 4867 νεφελῶν.
1270 4782 1609 4867 Μυκηειιιιίο
1649 4784 1831 4867 (Paris.
1860 4756 1997 4867 d‘rro-
2044 4788 2049 4793 ’

426 4852 731 4920 τελοῦντος,
770 4864 928 4922 prout
961 4852 1342 4910 emendaverat
1388 4852 1752 4910 Montacutius
1781 4870 1849 4910 ex
1879 4857 1988 4909 An-

426 4929 582 4999 glicis
612 4942 743 4999 mss.
774 4926 950 4999 Editio
980 4924 1142 4999 Basil.
1176 4939 1299 4979 cum
1328 4924 1508 4995 Regiis
1526 4927 1783 4999 primoet
1805 4926 1996 4994 quinto

426 4994 483 5053 et
511 5013 633 5052 cum
672 4996 881 5050 duobus
905 4996 1058 5065 Golb.
1117 4994 1356 5065 itemque
1395 4994 1517 5065 cum
1569 4994 1736 5050 Coisl.
1764 5006 1997 5065 utroque

426 5078 483 5124 et
510 5068 662 5122 Bodl.
705 5064 1119 5128 ἀποτελοῦντας.
1159 5063 1395 5135 Uterque
1438 5063 1747 5135 Ducucum
1807 5063 1996 5135 Regiis

427 5140 585 5192 tertio
614 5147 669 5192 et
697 5146 889 5207 quarto
917 5147 974 5191 et
999 5150 1123 5207 cum
1165 5134 1527 5207 aliis_dt_tobus
1581 5133 1766 5207 Regiis
1795 5133 1997 5207 ἀποτε-

426 5203 943 5278 λουμένους.ν[)εεει
980 5205 1074 5259 καί
1120 5203 1381 5278 εηᾼιεμδιά
1409 5205 1465 5258 in
1519 5203 1995 5278 mssfuonnullis.

426 5273 721 5331 Carnarius
750 5277 894 5330 hunc
930 5274 1109 5331 locum
1155 5275 1237 5346 sic
1266 5273 1698 5346 interpretatur:
1729 5274 1810 5329 Eo
1849 5274 1993 5346 quod

428 5348 678 5399 violenter
702 5354 978 5413 erumpant
1009 5345 1260 5413 strepitus
1289 5347 1521 5398 tonitrua
1544 5345 1842 5415 efﬁcientes.
1861 5344 1992 5398 ‘Eu-

429 5416 660 5485 statltius
688 5430 839 5481 vero,
864 5432 969 5485 qua
998 5416 1213 5485 spiritus
1240 5421 1517 5482 conceptus
1542 5415 1596 5485 in
1623 5417 1866 5479 nubibus,
1888 5416 1999 5469 vio-

431 5484 691 5555 lenterque
732 5484 1200 5555 proruptuseﬂict't
1245 5499 1434 5538 sonum
1468 5484 1828 5540 tonitrualem.
1883 5486 1999 5538 An-

434 5554 568 5625 glica
605 5554 762 5609 lectio
794 5555 1185 5625 ἀποτελοῦντος
1208 5567 1461 5625 germana
1497 5563 1578 5609 est
1613 5568 1679 5609 ac
1722 5555 1996 5625 genuina:

438 5624 630 5706 quippe
692 5639 796 5679 vox
832 5624 1246 5706 ¹ἁποτελοῦντος
1295 5624 1363 5677 ad
1422 5638 1611 5704 vocem
1659 5624 1994 5706 superiorem

433 5693 739 5764 πνεύματος
771 5695 1021 5767 refertur,
1054 5695 1161 5753 uisi
1193 5695 1373 5751 dicere
1400 5693 1585 5766 .mavis
1615 5693 1997 5753 attractionem

434 5778 572 5818 esse.

2086 551 2142 599 et
2169 543 2524 608 longitudine.
2554 544 2795 599 Firmum
2821 557 2998 602 autem
3029 547 3157 602 illud
3185 556 3289 611 est,
3321 549 3373 603 in
3402 564 3507 619 quo
3527 565 3660 620 prae-

2090 645 2172 691 ter
2220 637 2583 693 dimensiones
2636 638 2865 694 durities
2911 641 3074 694 etiam
3122 648 3177 694 et
3223 641 3444 696 renixus
3492 641 3655 696 inest.

2086 726 2256 781 Porro
2290 726 2595 797 Scriptura,
2644 729 2788 798 quod
2836 729 3072 785 validum
3106 741 3189 787 est
3237 743 3292 786 et
3321 732 3655 799 inﬂexibile,

2090 818 2486 873 firmamentum
2516 834 2714 875 vocare
2739 823 3039 887 consuevit,
3080 823 3153 877 ita
3188 824 3436 878 utetiam
3473 838 3656 878 aerem

2075 910 2243 965 .valde
2282 911 2567 967 densatum
2621 913 3003 983 designatum,
3038 930 3179 983 smpe
3225 918 3323 970 hac
3359 917 3476 983 ipsa
3524 930 3660 969 voce

2088 1005 2292 1069 utatur,
2320 1003 2463 1059 velut
2497 1019 2618 1059 cum
2649 1005 2782 1060 dicit
2808 1025 2821 1060 :
2858 1004 3112 1060 Firmana
3135 1008 3332 1061 tonitru
3360 1006 3427 1060 ⁸³.
3459 1006 3658 1061 Solidi-

2087 1104 2251 1149 tatem
2285 1096 2428 1150 enim
2454 1105 2509 1151 et
2538 1098 2784 1151 renixum
2810 1098 3057 1166 spiritus,
3084 1099 3173 1167 qui
3207 1099 3259 1152 in
3288 1099 3509 1153 nubium
3538 1100 3660 1152 ﬁni-

2090 1188 2188 1241 bus
2231 1187 2487 1252 inclusus,
2536 1190 2605 1243 ob
2653 1189 2944 1243 violentam
2995 1191 3333 1258 eruptionem
3386 1191 3659 1261 fragorem

2093 1280 2385 1333 tonitruum
2413 1281 2546 1344 edit,
2573 1282 2795 1334 tonitrui
2829 1282 3137 1335 ﬁrmitatem
3168 1269 3448 1349 Scriptura
3474 1284 3658 1351 appel-

2092 1370 2242 1424 lavit.
2289 1371 2473 1439 Itaque
2499 1381 2552 1427 et
2588 1374 2674 1427 hic
2704 1374 2842 1427 hanc
2871 1389 3076 1427 vocem
3100 1389 3197 1443 pro
3230 1373 3383 1426 ﬁrma
3426 1376 3662 1442 quadam

2092 1472 2280 1516 natura
2318 1478 2436 1532 qua:
2479 1480 2675 1534 aquam
2707 1466 2814 1536 26
2843 1465 3104 1520 lubricam
3146 1480 3209 1520 ac
3240 1464 3399 1519 facile
3430 1464 3663 1518 dissolu-

2094 1554 2254 1607 bilcm
2284 1556 2565 1610 continere
2597 1559 2787 1624 possit,
2822 1566 3131 1624 usurpatam
3158 1572 3279 1611 esse
3301 1556 3655 1611 arbitramur.

2093 1644 2204 1700 Nec
2246 1662 2392 1711 vero,
2429 1650 2683 1716 quoniam
2726 1648 3124 1703 ﬁrmamcutmu
3156 1664 3221 1703 ex
3251 1649 3519 1704 communi
3570 1664 3663 1704 ac-

2094 1740 2341 1805 ceptione
2364 1741 2430 1793 al)
2458 1755 2596 1809 aqua
2627 1751 2809 1795 ortum
2837 1743 3065 1795 traxisse
3101 1743 3333 1807 videtur,
3366 1728 3663 1811 putandum

2095 1840 2176 1882 cst
2210 1829 2334 1883 illud
2380 1830 2555 1885 simile
2595 1846 2715 1885 esse
2747 1841 2839 1885 aut
2868 1847 3022 1901 aquae
3052 1834 3376 1902 congelatas,
3431 1841 3523 1887 aut
3570 1834 3660 1887 tali

2101 1921 2317 1974 cuidam
2356 1924 2614 1985 materiae,
2654 1938 2719 1977 ex
2757 1924 2983 1979 humore
3024 1926 3298 1994 percolato
3341 1926 3665 1995 principium

2103 2010 2414 2080 accipienti.
2463 2012 2649 2078 Qualis
2685 2022 2768 2067 εει
2805 2023 2999 2068 natura
3035 2029 3127 2069 aut
3164 2015 3400 2085 crystalli
3437 2016 3665 2083 lapidis,

2098 2116 2257 2169 quem
2331 2102 2399 2157 ob
2452 2105 2959 2172 praestantissimam
3027 2120 3179 2174 aquze
3234 2108 3665 2177 congelationem

2099 2192 2454 2246 transmutari
2485 2193 2638 2247 aiunt
2666 2212 2679 2248 :
2715 2204 2807 2248 aut
2840 2194 3135 2264 specularis
3160 2195 3373 2264 lapidis,
3404 2198 3497 2264 qui
3526 2198 3669 2251 inter

2098 2283 2311 2337 metalla
2353 2285 2673 2340 concrescit.
2709 2284 2811 2341 Est’
2855 2294 3037 2341 autem
3062 2287 3151 2341 hic
3176 2287 3313 2356 lapis
3338 2289 3665 2357 pellucidus,

2096 2375 2354 2444 peculiari
2387 2392 2449 2431 ac
2478 2379 2769 2445 purissima
2812 2378 3060 2433 claritate
3088 2378 3341 2444 donatus,
3370 2380 3459 2449 qui
3487 2379 3532 2434 si
3574 2396 3672 2449 pro

2097 2482 2193 2522 sua
2229 2476 2419 2522 natura
2461 2470 2707 2524 sincerus
2750 2480 2804 2525 et
2844 2469 3120 2524 absolutus
3161 2480 3409 2538 repertus
3436 2479 3543 2536 εει,
3576 2487 3674 2525 ne-

2098 2561 2216 2627 que
2240 2558 2347 2612 ulla
2384 2573 2578 2614 exesus
2630 2559 2938 2629 putredine,
2977 2573 3152 2627 neque
3204 2559 3415 2613 ﬁssuris
3444 2574 3566 2614 sese
3603 2566 3672 2613 ad

2100 2652 2388 2706 interiores
2407 2665 2577 2718 usque
2597 2658 2778 2719 partes
2800 2650 3215 2705 extendentibus
3236 2651 3462 2714 divisus,
3493 2650 3668 2720 splen-

2101 2742 2230 2797 dore
2261 2741 2373 2794 aeri
2422 2740 2535 2795 fere
2583 2740 2775 2795 similis
2806 2741 3037 2795 exsistit.
3092 2740 3235 2795 Nulli
3273 2742 3435 2811 igitur
3475 2743 3672 2799 horum

2100 2846 2477 2902 comparamus
2508 2832 2932 2886 ﬁrmamentum.
2961 2831 3193 2887 Puerilis
3219 2834 3362 2887 enim
3394 2849 3581 2889 revera
3615 2846 3672 2891 et

2072 2954 2075 2959 ι
2103 2922 2367 2992 simplicis
2402 2922 2569 2976 animi
2600 2931 2701 2986 est,
2731 2923 2864 2977 tales
2891 2924 2958 2978 de
2983 2923 3295 2980 caelestibus
3320 2924 3521 2980 habere
3549 2928 3671 2995 opi—

2101 3014 2313 3070 niones.
2345 3013 2531 3084 Neque
2552 3021 2734 3068 tamen
2758 3015 3011 3084 quoniam
3038 3025 3235 3071 cuncta
3263 3016 3315 3070 in
3346 3019 3556 3072 cunctis
3580 3020 3667 3072 iu-

2102 3114 2247 3171 sunt,
2277 3104 2420 3175 ignis
2440 3104 2658 3173 quidem
2689 3106 2744 3160 in
2773 3114 2936 3172 terra,
2965 3120 3061 3161 aer
3090 3121 3220 3161 vero
3246 3107 3301 3162 in
3336 3122 3496 3177 aqua,
3528 3119 3583 3162 et
3607 3124 3674 3163 ex

2108 3197 2230 3251 aliis
2256 3196 2503 3252 similiter
2529 3197 2759 3252 alterum
2791 3198 2845 3252 in
2881 3198 3086 3264 altero;
3123 3214 3222 3255 nec
3272 3208 3333 3254 ut
3381 3199 3547 3255 ullum
3591 3207 3676 3255 est

2108 3290 2492 3344 elementorum
2529 3290 2628 3344 sub
2662 3304 2855 3345 sensus
2895 3291 3204 3347 cadentium
3244 3308 3440 3363 purum
3469 3304 3524 3348 et
3562 3292 3675 3347 sin-

2074 3400 2081 3409 '
2107 3394 2314 3444 cerum,
2345 3392 2559 3434 omnem
2592 3378 2707 3433 sive
2734 3394 2855 3433 cum
2888 3380 3087 3445 medio,
3119 3381 3235 3436 sive
3264 3396 3386 3437 cum
3419 3383 3671 3452 opposito

2106 3473 2421 3528 societatem
2450 3472 2767 3540 excludens,
2792 3489 2900 3528 non
2931 3475 3137 3530 idcirco
3166 3476 3349 3531 dicere
3385 3478 3668 3544 audemus,

2074 3594 2079 3599 -
2107 3565 2502 3619 ﬁrmamentum
2527 3574 2620 3619 aut
2643 3580 2711 3620 ex
2740 3582 2846 3620 uno
2869 3554 3193 3636 simplicium
3217 3567 3463 3635 conﬂari,
3488 3576 3580 3621 aut
3604 3582 3675 3625 ex

2103 3656 2188 3711 bis
2230 3657 2635 3727 permistionem
2663 3658 2953 3728 quamdam
3010 3673 3132 3715 esse
3169 3678 3184 3715 :
3238 3660 3674 3731 quandoquidem

2106 3753 2282 3809 edocti
2332 3769 2518 3810 sumus
2546 3769 2577 3808 a
2612 3753 2912 3825 Scriptura.
2949 3763 3009 3809 ut
3052 3754 3187 3810 nihil
3228 3754 3398 3810 menti
3430 3762 3633 3811 ιιοειιιιε
3656 3792 3674 3820 ,

2168 4083 2246 4208 (5)
2286 4083 2418 4168 Reg.
2445 4091 2633 4140 sextus
2679 4082 2965 4165 ὀλισθηρὸν
2996 4085 3091 4139 καὶ
3132 4085 3473 4173 εὐδιάχυτον.
3527 4084 3676 4143 Infra

2168 4182 2171 4201 ι
2196 4158 2247 4208 Ι).
2286 4169 2490 4208 nrtmus
2518 4154 2759 4208 νομίζειν
2782 4172 2876 4208 του
2902 4155 3063 4208 ἀέρος
3094 4155 3192 4208 τὴν
3220 4173 3397 4208 γυσιν.

2096 4153 2247 4228 Colla}
2276 4153 2759 4228 primus_vop._l§etv
2782 4153 2876 4208 τοῦ
2902 4155 3063 4228 ἀέρος
3094 4155 3192 4227 τὴν
3220 4153 3397 4228 χύσιν.

2170 4226 2244 4308 (4)
2275 4225 2451 4308 Editjp
2482 4225 2649 4308 Ba_sil_.
2676 4240 2799 4308 cupi
2828 4225 3436 4308 qttibus‘dattt‘Atislicis,
3460 4226 3667 4308 quibus

2102 4294 2422 4366 adiungendi
2450 4303 2577 4350 sunt
2606 4295 2711 4349 duo
2742 4294 2874 4350 Duc.
2914 4303 2969 4349 et
2997 4295 3153 4366 Regii
3195 4294 3419 4364 primus,
3457 4294 3674 4361 tertius,

2143 4365 2612 4435 uartus,‘_quintus
2664 4373 2721 4419 et
2752 4375 2939 4435 sextus
2980 4374 3036 4418 et
3073 4365 3225 4419 Bodl.
3271 4380 3393 4420 cum
3444 4374 3676 4435 atroque

2143 4381 2352 4429 uartus,
2389 4381 2612 4435 quintus
2664 4381 2721 4419 et
2752 4381 2939 4421 sexrus
2980 4381 3036 4418 et
3073 4381 3225 4419 DOGI.
3271 4381 3393 4420 cum
3444 4381 3676 4435 utroque

2101 4381 2269 4490 goisl.
2304 4432 2399 4487 τοῦ
2448 4433 2682 4488 σπέκλου
2719 4434 2882 4503 φύσις
2914 4452 2927 4465 ·
2978 4449 3140 4503 quam
3180 4435 3466 4490 lectionem
3520 4444 3677 4502 putat

2107 4506 2332 4559 Ducceus
2360 4507 2673 4559 mendosam
2708 4520 2827 4560 esse
2869 4513 3033 4572 atque
3072 4504 3346 4558 vitiosam.
3373 4503 3536 4569 Hinc,
3566 4506 3675 4558 nisi

2100 4574 2256 4628 valde
2281 4574 2460 4639 fallor,
2488 4573 2690 4627 factum
2715 4584 2818 4640 est,
2846 4583 2904 4627 ut
2934 4571 3099 4627 editio
3133 4573 3309 4627 Paris.
3340 4572 3534 4628 habeat
3577 4571 3674 4627 τοῦ

2103 4643 2433 4715 σπεκλαρίου
2477 4643 2659 4713 φύσις.
2716 4643 2913 4715 verum
2953 4658 3081 4715 non_
3117 4642 3277 4696 facile
3334 4642 3573 4715 adducar
3612 4653 3678 4697 ιιι

2101 4710 2501 4770 ετειΙιιηιέιιιη’
2524 4715 2721 4768 Βιιειεο
2753 4712 3038 4768 lectionem
3070 4711 3208 4765 hanc
3258 4710 3495 4765 σπέκλου
3536 4713 3678 4766 inter

2104 4784 2301 4839 menda
2342 4782 2728 4837 recensendam
2768 4796 2908 4837 esse.
2962 4780 3242 4836 Libentius
3300 4791 3377 4837 tot
3426 4782 3675 4836 codicum

2104 4868 2301 4920 sequor
2333 4854 2737 4918 auctoritatem,
2790 4852 3136 4921 arbitrorque
3192 4866 3378 4921 vocem
3434 4850 3676 4904 σπέκλου

2104 4919 2503 4979 substantivum
2565 4936 2705 4987 esse,
2753 4922 2896 4976 unde
2956 4919 3063 4976 voi
3118 4919 3385 4988 adjectiva
3437 4922 3680 4976 σπεκλά-

2106 5010 2221 5065 ριος
2255 4992 2563 5065 derivatur.
2582 4992 2649 5045 Et
2670 5005 2931 5065 verouvox
2961 4991 3268 5065 specularis,
3306 5006 3425 5065 qua;
3448 5006 3679 5065 respon-

2105 5060 2195 5118 det
2219 5063 2333 5117 voci
2362 5062 2720 5133 σπεκλάριος,
2740 5062 3003 5133 adjective
3031 5061 3269 5133 sumitu_r_
3288 5060 3426 5133 apud
3446 5060 3678 5116 Plinium

2104 5133 2200 5187 lib.
2243 5147 2485 5202 lll,dcap.
2513 5130 2603 5197 '51,
2634 5132 2726 5186 ubi
2754 5130 2867 5186 haec
2889 5130 3179 5202 leguntur:
3210 5131 3517 5186 Metellis...
3554 5140 3670 5202 tota

2105 5203 2268 5271 ferme
2311 5200 2572 5269 Hispania
2620 5211 2833 5258 scatet:
2871 5200 3101 5256 Citerior
3123 5212 3171 5271 et
3198 5201 3557 5269 specularibus
3596 5200 3678 5255 la-

2103 5270 2330 5343 pidibus.
2363 5272 2429 5325 Et
2454 5272 2547 5325 lib.
2576 5286 2692 5343 xst,
2718 5286 2839 5340 cap.
2872 5271 2939 5324 M
2974 5288 2987 5323 :
3026 5270 3199 5343 Multa
3231 5272 3463 5343 alvearia
3486 5287 3676 5343 specu-

2105 5340 2206 5396 lari
2220 5342 2393 5410 lapide
2413 5343 2596 5411 fecere.
2613 5341 2974 5411 Quamobrem
2997 5341 3283 5411 edidimus,
3300 5340 3375 5393 uti
3399 5342 3452 5394 in
3475 5341 3679 5411 codici-

2104 5414 2205 5468 bus
2234 5409 2363 5467 mss.
2396 5409 2612 5482 legitur,
2633 5413 2668 5483 ἦ
2697 5410 2730 5480 ἡ
2764 5410 2859 5464 τοῦ
2889 5410 3125 5483 σπέκλου
3148 5409 3344 5483 Αφύσις,
3365 5410 3479 5483 Aut
3500 5410 3677 5470 qualis

2104 5491 2178 5536 est
2209 5483 2366 5548 specli
2396 5480 2609 5544 natura,
2641 5480 2740 5535 hoc
2768 5491 2873 5546 est,
2898 5481 3184 5549 specularia
3228 5480 3443 5547 lapidis.

2177 5552 2252 5622 (5)
2282 5552 2420 5606 Edili
2456 5550 2877 5622 cumatiquibus
2924 5548 3058 5622 mss.
3083 5548 3193 5603 τῶν
3226 5549 3493 5622 οὐρανίων
3526 5567 3540 5581 ·
3579 5549 3677 5604 alii

2104 5620 2325 5693 quidam
2361 5637 2491 5693 mss.
2528 5620 2637 5693 τῶν
2664 5620 2927 5691 οὐρανῶν.
2962 5620 3083 5674 Mox
3139 5620 3307 5693 editio
3338 5621 3514 5693 Basil.
3547 5636 3675 5674 cum

2105 5689 2235 5747 mss.
2261 5691 2503 5760 plurimis
2535 5692 2672 5744 inter
2702 5689 2837 5759 quos
2873 5702 3226 5744 numerantur
3253 5689 3419 5747 Coisl.
3448 5700 3676 5761 uterque

2107 5772 2160 5820 et
2190 5761 2342 5819 Bodl.
2373 5761 2490 5815 οὐδέ
2521 5762 2590 5815 εἰ.
2631 5762 2808 5819 Editio
2842 5761 3013 5818 Paris.
3044 5760 3164 5815 οὐδὲ
3196 5761 3298 5816 ὅτι.
