4082 6218
442 343 515 401 63

1747 335 1805 393 S.
1845 335 2090 390 BASILII
2136 333 2352 391 MAGNI

3622 326 3697 381 οι

441 468 642 533 praeter
667 473 730 514 ea
762 470 882 529 qua:
910 469 1167 513 concessa
1198 461 1348 523 sunt,
1371 453 1748 527 permittamus
1778 453 2014 509 commi-

2134 452 2435 522 Γενηθήτω
2466 452 2788 523 στερέωμα,
2822 452 2924 506 οὐκ
2955 449 3167 522 εἴρηται
3200 445 3407 511 ἁπλῶς,
3438 444 3536 498 καὶ
3570 440 3698 511 ἐγέ-

442 552 601 611 nisci.
633 550 742 613 Nos
785 559 962 605 autem
990 564 1061 604 ne
1084 550 1189 604 hoc
1218 548 1433 618 quidem
1478 554 1744 602 annotare
1786 545 2014 599 omitta-

2118 562 2241 598 νετο
2271 545 2558 617 στερέωμα
2580 563 2594 576 ·
2621 545 2776 609 ἀλλὰ,
2792 545 2904 600 Καὶ
2929 544 3219 610 ἐποίησεν
3242 544 3274 595 ό
3298 537 3443 605 Θεὸς
3468 536 3535 591 τὸ
3557 551 3699 590 στε-

445 662 583 712 mus,
613 643 752 715 quod
784 652 1136 713 posteaquam
1166 648 1500 710 praeceperat
1534 639 1675 721 Deus
1705 655 1718 690 :
1756 636 1884 691 Fiat
1918 636 2016 704 ﬁr-

2134 635 2342 706 >ἐωμα·
2377 637 2473 691 καὶ
2503 636 2685 701 πάλιν,
2720 636 3073 705 Διεχώρισεν
3098 636 3131 687 ό
3170 632 3354 721 Θεός.
3390 628 3457 721 Ui.
3499 625 3696 721 κωφνὶ,

446 748 762 792 momentum
786 775 802 800 ,
831 750 937 790 nou
964 735 1167 789 dictqu
1194 744 1278 788 est
1304 733 1625 802 simpliciter
1659 747 1672 782 :
1710 730 1774 785 Et
1811 728 2015 782 factum

445 841 528 885 est
559 830 992 892 ﬁrmamentum;
1032 828 1151 890 sed,
1184 826 1251 881 Et
1278 826 1396 895 fecit
1426 825 1564 879 Deus
1591 823 2016 893 ﬁrmamentum;

445 929 500 975 et
545 936 760 976 rursum
801 937 816 974 :
871 919 1058 973 Divisit
1112 918 1270 972 Deus.
1308 917 1528 982 Audite,
1560 914 1730 978 surdi,
1772 924 1826 968 et
1866 912 2017 977 cmci,

446 1012 725 1081 suspicite.
760 1014 865 1070 Sed
893 1014 1080 1082 ecquis
1124 1011 1322 1066 surdus
1349 1019 1433 1064 est
1454 1049 1469 1071 ,
1511 1008 1616 1062 nisi
1650 1008 1693 1062 is
1715 1047 1730 1069 ,
1773 1005 1863 1075 qui
1897 1003 2019 1071 Spi-

445 1109 608 1164 ritum
650 1122 753 1161 non
793 1107 962 1172 audit,
1010 1119 1202 1173 magna
1247 1103 1380 1156 adeo
1421 1115 1552 1154 voce
1602 1097 2021 1153 inclamantem?

447 1201 647 1269 Ecquis
676 1214 806 1253 vero
837 1213 1011 1252 emeris
1040 1196 1161 1251 est?
1190 1194 1281 1248 llle
1313 1194 1431 1262 ipse
1459 1200 1542 1245 est
1572 1191 1663 1259 qui
1705 1196 1841 1244 adeo
1867 1190 2014 1245 clara

445 1292 516 1347 de
548 1290 834 1360 Uuigenito
862 1297 1175 1369 argumenta
1207 1300 1310 1338 non
1346 1282 1511 1335 videt.
1546 1278 1670 1332 Fiat
1716 1280 2021 1347 ﬁrmamen-

446 1388 583 1436 tum.
626 1381 749 1434 Haec
793 1395 895 1433 vox
929 1388 1010 1433 est
1052 1376 1322 1445 priiuarize
1364 1383 1418 1428 et
1460 1372 1772 1442 principalis
1816 1386 2017 1426 causae.

448 1464 601 1521 Fecit
635 1466 772 1520 Deus
798 1466 1204 1535 ﬁrmamentum.
1243 1462 1356 1516 Hoc
1396 1471 1479 1515 est
1522 1458 1811 1515 eﬁ‘ectricis
1837 1472 2024 1530 poten-

451 1562 540 1615 tiae
575 1569 736 1628 atque
764 1558 1045 1613 creatricis
1077 1556 1469 1611 testimonium.

523 1651 578 1705 5.
608 1650 713 1705 Sed
746 1649 811 1704 ad
843 1648 1341 1714 interpretationem
1364 1648 1781 1701 continuandam
1815 1660 2027 1701 sermo-

2118 729 2408 792 ἀκούσατε,
2440 730 2535 784 καὶ
2564 730 2612 782 οἱ
2640 728 2857 796 τυφλοὶ,
2879 724 3236 793 ἀναϐλέψατε.
3259 720 3371 775 Καὶ
3402 719 3487 782 τίς
3516 714 3698 784 κωφὸς

2119 821 2235 875 ἀλλ’
2261 823 2294 892 ἦ
2323 823 2351 874 ὁ
2377 821 2448 893 μὴ
2471 821 2682 876 ἀκούων
2706 821 2848 873 οὕτω
2874 815 3268 889 μεγαλοφὼνως
3291 809 3595 883 ἐμϐοῶντος
3617 807 3697 875 (θ)

2118 912 2213 968 τοῦ
2240 914 2584 985 Πνεύματος;
2614 914 2723 966 Καὶ
2748 913 2833 975 τίς
2864 909 3063 977 τυφλός
3089 925 3103 972 ;
3144 907 3205 961 '0
3238 904 3312 975 μὴ
3343 900 3544 974 ἐνορῶν
3576 900 3698 961 ταῖς

2120 1005 2291 1069 οὕτως
2349 1007 2607 1077 ἐναργέσι
2657 1006 2782 1076 περὶ
2834 1002 2930 1056 τοῦ
2982 997 3319 1067 Μονογενοῦς
3367 989 3690 1055 ἀποδείξεσι.

2121 1099 2439 1167 Γενηθήτω
2464 1097 2783 1165 στερέωμα.
2812 1095 2960 1163 Αὕτη
2994 1096 3028 1165 ή
3055 1092 3137 1162 (7)
3168 1088 3320 1160 φωνὴ
3361 1087 3461 1157 τῆς
3488 1098 3696 1153 προκα-

2120 1192 2418 1262 ταρκτικῆς
2449 1191 2643 1257 αἰτίας.
2686 1189 2999 1255 Ἐποίησεν
3034 1189 3067 1240 ό
3092 1183 3239 1248 Θεὸς
3274 1181 3342 1235 τὸ
3370 1175 3693 1245 στερέωμα.

2122 1280 2271 1351 Αὕτη
2293 1280 2391 1351 τῆς
2420 1280 2704 1351 ποιητικῆς
2721 1281 2812 1333 καὶ
2832 1274 3226 1351 δημιουργικῆς
3246 1270 3526 1342 δυνάμεως
3557 1281 3700 1336 μαρ-

2123 1390 2304 1445 τυρια.

2195 1647 2249 1702 5.
2286 1644 2423 1699 Ἀλλ’
2451 1643 2543 1697 ἐπὶ
2583 1643 2653 1696 τά
2692 1639 2889 1710 συνεχῆ
2921 1639 3019 1710 τῆς
3066 1637 3375 1707 ἐξηγήσεως
3418 1634 3508 1687 τὸν
3543 1598 3719 1701 λδοίᾶἷ

451 1758 573 1798 nem
602 1755 939 1796 revocemus.
973 1739 1053 1795 Sit
1093 1740 1417 1807 discernens,
1446 1741 1644 1811 inquit,
1675 1742 1812 1794 inter
1833 1757 2024 1810 aquam

2134 1738 2587 1808 ὲπαναγάγωμεν.
2613 1736 2811 1788 Ἔστω
2851 1729 3215 1816 διαχωρίζον,
3245 1727 3430 1816 φησὶν,
3460 1723 3578 1780 ἀνὰ
3597 1722 3703 1793 μέ-

448 1842 499 1887 et
537 1848 747 1903 aquam.
777 1831 991 1886 Inﬁnita
1022 1840 1164 1895 erat,
1195 1841 1253 1885 ut
1286 1831 1536 1897 videtur,
1572 1846 1834 1901 aquarum
1878 1829 2015 1884 eﬁ'u-

2134 1846 2243 1883 σον
2270 1829 2489 1894 ὕδατος
2534 1825 2634 1880 καὶ
2664 1815 2904 1890 ὕδατος.
2950 1824 3210 1894 Ἀπειρος
3261 1821 3361 1892 μὲν
3396 1815 3484 1891 ἦν,
3521 1818 3598 1881 ὡς
3621 1816 3702 1888 (8)

453 1924 554 1987 sio,
594 1938 717 1977 cum
759 1936 1170 1992 quaquaversus
1197 1921 1527 1977 inundarent
1571 1932 1795 1989 terram,
1826 1936 1892 1977 ac
1929 1937 2023 1977 su-

454 2029 546 2083 pra
579 2014 750 2083 ipsam
808 2013 1272 2083 suspenderentur
1307 2034 1319 2070 :
1382 2014 1457 2069 ita
1495 2023 1554 2068 ut
1604 2014 1751 2083 ipsas
1792 2014 1934 2068 inter
1971 2021 2028 2068 et

451 2118 653 2160 cetera
679 2105 946 2159 elementa
972 2103 1217 2157 videatur
1244 2117 1368 2159 esse
1393 2104 1670 2173 proportio
1700 2103 1865 2158 nulla.
1905 2104 2030 2158 Pro-

454 2204 641 2265 pterea
669 2196 814 2250 enim
847 2193 1128 2247 dicebatur
1165 2202 1326 2248 antea
1360 2193 1589 2265 abyssus
1633 2202 1837 2248 terram
1872 2195 2031 2248 undi-

455 2302 560 2354 que
608 2284 1053 2341 circumdedisse.
1104 2283 1302 2341 Verum
1358 2286 1475 2357 ejus
1514 2288 1684 2356 capia!
1717 2301 1938 2342 causam
1974 2288 2028 2343 in

451 2376 810 2448 sequentibus
834 2377 1174 2447 proferemus
1200 2378 1255 2432 in
1275 2378 1530 2433 medium.
1561 2377 1813 2434 Profecto
1847 2389 2027 2433 autem

459 2485 619 2525 nemo
646 2480 911 2535 vestrum,
951 2485 1017 2525 ne
1049 2484 1237 2526 eorum
1278 2470 1496 2539 quidem
1535 2471 1626 2540 qui
1666 2479 1898 2525 mentem
1933 2469 2031 2524 ba-

456 2562 588 2617 bent
609 2560 762 2617 valde
782 2561 1155 2627 exercitatam,
1170 2570 1331 2631 atque
1356 2561 1410 2616 in
1448 2561 1553 2617 hac
1578 2564 1792 2618 mortali
1816 2570 1870 2618 et
1886 2562 2029 2617 ﬂuxa

459 2661 651 2708 natura
674 2661 831 2709 acute
864 2653 1064 2719 vident,
1085 2653 1396 2724 opinionem
1422 2655 1562 2710 hanc
1592 2654 1839 2723 impetet,
1873 2654 2029 2724 quasi

460 2758 549 2799 res
580 2757 699 2811 qua:
725 2742 1023 2799 secundum
1052 2744 1318 2799 rationem
1353 2743 1470 2798 ﬁeri
1510 2758 1619 2799 non
1654 2755 1902 2815 possunt,
1938 2753 2032 2800 aut

456 2848 580 2904 qua:
610 2835 992 2889 commentitus
1027 2842 1174 2900 sunt,
1196 2849 1560 2905 proponamus
1597 2853 1610 2889 :
1642 2851 1815 2905 neque
1859 2851 1890 2890 a
1931 2850 2031 2892 uo-

460 2925 544 2979 bis
565 2925 765 2996 exiget,
804 2934 865 2979 ut
892 2925 1003 2995 27
1050 2940 1214 2994 supra
1257 2941 1367 2996 quo
1411 2924 1586 2981 fulcro
1629 2937 1822 2982 natura
1872 2943 2034 2998 aqua-

461 3032 580 3070 rum
621 3015 834 3071 ﬁrmata
880 3018 976 3080 sit,
1024 3017 1413 3087 disquiramus.
1462 3018 1578 3085 Qua
1630 3021 1774 3074 enim
1819 3023 2032 3076 ratione

462 3118 664 3163 terram
691 3123 832 3179 aqua
856 3108 1158 3177 graviorem
1206 3109 1278 3165 ab
1309 3111 1569 3166 extremis
1594 3111 1865 3167 abducunt
1895 3123 1951 3167 et
1975 3113 2029 3167 in

463 3197 639 3251 medio
670 3197 930 3266 pensilem
957 3197 1224 3254 collocant
1262 3216 1279 3254 :
1331 3201 1520 3255 eadem
1571 3216 1704 3257 sam
1728 3202 1954 3257 omnino
1978 3213 2032 3257 et

464 3286 730 3341 inﬁnitam
748 3287 893 3342 illam
913 3303 1109 3357 aquam
1139 3300 1250 3343 tum
1279 3301 1499 3360 propter
1520 3292 1821 3347 naturalem
1840 3308 2033 3362 quem-

464 3379 588 3432 dam
620 3377 872 3433 deorsum
905 3394 1097 3435 versus
1136 3380 1418 3450 impetum,
1446 3391 1555 3436 tum
1586 3393 1805 3452 propter
1828 3385 2036 3453 aequale

464 3482 533 3523 ex
564 3469 713 3523 omni
758 3483 915 3539 parte
959 3473 1208 3540 pondus,
1251 3474 1457 3527 circum
1501 3484 1703 3529 terram
1748 3476 2037 3544 quiescere

462 3561 777 3618 concessuri
817 3571 959 3617 sunt.
994 3561 1163 3633 [gitur
1204 3571 1364 3619 terra:
1408 3566 1744 3623 circumfusa
1790 3582 1909 3625 erat
1937 3570 2040 3624 im-

465 3669 652 3712 mensa
677 3669 831 3724 aqua:
854 3664 1074 3721 natura,
1110 3670 1211 3711 nec
1242 3665 1420 3711 tamen
1451 3658 1551 3726 ipsi
1586 3674 1710 3713 cum
1743 3675 1804 3714 ea
1859 3662 2041 3716 inerat

464 3746 764 3817 proportio,
789 3748 883 3802 sed
906 3763 1025 3802 eam
1054 3748 1217 3817 longe
1249 3752 1564 3817 superabat,
1606 3750 1801 3821 opiﬁce
1834 3768 2036 3823 magno

463 3837 709 3893 futurum
746 3838 825 3894 sic
860 3838 1014 3893 initio
1052 3838 1411 3907 prospiciente
1440 3858 1453 3894 :
1501 3854 1566 3893 ac
1600 3852 1819 3912 propter
1842 3860 2036 3899 neces-

467 3931 683 3986 sitatem
716 3940 1134 4001 consequentem
1165 3933 1335 4000 prima
1369 3933 1679 3989 ordinante.
1705 3934 1845 4002 Quid
1878 3938 2041 4007 igitur

470 4024 766 4092 opus‘erat,
806 4031 866 4076 ut
893 4036 1033 4091 aqua
1079 4022 1310 4090 amplius
1347 4037 1507 4092 quam
1543 4024 1649 4079 dici
1690 4035 1850 4094 queat
1875 4042 2043 4082 exsu-

468 4110 739 4180 peraret?
788 4109 1056 4177 Quoniam
1099 4111 1239 4177 ignis
1258 4113 1560 4167 substantia
1608 4118 1917 4171 necessaria
1960 4128 2047 4175 est

472 4199 751 4264 universo,
776 4214 882 4254 nou
903 4201 972 4255 ad
993 4202 1396 4257 constituendas
1426 4203 1597 4258 solum
1619 4220 1706 4261 res
1734 4216 2041 4276 terrestres,

2128 1922 2292 1986 ἔοικε,
2323 1920 2432 1972 τῶν
2466 1919 2673 1972 ὑδάτων
2709 1917 2746 1987 ἡ
2783 1914 2963 1986 χύσις,
3025 1911 3360 1983 πανταχόθεν
3404 1911 3702 1980 ἐπικυμαι-

2127 2015 2325 2069 νόντων
2356 2016 2422 2083 τῇ
2451 2015 2521 2083 γῇ
2544 2012 2638 2065 καὶ
2669 2008 3136 2080 ἀπαιωρουμὲνων
3166 2006 3355 2077 αὐτῆς·
3381 2004 3457 2069 ὼς
3480 2005 3574 2058 καὶ
3600 2002 3705 2076 τὴν

2128 2107 2265 2179 πρὸς
2302 2106 2371 2159 τὰ
2399 2105 2533 2159 ἄλλα
2581 2104 2821 2173 στοιχεῖα
2852 2102 3028 2155 δοκεῖν
3071 2098 3360 2167 ἀναλογίαν
3408 2095 3701 2149 ἐκϐαίνειν.

2128 2198 2229 2252 Διὰ
2256 2196 2417 2251 τοῦτο
2449 2195 2559 2269 γὰρ
2592 2197 2651 2250 ὲν
2687 2197 2799 2258 τοῖς
2842 2193 3069 2247 κατόπιν
3114 2191 3330 2259 ἐλέγετο
3363 2188 3596 2250 ἄϐυσσος
3625 2185 3703 2258 (9)

2129 2288 2464 2361 πανταχϋθεν
2494 2285 2919 2358 περιϐεϐλῆσθαι
2961 2286 3026 2355 τῇ
3050 2286 3144 2354 γῇ.
3175 2281 3286 2353 Τὴν
3310 2280 3368 2333 δὲ
3404 2278 3587 2333 αἰτίαν
3609 2273 3705 2331 τοῦ

2130 2379 2366 2451 πλήθους
2393 2380 2452 2431 ὲν
2481 2379 2594 2440 τοῖς
2624 2375 2752 2446 ἑξῆς
2794 2371 3167 2443 ἀποδώσομεν.
3202 2369 3426 2427 Πάντως
3445 2365 3502 2419 δὲ
3532 2363 3707 2427 οὐδεὶς

2130 2472 2285 2545 ὑμῶν
2317 2471 2440 2525 οὐδὲ
2471 2469 2581 2541 (10)
2623 2468 2731 2522 τῶν
2760 2466 2902 2520 πάνυ
2951 2461 3383 2535 κατησκημένων
3415 2458 3506 2512 τὸν
3556 2454 3706 2519 νοῦν,

2130 2564 2227 2619 καὶ
2258 2563 2387 2634 περὶ
2410 2561 2510 2633 τὴν
2536 2557 2899 2630 φθειρομένην
2922 2553 3135 2625 ταύτην
3158 2552 3253 2607 καὶ
3280 2549 3512 2621 ῥέουσαν
3538 2547 3704 2616 φύσιν

2130 2651 2540 2720 ὀξυωπούντων,
2574 2647 2869 2720 ἐπισκήψει
2903 2647 2970 2717 τῇ
3003 2644 3130 2716 δόξῃ
3179 2643 3314 2714 (Η),
3362 2641 3439 2704 ὡς
3472 2638 3707 2693 ἀδύνατα

2131 2746 2166 2818 ἢ
2191 2741 2558 2816 πλασματώδη
2599 2738 3003 2810 ὑποτιθεμένων
3049 2734 3190 2789 κατὰ
3237 2734 3332 2787 τὸν
3368 2732 3542 2801 λόγον’
3586 2728 3710 2784 οὐδὲ

2132 2838 2426 2908 ἀπαιτήσει
2471 2834 2622 2905 ἡμᾶς
2663 2829 2914 2893 εὐθύνας,
2974 2827 3066 2881 ἐπὶ
3102 2827 3246 2891 τίνος
3280 2828 3313 2897 ἡ
3355 2824 3464 2877 τῶν
3503 2821 3710 2876 ὑδάτων

2131 2929 2368 3000 ήδραστο
2398 2924 2509 2995 (l2)
2534 2922 2713 2992 φύσις.
2742 2915 2815 2992 ’ᾯ
2847 2918 2956 2991 γὰρ
2982 2917 3126 2987 λόγῳ
3152 2916 3246 2987 τὴν
3272 2916 3375 2986 γῆν
3407 2912 3711 2986 βαρυτέραν

2131 3017 2296 3075 οὖσαν
2319 3017 2415 3071 τοῦ
2447 3015 2637 3079 ὓδατος
2663 3009 3005 3084 άπαιωροῦσι
3022 3007 3117 3064 τοῦ
3144 3008 3308 3080 μέσου
3330 3006 3438 3061 τῶν
3468 3005 3711 3077 ἐσχάτων

2134 3114 2458 3182 ἀπάγοντες,
2500 3107 2579 3179 τῷ
2627 3105 2776 3177 αὐτῷ
2824 3104 2994 3177 δήπου
3052 3103 3271 3166 πάντως
3312 3101 3406 3155 καὶ
3432 3100 3494 3154 τὸ
3525 3098 3712 3172 μυρίον

2137 3204 2281 3276 ὕδωρ
2311 3203 2487 3257 ἐκεῖνο
2518 3199 2607 3254 διά
2635 3216 2695 3252 τε
2730 3197 2829 3269 τὴν
2863 3195 3006 3251 κατὰ
3034 3195 3195 3266 φύσιν
3219 3194 3313 3247 ἐπὶ
3344 3193 3406 3246 τὸ
3435 3192 3585 3246 κάτω
3618 3208 3714 3260 φο-

2138 3296 2238 3369 ρὰν
2264 3295 2358 3349 καὶ
2385 3292 2473 3348 διὰ
2496 3292 2594 3363 τὴν
2621 3288 2956 3360 πανταχόθεν
2988 3287 3303 3360 ἰσορροπίαν
3330 3284 3459 3357 περὶ
3491 3284 3585 3356 τὴν
3610 3283 3713 3355 γῆν

2135 3390 2395 3461 ἀτρεμεῖν
2430 3386 2893 3457 συγχωρήσουσιν.
2919 3382 3127 3437 Οὐκοῦν
3159 3381 3387 3444 ἄπλετος
3407 3381 3441 3451 ή
3469 3378 3564 3432 τοῦ
3588 3377 3715 3431 ὕδα-

2136 3498 2227 3544 τος
2274 3479 2435 3549 φύσις
2478 3480 2547 3549 τῇ
2577 3480 2647 3548 γῇ
2682 3474 3038 3548 περιεκέχυτο
3079 3473 3211 3545 (15),
3234 3473 3357 3543 οὐχὶ
3388 3471 3714 3542 συμμέτρως

2139 3572 2335 3644 ἔχουσα
2369 3570 2508 3645 πρὸς
2528 3572 2721 3642 αὐτὴν,
2758 3567 2874 3622 ἀλλ’
2908 3570 2988 3631 είς
3018 3567 3080 3619 τὸ
3122 3563 3518 3620 πολλαπλάσιον
3548 3562 3717 3633 ὑπερ·

2140 3665 2432 3726 ϐάλλουσα,
2492 3661 2666 3726 οὕτως
2716 3656 2775 3728 ἐξ
2822 3660 2997 3733 ἀρχῆς
3051 3658 3149 3712 τοῦ
3187 3656 3421 3730 μεγάλου
3473 3655 3713 3725 τεχνίτου

2140 3755 2584 3830 προϐλεψαμένου
2611 3754 2672 3808 τὺ
2708 3752 2918 3825 μέλλον,
2948 3751 3043 3805 καὶ
3068 3750 3158 3805 διὰ
3184 3751 3282 3822 τὴν
3304 3748 3502 3819 ἐφεξῆς
3530 3746 3717 3819 χρείαν

2140 3849 2211 3903 τὰ
2238 3848 2431 3923 πρῶτα
2486 3847 2825 3919 διαθεμένου.
2879 3846 2976 3910 Τίς
3019 3840 3112 3899 οὖν
3136 3843 3295 3915 χρεία
3318 3842 3412 3897 τοῦ
3440 3841 3716 3913 ἀμύθητον

2143 3942 2267 3997 ὅσον
2316 3940 2673 4014 ὑπερϐάλλειν
2713 3939 2773 3993 τὸ
2812 3938 2989 4010 ὕδωρς
3045 3937 3265 4008 Ἐπειδὴ
3311 3934 3584 4003 ἀναγκαία
3639 3929 3717 4001 τῷ

2145 4037 2309 4090 παντὶ
2358 4033 2453 4088 τοῦ
2501 4033 2673 4105 πυρὸς
2701 4034 2735 4104 ἡ
2765 4031 2941 4091 οὐσία,
2986 4029 3047 4082 οὐ
3096 4028 3254 4100 μόνον
3284 4025 3422 4098 πρὸς
3468 4024 3565 4096 τὴν
3609 4021 3717 4075 τῶν

2146 4127 2439 4201 περιγείων
2467 4126 2799 4197 οἰκονομίαν,
2845 4122 2982 4178 ἀλλὰ
3022 4121 3114 4176 καὶ
3155 4120 3294 4192 πρὸς
3337 4119 3435 4190 τήν
3470 4116 3712 4188 συμπλή-

2148 4239 2314 4294 ρωσιν
2334 4220 2427 4274 τοῦ
2456 4221 2674 4284 παντός.
2698 4216 2933 4273 Κολοϐὺν
2972 4216 3080 4288 γὰρ
3108 4215 3173 4270 ἂν
3210 4209 3277 4285 ἦν
3306 4211 3367 4266 τὸ
3391 4212 3508 4267 ὅλον
3536 4209 3614 4264 ἑνὶ
3639 4207 3715 4278 τῷ

3724 1576 3843 1599 HF,”

473 4292 569 4348 sed
598 4293 664 4346 ad
688 4293 996 4349 universum
1015 4295 1177 4349 etiam
1205 4293 1602 4364 complendum.
1638 4296 1772 4353 Nam
1797 4301 2033 4357 mutilum

2150 4292 2393 4384 μεγίστῳ
2427 4312 2521 4366 καὶ
2553 4309 2898 4382 καιριωτάτῳ
2922 4308 3137 4361 πάντων
3169 4304 3280 4375 (id)
3313 4303 3575 4356 ἐλλεῖπον.
3596 4300 3843 4389 Ἀνὴρ-ν

472 4394 619 4440 esset
644 4393 838 4451 totum,
863 4385 909 4440 si
942 4401 1051 4441 uno
1081 4387 1185 4442 hoc
1217 4387 1452 4442 maximo
1489 4396 1545 4444 et
1574 4391 1816 4446 omnium
1850 4407 2048 4464 oppor-

2147 4404 2432 4475 τικείμενα
2470 4403 2526 4457 δὲ
2550 4403 2723 4457 ταῦτα
2768 4401 3036 4473 ἀλλήλοις,
3075 4399 3169 4453 καὶ
3213 4394 3509 4468 φθαρτικὸν
3535 4393 3717 4477 ἕτερον

474 4479 764 4534 tunissimo
815 4478 1083 4535 elemento
1133 4479 1538 4536 destitueretur.
1573 4480 1692 4538 Jam
1754 4498 1881 4541 vero
1933 4487 2033 4543 han

2151 4496 2245 4552 τοῦ
2267 4496 2474 4569 ἑτέρου·
2503 4495 2615 4567 πῦρ
2649 4495 2749 4567 μὲν
2778 4494 2874 4549 τοῦ
2929 4492 3139 4556 ὓδατος.
3179 4491 3306 4544 ὅταν
3335 4488 3605 4559 ἐπικρατῇ
3628 4484 3718 4538 δυ-

475 4571 578 4626 sibi
610 4580 796 4626 mutuo
829 4573 1186 4627 adversantur
1274 4581 1330 4626 et
1381 4572 1609 4630 alterum
1650 4574 1873 4633 alterius
1901 4580 2033 4649 parit

2150 4589 2330 4661 νάμειο
2371 4588 2515 4660 ὕδωρ
2553 4588 2611 4642 δὲ
2648 4586 2841 4659 πυρὸς,
2877 4586 3005 4641 ὅταν
3029 4579 3341 4655 ὑπερϐάλλῃ
3383 4577 3464 4651 τῷ
3505 4576 3714 4649 πλήθει.

542 4777 788 4860 (6)1393,
836 4780 1057 4860 quiqtus
1089 4781 1365 4860 βοῶντος.
1411 4785 1621 4860 Ibidem
1647 4785 1800 4860 (ξορα
1843 4790 1930 4855 τίς
1983 4791 2037 4846 in

477 4849 758 4930 nonnullis
790 4865 919 4905 mss.
949 4849 1206 4930 Hoc_ips_o
1237 4854 1289 4909 in
1322 4856 1442 4930 loco
1467 4857 1678 4930 Anglici
1712 4857 1833 4930 libri
1867 4849 1980 4915 ἀλλ’
2013 4864 2042 4917 ὁ

500 4918 786 5000 μὴμὲν-ορῶν
809 4935 825 4950 ο
853 4935 1014 5000 quam
1060 4918 1342 5000 lectionem
1395 4918 1614 5000 lectioni
1645 4927 1878 4998 vulgatae
1907 4947 2045 5000 pra:-

505 4991 589 5042 ‘ert
630 4989 875 5059 Dircaeus.
907 4989 1013 5045 Sed
1057 5003 1185 5059 puto
1220 4996 1397 5051 virum
1427 4997 1650 5050 doctum
1676 4989 1920 5057 scribere
1946 5017 2045 5056 v0-

479 5058 649 5136 i_uisse
684 5075 699 5112 :
731 5058 844 5113 ἀλλ’
869 5059 904 5131 ἢ
943 5061 979 5136 ᾖ
1031 5058 1105 5136 μὴ
1157 5063 1380 5136 ἐνορῶν.
1432 5063 1571 5122 Editi
1629 5081 1750 5120 cum
1787 5070 2049 5127 ambobus

480 5129 703 5251 2:223?
732 5144 854 5185 cum
883 5129 1109 5202 reliquis
1133 5129 1330 5192 nostris
1377 5152 1512 5193 mss.
1543 5135 1868 5206 simpliciter
1906 5143 1935 5195 ὁ
1974 5140 2050 5213 μὴ

513 5215 704 5253 νοοων.

555 5268 762 5345 (7)_Sic_
791 5269 958 5345 aliqui
1000 5287 1132 5345 mss.
1154 5274 1376 5345 Abesth
1412 5276 1480 5331 ab
1509 5279 1691 5336 editis.
1733 5279 1927 5335 Statim
1957 5295 2051 5337 c0-

479 5337 585 5393 dex
614 5337 859 5413 Combef.
884 5337 1174 5413 ποιητικῆς
1197 5344 1290 5399 τοῦ
1323 5337 1455 5399 Ϊδὶοὖ
1483 5348 1596 5403 καί.
1636 5349 1748 5406 Nec
1777 5350 1850 5403 ita
1883 5352 2051 5407 multo

483 5416 607 5477 post
662 5409 815 5464 multi
876 5409 1011 5467 mss.
1063 5409 1519 5488 ἐπαναγάγωμεν.
1566 5419 1709 5476 Editi
1756 5419 2050 5490 ἐπανάγω-

518 5547 899 5632 τ(8).1ιο“ι]ιεε.
932 5551 1176 5632 plerique
1217 5569 1424 5611 omnes.
1458 5556 1892 5632 Editi_’_'A1:at_p0;
1943 5561 2044 5632 μὲν

485 5617 719 5702 obnube.
748 5619 870 5702 alcon:
897 5617 1025 5702 editi
1066 5617 1188 5702 cum
1234 5640 1391 5702 mss.
1430 5628 1700 5702 nonnullis
1748 5617 1957 5684 ὺδάτὶοά
2011 5632 2048 5702 ἡ

489 5685 699 5812 ἓξὲξ-ἆ.
718 5689 810 5745 alii
836 5691 1052 5761 quidam
1072 5693 1285 5752 codices
1302 5695 1509 5753 ὑδάτων
1526 5698 1560 5769 ἡ
1587 5698 1769 5768 φύσις,
1790 5685 2050 5771 aquarum

2216 4796 2292 4869 (9)
2320 4795 2455 4867 Reg.
2485 4806 2669 4853 sextus
2710 4797 2929 4869 ἐλέγετο
2962 4794 3214 4850 ἄϐυσσον.
3254 4790 3399 4848 Infra
3441 4789 3598 4849 Colb.
3627 4805 3719 4847 se-

2147 4867 2356 4939 cundus
2390 4870 2448 4922 ὲν
2478 4870 2592 4939 τοῖς
2617 4867 2836 4939 ἑφεξῆς.

2221 4937 2335 5006 (10)
2358 4939 2537 4993 Editio
2572 4930 2743 4992 Basil.
2766 4930 2822 4992 et
2867 4951 2961 4992 sex
2998 4950 3132 4990 mss.
3158 4933 3334 4997 οὐδεὶς
3358 4933 3538 5005 ἡμῶν,
3573 4930 3716 5006 ορδέ.

2152 5002 2336 5077 Colles
2362 5007 2606 5063 Combel‘.
2654 5017 2706 5061 et
2762 5007 2913 5077 Begil
2943 5015 3126 5077 sextus
3177 5015 3233 5058 et
3273 5002 3512 5077 octavus
3549 5002 3723 5065 οὐδεὶς

2158 5075 2333 5147 ὑμῶν,
2365 5078 2505 5132 οὐδέ.
2536 5077 2713 5133 Ειιίιίο
2758 5072 2934 5130 Paris.
2981 5075 3177 5147 οὐδεὶς.
3232 5073 3375 5128 οὐδὲ.
3431 5072 3724 5142 Aliquanto

2156 5145 2280 5219 post
2301 5147 2458 5219 βου).
2487 5149 2754 5219 secundus
2787 5147 3016 5219 ῥέουσαν
3050 5145 3266 5214 σοφίαν.

2230 5217 2343 5288 (ll)
2371 5216 2625 5288 Sickmss.
2655 5209 2897 5288 plerique
2953 5209 3300 5288 omnes_cum
3354 5212 3594 5288 editione
3629 5209 3727 5288 B_a-

2157 5281 2248 5341 sil."
2268 5281 2446 5343 Editio
2473 5281 2737 5359 Parisﬁeﬁ
2765 5285 2893 5360 δόξῃ
2935 5286 3114 5358 ἡμῶν.
3151 5284 3317 5348 Bene,
3348 5284 3445 5338 sed
3499 5296 3605 5337 non
3646 5281 3730 5336 fa-

2156 5366 2285 5411 vent
2313 5372 2444 5412 mss.

2227 5426 2338 5497 (η)
2371 5426 2504 5498 Reg.
2535 5436 2720 5498 sextus
2767 5425 3051 5498 ἥδρασται.
3078 5425 3385 5498 Aliquanto
3406 5428 3531 5498 post
3585 5420 3726 5476 idem

2154 5493 2576 5568 πιεζάπάγοντες
2604 5497 2698 5550 καὶ
2721 5493 2819 5568 τὴν
2843 5493 3014 5568 μέσην
3041 5496 3229 5549 στάσιν
3254 5495 3390 5566 αὐτῇ
3402 5493 3653 5560 διδόντες,
3677 5500 3729 5545 et

2153 5567 2387 5619 medium
2411 5568 2573 5619 situm
2598 5569 2645 5620 ei
2680 5567 2994 5621 tribuentes.

2382 5635 2659 5708 Siemulti
2689 5653 2815 5692 mss.
2849 5638 2985 5708 Editi
3013 5635 3359 5708 περικέχυτο.

2207 5674 2346 5786 ,ὶὶῐς
2382 5674 2830 5788 ἓξίυξῖῖὲἓυὶὶὶῖῖιὲ
2849 5674 3586 5780 ἕὲὶἱ”κέἱξλ¹ῖιζῗτὲι¹θτ“ᾦ”ἒτάντων,
3617 5718 3729 5759 om.

2164 5790 2311 5830 mum
2339 5787 2629 5847 potissimo.
