4082 6218
381 306 452 362 65
1518 301 1803 357 IIOMILIA
1841 299 1910 355 III
1952 299 2018 355 IN
2060 300 2555 358 I-IEXAES’IERON.
3562 304 3631 357 66

386 421 535 474 Ἔδει
557 420 613 474 δὲ
641 419 778 490 μήτε
811 417 997 471 στάσιν
1037 413 1175 471 εἶναι
1223 418 1358 488 πρὸς
1395 419 1616 490 ἄλληλα,
1656 421 1790 490 μήτε
1815 423 1870 472 ἐν
1896 421 1960 490 τῇ

2069 418 2512 487 corruptionem:
2559 419 2861 486 corrumpit
2914 420 3167 473 nimirum
3213 433 3408 488 aquam
3446 420 3586 489 ignis
3613 459 3630 486 ,

382 512 635 569 παντελεῖ
656 511 748 564 τοῦ
782 511 970 582 ἐτέρου
1001 511 1239 581 ἐκλείψει
1275 513 1524 586 ἀφορμὴν
1554 513 1964 582 παρασχεοῆναι

381 603 460 674 τῷ
492 604 655 656 παντὶ
699 602 836 674 πρὸς
873 601 1134 656 διάλυσιν.
1187 603 1467 674 Τοσαύτην
1499 603 1609 675 (15)
1659 605 1752 658 τοῦ
1799 605 1965 675 ὑγροῦ

380 693 480 763 τὴν
510 691 672 762 φύσιν
690 689 988 768 οἰκονομῶν
1016 691 1076 744 τὸ
1123 694 1231 745 πᾶν
1246 694 1604 764 προαπέΟετο,
1640 693 1782 747 ὥστε
1807 695 1966 765 μέχρι

379 783 489 836 τῶν
535 783 887 853 τεταγμένων
940 783 1080 852 ὅρων
1123 783 1224 853 τῆς
1257 783 1350 836 τοῧ
1404 784 1609 854 κόσμου
1657 785 1966 847 συστάσεως

379 871 523 925 κατά
571 870 768 942 μικρὸν
797 874 863 942 τῇ
899 870 1246 941 δυνάμειτοῦ
1281 873 1450 943 πυρὸς
1486 872 1966 945 ὲξαναλισκόμενον

379 963 675 1034 ἀντισχεῖν.
723 963 782 1014 ’0
811 963 988 1016 τοίνυν
1031 963 1242 1017 ἅπαντα
1277 966 1498 1038 σταθμῷ
1525 967 1620 1018 καὶ
1649 967 1829 1038 μέτρῳ
1855 966 1966 1019 δια-

377 1053 679 1125 ταξάμενος
704 1053 1025 1126 (άριθμηταὶ
1054 1054 1163 1126 γάρ
1182 1057 1349 1127 αὑτῷ,
1395 1057 1535 1110 κατὰ
1568 1059 1658 1111 τὸν
1704 1058 1843 1123 Ἰὼϐ,
1871 1059 1966 1111 καὶ

383 1147 642 1216 σταγόνες
684 1149 820 1202 εἰσὶν
873 1147 1050 1218 ὑετοῦ)
1082 1148 1197 1219 ᾔδει
1231 1151 1392 1203 πόσον
1425 1149 1504 1221 τῷ
1533 1151 1720 1221 κόσμῳ
1776 1151 1965 1221 χρόνον

380 1237 663 1309 ἀφώρισεν
714 1239 795 1304 είς
855 1238 1138 1310 διαμονὴν,
1197 1241 1292 1294 καὶ
1349 1241 1518 1312 πόσην
1559 1243 1664 1312 χρὴ
1709 1241 1965 1314 τῷέπυρὶ

379 1329 786 1402 προαποθέσθαι
812 1330 1078 1402 δαπάνην.
1107 1326 1277 1397 Οὗτος
1309 1335 1336 1386 6
1366 1333 1522 1402 λόγος
1539 1335 1638 1405 τῆς
1658 1336 1752 1388 τοῦ
1776 1334 1965 1398 ὓδατος

379 1427 698 1496 περιουσίας
723 1427 866 1480 κατά
899 1426 996 1497 τὴν
1052 1426 1248 1478 κτίσιν.
1295 1424 1454 1476 Ἀλλὰ
1507 1425 1612 1494 μὴν
1661 1425 1722 1477 τό
1768 1442 1831 1492 γε
1870 1426 1963 1478 τοῦ

380 1520 552 1590 πυρὸς
583 1521 881 1588 ἀναγκαῖον
931 1519 1010 1590 τῷ
1053 1520 1266 1590 κόσμῳ,
1300 1519 1475 1581 οὐδεὶς
1509 1517 1682 1580 οὕτως
1721 1518 1824 1584 ἔξω
1868 1520 1963 1572 τοὺ

381 1607 497 1678 βίου
523 1594 890 1676 παντάπασιν,
923 1609 1065 1663 ὥστε
1092 1611 1192 1680 τῆς
1224 1611 1288 1662 ἐκ
1319 1607 1414 1661 τοῦ
1437 1609 1598 1676 λόγου
1618 1609 1965 1673 διδασκαλίας

379 1699 751 1770 προσδεῖσθαι·
788 1701 849 1754 οὑ
894 1701 1056 1770 μόνον
1087 1701 1168 1754 ὅτι
1208 1702 1265 1754 αἱ
1319 1702 1630 1754 συνεκτικαὶ
1667 1702 1766 1772 τῆς
1818 1701 1965 1772 ζωῆς

2068 525 2189 564 cum
2233 518 2453 579 praestat
2493 509 2747 564 viribus:
2805 509 3038 562 destruit
3073 525 3202 564 vero
3249 510 3427 580 ignem
3470 525 3631 580 aqua,

2068 617 2188 655 cum
2222 601 2374 671 c0pia
2419 601 2696 672 prmvalet.
2727 600 3022 670 Oportebat
3075 611 3254 655 autem
3295 615 3470 672 neque
3499 603 3637 658 sedi-

2071 693 2271 746 tionem
2301 692 2444 745 intcr
2474 706 2533 746 se
2572 705 2713 756 esse,
2755 705 2926 758 neque
2968 691 3340 745 dissolutionis
3382 693 3496 746 dari
3541 708 3636 747 oc-

2067 785 2342 839 casionem
2374 785 2650 850 universo,
2689 786 2757 838 ob
2793 785 3054 854 integrum
3087 784 3309 839 alterius
3337 783 3632 838 defectum.

2067 872 2296 928 Tantam
2335 875 2581 929 humoris
2616 883 2864 928 naturam
2898 874 3184 943 praestituit
3238 875 3401 928 totius
3439 874 3634 944 guber-

2067 978 2248 1035 nator,
2276 979 2336 1023 ut
2373 985 2545 1038 usque
2590 971 2660 1035 ad.
2712 979 2944 1024 statutos
2999 969 3401 1024 constitutionis
3446 969 3634 1024 mundi

2069 1062 2328 1117 terminos
2351 1101 2367 1127 ,
2412 1062 2538 1115 dum
2579 1060 2840 1130 paulatim
2874 1060 3017 1130 ignis
3058 1061 3108 1113 vi
3140 1061 3462 1125 absumitur,
3496 1060 3636 1116 resi-

2066 1163 2254 1210 steret.
2295 1154 2511 1211 Etvero
2540 1155 2630 1224 qui
2663 1163 2853 1208 cuncta
2901 1153 3136 1223 pondere
3163 1162 3218 1207 et
3250 1165 3498 1207 mensura
3525 1153 3638 1208 dis-

2065 1246 2245 1314 posuit
2277 1247 2325 1278 “
2351 1248 2742 1317 (numerabiles
2771 1249 2913 1301 enim
2939 1257 3067 1302 sunt
3088 1245 3188 1315 ipsi
3209 1245 3504 1300 secundum
3535 1243 3635 1299 Job

2065 1339 2149 1393 vel
2183 1338 2378 1407 pluviae
2414 1349 2579 1409 gutta:
2612 1340 2693 1411 "')
2718 1380 2734 1405 ,
2778 1348 3004 1394 noverat
3029 1339 3116 1392 ille
3140 1346 3347 1407 quanto
3395 1346 3638 1406 tempore

2067 1432 2362 1486 secundum
2390 1432 2765 1501 praescriptum
2792 1447 2947 1486 suum
2981 1432 3278 1486 duraturus
3305 1439 3452 1484 esset
3479 1444 3637 1482 mun-

2067 1523 2188 1588 dus,
2214 1535 2586 1596 quantumque
2607 1525 2785 1594 pabuli
2805 1533 3081 1594 Oporteret
3110 1523 3217 1593 igni
3254 1530 3637 1591 prwparatum.

2067 1611 2200 1670 Eam
2231 1618 2300 1669 ob
2334 1630 2555 1671 causam
2600 1632 2738 1686 aqua
2781 1616 2833 1670 in
2877 1616 3152 1672 creatione
3183 1613 3264 1669 sic
3315 1613 3633 1668 abundavit.

2065 1707 2232 1776 Atqui
2269 1707 2448 1762 nullus
2499 1723 2670 1778 usque
2723 1710 2859 1762 adeo
2905 1718 3060 1762 extra
3089 1707 3253 1762 vitam
3291 1708 3499 1775 positus
3529 1716 3635 1770 est,

376 1789 537 1859 ἡμῶν
553 1789 848 1861 τέχναιτῆς
875 1789 1124 1862 ἐμπύρου
1153 1791 1415 1861 ἐργασίας
1445 1791 1747 1844 ὲπιδέονται
1773 1793 1964 1856 πᾶσαι,

2069 1795 2118 1849 ei
2155 1805 2214 1849 ut
2265 1796 2335 1851 sit
2368 1811 2523 1865 Opus,
2566 1805 2625 1851 ut
2665 1797 2842 1868 ignem
2885 1799 3085 1851 mundo
3119 1797 3479 1852 necessarium
3517 1810 3638 1848 esse

377 1881 671 1953 ὑφαντικὴ,
705 1883 868 1952 λέγω,
934 1884 1028 1938 καὶ
1057 1883 1442 1955 σκυτοτομικὴ,
1494 1885 1587 1936 καὶ
1629 1884 1963 1956 οἰκοδομικὴ,

378 1973 477 2025 καὶ
503 1973 769 2045 γεωργία,
806 1972 920 2027 ἀλλ’
959 1974 1041 2027 ὄτι
1080 1972 1205 2026 οὔτε
1251 1973 1483 2044 δένδρων
1509 1973 1802 2044 βλάστησις
1833 1973 1966 2044 (16),

377 2063 439 2115 οὑ
496 2062 726 2134 καρπῶν
767 2063 949 2133 πέψις,
1001 2065 1063 2118 οὑ
1094 2063 1248 2128 ζώων
1285 2064 1702 2136 ἐγγείωνῆτῶν
1736 2064 1969 2137 ἐνύδρων

380 2151 618 2219 γένεσις,
643 2154 740 2224 οὐχ
773 2156 826 2207 αἱ
860 2155 1064 2210 τούτων
1110 2156 1309 2226 τροφαὶ
1345 2157 1378 2227 ἢ
1416 2156 1474 2222 ἐξ
1519 2157 1695 2228 ἀρχῆς
1741 2156 1806 2212 ἂν
1847 2175 1970 2211 συν-

378 2243 636 2316 έστησαν,
671 2246 704 2317 ἢ
734 2247 868 2320 πρὸς
902 2248 1093 2320 χρόνον
1151 2249 1465 2320 διήρκεσαν,
1510 2248 1604 2302 τοῦ
1639 2250 1840 2322 Θερμοῦ
1894 2251 1968 2321 μὴ

380 2339 668 2410 παρόντος.
702 2340 911 2393 Οὑκοῦν
942 2341 1214 2410 ἀναγκαία
1243 2343 1341 2413 μὲν
1374 2341 1468 2396 τοῦ
1491 2343 1695 2414 Θερμοῦ
1729 2345 1760 2414 ἡ
1795 2343 1970 2408 κτίσις

377 2427 469 2481 διὰ
525 2428 624 2501 τὴν
653 2429 761 2483 τῶν
787 2432 1126 2502 γιγνομένων
1163 2432 1419 2487 σύστασίν
1453 2452 1513 2487 τε
1557 2436 1652 2488 καὶ
1686 2435 1968 2507 διαμονήψ

379 2520 654 2589 ἀναγκαία
695 2523 751 2576 δὲ
783 2523 877 2576 τοῦ
913 2525 1080 2596 ὑγροῦ
1109 2526 1141 2596 ἡ
1172 2525 1442 2596 δαψίλεια,
1494 2526 1580 2580 διὰ
1619 2526 1681 2580 τὸ
1695 2527 1970 2581 ἄπαυστον

380 2607 523 2667 εἶναι
560 2615 652 2668 καὶ
673 2615 1050 2688 ἀπαραίτητον
1075 2619 1168 2670 τοῦ
1203 2619 1376 2690 πυρὸς
1409 2619 1505 2690 τὴν
1527 2619 1790 2691 δαπάνην.

2072 1885 2283 1940 ratione
2331 1888 2663 1942 edoceatur:
2715 1904 2822 1942 non
2876 1889 3048 1942 solum
3091 1888 3231 1956 quod
3255 1897 3401 1943 artes
3438 1888 3640 1956 quibus

2072 1987 2258 2032 nostra
2292 1978 2404 2031 vita
2439 1989 2794 2034 conservatur
2818 2019 2833 2043 ,
2883 1979 3021 2050 ignis
3050 1977 3333 2033 eﬂicientia
3366 1980 3639 2049 indigeant

2071 2085 2281 2137 omnes,
2313 2070 2570 2137 textoria,
2601 2072 2842 2141 inquam,
2880 2071 3108 2136 sutoria,
3130 2071 3551 2126 architectonice
3585 2076 3640 2124 et

2072 2160 2425 2231 agricultura,
2460 2163 2556 2215 sed
2597 2161 2741 2231 quod
2780 2175 2955 2231 neque
2991 2161 3247 2216 arborum
3288 2161 3637 2230 germinatio,

2073 2267 2248 2322 neque
2275 2253 2560 2308 maturitas
2591 2253 2886 2318 fructuum,
2932 2267 3109 2321 neque
3159 2260 3253 2305 aut
3294 2255 3638 2306 terrestrium

2073 2354 2167 2399 aut
2218 2345 2531 2415 aquatilium
2592 2346 2902 2400 animalium
2944 2345 3263 2414 generatio,
3312 2358 3484 2413 neque
3548 2343 3640 2398 ho-

2072 2449 2191 2489 rum
2227 2435 2504 2502 alimenta,
2559 2446 2652 2490 aut
2697 2437 3068 2490 οοιιειίιίεεεηι
3118 2435 3185 2490 ab
3231 2437 3405 2501 initio,
3441 2443 3530 2488 aut
3571 2434 3638 2487 ad

2073 2533 2284 2594 tempus
2317 2535 2794 2595 perseverassent,
2843 2525 3022 2580 calore
3054 2542 3162 2581 non
3204 2535 3490 2595 praesente.
3530 2524 3638 2579 Ne-

2075 2618 2310 2672 cessaria
2364 2617 2528 2688 igitur
2581 2630 2664 2674 est
2702 2620 2899 2674 caloris
2939 2620 3181 2684 creatio;
3216 2628 3364 2674 utea
3399 2634 3519 2687 qua:
3553 2619 3637 2686 gi-

387 2714 646 2777 gnuntur,
679 2717 735 2763 et
756 2709 1124 2777 coagmentari
1149 2712 1355 2780 possint
1385 2718 1438 2766 et
1491 2725 1828 2780 permanere.
1891 2709 2100 2763 Rursus
2161 2722 2314 2777 aquae
2377 2709 2705 2764 abundantia
2741 2720 2858 2764 erat
2901 2709 3331 2780 pernecessaria,
3371 2710 3512 2776 quod
3558 2710 3640 2764 vis

382 2797 528 2868 ignis
581 2812 905 2855 consumens
938 2801 1362 2870 interquiescere
1410 2819 1517 2858 non
1551 2813 1734 2873 queat,
1777 2818 1952 2873 neque
1987 2803 2167 2858 vitari.

455 2887 508 2942 6.
558 2889 891 2960 Περίϐλεψαι
931 2893 1112 2945 πᾶσαν
1172 2894 1271 2964 τὴν
1329 2895 1527 2959 κτίσιν,
1579 2895 1674 2949 καὶ
1706 2895 1826 2964 ὕψει
1872 2895 1966 2948 τοῦ

2141 2892 2192 2948 6.
2226 2892 2595 2963 Circumspice
2623 2909 2815 2949 omnes
2850 2909 2936 2948 res
2957 2902 3188 2956 creatas,
3210 2901 3262 2946 et
3292 2892 3491 2946 caloris
3526 2891 3635 2944 vim

385 2982 590 3053 θερμοῦ
615 2983 712 3055 τὴν
744 2983 972 3056 δύναμιν
992 2989 1104 3051 τοῖς
1137 2989 1194 3041 ἐν
1229 2988 1439 3056 γενέσει
1469 2988 1562 3041 καὶ
1602 2987 1778 3058 φθορᾷ
1803 2988 1968 3040 πᾶσιν

383 3074 892 3130 ὲνδυναστεύουσαν.
926 3077 1025 3130 Διά
1052 3078 1211 3132 τοῦτο
1241 3078 1375 3132 πολὺ
1406 3077 1466 3131 τὸ
1495 3077 1638 3149 ὕδωρ
1677 3077 1820 3148 ὑπὲρ
1863 3077 2056 3157 ﬁlim"

385 3165 706 3234 κεχυμένον,
724 3167 818 3218 καὶ
850 3166 1179 3238 ὑπερέκεινα
1207 3167 1313 3221 τῶν
1331 3166 1625 3238 ὁρωμένων
1647 3166 1965 3237 ἀπενεχθὲν,

385 3257 481 3308 καὶ
515 3256 739 3326 προσέτι
771 3259 933 3311 παντὶ⁸
970 3258 1047 3329 τῷ
1071 3258 1225 3328 βάθει
1261 3259 1362 3328 τῆς
1401 3258 1508 3327 γῆς
1538 3258 1963 3328 ὲνεσπαρμένον.

390 3345 552 3400 Ὅθεν
582 3347 774 3418 πηγῶν
829 3351 1099 3419 ἀφθονίαι,
1127 3350 1222 3404 καὶ
1257 3349 1508 3421 φρεάτων
1556 3348 1826 3420 σύῤῥοιαι,
1876 3351 1969 3403 καὶ

387 3439 648 3509 ποταμῶν
674 3438 941 3510 ῥεύματα,
971 3444 1286 3514 χειμάρρων
1310 3460 1367 3495 τε
1403 3441 1495 3494 καὶ
1522 3442 1780 3506 ἀεννάων,
1828 3442 1967 3515 ὑπὲρ

385 3531 482 3593 τοῦ
514 3533 571 3584 ὲν
615 3532 826 3597 πολλοῖς
875 3536 969 3587 καὶ
1008 3537 1272 3599 ποικίλοις
1312 3535 1554 3606 ταμείοις
1595 3535 1968 3608 διατηρεῖσθαι

382 3623 485 3694 τὴν
520 3625 786 3696 ὑγρασίαν
823 3625 954 3697 (I7).
995 3628 1090 3679 ’.Εκ
1120 3625 1220 3697 μέν
1255 3644 1318 3695 γε
1357 3627 1458 3697 τῆς
1487 3626 1562 3679 ἓω
1589 3624 1694 3678 ἀπὸ
1726 3627 1823 3697 μὲν
1851 3645 1965 3698 χει-

388 3718 623 3786 μερινῶν
643 3718 861 3788 τροπῶν
882 3721 910 3772 6
947 3718 1106 3780 Ἰνδὸς
1138 3721 1222 3790 ρεῖ
1251 3719 1512 3789 ποταμὸς,
1549 3718 1727 3790 ῥεῦμα
1751 3719 1966 3773 πάντων

386 3809 669 3880 ποταμίων
705 3810 912 3864 ὑδάτων
945 3811 1213 3876 πλεῖστον,
1250 3812 1324 3874 ὡς
1352 3814 1400 3864 οἱ
1431 3811 1528 3875 τὰς
1557 3812 1839 3882 περιόδους
1868 3811 1968 3881 τῆς

380 3901 486 3970 γῆς
515 3902 924 3972 ἀναγράφοντες
977 3905 1344 3975 ἱστορήκασινο
1381 3903 1488 3956 ἀπὸ
1530 3904 1586 3956 δὲ
1639 3903 1745 3955 τῶν
1789 3903 1967 3974 μέσων

379 3991 482 4062 τῆς
503 3993 768 4063 ἀνατολῆς
787 3993 814 4045 ὅ
841 4010 898 4045 τε
929 3994 1193 4064 Βάκτρος,
1213 3995 1308 4048 καὶ
1337 3997 1365 4048 6
1393 3995 1673 4066 Χοάσπης,
1699 3996 1790 4046 καὶ
1810 3996 1838 4046 6
1856 3995 1965 4062 (I8)

395 4082 652 4153 Ἀράξης,
682 4085 775 4152 ἀφ’
803 4075 865 4136 οὗ
892 4085 986 4137 καὶ
1016 4087 1044 4137 6
1072 4085 1273 4148 Τάναϊς
1307 4085 1736 4155 ἀποσχιζόμενος
1761 4085 1840 4147 είς
1869 4084 1966 4156 τὴν

380 4172 626 4226 Μαιῶτιν
653 4173 818 4238 ἔξεισι
846 4175 1059 4245 λίμνην·
1081 4175 1176 4227 καὶ
1203 4175 1338 4245 πρὸς
1360 4175 1569 4237 τούτοις
1591 4177 1620 4228 6
1641 4175 1826 4239 Φάσις,
1858 4175 1965 4227 τῶν

2074 2984 2125 3038 in
2157 2983 2409 3040 omnibus
2456 2999 2575 3055 quae
2612 2996 2944 3054 generantur
2991 2997 3054 3038 ac
3094 2993 3534 3052 corrumpuntur,
3561 2983 3639 3036 vi-

2072 3075 2226 3130 debis
2264 3076 2550 3130 dominari.
2586 3075 2794 3131 Idcirco
2833 3076 2999 3130 multa
3049 3090 3189 3145 aqua
3226 3075 3391 3130 eﬂ‘nsa
3421 3083 3503 3130 est
3543 3091 3634 3130 su-

2072 3181 2169 3234 per
2200 3165 2427 3233 terram,
2477 3177 2639 3237 atque
2686 3169 2825 3222 ultra
2854 3184 2917 3222 ea
2961 3184 3078 3238 quae
3107 3169 3207 3223 sub
3237 3179 3513 3236 aspectum
3544 3181 3638 3222 ve-

2071 3259 2249 3326 niunt,
2285 3269 2588 3316 transvecta
2611 3271 2718 3323 est,
2755 3270 2808 3315 et
2836 3264 3055 3329 insuper
3096 3262 3189 3314 ιοιί
3224 3269 3380 3315 terrae
3416 3260 3641 3329 profun-

2069 3347 2226 3402 ditati
2254 3347 2352 3401 fuit
2386 3349 2648 3418 inspersa.
2683 3347 2835 3404 Unde
2866 3349 3095 3404 fontium
3120 3350 3298 3418 copia,
3329 3351 3642 3418 congeries-

2069 3453 2175 3506 que
2209 3447 2515 3509 puteorum,
2544 3451 2597 3495 et
2627 3441 2825 3496 ﬂuenta
2849 3440 3159 3507 ﬂuviorum,
3189 3451 3296 3495 tam
3325 3457 3512 3497 eorum
3544 3444 3639 3512 qui

2072 3540 2342 3585 torrentes
2388 3544 2534 3597 sunt,
2580 3547 2742 3600 quam
2798 3547 2986 3588 eorum
3027 3535 3117 3602 qui
3166 3549 3460 3602 perennes,
3489 3535 3638 3588 utin

2071 3620 2254 3675 multis
2286 3630 2341 3675 et
2370 3622 2535 3676 variis
2585 3607 2970 3691 promptuariis
3003 3634 3414 3678 conservaretur
3462 3625 3642 3679 humi-

2069 3711 2230 3766 ditas.
2265 3712 2330 3766 Et
2367 3714 2582 3783 quidem
2607 3729 2673 3770 ex
2702 3715 2910 3770 oriente
2939 3719 3005 3770 ab
3039 3716 3264 3770 hiberno
3296 3714 3528 3770 solstitio
3554 3715 3641 3770 In-

2071 3803 2171 3858 dus
2230 3803 2423 3860 ﬂuvius
2477 3817 2702 3875 manat,
2764 3806 2960 3862 ﬂumen
3026 3809 3268 3863 omnium
3340 3808 3638 3862 ﬂuvialium

2070 3909 2338 3964 aquarum
2381 3899 2712 3964 maximum,
2753 3900 2900 3954 velut
2941 3901 2992 3953 hi
3039 3901 3129 3968 qui
3160 3910 3318 3954 terra:
3347 3900 3637 3954 circuitum

2070 3987 2430 4057 descripsere,
2469 3991 2861 4059 prodiderunt:
2913 4005 2942 4044 a
2975 3992 3151 4046 medio
3185 4003 3362 4044 autem
3399 3990 3639 4047 Orientis

2080 4081 2326 4147 Bactrus,
2357 4091 2409 4137 et
2436 4082 2735 4150 Choaspes,
2773 4090 2828 4135 et
2859 4083 3089 4146 Araxes,
3129 4097 3158 4134 a
3196 4096 3306 4152 quo
3355 4091 3410 4136 et
3437 4081 3638 4161 'I‘anais

2070 4175 2300 4229 diﬂlssus
2347 4174 2398 4228 in
2434 4171 2734 4228 Mazotidem
2787 4174 2898 4243 28
2952 4174 3201 4242 paludem
3260 4173 3538 4230 dilabitur.
3574 4175 3642 4230 Et

381 4260 712 4314 Καυκασίων
759 4263 899 4334 ὀρῶν
930 4263 1240 4336 ἀπορρέων,
1293 4265 1386 4318 καὶ
1423 4263 1606 4335 μυρίοι
1626 4265 1803 4336 ἕτεροι
1860 4266 1966 4318 ἀπὸ

2068 4277 2265 4336 praeter
2298 4266 2395 4322 hos
2428 4266 2619 4321 Phasis
2651 4282 2679 4320 a
2705 4265 2983 4321 Caucasiis
3017 4267 3292 4321 montibus
3323 4266 3642 4334 eﬂ]uens,et

381 4350 494 4404 τῶν
514 4353 774 4424 ἀρκτῴων
799 4355 980 4408 τόπων
1010 4357 1105 4408 ἐπὶ
1135 4355 1226 4408 τὸν
1252 4353 1502 4422 Εὔξεινον
1537 4357 1737 4409 Πόντον
1770 4357 1963 4428 φέρον-

381 4459 495 4496 ται·
521 4443 628 4496 ἀπὸ
669 4444 725 4496 δὲ
767 4444 876 4516 (I9)
908 4446 1126 4516 δυσμῶν
1159 4447 1264 4500 τῶν
1303 4447 1530 4518 θερινῶν
1570 4448 1676 4503 ὑπὸ
1697 4448 1756 4501 τὸ
1782 4451 1966 4520 Πυρη-

381 4537 533 4590 ναῖον
565 4536 688 4609 ὅρος
726 4538 1007 4610 Ταρτησὸς
1044 4556 1103 4591 τε
1139 4541 1232 4593 καὶ
1277 4541 1510 4611 Ἴστρος
1547 4534 1621 4594 ὧν
1665 4544 1694 4594 ὁ
1742 4542 1839 4611 μὲν
1869 4541 1963 4594 ἐπὶ

380 4630 484 4699 τὴν
516 4627 619 4694 ἔξω
647 4629 863 4701 Στηλῶν
911 4631 1128 4700 ἀφίεται
1169 4631 1461 4696 θάλασσαν,
1493 4635 1520 4685 6
1545 4633 1600 4685 δὲ
1621 4635 1851 4703 Ἴστρος,
1875 4633 1964 4686 διὰ

377 4723 481 4792 τῆς
511 4721 780 4793 Εὐρώπης
809 4721 970 4793 ῥέων,
1003 4723 1095 4774 ἐπὶ
1121 4722 1211 4775 τὸν
1241 4723 1441 4777 Πόντον
1476 4723 1741 4777 ἐκδίδωσι.
1761 4725 1871 4776 Καὶ
1909 4725 1964 4777 τί

377 4811 462 4866 δεῖ
479 4813 604 4876 τοὺς
632 4812 827 4877 ἄλλους
853 4813 1309 4886 ἀπαριθμεῖσθαι,
1341 4815 1434 4877 οὓς
1454 4815 1511 4867 αί
1545 4813 1731 4866 Ῥιπαὶ
1761 4813 1964 4880 γεννῶ-

452 4984 502 5018 ⁶δ
515 4985 646 5057 Sap.
672 5001 750 5052 ιι,
770 4987 862 5045 21.
921 4987 969 5020 ⁸⁸
995 4985 1098 5043 Job
1124 5003 1308 5055 xxxvi,
1331 4987 1424 5042 27.

450 5169 564 5242 (15)
602 5169 777 5242 Ed‘itio
834 5167 1012 5242 Paris.
1041 5167 1308 5242 τοσαύτην
1337 5162 1479 5242 οὗνε
1504 5168 1572 5221 At
1616 5167 1955 5242 desideratur

374 5237 472 5294 οὖν
523 5237 576 5294 in
604 5239 843 5294 editione
870 5237 1039 5295 Basil.
1073 5241 1236 5307 inque
1266 5237 1568 5295 codicibus
1627 5253 1755 5291 mss.
1799 5237 1955 5307 [laud

375 5311 540 5377 longe
574 5308 726 5364 Colb.
755 5309 1027 5364 secundus
1051 5318 1107 5363 et
1147 5305 1280 5378 Reg.
1313 5318 1536 5362 octavus
1571 5308 1608 5378 6
1628 5305 1952 5378 οἰκονομῶν.

376 5376 522 5434 Infra
561 5379 698 5448 idem
745 5378 898 5434 Coll).
949 5376 1445 5433 secundus—mixtu
1487 5376 1734 5448 σταθμῷ.

451 5448 566 5518 (16)
595 5447 670 5502 Ita
721 5449 874 5502 multi
920 5464 1052 5504 mss.
1087 5448 1230 5503 Editi
1260 5464 1386 5503 cum
1428 5448 1561 5518 Reg.
1599 5445 1788 5502 octavo
1825 5445 1953 5516 βλα-

379 5522 668 5588 στήσεις...
697 5519 955 5587 πέψεις...
986 5519 1252 5588 γενέσεις.

453 5586 572 5713 $17)
595 5586 746 5642 Colb.
782 5586 1074 5658 primus'et
1101 5588 1233 5659 Reg.
1267 5597 1495 5644 octavus
1519 5602 1640 5642 cum
1670 5601 1772 5640 ms.
1799 5587 1953 5642 Com-

376 5660 449 5717 be
477 5696 491 5712 .
526 5658 626 5717 τὴν
647 5658 818 5717 ὑγρὰν
850 5659 1060 5717 οὐσίαν.
1096 5659 1364 5712 humidam
1389 5660 1757 5712 substantiam.

417 5673 491 5714 et.
526 5673 626 5728 την
647 5673 818 5728 υγραν
850 5673 1060 5725 ουσιαν,
1096 5673 1364 5712 ηωηιααηι
1389 5673 1757 5712 suosmuuam.

453 5727 571 5800 (I8)
603 5729 676 5784 ita
701 5730 917 5783 codices
932 5745 1034 5783 non
1056 5728 1420 5798 pauci.Abest
1453 5727 1709 5783 articulus
1736 5728 1798 5782 ab
1818 5727 1950 5782 edit.

704 5819 1008 5882 PATROL.’
1025 5819 1146 5882 Gn.
1192 5820 1431 5882 XXIX.

2070 4358 2336 4412 innumeri
2355 4357 2443 4411 alii
2472 4371 2502 4409 a
2529 4356 3037 4425 septentrionalibus
3059 4357 3189 4410 locis
3209 4356 3258 4409 in
3277 4355 3502 4410 Pontum
3534 4356 3643 4410 Eu-

2071 4450 2260 4504 xinum
2300 4448 2566 4503 feruntur.
2607 4447 2827 4514 Contra,
2861 4449 2930 4502 ab
2963 4461 3167 4500 occasu
3199 4447 3386 4500 aestivo
3407 4445 3505 4499 sub
3529 4445 3640 4514 Py-

2071 4554 2251 4594 renaeo
2283 4549 2468 4593 monte
2513 4547 2568 4593 et
2614 4537 2900 4594 Tartessus
2946 4547 3000 4592 et
3031 4537 3211 4592 Ister:
3269 4551 3501 4606 quorum
3553 4537 3643 4592 ille

2070 4631 2286 4699 quidem
2319 4633 2372 4684 in
2415 4646 2564 4685 mare
2593 4640 2748 4685 extra
2776 4629 3072 4685 Columnas
3105 4623 3474 4693 exoneratur;
3505 4627 3642 4682 Ister

2071 4737 2200 4778 vero
2230 4736 2330 4792 per
2353 4723 2619 4793 Europam
2651 4724 2842 4784 ﬂuens,
2874 4723 2925 4776 in
2960 4721 3192 4777 Pontum
3222 4719 3532 4774 effunditur.
3578 4718 3644 4772 Et

2070 4813 2197 4883 quid
2223 4814 2419 4868 attinet
2473 4813 2607 4868 alios
2647 4827 2993 4880 enumerare,
3033 4826 3168 4883 quos
3206 4811 3375 4881 Ripaei
3405 4819 3638 4876 montes,

2129 5165 2242 5237 (l9)
2297 5164 2439 5220 Editi
2493 5178 2616 5237 cum
2673 5163 2942 5237 aliquibus
2998 5175 3131 5216 mss.
3189 5161 3297 5237 ἀπὸ
3337 5159 3420 5237 δέ.
3475 5159 3644 5237 Abest

2056 5237 2114 5291 δέ
2139 5231 2358 5293 abaliis
2382 5249 2514 5290 mss.
2543 5231 2805 5288 Monitum
2861 5234 3120 5288 lectorem
3163 5234 3304 5296 volo,
3337 5232 3423 5284 hic
3463 5231 3633 5282 multa

2057 5309 2161 5362 dici
2193 5323 2222 5362 a
2250 5306 2448 5361 Basilio
2481 5319 2548 5359 ex
2581 5304 2836 5373 opinione
2871 5303 3010 5372 vulgi
3045 5320 3059 5358 :
3093 5317 3210 5371 qua:
3244 5301 3288 5355 si
3324 5300 3635 5373 diligentius

2056 5379 2518 5450 eapendantur,_a
2545 5369 2674 5450 vero
2695 5373 2852 5443 longe
2899 5369 3415 5450 abésse'constabit.
3456 5369 3636 5450 Quare

2056 5448 2101 5500 si
2126 5441 2248 5516 quis
2276 5447 2390 5501 vult
2416 5445 2632 5516 edoceri
2685 5441 2886 5516 ortuI-n,
2917 5455 3167 5516 cursum,
3203 5441 3632 5516 magnitudinem

2056 5511 2335 5570 ﬂuminum
2369 5531 2577 5580 eorum,
2601 5515 2668 5568 de
2691 5514 2888 5583 quibus
2917 5513 3003 5567 hic
3027 5513 3091 5583 "ﬂt
3123 5512 3343 5583 mentio,
3367 5511 3637 5583 eiauctor

2059 5602 2178 5641 sum
2211 5597 2267 5640 ut
2308 5585 2553 5639 consulat
2599 5580 2966 5647 Ptolemaeum,
3017 5581 3361 5647 Strabonem,
3393 5580 3642 5650 aliosque

2061 5657 2401 5727 geographia:
2425 5656 2651 5725 peritos.
2699 5689 2706 5696 -

3254 5811 3291 5870 3
