4082 6218
402 333 471 392 6'9
1529 331 1817 388 HOMILIA
1849 331 1916 388 111
1951 332 2019 389 IN
2059 333 2563 392 HEXAEMERON.
3589 337 3656 392 70

398 447 590 523 πλῆθει
618 447 711 501 τὸὖ
741 447 928 508 ὓδατος
963 446 1231 512 ἀπιστεῖς,
1272 448 1406 517 πρὸς
1445 447 1501 500 δὲ
1547 447 1641 500 τοῦ
1681 448 1886 519 θερμοῦ
1926 449 1977 502 τὲ

2087 461 2458 506 conservetur.
2491 450 2568 504 Tu
2604 449 2714 520 29
2741 465 2867 505 vero
2889 451 3028 506 banc
3057 465 3208 521 aqua:
3237 451 3446 522 copiam
3483 468 3512 506 a
3550 453 3654 509 ﬂde

401 543 601 614 πλῆθος
633 543 734 594 οὑκ
771 539 1120 603 ἀποϐλέπειςο
1153 540 1200 601 ὃ,
1229 539 1328 592 κᾶν
1354 539 1533 608 ὀλίγον
1627 539 1704 610 τῷ
1735 540 1974 611 μεγέθει,

397 633 600 702 πολλῆς
639 633 754 684 ὲστι
806 631 892 684 διὰ
917 630 1015 701 τὴν
1043 629 1271 699 δύναμιν
1328 628 1660 682 ἀναλωτικὺν
1690 629 1973 700 ὑγρασίας.

411 727 729 796 Ἐφέλκεται
760 724 858 795 μὲν
891 722 1000 794 γὰρ
1029 721 1090 774 τὸ
1127 721 1530 792 παρακείμενον
1567 722 1752 792 ὑγρὸν,
1783 721 1857 784 ὡς
1884 721 1979 792 δη-

397 819 478 872 λοῖ
519 820 552 889 ἡ
602 815 791 870 σικύα·
839 814 1206 884 δαπανητικὸν
1246 813 1303 866 δέ
1341 814 1456 866 ἐστι
1506 812 1600 865 τοῦ
1628 812 1978 889 ὲλκυσθένφς

1898 883 1972 894 μ..
1981 879 2036 887 -4—

395 911 538 966 κατά
593 911 692 981 τὴν
738 909 921 962 εἰκόνα
958 906 1052 960 τοῦ
1080 906 1382 977 ’λυχνιαίου
1435 907 1626 977 πυρὸς,
1666 907 1716 967 δ’
1754 905 1841 958 διὰ
1878 907 1977 977 τῆς

397 1002 713 1076 θρυαλλίδος
755 1001 852 1072 τὴν
893 999 1308 1071 παρακειμένην
1351 998 1556 1069 τροφὴν
1597 996 1977 1066 ἐπισπασάμε-

397 1114 508 1161 νον,
542 1095 755 1166 ταχέως
787 1093 875 1147 διὰ
911 1093 1009 1162 τῆς
1045 1091 1340 1162 μεταϐολῆς
1367 1090 1713 1162 ἀπῃθάλωσε.
1765 1089 1874 1141 Τὸν·
1922 1089 1978 1140 δὲ

398 1188 592 1260 αἰθέρα
631 1187 714 1250 τίς
757 1184 1086 1257 ἀμφιϐάλλει
1137 1183 1212 1254 μὴ
1254 1184 1374 1253 οὐχὶ
1430 1181 1653 1254 πυρώδη
1699 1179 1835 1234 εἶναι
1885 1182 1978 1234 καὶ

398 1279 630 1361 διακαῆ;
659 1277 718 1340 ὃς
749 1279 797 1330 εί
827 1276 901 1348 μὴ
935 1276 1011 1346 τῷ
1045 1275 1327 1346 ἀναγκαίῳ
1356 1274 1448 1328 τοῦ
1475 1276 1796 1346 ποιήσαντος
1817 1274 1979 1327 αὑτὸν

397 1371 509 1442 ὅρῳ
537 1370 834 1440 κατείχετο,
882 1369 935 1421 τί
963 1368 1027 1422 ἂν
1057 1365 1328 1421 ἐκώλυσεν
1376 1367 1535 1420 αὑτὸν
1583 1366 1760 1418 πάντα
1791 1363 1979 1434 φλογί-

399 1464 560 1528 ζοντα
609 1464 719 1534 (2'7)
769 1464 862 1516 καὶ
911 1459 1388 1532 καταπιμπρῶντα
1431 1459 1499 1512 τὰ
1534 1460 1754 1529 συνεχῆ,
1797 1459 1979 1512 πᾶσαν

397 1557 533 1626 ὁμοῦ
566 1555 662 1626 τὴν
687 1556 744 1607 ὲν
796 1557 910 1618 τοῖς
941 1552 1090 1607 οὖσιν
1113 1551 1448 1617 ἐξαναλῶσαι
1474 1551 1691 1616 νοτίδα;
1729 1550 1828 1604 Διά
1849 1548 1982 1602 ταῦ-

396 1668 466 1704 τα
493 1649 635 1720 ὕδωρ
667 1649 849 1719 ἀέριον
883 1647 1016 1719 (‘28),
1048 1646 1379 1717 νεφουμένου
1416 1643 1510 1697 τοῦ
1572 1643 1684 1697 ἀνω
1715 1642 1881 1695 τόπου
1916 1643 1982 1696 ὲκ

397 1743 496 1813 τῆς
525 1741 802 1812 ἀναφορᾶς
838 1738 947 1793 τῶν
979 1737 1189 1808 ἀτμῶν,
1225 1737 1320 1801 οὓς
1343 1736 1601 1806 ποταμοὶ,
1643 1735 1736 1787 καὶ
1757 1735 1976 1804 κρῆναι,

398 1835 493 1886 καὶ
526 1833 750 1902 τενάγη,
801 1833 896 1885 καὶ
933 1832 1142 1902 λίμναι,
1176 1832 1270 1884 καὶ
1310 1829 1522 1898 πελάγη
1557 1827 1733 1880 πάντα
1761 1827 1978 1898 προΐεν-

397 1943 507 1992 ται,
565 1925 640 1988 ὡς
690 1924 757 1978 ἂν
806 1923 880 1995 μὴ
928 1923 1104 1976 πάντα
1134 1920 1427 1993 πυρακτῶν
1455 1921 1484 1972 ὁ
1512 1917 1676 1991 αἰθὴρ
1710 1916 1978 1971 ὲπιλάϐοι’

397 2020 531 2072 ὅπου
590 2036 655 2087 γε
691 2019 786 2072 καὶ
838 2016 929 2070 τὸν
959 2016 1107 2087 ἥλιον
1136 2015 1327 2068 τοῦτον
1379 2014 1596 2085 ὁρῶμεν
1637 2011 1758 2083 ὥρᾳ.
1791 2011 1981 2082 θέρους

397 2110 680 2182 διάϐροχον
700 2107 956 2170 πολλάκις
978 2108 1072 2160 καὶ
1088 2105 1363 2177 τεναγώδη
1381 2107 1564 2177 χώραν
1587 2107 1643 2157 ὲν
1667 2102 1979 2175 βραχυτάτῃ

397 2199 589 2268 χρόνου
640 2199 779 2269 ῥοπῇ
809 2197 1036 2266 άνικμον
1088 2195 1365 2257 παντελῶς
1394 2197 1489 2247 καὶ
1519 2193 1689 2266 ξηρὰν
1713 2191 1981 2262 καταλιμ-

396 2291 656 2342 πάνοντα.
691 2288 800 2341 Ποῦ
851 2290 1028 2341 τοίνυν
1065 2289 1241 2342 έκεῖνο
1285 2288 1346 2340 τὸ
1381 2286 1561 2358 ὖδωρ;
1603 2285 1980 2339 Δεικνύτωσαν

396 2381 528 2452 ἡμῖν
555 2381 604 2434 οἱ
630 2379 698 2434 τὰ
727 2380 903 2434 πάντα
925 2380 1106 2434 δεινοί.
1122 2376 1245 2450 τΑρ’
1263 2380 1386 2450 οὐχὶ
1417 2378 1579 2430 παντὶ
1606 2376 1786 2446 δῆλον,
1809 2377 1891 2428 ὅτι
1913 2377 1978 2445 τῇ

399 2471 695 2544 θερμότητι
739 2472 834 2525 τοῦ
865 2472 1012 2543 ἡλίου
1051 2471 1348 2542 διατμηθὲν
1389 2468 1672 2541 ἀνηλώθη;
1716 2467 1978 2534 Καίτοιγε

397 2565 519 2618 οὑδὲ
550 2565 749 2637 θερμὸν
764 2565 873 2635 (29)
893 2561 1134 2618 εἶναιτὸν
1149 2565 1299 2634 ἥλιον
1323 2566 1519 2617 ἐκεῖνοι
1545 2562 1783 2631 λέγουσι’
1799 2559 1980 2614 τοσοῦ-

399 2675 488 2710 τον
523 2657 702 2720 αὑτοῖς
735 2655 829 2709 τοῦ
864 2657 1038 2724 λέγειν
1068 2657 1330 2728 περίεστι.
1367 2658 1475 2709 Καὶ
1524 2658 1773 2708 σκοπεῖτε
1814 2671 1980 2708 ποτα-

400 2755 477 2822 πῇ
504 2751 773 2818 ἀποδείξει
808 2750 1205 2822 ὲπερειδόμενοι
1233 2750 1369 2820 πρὸς
1415 2750 1512 2819 τὴν
1546 2748 1833 2818 ἐνάργειαν
1865 2745 1976 2818 (50)

401 2843 818 2897 ἀντιϐαίνουσιν.
849 2843 1066 2914 Ἐπειδὴ
1086 2842 1272 2906 λευκός
1299 2844 1434 2906 ἐστι,
1465 2842 1618 2912 φασὶ,
1648 2842 1745 2912 τὴν
1767 2839 1978 2912 χροιὰν,

401 2935 513 2990 ἀλλ’
547 2937 666 3008 οὑχὶ
703 2935 1025 3008 ὑπέρυθρος,
1083 2935 1204 2988 οὐδὲ
1271 2935 1480 3001 ξανθὸς,
1544 2933 1737 2986 τούτου
1794 2932 1978 2988 ἒνεκεν

399 3027 519 3079 οὑδὲ
564 3024 818 3097 πυρώδης
847 3027 946 3098 τὴν
991 3027 1148 3097 φύσιν
1173 3045 1184 3055 ·
1231 3025 1367 3079 ἀλλά
1402 3027 1494 3079 καὶ
1533 3024 1721 3078 τούτου
1760 3024 1892 3092 φασὶ
1919 3023 1980 3075 τὸ

401 3119 601 3191 θερμὸν
634 3120 698 3172 ὲκ
724 3121 823 3190 τῆς
860 3121 1080 3191 ταχείας
1106 3115 1244 3172 εἶναι
1278 3117 1666 3189 περιστροφῆς.
1703 3116 1768 3168 Τί
1798 3113 1978 3168 ὲντεῦ-

402 3213 492 3266 θεν
515 3214 722 3276 ἑαυτοῖς
750 3213 1104 3283 διοικούμενοι
1129 3230 1142 3278 ;
1185 3213 1268 3274 Ὠς
1305 3211 1466 3282 μηδὲν
1498 3209 1644 3273 δόξαι
1670 3209 1777 3261 τῶν
1797 3205 1977 3278 ὑγρῶν

402 3305 790 3358 ἀπαναλίσκειν
828 3307 916 3358 τὸν
961 3306 1129 3375 ἥλιον.
1178 3301 1318 3372 Ἐγὼ
1350 3303 1428 3367 δὲ,
1466 3302 1570 3354 κᾶν
1597 3301 1672 3371 μὴ
1715 3299 1912 3370 ἀληθὲς

401 3395 462 3448 τὺ
490 3397 794 3466 λεγόμενον,
835 3396 948 3449 ἀλλ’
973 3397 1048 3460 ὡς
1083 3392 1591 3464 συγκατασκευάζον
1631 3392 1753 3461 ἐμοὶ
1777 3391 1866 3444 τὸν
1898 3391 1980 3444 λό-

402 3504 498 3556 γον
536 3489 633 3540 οὑκ
672 3487 1017 3558 ἀπωθοῦμαι.
1077 3488 1323 3556 Ἐλέγετο
1360 3485 1469 3556 γὰρ
1519 3483 1605 3537 διὰ
1640 3483 1739 3554 τὴν
1783 3485 1846 3535 ἐκ
1884 3481 1976 3535 τοῦ

403 3578 607 3650 θερμοῦ
633 3580 878 3652 δαπάνην
902 3582 1195 3649 ἀναγκαῖον
1228 3573 1369 3634 εἶναι
1397 3576 1504 3630 τῶν
1527 3576 1734 3630 ὑδάτων
1762 3575 1822 3628 τὸ
1850 3573 2032 3652 nhil;

401 3647 517 3735 θος.
537 3672 792 3744 Διαφέρει
827 3647 884 3726 δὲ
908 3647 1058 3726 οὐδέν
1086 3674 1150 3725 ὲκ
1177 3671 1390 3741 φύσεως
1423 3665 1560 3723 εἶναι
1599 3668 1820 3739 θερμὸν,

401 3762 606 3828 πάθους
645 3765 787 3835 ἔχειν
813 3764 913 3836 τὴν
957 3763 1200 3835 πύρωσιν
1228 3763 1362 3832 πρός
1394 3778 1458 3829 γε
1495 3760 1556 3814 τὸ
1583 3760 1652 3812 τὰ
1673 3759 1810 3811 αὑτά
1846 3775 1980 3828 συμ-

399 3857 672 3928 πτώματα
709 3858 836 3928 περὶ
886 3855 984 3919 τὰς
1017 3854 1187 3918 αὑτὰς
1222 3853 1352 3917 ὕλας
1385 3853 1708 3922 ἀπογεννᾷν.
1755 3849 1878 3901 Ἐάν
1919 3866 1977 3901 τε

399 3950 509 4020 γὰρ
556 3950 850 4019 τριϐόμενα
903 3948 1036 4014 ξύλα
1080 3947 1217 4018 πρὸς
1263 3945 1465 4016 ἄλληλα
1518 3945 1629 4016 πῦρ
1663 3944 1756 3996 καὶ
1810 3943 1980 4011 φλόγα

400 4043 602 4114 ἀνάψῃ,
657 4043 751 4096 ἐάν
780 4060 838 4095 τε
875 4044 938 4094 ὲκ
982 4040 1177 4110 φλογὸς
1208 4036 1589 4108 ἀναπτομένης
1637 4032 1976 4104 κατακαυθῇ,

405 4137 518 4189 ἴσον
564 4135 680 4188 ἐστὶ
718 4136 812 4188 καὶ
862 4133 1240 4205 παραπλήσιον
1268 4130 1326 4196 ἐξ
1367 4128 1691 4199 ἀμφοτέρων
1720 4127 1780 4178 τὸ
1803 4122 1972 4188 τέλος.

403 4227 660 4294 Καίτοιγε
689 4225 902 4298 ὁρῶμεν
935 4225 1033 4296 τὴν
1061 4223 1305 4294 μεγάλην
1335 4219 1428 4273 τοῦ
1458 4219 1525 4272 τὰ
1566 4218 1743 4272 πάντα
1781 4218 1980 4287 κυϐερ-

404 4317 603 4382 νῶντος
649 4319 861 4388 σοφίαν,
897 4316 1270 4387 μετατιθεῖσαν
1301 4313 1410 4385 (51)
1445 4312 1537 4364 τὸν
1575 4311 1726 4380 ἥλιον
1763 4309 1820 4375 ἐξ
1865 4309 1979 4361 ἑτέ-

406 4429 515 4484 ρων
546 4411 624 4474 είς
663 4409 846 4481 ἕτερα,
881 4409 968 4461 ἵνα
1016 4408 1110 4478 μὴ,
1151 4409 1261 4468 τοῖς
1289 4407 1471 4466 αὐτοῖς
1517 4403 1605 4456 ἀεὶ
1635 4399 1978 4473 προσδιατρί-

2080 544 2376 599 abhorrere
2406 557 2599 598 censes
2630 562 2642 597 :
2672 544 2766 597 sed
2808 543 2873 596 ad
2906 544 3118 613 copiam
3150 558 3258 597 non
3299 544 3528 614 respicis
3554 544 3652 601 'ca-

2079 635 2232 700 loris,
2262 635 2352 703 qui
2389 634 2602 689 tametsi
2632 635 2937 702 quantitate
2967 650 3186 703 parvus,
3209 635 3437 690 multum
3473 646 3651 693 tamen

2079 727 2326 781 humoris
2353 727 2403 780 vi
2432 741 2526 780 sua
2557 741 2878 780 consumere
2903 736 3100 795 potest.
3145 728 3386 784 Attrahit
3433 729 3652 799 quidem

2080 816 2416 885 adjacentem
2465 817 2788 883 humorem,
2825 817 2976 898 velut
3015 817 3221 871 indicat
3255 820 3596 876 cucurbitula
3635 839 3650 876 :

2078 910 2354 966 consumit
2383 925 2514 964 vero
2543 917 2860 975 attractum,
2893 910 3067 963 instar
3109 909 3370 966 videlicet
3395 913 3536 982 ignis
3567 912 3655 967 lu-

2026 1072 2039 1087 .
2079 1017 2390 1067 cernarum,
2433 1002 2522 1071 qui
2563 1017 2659 1072 per
2712 1001 3044 1073 ellyehnium
3074 1002 3391 1060 alimentum
3415 1007 3652 1062 vicinum

2081 1092 2382 1157 attrahens,
2420 1095 2528 1147 cito
2569 1092 2697 1146 illud
2743 1094 2794 1146 in
2834 1092 3110 1162 fuliginem
3157 1102 3499 1152 transmutat.
3532 1095 3652 1152 Jam

2081 1200 2211 1239 vero
2237 1186 2438 1239 (ethera
2465 1185 2586 1254 quis
2613 1184 2840 1254 ambigit
2870 1199 2991 1239 esse
3011 1185 3236 1255 ignitum
3269 1196 3322 1240 et
3351 1189 3654 1244 ardentem?

2080 1276 2173 1346 qui
2208 1275 2314 1331 nisi
2352 1275 2693 1331 ineluctabili
2721 1275 3034 1331 Conditoris
3067 1279 3388 1348 praescripto
3433 1295 3656 1336 coerce-

2081 1379 2253 1435 retur,
2292 1370 2551 1438 quidnam
2587 1384 2711 1424 eum
2753 1369 3142 1440 prohibuisset,
3193 1360 3464 1442 contiguis
3488 1375 3657 1428 omni-

2081 1463 2181 1518 bus
2213 1464 2374 1518 rebus
2397 1463 2742 1518 inﬂammatis
2778 1479 2841 1516 ac
2873 1463 3169 1518 combustis
3192 1504 3207 1530 ,
3238 1479 3454 1519 omnem
3495 1465 3656 1523 simul

2082 1570 2268 1611 earum
2325 1555 2703 1609 humiditatem
2747 1554 3080 1610 absumere?
3126 1555 3468 1627 Quapropter
3515 1573 3657 1628 aqua

2082 1645 2228 1700 aeria
2253 1645 2427 1699 oritur
2451 1654 2584 1709 tum,
2606 1661 2728 1699 cum
2752 1645 2902 1700 locus
2921 1661 3191 1722 supernus
3216 1649 3284 1703 ab
3303 1649 3507 1704 evectis
3532 1665 3656 1704 sur-

2082 1753 2198 1793 sum
2234 1737 2698 1806 vaporibus,quos
2719 1737 2888 1804 ﬂuvii,
2924 1739 3121 1806 fontes,
3155 1740 3315 1806 vada,
3341 1741 3564 1810 paludes
3593 1757 3658 1796 ac

2011 1806 2055 1866 Β
2083 1829 2252 1883 maria
2274 1828 2456 1883 omnia
2489 1832 2767 1895 emittunt,
2790 1830 3164 1898 obnubilatur,
3212 1841 3269 1886 ut
3284 1806 3363 1891 ,ηδ
3381 1834 3620 1889 aetherin
3637 1862 3655 1874 -

2080 1921 2268 1986 vadat,
2289 1933 2707 1991 concremetque
2727 1923 3018 1977 universae
3051 1939 3173 1978 cum
3205 1925 3349 1980 hunc
3374 1927 3538 1981 etiam
3558 1940 3654 1981 so-

2080 2011 2186 2067 lem
2207 2011 2556 2066 videamusin
2579 2012 2766 2068 aestiva
2811 2021 3128 2083 tempestate
3158 2016 3431 2070 madidam
3462 2027 3517 2072 et
3539 2031 3653 2072 coe—

2083 2119 2268 2159 nosam
2303 2105 2577 2175 regionem
2599 2105 2914 2176 plerumque
2938 2108 3181 2161 humoris
3202 2123 3424 2176 prorsus
3455 2124 3654 2180 exper-

2084 2207 2193 2252 tem
2223 2211 2288 2252 ac
2316 2197 2517 2252 siccam
2542 2197 2864 2253 brevissimo
2897 2199 3156 2267 temporis
3182 2208 3457 2254 momento
3490 2201 3656 2254 relin-

2083 2302 2273 2358 quere.
2297 2286 2415 2354 Quo
2433 2303 2617 2356 quaeso
2645 2289 2779 2344 abiit
2797 2305 2934 2358 aqua
2960 2291 3074 2345 illa?
3090 2288 3389 2347 Ostendant
3406 2292 3560 2348 ndbis
3577 2293 3656 2348 illi

2082 2395 2264 2435 rerum
2283 2379 2522 2434 omnium
2540 2380 2764 2436 scientia
2783 2381 3012 2450 praediti.
3038 2383 3232 2437 Annon
3256 2382 3431 2438 cuivis
3460 2383 3654 2454 liquet,

2082 2488 2202 2528 eam
2231 2472 2415 2528 calore
2431 2471 2565 2527 solis
2584 2473 2637 2526 in
2668 2489 2923 2544 vaporem
2947 2477 3174 2532 solutam
3197 2490 3320 2530 esse
3337 2484 3500 2544 atque
3525 2493 3659 2532 con-

2081 2569 2376 2637 sumptam?
2406 2567 2764 2635 Quamobrem
2788 2583 2854 2623 ne
2869 2569 3098 2624 calidum
3114 2571 3328 2638 quidem
3349 2572 3514 2628 solem
3537 2583 3660 2625 esse

2065 2660 2157 2716 illi
2177 2661 2361 2716 dicunt
2382 2679 2396 2716 :
2417 2661 2550 2716 adeo
2579 2660 2721 2730 loqui
2746 2661 2878 2728 ipsis
2902 2670 3077 2715 vacat.
3100 2660 3298 2715 Verum
3317 2663 3658 2717 considerate

2081 2755 2226 2825 quali
2241 2754 2697 2810 demonstratione
2711 2754 2842 2821 nixi,
2857 2754 3136 2808 evidentiae
3154 2753 3658 2820 reluctantur.Quo—

2081 2847 2246 2912 niam,
2279 2846 2548 2916 inquiunt,
2584 2847 2770 2901 colore
2816 2846 2968 2900 albus
3001 2853 3106 2909 est,
3152 2861 3258 2900 non
3305 2855 3484 2901 autem
3523 2846 3656 2900 sub-

2081 2937 2262 3002 ruber,
2296 2952 2397 2992 nec
2432 2935 2620 3001 ﬂavus,
2650 2936 2770 2990 ideo
2801 2951 2972 3006 neque
3003 2945 3188 3006 suapte
3227 2946 3416 2992 natura
3455 2939 3658 3008 ignitus

2079 3037 2202 3084 est:
2230 3029 2322 3084 sed
2349 3039 2404 3084 ct
2424 3029 2541 3097 ejus
2571 3030 2806 3085 calorem
2847 3044 2912 3083 ex
2949 3029 3118 3084 veloci
3151 3030 3479 3084 circumactu
3510 3029 3658 3083 aﬂir—

2082 3129 2229 3175 mant
2258 3121 2410 3175 oriri.
2443 3120 2582 3188 Quid
2611 3122 2712 3176 sibi
2759 3121 2884 3174 inde
2927 3120 3194 3175 commodi
3236 3123 3506 3177 asciscunt
3533 3122 3558 3175 ?
3586 3119 3659 3176 Ut

2081 3212 2214 3266 nihil
2239 3228 2556 3268 consumere
2583 3215 2865 3267 humerum
2892 3213 2972 3267 sol
2990 3213 3346 3268 existimetur.
3366 3213 3478 3284 Ego
3505 3227 3658 3283 vero,

2081 3307 2293 3360 tametsi
2335 3306 2387 3360 id
2427 3305 2568 3374 quod
2623 3305 2689 3359 ab
2739 3305 2870 3374 ipsis
2923 3305 3156 3370 dicitur,
3191 3320 3379 3359 verum
3410 3321 3514 3359 non
3550 3315 3656 3371 est,

2078 3402 2258 3449 tamen
2288 3394 2340 3449 id
2372 3396 2569 3463 ipsum,
2623 3403 2880 3464 tanquam
2930 3395 3071 3463 quod
3106 3409 3281 3449 meam
3335 3396 3658 3450 sententiam

2078 3489 2411 3557 comprobet,
2444 3503 2548 3542 non
2578 3502 2791 3557 reSpuo.
2820 3485 2952 3540 Nam
2978 3503 3238 3557 aquarum
3264 3490 3414 3558 copia
3439 3491 3508 3544 nb
3537 3505 3659 3546 eam

2079 3593 2252 3648 quaea
2294 3581 2474 3635 calore
2531 3577 2763 3634 eﬂicitur
2816 3581 3302 3649 consumptionem,
3353 3582 3657 3636 necessaria

2080 3686 2198 3726 esse
2222 3672 2520 3726 dicebatur.
2554 3670 2672 3726 Jam
2703 3685 2834 3726 vero
2862 3673 2928 3724 ad
2968 3673 3185 3728 eosdem
3218 3673 3271 3726 in
3315 3673 3516 3728 eisdem
3544 3687 3657 3726 ma-

2083 3763 2231 3816 teriis
2259 3763 2634 3831 producendos
2669 3760 2894 3816 eﬂ‘ectus
2925 3761 3056 3815 nihil
3094 3762 3334 3826 interest,
3364 3771 3542 3816 utrum
3572 3761 3656 3818 sol

2080 3865 2273 3925 Snapte
2301 3864 2492 3908 natura
2523 3856 2595 3909 sit
2625 3854 2853 3918 calidus,
2899 3870 2965 3908 an
3000 3868 3065 3908 ex
3105 3852 3388 3910 aﬂ’ectionc
3420 3854 3581 3909 ardor
3601 3855 3653 3909 ei

2080 3947 2389 4002 accesserit.
2429 3947 2554 4001 Sive
2582 3947 2725 4001 enim
2758 3946 2902 4016 ligna
2951 3947 3094 4002 inter
3143 3961 3202 4002 se
3233 3955 3419 4001 mutuo
3443 3946 3653 4002 confri-

2079 4052 2188 4106 cta,
2213 4042 2389 4110 ignem
2423 4056 2486 4096 ac
2539 4039 2810 4095 ﬂammam
2861 4043 3210 4106 exsuscitent,
3261 4043 3375 4097 sive
3426 4057 3651 4098 accensa

2078 4129 2292 4186 ﬂamma
2325 4131 2603 4186 combusta
2635 4131 2860 4196 fuerint,
2906 4147 3003 4199 par
3029 4142 3083 4186 et
3113 4132 3408 4187 consimilis
3435 4133 3558 4188 ﬁnis
3584 4147 3654 4187 ex

2079 4230 2307 4290 utroque
2339 4220 2530 4277 resilit.
2581 4219 2846 4275 Caeterum
2899 4237 3150 4291 magnam
3197 4221 3313 4290 ejus
3345 4222 3436 4290 qui
3467 4221 3651 4275 omnia

2078 4313 2361 4382 gubernat,
2389 4312 2708 4383 sapientiam
2749 4313 3046 4381 cernimus,
3087 4313 3253 4368 solem
3297 4313 3511 4368 aliunde
3546 4313 3652 4366 alio

2080 4411 2563 4465 transmoventem,
2589 4409 2648 4453 ut
2683 4414 2752 4454 ne
2787 4401 2840 4454 in
2877 4401 3066 4456 iisdem
3095 4402 3228 4457 locis
3259 4417 3470 4471 semper
3497 4415 3648 4456 com-

403 4503 533 4567 ϐων,
566 4505 634 4572 τῇ
660 4501 939 4572 πλεονεξίᾳ
969 4500 1063 4553 τοῦ
1097 4497 1299 4570 θερμοῦ
1335 4497 1640 4566 λυμήνηται
1673 4493 1771 4564 τὴν
1795 4492 1975 4546 διακό-

2079 4507 2320 4558 morans,
2357 4506 2538 4547 rerum
2569 4491 2818 4546 ordinem
2860 4506 2956 4560 per
2996 4493 3192 4548 caloris
3237 4492 3646 4547 redundantiam

401 4741 494 4784 sex
529 4725 616 4780 alii
652 4723 865 4779 codices
888 4722 1248 4794 ἀφαιρέσεως.
1285 4718 1503 4794 _Sta_t_im_
1519 4716 1674 4794 Bodl.
1708 4731 1828 4794 cum
1854 4714 1974 4794 aliis

400 4807 526 4853 octo
558 4811 685 4849 mss.
719 4804 775 4847 et
820 4787 950 4846 cuni
994 4787 1233 4845 editione
1281 4789 1444 4843 Basil.
1481 4787 1670 4850 ὓδατος
1701 4787 1971 4849 ἀπιστεῖς,

399 4868 558 4922 bene.
589 4863 768 4918 Editio
811 4862 983 4916 Paris.
1013 4860 1203 4924 ὓδατος
1226 4860 1326 4913 οὐκ
1355 4860 1625 4921 ἀπιστεῖς.
1663 4857 1772 4911 Nec
1817 4857 1973 4910 aliter

399 4938 598 5004 legisse
627 4936 840 4987 videtur
885 4933 1223 5004 Eustathius,
1264 4931 1356 4997 qui
1411 4930 1490 5004 sic
1534 4936 1749 5004 vertat;
1779 4923 1883 5004 Sed
1913 4935 1971 4978 tu

396 4995 610 5078 quidem
634 5004 854 5078 liquoris
878 5001 1213 5078 amplitudini
1251 4995 1665 5078 nonndiscredis.
1693 4995 1845 5077 Unde
1873 5013 1970 5064 pa-

403 5067 482 5133 iet
519 5067 772 5129 mendum
800 5074 1007 5126 illud-in
1041 5073 1245 5139 aliquot
1273 5070 1494 5139 codices,
1523 5067 1827 5139 irrepsisse.

471 5147 582 5216 (27)
620 5142 771 5198 Colh.
819 5142 1089 5216 secundus
1129 5136 1622 5216 καταφλογίζοντα.
1651 5136 1778 5216 _Mox
1798 5205 1810 5216 ‘
1836 5149 1968 5216 ms_s_.

396 5205 638 5336 pleriq'ge
671 5229 860 5295 omnes
904 5211 973 5265 τὰ
1024 5210 1242 5282 συνεχῆ.
1273 5205 1442 5264 AbeSt
1470 5205 1732 5262 articulus
1763 5205 1831 5259 ab
1865 5206 1974 5259 edi-

398 5296 542 5336 UOIIB
613 5300 742 5336 arts.

398 5296 542 5338 110118
572 5296 640 5336 t’a
650 5300 742 5339 I‘IS.

470 5353 580 5423 (28)
613 5353 785 5425 Ed_itio
814 5352 987 5425 Paris.
1012 5350 1194 5422 ἀέριον
1220 5349 1450 5418 γίνεται.
1488 5346 1649 5402 Deest
1677 5344 1891 5425 χίνεται
1911 5344 1971 5425 _i_n

396 5414 635 5476 editione
671 5422 834 5476 Basil.
867 5433 920 5477 et
976 5423 1029 5475 in
1081 5414 1207 5475 octo
1233 5414 1397 5475 'mss.
1446 5427 1642 5488 praeter
1673 5414 1826 5488 Bodl.
1851 5414 1972 5488 _Al_i-

397 5503 602 5563 quanto
629 5501 747 5559 post
781 5495 909 5561 Heg.
953 5493 1146 5546 tertius
1175 5485 1462 5563 ὲπιλάϐῃί
1493 5487 1690 5541 Statim
1735 5485 1867 5541 editi
1912 5486 1971 5537 ὲν

396 5559 725 5632 dipq.._Abest
754 5563 811 5614 ὲν
849 5559 917 5616 ab
946 5571 1068 5632 octo
1096 5575 1224 5614 mss.

469 5626 578 5700 (‘29)
629 5632 901 5700 Καίτοιγε
931 5631 1074 5686 οὐδὲ
1113 5631 1350 5699 θερμόν.
1393 5626 1667 5700 Vetusilla
1709 5639 1968 5700 quorum-

397 5694 522 5753 dain
562 5694 1020 5770 'ph'iiosomiorum
1074 5694 1282 5770 opinio,
1347 5700 1461 5770 qui,
1511 5694 1966 5770 solenrealidum

396 5783 514 5825 esse
539 5764 1178 5841 negantes,aﬂirtnabaht
1211 5764 1620 5826 illius'calorem
1655 5766 1786 5822 nihil
1823 5764 1966 5819 aliud

2076 4728 2196 4770 esse
2220 4712 2326 4790 nisi
2345 4710 2582 4766 velocem
2605 4713 2898 4790 quemdam
2924 4712 3311 4790 circumactum
3338 4720 3390 4766 et
3419 4720 3646 4790 motum,

2078 4784 2413 4852 temporibus
2445 4783 2648 4837 nostris
2678 4784 2820 4853 viget
2855 4784 3109 4845 maxime,
3165 4782 3449 4851 placetque
3482 4782 3647 4852 Quam

2115 4853 2341 4907 lnrimis.
2644 4855 2659 4872 ·’

2077 4872 2380 4994 ⁹¹’ξὲἱῖῗ’ἒῖο
2435 4921 2823 4994 Regiiprimus
2853 4930 2906 4977 et
2938 4932 3162 4976 octavus
3190 4935 3314 4976 cum
3357 4920 3532 4994 Colb.’
3561 4937 3649 4994 se-

2078 4992 2252 5047 cundo
2277 5001 2333 5045 et
2365 5006 2486 5045 cum
2516 4993 2680 5047 Coisl.
2727 4994 2912 5047 itidem
2956 4995 3230 5055 secundo;
3290 5001 3343 5043 et
3395 4992 3467 5045 ita
3521 4993 3651 5060 legit

2076 5062 2410 5125 Eustathius,
2461 5062 2615 5128 cujus
2645 5064 2760 5116 hac
2810 5073 2982 5117 sunt:
3036 5061 3104 5114 Et
3164 5061 3493 5115 considerate
3547 5079 3650 5130 quo

2080 5133 2202 5201 freti
2245 5131 2574 5201 documento,
2632 5133 2782 5186 rebus
2831 5132 3232 5186 euidentissimis
3278 5136 3647 5185 adversantur.

2080 5200 2224 5256 Editi
2248 5217 2368 5257 cum
2399 5200 2580 5270 Regiis
2616 5204 2776 5257 tertio
2833 5213 2888 5256 et
2941 5203 3131 5270 quinto
3185 5215 3419 5269 cumque
3478 5201 3643 5254 Coisl.

2078 5270 2431 5344 primo;an
2451 5270 2548 5344 τῂν
2579 5272 2907 5344 ίὲνὲργειαν.
2963 5271 3088 5344 Mox
3118 5272 3303 5344 intuiti
3342 5287 3486 5344 mss.
3533 5271 3650 5324 ἀλλ’

2079 5342 2219 5412 οὐχί.
2245 5340 2431 5412 Εᾲῖιίο
2468 5342 2641 5412 Paris.
2669 5340 2804 5396 ἀλλά
2837 5343 2954 5412 οὐχ.
2999 5340 3240 5397 Subinde
3260 5342 3414 5396 Colb.
3448 5357 3647 5395 secun-

2079 5410 2177 5483 dus
2209 5411 2368 5483 τοῦτο
2389 5411 2450 5473 τὸ
2477 5410 2698 5483 θερμόν.

2148 5481 2394 5552 (δυβίο
2447 5481 2630 5535 nostra
2675 5482 2840 5538 editio
2883 5481 3048 5535 Basil.
3083 5496 3205 5536 cum
3260 5490 3464 5552 septem
3514 5496 3646 5536 mss.

2077 5550 2256 5606 Editio
2283 5550 2458 5604 Paris.
2491 5554 2838 5621 μεταθεῖσαν.
2865 5552 3114 5605 Morellns
3130 5553 3261 5604 citat
3281 5551 3461 5604 nescio
3485 5567 3648 5620 quam

2073 5623 2361 5675 editionem
2397 5621 2562 5692 Basil.
2602 5625 2652 5676 in
2689 5639 2796 5692 qua
2842 5623 3036 5691 legitur
3065 5621 3485 5692 μετατιθέντος,
3508 5625 3648 5692 haec-

2074 5707 2177 5756 que
2198 5692 2377 5745 subdit
2405 5708 2416 5741 :
2451 5690 2650 5745 Favent
2674 5690 2746 5746 tot
2783 5690 3031 5760 gignendi
3062 5690 3214 5745 casus
3255 5707 3377 5746 mox
3403 5691 3646 5760 subjecti,

2088 5760 2366 5826 Ἀττικῶς.
2387 5761 2558 5832 Bene,
2592 5764 2684 5819 sed
2713 5763 3056 5832 refragantur
3085 5777 3215 5820 mss.
