4082 6218
498 327 561 385 ἰι
1793 327 1853 385 S.
1895 329 2139 385 BASILII
2179 332 2395 389 MAGNI
3669 343 3739 400 72

495 440 755 495 derassa.
807 438 912 494 Sed
945 451 1087 492 nunc
1122 436 1335 506 quidem
1394 436 1460 490 ad
1513 438 1810 493 austrinam
1854 448 2031 508 parter

2131 459 2395 514 ,σμησιψ
2452 444 2586 499 ἀλλὰ
2637 442 2732 499 νῦν
2765 445 2864 516 μὲν
2914 445 3076 500 αὑτὸν
3128 445 3219 500 ἐπὶ
3258 448 3318 501 τὸ
3362 448 3535 505 νότιον
3570 452 3737 525 μέρος

496 532 640 588 circa
698 531 923 586 hiberna
974 529 1204 584 solstitia
1252 530 1572 593 transvehit,
1621 546 1764 586 nunc
1819 546 1948 587 vero
1989 534 2057 588 ad

494 619 893 690 aequinoctialis
931 617 1190 674 transfert
1232 621 1387 690 signa
1434 636 1448 673 :
1497 630 1553 675 et
1588 621 1711 677 inde
1745 624 1811 677 ad
1845 632 2058 693 septen-

495 712 745 767 trionalia
769 712 836 771 λιιι
883 711 1085 767 aestivis
1130 712 1379 767 solstitiis
1424 713 1633 769 reducit
1671 731 1685 769 :
1719 716 1855 770 adeo
1883 724 1958 782 ut,
1992 730 2057 770 eo

494 813 809 859 transeunte
827 841 844 868 ,
881 804 934 857 in
959 802 1092 860 locis
1122 805 1352 883 terrenis
1375 806 1659 874 temperies
1684 818 2051 863 conservetur.

491 894 722 950 Videant
752 904 932 951 autem
960 910 1030 950 an
1059 892 1160 965 ipsi
1199 911 1380 950 secum
1408 912 1513 950 non
1532 898 1641 968 3o
1660 909 1932 969 pugnent,
1962 900 2053 970 qui

490 985 699 1040 scilicet
752 1000 902 1042 mare
950 987 1134 1042 dicant
1183 987 1492 1044 fluminibus
1518 1005 1621 1045 non
1648 991 1950 1047 redundare
1983 993 2053 1048 ob

489 1089 608 1129 eam
632 1090 753 1145 quae
776 1092 807 1130 a
836 1076 951 1133 sole
979 1076 1048 1132 sit
1093 1079 1578 1147 consumptionem,
1609 1094 1673 1135 ac
1707 1080 1925 1150 insuper
1943 1082 2053 1138 sal-

486 1180 604 1221 sum
641 1178 695 1223 et
713 1182 958 1222 amarum
1002 1169 1257 1239 relinqui,
1285 1184 1351 1225 eo
1390 1169 1617 1226 humore
1654 1171 1746 1242 qui
1776 1173 1950 1227 tenuis
1972 1182 2054 1229 est

487 1256 732 1326 ac'potui
765 1266 942 1328 aptus,
973 1259 1280 1329 absumpto,
1307 1261 1449 1330 quod
1494 1261 1669 1330 ipsum
1704 1263 1898 1318 accidit
1934 1279 2050 1318 ma-

487 1346 630 1403 xime
657 1363 722 1402 ex
750 1363 812 1403 ea
838 1365 1000 1418 quam
1049 1351 1128 1406 sol
1172 1352 1334 1406 habet
1382 1353 1718 1408 discernendi
1773 1353 2046 1421 facultate,

485 1453 589 1506 qua
612 1439 664 1493 id
686 1441 827 1508 quod
856 1441 973 1496 leve
1016 1450 1122 1506 est,
1165 1443 1381 1512 abripit,
1414 1459 1657 1500 crassum
1705 1460 1833 1500 vero
1856 1455 1910 1501 et
1939 1456 2049 1501 ter~

484 1537 656 1585 restre
703 1539 954 1599 tanquam
1002 1531 1188 1586 limum
1236 1542 1290 1588 et
1330 1532 1516 1589 faecem
1581 1534 1877 1604 relinquit:
1908 1537 2049 1593 unde

482 1621 804 1684 amaritudo,
833 1630 889 1677 et
912 1623 1142 1694 salsugo,
1166 1634 1221 1679 et
1258 1623 1496 1681 siccandi
1526 1624 1758 1682 facultas
1797 1627 1935 1682 mari
1964 1628 2045 1682 in-

478 1720 583 1767 est.
610 1713 777 1768 Porro
800 1714 891 1784 qui
928 1715 1053 1770 talia
1090 1717 1155 1770 de
1197 1717 1334 1772 mari
1381 1718 1651 1785 garriunt,
1685 1734 1872 1776 rursus
1927 1737 2043 1776 mu-

478 1811 590 1858 tata
616 1806 879 1861 sententia
896 1806 1187 1867 humorem
1226 1823 1257 1862 a
1299 1808 1412 1864 sole
1441 1809 1575 1865 nihil
1611 1811 1858 1867 imminui
1898 1812 2044 1869 aﬂir-
2074 1792 2118 1848 Β

476 1902 643 1952 mani.

546 2098 598 2153 8.
630 2098 695 2153 Et
727 2100 927 2156 vocavit
963 2100 1100 2156 Deus
1138 2102 1522 2169 ﬁrmamentum
1566 2103 1750 2159 calum
1769 2104 1851 2173 ‘7;
1880 2105 1952 2161 ila
1983 2115 2042 2162 ut

472 2191 688 2260 proprie
724 2192 938 2260 quidem
975 2193 1261 2248 conveniat
1306 2194 1458 2250 alteri
1505 2194 1691 2252 istbazc
1734 2197 2039 2267 appellatio,

472 2281 825 2337 similitudine
855 2297 986 2338 vero
1006 2283 1402 2341 firmamentum
1429 2301 1643 2357 quoque
1678 2287 1839 2357 hujus
1864 2290 2042 2344 nomi-

472 2373 558 2428 nis
577 2373 650 2429 sit
677 2375 964 2444 particeps.
989 2374 1253 2432 Caeterum
1284 2377 1659 2448 aspectabilem
1689 2379 1831 2434 hunc
1858 2379 2037 2437 locum

472 2463 578 2518 dici
605 2463 802 2519 ctrlum
833 2479 973 2536 saepe
997 2465 1424 2531 observavimus,
1462 2468 1532 2523 ob
1553 2468 1875 2525 densitatem
1904 2484 2037 2525 con-

470 2554 887 2626 tinuitatemque
907 2558 1074 2625 aeris,
1096 2557 1369 2613 oﬂ'erentis
1398 2573 1457 2614 se
1482 2559 1628 2615 clare
1668 2571 1856 2616 nostro
1883 2576 2038 2631 aspe-

469 2646 605 2710 ctui,
636 2655 693 2700 et
709 2660 864 2702 exeo
892 2634 1034 2716 quod
1076 2650 1306 2715 videtur,
1339 2650 1459 2706 ραιιί
1495 2664 1686 2705 nomen
1724 2654 2036 2721 obtinentis,

470 2736 560 2791 ubi
592 2736 840 2792 videlicet
868 2738 947 2793 ait
972 2739 1251 2808 Scriptura
1284 2758 1297 2794 :
1336 2739 1584 2794 Volucres
1608 2740 1803 2796 caeli“.
1832 2741 1899 2796 Et
1935 2743 2033 2798 ite-

468 2841 587 2882 rum
621 2845 636 2882 :
684 2826 929 2883 Volantia
953 2829 1234 2884 satiandum
1257 2831 1641 2898 ﬁrmamentum
1667 2830 1781 2886 coeli
1805 2831 1869 2886 ‘9.
1906 2832 2036 2889 Tale

467 2927 552 2975 est
572 2926 627 2974 et
663 2919 792 2975 illud
818 2937 832 2975 :
864 2920 1163 2975 Ascendunt
1190 2938 1349 2991 usque
1374 2923 1443 2974 ad
1469 2922 1622 2976 caelos
1642 2922 1710 2976 ⁸ο.
1738 2922 1802 2976 Ει
1826 2922 2035 2995 Moyses

465 3011 792 3066 benedicens
825 3011 982 3066 tribui
1015 3010 1235 3082 Ioseph,
1270 3027 1301 3065 ιι
1330 3012 1588 3067 fructibus
1619 3013 1743 3068 ειειί
1783 3023 1839 3068 et
1889 3028 2032 3079 rore,

464 3113 523 3159 et
567 3119 598 3157 a
626 3104 872 3159 solstitiis
913 3114 969 3159 et
1005 3104 1332 3160 coitionibus
1365 3104 1635 3169 lunarum,
1679 3113 1736 3158 et
1766 3118 1798 3158 a
1831 3106 2033 3162 vertice
2058 3137 2099 3196 ρ

464 3193 748 3258 montium,
774 3203 831 3249 et
868 3194 1084 3251 collium
1131 3204 1454 3250 aiternorum
1482 3194 1881 3250 benedictiones
1921 3196 2024 3252 im-

463 3287 724 3356 pertit":
757 3287 954 3357 quippe
980 3289 1124 3358 quod
1145 3285 1531 3355 circumjacens
1555 3285 1729 3341 telluri
1757 3287 1908 3343 locus
1934 3303 2028 3359 per

2160 536 2301 589 κατά
2341 536 2441 601 τὰς
2477 537 2793 609 χειμερινὰς
2825 537 3030 608 τροπάς
3061 538 3341 607 ἀπάγοντα
3377 540 3510 611 (52),
3554 544 3651 598 νῦν
3676 546 3733 599 δὲ

2158 627 2251 678 ἐπὶ
2289 627 2355 678 τὰ
2392 628 2680 699 ἰσημερινά
2710 631 2912 698 σημεῖα
2945 631 3322 699 μετατιθέντα,
3359 633 3609 687 κάκεῖθεν
3637 636 3733 689 ἐπὶ

2154 716 2224 769 τά
2256 720 2596 789 προσάρκτια
2625 720 2730 773 ὑπὸ
2750 720 2847 783 τὰς
2881 719 3099 791 θερινάς
3119 722 3329 791 τροπάς
3354 724 3694 794 ἐπανάγοντα
3713 744 3726 757 ·

2155 808 2295 862 ὥστε
2325 812 2391 881 τῇ
2423 811 2565 864 κατὰ
2597 812 2788 884 μικρὸν
2817 810 2980 865 αὐτοῦ
3011 813 3308 882 μεταϐάσει
3347 815 3426 887 τῷ
3472 819 3599 889 περὶ
3623 820 3731 890 γῆν

2154 901 2303 973 τόπῳ
2342 903 2443 973 τὴν
2475 903 2772 975 εὐκρασίαν
2823 903 3211 974 φυλάσσεσθαι.
3249 907 3626 962 Σκοπείτωσαν
3670 911 3732 964 δὲ

2154 996 2203 1045 εἰ
2237 994 2312 1065 μὴ
2340 996 2492 1048 αὐτοὶ
2517 997 2730 1060 ἑαυτοῖς
2754 998 3192 1067 περιπίπτουσιν,
3225 999 3280 1051 οἵ
3302 1016 3364 1067 γε
3399 1001 3497 1072 τὴν
3525 1001 3729 1056 θάλασ-

2156 1103 2253 1140 σαν
2291 1087 2506 1156 λέγουσι
2539 1090 2675 1160 μήτε
2713 1089 3060 1160 πλημμυρείν
3094 1092 3205 1154 τοῖς
3233 1094 3495 1161 ποταμοῖς
3534 1093 3599 1145 ἐκ
3621 1092 3729 1162 τῆς

2150 1178 2245 1232 τοῦ
2280 1179 2428 1250 ἡλίου
2461 1180 2722 1252 δαπάνης,
2773 1183 2868 1234 καὶ
2920 1180 3144 1251 προσέτι
3178 1181 3426 1252 ἁλμυρὰν
3480 1184 3574 1235 καὶ
3626 1199 3726 1235 πι-

2152 1272 2290 1343 κράν
2317 1273 2730 1339 ἀπολείπεσθαι,
2753 1274 2848 1328 τοῦ
2880 1274 3076 1328 λεπτοῦ
3112 1278 3207 1328 καὶ
3231 1275 3461 1345 ποτίμου
3489 1275 3593 1327 ὑπὸ
3621 1275 3727 1346 τῆς

2151 1361 2359 1434 θέρμης
2379 1364 2743 1428 ἀναλωθέντος
2762 1381 2773 1393 ·
2803 1366 2941 1433 ὅπερ
2979 1366 3043 1417 ὲκ
3064 1364 3163 1435 τῆς
3189 1361 3282 1416 τοῦ
3311 1364 3460 1434 ἡλίου
3487 1364 3727 1433 μάλιστα

2149 1459 2355 1527 γίνεται
2397 1458 2743 1528 διακρίσεως,
2786 1456 2846 1510 τὸ
2877 1456 2973 1527 μὲν
3013 1456 3214 1522 κοῦφον
3255 1456 3557 1523 ἀπάγοντος
3582 1456 3722 1521 (55),

2146 1549 2208 1603 τὸ
2231 1549 2288 1602 δὲ
2318 1549 2461 1619 παχὺ
2493 1548 2586 1601 καὶ
2628 1547 2827 1616 γεῶδες
2864 1540 2975 1600 οἷόν
3019 1564 3142 1600 τινα
3184 1547 3298 1599 ἰλὺν
3341 1545 3433 1599 καὶ
3484 1545 3725 1599 ὑποστά-

2148 1640 2292 1711 θμην
2313 1640 2619 1710 ὲναφιέντος
2641 1657 2654 1670 ο
2705 1640 2764 1706 ἐξ
2809 1633 2870 1693 οὗ
2901 1638 2962 1692 τὸ
2988 1639 3181 1710 πικρὸν
3217 1639 3315 1693 καὶ
3347 1638 3584 1709 ἁλμυρὸν
3623 1637 3725 1691 καὶ

2149 1732 2466 1805 ξηραντικὸν
2507 1735 2573 1804 τῇ
2602 1731 2844 1802 θαλάσσῃ
2889 1734 3168 1802 προσεῖναι
3200 1731 3334 1803 (54).
3364 1732 3426 1785 Οἱ
3453 1729 3517 1801 δὴ
3545 1728 3727 1784 ταῦτα

2146 1825 2275 1895 περὶ
2301 1824 2572 1897 θαλάσσης
2609 1824 2878 1892 λέγοντες,
2915 1823 3075 1877 πάλιν
3107 1820 3581 1893 μεταϐαλλόμενοι,
3615 1838 3725 1891 μη-

2144 1916 2334 1986 δεμίαν
2385 1917 2478 1971 τοῦ
2530 1916 2698 1987 ὑγροῦ
2750 1914 2992 1984 γίνεσθαι
3047 1915 3274 1986 μείωσιν
3308 1916 3372 1968 ὲκ
3420 1912 3515 1966 τοῦ
3561 1914 3722 1981 ἡλίου

2145 2009 2299 2078 φασί.

2212 2098 2264 2152 8.
2289 2097 2399 2151 Καὶ
2419 2097 2713 2153 ἐκάλεσεν
2742 2102 2775 2153 ό
2818 2098 2962 2164 Θεὸς
2991 2096 3059 2150 τὸ
3090 2095 3392 2165 στερέωμα
3421 2095 3682 2163 οὐρανόν
3699 2111 3716 2123 ·

2139 2188 2216 2252 ὼς
2251 2190 2453 2259 κυρίως
2494 2192 2591 2261 μὲν
2622 2191 2791 2262 ἑτέρῳ
2828 2190 2927 2261 τῆς
2962 2189 3330 2263 προσηγορίας
3374 2185 3719 2258 ὲφαρμοζού-

2142 2296 2262 2351 σης,
2297 2281 2416 2335 καθ’
2455 2282 2711 2353 ὁμοίωσιν
2747 2283 2803 2336 δὲ
2835 2283 2927 2335 καὶ
2966 2281 3157 2335 τούτου
3207 2278 3719 2351 μεταλαμϐάνοντος

2138 2371 2237 2442 τῆς
2281 2373 2524 2445 κλήσεως
2580 2374 2713 2445 (55).
2762 2375 3155 2446 Τετηρήκαμεν
3204 2372 3262 2425 δὲ
3302 2370 3564 2441 πολλαχοῦ
3619 2371 3772 2452 32L

2135 2464 2409 2536 ὁρώμενον
2441 2464 2602 2520 τόπον
2638 2465 2864 2534 οὐρανὸν
2913 2464 3202 2535 λεγόμενον
3248 2463 3356 2533 (56)
3384 2462 3489 2533 (διὰ
3525 2461 3585 2515 τὸ
3616 2479 3716 2514 να-

2139 2557 2262 2609 στὸν
2292 2557 2385 2609 xui.
2423 2556 2641 2626 συνεχὲς
2660 2556 2753 2608 τοῦ
2778 2556 2935 2628 ἀέρος
2968 2554 3215 2627 ἐναργῶς
3245 2557 3276 2624 ἡ
3287 2554 3401 2626 μῶν
3432 2556 3546 2616 ταῖς
3576 2552 3710 2622 ὅψε-

2138 2664 2219 2700 σιν
2258 2647 2671 2711 ὑποπίπτοντος,
2702 2648 2794 2700 καὶ
2839 2647 2991 2716 παρά
3021 2646 3081 2699 τὸ
3104 2645 3330 2715 ὁρᾶσθαι
3357 2646 3453 2715 τῆς
3483 2644 3577 2697 τοῦ
3615 2645 3712 2697 οὐ·

2138 2738 2300 2809 ρανοῦ
2330 2738 2440 2808 (57)
2482 2739 2849 2810 προσηγορίας
2882 2736 3197 2808 ἀξιουμένου
3232 2738 3289 2789 ὲν
3322 2730 3402 2798 οἷς
3432 2752 3591 2806 φησι·
3628 2737 3713 2790 Τὰ

2135 2830 2376 2882 πετεινὰ
2418 2830 2524 2882 τοῦ
2561 2827 2818 2898 οὐρανοῦ
2843 2845 2857 2859 ·
2902 2828 2996 2882 καὶ
3049 2826 3209 2881 πάλιν
3235 2844 3248 2857 σ
3289 2827 3367 2881 Τὰ
3410 2827 3709 2894 πετόμενα

2134 2920 2283 2974 κατὰ
2312 2920 2376 2973 τὸ
2409 2919 2709 2989 στερέωμα
2740 2920 2845 2973 τοῦ
2872 2919 3148 2987 οὐρανοῦ.
3178 2917 3427 2972 Τοιοῦτόν
3468 2919 3589 2971 ἐστι
3609 2921 3711 2973 κα)⁵

2132 3012 2214 3064 τό·
2252 3012 2695 3065 Ἀναϐαίνουσιν
2715 3011 2825 3076 ἓως
2847 3010 2961 3064 τῶν
2987 3009 3276 3079 οὐρανῶν.
3309 3010 3416 3063 Καὶ
3438 3008 3706 3077 Μωῦσῆς,

2133 3104 2367 3173 εὐλογῶν
2411 3104 2508 3175 τὴν
2538 3103 2707 3174 φυλὴν
2749 3103 2843 3156 τοῦ
2881 3104 3099 3174 Ἰωσὴφ,
3130 3103 3236 3156 ἀπὸ
3272 3087 3429 3174 ὡρῶν
3463 3102 3573 3172 (53)
3609 3101 3706 3154 οὐ·

2135 3196 2318 3270 ρανοῦ,
2346 3198 2438 3251 καὶ
2466 3196 2679 3267 δρόσου,
2714 3195 2808 3248 καὶ
2845 3197 2952 3249 ἀπὸ
2985 3195 3132 3267 ἡλίου
3166 3194 3401 3266 τροπῶν,
3441 3179 3535 3249 κα).
3570 3212 3703 3247 συν»

2130 3288 2266 3342 όδων
2285 3287 2489 3359 μηνῶν,
2520 3288 2611 3340 καὶ
2638 3286 2745 3340 ἀπὸ
2759 3286 3003 3358 κορυφῆς
3027 3286 3197 3356 ὀρέων
3234 3287 3328 3340 καὶ
3354 3284 3552 3355 βουνῶν
3575 3285 3705 3339 ἀεν-

535 3444 580 3477 ⁸⁷
606 3444 740 3500 Gen.
770 3461 807 3513 ι,
833 3445 886 3500 8.
962 3444 1006 3477 ⁸³
1032 3444 1173 3527 Psal.
1204 3459 1337 3527 __vut,
1365 3443 1540 3526 93w“
1572 3441 1711 3499 Gen.
1747 3460 1785 3511 ι,
1813 3443 1904 3499 20.
1978 3444 2031 3513 ‘°_

2133 3443 2204 3498 al.
2234 3458 2341 3502 ενι,
2365 3441 2454 3497 26.
2531 3443 2576 3474 ⁸¹
2605 3442 2761 3496 Deut.
2784 3459 2942 3507 χχιιι,
2972 3443 3156 3497 15-15.

533 3600 646 3672 (52)
664 3601 852 3673 ΔΙΞζιὶίιίι)
874 3599 888 3606 ’
905 3600 1099 3673 Paris._
1127 3617 1361 3673 sporta;
1385 3600 1756 3673 ἀπάγοντος...
1821 3602 2024 3673 σημεῖα

534 3670 905 3744 τατιθέντος...
939 3670 1578 3744 τροπάς’ὲπανάγοντος.
1608 3671 1816 3744 _Nostra
1861 3670 2026 3744 editio

458 3689 905 3796 Βξτατιυεντος...
939 3689 1147 3744 τροπάς
1198 3689 1578 3739 επαναγοντος.
1624 3689 1816 3724 uosu'a
1861 3689 2018 3725 cuiue

507 3742 624 3797 -sil.
647 3754 704 3796 et
732 3751 956 3810 uterque
981 3742 1148 3797 Coisl.
1178 3752 1235 3796 et
1264 3738 1425 3810 Bodl.
1444 3757 1564 3794 cum
1608 3739 1789 3810 Regiis
1820 3741 2018 3807 primo,

459 3812 642 3876 tertio,
660 3810 848 3880 quinto
871 3809 938 3867 iet
965 3821 1136 3878 sexto,
1166 3819 1220 3863 et
1242 3825 1363 3864 Clllll
1389 3809 1542 3880 Golb.
1569 3809 1823 3880 secundo,
1862 3819 2022 3875 prout

457 3876 744 3935 edidimus.
772 3879 1038 3936 Cazterum
1073 3876 1420 3943 arbitramur,
1453 3878 1687 3933 editores
1712 3876 1879 3931 Marte
1904 3893 2023 3941 pro-

455 3951 576 4018 prio
601 3966 705 4003 non
735 3964 803 4003 ex
839 3951 941 4005 fide
978 3950 1221 4006 codicum
1268 3964 1405 4002 mss.
1430 3949 1660 4018 edidisse
1701 3946 2018 4018 μετατιθέν-

455 4015 614 4082 τος...
664 4019 994 4088 ἀπάγοντος,
1049 4030 1181 4080 etc.,
1213 4028 1273 4071 ut
1328 4033 1394 4072 ne
1451 4015 1726 4088 videretur
1786 4015 2019 4088 Basilius

455 4096 643 4158 contra
669 4086 880 4158 regulas
908 4090 1284 4158 grammatices
1312 4100 1583 4158 peccasse.
1611 4086 1676 4140 Et
1699 4100 1826 4158 vero
1862 4086 1905 4158 si
1932 4102 2021 4140 ra-

455 4158 531 4228 iio
564 4155 853 4228 haberetur
880 4155 1184 4228 regularum
1221 4156 1715 4225 grammaticarum,
1746 4155 2021 4228 debuisset

453 4225 685 4281 Basilius
727 4223 968 4282 scribere
1018 4223 1357 4293 dndycu‘aav,
1422 4238 1612 4293 nempe
1645 4223 1858 4294 σοφίαν.
1910 4224 2017 4280 Sed

454 4306 671 4352 constat
699 4297 958 4366 exemplis
1016 4296 1198 4349 multis
1238 4295 1479 4366 insignes
1531 4308 1861 4364 magnosque
1891 4309 2017 4348 ora-

453 4375 599 4421 tores
628 4367 692 4420 ad
724 4365 988 4436 pracepta
1039 4365 1391 4435 grammatica
1438 4378 1550 4436 non
1596 4377 1809 4436 semper
1840 4372 2016 4417 atten-

2130 3597 2436 3668 quempiam
2468 3611 2498 3652 e
2526 3598 2743 3669 regione
2768 3601 2914 3654 vocis
2936 3601 3098 3654 τόπον
3130 3614 3226 3669 per
3257 3602 3471 3657 modum
3499 3604 3695 3662 scholii

2130 3669 2197 3722 ad
2216 3670 2525 3745 marginem
2564 3668 2644 3722 sui
2696 3669 2921 3745 codicis
2941 3668 3256 3745 apposuisse
3289 3670 3475 3745 τοῦτον
3516 3674 3693 3745 ἀέρα,

2131 3747 2185 3792 et
2216 3736 2578 3792 hinc’factum
2606 3753 2748 3799 esse,
2775 3749 2836 3791 ut
2868 3736 3072 3794 librarii
3106 3742 3194 3795 alii
3244 3742 3381 3796 hanc
3409 3736 3695 3800 lectionem

2127 3807 2454 3879 inseruerith
2494 3810 2684 3863 textui.
2715 3808 2823 3861 Nec
2849 3825 3036 3876 parum
3078 3811 3215 3865 hanc
3242 3823 3482 3865 nostram
3512 3816 3695 3879 conje-

2125 3889 2335 3929 cturam
2372 3877 2614 3945 adjuvat,
2645 3879 2784 3947 quod
2819 3879 3156 3947 Eustatltium
3188 3891 3398 3935 constet
3424 3883 3585 3935 τόπον
3613 3877 3695 3939 ie-

2125 3947 2288 4067 ,risse,
2328 3961 2449 3999 cum
2477 3947 2556 4001 sic
2583 3946 2758 4002 vertat
2791 3946 3030 4003 :Scimus
3064 3959 3238 4005 tamen
3264 3951 3544 4019 sepissime
3592 3970 3695 4008 cae-

2147 4032 2234 4067 um
2267 4016 2371 4067 dici
2414 4015 2586 4067 locum
2627 4019 2852 4067 missum
2894 4019 3271 4067 densatumaue
3299 4021 3457 4067 aeris.
3487 4019 3687 4067 Vanam

2147 4032 2234 4068 um
2267 4016 2371 4068 dici
2414 4015 2586 4089 locum
2627 4019 2852 4089 spissum
2894 4019 3271 4089 densatumque
3299 4015 3457 4074 acris.
3487 4019 3687 4079 Vocem

2125 4094 2306 4156 autem
2333 4087 2493 4156 aeris,
2528 4096 2588 4140 ut
2619 4087 2749 4141 alias
2785 4088 3096 4156 permultas,
3124 4087 3337 4144 videtur
3359 4091 3425 4146 de
3457 4106 3554 4146 suo
3584 4094 3689 4148 ad-

2123 4154 2690 4226 didisseEustathius,
2722 4154 3114 4226 explanationis
3153 4175 3340 4213 causa.

2194 4224 2694 4298 (57)_Haec_quidem
2726 4224 2920 4298 sonant
2943 4228 3143 4298 Optime
3187 4230 3239 4283 in
3271 4228 3497 4293 Graecis,
3534 4232 3681 4298 quod

2120 4294 2225 4348 vox
2279 4294 2504 4369 ουρανός
2546 4306 2601 4350 et
2632 4297 2851 4369 verb'um
2892 4294 3121 4369 bpdiceat
3171 4299 3404 4353 habeant
3458 4294 3599 4354 inter
3624 4317 3686 4356 se

2121 4365 2495 4438 cognatiOnem
2523 4366 2811 4438 quamdam
2839 4383 2851 4418 :
2891 4365 2942 4421 in
2974 4366 3183 4421 Latinis
3207 4383 3311 4421 non
3354 4369 3505 4434 item,
3538 4372 3684 4438 quod

451 4437 604 4500 dere,
635 4432 738 4491 sed
776 4450 839 4491 ea
900 4432 1283 4505 nonnunquam
1332 4433 1623 4505 negligere.
1667 4432 1855 4500 Itaque
1904 4449 2011 4488 non
2045 4483 2090 4505 ἢ
2121 4432 2263 4505 inter
2290 4448 2475 4505 vocem
2502 4432 2686 4489 cretum
2715 4445 2771 4490 ct
2817 4438 3039 4491 verbum
3084 4439 3247 4491 videri
3298 4432 3684 4494 convenientia

444 4483 1290 4576 53151.1;densissima;
1311 4483 1688 4576 ῥὶὲῗςξῖἐιὲιεὲ
1702 4483 2014 4576 signa};
2043 4483 2092 4545 Β
2121 4483 2275 4576 suis
2289 4483 2378 4576 si};

451 4571 697 4645 σοφίαν,’
724 4577 818 4630 sed
877 4571 950 4631 ad
1004 4571 1191 4630 vocem
1244 4573 1694 4639 subintellectam,
1752 4571 2015 4645 κυϐερνή-

447 4661 568 4699 την.

481 4662 633 4784 η(55)
663 4714 817 4771 Colb.
840 4713 1113 4769 secundus
1133 4712 1333 4784 κοῦφον
1359 4713 1672 4781 ἀνάγοντος.

541 4785 630 4855 54)
656 4784 787 4855 Reg.
824 4785 1029 4852 primus
1058 4783 1359 4855 προσιέναι.

541 4798 609 4839 aa
657 4798 787 4854 Reg.
824 4800 1029 4852 primus
1058 4798 1359 4855 προσιέναι.

492 4798 639 4976 hii):
677 4854 828 4909 Coll).
877 4855 1144 4909 secundus
1180 4854 1449 4924 κλήσεως·
1477 4851 1650 4914 οὕτως
1671 4850 1746 4914 ὡς
1770 4851 2008 4923 εἴρηται.

497 4925 573 4976 ult
644 4923 828 4976 asilius
866 4922 1261 4976 firmamentum
1306 4938 1413 4976 non
1446 4923 1661 4976 nrourie
1688 4922 1883 4975 coelum
1912 4938 2008 4976 no-

445 4920 573 5002 Vu‘lt
599 4920 828 5002 Basilius
866 4920 1281 5002 firmamentum:
1306 4938 1413 4977 non
1446 4923 1661 5002 proprie
1688 4920 1889 5002 coelum
1912 4938 2010 4977 no.

445 4991 667 5058 minari,
702 4994 797 5049 sed
855 4994 1115 5047 duntaxat
1160 4993 1284 5047 εαξίί
1339 4993 1563 5061 nomine
1616 4991 1865 5062 insigniri
1912 5007 2008 5060 per

445 5066 735 5130 quamdam
764 5062 1197 5118 similitudinem.

518 5132 631 5204 (56)
659 5131 811 5204 Coib.
850 5133 1127 5204 secundus
1153 5131 1382 5204 et__Reg.
1414 5140 1644 5204 octavus
1678 5145 1799 5204 cum
1833 5128 2004 5204 Goisi.

444 5199 684 5273 secundo
707 5201 798 5256 τὸν
838 5200 1112 5273 ὁρώμενον
1151 5200 1336 5273 τοῦτον
1362 5200 1500 5270 ἀέρα
1524 5199 1751 5273 οὐρανδν
1773 5199 2006 5273 Δλεγόμε-

443 5291 556 5338 νον,
589 5270 846 5327 Cazterum
872 5269 1258 5339 ’aspectabilent
1297 5269 1441 5323 hunc
1471 5285 1642 5323 aerem
1673 5270 1781 5322 dici
1814 5269 2002 5324 ctutum

443 5360 580 5412 ηερε
602 5343 1003 5396 observavimus.
1038 5342 1175 5396 Editi
1205 5352 1259 5394 et
1292 5340 1443 5408 Regii
1472 5339 1678 5409 primus
1698 5350 1753 5392 et
1781 5340 2003 5405 quintus

444 5428 563 5481 cum
607 5411 771 5467 Coisl.
799 5410 1099 5481 yetustiore
1136 5410 1229 5464 τὸν
1257 5408 1534 5481 ὁρώμενον
1562 5407 1724 5473 τόπον
1770 5408 1999 5481 οὐρανὸν

436 5480 753 5553 λεγόμενον,
780 5479 1181 5553 Obseruauimus
1205 5478 1383 5553 auiegt
1422 5494 1527 5553 non
1570 5493 1693 5530 raro
1743 5478 1997 5553 visibilem

438 5548 774 5628 (iunctorum
795 5550 980 5628 civium
1012 5550 1286 5628 appellari.
1319 5548 1578 5628 Equidem
1630 5562 1735 5601 non
1790 5548 2000 5628 inficias

439 5621 653 5684 iverim,
680 5621 889 5696 admitti
922 5619 1426 5696 posse.lectipnem__
1466 5627 1752 5696 utramque
1796 5634 1835 5696 τ’
1861 5618 1994 5672 mihi

437 5699 616 5744 tamen
644 5690 825 5744 nescio
852 5689 1121 5758 quomodo
1151 5687 1497 5758 verisimilius
1527 5688 1617 5758 tit,
1638 5687 1990 5758 posteriorem

428 5759 597 5829 priori
618 5771 741 5814 esse
764 5755 1211 5828 anteponendam.
1250 5756 1507 5828 Suspicor
1532 5756 1677 5813 enim
1711 5755 1989 5813 librarium

2192 4573 2303 4643 (58)
2337 4573 2483 4643 ,Ἁπό
2496 4573 2684 4642 ὡρῶν,
2709 4591 2740 4628 a
2771 4573 3044 4643 fructibus.
3064 4574 3232 4643 Quam
3262 4576 3544 4633 lectionem
3573 4592 3681 4633 non

2118 4642 2246 4696 editi
2273 4642 2444 4696 solum
2476 4644 2752 4708 exhibent,
2776 4642 2887 4700 sed
2913 4646 3075 4699 etiam
3094 4642 3248 4701 ’Sixt.
3272 4646 3467 4710 Biblia,
3507 4647 3678 4703 Coisl.

2116 4713 2414 4785 secundus,
2439 4713 2911 4785 Colb._secundus,
2938 4715 3088 4785 Regii
3111 4716 3332 4784 quintus
3370 4727 3425 4772 et
3455 4727 3683 4773 octavus

2115 4796 2238 4837 cum
2278 4781 2553 4856 Medicago.
2590 4782 2947 4856 Henricianus
2977 4781 3104 4839 vero
3127 4781 3260 4856 'cum
3290 4786 3471 4855 Regiis
3499 4787 3680 4856 primo

2113 4860 2168 4923 e_t_
2205 4852 2364 4907 tertio
2392 4851 2556 4922 ὀρῶν,
2586 4871 2617 4907 a
2645 4854 2932 4919 montibus,
2962 4869 3080 4923 qua:
3107 4854 3290 4908 ultima
3328 4851 3514 4921 lectio;
3539 4866 3680 4911 teste

2110 4920 2378 4993 Flaminio
2399 4920 2639 4993 Nobilio,
2671 4923 2937 4991 reperitur
2964 4920 3017 4977 in
3058 4923 3378 4993 quibusdam
3415 4926 3680 4979 Deutero-

2112 4992 2276 5063 nomii
2313 4991 2612 5047 codicibus.
2644 4995 2961 5063 Ambrosius
3006 4991 3192 5061 procul
3222 4994 3382 5048 dubio
3410 4994 3537 5063 legit
3566 4994 3680 5047 ἀπὸ

2109 5059 2269 5131 ὅρων,
2294 5076 2415 5114 cum
2450 5063 2541 5115 lib.
2573 5078 2611 5115 ιι
2641 5063 2697 5115 in
2725 5059 3021 5131 lienem;
3041 5078 3160 5131 cap.
3193 5064 3247 5125 ι,
3289 5078 3439 5118 num.
3464 5059 3570 5126 ⁷16,
3596 5067 3678 5118 sic

2108 5129 2307 5201 habent
2343 5146 2358 5201 ς
2389 5131 2623 5201 Denique
2646 5141 2695 5183 et
2721 5130 2941 5201 dloyses
2980 5129 3361 5201 benedictiones
3398 5133 3554 5185 tribui
3576 5132 3677 5186 Jo-

2106 5200 2229 5266 seplt
2259 5216 2292 5253 a
2320 5200 2510 5272 ﬁnibus
2532 5199 2678 5272 icmli.
2718 5199 3020 5272 Nechaliter
3055 5200 3184 5272 legit
3208 5202 3547 5267 Eustathius,
3579 5204 3675 5271 qui

2107 5278 2281 5339 vertat
2311 5285 2327 5323 :
2356 5285 2418 5322 ea:
2447 5270 2637 5336 ﬁnibus
2662 5271 2799 5324 caeli.
2840 5269 3085 5339 Vulgata,
3111 5269 3174 5324 de
3193 5274 3358 5339 pomis
3386 5272 3521 5325 cteli.
3557 5269 3674 5327 Vox

2104 5334 2351 5402 llebraaa,
2374 5334 2551 5407 inquit
2578 5342 2821 5404 Duczeus,
2849 5334 3074 5394 delicias
3100 5351 3156 5394 et
3182 5334 3440 5395 delicatos
3465 5343 3671 5396 fructus

2101 5407 2387 5478 significat.
2416 5408 2569 5463 Unde
2597 5408 2871 5478 Pagninus
2915 5408 2981 5463 ad
3018 5412 3264 5472 verbum,
3316 5410 3379 5464 de
3429 5410 3671 5465 delicatis

2101 5477 2367 5548 aetatum.
2402 5478 2664 5532 Caeterum
2690 5477 2763 5533 ad
2799 5478 3103 5548 exemplum
3127 5480 3355 5533 aliorum
3388 5481 3668 5545 vertimus,

2099 5562 2131 5599 a
2151 5546 2410 5614 fructibus
2432 5566 2451 5603 :
2486 5563 2790 5619 quanquam
2822 5546 3090 5619 clipei—non
3124 5559 3232 5602 tam
3261 5550 3527 5619 signiticet
3556 5549 3672 5602 fru-

2097 5624 2265 5690 ctum,
2295 5632 2455 5690 quam
2486 5618 2680 5690 maturi
2720 5616 2930 5675 fructus
2947 5618 3208 5675 eximium
3233 5616 3469 5677 colorem
3501 5629 3663 5690 atque

2095 5686 2343 5756 gratiam.
2379 5686 2521 5749 Lege
2553 5687 2854 5761 Ducaeum.‘

3198 5857 3293 5866 --ω
