4082 6218
380 293 465 364 7‘5
1525 306 1815 364 ilOMlLlA
1854 305 1923 362 Ill
1955 306 2025 363 IN
2058 303 2553 363 HEXAEMERON.
3581 301 3652 359 ἰιι

383 422 537 477 νάων
565 422 663 481 τάς
689 418 937 487 εὐλογίας
972 419 1206 485 δίδωσιν,
1248 421 1325 484 ὡς
1371 422 1466 475 τοῦ
1500 423 1627 494 περὶ
1666 423 1769 493 γῆν
1811 424 1977 476 τόπου

2080 424 2271 479 horum
2298 424 2608 494 temperiem
2641 419 2979 477 fecundetnr.
3007 417 3146 486 Quin
3177 410 3231 474 et
3264 418 3317 473 in
3344 417 3648 503 maledictis

383 514 473 567 διὰ
506 512 609 577 τῆς
635 513 692 562 ὲν
718 509 928 573 τούτοις
953 509 1205 576 εὐταξίας
1227 512 1642 584 εὑθηνουμένου.
1684 513 1842 567 Ἀλλά
1875 514 1968 567 καὶ

384 606 442 658 ἐν
480 601 604 659 ταῖς
635 601 901 672 κατάραις
928 602 1006 672 τῷ
1045 602 1259 674 Ἰσραὴλ
1298 604 1434 674 (59),
1468 604 1679 658 Ἔσται
1709 621 1829 670 σοι,
1862 621 1968 675 φη-

388 698 491 760 etv,
522 697 555 748 ὁ
604 691 750 760 ὑπὲρ
797 693 1066 762 κεφαλῆς
1099 694 1353 763 οὐρανὸς
1397 697 1682 766 χαλκοῦς.
1718 697 1783 750 Τί
1812 695 1970 751 τοῦτο

384 787 587 855 λέγωνς
631 785 742 855 Τὴν
772 784 1012 856 παντελῆ
1041 784 1305 857 ξηρασίαν
1334 788 1426 839 καὶ
1460 787 1728 857 ἐπίλειψιν
1752 787 1859 842 τῶν
1880 790 1970 841 ἀε-

385 878 517 949 ρίων
556 871 789 940 ὐδόιτων,
823 876 890 929 δι’
932 868 1007 930 ὧν
1036 879 1103 947 τῇ
1144 879 1212 948 γῇ
1252 878 1312 930 τὸ
1349 878 1569 949 γόνιμον
1602 878 1711 931 τῶν
1738 878 1970 951 καρπῶν

384 969 705 1039 ἐνυπάρχει.
736 970 906 1022 Ὅταν
932 964 1023 1023 οὖν
1062 970 1126 1022 ὲκ
1150 968 1242 1021 τοῦ
1275 969 1505 1041 οὐρανοῦ
1552 970 1811 1040 φέρεσθαι
1836 970 1967 1041 λέγῃ

384 1061 574 1133 δρόσον
604 1062 638 1131 ἢ
672 1060 851 1125 ὑετὸν,
899 1062 1026 1133 περὶ
1072 1062 1278 1116 ὑδάτων
1325 1063 1551 1133 νοοῦμεν
1592 1063 1693 1116 ὅσοι
1732 1061 1826 1134 τὴν
1848 1062 1969 1131 ⁵ἀνω

387 1154 639 1223 κατέχειν
676 1153 1023 1206 διατέτακται
1067 1152 1270 1225 χώραν.
1306 1153 1695 1225 Συναγομένων
1724 1154 1834 1224 γάρ
1861 1153 1971 1207 τῶν

388 1245 809 1316 ἀναθυμιάσεων
847 1245 976 1316 περί
1018 1245 1079 1297 τὸ
1128 1244 1280 1314 ῦψος,
1323 1246 1417 1299 καὶ
1460 1247 1831 1316 πυκνουμένω
1875 1247 1967 1301 τοῦ

390 1339 552 1409 ἀέρος
582 1341 703 1401 ταῖς
733 1340 797 1391 ὲκ
837 1338 944 1392 τῶν
983 1338 1308 1409 πνευμάτων
1362 1339 1665 1410 πιλήσεσιν,
1702 1340 1831 1393 ὅταν
1872 1339 1969 1410 μὲν

390 1430 448 1482 αἱ
486 1431 621 1493 τέως
656 1427 955 1497 ἀτμοειδῶς
982 1429 1075 1483 καὶ
1099 1428 1312 1493 λεπτῶς
1344 1430 1746 1501 ἐνεσπαρμέναι
1777 1429 1855 1500 τῷ
1880 1430 1968 1483 νέ-

389 1537 480 1589 φει
520 1519 721 1582 νοτίδες
765 1518 1020 1591 ἀλλήλαις
1065 1520 1518 1591 προσχωρήσωσι,
1572 1519 1830 1588 σταγόνες
1882 1518 1969 1582 γί-

390 1627 628 1680 ⁴μνονται,
657 1609 735 1679 τῷ
767 1609 922 1681 βάρει
944 1610 1053 1663 τῶν
1080 1610 1484 1679 συγκριθέντων
1507 1610 1805 1682 φερόμεναι
1835 1609 1970 1681 πρὸς

393 1704 454 1757 τὺ
485 1702 635 1756 κάτω
655 1717 670 1731 ·
702 1704 795 1755 καὶ
825 1702 962 1771 αὕτη
994 1700 1151 1753 ὑετοῦ
1186 1701 1398 1769 γένεσις
1419 1717 1433 1732 ⁶
1465 1702 1592 1754 ὅταν
1632 1701 1688 1753 δὲ
1722 1700 1781 1753 τὸ
1805 1702 1969 1772 ὑγρὸν

2075 513 2277 579 lsraeli,
2310 511 2379 567 Et
2434 513 2553 578 erit,
2597 510 2791 581 inquit,
2834 510 2929 564 tibi
2973 508 3156 565 celum
3194 508 3335 579 quod
3369 522 3524 578 super
3564 524 3651 562 ca-

2073 616 2163 675 put
2195 616 2273 661 est
2296 645 2312 671 ,
2340 621 2540 661 teneam
2575 606 2642 659 δ’.
2675 603 2811 671 Quid
2859 603 2943 660 bis
2990 602 3167 657 verbis
3207 600 3449 656 indicare
3488 598 3649 654 vult?

2076 695 2454 754 Omnimodam
2499 694 2829 758 siccitatem,
2860 700 2917 746 et
2963 704 3224 760 aquarum
3257 688 3527 743 aeriarum
3556 685 3649 741 de-

2077 788 2324 853 fectum,
2365 787 2560 856 quibus
2627 784 2802 840 telluri
2868 781 3122 837 fertilitas
3185 780 3456 835 fructuum
3517 793 3650 834 con-

2075 881 2267 936 fertur.
2320 879 2454 937 Cutn
2484 879 2650 948 igitur
2692 876 2892 933 deferri
2918 875 2987 930 de
3011 873 3153 930 caelo
3182 887 3358 927 rorem
3395 880 3489 925 aut
3530 870 3649 940 plu-

2075 972 2216 1026 viam
2240 972 2390 1036 dicit,
2426 981 2538 1026 tum
2562 985 2735 1040 aquas
2763 983 2858 1024 eas
2887 982 3009 1038 quae
3032 978 3320 1035 supernam
3373 964 3647 1034 regionem

2074 1079 2340 1133 occupare
2377 1064 2547 1132 iussae
2596 1071 2748 1126 sunt,
2800 1058 3167 1128 intelligimus.
3215 1055 3468 1111 Collectis
3497 1053 3646 1109 enim

2076 1159 2129 1211 in
2187 1157 2401 1213 sublimi
2438 1156 2746 1225 vaporibus,
2776 1164 2835 1210 et
2867 1166 2992 1207 aere
3037 1164 3134 1221 per
3171 1158 3449 1206 ventorum
3493 1161 3644 1203 com.

2076 1249 2409 1318 pressionem
2474 1247 2843 1312 condensato,
2901 1244 2992 1299 ubi
3061 1242 3443 1307 humiditates,
3498 1240 3658 1310 prius.

2076 1339 2132 1393 in
2195 1338 2414 1393 modum
2476 1337 2694 1408 vaporis
2754 1335 3095 1404 tenuiterqne
3158 1331 3288 1387 nubi
3357 1332 3649 1400 inspersa,

2076 1433 2217 1488 inter
2246 1446 2305 1487 se
2355 1438 2541 1485 mutuo
2572 1430 2935 1492 cohaeserunt,
2964 1437 3090 1481 tunc
3132 1425 3423 1495 gignuntur
3462 1431 3647 1493 gutta,

2075 1523 2144 1577 ad
2180 1523 2287 1577 ima
2311 1530 2688 1578 concretorum
2712 1522 2998 1576 humorum
3025 1519 3264 1588 pondere
3295 1517 3648 1581 decidentes;

2076 1608 2349 1682 atque‘hic
2381 1621 2467 1666 est
2493 1611 2683 1682 pluviae
2709 1620 2881 1666 ortus.
2904 1610 3036 1665 Cum
3065 1624 3194 1664 vero
3228 1609 3423 1663 humor
3448 1608 3498 1662 vi
3522 1622 3653 1663 ven-

2076 1714 2254 1760 torum
2291 1704 2578 1771 dissectus,
2610 1704 2663 1756 in
2697 1715 2943 1770 Spumam
2974 1701 3223 1757 redactus
3266 1709 3373 1766 est,
3420 1715 3652 1772 cumque

393 1792 713 1863 ὲξαφρισθῇ,
763 1796 882 1856 ταῖς
939 1791 1080 1861 βίαις
1110 1791 1218 1844 τῶν
1268 1792 1486 1860 ἀνέμων
1526 1792 1818 1855 ἀνακοπὲν,
1862 1787 1977 1844 εἶτα

2082 1795 2335 1865 deinceps
2367 1809 2575 1850 summe
2621 1793 2995 1863 reirigescens,
3030 1800 3173 1845 totus
3199 1791 3421 1846 omnino
3456 1805 3652 1861 castige-

395 1887 471 1948 είς
503 1886 668 1956 ἀκρον
703 1883 1068 1954 καταψυχθὲν,
1111 1883 1229 1936 ὅλον
1267 1883 1440 1935 διόλου
1489 1885 1660 1953 παγῇ,
1706 1882 1977 1954 θραυομέ-

398 1995 492 2031 νου
520 1977 614 2030 τοῦ
644 1976 857 2046 νέφους,
888 1978 921 2046 ἡ
945 1974 1077 2046 χιὼν
1101 1976 1484 2048 καταφέρεται.
1510 1975 1619 2027 Καὶ
1641 1973 1797 2038 ὅλως,
1834 1972 1976 2027 κατὰ

398 2071 490 2124 τὸν
522 2071 683 2124 αὐτὸν
723 2069 899 2137 λόγον,
940 2069 1115 2135 ἔξεστί
1155 2086 1237 2123 σοι
1286 2070 1418 2140 όρᾷν
1458 2069 1638 2121 πᾶσαν
1677 2066 1770 2120 τοῦ
1807 2067 1974 2137 ὑγροῦ

398 2161 495 2233 τὴν
524 2162 683 2231 φύσιν
711 2164 835 2233 περὶ
871 2162 959 2216 τὸν
992 2163 1131 2231 ὑπὲρ
1183 2161 1419 2233 κεφαλῆς
1450 2160 1609 2232 ἡμῶν
1656 2160 1796 2229 ἀέρα
1848 2176 1974 2212 συν-

398 2254 714 2325 ισταμένην.
754 2254 866 2308 Καὶ
906 2254 1091 2325 μηδεὶς
1116 2256 1179 2325 τῇ
1206 2254 1494 2325 περιεργίᾳ
1526 2252 1632 2306 τῶν
1660 2253 1787 2324 περὶ
1815 2252 1978 2323 οὐρα-

393 2345 487 2400 νοῦ
516 2347 988 2418 φιλοσοφησάντων
1025 2345 1085 2399 τὸ
1119 2345 1320 2399 ἁπλοῦν
1349 2347 1443 2399 καὶ
1464 2344 1837 2399 ἀκατάσκευον
1867 2342 1975 2418 τῶν

396 2409 778 2508 πνευματικῶν
808 2438 982 2506 λόγων
1036 2437 1446 2508 παραδαλλέτω.
1500 2438 1647 2506 Ὄσῳ
1675 2436 1783 2506 γάρ
1830 2409 2035 2488 rei?”

394 2532 514 2593 ταῖς
547 2530 788 2601 σώφροσι
821 2531 929 2600 (40)
960 2532 1153 2595 κάλλος
1192 2530 1287 2585 τοῦ
1338 2527 1615 2600 ἑταιρικοῦ
1654 2526 1978 2598 προτιμότε-

402 2638 513 2694 ρον,
554 2623 805 2675 τοσοῦτον
839 2625 933 2676 καὶ
969 2623 1076 2675 τῶν
1123 2621 1406 2693 ἡμετέρων
1460 2620 1634 2689 λόγων
1676 2619 1812 2690 πρὸς
1849 2619 1975 2682 τοὺς

397 2709 596 2775 ἔξωθεν
628 2712 689 2765 τὸ
726 2712 997 2784 διάφορον.
1046 2714 1107 2767 Οἱ
1160 2712 1256 2782 μὲν
1294 2710 1403 2782 γὰρ
1452 2708 1979 2781 κατηναγκασμένον

396 2806 461 2859 τὸ
482 2805 705 2858 πιθανὸν
741 2810 854 2870 τοῖς
885 2808 1063 2876 λόγοις
1097 2807 1392 2876 ἐπάγουσιν
1412 2823 1423 2835 ·
1448 2804 1682 2858 ἐνταῦθα
1710 2804 1768 2857 δὲ
1792 2804 1977 2875 γυμνὴ

397 2899 786 2970 τεχνασμάτων
828 2901 861 2970 ὴ
892 2899 1118 2970 ἀλήθεια
1150 2900 1451 2971 πρόκειται.
1508 2898 1618 2951 Καὶ
1643 2897 1695 2948 τί
1725 2896 1806 2950 δεῖ
1836 2897 1978 2966 πρά-

397 3007 583 3060 γματα
618 2989 761 3060 ἔχειν
796 2991 940 3059 ἡμᾶς
964 2990 1024 3042 τὸ
1054 2989 1247 3058 ψευδὲς
1272 2988 1451 3042 αὐτῶν
1472 2986 1869 3057 διελέγχοντας,
1894 2980 1977 3050 οἷς

397 3081 619 3152 ἐξαρκεῖ
639 3081 734 3144 τὰς
755 3080 934 3135 αὐτῶν
971 3082 1193 3136 ἐκείνων
1225 3080 1435 3150 βίϐλους
1462 3079 1715 3150 ἀλλήλαις
1749 3080 1976 3134 ἀντιπα-

400 3174 661 3246 ραθέντας
696 3175 751 3225 ὲν
772 3173 970 3244 ἡσυχίᾳ
996 3172 1163 3242 πολλῇ
1188 3171 1385 3236 θεατὰς
1412 3171 1592 3224 αὐτῶν
1612 3168 1703 3224 τοῦ
1737 3169 1975 3239 πολέμου

397 3263 671 3333 καθῆσθαι
701 3263 848 3333 (.ινι);
901 3262 1040 3317 Οὑτε
1098 3263 1207 3335 γὰρ
1262 3262 1483 3334 ἀριθμῷ
1534 3263 1809 3325 ἐλάττους.
1851 3260 1976 3316 οὔτε

402 3355 672 3426 ἀξιώματι
712 3356 1007 3426 ὑφειμένοι,
1044 3356 1359 3428 πολυφωνίᾳ
1411 3356 1469 3409 δὲ
1509 3357 1603 3409 καὶ¹
1636 3355 1790 3427 παρὰ
1841 3354 1974 3415 πολὺ

396 3448 743 3518 διαφέροντες
776 3448 912 3519 πρὸς
951 3448 1039 3500 τὸν
1085 3447 1320 3503 ἐναντίον
1364 3448 1544 3511 αὐτοῖς
1573 3448 1979 3502 ἀντικαθίσταν-

399 3555 488 3591 ται
515 3536 692 3605 λόγον,
723 3539 771 3590 οἱ
806 3538 865 3590 τὸ
897 3539 1002 3591 πᾶν
1032 3537 1400 3609 ἐκπυροῦσθαι
1423 3538 1692 3606 λέγοντες,
1724 3537 1819 3592 καὶ
1843 3538 1976 3590 ἀνα-ὲ

398 3626 725 3681 ϐιώσκεσθαι
753 3626 915 3681 πάλιν
967 3630 1030 3680 ὲκ
1061 3626 1170 3692 τῶν
1221 3627 1607 3699 σπερματικῶν
1640 3628 1812 3696 λόγων
1868 3628 1978 3683 τῶν

398 3719 840 3789 ἐναπομενόντων
862 3720 971 3782 τοῖς
995 3717 1390 3789 ἐκπυρωθεῖσιν
1408 3736 1421 3747 ·
1455 3717 1576 3772 ὅθεν
1605 3719 1699 3771 καὶ
1721 3716 1978 3786 ἀπείρους

398 3812 603 3882 φθορὰς
633 3812 838 3882 κόσμου
868 3811 962 3863 καὶ
1003 3810 1423 3879 παλιγγενεσίας
1458 3810 1790 3877 εἰσάγουσιν.
1839 3808 1978 3861 Ἀλλ’

398 3904 596 3956 ἐκεῖνοι
620 3902 738 3973 μὲν,
770 3904 853 3974 ἐφ’
876 3901 1112 3973 ἑκάτερα
1128 3901 1230 3972 τῆς
1260 3899 1517 3971 ἀληθείας
1538 3901 1977 3972 ἀποσχιζόμενοι,

398 3995 551 4048 ἐνθεν
583 3997 678 4049 κει)⁸
716 3995 867 4048 ἐνθεν
899 3994 998 4059 τὰς
1042 3995 1134 4048 ἐπὶ
1159 3994 1258 4066 τὴν
1298 3994 1510 4065 πλάνην
1544 3995 1755 4058 ἑαυτοῖς
1786 3996 1979 4065 ἐκτρο-

401 4086 511 4150 πὰς
538 4086 964 4159 ἐξευρίσκουσιν.

470 4177 525 4231 9.
564 4177 723 4247 Ἡμῖν
766 4176 878 4248 (42)
910 4177 969 4231 δὲ
1010 4177 1102 4231 καὶ
1136 4177 1272 4251 πρὸς
1298 4178 1425 4240 τοὺς
1469 4176 1579 4231 ἀπὸ
1615 4177 1715 4249 τῆς
1757 4178 1981 4249 Ἐκκλη-

406 4271 526 4335 σίας
550 4270 662 4323 ἐστί
701 4288 783 4334 τις
815 4270 971 4338 λόγος
1006 4271 1133 4342 περὶ
1164 4270 1274 4324 τῶν
1315 4269 1703 4341 διακριθέντων
1750 4269 1979 4333 ὑδάτων,

401 4363 452 4416 οἳ
495 4362 761 4434 προφάσει
806 4362 1120 4433 ἀναγωγῆς,
1168 4363 1262 4416 καὶ
1299 4362 1586 4433 νοημάτων
1612 4360 1979 4433 ὑψηλοτέρων,

2078 1872 2221 1944 latus
2244 1896 2348 1951 est,
2384 1897 2496 1941 tum
2526 1886 2696 1942 fracta
2719 1889 2860 1942 nube
2892 1888 2987 1941 nix
3006 1886 3292 1940 delabitur.
3319 1886 3385 1941 Et
3414 1887 3468 1941 in
3498 1900 3649 1940 sum-

2078 1995 2187 2045 ma,
2216 1979 2285 2034 ob
2310 1981 2554 2036 eamdem
2584 1980 2848 2034 rationem
2881 1977 3004 2031 licet
3032 1977 3127 2032 tibi
3165 1991 3379 2032 omnem
3408 1976 3649 2031 humoris

2079 2081 2326 2128 naturam
2351 2072 2558 2127 circum
2585 2086 2768 2127 aerem
2813 2069 2976 2139 capiti
3023 2078 3211 2125 nostro
3253 2078 3649 2138 superstantem

2076 2178 2322 2220 eernere.
2350 2163 2522 2220 Nemo
2549 2170 2727 2218 autem
2763 2161 3122 2231 spiritualium
3158 2176 3468 2216 sermonum
3515 2161 3649 2217 simo

2042 2313 2047 2317 .
2076 2259 2368 2329 plicitatem
2399 2272 2465 2312 ac
2497 2257 2752 2312 incultum
2773 2272 2895 2312 cum
2922 2257 3236 2313 curiositate
3266 2270 3455 2312 eorum
3475 2256 3566 2325 qui
3588 2256 3654 2312 de

2077 2350 2212 2406 caelo
2244 2350 2601 2422 philosophati
2631 2359 2781 2415 sunt,
2813 2359 3113 2418 comparet.
3144 2348 3356 2415 Quanto
3385 2346 3529 2403 enim
3558 2363 3654 2405 ca-

2077 2455 2284 2509 starum
2311 2443 2653 2512 pulchritudo
2672 2444 2978 2498 meretricia
3004 2441 3362 2512 praestabilior
3380 2450 3487 2508 est,
3504 2450 3653 2497 tanto

2077 2552 2359 2594 sermones
2385 2537 2555 2592 nostri
2587 2536 2829 2590 externis
2857 2542 3132 2604 praestant.
3164 2534 3229 2588 Hi
3272 2549 3503 2605 namque
3523 2549 3651 2604 pro-

2078 2629 2413 2685 babilitatem
2438 2633 2492 2683 vi
2522 2636 2791 2682 extortam
2835 2628 2948 2682 suis
2994 2625 3277 2681 sententiis
3316 2624 3604 2679 conciliant
3634 2643 3648 2678 :

2081 2721 2169 2776 hic
2189 2736 2318 2776 vero
2346 2722 2487 2774 nuda
2521 2719 2625 2789 31
2657 2728 2713 2774 et
2753 2719 2822 2774 ab
2869 2718 3115 2773 artiﬁciis
3143 2732 3308 2771 vacua
3336 2717 3655 2786 proponitur

2079 2810 2301 2864 veritas.
2344 2808 2452 2863 Sed
2489 2809 2615 2879 quid
2658 2822 2792 2875 opus
2824 2817 2910 2863 est
2942 2821 3040 2861 nos
3078 2806 3132 2859 in
3182 2804 3479 2860 mendaciis
3510 2805 3653 2874 ipso-

2080 2918 2197 2957 rum
2232 2902 2579 2958 coniutandis
2626 2893 2863 2971 iati'gari,
2897 2898 3091 2968 quibus
3135 2897 3270 2952 satis
3303 2896 3483 2961 fuerit,
3511 2896 3558 2952 si
3588 2896 3653 2950 li-

2078 2992 2191 3049 bris
2226 2994 2463 3070 ipsorum
2492 2993 2634 3046 inter
2661 3006 2721 3046 se
2752 2990 2985 3054 collatis,
3015 2988 3139 3044 belli
3165 2988 3401 3057 ipsorum
3438 2996 3650 3058 specta-

2081 3093 2224 3138 tores
2247 3086 2301 3137 in
2335 3098 2548 3138 summo
2574 3082 2685 3137 otio
2725 3078 3194 3136 sedeamus?Nam
3231 3092 3404 3148 neque
3430 3091 3653 3133 numero

2081 3176 2361 3246 pauciores
2391 3189 2566 3245 neque
2600 3172 2859 3244 dignitate
2887 3170 3192 3234 inferiores,
3212 3172 3306 3226 sed
3331 3170 3655 3238 loquacitate

2079 3270 2241 3324 etiam
2278 3268 2432 3338 longe
2481 3274 2799 3337 praestantes
2831 3264 3119 3320 contraria:
3149 3264 3252 3319 sibi
3298 3262 3541 3331 opinioni
3568 3277 3655 3317 re-

2079 3359 2379 3430 fragantur,
2421 3358 2458 3412 ii
2490 3359 2581 3428 qui
2616 3357 2924 3412 universum
2969 3355 3121 3410 aiunt
3153 3354 3419 3418 comburi,
3451 3367 3512 3408 ac
3555 3353 3654 3409 lte-

2079 3468 2197 3507 rum
2238 3466 2303 3507 ex
2347 3448 2698 3504 seminalibus
2738 3446 3057 3516 quibusdam
3099 3444 3398 3500 rationibus
3439 3460 3560 3514 quae
3599 3445 3654 3499 in

2081 3540 2243 3595 rebus
2293 3539 2500 3594 exustis
2538 3545 2841 3601 remanent,
2889 3536 3233 3590 reviviscere.
3288 3532 3442 3589 Unde
3489 3532 3653 3588 etiam

2081 3632 2317 3686 inﬁnitas
2355 3630 2538 3684 mundi
2580 3629 2955 3699 corruptiones
3003 3637 3060 3683 et
3100 3626 3532 3698 regenerationes
3573 3624 3655 3678 in-

2079 3725 2299 3778 ducunt.
2340 3720 2534 3778 Verum
2577 3720 2651 3775 illi
2692 3721 2907 3790 quidem
2953 3720 3204 3787 utrinque
3233 3733 3263 3772 a
3291 3720 3519 3773 veritate
3546 3717 3654 3770 dis-

2080 3816 2192 3879 siti,
2223 3816 2348 3869 hinc
2370 3824 2425 3869 et
2462 3814 2585 3869 inde
2629 3815 2696 3868 ad
2727 3828 2968 3869 errorem
3010 3812 3111 3867 sibi
3162 3811 3298 3881 ipsis
3334 3806 3653 3867 diverticula

2082 3907 2372 3963 inveniunt.

2152 4180 2205 4235 9.
2231 4179 2538 4247 Quinetiam
2573 4179 2770 4249 aliquis
2805 4178 2961 4234 nobis
2982 4178 3242 4235 adversus
3262 4175 3658 4234 ecclesiasticos

2082 4273 2343 4341 quosdam
2373 4272 2671 4341 scriptores
2709 4273 2776 4326 de
2798 4271 3051 4327 discretis
3088 4270 3242 4338 aquis
3272 4270 3550 4326 habendus
3574 4277 3659 4324 est

2083 4378 2262 4418 sermo
2297 4378 2311 4415 :
2348 4362 2442 4432 qui
2502 4377 2773 4433 anagoges
2807 4370 2861 4416 et
2901 4362 3233 4418 sublimioris
3291 4360 3659 4431 intelligentiae

404 4454 484 4513 εἰς
528 4449 855 4520 ἀλληγορίας
887 4451 1214 4521 κατέφυγον,
1255 4450 1511 4522 δυνάμεις
1537 4450 1786 4520 λέγοντες
1820 4468 1977 4505 πνευ-

2088 4455 2305 4509 nomine
2333 4453 2689 4526 confugerunt
2716 4454 2783 4510 ad
2809 4455 3117 4526 allegorias,
3138 4455 3273 4511 adeo
3302 4463 3361 4508 ut
3388 4453 3659 4522 spiritales

406 4541 642 4613 ματικάς
665 4542 759 4595 καὶ
797 4541 1117 4612 ἀσωμάτους
1140 4544 1416 4614 τροπικῶς
1437 4544 1501 4596 ὲκ
1524 4543 1632 4597 τῶν
1654 4542 1862 4597 ὑδάτων
1887 4560 1984 4613 ση⁹

409 4632 715 4704 μαίνεσθαι·
741 4633 834 4686 καὶ
850 4632 962 4686 ἀνω
981 4634 1078 4704 μὲν
1106 4635 1198 4686 ἐπὶ
1224 4633 1318 4686 τοῦ
1343 4633 1717 4705 στερεώματος
1746 4652 1986 4707 μεμενη-

405 4723 557 4776 κέναι
594 4721 692 4785 τάς
738 4723 1070 4795 κρείττονας,
1116 4725 1266 4778 κάτω
1305 4724 1361 4778 δὲ
1418 4728 1528 4789 τοῖς
1566 4727 1860 4798 περιγείοις
1892 4730 1984 4783 καὶ

406 4813 611 4876 ὑλικοῖς
634 4812 821 4876 τόποις
856 4816 1287 4885 προσαπομεῖναι
1313 4814 1424 4885 (45)
1457 4815 1554 4879 τὰς
1584 4817 1847 4887 πονηράς.
1885 4818 1983 4870 Διά

402 4904 561 4957 τοῦτο
586 4904 670 4975 δὴ,
700 4904 853 4973 φασὶ,
913 4904 1006 4957 καὶ
1043 4905 1110 4958 τὰ
1147 4905 1332 4959 ἐπάνω
1373 4906 1481 4959 τῶν
1530 4907 1777 4978 οὐρανῶν
1808 4908 1979 4963 ὕδατα

399 4995 571 5049 αἰνεῖν
621 4994 713 5047 τὸν
769 4993 935 5047 Θεὸν·
986 4994 1251 5058 τουτέστι,
1306 4995 1406 5057 τὰς
1463 4996 1674 5064 ἀγαθάς
1723 4998 1981 5069 δυνάμεις

413 5086 569 5153 ἀξίας
592 5085 757 5151 οὔσας
787 5085 874 5140 διὰ
901 5086 1245 5159 καθαρότητα
1272 5087 1365 5142 τοῦ
1388 5090 1712 5161 ἡγεμονικοῦ
1744 5091 1834 5144 τὸν
1859 5093 1987 5164 πρέ-

480 5226 524 5257 ³¹
548 5226 697 5279 Deut.
725 5240 890 5290 xxv",
928 5225 1017 5281 25.

459 5355 590 5438 .(39)
618 5358 692 5438 ita
719 5360 847 5412 editi
881 5376 999 5415 cum
1028 5360 1161 5438 lies.
1197 5362 1595 5438 tertio_et_cum
1625 5361 1789 5438 Quis].
1843 5376 1989 5438 vetng

407 5427 591 5481 stiore.
623 5427 752 5495 Reg.
787 5441 968 5503 sextus
991 5427 1314 5503 np’lcpahi.
1348 5434 1376 5484 ὁ
1417 5432 1620 5502 Ἱερεμ.
1646 5432 1821 5487 ἔσται.
1881 5435 1987 5491 Alii

408 5504 806 5573 quatuorntss.
840 5502 1325 5573 lialtent'lapspi;
1361 5517 1457 5570 pro
1502 5503 1741 5573 Ἰσραήλ.

479 5567 593 5645 ςςιο)
624 5566 761 5620 Editi
815 5581 869 5623 et
922 5571 1087 5645 Guisl.
1141 5566 1406 5645 vet'nsjinr
1442 5574 1501 5623 ὲν
1550 5566 1686 5645 ταῖς
1717 5573 1983 5645 σώφροσι.

409 5633 511 5688 Alii
550 5633 762 5721 septem.
808 5655 937 5695 mss.
978 5642 1036 5693 ὲν
1080 5644 1192 5706 τοῖς
1243 5640 1504 5712 σώφροσι.
1560 5633 1679 5699 Mos
1714 5633 1981 5701 duonmss.

406 5721 646 5776 τοσουτῳ
672 5721 781 5761 καιο

2088 4557 2143 4601 et
2187 4548 2533 4616 incorporeas
2568 4548 2798 4615 virtutes
2848 4559 3095 4603 asseram
3142 4561 3238 4616 per
3266 4560 3435 4616 aquas
3457 4545 3658 4614 tropice

2086 4636 2377 4706 signiﬁcari
2408 4652 2422 4691 :
2453 4645 2508 4690 et
2553 4650 2768 4692 sursum
2803 4636 3020 4706 quidem
3052 4619 3212 4705 supra
3260 4634 3658 4689 ﬁrmamentum

2087 4729 2352 4783 mansisse
2383 4728 2821 4798 praestabiliores,
2852 4730 3105 4785 deorsum
3126 4742 3256 4781 vero
3301 4728 3354 4780 in
3397 4725 3658 4782 terrestri-

2086 4823 2187 4877 bus
2213 4820 2519 4887 crassisque
2547 4819 2681 4875 locis
2715 4819 2977 4889 malignas
3010 4818 3333 4888 subsedisse.
3368 4816 3659 4887 Propterea

2088 4912 2273 4966 dicunt
2294 4924 2348 4967 et
2369 4927 2463 4969 eas
2491 4927 2656 4983 aquas
2684 4926 2804 4982 qua:
2855 4927 3018 4983 supra
3066 4912 3233 4967 caelos
3278 4911 3470 4966 locata:
3512 4919 3658 4975 sunt,

2089 5005 2258 5060 Deum
2285 5005 2522 5071 laudare,
2558 5008 2660 5061 hoc
2695 5014 2799 5070 est,
2828 5006 2995 5061 bonas
3022 5014 3336 5075 potestates,
3363 5004 3433 5059 ob
3466 5001 3658 5057 mentis

2092 5098 2407 5154 munditiam
2438 5100 2649 5169 dignas,
2679 5115 2798 5167 qua:
2818 5098 3228 5153 convenientem
3252 5082 3527 5151 Conditori
3550 5093 3656 5147 lau-

2164 5368 2274 5438 (Μ)
2306 5368 2436 5437 Reg.
2480 5380 2666 5421 sextus
2694 5366 2932 5437 πολέμου
2961 5364 3342 5419 καθίστασθαι.

2163 5431 2276 5509 (42)
2324 5431 2411 5491 ῙιΓ
2436 5439 2687 5493 confesso
2724 5447 2809 5491 est
2833 5431 3217 5509 'apud‘omnes
3253 5445 3363 5509 tun)
3411 5431 3659 5509 antiquos
3695 5470 3700 5476 .

2093 5500 2204 5565 tum
2239 5500 2575 5625 rﬁgentiores
2606 5509 2692 5562 hic
2722 5500 2942 5576 coargui
2986 5504 3299 5575 Origenem.
3333 5501 3474 5575 Lege
3498 5500 3662 5558 Praei.

2093 5595 2242 5625 num.
2268 5586 2317 5625 ξ.
2348 5620 2355 5625 .

2093 5595 2124 5632 n
2171 5595 2242 5630 m.
2268 5595 2355 5630 κέ».

2131 5596 2272 5719 u(/15)
2313 5648 2445 5718 Reg.
2478 5659 2664 5703 Sextus
2692 5646 3146 5718 προσαναμεῐναι.
