4082 6218
475 403 550 461 ’15
1807 399 1863 454 8.
1906 397 2045 454 BASJ

2144 398 2150 452 Ι
2190 398 2409 455 MAGNI
3656 402 3729 457 76

471 522 595 577 dem
622 519 901 576 exsolvant
928 535 943 571 :
983 531 1151 585 aquas
1177 530 1307 571 vero
1341 515 1483 571 intra
1514 516 1682 571 caelos
1707 519 2045 582 constitutas,

2157 531 2328 572 ποντα
2354 513 2503 571 αἶνον
2529 517 2639 589 (44)
2664 516 2969 571 ἀποδιδόναι
2995 516 3073 588 τῷ
3099 516 3341 571 κτίσαντι
3365 534 3380 549 °
3413 517 3481 572 τὰ
3504 517 3562 572 δὲ
3593 520 3755 601 6‘50;

472 612 741 684 spiritales
784 608 1142 680 malignitates
1188 623 1327 674 esse,
1357 625 1385 663 a
1435 609 1667 664 naturali
1717 610 2047 665 sublimitate

473 706 540 758 ad
576 704 739 756 imam
782 697 1075 770 nequitiam
1115 699 1362 770 delapsas
1395 719 1408 755 :
1440 716 1597 771 quas,
1629 709 1812 771 utpote
1860 701 2045 755 turbu-

472 790 644 845 lentas
708 789 1098 858 seditiosasque
1141 798 1197 843 et
1246 788 1533 845 aﬂ'ectuum
1588 790 1904 845 tumultibus
1949 805 2045 845 ex-

470 890 782 945 aestuantes,
815 884 1008 935 docent
1038 882 1205 936 maris
1247 882 1465 936 nomine
1505 880 1670 935 fuisse
1703 890 1939 948 vocatas,
1973 882 2044 937 ob

469 981 711 1033 motuum
745 986 776 1025 a
805 972 1091 1037 fvoluntate
1138 972 1594 1042 proficiscentium
1639 972 2043 1027 instabilitatem

469 1070 633 1130 atque
685 1061 1129 1117 inconstantiam.
1174 1061 1300 1116 Tale
1362 1075 1522 1131 porro
1561 1074 1838 1115 sermones
1881 1059 2043 1113 veluti

470 1152 803 1207 somniorum
843 1152 1315 1221 interpretationes
1344 1159 1401 1205 et
1443 1150 1614 1205 aniles
1654 1148 1867 1204 fabulas
1913 1149 2043 1218 reji-

471 1244 697 1306 cientes,
730 1257 928 1312 aquam
960 1257 1152 1312 aquam
1198 1243 1578 1314 intelligamus,
1608 1251 1661 1298 et
1686 1241 2041 1297 secretioriem

471 1350 502 1387 a
533 1334 873 1392 ﬁrmamento
919 1333 1117 1389 factam
1163 1333 1325 1402 juxta
1357 1334 1571 1388 allatam
1606 1334 1867 1389 rationem
1895 1333 2040 1388 acci-

472 1428 700 1496 piamus.
730 1426 925 1483 Verum
969 1430 1179 1483 etiamsi
1222 1426 1510 1496 aquatilia;
1538 1440 1698 1495 supra
1719 1427 1883 1482 caelos
1913 1440 2043 1480 con-

470 1519 671 1573 stitutae
730 1534 1112 1588 nonnunquam
1160 1520 1229 1572 ad
1284 1519 1654 1573 universorum
1701 1531 2041 1573 communem

469 1610 753 1666 Dominum
786 1611 1108 1666 laudandum
1143 1611 1538 1677 adhibeantur;
1567 1624 1671 1663 non
1721 1608 1925 1663 idcirco
1949 1622 2042 1663 eas

468 1711 717 1755 naturam
747 1701 1061 1757 rationalem
1089 1716 1209 1756 esse
1246 1710 1516 1771 putamus.
1534 1699 1718 1768 Neque
1748 1700 1893 1753 enim
1924 1698 2042 1752 ani-

468 1793 600 1847 mati
655 1802 779 1847 sunt
816 1792 960 1858 cceli,
996 1808 1063 1849 eo
1106 1794 1249 1862 quod
1294 1792 1392 1846 Dei
1424 1801 1674 1847 enarrant
1712 1790 1936 1861 gloriam
1952 1790 2035 1842 ⁸³ι

2149 609 2300 664 κάτω
2335 609 2442 662 τῶν
2475 609 2718 681 οὐρανῶν
2756 609 2921 662 ὓδατα
2961 609 3031 663 τὰ
3075 609 3417 680 πνευματικὰ
3451 606 3591 663 εἶναι
3622 612 3726 682 τῆς

2146 700 2431 770 πονηρίας,
2474 700 2583 753 ἀπὸ
2607 699 2701 753 τοῦ
2734 701 2873 755 κατὰ
2903 700 3063 769 φύσιν
3102 698 3267 770 ὑψους
3297 702 3377 763 είς
3402 699 3463 754 τὸ
3488 700 3587 771 τῆς
3617 719 3724 755 κα-

2144 789 2268 853 κίας
2314 787 2472 858 βάθος
2516 790 2927 843 καταπεσόνταο
2963 789 3125 860 ἅπερ,
3167 790 3243 854 ὡς
3268 788 3552 861 ταραχώδη
3590 789 3724 844 ὄντα

2148 880 2244 933 καὶ
2272 879 2650 947 στασιαστικὰ,
2680 882 2906 944 καὶτοῖς
2923 879 3171 952 θορύϐοις
3185 880 3294 934 τῶν
3320 880 3505 934 παθῶν
3528 897 3723 952 κυμαιο

2144 970 2360 1040 νόμενα,
2400 969 2673 1025 θάλασσαν
2712 969 3027 1043 ὠνομάσθαι
3081 970 3170 1023 διὰ
3214 971 3276 1025 τὸ
3315 971 3718 1042 εὐμετάϐλητον

2145 1061 2238 1115 καὶ
2266 1062 2498 1116 ἄστατον
2537 1062 2646 1115 τῶν
2685 1064 2826 1117 κατὰ
2866 1062 3183 1134 προαίρεσιν
3212 1063 3545 1133 κινημάτων.
3572 1065 3715 1129 Τοὺς

2141 1152 2206 1222 δὴ
2252 1151 2524 1215 τοιούτους
2563 1152 2754 1221 λόγους
2804 1153 2881 1216 ώς
2925 1153 3218 1224 ὀνειράτων
3270 1156 3583 1223 συγκρίσεις
3622 1156 3719 1207 καὶ

2143 1241 2407 1314 γραώδεις
2435 1242 2635 1313 μύθους
2664 1242 3142 1314 ἁποπεμψάμενοι,
3172 1242 3230 1296 τὸ
3251 1242 3393 1314 ὕδωρ
3423 1243 3562 1317 ὕδωρ
3588 1246 3717 1315 νοή-

2145 1351 2348 1404 σωμεν,
2385 1334 2479 1386 καὶ
2510 1333 2609 1405 τὴν
2636 1334 2904 1405 διάκρισιν
2934 1334 3033 1406 τὴν
3067 1335 3170 1388 ὑπὸ
3210 1335 3303 1389 τοῦ
3340 1335 3717 1408 στερεώματος

2139 1424 2591 1495 γενομένηνκατὰ
2610 1425 2709 1495 τὴν
2724 1425 3080 1480 ἀποδοθεῖσαν
3098 1426 3273 1480 αἰτίαν
3286 1425 3561 1497 δεξώμεθα
3578 1427 3714 1498 (45).

2141 1516 2251 1568 Καὶ
2304 1515 2506 1586 μέντοι,
2578 1516 2681 1570 κᾶν
2736 1518 2816 1580 είς
2865 1516 3173 1586 δοξολογίαν
3224 1518 3354 1572 ποτὲ
3389 1518 3483 1572 τοῦ
3533 1519 3717 1573 κοινοῦ

2138 1605 2248 1660 τῶν
2273 1606 2409 1660 ὅλων
2437 1608 2706 1661 Δεσπότου
2734 1609 2802 1663 τὰ
2828 1610 3082 1681 ὑπεράνω
3122 1610 3231 1664 τῶν
3263 1611 3502 1683 οὐρανῶν
3532 1629 3717 1684 παρα-

2139 1696 2480 1767 λαμϐάνηται
2527 1697 2716 1761 ὕδατα,
2761 1699 2822 1751 οὐ
2877 1698 3102 1770 λογικὴν
3155 1699 3294 1753 αὐτὰ
3349 1698 3509 1768 φύσιν
3564 1699 3722 1771 παρὰ

2140 1786 2294 1840 τοῦτο
2316 1787 2595 1857 τιθέμεθα.
2623 1787 2760 1842 Οὐτε
2785 1790 2894 1862 γὰρ
2927 1791 2977 1843 οἱ
3010 1791 3231 1861 οὐρανοὶ
3279 1790 3530 1863 ἐμψυχοι,
3567 1793 3721 1845 ἐπει-

468 1899 642 1952 neque
680 1886 1081 1941 ﬁrmamentum
1119 1887 1319 1940 animal
1345 1894 1429 1940 est
1461 1900 1620 1941 sensu
1648 1884 1950 1952 praeditum,
1973 1897 2039 1937 eo

2144 1875 2202 1947 δὴ
2251 1876 2596 1945 Διηγοῦγται
2642 1878 2834 1942 δόξαν
2894 1880 3075 1935 Θεοῦο
3135 1880 3259 1934 οὐτε
3312 1881 3375 1934 τὸ
3431 1882 3719 1954 στερέωμα

466 1978 606 2044 quod
639 1976 784 2044 Opus
812 1995 1063 2032 manuum
1105 1980 1269 2047 ipsius
1313 1979 1592 2032 annuntiat
1609 1977 1677 2029 ".
1708 1976 1775 2031 Et
1817 1976 1861 2029 si
1900 1975 2043 2029 dicat
2062 2017 2079 2028 ..

466 2071 590 2142 quis
615 2071 788 2127 cmlos
807 2071 1024 2141 quidem
1054 2084 1174 2126 esse
1199 2069 1643 2139 contemplativas
1668 2069 1913 2133 virtutes,
1945 2067 2040 2122 ﬁr-

467 2173 794 2217 mamentum
824 2177 952 2217 vero
994 2170 1291 2231 potestates
1327 2171 1595 2226 actuosas,
1629 2170 1684 2216 ει
1710 2174 1896 2216 eorum
1923 2172 2043 2229 quae

468 2256 661 2310 decent
692 2253 1042 2308 effectrices:
1088 2254 1231 2308 hunc
1293 2268 1598 2308 sermonem
1654 2253 1869 2322 quidem
1925 2263 2044 2307 tan~

468 2358 626 2414 quam
652 2343 879 2398 solerter
901 2343 1190 2398 conﬁctam
1222 2342 1567 2411 suscipimus,
1587 2342 1682 2397 sed
1707 2357 1893 2396 verum
1922 2355 2044 2396 esse

469 2449 572 2488 non
599 2434 821 2489 omnino
851 2433 1221 2489 concedamus.
1248 2433 1339 2488 Sic
1360 2417 1505 2487 enim
1531 2441 1588 2487 et
1611 2447 1722 2498 ros,
1745 2442 1799 2487 et
1828 2433 2037 2501 pruina,

470 2536 524 2581 et
554 2525 746 2595 frigus,
771 2534 825 2579 et
855 2534 1045 2588 aestus,
1074 2537 1356 2596 propterea
1401 2525 1543 2596 quod
1575 2525 1713 2595 apud
1766 2524 2041 2593 Danielem

470 2618 691 2675 laudare
728 2619 1107 2673 universorum
1154 2617 1415 2688 Opiﬁcem
1450 2618 1603 2687 jussa
1654 2618 1852 2682 sint",
1883 2626 2043 2673 erunt

470 2710 760 2779 spiritualis
788 2711 1029 2780 quadam
1087 2720 1143 2765 et
1193 2711 1479 2766 invisibilis
1524 2720 1735 2766 natura.
1781 2709 1887 2765 Sed
1928 2711 2045 2765 haec

470 2799 718 2870 loquendi
768 2801 926 2864 ratio,
957 2802 1004 2854 si
1039 2801 1092 2854 in
1146 2800 1251 2854 illis
1300 2798 1434 2854 locis
1474 2814 1502 2852 a
1535 2799 1818 2868 sagacibus
1885 2797 2043 2851 modo

349 2898 354 2904 '
470 2891 701 2961 spiritali
733 2892 1053 2962 accipiatur,
1084 2890 1362 2947 Creatoris
1387 2891 1751 2945 laudationem
1791 2888 2039 2958 complet.

470 2984 677 3039 Etenim
709 2999 817 3039 non
839 2983 1011 3040 solum
1039 2998 1177 3054 aqua
1208 2998 1366 3054 supra
1385 2982 1551 3037 caios
1578 2983 1806 3051 reposita
1831 2981 1900 3047 ⁵⁸,
1924 2992 2045 3034 tan-

2140 1967 2281 2032 ζῶόν
2304 1972 2450 2021 ἐστιν
2482 1967 2817 2041 αἰσθητικὸν,
2847 1970 3033 2042 ἐπειδὴ
3071 1971 3439 2041 Ἀναγγέλλει
3470 1974 3721 2041 ποίησιν

2138 2059 2258 2113 τῶν
2293 2058 2505 2129 χειρῶν
2538 2059 2746 2116 αὐτοῦ.
2780 2060 2901 2114 Κᾶν
2922 2061 3055 2135 λέγῃ
3085 2078 3169 2125 τις
3202 2062 3463 2133 οὐρανοὺς
3503 2062 3602 2133 μὲν
3633 2058 3720 2117 εἴ·

2136 2146 2347 2216 ναιττὰς
2368 2151 2705 2224 θεωρητικὰς
2744 2151 3021 2223 δυνάμεις,
3054 2153 3340 2226 στερέωμα
3366 2153 3424 2207 δὲ
3448 2153 3546 2217 τὰς
3575 2171 3722 2226 πρα-

2138 2244 2330 2307 κτικάς
2366 2244 2461 2297 καὶ
2501 2244 2789 2313 ποιητικὰς
2813 2245 2937 2298 τῶν
2982 2245 3353 2317 καθηκόντων,
3393 2246 3468 2310 ὡς
3514 2263 3724 2317 κεκομ-

2137 2334 2407 2406 ψευμένον
2439 2335 2547 2407 μὲν·
2572 2337 2663 2389 τὸν
2687 2335 2843 2405 λόγον
2872 2336 3265 2408 ἀποδεχόμεθα,
3300 2337 3473 2409 ἀληθῆ
3495 2338 3551 2391 δὲ
3576 2334 3720 2393 εἶναι

2139 2429 2200 2481 οὐ
2256 2428 2398 2482 πάνυ
2444 2445 2498 2481 τι
2524 2427 2785 2498 δώσομεν.
2829 2426 2989 2481 Οὕτω
3012 2428 3121 2500 γὰρ
3159 2429 3226 2482 ἂν
3255 2429 3350 2481 καὶ
3376 2429 3581 2499 δρόσος,
3622 2431 3723 2483 καὶ

2140 2520 2342 2590 πάχνη,
2379 2520 2470 2574 καὶ
2503 2520 2694 2591 ψῦχος,
2731 2521 2825 2573 καὶ
2864 2520 3071 2592 καῦμα,
3110 2520 3295 2592 ἐπειδὴ
3330 2521 3518 2591 ὑμνεῖν
3561 2522 3720 2590 παρὰ

2138 2611 2216 2683 τῷ
2242 2613 2438 2685 Δανιὴλ
2463 2612 2573 2684 (46)
2604 2613 2695 2666 τὸν
2727 2613 2843 2666 τῶν
2874 2612 3012 2666 ὅλων
3040 2613 3379 2685 Δημιουργδν
3419 2612 3717 2684 ἐπετάχθη,

2139 2704 2302 2773 νοερά
2337 2721 2420 2767 τις
2456 2703 2608 2757 ἔσται
2647 2704 2740 2757 καὶ
2782 2704 3013 2776 ἀόρατος
3051 2704 3231 2771 φύσις.
3281 2703 3420 2756 Ἀλλ’
3452 2706 3481 2756 ό
3509 2703 3565 2758 ἐν
3594 2703 3723 2756 τοὺ-

2138 2808 2255 2854 τοις
2285 2791 2461 2861 λόγος,
2493 2792 2644 2864 παρὰ
2689 2793 2797 2846 τῶν
2836 2792 2959 2845 νοῦν
3010 2793 3242 2863 ἐχόντων
3291 2792 3722 2865 τεθεωρημένως

2140 2884 2630 2956 ὲκλαμὸανόμενος,
2662 2884 3116 2956 συμπληρωτικός
3155 2886 3269 2938 ἐστι
3298 2885 3410 2957 (47)
3442 2887 3538 2957 τῆς
3566 2884 3722 2949 δοξο-

2141 2973 2330 3042 λογίας
2356 2973 2451 3026 τοῦ
2499 2974 2802 3037 κτίσαντος.
2852 2974 2928 3027 Οὐ
2973 2972 3136 3044 μόνον
3162 2972 3272 3043 γὰρ
3300 2972 3363 3026 τδ
3403 2974 3586 3027 ἐπάνω
3608 2972 3723 3025 τῶν

471 3091 630 3145 quam
658 3091 777 3145 quae
820 3076 1103 3147 praecipuis
1151 3077 1451 3132 honoribus
1483 3073 1957 3146 ob‘praestanliam
1987 3071 2041 3125 in

2144 3066 2384 3137 οὐρανῶν
2406 3065 2572 3140 ὖδωρ,
2609 3066 2686 3130 ὡς
2719 3068 3129 3138 προηγούμενον
3153 3070 3272 3129 ταῖς
3295 3068 3482 3136 τιμαῖς
3512 3064 3598 3118 διὰ
3618 3064 3723 3133 τὴν

472 3183 529 3223 se
551 3183 621 3223 ex
645 3170 845 3223 virtute
890 3168 1213 3223 insidentem
1247 3168 1653 3233 condecoretur,
1683 3167 1792 3221 Deo
1831 3158 2041 3221 laudem

2144 3156 2201 3225 ἐξ
2229 3158 2427 3231 ἀρετῆς
2452 3158 2758 3232 προσοῦσαν
2787 3160 2936 3230 αὐτῷ
2972 3160 3243 3231 ὑπεροχὴν
3272 3157 3350 3230 τῷ
3379 3156 3496 3228 Θεῷ
3521 3157 3610 3211 τὸν
3634 3152 3725 3209 αῖ-

472 3259 728 3329 persolvit
761 3277 778 3313 :
808 3259 901 3315 sed
943 3259 1129 3321 etiam.
1163 3258 1403 3314 Laudato
1445 3276 1582 3323 eum,
1618 3259 1810 3327 inquit,
1836 3265 1886 3311 et
1927 3271 2044 3326 quae

2146 3266 2236 3303 νον
2264 3250 2591 3322 ἀποπληροῖ,
2618 3250 2755 3315 ἀλλ’,
2790 3252 3013 3306 Αἰνεῖτε
3044 3250 3151 3324 γὰρ
3181 3252 3386 3316 αὑτὸν,
3422 3250 3574 3321 φησὶ,
3615 3248 3722 3302 καί

473 3365 539 3404 ea:
562 3358 706 3404 terra
731 3352 877 3418 eatis,
901 3350 1154 3406 dracones
1186 3360 1235 3405 et
1271 3366 1446 3405 omnes
1480 3350 1654 3421 abyssi
1674 3350 1740 3402 ".
1782 3348 1959 3415 Quare
1990 3355 2045 3401 et

2146 3341 2221 3396 τὰ
2267 3341 2336 3395 ἐκ
2365 3340 2474 3410 τῆς
2507 3340 2638 3411 γῆς,
2690 3341 3014 3410 δράκοντες
3059 3342 3157 3396 καὶ
3197 3342 3386 3398 πᾶσαι
3438 3342 3719 3397 ἄϐυσσοι.

474 3439 699 3510 abyssus
719 3455 879 3510 quam
910 3442 961 3495 in
992 3442 1225 3511 peiorem
1242 3440 1349 3511 32
1372 3450 1577 3510 portent
1597 3440 1630 3494 ii
1653 3439 1745 3509 qui
1777 3438 2045 3509 allegoriis

2150 3432 2311 3485 Ὥστε
2356 3433 2450 3486 καὶ
2477 3435 2511 3503 ἠ
2565 3433 2818 3498 ἄϐυσσος,
2847 3435 2914 3504 ἥν
2963 3436 3044 3498 είς
3082 3435 3179 3507 τὴν
3204 3434 3421 3506 χείρονα
3446 3437 3639 3505 μοῖραν
3666 3434 3725 3488 οἱ

475 3540 719 3594 utuntur,
755 3530 1072 3600 rejecerant,
1098 3545 1165 3584 ne
1189 3530 1304 3600 ipsa
1328 3531 1540 3600 quidem
1564 3530 1896 3585 Psalmorum
1925 3543 2045 3584 can-

2150 3522 2571 3594 ἀλληγοροῦντες
2636 3524 2967 3596 ἀπέρριψαν,
3033 3524 3155 3582 οὐδὲ
3226 3526 3364 3598 αὑτὴ
3414 3525 3821 3625 “iam

474 3625 583 3681 tori
608 3624 723 3679 visa
747 3635 829 3679 est
854 3624 1207 3694 aspernabilis
1226 3633 1281 3679 et
1309 3623 1633 3694 reiectanea,
1662 3637 1791 3678 cum-
1814 3621 1869 3676 in
1898 3635 2047 3676 com-

475 3731 691 3772 munem
737 3717 907 3772 ascita
945 3716 1013 3771 sit
1049 3718 1270 3772 chorum
1303 3725 1675 3771 creaturarum
1705 3728 1718 3766 :
1748 3714 1856 3768 imo
1883 3713 2045 3768 etiam

475 3808 571 3863 illa
602 3823 698 3878 pro
724 3809 894 3864 indito
937 3809 1040 3866 sibi
1076 3808 1236 3863 modo
1265 3807 1530 3865 concinne
1560 3807 1881 3879 hymnorum
1915 3820 2046 3861 can-

476 3908 594 3954 tum
622 3900 858 3969 impertit
888 3899 1189 3957 Couditori.

548 3988 636 4044 ιο.
676 3989 741 4043 Et
769 3993 899 4045 vidit
921 3991 1081 4059 Deus,
1107 3992 1231 4063 quia
1260 3992 1537 4062 pulchrum
1554 3992 1711 4048 est".
1741 3990 1921 4048 Oculis
1955 3991 2054 4048 Dei

475 4080 867 4151 iucunditatem
906 4098 993 4138 res
1036 4084 1102 4137 ab
1147 4084 1264 4154 ipso
1315 4084 1474 4141 factae
1524 4100 1866 4155 nequaquam
1916 4085 2047 4141 aﬁ‘e-

480 4183 643 4230 runt:
673 4188 847 4244 neque
890 4176 1012 4231 talis
1057 4184 1138 4232 est
1174 4177 1314 4247 apud
1361 4178 1535 4247 ipsum
1583 4194 1763 4233 rerum
1800 4178 2050 4247 pulchra-

480 4278 610 4319 rum
642 4264 1053 4330 commendatio,
1088 4264 1261 4335 qualis
1320 4265 1461 4334 apud
1505 4277 1650 4319 nos:
1695 4264 1788 4319 sed
1840 4264 1892 4319 id
1935 4265 2050 4333 pul-

479 4356 673 4411 chrum
707 4366 821 4420 est,
850 4357 992 4426 quod
1034 4357 1111 4412 ad
1154 4357 1286 4413 artis
1341 4357 1604 4412 rationem
1642 4356 1943 4426 perfectum
1996 4367 2051 4412 et

481 4449 784 4504 absolutum
843 4456 959 4515 est,
1018 4458 1180 4521 atque
1230 4448 1298 4503 ad
1345 4449 1469 4504 ﬁnis
1513 4448 1800 4503 utilitatem
1854 4450 2046 4505 tendit.

2149 3615 2339 3687 ἐκρίθη
2361 3614 2447 3686 τῷ
2475 3614 2749 3688 ψαλμῳδῷ
2774 3616 2908 3688 (48),
2927 3619 3006 3682 είς
3021 3617 3121 3689 τὴν
3149 3618 3336 3690 κοινὴν
3366 3619 3464 3689 τῆς
3488 3614 3723 3682 κτίσεως

2149 3706 2504 3778 χοροστασίαν
2560 3709 3015 3780 παραληφθεῖσαοτ
3065 3709 3201 3763 ἀλλὰ
3251 3710 3347 3764 καὶ
3400 3708 3535 3779 αὐτὴ
3578 3708 3728 3762 κατὰ

2150 3799 2276 3868 τοὺς
2313 3800 2715 3872 ἐνυπάρχοντας
2759 3801 2895 3871 αὐτῇ
2931 3800 3121 3869 λόγους
3158 3798 3431 3872 ἁρμονίως
3475 3798 3726 3870 συμπλη-

2153 3893 2238 3961 ροῖ
2267 3889 2363 3962 τὴν
2388 3890 2657 3962 ὑμνῳδίαν
2688 3891 2766 3962 τῷ
2800 3895 3017 3964 ποιητῇ.

2224 3981 2313 4036 10.
2337 3983 2447 4035 Καὶ
2478 3979 2638 4037 εἶδεν
2696 3986 2729 4037 ὁ
2760 3983 2925 4050 Θεὸς,
2954 3983 3045 4037 ὅτι
3089 3984 3302 4038 καλόν.
3350 3983 3483 4054 Οὐχὶ
3525 3980 3731 4052 ὀφθαλ-

2156 4075 2276 4143 μοῖς
2299 4072 2434 4126 Θεοῦ
2468 4073 2654 4145 τέρψιν
2694 4074 2925 4144 παρέχει
2960 4074 3028 4128 τὰ
3068 4076 3197 4146 παρ’
3246 4073 3410 4128 αὐτοῦ
3441 4073 3726 4145 γινόμενα,

2152 4164 2272 4218 οὐδὲ
2300 4165 2521 4235 τοιαύτη
2566 4168 2692 4236 παρ’
2725 4167 2874 4236 αὐτῷ
2902 4169 2935 4236 ἡ
2978 4166 3211 4237 ἀποδοχὴ
3252 4165 3358 4218 τῶν
3401 4164 3601 4228 καλῶν,
3638 4166 3729 4219 οἶα

2154 4256 2251 4313 καὶ
2281 4256 2411 4327 παρ’
2439 4259 2572 4328 ἡμῖν
2591 4273 2604 4286 ⁶
2644 4256 2779 4310 ἀλλὰ
2826 4257 2988 4312 καλὸν
3029 4258 3091 4311 τὸ
3123 4258 3201 4327 τῷ
3238 4257 3380 4327 λόγῳ
3404 4256 3503 4328 τῆς
3532 4256 3731 4327 τέχνης

2155 4348 2493 4413 ὲκτελεσθὲν,
2550 4352 2645 4404 καὶ
2682 4351 2821 4423 πρὸς
2870 4350 2968 4422 τὴν
3023 4350 3116 4403 τοῦ
3164 4348 3352 4413 τέλους
3401 4349 3729 4420 εὐχρηστίαν

2157 4447 2444 4500 συντεῖνον.
2510 4445 2568 4499 Ὁ
2619 4446 2796 4499 τοίνυν
2846 4444 3053 4516 ἐναργῆ
3085 4443 3194 4514 (49)
3241 4442 3332 4496 τὸν
3376 4441 3576 4496 σκοπὸν
3621 4425 3729 4495 τῶν

481 4537 583 4605 Qui
637 4538 798 4610 igitur
834 4539 1176 4596 manifestum
1208 4555 1395 4597 eorum
1434 4554 1553 4609 quae
1587 4540 1721 4595 ﬁunt
1757 4541 1916 4597 ﬁnem
1949 4543 2045 4598 sibi

2155 4536 2452 4607 γινομένων
2482 4536 2833 4609 προθέμενος,
2878 4536 2946 4589 τὰ
2976 4536 3115 4590 κατά
3162 4536 3327 4607 μέρος
3365 4535 3622 4606 γινόμενα
3651 4534 3729 4597 ώς

478 4631 783 4700 proposuit,
834 4646 921 4687 res
968 4632 1209 4704 singulas
1264 4633 1353 4688 uti
1400 4634 1560 4689 ﬁnem
1614 4633 1944 4702 complentes
1990 4636 2045 4688 ad

2163 4629 2596 4701 συμπληρωτικὰ
2646 4630 2740 4684 τοῦ
2801 4630 2988 4693 τέλους
3043 4632 3157 4691 τοῖς
3217 4632 3486 4698 τεχνικοῖς
3537 4625 3731 4681 ἑαυτοῦ

485 4725 627 4779 artis
661 4738 772 4780 suae
798 4728 1037 4782 rationes
1072 4741 1490 4798 recognoscens,
1521 4725 1914 4794 comprobavit.
1964 4725 2045 4780 Et-

2160 4722 2333 4793 λόγοι.ι
2359 4724 2598 4778 ἐπελθὼν
2629 4724 2741 4795 (50)
2780 4723 3095 4789 ἀπεδέξατο.
3129 4724 3281 4777 Ἐπεὶ
3319 4724 3412 4778 καὶ
3458 4724 3578 4794 χεὶρ
3606 4722 3732 4775 καθ’

482 4816 629 4871 enim
664 4817 709 4870 si
762 4832 953 4873 manus
980 4833 1245 4887 seorsum,
1279 4826 1381 4874 aut»
1415 4818 1607 4874 oculus
1633 4818 1905 4889 privatim,
1964 4825 2045 4872 aut

2162 4816 2380 4888 ἑαυτὴν,
2428 4818 2523 4871 καὶ
2574 4817 2851 4890 ὀφθαλμὸς
2900 4817 3025 4888 ἰδίᾳ,
3062 4814 3156 4871 καὶ
3209 4815 3438 4869 ἕκαστον
3489 4815 3598 4867 τῶν
3634 4813 3728 4867 τοῦ

572 4993 621 5027 ³³
650 4993 974 5061 Ρειιι..ινιιι,
1005 4993 1060 5048 2.
1135 4994 1182 5027 ⁸⁸
1227 4993 1360 5050 ibid.
1437 4994 1486 5028 ⁸⁸
1513 4995 1648 5050 Dan.
1679 5009 1765 5062 ιιι,
1791 4995 1880 5059 67,
1905 4994 1994 5049 68.

2148 4994 2290 5052 Psal.
2325 5011 2550 5063 cxnvut,
2575 4995 2630 5051 ὁ.
2704 4996 2750 5029 ⁵⁸
2783 4996 2912 5051 ibid.
2942 4993 2999 5050 ’1.
3072 4994 3120 5028 ⁸⁸
3157 4994 3293 5049 Gen.
3321 5010 3360 5061 ι,
3383 4994 3466 5049 ω.

559 5174 674 5245 (Mt)
701 5174 779 5245 Ita
816 5188 950 5229 mss.
983 5180 1126 5228 octo.
1160 5172 1615 5245 Εάἰιίᾉπρέποντα
1638 5171 1847 5245 ὖμνον.“
1882 5243 1894 5245 γ

2234 5174 2865 5245 (48).Sic-codices_sex.
2901 5172 3042 5229 Editi
3087 5187 3212 5227 cum
3263 5173 3478 5229 duobus
3504 5179 3597 5225 aut
3623 5171 3727 5225 tri-

559 5243 672 5315 (45)
712 5244 858 5315 Reg.
908 5254 1097 5315 sextus
1138 5243 1428 5315 γινομένην
1479 5243 1621 5297 κατὰ
1671 5243 1771 5314 τὴν
1812 5243 2045 5299 δοθεῖσαι

2162 5243 2265 5301 bus
2287 5261 2413 5315 mss.
2434 5245 2584 5315 παρὰ
2608 5244 2685 5315 τῷ
2711 5243 2885 5313 ψαλμ.

488 5309 670 5369 αἰτίαν
704 5312 988 5384 δεξόμεθα.
1152 5309 1159 5311 ν
1226 5309 1274 5384 ς’
1560 5381 1586 5384 __
1679 5382 1687 5384 ι
1727 5309 1738 5314 -
1788 5383 1796 5384 ,

2235 5314 2348 5383 (49)
2378 5309 2702 5384 llauierqtie
2727 5309 2904 5377 'Duc.,
2936 5321 3166 5381 uterque
3199 5310 3394 5375 Coisl.,
3429 5309 3731 5384 Regii_pri-

559 5379 841 5456 (46)”Regl
884 5393 1070 5456 segtus
1099 5382 1251 5456 παρὰ
1277 5380 1371 5437 τοῦ
1399 5387 1526 5439 Δαν.
1555 5381 1747 5438 Statim
1782 5383 1915 5455 Reg.
1947 5384 2060 5456 pri-
2171 5379 2556 5456 mus,'l_erti_us,
2590 5379 2834 5456 quintus.
2862 5394 3049 5456 sextus
3080 5379 3730 5456 et_octavus_,_cum__Col_b.

491 5449 611 5509 mus
632 5449 741 5507 τῶν
774 5454 911 5507 ὅλων
937 5453 1070 5506 Θεὸν
1109 5449 1260 5506 ante.
1865 5449 1890 5455 ⁷
1949 5449 1966 5456 ’

2167 5454 2428 5509 secundo.
2459 5452 2567 5508 Nec
2607 5449 2767 5507 aliter
2800 5453 2927 5521 legit
2956 5453 3289 5506 Eustathius.
3327 5451 3507 5505 Editio
3555 5449 3728 5521 Paris.

562 5524 821 5595 (ρηχῡιιο
854 5538 985 5595 mss.
1019 5524 1273 5595 enostris
1302 5539 1425 5595 cum
1453 5523 1698 5579 Gombel'.
1726 5522 2059 5595 συμπληρω-
2163 5524 2222 5595 έν
2268 5525 2432 5594 ἀρχῇ,
2490 5525 2548 5577 in
2597 5520 2876 5593 principio;
2933 5522 3115 5576 Editio
3179 5521 3345 5576 Basil.
3408 5534 3515 5575 uno
3567 5520 3733 5574 verbo

562 5543 683 5593 μιν
711 5543 821 5578 υιιο
854 5543 985 5577 mss.
1019 5543 1049 5577 e
1074 5543 1273 5579 nosms
1304 5543 1425 5578 cum
1453 5543 1698 5579 nomnen
1726 5543 1910 5595 συμπι.
1954 5543 2053 5595 ρω-

493 5593 645 5655 sub;
687 5593 862 5649 ἔσται.
908 5592 1016 5646 Nec
1073 5593 1145 5645 ita
1202 5594 1393 5665 multo,
1420 5605 1545 5665 post
1573 5596 1711 5665 editi
1748 5610 1869 5649 cum
1914 5543 2053 5662 Reg.

494 5671 685 5736 octavo
727 5673 780 5715 ct
821 5678 942 5715 cum
975 5663 1421 5736 ut_roque__Qoisl.
1473 5663 1902 5736 προηγούμενον.
1955 5667 2056 5736 Alii

500 5735 612 5847 ζιέξ
640 5744 765 5783 mss.
794 5729 1154 5800 προηγμένον.
1204 5731 1354 5788 Colb.
1400 5729 1672 5791 secandus
1712 5729 2059 5806 προηγουμέ-

2163 5594 2387 5717 ὲναὲχῇ.
3672 5656 3685 5669 .
3716 5657 3728 5667 I

2237 5666 2256 5732 (
2295 5666 2350 5733 0)
2375 5663 2521 5742 βεβι-
2537 5674 2722 5718 sextus
2750 5658 3564 5742 é‘t'thlOthnAliquaBlo_p0sl
3600 5657 3731 5742 editi

2166 5730 2287 5787 eum
2332 5730 2611 5802 "aliquibus
2679 5748 2811 5786 mss.
2875 5730 3239 5802 διῃρημένοις.
3306 5730 3458 5802 Regii
3514 5730 3745 5791 tertius,

2166 5805 2385 5873 quintus
2410 5800 2463 5859 et
2492 5813 2679 5861 sextus
2703 5800 3126 5873 διερριμμένοις,
3162 5800 3418 5873 fortuito.)
3529 5830 3533 5834 θ
