4082 6218
390 322 458 375 77
1519 320 1808 377 HOMILIA
1848 319 1916 374 ιν
1956 321 1963 374 l

2067 318 2534 376 ΗΕΧΑτΕΜΕΒΟΝ
2545 361 2558 376 .
3574 315 3642 374 73

389 440 704 510 ἀνδριάντος
755 437 932 509 μελῶν
973 439 1318 510 διῃρημένως
1349 439 1600 510 κείμενα,
1632 442 1732 493 οὐκ
1761 439 1827 494 ἂν
1866 457 1963 508 φα-

2079 441 2707 509 unumquodquestatum
2742 438 3040 492 membrum
3091 433 3388 504 separatim
3408 431 3639 502 iaceret,

389 534 506 604 νείη
544 532 682 586 καλά
721 531 800 602 τῷ
852 532 1095 602 τυχόντι·
1136 532 1272 604 πρὸς
1324 531 1381 584 δέ
1425 531 1525 602 τὴν
1567 532 1771 586 οἰκείαν
1813 531 1966 596 τάξιν

387 624 746 688 ἀποτεθέντα,
772 624 833 676 τὸ
863 625 928 677 ἐκ
955 624 1054 694 τῆς
1080 624 1393 691 ἀναλογίας,
1429 622 1670 694 ἐμφανὲς
1714 621 1826 693 (51)
1873 623 1967 692 μό-

388 717 471 779 λις
508 715 670 777 ποτὲ,
717 715 812 767 καὶ
857 714 937 785 τῷ
983 714 1164 786 ἰδιώτῃ
1215 714 1516 784 παρέχεται
1543 714 1838 784 γνώριμον.
1906 714 1964 766 '0

391 805 575 876 μέντοι
606 805 859 876 τεχνίτης
882 806 976 858 καὶ
1004 804 1110 874 πρὸ
1137 804 1236 874 τῆς
1267 804 1567 867 συνθέσεως
1601 800 1708 856 οἶδε
1746 803 1807 855 τὸ
1839 804 1966 857 ἑκά-

389 914 514 950 στου
561 897 742 964 καλὸν,
777 897 872 951 καὶ
918 898 1130 950 ἐπαινεῖ
1171 895 1240 950 τὰ
1280 895 1398 948 καθ’
1429 896 1678 960 ἕκαστον,
1729 895 1864 968 πρὸς
1904 895 1965 948 τὸ

385 991 538 1054 τέλος
571 990 751 1043 αὐτῶν
802 989 1168 1060 ἐπαναφέρων
1201 987 1299 1059 τὴν
1328 987 1842 1052 έννοιαν.,Τοιοῦτος
1872 985 1964 1042 οὖν

386 1083 448 1152 δή
485 1100 568 1144 τις
601 1081 694 1135 καὶ
737 1081 832 1136 νῦν
879 1081 1126 1151 ἔντεχνος
1167 1079 1458 1150 ἐπαινέτης
1489 1079 1598 1133 τῶν
1629 1081 1772 1134 κατά
1803 1081 1965 1151 μέρος

388 1175 564 1245 ἔργων
609 1177 637 1226 ὁ
674 1173 805 1237 Θεὸς
845 1174 1290 1243 ἀναγέγραπται·
1329 1171 1512 1244 μέλλει
1559 1173 1617 1226 δέ
1663 1174 1754 1227 τὸν
1797 1191 1964 1245 προσ-

388 1264 591 1333 ήκοντα
619 1263 730 1334 (52)
762 1263 979 1317 ἔπαινον
1005 1265 1096 1316 καὶ
1127 1265 1289 1318 παντὶ
1313 1263 1446 1334 ὁμοῦ
1471 1263 1548 1334 τῷ
1581 1265 1770 1335 κόσμῳ
1796 1266 1966 1337 ἀπαρ-

385 1354 620 1407 τισθέντι
659 1354 919 1425 πληροῦν.
964 1354 1125 1407 Ἀλλὰ
1160 1353 1270 1425 γὰρ
1317 1353 1554 1407 ἐνταῦθα
1583 1355 1713 1423 ήμῖν
1746 1356 1794 1406 οἱ
1836 1355 1963 1424 περὶ

384 1446 482 1514 τῆς
526 1445 783 1514 δευτέρας
822 1445 1036 1516 ἡμέρας
1087 1444 1548 1515 καταληξάτωσαν
1597 1445 1775 1514 λόγοι,
1822 1445 1962 1498 ὥστε

386 1537 499 1598 τοῖς
524 1535 619 1605 μὲν
646 1535 954 1604 φιλοπόνοις
987 1537 1283 1607 ἀκροαταῖς
1314 1537 1501 1607 καιρὸν
1533 1540 1833 1607 παρασχεῖν
1863 1537 1963 1607 τῆς

382 1618 725 1696 ὧνήκουσαν
770 1625 1069 1690 ἐξετάσεως
1089 1665 1103 1688 ,
1135 1625 1274 1678 ὥστε
1317 1625 1448 1678 εἴτι
1481 1628 1748 1697 χρήσιμον
1774 1627 1831 1679 ἐν
1863 1628 1962 1680 αὺ-

383 1718 512 1777 τοῖς,
545 1716 700 1768 τοῦτο
719 1719 785 1786 τῇ
821 1717 1007 1787 μνήμῃ
1042 1721 1260 1786 συσχεῖν
1293 1716 1425 1787 (55),
1457 1719 1551 1770 καὶ
1575 1718 1662 1770 διὰ
1681 1719 1778 1788 τῆς
1808 1719 1960 1788 φιλο-

2076 534 2189 588 haec
2232 532 2418 600 utique
2456 544 2563 584 non
2589 529 2760 584 cuivis
2800 527 3024 596 pulchra
3056 525 3402 580 viderentur:
3435 522 3481 578 si
3512 538 3643 578 vero

2075 626 2128 682 in
2181 627 2452 697 proprium
2501 624 2674 680 locum
2737 637 2803 678 ac
2840 621 3080 676 ordinem
3130 627 3478 688 reponantur,
3527 625 3642 670 tum

2072 717 2414 788 pulchritudo
2445 729 2511 770 ex
2542 714 2886 785 proportione
2901 725 3201 782 emergens,
3219 725 3341 780 qua:
3371 709 3529 763 modo
3549 708 3643 762 vix

2072 812 2500 878 inconspectum
2532 806 2805 870 veniebat,
2834 803 2948 872 jam
2988 802 3072 857 vel
3091 803 3266 856 cuivis
3299 801 3416 854 rudi
3447 809 3502 853 et
3544 800 3642 852 im-

2072 901 2247 971 perito
2275 899 2556 954 manifesta
2615 897 2811 951 evadit.
2845 895 3041 950 Verum
3089 891 3284 946 artifex
3341 900 3468 944 ante
3501 903 3644 944 com-

2071 990 2361 1045 missuram
2385 988 2536 1042 nov-it
2561 987 2823 1056 cujusque
2848 985 3015 1053 partis
3035 980 3509 1052 pulchritudinem,
3526 979 3639 1033 lau-

2073 1083 2272 1150 datque
2295 1079 2527 1148 singula,
2548 1086 2731 1148 utpote
2761 1076 2852 1146 qui
2895 1074 2963 1128 ad
2989 1088 3176 1130 eorum
3212 1073 3372 1126 linem
3397 1072 3645 1126 animum

2072 1173 2332 1228 intendat.
2372 1171 2513 1225 Deus
2539 1171 2721 1238 itaque
2768 1176 2822 1222 et
2853 1180 2995 1221 nunc
3049 1164 3349 1235 depingitur
3393 1178 3490 1217 ceu
3520 1162 3642 1217 talis

2072 1265 2334 1333 quispiam
2383 1261 2600 1327 artifex,
2659 1260 2750 1329 qui
2807 1273 2970 1328 opera
3022 1255 3232 1325 singula
3292 1255 3501 1320 laudat,
3533 1255 3641 1310 imo

2070 1355 2229 1410 etiam
2265 1353 2357 1408 toti
2391 1353 2544 1406 simul
2579 1354 2777 1406 mundo
2806 1350 3050 1404 absoluto
3073 1360 3365 1417 congruam
3425 1343 3638 1398 laudem

2071 1459 2176 1499 non
2230 1441 2439 1496 dubitat
2472 1441 2731 1494 tribuere.
2791 1439 3057 1492 Caeterum
3113 1435 3280 1491 nostri
3312 1435 3377 1489 de
3405 1435 3640 1489 secunda

2069 1537 2155 1593 die
2174 1548 2448 1591 sermones
2481 1533 2568 1587 hic
2614 1532 2882 1595 desinant,
2922 1544 3029 1600 quo
3079 1527 3338 1583 studiosis
3377 1526 3642 1581 auditori-

2069 1629 2166 1682 bus
2196 1623 2453 1693 temporis
2483 1622 2856 1693 opportunitas
2904 1621 3206 1690 praebeatur
3249 1633 3311 1671 ea
3342 1633 3461 1686 qua:
3484 1617 3640 1670 audi-

2067 1725 2259 1773 verunt
2284 1713 2642 1785 expendendi,
2682 1721 2742 1768 ut
2773 1713 2814 1768 si
2847 1711 2975 1780 quid
2999 1709 3128 1764 utile
3157 1709 3209 1763 in
3245 1708 3374 1778 ipsis
3420 1709 3511 1772 sit,
3541 1707 3640 1761 idi-

386 1805 548 1858 πόνου
581 1806 828 1877 μελέτης,
861 1803 972 1861 οἷον
1002 1808 1089 1861 διά
1115 1826 1258 1871 τινος
1287 1807 1520 1876 πέψεως,
1548 1809 1646 1879 τὴν
1676 1809 1784 1862 τῶν
1814 1809 1957 1878 ὠφε-

2067 1814 2232 1882 ipsum
2256 1807 2511 1863 memoria
2541 1813 2882 1870 conservent,
2912 1818 2976 1858 ac
3015 1817 3109 1871 per
3142 1799 3379 1856 sedulam
3417 1798 3641 1853 medita-

385 1895 556 1966 λίμων
613 1898 860 1951 ἀνάδοσιν
911 1900 1218 1969 ἀναμεῖναι·
1275 1903 1386 1963 τοῖς
1436 1899 1491 1952 δέ
1541 1900 1671 1971 περὶ
1723 1901 1812 1954 τὸν
1845 1901 1958 1971 βίον

386 1987 808 2058 ἀσχολουμένοις
837 1989 1018 2042 δοῦναι
1057 1990 1252 2060 σχολὴν
1298 1989 1386 2043 διὰ
1417 1989 1511 2042 τοῦ
1561 1989 1725 2059 μέσου
1765 1991 2006 2071 moving“

383 2075 482 2138 τὰς
506 2077 788 2147 φροντίδας
817 2077 1154 2148 διαθεμένοις
1187 2078 1320 2150 (54),
1355 2079 1568 2151 καθαρᾷ
1591 2081 1868 2151 μεριμνῶν
1891 2084 1954 2152 τῇ

384 2166 527 2238 ψυχῇ
552 2169 686 2238 πρὸς
712 2167 813 2238 τὴν
848 2169 1139 2240 ἐσπερινὴν
1171 2170 1280 2222 τῶν
1309 2169 1483 2238 λόγων
1520 2171 1760 2223 ἑστίασιν
1788 2173 1959 2226 ἁπαν-

383 2259 568 2326 τῆσαι.
618 2259 674 2312 'O
705 2259 760 2311 δὲ
785 2259 850 2312 τὰ
887 2260 1098 2330 μεγάλα
1136 2261 1549 2333 δημιουργήσας
1578 2262 1732 2327 Θεὸς,
1767 2265 1861 2316 καὶ
1892 2264 1959 2318 τά

387 2349 557 2419 μικρὰ
578 2349 746 2401 ταῦτα
779 2349 1028 2419 λεχθῆναι
1053 2350 1565 2422 οίκονομήσας,δῴη
1595 2352 1723 2422 ὑμῖν
1746 2353 1958 2408 σύνεσιν

385 2440 442 2489 ἐν
468 2439 630 2490 παντὶ
659 2440 758 2509 τῆς
781 2437 977 2492 ἑαυτοῦ
1020 2439 1299 2509 ἀληθείας,
1328 2440 1394 2492 ἵν’
1436 2443 1500 2493 ἐκ
1529 2441 1636 2494 τῶν
1666 2443 1960 2514 ὁρωμένων

387 2529 474 2582 τὸν
499 2530 725 2599 ἀόρατον
765 2532 1001 2602 ἐννοῆτε,
1039 2533 1134 2583 καὶ
1175 2534 1238 2586 ἐκ
1270 2532 1532 2603 μεγέθους
1565 2535 1661 2589 καὶ
1697 2535 1958 2606 καλλονῆς

386 2620 493 2673 τῶν
535 2621 844 2691 κτισμάτων
882 2624 980 2692 τὴν
1026 2625 1339 2694 πρέπουσαν
1378 2624 1536 2692 δόξαν
1565 2627 1814 2698 περὶτοῦ
1847 2629 1961 2680 κτί-

390 2729 580 2776 σαντος
612 2716 758 2784 ἡμᾶς
791 2715 1205 2787 ἀναλαμϐἀνητε
1251 2717 1383 2788 (55).
1447 2719 1524 2772 Τὰ
1579 2718 1689 2789 γὰρ
1738 2720 1961 2787 ἀόρατα

386 2807 573 2860 αὐτοῦ
607 2808 725 2861 ἀπὸ
757 2809 1007 2876 κτίσεως
1043 2811 1276 2880 κόσμου
1315 2811 1440 2879 τοῖς
1462 2812 1756 2882 ποιήμασι
1783 2817 1960 2868 νοού-

383 2914 539 2966 μενα
565 2898 902 2965 καθορᾶται,
946 2899 986 2968 ἥ
1039 2918 1101 2955 τε
1143 2902 1333 2968 αΐδιος
1355 2905 1542 2958 αὐτοῦ
1570 2905 1823 2974 δύναμις
1863 2906 1960 2960 καὶ

386 2991 637 3056 θειότης·
667 2990 806 3043 ὥστε
832 2993 927 3044 καὶ
956 2993 1013 3047 ἐν
1033 2995 1126 3064 γῇ,
1153 2995 1246 3047 καὶ
1273 2995 1329 3047 ἐν
1353 2995 1495 3066 ἀέρι,
1521 2996 1614 3050 καὶ
1643 2999 1701 3049 ἐν
1725 2996 1956 3068 οὐρανῷ,

387 3079 481 3132 καὶ
512 3082 568 3133 ἐν
587 3079 758 3143 ὕδατι,
779 3080 875 3133 καὶ
906 3083 963 3132 ἐν
989 3083 1163 3145 νυκτὶ,
1193 3081 1288 3135 καὶ
1313 3083 1369 3134 ἐν
1391 3083 1595 3154 ἡμέρας
1628 3084 1721 3136 καὶ
1743 3085 1799 3135 ὲν
1828 3087 1961 3138 πᾶσι

384 3173 496 3235 τοῖς
531 3141 825 3243 δρωμένοις
851 3174 1053 3245 ἐναργῆ
1096 3141 1392 3244 λαμϐάνειν
1617 3174 1711 3226 τοῦ
1741 3175 1960 3244 εὐεργέ-
1986 3141 2028 3200 C

2061 1904 2258 1958 tionem
2295 1898 2436 1953 velut
2469 1911 2565 1967 per
2598 1895 2888 1966 quamdam
2934 1894 3256 1957 coctionem,
3308 1906 3492 1946 eorum
3522 1905 3640 1961 qua:

2063 1991 2216 2046 utilia
2280 1998 2408 2044 sunt
2444 1995 2760 2057 exspectent
2811 1986 3216 2056 digestionem:
3264 1993 3430 2052 utque
3483 1982 3640 2037 detur

2057 2086 2227 2140 Otium
2262 2082 2346 2136 his
2376 2080 2467 2150 qui
2497 2080 2637 2134 victu
2670 2079 3035 2148 comparando
3076 2087 3432 2146 occupant-ur,
3463 2086 3519 2128 ut
3555 2076 3638 2129 in-

2061 2174 2324 2230 termedio
2354 2183 2596 2242 tempore
2643 2169 2852 2239 negotia
2885 2170 3256 2239 disponentes,
3288 2166 3470 2220 anima
3495 2167 3641 2222 curis

2057 2274 2279 2338 purgata
2311 2265 2377 2320 ad
2418 2263 2756 2333 vespertinas
2784 2276 3093 2317 sermonum
3118 2259 3304 2331 epulas
3329 2270 3637 2327 occurrant.

2061 2352 2201 2407 Deus
2255 2360 2433 2406 autem
2491 2349 2583 2418 qui
2643 2358 2793 2402 tanta
2829 2348 3028 2413 eli'ecit,
3074 2358 3126 2401 et
3177 2363 3281 2417 quo
3323 2347 3640 2415 disponente

2059 2444 2370 2514 pauca,haec
2398 2441 2538 2496 dicta
2565 2448 2716 2504 sunt,
2767 2441 2965 2494 tribuat
2991 2439 3142 2494 vobis
3173 2438 3224 2492 in
3253 2439 3504 2493 omnibus
3531 2451 3640 2492 suae

2061 2532 2305 2588 veritatis
2345 2530 2776 2600 intelligentiam,
2831 2537 2890 2582 ut
2924 2542 3020 2598 per
3049 2527 3284 2583 visibilia
3308 2528 3641 2585 iuvisihilem

2060 2623 2422 2695 cognoscatis,
2453 2631 2617 2691 atque
2650 2637 2718 2676 ex
2761 2620 3222 2690 magnitudiueac
3241 2619 3638 2690 pulchritudine

2061 2725 2428 2772 creaturarum
2443 2715 2719 2769 decentem
2736 2713 2800 2768 de
2815 2713 3106 2767 Conditore
3135 2721 3318 2768 nostro
3331 2712 3636 2782 opinionem

2059 2813 2400 2882 concipiatis.
2425 2810 2723 2866 Invisibilia
2757 2810 2892 2863 enim
2932 2809 3093 2879 ipsius
3117 2825 3150 2861 a
3174 2817 3414 2863 creatura
3431 2811 3634 2873 mundi,

2059 2920 2152 2972 per
2185 2920 2246 2958 ea
2284 2919 2402 2973 qua:
2439 2903 2580 2972 facta
2610 2901 3037 2968 sunt,intellecta
3053 2902 3477 2970 conspiciuntur:
3502 2919 3636 2957 sem-

2059 2995 2268 3063 piterna
2292 3010 2494 3066 quoque
2545 2993 2659 3063 ejus
2699 2997 2860 3048 virtus
2919 3003 2968 3048 et
3005 2994 3255 3047 diuinitas
3281 2994 3364 3048 '9:
3401 2995 3537 3048 adeo
3578 3004 3637 3048 ut

2063 3087 2117 3142 in
2161 3095 2328 3152 terra,
2360 3088 2591 3152 in'aere,
2613 3086 2664 3140 in
2684 3086 2842 3152 caelo,
2873 3086 2925 3140 in
2949 3101 3110 3154 aqua,
3141 3087 3192 3140 in
3239 3095 3416 3153 nocte,
3449 3086 3502 3140 in
3527 3086 3634 3149 die,

2061 3189 2116 3234 et
2141 3180 2192 3234 in
2221 3181 2473 3236 omnibus
2506 3180 2832 3245 visibilibus,
2866 3195 2969 3232 nou
3001 3179 3232 3234 obscure
3261 3179 3378 3251 ejus
3403 3179 3492 3248 qui
3535 3194 3635 3234 no-

386 3280 476 3318 του
502 3263 572 3317 τὰ
594 3265 956 3334 ὑπομνήματα
984 3266 1117 3334 (56).
1148 3265 1283 3319 Οὔτε
1310 3265 1422 3336 γὰρ
1448 3267 1744 3336 ἁμαρτίαις
1767 3267 1959 3337 καιρόν

2067 3272 2140 3327 his
2175 3271 2447 3327 benefecit
2488 3271 2856 3327 recordemur.
2887 3269 3072 3339 Neque
3105 3272 3250 3325 enim
3274 3273 3511 3341 peccatis
3541 3288 3636 3328 oc-

385 3374 508 3409 τινα
532 3356 794 3426 δώσομεν,
825 3356 948 3410 οὔτε
983 3357 1060 3428 τῷ
1082 3359 1260 3430 ἐχθρῷ
1283 3359 1446 3412 τόπον
1479 3361 1534 3412 ἐν
1569 3362 1687 3424 ταῖς
1713 3360 1962 3431 καρδίαις

2067 3361 2328 3416 casionem
2379 3359 2541 3415 ullam
2598 3375 2788 3416 sumus
2835 3361 3054 3423 daturi,
3092 3361 3532 3428 nequeinimico
3584 3363 3635 3417 in

385 3448 545 3520 ήμῶν
579 3448 994 3519 καταλείψομεν,
1031 3450 1248 3521 areas;
1285 3450 1539 3522 συνεχοῦς
1581 3453 1800 3523 μνήμης
1826 3451 1963 3505 ἐνοι-

2067 3453 2258 3508 nostris
2280 3453 2533 3508 cordibus
2570 3453 2745 3506 locum
2774 3452 3034 3518 relicturi,
3065 3453 3109 3508 si
3166 3455 3323 3510 modo
3369 3469 3469 3524 per
3501 3456 3636 3510 assi-

387 3556 483 3592 κον
515 3538 726 3609 ἔχοντες
774 3539 984 3594 ἑαυτῶν
1015 3541 1124 3611 (57)
1152 3542 1242 3612 τὸν
1271 3542 1430 3596 Θεόν·
1463 3535 1506 3610 ᾧ
1533 3544 1682 3595 πᾶσα
1707 3541 1833 3608 δόξα
1866 3544 1961 3597 καὶ⁸

2067 3545 2220 3599 duam
2250 3545 2564 3599 memoriam
2599 3544 2764 3598 Deum
2815 3545 2869 3598 in
2927 3544 3081 3600 nobis
3117 3546 3508 3602 inhabitantem
3542 3547 3636 3600 ha-

388 3628 756 3700 προσκύνησις
787 3629 880 3683 νῦν
914 3630 1008 3685 καὶ
1055 3631 1161 3696 ἀεὶ,
1206 3634 1300 3686 καὶ
1329 3634 1408 3696 εἰς
1439 3635 1564 3696 τοὺς
1609 3634 1811 3698 αἰῶνας
1849 3634 1957 3688 τῶν

386 3718 613 3774 αἰώνων.
663 3723 716 3773 Ἀ
726 3723 852 3792 μήν.

2063 3639 2325 3691 beamus:
2375 3637 2460 3692 cui
2504 3638 2680 3692 omnis
2736 3638 2903 3708 gloria
2955 3648 3010 3694 et
3064 3640 3339 3706 adoratio,
3393 3655 3532 3696 nunc
3581 3651 3635 3696 et

2063 3743 2296 3798 semper,
2321 3739 2375 3783 et
2415 3732 2465 3782 in
2502 3729 2692 3785 saecula
2721 3731 3056 3786 szeculorum.
3087 3726 3280 3788 Amen.

401 3829 3608 3861 ....___._____________________________,_________________

1007 3892 1249 3946 ΟΜΙΛΙΑ
1273 3895 1345 3945 Δ’.

624 3982 758 4048 Περὶ
785 3981 1142 4052 συναγωγῆς
1169 3981 1288 4036 τῶν
1317 3981 1549 4036 ὑδάτων
1578 3983 1713 4053 (58).

459 4074 511 4128 1.
547 4073 666 4127 Εἰσί
700 4091 841 4137 τινες
872 4075 1054 4138 πόλεις
1084 4076 1445 4138 παντοδαποῖς
1475 4075 1712 4146 θεάμασι
1747 4077 1956 4148 θαυμα-

383 4165 617 4218 τοποιῶν
662 4165 769 4218 ἀπὸ
816 4165 1006 4235 βαθέος
1046 4165 1243 4238 ὄρθρου
1295 4167 1487 4239 μέχρις
1520 4167 1757 4238 ἑσπέρας
1785 4169 1957 4239 αὐτῆς

387 4256 642 4310 ἐστιῶσαι
670 4257 767 4321 τὰς
789 4258 960 4328 ὄψεις.
988 4260 1098 4311 Καὶ
1128 4259 1307 4329 μέντοι
1335 4260 1429 4312 καὶ
1462 4260 1638 4330 μελῶν
1660 4278 1820 4313 τινων
1848 4261 1956 4329 (59)

389 4348 771 4418 κεκλασμένων
784 4349 878 4402 καὶ
901 4349 1310 4420 διεφθαρμένων
1329 4352 1420 4403 καὶ
1435 4351 1747 4404 παντάπασι
1763 4353 1960 4424 πολλὴν

2658 3898 2938 3956 HOMILIA
2972 3899 3057 3955 IV.

2457 3994 2531 4049 De
2561 4012 2816 4066 aquarum
2843 4001 3259 4070 congregatione.

2131 4085 2238 4156 33
2267 4086 2316 4140 -l.
2338 4086 2468 4142 Sunt
2487 4088 2728 4158 quaedam
2751 4089 3018 4157 civitates,
3038 4093 3470 4163 quarumnigenis
3494 4110 3634 4164 pra!»

2065 4178 2400 4247 stigiatorum
2447 4180 2770 4248 spectaculis
2819 4196 2847 4236 a
2896 4199 3107 4239 summo
3158 4200 3314 4240 mane
3346 4185 3413 4238 ad
3462 4187 3633 4256 ipsam
3683 4240 3687 4246 ,

2067 4286 2234 4340 usque
2260 4287 2536 4341 vesperam
2576 4273 2762 4328 oculos
2801 4285 3049 4343 pascunt.
3094 4275 3160 4329 Et
3191 4285 3337 4331 certe
3386 4278 3634 4346 quamvis

2067 4361 2368 4416 cantilenas
2401 4363 2660 4432 quasdam
2698 4364 2986 4419 dissolutas
3012 4376 3402 4436 corruptasque
3430 4377 3484 4421 et
3511 4384 3631 4422 0m-

387 4439 682 4493 ἀκολασίαν
692 4443 810 4504 ταῖς
825 4442 1021 4512 ψυχαῖς
1048 4442 1414 4507 ἐντικτόντων,
1431 4445 1523 4496 ἐπὶ
1539 4443 1786 4498 πλεῖστον
1802 4446 1963 4499 ἀκού-

2074 4450 2230 4506 nibus
2243 4452 2414 4507 modis
2428 4451 2644 4506 multam
2666 4451 2716 4504 in
2737 4452 2934 4508 animis
2952 4453 3311 4524 impuritatem
3330 4453 3630 4523 gignentes,
3685 4513 3689 4516 _

455 4625 499 4655 ⁸⁹
532 4622 692 4679 Rom.
727 4637 762 4688 I,
801 4623 893 4679 20.

455 4766 568 4837 (5i)
591 4767 743 4836 Regii
773 4769 982 4838 primus
1009 4778 1062 4825 et
1088 4781 1274 4828 sextus
1300 4788 1422 4829 cum
1452 4774 1607 4831 Colb.
1639 4776 1878 4832 secundo
1906 4787 1960 4832 et

381 4853 503 4912 rum
533 4849 760 4912 utroque
776 4839 946 4912 _Coisl.
976 4841 1239 4912 ἐμφανές.
1264 4844 1405 4898 Edili
1437 4862 1558 4899 cum
1580 4850 1790 4902 duobus
1824 4862 1954 4902 mss.

378 4906 631 4994 εὐεξανές.
677 4909 863 4964 Codex
910 4906 1156 4967 Coritbel'.
1206 4928 1328 4968 cum
1383 4915 1516 4986 Reg.
1576 4926 1772 4972 octavo
1821 4932 1958 4989 cup.-

377 4995 532 5046 φυες.

448 5048 562 5116 (52)
594 5045 692 5124 Sic
729 5048 878 5124 llegii
928 5049 1158 5124 prirnus,
1192 5053 1405 5124 tertius,
1456 5055 1698 5124 quintus,
1744 5072 1954 5120 sextus,

373 5127 622 5193 octavus“.
648 5118 816 5193 ραι),
855 5122 1138 5193 secundus
1173 5133 1227 5176 et
1275 5118 1521 5193 Combe'f.
1554 5118 1692 5180 curn—
1725 5118 1956 5193 utroque

374 5187 541 5265 Cpisl.
583 5187 957 5265 Erlit_i_o__P_aris.
989 5186 1654 5265 ὁΘεός.ΑΪΑναγέγραπται
1695 5198 1750 5252 δέ
1796 5186 1954 5253 τοῦτο

373 5254 658 5339 τὸνίπρρεσ.
691 5256 868 5313 Editio
917 5274 1046 5339 vero
1090 5260 1258 5317 Basil.
1315 5254 1732 5339 ἀναγέγραπται
1774 5270 1830 5321 δὲ
1861 5269 1954 5322 τὸν

378 5325 552 5396 πρρσζ
571 5327 810 5396 Utraque
840 5329 998 5382 male.
1433 5325 1444 5332 ’
1499 5325 1508 5363 θ

377 5461 404 5514 ἐ
443 5394 560 5514 ε(οὗ)
598 5397 689 5451 Sic
716 5394 930 5454 codices
957 5415 1072 5454 sex.
1108 5401 1248 5456 Editi
1295 5412 1349 5458 et
1399 5403 1566 5459 Coisl.
1599 5407 1808 5476 primus
1834 5425 1960 5461 συν-

409 5480 440 5514 Ὶ
478 5480 544 5514 ιν.

478 5480 544 5515 ιν.

443 5480 544 5515 ειν.

408 5480 564 5671 χέδι)
607 5531 683 5614 Ita
714 5547 945 5603 quatuor
970 5555 1099 5594 mss.
1130 5540 1270 5595 Editi
1297 5543 1714 5616 διατιθεμένοις.

472 5600 569 5671 55)-
597 5602 689 5657 Stc
737 5605 884 5671 Regii
932 5612 1160 5671 primus,
1207 5615 1419 5671 tertius.
1467 5630 1653 5670 sextus
1699 5639 1714 5671 ι

472 5600 576 5676 55)
597 5602 697 5676 Sic
734 5600 884 5676 Regii
932 5612 1160 5676 primus,
1207 5615 1419 5676 tertius,
1467 5600 1753 5672 sextusuet
1797 5617 1952 5672 Colb.

378 5675 670 5758 seetmdus.
688 5675 842 5758 bene.
867 5675 1031 5735 Coisl.
1063 5690 1287 5750 uterque
1313 5694 1366 5738 et
1393 5675 1545 5754 editi,
1571 5699 1624 5742 ct
1644 5687 1776 5758 Reg.
1806 5689 1960 5758 quiu-

380 5755 465 5797 tus
496 5744 662 5797 ἁναλα
671 5744 914 5814 μϐάνειν.

2138 4778 2248 4847 (56)
2285 4778 2357 4831 lta
2382 4793 2510 4832 mss.
2554 4786 2694 4830 octo.
2732 4775 3045 4830 Eustathius
3083 4775 3263 4847 ver-tit,
3298 4785 3630 4830 monumenta
3677 4816 3680 4820 .

2065 4845 2376 4917 certissimo.
2414 4848 2551 4902 Edili
2588 4846 2983 4917 ὑποδείγματα,
3015 4845 3273 4917 exetnpla.
3328 4913 3377 4917 __
3539 4873 3564 4917 ξ

2136 4864 2376 4902 mssrma.
2414 4864 2551 4902 nam
2588 4864 2810 4914 υποοειγ
2860 4864 2983 4911 ατα,
3015 4864 3273 4911 exempta.
3539 4873 3564 4895 ο

2136 4911 2431 4989 (57)(1611).
2483 4864 3018 4989 δορυηάυεέχοντες
3061 4916 3294 4989 ἑαυτοῖς.
3327 4913 3454 4989 Illo;
3500 4915 3628 4968 editi

2065 4985 2185 5045 cum
2230 4985 2370 5070 Reg.
2415 4987 2572 5070 tert‘ip
2602 4988 2682 5050 εἰς
2709 4985 2840 5070 τοις
2863 4985 3307 5070 σύμπανταςὶκαὶ
3339 4985 3631 5070 ἀτελευτή-

2062 5077 2190 5122 τους
2239 5054 2461 5120 αἰῶνας.
2510 5055 2684 5110 Voces
2725 5054 3064 5128 σύμπαντας
3108 5056 3204 5109 καὶ¹
3239 5054 3630 5126 ἀτελευτήτους

2063 5131 2256 5184 desunt
2287 5130 2338 5180 in
2373 5128 2608 5198 quinque
2639 5127 2937 5181 codicibus.

2132 5198 2246 5280 _(58)
2284 5194 2665 5284 lieglgctavu's
2689 5199 2817 5284 περ).
2840 5195 3170 5284 συναγωγῶν
3201 5195 3428 5250 ὑδάτων.
3461 5194 3624 5251 Coisl.

2060 5266 2268 5340 primus
2285 5267 2604 5340 simpliciter
2627 5266 2812 5340 ὁμρία
2831 5267 3101 5340 semiper}:

2136 5338 2248 5410 (59)
2279 5337 2370 5410 Sic
2394 5335 2526 5391 ’octo
2550 5335 2679 5410 mss.
2705 5337 2845 5390 Editi
2862 5335 3026 5399 τινές.
3053 5335 3359 5410 verisimile
3382 5335 3626 5410 mihim,

2067 5405 2432 5479 typographos
2472 5421 2568 5460 sua
2599 5407 2846 5479 ipsorum
2887 5409 3214 5479 auctoritate
3247 5415 3435 5479 contra
3472 5405 3626 5479 ﬁdem

2069 5475 2219 5532 ῐὶιὲεῖ
2234 5479 2467 5532 edidisse
2498 5475 2642 5539 τινές
2668 5491 2768 5543 pro
2797 5476 2979 5540 τινῶν,
3019 5492 3084 5530 ne
3125 5477 3376 5529 mendum
3407 5476 3630 5530 subes'se

2068 5549 2359 5607 videretur,
2380 5558 2434 5601 et
2469 5557 2528 5600 ut
2568 5561 2670 5599 vox
2694 5545 2838 5608 τινές
2863 5561 2983 5599 eum
3023 5561 3151 5599 voce
3185 5544 3473 5608 ἀκούοντες
3502 5561 3629 5597 cuu-

2065 5618 2200 5672 strui
2234 5628 2434 5682 posset.
2477 5617 2581 5671 Sed
2613 5617 2728 5670 hac
2765 5631 2951 5668 eorum
2984 5617 3290 5669 emendatio
3325 5613 3627 5669 necessaria

2063 5703 2169 5741 non
2210 5699 2345 5746 erat,
2378 5702 2500 5739 cum
2520 5702 2618 5739 vox
2650 5685 2940 5749 ἀκούοντες
2969 5694 3132 5753 queat
3155 5684 3343 5740 referri
3377 5685 3442 5740 ad
3468 5699 3630 5756 gene-

2063 5759 2176 5812 rale
2201 5758 2466 5824 quoddam
2497 5771 2715 5824 nomen,
2750 5767 2871 5825 puta
2903 5756 3133 5810 πολῖται.
