4082 6218
492 400 560 455 79

1832 394 1889 455 S.
1932 398 2015 455 BA
2026 401 2176 457 SlLll
2216 401 2432 459 MAGNI

3667 404 3740 459 80

490 515 577 568 vel
601 515 902 570 diutissime
918 515 1163 583 audiam,
1183 530 1519 586 nequaquam
1548 517 1903 572 exsatiantur.
1925 517 2063 585 Quin

2168 535 2317 582 οντες
2360 520 2458 572 ούκ
2491 521 2920 591 ἐμπίμπλανται.
2943 521 3049 573 Καὶ
3078 537 3200 583 τους
3229 519 3496 584 τοιούτους
3526 521 3740 592 δήμους

492 608 654 661 etiam
702 606 834 661 tales
859 608 1084 677 populos
1108 607 1261 663 multi
1312 608 1607 677 praedicant
1649 610 1855 675 beatos,
1895 610 2057 679 qu‘od,

491 700 695 755 relictis
732 700 835 754 fori
865 701 1215 768 mercaturis,
1243 712 1338 756 aut
1373 702 1569 757 artium
1617 702 1683 757 ad
1703 702 1869 756 vitam
1893 712 2064 757 tutan-

371 827 383 839 .
492 792 614 846 dam
645 793 1002 863 spectantium
1053 794 1460 851 inventionibus
1512 794 1793 864 neglectis,
1825 794 1878 847 in
1913 794 2060 849 omni

490 885 601 941 otio
626 893 790 955 atque
821 884 1097 955 voluptate
1146 894 1359 955 tempus
1408 886 1532 940 vita:
1570 886 1673 941 sibi
1702 885 2060 955 praestitutum

489 978 828 1048 transigunt;
866 977 1172 1033 nescientes
1212 979 1544 1033 orchestram
1584 993 1705 1048 quae
1739 978 2062 1047 spectaculis

490 1065 719 1136 impuris
749 1064 1106 1130 abundat,his
1134 1067 1223 1135 qui
1256 1067 1363 1123 illic
1394 1068 1675 1123 consident
1720 1082 2061 1123 communem

415 1186 419 1190 -
494 1172 557 1210 ac
606 1156 873 1226 publicam
926 1170 1051 1212 esse
1095 1156 1331 1213 lasciviae
1386 1159 1676 1214 ollicinam.
1715 1160 1851 1227 Quin
1878 1170 1931 1215 et
1960 1159 2064 1213 illae

496 1250 747 1303 tibiarum
778 1249 1174 1303 modulationes
1220 1263 1479 1318 perquam
1533 1253 1829 1316 concinnae,
1852 1266 1916 1306 ac
1952 1266 2065 1305 me-

493 1339 725 1395 retriciae
766 1341 1082 1407 cantiones,
1119 1342 1447 1395 audientium
1492 1342 1685 1397 animis
1728 1342 2062 1406 insidentes,

494 1433 731 1501 cunctis,
754 1443 937 1503 utpote
962 1434 1377 1489 citharoedorum
1408 1442 1503 1489 aut
1537 1433 1818 1491 tibicinum
1851 1435 2062 1504 pulsum

493 1523 1038 1589 mmulantibus,nihil
1054 1524 1196 1579 aliud
1221 1540 1379 1594 quam
1404 1525 1790 1581 obscenitatem
1814 1526 2060 1582 suadent.

493 1611 615 1668 .lam
647 1629 777 1669 vero
794 1614 1037 1669 nonnulli
1065 1616 1155 1684 qui
1188 1617 1341 1685 equis
1364 1630 1525 1686 supra
1549 1616 1764 1671 modum
1794 1617 2065 1672 delectan-

494 1715 603 1772 tur,
638 1705 721 1761 vel
761 1706 814 1761 in
845 1708 1050 1762 somnis
1079 1721 1176 1776 pro
1209 1707 1363 1777 equis
1384 1707 1752 1773 contendunt,
1793 1708 2067 1776 transjun-

494 1808 681 1865 gentes
714 1812 926 1862 currus,
958 1797 1174 1867 aurigas
1194 1807 1634 1865 transmutantes,
1675 1808 1730 1854 et
1761 1799 1817 1855 in
1855 1813 2061 1854 summa

494 1902 563 1943 ne
585 1888 637 1942 in
662 1888 996 1943 somniorum
1055 1888 1270 1958 quidem
1310 1889 1493 1944 visisa
1534 1890 1723 1945 diurna
1760 1891 2065 1959 insipientia

491 1988 707 2035 vacant.
740 1977 849 2033 Nos
901 1989 1080 2034 autem
1104 2020 1119 2045 ,
1153 1994 1289 2050 quos
1315 1979 1594 2048 Dominus,
1625 1996 1853 2053 magnus
1884 1998 2064 2038 rerum

495 2072 820 2127 mirabilium
839 2071 1063 2128 eﬂ‘ector
1088 2087 1152 2127 ac
1178 2070 1379 2142 opifex,
1410 2073 1476 2127 ad
1506 2088 1603 2128 sua
1638 2073 2067 2129 commendanda

495 2178 660 2233 opera
691 2164 1029 2227 convocavit,
1065 2180 1189 2217 num
1230 2165 1283 2219 in
1315 2165 1742 2234 contemplandis
1783 2175 1840 2221 et
1863 2166 2070 2221 auscul-

495 2257 675 2311 tandis
704 2255 941 2327 Spiritus
974 2256 1202 2327 eloquiis
1218 2267 1311 2311 aut
1334 2257 1661 2324 fatiscemus,
1679 2267 1772 2313 aut
1805 2258 1939 2329 pigri
1956 2260 2068 2314 eri-

498 2348 659 2404 mus?
708 2346 897 2403 Nonne
923 2349 1125 2417 potius,
1175 2365 1423 2420 magnam
1448 2350 1591 2403 illam
1626 2352 1940 2422 variamque
1987 2352 2070 2407 di-

496 2440 613 2495 vini
642 2439 844 2509 opiﬁcii
883 2438 1148 2494 oﬂicinam
1200 2441 1646 2509 circumstantes,
1678 2452 1732 2499 et
1776 2445 2068 2514 unusquis-

500 2545 608 2601 que
682 2533 749 2584 ad
820 2538 1094 2585 transacta
1157 2541 1400 2600 tempora
1472 2541 1653 2587 mente
1720 2535 2067 2603 retrogressi,

498 2623 683 2677 mundi
721 2622 885 2678 totius
938 2621 1332 2677 ordinationem
1379 2623 1912 2694 contemplablmur?
1960 2637 2071 2681 cte-

498 2714 608 2768 lum
643 2713 861 2784 quidem
887 2710 1039 2780 juxta
1090 2711 1469 2783 propheticum
1504 2728 1806 2771 sermonem
1854 2715 1908 2771 in
1954 2731 2071 2772 mo-

496 2803 627 2860 dum
687 2804 913 2861 fornicis
954 2802 1249 2859 conﬂatum
1271 2803 1365 2859 '°:
1429 2813 1631 2860 terram
1680 2820 1813 2861 vero
1865 2808 2071 2878 magni-

498 2894 686 2949 tudine
712 2908 777 2949 ac
796 2894 1062 2964 gravitate
1090 2892 1378 2960 infinitam,
1396 2894 1565 2963 ipsam
1590 2894 1763 2963 seipsa
1791 2894 2066 2950 innixam:

499 2979 751 3037 diil‘usum
775 2994 977 3047 aerem,
1007 2980 1221 3036 mollem
1244 2989 1301 3035 et
1327 2992 1517 3049 suapte
1554 2989 1747 3035 natura
1767 2981 2067 3048 humidum,

500 3073 785 3144 proprium
842 3079 897 3127 et
944 3079 1263 3142 perpetuum
1318 3071 1712 3142 respirantibus
1759 3072 2069 3129 alimentum

499 3162 955 3232 suppeditantem,
1006 3163 1287 3219 cedentem
1332 3174 1529 3230 autem,
1569 3173 1622 3221 et
1643 3180 1753 3236 pra:
1780 3164 2005 3222 mollitia
2038 3181 2068 3220 a

499 3252 817 3323 corporibus
839 3251 1000 3307 motis
1034 3266 1154 3308 sese
1188 3252 1499 3309 interscindi
1534 3255 1821 3320 sinentem,
1855 3256 1988 3311 nihil
2014 3265 2073 3311 ut

501 3338 873 3409 impedimenti
903 3339 974 3393 sit
1000 3352 1098 3408 per
1131 3340 1307 3410 ipsum
1339 3342 1677 3409 meantibus;
1728 3357 1849 3398 cum
1874 3343 1941 3398 ad
1963 3352 2073 3399 ter-

501 3445 629 3500 gum
654 3443 840 3486 eorum
864 3428 956 3499 qui
989 3430 1164 3500 ipsum
1200 3431 1430 3500 (indunt,
1464 3433 1689 3502 recipiat
1715 3448 1775 3491 se
1802 3433 1961 3490 facile
2009 3449 2074 3488 ac

504 3525 735 3583 dililuat.
792 3526 960 3595 Aquae
1022 3524 1257 3595 denique
1297 3533 1581 3589 naturam,
1628 3533 1739 3580 tum
1785 3525 1902 3595 ejus
1954 3542 2074 3596 qua;

503 3621 820 3675 alimentum
847 3614 1239 3680 subministrat,
1260 3623 1373 3669 tum
1405 3617 1519 3683 ejus
1570 3630 1690 3685 quae
1728 3617 1794 3672 ad
1819 3617 1954 3673 alios
1982 3631 2076 3672 no-

502 3723 649 3769 stros
673 3725 803 3766 usus
837 3709 1161 3775 destinatur,
1202 3707 1468 3779 simulque
1488 3708 1789 3763 ordinatam
1831 3709 2070 3779 ejusdem

504 3802 573 3856 ad
605 3797 967 3857 deﬂnitaloca
1011 3795 1513 3867 congregationem,
1561 3810 1626 3851 ex
1655 3797 1739 3852 his
1765 3812 1886 3868 quae
1916 3800 2073 3855 modo

505 3891 668 3948 nobis
701 3891 841 3946 lecta
862 3898 1011 3955 sunt,
1052 3888 1376 3957 conspicias.

575 3980 629 4034 9..
649 3980 758 4053 35.
772 3980 844 4034 Et
857 3980 990 4033 dixit
1008 3979 1148 4033 Deus
1165 3994 1184 4033 :
1199 3968 1548 4047 Congregetur
1562 3970 1825 4048 aquaque:
1838 3979 1930 4033 sub
1947 3981 2072 4033 εωίο

502 4083 578 4128 est
624 4076 679 4127 in
726 4073 1180 4143 congregationem
1207 4085 1392 4133 unam,
1446 4079 1493 4123 et
1525 4078 1776 4140 appareat
1802 4070 1973 4125 arida.
2002 4068 2073 4123 Et

504 4164 706 4233 factum
740 4171 815 4216 est
849 4162 924 4215 sic
952 4176 975 4216 ε
1016 4170 1063 4214 et
1090 4169 1402 4229 congregata
1423 4169 1497 4213 est
1523 4176 1658 4229 aqua
1679 4175 1798 4225 quae
1836 4160 1931 4214 sub
1946 4161 2072 4215 caelo

498 4263 621 4308 erat
680 4255 735 4307 in
772 4253 1200 4323 congregationes
1231 4267 1355 4305 suas
1380 4264 1400 4303 :
1439 4260 1488 4305 et
1513 4253 1756 4322 apparuit
1790 4252 1965 4308 arida.
2006 4252 2072 4305 Et

506 4347 700 4401 vacavit
730 4343 868 4399 Deus
895 4343 1125 4410 aridam,
1148 4355 1363 4409 terram,
1386 4353 1435 4398 et
1462 4343 1788 4398 collectiones
1816 4360 2073 4413 aquarum

503 4436 701 4493 vocarit
723 4434 892 4489 maria
918 4432 982 4486 ⁸³.
1010 4433 1225 4501 Quanta
1272 4433 1401 4487 mihi
1461 4431 1517 4486 in
1552 4432 1921 4503 superioribus
1958 4447 2073 4488 ser-

2099 1858 2141 1913 Β

2163 605 2347 659 πολλοὶ
2372 607 2785 678 μακαρίζουσιν,
2808 609 2911 669 ὄτι,
2940 608 3039 672 τάς
3066 610 3186 662 κατ’
3216 608 3419 681 ἀγοράν
3441 611 3732 682 ἐμπορίας,

2161 697 2195 768 ἢ
2239 697 2337 761 τάς
2368 700 2432 752 ὲκ
2454 699 2561 752 τῶν
2601 699 2808 769 τεχνῶν
2840 701 2975 771 πρὸς
3006 700 3068 753 τὸ
3097 700 3195 771 ζῇν
3222 701 3463 765 ἐπινοίας
3502 702 3734 755 καταλι-

2162 789 2355 853 πόντες
2395 788 2536 860 (60),
2589 790 2679 844 διά
2726 791 2997 863 ῥᾳθυμίας
3043 793 3222 863 πάσης
3268 793 3361 846 καὶ
3399 793 3589 864 ἡδονῆς
3638 792 3732 847 τὸν

2159 881 2490 951 τεταγμένον
2512 883 2724 946 ἑαυτοῖς
2744 882 2844 953 τῆς
2870 882 3013 954 ζωῆς
3046 883 3235 955 χρόνον
3253 883 3601 954 διαπερῶσιν,
3629 884 3734 937 οὐκ

2162 971 2363 1035 είδότες
2410 972 2492 1025 ὅτι
2517 971 2796 1045 ὀρχήστρα
2828 972 3199 1045 εὐθηνουμένη
3243 973 3506 1046 θεάμασιν
3528 974 3729 1028 ἀκολά-

2164 1078 2308 1125 στοις
2357 1061 2534 1116 κοινδν
2589 1064 2684 1116 καὶ
2737 1062 2993 1135 δημόσιον
3040 1062 3405 1119 διδασκαλεῖον
3443 1066 3730 1136 ἀσελγείας

2161 1155 2272 1216 τοῖς
2312 1152 2744 1225 συγκαθημένοις
2797 1155 2935 1219 ἐστὶ,
2986 1155 3081 1210 καὶ
3125 1156 3193 1209 τά
3245 1156 3587 1228 παναρμόνια
3618 1158 3729 1212 τῶν

2162 1244 2337 1323 αὐλῶν
2368 1246 2504 1317 μέλη
2528 1247 2623 1300 καὶ
2646 1247 2865 1319 ᾄσματα
2894 1247 3153 1320 πορνικά,
3184 1248 3588 1327 ἐγκαθεζόμενα
3611 1252 3731 1315 ταῖς

2163 1336 2268 1389 τῶν
2297 1338 2643 1393 ἀκουσάντων
2677 1338 2787 1409 (6i)
2820 1338 3038 1410 ψυχαῖς,
3070 1339 3220 1393 ούδὲν
3251 1340 3435 1412 ἕτερον
3468 1339 3500 1411 ἢ
3526 1340 3730 1405 πάντας

2164 1429 2493 1499 ἀσχημονεῖν
2524 1429 2829 1496 ἀναπείθει,
2864 1431 2933 1485 τά
2966 1431 3075 1483 τῶν
3100 1430 3434 1502 κιθαριστῶν
3465 1429 3497 1504 ἢ
3527 1431 3593 1485 τὰ
3619 1430 3730 1485 τῶν

2164 1518 2414 1590 αὐλητῶν
2430 1520 2715 1592 κρούματα
2748 1520 2857 1591 (62)
2890 1522 3276 1593 μιμουμένους.
3316 1521 3456 1592 Ἤδη
3494 1522 3551 1577 δέ
3587 1540 3730 1587 τινες

2164 1611 2269 1665 τῶν
2295 1612 2741 1684 ίππομανούντων
2763 1613 2856 1666 κα).
2877 1613 3010 1685 ὄναρ
3034 1610 3172 1685 ὑπὲρ
3199 1613 3305 1666 τῶν
3328 1614 3507 1667 ῐππων
3535 1615 3734 1685 μάχον-

2162 1719 2273 1767 ται,
2300 1703 2523 1775 ἅρματα
2545 1704 3002 1774 μεταζευγνύντες
3030 1706 3123 1759 καὶ
3147 1705 3396 1776 ἡνιόχους
3429 1706 3734 1776 μετατιθέν-

2162 1810 2275 1858 τες,
2318 1795 2413 1848 κα).
2446 1794 2581 1858 ὅλως
2610 1796 2709 1865 τῆς
2741 1795 3110 1867 μεθημερινῆς
3148 1796 3468 1867 ’ἀφροσύνης
3513 1797 3632 1851 οὐδὲ
3672 1798 3735 1853 ὲν

2166 1890 2285 1951 ταῖς
2337 1888 2456 1941 καθ’
2485 1886 2651 1942 ὕπνον
2706 1890 3026 1956 φαντασίαις
3055 1888 3397 1959 ἀφίστανται.
3456 1889 3641 1959 Ἡμεῖς
3676 1888 3736 1942 δὲ

2165 1979 2293 2051 ἄρα,
2323 1979 2417 2043 οὓς
2445 1982 2473 2033 ό
2494 1981 2715 2052 Κύριος,
2749 1981 2777 2033 ό
2823 1981 2997 2051 μέγας
3020 1980 3419 2050 θαυματοποιὸς
3437 1981 3529 2034 κα).
3554 1982 3734 2052 τεχνί-

2164 2088 2282 2142 της,
2302 2073 2394 2125 ἐπ).
2424 2072 2519 2143 τὴν
2539 2071 2792 2137 ἐπίδειξιν
2814 2071 3138 2126 συνεκάλεσε
3171 2071 3277 2127 τῶν
3310 2072 3522 2126 οἰκείων
3536 2071 3735 2142 ἔργων,

2166 2163 2600 2235 ἀποκαμούμεθα
2644 2165 2780 2237 πρὸς
2806 2165 2904 2235 τὴν
2934 2164 3062 2219 θέαν
3102 2162 3237 2237 (65),
3277 2164 3310 2235 ἢ
3356 2164 3738 2234 άποκνήσομεν

2167 2256 2304 2328 πρὸς
2357 2256 2458 2328 τὴν
2511 2257 2775 2327 ἀκρόασιν
2824 2255 2932 2311 τῶν
2983 2256 3178 2327 λογίων
3235 2256 3330 2310 τοῦ
3386 2256 3737 2327 Πνεύματος;

2180 2345 2318 2398 Ἀλλ’
2343 2347 2462 2418 οὐχ).
2508 2348 2569 2399 τὸ
2614 2347 2756 2418 μέγα
2804 2346 2962 2399 τοῦτο
3013 2348 3108 2401 καὶ
3152 2346 3392 2401 ποικίλον
3443 2346 3539 2417 τῆς
3586 2344 3740 2409 θείας

2166 2437 2524 2509 δημιουργίας
2549 2439 2912 2511 ἐργαστήριον
2941 2437 3317 2510 περιστάντες,
3345 2437 3437 2491 κα).
3456 2437 3592 2509 πρὸς
3610 2438 3740 2499 τοὺς

2168 2529 2278 2600 ἀνω
2298 2529 2518 2600 χρόνους
2545 2530 2932 2594 ἐπανελθόντες
2964 2531 3031 2600 τῇ
3073 2527 3281 2600 διανοίᾳ
3309 2528 3559 2592 ἕκαστος,
3604 2527 3739 2595 ὀψό-

2104 2593 2253 2613 ρξ’-’⁷

2173 2618 2309 2690 μεθα
2364 2619 2465 2691 τὴν
2520 2619 2880 2692 διακόσμησιν
2910 2621 3004 2675 τοῦ
3065 2621 3296 2688 παντός;
3352 2619 3576 2692 οὐρανὸν
3636 2620 3742 2691 μὲν

2172 2710 2458 2782 ἱστάμενον
2501 2710 2638 2782 (64),
2680 2711 2821 2766 κατά
2853 2711 2943 2766 τὸν
2990 2711 3321 2785 προφητικὸν
3367 2711 3552 2780 λόγον,
3602 2710 3742 2764 ὡσεὶ

2175 2801 2468 2874 καμάραν
2511 2802 2615 2873 γῆν
2646 2802 2723 2866 δὲ,
2766 2801 2863 2874 τὴν
2906 2802 3130 2873 ἄπειρον
3168 2802 3385 2874 μεγέθει
3410 2803 3504 2857 καὶ
3539 2801 3694 2872 βάρει
3720 2841 3737 2867 ,

2170 2892 2337 2963 αὐτὴν
2361 2894 2444 2962 ἐφ’
2469 2892 2669 2964 ἑαυτῆς
2696 2892 3059 2965 ὲδραζομένην
3082 2911 3095 2925 ·
3125 2894 3262 2966 ἀέρα
3307 2895 3600 2966 κεχυμένον
3629 2912 3740 2966 μα-

2169 2982 2333 3036 λακὸν
2354 2984 2446 3036 κα)⁸
2482 2984 2647 3055 ὑγρὸν
2675 2987 2739 3055 τῇ
2786 2984 2967 3053 φύσει,
3017 2985 3221 3039 οἰκείαν
3263 2985 3358 3056 μὲν
3390 2985 3484 3038 καὶ
3513 2983 3741 3055 διηνεκῆ

2170 3073 2379 3145 τροφὴν
2422 3076 2536 3137 τοῖς
2586 3075 2913 3129 άναπνέουσι
2942 3076 3331 3147 παρεχόμενον,
3364 3074 3653 3129 ὑπείκοντα
3677 3074 3741 3128 δὲ

2096 3192 2138 3249 C
2172 3163 2266 3215 καὶ
2298 3164 2745 3235 περισχιζόμενον
2786 3168 2898 3229 τοῖς
2927 3166 3265 3237 κινουμένοις
3292 3165 3363 3219 δι’
3387 3164 3738 3236 ἁπαλότητα,

2171 3254 2247 3318 ὡς
2289 3255 2454 3325 μηδὲν
2499 3255 2754 3327 ἐμπόδιον
2787 3251 2931 3325 εἶναι
2972 3258 3102 3330 παρ’
3127 3254 3291 3309 αὑτοῦ
3331 3259 3439 3321 τοῖς
3474 3255 3737 3329 ὁρμῶσιν,

2172 3344 2258 3398 ἀε).
2292 3345 2426 3417 πρὸς
2453 3345 2513 3398 τὸ
2535 3346 2765 3399 κατόπιν
2793 3344 2902 3399 τῶν
2929 3345 3232 3416 τεμνόντων
3271 3344 3431 3398 αὐτὸν
3461 3345 3744 3414 ἀντιπερι-

2179 3437 2466 3507 ισταμένου
2506 3436 2618 3508 (65)
2667 3436 2866 3508 ῥᾳδίως
2920 3439 3015 3491 καὶ
3066 3436 3466 3510 περιρρέοντος.
3506 3435 3742 3500 Ὕδατος

2171 3527 2227 3581 δὲ
2260 3529 2421 3597 φύσιν
2449 3529 2544 3582 τοῦ
2578 3546 2638 3583 τε
2675 3529 2941 3602 τροφίμου
2984 3530 3078 3583 καὶ
3110 3530 3203 3583 τοῦ
3251 3528 3391 3584 κατά
3431 3527 3531 3592 τάς
3572 3526 3740 3593 ἄλλας

2172 3619 2356 3691 χρείας
2380 3622 2512 3691 ἡμῖν
2533 3622 3001 3692 εὐτρεπισθέντος,
3029 3621 3124 3676 καὶ
3153 3621 3250 3693 τὴν
3273 3620 3530 3674 εὔτακτον
3549 3619 3739 3673 τούτου

2173 3711 2310 3782 πρὸς
2338 3714 2465 3775 τοὺς
2492 3712 2908 3785 ἀφωρισμένους
2931 3714 3124 3776 τόπους
3160 3711 3496 3784 συναγωγὴν,
3535 3712 3599 3765 ὲκ
3628 3711 3741 3764 τῶν

2172 3804 2371 3874 ἀρτίως
2401 3805 2532 3873 ἡμῖν
2557 3805 2981 3876 ἀνεγνωσμένων
3012 3805 3257 3874 κατόψει.

2248 3985 2303 4039 2.
2342 3984 2452 4038 Kal
2495 3979 2665 4039 εἷπεν
2702 3987 2734 4040 ὀ
2769 3986 2945 4052 Θεός”
2981 3985 3343 4056 Συναχθήτω
3372 3982 3437 4039 τὸ
3488 3983 3641 4051 ὕδωρ
3671 3981 3743 4037 τὸ

2171 4077 2450 4131 ὑποκάτω
2482 4078 2589 4132 τοῦ
2623 4078 2883 4147 οὐρανοῦ
2916 4081 3002 4146 εις
3039 4076 3402 4149 συναγωγὴν
3424 4077 3591 4147 μίαν,
3640 4075 3741 4129 καὶ

2173 4168 2407 4238 ἀρθήτω
2435 4169 2546 4240 (66)
2598 4172 2637 4239 ή
2697 4170 2866 4239 ξηρά.
2913 4169 3023 4225 Kal
3079 4169 3315 4241 ἐγένετο
3370 4170 3587 4235 οὕτως,
3638 4168 3742 4225 και

2173 4262 2450 4332 συνήχθη
2483 4263 2547 4317 τὸ
2578 4262 2734 4333 ὕδωρ
2761 4262 2828 4317 τὸ
2885 4263 3164 4318 ὑποκάτω
3207 4263 3314 4318 τοῦ
3354 4260 3610 4332 οὐρανοῦ
3654 4263 3745 4327 είς

2172 4351 2279 4419 τὰς
2333 4353 2686 4423 συναγωγὰς
2730 4354 2948 4419 αὐτῶν,
2981 4354 3078 4408 καὶ
3117 4354 3283 4424 ὤφθη
3334 4354 3373 4422 ἡ
3424 4350 3593 4422 ξηρά.
3631 4351 3742 4406 Kal

2174 4442 2473 4497 ἐκάλεσεν
2506 4447 2539 4498 d
2567 4446 2710 4513 Θεὸς
2733 4445 2849 4514 τὴν
2868 4445 3077 4514 ξηρὰν,
3106 4445 3245 4515 γῆν,
3277 4443 3377 4498 καὶ
3412 4443 3484 4498 τὰ
3509 4443 3744 4512 συστή-

506 4527 757 4582 monibus
785 4525 1077 4583 exhibuisti
1106 4528 1321 4598 negotia
1341 4526 1486 4593 ,dum
1516 4539 1735 4580 causam
1754 4525 2068 4593 requireres,

2172 4550 2333 4604 ματα
2369 4532 2488 4589 τῶν
2520 4535 2755 4591 ὑδάτων
2796 4535 3051 4590 ἐκάλεσε
3085 4535 3420 4600 θαλάσσας.
3457 4533 3606 4586 Πόσα
3653 4549 3746 4603 μοι

505 4619 775 4691 quomodo
796 4628 940 4675 terra
984 4621 1144 4676 fuerit
1167 4618 1478 4675 invisibilis:
1501 4617 1931 4687 quandoquidem
1957 4618 2075 4671 cui-

2181 4627 2479 4698 πράγματα
2510 4631 2768 4700 παρεῖχες
2791 4629 2848 4682 ὲν
2886 4631 2996 4691 τοῖς
3012 4628 3240 4681 κατόπιν
3265 4626 3463 4694 λόγοις,
3495 4620 3743 4679 ἀπαιτῶν

504 4710 637 4767 libet
664 4711 878 4782 corpori
908 4710 1225 4767 naturaliter
1260 4712 1399 4766 inest
1426 4710 1593 4776 color,
1623 4718 1681 4765 et
1722 4709 1897 4765 omnis
1927 4708 2068 4765 color

2181 4718 2279 4787 τὴν
2326 4720 2504 4774 αἰτίαν
2550 4720 2666 4784 πῶς
2702 4720 2929 4791 ἀόρατος
2983 4720 3016 4790 ἡ
3060 4720 3132 4790 γῆ
3184 4718 3316 4790 (67)⁹
3343 4716 3505 4771 παντὶ
3530 4713 3743 4785 σώματι

577 4853 622 4885 ⁶⁰
656 4851 760 4908 lsa.
786 4868 876 4919 ιι,
903 4851 993 4906 22.
1070 4852 1111 4883 εί
1141 4849 1407 4915 Gen.t,9,
1430 4850 1518 4907 10.

578 4989 691 5057 (60)
722 4989 971 5044 Nonnulli
996 5004 1127 5044 mss.
1161 4988 1602 5049 καταλείποντες.

577 5059 695 5130 (6i)
716 5059 871 5130 Cplb.
903 5059 1175 5115 secundus
1198 5059 1525 5130 ἀκουόντων.
1592 5110 1597 5117 ,

583 5124 698 5204 (62)
744 5128 836 5183 Sic
874 5144 1006 5204 mss.
1050 5131 1316 5204 q_uin_que._
1340 5128 1494 5204 Editi
1538 5140 1660 5181 cum
1685 5124 1915 5204 _duqbus
1942 5138 2072 5180 mss.

510 5192 856 5273 κρούσματα.
890 5196 1042 5273 Lege
1066 5192 1411 5273 Atlib'rqsium
1438 5198 1537 5273 _|ib.
1581 5211 1642 5251 tu
1674 5193 1745 5273 I_n
1790 5192 2073 5273 Hexaem.,

512 5265 631 5351 cap.
657 5265 710 5333 1,
741 5284 896 5351 num.
942 5265 996 5333 5,
1029 5270 1081 5351 in
1109 5283 1217 5337 quo
1264 5268 1544 5349 legendum
1578 5265 1859 5351 suspicor}
1888 5267 2076 5351 morti—

509 5335 609 5410 fé‘ii
633 5347 818 5394 cantus
849 5335 1145 5410 cromatuni
1173 5340 1521 5410 scenicorum,
1539 5343 1634 5410 au_t
1663 5335 1842 5410 potius
1871 5349 2076 5410 eranteo

508 5402 621 5463 tum
661 5410 1009 5475 scenicorum,
1044 5408 1114 5463 ob
1164 5408 1545 5464 auctoritatem
1592 5403 1797 5471 Basilii,
1839 5403 1932 5473 qui
1985 5402 2075 5458 hic

506 5479 608 5533 hac
635 5480 745 5545 ipsa
777 5494 910 5534 voce
941 5480 1131 5533 utitur.

581 5548 695 5622 (65)
724 5547 878 5604 Colb.
908 5548 1180 5622 secundus
1229 5548 1358 5602 θέαν
1409 5549 1502 5602 καὶ
1552 5548 1799 5622 ἔρευναν,
1850 5552 2078 5599 contem-

511 5618 724 5683 plandis
751 5629 798 5671 et
829 5618 1158 5679 scrutandis,
1196 5630 1301 5674 etc.

2176 4985 2384 5055 primus
2397 4983 2709 5055 avemus-ta
2717 4983 2898 5053 μένου.

2252 5052 2363 5123 (66)
2394 5053 2547 5115 Regii
2578 5045 2807 5123 primus
2828 5064 2885 5123 et
2916 5051 3151 5123 quintus
3178 5052 3258 5113 είς
3282 5064 3390 5123 Δτας
3420 5045 3744 5115 συναγωγάς

2178 5118 2381 5186 αὐτῶν,
2407 5123 2503 5176 κα).
2521 5118 2756 5193 όιρθήτω.
2789 5118 3095 5193 Εῶιξόυιη
3144 5118 3326 5193 multis
3363 5131 3494 5171 mss.
3539 5126 3594 5169 et
3618 5131 3740 5169 cum

2178 5211 2337 5251 sacro
2362 5203 2509 5248 textu
2545 5188 2623 5256 είς
2645 5188 2980 5262 ’συναγωγὴν
3033 5188 3199 5262 μίαν.
3234 5188 3352 5262 Mpx
3385 5201 3539 5262 sa_ce_r
3569 5195 3743 5262 textus

2176 5274 2230 5321 et
2248 5265 2376 5320 editi
2408 5272 2463 5317 et
2505 5278 2635 5316 mss‘.
2671 5255 2821 5314 multi
2857 5255 2957 5314 hoc
3000 5255 3239 5315 secundo
3281 5258 3397 5312 loco
3435 5256 3633 5310 habent
3661 5255 3740 5318 εις

2178 5335 2280 5400 τὰς
2307 5331 2627 5401 συναγωγὰς
2649 5331 2849 5393 αὐτῶν,
2872 5330 2967 5383 καὶ
2999 5329 3154 5397 ὤφθη
3182 5331 3237 5399 ὴ,
3255 5339 3359 5401 etc.
3395 5326 3526 5401 Reg.
3558 5334 3741 5401 sextus

2179 5406 2237 5461 in
2260 5392 2491 5473 utroque
2537 5392 2855 5473 'IOifQ‘llallel
2884 5401 2964 5463 εἰς
3023 5392 3347 5473 συναγωγὴν
3394 5392 3541 5473 μίαν.
3597 5392 3740 5447 Infra

2180 5466 2573 5545 Anglici-mss.
2606 5471 2902 5545 Galateam,
2948 5478 3139 5545 contra
3185 5466 3343 5523 tidem
3397 5466 3740 5533 reliquorum

2182 5539 2316 5599 mss.
2344 5545 2397 5597 in
2430 5542 2627 5611 quibus
2649 5542 2843 5611 legitur
2880 5539 3171 5611 θαλάσσας.

2253 5614 2363 5685 (67)
2392 5603 2523 5685 Reg.
2566 5603 2784 5685 quintus
2809 5604 2877 5685 ἦν
2915 5613 2948 5680 ἡ
2995 5609 3087 5680 γῆ.
3122 5603 3505 5685 ίίιίιίειη-Ωοιι).
3543 5616 3739 5685 secun-

582 5686 694 5753 (64)
724 5670 1097 5755 Regiisestus
1118 5670 1176 5742 et
1202 5670 1441 5743 voctavus
1472 5702 1599 5743 cum
1636 5685 1788 5741 Colb.
1840 5686 2068 5743 secundo

2179 5670 2279 5741 dus
2318 5670 2501 5737 παντὶν
2513 5670 2633 5755 μέν.
2682 5680 2785 5755 Alii
2810 5670 2916 5733 duo
2937 5670 3080 5755 ἠιξεέ
3106 5677 3420 5755 simpliciter
3445 5672 3608 5755 σξιαντ)¹
3635 5670 3740 5755 σιρ-

858 5755 1151 5849 Eiditi-ctttn
1182 5758 1452 5849 aliquibus
1486 5771 1620 5811 mss.
1648 5756 1966 5849 ίςειτιῖᾗμενονιἶ

582 5820 695 5891 (65)
728 5822 817 5878 Sic
849 5839 975 5878 mss.
1003 5820 1427 5895 quinqneCEditi
1461 5820 1903 5895 περιισταμένου.
1941 5826 2071 5891 Reg.

2182 5740 2309 5826 ματι
2345 5740 2607 5826 φυσικῶς.
2640 5749 2924 5826 χρώματος
2962 5740 3330 5826 αἰσθητρῦπῇ
3374 5745 3558 5826 ὁράσει
3609 5740 3741 5795 καθ-

2178 5816 2485 5887 Eax-rw.qu.
2518 5816 2808 5877 Editibuin
2838 5818 2955 5876 aliis
2982 5816 3120 5875 mss.
3145 5816 3318 5873 fusius
3337 5825 3386 5872 ct
3408 5816 3634 5872 rectius.
