  <div class='ocr_page' id='page_1' title='image "/cluster/home/n/w/nwhite01/storage/ocr_20150623/29/mdp.39015012934371/448.png"; bbox 0 0 4082 6218; ppageno 0'>
   <div class='ocr_carea' id='block_1_1' title="bbox 402 356 2566 421">
    <p class='ocr_par' dir='ltr' id='par_1_1' title="bbox 402 356 2566 421">
     <span class='ocr_line' id='line_1_1' title="bbox 402 356 2566 421; baseline 0.006 -16"><span class='ocrx_word' id='word_1_1' title='bbox 402 363 466 421; x_wconf 72' lang='grc' dir='ltr'><strong>ει</strong></span> <span class='ocrx_word' id='word_1_2' title='bbox 1527 356 1817 414; x_wconf 75' lang='lat' dir='ltr'><strong>HOMILIA</strong></span> <span class='ocrx_word' id='word_1_3' title='bbox 1856 356 1923 413; x_wconf 88' lang='lat' dir='ltr'><strong>IV</strong></span> <span class='ocrx_word' id='word_1_4' title='bbox 1962 360 2031 416; x_wconf 89' lang='lat' dir='ltr'><strong>IN</strong></span> <span class='ocrx_word' id='word_1_5' title='bbox 2070 360 2566 418; x_wconf 78' lang='lat' dir='ltr'><strong>HEXAEMERON.</strong></span> 
     </span>
    </p>
   </div>
   <div class='ocr_carea' id='block_1_2' title="bbox 3590 358 3660 416">
    <p class='ocr_par' dir='ltr' id='par_1_2' title="bbox 3590 358 3660 416">
     <span class='ocr_line' id='line_1_2' title="bbox 3590 358 3660 416; baseline -0.043 0"><span class='ocrx_word' id='word_1_6' title='bbox 3590 358 3660 416; x_wconf 69' lang='lat'><strong>82</strong></span> 
     </span>
    </p>
   </div>
   <div class='ocr_carea' id='block_1_3' title="bbox 405 475 2010 550">
    <p class='ocr_par' dir='ltr' id='par_1_3' title="bbox 405 475 1988 550">
     <span class='ocr_line' id='line_1_3' title="bbox 405 475 1988 550; baseline 0.001 -19"><span class='ocrx_word' id='word_1_7' title='bbox 405 478 651 550; x_wconf 84' lang='grc' dir='ltr'><strong>φυσικῶς</strong></span> <span class='ocrx_word' id='word_1_8' title='bbox 680 475 970 548; x_wconf 85' lang='grc' dir='ltr'>χρώματος</span> <span class='ocrx_word' id='word_1_9' title='bbox 995 475 1404 547; x_wconf 86' lang='grc' dir='ltr'>συμπαρόντος,</span> <span class='ocrx_word' id='word_1_10' title='bbox 1436 476 1635 541; x_wconf 86' lang='grc' dir='ltr'>παντὸς</span> <span class='ocrx_word' id='word_1_11' title='bbox 1668 476 1727 532; x_wconf 73' lang='grc' dir='ltr'>δὲ</span> <span class='ocrx_word' id='word_1_12' title='bbox 1764 478 1988 549; x_wconf 81' lang='grc' dir='ltr'>χρώμα-</span> 
     </span>
    </p>
   </div>
   <div class='ocr_carea' id='block_1_4' title="bbox 2109 475 3659 550">
    <p class='ocr_par' dir='ltr' id='par_1_4' title="bbox 2109 475 3659 550">
     <span class='ocr_line' id='line_1_4' title="bbox 2109 475 3659 550; baseline 0.001 -19"><span class='ocrx_word' id='word_1_13' title='bbox 2109 481 2238 536; x_wconf 65' lang='lat' dir='ltr'><strong>risus</strong></span> <span class='ocrx_word' id='word_1_14' title='bbox 2277 495 2439 536; x_wconf 88' lang='lat' dir='ltr'><strong>sensu</strong></span> <span class='ocrx_word' id='word_1_15' title='bbox 2488 479 2947 550; x_wconf 83' lang='lat' dir='ltr'><strong>apprehenditur?</strong></span> <span class='ocrx_word' id='word_1_16' title='bbox 2975 479 3042 534; x_wconf 91' lang='lat' dir='ltr'><strong>Et</strong></span> <span class='ocrx_word' id='word_1_17' title='bbox 3095 477 3234 534; x_wconf 76' lang='lat' dir='ltr'><strong>forte</strong></span> <span class='ocrx_word' id='word_1_18' title='bbox 3290 492 3408 549; x_wconf 65' lang='lat' dir='ltr'><strong>qua</strong></span> <span class='ocrx_word' id='word_1_19' title='bbox 3453 475 3659 547; x_wconf 83' lang='lat' dir='ltr'><strong>prolata</strong></span> 
     </span>
    </p>
   </div>
   <div class='ocr_carea' id='block_1_5' title="bbox 404 567 1986 641">
    <p class='ocr_par' dir='ltr' id='par_1_5' title="bbox 404 567 1986 641">
     <span class='ocr_line' id='line_1_5' title="bbox 404 567 1986 641; baseline 0 -18"><span class='ocrx_word' id='word_1_20' title='bbox 404 587 496 634; x_wconf 87' lang='grc' dir='ltr'><strong>τος</strong></span> <span class='ocrx_word' id='word_1_21' title='bbox 521 567 777 640; x_wconf 84' lang='grc' dir='ltr'>αίσθητοῦ</span> <span class='ocrx_word' id='word_1_22' title='bbox 811 570 877 639; x_wconf 79' lang='grc' dir='ltr'>τῇ</span> <span class='ocrx_word' id='word_1_23' title='bbox 907 568 1095 639; x_wconf 83' lang='grc' dir='ltr'><strong>ὁράσει</strong></span> <span class='ocrx_word' id='word_1_24' title='bbox 1121 567 1561 639; x_wconf 76' lang='grc' dir='ltr'>καθεστηκότοςς</span> <span class='ocrx_word' id='word_1_25' title='bbox 1593 570 1703 622; x_wconf 76' lang='grc' dir='ltr'><strong>Καὶ</strong></span> <span class='ocrx_word' id='word_1_26' title='bbox 1730 570 1871 641; x_wconf 86' lang='grc' dir='ltr'>τάχα</span> <span class='ocrx_word' id='word_1_27' title='bbox 1903 587 1986 623; x_wconf 90' lang='grc' dir='ltr'><strong>σοι</strong></span> 
     </span>
    </p>
   </div>
   <div class='ocr_carea' id='block_1_6' title="bbox 406 658 1988 735">
    <p class='ocr_par' dir='ltr' id='par_1_6' title="bbox 406 658 1988 735">
     <span class='ocr_line' id='line_1_6' title="bbox 406 658 1988 735; baseline 0.001 -20"><span class='ocrx_word' id='word_1_28' title='bbox 406 663 506 715; x_wconf 89' lang='grc' dir='ltr'><strong>οὑκ</strong></span> <span class='ocrx_word' id='word_1_29' title='bbox 538 660 711 714; x_wconf 74' lang='grc' dir='ltr'>ἐδόκει</span> <span class='ocrx_word' id='word_1_30' title='bbox 749 659 1039 730; x_wconf 81' lang='grc' dir='ltr'>αὐτάρκως</span> <span class='ocrx_word' id='word_1_31' title='bbox 1072 658 1218 729; x_wconf 83' lang='grc' dir='ltr'>ἔχειν</span> <span class='ocrx_word' id='word_1_32' title='bbox 1266 660 1336 714; x_wconf 85' lang='grc' dir='ltr'>τὰ</span> <span class='ocrx_word' id='word_1_33' title='bbox 1386 662 1677 733; x_wconf 77' lang='grc' dir='ltr'><strong>εἰρημένα,</strong></span> <span class='ocrx_word' id='word_1_34' title='bbox 1723 664 1806 717; x_wconf 84' lang='grc' dir='ltr'>ὅτι</span> <span class='ocrx_word' id='word_1_35' title='bbox 1850 663 1988 735; x_wconf 81' lang='grc' dir='ltr'>πρὸς</span> 
     </span>
    </p>
   </div>
   <div class='ocr_carea' id='block_1_7' title="bbox 405 749 1988 825">
    <p class='ocr_par' dir='ltr' id='par_1_7' title="bbox 405 749 1988 825">
     <span class='ocr_line' id='line_1_7' title="bbox 405 749 1988 825; baseline 0.004 -24"><span class='ocrx_word' id='word_1_36' title='bbox 405 750 556 822; x_wconf 74' lang='grc' dir='ltr'>ἡμᾶς</span> <span class='ocrx_word' id='word_1_37' title='bbox 586 749 652 802; x_wconf 79' lang='grc' dir='ltr'>τὸ</span> <span class='ocrx_word' id='word_1_38' title='bbox 684 749 969 818; x_wconf 78' lang='grc' dir='ltr'>ἀόρατον,</span> <span class='ocrx_word' id='word_1_39' title='bbox 1003 749 1064 802; x_wconf 89' lang='grc' dir='ltr'><strong>οὑ</strong></span> <span class='ocrx_word' id='word_1_40' title='bbox 1113 750 1251 822; x_wconf 85' lang='grc' dir='ltr'>πρὸς</span> <span class='ocrx_word' id='word_1_41' title='bbox 1293 750 1393 822; x_wconf 83' lang='grc' dir='ltr'>τὴν</span> <span class='ocrx_word' id='word_1_42' title='bbox 1434 751 1596 821; x_wconf 76' lang='grc' dir='ltr'>φύσιν</span> <span class='ocrx_word' id='word_1_43' title='bbox 1650 753 1838 825; x_wconf 77' lang='grc' dir='ltr'><strong>εἴρητο</strong></span> <span class='ocrx_word' id='word_1_44' title='bbox 1877 752 1988 825; x_wconf 86' lang='grc'><strong>(68)</strong></span> 
     </span>
    </p>
   </div>
   <div class='ocr_carea' id='block_1_8' title="bbox 407 836 1989 913">
    <p class='ocr_par' dir='ltr' id='par_1_8' title="bbox 407 836 1989 913">
     <span class='ocr_line' id='line_1_8' title="bbox 407 836 1989 913; baseline 0.001 -20"><span class='ocrx_word' id='word_1_45' title='bbox 407 839 497 894; x_wconf 79' lang='grc' dir='ltr'>διὰ</span> <span class='ocrx_word' id='word_1_46' title='bbox 537 837 636 909; x_wconf 86' lang='grc' dir='ltr'>τὴν</span> <span class='ocrx_word' id='word_1_47' title='bbox 677 837 773 891; x_wconf 82' lang='grc' dir='ltr'>τοῦ</span> <span class='ocrx_word' id='word_1_48' title='bbox 821 836 1011 902; x_wconf 80' lang='grc' dir='ltr'>ὓδατος</span> <span class='ocrx_word' id='word_1_49' title='bbox 1065 839 1484 912; x_wconf 78' lang='grc' dir='ltr'>ὲπιπρόσθησιν,</span> <span class='ocrx_word' id='word_1_50' title='bbox 1518 840 1546 893; x_wconf 84' lang='grc' dir='ltr'>ὃ</span> <span class='ocrx_word' id='word_1_51' title='bbox 1586 841 1708 894; x_wconf 89' lang='grc' dir='ltr'>τότε</span> <span class='ocrx_word' id='word_1_52' title='bbox 1750 841 1847 911; x_wconf 78' lang='grc' dir='ltr'><strong>τὴν</strong></span> <span class='ocrx_word' id='word_1_53' title='bbox 1885 841 1989 913; x_wconf 84' lang='grc' dir='ltr'>γῆν</span> 
     </span>
    </p>
   </div>
   <div class='ocr_carea' id='block_1_9' title="bbox 409 929 1990 1004">
    <p class='ocr_par' dir='ltr' id='par_1_9' title="bbox 409 929 1990 1004">
     <span class='ocr_line' id='line_1_9' title="bbox 409 929 1990 1004; baseline 0 -19"><span class='ocrx_word' id='word_1_54' title='bbox 409 932 590 985; x_wconf 79' lang='grc' dir='ltr'>πᾶσαν</span> <span class='ocrx_word' id='word_1_55' title='bbox 612 929 1067 1003; x_wconf 87' lang='grc' dir='ltr'>περιεκάλυπτεν.</span> <span class='ocrx_word' id='word_1_56' title='bbox 1109 930 1240 984; x_wconf 76' lang='grc' dir='ltr'>Ἰδοὺ</span> <span class='ocrx_word' id='word_1_57' title='bbox 1266 931 1361 987; x_wconf 81' lang='grc' dir='ltr'>νῦν</span> <span class='ocrx_word' id='word_1_58' title='bbox 1394 932 1555 987; x_wconf 80' lang='grc' dir='ltr'>ἄκουε</span> <span class='ocrx_word' id='word_1_59' title='bbox 1587 932 1756 1003; x_wconf 83' lang='grc' dir='ltr'>αὑτῆς</span> <span class='ocrx_word' id='word_1_60' title='bbox 1795 933 1990 1004; x_wconf 78' lang='grc' dir='ltr'>ἑαυτὴν</span> 
     </span>
    </p>
   </div>
   <div class='ocr_carea' id='block_1_10' title="bbox 408 1022 1990 1095">
    <p class='ocr_par' dir='ltr' id='par_1_10' title="bbox 408 1022 1990 1095">
     <span class='ocr_line' id='line_1_10' title="bbox 408 1022 1990 1095; baseline -0.001 -17"><span class='ocrx_word' id='word_1_61' title='bbox 408 1023 512 1093; x_wconf 79' lang='grc' dir='ltr'><strong>τῆς</strong></span> <span class='ocrx_word' id='word_1_62' title='bbox 536 1023 576 1075; x_wconf 94' lang='grc' dir='ltr'><strong>Γ</strong></span> <span class='ocrx_word' id='word_1_63' title='bbox 584 1022 761 1094; x_wconf 78' lang='grc' dir='ltr'>ραφῆς</span> <span class='ocrx_word' id='word_1_64' title='bbox 783 1022 1144 1095; x_wconf 81' lang='grc' dir='ltr'>φανερούσης.</span> <span class='ocrx_word' id='word_1_65' title='bbox 1174 1023 1543 1093; x_wconf 80' lang='grc' dir='ltr'>Συναχθήτω</span> <span class='ocrx_word' id='word_1_66' title='bbox 1564 1024 1636 1078; x_wconf 78' lang='grc' dir='ltr'>τὰ</span> <span class='ocrx_word' id='word_1_67' title='bbox 1662 1023 1869 1091; x_wconf 80' lang='grc' dir='ltr'>ὕδατα,</span> <span class='ocrx_word' id='word_1_68' title='bbox 1891 1024 1990 1077; x_wconf 82' lang='grc' dir='ltr'>καὶ</span> 
     </span>
    </p>
   </div>
   <div class='ocr_carea' id='block_1_11' title="bbox 412 1114 1994 1188">
    <p class='ocr_par' dir='ltr' id='par_1_11' title="bbox 412 1114 1994 1188">
     <span class='ocr_line' id='line_1_11' title="bbox 412 1114 1994 1188; baseline 0.002 -20"><span class='ocrx_word' id='word_1_69' title='bbox 412 1114 649 1184; x_wconf 66' lang='grc' dir='ltr'>ὀφθήτω</span> <span class='ocrx_word' id='word_1_70' title='bbox 673 1115 711 1183; x_wconf 72' lang='grc' dir='ltr'>ἡ</span> <span class='ocrx_word' id='word_1_71' title='bbox 738 1114 913 1184; x_wconf 78' lang='grc' dir='ltr'>ξηρά.</span> <span class='ocrx_word' id='word_1_72' title='bbox 941 1115 1268 1170; x_wconf 88' lang='grc' dir='ltr'>Συνέλκεται</span> <span class='ocrx_word' id='word_1_73' title='bbox 1293 1115 1362 1169; x_wconf 83' lang='grc' dir='ltr'>τὰ</span> <span class='ocrx_word' id='word_1_74' title='bbox 1383 1116 1882 1188; x_wconf 86' lang='grc' dir='ltr'>παραπετάσματα,</span> <span class='ocrx_word' id='word_1_75' title='bbox 1904 1116 1994 1171; x_wconf 80' lang='grc' dir='ltr'>ἵνα</span> 
     </span>
    </p>
   </div>
   <div class='ocr_carea' id='block_1_12' title="bbox 413 1206 1994 1280">
    <p class='ocr_par' dir='ltr' id='par_1_12' title="bbox 413 1206 1994 1280">
     <span class='ocr_line' id='line_1_12' title="bbox 413 1206 1994 1280; baseline 0.003 -20"><span class='ocrx_word' id='word_1_76' title='bbox 413 1206 667 1277; x_wconf 78' lang='grc' dir='ltr'>ἐμφανὴς</span> <span class='ocrx_word' id='word_1_77' title='bbox 703 1207 930 1278; x_wconf 86' lang='grc' dir='ltr'>γένηται</span> <span class='ocrx_word' id='word_1_78' title='bbox 971 1209 1003 1278; x_wconf 85' lang='grc' dir='ltr'><strong>ἡ</strong></span> <span class='ocrx_word' id='word_1_79' title='bbox 1039 1207 1176 1272; x_wconf 84' lang='grc' dir='ltr'>τέως</span> <span class='ocrx_word' id='word_1_80' title='bbox 1222 1208 1296 1279; x_wconf 86' lang='grc' dir='ltr'>μὴ</span> <span class='ocrx_word' id='word_1_81' title='bbox 1337 1208 1612 1280; x_wconf 80' lang='grc' dir='ltr'><strong>ὁρωμένη.</strong></span> <span class='ocrx_word' id='word_1_82' title='bbox 1652 1210 1813 1273; x_wconf 85' lang='grc' dir='ltr'><strong>Ἴσως</strong></span> <span class='ocrx_word' id='word_1_83' title='bbox 1854 1208 1899 1261; x_wconf 86' lang='grc' dir='ltr'>δ’</span> <span class='ocrx_word' id='word_1_84' title='bbox 1929 1209 1994 1264; x_wconf 82' lang='grc' dir='ltr'>ἄν</span> 
     </span>
    </p>
   </div>
   <div class='ocr_carea' id='block_1_13' title="bbox 414 1298 1992 1372">
    <p class='ocr_par' dir='ltr' id='par_1_13' title="bbox 414 1298 1992 1372">
     <span class='ocr_line' id='line_1_13' title="bbox 414 1298 1992 1372; baseline 0.001 -20"><span class='ocrx_word' id='word_1_85' title='bbox 414 1316 498 1362; x_wconf 86' lang='grc' dir='ltr'><strong>τις</strong></span> <span class='ocrx_word' id='word_1_86' title='bbox 529 1300 748 1352; x_wconf 83' lang='grc' dir='ltr'>κάκεῖνο</span> <span class='ocrx_word' id='word_1_87' title='bbox 787 1299 922 1371; x_wconf 84' lang='grc' dir='ltr'>πρὸς</span> <span class='ocrx_word' id='word_1_88' title='bbox 966 1299 1175 1364; x_wconf 83' lang='grc' dir='ltr'><strong>τούτοις</strong></span> <span class='ocrx_word' id='word_1_89' title='bbox 1207 1298 1573 1371; x_wconf 75' lang='grc' dir='ltr'>ἐπιζητήσειε.</span> <span class='ocrx_word' id='word_1_90' title='bbox 1612 1301 1835 1372; x_wconf 84' lang='grc' dir='ltr'>Πρῶτον</span> <span class='ocrx_word' id='word_1_91' title='bbox 1873 1301 1992 1371; x_wconf 82' lang='grc' dir='ltr'>μὲν,</span> 
     </span>
    </p>
   </div>
   <div class='ocr_carea' id='block_1_14' title="bbox 416 1390 1996 1464">
    <p class='ocr_par' dir='ltr' id='par_1_14' title="bbox 416 1390 1996 1464">
     <span class='ocr_line' id='line_1_14' title="bbox 416 1390 1996 1464; baseline 0.001 -19"><span class='ocrx_word' id='word_1_92' title='bbox 416 1391 505 1445; x_wconf 77' lang='grc' dir='ltr'>διὰ</span> <span class='ocrx_word' id='word_1_93' title='bbox 528 1390 581 1444; x_wconf 88' lang='grc' dir='ltr'><strong>τί</strong></span> <span class='ocrx_word' id='word_1_94' title='bbox 606 1391 635 1444; x_wconf 82' lang='grc' dir='ltr'><strong>ὃ</strong></span> <span class='ocrx_word' id='word_1_95' title='bbox 666 1391 810 1446; x_wconf 80' lang='grc' dir='ltr'>κατὰ</span> <span class='ocrx_word' id='word_1_96' title='bbox 845 1391 1008 1461; x_wconf 84' lang='grc' dir='ltr'>φύσιν</span> <span class='ocrx_word' id='word_1_97' title='bbox 1040 1393 1273 1464; x_wconf 84' lang='grc' dir='ltr'>ὑπάρχει</span> <span class='ocrx_word' id='word_1_98' title='bbox 1297 1393 1373 1463; x_wconf 83' lang='grc' dir='ltr'>τῷ</span> <span class='ocrx_word' id='word_1_99' title='bbox 1396 1391 1548 1447; x_wconf 79' lang='grc' dir='ltr'>ὕδατι</span> <span class='ocrx_word' id='word_1_100' title='bbox 1573 1392 1835 1464; x_wconf 76' lang='grc' dir='ltr'>φέρεσθαι</span> <span class='ocrx_word' id='word_1_101' title='bbox 1859 1393 1996 1464; x_wconf 80' lang='grc' dir='ltr'>πρὸς</span> 
     </span>
    </p>
   </div>
   <div class='ocr_carea' id='block_1_15' title="bbox 415 1476 1997 1556">
    <p class='ocr_par' dir='ltr' id='par_1_15' title="bbox 415 1476 1997 1556">
     <span class='ocr_line' id='line_1_15' title="bbox 415 1476 1997 1556; baseline 0.001 -22"><span class='ocrx_word' id='word_1_102' title='bbox 415 1481 479 1536; x_wconf 74' lang='grc' dir='ltr'><strong>τὸ</strong></span> <span class='ocrx_word' id='word_1_103' title='bbox 509 1476 795 1546; x_wconf 79' lang='grc' dir='ltr'>κάταντες,</span> <span class='ocrx_word' id='word_1_104' title='bbox 826 1483 987 1537; x_wconf 82' lang='grc' dir='ltr'>τοῦτο</span> <span class='ocrx_word' id='word_1_105' title='bbox 1019 1484 1115 1537; x_wconf 74' lang='grc' dir='ltr'>ὲπὶ</span> <span class='ocrx_word' id='word_1_106' title='bbox 1142 1483 1204 1537; x_wconf 79' lang='grc' dir='ltr'><strong>τὸ</strong></span> <span class='ocrx_word' id='word_1_107' title='bbox 1237 1483 1569 1556; x_wconf 83' lang='grc' dir='ltr'>πρόσταγμα</span> <span class='ocrx_word' id='word_1_108' title='bbox 1601 1483 1695 1537; x_wconf 82' lang='grc' dir='ltr'>τοῦ</span> <span class='ocrx_word' id='word_1_109' title='bbox 1726 1486 1997 1555; x_wconf 86' lang='grc' dir='ltr'>Δημιουρ-</span> 
     </span>
    </p>
   </div>
   <div class='ocr_carea' id='block_1_16' title="bbox 418 1573 1995 1647">
    <p class='ocr_par' dir='ltr' id='par_1_16' title="bbox 418 1573 1995 1647">
     <span class='ocr_line' id='line_1_16' title="bbox 418 1573 1995 1647; baseline 0.002 -21"><span class='ocrx_word' id='word_1_110' title='bbox 418 1573 516 1642; x_wconf 81' lang='grc' dir='ltr'>γοῦ</span> <span class='ocrx_word' id='word_1_111' title='bbox 537 1577 566 1628; x_wconf 85' lang='grc' dir='ltr'>ὁ</span> <span class='ocrx_word' id='word_1_112' title='bbox 599 1573 755 1643; x_wconf 83' lang='grc' dir='ltr'>λόγος</span> <span class='ocrx_word' id='word_1_113' title='bbox 778 1574 1004 1643; x_wconf 82' lang='grc' dir='ltr'>ἀνάγει;</span> <span class='ocrx_word' id='word_1_114' title='bbox 1036 1575 1183 1639; x_wconf 85' lang='grc' dir='ltr'><strong>Ἕως</strong></span> <span class='ocrx_word' id='word_1_115' title='bbox 1225 1574 1323 1645; x_wconf 81' lang='grc' dir='ltr'><strong>μὲν</strong></span> <span class='ocrx_word' id='word_1_116' title='bbox 1349 1574 1460 1647; x_wconf 85' lang='grc' dir='ltr'>γὰρ</span> <span class='ocrx_word' id='word_1_117' title='bbox 1499 1574 1564 1628; x_wconf 83' lang='grc' dir='ltr'><strong>ἂν</strong></span> <span class='ocrx_word' id='word_1_118' title='bbox 1612 1575 1708 1628; x_wconf 74' lang='grc' dir='ltr'>ἐπὶ</span> <span class='ocrx_word' id='word_1_119' title='bbox 1744 1575 1837 1628; x_wconf 81' lang='grc' dir='ltr'>τοῦ</span> <span class='ocrx_word' id='word_1_120' title='bbox 1885 1577 1995 1629; x_wconf 78' lang='grc' dir='ltr'>ἰσο-</span> 
     </span>
    </p>
   </div>
   <div class='ocr_carea' id='block_1_17' title="bbox 420 1665 1995 1740">
    <p class='ocr_par' dir='ltr' id='par_1_17' title="bbox 420 1665 1995 1740">
     <span class='ocr_line' id='line_1_17' title="bbox 420 1665 1995 1740; baseline 0.003 -23"><span class='ocrx_word' id='word_1_121' title='bbox 420 1665 582 1719; x_wconf 82' lang='grc' dir='ltr'>πέδου</span> <span class='ocrx_word' id='word_1_122' title='bbox 610 1666 861 1737; x_wconf 89' lang='grc' dir='ltr'>κείμενον</span> <span class='ocrx_word' id='word_1_123' title='bbox 890 1666 1029 1740; x_wconf 84' lang='grc' dir='ltr'><strong>τύχῃ</strong></span> <span class='ocrx_word' id='word_1_124' title='bbox 1057 1666 1168 1737; x_wconf 87' lang='grc'><strong>(69)</strong></span> <span class='ocrx_word' id='word_1_125' title='bbox 1206 1669 1269 1721; x_wconf 85' lang='grc' dir='ltr'><strong>τὸ</strong></span> <span class='ocrx_word' id='word_1_126' title='bbox 1309 1667 1473 1739; x_wconf 79' lang='grc' dir='ltr'>ὑδωρ,</span> <span class='ocrx_word' id='word_1_127' title='bbox 1522 1667 1781 1739; x_wconf 89' lang='grc' dir='ltr'>στάσιμόν</span> <span class='ocrx_word' id='word_1_128' title='bbox 1828 1669 1995 1733; x_wconf 81' lang='grc' dir='ltr'>ἐστιν,</span> 
     </span>
    </p>
   </div>
   <div class='ocr_carea' id='block_1_18' title="bbox 419 1758 1998 1830">
    <p class='ocr_par' dir='ltr' id='par_1_18' title="bbox 419 1758 1998 1830">
     <span class='ocr_line' id='line_1_18' title="bbox 419 1758 1998 1830; baseline -0.001 -18"><span class='ocrx_word' id='word_1_129' title='bbox 419 1759 521 1812; x_wconf 80' lang='grc' dir='ltr'><strong>οὐκ</strong></span> <span class='ocrx_word' id='word_1_130' title='bbox 562 1759 700 1829; x_wconf 79' lang='grc' dir='ltr'>ἔχων</span> <span class='ocrx_word' id='word_1_131' title='bbox 724 1760 859 1813; x_wconf 82' lang='grc' dir='ltr'>ὅπου</span> <span class='ocrx_word' id='word_1_132' title='bbox 887 1760 1166 1830; x_wconf 79' lang='grc' dir='ltr'>μεταῤῥυῇ</span> <span class='ocrx_word' id='word_1_133' title='bbox 1189 1776 1202 1790; x_wconf 92' lang='grc'><strong>·</strong></span> <span class='ocrx_word' id='word_1_134' title='bbox 1241 1758 1461 1813; x_wconf 78' lang='grc' dir='ltr'>ἐπειδὰν</span> <span class='ocrx_word' id='word_1_135' title='bbox 1484 1758 1542 1812; x_wconf 81' lang='grc' dir='ltr'><strong>δέ</strong></span> <span class='ocrx_word' id='word_1_136' title='bbox 1569 1776 1712 1822; x_wconf 87' lang='grc' dir='ltr'>τινος</span> <span class='ocrx_word' id='word_1_137' title='bbox 1758 1774 1998 1829; x_wconf 86' lang='grc' dir='ltr'>πρανους</span> 
     </span>
    </p>
   </div>
   <div class='ocr_carea' id='block_1_19' title="bbox 1828 1095 2063 1111">
    <p class='ocr_par' dir='ltr' id='par_1_19' title="bbox 1828 1095 2063 1111">
     <span class='ocr_line' id='line_1_19' title="bbox 1828 1095 2063 1111; baseline -0.004 -9"><span class='ocrx_word' id='word_1_138' title='bbox 1828 1095 2063 1111; x_wconf 63' lang='lat'><strong>____.._.__.</strong></span> 
     </span>
    </p>
   </div>
   <div class='ocr_carea' id='block_1_20' title="bbox 420 1827 2074 1919">
    <p class='ocr_par' dir='ltr' id='par_1_20' title="bbox 420 1827 2074 1919">
     <span class='ocr_line' id='line_1_20' title="bbox 420 1827 2074 1919; baseline 0.001 -20"><span class='ocrx_word' id='word_1_139' title='bbox 420 1827 695 1918; x_wconf 80' lang='grc' dir='ltr'>λάϐηται.</span> <span class='ocrx_word' id='word_1_140' title='bbox 751 1827 914 1911; x_wconf 79' lang='grc' dir='ltr'>εὐθὺς</span> <span class='ocrx_word' id='word_1_141' title='bbox 963 1827 1309 1919; x_wconf 80' lang='grc' dir='ltr'>ὁρμήσαντος</span> <span class='ocrx_word' id='word_1_142' title='bbox 1357 1847 1453 1901; x_wconf 79' lang='grc' dir='ltr'>τοῦ</span> <span class='ocrx_word' id='word_1_143' title='bbox 1504 1827 1874 1919; x_wconf 80' lang='grc' dir='ltr'>προάγοντος,</span> <span class='ocrx_word' id='word_1_144' title='bbox 1939 1847 1999 1900; x_wconf 83' lang='grc' dir='ltr'><strong>τὸ</strong></span> <span class='ocrx_word' id='word_1_145' title='bbox 2031 1827 2074 1882; x_wconf 72' lang='grc' dir='ltr'><strong>Β</strong></span> 
     </span>
    </p>
   </div>
   <div class='ocr_carea' id='block_1_21' title="bbox 425 1940 2001 2013">
    <p class='ocr_par' dir='ltr' id='par_1_21' title="bbox 425 1940 2001 2013">
     <span class='ocr_line' id='line_1_21' title="bbox 425 1940 2001 2013; baseline -0.001 -18"><span class='ocrx_word' id='word_1_146' title='bbox 425 1942 646 2012; x_wconf 84' lang='grc' dir='ltr'>συνεχὲς</span> <span class='ocrx_word' id='word_1_147' title='bbox 683 1940 832 2012; x_wconf 87' lang='grc' dir='ltr'>αὑτῷ</span> <span class='ocrx_word' id='word_1_148' title='bbox 868 1941 966 2012; x_wconf 83' lang='grc' dir='ltr'>τὴν</span> <span class='ocrx_word' id='word_1_149' title='bbox 1007 1940 1164 2012; x_wconf 86' lang='grc' dir='ltr'>βάσιν</span> <span class='ocrx_word' id='word_1_150' title='bbox 1205 1941 1301 1995; x_wconf 81' lang='grc' dir='ltr'><strong>τοῦ</strong></span> <span class='ocrx_word' id='word_1_151' title='bbox 1346 1941 1657 2013; x_wconf 79' lang='grc' dir='ltr'><strong>κινηθέντος</strong></span> <span class='ocrx_word' id='word_1_152' title='bbox 1698 1940 2001 2010; x_wconf 79' lang='grc' dir='ltr'>ἐπιλαμϐά-</span> 
     </span>
    </p>
   </div>
   <div class='ocr_carea' id='block_1_22' title="bbox 424 2029 2002 2111">
    <p class='ocr_par' dir='ltr' id='par_1_22' title="bbox 424 2029 2002 2111">
     <span class='ocr_line' id='line_1_22' title="bbox 424 2029 2002 2111; baseline -0.001 -26"><span class='ocrx_word' id='word_1_153' title='bbox 424 2049 539 2096; x_wconf 89' lang='grc' dir='ltr'>νει,</span> <span class='ocrx_word' id='word_1_154' title='bbox 581 2033 675 2086; x_wconf 78' lang='grc' dir='ltr'><strong>καὶ</strong></span> <span class='ocrx_word' id='word_1_155' title='bbox 733 2032 830 2104; x_wconf 81' lang='grc' dir='ltr'><strong>τὴν</strong></span> <span class='ocrx_word' id='word_1_156' title='bbox 878 2032 1087 2086; x_wconf 77' lang='grc' dir='ltr'>ἐκείνου</span> <span class='ocrx_word' id='word_1_157' title='bbox 1139 2032 1202 2111; x_wconf 68' lang='grc' dir='ltr'>τὸ</span> <span class='ocrx_word' id='word_1_158' title='bbox 1254 2033 1625 2103; x_wconf 75' lang='grc' dir='ltr'>ἑφεπόμενον·</span> <span class='ocrx_word' id='word_1_159' title='bbox 1686 2029 1781 2085; x_wconf 73' lang='grc' dir='ltr'><strong>καὶ</strong></span> <span class='ocrx_word' id='word_1_160' title='bbox 1829 2031 2002 2094; x_wconf 77' lang='grc' dir='ltr'>οὕτως</span> 
     </span>
    </p>
   </div>
   <div class='ocr_carea' id='block_1_23' title="bbox 427 2122 2004 2195">
    <p class='ocr_par' dir='ltr' id='par_1_23' title="bbox 427 2122 2004 2195">
     <span class='ocr_line' id='line_1_23' title="bbox 427 2122 2004 2195; baseline -0.001 -19"><span class='ocrx_word' id='word_1_161' title='bbox 427 2122 763 2193; x_wconf 80' lang='grc' dir='ltr'>ὑπεκφεύγει</span> <span class='ocrx_word' id='word_1_162' title='bbox 788 2123 887 2195; x_wconf 83' lang='grc' dir='ltr'>μὲν</span> <span class='ocrx_word' id='word_1_163' title='bbox 907 2125 996 2178; x_wconf 72' lang='grc' dir='ltr'>ἀεὶ</span> <span class='ocrx_word' id='word_1_164' title='bbox 1020 2123 1082 2178; x_wconf 80' lang='grc' dir='ltr'>τὸ</span> <span class='ocrx_word' id='word_1_165' title='bbox 1127 2125 1390 2195; x_wconf 72' lang='grc' dir='ltr'>προάγον,</span> <span class='ocrx_word' id='word_1_166' title='bbox 1427 2124 1631 2176; x_wconf 80' lang='grc' dir='ltr'>ἐπωθεῖ</span> <span class='ocrx_word' id='word_1_167' title='bbox 1662 2123 1719 2176; x_wconf 84' lang='grc' dir='ltr'>δὲ</span> <span class='ocrx_word' id='word_1_168' title='bbox 1752 2122 1813 2176; x_wconf 85' lang='grc' dir='ltr'>τὸ</span> <span class='ocrx_word' id='word_1_169' title='bbox 1842 2124 2004 2194; x_wconf 75' lang='grc' dir='ltr'>ἐπερ-</span> 
     </span>
    </p>
   </div>
   <div class='ocr_carea' id='block_1_24' title="bbox 425 2214 2005 2288">
    <p class='ocr_par' dir='ltr' id='par_1_24' title="bbox 425 2214 2005 2288">
     <span class='ocr_line' id='line_1_24' title="bbox 425 2214 2005 2288; baseline -0.001 -20"><span class='ocrx_word' id='word_1_170' title='bbox 425 2215 685 2286; x_wconf 71' lang='grc' dir='ltr'>χόμενοψ</span> <span class='ocrx_word' id='word_1_171' title='bbox 715 2217 810 2270; x_wconf 77' lang='grc' dir='ltr'><strong>καὶ</strong></span> <span class='ocrx_word' id='word_1_172' title='bbox 840 2214 1079 2287; x_wconf 88' lang='grc' dir='ltr'>τοσούτῳ</span> <span class='ocrx_word' id='word_1_173' title='bbox 1105 2214 1339 2286; x_wconf 81' lang='grc' dir='ltr'>ὀξυτέρα</span> <span class='ocrx_word' id='word_1_174' title='bbox 1358 2218 1392 2288; x_wconf 82' lang='grc' dir='ltr'>ἠ</span> <span class='ocrx_word' id='word_1_175' title='bbox 1429 2215 1570 2288; x_wconf 75' lang='grc' dir='ltr'>φορὰ</span> <span class='ocrx_word' id='word_1_176' title='bbox 1607 2215 1836 2283; x_wconf 82' lang='grc' dir='ltr'>γίνεται,</span> <span class='ocrx_word' id='word_1_177' title='bbox 1875 2216 2005 2285; x_wconf 82' lang='grc' dir='ltr'>ὅσῳ-</span> 
     </span>
    </p>
   </div>
   <div class='ocr_carea' id='block_1_25' title="bbox 425 2302 2000 2379">
    <p class='ocr_par' dir='ltr' id='par_1_25' title="bbox 425 2302 2000 2379">
     <span class='ocr_line' id='line_1_25' title="bbox 425 2302 2000 2379; baseline -0.001 -19"><span class='ocrx_word' id='word_1_178' title='bbox 425 2324 535 2378; x_wconf 84' lang='grc' dir='ltr'><strong>περ</strong></span> <span class='ocrx_word' id='word_1_179' title='bbox 575 2306 641 2362; x_wconf 83' lang='grc' dir='ltr'>ἂν</span> <span class='ocrx_word' id='word_1_180' title='bbox 674 2308 767 2362; x_wconf 79' lang='grc' dir='ltr'>καὶ</span> <span class='ocrx_word' id='word_1_181' title='bbox 800 2307 860 2361; x_wconf 82' lang='grc' dir='ltr'>τὸ</span> <span class='ocrx_word' id='word_1_182' title='bbox 893 2306 1057 2379; x_wconf 86' lang='grc' dir='ltr'>βάρος</span> <span class='ocrx_word' id='word_1_183' title='bbox 1155 2306 1337 2361; x_wconf 85' lang='grc' dir='ltr'>πλεῖον</span> <span class='ocrx_word' id='word_1_184' title='bbox 1377 2306 1471 2360; x_wconf 82' lang='grc' dir='ltr'>τοῦ</span> <span class='ocrx_word' id='word_1_185' title='bbox 1529 2305 2000 2378; x_wconf 75' lang='grc' dir='ltr'>καταφερομένου,</span> 
     </span>
    </p>
   </div>
   <div class='ocr_carea' id='block_1_26' title="bbox 428 2392 2005 2470">
    <p class='ocr_par' dir='ltr' id='par_1_26' title="bbox 428 2392 2005 2470">
     <span class='ocr_line' id='line_1_26' title="bbox 428 2392 2005 2470; baseline -0.001 -19"><span class='ocrx_word' id='word_1_186' title='bbox 428 2396 606 2451; x_wconf 77' lang='grc' dir='ltr'>καὶτὸ</span> <span class='ocrx_word' id='word_1_187' title='bbox 635 2397 833 2469; x_wconf 84' lang='grc' dir='ltr'>χωρίον</span> <span class='ocrx_word' id='word_1_188' title='bbox 863 2398 1191 2470; x_wconf 87' lang='grc' dir='ltr'>κοιλότερον,</span> <span class='ocrx_word' id='word_1_189' title='bbox 1220 2398 1356 2469; x_wconf 82' lang='grc' dir='ltr'>πρὸς</span> <span class='ocrx_word' id='word_1_190' title='bbox 1377 2397 1406 2449; x_wconf 82' lang='grc' dir='ltr'>ὃ</span> <span class='ocrx_word' id='word_1_191' title='bbox 1439 2400 1472 2468; x_wconf 79' lang='grc' dir='ltr'>ἡ</span> <span class='ocrx_word' id='word_1_192' title='bbox 1494 2396 1796 2468; x_wconf 80' lang='grc' dir='ltr'>ὲπίρῥυσις.</span> <span class='ocrx_word' id='word_1_193' title='bbox 1822 2398 1886 2450; x_wconf 77' lang='lat' dir='ltr'><strong>Ei</strong></span> <span class='ocrx_word' id='word_1_194' title='bbox 1911 2392 2005 2450; x_wconf 79' lang='grc' dir='ltr'><strong>οὖν</strong></span> 
     </span>
    </p>
   </div>
   <div class='ocr_carea' id='block_1_27' title="bbox 426 2487 2007 2562">
    <p class='ocr_par' dir='ltr' id='par_1_27' title="bbox 426 2487 2007 2562">
     <span class='ocr_line' id='line_1_27' title="bbox 426 2487 2007 2562; baseline 0 -20"><span class='ocrx_word' id='word_1_195' title='bbox 426 2487 570 2543; x_wconf 82' lang='grc' dir='ltr'>οὑτω</span> <span class='ocrx_word' id='word_1_196' title='bbox 601 2489 812 2559; x_wconf 82' lang='grc' dir='ltr'>πέφυκε</span> <span class='ocrx_word' id='word_1_197' title='bbox 856 2489 918 2543; x_wconf 85' lang='grc' dir='ltr'>τὸ</span> <span class='ocrx_word' id='word_1_198' title='bbox 960 2489 1124 2561; x_wconf 72' lang='grc' dir='ltr'>ὕδωρ,</span> <span class='ocrx_word' id='word_1_199' title='bbox 1174 2490 1435 2562; x_wconf 80' lang='grc' dir='ltr'>παρέλκοι</span> <span class='ocrx_word' id='word_1_200' title='bbox 1468 2489 1534 2543; x_wconf 83' lang='grc' dir='ltr'><strong>ἂν</strong></span> <span class='ocrx_word' id='word_1_201' title='bbox 1573 2489 1635 2542; x_wconf 81' lang='grc' dir='ltr'><strong>τό</strong></span> <span class='ocrx_word' id='word_1_202' title='bbox 1677 2489 2007 2561; x_wconf 79' lang='grc' dir='ltr'>πρόσταγμα</span> 
     </span>
    </p>
   </div>
   <div class='ocr_carea' id='block_1_28' title="bbox 426 2578 2005 2652">
    <p class='ocr_par' dir='ltr' id='par_1_28' title="bbox 426 2578 2005 2652">
     <span class='ocr_line' id='line_1_28' title="bbox 426 2578 2005 2652; baseline 0.001 -20"><span class='ocrx_word' id='word_1_203' title='bbox 426 2580 489 2633; x_wconf 84' lang='grc' dir='ltr'><strong>τὸ</strong></span> <span class='ocrx_word' id='word_1_204' title='bbox 510 2578 727 2634; x_wconf 81' lang='grc' dir='ltr'>κελεῦον</span> <span class='ocrx_word' id='word_1_205' title='bbox 756 2580 1091 2651; x_wconf 80' lang='grc' dir='ltr'>συναχθῆναι</span> <span class='ocrx_word' id='word_1_206' title='bbox 1114 2584 1195 2646; x_wconf 83' lang='grc' dir='ltr'><strong>είς</strong></span> <span class='ocrx_word' id='word_1_207' title='bbox 1224 2580 1545 2652; x_wconf 83' lang='grc' dir='ltr'>συναγωγὴν</span> <span class='ocrx_word' id='word_1_208' title='bbox 1588 2581 1736 2651; x_wconf 84' lang='grc' dir='ltr'>μίαν.</span> <span class='ocrx_word' id='word_1_209' title='bbox 1772 2578 2005 2652; x_wconf 84' lang='grc' dir='ltr'>Ἔμελλε</span> 
     </span>
    </p>
   </div>
   <div class='ocr_carea' id='block_1_29' title="bbox 433 2671 2006 2745">
    <p class='ocr_par' dir='ltr' id='par_1_29' title="bbox 433 2671 2006 2745">
     <span class='ocr_line' id='line_1_29' title="bbox 433 2671 2006 2745; baseline 0 -21"><span class='ocrx_word' id='word_1_210' title='bbox 433 2671 541 2742; x_wconf 83' lang='grc' dir='ltr'><strong>γὰρ</strong></span> <span class='ocrx_word' id='word_1_211' title='bbox 573 2671 785 2735; x_wconf 88' lang='grc' dir='ltr'>πάντως</span> <span class='ocrx_word' id='word_1_212' title='bbox 814 2671 903 2725; x_wconf 81' lang='grc' dir='ltr'>διὰ</span> <span class='ocrx_word' id='word_1_213' title='bbox 934 2672 996 2725; x_wconf 82' lang='grc' dir='ltr'>τὸ</span> <span class='ocrx_word' id='word_1_214' title='bbox 1027 2673 1372 2745; x_wconf 81' lang='grc' dir='ltr'>κατάρῥοπον</span> <span class='ocrx_word' id='word_1_215' title='bbox 1406 2672 1506 2741; x_wconf 80' lang='grc' dir='ltr'>τῆς</span> <span class='ocrx_word' id='word_1_216' title='bbox 1526 2671 1761 2740; x_wconf 81' lang='grc' dir='ltr'>φύσεως,</span> <span class='ocrx_word' id='word_1_217' title='bbox 1792 2672 1884 2725; x_wconf 72' lang='grc' dir='ltr'><strong>ἐπὶ</strong></span> <span class='ocrx_word' id='word_1_218' title='bbox 1907 2671 2006 2742; x_wconf 80' lang='grc' dir='ltr'>τὴν</span> 
     </span>
    </p>
   </div>
   <div class='ocr_carea' id='block_1_30' title="bbox 434 2760 2005 2836">
    <p class='ocr_par' dir='ltr' id='par_1_30' title="bbox 434 2760 2005 2836">
     <span class='ocr_line' id='line_1_30' title="bbox 434 2760 2005 2836; baseline -0.003 -19"><span class='ocrx_word' id='word_1_219' title='bbox 434 2764 650 2818; x_wconf 85' lang='grc' dir='ltr'>πάντων</span> <span class='ocrx_word' id='word_1_220' title='bbox 678 2764 991 2836; x_wconf 81' lang='grc' dir='ltr'>κοιλοτέραν</span> <span class='ocrx_word' id='word_1_221' title='bbox 1034 2763 1218 2836; x_wconf 83' lang='grc' dir='ltr'>χώραν</span> <span class='ocrx_word' id='word_1_222' title='bbox 1274 2763 1598 2833; x_wconf 84' lang='grc' dir='ltr'>αὐτομάτως</span> <span class='ocrx_word' id='word_1_223' title='bbox 1647 2760 2005 2826; x_wconf 89' lang='grc' dir='ltr'>συνδίδοσθαι,</span> 
     </span>
    </p>
   </div>
   <div class='ocr_carea' id='block_1_31' title="bbox 433 2850 2007 2927">
    <p class='ocr_par' dir='ltr' id='par_1_31' title="bbox 433 2850 2007 2927">
     <span class='ocr_line' id='line_1_31' title="bbox 433 2850 2007 2927; baseline -0.001 -20"><span class='ocrx_word' id='word_1_224' title='bbox 433 2854 529 2907; x_wconf 73' lang='grc' dir='ltr'><strong>καὶ</strong></span> <span class='ocrx_word' id='word_1_225' title='bbox 568 2853 642 2925; x_wconf 82' lang='grc' dir='ltr'>μὴ</span> <span class='ocrx_word' id='word_1_226' title='bbox 698 2854 961 2927; x_wconf 80' lang='grc' dir='ltr'>πρότερον</span> <span class='ocrx_word' id='word_1_227' title='bbox 1020 2854 1313 2926; x_wconf 83' lang='grc' dir='ltr'>στήσεσθαι</span> <span class='ocrx_word' id='word_1_228' title='bbox 1364 2854 1494 2925; x_wconf 75' lang='grc' dir='ltr'>πρὶν</span> <span class='ocrx_word' id='word_1_229' title='bbox 1542 2852 1901 2924; x_wconf 82' lang='grc' dir='ltr'>ὁμαλισθῆναι</span> <span class='ocrx_word' id='word_1_230' title='bbox 1938 2850 2007 2906; x_wconf 79' lang='grc' dir='ltr'>τὰ</span> 
     </span>
    </p>
   </div>
   <div class='ocr_carea' id='block_1_32' title="bbox 434 2943 2006 3018">
    <p class='ocr_par' dir='ltr' id='par_1_32' title="bbox 434 2943 2006 3018">
     <span class='ocr_line' id='line_1_32' title="bbox 434 2943 2006 3018; baseline -0.002 -19"><span class='ocrx_word' id='word_1_231' title='bbox 434 2945 597 2999; x_wconf 82' lang='grc' dir='ltr'>νῶτα.</span> <span class='ocrx_word' id='word_1_232' title='bbox 632 2945 799 2999; x_wconf 82' lang='grc' dir='ltr'>Οὐδὲν</span> <span class='ocrx_word' id='word_1_233' title='bbox 840 2946 949 3018; x_wconf 83' lang='grc' dir='ltr'><strong>γὰρ</strong></span> <span class='ocrx_word' id='word_1_234' title='bbox 994 2945 1136 3007; x_wconf 83' lang='grc' dir='ltr'>οὑτω</span> <span class='ocrx_word' id='word_1_235' title='bbox 1186 2946 1384 3018; x_wconf 79' lang='grc' dir='ltr'>χωρίον</span> <span class='ocrx_word' id='word_1_236' title='bbox 1441 2944 1705 3010; x_wconf 76' lang='grc' dir='ltr'>ἰσόπεδον,</span> <span class='ocrx_word' id='word_1_237' title='bbox 1737 2944 1812 3008; x_wconf 87' lang='grc' dir='ltr'>ὼς</span> <span class='ocrx_word' id='word_1_238' title='bbox 1845 2945 1877 3015; x_wconf 79' lang='grc' dir='ltr'>ἠ</span> <span class='ocrx_word' id='word_1_239' title='bbox 1910 2943 2006 2996; x_wconf 82' lang='grc' dir='ltr'>τοῦ</span> 
     </span>
    </p>
   </div>
   <div class='ocr_carea' id='block_1_33' title="bbox 434 3037 2003 3108">
    <p class='ocr_par' dir='ltr' id='par_1_33' title="bbox 434 3037 2003 3108">
     <span class='ocr_line' id='line_1_33' title="bbox 434 3037 2003 3108; baseline -0.001 -17"><span class='ocrx_word' id='word_1_240' title='bbox 434 3037 623 3102; x_wconf 76' lang='grc' dir='ltr'>ὓδατος</span> <span class='ocrx_word' id='word_1_241' title='bbox 644 3038 950 3107; x_wconf 78' lang='grc' dir='ltr'>ἐπιφάνεια.</span> <span class='ocrx_word' id='word_1_242' title='bbox 985 3040 1213 3092; x_wconf 83' lang='grc' dir='ltr'>Ἔπειτα</span> <span class='ocrx_word' id='word_1_243' title='bbox 1242 3038 1380 3103; x_wconf 83' lang='grc' dir='ltr'>πῶς,</span> <span class='ocrx_word' id='word_1_244' title='bbox 1415 3037 1600 3108; x_wconf 74' lang='grc' dir='ltr'>φησὶν,</span> <span class='ocrx_word' id='word_1_245' title='bbox 1648 3038 1728 3100; x_wconf 78' lang='grc' dir='ltr'>εἰς</span> <span class='ocrx_word' id='word_1_246' title='bbox 1759 3053 2003 3105; x_wconf 84' lang='grc' dir='ltr'>συναγω-</span> 
     </span>
    </p>
   </div>
   <div class='ocr_carea' id='block_1_34' title="bbox 434 3128 2007 3201">
    <p class='ocr_par' dir='ltr' id='par_1_34' title="bbox 434 3128 2007 3201">
     <span class='ocr_line' id='line_1_34' title="bbox 434 3128 2007 3201; baseline -0.001 -18"><span class='ocrx_word' id='word_1_247' title='bbox 434 3129 537 3200; x_wconf 88' lang='grc' dir='ltr'>γὴν</span> <span class='ocrx_word' id='word_1_248' title='bbox 584 3128 712 3201; x_wconf 82' lang='grc' dir='ltr'>μίαν</span> <span class='ocrx_word' id='word_1_249' title='bbox 757 3129 1054 3200; x_wconf 73' lang='grc' dir='ltr'>ἐκελεύσθη</span> <span class='ocrx_word' id='word_1_250' title='bbox 1085 3129 1153 3182; x_wconf 82' lang='grc' dir='ltr'><strong>τά</strong></span> <span class='ocrx_word' id='word_1_251' title='bbox 1186 3128 1359 3183; x_wconf 78' lang='grc' dir='ltr'>ὑδατα</span> <span class='ocrx_word' id='word_1_252' title='bbox 1408 3129 1757 3201; x_wconf 87' lang='grc' dir='ltr'>συνδραμεῖν,</span> <span class='ocrx_word' id='word_1_253' title='bbox 1805 3130 2007 3197; x_wconf 81' lang='grc' dir='ltr'>δπουγε</span> 
     </span>
    </p>
   </div>
   <div class='ocr_carea' id='block_1_35' title="bbox 434 3218 2010 3291">
    <p class='ocr_par' dir='ltr' id='par_1_35' title="bbox 434 3218 2010 3291">
     <span class='ocr_line' id='line_1_35' title="bbox 434 3218 2010 3291; baseline -0.001 -16"><span class='ocrx_word' id='word_1_254' title='bbox 434 3221 712 3291; x_wconf 86' lang='grc' dir='ltr'>φαίνονται</span> <span class='ocrx_word' id='word_1_255' title='bbox 736 3222 931 3277; x_wconf 71' lang='grc' dir='ltr'>πολλαὶ</span> <span class='ocrx_word' id='word_1_256' title='bbox 958 3218 1115 3277; x_wconf 79' lang='grc' dir='ltr'>οὖσαι</span> <span class='ocrx_word' id='word_1_257' title='bbox 1143 3221 1426 3289; x_wconf 83' lang='grc' dir='ltr'>θάλασσαι,</span> <span class='ocrx_word' id='word_1_258' title='bbox 1446 3223 1543 3276; x_wconf 71' lang='grc' dir='ltr'><strong>καὶ</strong></span> <span class='ocrx_word' id='word_1_259' title='bbox 1578 3222 1826 3275; x_wconf 86' lang='grc' dir='ltr'>πλεῖστον</span> <span class='ocrx_word' id='word_1_260' title='bbox 1849 3220 2010 3291; x_wconf 86' lang='grc' dir='ltr'>ἀλλή-</span> 
     </span>
    </p>
   </div>
   <div class='ocr_carea' id='block_1_36' title="bbox 436 3311 2010 3387">
    <p class='ocr_par' dir='ltr' id='par_1_36' title="bbox 436 3311 2010 3387">
     <span class='ocr_line' id='line_1_36' title="bbox 436 3311 2010 3387; baseline -0.002 -18"><span class='ocrx_word' id='word_1_261' title='bbox 436 3314 542 3369; x_wconf 91' lang='grc' dir='ltr'><strong>λων</strong></span> <span class='ocrx_word' id='word_1_262' title='bbox 571 3318 635 3387; x_wconf 80' lang='grc' dir='ltr'>τῇ</span> <span class='ocrx_word' id='word_1_263' title='bbox 662 3315 806 3369; x_wconf 88' lang='grc' dir='ltr'>θέσει</span> <span class='ocrx_word' id='word_1_264' title='bbox 836 3315 1219 3387; x_wconf 87' lang='grc' dir='ltr'>διωρισμέναι;</span> <span class='ocrx_word' id='word_1_265' title='bbox 1253 3316 1397 3386; x_wconf 82' lang='grc' dir='ltr'>Πρὸς</span> <span class='ocrx_word' id='word_1_266' title='bbox 1427 3315 1524 3386; x_wconf 82' lang='grc' dir='ltr'>μὲν</span> <span class='ocrx_word' id='word_1_267' title='bbox 1555 3311 1648 3368; x_wconf 77' lang='grc' dir='ltr'><strong>οὖν</strong></span> <span class='ocrx_word' id='word_1_268' title='bbox 1702 3313 1765 3367; x_wconf 76' lang='grc' dir='ltr'><strong>τὸ</strong></span> <span class='ocrx_word' id='word_1_269' title='bbox 1812 3315 2010 3385; x_wconf 87' lang='grc' dir='ltr'>πρότε-</span> 
     </span>
    </p>
   </div>
   <div class='ocr_carea' id='block_1_37' title="bbox 442 3404 2014 3478">
    <p class='ocr_par' dir='ltr' id='par_1_37' title="bbox 442 3404 2014 3478">
     <span class='ocr_line' id='line_1_37' title="bbox 442 3404 2014 3478; baseline -0.001 -19"><span class='ocrx_word' id='word_1_270' title='bbox 442 3423 533 3478; x_wconf 88' lang='grc' dir='ltr'><strong>ρον</strong></span> <span class='ocrx_word' id='word_1_271' title='bbox 563 3406 674 3459; x_wconf 83' lang='grc' dir='ltr'><strong>τῶν</strong></span> <span class='ocrx_word' id='word_1_272' title='bbox 722 3405 1161 3477; x_wconf 78' lang='grc' dir='ltr'>ὲπιξητηθέντων</span> <span class='ocrx_word' id='word_1_273' title='bbox 1196 3407 1373 3460; x_wconf 75' lang='grc' dir='ltr'>ἐκεῖνό</span> <span class='ocrx_word' id='word_1_274' title='bbox 1404 3421 1616 3477; x_wconf 73' lang='grc' dir='ltr'>φαμενο</span> <span class='ocrx_word' id='word_1_275' title='bbox 1650 3406 1733 3459; x_wconf 85' lang='grc' dir='ltr'>ὅτι</span> <span class='ocrx_word' id='word_1_276' title='bbox 1779 3404 2014 3476; x_wconf 85' lang='grc' dir='ltr'>μάλιστα</span> 
     </span>
    </p>
   </div>
   <div class='ocr_carea' id='block_1_38' title="bbox 443 3496 2014 3569">
    <p class='ocr_par' dir='ltr' id='par_1_38' title="bbox 443 3496 2014 3569">
     <span class='ocr_line' id='line_1_38' title="bbox 443 3496 2014 3569; baseline 0 -20"><span class='ocrx_word' id='word_1_277' title='bbox 443 3497 540 3567; x_wconf 80' lang='grc' dir='ltr'><strong>μὲν</strong></span> <span class='ocrx_word' id='word_1_278' title='bbox 573 3498 636 3551; x_wconf 81' lang='grc' dir='ltr'><strong>σὺ</strong></span> <span class='ocrx_word' id='word_1_279' title='bbox 675 3497 809 3568; x_wconf 84' lang='grc' dir='ltr'>μετὰ</span> <span class='ocrx_word' id='word_1_280' title='bbox 851 3498 912 3551; x_wconf 80' lang='grc' dir='ltr'>τὸ</span> <span class='ocrx_word' id='word_1_281' title='bbox 944 3498 1271 3569; x_wconf 86' lang='grc' dir='ltr'>πρόσταγμα</span> <span class='ocrx_word' id='word_1_282' title='bbox 1298 3496 1360 3550; x_wconf 83' lang='grc' dir='ltr'>τὸ</span> <span class='ocrx_word' id='word_1_283' title='bbox 1403 3497 1718 3551; x_wconf 79' lang='grc' dir='ltr'>δεσποτικὸν</span> <span class='ocrx_word' id='word_1_284' title='bbox 1770 3496 2014 3564; x_wconf 74' lang='grc' dir='ltr'>ἐπέγνως</span> 
     </span>
    </p>
   </div>
   <div class='ocr_carea' id='block_1_39' title="bbox 439 3585 2015 3661">
    <p class='ocr_par' dir='ltr' id='par_1_39' title="bbox 439 3585 2015 3661">
     <span class='ocr_line' id='line_1_39' title="bbox 439 3585 2015 3661; baseline -0.001 -19"><span class='ocrx_word' id='word_1_285' title='bbox 439 3588 535 3642; x_wconf 76' lang='grc' dir='ltr'>τοῦ</span> <span class='ocrx_word' id='word_1_286' title='bbox 572 3588 760 3653; x_wconf 82' lang='grc' dir='ltr'>ὓδατος</span> <span class='ocrx_word' id='word_1_287' title='bbox 794 3588 895 3653; x_wconf 74' lang='grc' dir='ltr'>τὰς</span> <span class='ocrx_word' id='word_1_288' title='bbox 923 3591 1186 3660; x_wconf 83' lang='grc' dir='ltr'>κινήσεις,</span> <span class='ocrx_word' id='word_1_289' title='bbox 1215 3591 1297 3643; x_wconf 79' lang='grc' dir='ltr'>ὅτι</span> <span class='ocrx_word' id='word_1_290' title='bbox 1329 3607 1389 3642; x_wconf 89' lang='grc' dir='ltr'><strong>τε</strong></span> <span class='ocrx_word' id='word_1_291' title='bbox 1419 3588 1746 3661; x_wconf 76' lang='grc' dir='ltr'>περιρρεπές</span> <span class='ocrx_word' id='word_1_292' title='bbox 1772 3585 1882 3659; x_wconf 89' lang='grc'><strong>(70)</strong></span> <span class='ocrx_word' id='word_1_293' title='bbox 1900 3589 2015 3641; x_wconf 80' lang='grc' dir='ltr'>ἐστι</span> 
     </span>
    </p>
   </div>
   <div class='ocr_carea' id='block_1_40' title="bbox 441 3680 2016 3755">
    <p class='ocr_par' dir='ltr' id='par_1_40' title="bbox 441 3680 2016 3755">
     <span class='ocr_line' id='line_1_40' title="bbox 441 3680 2016 3755; baseline -0.001 -21"><span class='ocrx_word' id='word_1_294' title='bbox 441 3683 538 3735; x_wconf 78' lang='grc' dir='ltr'>καὶ</span> <span class='ocrx_word' id='word_1_295' title='bbox 564 3681 914 3755; x_wconf 83' lang='grc' dir='ltr'>ἁστήρικτον,</span> <span class='ocrx_word' id='word_1_296' title='bbox 945 3680 1042 3735; x_wconf 76' lang='grc' dir='ltr'><strong>καὶ</strong></span> <span class='ocrx_word' id='word_1_297' title='bbox 1073 3682 1210 3752; x_wconf 85' lang='grc' dir='ltr'>πρὸς</span> <span class='ocrx_word' id='word_1_298' title='bbox 1240 3680 1309 3735; x_wconf 81' lang='grc' dir='ltr'>τὰ</span> <span class='ocrx_word' id='word_1_299' title='bbox 1332 3683 1511 3753; x_wconf 87' lang='grc' dir='ltr'>πρανῆ</span> <span class='ocrx_word' id='word_1_300' title='bbox 1545 3681 1637 3734; x_wconf 79' lang='grc' dir='ltr'>καὶ</span> <span class='ocrx_word' id='word_1_301' title='bbox 1666 3680 1820 3734; x_wconf 79' lang='grc' dir='ltr'>κοῖλα</span> <span class='ocrx_word' id='word_1_302' title='bbox 1854 3680 2016 3750; x_wconf 82' lang='grc' dir='ltr'>φέρε-</span> 
     </span>
    </p>
   </div>
   <div class='ocr_carea' id='block_1_41' title="bbox 439 3768 2019 3844">
    <p class='ocr_par' dir='ltr' id='par_1_41' title="bbox 439 3768 2019 3844">
     <span class='ocr_line' id='line_1_41' title="bbox 439 3768 2019 3844; baseline 0 -18"><span class='ocrx_word' id='word_1_303' title='bbox 439 3790 529 3826; x_wconf 87' lang='grc' dir='ltr'><strong>ται</strong></span> <span class='ocrx_word' id='word_1_304' title='bbox 552 3771 693 3826; x_wconf 88' lang='grc' dir='ltr'>κατά</span> <span class='ocrx_word' id='word_1_305' title='bbox 725 3772 885 3842; x_wconf 78' lang='grc' dir='ltr'>φύσιν</span> <span class='ocrx_word' id='word_1_306' title='bbox 905 3789 920 3802; x_wconf 73' lang='grc' dir='ltr'><strong>ο</strong></span> <span class='ocrx_word' id='word_1_307' title='bbox 955 3772 1063 3842; x_wconf 85' lang='grc' dir='ltr'><strong>πρὸ</strong></span> <span class='ocrx_word' id='word_1_308' title='bbox 1090 3773 1280 3825; x_wconf 86' lang='grc' dir='ltr'>τούτου</span> <span class='ocrx_word' id='word_1_309' title='bbox 1314 3773 1392 3839; x_wconf 86' lang='grc' dir='ltr'><strong>δὲ,</strong></span> <span class='ocrx_word' id='word_1_310' title='bbox 1437 3771 1558 3837; x_wconf 81' lang='grc' dir='ltr'><strong>πῶς</strong></span> <span class='ocrx_word' id='word_1_311' title='bbox 1594 3768 1709 3844; x_wconf 84' lang='grc' dir='ltr'>εἶχε</span> <span class='ocrx_word' id='word_1_312' title='bbox 1737 3772 2019 3842; x_wconf 86' lang='grc' dir='ltr'>δυνάμεως</span> 
     </span>
    </p>
   </div>
   <div class='ocr_carea' id='block_1_42' title="bbox 442 3862 2019 3936">
    <p class='ocr_par' dir='ltr' id='par_1_42' title="bbox 442 3862 2019 3936">
     <span class='ocr_line' id='line_1_42' title="bbox 442 3862 2019 3936; baseline -0.001 -20"><span class='ocrx_word' id='word_1_313' title='bbox 442 3865 574 3936; x_wconf 72' lang='grc' dir='ltr'>πρὶν</span> <span class='ocrx_word' id='word_1_314' title='bbox 613 3863 762 3935; x_wconf 86' lang='grc' dir='ltr'>αὑτῷ</span> <span class='ocrx_word' id='word_1_315' title='bbox 792 3864 884 3917; x_wconf 85' lang='grc' dir='ltr'><strong>τὸν</strong></span> <span class='ocrx_word' id='word_1_316' title='bbox 918 3865 983 3918; x_wconf 85' lang='grc' dir='ltr'>ὲκ</span> <span class='ocrx_word' id='word_1_317' title='bbox 1031 3862 1126 3917; x_wconf 82' lang='grc' dir='ltr'>τοῦ</span> <span class='ocrx_word' id='word_1_318' title='bbox 1160 3865 1580 3936; x_wconf 84' lang='grc' dir='ltr'>προστάγματος</span> <span class='ocrx_word' id='word_1_319' title='bbox 1622 3863 1810 3917; x_wconf 89' lang='grc' dir='ltr'>τούτου</span> <span class='ocrx_word' id='word_1_320' title='bbox 1859 3865 2019 3932; x_wconf 80' lang='grc' dir='ltr'>ἐγγε-</span> 
     </span>
    </p>
   </div>
   <div class='ocr_carea' id='block_1_43' title="bbox 442 3951 2047 4031">
    <p class='ocr_par' dir='ltr' id='par_1_43' title="bbox 442 3951 2047 4031">
     <span class='ocr_line' id='line_1_43' title="bbox 442 3951 2047 4031; baseline -0.002 -21"><span class='ocrx_word' id='word_1_321' title='bbox 442 3955 627 4011; x_wconf 87' lang='grc' dir='ltr'>νέσθαι</span> <span class='ocrx_word' id='word_1_322' title='bbox 674 3955 891 4028; x_wconf 86' lang='grc' dir='ltr'>δρόμον,</span> <span class='ocrx_word' id='word_1_323' title='bbox 920 3954 1044 4009; x_wconf 75' lang='grc' dir='ltr'>οὔτε</span> <span class='ocrx_word' id='word_1_324' title='bbox 1073 3951 1212 4020; x_wconf 85' lang='grc' dir='ltr'>εἶδες</span> <span class='ocrx_word' id='word_1_325' title='bbox 1238 3956 1420 4021; x_wconf 83' lang='grc' dir='ltr'>αὑτὸς,</span> <span class='ocrx_word' id='word_1_326' title='bbox 1458 3955 1582 4009; x_wconf 77' lang='grc' dir='ltr'>οὔτε</span> <span class='ocrx_word' id='word_1_327' title='bbox 1615 3956 1816 4019; x_wconf 80' lang='grc' dir='ltr'>ἰδόντος</span> <span class='ocrx_word' id='word_1_328' title='bbox 1851 3956 2047 4031; x_wconf 40' lang='grc' dir='ltr'>ἤχου-ἧ</span> 
     </span>
    </p>
   </div>
   <div class='ocr_carea' id='block_1_44' title="bbox 447 4029 2023 4119">
    <p class='ocr_par' dir='ltr' id='par_1_44' title="bbox 447 4029 2023 4119">
     <span class='ocr_line' id='line_1_44' title="bbox 447 4029 2023 4119; baseline 0 -19"><span class='ocrx_word' id='word_1_329' title='bbox 447 4065 562 4111; x_wconf 88' lang='grc' dir='ltr'>σας.</span> <span class='ocrx_word' id='word_1_330' title='bbox 597 4048 807 4119; x_wconf 89' lang='grc' dir='ltr'>Νόησον</span> <span class='ocrx_word' id='word_1_331' title='bbox 839 4047 969 4118; x_wconf 83' lang='grc' dir='ltr'>γὰρ,</span> <span class='ocrx_word' id='word_1_332' title='bbox 1005 4049 1089 4101; x_wconf 83' lang='grc' dir='ltr'>ὅτι</span> <span class='ocrx_word' id='word_1_333' title='bbox 1117 4047 1254 4100; x_wconf 79' lang='grc' dir='ltr'>Θεοῦ</span> <span class='ocrx_word' id='word_1_334' title='bbox 1285 4048 1438 4119; x_wconf 74' lang='grc' dir='ltr'>φωνὴ</span> <span class='ocrx_word' id='word_1_335' title='bbox 1466 4046 1682 4117; x_wconf 85' lang='grc' dir='ltr'>φύσεώς</span> <span class='ocrx_word' id='word_1_336' title='bbox 1713 4048 1829 4100; x_wconf 71' lang='grc' dir='ltr'>ἐστι</span> <span class='ocrx_word' id='word_1_337' title='bbox 1862 4029 2023 4118; x_wconf 63' lang='grc' dir='ltr'>π’όῖῆὲ</span> 
     </span>
    </p>
   </div>
   <div class='ocr_carea' id='block_1_45' title="bbox 445 4138 2023 4212">
    <p class='ocr_par' dir='ltr' id='par_1_45' title="bbox 445 4138 2023 4212">
     <span class='ocr_line' id='line_1_45' title="bbox 445 4138 2023 4212; baseline -0.001 -20"><span class='ocrx_word' id='word_1_338' title='bbox 445 4139 592 4210; x_wconf 83' lang='grc' dir='ltr'>τικὴ,</span> <span class='ocrx_word' id='word_1_339' title='bbox 628 4140 720 4192; x_wconf 80' lang='grc' dir='ltr'><strong>καὶ</strong></span> <span class='ocrx_word' id='word_1_340' title='bbox 760 4138 820 4192; x_wconf 83' lang='grc' dir='ltr'><strong>τὸ</strong></span> <span class='ocrx_word' id='word_1_341' title='bbox 850 4139 1143 4210; x_wconf 84' lang='grc' dir='ltr'>γενόμενον</span> <span class='ocrx_word' id='word_1_342' title='bbox 1188 4139 1310 4193; x_wconf 87' lang='grc' dir='ltr'>τότε</span> <span class='ocrx_word' id='word_1_343' title='bbox 1359 4142 1425 4210; x_wconf 81' lang='grc' dir='ltr'>τῇ</span> <span class='ocrx_word' id='word_1_344' title='bbox 1484 4139 1660 4192; x_wconf 85' lang='grc' dir='ltr'>κτίσει</span> <span class='ocrx_word' id='word_1_345' title='bbox 1693 4139 2023 4212; x_wconf 83' lang='grc' dir='ltr'>πρόσταγμα</span> 
     </span>
    </p>
   </div>
   <div class='ocr_carea' id='block_1_46' title="bbox 446 4225 2023 4299">
    <p class='ocr_par' dir='ltr' id='par_1_46' title="bbox 446 4225 2023 4299">
     <span class='ocr_line' id='line_1_46' title="bbox 446 4225 2023 4299; baseline 0 -19"><span class='ocrx_word' id='word_1_346' title='bbox 446 4226 546 4298; x_wconf 85' lang='grc' dir='ltr'><strong>τὴν</strong></span> <span class='ocrx_word' id='word_1_347' title='bbox 599 4227 735 4299; x_wconf 82' lang='grc' dir='ltr'>πρὸς</span> <span class='ocrx_word' id='word_1_348' title='bbox 784 4226 847 4279; x_wconf 80' lang='grc' dir='ltr'><strong>τὸ</strong></span> <span class='ocrx_word' id='word_1_349' title='bbox 900 4227 1098 4299; x_wconf 75' lang='grc' dir='ltr'>ἐφεξῆς</span> <span class='ocrx_word' id='word_1_350' title='bbox 1148 4227 1472 4282; x_wconf 80' lang='grc' dir='ltr'>ἀκολουθίαν</span> <span class='ocrx_word' id='word_1_351' title='bbox 1523 4231 1634 4290; x_wconf 83' lang='grc' dir='ltr'>τοῖς</span> <span class='ocrx_word' id='word_1_352' title='bbox 1682 4225 2023 4299; x_wconf 77' lang='grc' dir='ltr'>κτιζομένοις</span> 
     </span>
    </p>
   </div>
   <div class='ocr_carea' id='block_1_47' title="bbox 450 4317 2021 4391">
    <p class='ocr_par' dir='ltr' id='par_1_47' title="bbox 450 4317 2021 4391">
     <span class='ocr_line' id='line_1_47' title="bbox 450 4317 2021 4391; baseline 0 -20"><span class='ocrx_word' id='word_1_353' title='bbox 450 4318 773 4390; x_wconf 82' lang='grc' dir='ltr'>παρέσχετο.</span> <span class='ocrx_word' id='word_1_354' title='bbox 816 4321 1030 4391; x_wconf 85' lang='grc' dir='ltr'>Ἡμέρα</span> <span class='ocrx_word' id='word_1_355' title='bbox 1085 4319 1178 4373; x_wconf 79' lang='grc' dir='ltr'><strong>καὶ</strong></span> <span class='ocrx_word' id='word_1_356' title='bbox 1243 4317 1339 4384; x_wconf 78' lang='grc' dir='ltr'>νὺξ</span> <span class='ocrx_word' id='word_1_357' title='bbox 1384 4318 1530 4386; x_wconf 76' lang='grc' dir='ltr'>ἅπαξ</span> <span class='ocrx_word' id='word_1_358' title='bbox 1580 4318 2021 4391; x_wconf 83' lang='grc' dir='ltr'>ὲδημιουργήθη,</span> 
     </span>
    </p>
   </div>
   <div class='ocr_carea' id='block_1_48' title="bbox 451 4407 2024 4480">
    <p class='ocr_par' dir='ltr' id='par_1_48' title="bbox 451 4407 2024 4480">
     <span class='ocr_line' id='line_1_48' title="bbox 451 4407 2024 4480; baseline -0.001 -19"><span class='ocrx_word' id='word_1_359' title='bbox 451 4409 546 4462; x_wconf 77' lang='grc' dir='ltr'><strong>καὶ</strong></span> <span class='ocrx_word' id='word_1_360' title='bbox 578 4407 638 4473; x_wconf 78' lang='grc' dir='ltr'>ὲξ</span> <span class='ocrx_word' id='word_1_361' title='bbox 679 4408 885 4462; x_wconf 71' lang='grc' dir='ltr'>ἐκείνου</span> <span class='ocrx_word' id='word_1_362' title='bbox 936 4410 1030 4462; x_wconf 73' lang='grc' dir='ltr'>καὶ</span> <span class='ocrx_word' id='word_1_363' title='bbox 1075 4408 1170 4462; x_wconf 79' lang='grc' dir='ltr'>νῦν</span> <span class='ocrx_word' id='word_1_364' title='bbox 1214 4408 1452 4480; x_wconf 81' lang='grc' dir='ltr'>ἀλλήλας</span> <span class='ocrx_word' id='word_1_365' title='bbox 1502 4408 1896 4480; x_wconf 85' lang='grc' dir='ltr'>διαδεχόμεναι,</span> <span class='ocrx_word' id='word_1_366' title='bbox 1932 4408 2024 4462; x_wconf 73' lang='grc' dir='ltr'><strong>καὶ</strong></span> 
     </span>
    </p>
   </div>
   <div class='ocr_carea' id='block_1_49' title="bbox 2086 570 3659 637">
    <p class='ocr_par' dir='ltr' id='par_1_49' title="bbox 2086 570 3659 637">
     <span class='ocr_line' id='line_1_49' title="bbox 2086 570 3659 637; baseline -0.001 -12"><span class='ocrx_word' id='word_1_367' title='bbox 2086 580 2208 625; x_wconf 88' lang='lat' dir='ltr'><strong>sunt</strong></span> <span class='ocrx_word' id='word_1_368' title='bbox 2232 571 2366 625; x_wconf 90' lang='lat' dir='ltr'><strong>satis</strong></span> <span class='ocrx_word' id='word_1_369' title='bbox 2384 585 2505 624; x_wconf 89' lang='lat' dir='ltr'><strong>esse</strong></span> <span class='ocrx_word' id='word_1_370' title='bbox 2540 570 2631 625; x_wconf 82' lang='lat' dir='ltr'><strong>tibi</strong></span> <span class='ocrx_word' id='word_1_371' title='bbox 2669 587 2772 626; x_wconf 88' lang='lat' dir='ltr'><strong>non</strong></span> <span class='ocrx_word' id='word_1_372' title='bbox 2806 571 3150 637; x_wconf 85' lang='lat' dir='ltr'><strong>videbantur,</strong></span> <span class='ocrx_word' id='word_1_373' title='bbox 3197 585 3319 625; x_wconf 91' lang='lat' dir='ltr'><strong>eum</strong></span> <span class='ocrx_word' id='word_1_374' title='bbox 3351 570 3659 625; x_wconf 78' lang='lat' dir='ltr'><strong>diceremus</strong></span> 
     </span>
    </p>
   </div>
   <div class='ocr_carea' id='block_1_50' title="bbox 2087 661 3660 733">
    <p class='ocr_par' dir='ltr' id='par_1_50' title="bbox 2087 661 3660 733">
     <span class='ocr_line' id='line_1_50' title="bbox 2087 661 3660 733; baseline 0.001 -17"><span class='ocrx_word' id='word_1_375' title='bbox 2087 661 2340 716; x_wconf 73' lang='lat' dir='ltr'><strong>videlicet</strong></span> <span class='ocrx_word' id='word_1_376' title='bbox 2370 663 2875 729; x_wconf 74' lang='lat' dir='ltr'><strong>vocem,imvisibile,</strong></span> <span class='ocrx_word' id='word_1_377' title='bbox 2904 679 3011 719; x_wconf 91' lang='lat' dir='ltr'><strong>non</strong></span> <span class='ocrx_word' id='word_1_378' title='bbox 3039 672 3283 733; x_wconf 88' lang='lat' dir='ltr'><strong>respectu</strong></span> <span class='ocrx_word' id='word_1_379' title='bbox 3316 673 3543 728; x_wconf 61' lang='lat' dir='ltr'><strong>natura,</strong></span> <span class='ocrx_word' id='word_1_380' title='bbox 3565 661 3660 717; x_wconf 86' lang='lat' dir='ltr'><strong>sed</strong></span> 
     </span>
    </p>
   </div>
   <div class='ocr_carea' id='block_1_51' title="bbox 2087 740 3660 825">
    <p class='ocr_par' dir='ltr' id='par_1_51' title="bbox 2087 740 3660 825">
     <span class='ocr_line' id='line_1_51' title="bbox 2087 740 3660 825; baseline 0 -16"><span class='ocrx_word' id='word_1_381' title='bbox 2087 765 2335 824; x_wconf 89' lang='lat' dir='ltr'><strong>respectu</strong></span> <span class='ocrx_word' id='word_1_382' title='bbox 2360 755 2551 819; x_wconf 93' lang='lat' dir='ltr'><strong>nostri,</strong></span> <span class='ocrx_word' id='word_1_383' title='bbox 2587 756 2658 811; x_wconf 94' lang='lat' dir='ltr'><strong>ob</strong></span> <span class='ocrx_word' id='word_1_384' title='bbox 2680 770 2834 824; x_wconf 63' lang='lat' dir='ltr'><strong>aqua:</strong></span> <span class='ocrx_word' id='word_1_385' title='bbox 2877 740 3077 810; x_wconf 76' lang='lat' dir='ltr'><strong>terram</strong></span> <span class='ocrx_word' id='word_1_386' title='bbox 3110 771 3326 810; x_wconf 89' lang='lat' dir='ltr'><strong>omnem</strong></span> <span class='ocrx_word' id='word_1_387' title='bbox 3372 764 3501 809; x_wconf 90' lang='lat' dir='ltr'><strong>tunc</strong></span> <span class='ocrx_word' id='word_1_388' title='bbox 3526 768 3660 825; x_wconf 85' lang='lat' dir='ltr'><strong>epe-</strong></span> 
     </span>
    </p>
   </div>
   <div class='ocr_carea' id='block_1_52' title="bbox 2090 846 3658 916">
    <p class='ocr_par' dir='ltr' id='par_1_52' title="bbox 2090 846 3658 916">
     <span class='ocr_line' id='line_1_52' title="bbox 2090 846 3658 916; baseline 0.001 -17"><span class='ocrx_word' id='word_1_389' title='bbox 2090 846 2280 900; x_wconf 87' lang='lat' dir='ltr'><strong>rieutis</strong></span> <span class='ocrx_word' id='word_1_390' title='bbox 2311 847 3018 915; x_wconf 87' lang='lat' dir='ltr'><strong>interpositum,adhibitam</strong></span> <span class='ocrx_word' id='word_1_391' title='bbox 3049 846 3212 901; x_wconf 84' lang='lat' dir='ltr'><strong>fuisse</strong></span> <span class='ocrx_word' id='word_1_392' title='bbox 3231 862 3295 900; x_wconf 88' lang='lat' dir='ltr'><strong>ae</strong></span> <span class='ocrx_word' id='word_1_393' title='bbox 3327 852 3658 916; x_wconf 81' lang='lat' dir='ltr'><strong>usurpatam.</strong></span> 
     </span>
    </p>
   </div>
   <div class='ocr_carea' id='block_1_53' title="bbox 2090 938 3663 1011">
    <p class='ocr_par' dir='ltr' id='par_1_53' title="bbox 2090 938 3663 1011">
     <span class='ocr_line' id='line_1_53' title="bbox 2090 938 3663 1011; baseline -0.001 -16"><span class='ocrx_word' id='word_1_394' title='bbox 2090 940 2231 995; x_wconf 87' lang='lat' dir='ltr'><strong>Ecce</strong></span> <span class='ocrx_word' id='word_1_395' title='bbox 2257 954 2400 995; x_wconf 91' lang='lat' dir='ltr'><strong>nunc</strong></span> <span class='ocrx_word' id='word_1_396' title='bbox 2444 940 2572 995; x_wconf 90' lang='lat' dir='ltr'><strong>audi</strong></span> <span class='ocrx_word' id='word_1_397' title='bbox 2616 941 2789 1011; x_wconf 85' lang='lat' dir='ltr'><strong>ipsam</strong></span> <span class='ocrx_word' id='word_1_398' title='bbox 2822 938 3184 1010; x_wconf 88' lang='lat' dir='ltr'><strong>Scripturam,</strong></span> <span class='ocrx_word' id='word_1_399' title='bbox 3210 941 3441 1010; x_wconf 88' lang='lat' dir='ltr'><strong>seipsam</strong></span> <span class='ocrx_word' id='word_1_400' title='bbox 3478 939 3663 1010; x_wconf 81' lang='lat' dir='ltr'><strong>expla-</strong></span> 
     </span>
    </p>
   </div>
   <div class='ocr_carea' id='block_1_54' title="bbox 2090 1032 3666 1114">
    <p class='ocr_par' dir='ltr' id='par_1_54' title="bbox 2090 1032 3666 1114">
     <span class='ocr_line' id='line_1_54' title="bbox 2090 1032 3666 1114; baseline -0.003 -24"><span class='ocrx_word' id='word_1_401' title='bbox 2090 1045 2332 1095; x_wconf 85' lang='lat' dir='ltr'><strong>nantem.</strong></span> <span class='ocrx_word' id='word_1_402' title='bbox 2356 1032 2746 1106; x_wconf 81' lang='lat' dir='ltr'><strong>Congregentur</strong></span> <span class='ocrx_word' id='word_1_403' title='bbox 2777 1050 2949 1105; x_wconf 66' lang='lat' dir='ltr'><strong>aqua,</strong></span> <span class='ocrx_word' id='word_1_404' title='bbox 2973 1042 3020 1088; x_wconf 86' lang='lat' dir='ltr'><strong>et</strong></span> <span class='ocrx_word' id='word_1_405' title='bbox 3044 1042 3296 1103; x_wconf 85' lang='lat' dir='ltr'><strong>appareat</strong></span> <span class='ocrx_word' id='word_1_406' title='bbox 3331 1032 3666 1114; x_wconf 76' lang='lat' dir='ltr'><strong>arida.Con-</strong></span> 
     </span>
    </p>
   </div>
   <div class='ocr_carea' id='block_1_55' title="bbox 2093 1124 3665 1197">
    <p class='ocr_par' dir='ltr' id='par_1_55' title="bbox 2093 1124 3665 1197">
     <span class='ocr_line' id='line_1_55' title="bbox 2093 1124 3665 1197; baseline -0.006 -12"><span class='ocrx_word' id='word_1_407' title='bbox 2093 1130 2380 1185; x_wconf 81' lang='lat' dir='ltr'><strong>trahuntur</strong></span> <span class='ocrx_word' id='word_1_408' title='bbox 2432 1128 2571 1195; x_wconf 85' lang='lat' dir='ltr'><strong>vela,</strong></span> <span class='ocrx_word' id='word_1_409' title='bbox 2626 1137 2687 1182; x_wconf 92' lang='lat' dir='ltr'><strong>ut</strong></span> <span class='ocrx_word' id='word_1_410' title='bbox 2725 1126 2970 1197; x_wconf 79' lang='lat' dir='ltr'><strong>aspectui</strong></span> <span class='ocrx_word' id='word_1_411' title='bbox 3001 1140 3123 1181; x_wconf 87' lang='lat' dir='ltr'><strong>sese</strong></span> <span class='ocrx_word' id='word_1_412' title='bbox 3159 1124 3380 1195; x_wconf 73' lang='lat' dir='ltr'><strong>obiiciat</strong></span> <span class='ocrx_word' id='word_1_413' title='bbox 3429 1139 3513 1189; x_wconf 88' lang='lat' dir='ltr'><strong>ea,</strong></span> <span class='ocrx_word' id='word_1_414' title='bbox 3544 1137 3665 1192; x_wconf 76' lang='lat' dir='ltr'><strong>qua:</strong></span> 
     </span>
    </p>
   </div>
   <div class='ocr_carea' id='block_1_56' title="bbox 2093 1218 3663 1294">
    <p class='ocr_par' dir='ltr' id='par_1_56' title="bbox 2093 1218 3663 1294">
     <span class='ocr_line' id='line_1_56' title="bbox 2093 1218 3663 1294; baseline -0.005 -16"><span class='ocrx_word' id='word_1_415' title='bbox 2093 1232 2252 1279; x_wconf 85' lang='lat' dir='ltr'><strong>antea</strong></span> <span class='ocrx_word' id='word_1_416' title='bbox 2280 1240 2383 1279; x_wconf 91' lang='lat' dir='ltr'><strong>non</strong></span> <span class='ocrx_word' id='word_1_417' title='bbox 2403 1224 2853 1294; x_wconf 87' lang='lat' dir='ltr'><strong>conspiciebatur.</strong></span> <span class='ocrx_word' id='word_1_418' title='bbox 2878 1220 3151 1276; x_wconf 84' lang='lat' dir='ltr'><strong>Fortassis</strong></span> <span class='ocrx_word' id='word_1_419' title='bbox 3189 1228 3363 1273; x_wconf 88' lang='lat' dir='ltr'><strong>autem</strong></span> <span class='ocrx_word' id='word_1_420' title='bbox 3398 1218 3663 1289; x_wconf 84' lang='lat' dir='ltr'><strong>quispiam</strong></span> 
     </span>
    </p>
   </div>
   <div class='ocr_carea' id='block_1_57' title="bbox 2095 1310 3663 1388">
    <p class='ocr_par' dir='ltr' id='par_1_57' title="bbox 2095 1310 3663 1388">
     <span class='ocr_line' id='line_1_57' title="bbox 2095 1310 3663 1388; baseline -0.006 -15"><span class='ocrx_word' id='word_1_421' title='bbox 2095 1318 2223 1373; x_wconf 86' lang='lat' dir='ltr'><strong>illud</strong></span> <span class='ocrx_word' id='word_1_422' title='bbox 2245 1318 2407 1374; x_wconf 89' lang='lat' dir='ltr'><strong>etiam</strong></span> <span class='ocrx_word' id='word_1_423' title='bbox 2441 1330 2638 1388; x_wconf 57' lang='lat' dir='ltr'><strong>preter</strong></span> <span class='ocrx_word' id='word_1_424' title='bbox 2659 1316 2774 1371; x_wconf 65' lang='lat' dir='ltr'><strong>haec</strong></span> <span class='ocrx_word' id='word_1_425' title='bbox 2806 1314 3136 1383; x_wconf 87' lang='lat' dir='ltr'><strong>inquisierit.</strong></span> <span class='ocrx_word' id='word_1_426' title='bbox 3157 1311 3395 1365; x_wconf 87' lang='lat' dir='ltr'><strong>Primum</strong></span> <span class='ocrx_word' id='word_1_427' title='bbox 3426 1310 3663 1379; x_wconf 87' lang='lat' dir='ltr'><strong>quidem,</strong></span> 
     </span>
    </p>
   </div>
   <div class='ocr_carea' id='block_1_58' title="bbox 2096 1396 3665 1476">
    <p class='ocr_par' dir='ltr' id='par_1_58' title="bbox 2096 1396 3665 1476">
     <span class='ocr_line' id='line_1_58' title="bbox 2096 1396 3665 1476; baseline -0.009 -11"><span class='ocrx_word' id='word_1_428' title='bbox 2096 1425 2192 1465; x_wconf 88' lang='lat' dir='ltr'><strong>cur</strong></span> <span class='ocrx_word' id='word_1_429' title='bbox 2225 1405 2368 1476; x_wconf 91' lang='lat' dir='ltr'><strong>quod</strong></span> <span class='ocrx_word' id='word_1_430' title='bbox 2418 1419 2488 1459; x_wconf 80' lang='lat' dir='ltr'><strong>ex</strong></span> <span class='ocrx_word' id='word_1_431' title='bbox 2520 1412 2713 1458; x_wconf 90' lang='lat' dir='ltr'><strong>natura</strong></span> <span class='ocrx_word' id='word_1_432' title='bbox 2766 1401 3022 1470; x_wconf 86' lang='lat' dir='ltr'><strong>competit</strong></span> <span class='ocrx_word' id='word_1_433' title='bbox 3051 1413 3227 1470; x_wconf 65' lang='lat' dir='ltr'><strong>aquae,</strong></span> <span class='ocrx_word' id='word_1_434' title='bbox 3278 1407 3337 1451; x_wconf 84' lang='grc' dir='ltr'><strong>ιιι</strong></span> <span class='ocrx_word' id='word_1_435' title='bbox 3359 1396 3567 1451; x_wconf 87' lang='lat' dir='ltr'><strong>scilicet</strong></span> <span class='ocrx_word' id='word_1_436' title='bbox 3598 1399 3665 1451; x_wconf 87' lang='lat' dir='ltr'><strong>ad</strong></span> 
     </span>
    </p>
   </div>
   <div class='ocr_carea' id='block_1_59' title="bbox 2097 1483 3669 1563">
    <p class='ocr_par' dir='ltr' id='par_1_59' title="bbox 2097 1483 3669 1563">
     <span class='ocr_line' id='line_1_59' title="bbox 2097 1483 3669 1563; baseline -0.011 -7"><span class='ocrx_word' id='word_1_437' title='bbox 2097 1500 2301 1556; x_wconf 83' lang='lat' dir='ltr'><strong>declive</strong></span> <span class='ocrx_word' id='word_1_438' title='bbox 2330 1495 2555 1560; x_wconf 81' lang='lat' dir='ltr'><strong>feratur,</strong></span> <span class='ocrx_word' id='word_1_439' title='bbox 2593 1494 2823 1563; x_wconf 89' lang='lat' dir='ltr'><strong>idipsum</strong></span> <span class='ocrx_word' id='word_1_440' title='bbox 2874 1490 3076 1546; x_wconf 85' lang='lat' dir='ltr'><strong>referat</strong></span> <span class='ocrx_word' id='word_1_441' title='bbox 3127 1489 3407 1558; x_wconf 83' lang='lat' dir='ltr'><strong>Scriptura</strong></span> <span class='ocrx_word' id='word_1_442' title='bbox 3445 1486 3510 1539; x_wconf 91' lang='lat' dir='ltr'><strong>ad</strong></span> <span class='ocrx_word' id='word_1_443' title='bbox 3541 1483 3669 1554; x_wconf 88' lang='lat' dir='ltr'><strong>Opi-</strong></span> 
     </span>
    </p>
   </div>
   <div class='ocr_carea' id='block_1_60' title="bbox 2099 1578 3670 1658">
    <p class='ocr_par' dir='ltr' id='par_1_60' title="bbox 2099 1578 3670 1658">
     <span class='ocr_line' id='line_1_60' title="bbox 2099 1578 3670 1658; baseline -0.008 -13"><span class='ocrx_word' id='word_1_444' title='bbox 2099 1591 2215 1645; x_wconf 87' lang='lat' dir='ltr'><strong>licis</strong></span> <span class='ocrx_word' id='word_1_445' title='bbox 2261 1586 2566 1658; x_wconf 89' lang='lat' dir='ltr'><strong>imperium.</strong></span> <span class='ocrx_word' id='word_1_446' title='bbox 2616 1584 2863 1653; x_wconf 86' lang='lat' dir='ltr'><strong>Quandiu</strong></span> <span class='ocrx_word' id='word_1_447' title='bbox 2896 1583 3038 1636; x_wconf 90' lang='lat' dir='ltr'><strong>enim</strong></span> <span class='ocrx_word' id='word_1_448' title='bbox 3084 1581 3138 1634; x_wconf 90' lang='lat' dir='ltr'><strong>in</strong></span> <span class='ocrx_word' id='word_1_449' title='bbox 3191 1595 3346 1649; x_wconf 85' lang='lat' dir='ltr'><strong>aequo</strong></span> <span class='ocrx_word' id='word_1_450' title='bbox 3398 1578 3670 1649; x_wconf 84' lang='lat' dir='ltr'><strong>planoque</strong></span> 
     </span>
    </p>
   </div>
   <div class='ocr_carea' id='block_1_61' title="bbox 2100 1671 3667 1749">
    <p class='ocr_par' dir='ltr' id='par_1_61' title="bbox 2100 1671 3667 1749">
     <span class='ocr_line' id='line_1_61' title="bbox 2100 1671 3667 1749; baseline -0.01 -11"><span class='ocrx_word' id='word_1_451' title='bbox 2100 1682 2215 1738; x_wconf 90' lang='lat' dir='ltr'><strong>solo</strong></span> <span class='ocrx_word' id='word_1_452' title='bbox 2244 1681 2343 1736; x_wconf 86' lang='lat' dir='ltr'><strong>sita</strong></span> <span class='ocrx_word' id='word_1_453' title='bbox 2373 1690 2457 1735; x_wconf 89' lang='lat' dir='ltr'><strong>est</strong></span> <span class='ocrx_word' id='word_1_454' title='bbox 2492 1693 2648 1749; x_wconf 87' lang='lat' dir='ltr'><strong>aqua,</strong></span> <span class='ocrx_word' id='word_1_455' title='bbox 2680 1676 2890 1733; x_wconf 86' lang='lat' dir='ltr'><strong>stabilis</strong></span> <span class='ocrx_word' id='word_1_456' title='bbox 2922 1684 3023 1741; x_wconf 90' lang='lat' dir='ltr'><strong>est,</strong></span> <span class='ocrx_word' id='word_1_457' title='bbox 3045 1673 3244 1744; x_wconf 84' lang='lat' dir='ltr'><strong>quippe</strong></span> <span class='ocrx_word' id='word_1_458' title='bbox 3269 1673 3394 1739; x_wconf 89' lang='lat' dir='ltr'><strong>quia</strong></span> <span class='ocrx_word' id='word_1_459' title='bbox 3430 1686 3534 1725; x_wconf 89' lang='lat' dir='ltr'><strong>nou</strong></span> <span class='ocrx_word' id='word_1_460' title='bbox 3568 1671 3667 1724; x_wconf 80' lang='lat' dir='ltr'><strong>ha—</strong></span> 
     </span>
    </p>
   </div>
   <div class='ocr_carea' id='block_1_62' title="bbox 2098 1761 3667 1840">
    <p class='ocr_par' dir='ltr' id='par_1_62' title="bbox 2098 1761 3667 1840">
     <span class='ocr_line' id='line_1_62' title="bbox 2098 1761 3667 1840; baseline -0.008 -15"><span class='ocrx_word' id='word_1_461' title='bbox 2098 1772 2195 1826; x_wconf 87' lang='lat' dir='ltr'><strong>bet</strong></span> <span class='ocrx_word' id='word_1_462' title='bbox 2233 1785 2339 1840; x_wconf 89' lang='lat' dir='ltr'><strong>quo</strong></span> <span class='ocrx_word' id='word_1_463' title='bbox 2367 1768 2605 1823; x_wconf 87' lang='lat' dir='ltr'><strong>dillluat:</strong></span> <span class='ocrx_word' id='word_1_464' title='bbox 2654 1767 2747 1822; x_wconf 92' lang='lat' dir='ltr'><strong>sed</strong></span> <span class='ocrx_word' id='word_1_465' title='bbox 2770 1775 3118 1838; x_wconf 82' lang='lat' dir='ltr'><strong>posteaquam</strong></span> <span class='ocrx_word' id='word_1_466' title='bbox 3151 1762 3410 1817; x_wconf 87' lang='lat' dir='ltr'><strong>declivem</strong></span> <span class='ocrx_word' id='word_1_467' title='bbox 3435 1761 3667 1828; x_wconf 82' lang='lat' dir='ltr'><strong>aliquem</strong></span> 
     </span>
    </p>
   </div>
   <div class='ocr_carea' id='block_1_63' title="bbox 2099 1853 3668 1928">
    <p class='ocr_par' dir='ltr' id='par_1_63' title="bbox 2099 1853 3668 1928">
     <span class='ocr_line' id='line_1_63' title="bbox 2099 1853 3668 1928; baseline -0.008 -10"><span class='ocrx_word' id='word_1_468' title='bbox 2099 1864 2277 1918; x_wconf 89' lang='lat' dir='ltr'><strong>locum</strong></span> <span class='ocrx_word' id='word_1_469' title='bbox 2318 1869 2475 1915; x_wconf 88' lang='lat' dir='ltr'><strong>nacta</strong></span> <span class='ocrx_word' id='word_1_470' title='bbox 2507 1868 2611 1928; x_wconf 90' lang='lat' dir='ltr'><strong>est,</strong></span> <span class='ocrx_word' id='word_1_471' title='bbox 2638 1860 2816 1913; x_wconf 84' lang='lat' dir='ltr'><strong>statim</strong></span> <span class='ocrx_word' id='word_1_472' title='bbox 2846 1868 2906 1913; x_wconf 91' lang='lat' dir='ltr'><strong>ut</strong></span> <span class='ocrx_word' id='word_1_473' title='bbox 2936 1857 3242 1926; x_wconf 72' lang='lat' dir='ltr'><strong>praecedens</strong></span> <span class='ocrx_word' id='word_1_474' title='bbox 3274 1862 3357 1909; x_wconf 89' lang='lat' dir='ltr'><strong>est</strong></span> <span class='ocrx_word' id='word_1_475' title='bbox 3381 1853 3668 1916; x_wconf 88' lang='lat' dir='ltr'><strong>concitata,</strong></span> 
     </span>
    </p>
   </div>
   <div class='ocr_carea' id='block_1_64' title="bbox 2099 1951 3672 2023">
    <p class='ocr_par' dir='ltr' id='par_1_64' title="bbox 2099 1951 3672 2023">
     <span class='ocr_line' id='line_1_64' title="bbox 2099 1951 3672 2023; baseline -0.006 -14"><span class='ocrx_word' id='word_1_476' title='bbox 2099 1970 2162 2009; x_wconf 89' lang='lat' dir='ltr'><strong>ea</strong></span> <span class='ocrx_word' id='word_1_477' title='bbox 2185 1968 2305 2023; x_wconf 85' lang='lat' dir='ltr'><strong>quae</strong></span> <span class='ocrx_word' id='word_1_478' title='bbox 2331 1952 2431 2022; x_wconf 88' lang='lat' dir='ltr'><strong>ipsi</strong></span> <span class='ocrx_word' id='word_1_479' title='bbox 2460 1953 2716 2015; x_wconf 67' lang='lat' dir='ltr'><strong>cohaeret,</strong></span> <span class='ocrx_word' id='word_1_480' title='bbox 2741 1952 2923 2006; x_wconf 85' lang='lat' dir='ltr'><strong>sedem</strong></span> <span class='ocrx_word' id='word_1_481' title='bbox 2966 1951 3082 2020; x_wconf 84' lang='lat' dir='ltr'><strong>ejus</strong></span> <span class='ocrx_word' id='word_1_482' title='bbox 3114 1963 3234 2019; x_wconf 61' lang='lat' dir='ltr'><strong>quia</strong></span> <span class='ocrx_word' id='word_1_483' title='bbox 3271 1955 3412 2001; x_wconf 88' lang='lat' dir='ltr'><strong>mota</strong></span> <span class='ocrx_word' id='word_1_484' title='bbox 3440 1952 3542 2010; x_wconf 90' lang='lat' dir='ltr'><strong>est,</strong></span> <span class='ocrx_word' id='word_1_485' title='bbox 3576 1959 3672 1999; x_wconf 92' lang='lat' dir='ltr'><strong>oe-</strong></span> 
     </span>
    </p>
   </div>
   <div class='ocr_carea' id='block_1_65' title="bbox 2100 2038 3673 2113">
    <p class='ocr_par' dir='ltr' id='par_1_65' title="bbox 2100 2038 3673 2113">
     <span class='ocr_line' id='line_1_65' title="bbox 2100 2038 3673 2113; baseline -0.006 -13"><span class='ocrx_word' id='word_1_486' title='bbox 2100 2054 2296 2113; x_wconf 89' lang='lat' dir='ltr'><strong>cupat:</strong></span> <span class='ocrx_word' id='word_1_487' title='bbox 2340 2043 2484 2098; x_wconf 90' lang='lat' dir='ltr'><strong>illius</strong></span> <span class='ocrx_word' id='word_1_488' title='bbox 2511 2043 2695 2097; x_wconf 91' lang='lat' dir='ltr'><strong>itidem</strong></span> <span class='ocrx_word' id='word_1_489' title='bbox 2717 2043 2893 2097; x_wconf 91' lang='lat' dir='ltr'><strong>locum</strong></span> <span class='ocrx_word' id='word_1_490' title='bbox 2944 2056 3008 2096; x_wconf 91' lang='lat' dir='ltr'><strong>ea</strong></span> <span class='ocrx_word' id='word_1_491' title='bbox 3050 2056 3170 2111; x_wconf 64' lang='lat' dir='ltr'><strong>quae</strong></span> <span class='ocrx_word' id='word_1_492' title='bbox 3204 2038 3587 2108; x_wconf 88' lang='lat' dir='ltr'><strong>consequitur:</strong></span> <span class='ocrx_word' id='word_1_493' title='bbox 3616 2045 3673 2090; x_wconf 88' lang='lat' dir='ltr'><strong>et</strong></span> 
     </span>
    </p>
   </div>
   <div class='ocr_carea' id='block_1_66' title="bbox 2100 2130 3676 2208">
    <p class='ocr_par' dir='ltr' id='par_1_66' title="bbox 2100 2130 3676 2208">
     <span class='ocr_line' id='line_1_66' title="bbox 2100 2130 3676 2208; baseline -0.008 -14"><span class='ocrx_word' id='word_1_494' title='bbox 2100 2139 2180 2194; x_wconf 91' lang='lat' dir='ltr'><strong>sic</strong></span> <span class='ocrx_word' id='word_1_495' title='bbox 2210 2153 2425 2208; x_wconf 87' lang='lat' dir='ltr'><strong>semper</strong></span> <span class='ocrx_word' id='word_1_496' title='bbox 2465 2136 2674 2206; x_wconf 80' lang='lat' dir='ltr'><strong>aufugit</strong></span> <span class='ocrx_word' id='word_1_497' title='bbox 2720 2134 2937 2205; x_wconf 85' lang='lat' dir='ltr'><strong>quidem</strong></span> <span class='ocrx_word' id='word_1_498' title='bbox 2965 2147 3085 2202; x_wconf 66' lang='lat' dir='ltr'><strong>qua:</strong></span> <span class='ocrx_word' id='word_1_499' title='bbox 3134 2131 3415 2202; x_wconf 67' lang='lat' dir='ltr'><strong>praecedit,</strong></span> <span class='ocrx_word' id='word_1_500' title='bbox 3449 2130 3676 2197; x_wconf 72' lang='lat' dir='ltr'><strong>adurch</strong></span> 
     </span>
    </p>
   </div>
   <div class='ocr_carea' id='block_1_67' title="bbox 2100 2220 3671 2299">
    <p class='ocr_par' dir='ltr' id='par_1_67' title="bbox 2100 2220 3671 2299">
     <span class='ocr_line' id='line_1_67' title="bbox 2100 2220 3671 2299; baseline -0.008 -14"><span class='ocrx_word' id='word_1_501' title='bbox 2100 2246 2229 2285; x_wconf 90' lang='lat' dir='ltr'><strong>vero</strong></span> <span class='ocrx_word' id='word_1_502' title='bbox 2271 2245 2390 2299; x_wconf 75' lang='lat' dir='ltr'><strong>qua:</strong></span> <span class='ocrx_word' id='word_1_503' title='bbox 2418 2228 2751 2298; x_wconf 88' lang='lat' dir='ltr'><strong>insequitur;</strong></span> <span class='ocrx_word' id='word_1_504' title='bbox 2781 2237 2832 2281; x_wconf 92' lang='lat' dir='ltr'><strong>et</strong></span> <span class='ocrx_word' id='word_1_505' title='bbox 2860 2226 3094 2294; x_wconf 89' lang='lat' dir='ltr'><strong>impetus</strong></span> <span class='ocrx_word' id='word_1_506' title='bbox 3138 2232 3285 2277; x_wconf 91' lang='lat' dir='ltr'><strong>tanto</strong></span> <span class='ocrx_word' id='word_1_507' title='bbox 3320 2221 3379 2276; x_wconf 86' lang='lat' dir='ltr'><strong>lit</strong></span> <span class='ocrx_word' id='word_1_508' title='bbox 3412 2220 3671 2287; x_wconf 88' lang='lat' dir='ltr'><strong>velocior,</strong></span> 
     </span>
    </p>
   </div>
   <div class='ocr_carea' id='block_1_68' title="bbox 2101 2310 3672 2392">
    <p class='ocr_par' dir='ltr' id='par_1_68' title="bbox 2101 2310 3672 2392">
     <span class='ocr_line' id='line_1_68' title="bbox 2101 2310 3672 2392; baseline -0.008 -16"><span class='ocrx_word' id='word_1_509' title='bbox 2101 2331 2301 2392; x_wconf 89' lang='lat' dir='ltr'><strong>quanto</strong></span> <span class='ocrx_word' id='word_1_510' title='bbox 2324 2322 2554 2391; x_wconf 89' lang='lat' dir='ltr'><strong>amplior</strong></span> <span class='ocrx_word' id='word_1_511' title='bbox 2597 2318 2759 2373; x_wconf 80' lang='lat' dir='ltr'><strong>fuerit</strong></span> <span class='ocrx_word' id='word_1_512' title='bbox 2807 2318 3044 2388; x_wconf 82' lang='lat' dir='ltr'><strong>gravitas</strong></span> <span class='ocrx_word' id='word_1_513' title='bbox 3070 2316 3189 2385; x_wconf 88' lang='lat' dir='ltr'><strong>ejus</strong></span> <span class='ocrx_word' id='word_1_514' title='bbox 3263 2329 3383 2384; x_wconf 73' lang='lat' dir='ltr'><strong>qua:</strong></span> <span class='ocrx_word' id='word_1_515' title='bbox 3409 2310 3672 2377; x_wconf 79' lang='lat' dir='ltr'><strong>defertur,</strong></span> 
     </span>
    </p>
   </div>
   <div class='ocr_carea' id='block_1_69' title="bbox 2100 2400 3678 2479">
    <p class='ocr_par' dir='ltr' id='par_1_69' title="bbox 2100 2400 3678 2479">
     <span class='ocr_line' id='line_1_69' title="bbox 2100 2400 3678 2479; baseline -0.006 -14"><span class='ocrx_word' id='word_1_516' title='bbox 2100 2411 2357 2479; x_wconf 88' lang='lat' dir='ltr'><strong>locusque</strong></span> <span class='ocrx_word' id='word_1_517' title='bbox 2385 2411 2452 2463; x_wconf 89' lang='lat' dir='ltr'><strong>ad</strong></span> <span class='ocrx_word' id='word_1_518' title='bbox 2475 2423 2634 2479; x_wconf 89' lang='lat' dir='ltr'><strong>quem</strong></span> <span class='ocrx_word' id='word_1_519' title='bbox 2667 2408 2725 2460; x_wconf 84' lang='lat' dir='ltr'><strong>lit</strong></span> <span class='ocrx_word' id='word_1_520' title='bbox 2747 2404 2934 2472; x_wconf 76' lang='lat' dir='ltr'><strong>ﬂuxio,</strong></span> <span class='ocrx_word' id='word_1_521' title='bbox 2956 2405 3117 2461; x_wconf 81' lang='lat' dir='ltr'><strong>fuerit</strong></span> <span class='ocrx_word' id='word_1_522' title='bbox 3143 2403 3472 2472; x_wconf 87' lang='lat' dir='ltr'><strong>depressior.</strong></span> <span class='ocrx_word' id='word_1_523' title='bbox 3490 2400 3678 2470; x_wconf 82' lang='lat' dir='ltr'><strong>Itaque</strong></span> 
     </span>
    </p>
   </div>
   <div class='ocr_carea' id='block_1_70' title="bbox 2103 2493 3675 2569">
    <p class='ocr_par' dir='ltr' id='par_1_70' title="bbox 2103 2493 3675 2569">
     <span class='ocr_line' id='line_1_70' title="bbox 2103 2493 3675 2569; baseline -0.007 -12"><span class='ocrx_word' id='word_1_524' title='bbox 2103 2503 2147 2558; x_wconf 90' lang='lat' dir='ltr'><strong>si</strong></span> <span class='ocrx_word' id='word_1_525' title='bbox 2180 2503 2291 2556; x_wconf 67' lang='lat' dir='ltr'><strong>haec</strong></span> <span class='ocrx_word' id='word_1_526' title='bbox 2318 2508 2401 2555; x_wconf 87' lang='lat' dir='ltr'><strong>est</strong></span> <span class='ocrx_word' id='word_1_527' title='bbox 2429 2515 2581 2569; x_wconf 63' lang='lat' dir='ltr'><strong>aqua!</strong></span> <span class='ocrx_word' id='word_1_528' title='bbox 2608 2507 2820 2563; x_wconf 88' lang='lat' dir='ltr'><strong>natura,</strong></span> <span class='ocrx_word' id='word_1_529' title='bbox 2847 2507 3179 2567; x_wconf 69' lang='lat' dir='ltr'><strong>praeceptum</strong></span> <span class='ocrx_word' id='word_1_530' title='bbox 3218 2496 3361 2565; x_wconf 90' lang='lat' dir='ltr'><strong>quod</strong></span> <span class='ocrx_word' id='word_1_531' title='bbox 3392 2496 3560 2565; x_wconf 87' lang='lat' dir='ltr'><strong>ipsam</strong></span> <span class='ocrx_word' id='word_1_532' title='bbox 3583 2493 3675 2565; x_wconf 81' lang='lat' dir='ltr'><strong>ju-</strong></span> 
     </span>
    </p>
   </div>
   <div class='ocr_carea' id='block_1_71' title="bbox 2103 2586 3677 2658">
    <p class='ocr_par' dir='ltr' id='par_1_71' title="bbox 2103 2586 3677 2658">
     <span class='ocr_line' id='line_1_71' title="bbox 2103 2586 3677 2658; baseline -0.007 -11"><span class='ocrx_word' id='word_1_533' title='bbox 2103 2594 2191 2647; x_wconf 87' lang='lat' dir='ltr'><strong>bet</strong></span> <span class='ocrx_word' id='word_1_534' title='bbox 2230 2592 2282 2646; x_wconf 92' lang='lat' dir='ltr'><strong>in</strong></span> <span class='ocrx_word' id='word_1_535' title='bbox 2306 2606 2467 2645; x_wconf 90' lang='lat' dir='ltr'><strong>unam</strong></span> <span class='ocrx_word' id='word_1_536' title='bbox 2504 2589 2621 2658; x_wconf 82' lang='lat' dir='ltr'><strong>cogi</strong></span> <span class='ocrx_word' id='word_1_537' title='bbox 2662 2588 3058 2653; x_wconf 87' lang='lat' dir='ltr'><strong>collectionem,</strong></span> <span class='ocrx_word' id='word_1_538' title='bbox 3095 2587 3254 2641; x_wconf 88' lang='lat' dir='ltr'><strong>inane</strong></span> <span class='ocrx_word' id='word_1_539' title='bbox 3282 2595 3365 2640; x_wconf 87' lang='lat' dir='ltr'><strong>est</strong></span> <span class='ocrx_word' id='word_1_540' title='bbox 3398 2586 3584 2654; x_wconf 89' lang='lat' dir='ltr'><strong>utique</strong></span> <span class='ocrx_word' id='word_1_541' title='bbox 3612 2598 3677 2637; x_wconf 93' lang='lat' dir='ltr'><strong>ae</strong></span> 
     </span>
    </p>
   </div>
   <div class='ocr_carea' id='block_1_72' title="bbox 2104 2675 3677 2750">
    <p class='ocr_par' dir='ltr' id='par_1_72' title="bbox 2104 2675 3677 2750">
     <span class='ocr_line' id='line_1_72' title="bbox 2104 2675 3677 2750; baseline -0.006 -13"><span class='ocrx_word' id='word_1_542' title='bbox 2104 2695 2582 2750; x_wconf 83' lang='lat' dir='ltr'><strong>supervacaneum.</strong></span> <span class='ocrx_word' id='word_1_543' title='bbox 2641 2677 2777 2732; x_wconf 76' lang='lat' dir='ltr'><strong>Nam</strong></span> <span class='ocrx_word' id='word_1_544' title='bbox 2829 2675 3073 2747; x_wconf 80' lang='lat' dir='ltr'><strong>profecto</strong></span> <span class='ocrx_word' id='word_1_545' title='bbox 3136 2677 3372 2729; x_wconf 88' lang='lat' dir='ltr'><strong>l&#39;uturum</strong></span> <span class='ocrx_word' id='word_1_546' title='bbox 3425 2684 3546 2730; x_wconf 86' lang='lat' dir='ltr'><strong>erat</strong></span> <span class='ocrx_word' id='word_1_547' title='bbox 3595 2685 3677 2741; x_wconf 85' lang='lat' dir='ltr'><strong>ut,</strong></span> 
     </span>
    </p>
   </div>
   <div class='ocr_carea' id='block_1_73' title="bbox 2104 2765 3678 2840">
    <p class='ocr_par' dir='ltr' id='par_1_73' title="bbox 2104 2765 3678 2840">
     <span class='ocr_line' id='line_1_73' title="bbox 2104 2765 3678 2840; baseline -0.004 -18"><span class='ocrx_word' id='word_1_548' title='bbox 2104 2777 2322 2840; x_wconf 88' lang='lat' dir='ltr'><strong>propter</strong></span> <span class='ocrx_word' id='word_1_549' title='bbox 2358 2767 2656 2822; x_wconf 85' lang='lat' dir='ltr'><strong>naturalem</strong></span> <span class='ocrx_word' id='word_1_550' title='bbox 2711 2782 2860 2821; x_wconf 88' lang='lat' dir='ltr'><strong>suam</strong></span> <span class='ocrx_word' id='word_1_551' title='bbox 2890 2766 2955 2820; x_wconf 89' lang='lat' dir='ltr'><strong>ad</strong></span> <span class='ocrx_word' id='word_1_552' title='bbox 3007 2765 3115 2819; x_wconf 88' lang='lat' dir='ltr'><strong>ima</strong></span> <span class='ocrx_word' id='word_1_553' title='bbox 3163 2765 3580 2834; x_wconf 84' lang='lat' dir='ltr'><strong>proclivitatem,</strong></span> <span class='ocrx_word' id='word_1_554' title='bbox 3613 2765 3678 2817; x_wconf 89' lang='lat' dir='ltr'><strong>ad</strong></span> 
     </span>
    </p>
   </div>
   <div class='ocr_carea' id='block_1_74' title="bbox 2106 2857 3681 2925">
    <p class='ocr_par' dir='ltr' id='par_1_74' title="bbox 2106 2857 3681 2925">
     <span class='ocr_line' id='line_1_74' title="bbox 2106 2857 3681 2925; baseline -0.003 -11"><span class='ocrx_word' id='word_1_555' title='bbox 2106 2861 2281 2916; x_wconf 89' lang='lat' dir='ltr'><strong>locum</strong></span> <span class='ocrx_word' id='word_1_556' title='bbox 2314 2861 2548 2914; x_wconf 80' lang='lat' dir='ltr'><strong>maxime</strong></span> <span class='ocrx_word' id='word_1_557' title='bbox 2574 2859 2812 2913; x_wconf 90' lang='lat' dir='ltr'><strong>onmium</strong></span> <span class='ocrx_word' id='word_1_558' title='bbox 2850 2857 3110 2912; x_wconf 88' lang='lat' dir='ltr'><strong>declivem</strong></span> <span class='ocrx_word' id='word_1_559' title='bbox 3166 2865 3360 2925; x_wconf 89' lang='lat' dir='ltr'><strong>sponte</strong></span> <span class='ocrx_word' id='word_1_560' title='bbox 3412 2870 3508 2910; x_wconf 87' lang='lat' dir='ltr'><strong>sua</strong></span> <span class='ocrx_word' id='word_1_561' title='bbox 3548 2870 3681 2910; x_wconf 93' lang='lat' dir='ltr'><strong>con-</strong></span> 
     </span>
    </p>
   </div>
   <div class='ocr_carea' id='block_1_75' title="bbox 2107 2947 3679 3018">
    <p class='ocr_par' dir='ltr' id='par_1_75' title="bbox 2107 2947 3679 3018">
     <span class='ocr_line' id='line_1_75' title="bbox 2107 2947 3679 3018; baseline -0.004 -13"><span class='ocrx_word' id='word_1_562' title='bbox 2107 2951 2358 3013; x_wconf 89' lang='lat' dir='ltr'><strong>cederet,</strong></span> <span class='ocrx_word' id='word_1_563' title='bbox 2411 2959 2603 3003; x_wconf 90' lang='lat' dir='ltr'><strong>etnon</strong></span> <span class='ocrx_word' id='word_1_564' title='bbox 2660 2948 2812 3018; x_wconf 90' lang='lat' dir='ltr'><strong>prius</strong></span> <span class='ocrx_word' id='word_1_565' title='bbox 2863 2947 3074 3002; x_wconf 85' lang='lat' dir='ltr'><strong>stabilis</strong></span> <span class='ocrx_word' id='word_1_566' title='bbox 3116 2947 3490 3015; x_wconf 86' lang='lat' dir='ltr'><strong>&#39;permaneret,</strong></span> <span class='ocrx_word' id='word_1_567' title='bbox 3517 2960 3679 3015; x_wconf 88' lang='lat' dir='ltr'><strong>quam</strong></span> 
     </span>
    </p>
   </div>
   <div class='ocr_carea' id='block_1_76' title="bbox 2106 3035 3686 3110">
    <p class='ocr_par' dir='ltr' id='par_1_76' title="bbox 2106 3035 3686 3110">
     <span class='ocr_line' id='line_1_76' title="bbox 2106 3035 3686 3110; baseline -0.004 -15"><span class='ocrx_word' id='word_1_568' title='bbox 2106 3039 2220 3108; x_wconf 85' lang='lat' dir='ltr'><strong>eius</strong></span> <span class='ocrx_word' id='word_1_569' title='bbox 2250 3049 2626 3110; x_wconf 68' lang='lat' dir='ltr'><strong>exmquaretur</strong></span> <span class='ocrx_word' id='word_1_570' title='bbox 2649 3037 2984 3107; x_wconf 76' lang='lat' dir='ltr'><strong>superficies.</strong></span> <span class='ocrx_word' id='word_1_571' title='bbox 3023 3035 3177 3091; x_wconf 85' lang='lat' dir='ltr'><strong>Nulla</strong></span> <span class='ocrx_word' id='word_1_572' title='bbox 3207 3037 3349 3091; x_wconf 89' lang='lat' dir='ltr'><strong>enim</strong></span> <span class='ocrx_word' id='word_1_573' title='bbox 3374 3044 3556 3092; x_wconf 80' lang='lat' dir='ltr'><strong>exstat</strong></span> <span class='ocrx_word' id='word_1_574' title='bbox 3603 3050 3686 3089; x_wconf 92' lang='lat' dir='ltr'><strong>re-</strong></span> 
     </span>
    </p>
   </div>
   <div class='ocr_carea' id='block_1_77' title="bbox 2109 3124 3680 3200">
    <p class='ocr_par' dir='ltr' id='par_1_77' title="bbox 2109 3124 3680 3200">
     <span class='ocr_line' id='line_1_77' title="bbox 2109 3124 3680 3200; baseline -0.004 -15"><span class='ocrx_word' id='word_1_575' title='bbox 2109 3132 2196 3199; x_wconf 79' lang='lat' dir='ltr'><strong>gio</strong></span> <span class='ocrx_word' id='word_1_576' title='bbox 2248 3145 2497 3199; x_wconf 62' lang='lat' dir='ltr'><strong>peraque</strong></span> <span class='ocrx_word' id='word_1_577' title='bbox 2541 3129 2732 3200; x_wconf 89' lang='lat' dir='ltr'><strong>plana,</strong></span> <span class='ocrx_word' id='word_1_578' title='bbox 2777 3143 2841 3183; x_wconf 78' lang='lat' dir='ltr'><strong>ae</strong></span> <span class='ocrx_word' id='word_1_579' title='bbox 2886 3129 2998 3198; x_wconf 82' lang='lat' dir='ltr'><strong>ipsa</strong></span> <span class='ocrx_word' id='word_1_580' title='bbox 3039 3138 3123 3183; x_wconf 89' lang='lat' dir='ltr'><strong>est</strong></span> <span class='ocrx_word' id='word_1_581' title='bbox 3155 3141 3309 3195; x_wconf 74' lang='lat' dir='ltr'><strong>aqua:</strong></span> <span class='ocrx_word' id='word_1_582' title='bbox 3349 3124 3680 3196; x_wconf 77' lang='lat' dir='ltr'><strong>superficies.</strong></span> 
     </span>
    </p>
   </div>
   <div class='ocr_carea' id='block_1_78' title="bbox 2110 3217 3682 3293">
    <p class='ocr_par' dir='ltr' id='par_1_78' title="bbox 2110 3217 3682 3293">
     <span class='ocr_line' id='line_1_78' title="bbox 2110 3217 3682 3293; baseline -0.006 -14"><span class='ocrx_word' id='word_1_583' title='bbox 2110 3224 2334 3291; x_wconf 87' lang='lat' dir='ltr'><strong>Deinde,</strong></span> <span class='ocrx_word' id='word_1_584' title='bbox 2384 3224 2589 3293; x_wconf 88' lang='lat' dir='ltr'><strong>inquiet</strong></span> <span class='ocrx_word' id='word_1_585' title='bbox 2616 3221 2755 3291; x_wconf 90' lang='lat' dir='ltr'><strong>quis,</strong></span> <span class='ocrx_word' id='word_1_586' title='bbox 2791 3220 3055 3290; x_wconf 88' lang='lat' dir='ltr'><strong>quomodo</strong></span> <span class='ocrx_word' id='word_1_587' title='bbox 3090 3218 3256 3290; x_wconf 81' lang='lat' dir='ltr'><strong>jussae</strong></span> <span class='ocrx_word' id='word_1_588' title='bbox 3289 3226 3416 3273; x_wconf 92' lang='lat' dir='ltr'><strong>sunt</strong></span> <span class='ocrx_word' id='word_1_589' title='bbox 3444 3231 3598 3287; x_wconf 86' lang='lat' dir='ltr'><strong>aquae</strong></span> <span class='ocrx_word' id='word_1_590' title='bbox 3631 3217 3682 3270; x_wconf 88' lang='lat' dir='ltr'><strong>in</strong></span> 
     </span>
    </p>
   </div>
   <div class='ocr_carea' id='block_1_79' title="bbox 2110 3309 3689 3378">
    <p class='ocr_par' dir='ltr' id='par_1_79' title="bbox 2110 3309 3689 3378">
     <span class='ocr_line' id='line_1_79' title="bbox 2110 3309 3689 3378; baseline -0.004 -8"><span class='ocrx_word' id='word_1_591' title='bbox 2110 3332 2270 3371; x_wconf 85' lang='lat' dir='ltr'><strong>unam</strong></span> <span class='ocrx_word' id='word_1_592' title='bbox 2313 3329 2642 3371; x_wconf 90' lang='lat' dir='ltr'><strong>concurrere</strong></span> <span class='ocrx_word' id='word_1_593' title='bbox 2668 3311 3061 3376; x_wconf 87' lang='lat' dir='ltr'><strong>collectionem,</strong></span> <span class='ocrx_word' id='word_1_594' title='bbox 3094 3327 3216 3367; x_wconf 87' lang='lat' dir='ltr'><strong>cum</strong></span> <span class='ocrx_word' id='word_1_595' title='bbox 3270 3309 3439 3365; x_wconf 90' lang='lat' dir='ltr'><strong>multa</strong></span> <span class='ocrx_word' id='word_1_596' title='bbox 3472 3310 3689 3378; x_wconf 90' lang='lat' dir='ltr'><strong>conspi-</strong></span> 
     </span>
    </p>
   </div>
   <div class='ocr_carea' id='block_1_80' title="bbox 2113 3402 3688 3475">
    <p class='ocr_par' dir='ltr' id='par_1_80' title="bbox 2113 3402 3688 3475">
     <span class='ocr_line' id='line_1_80' title="bbox 2113 3402 3688 3475; baseline -0.004 -11"><span class='ocrx_word' id='word_1_597' title='bbox 2113 3411 2326 3464; x_wconf 89' lang='lat' dir='ltr'><strong>ciantur</strong></span> <span class='ocrx_word' id='word_1_598' title='bbox 2365 3407 2569 3471; x_wconf 90' lang='lat' dir='ltr'><strong>maria,</strong></span> <span class='ocrx_word' id='word_1_599' title='bbox 2618 3404 2957 3475; x_wconf 88' lang='lat' dir='ltr'><strong>plurimoque</strong></span> <span class='ocrx_word' id='word_1_600' title='bbox 3016 3405 3158 3459; x_wconf 90' lang='lat' dir='ltr'><strong>inter</strong></span> <span class='ocrx_word' id='word_1_601' title='bbox 3200 3418 3259 3459; x_wconf 90' lang='lat' dir='ltr'><strong>se</strong></span> <span class='ocrx_word' id='word_1_602' title='bbox 3308 3402 3594 3458; x_wconf 83' lang='lat' dir='ltr'><strong>intervallo</strong></span> <span class='ocrx_word' id='word_1_603' title='bbox 3624 3417 3688 3458; x_wconf 89' lang='lat' dir='ltr'><strong>ac</strong></span> 
     </span>
    </p>
   </div>
   <div class='ocr_carea' id='block_1_81' title="bbox 2114 3497 3686 3572">
    <p class='ocr_par' dir='ltr' id='par_1_81' title="bbox 2114 3497 3686 3572">
     <span class='ocr_line' id='line_1_81' title="bbox 2114 3497 3686 3572; baseline -0.007 -12"><span class='ocrx_word' id='word_1_604' title='bbox 2114 3506 2216 3560; x_wconf 88' lang='lat' dir='ltr'><strong>situ</strong></span> <span class='ocrx_word' id='word_1_605' title='bbox 2248 3501 2558 3572; x_wconf 81' lang='lat' dir='ltr'><strong>disparata?</strong></span> <span class='ocrx_word' id='word_1_606' title='bbox 2587 3499 2668 3555; x_wconf 86' lang='lat' dir='ltr'><strong>Ad</strong></span> <span class='ocrx_word' id='word_1_607' title='bbox 2707 3500 2761 3554; x_wconf 92' lang='lat' dir='ltr'><strong>id</strong></span> <span class='ocrx_word' id='word_1_608' title='bbox 2817 3500 2979 3571; x_wconf 77' lang='lat' dir='ltr'><strong>igitur</strong></span> <span class='ocrx_word' id='word_1_609' title='bbox 3023 3497 3165 3570; x_wconf 87' lang='lat' dir='ltr'><strong>quod</strong></span> <span class='ocrx_word' id='word_1_610' title='bbox 3197 3498 3373 3567; x_wconf 88' lang='lat' dir='ltr'><strong>primo</strong></span> <span class='ocrx_word' id='word_1_611' title='bbox 3403 3497 3686 3566; x_wconf 64' lang='lat' dir='ltr'><strong>quaesitum</strong></span> 
     </span>
    </p>
   </div>
   <div class='ocr_carea' id='block_1_82' title="bbox 2114 3587 3688 3662">
    <p class='ocr_par' dir='ltr' id='par_1_82' title="bbox 2114 3587 3688 3662">
     <span class='ocr_line' id='line_1_82' title="bbox 2114 3587 3688 3662; baseline -0.006 -12"><span class='ocrx_word' id='word_1_612' title='bbox 2114 3603 2222 3659; x_wconf 86' lang='lat' dir='ltr'><strong>est,</strong></span> <span class='ocrx_word' id='word_1_613' title='bbox 2239 3593 2489 3657; x_wconf 91' lang='lat' dir='ltr'><strong>dicimus,</strong></span> <span class='ocrx_word' id='word_1_614' title='bbox 2508 3590 2648 3662; x_wconf 89' lang='lat' dir='ltr'><strong>quod</strong></span> <span class='ocrx_word' id='word_1_615' title='bbox 2674 3602 2726 3644; x_wconf 89' lang='lat' dir='ltr'><strong>tu</strong></span> <span class='ocrx_word' id='word_1_616' title='bbox 2751 3592 2953 3660; x_wconf 90' lang='lat' dir='ltr'><strong>optime</strong></span> <span class='ocrx_word' id='word_1_617' title='bbox 2968 3591 3185 3659; x_wconf 88' lang='lat' dir='ltr'><strong>quidem</strong></span> <span class='ocrx_word' id='word_1_618' title='bbox 3207 3597 3326 3657; x_wconf 87' lang='lat' dir='ltr'><strong>post</strong></span> <span class='ocrx_word' id='word_1_619' title='bbox 3348 3587 3688 3642; x_wconf 88' lang='lat' dir='ltr'><strong>Dominicum</strong></span> 
     </span>
    </p>
   </div>
   <div class='ocr_carea' id='block_1_83' title="bbox 2116 3675 3691 3754">
    <p class='ocr_par' dir='ltr' id='par_1_83' title="bbox 2116 3675 3691 3754">
     <span class='ocr_line' id='line_1_83' title="bbox 2116 3675 3691 3754; baseline -0.005 -15"><span class='ocrx_word' id='word_1_620' title='bbox 2116 3684 2402 3754; x_wconf 90' lang='lat' dir='ltr'><strong>imperium</strong></span> <span class='ocrx_word' id='word_1_621' title='bbox 2447 3692 2648 3737; x_wconf 90' lang='lat' dir='ltr'><strong>motum</strong></span> <span class='ocrx_word' id='word_1_622' title='bbox 2692 3696 2845 3750; x_wconf 76' lang='lat' dir='ltr'><strong>aqua:</strong></span> <span class='ocrx_word' id='word_1_623' title='bbox 2887 3680 3224 3751; x_wconf 82' lang='lat' dir='ltr'><strong>cognoveris,</strong></span> <span class='ocrx_word' id='word_1_624' title='bbox 3275 3693 3469 3749; x_wconf 87' lang='lat' dir='ltr'><strong>aquam</strong></span> <span class='ocrx_word' id='word_1_625' title='bbox 3503 3675 3691 3733; x_wconf 83' lang='lat' dir='ltr'><strong>videli-</strong></span> 
     </span>
    </p>
   </div>
   <div class='ocr_carea' id='block_1_84' title="bbox 2117 3771 3694 3844">
    <p class='ocr_par' dir='ltr' id='par_1_84' title="bbox 2117 3771 3694 3844">
     <span class='ocr_line' id='line_1_84' title="bbox 2117 3771 3694 3844; baseline -0.004 -13"><span class='ocrx_word' id='word_1_626' title='bbox 2117 3785 2208 3832; x_wconf 89' lang='lat' dir='ltr'><strong>cet</strong></span> <span class='ocrx_word' id='word_1_627' title='bbox 2266 3790 2482 3844; x_wconf 88' lang='lat' dir='ltr'><strong>quoquo</strong></span> <span class='ocrx_word' id='word_1_628' title='bbox 2514 3788 2730 3828; x_wconf 90' lang='lat' dir='ltr'><strong>versum</strong></span> <span class='ocrx_word' id='word_1_629' title='bbox 2779 3772 2966 3840; x_wconf 84' lang='lat' dir='ltr'><strong>ﬂuere,</strong></span> <span class='ocrx_word' id='word_1_630' title='bbox 3021 3771 3434 3839; x_wconf 89' lang='lat' dir='ltr'><strong>instabilemque</strong></span> <span class='ocrx_word' id='word_1_631' title='bbox 3469 3783 3610 3835; x_wconf 85' lang='lat' dir='ltr'><strong>esse,</strong></span> <span class='ocrx_word' id='word_1_632' title='bbox 3636 3777 3694 3824; x_wconf 90' lang='lat' dir='ltr'><strong>et</strong></span> 
     </span>
    </p>
   </div>
   <div class='ocr_carea' id='block_1_85' title="bbox 2119 3858 3693 3937">
    <p class='ocr_par' dir='ltr' id='par_1_85' title="bbox 2119 3858 3693 3937">
     <span class='ocr_line' id='line_1_85' title="bbox 2119 3858 3693 3937; baseline -0.005 -15"><span class='ocrx_word' id='word_1_633' title='bbox 2119 3877 2310 3937; x_wconf 88' lang='lat' dir='ltr'><strong>suapte</strong></span> <span class='ocrx_word' id='word_1_634' title='bbox 2346 3876 2535 3921; x_wconf 83' lang='lat' dir='ltr'><strong>natura</strong></span> <span class='ocrx_word' id='word_1_635' title='bbox 2563 3867 2628 3919; x_wconf 90' lang='lat' dir='ltr'><strong>ad</strong></span> <span class='ocrx_word' id='word_1_636' title='bbox 2656 3865 2858 3919; x_wconf 78' lang='lat' dir='ltr'><strong>devexa</strong></span> <span class='ocrx_word' id='word_1_637' title='bbox 2875 3874 2931 3918; x_wconf 90' lang='lat' dir='ltr'><strong>et</strong></span> <span class='ocrx_word' id='word_1_638' title='bbox 2963 3878 3196 3918; x_wconf 87' lang='lat' dir='ltr'><strong>concava</strong></span> <span class='ocrx_word' id='word_1_639' title='bbox 3225 3862 3347 3917; x_wconf 89' lang='lat' dir='ltr'><strong>loca</strong></span> <span class='ocrx_word' id='word_1_640' title='bbox 3377 3860 3565 3916; x_wconf 89' lang='lat' dir='ltr'><strong>dilabi.</strong></span> <span class='ocrx_word' id='word_1_641' title='bbox 3585 3858 3693 3914; x_wconf 89' lang='lat' dir='ltr'><strong>Sed</strong></span> 
     </span>
    </p>
   </div>
   <div class='ocr_carea' id='block_1_86' title="bbox 2119 3954 3692 4028">
    <p class='ocr_par' dir='ltr' id='par_1_86' title="bbox 2119 3954 3692 4028">
     <span class='ocr_line' id='line_1_86' title="bbox 2119 3954 3692 4028; baseline -0.006 -15"><span class='ocrx_word' id='word_1_642' title='bbox 2119 3958 2246 4028; x_wconf 90' lang='lat' dir='ltr'><strong>quid</strong></span> <span class='ocrx_word' id='word_1_643' title='bbox 2277 3958 2424 4027; x_wconf 92' lang='lat' dir='ltr'><strong>prius</strong></span> <span class='ocrx_word' id='word_1_644' title='bbox 2461 3957 2755 4012; x_wconf 86' lang='lat' dir='ltr'><strong>obtinuerit</strong></span> <span class='ocrx_word' id='word_1_645' title='bbox 2800 3958 3022 4021; x_wconf 85' lang='lat' dir='ltr'><strong>virium,</strong></span> <span class='ocrx_word' id='word_1_646' title='bbox 3065 3964 3190 4009; x_wconf 89' lang='lat' dir='ltr'><strong>ante</strong></span> <span class='ocrx_word' id='word_1_647' title='bbox 3237 3954 3494 4008; x_wconf 88' lang='lat' dir='ltr'><strong>nimirum</strong></span> <span class='ocrx_word' id='word_1_648' title='bbox 3528 3966 3692 4023; x_wconf 87' lang='lat' dir='ltr'><strong>quam</strong></span> 
     </span>
    </p>
   </div>
   <div class='ocr_carea' id='block_1_87' title="bbox 2120 4042 3695 4116">
    <p class='ocr_par' dir='ltr' id='par_1_87' title="bbox 2120 4042 3695 4116">
     <span class='ocr_line' id='line_1_87' title="bbox 2120 4042 3695 4116; baseline -0.004 -14"><span class='ocrx_word' id='word_1_649' title='bbox 2120 4063 2314 4102; x_wconf 90' lang='lat' dir='ltr'><strong>cursus</strong></span> <span class='ocrx_word' id='word_1_650' title='bbox 2349 4047 2438 4102; x_wconf 82' lang='lat' dir='ltr'><strong>hic</strong></span> <span class='ocrx_word' id='word_1_651' title='bbox 2466 4048 2515 4101; x_wconf 89' lang='lat' dir='ltr'><strong>ei</strong></span> <span class='ocrx_word' id='word_1_652' title='bbox 2544 4047 2648 4101; x_wconf 91' lang='lat' dir='ltr'><strong>isto</strong></span> <span class='ocrx_word' id='word_1_653' title='bbox 2688 4053 2961 4116; x_wconf 72' lang='lat' dir='ltr'><strong>praecepto</strong></span> <span class='ocrx_word' id='word_1_654' title='bbox 3013 4046 3402 4116; x_wconf 79' lang='lat' dir='ltr'><strong>ingigneretur,</strong></span> <span class='ocrx_word' id='word_1_655' title='bbox 3434 4057 3531 4097; x_wconf 91' lang='lat' dir='ltr'><strong>nec</strong></span> <span class='ocrx_word' id='word_1_656' title='bbox 3552 4042 3695 4097; x_wconf 86' lang='lat' dir='ltr'><strong>nosti</strong></span> 
     </span>
    </p>
   </div>
   <div class='ocr_carea' id='block_1_88' title="bbox 2122 4132 3697 4206">
    <p class='ocr_par' dir='ltr' id='par_1_88' title="bbox 2122 4132 3697 4206">
     <span class='ocr_line' id='line_1_88' title="bbox 2122 4132 3697 4206; baseline -0.004 -14"><span class='ocrx_word' id='word_1_657' title='bbox 2122 4139 2259 4206; x_wconf 90' lang='lat' dir='ltr'><strong>ipse,</strong></span> <span class='ocrx_word' id='word_1_658' title='bbox 2308 4153 2408 4191; x_wconf 85' lang='lat' dir='ltr'><strong>nec</strong></span> <span class='ocrx_word' id='word_1_659' title='bbox 2440 4151 2767 4205; x_wconf 78' lang='lat' dir='ltr'><strong>quamquam</strong></span> <span class='ocrx_word' id='word_1_660' title='bbox 2819 4135 2910 4205; x_wconf 86' lang='lat' dir='ltr'><strong>qui</strong></span> <span class='ocrx_word' id='word_1_661' title='bbox 2964 4135 3199 4200; x_wconf 90' lang='lat' dir='ltr'><strong>noverit,</strong></span> <span class='ocrx_word' id='word_1_662' title='bbox 3240 4133 3459 4188; x_wconf 87' lang='lat' dir='ltr'><strong>audisti.</strong></span> <span class='ocrx_word' id='word_1_663' title='bbox 3506 4132 3697 4203; x_wconf 74' lang='lat' dir='ltr'><strong>Cogita</strong></span> 
     </span>
    </p>
   </div>
   <div class='ocr_carea' id='block_1_89' title="bbox 2122 4221 3702 4287">
    <p class='ocr_par' dir='ltr' id='par_1_89' title="bbox 2122 4221 3702 4287">
     <span class='ocr_line' id='line_1_89' title="bbox 2122 4221 3702 4287; baseline -0.005 -6"><span class='ocrx_word' id='word_1_664' title='bbox 2122 4227 2263 4282; x_wconf 84' lang='lat' dir='ltr'><strong>enim</strong></span> <span class='ocrx_word' id='word_1_665' title='bbox 2295 4225 2388 4280; x_wconf 89' lang='lat' dir='ltr'><strong>Dei</strong></span> <span class='ocrx_word' id='word_1_666' title='bbox 2444 4240 2632 4279; x_wconf 84' lang='lat' dir='ltr'><strong>vocem</strong></span> <span class='ocrx_word' id='word_1_667' title='bbox 2684 4232 2892 4277; x_wconf 71' lang='lat' dir='ltr'><strong>natura:</strong></span> <span class='ocrx_word' id='word_1_668' title='bbox 2929 4236 3050 4277; x_wconf 90' lang='lat' dir='ltr'><strong>esse</strong></span> <span class='ocrx_word' id='word_1_669' title='bbox 3095 4221 3452 4283; x_wconf 73' lang='lat' dir='ltr'><strong>effectricem,</strong></span> <span class='ocrx_word' id='word_1_670' title='bbox 3498 4235 3561 4272; x_wconf 88' lang='lat' dir='ltr'><strong>ac</strong></span> <span class='ocrx_word' id='word_1_671' title='bbox 3603 4233 3702 4287; x_wconf 86' lang='lat' dir='ltr'><strong>per</strong></span> 
     </span>
    </p>
   </div>
   <div class='ocr_carea' id='block_1_90' title="bbox 2123 4312 3699 4387">
    <p class='ocr_par' dir='ltr' id='par_1_90' title="bbox 2123 4312 3699 4387">
     <span class='ocr_line' id='line_1_90' title="bbox 2123 4312 3699 4387; baseline -0.007 -16"><span class='ocrx_word' id='word_1_672' title='bbox 2123 4324 2447 4387; x_wconf 66' lang='lat' dir='ltr'><strong>prmeeptum</strong></span> <span class='ocrx_word' id='word_1_673' title='bbox 2508 4313 2659 4378; x_wconf 90' lang='lat' dir='ltr'><strong>illud,</strong></span> <span class='ocrx_word' id='word_1_674' title='bbox 2691 4312 2834 4382; x_wconf 89' lang='lat' dir='ltr'><strong>quod</strong></span> <span class='ocrx_word' id='word_1_675' title='bbox 2880 4322 3145 4366; x_wconf 70' lang='lat' dir='ltr'><strong>creatura:</strong></span> <span class='ocrx_word' id='word_1_676' title='bbox 3194 4312 3379 4364; x_wconf 88' lang='lat' dir='ltr'><strong>datum</strong></span> <span class='ocrx_word' id='word_1_677' title='bbox 3413 4319 3540 4364; x_wconf 90' lang='lat' dir='ltr'><strong>tunc</strong></span> <span class='ocrx_word' id='word_1_678' title='bbox 3590 4317 3699 4372; x_wconf 83' lang='lat' dir='ltr'><strong>est,</strong></span> 
     </span>
    </p>
   </div>
   <div class='ocr_carea' id='block_1_91' title="bbox 2125 4401 3697 4470">
    <p class='ocr_par' dir='ltr' id='par_1_91' title="bbox 2125 4401 3697 4470">
     <span class='ocr_line' id='line_1_91' title="bbox 2125 4401 3697 4470; baseline -0.005 -5"><span class='ocrx_word' id='word_1_679' title='bbox 2125 4410 2341 4465; x_wconf 91' lang='lat' dir='ltr'><strong>modum</strong></span> <span class='ocrx_word' id='word_1_680' title='bbox 2372 4424 2433 4462; x_wconf 87' lang='lat' dir='ltr'><strong>ac</strong></span> <span class='ocrx_word' id='word_1_681' title='bbox 2450 4407 2694 4461; x_wconf 89' lang='lat' dir='ltr'><strong>ordinem</strong></span> <span class='ocrx_word' id='word_1_682' title='bbox 2718 4405 2918 4461; x_wconf 89' lang='lat' dir='ltr'><strong>creatis</strong></span> <span class='ocrx_word' id='word_1_683' title='bbox 2942 4405 3103 4460; x_wconf 91' lang='lat' dir='ltr'><strong>rebus</strong></span> <span class='ocrx_word' id='word_1_684' title='bbox 3125 4404 3178 4457; x_wconf 94' lang='lat' dir='ltr'><strong>in</strong></span> <span class='ocrx_word' id='word_1_685' title='bbox 3206 4402 3447 4457; x_wconf 80' lang='lat' dir='ltr'><strong>futurum</strong></span> <span class='ocrx_word' id='word_1_686' title='bbox 3473 4401 3697 4470; x_wconf 88' lang='lat' dir='ltr'><strong>imponi.</strong></span> 
     </span>
    </p>
   </div>
   <div class='ocr_carea' id='block_1_92' title="bbox 451 4491 2010 4573">
    <p class='ocr_par' dir='ltr' id='par_1_92' title="bbox 451 4498 2010 4573">
     <span class='ocr_line' id='line_1_92' title="bbox 451 4498 2010 4573; baseline -0.003 -19"><span class='ocrx_word' id='word_1_687' title='bbox 451 4501 572 4554; x_wconf 88' lang='grc' dir='ltr'>κατ’</span> <span class='ocrx_word' id='word_1_688' title='bbox 601 4501 908 4573; x_wconf 77' lang='grc' dir='ltr'>ἰσομοιρίαν</span> <span class='ocrx_word' id='word_1_689' title='bbox 952 4501 1329 4572; x_wconf 88' lang='grc' dir='ltr'>διαιρούμεναι</span> <span class='ocrx_word' id='word_1_690' title='bbox 1357 4500 1450 4554; x_wconf 86' lang='grc' dir='ltr'><strong>τὸν</strong></span> <span class='ocrx_word' id='word_1_691' title='bbox 1479 4500 1668 4572; x_wconf 89' lang='grc' dir='ltr'>χρόνον</span> <span class='ocrx_word' id='word_1_692' title='bbox 1696 4500 1797 4553; x_wconf 85' lang='grc' dir='ltr'><strong>οὑκ</strong></span> <span class='ocrx_word' id='word_1_693' title='bbox 1819 4498 2010 4570; x_wconf 77' lang='grc' dir='ltr'>ἀπολή-</span> 
     </span>
    </p>
   </div>
   <div class='ocr_carea' id='block_1_93' title="bbox 2109 4491 3703 4573">
    <p class='ocr_par' dir='ltr' id='par_1_93' title="bbox 2130 4491 3703 4559">
     <span class='ocr_line' id='line_1_93' title="bbox 2130 4491 3703 4559; baseline -0.008 -3"><span class='ocrx_word' id='word_1_694' title='bbox 2130 4502 2323 4556; x_wconf 85' lang='lat' dir='ltr'><strong>Creata</strong></span> <span class='ocrx_word' id='word_1_695' title='bbox 2367 4507 2493 4553; x_wconf 89' lang='lat' dir='ltr'><strong>sunt</strong></span> <span class='ocrx_word' id='word_1_696' title='bbox 2521 4497 2666 4551; x_wconf 91' lang='lat' dir='ltr'><strong>enim</strong></span> <span class='ocrx_word' id='word_1_697' title='bbox 2698 4495 2865 4550; x_wconf 85' lang='lat' dir='ltr'><strong>semel</strong></span> <span class='ocrx_word' id='word_1_698' title='bbox 2888 4494 3002 4549; x_wconf 92' lang='lat' dir='ltr'><strong>dies</strong></span> <span class='ocrx_word' id='word_1_699' title='bbox 3024 4504 3077 4549; x_wconf 88' lang='lat' dir='ltr'><strong>et</strong></span> <span class='ocrx_word' id='word_1_700' title='bbox 3116 4508 3257 4559; x_wconf 82' lang='lat' dir='ltr'><strong>nox;</strong></span> <span class='ocrx_word' id='word_1_701' title='bbox 3291 4503 3345 4547; x_wconf 91' lang='lat' dir='ltr'><strong>et</strong></span> <span class='ocrx_word' id='word_1_702' title='bbox 3372 4507 3437 4546; x_wconf 85' lang='lat' dir='ltr'><strong>ex</strong></span> <span class='ocrx_word' id='word_1_703' title='bbox 3468 4491 3557 4546; x_wconf 91' lang='lat' dir='ltr'><strong>illo</strong></span> <span class='ocrx_word' id='word_1_704' title='bbox 3582 4506 3703 4545; x_wconf 82' lang='lat' dir='ltr'><strong>rno-</strong></span> 
     </span>
    </p>
   </div>
   <div class='ocr_carea' id='block_1_94' title="bbox 451 4609 660 4661">
    <p class='ocr_par' dir='ltr' id='par_1_94' title="bbox 451 4609 660 4661">
     <span class='ocr_line' id='line_1_94' title="bbox 451 4609 660 4661; baseline 0.01 -15"><span class='ocrx_word' id='word_1_705' title='bbox 451 4609 660 4661; x_wconf 81' lang='grc' dir='ltr'>γουσιν.</span> 
     </span>
    </p>
   </div>
   <div class='ocr_carea' id='block_1_95' title="bbox 523 4772 2030 4846">
    <p class='ocr_par' dir='ltr' id='par_1_95' title="bbox 523 4772 2030 4846">
     <span class='ocr_line' id='line_1_95' title="bbox 523 4772 2030 4846; baseline -0.004 -15"><span class='ocrx_word' id='word_1_706' title='bbox 523 4777 577 4831; x_wconf 75' lang='lat'><strong>5.</strong></span> <span class='ocrx_word' id='word_1_707' title='bbox 617 4774 978 4845; x_wconf 78' lang='grc' dir='ltr'>Συναχθήτω</span> <span class='ocrx_word' id='word_1_708' title='bbox 991 4774 1065 4830; x_wconf 85' lang='grc' dir='ltr'>τὰ</span> <span class='ocrx_word' id='word_1_709' title='bbox 1091 4774 1297 4830; x_wconf 79' lang='grc' dir='ltr'>ὕδατα.</span> <span class='ocrx_word' id='word_1_710' title='bbox 1335 4773 1656 4846; x_wconf 85' lang='grc' dir='ltr'>Ἔκελεύσθη</span> <span class='ocrx_word' id='word_1_711' title='bbox 1685 4774 1894 4846; x_wconf 89' lang='grc' dir='ltr'>τρέχειν</span> <span class='ocrx_word' id='word_1_712' title='bbox 1922 4772 2030 4825; x_wconf 85' lang='grc' dir='ltr'><strong>τῶν</strong></span> 
     </span>
    </p>
   </div>
   <div class='ocr_carea' id='block_1_96' title="bbox 455 4865 2029 4939">
    <p class='ocr_par' dir='ltr' id='par_1_96' title="bbox 455 4865 2029 4939">
     <span class='ocr_line' id='line_1_96' title="bbox 455 4865 2029 4939; baseline -0.005 -16"><span class='ocrx_word' id='word_1_713' title='bbox 455 4868 705 4939; x_wconf 86' lang='grc' dir='ltr'>ὑδάτωνὴ</span> <span class='ocrx_word' id='word_1_714' title='bbox 746 4866 907 4937; x_wconf 78' lang='grc' dir='ltr'>φύσις</span> <span class='ocrx_word' id='word_1_715' title='bbox 945 4867 1078 4939; x_wconf 80' lang='lat' dir='ltr'><strong>(7i),</strong></span> <span class='ocrx_word' id='word_1_716' title='bbox 1112 4868 1207 4921; x_wconf 80' lang='grc' dir='ltr'><strong>καὶ</strong></span> <span class='ocrx_word' id='word_1_717' title='bbox 1243 4866 1496 4920; x_wconf 80' lang='grc' dir='ltr'>οὐδέποτε</span> <span class='ocrx_word' id='word_1_718' title='bbox 1521 4866 1721 4937; x_wconf 88' lang='grc' dir='ltr'>κάμνει</span> <span class='ocrx_word' id='word_1_719' title='bbox 1751 4865 1828 4934; x_wconf 85' lang='grc' dir='ltr'>τῷ</span> <span class='ocrx_word' id='word_1_720' title='bbox 1863 4880 2029 4930; x_wconf 90' lang='grc' dir='ltr'>προσ-</span> 
     </span>
    </p>
   </div>
   <div class='ocr_carea' id='block_1_97' title="bbox 453 4954 2030 5033">
    <p class='ocr_par' dir='ltr' id='par_1_97' title="bbox 453 4954 2030 5033">
     <span class='ocr_line' id='line_1_97' title="bbox 453 4954 2030 5033; baseline -0.006 -18"><span class='ocrx_word' id='word_1_721' title='bbox 453 4963 697 5033; x_wconf 83' lang='grc' dir='ltr'>τάγματι</span> <span class='ocrx_word' id='word_1_722' title='bbox 761 4960 954 5032; x_wconf 81' lang='grc' dir='ltr'>ἐκείνῳ</span> <span class='ocrx_word' id='word_1_723' title='bbox 990 4958 1467 5031; x_wconf 83' lang='grc' dir='ltr'>κατασπευδομένη</span> <span class='ocrx_word' id='word_1_724' title='bbox 1528 4955 1809 5030; x_wconf 84' lang='grc' dir='ltr'>διηνεκῶς.</span> <span class='ocrx_word' id='word_1_725' title='bbox 1861 4954 2030 5008; x_wconf 83' lang='grc' dir='ltr'>Τοῦτο</span> 
     </span>
    </p>
   </div>
   <div class='ocr_carea' id='block_1_98' title="bbox 453 5047 2031 5123">
    <p class='ocr_par' dir='ltr' id='par_1_98' title="bbox 453 5047 2031 5123">
     <span class='ocr_line' id='line_1_98' title="bbox 453 5047 2031 5123; baseline -0.007 -15"><span class='ocrx_word' id='word_1_726' title='bbox 453 5054 512 5108; x_wconf 77' lang='grc' dir='ltr'>δὲ</span> <span class='ocrx_word' id='word_1_727' title='bbox 554 5053 718 5122; x_wconf 85' lang='grc' dir='ltr'>λέγω,</span> <span class='ocrx_word' id='word_1_728' title='bbox 749 5052 886 5123; x_wconf 81' lang='grc' dir='ltr'>πρὸς</span> <span class='ocrx_word' id='word_1_729' title='bbox 916 5052 1015 5123; x_wconf 82' lang='grc' dir='ltr'>τὴν</span> <span class='ocrx_word' id='word_1_730' title='bbox 1065 5052 1228 5123; x_wconf 84' lang='grc' dir='ltr'>ῥυτὴν</span> <span class='ocrx_word' id='word_1_731' title='bbox 1266 5049 1486 5122; x_wconf 81' lang='grc' dir='ltr'>ἀφορῶν</span> <span class='ocrx_word' id='word_1_732' title='bbox 1530 5049 1643 5104; x_wconf 82' lang='grc' dir='ltr'><strong>τῶν</strong></span> <span class='ocrx_word' id='word_1_733' title='bbox 1675 5047 1882 5102; x_wconf 81' lang='grc' dir='ltr'>ὑδάτων</span> <span class='ocrx_word' id='word_1_734' title='bbox 1915 5047 2031 5116; x_wconf 86' lang='grc' dir='ltr'>μοῖ-</span> 
     </span>
    </p>
   </div>
   <div class='ocr_carea' id='block_1_99' title="bbox 458 5138 2034 5218">
    <p class='ocr_par' dir='ltr' id='par_1_99' title="bbox 458 5138 2034 5218">
     <span class='ocr_line' id='line_1_99' title="bbox 458 5138 2034 5218; baseline -0.006 -18"><span class='ocrx_word' id='word_1_735' title='bbox 458 5165 577 5218; x_wconf 90' lang='grc' dir='ltr'>ραν.</span> <span class='ocrx_word' id='word_1_736' title='bbox 597 5146 679 5199; x_wconf 84' lang='grc' dir='ltr'><strong>Τὰ</strong></span> <span class='ocrx_word' id='word_1_737' title='bbox 708 5146 806 5217; x_wconf 84' lang='grc' dir='ltr'><strong>μὲν</strong></span> <span class='ocrx_word' id='word_1_738' title='bbox 835 5147 943 5215; x_wconf 85' lang='grc' dir='ltr'><strong>γὰρ</strong></span> <span class='ocrx_word' id='word_1_739' title='bbox 976 5145 1257 5216; x_wconf 82' lang='grc' dir='ltr'>αὐτόματα</span> <span class='ocrx_word' id='word_1_740' title='bbox 1297 5147 1400 5216; x_wconf 75' lang='grc' dir='ltr'>ῥεῖ,</span> <span class='ocrx_word' id='word_1_741' title='bbox 1431 5138 1541 5198; x_wconf 75' lang='grc' dir='ltr'>οἷον</span> <span class='ocrx_word' id='word_1_742' title='bbox 1570 5143 1637 5197; x_wconf 78' lang='grc' dir='ltr'>τὰ</span> <span class='ocrx_word' id='word_1_743' title='bbox 1683 5142 1918 5213; x_wconf 82' lang='grc' dir='ltr'>κρηναῖα</span> <span class='ocrx_word' id='word_1_744' title='bbox 1940 5138 2034 5192; x_wconf 75' lang='grc' dir='ltr'>καὶ</span> 
     </span>
    </p>
   </div>
   <div class='ocr_carea' id='block_1_100' title="bbox 455 5229 2031 5305">
    <p class='ocr_par' dir='ltr' id='par_1_100' title="bbox 455 5229 2031 5305">
     <span class='ocr_line' id='line_1_100' title="bbox 455 5229 2031 5305; baseline -0.003 -19"><span class='ocrx_word' id='word_1_745' title='bbox 455 5233 523 5287; x_wconf 79' lang='grc' dir='ltr'>τὰ</span> <span class='ocrx_word' id='word_1_746' title='bbox 551 5235 824 5305; x_wconf 76' lang='grc' dir='ltr'>ποτάμιαο</span> <span class='ocrx_word' id='word_1_747' title='bbox 856 5235 924 5287; x_wconf 76' lang='grc' dir='ltr'>τὰ</span> <span class='ocrx_word' id='word_1_748' title='bbox 951 5233 1009 5287; x_wconf 80' lang='grc' dir='ltr'><strong>δὲ</strong></span> <span class='ocrx_word' id='word_1_749' title='bbox 1056 5233 1420 5305; x_wconf 86' lang='grc' dir='ltr'>συλλογιμαῖά</span> <span class='ocrx_word' id='word_1_750' title='bbox 1447 5234 1563 5285; x_wconf 81' lang='grc' dir='ltr'>ἐστι</span> <span class='ocrx_word' id='word_1_751' title='bbox 1609 5232 1704 5284; x_wconf 74' lang='grc' dir='ltr'><strong>καὶ</strong></span> <span class='ocrx_word' id='word_1_752' title='bbox 1732 5229 2031 5300; x_wconf 83' lang='grc' dir='ltr'>ἅπόρευτα.</span> 
     </span>
    </p>
   </div>
   <div class='ocr_carea' id='block_1_101' title="bbox 471 5319 2033 5396">
    <p class='ocr_par' dir='ltr' id='par_1_101' title="bbox 471 5319 2033 5396">
     <span class='ocr_line' id='line_1_101' title="bbox 471 5319 2033 5396; baseline -0.004 -18"><span class='ocrx_word' id='word_1_753' title='bbox 471 5324 608 5378; x_wconf 87' lang='grc' dir='ltr'>Ἀλλ’</span> <span class='ocrx_word' id='word_1_754' title='bbox 641 5325 765 5395; x_wconf 74' lang='grc' dir='ltr'>ἐμοὶ</span> <span class='ocrx_word' id='word_1_755' title='bbox 798 5324 893 5380; x_wconf 79' lang='grc' dir='ltr'>νῦν</span> <span class='ocrx_word' id='word_1_756' title='bbox 924 5326 1054 5396; x_wconf 74' lang='grc' dir='ltr'>περὶ</span> <span class='ocrx_word' id='word_1_757' title='bbox 1085 5325 1197 5380; x_wconf 84' lang='grc' dir='ltr'><strong>τῶν</strong></span> <span class='ocrx_word' id='word_1_758' title='bbox 1222 5323 1539 5396; x_wconf 85' lang='grc' dir='ltr'>ὁρμητικῶν</span> <span class='ocrx_word' id='word_1_759' title='bbox 1574 5323 1783 5377; x_wconf 84' lang='grc' dir='ltr'>ὑδάτων</span> <span class='ocrx_word' id='word_1_760' title='bbox 1804 5324 1833 5375; x_wconf 89' lang='grc' dir='ltr'>ὁ</span> <span class='ocrx_word' id='word_1_761' title='bbox 1856 5319 2033 5388; x_wconf 89' lang='grc' dir='ltr'>λόγος.</span> 
     </span>
    </p>
   </div>
   <div class='ocr_carea' id='block_1_102' title="bbox 561 5570 1284 5646">
    <p class='ocr_par' dir='ltr' id='par_1_102' title="bbox 561 5570 1284 5646">
     <span class='ocr_line' id='line_1_102' title="bbox 561 5570 1284 5646; baseline 0.004 -20"><span class='ocrx_word' id='word_1_762' title='bbox 561 5570 649 5646; x_wconf 67' lang='lat' dir='ltr'><strong>es)</strong></span> <span class='ocrx_word' id='word_1_763' title='bbox 671 5570 805 5646; x_wconf 57' lang='lat'><strong>1393.</strong></span> <span class='ocrx_word' id='word_1_764' title='bbox 843 5585 1028 5629; x_wconf 82' lang='lat' dir='ltr'><strong>sextus</strong></span> <span class='ocrx_word' id='word_1_765' title='bbox 1049 5576 1284 5646; x_wconf 60' lang='grc' dir='ltr'><strong>εἴρηται2</strong></span> 
     </span>
    </p>
   </div>
   <div class='ocr_carea' id='block_1_103' title="bbox 561 5640 2040 5714">
    <p class='ocr_par' dir='ltr' id='par_1_103' title="bbox 561 5640 2040 5714">
     <span class='ocr_line' id='line_1_103' title="bbox 561 5640 2040 5714; baseline 0.001 -19"><span class='ocrx_word' id='word_1_766' title='bbox 561 5640 651 5713; x_wconf 91' lang='lat'><strong>69)</strong></span> <span class='ocrx_word' id='word_1_767' title='bbox 678 5640 1031 5714; x_wconf 74' lang='lat' dir='ltr'><strong>Sie_quinque</strong></span> <span class='ocrx_word' id='word_1_768' title='bbox 1060 5640 1193 5700; x_wconf 72' lang='lat' dir='ltr'><strong>mss.</strong></span> <span class='ocrx_word' id='word_1_769' title='bbox 1244 5643 1388 5698; x_wconf 88' lang='lat' dir='ltr'><strong>Editi</strong></span> <span class='ocrx_word' id='word_1_770' title='bbox 1433 5643 1604 5714; x_wconf 82' lang='grc' dir='ltr'>τύχοι.</span> <span class='ocrx_word' id='word_1_771' title='bbox 1636 5641 1754 5695; x_wconf 81' lang='lat' dir='ltr'><strong>Mox</strong></span> <span class='ocrx_word' id='word_1_772' title='bbox 1801 5652 2040 5709; x_wconf 83' lang='lat' dir='ltr'><strong>quatuor</strong></span> 
     </span>
    </p>
   </div>
   <div class='ocr_carea' id='block_1_104' title="bbox 471 5712 1930 5786">
    <p class='ocr_par' dir='ltr' id='par_1_104' title="bbox 471 5712 1930 5786">
     <span class='ocr_line' id='line_1_104' title="bbox 471 5712 1930 5786; baseline -0.001 -19"><span class='ocrx_word' id='word_1_773' title='bbox 471 5725 747 5786; x_wconf 41' lang='lat' dir='ltr'><strong>msgfetun</strong></span> <span class='ocrx_word' id='word_1_774' title='bbox 777 5712 1259 5786; x_wconf 51' lang='grc' dir='ltr'>Βοίηξμεταῤῥυῇ,</span> <span class='ocrx_word' id='word_1_775' title='bbox 1285 5717 1444 5786; x_wconf 76' lang='lat' dir='ltr'><strong>bene.</strong></span> <span class='ocrx_word' id='word_1_776' title='bbox 1481 5712 1618 5786; x_wconf 61' lang='lat' dir='ltr'><strong>l‘liliti</strong></span> <span class='ocrx_word' id='word_1_777' title='bbox 1659 5714 1930 5786; x_wconf 58' lang='grc' dir='ltr'>μεταῤῥῇ,</span> 
     </span>
    </p>
   </div>
   <div class='ocr_carea' id='block_1_105' title="bbox 542 5753 2039 5854">
    <p class='ocr_par' dir='ltr' id='par_1_105' title="bbox 542 5753 2039 5854">
     <span class='ocr_line' id='line_1_105' title="bbox 542 5753 2039 5854; baseline 0.001 -20"><span class='ocrx_word' id='word_1_778' title='bbox 542 5753 2039 5854; x_wconf 54' lang='grc' dir='ltr'><strong>ζῖὥϊὲέῗῗῖἱὲίὲιῖῖξὶῧῖιί¹’ὅόἑὶι“ἱὶεὲἷ”ὲζιτ⁸ἕρ’ῗτὲἐ¹ξ›²ἐρρεο</strong></span> 
     </span>
    </p>
   </div>
   <div class='ocr_carea' id='block_1_106' title="bbox 2129 4577 3701 4644">
    <p class='ocr_par' dir='ltr' id='par_1_106' title="bbox 2129 4577 3701 4644">
     <span class='ocr_line' id='line_1_106' title="bbox 2129 4577 3701 4644; baseline -0.006 -3"><span class='ocrx_word' id='word_1_779' title='bbox 2129 4594 2307 4641; x_wconf 87' lang='lat' dir='ltr'><strong>mento</strong></span> <span class='ocrx_word' id='word_1_780' title='bbox 2333 4584 2494 4639; x_wconf 87' lang='lat' dir='ltr'><strong>etiam</strong></span> <span class='ocrx_word' id='word_1_781' title='bbox 2543 4595 2686 4635; x_wconf 92' lang='lat' dir='ltr'><strong>nunc</strong></span> <span class='ocrx_word' id='word_1_782' title='bbox 2728 4581 2830 4634; x_wconf 87' lang='lat' dir='ltr'><strong>sibi</strong></span> <span class='ocrx_word' id='word_1_783' title='bbox 2880 4580 3113 4635; x_wconf 88' lang='lat' dir='ltr'><strong>invicem</strong></span> <span class='ocrx_word' id='word_1_784' title='bbox 3164 4578 3487 4644; x_wconf 88' lang='lat' dir='ltr'><strong>succedere,</strong></span> <span class='ocrx_word' id='word_1_785' title='bbox 3539 4592 3602 4632; x_wconf 90' lang='lat' dir='ltr'><strong>ac</strong></span> <span class='ocrx_word' id='word_1_786' title='bbox 3647 4577 3701 4632; x_wconf 92' lang='lat' dir='ltr'><strong>in</strong></span> 
     </span>
    </p>
   </div>
   <div class='ocr_carea' id='block_1_107' title="bbox 2126 4668 3524 4749">
    <p class='ocr_par' dir='ltr' id='par_1_107' title="bbox 2126 4668 3524 4749">
     <span class='ocr_line' id='line_1_107' title="bbox 2126 4668 3524 4749; baseline -0.007 -16"><span class='ocrx_word' id='word_1_787' title='bbox 2126 4687 2306 4749; x_wconf 92' lang='lat' dir='ltr'><strong>partes</strong></span> <span class='ocrx_word' id='word_1_788' title='bbox 2341 4673 2577 4745; x_wconf 71' lang='lat' dir='ltr'><strong>mquales</strong></span> <span class='ocrx_word' id='word_1_789' title='bbox 2605 4683 2812 4742; x_wconf 89' lang='lat' dir='ltr'><strong>tempus</strong></span> <span class='ocrx_word' id='word_1_790' title='bbox 2845 4670 3087 4726; x_wconf 85' lang='lat' dir='ltr'><strong>dividere</strong></span> <span class='ocrx_word' id='word_1_791' title='bbox 3118 4687 3223 4725; x_wconf 90' lang='lat' dir='ltr'><strong>non</strong></span> <span class='ocrx_word' id='word_1_792' title='bbox 3251 4668 3524 4725; x_wconf 88' lang='lat' dir='ltr'><strong>desinunt.</strong></span> 
     </span>
    </p>
   </div>
   <div class='ocr_carea' id='block_1_108' title="bbox 2196 4762 3703 4837">
    <p class='ocr_par' dir='ltr' id='par_1_108' title="bbox 2196 4762 3703 4837">
     <span class='ocr_line' id='line_1_108' title="bbox 2196 4762 3703 4837; baseline -0.009 -12"><span class='ocrx_word' id='word_1_793' title='bbox 2196 4770 2250 4825; x_wconf 71' lang='grc' dir='ltr'><strong>ὅ.</strong></span> <span class='ocrx_word' id='word_1_794' title='bbox 2278 4767 2670 4837; x_wconf 86' lang='lat' dir='ltr'><strong>Congregentur</strong></span> <span class='ocrx_word' id='word_1_795' title='bbox 2691 4780 2863 4834; x_wconf 63' lang='lat' dir='ltr'><strong>aquas.</strong></span> <span class='ocrx_word' id='word_1_796' title='bbox 2903 4762 3060 4820; x_wconf 79' lang='lat' dir='ltr'><strong>Jussa</strong></span> <span class='ocrx_word' id='word_1_797' title='bbox 3082 4770 3164 4816; x_wconf 91' lang='lat' dir='ltr'><strong>est</strong></span> <span class='ocrx_word' id='word_1_798' title='bbox 3195 4775 3417 4815; x_wconf 90' lang='lat' dir='ltr'><strong>currere</strong></span> <span class='ocrx_word' id='word_1_799' title='bbox 3441 4773 3703 4828; x_wconf 88' lang='lat' dir='ltr'><strong>aquarum</strong></span> 
     </span>
    </p>
   </div>
   <div class='ocr_carea' id='block_1_109' title="bbox 2129 4857 3707 4931">
    <p class='ocr_par' dir='ltr' id='par_1_109' title="bbox 2129 4857 3707 4931">
     <span class='ocr_line' id='line_1_109' title="bbox 2129 4857 3707 4931; baseline -0.006 -13"><span class='ocrx_word' id='word_1_800' title='bbox 2129 4874 2343 4927; x_wconf 90' lang='lat' dir='ltr'><strong>natura,</strong></span> <span class='ocrx_word' id='word_1_801' title='bbox 2379 4877 2479 4916; x_wconf 90' lang='lat' dir='ltr'><strong>nec</strong></span> <span class='ocrx_word' id='word_1_802' title='bbox 2507 4876 2741 4931; x_wconf 89' lang='lat' dir='ltr'><strong>unquam</strong></span> <span class='ocrx_word' id='word_1_803' title='bbox 2776 4868 3048 4929; x_wconf 74' lang='lat' dir='ltr'><strong>praecepto</strong></span> <span class='ocrx_word' id='word_1_804' title='bbox 3087 4857 3179 4911; x_wconf 91' lang='lat' dir='ltr'><strong>illo</strong></span> <span class='ocrx_word' id='word_1_805' title='bbox 3205 4872 3324 4912; x_wconf 88' lang='lat' dir='ltr'><strong>eam</strong></span> <span class='ocrx_word' id='word_1_806' title='bbox 3356 4871 3570 4925; x_wconf 89' lang='lat' dir='ltr'><strong>semper</strong></span> <span class='ocrx_word' id='word_1_807' title='bbox 3615 4871 3707 4909; x_wconf 90' lang='lat' dir='ltr'><strong>ur-</strong></span> 
     </span>
    </p>
   </div>
   <div class='ocr_carea' id='block_1_110' title="bbox 2135 4946 3708 5026">
    <p class='ocr_par' dir='ltr' id='par_1_110' title="bbox 2135 4946 3708 5026">
     <span class='ocr_line' id='line_1_110' title="bbox 2135 4946 3708 5026; baseline -0.008 -16"><span class='ocrx_word' id='word_1_808' title='bbox 2135 4966 2293 5026; x_wconf 83' lang='lat' dir='ltr'><strong>gente</strong></span> <span class='ocrx_word' id='word_1_809' title='bbox 2330 4953 2608 5022; x_wconf 80' lang='lat' dir='ltr'><strong>fatigatur.</strong></span> <span class='ocrx_word' id='word_1_810' title='bbox 2645 4951 2756 5006; x_wconf 84' lang='lat' dir='ltr'><strong>Hoe</strong></span> <span class='ocrx_word' id='word_1_811' title='bbox 2781 4959 2961 5005; x_wconf 88' lang='lat' dir='ltr'><strong>autem</strong></span> <span class='ocrx_word' id='word_1_812' title='bbox 3003 4949 3144 5013; x_wconf 90' lang='lat' dir='ltr'><strong>dico,</strong></span> <span class='ocrx_word' id='word_1_813' title='bbox 3175 4948 3241 5003; x_wconf 90' lang='lat' dir='ltr'><strong>ad</strong></span> <span class='ocrx_word' id='word_1_814' title='bbox 3272 4946 3490 5001; x_wconf 82' lang='lat' dir='ltr'><strong>ﬂuidam</strong></span> <span class='ocrx_word' id='word_1_815' title='bbox 3533 4961 3708 5015; x_wconf 86' lang='lat' dir='ltr'><strong>aqua-</strong></span> 
     </span>
    </p>
   </div>
   <div class='ocr_carea' id='block_1_111' title="bbox 2138 5040 3711 5113">
    <p class='ocr_par' dir='ltr' id='par_1_111' title="bbox 2138 5040 3711 5113">
     <span class='ocr_line' id='line_1_111' title="bbox 2138 5040 3711 5113; baseline -0.005 -12"><span class='ocrx_word' id='word_1_816' title='bbox 2138 5062 2254 5101; x_wconf 91' lang='lat' dir='ltr'><strong>rum</strong></span> <span class='ocrx_word' id='word_1_817' title='bbox 2313 5055 2517 5101; x_wconf 85' lang='lat' dir='ltr'><strong>sortem</strong></span> <span class='ocrx_word' id='word_1_818' title='bbox 2575 5045 2894 5113; x_wconf 89' lang='lat' dir='ltr'><strong>respiciens.</strong></span> <span class='ocrx_word' id='word_1_819' title='bbox 2940 5041 3074 5095; x_wconf 67' lang='lat' dir='ltr'><strong>Alia:</strong></span> <span class='ocrx_word' id='word_1_820' title='bbox 3114 5040 3331 5111; x_wconf 90' lang='lat' dir='ltr'><strong>quidem</strong></span> <span class='ocrx_word' id='word_1_821' title='bbox 3372 5054 3469 5094; x_wconf 89' lang='lat' dir='ltr'><strong>sua</strong></span> <span class='ocrx_word' id='word_1_822' title='bbox 3517 5047 3711 5108; x_wconf 88' lang='lat' dir='ltr'><strong>sponte</strong></span> 
     </span>
    </p>
   </div>
   <div class='ocr_carea' id='block_1_112' title="bbox 2138 5130 3712 5207">
    <p class='ocr_par' dir='ltr' id='par_1_112' title="bbox 2138 5130 3712 5207">
     <span class='ocr_line' id='line_1_112' title="bbox 2138 5130 3712 5207; baseline -0.005 -15"><span class='ocrx_word' id='word_1_823' title='bbox 2138 5138 2329 5201; x_wconf 87' lang='lat' dir='ltr'><strong>ﬂuunt,</strong></span> <span class='ocrx_word' id='word_1_824' title='bbox 2356 5136 2657 5207; x_wconf 85' lang='lat' dir='ltr'><strong>cujusmodi</strong></span> <span class='ocrx_word' id='word_1_825' title='bbox 2683 5143 2808 5189; x_wconf 89' lang='lat' dir='ltr'><strong>sunt</strong></span> <span class='ocrx_word' id='word_1_826' title='bbox 2838 5134 3071 5189; x_wconf 66' lang='lat' dir='ltr'><strong>fontanae</strong></span> <span class='ocrx_word' id='word_1_827' title='bbox 3127 5144 3182 5188; x_wconf 91' lang='lat' dir='ltr'><strong>et</strong></span> <span class='ocrx_word' id='word_1_828' title='bbox 3228 5131 3552 5187; x_wconf 83' lang='lat' dir='ltr'><strong>ﬂuviatiles:</strong></span> <span class='ocrx_word' id='word_1_829' title='bbox 3591 5130 3712 5184; x_wconf 69' lang='lat' dir='ltr'><strong>alia!</strong></span> 
     </span>
    </p>
   </div>
   <div class='ocr_carea' id='block_1_113' title="bbox 2138 5222 3710 5294">
    <p class='ocr_par' dir='ltr' id='par_1_113' title="bbox 2138 5222 3710 5294">
     <span class='ocr_line' id='line_1_113' title="bbox 2138 5222 3710 5294; baseline -0.005 -11"><span class='ocrx_word' id='word_1_830' title='bbox 2138 5244 2267 5284; x_wconf 92' lang='lat' dir='ltr'><strong>vero</strong></span> <span class='ocrx_word' id='word_1_831' title='bbox 2299 5237 2426 5283; x_wconf 91' lang='lat' dir='ltr'><strong>sunt</strong></span> <span class='ocrx_word' id='word_1_832' title='bbox 2470 5226 2774 5284; x_wconf 81' lang='lat' dir='ltr'><strong>collectitiae</strong></span> <span class='ocrx_word' id='word_1_833' title='bbox 2808 5234 2863 5279; x_wconf 90' lang='lat' dir='ltr'><strong>et</strong></span> <span class='ocrx_word' id='word_1_834' title='bbox 2892 5225 3133 5280; x_wconf 86' lang='lat' dir='ltr'><strong>stabiles.</strong></span> <span class='ocrx_word' id='word_1_835' title='bbox 3189 5223 3347 5294; x_wconf 83' lang='lat' dir='ltr'><strong>Atqui</strong></span> <span class='ocrx_word' id='word_1_836' title='bbox 3382 5237 3524 5277; x_wconf 91' lang='lat' dir='ltr'><strong>nune</strong></span> <span class='ocrx_word' id='word_1_837' title='bbox 3578 5222 3710 5275; x_wconf 70' lang='lat' dir='ltr'><strong>milvi</strong></span> 
     </span>
    </p>
   </div>
   <div class='ocr_carea' id='block_1_114' title="bbox 2140 5311 3713 5389">
    <p class='ocr_par' dir='ltr' id='par_1_114' title="bbox 2140 5311 3713 5389">
     <span class='ocr_line' id='line_1_114' title="bbox 2140 5311 3713 5389; baseline -0.006 -14"><span class='ocrx_word' id='word_1_838' title='bbox 2140 5336 2319 5376; x_wconf 81' lang='lat' dir='ltr'><strong>sermo</strong></span> <span class='ocrx_word' id='word_1_839' title='bbox 2347 5327 2431 5375; x_wconf 87' lang='lat' dir='ltr'><strong>est</strong></span> <span class='ocrx_word' id='word_1_840' title='bbox 2455 5322 2520 5375; x_wconf 92' lang='lat' dir='ltr'><strong>de</strong></span> <span class='ocrx_word' id='word_1_841' title='bbox 2552 5318 2710 5389; x_wconf 87' lang='lat' dir='ltr'><strong>aquis</strong></span> <span class='ocrx_word' id='word_1_842' title='bbox 2739 5318 2940 5386; x_wconf 87' lang='lat' dir='ltr'><strong>impetu</strong></span> <span class='ocrx_word' id='word_1_843' title='bbox 2969 5317 3201 5387; x_wconf 89' lang='lat' dir='ltr'><strong>quodam</strong></span> <span class='ocrx_word' id='word_1_844' title='bbox 3227 5315 3532 5372; x_wconf 88' lang='lat' dir='ltr'><strong>commotis.</strong></span> <span class='ocrx_word' id='word_1_845' title='bbox 3559 5311 3713 5367; x_wconf 79' lang='lat' dir='ltr'><strong>Con-</strong></span> 
     </span>
    </p>
   </div>
   <div class='ocr_carea' id='block_1_115' title="bbox 2140 5563 3712 5641">
    <p class='ocr_par' dir='ltr' id='par_1_115' title="bbox 2140 5563 3712 5641">
     <span class='ocr_line' id='line_1_115' title="bbox 2140 5563 3712 5641; baseline -0.006 -16"><span class='ocrx_word' id='word_1_846' title='bbox 2140 5570 2262 5634; x_wconf 91' lang='grc' dir='ltr'>πές.</span> <span class='ocrx_word' id='word_1_847' title='bbox 2286 5568 2419 5641; x_wconf 80' lang='lat' dir='ltr'><strong>Reg.</strong></span> <span class='ocrx_word' id='word_1_848' title='bbox 2447 5570 2639 5626; x_wconf 86' lang='lat' dir='ltr'><strong>tertius</strong></span> <span class='ocrx_word' id='word_1_849' title='bbox 2662 5570 2743 5623; x_wconf 82' lang='grc' dir='ltr'>ὅτι</span> <span class='ocrx_word' id='word_1_850' title='bbox 2779 5566 3082 5641; x_wconf 79' lang='grc' dir='ltr'>διεῤῥεπές.</span> <span class='ocrx_word' id='word_1_851' title='bbox 3106 5565 3308 5641; x_wconf 71' lang='lat' dir='ltr'><strong>Ibidem</strong></span> <span class='ocrx_word' id='word_1_852' title='bbox 3343 5563 3492 5620; x_wconf 86' lang='lat' dir='ltr'><strong>deest</strong></span> <span class='ocrx_word' id='word_1_853' title='bbox 3520 5563 3635 5616; x_wconf 77' lang='grc' dir='ltr'>ἐστι</span> <span class='ocrx_word' id='word_1_854' title='bbox 3660 5563 3712 5616; x_wconf 92' lang='lat' dir='ltr'><strong>in</strong></span> 
     </span>
    </p>
   </div>
   <div class='ocr_carea' id='block_1_116' title="bbox 2141 5637 3318 5701">
    <p class='ocr_par' dir='ltr' id='par_1_116' title="bbox 2141 5637 3318 5701">
     <span class='ocr_line' id='line_1_116' title="bbox 2141 5637 3318 5701; baseline -0.01 -5"><span class='ocrx_word' id='word_1_855' title='bbox 2141 5642 2303 5696; x_wconf 87' lang='lat' dir='ltr'><strong>editis</strong></span> <span class='ocrx_word' id='word_1_856' title='bbox 2332 5657 2346 5692; x_wconf 85' lang='lat'><strong>:</strong></span> <span class='ocrx_word' id='word_1_857' title='bbox 2373 5637 2467 5695; x_wconf 71' lang='lat' dir='ltr'><strong>sed</strong></span> <span class='ocrx_word' id='word_1_858' title='bbox 2492 5641 2762 5701; x_wconf 85' lang='lat' dir='ltr'><strong>reperitur</strong></span> <span class='ocrx_word' id='word_1_859' title='bbox 2801 5637 3008 5692; x_wconf 71' lang='lat' dir='ltr'><strong>in&#39;mss.</strong></span> <span class='ocrx_word' id='word_1_860' title='bbox 3044 5637 3318 5691; x_wconf 87' lang='lat' dir='ltr'><strong>omnibus.</strong></span> 
     </span>
    </p>
   </div>
   <div class='ocr_carea' id='block_1_117' title="bbox 2199 5702 3718 5795">
    <p class='ocr_par' dir='ltr' id='par_1_117' title="bbox 2199 5702 3718 5795">
     <span class='ocr_line' id='line_1_117' title="bbox 2199 5702 3718 5795; baseline -0.019 -14"><span class='ocrx_word' id='word_1_861' title='bbox 2199 5711 2325 5795; x_wconf 72' lang='grc'><strong>,(⁷1)</strong></span> <span class='ocrx_word' id='word_1_862' title='bbox 2360 5710 2499 5769; x_wconf 88' lang='lat' dir='ltr'><strong>Editi</strong></span> <span class='ocrx_word' id='word_1_863' title='bbox 2528 5710 2736 5765; x_wconf 79' lang='grc' dir='ltr'>ὑδάτων</span> <span class='ocrx_word' id='word_1_864' title='bbox 2766 5710 2947 5780; x_wconf 83' lang='grc' dir='ltr'>φύσις.</span> <span class='ocrx_word' id='word_1_865' title='bbox 2984 5708 3053 5764; x_wconf 85' lang='lat' dir='ltr'><strong>At</strong></span> <span class='ocrx_word' id='word_1_866' title='bbox 3085 5722 3214 5763; x_wconf 85' lang='lat' dir='ltr'><strong>mss.</strong></span> <span class='ocrx_word' id='word_1_867' title='bbox 3262 5704 3413 5762; x_wconf 88' lang='lat' dir='ltr'><strong>multi</strong></span> <span class='ocrx_word' id='word_1_868' title='bbox 3442 5704 3648 5760; x_wconf 81' lang='grc' dir='ltr'>ὑδάτων</span> <span class='ocrx_word' id='word_1_869' title='bbox 3681 5702 3718 5775; x_wconf 68' lang='grc' dir='ltr'><strong>ἠ</strong></span> 
     </span>
    </p>
   </div>
   <div class='ocr_carea' id='block_1_118' title="bbox 2143 5797 2322 5851">
    <p class='ocr_par' dir='ltr' id='par_1_118' title="bbox 2143 5797 2322 5851">
     <span class='ocr_line' id='line_1_118' title="bbox 2143 5797 2322 5851; baseline -0.006 -16"><span class='ocrx_word' id='word_1_870' title='bbox 2143 5797 2322 5851; x_wconf 77' lang='grc' dir='ltr'>φύσις.</span> 
     </span>
    </p>
   </div>
  </div>
