4082 6218
407 334 478 391 85
1762 339 1823 396 s.
1863 336 2114 396 BASILII
2149 337 2367 395 MAGNI

3599 331 3673 386 84

403 461 686 533 ςνεςεηιοιιτ
713 470 867 525 aqua:
905 470 960 508 tn
1010 455 1463 527 congregationem
1489 473 1673 512 unum.
1706 455 1846 512 Num
1888 474 1988 512 un-

2090 454 2454 523 Συναχθήτω
2470 454 2545 509 τὰ
2568 453 2759 509 ὕδατα
2783 454 2871 517 εις
2893 449 3434 521 συναγωγὴνθμιαν.
3448 449 3518 503 Ei
3534 449 3671 528 ποτε

404 560 565 613 quam
592 546 684 600 tibi
710 554 929 616 propter
955 545 1062 617 35
1099 546 1302 603 fontem
1326 562 1523 617 aquam
1549 548 1825 618 copiosam
1865 562 1989 619 egeo

404 645 611 692 rentem
632 638 796 692 stanti
822 637 1018 692 insedit
1037 638 1314 709 cogitatio,
1335 640 1457 708 quis
1477 654 1544 695 ex
1564 649 1722 695 terrae
1743 641 1869 696 sinu
1890 640 1992 693 im-

405 728 568 798 pellat
593 729 738 783 illam
777 730 1017 800 aquam?
1060 731 1185 801 quis
1232 733 1408 803 ipsam
1438 732 1665 788 ulterius
1691 732 1989 799 adurgeat!

404 821 581 890 qualia
629 820 735 875 sint
763 824 1129 891 promptuaria
1172 825 1315 879 unde
1339 824 1625 895 procedit?
1658 826 1782 894 quis
1806 826 1879 879 sit
1912 825 1990 879 lo-

404 927 501 967 cus
544 913 611 967 ad
636 928 798 982 quem
836 913 1096 968 festinat?
1117 916 1389 984 quomodo
1432 916 1647 970 tandem
1668 930 1845 986 neque
1876 917 1990 971 haec

404 1005 682 1071 deficiant,
710 1020 883 1075 neque
900 1006 987 1060 illa
1010 1007 1367 1075 expleantur?
1394 1005 1587 1063 [sthtec
1608 1023 1674 1062 ex
1693 1010 1867 1076 prima
1899 1009 1987 1063 illa

404 1110 538 1150 voce
561 1097 885 1166 dependent.
906 1097 1035 1153 lnde
1050 1099 1271 1153 incitata
1289 1114 1436 1167 aqua.
1455 1109 1536 1154 est
1550 1101 1617 1153 ad
1637 1100 1984 1154 currendum.

414 1187 499 1241 Ad
544 1203 765 1242 omnem
804 1203 1069 1257 aquarum
1128 1190 1428 1253 historiam,
1486 1190 1672 1258 primae
1725 1190 1866 1246 illius
1895 1207 1989 1246 vo-

418 1279 518 1345 cis,
545 1278 936 1348 Congregentur
962 1295 1130 1349 aqum,
1152 1295 1358 1334 memor
1383 1290 1521 1335 esto.
1544 1280 1839 1350 Oportebat
1870 1297 1983 1348 eas,

418 1380 477 1424 ut
504 1372 777 1439 proprium
812 1370 984 1424 locum
1018 1382 1366 1440 occuparent,
1413 1373 1703 1427 decurrere
1730 1390 1749 1440 ;,
1795 1374 1987 1430 deinde

408 1460 554 1528 ipsas
584 1460 636 1514 in
666 1461 881 1515 statutis
910 1454 1046 1516 locis
1102 1470 1338 1527 coactas,
1398 1463 1453 1517 in
1503 1464 1700 1534 seipsis
1743 1480 1984 1532 manere,

409 1568 511 1608 uec
545 1550 771 1609 ulterius
796 1555 1064 1623 progredi.
1102 1554 1441 1626 Quapropter
1496 1559 1793 1611 secundum
1844 1558 1984 1613 hanc

2092 564 2175 600 σοι
2220 548 2313 601 ἐπὶ
2363 547 2574 618 κρήνης
2617 545 2814 599 ἑστῶτι
2856 544 3088 613 ἄφθονον
3134 542 3277 613 ὕδωρ
3318 541 3669 612 ἀναδιδούσης

2089 638 2266 694 ἔννοια
2291 638 2530 708 ἐγένετο,
2555 637 2639 702 τίς
2664 637 2692 689 6
2733 635 2892 691 ὠθῶν
2937 637 3002 688 ἐκ
3026 634 3133 688 τῶν
3163 634 3403 703 λαγόνων
3434 633 3534 704 τῆς
3561 633 3669 703 γῆς

2090 730 2248 784 τοῦτο
2283 729 2405 801 (72),
2435 729 2497 783 τὸ
2526 727 2705 800 ὕδωρ;
2740 727 2824 790 τίς
2865 729 2894 780 6
2934 726 3171 794 ἐπείγων
3199 725 3301 778 ἐπὶη
3340 725 3407 779 τὰ
3437 725 3665 797 πρόσω;

2063 824 2218 883 Δποῖα
2263 823 2465 892 ταμεῖα
2507 819 2630 873 ὅθεν
2679 818 3006 890 προέρχεται
3023 835 3056 882 ;·
3080 817 3163 880 τίς
3205 818 3233 869 6
3281 817 3447 879 τόπος
3495 817 3579 884 ἐφ’
3606 816 3667 869 ὃν

2090 916 2404 983 ἐπείγεται;
2437 912 2553 977 πῶς
2575 912 2672 966 καὶ
2700 911 2875 965 ταῦτα
2900 911 3003 964 οὐκ
3018 910 3260 963 ἐκλείπει
3277 908 3413 981 (75),
3440 909 3667 962 κάκεῖνα

2088 1007 2189 1060 οὐκ
2210 1004 2630 1076 ἀποπίμπλαται
2647 1022 2660 1070 ;
2679 1002 2864 1058 Ταῦτα
2882 1004 2982 1074 τῆς
3001 1001 3223 1073 πρώτης
3251 1001 3467 1071 ἐκείνης
3484 1001 3666 1073 φωνῆς

2087 1098 2341 1169 ἢρτηται.
2373 1096 2611 1150 Ἐκεῖθεν
2629 1094 2725 1149 τοῦ
2749 1095 2963 1167 τρέχειν
2995 1094 3073 1165 τῷ
3105 1094 3257 1148 ὕδατι
3285 1094 3348 1147 τὺ
3369 1093 3661 1164 ἐνδόσιμον.

2086 1189 2241 1244 Κατὰ
2274 1190 2453 1243 πᾶσαν
2499 1189 2739 1260 ἱστορίαν
2766 1188 2994 1252 ὑδάτων,
3030 1186 3276 1258 μέμνησο
3308 1186 3410 1256 τῆς
3442 1184 3667 1257 πρώτης

2090 1282 2296 1352 φωνῆς’
2326 1280 2689 1350 Συναχθήτω
2723 1279 2796 1332 τὰ
2824 1279 3033 1335 ὕδατα.
3065 1279 3211 1331 Ἔδει
3234 1278 3463 1349 δραμεῖν
3499 1277 3661 1342 αὐτὰ,

2088 1373 2176 1426 ἵνα
2200 1372 2295 1444 τὴν
2322 1372 2527 1426 οἰκείαν
2557 1371 2834 1444 καταλάϐῃ
2869 1370 2979 1442 (74)
3008 1369 3208 1442 χώραν’
3247 1366 3365 1423 εἶτα
3398 1368 3666 1440 γενόμενα

2086 1469 2145 1521 ἐν
2168 1470 2280 1530 τοῖς
2303 1466 2711 1537 ἀφωρισμένοις
2741 1463 2947 1528 τόποις,
2987 1462 3165 1533 μένειν
3191 1463 3276 1529 ἐφ’
3307 1460 3532 1524 ἑαυτῶν,
3570 1461 3668 1514 καὶ

2088 1560 2160 1630 μὴ
2193 1560 2388 1630 χωρεῖν
2432 1555 2761 1628 περαιτέρω.
2798 1556 2896 1608 Διὰ
2927 1554 3105 1619 τοῦτο,
3132 1553 3273 1608 κατὰ
3303 1552 3396 1606 τὸν
3430 1551 3522 1606 τοῦ
3551 1553 3666 1624 (75)

406 1645 747 1700 Ecclesiasta:
779 1646 1124 1711 sententiam,
1161 1646 1352 1701 Omnes
1383 1657 1635 1701 torrentes
1681 1634 1874 1702 vadunt
1928 1649 1985 1703 in

2097 1646 2522 1717 Ἐκκλησιαστοῦ
2559 1645 2737 1713 λόγον,
2770 1644 2998 1709 Πάντες
3013 1646 3066 1697 oi
3098 1642 3399 1711 χείμαρῤοι
3429 1636 3525 1694 ἐπὶ
3551 1641 3669 1707 τὴν

406 1754 571 1804 mare,
595 1749 642 1791 et
695 1754 838 1790 mare
871 1753 974 1791 non
1029 1747 1103 1791 est
1141 1738 1409 1806 impletum
1435 1740 1502 1793 θ’.
1540 1741 1670 1793 Nam
1709 1751 1765 1793 et
1812 1739 1984 1795 ﬂuunt

2086 1741 2403 1792 θάλασσαν
2431 1737 2804 1805 πορεύονται,
2855 1733 2953 1787 καὶ
2981 1735 3020 1802 ή
3048 1733 3328 1788 θάλασσα
3356 1735 3468 1787 οὐκ
3495 1732 3671 1786 ἐστιν

407 1844 565 1894 aquae
593 1828 645 1882 vi
679 1828 845 1882 divini
882 1830 1155 1898 praecepti,
1186 1839 1241 1883 et
1271 1829 1440 1885 maris
1474 1832 1614 1885 intra
1646 1846 1773 1887 suos
1796 1834 1981 1887 termi-

2086 1802 2566 1903 ἐμπιμπλαμένη.
2607 1826 2824 1898 Ἐπειδὴ
2857 1827 2951 1881 καὶ
2984 1826 3046 1879 τὸ
3097 1828 3210 1898 ῥεῖν
3237 1828 3348 1889 τοῖς
3375 1825 3527 1879 ὕδασι
3577 1825 3671 1879 διὰ

407 1934 507 1975 nos
537 1919 965 1988 circumscriptio
990 1936 1019 1974 a
1050 1922 1221 1989 prima
1262 1922 1394 1992 legis
1425 1923 1709 1978 sanctione
1734 1924 1935 1994 pendet
1966 1942 1980 1979 :

2086 1923 2145 1977 τὸ
2171 1923 2311 1976 θεῖον
2346 1923 2694 1994 πρόσταγμα,
2744 1919 2838 1973 καὶ
2877 1918 2937 1973 τὸ
2970 1917 3101 1971 είσω
3138 1916 3247 1972 τῶν
3274 1918 3414 1989 ὅρων
3442 1934 3668 1987 περιγε-

407 2010 798 2083 Congregentur
828 2029 978 2083 aqum
1026 2014 1082 2066 in
1108 2015 1556 2084 congregationem
1611 2030 1792 2069 unam.
1822 2014 1892 2070 Ut
1919 2031 1986 2071 ne.

2086 2015 2326 2088 γράφθαι
2363 2014 2475 2086 (76)
2503 2013 2603 2083 τὴν
2633 2011 2928 2076 θάλασσαν,
2989 2009 3096 2063 ἀπὸ
3127 2011 3227 2082 τῆς
3276 2009 3496 2082 πρώτης
3550 2010 3672 2064 ἐστὶ

406 2102 651 2160 dililuens
676 2118 834 2174 aqua,
868 2105 923 2158 in
957 2106 1201 2173 regiones
1232 2106 1402 2175 ipsam
1429 2105 1764 2177 excipientes
1789 2105 1981 2174 effusa,

2086 2104 2426 2176 νομοθεσίας·
2475 2101 2841 2172 Συναχθήτω
2867 2100 2939 2154 τὰ
2967 2099 3155 2154 ὕδατα
3185 2102 3271 2165 εἰς
3306 2096 3672 2170 συναγωγὴν

409 2194 807 2264 transgrediens
836 2207 1073 2261 seraper,
1091 2206 1251 2264 atque
1274 2196 1408 2250 alias
1436 2205 1560 2266 post
1583 2196 1718 2252 alias
1740 2199 1983 2267 explens,

2086 2196 2245 2266 ῥίζαν.
2267 2195 2383 2247 Ἵνα
2414 2192 2488 2265 μὴ
2503 2192 2564 2246 τὸ
2593 2191 2847 2266 ἐπιρρέον
2879 2191 3044 2263 ὓδωρ,
3071 2190 3179 2244 τῶν
3205 2191 3507 2262 δεχομένων
3535 2192 3671 2246 αὐτὸ

408 2299 621 2340 omnem
650 2294 848 2339 terram
896 2288 1260 2342 continentem
1295 2289 1600 2351 inuudaret.
1640 2291 1792 2360 jussa
1818 2305 1900 2349 est
1933 2297 1983 2347 in

2086 2287 2298 2360 χωρίων
2345 2285 2764 2356 ὑπερχεόμενον,
2796 2282 3145 2355 μεταϐαῖνον
3177 2283 3263 2336 ἀεὶ
3312 2283 3409 2336 καὶ
3439 2282 3574 2337 ἄλλα
3606 2284 3670 2350 ἐξ

409 2391 573 2431 unam
634 2381 1108 2449 congregationem
1153 2380 1347 2451 colligi.
1397 2381 1478 2438 0b
1513 2383 1566 2439 id
1616 2400 1987 2455 saepenumero

2086 2378 2259 2433 ἄλλων
2299 2376 2562 2449 πληροῦν,
2627 2378 2806 2430 πᾶσαν
2853 2374 2994 2430 κατὰ
3043 2375 3103 2429 τὺ
3151 2375 3372 2446 συνεχὲς
3398 2373 3669 2448 ἐπικλύσῃ

409 2468 793 2525 ventisl’urens
826 2485 994 2535 tuare,
1015 2480 1201 2541 etprae
1240 2472 1487 2529 [luctibus
1511 2475 1562 2529 in
1591 2478 1877 2532 maximam
1907 2480 1987 2532 al—

409 2560 693 2615 titudinem
742 2576 1059 2632 exsurgens,
1095 2564 1181 2617 ubi
1224 2563 1402 2618 littora
1453 2566 1625 2621 solum
1660 2569 1857 2639 attigit,
1897 2570 1989 2623 im-

409 2659 533 2721 petu
584 2650 637 2704 in
692 2666 936 2718 spumam
975 2652 1269 2718 dissoluto,
1300 2656 1607 2713 revertitur.
1633 2657 1715 2712 An
1761 2676 1842 2713 me
1887 2676 1989 2713 non

408 2739 675 2804 timebilis,
702 2741 828 2794 dicit
862 2741 1137 2808 Dominus,
1169 2749 1259 2813 qui
1287 2749 1437 2813 posui
1468 2764 1681 2803 arenam
1714 2752 1988 2806 terminum

409 2831 548 2882 mari
578 2829 623 2861 ⁰⁸
652 2829 678 2883 .’
704 2830 848 2885 Mare
891 2834 1043 2902 cujus
1086 2834 1334 2889 violentia
1371 2836 1498 2891 ferri
1541 2853 1645 2892 non
1688 2849 1894 2906 potest,
1931 2858 1990 2897 re

410 2919 649 2973 omnium
688 2919 1109 2988 invalidissima,
1137 2939 1300 2979 arena
1344 2926 1547 2983 scilicet
1586 2928 1888 2984 refrenatur
1927 2948 1991 2985 ac

411 3020 708 3064 coercetur.
762 3010 971 3082 Alioqui
1011 3014 1139 3082 quid
1193 3015 1502 3084 prohiberet
1548 3032 1698 3073 mare
1749 3017 1988 3075 Rubrum

2084 2471 2183 2541 τὴν
2212 2471 2460 2541 ἤπειρον,
2519 2467 2814 2538 ἐκελεύσθη
2857 2466 3185 2536 συναχθῆναι
3218 2467 3300 2531 εἰς
3347 2469 3669 2538 συναγωγὴν

2088 2554 2239 2629 μίαν.
2292 2559 2391 2613 Διὰ
2440 2558 2599 2612 τοῦτο
2647 2556 2950 2629 μαινομένη
3006 2557 3265 2621 πολλάκις
3296 2556 3357 2622 ἐξ
3384 2558 3599 2627 ἀνέμων
3630 2561 3666 2629 ἡ

2088 2653 2352 2715 θάλασσα,
2389 2652 2482 2705 καὶ
2538 2652 2618 2714 εἰς
2657 2650 2792 2720 ὕψος
2830 2650 3084 2720 μέγιστον
3139 2649 3520 2720 διανισταμένη
3550 2651 3668 2714 τοῖς

2087 2741 2347 2813 κύμασιν,
2400 2739 2618 2793 ἐπειδὰν
2665 2739 2825 2809 μόνον
2854 2737 2960 2792 τῶν
3013 2736 3278 2806 αἰγιαλῶν
3318 2737 3541 2810 ἅψηται,
3585 2740 3667 2802 εἰς

2090 2833 2266 2904 ἀφρὸν
2312 2832 2612 2885 διαλύσασα
2662 2831 2762 2901 τὴν
2814 2831 2991 2901 ὁρμὴν
3048 2830 3369 2900 ἐπανῆλθεν.
3440 2831 3513 2886 ’Ἠ
3559 2831 3669 2900 ἐμὲ

2087 2926 2160 2978 οὐ
2211 2922 2327 2995 (77)
2353 2920 2795 2992 φοϐηθήσεσθε,
2825 2920 2989 2990 λέγει
3032 2922 3268 2990 Κύριος,
3299 2922 3409 2976 τὸν
3432 2920 3668 2984 τιθέντα

2088 3012 2283 3083 ἄμμον
2297 3012 2463 3081 ὄριον
2482 3011 2558 3080 τῇ
2581 3011 2865 3080 θαλάσσῃ
2892 3026 2912 3075 ;
2943 3010 3033 3082 Τῷ
3047 3012 3426 3084 ἀσθενεστάτῳ
3447 3014 3667 3070 πάντων

410 3114 624 3155 omnem
657 3100 945 3173 Egyptum
969 3120 1025 3157 se
1054 3106 1167 3173 ipso
1199 3106 1570 3162 demissiorem
1596 3109 1852 3166 invadere
1873 3151 1887 3174 ,
1906 3112 1988 3166 ei-

2089 3107 2155 3176 τῇ
2176 3105 2445 3177 ψάμμῳή
2487 3107 2605 3168 ταῖς
2637 3104 2779 3175 βίαις
2813 3103 3087 3176 ἀφόρητος
3137 3104 3468 3176 χαλινοῦται.
3513 3107 3667 3161 Ἐπεὶ

412 3206 516 3259 que
541 3192 902 3263 pelago,quod
931 3194 1165 3267 Egypto
1191 3197 1398 3266 adjacet
1425 3199 1692 3271 conjungi,
1718 3202 1819 3257 nisi
1847 3214 1988 3259 esset

2092 3198 2146 3253 τί
2175 3197 2379 3251 ἐκώλυε
2419 3197 2517 3268 τὴν
2564 3195 2829 3268 Ἐρυθρὰν
2865 3195 3137 3250 θάλασσαν
3170 3198 3350 3251 πᾶσαν
3372 3197 3470 3268 τὴν
3495 3196 3667 3266 Δίγυ-

411 3283 719 3338 Conditoris
737 3295 1001 3354 prarcepto
1021 3287 1331 3356 alligatum?
1350 3285 1484 3343 Nam
1514 3291 1603 3360 qui
1639 3293 1807 3347 maria
1829 3292 1996 3366 {Em-

412 3376 653 3446 ptiacum
685 3387 737 3431 et
764 3376 1026 3442 Indicum,
1057 3379 1108 3432 in
1141 3393 1246 3447 quo
1268 3387 1351 3434 est
1374 3396 1522 3437 mare
1555 3382 1822 3447 Rubrum.
1852 3384 1995 3441 inter

412 3482 472 3522 se
506 3467 838 3539 conjungere
892 3470 1193 3530 voluerunt.
1224 3470 1258 3524 ii
1289 3468 1583 3542 Egyptum
1642 3477 1778 3529 mari
1807 3475 1993 3532 Rubro

413 3560 783 3616 demissiorem
813 3576 933 3617 esse
963 3564 1125 3619 nobis
1151 3564 1328 3634 reipsa
1352 3576 1754 3633 persuaserunt.
1785 3567 1991 3634 Quam-

412 3653 598 3707 obrem
623 3655 880 3709 destitero
914 3655 982 3710 ab
1015 3658 1230 3727 incepto
1273 3655 1562 3730 Egyptius
1582 3658 1671 3715 ille
1702 3657 1991 3727 Sesostris,

411 3745 504 3814 qui
539 3746 591 3800 id
620 3762 905 3818 aggressus
933 3759 1016 3805 est
1044 3751 1269 3817 primus,
1296 3761 1526 3820 tumque
1553 3751 1750 3807 Darius
1781 3752 1989 3818 Medus,

411 3836 502 3905 qui
532 3838 632 3891 hoc
664 3838 836 3907 ipsum
883 3842 1141 3907 perlicere
1176 3841 1228 3895 in
1263 3843 1499 3896 animum
1530 3842 1835 3899 induxerat.
1864 3843 1989 3900 Haec

412 3941 445 3980 a
477 3942 563 3981 me
590 3927 732 3982 dicta
760 3939 905 3995 sunt,
933 3939 992 3984 ut
1037 3931 1144 3985 vim
1176 3941 1339 4000 atque
1371 3929 1665 3987 ellicaciam
1718 3933 1988 4005 intelliga-

412 4028 534 4071 mus
591 4016 752 4083 illius,
801 4019 1190 4091 Congregentur
1222 4013 1372 4092 aqua:
1424 4023 1504 4076 in-
1533 4026 1989 4094 congregationem

412 4123 594 4160 unam.
625 4107 735 4163 Hoc
758 4119 859 4177 est,
886 4112 1005 4164 Alia
1038 4120 1157 4180 post
1188 4113 1326 4167 hanc
1374 4116 1722 4184 congregatio
1767 4117 1989 4170 minime

414 4198 509 4252 ﬁat
529 4237 543 4263 ,
578 4198 670 4254 sed
699 4201 750 4255 id
778 4201 919 4272 quod
949 4203 1232 4259 collectum
1262 4212 1364 4270 est,
1385 4204 1437 4259 in
1465 4205 1640 4275 prima
1670 4205 1988 4262 collectione

413 4299 742 4361 permaneat.

487 4563 537 4616 ι.
586 4563 785 4620 Deinde
835 4564 927 4635 qui
980 4580 1147 4636 aquas
1195 4567 1329 4622 dixit
1378 4569 1694 4640 congregari
1728 4569 1780 4626 in
1816 4585 1979 4625 unam

487 4699 531 4730 "
562 4699 742 4754 Eccle.
774 4715 814 4766 ι,
852 4699 904 4755 7.
985 4700 1031 4732 ⁸³
1067 4699 1178 4756 Jer.
1207 4717 1261 4766 ν,
1291 4701 1385 4758 23.

490 4830 601 4903 (72)
624 4832 698 4886 lta
720 4846 853 4887 mss.
889 4834 1161 4903 permulti.
1195 4835 1358 4892 Deest
1376 4836 1534 4891 τοῦτο
1561 4838 1614 4891 in
1641 4837 1825 4892 editis.

490 4896 599 4977 (ῖδ)
629 4903 705 4956 ¹¹³
736 4896 953 4973 Plurimi
987 4921 1116 4960 mss.
1154 4907 1297 4960 Editi
1323 4923 1446 4962 cum
1477 4906 1613 4977 Reg.
1656 4909 1818 4963 tertio
1856 4910 1983 4963 ἐπι-

304 4976 313 4986 ’
412 4973 614 5027 λείπει.

488 5044 600 5120 (74)
629 5040 763 5120 Reg.
794 5053 981 5098 sextus
1006 5043 1334 5120 καταλάϐοι.
1359 5046 1655 5118 Aliquanto
1689 5057 1812 5117 post
1847 5047 1983 5120 Reg.

414 5112 621 5185 primus
651 5114 724 5185 μὴ
755 5117 1077 5185 συγχωρεῖν.

487 5182 599 5252 (75)
637 5182 728 5236 Sic
759 5182 890 5239 mss.
924 5182 1117 5240 nostri.
1159 5185 1320 5241 Deest
1342 5185 1438 5240 τοῦ
1460 5187 1514 5239 in
1543 5186 1779 5243 editione
1804 5189 1981 5247 Paris.

414 5252 625 5320 Anglici
669 5252 891 5328 quidam
937 5256 991 5309 in
1049 5255 1228 5328 ρειρωὶ
1276 5257 1421 5312 notis
1467 5254 1981 5328 Ἐκκλησιαστικοῦ,

413 5330 605 5397 contra
630 5327 1013 5379 auctoritatem
1049 5324 1312 5380 librorum
1346 5338 1457 5381 tum
1482 5324 1834 5397 excusorum,
1869 5339 1983 5384 tum

417 5392 626 5446 calamo
652 5404 1025 5447 exaratorum.

625 5461 717 5537 S_ic
742 5465 983 5537 quinque
1015 5478 1146 5537 mss.
1175 5461 1320 5537 Editi
1346 5465 1807 5537 περιγράφεσθαι.

490 5483 599 5530 μυ)
626 5483 717 5517 DIC
742 5483 983 5546 qumque
1015 5483 1146 5572 ms’s.
1176 5483 1320 5553 Du"!
1346 5483 1814 5588 περιῆραφεσυαω

490 5530 940 5658 gibiiiaﬂl‘ié‘
949 5535 1341 5658 25".?é'é‘fiti0”;
1357 5535 1520 5658 iam.
1547 5536 1990 5658 ῗξτξξὲῗῶζιῗέὲἶ

420 5601 518 5653 tim
535 5601 676 5681 μσς.
710 5601 930 5669 quintus
955 5605 1081 5674 ὅρια
1221 5605 1338 5659 Mox
1357 5606 1520 5660 editio
1548 5601 1719 5681 Paris.
1746 5607 1990 5678 χαλινοῦ-

421 5686 511 5744 ται
535 5667 778 5744 oggert-fiat
800 5687 823 5744 _:
850 5688 971 5741 quae
991 5667 1095 5744 vox
1122 5667 1363 5728 θάλασσα
1395 5677 1663 5744 reperitur
1686 5667 1902 5739 quidem
1936 5681 1987 5732 in

425 5736 665 5805 Anglicis
691 5738 846 5795 libris
868 5736 905 5794 ’ς
942 5742 1038 5797 sed
1072 5744 1226 5800 deest
1262 5746 1315 5802 in
1370 5736 1601 5815 utroque
1650 5736 1783 5805 Duc.
1834 5758 1889 5806 ct
1934 5750 1987 5804 in

2004 4491 2056 4549 D

2094 3306 2226 3343 πτον
2247 3288 2557 3360 κοιλοτέραν
2585 3282 2751 3340 οὖσαν
2768 3288 2967 3359 ἑαυτῆς
2993 3286 3259 3353 ἐπελθεῖν,
3282 3287 3377 3341 καὶ
3396 3287 3669 3359 συναφθῆ-

2091 3396 2179 3434 ναι
2199 3378 2276 3449 τῷ
2308 3376 2696 3449 παρακειμένῳ
2722 3380 2788 3449 τῇ
2838 3377 3099 3449 Αἰγύπτῳ
3130 3378 3377 3447 πελάγει,
3402 3381 3450 3433 εἰ
3484 3381 3558 3452 μὴ
3586 3381 3669 3453 τῷ

2093 3470 2476 3543 προστάγματι
2524 3465 2593 3540 ἦν
2651 3469 3002 3541 πεπεδημένη
3049 3470 3143 3524 τοῦ
3192 3471 3507 3538 κτίσαντος;
3543 3473 3668 3526 Ὅτι

2089 3564 2197 3635 γάρ
2248 3560 2604 3632 ταπεινοτέρα
2634 3562 2733 3634 τῆς
2777 3562 3043 3636 Ἐρυθρᾶς
3088 3562 3426 3635 θαλάσσηςή
3493 3564 3670 3631 Λίγυ-

2089 3671 2243 3717 πτος,
2279 3652 2425 3725 ἔργῳ
2442 3653 2665 3707 ἔπεισαν
2694 3656 2840 3725 ἡμᾶς
2874 3657 2921 3709 οἰ
2945 3654 3269 3726 θελήσαντες
3301 3655 3547 3727 ἀλλήλοις
3597 3655 3669 3710 τά

2054 3797 2069 3802 -
2090 3745 2301 3815 πελάγη
2329 3744 2586 3815 συνάψαι,
2611 3745 2672 3798 τό
2701 3763 2762 3798 τε
2792 3745 3088 3814 Αἰγύπτιον
3110 3747 3203 3800 καὶ
3227 3748 3288 3799 τὸ
3335 3747 3576 3814 Ἰνδικὸν,
3605 3748 3669 3801 ἐν

2087 3831 2200 3908 ᾧή
2261 3835 2498 3908 Ἐρυθρά
2541 3837 2657 3888 ἐστι
2707 3835 2819 3907 (78)
2870 3835 3129 3890 θάλασσα.
3177 3837 3376 3909 Διόπερ
3435 3837 3667 3908 ἐπέσχον

2086 3928 2186 3999 τὴν
2208 3929 2550 3998 ἐπιχείρησιν
2582 3928 2610 3980 ὃ
2633 3945 2693 3980 τε
2752 3928 2968 4000 πρῶτος
3019 3930 3130 4001 (79)
3162 3929 3464 4001 ἀρξάμενος
3492 3931 3669 3985 Σέσω-

2088 4036 2242 4089 στρις
2266 4020 2295 4071 6
2324 4018 2643 4087 Αἰγύπτιος,
2684 4019 2779 4071 καί¹
2830 4021 2858 4072 6
2889 4019 3024 4091 μετὰ
3052 4019 3225 4073 ταῦτα
3252 4020 3361 4092 (80)
3388 4020 3668 4092 βουληθεὶς

2086 4108 2556 4181 ἐπεξεργάσασθαι
2615 4110 2839 4182 Δαρεῖος
2866 4113 2895 4164 6
2920 4110 3123 4181 Μῆδος.
3175 4104 3362 4165 Ταῦτά
3397 4128 3487 4182 μοι
3508 4111 3665 4183 εἴρη-

2084 4219 2194 4264 ται,
2224 4200 2312 4253 ἵνα
2354 4201 2637 4272 νοήσωμεν
2683 4200 2776 4253 τοῦ
2817 4201 3237 4272 προστάγματος
3267 4202 3367 4275 τὴν
3410 4202 3660 4273 δύναμιν·

2082 4291 2444 4361 Συναχθήτω
2474 4293 2546 4346 τὰ
2560 4291 2746 4346 ὕδατα
2792 4295 2880 4359 εἰς
2907 4292 3268 4364 συναγωγὴν
3297 4295 3463 4363 μίαν.
3497 4294 3667 4350 Τουτ-

2085 4384 2256 4448 έστιν,
2279 4384 2448 4456 ’Ἄλλη
2482 4384 2588 4438 ἀπὺ
2615 4383 2818 4453 ταύτης
2853 4385 2927 4455 μὴ
2966 4385 3381 4457 ἀπογενηθήτω,
3437 4385 3551 4441 ἀλλ’
3601 4386 3665 4439 ἐν

2082 4480 2147 4548 τῇ
2178 4478 2370 4548 πρώτῃ
2401 4475 2631 4549 συλλογῇ
2666 4477 3016 4548 ἀπομεινάτω
3042 4476 3103 4530 τὺ
3133 4478 3518 4548 συναγόμενον.

2154 4569 2208 4622 4.
2246 4568 2478 4622 Ἔπειτα
2514 4571 2543 4623 6
2562 4568 2732 4624 εἰπὼν
2763 4568 3091 4640 συναχθῆναι
3134 4569 3202 4623 τὰ
3229 4568 3397 4622 ὕδατα
3427 4570 3507 4633 εἰς
3538 4585 3663 4621 συν-

2088 4857 2181 4898 sex
2214 4841 2332 4897 aliis
2358 4857 2491 4896 mss.
2530 4856 2636 4896 non
2668 4855 2825 4896 secus
2853 4856 2917 4896 ac
2960 4842 3013 4895 in
3054 4840 3289 4895 editione
3335 4839 3501 4896 Basil.
3547 4842 3658 4897 En-

2090 4914 2326 4967 stathius
2359 4922 2536 4966 tamen
2567 4915 2978 4979 interpretatur,
3010 4911 3176 4965 Jussu
3225 4910 3319 4979 Dei
3349 4913 3655 4966 violentiam

2091 4984 2255 5037 maris
2296 4982 2488 5050 frenat.
2540 4978 2888 5050 Aristdtelent
2953 4990 3169 5050 secutus
3231 4978 3465 5035 Basilius
3512 4981 3658 5035 alliro

2093 5055 2258 5106 mavit
2297 5048 2595 5120 'A'ngptum
2647 5050 2781 5104 mari
2833 5048 3019 5104 Rubro
3080 5049 3476 5120 depressiorem
3537 5068 3657 5105 esse

2092 5131 2254 5189 atque
2292 5117 2633 5174 humiliorem
2664 5138 2677 5174 :
2705 5121 3042 5191 sedrStrabo
3097 5117 3318 5191 natione
3365 5121 3654 5191 Egyptius

2084 5188 2282 5247 falsitm
2317 5191 2369 5244 id
2413 5205 2535 5245 esse
2592 5191 2758 5242 tradit
2791 5190 2884 5243 lib.
2938 5206 3070 5246 xv".
3126 5188 3300 5259 Legas
3343 5188 3506 5245 velim
3548 5190 3657 5246 Du—

2083 5277 2252 5316 cazum
2280 5276 2343 5314 ea
2367 5261 2431 5313 de
2461 5276 2516 5314 re
2541 5260 2749 5313 erudite
2771 5260 3143 5315 disserentem.
3554 5306 3561 5309 _

2158 5329 2268 5402 (78)
2295 5332 2379 5402 lta_
2394 5331 2559 5402 editio
2584 5327 2751 5382 Basil.
2778 5344 2899 5383 cum
2945 5345 3039 5384 sex
3070 5344 3203 5385 mss.
3248 5328 3407 5385 Deest
3435 5331 3552 5382 ἐστι
3599 5332 3651 5384 in

2084 5400 2323 5455 editione
2354 5400 2525 5453 Paris.
2744 5443 2747 5446 .

2162 5469 2631 5541 (79)]ιιινοοι1ἰ-οσε
2674 5481 2790 5522 sex.
2821 5468 2955 5539 Reg.
2991 5477 3215 5525 octavus
3261 5469 3350 5522 ὅτε
3398 5467 3649 5540 πρώτως.

2091 5538 2251 5593 Deest
2275 5540 2365 5591 ὅτε
2393 5540 2444 5590 in
2480 5538 2659 5593 editis.

2160 5608 2268 5679 (80)
2290 5607 2400 5663 Καὶ
2419 5611 2457 5679 ῤ
2475 5608 2624 5678 μετὰ
2650 5606 2852 5679 ταῦτα.
2887 5606 3017 5679 Reg.
3048 5618 3252 5679 sextus
3273 5602 3392 5661 εἶτα
3424 5609 3491 5662 ό.,
3511 5607 3651 5664 Infra

2091 5673 2360 5736 idém'ms.
2392 5673 2536 5749 εἶχον
2571 5679 2752 5733 πᾶσαν
2773 5677 2881 5733 τῶν
2904 5673 3113 5732 ὑδάτων
3144 5677 3445 5750 συλλογηνι-
