4082 6218
414 320 487 374 85

1547 315 1833 371 HOMILIA
1875 315 1945 370 IV
1983 315 2052 370 IN
2092 318 2590 375 HEXAEMERON.

3598 317 3666 370 86

414 435 639 503 αγωγὴν
665 433 814 504 μίαν,
857 431 1025 497 ἔδειξέ
1071 449 1152 486 σοι
1182 432 1264 485 ὅτι
1298 430 1469 485 πολλὰ
1502 427 1569 502 ἦν
1590 432 1732 485 κατὰ
1764 432 1984 496 πολλοὺς

2093 435 2588 506 congregationem,
2645 436 2906 505 plurimas
2966 433 3131 488 fuisse
3174 447 3341 502 aquas
3381 447 3476 501 per
3505 433 3668 489 multa

413 525 614 586 τόπους
644 523 944 596 διῃρημένα
1000 523 1070 576 τὰ
1122 522 1310 577 ὕδατα.
1360 524 1430 576 Αἵ
1451 541 1508 575 τε
1547 523 1655 593 γὰρ
1707 523 1814 575 τῶν
1847 522 1988 593 ὀρῶν

413 614 742 684 κοιλότητες,
786 611 1027 686 φάραγξι
1075 614 1318 684 βαθείαις
1352 615 1786 685 ὑπερρηγμέναι,
1845 611 1988 684 εἶχον

412 705 519 758 τῶν
549 706 758 759 ὑδάτων
790 708 889 778 τὴν
917 708 1199 779 συλλογήν.
1229 709 1340 762 Καὶ
1371 708 1594 779 προσέτι
1627 707 1784 760 πεδία
1815 707 1988 760 πολλά

411 814 471 850 τε
523 797 614 850 καὶ
676 796 843 851 ὕπτια
898 799 1048 853 οὐδὲν
1093 799 1202 869 (8i)
1251 798 1358 852 τῶν
1415 800 1684 868 μεγίστων
1735 797 1988 866 πελαγῶν

413 887 555 942 κατὰ
601 887 660 940 τὸ
703 889 930 958 μέγεθος
990 889 1307 951 ἀποδέοντα,
1364 891 1459 942 καὶ
1506 888 1744 952 αὐλῶνες
1781 878 1990 958 μυᾟῖὀζ

412 982 507 1035 καὶ
533 982 588 1034 αἱ
617 980 863 1045 κοιλάδες
897 984 1014 1035 κατ’
1059 981 1193 1036 ἄλλα
1226 981 1320 1035 καὶ
1347 981 1480 1054 ἄλλα
1511 983 1764 1052 σχήματα
1788 983 1990 1035 κοίλαι-

410 1074 653 1144 νόμεναι,
689 1073 866 1127 πάντα
899 1074 1108 1127 ὑδάτων
1153 1074 1272 1126 τότε
1325 1074 1755 1144 πεπληρωμένα,
1788 1075 1988 1127 ἀπεκε-

411 1163 558 1235 νώθη
582 1165 659 1236 τῷ
693 1165 821 1236 θείῳ
876 1166 1276 1237 προστάγματι,
1333 1166 1469 1236 πρὸς
1501 1166 1628 1236 μίαν
1670 1165 1989 1234 συναγωγὴν

409 1254 504 1308 τοῦ
537 1255 875 1325 πανταχόθεν
931 1255 1122 1317 ὓδατος
1171 1253 1605 1315 συνελασθέντος.
1656 1254 1766 1306 Καὶ
1803 1252 1989 1323 μηδεὶς

409 1345 634 1414 λεγέτω,
667 1347 772 1408 ὃτι,
801 1346 974 1418 Εἴπερ
995 1340 1063 1416 ἦν
1103 1344 1246 1415 ὕδωρ
1276 1344 1458 1397 ἐπάνω
1483 1343 1584 1413 τῆς
1628 1343 1750 1413 γῆς,
1775 1343 1989 1403 πάντως

408 1438 582 1489 πᾶσαι
626 1437 682 1488 αί
718 1435 1047 1505 κοιλότητες,
1081 1435 1136 1488 αἱ
1167 1433 1260 1486 νῦν
1294 1433 1390 1504 τὴν
1426 1433 1697 1486 θάλασσαν
1725 1430 1986 1496 ὑποδεξά-

412 1546 591 1598 μεναι,
630 1528 1059 1600 πεπληρωμέναι
1093 1527 1355 1599 ὑπῆρχον.
1408 1526 1516 1578 Ποῦ
1548 1525 1722 1577 τοίνυν
1767 1523 1987 1594 ἔμελλον

407 1619 652 1687 γίνεσθαι
676 1617 782 1671 τῶν
808 1619 1017 1672 ὑδάτων
1050 1620 1105 1671 αί
1141 1617 1398 1686 συλλογαὶ
1425 1616 1560 1687 (8‘2),
1582 1615 1988 1686 προκατειλημ-

412 1709 586 1779 μένων
618 1709 724 1762 τῶν
755 1709 979 1774 κοίλων;
1017 1708 1160 1780 Πρὸς
1188 1708 1250 1779 δὴ
1295 1706 1451 1760 τοῦτο
1480 1706 1737 1778 ἐροῦμεν,
1760 1707 1839 1759 ὅτι
1864 1705 1986 1759 τότε

409 1801 504 1855 καὶ
528 1801 599 1855 τὰ
625 1803 821 1870 ἀγγεῖα
851 1800 1387 1870 συγκατεσκευάσθη,
1408 1799 1610 1853 ὃτιέδει
1637 1798 1765 1870 μίαν
1791 1797 1990 1851 σύστα-

409 1907 496 1944 σιν
525 1890 890 1962 ἀποκριθῆναι
928 1891 988 1944 τὺ
1013 1890 1257 1962 ὕδωρ,οὑ
1285 1888 1394 1960 γὰρ
1426 1885 1493 1960 ἦν
1521 1891 1554 1960 ἡ
1589 1887 1693 1952 ἔξω
1717 1887 1987 1959 Γαδείρων

409 1980 673 2034 θάλασσα⁹
699 1981 818 2034 οὑδὲ
852 1981 911 2034 τὸ
940 1982 1081 2052 μέγα
1117 1984 1292 2034 έκεῖνο
1338 1981 1433 2034 καὶ
1492 1979 1793 2050 ἀτόλμητον
1837 1978 1985 2032 πλω-

407 2063 572 2142 τῆρσι
594 2070 848 2139 πέλαγος,
897 2070 956 2124 τὸ
981 2070 1076 2142 τὴν
1127 2068 1490 2141 Βρεττανικὴν
1536 2068 1701 2136 νῆσον
1733 2067 1986 2130 καὶτοὺς

407 2163 693 2234 ἑσπερίους
734 2163 956 2234 Ἴϐηρας
996 2161 1516 2234 περιπτυσσόμενον·
1544 2157 1678 2212 ἀλλὰ
1711 2158 1832 2210 τότε
1888 2157 1986 2228 τῆς

407 2254 744 2328 εὐρυχωρίας
789 2254 869 2325 τῷ
915 2256 1300 2326 προστάγματι
1333 2251 1428 2306 τοῦ
1483 2251 1618 2305 Θεοῦ
1652 2251 1986 2320 δημιουργηη

406 2348 610 2418 θείσης,
657 2348 742 2400 ἐπ’
772 2347 938 2417 αὑτὴν
989 2345 1248 2416 συνεδόθη
1295 2344 1401 2398 τῶν
1445 2344 1650 2397 ὑδάτων
1678 2342 1746 2395 τὰ
1781 2341 1981 2414 πλήθη.

404 2440 548 2510 Πρὸς
579 2439 635 2491 δὲ
655 2439 734 2501 τὸ,
768 2439 851 2492 ὅτι
880 2437 1213 2499 ὑπεναντίως
1241 2436 1354 2506 ἕχει
1382 2437 1448 2507 τῇ
1482 2435 1644 2506 πείρᾳ
1675 2436 1703 2487 6
1727 2434 1826 2504 τῆς
1855 2436 1982 2504 παρ’

404 2533 534 2601 ἡμῖν
577 2516 930 2600 κοσμοποιίας
984 2529 1141 2597 λόγος
1178 2528 1254 2598 (οὑ
1305 2528 1412 2599 γάρ
1451 2529 1531 2591 εἰς
1585 2526 1710 2598 μίαν
1739 2543 1982 2594 συναγω-

406 2624 508 2694 γὴν
565 2621 773 2674 ὑδάτων
811 2622 869 2673 τὸ
928 2620 1070 2692 ὕδωρ
1130 2621 1273 2674 ἅπαν
1325 2619 1574 2688 φαίνεται
1632 2618 1980 2691 συνδραμὸν),

407 2713 576 2767 πολλὰ
608 2715 705 2780 μὲν
738 2713 884 2766 ἔστιν
909 2714 1103 2777 εἰπεῖν,
1139 2713 1232 2766 καὶ
1267 2714 1429 2767 πᾶσιν
1456 2711 1682 2766 αὐτόθεν
1707 2711 1982 2783 γνώριμα’

409 2806 618 2876 μήποτε
644 2806 699 2858 δὲ
729 2806 823 2858 καὶ
855 2805 913 2858 τὸ
941 2804 1300 2876 διαμάχεσθαι
1331 2806 1441 2867 τοῖς
1459 2803 1725 2866 τοιούτοις
1750 2803 1976 2872 γελοῖον.

406 2898 481 2949 Οὑ
511 2897 680 2968 δήπου
714 2897 822 2967 γὰρ
851 2897 944 2950 καὶ
975 2896 1044 2950 τὰ
1076 2896 1433 2967 τελματιαῖα,
1457 2896 1552 2949 καὶ
1580 2897 1648 2948 τὰ
1675 2895 1734 2960 ἐξ
1761 2895 1980 2966 ὄμϐρων

407 2987 867 3060 συναθροιζόμενα
901 2989 1194 3060 προφέρειν
1235 2991 1367 3060 ἡμῖν
1422 2989 1719 3058 ὀφείλουσι,
1749 2989 1843 3042 καὶ
1893 2988 1982 3041 διὰ

400 3079 607 3134 τούτων
632 3080 723 3134 τὸν
751 3081 906 3148 λόγον
935 3083 965 3150 ἡ
975 3080 1089 3151 μῶν
1124 3081 1365 3150 ἐλέγχειν
1410 3079 1648 3146 eiectio“;
1696 3079 1853 3132 Ἀλλὰ
1882 3081 1980 3151 τὴν

406 3173 666 3245 μεγίστην
697 3172 790 3226 καὶ
842 3172 1178 3243 τελεωτάτην
1231 3173 1339 3243 (85)
1389 3172 1688 3243 συνδρομὴν
1714 3171 1821 3224 τῶν
1855 3170 1981 3224 ὑδά-

402 3265 521 3320 τῶν
539 3267 784 3336 ὠνόμασε
832 3266 1152 3337 συναγωγὴν
1185 3267 1336 3337 μίαν.
1393 3266 1503 3319 Καὶ
1542 3264 1650 3336 γὰρ
1677 3265 1746 3318 τὰ
1774 3264 1981 3336 φρέατα

406 3356 718 3424 συναγωγαὶ
745 3355 951 3408 ὑδάτων
985 3356 1094 3407 εἰσὶ
1118 3354 1504 3425 χειροποίητοι,
1555 3355 1649 3407 ἐπὶ
1683 3353 1742 3406 τὸ
1763 3354 1978 3407 κοίλαν-

405 3447 494 3500 θὲν
525 3446 622 3515 τῆς
648 3446 753 3515 γῆς
778 3448 874 3517 τῆς
904 3446 1314 3517 ἐνεσπαρμένης
1342 3446 1542 3510 νοτίδος
1593 3448 1681 3498 ἐπι
1692 3445 1976 3516 ρῤεοὺσης.

401 3537 491 3592 οὑ-
515 3538 690 3590 τοίνυν
714 3538 782 3590 τὰ
816 3539 1044 3608 τυχόντα
1075 3539 1182 3592 τῶν
1224 3539 1427 3592 ὑδάτων
1461 3539 1800 3610 άθροίσματα
1824 3541 1855 3610 ἡ
1881 3540 1981 3608 τῆς

406 3632 726 3701 συναγωγῆς
751 3631 859 3702 (8.4)
903 3633 1153 3702 ἐμφαίνει
1182 3632 1539 3705 προσηγορία,
1571 3633 1707 3687 ἀλλὰ
1745 3634 1843 3704 τὴν
1895 3631 1984 3697 ἐξ-

2018 1772 2060 1826 Β

403 3722 633 3793 έχουσαν
659 3723 753 3776 καὶ
787 3722 1070 3800 μεγίστην,
1100 3725 1156 3774 ἐν
1249 3725 1354 3776 πᾶν
1387 3723 1448 3776 τὸ
1491 3726 1750 3794 στοιχεῖον
1788 3723 2042 3809 ἀθῷον*

400 3813 779 3867 διαδείκνυται.
802 3815 1013 3885 ’Ὠσπερ
1037 3815 1144 3886 γὰρ
1171 3815 1232 3867 τὸ
1273 3815 1382 3888 πῦρ
1414 3815 1506 3869 καὶ
1535 3818 1613 3879 είς
1670 3815 1842 3887 μικρὰ
1885 3832 1981 3868 κα-

400 3906 976 3977 τακεκερματισμένον
1024 3908 1169 3960 ἐστὶν
1229 3907 1322 3960 ἐπὶ
1373 3909 1471 3977 τῆς
1495 3903 1596 3960 ὦδε
1641 3909 1848 3979 χρείας,
1889 3908 1980 3959 καὶ

402 3994 594 4065 ἁθρόον
613 3995 705 4046 ἐπὶ
725 3995 819 4047 τοῦ
855 3995 1072 4066 αἰθέρος
1123 3996 1368 4066 κέχυται·
1406 3997 1500 4049 καὶ
1537 3998 1565 4048 ὁ
1591 3996 1697 4068 ἀὴρ
1728 3997 1980 4066 διῄρηται

406 4087 504 4156 μέν
549 4087 813 4141 καὶκατὰ
843 4089 1032 4160 μικρά,
1087 4089 1177 4141 καὶ
1220 4088 1432 4158 ἁθρόως
1479 4087 1536 4140 δέ
1581 4088 1669 4140 τὸν
1706 4088 1981 4158 περίγειον

403 4179 783 4249 ἐκπεριείληφε
806 4179 989 4232 τόπον⁹
1019 4179 1159 4232 οὕτω
1190 4181 1284 4233 καὶ
1336 4180 1430 4231 ἐπὶ
1454 4178 1548 4232 τοῦ
1575 4179 1785 4243 ὓδατος,
1812 4180 1860 4230 εί
1887 4180 1983 4231 καὶ

407 4272 598 4340 μικραί
622 4272 764 4332 τινές
799 4274 902 4324 εἰσι
935 4272 1262 4344 διῃρημέναι
1286 4272 1598 4335 συστάσεις,
1619 4271 1754 4325 ἀλλὰ
1789 4272 1885 4342 μία
1917 4271 1981 4339 γέ

404 4361 522 4412 ἐστι
564 4362 850 4433 συναγωγὴ
904 4362 1014 4433 (85)
1044 4365 1076 4434 ἡ
1109 4364 1170 4416 τὸ
1203 4364 1322 4417 ὅλον
1353 4367 1614 4434 στοιχεῖον
1643 4363 1752 4417 τῶν
1778 4363 1980 4418 λοιπῶν

2091 524 2204 580 loca
2236 527 2440 581 divisas
2470 526 2562 580 tibi
2607 527 2886 580 indicavit.
2924 525 3056 578 Nam
3101 527 3361 579 montium
3404 541 3667 594 concava,

2089 617 2372 686 profundis
2426 616 2762 671 convallibus
2805 626 3080 687 perrupta,
3135 617 3446 671 collectitias
3497 631 3668 688 aquas

2089 709 2458 764 continebant.
2505 709 2642 776 Quin
2700 719 2753 763 et
2807 711 2982 779 campi
3032 709 3206 776 multi,
3258 711 3402 778 iique
3446 709 3663 778 supini,

2089 798 2224 855 nihil
2251 799 2502 852 maximis
2537 799 2742 867 pelagis
2775 799 3142 868 magnitudine
3166 800 3418 867 impares,
3451 807 3505 852 et
3547 799 3665 851 val—

2091 888 2169 944 les
2194 890 2510 954 innumerac,
2540 889 2917 957 convallesque
2951 888 3070 942 aliis
3104 899 3157 941 et
3186 890 3306 944 aliis
3356 889 3526 944 modis
3572 903 3665 942 ex-

2089 993 2444 1052 cavat-.e,qn:e
2469 983 2646 1036 omnia
2669 992 2795 1035 tunc
2822 982 2980 1051 aquis
3014 981 3376 1049 replebantur,
3397 991 3665 1050 przecepto

2090 1075 2271 1128 divino
2303 1083 2559 1128 evacuata
2614 1081 2758 1136 sunt,
2794 1087 2930 1140 aqua
2961 1072 3233 1126 undelibet
3267 1073 3318 1126 in
3344 1089 3503 1126 unam
3533 1087 3665 1126 con-

2089 1167 2450 1234 gregationem
2499 1165 2985 1226 conveniente._Et
3038 1179 3195 1220 nemo
3247 1166 3390 1220 dicat
3442 1168 3664 1220 omnino

2090 1271 2309 1310 necesse
2339 1273 2479 1319 esse,
2514 1258 2557 1311 si
2589 1272 2726 1326 aqua
2755 1269 2910 1312 terrae
2941 1266 3292 1326 superstaret,
3324 1274 3452 1313 cava
3481 1260 3664 1314 omnia

2089 1363 2207 1416 ane
2239 1359 2363 1402 tunc
2393 1349 2610 1419 pelagus
2640 1364 2948 1417 suscepere,
2977 1349 3140 1403 fuisse
3169 1349 3386 1404 referta.
3415 1349 3530 1416 Quo
3565 1350 3663 1420 igi-

2093 1448 2198 1504 tur,
2251 1441 2502 1494 concavis
2530 1441 2638 1508 jam
2692 1440 2990 1507 occupatis,
3037 1439 3342 1494 collectum:
3396 1455 3452 1494 se
3506 1451 3665 1496 erant

2089 1531 2284 1598 aquae?
2311 1530 2390 1583 Ad
2412 1531 2515 1586 hoc
2551 1547 2680 1586 sane
2716 1531 3178 1600 reSpondebimus,
3209 1543 3503 1601 pratparata
3537 1541 3663 1586 tunc

2091 1622 2255 1677 fuisse
2288 1623 2647 1691 receptacula,
2699 1639 2820 1676 cum
2882 1622 2990 1694 36
3040 1638 3232 1691 aquam
3284 1634 3557 1693 oporteret
3607 1626 3664 1678 in

2089 1730 2250 1768 unam
2290 1715 2998 1770 secernicoacervationem.
3045 1715 3230 1785 Neque
3273 1717 3418 1770 enim
3454 1727 3570 1770 erat
3600 1716 3664 1770 il-

2088 1807 2176 1860 lud
2207 1809 2346 1875 quod
2395 1816 2478 1861 est
2506 1817 2656 1861 extra
2687 1807 2862 1862 Gades
2892 1823 3061 1874 mare,
3096 1824 3273 1878 neque
3306 1823 3557 1877 magnum
3595 1810 3661 1862 il-

2087 1898 2177 1953 lud
2210 1909 2264 1953 et
2311 1899 2635 1953 horrendum
2688 1901 3062 1968 navigantibus
3093 1900 3340 1969 pelagus,
3375 1901 3516 1970 quod
3539 1898 3660 1953 Bri-

2089 1987 2360 2040 tannicam
2391 1986 2619 2042 insulam
2656 1997 2708 2040 et
2741 1988 3097 2043 occidentales
3148 1987 3411 2058 llispanos
3438 1989 3606 2042 ambit
3642 2006 3657 2043 :

2087 2076 2179 2130 sed
2209 2087 2556 2146 posteaquam
2609 2077 2699 2131 Dei
2757 2079 3008 2132 mandato
3048 2078 3340 2134 instructus
3381 2089 3463 2134 est
3511 2080 3664 2135 locus

2085 2169 2470 2236 amplissimus,
2500 2180 2626 2223 tunc
2677 2169 2728 2222 in
2781 2171 2952 2240 ipsum
2985 2186 3044 2225 se
3099 2186 3349 2240 recepere
3398 2188 3658 2242 aquarum

2087 2260 2270 2328 c0piae.
2296 2261 2375 2314 Ad
2407 2261 2509 2315 hoc
2538 2271 2736 2326 autem,
2779 2263 2917 2329 quod
2958 2273 3145 2317 nostra
3184 2264 3250 2317 de
3300 2265 3483 2318 mundi
3513 2263 3664 2332 opifi-

2085 2353 2170 2406 cio
2204 2353 2470 2406 sententia
2515 2353 2861 2420 experientia:
2905 2353 3221 2410 adversetur
3255 2355 3488 2423 (constat
3517 2355 3660 2409 enim

2086 2457 2189 2494 non
2238 2443 2288 2494 in
2344 2457 2503 2495 unam
2537 2444 3006 2512 congregationem
3041 2460 3234 2514 aquam
3283 2461 3494 2500 omnem
3529 2461 3663 2500 con-

2083 2527 2358 2605 currisse),
2393 2531 2557 2584 multa
2588 2533 2765 2585 dicere
2808 2531 2951 2598 licet,
2991 2549 3159 2604 eaque
3187 2535 3434 2596 omnibus
3476 2551 3570 2605 per
3599 2552 3660 2590 se

2084 2632 2228 2675 nota.
2277 2604 2387 2676 .Sed
2431 2620 2658 2674 fortasse
2709 2621 2868 2674 etiam
2929 2638 3050 2676 cum
3109 2624 3303 2678 talibus
3351 2604 3557 2680 certare
3587 2627 3659 2678 ri-

2082 2711 2313 2765 diculum
2373 2720 2475 2764 est.
2524 2709 2771 2780 Nunquid
2825 2711 3019 2764 debent
3064 2711 3332 2781 palustres
3381 2729 3569 2781 aquas,
3602 2721 3659 2766 et

2082 2819 2174 2858 eas
2200 2819 2316 2871 qua:
2346 2819 2408 2857 ex
2439 2804 2703 2859 imbribus
2755 2813 3148 2875 aggregantur,
3176 2807 3330 2860 nobis
3363 2818 3656 2874 opponere,

2082 2908 2242 2964 atque
2271 2897 2550 2960 arbitrari,
2585 2912 2643 2951 se
2673 2906 2915 2951 nostram
2954 2899 3274 2951 sententiam
3306 2910 3406 2966 ope
3444 2897 3655 2949 illarum

2082 2986 2399 3041 refellere?
2448 2987 2736 3042 Enimvero
2801 2990 3091 3042 maximum
3165 2988 3659 3056 amplissimumque

2082 3093 2343 3147 aquarum
2397 3093 2716 3133 concursum
2745 3080 3212 3148 congregationem
3253 3093 3411 3131 unam
3449 3092 3655 3132 nuncu-

2083 3170 2248 3240 pavit.
2281 3169 2411 3224 Nam
2447 3170 2615 3239 putei,
2655 3170 3000 3226 collectiones
3033 3186 3290 3239 aquarum
3321 3177 3446 3224 sunt
3471 3184 3657 3222 mann-

2081 3260 2261 3326 factae,
2287 3277 2406 3316 cum
2433 3263 2485 3315 in
2525 3272 2764 3316 cavatam
2811 3271 2967 3316 terrae
3008 3273 3210 3332 partem
3255 3263 3448 3316 humor
3483 3262 3530 3315 ei
3571 3261 3656 3314 in-

2081 3368 2295 3422 spersus
2350 3351 2538 3406 influit.
2580 3351 2695 3407 Non
2743 3367 2871 3423 ergo
2929 3353 3196 3423 quaslibet
3252 3368 3512 3421 aquarum
3561 3367 3655 3406 co-

2081 3444 2452 3499 acervationes
2486 3443 2918 3513 congregationis
2969 3442 3253 3512 appellatio
3311 3443 3534 3507 indicat,
3560 3441 3655 3496 sed

2079 3537 2402 3608 praecipuam
2439 3544 2492 3589 et
2520 3535 2846 3600 maximam,
2885 3535 2937 3587 in
2977 3549 3077 3604 qua
3122 3543 3286 3588 tottnn
3332 3533 3658 3588 elementum

2081 3637 2454 3681 coacervatum
2489 3625 2812 3680 ostenditur.
2849 3622 3308 3690 Quemadmodum
3343 3624 3484 3678 enim
3515 3624 3656 3694 ignis

2081 3719 2212 3772 etin
2248 3715 2484 3768 minutas
2530 3725 2710 3784 partes
2759 3730 2854 3784 pro
2898 3724 3080 3768 nostro
3128 3729 3226 3767 usu
3265 3713 3523 3768 dissectus
3550 3720 3656 3777 est,

2079 3819 2133 3862 et
2156 3806 2444 3860 acervatim
2472 3806 2526 3859 in
2548 3806 2749 3859 aethere
2774 3802 2996 3858 diﬂ'usus
3017 3821 3030 3870 ;
3050 3806 3178 3858 item
3201 3804 3650 3874 quemadmodum

2080 3915 2172 3954 aer
2205 3900 2406 3953 divisus
2430 3899 2644 3968 quidem
2673 3906 2756 3952 est
2799 3897 2853 3951 in
2902 3897 3126 3965 exiguas
3153 3906 3354 3966 partes,
3392 3906 3442 3949 et
3474 3904 3653 3949 tamen

2080 3993 2378 4063 adiacentia
2405 3992 2580 4046 telluri
2607 3992 2721 4046 loca
2756 3989 3047 4045 acervatim
3070 3990 3349 4058 occupavit
3380 4008 3393 4044 :
3425 3989 3497 4042 ita
3529 3991 3655 4043 etin

2082 4106 2219 4160 aqua
2264 4089 2474 4143 tametsi
2518 4103 2697 4158 parva:
2744 4086 2990 4157 qmedam
3049 4081 3657 4152 collectionesfuerunt

2080 4192 2362 4254 separatae.
2394 4193 2571 4236 tamen
2609 4198 2714 4235 una
2747 4190 2828 4237 est
2870 4179 3235 4250 congregatio,
3268 4193 3399 4248 quae
3428 4185 3596 4230 totum
3624 4188 3655 4227 a

2081 4279 2292 4333 caeteris
2340 4287 2586 4347 segregat
2629 4275 2975 4330 elementum.
3014 4273 3147 4327 Nam
3202 4282 3389 4342 stagna
3443 4279 3552 4324 tum
3593 4283 3654 4323 ea

2081 4386 2199 4440 qua:
2230 4371 2295 4424 ad
2333 4380 2512 4438 partes
2539 4369 2984 4438 septentrionales
3012 4368 3114 4422 sita
3142 4376 3285 4430 sunt,
3311 4375 3420 4418 tum
3448 4379 3508 4417 ea
3539 4377 3657 4431 quae

403 4455 772 4524 ἀποκρίνουσα
817 4456 946 4526 (86).
978 4458 1043 4508 Αἱ
1075 4457 1173 4526 μὲν
1202 4458 1312 4528 γὰρ
1340 4458 1550 4528 λίμναι,
1585 4459 1724 4512 αἵτε
1749 4457 1890 4510 κατὰ
1908 4457 1984 4510 τὰ

2085 4458 2256 4527 iacent
2290 4460 2431 4514 circa
2463 4458 2772 4514 Grmcorum
2821 4468 3050 4514 tractum
3071 4498 3085 4522 ,
3113 4468 3223 4512 tum
3270 4473 3389 4528 qua:
3418 4456 3657 4510 Macedo-

407 4544 548 4616 μέρη
573 4545 674 4614 τῆς
705 4545 930 4616 ἄρκτου,
961 4549 1052 4601 καὶ
1091 4549 1210 4601 ὅσαι
1237 4548 1366 4619 περὶ
1393 4548 1484 4601 τὸν
1523 4547 1828 4618 Ἑλληνικόν
1875 4549 1988 4600 εἰσι.

403 4637 588 4701 τόπον,
617 4639 717 4708 τήν
744 4655 803 4689 τε
849 4639 1209 4704 Μακεδονίαν,
1243 4642 1336 4693 καὶ
1382 4640 1481 4712 τὴν
1507 4640 1744 4694 Βιθυνῶν
1775 4640 1978 4712 χῶραν,

403 4729 499 4783 καὶ
519 4730 615 4800 τὴν
640 4730 1012 4785 Παλαιστίνων
1040 4733 1387 4803 κατέχουσαι,
1422 4735 1731 4802 συναγωγαί
1756 4735 1860 4786 εἰσι
1885 4735 1980 4804 δη-

406 4820 600 4875 λονότι⁶
637 4821 773 4875 ἀλλὰ
807 4822 901 4875 νῦν
942 4825 1068 4894 περὶ
1114 4825 1213 4894 τῆς
1241 4825 1500 4896 μεγίστης
1529 4827 1752 4879 ἁπασῶν
1789 4826 1882 4879 καὶ
1903 4825 1981 4896 τῷ

408 4912 628 4983 μεγέθει
679 4913 781 4983 τῆς
820 4914 925 4984 γῆς
985 4918 1390 4987 παρισουμένης
1426 4920 1454 4971 6
1506 4919 1679 4987 λόγος.
1711 4920 1807 4980 “Ag
1836 4918 1976 4987 πλῆ-

403 5004 495 5070 θος
514 5005 624 5077 (87.)
645 5008 746 5076 μὲν
759 5006 903 5077 ἔχειν
926 5007 1116 5072 ὕδατος
1136 5009 1307 5072 οὐδεὶς
1323 5011 1446 5062 ἀντε
1456 5014 1556 5080 ρεί”
1575 5012 1634 5064 οὑ
1653 5009 1758 5082 μὴν
1776 5009 1978 5063 θαλάση

474 5182 682 5250 (SlHta
718 5198 812 5238 sex
835 5199 963 5240 mss.
997 5184 1136 5240 Editi
1165 5186 1309 5240 οὑδέ.

479 5255 590 5321 (82)
625 5253 773 5323 Regii
796 5255 1040 5323 quintus,
1060 5267 1244 5310 sextus
1267 5267 1321 5310 et
1345 5267 1569 5313 octavus
1608 5257 1814 5311 ὑδάτων
1863 5275 1986 5312 συν-

404 5325 639 5430 ﬁgunt.
670 5322 958 5378 Editi‘cum
1008 5325 1129 5380 aliis
1173 5327 1496 5396 quibusdam
1533 5343 1664 5382 mss.
1712 5331 1768 5380 αί
1800 5328 1986 5382 συλλο-

406 5408 590 5530 7“("83)
619 5461 816 5518 Omnes
870 5465 984 5518 fere
1035 5481 1166 5521 mss.
1209 5482 1330 5521 cum
1383 5467 1618 5522 editione
1669 5467 1834 5523 Basil.
1885 5472 1980 5524 καὶ

403 5530 761 5656 ἓλεωτάτην.
797 5535 971 5589 Editio
1000 5534 1173 5592 Paris.
1226 5551 1350 5590 cum
1407 5537 1540 5608 Reg.
1578 5540 1740 5594 tertio
1779 5539 1978 5593 τελειο-

476 5618 592 5656 την.

787 5675 994 5753 primns
1021 5675 1168 5753 ῥτῇς
1197 5678 1327 5753 μιᾶς
1374 5694 1565 5753 συναγ.
1602 5678 1795 5735 Statim
1839 5678 1979 5736 idem

405 5742 572 5796 codex
596 5741 884 5813 ἐξέχουσαν
907 5747 1000 5799 καὶ
1023 5741 1260 5817 ἀρίστην.
1293 5748 1352 5800 ἐν

2086 4553 2228 4606 niam
2250 4567 2312 4607 ac
2341 4553 2692 4622 Bithynorum
2725 4552 3238 4620 Palaestinornmque
3268 4551 3535 4620 regionem
3555 4549 3653 4604 ob-

2088 4647 2283 4709 tinent,
2327 4655 2453 4700 sunt
2498 4646 2714 4715 quidem
2751 4645 3192 4715 congregationes
3229 4660 3242 4696 :
3291 4643 3384 4697 sed
3419 4657 3562 4696 nunc
3590 4642 3656 4695 de

2087 4752 2148 4791 ea
2178 4752 2295 4804 qua:
2339 4735 2578 4790 omnium
2623 4737 2855 4789 maxima
2905 4745 3010 4798 est,
3043 4749 3266 4804 quaeque
3289 4731 3656 4801 magnitudine

2087 4829 2265 4885 telluri
2304 4830 2522 4899 aqualis
2550 4838 2654 4893 est,
2706 4827 2934 4883 habetur
2976 4841 3172 4881 sermo.
3227 4824 3445 4894 Copiam
3475 4833 3652 4877 autem

2086 4923 2140 4977 in
2168 4922 2271 4975 illis
2303 4922 2566 4976 contineri
2597 4936 2859 4990 aquarum
2899 4919 3113 4989 negabit
3141 4933 3320 4983 nemo,
3343 4931 3442 4970 nec
3477 4925 3653 4968 tamen

2083 5012 2366 5083 quisquam
2399 5028 2492 5070 eas
2518 5027 2750 5082 congrua
2778 5011 3131 5082 appellatione
3159 5011 3325 5064 maria
3358 5007 3652 5070 vocaverit,
3686 5076 3691 5081 _

2162 5188 2275 5261 (85)
2303 5189 2454 5261 Regii
2491 5188 2710 5260 quintus
2731 5199 2784 5244 et
2809 5201 2995 5245 sextus
3019 5189 3166 5243 ἐστὶν
3194 5191 3405 5261 ἀγωγή.

2161 5259 2274 5328 (86)
2306 5259 2403 5312 Ιῑίιί
2435 5259 2563 5315 mss.
2593 5263 2830 5329 quinque
2871 5278 2992 5315 cum
3046 5262 3287 5314 Combef.
3336 5259 3477 5313 Editi
3530 5275 3652 5314 cum

2086 5329 2237 5402 Coll}.
2275 5332 2514 5402 secundo
2548 5332 2908 5401 ὰποκρίνασα.
2963 5330 3082 5387 Mox
3103 5329 3259 5402 'Reg.
3290 5343 3475 5385 sextus
3503 5331 3566 5383 αἴ
3593 5348 3652 5384 τε

2084 5399 2241 5472 κατά,
2257 5401 2322 5470 μέ
2332 5417 2421 5472 ρος
2447 5401 2562 5472 τῆς.

2155 5471 2269 5538 (87)
2306 5470 2481 5525 Editio
2499 5471 2659 5524 Basil.
2685 5480 2738 5526 et
2762 5471 2937 5537 Bodl.,
2964 5480 3017 5525 et
3051 5470 3140 5524 alii
3181 5471 3392 5538 plurimi
3421 5491 3554 5530 mss.
3587 5474 3654 5539 ἃς

2086 5539 2306 5608 πλῆθος.
2344 5539 2520 5616 Editio
2548 5540 2716 5616 Paris.
2744 5543 2958 5606 ἐκείνας
2992 5542 3300 5616 δὲ-πλῆθος.
3362 5545 3654 5616 Aliquanto

2085 5622 2403 5737 postbmslsi'
2438 5613 2678 5683 plerique
2732 5629 2919 5671 omnes
2985 5612 3260 5678 θαλάσσας
3325 5632 3410 5684 γε.
3467 5612 3654 5673 Ἀιωδι

2085 5696 2143 5737 γε
2179 5697 2205 5736 a
2281 5697 2309 5737 e
2351 5699 2362 5736 :
2393 5697 2439 5737 IS

2084 5696 2143 5748 γε
2179 5693 2244 5737 ab
2281 5693 2439 5739 edlllS
