4082 6218
411 343 482 397 87
1749 337 1807 392 S.
1844 335 2091 391 BASILII
2124 335 2341 392 MAGNI
3593 330 3667 385 88

410 458 625 514 etiamsi
654 454 924 510 nonnulla
947 455 1235 525 plurimum
1297 455 1423 509 salsi
1450 470 1514 510 ac
1541 456 1739 510 terreni
1771 459 1991 524 perinde

2099 474 2191 519 σας
2222 472 2286 523 γε
2317 453 2381 507 ἄν
2430 471 2511 515 τις
2554 450 2724 514 αὐτάς
2753 450 2894 504 κατὰ
2941 449 3032 502 τὸν
3075 448 3256 502 εἰκότα
3289 448 3445 516 λόγον
3493 465 3668 523 προσ-

411 562 574 618 atque
614 561 864 617 magnum
926 563 1072 602 mare
1128 547 1360 602 habeant
1395 547 1514 600 :uti
1560 556 1643 601 est
1694 549 1746 601 in
1800 547 1982 604 Judzea

2099 547 2245 600 είποι’
2269 546 2375 599 οὐδ’
2398 545 2463 599 ἂν
2503 546 2583 597 ὅτι
2615 544 2849 613 μάλιστα
2874 543 2949 614 τὸ,
2963 540 3206 611 ἁλμυρὸν
3224 541 3318 593 καὶ
3350 539 3552 608 γεῶδές
3580 559 3667 594 τι-

410 640 726 709 Aspltaltitis
762 638 927 701 lacus,
970 648 1025 693 et
1064 638 1366 694 Serbonitis
1422 638 1530 703 ille,
1566 638 1656 708 qui
1692 638 1983 711 Egyptum

2099 656 2176 702 νες
2206 636 2584 708 παραπλήσιον
2613 636 2777 706 ἔχωσι
2806 638 2869 705 τῇ
2902 633 3110 706 μεγάλῃ
3150 633 3411 705 θαλάσσῃ,
3440 633 3515 696 ὡς
3535 634 3569 703 ἦ
3603 650 3663 689 τε

412 735 554 788 inter
578 741 632 787 et
669 732 1005 786 Palmstinam
1040 747 1134 801 per
1162 732 1414 786 Arabiam
1456 732 1725 787 desertam
1768 742 1987 800 proten-

413 824 578 877 ditur.
605 822 726 877 llzec
757 822 900 877 enim
923 832 1107 893 stagna
1138 833 1262 877 sunt
1311 841 1328 878 :
1368 831 1423 876 at
1455 838 1625 887 mare,
1661 831 1719 877 ut
1745 823 1837 892 qui
1873 832 1984 877 ter-

2100 729 2438 798 Ἀσφαλτῖτις
2457 728 2619 798 λίμνη
2645 728 2736 780 ἐπὶ
2764 727 2864 796 τῆς
2905 725 3182 788 Ἰουδαίας,
3217 725 3310 777 καὶ
3339 726 3371 795 ἡ
3403 724 3665 796 Σερϐωνῖ-

2086 824 2220 892 τιςή
2256 822 2456 893 μεταξὺ
2490 820 2767 888 Αἰγύπτου
2812 819 2905 873 καὶ
2928 817 3290 888 Παλαιστίνης
3314 817 3413 886 τὴν
3447 816 3665 890 Ἀραϐι-

412 931 528 969 ram
554 915 847 969 lustravere
894 923 1139 978 narrant,
1184 929 1348 968 unum
1379 922 1481 968 est.
1517 913 1832 980 Quanquam
1862 921 1987 966 sunt

2099 913 2192 983 κῆν
2222 912 2427 983 ἔρημον
2468 910 2887 982 παρατείνουσα.
2939 909 3139 979 Λίμναι
3175 908 3283 977 γάρ
3312 909 3447 960 εἰσιν
3478 901 3660 971 αὗται,

412 1007 503 1075 qui
543 1005 847 1076 Hyrcanum
875 1014 929 1059 et
951 1004 1205 1073 Caspium
1234 1018 1381 1059 mare
1434 1003 1487 1057 in
1520 1004 1714 1073 scipsis
1755 1003 1986 1057 circum-

411 1098 610 1166 scripta
636 1111 755 1152 esse
792 1096 1157 1161 arbitrentur;
1193 1097 1237 1150 si
1276 1110 1380 1165 qua
1423 1104 1601 1149 tamen
1640 1095 1774 1148 fides
1807 1095 1871 1148 iis
1894 1095 1986 1164 qui

2091 1004 2333 1058 Θάλασσα
2354 1003 2409 1055 δὲ
2456 1003 2571 1073 μία,
2608 1003 2684 1064 ὡς
2707 1004 2757 1054 oi
2790 1001 2888 1072 τὴν
2917 1000 3020 1071 γῆν
3056 998 3494 1071 περιοδεύσαντες
3520 1001 3664 1051 ίστο-

2096 1094 2297 1166 ροῦσιν.
2330 1096 2391 1147 Ei
2423 1095 2515 1147 καὶ
2544 1096 2641 1163 τὴν
2675 1092 2968 1161 Ὑρκανίαν
2993 1090 3194 1144 οἴονταί
3223 1107 3384 1154 τινες,
3432 1091 3523 1143 καὶ
3565 1090 3663 1162 τὴν

413 1188 791 1259 geographiam
844 1189 1318 1257 conscripserunt,
1352 1187 1655 1242 adhibenda
1690 1197 1774 1242 est
1798 1227 1813 1251 ,
1846 1188 1991 1241 inter

2099 1186 2348 1239 Κασπίαν
2415 1182 2849 1255 περιγεγράφθω
2908 1182 3028 1235 καθ’
3086 1180 3318 1244 ἑαυτάς·
3367 1179 3481 1233 ἀλλ’
3519 1180 3572 1233 εί
3599 1181 3663 1249 γέ

414 1292 475 1333 se
526 1287 714 1332 mutuo
752 1277 1020 1347 perforata
1066 1288 1208 1342 sunt,
1260 1288 1314 1333 et
1362 1279 1541 1334 omnia
1594 1279 1645 1332 in
1697 1280 1987 1333 maximum

2099 1296 2142 1330 τι
2161 1277 2275 1347 (88)
2306 1276 2410 1347 χρὴ
2425 1279 2545 1339 ταῖς
2566 1275 2673 1328 τῶν
2693 1277 2876 1346 ίστορη
2887 1275 3094 1328 σάντων
3118 1273 3405 1344 προσέχειν
3420 1290 3666 1344 γεωγραο

414 1384 566 1423 mare
609 1384 705 1438 per
735 1379 958 1439 angusta
995 1371 1235 1435 quaedam
1282 1370 1419 1424 ostia
1459 1370 1766 1438 concidunt,
1808 1387 1993 1441 quem-

2099 1371 2264 1438 φίαις,
2305 1370 2689 1439 συντέτρηνται
2751 1367 2886 1438 πρὸς
2938 1367 3191 1439 ἀλλήλας,
3238 1369 3332 1421 καὶ
3384 1367 3518 1439 πρὸς
3565 1368 3668 1438 τὴν

420 1459 711 1514 admodum
746 1470 801 1513 et
845 1475 993 1515 mare
1026 1460 1264 1514 Rubrum
1293 1476 1416 1515 cum
1447 1476 1512 1516 co
1540 1463 1679 1531 quod
1713 1463 1849 1517 ultra
1881 1463 1991 1518 Ga-

2099 1462 2360 1532 μεγίστην
2411 1460 2684 1514 θάλασσαν
2735 1459 2940 1512 ἅπασαι
2994 1458 3489 1529 συνανεστόμωνται
3532 1458 3665 1530 (89)·

416 1552 511 1604 des
555 1559 658 1617 est,
687 1552 929 1605 connecti
953 1551 1146 1607 fet‘unt.
1175 1550 1456 1618 Quomodo
1488 1553 1649 1620 igitur
1669 1592 1683 1617 ,
1716 1554 1993 1623 inquiunt,

2099 1555 2169 1617 ὡς
2201 1554 2295 1606 καὶ
2323 1553 2421 1622 τὴν
2463 1550 2729 1623 Ἐρυθρὰν
2756 1550 3028 1605 θάλασσάν
3069 1568 3201 1619 φασι
3249 1551 3384 1623 πρὸς
3415 1550 3511 1622 τὴν
3569 1552 3670 1603 ὲπ-

355 1712 361 1719 ’
416 1642 559 1696 Deus
588 1641 929 1695 collectiones
955 1657 1215 1711 aquarum
1252 1644 1579 1712 nuncupavit
1616 1643 1785 1697 maria
1814 1643 1992 1709 ?Quia

2099 1645 2279 1697 έκεινα
2309 1643 2579 1714 Γαδείρων
2602 1642 2983 1696 συνάπτεσθαι.
3006 1640 3131 1703 Πῶς
3151 1637 3467 1713 ,οὖν,ςρησ“ιν,
3492 1643 3518 1694 ὁ
3536 1641 3669 1706 Θεὸς

416 1742 808 1787 concurrerunt
853 1733 1066 1801 quidem
1127 1749 1281 1803 aqua:
1324 1736 1377 1788 in
1427 1750 1585 1787 unam
1616 1734 1993 1804 congregatio-

2099 1734 2163 1788 τά
2198 1735 2518 1804 συστήματα
2543 1732 2650 1784 τῶν
2702 1733 2912 1786 ὑδάτων
2945 1732 3169 1786 ἐκάλεσε
3196 1730 3504 1797 θαλάσσας;
3546 1733 3668 1785 Ὅτι

416 1837 538 1878 nem
580 1824 719 1879 :sed
772 1839 1029 1894 aquarum
1077 1828 1535 1891 coacervationes,
1589 1826 1640 1879 id
1671 1836 1754 1881 est
1815 1827 1988 1892 sinus,

2099 1825 2394 1896 συνέδραμε
2446 1824 2545 1894 μὲν
2594 1823 2704 1893 (90)
2734 1827 2814 1887 είς
2847 1824 3169 1893 συναγωγὴν
3213 1824 3341 1894 μίαν
3372 1824 3440 1878 τὰ
3477 1823 3666 1877 ὕδατα·

415 1915 507 1984 qui
545 1917 836 1971 secundum
884 1918 1153 1986 propriam
1197 1916 1418 1988 ﬁguram
1444 1933 1488 1985 .a
1527 1926 1668 1971 terra
1698 1916 1988 1984 circumja-

2099 1916 2164 1968 τά
2195 1915 2250 1968 δὲ
2302 1916 2623 1985 συστήματα
2665 1915 2774 1968 τῶν
2818 1915 3043 1979 ὑδάτων,
3092 1915 3338 1968 τουτέστι
3381 1916 3503 1978 τοὺς
3545 1916 3673 1969 x61-

416 2015 571 2061 cente
611 2007 983 2077 comprehensi
1015 2019 1163 2069 sunt.
1188 2009 1358 2061 maria
1395 2008 1651 2063 Dominus
1683 2008 1985 2078 appellavit.

2099 2025 2230 2070 πους
2261 2007 2387 2069 τοὺς
2440 2009 2562 2058 κατ’
2617 2007 2745 2060 ίδιον
2776 2006 2959 2075 σχῆμα
2989 2005 3093 2058 ὑπὸ
3138 2005 3238 2076 τῆς
3280 2006 3674 2077 περικειμένης

418 2096 555 2151 Sunt
584 2098 780 2166 quippe
826 2113 974 2153 mare
1006 2099 1442 2165 septentrionale,
1485 2115 1631 2153 mare
1666 2100 1988 2164 austrinum,

2099 2099 2197 2169 γῆς
2234 2097 2675 2167 ἀποληφθέντας,
2728 2096 3003 2160 θαλάσσας
3054 2099 3084 2150 ὁ
3146 2096 3348 2168 Κύριος
3399 2099 3767 2168 προσηγόμῆ

415 2187 676 2243 orientale
707 2202 874 2254 mare,
900 2197 953 2242 et
981 2189 1310 2243 occidentale
1331 2189 1437 2259 37
1471 2204 1680 2243 rursum
1714 2189 1855 2244 aliud
1887 2199 1987 2246 est.

418 2277 555 2331 Sunt
582 2278 766 2331 itidem
801 2278 1014 2333 nomina
1064 2279 1292 2332 marium
1329 2280 1546 2348 propria
1595 2295 1606 2330 :
1644 2278 1846 2334 Pontus
1880 2279 1991 2333 Eu-

417 2370 599 2433 xinus,
653 2367 967 2439 Propontis,
1006 2368 1658 2436 llellespontus,A§g:eum
1688 2380 1742 2424 et
1764 2370 1989 2433 Ionium,

420 2460 775 2515 Sardonicum
804 2461 1023 2529 pelagus
1051 2460 1380 2526 etSiculum,
1400 2470 1454 2515 et
1473 2459 1813 2531 Tyrrhenum
1843 2460 1990 2514 aliud

418 2561 523 2607 est.
555 2552 692 2619 Quin
730 2563 785 2605 et
812 2552 1026 2606 inﬁnita
1057 2563 1181 2606 sunt
1210 2553 1439 2606 marium
1466 2553 1705 2617 nomina,
1737 2568 1854 2622 qua:
1876 2553 1993 2608 lou~

420 2659 545 2714 gum
588 2657 728 2697 nunc
755 2643 914 2696 fuerit
954 2658 1014 2696 ac
1043 2643 1200 2712 plane
1239 2645 1476 2714 ineptum
1519 2657 1768 2701 accurate
1805 2663 1990 2702 recen-

421 2748 540 2788 sere
566 2749 629 2787 ac
652 2750 956 2789 numerare.
981 2735 1182 2790 Idcirco
1210 2734 1350 2790 Deus
1368 2737 1802 2792 coacervationes
1833 2753 1994 2807 aqua-

421 2841 539 2879 rum
589 2827 758 2880 maria
791 2828 1135 2895 nuncupavit.
1187 2827 1384 2883 Verum
1421 2827 1486 2880 ad
1522 2829 1622 2881 hoc
1650 2828 1863 2898 quidem
1895 2843 1991 2883 uos

422 2919 644 2975 deduxit
683 2921 941 2975 orationis
961 2920 1128 2975 series
1153 2936 1166 2972 :
1192 2921 1285 2976 sed
1318 2921 1383 2976 ad
1429 2920 1481 2975 id
1504 2925 1647 2990 quod
1683 2921 1834 2976 initio
1863 2936 1992 2992 pro-

422 3012 720 3080 posuimus,
758 3012 1057 3066 redeamus.

2099 2206 2278 2259 ρευσε.
2303 2188 2557 2242 Θάλασσα
2583 2188 2810 2259 βόρειος,
2841 2187 3084 2240 θάλασσα
3107 2187 3298 2252 νότιος,
3332 2187 3439 2259 ἑῴα
3469 2189 3672 2243 θάλασ-

2099 2297 2187 2344 σα,
2222 2279 2317 2332 καὶ
2338 2277 2568 2350 ἐσπερία
2596 2279 2759 2332 πάλιν
2798 2278 2980 2350 ἑτέρα.
3019 2278 3129 2331 Καὶ
3156 2278 3394 2349 ὀνόματα
3428 2279 3534 2333 τῶν
3572 2298 3676 2334 πε-

2097 2371 2278 2440 λαγῶν
2304 2369 2591 2435 ίδιάζοντα*
2611 2370 2809 2433 Πόντος
2826 2370 3091 2436 Εὔξεινος,
3114 2371 3208 2424 καὶ
3224 2371 3671 2443 Προποντὶς(91),

2110 2462 2518 2533 Ἑλλήσποντος,
2550 2462 2773 2530 Αἰγαῖος
2820 2462 2911 2516 καὶ
2952 2461 3169 2527 Ἰώνιος,
3232 2463 3550 2534 Σαρδονικὸν
3574 2465 3675 2518 πέ-

2096 2555 2382 2622 λαγοςκαὶ
2431 2554 2740 2616 Σικελικὸν,
2795 2553 2887 2606 καὶ
2935 2554 3272 2624 Τυρρηνικὸν
3319 2554 3523 2626 ἕτερον.
3560 2557 3673 2609 Καὶ

2103 2647 2269 2717 μυρία
2296 2664 2356 2714 γε
2384 2647 2620 2717 ὀνόματα
2656 2643 2925 2711 πελαγῶν,
2951 2644 2985 2697 ἃ
3009 2644 3216 2715 μακρὸν
3238 2642 3302 2696 ἂν
3328 2644 3411 2715 εἴη
3446 2644 3539 2698 νῦν
3557 2645 3671 2715 (92)

2098 2740 2192 2791 καὶ
2234 2739 2617 2809 ἀπειροκαλίας
2650 2736 2843 2806 μεστὸν
2877 2736 2943 2789 δι’
2978 2736 3261 2807 ἀκριϐείας
3282 2736 3675 2808 ἀπαριθμήσα-

2099 2830 2242 2883 σθαι.
2272 2828 2371 2880 Διὰ
2397 2826 2555 2881 τοῦτο
2588 2827 2868 2897 ὠνόμασεν
2890 2828 2917 2880 ό
2946 2826 3076 2890 Θεὸς
3102 2825 3169 2879 τὰ
3199 2828 3517 2898 συστήματα
3558 2827 3672 2879 τῶν

2098 2920 2303 2973 ὑδάτων
2327 2918 2618 2982 θαλάσσας.
2654 2917 2791 2971 Ἀλλ’
2808 2919 2886 2981 είς
2912 2916 3068 2969 τοῦτο
3097 2918 3194 2987 μὲν
3219 2919 3364 2988 ἡμᾶς
3383 2916 3674 2987 ἐξήνεγκεν

2097 3011 2130 3081 ἡ
2164 3009 2453 3065 ἀκολουθία
2499 3010 2591 3063 τοῦ
2638 3009 2817 3079 λόγου,
2844 2996 3008 3081 μείς
3038 3011 3095 3064 δὲ
3150 3011 3285 3083 πρὸς
3323 3010 3383 3065 τὺ
3410 3012 3467 3078 ἐξ
3497 3013 3674 3084 ἀρχῆς

2099 3099 2498 3170 ἐπανέλθωμεν.

495 3196 547 3248 5.
585 3194 650 3247 Et
677 3194 810 3248 dixit
845 3194 1003 3260 Deus,
1035 3193 1423 3266 Congregeutur
1449 3212 1599 3265 aqua:
1625 3197 1679 3251 in
1705 3212 1984 3268 congrega-

2159 3192 2212 3246 5.
2239 3193 2348 3246 Καὶ
2380 3188 2548 3246 εἶπεν
2579 3195 2612 3246 ό
2662 3191 2826 3257 Θεός·
2862 3192 3228 3262 Συναχθήτω
3262 3195 3336 3248 τὰ
3370 3193 3557 3248 ὕδατα
3584 3197 3675 3262 είς

425 3286 621 3340 tionem
665 3303 825 3339 unam
846 3328 861 3353 ,
891 3295 941 3340 et
971 3298 1217 3356 appareat
1250 3288 1421 3341 arida.
1450 3286 1563 3341 Non
1599 3288 1777 3343 dixit:
1810 3289 1875 3343 Et
1901 3305 1996 3359 ap-

425 3386 613 3447 pareat
652 3386 830 3435 terra:
870 3393 937 3432 ne
970 3378 1159 3431 iterum
1198 3379 1362 3445 ipsam
1394 3379 1641 3432 ostendat
1670 3379 1996 3448 incomposi-

429 3479 556 3532 tam,
584 3482 875 3527 cmuosatn,
927 3482 1078 3537 aqua:
1130 3468 1453 3531 immistam,
1491 3471 1718 3523 necdum
1777 3470 1998 3538 propria

426 3557 599 3613 forma
623 3568 715 3612 aut
745 3559 939 3611 virtute
968 3559 1224 3612 imlutam.
1260 3560 1427 3613 Simul
1464 3560 1648 3626 etiam,
1680 3576 1747 3614 ne
1772 3561 1996 3616 aridita-

430 3650 498 3704 tis
520 3634 735 3703 causam
764 3650 859 3705 soli
901 3651 1336 3714 attribueremus,
1383 3661 1540 3705 terrae
1577 3652 1882 3706 ariditatem
1908 3668 1993 3723 ge.

428 3744 707 3796 neratione
756 3742 884 3797 solis
920 3741 1097 3796 eﬂ‘ecit
1141 3740 1331 3810 Opifex
1368 3744 1734 3798 vetustiorem.
1771 3744 1998 3799 Attende

426 3839 605 3884 autem
649 3847 834 3886 eorum
866 3848 985 3900 qua:
1026 3833 1222 3900 scripta
1272 3843 1417 3900 sunt,
1465 3835 1807 3898 sententiam,
1857 3836 1997 3904 quod

426 3936 533 3975 non
587 3922 760 3975 solum
798 3923 1101 3976 redundans
1138 3939 1275 3991 aqua
1322 3938 1352 3976 e
1402 3933 1545 3977 terra
1577 3923 1881 3989 deﬂuxerit,
1905 3927 1998 3980 sed

426 4013 590 4083 etiam
639 4013 780 4081 quod
827 4014 1082 4081 quidquid
1115 4030 1210 4083 per
1236 4014 1580 4082 profundiora
1611 4016 1727 4070 loca
1763 4016 1861 4085 ipsi
1905 4019 2000 4070 ad-

430 4105 644 4157 mistum
673 4113 809 4166 erat,
835 4104 889 4158 id
932 4120 1145 4173 quoque
1194 4106 1484 4159 incvitabili
1535 4107 1742 4160 Domini
1772 4108 1999 4175 imperio

427 4193 803 4261 obtemperans
853 4196 1160 4250 recesserit.
1188 4194 1252 4248 Et
1280 4195 1478 4262 factum
1520 4207 1595 4249 est
1628 4197 1723 4250 ita.
1756 4197 1880 4252 "mc
1920 4199 2001 4251 in-

429 4281 610 4335 ductio
630 4292 711 4335 sat
741 4284 1145 4338 demonstrabat
1173 4285 1395 4351 ()pilicis
1439 4301 1622 4340 vocem
1663 4287 1727 4340 ad
1752 4286 1998 4342 effectum

429 4376 774 4444 pervenisse;
808 4375 1073 4443 adjectum
1100 4387 1373 4433 esttamen
1403 4379 1454 4432 in
1487 4379 1664 4435 multis
1683 4382 2001 4450 exemplari-

429 4468 531 4521 bus
566 4483 581 4519 :
610 4465 679 4520 Et
708 4478 1022 4537 congregata
1051 4476 1129 4521 est
1169 4485 1304 4538 aqua
1328 4485 1445 4538 qua:
1486 4469 1581 4523 sub
1631 4470 1758 4524 caelo
1789 4480 1901 4524 erat
1945 4473 1998 4524 in

2097 3283 2457 3354 συναγωγὴν
2475 3283 2640 3352 μίαν,
2697 3282 2797 3335 καὶ
2827 3282 3061 3351 ὀρθήτω
3095 3287 3133 3352 ἡ
3165 3284 3338 3354 ξηρά.
3385 3287 3496 3340 Οὐκ
3526 3282 3669 3340 εἷπεσ

2097 3377 2207 3429 Καὶ
2231 3376 2448 3447 ὁςρθήτω
2475 3378 2508 3446 ἡ
2549 3375 2645 3445 γῆς
2678 3375 2766 3428 ἵνα
2799 3374 2872 3446 μὴ
2906 3375 3065 3428 πάλιν
3103 3377 3270 3447 αὐτὴν
3299 3377 3673 3433 ἀκατάσκευον

2098 3467 2372 3538 ἐπιδείξῃ,
2422 3467 2639 3539 πηλώδη
2693 3462 2878 3531 οὖσαν,
2932 3467 3024 3519 καὶ
3078 3467 3530 3539 ἀναμεμιγμένην
3591 3470 3672 3539 τῷ

2099 3560 2271 3623 ὕδατι,
2303 3558 2455 3613 οὔπω
2488 3559 2586 3628 τὴν
2628 3559 2836 3612 οἰκείαν
2880 3557 3258 3610 ἀπολαϐοῦσαν
3304 3558 3513 3629 μορφὴν
3549 3560 3671 3612 οὐδὲ

2098 3650 2348 3721 δύναμιν.
2416 3649 2580 3721 Ὀμοῦ
2608 3650 2685 3715 δὲ,
2743 3649 2830 3702 ἵνα
2856 3647 2928 3719 μὴ
2958 3648 3037 3719 τῷ
3063 3648 3196 3719 ἡλίῳ
3220 3647 3317 3719 τὴν
3349 3647 3441 3701 τοῦ
3472 3649 3671 3719 ἀναξη-

2103 3743 2303 3813 ραίνειν
2332 3741 2429 3812 τὴν
2457 3741 2559 3812 γῆν
2585 3741 2761 3794 αἰτίαν
2798 3739 3142 3811 προσθῶμεν,
3174 3738 3546 3809 πρεσϐυτέραν
3570 3740 3673 3809 τῆς

2098 3831 2192 3886 τοῦ
2227 3833 2335 3904 (95)
2368 3832 2519 3903 ἡλίου
2577 3832 2843 3900 γενέσεως
2889 3830 2988 3902 τὴν
3055 3830 3323 3902 ξηρότητα
3358 3832 3455 3900 τῆς
3502 3829 3608 3899 γῆς
3643 3832 3673 3883 ὁ

2099 3926 2436 3995 Δημιουργὸς
2467 3914 2894 3994 παρεσκεύασεν.
2945 3922 3267 3993 Ἐπίστησον
3298 3922 3352 3974 δὲ
3390 3925 3454 3992 τῇ
3494 3923 3672 3993 ἐννοίᾳ

2097 4015 2206 4069 τῶν
2239 4016 2661 4086 γεγραμμένων,
2708 4015 2787 4067 ὅτι
2810 4016 2872 4067 οὐ
2917 4015 3075 4084 μόνον
3104 4013 3165 4066 τὸ
3197 4012 3486 4075 πλεονάζον
3526 4012 3671 4084 ὓδωρ

2099 4105 2349 4177 ἀπερρύη
2379 4107 2475 4175 τῆς
2503 4107 2629 4176 γῆς,
2665 4106 2799 4159 ἀλλὰ
2854 4107 2948 4159 καὶ
2989 4106 3110 4159 ὅσον
3158 4105 3491 4177 ἀνεμέμικτο
3532 4105 3668 4175 αὐτῇ

2098 4197 2187 4251 διὰ
2251 4196 2486 4268 βάθους,
2536 4198 2629 4251 καὶ
2680 4196 2837 4251 τοῦτο
2883 4196 3149 4267 ὑπεξῆλθε
3204 4197 3281 4266 τῷ
3318 4198 3672 4267 ἀπαραιτήτῳ

2100 4287 2481 4358 προστάγματι
2502 4288 2595 4341 τοῦ
2625 4289 2892 4343 Δεσπότου
2922 4289 3158 4341 πεισθέν.
3178 4289 3283 4341 Καί
3318 4287 3551 4357 ἐγένετο
3573 4287 3674 4339 οὕ-

2100 4396 2235 4445 τως.
2273 4379 2541 4450 Ἀρκοῦσα
2567 4379 2702 4451 αὕτη
2734 4382 2766 4449 ἡ
2817 4379 3076 4449 ἐπαγωγὴ
3134 4379 3270 4450 πρὸς
3292 4378 3353 4431 τὸ
3378 4378 3546 4442 δεῖξαι
3590 4380 3671 4441 εἰς

2098 4470 2259 4541 ἔργον
2289 4470 2546 4524 ἐλθοῦσαν
2571 4472 2664 4523 τοῦ
2706 4469 3047 4542 Δημιουργοῦ
3066 4470 3164 4540 τὴν
3187 4470 3390 4539 φωνήν.
3417 4469 3674 4540 Πρόσκειλ

429 4559 849 4629 congregationes
869 4575 1014 4626 suae,
1040 4568 1088 4614 et
1105 4561 1351 4629 apparuit
1377 4562 1552 4615 arida.
1576 4561 1705 4628 Quae
1727 4576 1855 4616 sane
1880 4576 1972 4616 ver

2104 4580 2192 4617 ται
2217 4562 2274 4615 δὲ
2303 4564 2359 4615 ὲν
2377 4563 2485 4635 (94)
2504 4563 2711 4627 πολλοῖς
2739 4564 2845 4619 τῶν
2867 4561 3236 4633 ἀντιγράφωνο
3258 4561 3365 4616 Καὶ
3389 4559 3669 4628 συνήχθη

500 4716 612 4787 (88)
644 4716 736 4771 Sic
765 4719 1064 4782 mss.,Editi
1097 4717 1233 4772 ἀλλά
1268 4735 1333 4786 γε
1355 4716 1408 4771 εἴ
1432 4735 1504 4771 τι.

501 4788 611 4857 (89)
674 4788 765 4843 Sic
818 4798 1050 4855 quatuor
1087 4805 1215 4844 mss.
1266 4806 1385 4843 cum
1438 4789 1592 4844 Bodl.
1648 4788 1846 4843 Excusi
1876 4802 1996 4843 cum

430 4859 579 4929 Reg.
593 4857 767 4929 primo
795 4860 1247 4929 συνεστόμωνται.

501 4927 612 4997 (90)
645 4927 718 4979 Ita
756 4929 907 4982 multi
955 4926 1087 4984 mss.
1116 4944 1147 4983 e
1192 4928 1393 4982 nostris
1419 4936 1615 4997 przetcr
1642 4927 1793 4983 Bodl.
1855 4926 1999 4980 Editi

432 4998 913 5082 συνέξροειιενείςε
982 5069 1012 5082 ..
1142 5015 1146 5018 ‘

503 5066 627 5138 (91)
650 5066 822 5121 Editiu
872 5069 1034 5123 Basil.
1087 5084 1206 5123 cum
1261 5069 1527 5138 aliquibus
1566 5082 1696 5120 mss.
1757 5066 2004 5137 Προπόν-

430 5137 767 5210 τιοςηΕρἱἰο
798 5139 971 5210 Paris.
1000 5155 1119 5193 cum
1153 5139 1274 5192 aliis
1309 5137 1437 5196 mss.
1465 5140 1789 5210 Προποντίς.

502 5209 613 5278 (9‘2)
642 5204 717 5259 Ita
746 5209 961 5261 codices
990 5225 1105 5263 sex.
1159 5211 1318 5263 Deest
1376 5210 1470 5262 νῦν
1518 5204 1573 5262 in
1626 5207 1807 5278 editis.
1881 5205 2001 5278 Mox

432 5276 670 5348 quinque
696 5293 828 5351 mss.
857 5278 1305 5351 ἀπαριθμεῖσθαι.
1337 5280 1472 5333 Editi
1498 5294 1632 5351 Acum
1666 5276 1797 5351 ilcg.
1830 5277 2005 5351 primo

433 5346 488 5420 et
514 5364 636 5420 cum
686 5346 1637 5420 (10151.ργὶἱιιοάπαριθμήσασθαιζ
1665 5346 1782 5420 Mox
1827 5347 2004 5420 _editio

434 5417 597 5489 liasil.
629 5431 750 5471 Clllll
786 5416 1023 5488 quinque
1053 5436 1181 5474 mss.
1214 5416 1532 5489 ὠνόμασεν.
1600 5417 1778 5489 Editiu
1808 5416 2001 5489 Alfaris.

430 5486 740 5556 ὠνόμακεν.
786 5486 1025 5544 Subinde
1067 5492 1239 5546 codex
1295 5486 1537 5544 Cbmbel‘.
1596 5487 1743 5558 ἡμᾶς
1803 5486 2005 5558 ἐξῆγε·

471 5572 552 5609 εν.

433 5572 622 5699 γεῖθξι)
647 5628 779 5697 Reg.
820 5629 1063 5699 quintus
1114 5628 1492 5699 πρεσϐυτέραν
1523 5628 1692 5698 αὐτῆς
1720 5625 1836 5680 τοῦ.
1861 5625 2003 5699 infra

437 5694 592 5769 multi
625 5694 935 5769 [ηςεξωδσον
971 5694 1323 5769 ἀνεμέμικτο.
1363 5694 1556 5753 δἰίιιὶιιι
1599 5694 1729 5769 lli-3.
1786 5696 2005 5766 quintus

439 5760 596 5814 τοῦτο
630 5762 939 5834 ἱ-πεξῆλθεν.

2175 4718 2285 4788 (94)
2322 4717 2411 4772 Sic
2430 4717 2584 4787 Regii
2619 4718 2844 4785 primus,
2873 4717 3083 4781 tertius,
3113 4718 3349 4786 quintus,
3377 4724 3564 4788 sextus
3589 4720 3669 4788 et

2104 4783 2323 4844 octavus
2351 4805 2470 4843 cum
2506 4783 2737 4855 utroque
2763 4788 2926 4842 Coisl.
2962 4798 3017 4841 et
3037 4783 3189 4842 (Jolb.
3242 4786 3496 4855 secundo.
3524 4783 3669 4855 Editi

2104 4858 2161 4913 ἐν
2192 4875 2320 4910 τισι.
2371 4857 2538 4928 Paulo
2587 4853 2705 4928 post
2753 4856 3123 4928 mss.habent
3162 4858 3195 4928 ἡ
3240 4854 3396 4928 ξηρά.
3440 4853 3666 4928 ρεςειη

2106 4929 2158 5004 in
2190 4929 2425 5004 editione
2448 4923 2618 5004 Paris.
2651 4927 2966 5004 _Verb3_illa,
2997 4927 3091 5004 καὶ
3135 4923 3467 5004 συνήχθηςτὸ
3512 4923 3667 5004 ’ὕδωρ

2096 4999 2165 5051 τὸ
2197 4999 2453 5067 ὑποκάτω
2479 4996 2574 5050 τοῦ
2617 4996 2847 5067 οὐρανοῦ
2881 4999 2961 5060 είς
2993 4996 3089 5059 τὰς
3120 4992 3439 5063 συναγωγὰς
3466 4992 3666 5067 αὐτῶν,

2101 5070 2195 5122 καὶ
2228 5066 2383 5138 ὤφθη
2438 5066 2596 5138 ξηρά,
2636 5065 2705 5138 Et
2754 5076 3067 5136 congregata
3116 5077 3187 5120 est
3234 5079 3536 5138 aqua,un
3565 5065 3667 5138 sub

2103 5139 2229 5192 coelo
2249 5176 2264 5202 ,
2289 5133 2382 5191 ’ἔνι’
2413 5133 2834 5206 congregationes
2855 5133 3031 5206 'su'as,
3076 5146 3125 5206 et
3153 5133 3609 5206 iappuruitnarida
3647 5168 3663 5193 .

2103 5200 2397 5263 etiamnum
2432 5200 2684 5275 leguntur
2703 5206 2839 5274 apud
2872 5205 3033 5258 LXX.
3061 5205 3165 5259 Sed
3206 5200 3668 5275 nequeuHebrzco-

2106 5293 2223 5331 rum
2254 5272 2548 5345 exemplar,
2576 5272 3020 5345 nequeAVulgata,
3054 5288 3225 5343 neque
3251 5272 3464 5339 Aquila,
3495 5284 3668 5345 neque

2105 5342 2483 5419 Symmachus,
2536 5342 2709 5419 neque
2740 5342 3039 5419 Theudqtio
3089 5342 3149 5396 ea
3187 5351 3498 5419 agnoscunt.
3534 5342 3668 5419 Ain-

2106 5409 2314 5472 brosius
2366 5425 2541 5469 tamen
2600 5409 2692 5467 lib.
2726 5430 2782 5466 Ill
2836 5416 2890 5466 in
2942 5412 3217 5476 Ilea:aem.,
3273 5412 3425 5463 initio
3477 5409 3670 5475 capitis

2103 5488 2302 5556 quinti,
2338 5488 2437 5556 hoc
2483 5483 2626 5538 LXX.
2682 5485 3038 5556 interpretum
3073 5484 3493 5556 additamentmlt
3520 5490 3670 5531 co‘rn-

2103 5547 2310 5624 probat.
2372 5554 2541 5624 Multo
2576 5560 2744 5624 enim,
2789 5547 2985 5624 inquit,
3018 5569 3121 5624 non
3151 5555 3311 5624 otiose
3359 5565 3392 5601 α
3447 5547 3668 5624 Septua-

2102 5618 2244 5693 ginta
2296 5625 2418 5678 viris
2482 5623 2757 5677 Hebraij
2816 5618 3026 5678 lectioni
3076 5623 3258 5675 addita
3311 5629 3367 5674 ει·
3415 5618 3671 5687 adjuncta

2102 5695 2462 5764 comperimus.
