  <div class='ocr_page' id='page_1' title='image "/cluster/home/n/w/nwhite01/storage/ocr_20150623/29/mdp.39015012934371/452.png"; bbox 0 0 4082 6218; ppageno 0'>
   <div class='ocr_carea' id='block_1_1' title="bbox 378 337 3662 398">
    <p class='ocr_par' dir='ltr' id='par_1_1' title="bbox 378 337 3662 398">
     <span class='ocr_line' id='line_1_1' title="bbox 378 337 3662 398; baseline 0.002 -10"><span class='ocrx_word' id='word_1_1' title='bbox 378 342 471 398; x_wconf 72' lang='grc' dir='ltr'>-κο</span> <span class='ocrx_word' id='word_1_2' title='bbox 1525 340 1810 396; x_wconf 73' lang='lat' dir='ltr'><strong>HOMILIA</strong></span> <span class='ocrx_word' id='word_1_3' title='bbox 1847 339 1914 395; x_wconf 80' lang='lat' dir='ltr'><strong>IV</strong></span> <span class='ocrx_word' id='word_1_4' title='bbox 1954 340 2019 394; x_wconf 85' lang='lat' dir='ltr'><strong>IN</strong></span> <span class='ocrx_word' id='word_1_5' title='bbox 2061 340 2566 398; x_wconf 74' lang='lat' dir='ltr'><strong>HEXAEMERON.</strong></span> <span class='ocrx_word' id='word_1_6' title='bbox 3591 337 3662 395; x_wconf 74' lang='lat'><strong>90</strong></span> 
     </span>
    </p>
   </div>
   <div class='ocr_carea' id='block_1_2' title="bbox 401 447 1978 526">
    <p class='ocr_par' dir='ltr' id='par_1_2' title="bbox 401 447 1978 519">
     <span class='ocr_line' id='line_1_2' title="bbox 401 447 1978 519; baseline 0.001 -14"><span class='ocrx_word' id='word_1_7' title='bbox 401 451 469 505; x_wconf 76' lang='grc' dir='ltr'>τὸ</span> <span class='ocrx_word' id='word_1_8' title='bbox 489 450 644 519; x_wconf 80' lang='grc' dir='ltr'>ὕδωρ</span> <span class='ocrx_word' id='word_1_9' title='bbox 680 450 748 503; x_wconf 82' lang='grc' dir='ltr'>τὸ</span> <span class='ocrx_word' id='word_1_10' title='bbox 794 447 1071 502; x_wconf 80' lang='grc' dir='ltr'><strong>ὑποκάτω</strong></span> <span class='ocrx_word' id='word_1_11' title='bbox 1108 449 1214 504; x_wconf 83' lang='grc' dir='ltr'><strong>τοῦ</strong></span> <span class='ocrx_word' id='word_1_12' title='bbox 1241 449 1501 518; x_wconf 82' lang='grc' dir='ltr'>οὐρανοῦ</span> <span class='ocrx_word' id='word_1_13' title='bbox 1550 455 1639 517; x_wconf 81' lang='grc' dir='ltr'><strong>εἰς</strong></span> <span class='ocrx_word' id='word_1_14' title='bbox 1694 453 1803 518; x_wconf 81' lang='grc' dir='ltr'><strong>τὰς</strong></span> <span class='ocrx_word' id='word_1_15' title='bbox 1828 468 1978 506; x_wconf 81' lang='grc' dir='ltr'><strong>συν-</strong></span> 
     </span>
    </p>
   </div>
   <div class='ocr_carea' id='block_1_3' title="bbox 2078 447 3662 526">
    <p class='ocr_par' dir='ltr' id='par_1_3' title="bbox 2083 454 3662 526">
     <span class='ocr_line' id='line_1_3' title="bbox 2083 454 3662 526; baseline 0.003 -18"><span class='ocrx_word' id='word_1_16' title='bbox 2083 454 2147 508; x_wconf 91' lang='lat' dir='ltr'><strong>ba</strong></span> <span class='ocrx_word' id='word_1_17' title='bbox 2174 454 2302 508; x_wconf 87' lang='lat' dir='ltr'><strong>nulli</strong></span> <span class='ocrx_word' id='word_1_18' title='bbox 2320 471 2385 509; x_wconf 82' lang='lat' dir='ltr'><strong>ex</strong></span> <span class='ocrx_word' id='word_1_19' title='bbox 2411 456 2637 525; x_wconf 84' lang='lat' dir='ltr'><strong>reliquis</strong></span> <span class='ocrx_word' id='word_1_20' title='bbox 2668 454 3048 526; x_wconf 75' lang='lat' dir='ltr'><strong>interpretibus</strong></span> <span class='ocrx_word' id='word_1_21' title='bbox 3090 456 3379 522; x_wconf 84' lang='lat' dir='ltr'><strong>tradidere,</strong></span> <span class='ocrx_word' id='word_1_22' title='bbox 3406 471 3507 511; x_wconf 85' lang='lat' dir='ltr'><strong>nec</strong></span> <span class='ocrx_word' id='word_1_23' title='bbox 3532 471 3662 519; x_wconf 89' lang='lat' dir='ltr'><strong>usus</strong></span> 
     </span>
    </p>
   </div>
   <div class='ocr_carea' id='block_1_4' title="bbox 403 538 1978 617">
    <p class='ocr_par' dir='ltr' id='par_1_4' title="bbox 403 538 1978 611">
     <span class='ocr_line' id='line_1_4' title="bbox 403 538 1978 611; baseline -0.001 -16"><span class='ocrx_word' id='word_1_24' title='bbox 403 541 634 611; x_wconf 67' lang='grc' dir='ltr'>αγωνὰς</span> <span class='ocrx_word' id='word_1_25' title='bbox 660 538 878 602; x_wconf 82' lang='grc' dir='ltr'><strong>αὐτῶν,</strong></span> <span class='ocrx_word' id='word_1_26' title='bbox 899 540 998 593; x_wconf 80' lang='grc' dir='ltr'>καὶ</span> <span class='ocrx_word' id='word_1_27' title='bbox 1029 538 1194 609; x_wconf 66' lang='grc' dir='ltr'><strong>ὤφθη</strong></span> <span class='ocrx_word' id='word_1_28' title='bbox 1225 542 1263 609; x_wconf 77' lang='grc' dir='ltr'>ἡ</span> <span class='ocrx_word' id='word_1_29' title='bbox 1297 540 1469 609; x_wconf 74' lang='grc' dir='ltr'><em>ξηράο</em></span> <span class='ocrx_word' id='word_1_30' title='bbox 1516 542 1656 611; x_wconf 78' lang='grc' dir='ltr'>ἅπερ</span> <span class='ocrx_word' id='word_1_31' title='bbox 1685 541 1807 595; x_wconf 84' lang='grc' dir='ltr'>οῦτε</span> <span class='ocrx_word' id='word_1_32' title='bbox 1836 543 1978 607; x_wconf 81' lang='grc' dir='ltr'>τινὲς</span> 
     </span>
    </p>
   </div>
   <div class='ocr_carea' id='block_1_5' title="bbox 2078 538 3662 617">
    <p class='ocr_par' dir='ltr' id='par_1_5' title="bbox 2088 541 3662 617">
     <span class='ocr_line' id='line_1_5' title="bbox 2088 541 3662 617; baseline 0.004 -21"><span class='ocrx_word' id='word_1_33' title='bbox 2088 541 2437 599; x_wconf 67' lang='lat' dir='ltr'><strong>Hebraeorum</strong></span> <span class='ocrx_word' id='word_1_34' title='bbox 2471 546 2672 600; x_wconf 85' lang='lat' dir='ltr'><strong>habere</strong></span> <span class='ocrx_word' id='word_1_35' title='bbox 2715 545 2944 601; x_wconf 85' lang='lat' dir='ltr'><strong>videtur.</strong></span> <span class='ocrx_word' id='word_1_36' title='bbox 2984 544 3117 601; x_wconf 90' lang='lat' dir='ltr'><strong>Nam</strong></span> <span class='ocrx_word' id='word_1_37' title='bbox 3139 561 3326 601; x_wconf 85' lang='lat' dir='ltr'><strong>revera</strong></span> <span class='ocrx_word' id='word_1_38' title='bbox 3357 556 3478 617; x_wconf 92' lang='lat' dir='ltr'><strong>post</strong></span> <span class='ocrx_word' id='word_1_39' title='bbox 3512 549 3662 603; x_wconf 84' lang='lat' dir='ltr'><strong>testi-</strong></span> 
     </span>
    </p>
   </div>
   <div class='ocr_carea' id='block_1_6' title="bbox 404 630 1978 706">
    <p class='ocr_par' dir='ltr' id='par_1_6' title="bbox 404 630 1978 706">
     <span class='ocr_line' id='line_1_6' title="bbox 404 630 1978 706; baseline -0.001 -19"><span class='ocrx_word' id='word_1_40' title='bbox 404 632 512 687; x_wconf 82' lang='grc' dir='ltr'><strong>τῶν</strong></span> <span class='ocrx_word' id='word_1_41' title='bbox 542 630 743 685; x_wconf 86' lang='grc' dir='ltr'>λοιπῶν</span> <span class='ocrx_word' id='word_1_42' title='bbox 771 630 1130 684; x_wconf 81' lang='grc' dir='ltr'>ὲκδεδώκασιν</span> <span class='ocrx_word' id='word_1_43' title='bbox 1158 633 1439 703; x_wconf 76' lang='grc' dir='ltr'><strong>ἑρμηνέων</strong></span> <span class='ocrx_word' id='word_1_44' title='bbox 1470 634 1603 704; x_wconf 78' lang='lat'>(95),</span> <span class='ocrx_word' id='word_1_45' title='bbox 1640 634 1762 687; x_wconf 76' lang='grc' dir='ltr'>οὔτε</span> <span class='ocrx_word' id='word_1_46' title='bbox 1794 636 1826 705; x_wconf 84' lang='grc' dir='ltr'><strong>ἡ</strong></span> <span class='ocrx_word' id='word_1_47' title='bbox 1850 636 1978 706; x_wconf 85' lang='grc' dir='ltr'>χρῆ-</span> 
     </span>
    </p>
   </div>
   <div class='ocr_carea' id='block_1_7' title="bbox 2078 630 3661 706">
    <p class='ocr_par' dir='ltr' id='par_1_7' title="bbox 2082 632 3661 704">
     <span class='ocr_line' id='line_1_7' title="bbox 2082 632 3661 704; baseline 0.006 -20"><span class='ocrx_word' id='word_1_48' title='bbox 2082 632 2320 686; x_wconf 89' lang='lat' dir='ltr'><strong>monium</strong></span> <span class='ocrx_word' id='word_1_49' title='bbox 2351 634 2499 698; x_wconf 88' lang='lat' dir='ltr'><strong>illud,</strong></span> <span class='ocrx_word' id='word_1_50' title='bbox 2533 634 2761 689; x_wconf 85' lang='lat' dir='ltr'><strong>Factum</strong></span> <span class='ocrx_word' id='word_1_51' title='bbox 2784 647 2857 690; x_wconf 77' lang='lat' dir='ltr'><strong>est</strong></span> <span class='ocrx_word' id='word_1_52' title='bbox 2882 639 2981 704; x_wconf 82' lang='lat' dir='ltr'><strong>ita,</strong></span> <span class='ocrx_word' id='word_1_53' title='bbox 3008 638 3193 693; x_wconf 87' lang='lat' dir='ltr'><strong>eadem</strong></span> <span class='ocrx_word' id='word_1_54' title='bbox 3217 638 3413 692; x_wconf 91' lang='lat' dir='ltr'><strong>iterum</strong></span> <span class='ocrx_word' id='word_1_55' title='bbox 3435 651 3661 694; x_wconf 79' lang='lat' dir='ltr'><strong>narrare</strong></span> 
     </span>
    </p>
   </div>
   <div class='ocr_carea' id='block_1_8' title="bbox 405 721 1978 798">
    <p class='ocr_par' dir='ltr' id='par_1_8' title="bbox 405 721 1978 798">
     <span class='ocr_line' id='line_1_8' title="bbox 405 721 1978 798; baseline 0.001 -21"><span class='ocrx_word' id='word_1_56' title='bbox 405 741 490 788; x_wconf 89' lang='grc' dir='ltr'><strong>σις</strong></span> <span class='ocrx_word' id='word_1_57' title='bbox 520 723 629 777; x_wconf 80' lang='grc' dir='ltr'>τῶν</span> <span class='ocrx_word' id='word_1_58' title='bbox 669 722 938 793; x_wconf 82' lang='grc' dir='ltr'>Ἐϐραίων</span> <span class='ocrx_word' id='word_1_59' title='bbox 961 721 1161 793; x_wconf 74' lang='grc' dir='ltr'>ἔχουσα</span> <span class='ocrx_word' id='word_1_60' title='bbox 1190 724 1459 793; x_wconf 82' lang='grc' dir='ltr'>φαίνεται.</span> <span class='ocrx_word' id='word_1_61' title='bbox 1493 726 1603 778; x_wconf 77' lang='grc' dir='ltr'><strong>Καὶ</strong></span> <span class='ocrx_word' id='word_1_62' title='bbox 1627 725 1732 798; x_wconf 81' lang='grc' dir='ltr'>γὰρ</span> <span class='ocrx_word' id='word_1_63' title='bbox 1757 725 1834 795; x_wconf 82' lang='grc' dir='ltr'>τῷ</span> <span class='ocrx_word' id='word_1_64' title='bbox 1869 726 1978 778; x_wconf 80' lang='grc' dir='ltr'>ὄντι</span> 
     </span>
    </p>
   </div>
   <div class='ocr_carea' id='block_1_9' title="bbox 2078 721 3661 798">
    <p class='ocr_par' dir='ltr' id='par_1_9' title="bbox 2079 723 3661 796">
     <span class='ocr_line' id='line_1_9' title="bbox 2079 723 3661 796; baseline 0.009 -25"><span class='ocrx_word' id='word_1_65' title='bbox 2079 728 2164 771; x_wconf 88' lang='lat' dir='ltr'><strong>est</strong></span> <span class='ocrx_word' id='word_1_66' title='bbox 2195 733 2673 788; x_wconf 73' lang='lat' dir='ltr'><strong>supervacaneum.</strong></span> <span class='ocrx_word' id='word_1_67' title='bbox 2715 723 2906 779; x_wconf 83' lang='lat' dir='ltr'><strong>Notata</strong></span> <span class='ocrx_word' id='word_1_68' title='bbox 2939 737 3064 781; x_wconf 86' lang='lat' dir='ltr'><strong>sunt</strong></span> <span class='ocrx_word' id='word_1_69' title='bbox 3091 728 3250 796; x_wconf 83' lang='lat' dir='ltr'><strong>igitur</strong></span> <span class='ocrx_word' id='word_1_70' title='bbox 3282 727 3438 783; x_wconf 88' lang='lat' dir='ltr'><strong>obelo</strong></span> <span class='ocrx_word' id='word_1_71' title='bbox 3477 744 3661 784; x_wconf 85' lang='lat' dir='ltr'><strong>exem-</strong></span> 
     </span>
    </p>
   </div>
   <div class='ocr_carea' id='block_1_10' title="bbox 403 809 1978 889">
    <p class='ocr_par' dir='ltr' id='par_1_10' title="bbox 403 811 1978 884">
     <span class='ocr_line' id='line_1_10' title="bbox 403 811 1978 884; baseline 0.002 -19"><span class='ocrx_word' id='word_1_72' title='bbox 403 811 666 883; x_wconf 80' lang='grc' dir='ltr'><strong>παρέλκει</strong></span> <span class='ocrx_word' id='word_1_73' title='bbox 696 812 836 881; x_wconf 79' lang='grc' dir='ltr'>μετὰ</span> <span class='ocrx_word' id='word_1_74' title='bbox 865 813 964 884; x_wconf 82' lang='grc' dir='ltr'>τὴν</span> <span class='ocrx_word' id='word_1_75' title='bbox 996 814 1300 884; x_wconf 75' lang='grc' dir='ltr'><strong>μαρτυρίαν</strong></span> <span class='ocrx_word' id='word_1_76' title='bbox 1331 812 1447 878; x_wconf 89' lang='grc' dir='ltr'>τοῦ,</span> <span class='ocrx_word' id='word_1_77' title='bbox 1471 814 1552 867; x_wconf 80' lang='grc' dir='ltr'><strong>ὅτι</strong></span> <span class='ocrx_word' id='word_1_78' title='bbox 1587 814 1856 883; x_wconf 82' lang='grc' dir='ltr'><strong>Ἐγένετο</strong></span> <span class='ocrx_word' id='word_1_79' title='bbox 1881 816 1978 868; x_wconf 84' lang='grc' dir='ltr'><strong>οὕ-</strong></span> 
     </span>
    </p>
   </div>
   <div class='ocr_carea' id='block_1_11' title="bbox 2078 809 3660 889">
    <p class='ocr_par' dir='ltr' id='par_1_11' title="bbox 2080 809 3660 889">
     <span class='ocr_line' id='line_1_11' title="bbox 2080 809 3660 889; baseline 0.009 -29"><span class='ocrx_word' id='word_1_80' title='bbox 2080 809 2250 877; x_wconf 87' lang='lat' dir='ltr'><strong>plaria</strong></span> <span class='ocrx_word' id='word_1_81' title='bbox 2282 814 2625 868; x_wconf 87' lang='lat' dir='ltr'><strong>accuratiora</strong></span> <span class='ocrx_word' id='word_1_82' title='bbox 2667 834 2679 869; x_wconf 96' lang='lat'>:</span> <span class='ocrx_word' id='word_1_83' title='bbox 2712 815 2900 871; x_wconf 89' lang='lat' dir='ltr'><strong>obelus</strong></span> <span class='ocrx_word' id='word_1_84' title='bbox 2924 826 3101 872; x_wconf 88' lang='lat' dir='ltr'><strong>autem</strong></span> <span class='ocrx_word' id='word_1_85' title='bbox 3130 818 3339 888; x_wconf 84' lang='lat' dir='ltr'><strong>signum</strong></span> <span class='ocrx_word' id='word_1_86' title='bbox 3368 828 3452 874; x_wconf 89' lang='lat' dir='ltr'><strong>est</strong></span> <span class='ocrx_word' id='word_1_87' title='bbox 3500 835 3660 889; x_wconf 90' lang='lat' dir='ltr'><strong>repu-</strong></span> 
     </span>
    </p>
   </div>
   <div class='ocr_carea' id='block_1_12' title="bbox 400 900 1978 976">
    <p class='ocr_par' dir='ltr' id='par_1_12' title="bbox 400 903 1978 976">
     <span class='ocr_line' id='line_1_12' title="bbox 400 903 1978 976; baseline 0.001 -19"><span class='ocrx_word' id='word_1_88' title='bbox 400 921 534 970; x_wconf 84' lang='grc' dir='ltr'>τως,</span> <span class='ocrx_word' id='word_1_89' title='bbox 582 905 617 975; x_wconf 77' lang='grc' dir='ltr'>ἡ</span> <span class='ocrx_word' id='word_1_90' title='bbox 657 904 767 956; x_wconf 83' lang='grc' dir='ltr'><strong>τῶν</strong></span> <span class='ocrx_word' id='word_1_91' title='bbox 801 903 980 956; x_wconf 83' lang='grc' dir='ltr'>αὐτῶν</span> <span class='ocrx_word' id='word_1_92' title='bbox 1020 903 1181 957; x_wconf 77' lang='grc' dir='ltr'>πάλιν</span> <span class='ocrx_word' id='word_1_93' title='bbox 1237 905 1641 976; x_wconf 79' lang='grc' dir='ltr'>έπεκδιήγησις.</span> <span class='ocrx_word' id='word_1_94' title='bbox 1688 905 1767 958; x_wconf 82' lang='grc' dir='ltr'>Τὰ</span> <span class='ocrx_word' id='word_1_95' title='bbox 1800 906 1978 960; x_wconf 79' lang='grc' dir='ltr'>τοίνυν</span> 
     </span>
    </p>
   </div>
   <div class='ocr_carea' id='block_1_13' title="bbox 2078 900 3658 976">
    <p class='ocr_par' dir='ltr' id='par_1_13' title="bbox 2079 900 3658 976">
     <span class='ocr_line' id='line_1_13' title="bbox 2079 900 3658 976; baseline 0.009 -23"><span class='ocrx_word' id='word_1_96' title='bbox 2079 900 2353 956; x_wconf 85' lang='lat' dir='ltr'><strong>diationis.</strong></span> <span class='ocrx_word' id='word_1_97' title='bbox 2380 902 2447 956; x_wconf 85' lang='lat' dir='ltr'><strong>El</strong></span> <span class='ocrx_word' id='word_1_98' title='bbox 2481 908 2677 961; x_wconf 82' lang='lat' dir='ltr'><strong>vocavit</strong></span> <span class='ocrx_word' id='word_1_99' title='bbox 2710 907 2851 961; x_wconf 74' lang='lat' dir='ltr'><strong>Deus</strong></span> <span class='ocrx_word' id='word_1_100' title='bbox 2885 909 3112 973; x_wconf 80' lang='lat' dir='ltr'><strong>aridam,</strong></span> <span class='ocrx_word' id='word_1_101' title='bbox 3147 918 3341 964; x_wconf 87' lang='lat' dir='ltr'><strong>terram</strong></span> <span class='ocrx_word' id='word_1_102' title='bbox 3373 928 3393 976; x_wconf 88' lang='lat'><strong><em>;</em></strong></span> <span class='ocrx_word' id='word_1_103' title='bbox 3422 921 3468 965; x_wconf 84' lang='lat' dir='ltr'><strong>et</strong></span> <span class='ocrx_word' id='word_1_104' title='bbox 3497 912 3658 967; x_wconf 81' lang='lat' dir='ltr'><strong>colle-</strong></span> 
     </span>
    </p>
   </div>
   <div class='ocr_carea' id='block_1_14' title="bbox 402 983 1978 1070">
    <p class='ocr_par' dir='ltr' id='par_1_14' title="bbox 402 984 1978 1067">
     <span class='ocr_line' id='line_1_14' title="bbox 402 984 1978 1067; baseline 0.001 -19"><span class='ocrx_word' id='word_1_105' title='bbox 402 995 603 1066; x_wconf 79' lang='grc' dir='ltr'>ἀκριϐῆ</span> <span class='ocrx_word' id='word_1_106' title='bbox 629 994 737 1049; x_wconf 85' lang='grc' dir='ltr'><strong>τῶν</strong></span> <span class='ocrx_word' id='word_1_107' title='bbox 768 995 1116 1067; x_wconf 81' lang='grc' dir='ltr'>ἀντιγράφων</span> <span class='ocrx_word' id='word_1_108' title='bbox 1150 996 1459 1050; x_wconf 78' lang='grc' dir='ltr'>ὠόέλισται·</span> <span class='ocrx_word' id='word_1_109' title='bbox 1497 998 1524 1049; x_wconf 86' lang='grc' dir='ltr'>ὁ</span> <span class='ocrx_word' id='word_1_110' title='bbox 1556 997 1613 1051; x_wconf 78' lang='grc' dir='ltr'><strong>δὲ</strong></span> <span class='ocrx_word' id='word_1_111' title='bbox 1641 997 1824 1061; x_wconf 77' lang='grc' dir='ltr'>ὀϐελὸς</span> <span class='ocrx_word' id='word_1_112' title='bbox 1846 984 1978 1050; x_wconf 59' lang='lat' dir='ltr'><strong>diis:</strong></span> 
     </span>
    </p>
   </div>
   <div class='ocr_carea' id='block_1_15' title="bbox 2078 983 3659 1070">
    <p class='ocr_par' dir='ltr' id='par_1_15' title="bbox 2079 992 3659 1070">
     <span class='ocr_line' id='line_1_15' title="bbox 2079 992 3659 1070; baseline 0.009 -28"><span class='ocrx_word' id='word_1_113' title='bbox 2079 992 2277 1048; x_wconf 67' lang='lat' dir='ltr'><strong>ctione:</strong></span> <span class='ocrx_word' id='word_1_114' title='bbox 2304 1012 2562 1062; x_wconf 83' lang='lat' dir='ltr'><strong>aquarum</strong></span> <span class='ocrx_word' id='word_1_115' title='bbox 2600 1000 2797 1053; x_wconf 86' lang='lat' dir='ltr'><strong>vocavit</strong></span> <span class='ocrx_word' id='word_1_116' title='bbox 2828 1001 3021 1053; x_wconf 82' lang='lat' dir='ltr'><strong>maria.</strong></span> <span class='ocrx_word' id='word_1_117' title='bbox 3061 999 3168 1055; x_wconf 92' lang='lat' dir='ltr'><strong>Cur</strong></span> <span class='ocrx_word' id='word_1_118' title='bbox 3195 1011 3243 1055; x_wconf 87' lang='lat' dir='ltr'><strong>et</strong></span> <span class='ocrx_word' id='word_1_119' title='bbox 3269 1016 3428 1070; x_wconf 86' lang='lat' dir='ltr'><strong>supra</strong></span> <span class='ocrx_word' id='word_1_120' title='bbox 3456 1003 3659 1057; x_wconf 84' lang='lat' dir='ltr'><strong>dictum</strong></span> 
     </span>
    </p>
   </div>
   <div class='ocr_carea' id='block_1_16' title="bbox 401 1085 1978 1161">
    <p class='ocr_par' dir='ltr' id='par_1_16' title="bbox 401 1086 1976 1158">
     <span class='ocr_line' id='line_1_16' title="bbox 401 1086 1976 1158; baseline 0.002 -18"><span class='ocrx_word' id='word_1_121' title='bbox 401 1088 610 1158; x_wconf 84' lang='grc' dir='ltr'>τήσεως</span> <span class='ocrx_word' id='word_1_122' title='bbox 637 1086 699 1140; x_wconf 83' lang='grc' dir='ltr'>σύ</span> <span class='ocrx_word' id='word_1_123' title='bbox 708 1087 922 1157; x_wconf 78' lang='grc' dir='ltr'>μϐολον.</span> <span class='ocrx_word' id='word_1_124' title='bbox 949 1087 1059 1141; x_wconf 80' lang='grc' dir='ltr'><strong>Καὶ</strong></span> <span class='ocrx_word' id='word_1_125' title='bbox 1087 1086 1382 1141; x_wconf 74' lang='grc' dir='ltr'><strong>ἐκάλεσεν</strong></span> <span class='ocrx_word' id='word_1_126' title='bbox 1406 1093 1439 1143; x_wconf 84' lang='lat'><strong>0&#39;</strong></span> <span class='ocrx_word' id='word_1_127' title='bbox 1457 1089 1600 1155; x_wconf 82' lang='grc' dir='ltr'><strong>Θεὸς</strong></span> <span class='ocrx_word' id='word_1_128' title='bbox 1624 1090 1739 1157; x_wconf 80' lang='grc' dir='ltr'><strong>τὴν</strong></span> <span class='ocrx_word' id='word_1_129' title='bbox 1767 1088 1976 1158; x_wconf 80' lang='grc' dir='ltr'><strong>ξηρὰν,</strong></span> 
     </span>
    </p>
   </div>
   <div class='ocr_carea' id='block_1_17' title="bbox 2078 1085 3654 1161">
    <p class='ocr_par' dir='ltr' id='par_1_17' title="bbox 2080 1085 3654 1161">
     <span class='ocr_line' id='line_1_17' title="bbox 2080 1085 3654 1161; baseline 0.008 -25"><span class='ocrx_word' id='word_1_130' title='bbox 2080 1094 2208 1137; x_wconf 85' lang='lat' dir='ltr'><strong>est:</strong></span> <span class='ocrx_word' id='word_1_131' title='bbox 2244 1085 2637 1157; x_wconf 76' lang='lat' dir='ltr'><strong>(.‘ongregemur</strong></span> <span class='ocrx_word' id='word_1_132' title='bbox 2681 1107 2832 1159; x_wconf 72' lang='lat' dir='ltr'><strong>aqum</strong></span> <span class='ocrx_word' id='word_1_133' title='bbox 2878 1091 2933 1144; x_wconf 83' lang='lat' dir='ltr'><strong>in</strong></span> <span class='ocrx_word' id='word_1_134' title='bbox 2973 1094 3424 1161; x_wconf 81' lang='lat' dir='ltr'><strong>congregationem</strong></span> <span class='ocrx_word' id='word_1_135' title='bbox 3474 1110 3654 1159; x_wconf 84' lang='lat' dir='ltr'><strong>unam,</strong></span> 
     </span>
    </p>
   </div>
   <div class='ocr_carea' id='block_1_18' title="bbox 401 1178 1978 1257">
    <p class='ocr_par' dir='ltr' id='par_1_18' title="bbox 401 1178 1977 1248">
     <span class='ocr_line' id='line_1_18' title="bbox 401 1178 1977 1248; baseline 0.004 -18"><span class='ocrx_word' id='word_1_136' title='bbox 401 1178 537 1248; x_wconf 80' lang='grc' dir='ltr'><strong>γῆν,</strong></span> <span class='ocrx_word' id='word_1_137' title='bbox 577 1179 675 1234; x_wconf 77' lang='grc' dir='ltr'>καὶ</span> <span class='ocrx_word' id='word_1_138' title='bbox 701 1179 775 1233; x_wconf 81' lang='grc' dir='ltr'>τὰ</span> <span class='ocrx_word' id='word_1_139' title='bbox 804 1178 1163 1248; x_wconf 83' lang='grc' dir='ltr'>συστήματα</span> <span class='ocrx_word' id='word_1_140' title='bbox 1204 1178 1320 1232; x_wconf 77' lang='grc' dir='ltr'><strong>τῶν</strong></span> <span class='ocrx_word' id='word_1_141' title='bbox 1346 1179 1581 1234; x_wconf 79' lang='grc' dir='ltr'><strong>ὑδάτων</strong></span> <span class='ocrx_word' id='word_1_142' title='bbox 1600 1181 1856 1234; x_wconf 72' lang='grc' dir='ltr'>ἐκάλεσε</span> <span class='ocrx_word' id='word_1_143' title='bbox 1876 1185 1977 1236; x_wconf 81' lang='grc' dir='ltr'><strong>θα-</strong></span> 
     </span>
    </p>
   </div>
   <div class='ocr_carea' id='block_1_19' title="bbox 2078 1178 3658 1257">
    <p class='ocr_par' dir='ltr' id='par_1_19' title="bbox 2078 1180 3658 1257">
     <span class='ocr_line' id='line_1_19' title="bbox 2078 1180 3658 1257; baseline 0.01 -32"><span class='ocrx_word' id='word_1_144' title='bbox 2078 1183 2124 1226; x_wconf 85' lang='lat' dir='ltr'><strong>et</strong></span> <span class='ocrx_word' id='word_1_145' title='bbox 2153 1191 2406 1242; x_wconf 83' lang='lat' dir='ltr'><strong>appareat</strong></span> <span class='ocrx_word' id='word_1_146' title='bbox 2429 1180 2585 1233; x_wconf 85' lang='lat' dir='ltr'><strong>arida</strong></span> <span class='ocrx_word' id='word_1_147' title='bbox 2616 1197 2636 1245; x_wconf 92' lang='lat'><em>;</em></span> <span class='ocrx_word' id='word_1_148' title='bbox 2670 1196 2775 1235; x_wconf 90' lang='lat' dir='ltr'><strong>non</strong></span> <span class='ocrx_word' id='word_1_149' title='bbox 2800 1192 2980 1237; x_wconf 90' lang='lat' dir='ltr'><strong>autem</strong></span> <span class='ocrx_word' id='word_1_150' title='bbox 3015 1184 3276 1254; x_wconf 89' lang='lat' dir='ltr'><strong>scriptum</strong></span> <span class='ocrx_word' id='word_1_151' title='bbox 3313 1195 3437 1241; x_wconf 91' lang='lat' dir='ltr'><strong>est:</strong></span> <span class='ocrx_word' id='word_1_152' title='bbox 3478 1187 3543 1241; x_wconf 86' lang='lat' dir='ltr'><strong>Et</strong></span> <span class='ocrx_word' id='word_1_153' title='bbox 3565 1202 3658 1257; x_wconf 89' lang='lat' dir='ltr'><strong>ap-</strong></span> 
     </span>
    </p>
   </div>
   <div class='ocr_carea' id='block_1_20' title="bbox 402 1270 1978 1345">
    <p class='ocr_par' dir='ltr' id='par_1_20' title="bbox 402 1272 1973 1345">
     <span class='ocr_line' id='line_1_20' title="bbox 402 1272 1973 1345; baseline 0 -18"><span class='ocrx_word' id='word_1_154' title='bbox 402 1272 645 1339; x_wconf 79' lang='grc' dir='ltr'><strong>λάσσας</strong></span> <span class='ocrx_word' id='word_1_155' title='bbox 698 1273 830 1343; x_wconf 83' lang='grc'>(96).</span> <span class='ocrx_word' id='word_1_156' title='bbox 864 1272 963 1325; x_wconf 82' lang='grc' dir='ltr'>Διά</span> <span class='ocrx_word' id='word_1_157' title='bbox 998 1272 1052 1324; x_wconf 88' lang='grc' dir='ltr'><strong>τί</strong></span> <span class='ocrx_word' id='word_1_158' title='bbox 1085 1273 1180 1325; x_wconf 81' lang='grc' dir='ltr'>καὶ</span> <span class='ocrx_word' id='word_1_159' title='bbox 1225 1275 1283 1326; x_wconf 79' lang='grc' dir='ltr'><strong>ἐν</strong></span> <span class='ocrx_word' id='word_1_160' title='bbox 1327 1276 1440 1336; x_wconf 84' lang='grc' dir='ltr'>τοῖς</span> <span class='ocrx_word' id='word_1_161' title='bbox 1477 1275 1705 1327; x_wconf 84' lang='grc' dir='ltr'>κατόπιν</span> <span class='ocrx_word' id='word_1_162' title='bbox 1739 1273 1973 1345; x_wconf 85' lang='grc' dir='ltr'>εἴρηται·</span> 
     </span>
    </p>
   </div>
   <div class='ocr_carea' id='block_1_21' title="bbox 2078 1270 3655 1345">
    <p class='ocr_par' dir='ltr' id='par_1_21' title="bbox 2081 1270 3655 1345">
     <span class='ocr_line' id='line_1_21' title="bbox 2081 1270 3655 1345; baseline 0.008 -27"><span class='ocrx_word' id='word_1_163' title='bbox 2081 1278 2263 1334; x_wconf 90' lang='lat' dir='ltr'><strong>pareat</strong></span> <span class='ocrx_word' id='word_1_164' title='bbox 2310 1270 2502 1323; x_wconf 87' lang='lat' dir='ltr'><strong>terra?</strong></span> <span class='ocrx_word' id='word_1_165' title='bbox 2550 1280 2603 1327; x_wconf 89' lang='lat' dir='ltr'><strong>et</strong></span> <span class='ocrx_word' id='word_1_166' title='bbox 2666 1274 2754 1327; x_wconf 82' lang='lat' dir='ltr'><strong>hic</strong></span> <span class='ocrx_word' id='word_1_167' title='bbox 2806 1288 2993 1328; x_wconf 88' lang='lat' dir='ltr'><strong>rursus</strong></span> <span class='ocrx_word' id='word_1_168' title='bbox 3026 1292 3040 1327; x_wconf 91' lang='lat'><strong>:</strong></span> <span class='ocrx_word' id='word_1_169' title='bbox 3074 1277 3334 1345; x_wconf 85' lang='lat' dir='ltr'><strong>Apparuit</strong></span> <span class='ocrx_word' id='word_1_170' title='bbox 3388 1277 3577 1345; x_wconf 84' lang='lat' dir='ltr'><strong>arida,</strong></span> <span class='ocrx_word' id='word_1_171' title='bbox 3607 1286 3655 1330; x_wconf 84' lang='lat' dir='ltr'><strong>et</strong></span> 
     </span>
    </p>
   </div>
   <div class='ocr_carea' id='block_1_22' title="bbox 400 1359 1978 1439">
    <p class='ocr_par' dir='ltr' id='par_1_22' title="bbox 400 1363 1978 1436">
     <span class='ocr_line' id='line_1_22' title="bbox 400 1363 1978 1436; baseline 0.001 -17"><span class='ocrx_word' id='word_1_172' title='bbox 400 1363 764 1433; x_wconf 77' lang='grc' dir='ltr'>Συναχθήτω</span> <span class='ocrx_word' id='word_1_173' title='bbox 797 1364 870 1419; x_wconf 80' lang='grc' dir='ltr'>τὰ</span> <span class='ocrx_word' id='word_1_174' title='bbox 907 1363 1096 1417; x_wconf 83' lang='grc' dir='ltr'>ὕδατα</span> <span class='ocrx_word' id='word_1_175' title='bbox 1132 1367 1219 1430; x_wconf 76' lang='grc' dir='ltr'><strong>εἰς</strong></span> <span class='ocrx_word' id='word_1_176' title='bbox 1266 1366 1628 1436; x_wconf 75' lang='grc' dir='ltr'>συναγωγὴν</span> <span class='ocrx_word' id='word_1_177' title='bbox 1651 1368 1817 1436; x_wconf 76' lang='grc' dir='ltr'>μίαν,</span> <span class='ocrx_word' id='word_1_178' title='bbox 1880 1367 1978 1420; x_wconf 78' lang='grc' dir='ltr'><strong>καί</strong></span> 
     </span>
    </p>
   </div>
   <div class='ocr_carea' id='block_1_23' title="bbox 2078 1359 3655 1439">
    <p class='ocr_par' dir='ltr' id='par_1_23' title="bbox 2078 1359 3655 1439">
     <span class='ocr_line' id='line_1_23' title="bbox 2078 1359 3655 1439; baseline 0.011 -31"><span class='ocrx_word' id='word_1_179' title='bbox 2078 1360 2277 1411; x_wconf 73' lang='lat' dir='ltr'><strong>vocavit</strong></span> <span class='ocrx_word' id='word_1_180' title='bbox 2321 1359 2463 1416; x_wconf 79' lang='lat' dir='ltr'><strong>Deus</strong></span> <span class='ocrx_word' id='word_1_181' title='bbox 2510 1364 2743 1429; x_wconf 83' lang='lat' dir='ltr'><strong>aridam,</strong></span> <span class='ocrx_word' id='word_1_182' title='bbox 2796 1367 3198 1434; x_wconf 78' lang='lat' dir='ltr'><strong>terram?Quia</strong></span> <span class='ocrx_word' id='word_1_183' title='bbox 3239 1369 3385 1424; x_wconf 89' lang='lat' dir='ltr'><strong>arida</strong></span> <span class='ocrx_word' id='word_1_184' title='bbox 3416 1372 3655 1439; x_wconf 86' lang='lat' dir='ltr'><strong>quidem,</strong></span> 
     </span>
    </p>
   </div>
   <div class='ocr_carea' id='block_1_24' title="bbox 403 1449 1978 1530">
    <p class='ocr_par' dir='ltr' id='par_1_24' title="bbox 403 1457 1978 1530">
     <span class='ocr_line' id='line_1_24' title="bbox 403 1457 1978 1530; baseline 0.002 -20"><span class='ocrx_word' id='word_1_185' title='bbox 403 1459 640 1528; x_wconf 65' lang='grc' dir='ltr'>ἀρθήτω</span> <span class='ocrx_word' id='word_1_186' title='bbox 668 1459 708 1526; x_wconf 74' lang='grc' dir='ltr'>ἡ</span> <span class='ocrx_word' id='word_1_187' title='bbox 751 1457 924 1526; x_wconf 80' lang='grc' dir='ltr'>ξηρὰ,</span> <span class='ocrx_word' id='word_1_188' title='bbox 955 1458 1068 1511; x_wconf 84' lang='grc' dir='ltr'>ἀλλ’</span> <span class='ocrx_word' id='word_1_189' title='bbox 1097 1459 1217 1529; x_wconf 79' lang='grc' dir='ltr'>οῦχὶ</span> <span class='ocrx_word' id='word_1_190' title='bbox 1244 1459 1574 1530; x_wconf 87' lang='grc' dir='ltr'>γέγραπται,</span> <span class='ocrx_word' id='word_1_191' title='bbox 1628 1461 1735 1512; x_wconf 72' lang='grc' dir='ltr'><strong>Καὶ</strong></span> <span class='ocrx_word' id='word_1_192' title='bbox 1759 1460 1978 1530; x_wconf 80' lang='grc' dir='ltr'>ὀφθήτω</span> 
     </span>
    </p>
   </div>
   <div class='ocr_carea' id='block_1_25' title="bbox 2078 1449 3655 1530">
    <p class='ocr_par' dir='ltr' id='par_1_25' title="bbox 2078 1449 3655 1529">
     <span class='ocr_line' id='line_1_25' title="bbox 2078 1449 3655 1529; baseline 0.01 -29"><span class='ocrx_word' id='word_1_193' title='bbox 2078 1457 2161 1501; x_wconf 90' lang='lat' dir='ltr'><strong>est</strong></span> <span class='ocrx_word' id='word_1_194' title='bbox 2193 1449 2335 1504; x_wconf 83' lang='lat' dir='ltr'><strong>velut</strong></span> <span class='ocrx_word' id='word_1_195' title='bbox 2362 1455 2660 1522; x_wconf 88' lang='lat' dir='ltr'><strong>proprietas</strong></span> <span class='ocrx_word' id='word_1_196' title='bbox 2686 1458 2954 1525; x_wconf 68' lang='lat' dir='ltr'><strong>quaedam,</strong></span> <span class='ocrx_word' id='word_1_197' title='bbox 2990 1474 3110 1529; x_wconf 75' lang='lat' dir='ltr'><strong>qum</strong></span> <span class='ocrx_word' id='word_1_198' title='bbox 3153 1459 3378 1525; x_wconf 87' lang='lat' dir='ltr'><strong>subjecti</strong></span> <span class='ocrx_word' id='word_1_199' title='bbox 3406 1471 3655 1515; x_wconf 85' lang='lat' dir='ltr'><strong>naturam</strong></span> 
     </span>
    </p>
   </div>
   <div class='ocr_carea' id='block_1_26' title="bbox 403 1541 1978 1621">
    <p class='ocr_par' dir='ltr' id='par_1_26' title="bbox 403 1547 1977 1620">
     <span class='ocr_line' id='line_1_26' title="bbox 403 1547 1977 1620; baseline 0.004 -20"><span class='ocrx_word' id='word_1_200' title='bbox 403 1551 437 1620; x_wconf 77' lang='grc' dir='ltr'><strong>ἡ</strong></span> <span class='ocrx_word' id='word_1_201' title='bbox 464 1548 538 1620; x_wconf 81' lang='grc' dir='ltr'>γῆ</span> <span class='ocrx_word' id='word_1_202' title='bbox 563 1566 578 1615; x_wconf 91' lang='grc'><strong>;</strong></span> <span class='ocrx_word' id='word_1_203' title='bbox 607 1550 700 1601; x_wconf 79' lang='grc' dir='ltr'><strong>καὶ</strong></span> <span class='ocrx_word' id='word_1_204' title='bbox 732 1547 968 1602; x_wconf 77' lang='grc' dir='ltr'>ἐνταῦθα</span> <span class='ocrx_word' id='word_1_205' title='bbox 1001 1549 1181 1603; x_wconf 80' lang='grc' dir='ltr'>πάλινο</span> <span class='ocrx_word' id='word_1_206' title='bbox 1216 1552 1409 1620; x_wconf 64' lang='grc' dir='ltr'><strong>Ὥρθη</strong></span> <span class='ocrx_word' id='word_1_207' title='bbox 1441 1551 1611 1619; x_wconf 71' lang='grc' dir='ltr'>ξηρὰ,</span> <span class='ocrx_word' id='word_1_208' title='bbox 1638 1552 1736 1605; x_wconf 81' lang='grc' dir='ltr'>καὶ</span> <span class='ocrx_word' id='word_1_209' title='bbox 1763 1552 1977 1606; x_wconf 79' lang='grc' dir='ltr'><strong>ἐκάλε-</strong></span> 
     </span>
    </p>
   </div>
   <div class='ocr_carea' id='block_1_27' title="bbox 2078 1541 3657 1621">
    <p class='ocr_par' dir='ltr' id='par_1_27' title="bbox 2078 1541 3657 1621">
     <span class='ocr_line' id='line_1_27' title="bbox 2078 1541 3657 1621; baseline 0.011 -30"><span class='ocrx_word' id='word_1_210' title='bbox 2078 1541 2507 1612; x_wconf 82' lang='lat' dir='ltr'><strong>quasiexprimit</strong></span> <span class='ocrx_word' id='word_1_211' title='bbox 2557 1562 2621 1602; x_wconf 90' lang='lat' dir='ltr'><strong>ac</strong></span> <span class='ocrx_word' id='word_1_212' title='bbox 2658 1548 2936 1616; x_wconf 82' lang='lat' dir='ltr'><strong>designat:</strong></span> <span class='ocrx_word' id='word_1_213' title='bbox 2974 1560 3118 1605; x_wconf 88' lang='lat' dir='ltr'><strong>terra</strong></span> <span class='ocrx_word' id='word_1_214' title='bbox 3149 1567 3298 1617; x_wconf 84' lang='lat' dir='ltr'><strong>vero,</strong></span> <span class='ocrx_word' id='word_1_215' title='bbox 3330 1553 3472 1606; x_wconf 85' lang='lat' dir='ltr'><strong>nuda</strong></span> <span class='ocrx_word' id='word_1_216' title='bbox 3507 1566 3657 1621; x_wconf 70' lang='lat' dir='ltr'><strong>quaa-</strong></span> 
     </span>
    </p>
   </div>
   <div class='ocr_carea' id='block_1_28' title="bbox 402 1631 1978 1714">
    <p class='ocr_par' dir='ltr' id='par_1_28' title="bbox 402 1640 1978 1714">
     <span class='ocr_line' id='line_1_28' title="bbox 402 1640 1978 1714; baseline 0.002 -20"><span class='ocrx_word' id='word_1_217' title='bbox 402 1656 514 1695; x_wconf 79' lang='grc' dir='ltr'>σεν</span> <span class='ocrx_word' id='word_1_218' title='bbox 537 1645 570 1697; x_wconf 83' lang='grc' dir='ltr'><strong>ό</strong></span> <span class='ocrx_word' id='word_1_219' title='bbox 597 1641 741 1707; x_wconf 81' lang='grc' dir='ltr'><strong>Θεὸς</strong></span> <span class='ocrx_word' id='word_1_220' title='bbox 758 1640 875 1709; x_wconf 77' lang='grc' dir='ltr'>τὴν</span> <span class='ocrx_word' id='word_1_221' title='bbox 890 1640 1104 1710; x_wconf 79' lang='grc' dir='ltr'><strong>ξηρὰν,</strong></span> <span class='ocrx_word' id='word_1_222' title='bbox 1130 1641 1278 1711; x_wconf 76' lang='grc' dir='ltr'><strong>γῆν;</strong></span> <span class='ocrx_word' id='word_1_223' title='bbox 1305 1644 1473 1714; x_wconf 88' lang='grc' dir='ltr'><strong>Ὄτιὴ</strong></span> <span class='ocrx_word' id='word_1_224' title='bbox 1495 1644 1594 1714; x_wconf 88' lang='grc' dir='ltr'><strong>μὲν</strong></span> <span class='ocrx_word' id='word_1_225' title='bbox 1610 1643 1748 1713; x_wconf 81' lang='grc' dir='ltr'><strong>ξηρά</strong></span> <span class='ocrx_word' id='word_1_226' title='bbox 1765 1644 1825 1697; x_wconf 84' lang='grc' dir='ltr'><strong>τὸ</strong></span> <span class='ocrx_word' id='word_1_227' title='bbox 1843 1645 1978 1697; x_wconf 85' lang='grc' dir='ltr'>ἰδίω-</span> 
     </span>
    </p>
   </div>
   <div class='ocr_carea' id='block_1_29' title="bbox 2078 1631 3653 1714">
    <p class='ocr_par' dir='ltr' id='par_1_29' title="bbox 2081 1631 3653 1708">
     <span class='ocr_line' id='line_1_29' title="bbox 2081 1631 3653 1708; baseline 0.01 -26"><span class='ocrx_word' id='word_1_228' title='bbox 2081 1631 2199 1684; x_wconf 85' lang='lat' dir='ltr'><strong>dam</strong></span> <span class='ocrx_word' id='word_1_229' title='bbox 2250 1644 2332 1688; x_wconf 89' lang='lat' dir='ltr'><strong>est</strong></span> <span class='ocrx_word' id='word_1_230' title='bbox 2382 1637 2458 1690; x_wconf 89' lang='lat' dir='ltr'><strong>rei</strong></span> <span class='ocrx_word' id='word_1_231' title='bbox 2509 1638 2814 1708; x_wconf 79' lang='lat' dir='ltr'><strong>appellatio.</strong></span> <span class='ocrx_word' id='word_1_232' title='bbox 2868 1640 3329 1707; x_wconf 85' lang='lat' dir='ltr'><strong>Quemadmodum</strong></span> <span class='ocrx_word' id='word_1_233' title='bbox 3379 1643 3520 1698; x_wconf 89' lang='lat' dir='ltr'><strong>enim</strong></span> <span class='ocrx_word' id='word_1_234' title='bbox 3562 1659 3653 1698; x_wconf 88' lang='lat' dir='ltr'><strong>ra-</strong></span> 
     </span>
    </p>
   </div>
   <div class='ocr_carea' id='block_1_30' title="bbox 406 1722 1978 1806">
    <p class='ocr_par' dir='ltr' id='par_1_30' title="bbox 406 1733 1972 1806">
     <span class='ocr_line' id='line_1_30' title="bbox 406 1733 1972 1806; baseline 0.003 -21"><span class='ocrx_word' id='word_1_235' title='bbox 406 1734 481 1804; x_wconf 83' lang='grc' dir='ltr'><em>μά</em></span> <span class='ocrx_word' id='word_1_236' title='bbox 508 1735 642 1798; x_wconf 77' lang='grc' dir='ltr'>ἐστι,</span> <span class='ocrx_word' id='word_1_237' title='bbox 668 1733 730 1786; x_wconf 86' lang='grc' dir='ltr'><strong>τὸ</strong></span> <span class='ocrx_word' id='word_1_238' title='bbox 766 1734 925 1787; x_wconf 77' lang='grc' dir='ltr'>οἱονεὶ</span> <span class='ocrx_word' id='word_1_239' title='bbox 962 1735 1453 1806; x_wconf 81' lang='grc' dir='ltr'>χαρακτηριστικὺν</span> <span class='ocrx_word' id='word_1_240' title='bbox 1497 1736 1596 1805; x_wconf 77' lang='grc' dir='ltr'><strong>τῆς</strong></span> <span class='ocrx_word' id='word_1_241' title='bbox 1627 1735 1841 1804; x_wconf 81' lang='grc' dir='ltr'>φύσεως</span> <span class='ocrx_word' id='word_1_242' title='bbox 1880 1736 1972 1789; x_wconf 88' lang='grc' dir='ltr'><strong>τοῦ</strong></span> 
     </span>
    </p>
   </div>
   <div class='ocr_carea' id='block_1_31' title="bbox 2078 1722 3651 1806">
    <p class='ocr_par' dir='ltr' id='par_1_31' title="bbox 2085 1722 3651 1803">
     <span class='ocr_line' id='line_1_31' title="bbox 2085 1722 3651 1803; baseline 0.01 -28"><span class='ocrx_word' id='word_1_243' title='bbox 2085 1722 2282 1783; x_wconf 86' lang='lat' dir='ltr'><strong>tionale</strong></span> <span class='ocrx_word' id='word_1_244' title='bbox 2338 1729 2571 1784; x_wconf 87' lang='lat' dir='ltr'><strong>hominis</strong></span> <span class='ocrx_word' id='word_1_245' title='bbox 2628 1733 2903 1801; x_wconf 88' lang='lat' dir='ltr'><strong>proprium</strong></span> <span class='ocrx_word' id='word_1_246' title='bbox 2953 1744 3037 1788; x_wconf 89' lang='lat' dir='ltr'><strong>est</strong></span> <span class='ocrx_word' id='word_1_247' title='bbox 3086 1750 3099 1785; x_wconf 87' lang='lat'><strong>:</strong></span> <span class='ocrx_word' id='word_1_248' title='bbox 3155 1736 3268 1790; x_wconf 71' lang='lat' dir='ltr'><strong>btec</strong></span> <span class='ocrx_word' id='word_1_249' title='bbox 3324 1750 3454 1789; x_wconf 89' lang='lat' dir='ltr'><strong>vero</strong></span> <span class='ocrx_word' id='word_1_250' title='bbox 3510 1750 3651 1803; x_wconf 78' lang='lat' dir='ltr'><strong>vox,</strong></span> 
     </span>
    </p>
   </div>
   <div class='ocr_carea' id='block_1_32' title="bbox 403 1798 1978 1901">
    <p class='ocr_par' dir='ltr' id='par_1_32' title="bbox 403 1798 1974 1901">
     <span class='ocr_line' id='line_1_32' title="bbox 403 1798 1974 1901; baseline 0.003 -24"><span class='ocrx_word' id='word_1_251' title='bbox 403 1798 781 1895; x_wconf 71' lang='grc' dir='ltr'>ῦποκειμένου·</span> <span class='ocrx_word' id='word_1_252' title='bbox 820 1829 852 1896; x_wconf 82' lang='grc' dir='ltr'>ἠ</span> <span class='ocrx_word' id='word_1_253' title='bbox 884 1798 1054 1896; x_wconf 82' lang='grc' dir='ltr'><strong>δὲ</strong></span> <span class='ocrx_word' id='word_1_254' title='bbox 1120 1798 1460 1897; x_wconf 71' lang='grc' dir='ltr'>προσηγορία</span> <span class='ocrx_word' id='word_1_255' title='bbox 1482 1798 1562 1890; x_wconf 37' lang='lat' dir='ltr'><strong>tis,</strong></span> <span class='ocrx_word' id='word_1_256' title='bbox 1586 1798 1698 1880; x_wconf 69' lang='grc' dir='ltr'>ἐστι</span> <span class='ocrx_word' id='word_1_257' title='bbox 1724 1828 1852 1901; x_wconf 77' lang='grc' dir='ltr'>ψιλὴ</span> <span class='ocrx_word' id='word_1_258' title='bbox 1883 1828 1974 1882; x_wconf 91' lang='grc' dir='ltr'><strong>τοῦ</strong></span> 
     </span>
    </p>
   </div>
   <div class='ocr_carea' id='block_1_33' title="bbox 2078 1798 3656 1901">
    <p class='ocr_par' dir='ltr' id='par_1_33' title="bbox 2078 1820 3656 1894">
     <span class='ocr_line' id='line_1_33' title="bbox 2078 1820 3656 1894; baseline 0.006 -21"><span class='ocrx_word' id='word_1_259' title='bbox 2078 1823 2253 1884; x_wconf 82' lang='lat' dir='ltr'><strong>homo,</strong></span> <span class='ocrx_word' id='word_1_260' title='bbox 2285 1820 2482 1874; x_wconf 88' lang='lat' dir='ltr'><strong>animal</strong></span> <span class='ocrx_word' id='word_1_261' title='bbox 2539 1822 2710 1891; x_wconf 89' lang='lat' dir='ltr'><strong>ipsum</strong></span> <span class='ocrx_word' id='word_1_262' title='bbox 2764 1825 2848 1878; x_wconf 88' lang='lat' dir='ltr'><strong>cui</strong></span> <span class='ocrx_word' id='word_1_263' title='bbox 2889 1824 2973 1878; x_wconf 90' lang='lat' dir='ltr'><strong>illa</strong></span> <span class='ocrx_word' id='word_1_264' title='bbox 3026 1828 3329 1894; x_wconf 82' lang='lat' dir='ltr'><strong>proprietas</strong></span> <span class='ocrx_word' id='word_1_265' title='bbox 3381 1828 3539 1893; x_wconf 90' lang='lat' dir='ltr'><strong>inest,</strong></span> <span class='ocrx_word' id='word_1_266' title='bbox 3579 1828 3656 1882; x_wconf 83' lang='lat' dir='ltr'><strong>si-</strong></span> 
     </span>
    </p>
   </div>
   <div class='ocr_carea' id='block_1_34' title="bbox 405 1912 1978 1991">
    <p class='ocr_par' dir='ltr' id='par_1_34' title="bbox 405 1915 1978 1991">
     <span class='ocr_line' id='line_1_34' title="bbox 405 1915 1978 1991; baseline -0.011 -4"><span class='ocrx_word' id='word_1_267' title='bbox 405 1917 749 1988; x_wconf 73' lang='grc' dir='ltr'>πράγματος·</span> <span class='ocrx_word' id='word_1_268' title='bbox 787 1916 875 1979; x_wconf 81' lang='grc' dir='ltr'><strong>Ὧς</strong></span> <span class='ocrx_word' id='word_1_269' title='bbox 903 1915 1012 1988; x_wconf 88' lang='grc' dir='ltr'>γὰρ</span> <span class='ocrx_word' id='word_1_270' title='bbox 1040 1916 1101 1969; x_wconf 86' lang='grc' dir='ltr'>τὸ</span> <span class='ocrx_word' id='word_1_271' title='bbox 1127 1915 1342 1985; x_wconf 88' lang='grc' dir='ltr'>λογικὸν</span> <span class='ocrx_word' id='word_1_272' title='bbox 1374 1916 1501 1970; x_wconf 77' lang='grc' dir='ltr'>ἴδιόν</span> <span class='ocrx_word' id='word_1_273' title='bbox 1520 1918 1635 1971; x_wconf 80' lang='grc' dir='ltr'>ἐστι</span> <span class='ocrx_word' id='word_1_274' title='bbox 1661 1918 1755 1971; x_wconf 91' lang='grc' dir='ltr'><strong>τοῦ</strong></span> <span class='ocrx_word' id='word_1_275' title='bbox 1772 1918 1978 1991; x_wconf 66' lang='grc' dir='ltr'>ἀνθρώι</span> 
     </span>
    </p>
   </div>
   <div class='ocr_carea' id='block_1_35' title="bbox 2078 1912 3649 1991">
    <p class='ocr_par' dir='ltr' id='par_1_35' title="bbox 2079 1912 3649 1987">
     <span class='ocr_line' id='line_1_35' title="bbox 2079 1912 3649 1987; baseline 0.006 -23"><span class='ocrx_word' id='word_1_276' title='bbox 2079 1912 2296 1981; x_wconf 81' lang='lat' dir='ltr'><strong>gniﬁcat</strong></span> <span class='ocrx_word' id='word_1_277' title='bbox 2332 1929 2346 1965; x_wconf 88' lang='lat'><strong>:</strong></span> <span class='ocrx_word' id='word_1_278' title='bbox 2389 1914 2465 1967; x_wconf 90' lang='lat' dir='ltr'><strong>sic</strong></span> <span class='ocrx_word' id='word_1_279' title='bbox 2510 1914 2670 1983; x_wconf 78' lang='lat' dir='ltr'><strong>etiam</strong></span> <span class='ocrx_word' id='word_1_280' title='bbox 2742 1916 2974 1983; x_wconf 87' lang='lat' dir='ltr'><strong>aridum,</strong></span> <span class='ocrx_word' id='word_1_281' title='bbox 3024 1919 3296 1987; x_wconf 89' lang='lat' dir='ltr'><strong>proprium</strong></span> <span class='ocrx_word' id='word_1_282' title='bbox 3335 1928 3422 1974; x_wconf 88' lang='lat' dir='ltr'><strong>est</strong></span> <span class='ocrx_word' id='word_1_283' title='bbox 3468 1928 3649 1985; x_wconf 70' lang='lat' dir='ltr'><strong>terrm,</strong></span> 
     </span>
    </p>
   </div>
   <div class='ocr_carea' id='block_1_36' title="bbox 403 2003 1978 2079">
    <p class='ocr_par' dir='ltr' id='par_1_36' title="bbox 403 2003 1978 2079">
     <span class='ocr_line' id='line_1_36' title="bbox 403 2003 1978 2079; baseline 0.003 -20"><span class='ocrx_word' id='word_1_284' title='bbox 403 2024 527 2069; x_wconf 85' lang='grc' dir='ltr'>που,</span> <span class='ocrx_word' id='word_1_285' title='bbox 544 2010 578 2077; x_wconf 80' lang='grc' dir='ltr'>ἡ</span> <span class='ocrx_word' id='word_1_286' title='bbox 596 2007 652 2059; x_wconf 88' lang='grc' dir='ltr'><strong>δὲ</strong></span> <span class='ocrx_word' id='word_1_287' title='bbox 668 2005 980 2075; x_wconf 77' lang='grc' dir='ltr'><strong>ἄνθρωπος</strong></span> <span class='ocrx_word' id='word_1_288' title='bbox 1005 2009 1155 2078; x_wconf 79' lang='grc' dir='ltr'>φωνὴ</span> <span class='ocrx_word' id='word_1_289' title='bbox 1181 2009 1489 2079; x_wconf 89' lang='grc' dir='ltr'>σημαντική</span> <span class='ocrx_word' id='word_1_290' title='bbox 1521 2010 1636 2061; x_wconf 81' lang='grc' dir='ltr'>ἐστι</span> <span class='ocrx_word' id='word_1_291' title='bbox 1659 2009 1752 2063; x_wconf 90' lang='grc' dir='ltr'><strong>τοῦ</strong></span> <span class='ocrx_word' id='word_1_292' title='bbox 1783 2003 1978 2078; x_wconf 87' lang='grc' dir='ltr'>ζώουῷ</span> 
     </span>
    </p>
   </div>
   <div class='ocr_carea' id='block_1_37' title="bbox 2078 2003 3648 2079">
    <p class='ocr_par' dir='ltr' id='par_1_37' title="bbox 2078 2004 3648 2077">
     <span class='ocr_line' id='line_1_37' title="bbox 2078 2004 3648 2077; baseline 0.004 -19"><span class='ocrx_word' id='word_1_293' title='bbox 2078 2004 2235 2074; x_wconf 82' lang='lat' dir='ltr'><strong>eique</strong></span> <span class='ocrx_word' id='word_1_294' title='bbox 2264 2004 2552 2074; x_wconf 87' lang='lat' dir='ltr'><strong>peculiare.</strong></span> <span class='ocrx_word' id='word_1_295' title='bbox 2609 2005 2707 2060; x_wconf 88' lang='lat' dir='ltr'><strong>Cui</strong></span> <span class='ocrx_word' id='word_1_296' title='bbox 2767 2006 2931 2075; x_wconf 80' lang='lat' dir='ltr'><strong>igitur</strong></span> <span class='ocrx_word' id='word_1_297' title='bbox 2961 2010 3177 2077; x_wconf 89' lang='lat' dir='ltr'><strong>proprie</strong></span> <span class='ocrx_word' id='word_1_298' title='bbox 3219 2010 3358 2064; x_wconf 88' lang='lat' dir='ltr'><strong>inest</strong></span> <span class='ocrx_word' id='word_1_299' title='bbox 3402 2010 3648 2077; x_wconf 88' lang='lat' dir='ltr'><strong>ariditas,</strong></span> 
     </span>
    </p>
   </div>
   <div class='ocr_carea' id='block_1_38' title="bbox 404 2099 1979 2174">
    <p class='ocr_par' dir='ltr' id='par_1_38' title="bbox 404 2099 1979 2174">
     <span class='ocr_line' id='line_1_38' title="bbox 404 2099 1979 2174; baseline 0.001 -21"><span class='ocrx_word' id='word_1_300' title='bbox 404 2099 637 2171; x_wconf 79' lang='grc' dir='ltr'><strong>ὑπάρχει</strong></span> <span class='ocrx_word' id='word_1_301' title='bbox 653 2100 713 2153; x_wconf 85' lang='grc' dir='ltr'>τὸ</span> <span class='ocrx_word' id='word_1_302' title='bbox 730 2100 876 2155; x_wconf 74' lang='grc' dir='ltr'>ἴδιον·</span> <span class='ocrx_word' id='word_1_303' title='bbox 902 2099 1043 2154; x_wconf 78' lang='grc' dir='ltr'>οὕτω</span> <span class='ocrx_word' id='word_1_304' title='bbox 1064 2103 1159 2154; x_wconf 78' lang='grc' dir='ltr'><strong>καὶ</strong></span> <span class='ocrx_word' id='word_1_305' title='bbox 1182 2102 1244 2154; x_wconf 88' lang='grc' dir='ltr'>τὸ</span> <span class='ocrx_word' id='word_1_306' title='bbox 1269 2100 1431 2174; x_wconf 82' lang='grc' dir='ltr'>ξηρὸν</span> <span class='ocrx_word' id='word_1_307' title='bbox 1451 2101 1580 2154; x_wconf 79' lang='grc' dir='ltr'>ἴδιόν</span> <span class='ocrx_word' id='word_1_308' title='bbox 1610 2103 1726 2155; x_wconf 84' lang='grc' dir='ltr'>ἐστι</span> <span class='ocrx_word' id='word_1_309' title='bbox 1749 2100 1849 2171; x_wconf 80' lang='grc' dir='ltr'><strong>τῆς</strong></span> <span class='ocrx_word' id='word_1_310' title='bbox 1874 2101 1979 2171; x_wconf 84' lang='grc' dir='ltr'><strong>γῆς</strong></span> 
     </span>
    </p>
   </div>
   <div class='ocr_carea' id='block_1_39' title="bbox 402 2185 1980 2263">
    <p class='ocr_par' dir='ltr' id='par_1_39' title="bbox 402 2185 1980 2263">
     <span class='ocr_line' id='line_1_39' title="bbox 402 2185 1980 2263; baseline 0.001 -20"><span class='ocrx_word' id='word_1_311' title='bbox 402 2192 496 2243; x_wconf 82' lang='grc' dir='ltr'><strong>καὶ</strong></span> <span class='ocrx_word' id='word_1_312' title='bbox 516 2185 897 2262; x_wconf 81' lang='grc' dir='ltr'>ὲξαίρετον.ᾯ</span> <span class='ocrx_word' id='word_1_313' title='bbox 914 2191 1092 2244; x_wconf 79' lang='grc' dir='ltr'>τοίνυν</span> <span class='ocrx_word' id='word_1_314' title='bbox 1119 2190 1259 2254; x_wconf 79' lang='grc' dir='ltr'>ἰδίως</span> <span class='ocrx_word' id='word_1_315' title='bbox 1285 2190 1518 2262; x_wconf 83' lang='grc' dir='ltr'><strong>ὑπάρχει</strong></span> <span class='ocrx_word' id='word_1_316' title='bbox 1543 2191 1603 2243; x_wconf 86' lang='grc' dir='ltr'><strong>τὸ</strong></span> <span class='ocrx_word' id='word_1_317' title='bbox 1629 2190 1980 2263; x_wconf 83' lang='grc' dir='ltr'>ξηρὸν,τοῦτο</span> 
     </span>
    </p>
   </div>
   <div class='ocr_carea' id='block_1_40' title="bbox 401 2275 1977 2354">
    <p class='ocr_par' dir='ltr' id='par_1_40' title="bbox 401 2275 1977 2354">
     <span class='ocr_line' id='line_1_40' title="bbox 401 2275 1977 2354; baseline 0.001 -19"><span class='ocrx_word' id='word_1_318' title='bbox 401 2281 757 2353; x_wconf 75' lang='grc' dir='ltr'><strong>ἐπικέκληται</strong></span> <span class='ocrx_word' id='word_1_319' title='bbox 778 2283 868 2353; x_wconf 81' lang='grc' dir='ltr'><strong>γῆ·</strong></span> <span class='ocrx_word' id='word_1_320' title='bbox 899 2281 1087 2354; x_wconf 84' lang='grc' dir='ltr'>ὥσπερ</span> <span class='ocrx_word' id='word_1_321' title='bbox 1120 2275 1328 2349; x_wconf 80' lang='grc' dir='ltr'>ᾦίδίως</span> <span class='ocrx_word' id='word_1_322' title='bbox 1346 2283 1683 2353; x_wconf 79' lang='grc' dir='ltr'>πρόσεστιτὸ</span> <span class='ocrx_word' id='word_1_323' title='bbox 1710 2300 1977 2353; x_wconf 75' lang='grc' dir='ltr'>χρεμετι-</span> 
     </span>
    </p>
   </div>
   <div class='ocr_carea' id='block_1_41' title="bbox 401 2375 1978 2447">
    <p class='ocr_par' dir='ltr' id='par_1_41' title="bbox 401 2375 1978 2447">
     <span class='ocr_line' id='line_1_41' title="bbox 401 2375 1978 2447; baseline -0.001 -18"><span class='ocrx_word' id='word_1_324' title='bbox 401 2375 801 2440; x_wconf 79' lang='grc' dir='ltr'>στικὸν,τοῦτο</span> <span class='ocrx_word' id='word_1_325' title='bbox 817 2375 1171 2446; x_wconf 79' lang='grc' dir='ltr'>ἐπικέκληται</span> <span class='ocrx_word' id='word_1_326' title='bbox 1196 2375 1381 2439; x_wconf 77' lang='grc' dir='ltr'>ἵππος.</span> <span class='ocrx_word' id='word_1_327' title='bbox 1401 2377 1476 2429; x_wconf 87' lang='grc' dir='ltr'><strong>Οὐ</strong></span> <span class='ocrx_word' id='word_1_328' title='bbox 1502 2376 1661 2447; x_wconf 88' lang='grc' dir='ltr'>μόνον</span> <span class='ocrx_word' id='word_1_329' title='bbox 1687 2375 1743 2429; x_wconf 84' lang='grc' dir='ltr'>δὲ</span> <span class='ocrx_word' id='word_1_330' title='bbox 1759 2376 1852 2428; x_wconf 79' lang='grc' dir='ltr'><strong>ἐπὶ</strong></span> <span class='ocrx_word' id='word_1_331' title='bbox 1876 2375 1978 2446; x_wconf 86' lang='grc' dir='ltr'><strong>τῆς</strong></span> 
     </span>
    </p>
   </div>
   <div class='ocr_carea' id='block_1_42' title="bbox 403 2464 1979 2537">
    <p class='ocr_par' dir='ltr' id='par_1_42' title="bbox 403 2464 1979 2537">
     <span class='ocr_line' id='line_1_42' title="bbox 403 2464 1979 2537; baseline 0.001 -19"><span class='ocrx_word' id='word_1_332' title='bbox 403 2465 505 2535; x_wconf 80' lang='grc' dir='ltr'><strong>γῆς</strong></span> <span class='ocrx_word' id='word_1_333' title='bbox 531 2467 644 2518; x_wconf 76' lang='grc' dir='ltr'>ἐστι</span> <span class='ocrx_word' id='word_1_334' title='bbox 671 2465 988 2528; x_wconf 84' lang='grc' dir='ltr'>τοῦτο,ἀλλά</span> <span class='ocrx_word' id='word_1_335' title='bbox 1017 2466 1238 2518; x_wconf 79' lang='grc' dir='ltr'>καὶτῶν</span> <span class='ocrx_word' id='word_1_336' title='bbox 1265 2464 1438 2519; x_wconf 83' lang='grc' dir='ltr'>ἄλλων</span> <span class='ocrx_word' id='word_1_337' title='bbox 1460 2466 1737 2537; x_wconf 85' lang='grc' dir='ltr'>στοιχείων</span> <span class='ocrx_word' id='word_1_338' title='bbox 1752 2466 1979 2519; x_wconf 73' lang='grc' dir='ltr'>ἕκαστον</span> 
     </span>
    </p>
   </div>
   <div class='ocr_carea' id='block_1_43' title="bbox 405 2557 1977 2629">
    <p class='ocr_par' dir='ltr' id='par_1_43' title="bbox 405 2557 1977 2629">
     <span class='ocr_line' id='line_1_43' title="bbox 405 2557 1977 2629; baseline 0.001 -20"><span class='ocrx_word' id='word_1_339' title='bbox 405 2557 710 2622; x_wconf 77' lang='grc' dir='ltr'>ἰδιάζουσαν</span> <span class='ocrx_word' id='word_1_340' title='bbox 737 2559 830 2611; x_wconf 73' lang='grc' dir='ltr'>καὶ</span> <span class='ocrx_word' id='word_1_341' title='bbox 883 2557 1419 2629; x_wconf 84' lang='grc' dir='ltr'>ἀποκεκληρωμένην</span> <span class='ocrx_word' id='word_1_342' title='bbox 1452 2558 1564 2629; x_wconf 73' lang='grc' dir='ltr'>ἔχει</span> <span class='ocrx_word' id='word_1_343' title='bbox 1596 2559 1880 2629; x_wconf 83' lang='grc' dir='ltr'>ποιότητα,</span> <span class='ocrx_word' id='word_1_344' title='bbox 1907 2558 1977 2611; x_wconf 87' lang='grc' dir='ltr'><strong>δι’</strong></span> 
     </span>
    </p>
   </div>
   <div class='ocr_carea' id='block_1_44' title="bbox 401 2643 1979 2721">
    <p class='ocr_par' dir='ltr' id='par_1_44' title="bbox 401 2643 1979 2721">
     <span class='ocr_line' id='line_1_44' title="bbox 401 2643 1979 2721; baseline 0.002 -20"><span class='ocrx_word' id='word_1_345' title='bbox 401 2643 472 2721; x_wconf 81' lang='grc' dir='ltr'><strong>ἧς</strong></span> <span class='ocrx_word' id='word_1_346' title='bbox 501 2648 608 2702; x_wconf 81' lang='grc' dir='ltr'>τῶν</span> <span class='ocrx_word' id='word_1_347' title='bbox 659 2666 718 2702; x_wconf 85' lang='grc' dir='ltr'><strong>τε</strong></span> <span class='ocrx_word' id='word_1_348' title='bbox 771 2648 972 2703; x_wconf 84' lang='grc' dir='ltr'>λοιπῶν</span> <span class='ocrx_word' id='word_1_349' title='bbox 1011 2648 1388 2720; x_wconf 82' lang='grc' dir='ltr'>ἀποκρίνεται,</span> <span class='ocrx_word' id='word_1_350' title='bbox 1432 2651 1525 2704; x_wconf 80' lang='grc' dir='ltr'><strong>καὶ</strong></span> <span class='ocrx_word' id='word_1_351' title='bbox 1574 2649 1704 2704; x_wconf 79' lang='grc' dir='ltr'>αὐτὸ</span> <span class='ocrx_word' id='word_1_352' title='bbox 1750 2651 1979 2704; x_wconf 73' lang='grc' dir='ltr'>ἕκαστον</span> 
     </span>
    </p>
   </div>
   <div class='ocr_carea' id='block_1_45' title="bbox 403 2738 1981 2814">
    <p class='ocr_par' dir='ltr' id='par_1_45' title="bbox 403 2738 1981 2814">
     <span class='ocr_line' id='line_1_45' title="bbox 403 2738 1981 2814; baseline 0.002 -20"><span class='ocrx_word' id='word_1_353' title='bbox 403 2739 766 2794; x_wconf 70' lang='grc' dir='ltr'>ὁποῖόν-ἐστιν</span> <span class='ocrx_word' id='word_1_354' title='bbox 794 2738 1234 2808; x_wconf 74' lang='grc' dir='ltr'>ἐπιγινώσκεται.</span> <span class='ocrx_word' id='word_1_355' title='bbox 1265 2738 1339 2794; x_wconf 82' lang='grc' dir='ltr'><strong>Τὸ</strong></span> <span class='ocrx_word' id='word_1_356' title='bbox 1371 2742 1468 2811; x_wconf 87' lang='grc' dir='ltr'><strong>μὲν</strong></span> <span class='ocrx_word' id='word_1_357' title='bbox 1487 2741 1632 2814; x_wconf 77' lang='grc' dir='ltr'>ὕδωρ</span> <span class='ocrx_word' id='word_1_358' title='bbox 1669 2741 1805 2796; x_wconf 77' lang='grc' dir='ltr'>ἰδίαν</span> <span class='ocrx_word' id='word_1_359' title='bbox 1834 2743 1981 2797; x_wconf 85' lang='grc' dir='ltr'>ποιό-</span> 
     </span>
    </p>
   </div>
   <div class='ocr_carea' id='block_1_46' title="bbox 402 2829 1978 2905">
    <p class='ocr_par' dir='ltr' id='par_1_46' title="bbox 402 2829 1978 2905">
     <span class='ocr_line' id='line_1_46' title="bbox 402 2829 1978 2905; baseline 0.003 -22"><span class='ocrx_word' id='word_1_360' title='bbox 402 2848 545 2902; x_wconf 87' lang='grc' dir='ltr'>τητα</span> <span class='ocrx_word' id='word_1_361' title='bbox 576 2829 691 2899; x_wconf 79' lang='grc' dir='ltr'>τὴν</span> <span class='ocrx_word' id='word_1_362' title='bbox 740 2832 1092 2900; x_wconf 69' lang='grc' dir='ltr'>ψυχρότητα</span> <span class='ocrx_word' id='word_1_363' title='bbox 1128 2831 1278 2902; x_wconf 80' lang='grc' dir='ltr'>ἔχει’</span> <span class='ocrx_word' id='word_1_364' title='bbox 1334 2834 1362 2885; x_wconf 88' lang='grc' dir='ltr'>ὁ</span> <span class='ocrx_word' id='word_1_365' title='bbox 1416 2831 1473 2885; x_wconf 85' lang='grc' dir='ltr'>δὲ</span> <span class='ocrx_word' id='word_1_366' title='bbox 1507 2833 1616 2905; x_wconf 88' lang='grc' dir='ltr'>ἀὴρ</span> <span class='ocrx_word' id='word_1_367' title='bbox 1660 2832 1776 2903; x_wconf 78' lang='grc' dir='ltr'><strong>τὴν</strong></span> <span class='ocrx_word' id='word_1_368' title='bbox 1803 2836 1978 2904; x_wconf 78' lang='grc' dir='ltr'>ὑγρό-</span> 
     </span>
    </p>
   </div>
   <div class='ocr_carea' id='block_1_47' title="bbox 404 2920 1979 2995">
    <p class='ocr_par' dir='ltr' id='par_1_47' title="bbox 404 2920 1979 2995">
     <span class='ocr_line' id='line_1_47' title="bbox 404 2920 1979 2995; baseline 0.004 -22"><span class='ocrx_word' id='word_1_369' title='bbox 404 2936 587 2988; x_wconf 81' lang='grc' dir='ltr'>τητα·</span> <span class='ocrx_word' id='word_1_370' title='bbox 623 2921 683 2974; x_wconf 87' lang='grc' dir='ltr'>τὺ</span> <span class='ocrx_word' id='word_1_371' title='bbox 711 2920 769 2975; x_wconf 79' lang='grc' dir='ltr'><strong>δὲ</strong></span> <span class='ocrx_word' id='word_1_372' title='bbox 800 2920 912 2992; x_wconf 87' lang='grc' dir='ltr'><strong>πῦρ</strong></span> <span class='ocrx_word' id='word_1_373' title='bbox 940 2924 1057 2990; x_wconf 78' lang='grc' dir='ltr'><strong>τὴν</strong></span> <span class='ocrx_word' id='word_1_374' title='bbox 1082 2922 1426 2991; x_wconf 82' lang='grc' dir='ltr'><strong>θερμότητα.</strong></span> <span class='ocrx_word' id='word_1_375' title='bbox 1482 2923 1642 2976; x_wconf 86' lang='grc' dir='ltr'>Ἀλλὰ</span> <span class='ocrx_word' id='word_1_376' title='bbox 1673 2923 1845 2978; x_wconf 90' lang='grc' dir='ltr'>ταῦτα</span> <span class='ocrx_word' id='word_1_377' title='bbox 1881 2924 1979 2995; x_wconf 85' lang='grc' dir='ltr'><strong>μὲν</strong></span> 
     </span>
    </p>
   </div>
   <div class='ocr_carea' id='block_1_48' title="bbox 401 3010 1982 3087">
    <p class='ocr_par' dir='ltr' id='par_1_48' title="bbox 401 3010 1982 3087">
     <span class='ocr_line' id='line_1_48' title="bbox 401 3010 1982 3087; baseline -0.001 -19"><span class='ocrx_word' id='word_1_378' title='bbox 401 3013 479 3077; x_wconf 86' lang='grc' dir='ltr'><strong>ὡς</strong></span> <span class='ocrx_word' id='word_1_379' title='bbox 524 3011 717 3086; x_wconf 86' lang='grc' dir='ltr'>πρῶτα</span> <span class='ocrx_word' id='word_1_380' title='bbox 768 3014 1006 3083; x_wconf 84' lang='grc' dir='ltr'>στοιχεῖα</span> <span class='ocrx_word' id='word_1_381' title='bbox 1034 3013 1141 3067; x_wconf 86' lang='grc' dir='ltr'><strong>τῶν</strong></span> <span class='ocrx_word' id='word_1_382' title='bbox 1183 3010 1449 3067; x_wconf 75' lang='grc' dir='ltr'>συνθέτων</span> <span class='ocrx_word' id='word_1_383' title='bbox 1502 3015 1645 3068; x_wconf 83' lang='grc' dir='ltr'>κατὰ</span> <span class='ocrx_word' id='word_1_384' title='bbox 1693 3015 1783 3069; x_wconf 83' lang='grc' dir='ltr'><strong>τὸν</strong></span> <span class='ocrx_word' id='word_1_385' title='bbox 1837 3016 1982 3087; x_wconf 75' lang='grc' dir='ltr'>εἰρη-</span> 
     </span>
    </p>
   </div>
   <div class='ocr_carea' id='block_1_49' title="bbox 406 3089 2044 3210">
    <p class='ocr_par' dir='ltr' id='par_1_49' title="bbox 406 3089 2044 3210">
     <span class='ocr_line' id='line_1_49' title="bbox 406 3089 2044 3210; baseline 0.001 -52"><span class='ocrx_word' id='word_1_386' title='bbox 406 3089 590 3175; x_wconf 46' lang='grc' dir='ltr'>μένον</span> <span class='ocrx_word' id='word_1_387' title='bbox 620 3104 821 3177; x_wconf 87' lang='grc' dir='ltr'>τρόπον</span> <span class='ocrx_word' id='word_1_388' title='bbox 873 3104 951 3175; x_wconf 82' lang='grc' dir='ltr'>τῷ</span> <span class='ocrx_word' id='word_1_389' title='bbox 999 3103 1248 3175; x_wconf 85' lang='grc' dir='ltr'>λογισμῴ</span> <span class='ocrx_word' id='word_1_390' title='bbox 1310 3106 1616 3177; x_wconf 84' lang='grc' dir='ltr'>Θεωρεῖται,</span> <span class='ocrx_word' id='word_1_391' title='bbox 1658 3106 1728 3159; x_wconf 83' lang='grc' dir='ltr'>τὰ</span> <span class='ocrx_word' id='word_1_392' title='bbox 1778 3106 1833 3159; x_wconf 88' lang='grc' dir='ltr'><strong>δὲ</strong></span> <span class='ocrx_word' id='word_1_393' title='bbox 1873 3108 1974 3178; x_wconf 77' lang='grc' dir='ltr'><strong>ἤδη</strong></span> <span class='ocrx_word' id='word_1_394' title='bbox 2003 3153 2044 3210; x_wconf 76' lang='lat' dir='ltr'>c</span> 
     </span>
    </p>
   </div>
   <div class='ocr_carea' id='block_1_50' title="bbox 402 3197 1975 3271">
    <p class='ocr_par' dir='ltr' id='par_1_50' title="bbox 402 3197 1975 3271">
     <span class='ocr_line' id='line_1_50' title="bbox 402 3197 1975 3271; baseline 0 -19"><span class='ocrx_word' id='word_1_395' title='bbox 402 3200 462 3252; x_wconf 77' lang='grc' dir='ltr'>ὲν</span> <span class='ocrx_word' id='word_1_396' title='bbox 484 3199 694 3270; x_wconf 84' lang='grc' dir='ltr'>σώματι</span> <span class='ocrx_word' id='word_1_397' title='bbox 748 3197 1199 3268; x_wconf 88' lang='grc' dir='ltr'>κατατεταγμένα</span> <span class='ocrx_word' id='word_1_398' title='bbox 1250 3198 1345 3251; x_wconf 77' lang='grc' dir='ltr'><strong>καὶ</strong></span> <span class='ocrx_word' id='word_1_399' title='bbox 1391 3198 1764 3252; x_wconf 84' lang='grc' dir='ltr'>ὑποπίπτοντα</span> <span class='ocrx_word' id='word_1_400' title='bbox 1794 3202 1860 3271; x_wconf 83' lang='grc' dir='ltr'>τῇ</span> <span class='ocrx_word' id='word_1_401' title='bbox 1891 3201 1975 3252; x_wconf 79' lang='grc' dir='ltr'>αἰ-</span> 
     </span>
    </p>
   </div>
   <div class='ocr_carea' id='block_1_51' title="bbox 2078 2097 3651 2172">
    <p class='ocr_par' dir='ltr' id='par_1_51' title="bbox 2078 2097 3651 2172">
     <span class='ocr_line' id='line_1_51' title="bbox 2078 2097 3651 2172; baseline 0.004 -22"><span class='ocrx_word' id='word_1_402' title='bbox 2078 2097 2131 2152; x_wconf 92' lang='lat' dir='ltr'><strong>id</strong></span> <span class='ocrx_word' id='word_1_403' title='bbox 2172 2108 2420 2151; x_wconf 86' lang='lat' dir='ltr'><strong>vocatum</strong></span> <span class='ocrx_word' id='word_1_404' title='bbox 2474 2107 2558 2152; x_wconf 90' lang='lat' dir='ltr'><strong>est</strong></span> <span class='ocrx_word' id='word_1_405' title='bbox 2598 2107 2739 2152; x_wconf 90' lang='lat' dir='ltr'><strong>terra</strong></span> <span class='ocrx_word' id='word_1_406' title='bbox 2781 2101 3045 2168; x_wconf 89' lang='lat' dir='ltr'><strong>:perinde</strong></span> <span class='ocrx_word' id='word_1_407' title='bbox 3098 2111 3262 2170; x_wconf 86' lang='lat' dir='ltr'><strong>atque</strong></span> <span class='ocrx_word' id='word_1_408' title='bbox 3308 2102 3394 2156; x_wconf 90' lang='lat' dir='ltr'><strong>cui</strong></span> <span class='ocrx_word' id='word_1_409' title='bbox 3433 2103 3651 2172; x_wconf 89' lang='lat' dir='ltr'><strong>proprie</strong></span> 
     </span>
    </p>
   </div>
   <div class='ocr_carea' id='block_1_52' title="bbox 2077 2188 3648 2261">
    <p class='ocr_par' dir='ltr' id='par_1_52' title="bbox 2077 2188 3648 2261">
     <span class='ocr_line' id='line_1_52' title="bbox 2077 2188 3648 2261; baseline 0.003 -19"><span class='ocrx_word' id='word_1_410' title='bbox 2077 2188 2329 2243; x_wconf 82' lang='lat' dir='ltr'><strong>Iu&#39;nnibile</strong></span> <span class='ocrx_word' id='word_1_411' title='bbox 2372 2190 2549 2254; x_wconf 85' lang='lat' dir='ltr'><strong>adest,</strong></span> <span class='ocrx_word' id='word_1_412' title='bbox 2595 2189 2647 2243; x_wconf 91' lang='lat' dir='ltr'><strong>id</strong></span> <span class='ocrx_word' id='word_1_413' title='bbox 2695 2200 3058 2260; x_wconf 87' lang='lat' dir='ltr'><strong>nuncupatum</strong></span> <span class='ocrx_word' id='word_1_414' title='bbox 3089 2202 3172 2246; x_wconf 90' lang='lat' dir='ltr'><strong>est</strong></span> <span class='ocrx_word' id='word_1_415' title='bbox 3219 2207 3409 2261; x_wconf 91' lang='lat' dir='ltr'><strong>equus.</strong></span> <span class='ocrx_word' id='word_1_416' title='bbox 3453 2192 3565 2247; x_wconf 86' lang='lat' dir='ltr'><strong>Nec</strong></span> <span class='ocrx_word' id='word_1_417' title='bbox 3596 2193 3648 2247; x_wconf 90' lang='lat' dir='ltr'><strong>in</strong></span> 
     </span>
    </p>
   </div>
   <div class='ocr_carea' id='block_1_53' title="bbox 2081 2279 3649 2337">
    <p class='ocr_par' dir='ltr' id='par_1_53' title="bbox 2081 2279 3649 2337">
     <span class='ocr_line' id='line_1_53' title="bbox 2081 2279 3649 2337; baseline 0.001 -3"><span class='ocrx_word' id='word_1_418' title='bbox 2081 2289 2223 2334; x_wconf 88' lang='lat' dir='ltr'><strong>terra</strong></span> <span class='ocrx_word' id='word_1_419' title='bbox 2280 2279 2450 2335; x_wconf 91' lang='lat' dir='ltr'><strong>solum</strong></span> <span class='ocrx_word' id='word_1_420' title='bbox 2511 2280 2562 2334; x_wconf 88' lang='lat' dir='ltr'><strong>id</strong></span> <span class='ocrx_word' id='word_1_421' title='bbox 2605 2295 2665 2336; x_wconf 89' lang='lat' dir='ltr'><strong>se</strong></span> <span class='ocrx_word' id='word_1_422' title='bbox 2718 2282 2789 2335; x_wconf 89' lang='lat' dir='ltr'><strong>ita</strong></span> <span class='ocrx_word' id='word_1_423' title='bbox 2828 2282 3033 2336; x_wconf 80' lang='lat' dir='ltr'><strong>habet:</strong></span> <span class='ocrx_word' id='word_1_424' title='bbox 3068 2282 3162 2337; x_wconf 88' lang='lat' dir='ltr'><strong>sed</strong></span> <span class='ocrx_word' id='word_1_425' title='bbox 3215 2281 3432 2336; x_wconf 88' lang='lat' dir='ltr'><strong>cuilibet</strong></span> <span class='ocrx_word' id='word_1_426' title='bbox 3485 2283 3649 2337; x_wconf 87' lang='lat' dir='ltr'><strong>etiam</strong></span> 
     </span>
    </p>
   </div>
   <div class='ocr_carea' id='block_1_54' title="bbox 2078 2372 3651 2443">
    <p class='ocr_par' dir='ltr' id='par_1_54' title="bbox 2078 2372 3651 2443">
     <span class='ocr_line' id='line_1_54' title="bbox 2078 2372 3651 2443; baseline 0.002 -18"><span class='ocrx_word' id='word_1_427' title='bbox 2078 2373 2306 2441; x_wconf 90' lang='lat' dir='ltr'><strong>aliorum</strong></span> <span class='ocrx_word' id='word_1_428' title='bbox 2335 2372 2729 2428; x_wconf 85' lang='lat' dir='ltr'><strong>elementorum</strong></span> <span class='ocrx_word' id='word_1_429' title='bbox 2780 2374 3016 2443; x_wconf 90' lang='lat' dir='ltr'><strong>suppetit</strong></span> <span class='ocrx_word' id='word_1_430' title='bbox 3045 2374 3261 2442; x_wconf 88' lang='lat' dir='ltr'><strong>propria</strong></span> <span class='ocrx_word' id='word_1_431' title='bbox 3295 2382 3351 2427; x_wconf 92' lang='lat' dir='ltr'><strong>et</strong></span> <span class='ocrx_word' id='word_1_432' title='bbox 3383 2382 3531 2428; x_wconf 88' lang='lat' dir='ltr'><strong>sorte</strong></span> <span class='ocrx_word' id='word_1_433' title='bbox 3555 2373 3651 2428; x_wconf 90' lang='lat' dir='ltr'><strong>ob-</strong></span> 
     </span>
    </p>
   </div>
   <div class='ocr_carea' id='block_1_55' title="bbox 2082 2464 3652 2535">
    <p class='ocr_par' dir='ltr' id='par_1_55' title="bbox 2082 2464 3652 2535">
     <span class='ocr_line' id='line_1_55' title="bbox 2082 2464 3652 2535; baseline -0.001 -15"><span class='ocrx_word' id='word_1_434' title='bbox 2082 2473 2226 2521; x_wconf 86' lang='lat' dir='ltr'><strong>tenta</strong></span> <span class='ocrx_word' id='word_1_435' title='bbox 2266 2464 2518 2535; x_wconf 85' lang='lat' dir='ltr'><strong>qualitas,</strong></span> <span class='ocrx_word' id='word_1_436' title='bbox 2543 2480 2648 2534; x_wconf 91' lang='lat' dir='ltr'><strong>qua</strong></span> <span class='ocrx_word' id='word_1_437' title='bbox 2679 2474 2736 2520; x_wconf 90' lang='lat' dir='ltr'><strong>et</strong></span> <span class='ocrx_word' id='word_1_438' title='bbox 2760 2464 3064 2519; x_wconf 87' lang='lat' dir='ltr'><strong>secernitur</strong></span> <span class='ocrx_word' id='word_1_439' title='bbox 3088 2480 3116 2517; x_wconf 88' lang='lat' dir='ltr'><strong>a</strong></span> <span class='ocrx_word' id='word_1_440' title='bbox 3140 2465 3373 2531; x_wconf 73' lang='lat' dir='ltr'><strong>cmteris,</strong></span> <span class='ocrx_word' id='word_1_441' title='bbox 3412 2475 3465 2519; x_wconf 88' lang='lat' dir='ltr'><strong>et</strong></span> <span class='ocrx_word' id='word_1_442' title='bbox 3493 2465 3652 2535; x_wconf 83' lang='lat' dir='ltr'><strong>quale</strong></span> 
     </span>
    </p>
   </div>
   <div class='ocr_carea' id='block_1_56' title="bbox 2077 2557 3650 2627">
    <p class='ocr_par' dir='ltr' id='par_1_56' title="bbox 2077 2557 3650 2627">
     <span class='ocr_line' id='line_1_56' title="bbox 2077 2557 3650 2627; baseline -0.001 -14"><span class='ocrx_word' id='word_1_443' title='bbox 2077 2558 2496 2627; x_wconf 74' lang='lat' dir='ltr'><strong>unumquodque</strong></span> <span class='ocrx_word' id='word_1_444' title='bbox 2524 2559 2616 2623; x_wconf 83' lang='lat' dir='ltr'><strong>sit,</strong></span> <span class='ocrx_word' id='word_1_445' title='bbox 2652 2558 3057 2613; x_wconf 89' lang='lat' dir='ltr'><strong>internoscitur.</strong></span> <span class='ocrx_word' id='word_1_446' title='bbox 3105 2559 3259 2627; x_wconf 78' lang='lat' dir='ltr'><strong>Aqua</strong></span> <span class='ocrx_word' id='word_1_447' title='bbox 3290 2557 3502 2626; x_wconf 88' lang='lat' dir='ltr'><strong>quidem</strong></span> <span class='ocrx_word' id='word_1_448' title='bbox 3551 2559 3650 2612; x_wconf 80' lang='lat' dir='ltr'><strong>ha—</strong></span> 
     </span>
    </p>
   </div>
   <div class='ocr_carea' id='block_1_57' title="bbox 2078 2649 3648 2719">
    <p class='ocr_par' dir='ltr' id='par_1_57' title="bbox 2078 2649 3648 2719">
     <span class='ocr_line' id='line_1_57' title="bbox 2078 2649 3648 2719; baseline 0 -14"><span class='ocrx_word' id='word_1_449' title='bbox 2078 2649 2170 2705; x_wconf 85' lang='lat' dir='ltr'><strong>bet</strong></span> <span class='ocrx_word' id='word_1_450' title='bbox 2215 2649 2485 2719; x_wconf 87' lang='lat' dir='ltr'><strong>propriam</strong></span> <span class='ocrx_word' id='word_1_451' title='bbox 2546 2650 2887 2718; x_wconf 86' lang='lat' dir='ltr'><strong>qualitatem,</strong></span> <span class='ocrx_word' id='word_1_452' title='bbox 2939 2650 3290 2719; x_wconf 71' lang='lat' dir='ltr'><strong>{rigiditatem</strong></span> <span class='ocrx_word' id='word_1_453' title='bbox 3327 2665 3346 2704; x_wconf 92' lang='lat'><em>:</em></span> <span class='ocrx_word' id='word_1_454' title='bbox 3377 2666 3471 2706; x_wconf 89' lang='lat' dir='ltr'><strong>aer</strong></span> <span class='ocrx_word' id='word_1_455' title='bbox 3499 2665 3648 2716; x_wconf 82' lang='lat' dir='ltr'><strong>vero,</strong></span> 
     </span>
    </p>
   </div>
   <div class='ocr_carea' id='block_1_58' title="bbox 2077 2738 3649 2809">
    <p class='ocr_par' dir='ltr' id='par_1_58' title="bbox 2077 2738 3649 2809">
     <span class='ocr_line' id='line_1_58' title="bbox 2077 2738 3649 2809; baseline 0.003 -19"><span class='ocrx_word' id='word_1_456' title='bbox 2077 2738 2479 2792; x_wconf 70' lang='lat' dir='ltr'><strong>hunziditatem:</strong></span> <span class='ocrx_word' id='word_1_457' title='bbox 2508 2740 2645 2809; x_wconf 89' lang='lat' dir='ltr'><strong>ignis</strong></span> <span class='ocrx_word' id='word_1_458' title='bbox 2671 2748 2874 2805; x_wconf 90' lang='lat' dir='ltr'><strong>autem,</strong></span> <span class='ocrx_word' id='word_1_459' title='bbox 2901 2740 3254 2793; x_wconf 84' lang='lat' dir='ltr'><strong>caliditatem.</strong></span> <span class='ocrx_word' id='word_1_460' title='bbox 3289 2740 3444 2794; x_wconf 81' lang='lat' dir='ltr'><strong>Ratio</strong></span> <span class='ocrx_word' id='word_1_461' title='bbox 3467 2750 3649 2795; x_wconf 85' lang='lat' dir='ltr'><strong>autem</strong></span> 
     </span>
    </p>
   </div>
   <div class='ocr_carea' id='block_1_59' title="bbox 2080 2830 3651 2904">
    <p class='ocr_par' dir='ltr' id='par_1_59' title="bbox 2080 2830 3651 2904">
     <span class='ocr_line' id='line_1_59' title="bbox 2080 2830 3651 2904; baseline 0.003 -21"><span class='ocrx_word' id='word_1_462' title='bbox 2080 2830 2148 2884; x_wconf 86' lang='lat' dir='ltr'><strong>ad</strong></span> <span class='ocrx_word' id='word_1_463' title='bbox 2180 2844 2301 2884; x_wconf 89' lang='lat' dir='ltr'><strong>eum</strong></span> <span class='ocrx_word' id='word_1_464' title='bbox 2333 2844 2490 2899; x_wconf 88' lang='lat' dir='ltr'><strong>quem</strong></span> <span class='ocrx_word' id='word_1_465' title='bbox 2513 2832 2746 2886; x_wconf 82' lang='lat' dir='ltr'><strong>diximus</strong></span> <span class='ocrx_word' id='word_1_466' title='bbox 2768 2837 2981 2885; x_wconf 85' lang='lat' dir='ltr'><strong>modum</strong></span> <span class='ocrx_word' id='word_1_467' title='bbox 3006 2832 3191 2887; x_wconf 69' lang='lat' dir='ltr'><strong>isthmc</strong></span> <span class='ocrx_word' id='word_1_468' title='bbox 3237 2832 3348 2903; x_wconf 75' lang='lat'><strong>38</strong></span> <span class='ocrx_word' id='word_1_469' title='bbox 3398 2842 3651 2904; x_wconf 89' lang='lat' dir='ltr'><strong>tanquam</strong></span> 
     </span>
    </p>
   </div>
   <div class='ocr_carea' id='block_1_60' title="bbox 2078 2923 3647 2994">
    <p class='ocr_par' dir='ltr' id='par_1_60' title="bbox 2078 2923 3647 2994">
     <span class='ocr_line' id='line_1_60' title="bbox 2078 2923 3647 2994; baseline 0.001 -16"><span class='ocrx_word' id='word_1_470' title='bbox 2078 2923 2251 2994; x_wconf 88' lang='lat' dir='ltr'><strong>prima</strong></span> <span class='ocrx_word' id='word_1_471' title='bbox 2285 2937 2465 2977; x_wconf 90' lang='lat' dir='ltr'><strong>rerum</strong></span> <span class='ocrx_word' id='word_1_472' title='bbox 2512 2924 2929 2994; x_wconf 88' lang='lat' dir='ltr'><strong>compositarum</strong></span> <span class='ocrx_word' id='word_1_473' title='bbox 2980 2924 3244 2979; x_wconf 87' lang='lat' dir='ltr'><strong>elementa</strong></span> <span class='ocrx_word' id='word_1_474' title='bbox 3291 2926 3647 2994; x_wconf 86' lang='lat' dir='ltr'><strong>speculatur:</strong></span> 
     </span>
    </p>
   </div>
   <div class='ocr_carea' id='block_1_61' title="bbox 2079 3015 3651 3085">
    <p class='ocr_par' dir='ltr' id='par_1_61' title="bbox 2079 3015 3651 3085">
     <span class='ocr_line' id='line_1_61' title="bbox 2079 3015 3651 3085; baseline 0.001 -15"><span class='ocrx_word' id='word_1_475' title='bbox 2079 3030 2199 3085; x_wconf 60' lang='lat' dir='ltr'><strong>quae</strong></span> <span class='ocrx_word' id='word_1_476' title='bbox 2226 3031 2357 3071; x_wconf 92' lang='lat' dir='ltr'><strong>vero</strong></span> <span class='ocrx_word' id='word_1_477' title='bbox 2400 3015 2510 3084; x_wconf 85' lang='lat' dir='ltr'><strong>jam</strong></span> <span class='ocrx_word' id='word_1_478' title='bbox 2551 3016 2606 3069; x_wconf 82' lang='lat' dir='ltr'><strong>in</strong></span> <span class='ocrx_word' id='word_1_479' title='bbox 2650 3016 2968 3085; x_wconf 85' lang='lat' dir='ltr'><strong>corporibus</strong></span> <span class='ocrx_word' id='word_1_480' title='bbox 3012 3016 3216 3085; x_wconf 86' lang='lat' dir='ltr'><strong>digesta</strong></span> <span class='ocrx_word' id='word_1_481' title='bbox 3260 3027 3405 3079; x_wconf 89' lang='lat' dir='ltr'><strong>sunt,</strong></span> <span class='ocrx_word' id='word_1_482' title='bbox 3449 3026 3504 3071; x_wconf 91' lang='lat' dir='ltr'><strong>et</strong></span> <span class='ocrx_word' id='word_1_483' title='bbox 3550 3017 3651 3072; x_wconf 81' lang='lat' dir='ltr'><strong>sub</strong></span> 
     </span>
    </p>
   </div>
   <div class='ocr_carea' id='block_1_62' title="bbox 2081 3106 3650 3177">
    <p class='ocr_par' dir='ltr' id='par_1_62' title="bbox 2081 3106 3650 3177">
     <span class='ocr_line' id='line_1_62' title="bbox 2081 3106 3650 3177; baseline 0 -15"><span class='ocrx_word' id='word_1_484' title='bbox 2081 3122 2300 3163; x_wconf 89' lang='lat' dir='ltr'><strong>sensum</strong></span> <span class='ocrx_word' id='word_1_485' title='bbox 2329 3109 2548 3174; x_wconf 83' lang='lat' dir='ltr'><strong>cadunt,</strong></span> <span class='ocrx_word' id='word_1_486' title='bbox 2590 3107 2905 3177; x_wconf 83' lang='lat' dir='ltr'><strong>eonjunctas</strong></span> <span class='ocrx_word' id='word_1_487' title='bbox 2941 3107 3082 3160; x_wconf 86' lang='lat' dir='ltr'><strong>inter</strong></span> <span class='ocrx_word' id='word_1_488' title='bbox 3111 3122 3170 3163; x_wconf 89' lang='lat' dir='ltr'><strong>se</strong></span> <span class='ocrx_word' id='word_1_489' title='bbox 3216 3106 3507 3177; x_wconf 79' lang='lat' dir='ltr'><strong>qualitates</strong></span> <span class='ocrx_word' id='word_1_490' title='bbox 3554 3107 3650 3162; x_wconf 72' lang='lat' dir='ltr'><strong>lia-</strong></span> 
     </span>
    </p>
   </div>
   <div class='ocr_carea' id='block_1_63' title="bbox 2079 3196 3651 3268">
    <p class='ocr_par' dir='ltr' id='par_1_63' title="bbox 2079 3196 3651 3268">
     <span class='ocr_line' id='line_1_63' title="bbox 2079 3196 3651 3268; baseline -0.001 -15"><span class='ocrx_word' id='word_1_491' title='bbox 2079 3199 2224 3253; x_wconf 89' lang='lat' dir='ltr'><strong>bent.</strong></span> <span class='ocrx_word' id='word_1_492' title='bbox 2240 3196 2349 3253; x_wconf 88' lang='lat' dir='ltr'><strong>Nec</strong></span> <span class='ocrx_word' id='word_1_493' title='bbox 2365 3198 2656 3268; x_wconf 86' lang='lat' dir='ltr'><strong>quidquam</strong></span> <span class='ocrx_word' id='word_1_494' title='bbox 2673 3213 2859 3252; x_wconf 89' lang='lat' dir='ltr'><strong>eorum</strong></span> <span class='ocrx_word' id='word_1_495' title='bbox 2878 3212 2998 3266; x_wconf 64' lang='lat' dir='ltr'><strong>quae</strong></span> <span class='ocrx_word' id='word_1_496' title='bbox 3018 3197 3155 3251; x_wconf 85' lang='lat' dir='ltr'><strong>visui</strong></span> <span class='ocrx_word' id='word_1_497' title='bbox 3179 3213 3240 3251; x_wconf 87' lang='lat' dir='ltr'><strong>ac</strong></span> <span class='ocrx_word' id='word_1_498' title='bbox 3258 3198 3504 3252; x_wconf 86' lang='lat' dir='ltr'><strong>sensibus</strong></span> <span class='ocrx_word' id='word_1_499' title='bbox 3524 3198 3651 3252; x_wconf 82' lang='lat' dir='ltr'><strong>sub-</strong></span> 
     </span>
    </p>
   </div>
   <div class='ocr_carea' id='block_1_64' title="bbox 405 3288 1978 3370">
    <p class='ocr_par' dir='ltr' id='par_1_64' title="bbox 405 3288 1975 3362">
     <span class='ocr_line' id='line_1_64' title="bbox 405 3288 1975 3362; baseline 0.001 -19"><span class='ocrx_word' id='word_1_500' title='bbox 405 3290 593 3362; x_wconf 79' lang='grc' dir='ltr'>σθήσει</span> <span class='ocrx_word' id='word_1_501' title='bbox 622 3290 1052 3361; x_wconf 79' lang='grc' dir='ltr'>συνεζευγμένας</span> <span class='ocrx_word' id='word_1_502' title='bbox 1076 3289 1188 3360; x_wconf 75' lang='grc' dir='ltr'>ἔχει</span> <span class='ocrx_word' id='word_1_503' title='bbox 1211 3288 1310 3353; x_wconf 83' lang='grc' dir='ltr'>τὰς</span> <span class='ocrx_word' id='word_1_504' title='bbox 1339 3289 1649 3361; x_wconf 87' lang='grc' dir='ltr'>ποιότητας.</span> <span class='ocrx_word' id='word_1_505' title='bbox 1684 3290 1796 3344; x_wconf 78' lang='grc' dir='ltr'><strong>Καὶ</strong></span> <span class='ocrx_word' id='word_1_506' title='bbox 1823 3291 1975 3344; x_wconf 77' lang='grc' dir='ltr'>οὐδὲν</span> 
     </span>
    </p>
   </div>
   <div class='ocr_carea' id='block_1_65' title="bbox 2078 3288 3648 3370">
    <p class='ocr_par' dir='ltr' id='par_1_65' title="bbox 2078 3288 3648 3362">
     <span class='ocr_line' id='line_1_65' title="bbox 2078 3288 3648 3362; baseline -0.002 -16"><span class='ocrx_word' id='word_1_507' title='bbox 2078 3291 2274 3362; x_wconf 86' lang='lat' dir='ltr'><strong>iacent,</strong></span> <span class='ocrx_word' id='word_1_508' title='bbox 2309 3300 2391 3346; x_wconf 89' lang='lat' dir='ltr'><strong>est</strong></span> <span class='ocrx_word' id='word_1_509' title='bbox 2414 3289 2659 3345; x_wconf 87' lang='lat' dir='ltr'><strong>absolute</strong></span> <span class='ocrx_word' id='word_1_510' title='bbox 2697 3289 2989 3358; x_wconf 87' lang='lat' dir='ltr'><strong>singulare,</strong></span> <span class='ocrx_word' id='word_1_511' title='bbox 3019 3298 3114 3343; x_wconf 90' lang='lat' dir='ltr'><strong>aut</strong></span> <span class='ocrx_word' id='word_1_512' title='bbox 3143 3288 3394 3357; x_wconf 76' lang='lat' dir='ltr'><strong>simplex,</strong></span> <span class='ocrx_word' id='word_1_513' title='bbox 3426 3298 3518 3343; x_wconf 91' lang='lat' dir='ltr'><strong>aut</strong></span> <span class='ocrx_word' id='word_1_514' title='bbox 3543 3303 3648 3357; x_wconf 84' lang='lat' dir='ltr'><strong>pu-</strong></span> 
     </span>
    </p>
   </div>
   <div class='ocr_carea' id='block_1_66' title="bbox 403 3380 1973 3451">
    <p class='ocr_par' dir='ltr' id='par_1_66' title="bbox 403 3380 1973 3451">
     <span class='ocr_line' id='line_1_66' title="bbox 403 3380 1973 3451; baseline 0.001 -16"><span class='ocrx_word' id='word_1_515' title='bbox 403 3380 638 3435; x_wconf 80' lang='grc' dir='ltr'>ἀπολελυ</span> <span class='ocrx_word' id='word_1_516' title='bbox 647 3380 821 3451; x_wconf 83' lang='grc' dir='ltr'>μένως</span> <span class='ocrx_word' id='word_1_517' title='bbox 872 3382 989 3442; x_wconf 69' lang='grc' dir='ltr'>ἐστὶ</span> <span class='ocrx_word' id='word_1_518' title='bbox 1043 3380 1272 3451; x_wconf 85' lang='grc' dir='ltr'>μοναχὸν</span> <span class='ocrx_word' id='word_1_519' title='bbox 1305 3380 1425 3434; x_wconf 82' lang='grc' dir='ltr'>οὐδὲ</span> <span class='ocrx_word' id='word_1_520' title='bbox 1455 3380 1657 3434; x_wconf 88' lang='grc' dir='ltr'>ἁπλοῦν</span> <span class='ocrx_word' id='word_1_521' title='bbox 1708 3384 1802 3435; x_wconf 79' lang='grc' dir='ltr'>καὶ</span> <span class='ocrx_word' id='word_1_522' title='bbox 1841 3382 1973 3436; x_wconf 79' lang='grc' dir='ltr'>εἱλι-</span> 
     </span>
    </p>
   </div>
   <div class='ocr_carea' id='block_1_67' title="bbox 405 3472 1974 3546">
    <p class='ocr_par' dir='ltr' id='par_1_67' title="bbox 405 3472 1974 3546">
     <span class='ocr_line' id='line_1_67' title="bbox 405 3472 1974 3546; baseline 0.003 -22"><span class='ocrx_word' id='word_1_523' title='bbox 405 3473 590 3544; x_wconf 81' lang='grc' dir='ltr'>κρινὲς</span> <span class='ocrx_word' id='word_1_524' title='bbox 622 3472 731 3525; x_wconf 83' lang='grc' dir='ltr'><strong>τῶν</strong></span> <span class='ocrx_word' id='word_1_525' title='bbox 782 3472 1072 3542; x_wconf 85' lang='grc' dir='ltr'>ὁρωμένων</span> <span class='ocrx_word' id='word_1_526' title='bbox 1128 3474 1223 3527; x_wconf 82' lang='grc' dir='ltr'><strong>καὶ</strong></span> <span class='ocrx_word' id='word_1_527' title='bbox 1276 3473 1580 3544; x_wconf 60' lang='grc' dir='ltr'>αἰσθητῶν</span> <span class='ocrx_word' id='word_1_528' title='bbox 1643 3474 1756 3527; x_wconf 81' lang='grc' dir='ltr'>ἀλλ’</span> <span class='ocrx_word' id='word_1_529' title='bbox 1804 3477 1838 3546; x_wconf 78' lang='grc' dir='ltr'><strong>η</strong></span> <span class='ocrx_word' id='word_1_530' title='bbox 1875 3476 1974 3545; x_wconf 87' lang='grc' dir='ltr'>μὲν</span> 
     </span>
    </p>
   </div>
   <div class='ocr_carea' id='block_1_68' title="bbox 406 3561 1972 3640">
    <p class='ocr_par' dir='ltr' id='par_1_68' title="bbox 406 3561 1972 3640">
     <span class='ocr_line' id='line_1_68' title="bbox 406 3561 1972 3640; baseline 0.001 -21"><span class='ocrx_word' id='word_1_531' title='bbox 406 3562 650 3634; x_wconf 61' lang='grc' dir='ltr'>γῆξηρὰ</span> <span class='ocrx_word' id='word_1_532' title='bbox 685 3563 780 3616; x_wconf 77' lang='grc' dir='ltr'><strong>καὶ</strong></span> <span class='ocrx_word' id='word_1_533' title='bbox 811 3561 1014 3634; x_wconf 80' lang='grc' dir='ltr'>ψυχρὰ,</span> <span class='ocrx_word' id='word_1_534' title='bbox 1042 3563 1104 3616; x_wconf 83' lang='grc' dir='ltr'><strong>τὸ</strong></span> <span class='ocrx_word' id='word_1_535' title='bbox 1148 3564 1206 3617; x_wconf 80' lang='grc' dir='ltr'><strong>δὲ</strong></span> <span class='ocrx_word' id='word_1_536' title='bbox 1238 3563 1382 3636; x_wconf 78' lang='grc' dir='ltr'>ὕδωρ</span> <span class='ocrx_word' id='word_1_537' title='bbox 1412 3565 1576 3634; x_wconf 76' lang='grc' dir='ltr'>ὑγρὸν</span> <span class='ocrx_word' id='word_1_538' title='bbox 1609 3567 1703 3619; x_wconf 77' lang='grc' dir='ltr'><strong>καὶ</strong></span> <span class='ocrx_word' id='word_1_539' title='bbox 1746 3566 1972 3640; x_wconf 78' lang='grc' dir='ltr'>ψυχρὸν,</span> 
     </span>
    </p>
   </div>
   <div class='ocr_carea' id='block_1_69' title="bbox 404 3653 1975 3728">
    <p class='ocr_par' dir='ltr' id='par_1_69' title="bbox 404 3653 1975 3728">
     <span class='ocr_line' id='line_1_69' title="bbox 404 3653 1975 3728; baseline 0.002 -20"><span class='ocrx_word' id='word_1_540' title='bbox 404 3657 434 3708; x_wconf 85' lang='grc' dir='ltr'><strong>ὁ</strong></span> <span class='ocrx_word' id='word_1_541' title='bbox 465 3653 525 3708; x_wconf 78' lang='grc' dir='ltr'><strong>δὲ</strong></span> <span class='ocrx_word' id='word_1_542' title='bbox 547 3653 654 3724; x_wconf 84' lang='grc' dir='ltr'><strong>ἀὴρ</strong></span> <span class='ocrx_word' id='word_1_543' title='bbox 687 3653 885 3725; x_wconf 84' lang='grc' dir='ltr'>θερμὸς</span> <span class='ocrx_word' id='word_1_544' title='bbox 914 3655 1008 3707; x_wconf 77' lang='grc' dir='ltr'><strong>καὶ</strong></span> <span class='ocrx_word' id='word_1_545' title='bbox 1039 3654 1224 3725; x_wconf 78' lang='grc' dir='ltr'>ὑγρὸς,</span> <span class='ocrx_word' id='word_1_546' title='bbox 1275 3655 1335 3708; x_wconf 86' lang='grc' dir='ltr'><strong>τὸ</strong></span> <span class='ocrx_word' id='word_1_547' title='bbox 1380 3655 1436 3709; x_wconf 87' lang='grc' dir='ltr'><strong>δὲ</strong></span> <span class='ocrx_word' id='word_1_548' title='bbox 1474 3656 1588 3725; x_wconf 90' lang='grc' dir='ltr'><strong>πῦρ</strong></span> <span class='ocrx_word' id='word_1_549' title='bbox 1633 3656 1833 3728; x_wconf 85' lang='grc' dir='ltr'>θερμὸν</span> <span class='ocrx_word' id='word_1_550' title='bbox 1881 3659 1975 3711; x_wconf 72' lang='grc' dir='ltr'><strong>καὶ</strong></span> 
     </span>
    </p>
   </div>
   <div class='ocr_carea' id='block_1_70' title="bbox 404 3743 1974 3820">
    <p class='ocr_par' dir='ltr' id='par_1_70' title="bbox 404 3743 1974 3820">
     <span class='ocr_line' id='line_1_70' title="bbox 404 3743 1974 3820; baseline 0.001 -19"><span class='ocrx_word' id='word_1_551' title='bbox 404 3747 588 3819; x_wconf 70' lang='grc' dir='ltr'>ξηρόν.</span> <span class='ocrx_word' id='word_1_552' title='bbox 637 3745 792 3800; x_wconf 78' lang='grc' dir='ltr'>Οὕτω</span> <span class='ocrx_word' id='word_1_553' title='bbox 843 3745 953 3818; x_wconf 87' lang='grc' dir='ltr'>γὰρ</span> <span class='ocrx_word' id='word_1_554' title='bbox 999 3746 1089 3800; x_wconf 83' lang='grc' dir='ltr'>διὰ</span> <span class='ocrx_word' id='word_1_555' title='bbox 1148 3748 1246 3817; x_wconf 85' lang='grc' dir='ltr'><strong>τῆς</strong></span> <span class='ocrx_word' id='word_1_556' title='bbox 1304 3746 1541 3817; x_wconf 84' lang='grc' dir='ltr'>συζύγου</span> <span class='ocrx_word' id='word_1_557' title='bbox 1599 3743 1898 3820; x_wconf 60' lang='grc' dir='ltr'>ποιότητεξ</span> <span class='ocrx_word' id='word_1_558' title='bbox 1941 3751 1974 3820; x_wconf 73' lang='grc' dir='ltr'>ἡ</span> 
     </span>
    </p>
   </div>
   <div class='ocr_carea' id='block_1_71' title="bbox 401 3820 1976 3910">
    <p class='ocr_par' dir='ltr' id='par_1_71' title="bbox 401 3820 1976 3910">
     <span class='ocr_line' id='line_1_71' title="bbox 401 3820 1976 3910; baseline -0.002 -16"><span class='ocrx_word' id='word_1_559' title='bbox 401 3820 633 3909; x_wconf 67' lang='grc' dir='ltr'>δύναμιξ</span> <span class='ocrx_word' id='word_1_560' title='bbox 679 3838 1011 3909; x_wconf 87' lang='grc' dir='ltr'>προέρχεται</span> <span class='ocrx_word' id='word_1_561' title='bbox 1046 3838 1156 3908; x_wconf 84' lang='grc'>(97)</span> <span class='ocrx_word' id='word_1_562' title='bbox 1189 3837 1280 3891; x_wconf 86' lang='grc' dir='ltr'><strong>τοῦ</strong></span> <span class='ocrx_word' id='word_1_563' title='bbox 1337 3839 1702 3909; x_wconf 80' lang='grc' dir='ltr'>ἀναμιχθῆναι</span> <span class='ocrx_word' id='word_1_564' title='bbox 1762 3839 1976 3910; x_wconf 80' lang='grc' dir='ltr'>ἑκάστῳ</span> 
     </span>
    </p>
   </div>
   <div class='ocr_carea' id='block_1_72' title="bbox 403 3926 1977 3999">
    <p class='ocr_par' dir='ltr' id='par_1_72' title="bbox 403 3926 1977 3999">
     <span class='ocr_line' id='line_1_72' title="bbox 403 3926 1977 3999; baseline 0 -18"><span class='ocrx_word' id='word_1_565' title='bbox 403 3929 540 3999; x_wconf 81' lang='grc' dir='ltr'>πρὸς</span> <span class='ocrx_word' id='word_1_566' title='bbox 585 3928 809 3982; x_wconf 78' lang='grc' dir='ltr'>ἕκαστον</span> <span class='ocrx_word' id='word_1_567' title='bbox 832 3944 845 3957; x_wconf 74' lang='grc'><strong><em>⁸</em></strong></span> <span class='ocrx_word' id='word_1_568' title='bbox 879 3926 959 3998; x_wconf 82' lang='grc' dir='ltr'>τῷ</span> <span class='ocrx_word' id='word_1_569' title='bbox 1007 3944 1067 3980; x_wconf 86' lang='grc' dir='ltr'><strong>τε</strong></span> <span class='ocrx_word' id='word_1_570' title='bbox 1094 3927 1203 3999; x_wconf 85' lang='grc' dir='ltr'>γὰρ</span> <span class='ocrx_word' id='word_1_571' title='bbox 1229 3928 1431 3997; x_wconf 85' lang='grc' dir='ltr'>γείτονι</span> <span class='ocrx_word' id='word_1_572' title='bbox 1466 3928 1711 3999; x_wconf 84' lang='grc' dir='ltr'>στοιχείῳ</span> <span class='ocrx_word' id='word_1_573' title='bbox 1738 3928 1825 3981; x_wconf 76' lang='grc' dir='ltr'>διὰ</span> <span class='ocrx_word' id='word_1_574' title='bbox 1876 3928 1977 3998; x_wconf 77' lang='grc' dir='ltr'>τῆς</span> 
     </span>
    </p>
   </div>
   <div class='ocr_carea' id='block_1_73' title="bbox 403 4020 1976 4093">
    <p class='ocr_par' dir='ltr' id='par_1_73' title="bbox 403 4020 1976 4093">
     <span class='ocr_line' id='line_1_73' title="bbox 403 4020 1976 4093; baseline -0.003 -16"><span class='ocrx_word' id='word_1_575' title='bbox 403 4023 588 4091; x_wconf 82' lang='grc' dir='ltr'>κοινῆς</span> <span class='ocrx_word' id='word_1_576' title='bbox 617 4021 900 4093; x_wconf 80' lang='grc' dir='ltr'>ποιότητος</span> <span class='ocrx_word' id='word_1_577' title='bbox 926 4021 1159 4074; x_wconf 69' lang='grc' dir='ltr'>ἕκαστον</span> <span class='ocrx_word' id='word_1_578' title='bbox 1216 4021 1593 4091; x_wconf 85' lang='grc' dir='ltr'>ἀνακίρναται,</span> <span class='ocrx_word' id='word_1_579' title='bbox 1634 4022 1730 4073; x_wconf 75' lang='grc' dir='ltr'><strong>καὶ</strong></span> <span class='ocrx_word' id='word_1_580' title='bbox 1765 4020 1854 4074; x_wconf 84' lang='grc' dir='ltr'><strong>διὰ</strong></span> <span class='ocrx_word' id='word_1_581' title='bbox 1878 4022 1976 4092; x_wconf 81' lang='grc' dir='ltr'><strong>τῆς</strong></span> 
     </span>
    </p>
   </div>
   <div class='ocr_carea' id='block_1_74' title="bbox 404 4112 1974 4184">
    <p class='ocr_par' dir='ltr' id='par_1_74' title="bbox 404 4112 1974 4184">
     <span class='ocr_line' id='line_1_74' title="bbox 404 4112 1974 4184; baseline 0.001 -18"><span class='ocrx_word' id='word_1_582' title='bbox 404 4114 543 4184; x_wconf 82' lang='grc' dir='ltr'>πρὸς</span> <span class='ocrx_word' id='word_1_583' title='bbox 589 4116 650 4167; x_wconf 85' lang='grc' dir='ltr'><strong>τὸ</strong></span> <span class='ocrx_word' id='word_1_584' title='bbox 705 4114 970 4182; x_wconf 85' lang='grc' dir='ltr'>σύνεγγυς</span> <span class='ocrx_word' id='word_1_585' title='bbox 1018 4112 1302 4176; x_wconf 82' lang='grc' dir='ltr'>κοινωνίας</span> <span class='ocrx_word' id='word_1_586' title='bbox 1351 4113 1428 4183; x_wconf 81' lang='grc' dir='ltr'>τῷ</span> <span class='ocrx_word' id='word_1_587' title='bbox 1467 4112 1832 4183; x_wconf 82' lang='grc' dir='ltr'>ἀντικειμένῳ</span> <span class='ocrx_word' id='word_1_588' title='bbox 1865 4114 1974 4183; x_wconf 87' lang='grc'><strong>(98)</strong></span> 
     </span>
    </p>
   </div>
   <div class='ocr_carea' id='block_1_75' title="bbox 408 4200 1974 4276">
    <p class='ocr_par' dir='ltr' id='par_1_75' title="bbox 408 4200 1974 4276">
     <span class='ocr_line' id='line_1_75' title="bbox 408 4200 1974 4276; baseline 0 -19"><span class='ocrx_word' id='word_1_589' title='bbox 408 4205 759 4260; x_wconf 84' lang='grc' dir='ltr'>συνάπτεται.</span> <span class='ocrx_word' id='word_1_590' title='bbox 821 4202 968 4271; x_wconf 78' lang='grc' dir='ltr'>Οἷον,</span> <span class='ocrx_word' id='word_1_591' title='bbox 1030 4207 1065 4276; x_wconf 81' lang='grc' dir='ltr'><strong>ἡ</strong></span> <span class='ocrx_word' id='word_1_592' title='bbox 1112 4205 1203 4275; x_wconf 81' lang='grc' dir='ltr'><strong>γῆ,</strong></span> <span class='ocrx_word' id='word_1_593' title='bbox 1238 4203 1379 4275; x_wconf 81' lang='grc' dir='ltr'><strong>ξηρά</strong></span> <span class='ocrx_word' id='word_1_594' title='bbox 1438 4200 1573 4258; x_wconf 81' lang='grc' dir='ltr'>οῦσα</span> <span class='ocrx_word' id='word_1_595' title='bbox 1626 4206 1721 4258; x_wconf 76' lang='grc' dir='ltr'><strong>καὶ</strong></span> <span class='ocrx_word' id='word_1_596' title='bbox 1774 4200 1974 4276; x_wconf 73' lang='grc' dir='ltr'>ψυχρὰ,</span> 
     </span>
    </p>
   </div>
   <div class='ocr_carea' id='block_1_76' title="bbox 406 4293 1980 4365">
    <p class='ocr_par' dir='ltr' id='par_1_76' title="bbox 406 4293 1980 4365">
     <span class='ocr_line' id='line_1_76' title="bbox 406 4293 1980 4365; baseline -0.001 -19"><span class='ocrx_word' id='word_1_597' title='bbox 406 4293 620 4347; x_wconf 78' lang='grc' dir='ltr'>ἑνοῦται</span> <span class='ocrx_word' id='word_1_598' title='bbox 652 4295 748 4364; x_wconf 82' lang='grc' dir='ltr'><strong>μὲν</strong></span> <span class='ocrx_word' id='word_1_599' title='bbox 773 4294 851 4365; x_wconf 83' lang='grc' dir='ltr'>τῷ</span> <span class='ocrx_word' id='word_1_600' title='bbox 885 4294 1036 4348; x_wconf 76' lang='grc' dir='ltr'>ὕδατι</span> <span class='ocrx_word' id='word_1_601' title='bbox 1067 4294 1210 4348; x_wconf 78' lang='grc' dir='ltr'>κατὰ</span> <span class='ocrx_word' id='word_1_602' title='bbox 1248 4294 1348 4365; x_wconf 79' lang='grc' dir='ltr'><strong>τὴν</strong></span> <span class='ocrx_word' id='word_1_603' title='bbox 1379 4296 1696 4363; x_wconf 85' lang='grc' dir='ltr'>συγγένειαν</span> <span class='ocrx_word' id='word_1_604' title='bbox 1724 4293 1833 4364; x_wconf 81' lang='grc' dir='ltr'><strong>τῆς</strong></span> <span class='ocrx_word' id='word_1_605' title='bbox 1866 4299 1980 4364; x_wconf 66' lang='grc' dir='ltr'><strong>ψυ-</strong></span> 
     </span>
    </p>
   </div>
   <div class='ocr_carea' id='block_1_77' title="bbox 407 4383 1977 4459">
    <p class='ocr_par' dir='ltr' id='par_1_77' title="bbox 407 4383 1977 4459">
     <span class='ocr_line' id='line_1_77' title="bbox 407 4383 1977 4459; baseline 0.004 -26"><span class='ocrx_word' id='word_1_606' title='bbox 407 4383 718 4451; x_wconf 84' lang='grc' dir='ltr'>χρότητος,</span> <span class='ocrx_word' id='word_1_607' title='bbox 747 4383 962 4442; x_wconf 76' lang='grc' dir='ltr'>ἑνοῦται</span> <span class='ocrx_word' id='word_1_608' title='bbox 991 4384 1049 4438; x_wconf 78' lang='grc' dir='ltr'><strong>δὲ</strong></span> <span class='ocrx_word' id='word_1_609' title='bbox 1075 4384 1164 4439; x_wconf 88' lang='grc' dir='ltr'>διά</span> <span class='ocrx_word' id='word_1_610' title='bbox 1182 4384 1276 4438; x_wconf 90' lang='grc' dir='ltr'><strong>τοῦ</strong></span> <span class='ocrx_word' id='word_1_611' title='bbox 1300 4384 1491 4450; x_wconf 74' lang='grc' dir='ltr'>ὕδατος</span> <span class='ocrx_word' id='word_1_612' title='bbox 1516 4385 1592 4457; x_wconf 82' lang='grc' dir='ltr'>τῷ</span> <span class='ocrx_word' id='word_1_613' title='bbox 1608 4387 1730 4458; x_wconf 88' lang='grc' dir='ltr'>ἀέρι</span> <span class='ocrx_word' id='word_1_614' title='bbox 1748 4405 1759 4417; x_wconf 73' lang='grc' dir='ltr'><strong><em>ο</em></strong></span> <span class='ocrx_word' id='word_1_615' title='bbox 1793 4387 1977 4459; x_wconf 79' lang='grc' dir='ltr'>ἐπειδὴ</span> 
     </span>
    </p>
   </div>
   <div class='ocr_carea' id='block_1_78' title="bbox 2075 3379 3649 3448">
    <p class='ocr_par' dir='ltr' id='par_1_78' title="bbox 2075 3379 3649 3448">
     <span class='ocr_line' id='line_1_78' title="bbox 2075 3379 3649 3448; baseline -0.002 -10"><span class='ocrx_word' id='word_1_616' title='bbox 2075 3399 2226 3438; x_wconf 90' lang='lat' dir='ltr'><strong>rum:</strong></span> <span class='ocrx_word' id='word_1_617' title='bbox 2268 3383 2360 3436; x_wconf 90' lang='lat' dir='ltr'><strong>sed</strong></span> <span class='ocrx_word' id='word_1_618' title='bbox 2413 3388 2557 3436; x_wconf 87' lang='lat' dir='ltr'><strong>terra</strong></span> <span class='ocrx_word' id='word_1_619' title='bbox 2585 3380 2798 3448; x_wconf 87' lang='lat' dir='ltr'><strong>quidem</strong></span> <span class='ocrx_word' id='word_1_620' title='bbox 2849 3380 2997 3433; x_wconf 89' lang='lat' dir='ltr'><strong>arida</strong></span> <span class='ocrx_word' id='word_1_621' title='bbox 3027 3389 3083 3434; x_wconf 89' lang='lat' dir='ltr'><strong>et</strong></span> <span class='ocrx_word' id='word_1_622' title='bbox 3122 3379 3318 3447; x_wconf 77' lang='lat' dir='ltr'><strong>frigida</strong></span> <span class='ocrx_word' id='word_1_623' title='bbox 3358 3390 3475 3434; x_wconf 85' lang='lat' dir='ltr'><strong>est:</strong></span> <span class='ocrx_word' id='word_1_624' title='bbox 3509 3394 3649 3448; x_wconf 85' lang='lat' dir='ltr'><strong>aqua</strong></span> 
     </span>
    </p>
   </div>
   <div class='ocr_carea' id='block_1_79' title="bbox 2074 3470 3648 3542">
    <p class='ocr_par' dir='ltr' id='par_1_79' title="bbox 2074 3470 3648 3542">
     <span class='ocr_line' id='line_1_79' title="bbox 2074 3470 3648 3542; baseline -0.004 -13"><span class='ocrx_word' id='word_1_625' title='bbox 2074 3490 2204 3529; x_wconf 89' lang='lat' dir='ltr'><strong>vero</strong></span> <span class='ocrx_word' id='word_1_626' title='bbox 2242 3473 2459 3529; x_wconf 91' lang='lat' dir='ltr'><strong>humida</strong></span> <span class='ocrx_word' id='word_1_627' title='bbox 2510 3483 2565 3527; x_wconf 91' lang='lat' dir='ltr'><strong>et</strong></span> <span class='ocrx_word' id='word_1_628' title='bbox 2593 3472 2820 3542; x_wconf 82' lang='lat' dir='ltr'><strong>frigida:</strong></span> <span class='ocrx_word' id='word_1_629' title='bbox 2862 3484 3052 3525; x_wconf 86' lang='lat' dir='ltr'><strong>rursus</strong></span> <span class='ocrx_word' id='word_1_630' title='bbox 3098 3485 3192 3524; x_wconf 91' lang='lat' dir='ltr'><strong>aer</strong></span> <span class='ocrx_word' id='word_1_631' title='bbox 3216 3470 3419 3525; x_wconf 88' lang='lat' dir='ltr'><strong>calidus</strong></span> <span class='ocrx_word' id='word_1_632' title='bbox 3450 3480 3506 3525; x_wconf 85' lang='lat' dir='ltr'><strong>et</strong></span> <span class='ocrx_word' id='word_1_633' title='bbox 3546 3472 3648 3525; x_wconf 86' lang='lat' dir='ltr'><strong>bu-</strong></span> 
     </span>
    </p>
   </div>
   <div class='ocr_carea' id='block_1_80' title="bbox 2076 3558 3651 3634">
    <p class='ocr_par' dir='ltr' id='par_1_80' title="bbox 2076 3558 3651 3634">
     <span class='ocr_line' id='line_1_80' title="bbox 2076 3558 3651 3634; baseline -0.003 -14"><span class='ocrx_word' id='word_1_634' title='bbox 2076 3565 2272 3630; x_wconf 87' lang='lat' dir='ltr'><strong>midus,</strong></span> <span class='ocrx_word' id='word_1_635' title='bbox 2301 3564 2439 3634; x_wconf 83' lang='lat' dir='ltr'><strong>ignis</strong></span> <span class='ocrx_word' id='word_1_636' title='bbox 2461 3571 2640 3616; x_wconf 91' lang='lat' dir='ltr'><strong>autem</strong></span> <span class='ocrx_word' id='word_1_637' title='bbox 2666 3561 2872 3616; x_wconf 86' lang='lat' dir='ltr'><strong>calidus</strong></span> <span class='ocrx_word' id='word_1_638' title='bbox 2901 3568 2957 3615; x_wconf 82' lang='lat' dir='ltr'><strong>et</strong></span> <span class='ocrx_word' id='word_1_639' title='bbox 3000 3560 3199 3615; x_wconf 87' lang='lat' dir='ltr'><strong>siccus.</strong></span> <span class='ocrx_word' id='word_1_640' title='bbox 3239 3558 3332 3613; x_wconf 91' lang='lat' dir='ltr'><strong>Sic</strong></span> <span class='ocrx_word' id='word_1_641' title='bbox 3358 3559 3502 3615; x_wconf 91' lang='lat' dir='ltr'><strong>enim</strong></span> <span class='ocrx_word' id='word_1_642' title='bbox 3552 3574 3651 3629; x_wconf 89' lang='lat' dir='ltr'><strong>per</strong></span> 
     </span>
    </p>
   </div>
   <div class='ocr_carea' id='block_1_81' title="bbox 2073 3650 3650 3727">
    <p class='ocr_par' dir='ltr' id='par_1_81' title="bbox 2073 3650 3650 3727">
     <span class='ocr_line' id='line_1_81' title="bbox 2073 3650 3650 3727; baseline -0.004 -16"><span class='ocrx_word' id='word_1_643' title='bbox 2073 3656 2413 3727; x_wconf 81' lang='lat' dir='ltr'><strong>conjugatam</strong></span> <span class='ocrx_word' id='word_1_644' title='bbox 2442 3653 2755 3722; x_wconf 85' lang='lat' dir='ltr'><strong>qualitatem</strong></span> <span class='ocrx_word' id='word_1_645' title='bbox 2787 3652 2995 3722; x_wconf 89' lang='lat' dir='ltr'><strong>singula</strong></span> <span class='ocrx_word' id='word_1_646' title='bbox 3026 3650 3253 3720; x_wconf 80' lang='lat' dir='ltr'><strong>singulis</strong></span> <span class='ocrx_word' id='word_1_647' title='bbox 3285 3659 3510 3720; x_wconf 88' lang='lat' dir='ltr'><strong>possunt</strong></span> <span class='ocrx_word' id='word_1_648' title='bbox 3529 3664 3650 3720; x_wconf 82' lang='lat' dir='ltr'><strong>per-</strong></span> 
     </span>
    </p>
   </div>
   <div class='ocr_carea' id='block_1_82' title="bbox 2077 3742 3653 3813">
    <p class='ocr_par' dir='ltr' id='par_1_82' title="bbox 2077 3742 3653 3813">
     <span class='ocr_line' id='line_1_82' title="bbox 2077 3742 3653 3813; baseline -0.002 -12"><span class='ocrx_word' id='word_1_649' title='bbox 2077 3746 2288 3802; x_wconf 84' lang='lat' dir='ltr'><strong>misceri</strong></span> <span class='ocrx_word' id='word_1_650' title='bbox 2336 3762 2350 3798; x_wconf 87' lang='lat'><strong>:</strong></span> <span class='ocrx_word' id='word_1_651' title='bbox 2408 3743 2668 3813; x_wconf 81' lang='lat' dir='ltr'><strong>siquidem</strong></span> <span class='ocrx_word' id='word_1_652' title='bbox 2702 3742 2883 3798; x_wconf 85' lang='lat' dir='ltr'><strong>vicino</strong></span> <span class='ocrx_word' id='word_1_653' title='bbox 2931 3742 3197 3797; x_wconf 90' lang='lat' dir='ltr'><strong>elemento</strong></span> <span class='ocrx_word' id='word_1_654' title='bbox 3227 3743 3653 3813; x_wconf 88' lang='lat' dir='ltr'><strong>unumquodque</strong></span> 
     </span>
    </p>
   </div>
   <div class='ocr_carea' id='block_1_83' title="bbox 2076 3835 3653 3904">
    <p class='ocr_par' dir='ltr' id='par_1_83' title="bbox 2076 3835 3653 3904">
     <span class='ocr_line' id='line_1_83' title="bbox 2076 3835 3653 3904; baseline -0.003 -11"><span class='ocrx_word' id='word_1_655' title='bbox 2076 3838 2454 3894; x_wconf 88' lang='lat' dir='ltr'><strong>commiscetur</strong></span> <span class='ocrx_word' id='word_1_656' title='bbox 2509 3850 2608 3904; x_wconf 87' lang='lat' dir='ltr'><strong>per</strong></span> <span class='ocrx_word' id='word_1_657' title='bbox 2664 3847 3002 3890; x_wconf 88' lang='lat' dir='ltr'><strong>communem</strong></span> <span class='ocrx_word' id='word_1_658' title='bbox 3053 3835 3405 3904; x_wconf 68' lang='lat' dir='ltr'><strong>qualitatem,</strong></span> <span class='ocrx_word' id='word_1_659' title='bbox 3458 3848 3513 3888; x_wconf 87' lang='lat' dir='ltr'><strong>et</strong></span> <span class='ocrx_word' id='word_1_660' title='bbox 3554 3849 3653 3903; x_wconf 86' lang='lat' dir='ltr'><strong>per</strong></span> 
     </span>
    </p>
   </div>
   <div class='ocr_carea' id='block_1_84' title="bbox 2075 3923 3651 3998">
    <p class='ocr_par' dir='ltr' id='par_1_84' title="bbox 2075 3923 3651 3998">
     <span class='ocr_line' id='line_1_84' title="bbox 2075 3923 3651 3998; baseline -0.002 -14"><span class='ocrx_word' id='word_1_661' title='bbox 2075 3944 2194 3985; x_wconf 89' lang='lat' dir='ltr'><strong>eam</strong></span> <span class='ocrx_word' id='word_1_662' title='bbox 2220 3942 2379 3998; x_wconf 88' lang='lat' dir='ltr'><strong>quam</strong></span> <span class='ocrx_word' id='word_1_663' title='bbox 2427 3942 2549 3981; x_wconf 89' lang='lat' dir='ltr'><strong>cum</strong></span> <span class='ocrx_word' id='word_1_664' title='bbox 2606 3923 2749 3979; x_wconf 74' lang='lat' dir='ltr'><strong>amni</strong></span> <span class='ocrx_word' id='word_1_665' title='bbox 2803 3926 2967 3979; x_wconf 87' lang='lat' dir='ltr'><strong>habet</strong></span> <span class='ocrx_word' id='word_1_666' title='bbox 3015 3924 3330 3980; x_wconf 84' lang='lat' dir='ltr'><strong>societatem</strong></span> <span class='ocrx_word' id='word_1_667' title='bbox 3377 3926 3651 3981; x_wconf 81' lang='lat' dir='ltr'><strong>contrario</strong></span> 
     </span>
    </p>
   </div>
   <div class='ocr_carea' id='block_1_85' title="bbox 2076 4018 3652 4091">
    <p class='ocr_par' dir='ltr' id='par_1_85' title="bbox 2076 4018 3652 4091">
     <span class='ocr_line' id='line_1_85' title="bbox 2076 4018 3652 4091; baseline -0.003 -13"><span class='ocrx_word' id='word_1_668' title='bbox 2076 4021 2434 4091; x_wconf 81' lang='lat' dir='ltr'><strong>conjungitur.</strong></span> <span class='ocrx_word' id='word_1_669' title='bbox 2466 4019 2708 4088; x_wconf 77' lang='lat' dir='ltr'><strong>Exempli</strong></span> <span class='ocrx_word' id='word_1_670' title='bbox 2758 4018 2960 4089; x_wconf 85' lang='lat' dir='ltr'><strong>gratia:</strong></span> <span class='ocrx_word' id='word_1_671' title='bbox 2994 4027 3161 4083; x_wconf 89' lang='lat' dir='ltr'><strong>terra,</strong></span> <span class='ocrx_word' id='word_1_672' title='bbox 3201 4033 3319 4086; x_wconf 67' lang='lat' dir='ltr'><strong>quae</strong></span> <span class='ocrx_word' id='word_1_673' title='bbox 3372 4018 3523 4072; x_wconf 87' lang='lat' dir='ltr'><strong>arida</strong></span> <span class='ocrx_word' id='word_1_674' title='bbox 3568 4030 3652 4073; x_wconf 84' lang='lat' dir='ltr'><strong>est</strong></span> 
     </span>
    </p>
   </div>
   <div class='ocr_carea' id='block_1_86' title="bbox 2077 4106 3650 4182">
    <p class='ocr_par' dir='ltr' id='par_1_86' title="bbox 2077 4106 3650 4182">
     <span class='ocr_line' id='line_1_86' title="bbox 2077 4106 3650 4182; baseline -0.005 -14"><span class='ocrx_word' id='word_1_675' title='bbox 2077 4122 2132 4168; x_wconf 91' lang='lat' dir='ltr'><strong>et</strong></span> <span class='ocrx_word' id='word_1_676' title='bbox 2161 4110 2373 4182; x_wconf 80' lang='lat' dir='ltr'><strong>frigida,</strong></span> <span class='ocrx_word' id='word_1_677' title='bbox 2399 4125 2520 4164; x_wconf 90' lang='lat' dir='ltr'><strong>cum</strong></span> <span class='ocrx_word' id='word_1_678' title='bbox 2570 4123 2707 4179; x_wconf 87' lang='lat' dir='ltr'><strong>aqua</strong></span> <span class='ocrx_word' id='word_1_679' title='bbox 2737 4108 2805 4165; x_wconf 91' lang='lat' dir='ltr'><strong>ob</strong></span> <span class='ocrx_word' id='word_1_680' title='bbox 2862 4109 3170 4178; x_wconf 74' lang='lat' dir='ltr'><strong>[rigiditatis</strong></span> <span class='ocrx_word' id='word_1_681' title='bbox 3206 4106 3518 4161; x_wconf 69' lang='lat' dir='ltr'><strong>afﬁnitatem</strong></span> <span class='ocrx_word' id='word_1_682' title='bbox 3556 4123 3650 4160; x_wconf 68' lang='grc' dir='ltr'><strong>ουτ</strong></span> 
     </span>
    </p>
   </div>
   <div class='ocr_carea' id='block_1_87' title="bbox 2078 4197 3651 4273">
    <p class='ocr_par' dir='ltr' id='par_1_87' title="bbox 2078 4197 3651 4273">
     <span class='ocr_line' id='line_1_87' title="bbox 2078 4197 3651 4273; baseline -0.004 -16"><span class='ocrx_word' id='word_1_683' title='bbox 2078 4203 2297 4273; x_wconf 83' lang='lat' dir='ltr'><strong>palatur</strong></span> <span class='ocrx_word' id='word_1_684' title='bbox 2325 4221 2338 4256; x_wconf 90' lang='lat'><strong>:</strong></span> <span class='ocrx_word' id='word_1_685' title='bbox 2387 4200 2633 4270; x_wconf 88' lang='lat' dir='ltr'><strong>jungitur</strong></span> <span class='ocrx_word' id='word_1_686' title='bbox 2662 4211 2840 4254; x_wconf 89' lang='lat' dir='ltr'><strong>autem</strong></span> <span class='ocrx_word' id='word_1_687' title='bbox 2873 4215 2967 4269; x_wconf 91' lang='lat' dir='ltr'><strong>per</strong></span> <span class='ocrx_word' id='word_1_688' title='bbox 2993 4213 3188 4270; x_wconf 87' lang='lat' dir='ltr'><strong>aquam</strong></span> <span class='ocrx_word' id='word_1_689' title='bbox 3229 4199 3373 4265; x_wconf 88' lang='lat' dir='ltr'><strong>aeri;</strong></span> <span class='ocrx_word' id='word_1_690' title='bbox 3406 4197 3651 4267; x_wconf 86' lang='lat' dir='ltr'><strong>quando-</strong></span> 
     </span>
    </p>
   </div>
   <div class='ocr_carea' id='block_1_88' title="bbox 2079 4280 3653 4362">
    <p class='ocr_par' dir='ltr' id='par_1_88' title="bbox 2079 4280 3653 4362">
     <span class='ocr_line' id='line_1_88' title="bbox 2079 4280 3653 4362; baseline -0.004 -14"><span class='ocrx_word' id='word_1_691' title='bbox 2079 4294 2294 4362; x_wconf 88' lang='lat' dir='ltr'><strong>quidem</strong></span> <span class='ocrx_word' id='word_1_692' title='bbox 2321 4307 2483 4362; x_wconf 87' lang='lat' dir='ltr'><strong>aqua,</strong></span> <span class='ocrx_word' id='word_1_693' title='bbox 2506 4293 2647 4346; x_wconf 89' lang='lat' dir='ltr'><strong>inter</strong></span> <span class='ocrx_word' id='word_1_694' title='bbox 2676 4301 2968 4359; x_wconf 89' lang='lat' dir='ltr'><strong>utrumque</strong></span> <span class='ocrx_word' id='word_1_695' title='bbox 2992 4290 3166 4345; x_wconf 86' lang='lat' dir='ltr'><strong>media</strong></span> <span class='ocrx_word' id='word_1_696' title='bbox 3197 4290 3510 4353; x_wconf 88' lang='lat' dir='ltr'><strong>constituta,</strong></span> <span class='ocrx_word' id='word_1_697' title='bbox 3538 4280 3653 4343; x_wconf 83' lang='lat' dir='ltr'><strong>vel-</strong></span> 
     </span>
    </p>
   </div>
   <div class='ocr_carea' id='block_1_89' title="bbox 2081 4381 3649 4454">
    <p class='ocr_par' dir='ltr' id='par_1_89' title="bbox 2081 4381 3649 4454">
     <span class='ocr_line' id='line_1_89' title="bbox 2081 4381 3649 4454; baseline -0.005 -14"><span class='ocrx_word' id='word_1_698' title='bbox 2081 4397 2139 4440; x_wconf 85' lang='lat' dir='ltr'><strong>ut</strong></span> <span class='ocrx_word' id='word_1_699' title='bbox 2178 4385 2387 4442; x_wconf 86' lang='lat' dir='ltr'><strong>duabus</strong></span> <span class='ocrx_word' id='word_1_700' title='bbox 2431 4384 2641 4452; x_wconf 86' lang='lat' dir='ltr'><strong>injectis</strong></span> <span class='ocrx_word' id='word_1_701' title='bbox 2681 4384 2928 4438; x_wconf 87' lang='lat' dir='ltr'><strong>manibus</strong></span> <span class='ocrx_word' id='word_1_702' title='bbox 2967 4399 3062 4454; x_wconf 89' lang='lat' dir='ltr'><strong>per</strong></span> <span class='ocrx_word' id='word_1_703' title='bbox 3090 4392 3374 4453; x_wconf 90' lang='lat' dir='ltr'><strong>utramque</strong></span> <span class='ocrx_word' id='word_1_704' title='bbox 3417 4381 3649 4450; x_wconf 84' lang='lat' dir='ltr'><strong>qualita-</strong></span> 
     </span>
    </p>
   </div>
   <div class='ocr_carea' id='block_1_90' title="bbox 411 4473 1978 4550">
    <p class='ocr_par' dir='ltr' id='par_1_90' title="bbox 411 4475 1978 4550">
     <span class='ocr_line' id='line_1_90' title="bbox 411 4475 1978 4550; baseline 0.003 -22"><span class='ocrx_word' id='word_1_705' title='bbox 411 4475 574 4545; x_wconf 85' lang='grc' dir='ltr'>μέσον</span> <span class='ocrx_word' id='word_1_706' title='bbox 606 4476 926 4547; x_wconf 78' lang='grc' dir='ltr'>ἀμφοτέρων</span> <span class='ocrx_word' id='word_1_707' title='bbox 952 4477 1286 4549; x_wconf 83' lang='grc' dir='ltr'>τεταγμένον</span> <span class='ocrx_word' id='word_1_708' title='bbox 1317 4478 1380 4531; x_wconf 83' lang='grc' dir='ltr'><strong>τὸ</strong></span> <span class='ocrx_word' id='word_1_709' title='bbox 1408 4477 1572 4550; x_wconf 78' lang='grc' dir='ltr'>ὕδωρ,</span> <span class='ocrx_word' id='word_1_710' title='bbox 1591 4480 1754 4532; x_wconf 73' lang='grc' dir='ltr'>οἱονεὶ</span> <span class='ocrx_word' id='word_1_711' title='bbox 1778 4479 1978 4550; x_wconf 86' lang='grc' dir='ltr'>χειρῶν</span> 
     </span>
    </p>
   </div>
   <div class='ocr_carea' id='block_1_91' title="bbox 2078 4473 3650 4550">
    <p class='ocr_par' dir='ltr' id='par_1_91' title="bbox 2087 4473 3650 4546">
     <span class='ocr_line' id='line_1_91' title="bbox 2087 4473 3650 4546; baseline -0.004 -14"><span class='ocrx_word' id='word_1_712' title='bbox 2087 4488 2191 4533; x_wconf 88' lang='lat' dir='ltr'><strong>tem</strong></span> <span class='ocrx_word' id='word_1_713' title='bbox 2223 4476 2486 4532; x_wconf 90' lang='lat' dir='ltr'><strong>elementa</strong></span> <span class='ocrx_word' id='word_1_714' title='bbox 2518 4476 2763 4545; x_wconf 79' lang='lat' dir='ltr'><strong>proxima</strong></span> <span class='ocrx_word' id='word_1_715' title='bbox 2812 4476 3045 4546; x_wconf 81' lang='lat' dir='ltr'><strong>attingit,</strong></span> <span class='ocrx_word' id='word_1_716' title='bbox 3084 4485 3285 4530; x_wconf 88' lang='lat' dir='ltr'><strong>terram</strong></span> <span class='ocrx_word' id='word_1_717' title='bbox 3317 4489 3411 4542; x_wconf 88' lang='lat' dir='ltr'><strong>per</strong></span> <span class='ocrx_word' id='word_1_718' title='bbox 3438 4473 3650 4542; x_wconf 79' lang='lat' dir='ltr'><strong>frigidi-</strong></span> 
     </span>
    </p>
   </div>
   <div class='ocr_carea' id='block_1_92' title="bbox 406 4568 1974 4644">
    <p class='ocr_par' dir='ltr' id='par_1_92' title="bbox 406 4568 1974 4644">
     <span class='ocr_line' id='line_1_92' title="bbox 406 4568 1974 4644; baseline 0.003 -23"><span class='ocrx_word' id='word_1_719' title='bbox 406 4568 499 4622; x_wconf 85' lang='grc' dir='ltr'><strong>δύο</strong></span> <span class='ocrx_word' id='word_1_720' title='bbox 531 4570 753 4642; x_wconf 74' lang='grc' dir='ltr'>ἐπιϐολῇ</span> <span class='ocrx_word' id='word_1_721' title='bbox 801 4571 1040 4644; x_wconf 76' lang='grc' dir='ltr'>ἑκατέρᾳ</span> <span class='ocrx_word' id='word_1_722' title='bbox 1094 4572 1342 4643; x_wconf 88' lang='grc' dir='ltr'>ποιότητι</span> <span class='ocrx_word' id='word_1_723' title='bbox 1387 4571 1498 4625; x_wconf 84' lang='grc' dir='ltr'>τῶν</span> <span class='ocrx_word' id='word_1_724' title='bbox 1549 4572 1974 4644; x_wconf 86' lang='grc' dir='ltr'>παρακειμένων</span> 
     </span>
    </p>
   </div>
   <div class='ocr_carea' id='block_1_93' title="bbox 407 4661 1974 4736">
    <p class='ocr_par' dir='ltr' id='par_1_93' title="bbox 407 4661 1974 4736">
     <span class='ocr_line' id='line_1_93' title="bbox 407 4661 1974 4736; baseline 0.003 -22"><span class='ocrx_word' id='word_1_725' title='bbox 407 4661 730 4731; x_wconf 76' lang='grc' dir='ltr'>ἐφάπτεται,</span> <span class='ocrx_word' id='word_1_726' title='bbox 762 4665 827 4735; x_wconf 81' lang='grc' dir='ltr'>τῇ</span> <span class='ocrx_word' id='word_1_727' title='bbox 875 4663 974 4733; x_wconf 83' lang='grc' dir='ltr'>μὲν</span> <span class='ocrx_word' id='word_1_728' title='bbox 1001 4663 1299 4735; x_wconf 81' lang='grc' dir='ltr'>ψυχρότητι</span> <span class='ocrx_word' id='word_1_729' title='bbox 1331 4664 1429 4736; x_wconf 83' lang='grc' dir='ltr'><strong>τῆς</strong></span> <span class='ocrx_word' id='word_1_730' title='bbox 1461 4664 1584 4735; x_wconf 82' lang='grc' dir='ltr'>γῆς,</span> <span class='ocrx_word' id='word_1_731' title='bbox 1608 4667 1676 4736; x_wconf 86' lang='grc' dir='ltr'>τῇ</span> <span class='ocrx_word' id='word_1_732' title='bbox 1717 4665 1974 4736; x_wconf 84' lang='grc' dir='ltr'>ὑγρότητι</span> 
     </span>
    </p>
   </div>
   <div class='ocr_carea' id='block_1_94' title="bbox 405 4752 1977 4828">
    <p class='ocr_par' dir='ltr' id='par_1_94' title="bbox 405 4752 1977 4828">
     <span class='ocr_line' id='line_1_94' title="bbox 405 4752 1977 4828; baseline 0.003 -22"><span class='ocrx_word' id='word_1_733' title='bbox 405 4752 465 4806; x_wconf 83' lang='grc' dir='ltr'><strong>δὲ</strong></span> <span class='ocrx_word' id='word_1_734' title='bbox 497 4752 589 4806; x_wconf 90' lang='grc' dir='ltr'><strong>τοῦ</strong></span> <span class='ocrx_word' id='word_1_735' title='bbox 623 4753 802 4826; x_wconf 85' lang='grc' dir='ltr'>ἀέρος.</span> <span class='ocrx_word' id='word_1_736' title='bbox 837 4754 1008 4809; x_wconf 81' lang='grc' dir='ltr'>Πάλιν</span> <span class='ocrx_word' id='word_1_737' title='bbox 1035 4757 1064 4809; x_wconf 88' lang='grc' dir='ltr'>ὁ</span> <span class='ocrx_word' id='word_1_738' title='bbox 1099 4756 1207 4826; x_wconf 80' lang='grc' dir='ltr'>ἀὴρ</span> <span class='ocrx_word' id='word_1_739' title='bbox 1235 4757 1302 4827; x_wconf 78' lang='grc' dir='ltr'>τῇ</span> <span class='ocrx_word' id='word_1_740' title='bbox 1322 4757 1517 4810; x_wconf 77' lang='grc' dir='ltr'>ἑαυτοῦ</span> <span class='ocrx_word' id='word_1_741' title='bbox 1551 4758 1798 4828; x_wconf 74' lang='grc' dir='ltr'>μεσιτείᾳ</span> <span class='ocrx_word' id='word_1_742' title='bbox 1828 4757 1977 4811; x_wconf 87' lang='grc' dir='ltr'>διαλ-</span> 
     </span>
    </p>
   </div>
   <div class='ocr_carea' id='block_1_95' title="bbox 406 4844 1980 4921">
    <p class='ocr_par' dir='ltr' id='par_1_95' title="bbox 406 4844 1980 4921">
     <span class='ocr_line' id='line_1_95' title="bbox 406 4844 1980 4921; baseline 0.003 -22"><span class='ocrx_word' id='word_1_743' title='bbox 406 4844 608 4918; x_wconf 79' lang='grc' dir='ltr'>λακτὴς</span> <span class='ocrx_word' id='word_1_744' title='bbox 646 4847 852 4916; x_wconf 84' lang='grc' dir='ltr'>γίνεται</span> <span class='ocrx_word' id='word_1_745' title='bbox 880 4848 978 4921; x_wconf 83' lang='grc' dir='ltr'><strong>τῆς</strong></span> <span class='ocrx_word' id='word_1_746' title='bbox 1028 4849 1341 4920; x_wconf 86' lang='grc' dir='ltr'>μαχομένης</span> <span class='ocrx_word' id='word_1_747' title='bbox 1391 4848 1605 4918; x_wconf 82' lang='grc' dir='ltr'>φύσεως</span> <span class='ocrx_word' id='word_1_748' title='bbox 1659 4849 1848 4914; x_wconf 79' lang='grc' dir='ltr'>ὕδατος</span> <span class='ocrx_word' id='word_1_749' title='bbox 1886 4851 1980 4905; x_wconf 82' lang='grc' dir='ltr'>καὶ</span> 
     </span>
    </p>
   </div>
   <div class='ocr_carea' id='block_1_96' title="bbox 2085 4568 3653 4638">
    <p class='ocr_par' dir='ltr' id='par_1_96' title="bbox 2085 4568 3653 4638">
     <span class='ocr_line' id='line_1_96' title="bbox 2085 4568 3653 4638; baseline -0.006 -13"><span class='ocrx_word' id='word_1_750' title='bbox 2085 4582 2274 4637; x_wconf 85' lang='lat' dir='ltr'><strong>tatem,</strong></span> <span class='ocrx_word' id='word_1_751' title='bbox 2302 4585 2481 4625; x_wconf 81' lang='lat' dir='ltr'><strong>aerem</strong></span> <span class='ocrx_word' id='word_1_752' title='bbox 2510 4584 2605 4638; x_wconf 92' lang='lat' dir='ltr'><strong>per</strong></span> <span class='ocrx_word' id='word_1_753' title='bbox 2631 4568 3026 4623; x_wconf 87' lang='lat' dir='ltr'><strong>bumiditatem.</strong></span> <span class='ocrx_word' id='word_1_754' title='bbox 3047 4568 3154 4623; x_wconf 80' lang='lat' dir='ltr'><strong>Aer</strong></span> <span class='ocrx_word' id='word_1_755' title='bbox 3194 4570 3387 4624; x_wconf 90' lang='lat' dir='ltr'><strong>iterum</strong></span> <span class='ocrx_word' id='word_1_756' title='bbox 3412 4580 3653 4635; x_wconf 87' lang='lat' dir='ltr'><strong>pugnan-</strong></span> 
     </span>
    </p>
   </div>
   <div class='ocr_carea' id='block_1_97' title="bbox 2082 4653 3654 4732">
    <p class='ocr_par' dir='ltr' id='par_1_97' title="bbox 2082 4653 3654 4732">
     <span class='ocr_line' id='line_1_97' title="bbox 2082 4653 3654 4732; baseline -0.006 -17"><span class='ocrx_word' id='word_1_757' title='bbox 2082 4671 2189 4717; x_wconf 87' lang='lat' dir='ltr'><strong>tem</strong></span> <span class='ocrx_word' id='word_1_758' title='bbox 2223 4677 2374 4732; x_wconf 77' lang='lat' dir='ltr'><strong>aqua:</strong></span> <span class='ocrx_word' id='word_1_759' title='bbox 2409 4670 2464 4715; x_wconf 88' lang='lat' dir='ltr'><strong>et</strong></span> <span class='ocrx_word' id='word_1_760' title='bbox 2496 4659 2636 4730; x_wconf 90' lang='lat' dir='ltr'><strong>ignis</strong></span> <span class='ocrx_word' id='word_1_761' title='bbox 2684 4668 2930 4713; x_wconf 89' lang='lat' dir='ltr'><strong>naturam</strong></span> <span class='ocrx_word' id='word_1_762' title='bbox 2975 4673 3073 4714; x_wconf 88' lang='lat' dir='ltr'><strong>suo</strong></span> <span class='ocrx_word' id='word_1_763' title='bbox 3118 4656 3436 4726; x_wconf 89' lang='lat' dir='ltr'><strong>interpositu</strong></span> <span class='ocrx_word' id='word_1_764' title='bbox 3468 4653 3654 4708; x_wconf 85' lang='lat' dir='ltr'><strong>conci-</strong></span> 
     </span>
    </p>
   </div>
   <div class='ocr_carea' id='block_1_98' title="bbox 2084 4746 3653 4823">
    <p class='ocr_par' dir='ltr' id='par_1_98' title="bbox 2084 4746 3653 4823">
     <span class='ocr_line' id='line_1_98' title="bbox 2084 4746 3653 4823; baseline -0.005 -13"><span class='ocrx_word' id='word_1_765' title='bbox 2084 4756 2198 4821; x_wconf 89' lang='lat' dir='ltr'><strong>liat,</strong></span> <span class='ocrx_word' id='word_1_766' title='bbox 2227 4770 2349 4810; x_wconf 93' lang='lat' dir='ltr'><strong>cum</strong></span> <span class='ocrx_word' id='word_1_767' title='bbox 2378 4768 2531 4823; x_wconf 62' lang='lat' dir='ltr'><strong>aqua</strong></span> <span class='ocrx_word' id='word_1_768' title='bbox 2554 4766 2649 4822; x_wconf 88' lang='lat' dir='ltr'><strong>per</strong></span> <span class='ocrx_word' id='word_1_769' title='bbox 2680 4752 3075 4814; x_wconf 88' lang='lat' dir='ltr'><strong>humiditatem,</strong></span> <span class='ocrx_word' id='word_1_770' title='bbox 3098 4751 3207 4819; x_wconf 84' lang='lat' dir='ltr'><strong>igni</strong></span> <span class='ocrx_word' id='word_1_771' title='bbox 3228 4765 3356 4805; x_wconf 86' lang='lat' dir='ltr'><strong>vero</strong></span> <span class='ocrx_word' id='word_1_772' title='bbox 3381 4763 3475 4819; x_wconf 89' lang='lat' dir='ltr'><strong>per</strong></span> <span class='ocrx_word' id='word_1_773' title='bbox 3506 4746 3653 4802; x_wconf 74' lang='lat' dir='ltr'><strong>calo~</strong></span> 
     </span>
    </p>
   </div>
   <div class='ocr_carea' id='block_1_99' title="bbox 2085 4844 3652 4917">
    <p class='ocr_par' dir='ltr' id='par_1_99' title="bbox 2085 4844 3652 4917">
     <span class='ocr_line' id='line_1_99' title="bbox 2085 4844 3652 4917; baseline -0.007 -14"><span class='ocrx_word' id='word_1_774' title='bbox 2085 4864 2196 4904; x_wconf 90' lang='lat' dir='ltr'><strong>rem</strong></span> <span class='ocrx_word' id='word_1_775' title='bbox 2233 4846 2605 4917; x_wconf 82' lang='lat' dir='ltr'><strong>conjungatur.</strong></span> <span class='ocrx_word' id='word_1_776' title='bbox 2655 4844 2797 4915; x_wconf 86' lang='lat' dir='ltr'><strong>Ignis</strong></span> <span class='ocrx_word' id='word_1_777' title='bbox 2842 4854 3023 4899; x_wconf 89' lang='lat' dir='ltr'><strong>autem</strong></span> <span class='ocrx_word' id='word_1_778' title='bbox 3067 4844 3161 4913; x_wconf 89' lang='lat' dir='ltr'><strong>qui</strong></span> <span class='ocrx_word' id='word_1_779' title='bbox 3215 4850 3406 4912; x_wconf 88' lang='lat' dir='ltr'><strong>suapte</strong></span> <span class='ocrx_word' id='word_1_780' title='bbox 3460 4850 3652 4894; x_wconf 81' lang='lat' dir='ltr'><strong>natura</strong></span> 
     </span>
    </p>
   </div>
   <div class='ocr_carea' id='block_1_100' title="bbox 478 5003 3649 5120">
    <p class='ocr_par' dir='ltr' id='par_1_100' title="bbox 478 5003 3649 5120">
     <span class='ocr_line' id='line_1_100' title="bbox 478 5003 3649 5120; baseline -0.002 -17"><span class='ocrx_word' id='word_1_781' title='bbox 478 5046 590 5119; x_wconf 82' lang='lat'>(95)</span> <span class='ocrx_word' id='word_1_782' title='bbox 622 5047 755 5116; x_wconf 75' lang='lat' dir='ltr'><strong>Reg.</strong></span> <span class='ocrx_word' id='word_1_783' title='bbox 786 5058 969 5104; x_wconf 79' lang='lat' dir='ltr'><strong>sextus</strong></span> <span class='ocrx_word' id='word_1_784' title='bbox 989 5047 1356 5120; x_wconf 77' lang='grc' dir='ltr'>ἐρμηνευτῶν.</span> <span class='ocrx_word' id='word_1_785' title='bbox 1382 5048 1541 5103; x_wconf 86' lang='lat' dir='ltr'><strong>Putat</strong></span> <span class='ocrx_word' id='word_1_786' title='bbox 1563 5048 1787 5120; x_wconf 64' lang='lat' dir='ltr'><strong>Duc-aius</strong></span> <span class='ocrx_word' id='word_1_787' title='bbox 1813 5049 1975 5120; x_wconf 77' lang='lat' dir='ltr'><strong>verba</strong></span> <span class='ocrx_word' id='word_1_788' title='bbox 2070 5032 2328 5120; x_wconf 64' lang='lat' dir='ltr'><strong>iugantur</strong></span> <span class='ocrx_word' id='word_1_789' title='bbox 2373 5055 2427 5102; x_wconf 91' lang='lat' dir='ltr'><strong>et</strong></span> <span class='ocrx_word' id='word_1_790' title='bbox 2470 5047 2522 5101; x_wconf 88' lang='lat' dir='ltr'><strong>in</strong></span> <span class='ocrx_word' id='word_1_791' title='bbox 2565 5046 2739 5120; x_wconf 83' lang='lat' dir='ltr'><strong>editis</strong></span> <span class='ocrx_word' id='word_1_792' title='bbox 2777 5003 2958 5120; x_wconf 48' lang='lat' dir='ltr'><strong>libris,</strong></span> <span class='ocrx_word' id='word_1_793' title='bbox 2980 5045 3308 5120; x_wconf 67' lang='lat' dir='ltr'><strong>et_in_mss.</strong></span> <span class='ocrx_word' id='word_1_794' title='bbox 3358 5041 3649 5120; x_wconf 67' lang='lat' dir='ltr'><strong>codicibus</strong></span> 
     </span>
    </p>
   </div>
   <div class='ocr_carea' id='block_1_101' title="bbox 408 5110 1974 5191">
    <p class='ocr_par' dir='ltr' id='par_1_101' title="bbox 408 5110 1974 5191">
     <span class='ocr_line' id='line_1_101' title="bbox 408 5110 1974 5191; baseline 0 -19"><span class='ocrx_word' id='word_1_795' title='bbox 408 5110 499 5172; x_wconf 78' lang='lat' dir='ltr'><strong>illa</strong></span> <span class='ocrx_word' id='word_1_796' title='bbox 518 5110 639 5189; x_wconf 73' lang='lat' dir='ltr'><strong>qua:</strong></span> <span class='ocrx_word' id='word_1_797' title='bbox 665 5110 983 5191; x_wconf 54' lang='lat' dir='ltr'><strong>séquutttun,</strong></span> <span class='ocrx_word' id='word_1_798' title='bbox 1007 5110 1078 5172; x_wconf 75' lang='grc' dir='ltr'><em>τά</em></span> <span class='ocrx_word' id='word_1_799' title='bbox 1096 5110 1271 5173; x_wconf 76' lang='grc' dir='ltr'>τοίνυν</span> <span class='ocrx_word' id='word_1_800' title='bbox 1304 5120 1527 5191; x_wconf 79' lang='grc' dir='ltr'>ἀκριϐῆ,</span> <span class='ocrx_word' id='word_1_801' title='bbox 1564 5129 1694 5184; x_wconf 89' lang='lat' dir='ltr'><strong>etc.,</strong></span> <span class='ocrx_word' id='word_1_802' title='bbox 1721 5110 1785 5172; x_wconf 78' lang='lat' dir='ltr'><strong>ad</strong></span> <span class='ocrx_word' id='word_1_803' title='bbox 1811 5118 1974 5173; x_wconf 83' lang='lat' dir='ltr'><strong>ﬁnem</strong></span> 
     </span>
    </p>
   </div>
   <div class='ocr_carea' id='block_1_102' title="bbox 409 5189 1975 5258">
    <p class='ocr_par' dir='ltr' id='par_1_102' title="bbox 409 5189 1975 5258">
     <span class='ocr_line' id='line_1_102' title="bbox 409 5189 1975 5258; baseline 0.003 -20"><span class='ocrx_word' id='word_1_804' title='bbox 409 5203 579 5258; x_wconf 81' lang='lat' dir='ltr'><strong>usque</strong></span> <span class='ocrx_word' id='word_1_805' title='bbox 615 5189 843 5258; x_wconf 85' lang='lat' dir='ltr'><strong>periodi,</strong></span> <span class='ocrx_word' id='word_1_806' title='bbox 882 5204 912 5243; x_wconf 89' lang='lat' dir='ltr'><strong>a</strong></span> <span class='ocrx_word' id='word_1_807' title='bbox 945 5189 1143 5244; x_wconf 90' lang='lat' dir='ltr'><strong>Basilio</strong></span> <span class='ocrx_word' id='word_1_808' title='bbox 1194 5192 1334 5244; x_wconf 88' lang='lat' dir='ltr'><strong>inter</strong></span> <span class='ocrx_word' id='word_1_809' title='bbox 1371 5189 1797 5244; x_wconf 82' lang='lat' dir='ltr'><strong>eoncionandum</strong></span> <span class='ocrx_word' id='word_1_810' title='bbox 1846 5204 1975 5257; x_wconf 91' lang='lat' dir='ltr'><strong>pro-</strong></span> 
     </span>
    </p>
   </div>
   <div class='ocr_carea' id='block_1_103' title="bbox 409 5256 1981 5330">
    <p class='ocr_par' dir='ltr' id='par_1_103' title="bbox 409 5256 1981 5330">
     <span class='ocr_line' id='line_1_103' title="bbox 409 5256 1981 5330; baseline 0.001 -21"><span class='ocrx_word' id='word_1_811' title='bbox 409 5256 517 5310; x_wconf 90' lang='lat' dir='ltr'><strong>lata</strong></span> <span class='ocrx_word' id='word_1_812' title='bbox 548 5256 654 5330; x_wconf 80' lang='lat' dir='ltr'><strong>non</strong></span> <span class='ocrx_word' id='word_1_813' title='bbox 684 5258 884 5330; x_wconf 77' lang='lat' dir='ltr'><strong>fuisse;</strong></span> <span class='ocrx_word' id='word_1_814' title='bbox 912 5275 1060 5326; x_wconf 90' lang='lat' dir='ltr'><strong>cum,</strong></span> <span class='ocrx_word' id='word_1_815' title='bbox 1093 5260 1291 5330; x_wconf 88' lang='lat' dir='ltr'><strong>inquit,</strong></span> <span class='ocrx_word' id='word_1_816' title='bbox 1329 5261 1490 5313; x_wconf 86' lang='lat' dir='ltr'><strong>verba</strong></span> <span class='ocrx_word' id='word_1_817' title='bbox 1521 5260 1622 5330; x_wconf 84' lang='lat' dir='ltr'><strong>ista</strong></span> <span class='ocrx_word' id='word_1_818' title='bbox 1654 5274 1777 5330; x_wconf 82' lang='lat' dir='ltr'><strong>non</strong></span> <span class='ocrx_word' id='word_1_819' title='bbox 1811 5256 1981 5327; x_wconf 77' lang='lat' dir='ltr'><strong>agno-</strong></span> 
     </span>
    </p>
   </div>
   <div class='ocr_carea' id='block_1_104' title="bbox 409 5328 1975 5385">
    <p class='ocr_par' dir='ltr' id='par_1_104' title="bbox 409 5328 1975 5385">
     <span class='ocr_line' id='line_1_104' title="bbox 409 5328 1975 5385; baseline 0.001 -6"><span class='ocrx_word' id='word_1_820' title='bbox 409 5337 529 5381; x_wconf 87' lang='lat' dir='ltr'><strong>scat</strong></span> <span class='ocrx_word' id='word_1_821' title='bbox 557 5328 895 5383; x_wconf 87' lang='lat' dir='ltr'><strong>Eustathius.</strong></span> <span class='ocrx_word' id='word_1_822' title='bbox 932 5330 1040 5385; x_wconf 86' lang='lat' dir='ltr'><strong>Sed</strong></span> <span class='ocrx_word' id='word_1_823' title='bbox 1090 5343 1155 5385; x_wconf 87' lang='lat' dir='ltr'><strong>ea</strong></span> <span class='ocrx_word' id='word_1_824' title='bbox 1170 5328 1243 5384; x_wconf 69' lang='grc' dir='ltr'><strong>ἰιι</strong></span> <span class='ocrx_word' id='word_1_825' title='bbox 1275 5344 1335 5384; x_wconf 89' lang='lat' dir='ltr'><strong>re</strong></span> <span class='ocrx_word' id='word_1_826' title='bbox 1379 5330 1496 5383; x_wconf 89' lang='lat' dir='ltr'><strong>viro</strong></span> <span class='ocrx_word' id='word_1_827' title='bbox 1522 5329 1837 5384; x_wconf 86' lang='lat' dir='ltr'><strong>doctissimo</strong></span> <span class='ocrx_word' id='word_1_828' title='bbox 1869 5343 1975 5381; x_wconf 91' lang='lat' dir='ltr'><strong>non</strong></span> 
     </span>
    </p>
   </div>
   <div class='ocr_carea' id='block_1_105' title="bbox 409 5398 1975 5468">
    <p class='ocr_par' dir='ltr' id='par_1_105' title="bbox 409 5398 1975 5468">
     <span class='ocr_line' id='line_1_105' title="bbox 409 5398 1975 5468; baseline -0.001 -16"><span class='ocrx_word' id='word_1_829' title='bbox 409 5410 550 5468; x_wconf 80' lang='lat' dir='ltr'><strong>queo</strong></span> <span class='ocrx_word' id='word_1_830' title='bbox 605 5400 877 5453; x_wconf 88' lang='lat' dir='ltr'><strong>assentiri.</strong></span> <span class='ocrx_word' id='word_1_831' title='bbox 911 5398 1047 5454; x_wconf 87' lang='lat' dir='ltr'><strong>Nam</strong></span> <span class='ocrx_word' id='word_1_832' title='bbox 1110 5399 1228 5454; x_wconf 83' lang='lat' dir='ltr'><strong>ﬁeri</strong></span> <span class='ocrx_word' id='word_1_833' title='bbox 1285 5400 1536 5468; x_wconf 88' lang='lat' dir='ltr'><strong>potuitut</strong></span> <span class='ocrx_word' id='word_1_834' title='bbox 1577 5400 1738 5453; x_wconf 85' lang='lat' dir='ltr'><strong>verba</strong></span> <span class='ocrx_word' id='word_1_835' title='bbox 1771 5398 1859 5451; x_wconf 88' lang='lat' dir='ltr'><strong>illa</strong></span> <span class='ocrx_word' id='word_1_836' title='bbox 1907 5413 1975 5451; x_wconf 88' lang='lat' dir='ltr'><strong>ex</strong></span> 
     </span>
    </p>
   </div>
   <div class='ocr_carea' id='block_1_106' title="bbox 2078 5112 3653 5185">
    <p class='ocr_par' dir='ltr' id='par_1_106' title="bbox 2078 5112 3653 5185">
     <span class='ocr_line' id='line_1_106' title="bbox 2078 5112 3653 5185; baseline -0.003 -14"><span class='ocrx_word' id='word_1_837' title='bbox 2078 5112 2331 5172; x_wconf 79' lang='lat' dir='ltr'><strong>omnibus</strong></span> <span class='ocrx_word' id='word_1_838' title='bbox 2358 5157 2373 5183; x_wconf 93' lang='lat'><strong>,</strong></span> <span class='ocrx_word' id='word_1_839' title='bbox 2403 5128 2528 5184; x_wconf 90' lang='lat' dir='ltr'><strong>puta</strong></span> <span class='ocrx_word' id='word_1_840' title='bbox 2563 5119 2616 5171; x_wconf 89' lang='lat' dir='ltr'><strong>in</strong></span> <span class='ocrx_word' id='word_1_841' title='bbox 2657 5125 2888 5185; x_wconf 89' lang='lat' dir='ltr'><strong>utroque</strong></span> <span class='ocrx_word' id='word_1_842' title='bbox 2919 5115 3108 5180; x_wconf 85' lang='lat' dir='ltr'><strong>Coisl.,</strong></span> <span class='ocrx_word' id='word_1_843' title='bbox 3143 5115 3195 5167; x_wconf 90' lang='lat' dir='ltr'><strong>in</strong></span> <span class='ocrx_word' id='word_1_844' title='bbox 3237 5113 3422 5185; x_wconf 68' lang='lat' dir='ltr'><strong>Regiis</strong></span> <span class='ocrx_word' id='word_1_845' title='bbox 3470 5112 3653 5175; x_wconf 85' lang='lat' dir='ltr'><strong>tertio,</strong></span> 
     </span>
    </p>
   </div>
   <div class='ocr_carea' id='block_1_107' title="bbox 2079 5183 3651 5255">
    <p class='ocr_par' dir='ltr' id='par_1_107' title="bbox 2079 5183 3651 5255">
     <span class='ocr_line' id='line_1_107' title="bbox 2079 5183 3651 5255; baseline -0.004 -14"><span class='ocrx_word' id='word_1_846' title='bbox 2079 5189 2266 5255; x_wconf 88' lang='lat' dir='ltr'><strong>quinto</strong></span> <span class='ocrx_word' id='word_1_847' title='bbox 2296 5197 2349 5242; x_wconf 88' lang='lat' dir='ltr'><strong>et</strong></span> <span class='ocrx_word' id='word_1_848' title='bbox 2388 5183 2601 5252; x_wconf 83' lang='lat' dir='ltr'><strong>octavo,</strong></span> <span class='ocrx_word' id='word_1_849' title='bbox 2650 5183 2813 5255; x_wconf 86' lang='lat' dir='ltr'><strong>atque</strong></span> <span class='ocrx_word' id='word_1_850' title='bbox 2847 5186 2899 5239; x_wconf 89' lang='lat' dir='ltr'><strong>in</strong></span> <span class='ocrx_word' id='word_1_851' title='bbox 2950 5186 3197 5255; x_wconf 77' lang='lat' dir='ltr'><strong>reliquis.</strong></span> <span class='ocrx_word' id='word_1_852' title='bbox 3221 5183 3458 5255; x_wconf 83' lang='lat' dir='ltr'><strong>Addam__</strong></span> <span class='ocrx_word' id='word_1_853' title='bbox 3492 5198 3651 5251; x_wconf 86' lang='lat' dir='ltr'><strong>repe-</strong></span> 
     </span>
    </p>
   </div>
   <div class='ocr_carea' id='block_1_108' title="bbox 2079 5251 3654 5325">
    <p class='ocr_par' dir='ltr' id='par_1_108' title="bbox 2079 5251 3654 5325">
     <span class='ocr_line' id='line_1_108' title="bbox 2079 5251 3654 5325; baseline -0.003 -14"><span class='ocrx_word' id='word_1_854' title='bbox 2079 5251 2217 5312; x_wconf 80' lang='lat' dir='ltr'><strong>risse</strong></span> <span class='ocrx_word' id='word_1_855' title='bbox 2242 5273 2339 5312; x_wconf 90' lang='lat' dir='ltr'><strong>nos</strong></span> <span class='ocrx_word' id='word_1_856' title='bbox 2366 5259 2531 5313; x_wconf 87' lang='lat' dir='ltr'><strong>verba</strong></span> <span class='ocrx_word' id='word_1_857' title='bbox 2555 5251 2902 5311; x_wconf 78' lang='lat' dir='ltr'><strong>controversa</strong></span> <span class='ocrx_word' id='word_1_858' title='bbox 2931 5255 2984 5309; x_wconf 90' lang='lat' dir='ltr'><strong>in</strong></span> <span class='ocrx_word' id='word_1_859' title='bbox 3008 5251 3082 5310; x_wconf 78' lang='lat' dir='ltr'><strong>iis</strong></span> <span class='ocrx_word' id='word_1_860' title='bbox 3103 5254 3234 5325; x_wconf 85' lang='lat' dir='ltr'><strong>ipsis</strong></span> <span class='ocrx_word' id='word_1_861' title='bbox 3257 5268 3392 5322; x_wconf 90' lang='lat' dir='ltr'><strong>quos</strong></span> <span class='ocrx_word' id='word_1_862' title='bbox 3425 5251 3654 5306; x_wconf 81' lang='lat' dir='ltr'><strong>Ducaeus</strong></span> 
     </span>
    </p>
   </div>
   <div class='ocr_carea' id='block_1_109' title="bbox 2080 5327 2639 5383">
    <p class='ocr_par' dir='ltr' id='par_1_109' title="bbox 2080 5327 2639 5383">
     <span class='ocr_line' id='line_1_109' title="bbox 2080 5327 2639 5383; baseline -0.005 -1"><span class='ocrx_word' id='word_1_863' title='bbox 2080 5327 2316 5382; x_wconf 89' lang='lat' dir='ltr'><strong>contulit</strong></span> <span class='ocrx_word' id='word_1_864' title='bbox 2344 5328 2639 5383; x_wconf 84' lang='lat' dir='ltr'><strong>codicibus.</strong></span> 
     </span>
    </p>
   </div>
   <div class='ocr_carea' id='block_1_110' title="bbox 2150 5392 3656 5468">
    <p class='ocr_par' dir='ltr' id='par_1_110' title="bbox 2150 5392 3656 5468">
     <span class='ocr_line' id='line_1_110' title="bbox 2150 5392 3656 5468; baseline -0.004 -17"><span class='ocrx_word' id='word_1_865' title='bbox 2150 5396 2263 5468; x_wconf 86' lang='lat'>(96)</span> <span class='ocrx_word' id='word_1_866' title='bbox 2291 5396 2672 5468; x_wconf 15' lang='lat' dir='ltr'><strong>EditiorParis.</strong></span> <span class='ocrx_word' id='word_1_867' title='bbox 2710 5396 2939 5451; x_wconf 84' lang='grc' dir='ltr'>ἐκάλεσε</span> <span class='ocrx_word' id='word_1_868' title='bbox 2987 5394 3281 5450; x_wconf 85' lang='grc' dir='ltr'>θάλασσαν.</span> <span class='ocrx_word' id='word_1_869' title='bbox 3308 5392 3379 5445; x_wconf 90' lang='lat' dir='ltr'><strong>At</strong></span> <span class='ocrx_word' id='word_1_870' title='bbox 3425 5406 3556 5447; x_wconf 84' lang='lat' dir='ltr'><strong>mss.</strong></span> <span class='ocrx_word' id='word_1_871' title='bbox 3601 5399 3656 5445; x_wconf 88' lang='lat' dir='ltr'><strong>et</strong></span> 
     </span>
    </p>
   </div>
   <div class='ocr_carea' id='block_1_111' title="bbox 410 5466 2872 5535">
    <p class='ocr_par' dir='ltr' id='par_1_111' title="bbox 410 5466 2872 5535">
     <span class='ocr_line' id='line_1_111' title="bbox 410 5466 2872 5535; baseline 0.001 -17"><span class='ocrx_word' id='word_1_872' title='bbox 410 5466 692 5522; x_wconf 88' lang='lat' dir='ltr'><strong>oscitantia</strong></span> <span class='ocrx_word' id='word_1_873' title='bbox 721 5469 925 5524; x_wconf 86' lang='lat' dir='ltr'><strong>librarii</strong></span> <span class='ocrx_word' id='word_1_874' title='bbox 946 5471 1143 5525; x_wconf 80' lang='lat' dir='ltr'><strong>omissa</strong></span> <span class='ocrx_word' id='word_1_875' title='bbox 1174 5466 1361 5525; x_wconf 17' lang='lat' dir='ltr'><strong>sintiin</strong></span> <span class='ocrx_word' id='word_1_876' title='bbox 1390 5484 1454 5523; x_wconf 91' lang='lat' dir='ltr'><strong>eo</strong></span> <span class='ocrx_word' id='word_1_877' title='bbox 1489 5468 1696 5532; x_wconf 83' lang='lat' dir='ltr'><strong>codice,</strong></span> <span class='ocrx_word' id='word_1_878' title='bbox 1726 5469 1792 5521; x_wconf 89' lang='lat' dir='ltr'><strong>ad</strong></span> <span class='ocrx_word' id='word_1_879' title='bbox 1836 5468 1991 5535; x_wconf 84' lang='lat' dir='ltr'><strong>cujus</strong></span> <span class='ocrx_word' id='word_1_880' title='bbox 2071 5466 2239 5522; x_wconf 85' lang='lat' dir='ltr'><strong>editio</strong></span> <span class='ocrx_word' id='word_1_881' title='bbox 2276 5468 2440 5521; x_wconf 71' lang='lat' dir='ltr'><strong>Basil.</strong></span> <span class='ocrx_word' id='word_1_882' title='bbox 2467 5467 2763 5529; x_wconf 81' lang='grc' dir='ltr'>θαλάσσας.</span> <span class='ocrx_word' id='word_1_883' title='bbox 2869 5511 2872 5514; x_wconf 89' lang='grc'><strong>.</strong></span> 
     </span>
    </p>
   </div>
   <div class='ocr_carea' id='block_1_112' title="bbox 415 5535 1980 5609">
    <p class='ocr_par' dir='ltr' id='par_1_112' title="bbox 415 5535 1980 5609">
     <span class='ocr_line' id='line_1_112' title="bbox 415 5535 1980 5609; baseline 0.003 -22"><span class='ocrx_word' id='word_1_884' title='bbox 415 5535 575 5609; x_wconf 71' lang='lat' dir='ltr'><strong>ﬁdem</strong></span> <span class='ocrx_word' id='word_1_885' title='bbox 622 5537 996 5609; x_wconf 84' lang='lat' dir='ltr'><strong>interpretatio</strong></span> <span class='ocrx_word' id='word_1_886' title='bbox 1028 5540 1295 5594; x_wconf 86' lang='lat' dir='ltr'><strong>Eustathii</strong></span> <span class='ocrx_word' id='word_1_887' title='bbox 1322 5553 1518 5593; x_wconf 84' lang='lat' dir='ltr'><strong>excusa</strong></span> <span class='ocrx_word' id='word_1_888' title='bbox 1550 5539 1689 5609; x_wconf 81' lang='lat' dir='ltr'><strong>typis</strong></span> <span class='ocrx_word' id='word_1_889' title='bbox 1732 5545 1834 5592; x_wconf 87' lang='lat' dir='ltr'><strong>est.</strong></span> <span class='ocrx_word' id='word_1_890' title='bbox 1865 5535 1980 5592; x_wconf 89' lang='lat' dir='ltr'><strong>Imo</strong></span> 
     </span>
    </p>
   </div>
   <div class='ocr_carea' id='block_1_113' title="bbox 414 5605 1982 5677">
    <p class='ocr_par' dir='ltr' id='par_1_113' title="bbox 414 5605 1982 5677">
     <span class='ocr_line' id='line_1_113' title="bbox 414 5605 1982 5677; baseline 0.001 -18"><span class='ocrx_word' id='word_1_891' title='bbox 414 5605 552 5677; x_wconf 72' lang='lat' dir='ltr'><strong>nihil</strong></span> <span class='ocrx_word' id='word_1_892' title='bbox 574 5605 962 5665; x_wconf 32' lang='lat' dir='ltr'><strong>mirum—videri</strong></span> <span class='ocrx_word' id='word_1_893' title='bbox 994 5611 1175 5677; x_wconf 87' lang='lat' dir='ltr'><strong>debet,</strong></span> <span class='ocrx_word' id='word_1_894' title='bbox 1210 5611 1253 5663; x_wconf 92' lang='lat' dir='ltr'><strong>si</strong></span> <span class='ocrx_word' id='word_1_895' title='bbox 1290 5605 1619 5663; x_wconf 76' lang='lat' dir='ltr'><strong>Eustathius</strong></span> <span class='ocrx_word' id='word_1_896' title='bbox 1641 5608 1753 5677; x_wconf 78' lang='lat' dir='ltr'><strong>ipse</strong></span> <span class='ocrx_word' id='word_1_897' title='bbox 1789 5610 1842 5662; x_wconf 93' lang='lat' dir='ltr'><strong>in</strong></span> <span class='ocrx_word' id='word_1_898' title='bbox 1889 5622 1982 5661; x_wconf 93' lang='lat' dir='ltr'><strong>co-</strong></span> 
     </span>
    </p>
   </div>
   <div class='ocr_carea' id='block_1_114' title="bbox 415 5674 1982 5749">
    <p class='ocr_par' dir='ltr' id='par_1_114' title="bbox 415 5674 1982 5749">
     <span class='ocr_line' id='line_1_114' title="bbox 415 5674 1982 5749; baseline 0.003 -23"><span class='ocrx_word' id='word_1_899' title='bbox 415 5674 589 5749; x_wconf 80' lang='lat' dir='ltr'><strong>dicem</strong></span> <span class='ocrx_word' id='word_1_900' title='bbox 653 5677 895 5732; x_wconf 86' lang='lat' dir='ltr'><strong>mutilum</strong></span> <span class='ocrx_word' id='word_1_901' title='bbox 952 5674 1309 5749; x_wconf 78' lang='lat' dir='ltr'><strong>vitiatamque</strong></span> <span class='ocrx_word' id='word_1_902' title='bbox 1371 5674 1779 5749; x_wconf 23' lang='lat' dir='ltr'><strong>iucideritQEt‘</strong></span> <span class='ocrx_word' id='word_1_903' title='bbox 1835 5688 1982 5749; x_wconf 87' lang='lat' dir='ltr'><strong>certe</strong></span> 
     </span>
    </p>
   </div>
   <div class='ocr_carea' id='block_1_115' title="bbox 418 5743 1978 5822">
    <p class='ocr_par' dir='ltr' id='par_1_115' title="bbox 418 5743 1978 5822">
     <span class='ocr_line' id='line_1_115' title="bbox 418 5743 1978 5822; baseline 0.003 -26"><span class='ocrx_word' id='word_1_904' title='bbox 418 5743 737 5801; x_wconf 83' lang='lat' dir='ltr'><strong>alterutrum</strong></span> <span class='ocrx_word' id='word_1_905' title='bbox 786 5763 883 5817; x_wconf 89' lang='lat' dir='ltr'><strong>par</strong></span> <span class='ocrx_word' id='word_1_906' title='bbox 933 5762 1018 5806; x_wconf 82' lang='lat' dir='ltr'><strong>est</strong></span> <span class='ocrx_word' id='word_1_907' title='bbox 1061 5743 1338 5822; x_wconf 75' lang='lat' dir='ltr'><strong>cogitare,</strong></span> <span class='ocrx_word' id='word_1_908' title='bbox 1404 5763 1524 5803; x_wconf 90' lang='lat' dir='ltr'><strong>cum</strong></span> <span class='ocrx_word' id='word_1_909' title='bbox 1565 5748 1726 5803; x_wconf 88' lang='lat' dir='ltr'><strong>verba</strong></span> <span class='ocrx_word' id='word_1_910' title='bbox 1767 5747 1978 5802; x_wconf 86' lang='lat' dir='ltr'><strong>laudata</strong></span> 
     </span>
    </p>
   </div>
   <div class='ocr_carea' id='block_1_116' title="bbox 2159 5530 3656 5609">
    <p class='ocr_par' dir='ltr' id='par_1_116' title="bbox 2159 5530 3656 5609">
     <span class='ocr_line' id='line_1_116' title="bbox 2159 5530 3656 5609; baseline -0.005 -17"><span class='ocrx_word' id='word_1_911' title='bbox 2159 5536 2271 5609; x_wconf 87' lang='lat'>(97)</span> <span class='ocrx_word' id='word_1_912' title='bbox 2312 5538 2424 5592; x_wconf 87' lang='lat' dir='ltr'><strong>Duo</strong></span> <span class='ocrx_word' id='word_1_913' title='bbox 2475 5553 2601 5592; x_wconf 89' lang='lat' dir='ltr'><strong>mss.</strong></span> <span class='ocrx_word' id='word_1_914' title='bbox 2634 5535 3015 5609; x_wconf 83' lang='grc' dir='ltr'>προσέρχεται.</span> <span class='ocrx_word' id='word_1_915' title='bbox 3062 5535 3201 5609; x_wconf 84' lang='lat' dir='ltr'><strong>Editi</strong></span> <span class='ocrx_word' id='word_1_916' title='bbox 3245 5547 3366 5589; x_wconf 89' lang='lat' dir='ltr'><strong>cum</strong></span> <span class='ocrx_word' id='word_1_917' title='bbox 3400 5531 3519 5586; x_wconf 80' lang='lat' dir='ltr'><strong>aliis</strong></span> <span class='ocrx_word' id='word_1_918' title='bbox 3542 5530 3656 5601; x_wconf 86' lang='lat' dir='ltr'><strong>qui-</strong></span> 
     </span>
    </p>
   </div>
   <div class='ocr_carea' id='block_1_117' title="bbox 2085 5606 3279 5680">
    <p class='ocr_par' dir='ltr' id='par_1_117' title="bbox 2085 5606 3279 5680">
     <span class='ocr_line' id='line_1_117' title="bbox 2085 5606 3279 5680; baseline 0 -18"><span class='ocrx_word' id='word_1_919' title='bbox 2085 5606 2310 5680; x_wconf 70' lang='lat' dir='ltr'><strong>busdam</strong></span> <span class='ocrx_word' id='word_1_920' title='bbox 2353 5624 2484 5663; x_wconf 90' lang='lat' dir='ltr'><strong>mss.</strong></span> <span class='ocrx_word' id='word_1_921' title='bbox 2511 5606 3041 5680; x_wconf 62' lang='lat' dir='ltr'><strong>rgpoépxsrai,longe</strong></span> <span class='ocrx_word' id='word_1_922' title='bbox 3068 5606 3279 5680; x_wconf 81' lang='lat' dir='ltr'><strong>melius.</strong></span> 
     </span>
    </p>
   </div>
   <div class='ocr_carea' id='block_1_118' title="bbox 2157 5670 3657 5749">
    <p class='ocr_par' dir='ltr' id='par_1_118' title="bbox 2157 5670 3657 5749">
     <span class='ocr_line' id='line_1_118' title="bbox 2157 5670 3657 5749; baseline -0.005 -18"><span class='ocrx_word' id='word_1_923' title='bbox 2157 5677 2266 5749; x_wconf 88' lang='lat'><strong>(98)</strong></span> <span class='ocrx_word' id='word_1_924' title='bbox 2294 5670 2763 5749; x_wconf 51' lang='lat' dir='ltr'><strong>Ita.tus.‘C&#39;om&#39;b&#39;ef.</strong></span> <span class='ocrx_word' id='word_1_925' title='bbox 2797 5670 2919 5734; x_wconf 82' lang='lat' dir='ltr'><strong>cum</strong></span> <span class='ocrx_word' id='word_1_926' title='bbox 2954 5670 3074 5733; x_wconf 74' lang='lat' dir='ltr'><strong>aiiis</strong></span> <span class='ocrx_word' id='word_1_927' title='bbox 3102 5676 3356 5747; x_wconf 85' lang='lat' dir='ltr'><strong>quinque.</strong></span> <span class='ocrx_word' id='word_1_928' title='bbox 3385 5672 3526 5730; x_wconf 86' lang='lat' dir='ltr'><strong>Editi</strong></span> <span class='ocrx_word' id='word_1_929' title='bbox 3545 5670 3657 5725; x_wconf 81' lang='grc' dir='ltr'>τῶν</span> 
     </span>
    </p>
   </div>
   <div class='ocr_carea' id='block_1_119' title="bbox 2085 5748 2493 5819">
    <p class='ocr_par' dir='ltr' id='par_1_119' title="bbox 2085 5748 2493 5819">
     <span class='ocr_line' id='line_1_119' title="bbox 2085 5748 2493 5819; baseline -0.005 -16"><span class='ocrx_word' id='word_1_930' title='bbox 2085 5748 2493 5819; x_wconf 83' lang='grc' dir='ltr'>ἀντικειμένων.</span> 
     </span>
    </p>
   </div>
  </div>
