4082 6218
526 383 594 437 9|
1876 387 1935 444 s.
1977 384 2225 443 BASlLll
2265 385 2481 441 MAGNI
3718 382 3784 430 ιη

528 498 736 554 calidus
770 507 855 553 est
880 505 932 553 et
967 497 1165 565 siccus,
1182 497 1466 571 colligatur
1505 516 1627 557 cum
1679 517 1805 558 aere
1829 518 1923 572 per
1947 505 2094 558 calo-

2203 504 2396 574 πυρὸς,
2431 502 2509 573 τῷ
2541 501 2693 555 ῦδατι
2731 499 2830 569 μὲν
2858 495 2944 551 διά
2964 495 3065 566 τῆς
3099 492 3416 566 ὑγρότητος,
3451 491 3526 563 τῷ
3561 492 3703 562 πυρὶ
3732 481 3789 543 δδ

529 606 666 653 rem,
696 605 758 645 ac
782 605 967 645 rursus
1000 605 1096 660 per
1125 590 1423 646 siccitatem
1472 593 1539 647 ad
1583 602 1745 649 terra:
1790 595 2099 650 societatem

530 682 689 736 redit.
720 681 893 750 Atque
930 681 1000 735 ita
1046 682 1299 737 omnibus
1354 684 1820 740 consentientibus
1868 700 1933 741 ac
1983 701 2103 740 mu-

528 781 679 829 tuum
727 775 1015 843 quemdam
1043 774 1290 830 ordinem
1324 776 1465 830 inter
1511 791 1572 831 se
1620 776 1970 842 habentibus,
1994 777 2101 830 cir-

529 866 682 919 culus
718 864 796 931 ﬁt,
830 881 893 919 ac
910 865 1203 922 concinnus
1235 867 1455 922 chorus.
1477 866 1630 923 Unde
1657 868 1942 937 etproprie
1969 867 2102 937 ipsis

529 958 780 1027 adaptata
832 956 929 1012 luit
977 958 1266 1028 appellatio
1320 959 1734 1014 elementorum.
1795 959 1919 1013 Haec
1953 973 1982 1012 a
2019 972 2103 1012 me

530 1051 669 1104 dicta
718 1061 864 1116 sunt,
902 1060 960 1104 ut
985 1067 1201 1107 causam
1235 1051 1480 1107 all'errem
1521 1067 1619 1107 cur
1650 1050 1923 1106 vocaverit
1962 1049 2103 1105 Deus

531 1144 763 1210 aridam,
791 1152 1031 1209 terram;
1074 1160 1175 1199 nec
1197 1154 1373 1199 tamen
1421 1154 1642 1212 terram,
1678 1145 1881 1197 aridam
1916 1142 2102 1213 appel-

530 1235 741 1291 laverit.
773 1234 1036 1291 Nimirum
1071 1238 1195 1306 quia
1224 1238 1434 1291 aridum
1491 1252 1595 1291 non
1627 1251 1693 1291 ex
1722 1237 1807 1291 his
1845 1244 1928 1290 est
1983 1250 2104 1304 qua:

534 1334 689 1379 terra:
728 1326 780 1379 in
811 1337 1082 1394 posterum
1116 1337 1477 1390 accesserunt,
1509 1326 1603 1381 sed
1628 1342 1694 1381 ex
1749 1326 1835 1381 bis
1882 1340 2002 1395 quae
2036 1327 2103 1379 ab

531 1417 688 1470 initio
738 1417 1025 1471 essentiam
1063 1418 1232 1485 ipsius
1286 1418 1640 1472 constituunt.
1688 1415 1862 1471 Porro
1890 1431 2008 1485 quae
2048 1416 2102 1470 in

531 1524 693 1563 causa
724 1518 848 1563 sunt
878 1524 975 1563 cur
1009 1508 1209 1578 aliquid
1235 1509 1483 1576 exsistat,
1506 1509 1573 1563 iis
1590 1522 1711 1578 qua!
1736 1518 1922 1577 postea
1949 1522 2103 1562 acce-

532 1601 690 1665 dunt,
745 1609 939 1654 natura
997 1610 1123 1655 sunt
1156 1601 1333 1671 priora
1377 1616 1439 1654 ac
1476 1600 1866 1670 praestantiora.
1905 1598 2104 1666 Quam-

530 1694 716 1747 obrem
782 1702 921 1746 notae
973 1692 1164 1763 aliqua:
1224 1708 1290 1748 ex
1349 1692 1706 1747 anterioribus
1736 1701 1789 1745 et
1848 1691 2106 1746 vetustio-

531 1775 697 1831 ribus
732 1776 798 1829 ad
859 1784 1057 1830 terram
1106 1775 1489 1846 designandam
1545 1784 1671 1831 sunt
1714 1775 1835 1846 jure
1883 1774 2100 1843 excogi-

532 1875 585 1922 ta
593 1879 675 1923 tae.

599 2052 652 2106 6.
686 2053 749 2107 Et
773 2051 1100 2116 vidit‘Deus,
1125 2053 1264 2123 quod
1306 2051 1585 2120 pulchrum
1643 2060 1793 2105 esset.
1823 2049 1940 2107 Non
1996 2051 2099 2106 hoc

530 2144 734 2200 indicat
762 2143 1060 2211 Scriptura,
1102 2142 1601 2211 nempejucundum
1626 2142 1913 2211 quemdam
1938 2142 2101 2196 maris

531 2248 809 2309 aspectum
860 2236 1026 2292 fuisse
1048 2235 1159 2291 Deo
1197 2234 1514 2289 exbibitum.
1570 2233 1686 2289 Non
1738 2235 1879 2289 enim
1930 2235 2101 2289 oculis

529 2329 979 2399 pulchritudinem
1002 2335 1263 2383 creatum
1291 2327 1526 2382 intuetur
1550 2326 1827 2390 Conditor,
1857 2327 1951 2382 sed
1981 2341 2101 2395 qua:

530 2422 688 2484 ﬁunt,
717 2418 981 2489 sapientia
1011 2416 1265 2472 ineffabili
1312 2417 1723 2485 contemplatur.
1768 2416 2098 2485 Estquidem

530 2514 742 2575 gratum
768 2500 1132 2570 spectaculum
1157 2515 1343 2565 aequor
1359 2501 1720 2565 inalbescens,
1747 2516 1868 2555 cum
1893 2499 2099 2555 stabilis

530 2592 892 2662 tranquillitas
920 2591 1095 2660 ipsum
1143 2599 1374 2660 occupat
1407 2608 1420 2644 :
1454 2605 1640 2645 rursus
1668 2601 1751 2645 est
1779 2593 1941 2645 etiam
1972 2605 2099 2660 gra-

522 2680 668 2750 ‘tum,
695 2698 817 2738 cum
842 2682 1007 2751 ipsius
1029 2680 1340 2750 superﬁcies
1358 2680 1565 2735 lenibus
1588 2680 1736 2735 auris
1753 2687 2097 2748 exasperata,

529 2772 872 2831 cernentibus
928 2785 1253 2841 purpureum
1284 2780 1378 2824 aut
1409 2769 1697 2823 caeruleum
1730 2768 1967 2824 colorem
2011 2764 2097 2820 of-

528 2867 665 2921 l‘ert:
702 2862 915 2933 quando
937 2876 1110 2930 neque
1141 2859 1410 2916 violenter
1435 2860 1688 2915 verberat
1730 2858 1963 2912 vicinam
1992 2866 2100 2910 ter-

527 2969 665 3019 ram,
696 2954 788 3008 sed
820 2951 963 3005 velut
989 2948 1228 3019 paciﬁcis
1264 2948 1584 3018 quibusdam
1613 2947 1952 3016 amplexibus
1977 2961 2096 2999 eam

528 3044 920 3114 complectitur.
956 3041 1073 3096 Non
1119 3049 1298 3095 tamen
1352 3039 1646 3109 putandum
1702 3046 1808 3103 est,
1835 3038 1899 3092 ad
1953 3039 2097 3092 hunc

527 3137 747 3191 modum
772 3134 975 3188 dixisse
1004 3131 1360 3198 Scripturam,
1386 3144 1537 3183 mare
1573 3130 1683 3184 Deo
1726 3129 1901 3183 visum
1930 3127 2098 3182 fuisse

526 3226 813 3297 pulchrum
841 3238 904 3276 ac
926 3196 1219 3291 jucundum
1252 3237 1266 3272 :
1312 3222 1409 3275 sed
1441 3221 1531 3275 bic
1563 3234 1631 3275 ex
1655 3220 1853 3291 opiﬁcii
1884 3221 2095 3275 ratione
2123 3196 2168 3254 (ἶ

529 3317 852 3388 diiudicatur
876 3314 1239 3383 pulchritudo.
1265 3313 1506 3368 Primum
1538 3313 1780 3383 quidem,
1820 3313 1948 3384 quia
1979 3329 2098 3368 ma-

528 3404 605 3459 ris
632 3417 773 3474 aqua
811 3402 979 3457 totius
1023 3401 1226 3457 terreni
1274 3401 1517 3457 humoris
1546 3401 1667 3457 fons
1715 3409 1773 3457 et
1810 3403 1963 3473 origo
1992 3414 2094 3458 est.

527 3496 657 3551 llaec
701 3495 915 3564 quidem
956 3509 1053 3564 per
1098 3494 1338 3550 occultos
1380 3503 1591 3550 meatus
1616 3494 1991 3562 distribuitur;
2019 3495 2097 3550 uti

525 3587 663 3643 laxa:
689 3596 849 3656 atque
882 3586 1093 3641 hiantes
1118 3594 1296 3651 terrae,
1324 3599 1461 3654 quas
1489 3584 1709 3641 ﬂuidum
1740 3600 1888 3640 mare
1916 3587 2093 3651 subit,

526 3681 766 3736 indicant
791 3697 806 3734 :
833 3681 975 3749 quod
998 3680 1084 3734 ubi
1113 3678 1167 3733 in
1184 3678 1436 3748 obliquis,
1468 3693 1574 3733 non
1603 3689 1782 3733 autem
1813 3688 1959 3735 recta
1980 3688 2097 3734 ten-

525 3772 794 3837 dentibus,
823 3770 1155 3826 diverticulis
1178 3769 1294 3841 39
1351 3770 1615 3827 inclusum
1652 3780 1757 3836 est,
1787 3771 2096 3841 impulsum-

523 3879 631 3933 que
661 3862 763 3917 fuit
794 3878 825 3916 a
853 3872 1013 3918 vento
1059 3862 1186 3916 illud
1212 3870 1478 3928 movente,
1531 3871 1642 3916 tum
1666 3862 1950 3932 superﬁcie
1983 3865 2095 3920 dis-

523 3966 679 4024 rupta
699 3955 844 4011 l'oras
868 3954 1132 4024 erumpit;
1158 3963 1319 4025 atque
1342 3955 1662 4009 emendante
1682 3956 2092 4011 amaritudinem

521 4047 909 4118 percolatione,
963 4047 1109 4116 potui
1144 4054 1326 4115 aptum
1374 4047 1571 4101 evadit.
1613 4046 1732 4103 Iam
1784 4062 1911 4104 vero
1959 4049 2091 4103 cali-

522 4137 674 4191 diore
696 4136 952 4205 qualitate
982 4137 1144 4191 etiam
1175 4152 1242 4191 ex
1274 4137 1501 4191 metallis
1522 4138 1576 4192 in
1608 4140 1835 4195 transitu
1853 4151 2091 4211 accepta,

520 4240 589 4280 ex
616 4227 802 4282 eadem
832 4228 1096 4282 moventis
1120 4243 1282 4282 causa
1308 4228 1570 4284 fervidum
1603 4231 1661 4285 ﬁt
1701 4242 1759 4286 ut
1803 4233 2092 4302 plurimum

521 4328 580 4373 et
604 4317 835 4373 ardens:
886 4318 938 4374 id
984 4320 1124 4389 quod
1156 4320 1207 4373 in
1234 4319 1412 4375 multis
1439 4321 1650 4389 insulis,
1677 4323 1962 4394 multisque
1980 4339 2094 4379 ma-

523 4408 722 4463 ritimis
779 4408 912 4464 locis
957 4409 1038 4463 fas
1088 4419 1173 4463 est
1210 4409 1429 4466 intueri.
1459 4411 1791 4481 Quinetiam,
1821 4424 1879 4469 ut
1924 4431 2088 4486 parva

2199 594 2289 648 διὰ
2314 594 2406 647 τοῦ
2442 592 2647 665 θερμοῦ
2676 588 3146 661 συμπλεκόμενος.
3199 586 3273 638 Τὸ
3320 584 3377 638 δὲ
3416 583 3547 655 πῦρ,
3577 580 3789 653 θερμὸν

2201 687 2297 740 καὶ
2331 686 2494 758 ξηρὸν
2524 684 2769 756 ὑπάρχον
2813 682 2913 752 τὴν
2964 679 3148 750 φύσιν,
3178 677 3257 749 τῷ
3300 677 3398 748 μὲν
3450 674 3643 747 θερμῷ
3675 673 3785 744 (99)

2203 777 2340 848 πρὸς
2371 777 2462 830 τὸν
2514 775 2653 847 ἀέρα
2687 772 2979 836 συνδεῖται,
3008 769 3085 841 τῷ
3133 767 3283 841 ξηρῷ
3321 767 3379 820 δὲ
3424 766 3593 820 πάλιν
3648 762 3786 835 πρὸς

2202 868 2299 940 τὴν
2321 868 2607 922 κοινωνίαν
2638 866 2737 937 τῆς
2765 865 2870 935 γῆς
2897 862 3276 934 ἐπανέρχεται.
3322 859 3434 914 Καὶ
3461 856 3610 912 οὕτω
3640 856 3787 925 γίνε-

2199 977 2291 1012 ται
2337 959 2535 1022 κύκλος
2583 958 2678 1011 καὶ
2729 956 2889 1027 χορὸς
2947 954 3288 1025 ἐναρμόνιος,
3347 949 3786 1020 συμφωνούντων

2203 1051 2422 1105 πάντων
2458 1049 2556 1103 καὶ
2595 1046 3025 1118 συστοιχούντων
3058 1044 3330 1115 ἀλλήλοις.
3383 1041 3543 1095 Ὅθεν
3576 1040 3789 1112 κυρίως

2202 1142 2386 1205 αὐτοῖς
2442 1142 2536 1195 καὶ
2587 1143 2621 1212 ἡ
2679 1137 3020 1212 προσηγορία
3076 1136 3186 1189 τῶν
3229 1133 3505 1205 στοιχείων
3539 1133 3787 1203 ἐφήρμο-

2206 1251 2329 1286 σται
2364 1232 2461 1305 (l).
2499 1232 2688 1287 Ταῦτά
2721 1248 2811 1303 μοι
2841 1231 3057 1301 εἴρηται
3095 1226 3430 1298 παριστῶντι
3469 1225 3570 1294 τὴν
3607 1223 3787 1276 αἰτίαν

2201 1326 2267 1378 δι’
2303 1325 2370 1394 ἢν
2395 1327 2423 1378 ὁ
2446 1324 2577 1388 Θεὸς
2606 1325 2704 1394 τὴν
2729 1321 2899 1395 ξηράν
2928 1320 3153 1375 ἐκάλεσε
3193 1320 3318 1390 γῆν,
3366 1316 3482 1371 ἀλλ’
3512 1316 3642 1385 οὐχὶ
3687 1314 3784 1385 τὴν

2203 1418 2308 1488 γῆν
2340 1419 2603 1487 προσεῖπε
2631 1415 2823 1487 ξηράν.
2875 1414 3020 1467 Διότι
3047 1412 3108 1465 τὸ
3138 1411 3299 1483 ξηρὸν
3331 1408 3452 1479 οὐχὶ
3478 1407 3591 1461 τῶν
3628 1405 3786 1459 ὓστε-

2206 1524 2300 1579 ρον
2327 1507 2405 1577 (2)
2436 1506 2876 1580 προσγινομένων
2903 1504 3021 1558 ἐστὶ
3035 1506 3102 1575 τῇ
3130 1505 3223 1574 γῇ,
3246 1500 3381 1555 ἀλλὰ
3404 1499 3511 1552 τῶν
3528 1495 3591 1562 ἐξ
3615 1495 3788 1567 ἀρχῆς

2207 1597 2676 1669 συμπληρούντων
2716 1596 2886 1666 αὐτῆς
2908 1594 3005 1666 τὴν
3030 1594 3239 1648 ούσίαν.
3287 1591 3369 1645 Τὰ
3397 1590 3453 1643 δὲ
3483 1589 3661 1659 αὐτὴν
3694 1584 3786 1639 τοῦ

2205 1685 2345 1743 εἶναι
2373 1690 2552 1743 αἰτίαν
2580 1689 2912 1759 παρέχοντα,
2943 1689 3185 1760 πρότερα
3223 1687 3288 1756 τῇ
3315 1682 3474 1753 φύσει
3501 1681 3614 1735 τῶν
3651 1677 3787 1750 μετὰ

2203 1781 2378 1835 ταῦτα
2401 1779 2841 1853 προσγινομένων
2874 1779 2967 1833 καὶ
2998 1776 3381 1849 προτιμότερα.
3417 1774 3587 1826 Ὥστε
3636 1767 3784 1822 εἰκό-

2200 1891 2309 1937 τως
2335 1875 2400 1927 ὲκ
2428 1872 2537 1928 τῶν
2595 1871 3058 1945 προϋπαρχόντων
3111 1871 3209 1924 καὶ
3261 1865 3656 1942 πρεσϐυτέρων
3695 1862 3787 1913 έπ-

2201 1965 2397 2037 ενοήθη
2430 1968 2496 2036 τῇ
2516 1967 2587 2035 γῇ
2621 1963 2690 2018 τὰ
2719 1964 3099 2035 γνωρίσματα.

2276 2056 2330 2113 6.
2365 2058 2473 2110 Καὶ
2505 2053 2665 2111 εἶδεν
2691 2058 2725 2110 ό
2755 2057 2920 2122 Θεὸς,
2955 2055 3044 2109 ὅτι
3070 2054 3280 2108 καλόν.
3307 2051 3422 2105 Οὐκ
3457 2049 3594 2104 αὐτὸ
3628 2048 3785 2103 τοῦτο

2201 2153 2442 2223 τερπνήν
2476 2168 2601 2205 τινα
2626 2150 2748 2221 ὄψιν
2781 2150 3059 2220 θαλάσσης
3084 2151 3113 2202 ὁ
3149 2148 3307 2217 λόγος
3339 2147 3677 2202 ἐνδείκνυται
3710 2146 3785 2218 τῷ

2200 2242 2319 2313 Θεῷ
2377 2242 2676 2314 πεφηνέναι
2717 2242 2816 2311 (5).
2869 2241 2943 2293 Οὐ
2991 2240 3100 2311 γὰρ
3138 2238 3435 2309 ὀφθαλμοῖς
3489 2237 3683 2307 βλέπει
3718 2235 3785 2289 τά

2203 2335 2374 2405 κάλλη
2397 2334 2498 2406 τῆς
2527 2333 2759 2398 κτίσεως
2810 2336 2839 2388 ὁ
2887 2334 3139 2404 ποιητὴς,
3168 2331 3304 2385 ἀλλὰ
3340 2333 3407 2402 τῇ
3442 2331 3671 2403 ἀρρήτῳ
3694 2346 3781 2382 σο-

2202 2426 2301 2496 φία
2324 2424 2519 2496 θεωρεῖ
2543 2423 2613 2478 τὰ
2647 2424 2927 2495 γινόμενα.
2983 2423 3110 2478 Ἠδὺ
3160 2423 3258 2494 μὲν
3298 2420 3409 2492 γὰρ
3448 2420 3634 2493 θέαμα
3665 2418 3784 2473 λευ-

2199 2515 2496 2586 καινομένη
2543 2513 2809 2579 θάλασσα,
2851 2513 3093 2584 γαλήνης
3142 2511 3307 2584 αὐτὴν
3346 2512 3618 2582 παθερᾶς
3649 2526 3781 2565 κατ-

2199 2605 2431 2677 εχούσης
2454 2622 2467 2635 ’
2498 2605 2600 2676 ἡδὺ
2644 2605 2702 2659 δὲ
2727 2606 2821 2659 καὶ
2850 2606 2978 2661 ὅταν
3004 2604 3257 2677 πραείαις
3289 2601 3484 2675 αὔραις
3515 2617 3781 2675 τραχυνο-

2203 2698 2340 2769 μένη
2378 2697 2447 2750 τὰ
2480 2697 2646 2759 νῶτα,
2701 2697 3088 2769 πορφύρουσαν
3148 2695 3316 2767 χρόαν
3356 2694 3390 2766 ἢ
3438 2694 3651 2765 κυανῆν
3675 2693 3780 2753 τοῖς

2197 2788 2365 2861 ὁρῶσι
2408 2789 2724 2862 προσϐάλλῃ
2775 2788 2874 2859 (4)·
2908 2789 2997 2842 ὅτε
3055 2787 3176 2841 οὐδὲ
3218 2785 3408 2839 τύπτει
3461 2783 3652 2855 βιαίως
3684 2781 3780 2854 τὴν

3660 2864 3879 2881 μου-κα.-

2198 2882 2413 2951 γείτονα
2440 2882 2655 2953 χέρσον,
2690 2880 2804 2934 ἀλλ’
2836 2876 2948 2934 οἷον
2975 2880 3279 2950 εἰρηνικαῖς
3314 2894 3457 2931 τισιν
3482 2875 3779 2947 αύτὴν⁷πεα

2200 2973 2486 3044 ριπλοκαῖς
2530 2972 2965 3038 κατασπάζεται.
3033 2971 3109 3024 Ού
3176 2969 3282 3042 μὴν
3315 2969 3462 3023 οῦτω
3508 2969 3607 3022 καὶ
3660 2964 3778 3036 Θεῷ

2197 3063 2406 3118 οἴεσθαι
2430 3065 2538 3137 χρὴ
2576 3066 2673 3135 τὴν
2697 3063 2921 3138 Γραφὴν
2951 3063 3232 3135 εἰρηκέναι
3265 3061 3435 3134 καλὴν
3466 3060 3563 3116 καὶ
3594 3061 3776 3133 ἡδεῖαν

2198 3149 2375 3226 ὦφθαι
2433 3156 2529 3228 τὴν
2583 3156 2875 3221 θάλασσαν,
2907 3155 3043 3210 ἀλλὰ
3084 3155 3147 3207 τὸ
3185 3154 3350 3208 καλὸν
3387 3155 3503 3207 ἐκεῖ
3528 3152 3610 3225 τῷ
3638 3151 3779 3221 λόγῳ

2198 3248 2298 3319 τῆς
2325 3247 2402 3318 (5)
2430 3248 2793 3319 δημιουργίας
2808 3247 3071 3319 κρίνεται.
3110 3246 3333 3318 Πρῶτον
3366 3246 3485 3317 μὲν,
3507 3246 3594 3299 ὅτι
3627 3242 3777 3315 πηγὴ

2196 3339 2296 3410 τῆς
2322 3340 2451 3411 περί
2495 3338 2599 3409 γῆν
2648 3340 2866 3409 ἁπάσης
2902 3339 3104 3404 νοτίδος
3133 3340 3251 3392 ἐστὶ
3290 3339 3349 3392 τὸ
3375 3338 3476 3409 τῆς
3499 3337 3776 3407 θαλάσσης

2199 3428 2343 3501 ὕδωρ
2364 3446 2378 3459 ι
2431 3429 2587 3481 τοῦτο
2634 3428 2732 3499 μὲν
2763 3430 2819 3481 ὲν
2842 3432 2953 3493 τοῖς
2986 3429 3215 3499 ἀφανέσι
3259 3429 3447 3500 πόροις
3470 3428 3777 3498 διαδιδόμε-

2196 3539 2307 3588 νον,
2358 3521 2434 3584 ὡς
2462 3519 2713 3593 δηλοῦσιν
2759 3522 2818 3574 αἰ
2878 3520 3182 3593 σομφώδεις
3238 3522 3347 3575 τῶν
3384 3522 3634 3594 ἠπείρων
3682 3517 3776 3572 καίΙ

2198 3612 2482 3683 ὖπαντροι,
2514 3612 2605 3681 ὑφ’
2636 3611 2703 3674 ἃς
2730 3614 2764 3684 ἡ
2795 3612 2998 3685 ῥοώδης
3051 3613 3473 3679 διαυλωνίζουσα
3506 3613 3771 3673 θάλασσα,

2198 3702 2423 3783 ἐπειδὰν
2452 3702 2693 3767 σκολιαῖς
2724 3703 2819 3757 καὶ
2854 3703 2914 3756 ού
2951 3703 3027 3776 (6)
3066 3703 3203 3776 πρὸς
3232 3704 3294 3758 τὸ
3325 3704 3507 3776 ὄρθιον
3542 3700 3774 3777 φερομέα

2195 3812 2317 3859 ναις
2347 3794 2693 3867 ὲναποληφθῇ
2727 3793 3000 3861 διεξόδοις,
3038 3796 3143 3850 ὑπὸ
3181 3795 3275 3850 τοῦ
3303 3795 3577 3860 κινοῦντος
3605 3792 3772 3864 αὐτὴν

2195 3885 2501 3957 πνεύματος
2540 3886 2847 3959 ὠθουμένη,
2892 3886 3117 3958 φέρεται
3154 3886 3259 3952 ἔξω
3298 3886 3396 3958 τὴν
3446 3888 3770 3955 ἐπιφάνειαν

2193 3977 2551 4050 διαρῤήξασα,
2581 3979 2675 4032 καὶ
2727 3978 2935 4047 γίνεται
2969 3980 3199 4051 πότιμος
3234 3978 3299 4031 ὲκ
3341 3979 3441 4050 τῆς
3472 3978 3771 4051 διηθήσεως

2192 4066 2253 4119 τὸ
2283 4067 2478 4137 πικρὸν
2533 4067 2763 4121 ἰαθεῖσα.
2787 4067 2927 4139 Ἤδη
2962 4068 3020 4122 δὲ
3051 4069 3146 4123 καί
3202 4068 3540 4141 θερμοτέρας
3582 4069 3649 4121 ὲκ
3678 4082 3770 4138 με·

2194 4158 2404 4213 τάλλων
2434 4161 2717 4231 ποιότητος
2751 4162 2897 4237 κατὰ
2939 4162 3038 4233 τὴν
3086 4160 3317 4227 διέξοδον
3366 4159 3766 4233 προσλαϐοῦσα,

2192 4251 2257 4303 ὲκ
2286 4250 2385 4321 τῆς
2421 4251 2591 4320 αὐτῆς
2618 4250 2711 4304 τοῦ
2754 4251 3032 4316 κινοῦντος
3079 4253 3257 4317 αἰτίας
3298 4251 3495 4317 ζέουσα
3536 4253 3764 4322 γίνεται,

2193 4339 2270 4404 ὡς
2299 4340 2368 4393 τὰ
2394 4340 2583 4404 πολλὰ,
2615 4341 2710 4395 καὶ
2744 4342 3031 4415 πυρώδης·
3068 4344 3204 4416 ὅπερ
3232 4344 3495 4416 πολλαχοῦ
3527 4346 3626 4417 μὲν
3657 4341 3767 4398 τῶν

2192 4432 2395 4503 νήσων,
2449 4432 2718 4504 πολλαχοῦ
2750 4433 2808 4486 δὲ
2857 4435 2967 4489 τῶν
3013 4435 3296 4507 παραλίων
3328 4437 3510 4492 τόπων
3560 4437 3764 4502 ἔξεστιν

520 4502 733 4568 magnis
763 4516 1141 4572 comparemus
1165 4544 1182 4570 ,
1235 4505 1289 4558 in
1324 4506 1730 4562 mediterraneis
1781 4508 2090 4578 regionibus

2198 4502 2498 4595 ἱστορῆσαι.
2538 4502 2711 4578 Ὅπου
2756 4543 2821 4594 γε
2870 4527 2963 4580 καὶ
3013 4502 3155 4581 κατὰ
3193 4528 3293 4598 τὴν
3346 4529 3636 4598 μεσόγειαν
3683 4524 3761 4597 (7)

522 4596 701 4650 simile
754 4596 1005 4664 quiddam
1068 4602 1440 4667 perpetiuntur
1494 4599 1610 4654 loca
1659 4602 1902 4669 quaedam
1934 4605 2090 4674 aquis

529 4680 835 4737 ﬂuvialibus
886 4684 1137 4741 conﬁnia.
1196 4686 1334 4753 Quid
1363 4697 1445 4742 est
1473 4688 1637 4756 igitur
1668 4704 1770 4745 cur
1813 4693 1913 4748 hoc
1939 4707 1970 4747 a
2004 4710 2092 4749 me

517 4772 722 4828 dictum
762 4774 867 4827 sit?
906 4772 1059 4839 Quod
1116 4785 1224 4830 tota
1287 4777 1465 4842 tellus,
1513 4793 1653 4848 aqua
1708 4796 1806 4851 per
1852 4783 2091 4840 occultos

516 4869 728 4915 meatus
762 4877 828 4915 ex
867 4864 1032 4918 maris
1061 4864 1340 4936 principiis
1372 4870 1797 4936 subtermeante,
1826 4872 2090 4931 cuniculis

516 4951 714 5006 referta
755 4963 840 5007 est
860 4968 923 5009 ac
946 4955 1166 5022 repleta.

591 5042 640 5098 7.
690 5042 979 5099 Pulchrum
1015 5046 1197 5116 itaque
1223 5056 1306 5103 est
1330 5062 1481 5105 mare
1511 5048 1640 5120 Deo,
1669 5051 1739 5109 ob
1796 5052 2081 5113 humorem

585 5248 697 5332 (99)
717 5249 849 5332 pug.
866 5267 997 5332 mss.
1020 5254 1082 5308 τὸ
1107 5254 1207 5332 μέν
1233 5256 1435 5331 θερμόν
1462 5281 1474 5315 :
1511 5276 1738 5332 quorum
1763 5267 1900 5323 alter
1923 5270 2083 5327 habet

510 5336 585 5409 τό
611 5319 776 5409 ξηρὸν
804 5322 1077 5409 δξὲπάλιν.
1101 5319 1203 5409 [illi
1230 5319 1494 5409 tre's'mss.
1528 5319 1608 5404 τῷ
1643 5335 1740 5409 μεν

510 5391 787 5481 τιξᾼξηρῷ
845 5393 923 5451 δέ.
978 5394 1098 5450 Mox
1149 5397 1283 5467 Reg.
1342 5403 1548 5470 primus
1578 5391 2081 5481 'xépsg'nalip'gsl

510 5473 659 5617 mli).
689 5532 841 5617 ἕξεις.
859 5535 1059 5617 “mus.
1087 5536 1831 5617 “°‘X€"~2V_.ﬁ_9e°ﬁeaocm.

610 5561 658 5603 ι)
690 5561 1048 5617 ιισδκιιπιιυδ
1087 5561 1362 5608 στοιχειων
1387 5561 1570 5623 ,προση
1616 5563 1735 5616 μοσπ

692 5600 842 5686 Multi
877 5620 1006 5660 mss.
1035 5604 1287 5686 ἰὸσιείερρνζ
1304 5610 1445 5665 Edm
1472 5561 1735 5686 ύστὲρως.

854 5686 1038 5752 sextus
1070 5669 1298 5752 τῷΘειῖι
1329 5669 1650 5752 πεφυκέναὶ.

605 5701 660 5803 :;
854 5701 1038 5797 2:23“
1070 5701 1149 5746 τιν

580 5701 657 5879 is)
706 5809 782 5863 ιι.
807 5747 1278 5873 assume...
1316 5765 1372 5874 τις

606 5808 657 5877 5)
706 5809 782 5863 Ita
837 5812 1003 5868 editio
1032 5808 1197 5871 Basil.
1226 5831 1278 5873 et
1322 5808 1428 5877 Tus.
1482 5822 1724 5884 Combel‘.
1758 5843 1883 5885 cum
1948 5831 2066 5889 aliis

2166 4615 2350 4689 ⁴τόποι
2379 4615 2523 4679 τινὲς
2548 4616 2655 4669 τῶν
2695 4618 2974 4687 ποταμίων
3016 4619 3223 4674 ὑδάτων
3260 4621 3519 4690 γείτονες,
3552 4622 3627 4686 ὡς
3672 4635 3759 4690 μι-

2193 4708 2302 4780 κρὰ
2351 4707 2607 4776 μεγάλοις
2651 4709 2890 4772 εἰκάσαι,
2943 4709 3012 4764 τὰ
3065 4713 3421 4785 παραπλήσια
3473 4714 3757 4784 πάσχουσι.

2191 4798 2337 4869 Πρὸς
2359 4794 2453 4852 οὖν
2483 4800 2536 4851 τί
2558 4799 2717 4853 τοῦτο
2741 4800 2958 4873 εἴρηταί
2999 4820 3125 4874 μοι;
3163 4806 3286 4859 Ὀτι
3310 4808 3460 4859 πᾶσα
3494 4801 3759 4874 ὑπόνομός

2188 4889 2337 4943 ἐστιν
2368 4892 2402 4961 ἡ
2435 4890 2530 4961 γῆ,
2561 4891 2651 4946 διὰ
2701 4892 2885 4963 πόρων
2929 4895 3152 4964 ἀφανῶν
3194 4898 3260 4950 ὲκ
3309 4898 3417 4951 τῶν
3447 4897 3632 4967 ἀρχῶν
3657 4892 3754 4962 τῆς

2188 4978 2465 5053 θαλάσσης
2503 4983 2923 5049 ὑπονοστοῦντος
2952 4986 3047 5041 τοῦ
3075 4987 3285 5053 ὕδατος.

2258 5068 2312 5124 7.
2345 5068 2500 5141 Καλὴ
2529 5071 2708 5125 τοίνυν
2734 5072 2767 5143 ἡ
2796 5071 3041 5129 θάλασσα
3068 5076 3148 5148 τῷ
3187 5077 3308 5148 Θεῷ
3338 5078 3431 5133 καὶ
3458 5077 3547 5132 διὰ
3573 5078 3670 5150 τὴν
3695 5075 3751 5129 έν
3808 5082 3813 5085 ’

2184 5276 2421 5348 quinque
2474 5293 2604 5334 mss.
2641 5280 2772 5348 Reg.
2821 5291 3009 5338 sextus
3038 5282 3175 5338 ἀλλὰ
3212 5286 3273 5339 τὸ
3303 5285 3469 5340 καλὸν
3489 5285 3629 5341 ἐκεῖ.
3669 5279 3736 5348 τῷ

2184 5345 2333 5418 καλῷ
2356 5347 2475 5418 τῆς,
2512 5360 2619 5405 etc.
2671 5345 2852 5407 Edilio
2897 5352 3070 5409 Paris.
3125 5356 3290 5409 καλὸν
3319 5356 3513 5426 ἐκείνῳ
3568 5353 3645 5426 τῷ

2220 5433 2285 5468 ω.

2182 5431 2330 5557 7ng(.6)
2367 5484 2729 5563 _Sic_Combel‘.
2758 5490 3061 5563 cumReg.
3088 5503 3284 5550 octavo
3323 5505 3379 5549 et
3421 5512 3546 5552 cum
3595 5491 3741 5551 Coll).
3783 5483 3791 5493 ’

2182 5556 2440 5635 secundq.
2468 5558 2629 5635 geest
2658 5562 2718 5613 ού
2748 5563 2799 5635 in
2823 5556 3073 5635 editis?»
3104 5565 3158 5617 in
3197 5565 3374 5620 multis
3398 5582 3533 5621 mss.

2254 5626 2333 5696 (7)
2351 5624 2628 5698 ‘SicBegii
2667 5633 2879 5696 tertius,
2905 5632 3129 5698 quintus
3149 5644 3204 5688 et
3232 5645 3416 5696 sextus
3436 5651 3557 5692 cum
3597 5642 3738 5698 utro,-

2178 5710 2283 5776 qne
2315 5694 2505 5776 ‘Coisl.
2553 5694 2697 5757 Editi
2759 5694 2881 5758 cum
2917 5694 3391 5776 quibusdamaliis
3425 5721 3577 5775 .mss.
3602 5697 3735 5760 κατὰ

2177 5766 2275 5836 τὴν
2303 5764 2605 5836 μεσόγειον.
2931 5764 2951 5772 ’
3194 5766 3283 5779 ”””
