4082 6218
365 342 435 395 95
1501 337 1785 393 IIOMILIA
1825 340 1866 393 V
1909 338 1973 392 ΙΝ
2014 339 2513 396 HEXAEMERON.
3176 411 3180 414 _
3535 348 3606 402 9‘

355 453 435 523 τῷ
462 453 613 523 βάόει
659 453 755 524 τῆς
792 453 1015 524 ἰκμάδος
1045 453 1385 526 ὑποδρομήψ
1435 455 1575 525 καλὴ
1628 457 1720 508 καὶ
1776 457 1908 508 διότι

2037 474 2129 527 per
2160 459 2348 512 intima
2398 460 2512 512 loca
2559 461 2913 514 subeuntem:
2959 459 3236 531 pulchrum
3274 461 3420 525 item,
3466 465 3608 531 quod

357 545 616 616 ποταμῶν
652 542 785 598 οὖσα
816 545 893 615 (8)
919 546 1144 616 δοχεῖον,
1177 549 1256 609 εἰς
1276 546 1473 617 ἑαυτὴν
1506 549 1574 600 τά
1603 550 1936 619 πανταχόθεν

357 637 706 706 καταδέχεται
738 636 1005 707 ῥεύματα,
1035 639 1129 690 καὶ
1167 637 1316 708 μένει
1350 639 1457 691 τῶν
1485 641 1624 711 ὅρων
1659 641 1788 693 εἵσω
1830 641 1936 694 τῶν

356 722 556 792 ἑαυτῆς
579 739 591 751 ·
629 721 767 794 καλὴ
793 725 886 776 καὶ
927 723 1062 776 διότι
1095 727 1206 788 τοῖς
1232 726 1440 798 ἀερίοις
1468 727 1653 782 ὕδασιν
1684 730 1822 799 ἀρχή
1853 730 1936 793 τίς

353 815 468 867 ἐστι
503 814 596 866 καὶ
629 814 801 884 πηγὴ,
835 814 1152 887 θαλπομένη
1189 817 1286 885 μὲν
1317 820 1382 888 τῇ
1423 819 1600 872 ἀκτῖνι
1627 820 1722 872 τοῦ
1751 821 1928 891 ἡλίου,

352 905 722 974 ἀποτιθεμένη
743 906 882 958 δὲτὸ
904 906 1097 960 λεπτὸν
1125 907 1215 960 τοῦ
1248 907 1437 972 ὓδατος
1465 909 1551 963 διὰ
1582 911 1692 964 τῶν
1720 913 1928 982 ἀτμῶν,

349 995 490 1066 ὅπερ
524 995 784 1048 ἐλκυσθὲν
841 999 922 1060 είς
977 997 1067 1050 τὸν
1107 997 1219 1051 ἄνω
1268 1000 1453 1065 τόπον,
1503 997 1642 1067 εἶτα,
1688 1005 1930 1073 καταψυ-

350 1091 476 1160 χθὲν
508 1090 596 1143 διὰ
624 1091 686 1144 τὸ
730 1091 1059 1163 ὑψηλότερον
1099 1093 1350 1160 γενέσθαι
1379 1096 1478 1166 τῆς
1509 1097 1616 1150 ἀπὸ
1661 1099 1756 1152 τοῦ
1811 1101 1932 1153 ἐδά-

351 1199 484 1250 φους
516 1183 865 1247 ἀνακλάσεως
890 1185 998 1236 τῶν
1025 1185 1280 1250 ἀκτίνων,
1309 1188 1400 1239 καὶ
1427 1188 1563 1258 ὁμοῦ
1607 1189 1706 1260 τῆς
1732 1191 1797 1243 ἐκ
1831 1191 1926 1244 τοῦ

1800 1269 1902 1278 ~———-
1907 1269 1962 1278 ,ν-σ
1967 1265 2018 1274 -νη

349 1274 545 1342 νέφους
577 1275 734 1337 σκιᾶς
760 1275 856 1346 τὴν
890 1275 1048 1345 ψύξιν
1071 1278 1467 1350 ἐπιτεινούσης,
1503 1282 1658 1345 ὑετὸς
1694 1274 1923 1352 γίνεται,

348 1368 444 1420 καὶ
499 1369 700 1421 πιαίνει
746 1369 845 1440 τὴν
893 1370 1021 1440 γῆν.
1072 1372 1181 1424 Καὶ
1217 1371 1430 1436 τούτοις
1477 1375 1652 1438 οὐδεὶς
1707 1376 1930 1429 ἀπιστεῖ

346 1457 568 1521 πάντως
600 1461 724 1522 τοὺς
764 1460 1194 1532 ύποκαιομένους
1251 1462 1483 1535 λέϐητας
1524 1467 1800 1536 ἐννοήσας,
1851 1468 1922 1533 οἳ,

345 1548 573 1620 πλήρεις
621 1551 770 1615 ὄντες
803 1551 993 1623 ὑγροῦ,
1050 1554 1310 1619 πολλάκις
1357 1559 1504 1609 κενοὶ
1565 1559 1922 1632 κατελείφθη-

347 1657 447 1694 σαν
483 1641 580 1710 (9),
614 1645 694 1704 είς
710 1643 881 1714 ἀτμὸν
905 1645 1103 1709 παντὸς
1123 1647 1217 1699 τοῦ
1241 1647 1505 1718 ἐψομένου
1529 1649 1920 1722 διακριθέντος.

356 1732 515 1786 Ἀλλά
557 1735 652 1786 καὶ
709 1735 841 1787 αὐτὸ
891 1735 1040 1789 ἔστιν
1079 1737 1205 1790 ίδεῖν
1243 1738 1304 1790 τὸ
1343 1739 1442 1808 τῆς
1472 1738 1745 1812 Θαλάσσης
1780 1741 1921 1812 ὕδωρ

343 1824 497 1892 παρά
532 1823 638 1877 τῷν
676 1826 1106 1898 ναυτιλλομένων
1133 1829 1397 1899 ἑψόμενον
1416 1847 1428 1860 ⁸
1464 1831 1538 1896 οἳ,
1568 1833 1694 1896 τοὺς
1715 1833 1920 1903 ἀτμοὺς

343 1916 603 1984 σπόγγοις
653 1917 1038 1988 ὑποδεχόμενοι
1094 1920 1228 1991 (10),
1283 1922 1386 1992 τὴν
1431 1923 1620 1994 χρείαν
1685 1924 1921 1995 μετρίως

341 2008 399 2060 ἐν
425 2010 544 2070 ταῖς
577 2008 843 2077 ἀνάγκαις
866 2012 1337 2083 παραμυθοῦνται.
1357 2014 1512 2085 Καλὴ
1545 2015 1600 2068 δὲ
1631 2017 1723 2068 καὶ
1745 2016 1921 2080 ἄλλως

339 2101 497 2170 παρά
529 2099 664 2170 Θεῷ,
700 2102 780 2154 ὅτι
827 2104 1177 2173 περ-ισφίγγει
1229 2105 1330 2170 τὰς
1377 2107 1595 2177 νήσους,
1628 2105 1760 2176 ὁμοῦ
1821 2107 1918 2178 μὲν

337 2192 545 2262 κόσμον
581 2193 790 2258 αὐταῖς,
826 2194 959 2264 ὁμοῦ
1000 2195 1056 2249 δέ
1108 2197 1201 2249 καὶ
1235 2197 1533 2266 ἀσφάλειαν
1571 2197 1916 2270 παρεχομένη

331 2283 405 2336 δι’
432 2285 660 2355 ἐαυτῆςο
722 2285 909 2339 ἔπειτα
957 2287 1052 2341 καὶ
1109 2291 1190 2342 ὅτι
1227 2289 1326 2352 τὰς
1373 2289 1619 2342 πλεῖστον
1674 2289 1918 2359 ἀλλήλων

333 2374 632 2439 διεστώσας
664 2378 925 2448 ἠπείρους
967 2379 1226 2432 συνάπτει
1277 2379 1345 2432 δι’
1392 2379 1609 2450 ἑαυτῆς,
1641 2379 1916 2432 ἀκώλυτον

332 2468 448 2528 τοῖς
471 2465 903 2536 ναυτιλλομένοις
952 2467 1050 2538 τὴν
1097 2468 1378 2538 ἐπιμιξίαν
1406 2468 1752 2539 παρεχομένη
1775 2485 1814 2536 ·,
1847 2469 1914 2521 δι’

333 2551 410 2611 ὧν
445 2559 538 2610 καὶ
578 2559 823 2628 -ίστορίας
884 2558 992 2612 τῶν
1043 2561 1422 2630 ἀγνοουμένων
1470 2560 1777 2631 χαρίζεται,
1821 2562 1916 2614 καὶ

335 2649 566 2703 πλούτου
590 2651 845 2722 πρόξενος
881 2652 1144 2722 ἐμπόροις
1165 2653 1395 2721 γίνεται,
1427 2654 1521 2705 καὶ
1553 2653 1652 2715 τάς
1675 2652 1768 2706 τοῦ
1798 2653 1912 2722 βίου

335 2741 527 2812 χρείας
553 2742 946 2814 ἐπανορθοῦται
972 2743 1188 2814 ῥᾳδίως,
1224 2744 1508 2818 ἐξαγωγὴν
1550 2747 1648 2814 μὲν
1672 2762 1780 2797 των
1811 2762 1912 2796 πε-

339 2833 539 2903 ριττῶν
567 2836 678 2896 τοῖς
698 2833 1110 2905 εύθηνουμένοις
1133 2837 1502 2908 παρεχομένη,
1535 2837 1912 2909 ἐπανόρθωσιν

335 2925 393 2976 δέ
428 2924 522 2976 τοῦ
547 2925 824 2988 λείποντος
857 2925 1183 2998 χαριζομένη
1206 2931 1316 2990 τοῖς
1351 2929 1574 2982 ἐνδεέσι.
1608 2931 1717 2982 Καὶ
1750 2928 1912 2982 πόθεν

333 3016 462 3086 ἐμοὶ
494 3016 612 3068 ὅλον
641 3017 767 3068 ίδείν
793 3017 930 3086 μετά
951 3017 1232 3089 ἀκριϐείας
1260 3019 1360 3089 τῆς
1391 3019 1664 3090 θαλάσσης
1691 3021 1752 3072 τὸ
1781 3019 1912 3073 κάλ·-

332 3105 446 3169 λος,
480 3105 603 3166 ὅσον
647 3106 724 3176 τῷ
759 3105 1042 3177 ὀφθαλμῷ·
1075 3107 1168 3161 τοῦ
1213 3114 1540 3180 ποιησαντος
1594 3111 1906 3180 κατεφάνη;

334 3197 398 3249 El
432 3197 490 3249 δὲ
523 3196 764 3251 θάλασσα
793 3198 932 3270 καλὴ
959 3199 1054 3252 καὶ
1086 3199 1340 3271 ἐπαινετὴ
1363 3199 1439 3253 τῷ
1465 3199 1603 3272 Θεῷ,
1648 3201 1762 3266 πῶς
1792 3202 1912 3272 οὐχ).

335 3286 570 3342 καλλίων
617 3286 906 3359 ικκλησίας
955 3290 1209 3360 τοιαύτης
1242 3290 1515 3358 σύλλογος,
1542 3293 1600 3346 ὲν
1709 3309 1914 3362 συμμι-

336 3378 438 3449 γὴς
459 3375 614 3448 ἦχος,
648 3374 759 3432 οἷόν
797 3396 939 3442 τινος
977 3379 1220 3449 κύματος
1261 3381 1399 3449 ἠϊόνι
1444 3384 1910 3454 προσφερομένου,

334 3469 545 3540 ἀνδρῶν
574 3470 667 3522 καὶ
691 3471 962 3538 γυναικῶν
985 3472 1075 3524 καὶ
1111 3472 1342 3542 νηπίων,
1369 3473 1508 3526 κατά
1539 3473 1637 3536 τάς
1665 3474 1802 3546 πρὸς
1821 3477 1913 3529 τὸν

334 3562 466 3614 Θεὸν
497 3564 606 3631 (Η)
642 3562 797 3632 ἡμῶν
847 3563 1080 3634 δεήσεις,
1137 3566 1480 3635 ἐκπέμπεται
1499 3547 1518 3630 ’;
1579 3567 1794 3638 Γαλήνη
1855 3569 1912 3622 δὲ

336 3653 524 3723 βαθεῖα
559 3654 855 3707 ἀσάλευτον
899 3656 1066 3728 αὐτὴν
1108 3656 1382 3722 διασώζει,
1422 3657 1530 3711 τῶν
1588 3660 1908 3728 πνευμάτωιν

332 3746 430 3814 τῆς
465 3747 732 3818 πονηρίας
780 3747 1010 3819 ταράξαι
1056 3749 1225 3819 αὐτὴν
1258 3752 1373 3811 τοῖς
1402 3750 1697 3819 αἰρετικοῖς
1735 3750 1912 3818 λόγοις

336 3837 409 3906 μὴ
436 3835 793 3906 δυνηθέντων.
828 3838 1078 3892 Γένοισθε
1114 3836 1207 3893 οὖν
1235 3839 1373 3905 ἄξιοι
1394 3840 1494 3910 τῆς
1519 3840 1786 3911 ἀποδοχῆς
1815 3841 1910 3894 τοῦ

331 3926 556 3996 Κυρίου,
587 3928 684 3998 τὴν
731 3928 983 3993 εὐταξίαν
1011 3929 1214 3999 ταύτην
1242 3931 1335 3981 ἐπὶ
1375 3931 1436 3983 τὸ
1466 3932 1909 4003 εὐπρεπέστατον

331 4013 691 4080 διασώσαντες
749 4018 884 4088 (12),
932 4021 990 4071 ἐν
1044 4019 1265 4090 Χριστῷ
1332 4021 1503 4088 Ἰησοῦ
1576 4020 1653 4091 τῷ
1719 4021 1910 4092 Κυρίῳ

2038 566 2158 604 cum
2185 550 2255 604 sit
2280 549 2558 604 ﬂuviorum
2585 553 3000 618 receptaculum,
3035 551 3234 606 ﬂuenta
3261 552 3532 608 undelibet
3552 555 3608 609 in

2037 657 2096 695 se
2129 642 2337 711 recipit,
2367 651 2529 710 alque
2562 642 2701 696 intra
2759 659 2883 697 suos
2928 645 3188 698 terminos
3241 654 3441 698 manet.
3481 644 3609 698 Pul-

2035 735 2224 786 chrum
2277 733 2476 796 etiam,
2526 733 2778 802 quoniam
2825 735 3091 787 aeriarum
3154 749 3412 804 aquarum
3456 735 3607 804 origo

2033 824 2276 891 quazdam
2306 839 2369 876 ac
2409 823 2528 878 fons
2567 834 2670 885 est,
2700 834 2974 891 tepescens
3014 827 3226 892 quidem
3278 826 3406 880 solis
3435 829 3605 894 radio,

2034 914 2288 967 etnitlens
2313 928 2440 968 vero
2461 929 2554 982 per
2577 929 2800 982 vapores
2829 930 3023 983 aquam
3051 917 3378 970 tenuiorem:
3418 932 3536 986 qua:
3554 919 3606 972 in

2031 1018 2322 1072 supernum
2378 1004 2551 1058 locum
2618 1014 2864 1066 attracta,
2921 1005 3114 1059 deinde
3159 1006 3514 1073 rcfrigescens
3545 1022 3607 1063 eo

2031 1094 2172 1162 quod
2201 1093 2467 1147 radiorum
2499 1108 2528 1146 a
2584 1093 2699 1148 solo
2743 1093 3059 1148 reﬂexorum
3097 1111 3414 1164 repercussu
3445 1097 3607 1152 altior

2029 1184 2216 1248 evasit,
2249 1184 2513 1242 simulque
2543 1184 2700 1238 nubis
2723 1186 2907 1238 umbra
2935 1184 3400 1253 refrigerationem
3426 1189 3602 1244 inten-

2029 1273 2206 1338 dente,
2222 1274 2396 1342 pluvia
2414 1274 2492 1338 ﬁt,
2508 1290 2570 1328 ac
2590 1285 2782 1327 terram
2807 1277 3330 1344 pinguel'acit.Atque
3350 1279 3430 1332 his
3447 1294 3607 1335 nemo

2027 1379 2246 1432 prorsus
2277 1363 2434 1417 Iidem
2477 1365 2814 1418 detracturus
2838 1372 2939 1428 est,
2983 1366 3070 1433 qui
3104 1368 3353 1420 admotos
3399 1366 3506 1436 igni
3532 1367 3608 1422 leo

2025 1455 2176 1509 betes
2207 1454 2662 1509 consideraverit:
2693 1455 2782 1522 qui
2812 1454 3035 1508 humore
3066 1457 3308 1524 pleni,eo
3333 1466 3442 1510 toto
3465 1459 3605 1525 quod

2025 1546 2386 1615 coquebatur,
2413 1546 2716 1613 invapores
2739 1546 3000 1612 resoluto,
3036 1561 3176 1615 saepe
3209 1548 3360 1600 vacui.
3385 1561 3603 1600 reman-

2024 1651 2164 1690 sere.
2200 1637 2503 1702 Quinetiam
2562 1638 2730 1705 ipsam
2795 1637 2960 1690 maris
3006 1653 3200 1706 aquam
3232 1654 3260 1692 a
3301 1639 3604 1707 naviganti-

2023 1731 2125 1785 bus
2167 1731 2431 1798 concoqui
2464 1732 2647 1785 videre
2680 1732 2820 1798 licet,
2855 1733 2946 1800 qui
2980 1747 3208 1802 vapores
3245 1737 3482 1804 spongiis
3507 1751 3603 1789 ex-

1952 1807 1994 1862 Β
2025 1821 2308 1889 cipientes,
2350 1820 2402 1873 in
2452 1822 2864 1875 necessitatibus
2892 1832 3162 1892 utcunque
3193 1827 3469 1894 penuriam
3500 1825 3604 1880 ele-

2021 1918 2170 1963 vant.
2207 1909 2500 1964 Pulchrum
2526 1919 2610 1964 est
2639 1923 2816 1966 autem
2848 1920 2901 1967 et
2927 1912 3034 1967 alio
3066 1918 3228 1970 modo
3257 1918 3402 1986 apud
3433 1917 3603 1970 Deum

2015 2006 2161 2070 quod
2200 2002 2594 2071 constringitet
2649 2015 2866 2060 coercet
2896 2007 3120 2072 insulas,
3157 2008 3236 2062 eis
3281 2018 3390 2061 tum
3437 2023 3602 2062 orna-

2020 2103 2156 2157 tum,
2215 2105 2325 2147 tum
2378 2095 2718 2150 securitatem
2766 2100 2928 2152 simul
2973 2115 3068 2169 per
3117 2101 3354 2169 seipsum
3401 2100 3603 2169 imper-

2021 2185 2192 2240 tiens:
2225 2186 2416 2240 deinde
2436 2188 2617 2254 etiam,
2641 2189 2782 2256 quod
2818 2190 3291 2259 terrasplurimum
3315 2206 3346 2245 a
3375 2206 3433 2246 se
3463 2193 3602 2245 invi-

2014 2293 2135 2331 cem
2168 2278 2429 2332 distantes
2460 2294 2555 2348 per
2581 2295 2638 2334 se
2669 2279 2964 2352 conjungit,
2990 2297 3053 2336 ac
3106 2283 3485 2353 navigantibus
3507 2299 3601 2338 ex-

1979 2405 1986 2412 -
2017 2370 2254 2437 peditum
2280 2371 2668 2426 commercium
2694 2383 2912 2440 prmstat
2935 2390 2954 2427 :
2985 2390 3078 2442 per
3103 2392 3239 2445 quos
3265 2386 3318 2430 et
3342 2377 3602 2432 historias

2017 2477 2199 2516 rerum
2235 2463 2540 2530 ignotarum
2574 2462 2819 2532 largitur,
2851 2477 2906 2520 et
2952 2467 3166 2520 divitias
3201 2468 3596 2523 mercatoribus

2017 2552 2183 2621 parit,
2215 2563 2268 2605 et
2302 2551 2458 2606 facile
2489 2554 2608 2606 vitae
2649 2555 2895 2608 medetur
2919 2557 3360 2612 necessitatibus:
3395 2558 3594 2628 quippe

2016 2647 2082 2704 iis
2111 2645 2203 2715 qui
2247 2661 2427 2699 rerum
2461 2648 2613 2715 copia
2666 2646 2907 2714 aﬂlunnt,
2947 2651 2996 2702 id
3036 2649 3259 2718 largitur
3304 2661 3362 2704 ut
3392 2666 3478 2705 res
3509 2666 3602 2706 su-

2013 2740 2254 2808 perﬂuas
2307 2741 2414 2795 alio
2466 2749 2755 2810 expertem
2802 2761 2816 2795 :
2873 2743 3240 2814 indigentibus
3265 2759 3414 2808 vero,
3443 2755 3502 2799 ut
3544 2745 3598 2799 id

2013 2833 2155 2900 quod
2183 2833 2283 2887 sibi
2306 2833 2451 2888 deest
2501 2844 2834 2902 comparent.
2869 2833 2974 2888 Sed
3023 2833 3172 2890 unde
3199 2836 3332 2890 mihi
3361 2836 3484 2891 licet
3513 2846 3598 2890 to-

2016 2933 2122 2978 tam
2150 2925 2313 2979 maris
2347 2925 2822 2993 pulchritudinem,
2852 2936 3052 2996 quanta
3085 2928 3393 2983 Conditoris
3434 2928 3594 2983 oculo

2011 3017 2126 3070 visa
2149 3024 2252 3079 est,
2286 3017 2470 3070 sedulo
2518 3027 2677 3084 atque
2708 3027 2960 3073 accurate
2993 3021 3340 3088 conspicere?
3389 3019 3593 3086 Quodsi

1939 3145 1980 3203 Ο
2014 3120 2162 3159 mare
2192 3106 2474 3174 pulchrum
2504 3122 2566 3159 ac
2589 3107 2855 3162 laudabile
2885 3116 2966 3162 est
2999 3111 3134 3178 apud
3170 3110 3358 3172 Deum,
3407 3126 3588 3164 nonne

2017 3197 2290 3266 pulchrior
2319 3207 2402 3253 est
2431 3200 2653 3269 hujusce
2702 3215 2992 3254 consessus
3033 3200 3370 3269 frequentia:
3400 3203 3450 3254 in
3491 3217 3598 3269 quo

2018 3291 2306 3359 permistus
2357 3306 2522 3345 sonus
2559 3292 2795 3344 virorum
2852 3293 3246 3361 mulierumque
3308 3303 3362 3347 et
3418 3295 3596 3348 infan-

2027 3384 2183 3446 tium,
2217 3383 2362 3437 velut
2405 3381 2598 3438 ﬂuctus
2627 3384 2900 3450 cujusdam
2931 3386 2996 3438 ad
3039 3385 3186 3438 littus
3216 3386 3355 3447 illisi,
3385 3402 3482 3455 per
3503 3403 3598 3442 no-

2018 3486 2158 3530 stras
2187 3476 2253 3529 ad
2297 3474 2464 3529 Deum
2491 3478 2829 3543 precationes
2877 3477 3362 3532 emittitur?llunc
3409 3490 3591 3534 autem

2019 3576 2310 3622 conservat
2338 3567 2714 3621 inconcussum
2747 3567 3006 3636 profunda
3055 3569 3438 3637 tranquillitas,
3471 3586 3591 3624 cum

2015 3657 2363 3725 .nalignitatis
2392 3658 2614 3726 spiritus
2647 3673 2768 3710 eum
2800 3657 3070 3712 hzereticis
3102 3658 3443 3728 dogmatibus
3469 3675 3594 3729 per-

2013 3754 2231 3806 turbare
2262 3768 2364 3806 non
2398 3754 2688 3820 potuerint.
2731 3754 2899 3809 Fiatis
2949 3755 3116 3825 igitur
3177 3755 3385 3809 Domini
3434 3757 3595 3813 laude

2016 3845 2178 3913 digni,
2211 3845 2546 3914 disciplinam
2600 3847 2754 3900 istam
2787 3847 3171 3902 decentissime
3211 3849 3588 3914 observantes,

2017 3935 2069 3986 in
2103 3935 2318 3988 Christo
2340 3933 2464 3988 Jesu
2493 3936 2718 3991 Domino
2778 3947 2984 4001 nostro,
3030 3939 3115 3992 cui
3147 3938 3314 4008 gloria
3342 3948 3396 3993 et
3423 3939 3592 4009 impe-

2017 4024 2154 4076 rium
2185 4025 2235 4076 in
2275 4026 2466 4079 sarcula
2502 4025 2844 4082 smeulorum.
2883 4028 3074 4082 Anien.

332 4113 505 4181 ἡμῶν,
539 4109 583 4182 ᾧ
609 4117 642 4184 ἡ
667 4115 788 4181 δόξα
819 4118 910 4170 καὶ
943 4116 1003 4169 τὸ
1039 4118 1237 4187 κράτος
1285 4119 1362 4180 είς
1393 4119 1518 4180 τοὺς
1560 4118 1762 4182 αἰῶνας
1791 4118 1898 4170 τῷν
1938 4118 2181 4174 αἰώνων.¹
2217 4121 2409 4192 Ἀμήν.

943 4309 1187 4360 ΟΜῘΛΙΑ
1223 4308 1299 4360 E'.

673 4397 783 4468 (15)
820 4399 955 4466 Περὶ
987 4399 1394 4468 βλαστήσεως
1426 4397 1557 4468 γῆς.

408 4487 458 4541 1.
489 4489 598 4541 Καὶ
621 4485 787 4541 εἶπεν
814 4494 844 4543 ὀ
872 4491 1032 4554 Θεός·
1055 4490 1462 4556 Βλαστησάτω
1491 4493 1528 4557 ἡ
1551 4488 1621 4558 γῆ
1635 4486 1908 4556 βοτάνην

336 4580 570 4646 χόρτου,
626 4580 876 4649 σπεῖρον
930 4580 1165 4648 σπέρμα
1213 4583 1362 4634 κατὰ
1415 4581 1608 4651 γένος,
1656 4581 1754 4633 καὶ
1791 4580 1904 4649 (14)

338 4670 527 4734 ξύλον
553 4672 848 4742 κάρπιμον
885 4673 1098 4726 ποιοῦν
1133 4673 1364 4740 καρπόν
1401 4673 1550 4727 κατὰ
1582 4673 1776 4742 γένος,
1830 4669 1902 4728 οὗ

335 4761 402 4813 τὸ
431 4763 666 4833 σπέρμα
711 4763 896 4818 αὐτοῦ
942 4765 1012 4818 ἐν
1043 4763 1221 4830 αὐτῷ.
1267 4765 1600 4829 Ἀκολούθως
1653 4766 1791 4836 μετά
1844 4766 1904 4818 τὸ

334 4853 744 4909 ἀναπαύσασθαι
769 4856 865 4928 τὴν
884 4858 986 4927 γῆν
1015 4858 1123 4928 (15)
1149 4859 1674 4929 ἀποσκευασαμένην
1706 4860 1766 4911 τὸ
1809 4859 1903 4928 βά-

334 4959 426 5012 ρος
453 4945 545 4999 τοῦ
576 4946 782 5012 ὓδατος,
805 4948 865 5000 τὸ
895 4948 1219 5020 πρόσταγμα
1251 4951 1388 5020 αὐτῇ
1437 4951 1629 5017 γέγονε
1667 4949 1901 5020 βλαστῆ-

404 5053 583 5117 ⁶⁸ῦθιι
614 5073 655 5124 ι,
677 5057 764 5112 11.

400 5145 480 5285 (8)
514 5148 643 5218 Reg.
680 5160 868 5206 sextus
895 5154 1161 5222 ποταμοῖς
1189 5148 1352 5206 οὖσα.

402 5213 453 5281 (9
496 5215 568 5269 Ita
597 5234 726 5274 mss.
760 5225 1120 5278 sexenostris
1148 5234 1341 5285 praeter
1355 5219 1596 5278 Combel'.
1623 5219 1762 5275 Editi

402 5213 474 5285 (9)
496 5215 568 5269 lla
593 5213 726 5274 ipss.
760 5235 856 5276 sex
874 5213 1120 5293 enost'ris
1141 5213 1341 5292 praeter
1355 5219 1596 5278 Combel'.
1623 5219 1762 5275 Editi
1780 5237 1911 5274 κατ-

333 5279 660 5356 ελήφθησαν.

405 5356 513 5431 QQ)
538 5357 681 5431 _i_’teg.
712 5371 894 5414 sextus
926 5362 1181 5430 σπόγγοις
1209 5359 1620 5431 ἀποδεχόμενοι.

406 5421 515 5502 (μ)
537 5421 685 5502 Mulli
713 5445 840 5484 tnss.
865 5432 1002 5502 πρός
1034 5421 1125 5484 τόν
1159 5421 1312 5485 Θεὸν.
1340 5421 1506 5484 Abest
1537 5429 1800 5502 articulus
1834 5428 1905 5481 ab

337 5488 514 5624 ἓξὲξ.
558 5495 722 5552 Paulo
769 5488 920 5569 post'
955 5488 1087 5572 Reg.
1131 5503 1352 5572 quintus
1414 5502 1707 5572 αἱρετικοῖς
1764 5499 1910 5567 λογι-

408 5599 521 5761 (ἷέ)
545 5631 696 5689 Colb.
732 5643 998 5696 secundus
1036 5639 1412 5704 διασώζοντες.

411 5699 500 5761 (15
552 5702 708 5758 Deest
746 5711 930 5761 titulus
985 5713 1038 5761 in
1079 5712 1348 5761 aliuuibus
1394 5729 1407 5761 t

411 5699 708 5780 (ίδλῦερβι
746 5711 930 5766 titulus
985 5713 1038 5766 in
1079 5699 1348 5780 aliquibus
1373 5699 1524 5765 'niss.
1588 5709 1755 5765 Coisl.
1797 5707 1907 5778 pri-

343 5777 462 5820 mus
495 5768 708 5842 Ὀμιλία
736 5783 796 5832 ε’.

2609 4311 2888 4366 IIOMILIA
2935 4312 2995 4366 V.

2439 4402 2515 4454 De
2568 4406 2942 4470 germinatione
2991 4415 3162 4458 terrm.

2083 4493 2194 4565 ω
2224 4495 2272 4548 l.
2295 4493 2359 4546 Et
2388 4495 2520 4546 dixit
2556 4493 2727 4546 Deus:
2753 4492 3015 4548 Germinet
3051 4508 3192 4549 terra
3216 4498 3424 4550 herbam
3453 4497 3586 4567 feni,

2011 4587 2272 4637 seminans
2307 4600 2476 4636 semen
2499 4585 2659 4650 juxta
2685 4601 2865 4652 genus,
2893 4595 2942 4637 et
2991 4587 3188 4654 lignum
3227 4585 3585 4654 fructiferum,

2013 4675 2213 4743 faciens
2254 4673 2480 4742 fructum
2501 4682 2657 4743 juxta
2697 4691 2876 4743 genus,
2903 4677 3054 4740 cuius
3100 4693 3270 4730 semen
3295 4677 3349 4730 in
3378 4680 3486 4745 ipso
3520 4679 3586 4733 “.

2010 4763 2164 4817 Haud
2194 4764 2369 4832 inepte
2391 4775 2736 4833 posteaquam
2773 4774 2936 4828 terra,
2973 4766 3216 4834 deposito
3259 4781 3412 4836 aquae
3455 4784 3588 4836 pon-

2010 4854 2156 4918 dere,
2213 4856 2577 4924 interquievit,
2621 4855 2772 4922 jussa
2807 4868 2889 4910 est
2917 4857 3089 4924 primo
3116 4857 3362 4922 herbam,
3393 4860 3589 4914 deinde

2010 4945 2210 5015 lignum
2249 4948 2592 5012 germinare;
2621 4947 2762 5016 quod
2802 4948 2973 5018 ipsum
2999 4962 3130 5002 sane
3151 4950 3440 5004 etiamnum
3472 4951 3588 5006 lieri

2093 5146 2205 5218 (14)
2247 5145 2320 5218 Ita
2346 5147 2512 5201 editio
2535 5145 2699 5218 Basil.
2731 5157 2784 5200 et
2812 5148 3038 5217 Vulgata
3073 5165 3193 5203 cum
3237 5149 3440 5218 nostris,
3465 5159 3586 5204 octo

2020 5233 2179 5282 mss.,
2217 5217 2410 5284 quibus
2469 5217 2789 5285 adjungendi
2852 5227 2975 5270 sunt
3031 5217 3272 5272 Combel‘.
3323 5230 3376 5271 et
3430 5217 3582 5272 Bodl.

2016 5286 2154 5340 Editi
2187 5302 2309 5340 cum
2341 5285 2478 5338 LXX
2511 5288 2651 5339 κατά
2673 5287 2836 5358 γένος
2857 5289 2950 5339 καὶ
2989 5289 3107 5340 καθ’
3139 5288 3449 5358 ὁμοιότητα.
3479 5289 3583 5342 Sed

2017 5358 2070 5408 in
2102 5359 2450 5424 sequentibus
2481 5357 2593 5420 illa,
2628 5359 2722 5408 καὶ
2745 5357 2866 5410 καθ’
2894 5359 3210 5428 ὁμοιότητα,
3244 5357 3588 5426 reperiuntur

2014 5437 2069 5480 et
2098 5429 2149 5480 in
2173 5428 2332 5480 editis
2351 5437 2405 5479 et
2436 5428 2487 5479 in
2515 5441 2642 5480 mss.

2083 5496 2376 5567 (ι15)1ὶεςι,ἰί
2414 5498 2634 5564 quintus
2672 5506 2726 5548 et
2778 5505 2964 5567 sextus
3009 5508 3063 5551 et
3101 5497 3255 5550 Colb.
3311 5497 3585 5567 secundus

2010 5565 2131 5621 cum
2160 5565 2323 5620 Coisl.
2350 5567 2586 5619 secundo
2629 5569 2765 5636 μετὰ
2802 5566 2862 5618 τὸ
2893 5567 3310 5619 ἀναπαύσασθαι
3335 5566 3432 5636 τὴν
3460 5565 3584 5634 γῆν.

2013 5637 2150 5690 Editi
2179 5651 2302 5690 cum
2335 5636 2454 5690 aliis
2479 5646 2712 5703 quatuor
2739 5653 2868 5688 mss.
2919 5653 3024 5690 non
3061 5637 3216 5690 mala:
3259 5647 3400 5691 nota:
3452 5636 3587 5690 ἀνα-

2011 5707 2263 5761 πνεῦσαι.
2300 5703 2503 5760 Sensus
2533 5707 2719 5760 eodem
2755 5708 2910 5761 redit.
