4082 6218
467 351 537 407 95
1066 358 1069 359 '
1825 335 1883 393 S.
1926 334 2174 391 BASILII
2215 329 2435 388 MAGNI
3676 325 3748 381 96

467 465 736 520 videmus.
770 456 883 512 Vox
935 454 1078 511 enim
1112 452 1199 507 illa
1242 462 1369 507 tunc
1430 450 1656 515 omissa,
1702 465 1766 505 ac
1819 449 2054 519 primum

2172 464 2248 498 rat
2271 443 2487 515 πρῶτον
2513 442 2764 512 βοτάνην,
2803 439 2990 492 ἔπειτα
3018 438 3176 506 ξύλον
3195 455 3207 470 ·
3239 438 3374 511 ὅπερ
3408 438 3489 492 ἔτι
3516 440 3614 493 καὶ
3651 439 3751 493 νῦν

470 555 602 612 illud
641 561 990 624 praeceptum,
1021 547 1166 601 velut
1202 546 1287 600 lex
1316 546 1562 613 qumdam
1603 551 1809 598 natura:
1861 542 2054 615 evasit,

472 647 790 712 iuha’sitque
815 653 990 707 terra},
1021 654 1086 694 ac
1116 640 1164 694 ei
1199 637 1513 709 generandi,
1537 635 1853 702 fructusque
1883 634 1937 686 in
1964 648 2059 703 po-

474 751 678 795 sterum
701 735 908 791 ferendi
942 734 1047 788 vim
1077 730 1324 788 contulit.
1346 728 1608 784 Germinet
1638 735 1799 782 terra.
1818 725 2058 780 Primum

479 830 731 900 quiddam
764 836 848 883 est
902 825 957 879 in
992 823 1254 896 graminis
1317 820 1666 892 generatione
1702 816 2057 889 germinatio:

471 922 684 986 deinde,
713 935 834 974 cum
869 916 1262 988 prominuerint
1284 912 1557 984 paululum
1590 910 1856 981 germina,
1887 907 2058 962 herba

473 1016 573 1070 lit:
613 1024 735 1085 post
770 1022 926 1081 capto
972 1011 1345 1074 incremento,
1398 1006 1577 1062 fenum
1623 1015 1706 1059 est
1753 1013 1886 1069 tum,
1937 1015 2059 1055 cum

472 1105 730 1178 paulatim
770 1103 1015 1174 gramina
1048 1101 1162 1156 suis
1190 1099 1303 1168 jam
1338 1096 1582 1152 articulis
1628 1094 2061 1163 distinguuntur,

473 1209 527 1252 et
559 1199 625 1253 ad
654 1195 879 1251 seminis
925 1208 1094 1263 usque
1139 1190 1524 1262 perfectionem
1565 1185 1906 1256 perveniunt.
1930 1181 2065 1236 Iler-

475 1293 704 1348 bescunt
728 1288 873 1342 enim
903 1286 1019 1357 pari
1054 1300 1276 1356 prorsus
1311 1285 1519 1338 ratione
1548 1295 1613 1335 ac
1643 1279 1920 1333 virescunt
1948 1291 2066 1332 om-

479 1386 588 1437 nia.
624 1379 891 1436 Germinet
926 1388 1065 1431 terra
1104 1377 1319 1431 herbam
1355 1375 1483 1444 feni.
1513 1371 1682 1426 Terra
1710 1383 1807 1437 per
1831 1369 2064 1438 seipsam

478 1473 719 1545 proferat
747 1470 1220 1544 germinationem,
1264 1468 1406 1523 nullo
1436 1465 1639 1521 auxilio
1673 1463 1890 1518 aliunde
1923 1462 2065 1516 indi-

479 1576 634 1632 gens.
658 1559 923 1627 Quoniam
957 1558 1294 1611 arbitrantur
1318 1552 1562 1609 nonnulli
1595 1551 1785 1615 solem,
1820 1551 1947 1603 dum
1972 1564 2068 1617 per

480 1650 677 1705 caloris
710 1646 1085 1701 attractionem
1121 1645 1231 1698 vim
1263 1658 1329 1698 ex
1357 1643 1480 1697 imis
1499 1640 1743 1711 partibus
1767 1638 1833 1693 ad
1875 1651 2068 1707 super-

481 1739 656 1794 liciem
691 1736 877 1797 trahit.
898 1749 1085 1789 eorum
1116 1748 1234 1802 qua:
1272 1747 1337 1787 ex
1369 1743 1509 1786 terra
1544 1729 1915 1799 producuntur
1934 1741 2066 1780 cau-

2157 537 2373 609 όρῶμεν
2405 534 2708 605 γινόμενον.
2740 533 2803 586 Ἡ
2831 532 2940 604 γὰρ
2966 533 3087 585 τότε
3116 531 3293 603 φωνὴ,
3328 532 3423 585 καὶ
3449 531 3510 586 τὸ
3530 533 3751 604 πρῶτον

2159 631 2336 683 έκεῖνο
2373 628 2729 701 πρόσταγμα,
2760 619 2872 679 οἷον
2917 625 3082 695 νόμος
3135 641 3220 688 τις
3256 624 3473 693 ἐγένετο
3508 624 3749 695 φύσεως,

2168 723 2263 775 καὶ
2292 719 2620 790 ὲναπέμεινε
2647 721 2713 789 τῇ
2742 720 2835 788 γῇ,
2862 716 2961 790 τὴν
2989 717 3085 769 τοῦ
3112 717 3307 788 γεννᾷν
3330 716 3470 787 αύτῇ
3501 716 3612 787 (16)
3654 719 3753 771 καὶ

2162 813 2532 884 καρποφορεῖν
2557 808 2785 881 δύναμιν
2820 809 2899 871 εἰς
2928 807 2991 860 τὸ
3019 807 3147 879 ἑξῆς
3173 807 3567 877 παρεχόμενος.
3593 809 3754 861 Βλαρ

2161 902 2447 971 στησάτω
2478 902 2515 969 ὴ
2556 901 2656 971 γῆ.
2707 900 2934 971 Πρῶτόν
2981 900 3128 952 ἐστιν
3174 899 3233 954 ὲν
3280 902 3348 969 τῇ
3401 899 3611 968 γενέσει
3640 899 3752 952 τῶν

2164 995 2449 1066 φυομένων
2471 996 2504 1065 ἡ
2536 992 2858 1063 βλάστησιςο
2889 991 3100 1056 ἔπειτα,
3128 993 3256 1046 ὅταν
3278 990 3536 1063 προκύψῃ
3557 992 3756 1063 μικρὸν

2163 1090 2232 1143 τὰ
2263 1088 2642 1158 βλαστήματα,
2692 1084 2889 1156 βοτάνη
2931 1084 3177 1153 γίνεται·
3206 1079 3304 1136 εἴτ’
3334 1082 3556 1136 ἐπειδὰν
3581 1081 3755 1152 αὐξη-

2165 1181 2255 1252 θῇ,
2283 1181 2476 1251 χόρτος
2526 1180 2665 1243 ἐστὶ,
2713 1177 2854 1233 κατὰ
2912 1176 3107 1247 μικρὸν
3147 1173 3587 1246 διαρθρουμένων
3638 1172 3755 1225 τῶν

2168 1270 2480 1343 φυομένων,
2516 1269 2610 1323 καὶ
2648 1269 2809 1341 μέχρι
2836 1270 2934 1339 τῆς
2966 1268 3059 1321 ἐπὶ
3089 1267 3151 1321 τὸ
3179 1267 3401 1339 σπέρμα
3422 1261 3756 1326 τελειώσεως

2168 1363 2493 1435 προϊόντων.
2521 1362 2595 1417 Tb
2618 1361 2728 1432 γὰρ
2756 1358 2979 1431 χλοερὸν
3009 1361 3104 1413 καὶ
3135 1357 3339 1421 ποάζον
3375 1355 3757 1426 παραπλήσιόν

2167 1457 2312 1510 ἐστιν
2359 1455 2640 1510 ἁπάντων.
2677 1451 3092 1521 Βλαστησάτω
3134 1454 3172 1521 ἡ
3212 1449 3285 1522 γῆ
3322 1450 3595 1518 βοτάνην
3618 1450 3759 1518 χόρ-

2168 1566 2296 1603 του.
2356 1546 2497 1602 Καο’
2547 1545 2748 1617 ἑαυτὴν
2776 1547 2809 1617 ἡ
2851 1544 2924 1615 γῆ
2959 1545 3285 1617 προφερέτω
3309 1542 3407 1615 τὴν
3440 1542 3757 1614 βλάστησιν,

2168 1641 2428 1712 οὐδεμιᾶς
2450 1639 2774 1710 συνεργείας
2806 1637 2917 1709 (l7)
2948 1637 3213 1706 ἑτέρωθεν
3247 1635 3499 1707 δεομένη.
3535 1634 3756 1705 Ἐπειδὴ

2169 1753 2313 1798 τινες
2338 1735 2542 1788 οἴονται
2570 1732 2661 1786 τὸν
2690 1731 2840 1802 ἥλιον
2876 1729 3047 1784 αἴτιον
3070 1724 3207 1782 εἶναι
3243 1727 3351 1782 τῶν
3383 1726 3491 1781 ἀπὸ
3522 1729 3619 1798 τῆς
3650 1727 3760 1797 γῆς

480 1846 598 1887 sam
632 1843 751 1883 esse
784 1845 797 1881 :
831 1827 951 1881 ideo
980 1827 1190 1881 telluris
1228 1834 1456 1880 ornatus
1489 1823 1602 1877 sole
1642 1830 1727 1875 est
1754 1818 2068 1889 antiquior;

2175 1828 2484 1899 φυομένων,
2517 1828 2584 1897 τῇ
2624 1824 2756 1896 ὁλκῇ
2794 1822 2887 1878 τοῦ
2915 1820 3120 1895 θερμοῦ
3145 1821 3280 1893 πρὸς
3302 1819 3402 1892 τὴν
3434 1819 3759 1889 ἐπιφάνειαν

480 1934 541 1977 ut
571 1923 603 1976 ii
628 1922 718 1993 qui
746 1935 950 1977 errore.
985 1920 1196 1987 decepti
1238 1916 1574 1983 sunt,solem
1601 1921 1859 1983 tanquam
1888 1925 2069 1965 rerum

482 2016 550 2069 ad
576 2016 740 2068 vitam
781 2011 1162 2084 pertinentium
1195 2018 1473 2064 auctorem
1503 2005 1759 2060 desinant
1815 2003 2066 2058 adorare.

481 2106 689 2177 Itaque,
709 2105 753 2161 si
786 2120 1101 2176 persuasum
1128 2103 1258 2173 ipsis
1282 2103 1465 2167 fuerit,
1483 2112 1700 2154 omnem
1724 2104 1923 2151 terram
1946 2104 2072 2149 ante

485 2201 656 2269 ipsius
687 2196 818 2251 solis
850 2204 1100 2250 exortum
1155 2193 1324 2247 fuisse
1348 2190 1640 2253 excultum,
1692 2188 1856 2243 etiam
1881 2187 2085 2263 immo-p

486 2292 665 2346 dicam
692 2289 756 2343 de
786 2289 905 2357 ipso
942 2294 1260 2354 conceptam
1311 2282 1726 2338 admirationem
1761 2279 2069 2341 remittent,

486 2381 613 2436 dum
633 2379 809 2433 veniet
833 2379 911 2433 eis
940 2383 993 2432 in
1023 2386 1282 2442 mentem,
1306 2382 1486 2431 ortum
1518 2372 1665 2442 illius
1689 2370 1814 2427 leno
1832 2378 1888 2426 et
1907 2370 2073 2425 herba

485 2487 610 2528 esse
637 2470 1011 2541 posteriorem.
1027 2467 1167 2523 Num
1194 2468 1361 2538 igitur
1389 2465 1676 2536 pecoribus
1699 2464 1916 2533 quidem
1939 2476 2074 2532 prai-

489 2569 711 2631 paratus
749 2569 830 2614 est
848 2569 1053 2628 pastus,
1095 2567 1340 2613 nostrum
1377 2571 1508 2611 vero
1548 2555 1861 2609 alimentum
1894 2552 2075 2623 provi-

487 2652 669 2708 dentia
690 2651 832 2705 nulla
865 2650 1038 2704 visum
1057 2661 1141 2705 est
1158 2649 1415 2720 dignum?
1440 2646 1554 2704 [mo
1578 2648 1670 2718 qui
1695 2647 1868 2702 bobus
1893 2644 2075 2713 equis-

486 2759 598 2815 que
641 2742 965 2814 praeparavit
1008 2743 1336 2812 pastionem.
1364 2742 1462 2797 tibi
1500 2741 1735 2796 maxime
1763 2738 1981 2794 divitias
2008 2752 2077 2793 ac

487 2836 774 2891 commoda
826 2845 1004 2904 parat.
1044 2832 1177 2887 Nam
1226 2848 1425 2903 pecora
1454 2841 1541 2887 tua
1582 2833 1674 2902 qui
1734 2833 1928 2903 pascit,
1975 2832 2071 2887 tibi

488 2926 874 2997 supellectilem
905 2927 1028 2982 vita:
1055 2928 1309 2996 adauget.
1361 2925 1564 2980 Deinde
1599 2925 1866 2981 seminum
1921 2935 2073 2979 ortus

489 3021 619 3091 quid
652 3019 797 3074 aliud
830 3028 933 3084 est,
972 3020 1073 3074 nisi
1124 3018 1249 3073 vitae
1303 3026 1409 3072 tuae
1457 3018 1800 3087 apparatus?
1853 3017 2077 3071 Accedit

493 3112 636 3181 quod
664 3112 814 3180 plura
838 3126 1027 3166 eorum
1083 3126 1203 3181 quae
1241 3110 1417 3165 adhuc
1443 3109 1625 3164 herbae.
1671 3118 1726 3165 et
1752 3109 1899 3165 olera
1925 3116 2070 3173 sunt,

494 3205 774 3259 hominum
807 3213 1023 3259 exstant
1045 3204 1384 3259 alimentum.

2170 1917 2268 1989 τὴν
2298 1921 2361 1971 ὲκ
2388 1915 2482 1971 τοῦ
2525 1915 2722 1986 βάθους
2763 1914 2993 1986 δύναμιν
3029 1909 3436 1984 ἐπισπώμενον·
3470 1910 3558 1965 διὰ
3598 1908 3762 1965 τοῦτο

2172 2008 2524 2081 πρεσϐυτέρα
2548 2006 2643 2061 τοῦ
2672 2007 2824 2078 ἡλίου
2872 2007 2908 2078 ἡ
2952 2006 3081 2077 περὶ
3103 2005 3209 2075 γῆν
3230 2003 3587 2076 διακόσμησις
3605 2021 3618 2034 ’
3665 2003 3760 2059 ἵνα

2172 2101 2267 2156 καὶ
2302 2099 2396 2153 τοῦ
2422 2102 2746 2172 προσκυνεῖν
2780 2098 2872 2153 τὸν
2920 2097 3092 2169 ἥλιον,
3123 2098 3199 2162 ώς
3239 2097 3403 2152 αὐτὸν
3438 2098 3539 2168 τὴν
3579 2097 3760 2165 αἰτίαν

2170 2193 2272 2264 τῆς
2306 2182 2884 2279 ξωῆςττῖἆρεχόμενον,
2913 2192 2962 2244 οἱ
2989 2188 3394 2262 πεπλανημένοι
3424 2188 3758 2244 παύσωνται.

2186 2286 2312 2339 Ἐὰν
2346 2284 2454 2356 ἄρα
2503 2284 2822 2348 πεισθῶσιν,
2873 2283 2956 2337 ὅτι
2987 2282 3094 2355 πρὸ
3119 2283 3216 2354 τῆς
3242 2280 3453 2336 ἐκείνου
3493 2281 3759 2351 γενέσεως

2172 2378 2242 2432 τά
2272 2378 2403 2450 περὶ
2435 2376 2533 2448 τὴν
2578 2377 2682 2448 γῆν
2723 2377 2900 2431 πάντα
2927 2375 3038 2446 (l8)
3085 2374 3504 2446 διακεκόσμητο,
3545 2373 3638 2427 καὶ
3663 2370 3761 2426 τοῦ

2175 2468 2417 2539 ἀμέτρου
2468 2467 2596 2538 περὶ
2630 2466 2792 2520 αὐτὸν
2836 2465 3112 2536 θαύματος
3152 2460 3492 2534 καθυφῶσιν,
3523 2463 3761 2534 ἐνθυμη-

2174 2558 2380 2621 θέντες,
2409 2559 2492 2611 ὅτι
2544 2558 2741 2629 χόρτου
2779 2557 2875 2611 καὶ
2907 2556 3134 2628 βοτάνης
3175 2555 3438 2628 νεώτερός
3468 2557 3582 2609 ἐστι
3623 2553 3762 2608 κατά

2177 2653 2279 2725 τὴν
2304 2647 2702 2722 γένεσινῘἋρα
2743 2645 2836 2705 οὖν
2874 2652 2987 2713 τοῖς
3033 2650 3131 2722 μὲν
3157 2648 3496 2720 βοσκήμασιν
3528 2650 3561 2719 ἡ
3590 2645 3762 2718 τροφὴ

2175 2743 2544 2815 προαπετέθη,
2566 2743 2626 2796 τὸ
2646 2741 2704 2796 δὲ
2732 2741 3001 2815 ἡμέτερον
3028 2742 3287 2812 οὐδεμιᾶς
3304 2740 3479 2811 ἐφάνη
3510 2739 3761 2811 προνοίας

2173 2838 2345 2902 ἄξιον;
2364 2824 2523 2890 Ἃλλά
2550 2836 2786 2907 μάλιστα
2813 2835 2913 2907 μὲν
2949 2837 2977 2888 6
3001 2834 3153 2905 βουσὶ
3176 2834 3268 2888 καὶ
3295 2833 3480 2895 ἵπποις
3501 2831 3591 2884 τὸν
3617 2829 3762 2901 χιλὸν

2176 2929 2646 3001 προαποθέμενος,
2677 2928 2761 2982 σοὶ
2803 2928 2893 2982 τὸν
2924 2927 3155 2981 πλοῦτον
3198 2925 3293 2981 καὶ
3326 2925 3431 2997 τὴν
3467 2924 3764 2978 ἀπόλαυσιν

2178 3016 2621 3091 παρασκευάζει·
2657 3021 2685 3072 6
2715 3017 2824 3090 γὰρ
2858 3018 2926 3071 τὰ
2951 3018 3156 3090 κτήνεά
3202 3035 3295 3072 σου
3330 3018 3634 3090 διατρέφων
3653 3017 3755 3088 τὴν

2180 3111 2279 3183 σὴν
2307 3111 2423 3180 (19)
2456 3108 2707 3174 συναύξει
2742 3109 2839 3163 τοῦ
2892 3109 3007 3180 βίου
3064 3109 3445 3182 κατασκευήν·
3496 3107 3683 3162 ἔπειτα
3726 3108 3763 3177 ή

2102 3179 2144 3239 C
2175 3179 2284 3257 τών
2316 3179 2655 3273 σπερμάτων
2685 3179 2899 3270 γένεσις
2936 3201 2989 3254 τι
3023 3201 3152 3256 ἀλλο
3195 3201 3333 3265 ἐστὶ,
3367 3179 3468 3254 καὶ
3514 3199 3634 3271 οὐχὶ
3663 3198 3803 3269 τῆς,

496 3300 596 3370 σῆς
630 3299 906 3370 διαγωγῆς
955 3300 1306 3372 παρασκευή;
1355 3298 1491 3370 πρὸς
1538 3298 1617 3370 τῷ
1659 3297 1828 3353 πολλά
1865 3297 1972 3351 τῶν
2012 3299 2070 3352 ὲν
2109 3296 2270 3361 πόαις
2334 3298 2415 3352 ἔτι
2480 3300 2576 3352 καὶ
2601 3299 2861 3371 λαχάνοις
2885 3302 3055 3355 ὄντων
3088 3294 3298 3373 τροφὴν
3323 3300 3624 3373 ἀνθρώπων
3641 3297 3761 3371 (20)

495 3391 787 3448 ὑπάρχειν.

565 3409 787 3463 ;αρχειν.

565 3481 619 3535 2.
645 3478 908 3535 Germinet
944 3489 1085 3534 terra
1116 3480 1329 3535 herbam
1354 3482 1465 3550 feni
1485 3522 1500 3546 ,
1534 3484 1807 3536 seminans
1860 3497 2030 3536 semen
2050 3521 2065 3545 ,

497 3571 695 3641 inquit,
725 3570 1010 3625 secundum
1055 3587 1241 3640 genus.
1293 3570 1613 3640 Quanquam
1652 3571 1816 3640 igitur
1847 3570 2069 3640 aliquod

497 3662 679 3716 herbae
712 3675 880 3732 genus
920 3660 1287 3714 animantibus
1335 3660 1558 3730 reliquis
1591 3660 1813 3729 prodest
1835 3700 1852 3724 ,
1889 3668 2071 3713 tamen

497 3754 709 3810 illorum
752 3754 955 3809 utilitas
992 3755 1058 3808 ad
1088 3768 1190 3809 nos
1223 3754 1538 3821 revertitur,
1598 3754 1865 3822 nobisque
1905 3752 2074 3807 semi-

2242 3477 2301 3530 2.
2343 3475 2757 3545 Βλαστησάτω
2782 3475 2821 3542 ἠ
2851 3476 2927 3546 γῆ
2952 3475 3229 3545 βοτάνην
3244 3477 3486 3546 χόρτου,
3513 3474 3764 3543 σπεῖρον

2172 3569 2433 3638 σπέρμα,
2493 3568 2647 3639 φησὶ,
2700 3570 2853 3623 κατὰ
2910 3569 3105 3639 γένος.
3150 3570 3335 3632 Ὥστε,
3380 3569 3482 3622 κᾶν
3519 3586 3571 3621 τι
3608 3567 3763 3637 γένος

2179 3660 2409 3732 βοτάνης
2441 3659 2648 3731 ἑτέροις
2684 3658 2945 3733 διαφέρῃ,
2983 3661 3251 3716 κάκείνων
3291 3661 3353 3714 τὸ
3398 3659 3588 3731 κέρδος
3628 3656 3763 3729 πρὸς

2182 3753 2327 3822 ἡμᾶς
2361 3750 2743 3821 ἐπανέρχεται,
2778 3751 2873 3805 καὶ
2910 3755 3043 3823 ἡμῖν
3073 3753 3106 3823 ἡ
3145 3752 3341 3824 χρῆσις
3381 3752 3489 3804 τῶν
3519 3749 3765 3821 σπερμά-

481 5563 486 5567 ·
517 5570 648 5610 vero
665 5553 933 5610 consentit
962 5569 1082 5608 cum
1115 5553 1385 5624 prioribus
1432 5553 1733 5612 codicibus.
1763 5553 1900 5621 Reg.
1935 5560 2089 5607 octa-

502 3862 628 3902 uum
660 3849 966 3917 assignatus
1004 3854 1088 3900 est
1131 3860 1293 3907 usus;
1336 3845 1471 3900 adeo
1525 3853 1584 3899 nt
1636 3844 1755 3898 talis
1788 3844 1862 3898 sit
1888 3857 2071 3898 eorum

2180 3860 2287 3897 των
2313 3842 2621 3915 ἀφώρισται
2637 3860 2649 3872 ⁸
2682 3842 2822 3896 ὥστε
2853 3841 2990 3898 εἶναι
3016 3844 3127 3916 (21)
3151 3843 3242 3899 τὸν
3265 3843 3389 3899 νοῦν
3410 3843 3520 3898 τῶν
3544 3841 3766 3915 εἰρημέ-

500 3952 621 4008 qua:
642 3936 785 3991 dicta
811 3944 960 4001 sunt,
988 3950 1181 3991 sensus
1206 3954 1221 3991 :
1250 3935 1517 3989 Germinet
1541 3946 1683 3989 terra
1713 3935 1924 3989 herbam
1946 3935 2071 4005 feni,

2184 3954 2290 3990 νων
2323 3936 2561 3989 τοιοῦτον
2581 3952 2593 3965 '
2620 3936 3033 4004 Βλαστησάτω
3063 3939 3104 4007 ἡ
3127 3935 3203 4007 τῆ
3223 3922 3497 4005 ,βοτάνην
3524 3939 3760 4007 χόρτου,

501 4037 549 4081 et
584 4030 755 4082 semen
801 4027 1155 4096 stantini/imus
1195 4027 1483 4081 secundum
1511 4044 1693 4097 genus.
1721 4025 1854 4081 Nam
1899 4028 1974 4081 ita
2026 4035 2071 4081 el

2187 4028 2285 4081 καὶ
2318 4026 2555 4097 σπέρμα
2579 4027 2833 4096 σπεῖρον
2868 4028 3235 4099 κατίι’γένος.
3273 4029 3429 4082 Οὖτω
3458 4029 3568 4100 γὰρ
3590 4028 3681 4082 καὶ
3698 4026 3766 4083 τὺ

502 4122 792 4177 verborum
823 4123 959 4178 ordo
981 4138 1045 4178 ac
1085 4123 1255 4178 series
1281 4123 1490 4177 restitui
1521 4124 1718 4192 poterit
1743 4121 1908 4194 (nunc
1937 4123 2071 4177 enim

2186 4121 2285 4190 τῆς
2343 4120 2541 4186 λέξεως
2595 4120 2888 4175 ἀκόλουθον
2949 4122 3396 4191 ἀποκαταστῆναι
3453 4122 3761 4193 δυνήσεται,

504 4213 841 4267 constructio
892 4212 1074 4281 inepta
1101 4225 1166 4265 ac
1219 4211 1586 4280 incongruens
1627 4227 1749 4266 esse
1795 4210 2071 4281 videtur),

2189 4212 2574 4283 ἀκαταλλήλως
2607 4211 2703 4265 νῦν
2732 4216 2830 4283 τῆς
2857 4213 3160 4278 συντάξεως
3188 4213 3330 4285 ἔχειν
3353 4213 3633 4285 δοκούσης,
3667 4213 3763 4267 καὶ

582 4428 1088 4505 (l6)‘Anglic_i_mss.
1113 4430 1206 4484 τοῦ
1233 4432 1437 4505 γεννᾷν,
1459 4430 1651 4505 αὐτῆς.
1686 4430 1913 4485 Plurimi
1947 4445 2082 4486 mss.
2117 4436 2162 4492 Ι)
2190 4432 2338 4505 nisse
2363 4434 2503 4501 quod
2533 4431 2664 4505 alias
2721 4447 2884 4503 saepe,
2925 4442 2984 4488 ut
3032 4434 3352 4505 typographi
3404 4435 3505 4488 rati
3555 4434 3760 4504 aliquot

508 4499 671 4573 αὐτῇ,
702 4499 869 4573 bene.
887 4499 991 4555 Alii
1022 4504 1127 4557 duo
1158 4519 1287 4556 Inss.
1317 4499 1488 4573 αὑτὴν
1516 4499 1630 4555 καί.
1817 4572 1824 4573 7
1954 4572 1977 4573 ᾗ
2194 4499 2393 4556 vitium
2418 4506 2616 4567 inesse,
2646 4499 2983 4558 immutarint
3029 4499 3107 4559 de
3130 4499 3227 4559 suo
3262 4499 3549 4573 inonnihil,
3580 4499 3760 4559 et'vo-

585 4559 696 4652 (l7)
732 4570 892 4652 Editi'
929 4585 1066 4652 cum.
1109 4573 1348 4642 quinque
1396 4559 1527 4652 mss.
1575 4572 1917 4643 συνεργείας.
1952 4572 2083 4641 Reg.
2195 4587 2510 4652 cem_unam
2541 4559 2617 4652 _in
2674 4573 2897 4627 alterius
2936 4574 3119 4652 locum
3152 4559 3548 4652 _snll‘eeerint.'
3576 4576 3753 4642 Quare

511 4645 734 4716 quintus
765 4641 1191 4716 antiquissimus
1230 4659 1363 4716 cum
1410 4641 1543 4716 Reg.
1607 4641 1762 4716 sexto
1809 4659 2079 4716 συνεργα-
2184 4657 2291 4696 non
2320 4643 2476 4710 longe
2505 4643 2691 4716 absiim
2733 4655 2790 4699 ut
2821 4645 3039 4716 credam
3070 4646 3326 4716 κτήματα
3347 4644 3453 4713 legi
3488 4641 3762 4714 oportere,

513 4710 657 4777 σίας,
690 4710 897 4783 cultura
947 4711 1094 4765 nulla
1151 4712 1407 4781 indigens.
1467 4713 1622 4767 [laud
1684 4710 2081 4769 contemnenda
2186 4727 2292 4766 non
2316 4715 2538 4783 κτήνεα.
2591 4711 3007 4783 Εοηιιθνιηιιείε
3041 4710 3337 4770 confirmor
3381 4710 3438 4770 in
3468 4710 3760 4780 sententia,

512 4785 698 4855 lectio.
728 4782 868 4855 Reg.
893 4791 1119 4855 octavus
1139 4783 1442 4855 ὲνερχεεας.
1472 4852 1480 4855 Α
1658 4854 1663 4855 ν
1749 4853 1772 4855 μ
1852 4853 1868 4855 Α

2184 4782 2327 4855 quod
2367 4784 2553 4855 κτῆμα
2595 4782 2854 4855 generale
2906 4799 3099 4838 nomen
3156 4786 3247 4851 sit,
3276 4800 3382 4855 quo
3419 4786 3755 4854 signiﬁcatur

2186 4852 2446 4932 quidquid
2474 4852 2504 4932 ξι
2538 4854 2791 4932 quopiam
2821 4855 3151 4932 possid_etur_,
3177 4865 3233 4909 et
3263 4852 3405 4932 gnod
3438 4852 3495 4932 ut
3529 4856 3755 4924 reliqua,

2186 4923 2260 4993 ita
2292 4923 2369 4993 τὰ
2399 4923 2602 4993 κτήνεα
2634 4923 2747 4992 ipsa
2769 4925 3217 4993 comprehendat.
3267 4925 3338 4981 Ut
3371 4935 3428 4980 ut
3467 4925 3579 4980 haec
3610 4934 3754 4990 sunt,

2188 4992 2323 5066 ni_bil
2356 4993 2409 5045 in
2442 4992 2930 5066 teXtu_mu_tandum
2957 5007 3079 5049 esse
3104 4998 3428 5066 putavimus.
3449 4994 3758 5066 thuisque

2187 5061 2413 5116 allectus
2441 5066 2564 5125 erit,
2596 5063 2666 5116 ita
2698 5063 2857 5131 leget.

1149 5135 1179 5186 6
1227 5133 1336 5207 γὰρ
1371 5133 1441 5188 τὰ
1478 5103 1682 5206 κτήνεά
1715 5150 1808 5188 σου
1873 5132 2071 5204 διατρέ-

586 5220 653 5270 ›ν,
683 5204 783 5272 τὴν
815 5204 933 5272 σήν.
961 5201 1174 5272 Optime
1198 5206 1413 5272 quidem
1442 5221 1457 5258 :
1490 5211 1583 5259 sed
1612 5205 1787 5258 nullus
1815 5218 1915 5257 ms.
1947 5205 2071 5257 bant

2871 5134 3076 5208 τροφὴν
3108 5134 3437 5207 ἀνθρώποις.

2216 5203 2343 5272 *(9.1
2378 5203 2504 5272 ulta
2533 5270 2543 5272 Α
2571 5205 2787 5258 codices
2847 5220 2951 5259 non
3018 5208 3197 5272 pauci.
3255 5205 3434 5259 Editio

513 5201 653 5275 φων,
678 5201 783 5275 ’τὴν
815 5204 933 5276 σήν.
961 5201 1174 5276 Optime
1198 5201 1413 5276 quidem
1442 5221 1457 5258 :
1490 5201 1583 5259 sed
1612 5205 1787 5276 nullus
1815 5218 1915 5257 ms.
1944 5201 2071 5276 bant

2216 5201 2504 5276 _(?.l)__lta
2528 5270 2555 5276 __
2571 5204 2787 5276 codices
2847 5201 2951 5259 non
2984 5201 3224 5276 pauci."
3255 5205 3434 5259 Editio
3475 5203 3649 5276 Paris.
3678 5204 3754 5270 ὡς

517 5267 695 5331 tuetur
729 5267 1087 5347 scripturam.
1110 5267 1261 5344 Regii
1302 5275 1811 5347 primus,_tert_ius,_
1864 5275 2071 5347 quintus

2179 5267 2497 5347 givratnllzec
2524 5270 2817 5347 Scriptura:
2838 5267 3034 5347 verba;
3060 5274 3467 5347 βλαστησάτωή
3498 5275 3569 5346 γῆ
3603 5267 3761 5346 βοτάῖ-

517 5357 574 5401 et
611 5342 969 5432 sextus,”cum
997 5344 1147 5432 (Jo‘lb;
1181 5342 1420 5432 secundo
1447 5347 1475 5399 6
1496 5344 1605 5416 γὰρ
1623 5343 1976 5432 τάκτήματά
1992 5359 2071 5432 σοι

2188 5342 2542 5432 ξχόρτρυ,
2558 5344 2778 5432 σπεῖρον
2813 5345 3034 5432 σπέρμα
3061 5342 3219 5398 κατὰ
3244 5342 3431 5432 Ῠένος..
3455 5342 3466 5346 ⁷
3486 5342 3615 5432 visa
3637 5355 3762 5432 s'unt

517 5416 952 5487 παρασκευάζων
995 5415 1089 5468 καὶ
1113 5413 1449 5486 διατρέφων,
1487 5412 1592 5470 etc.
1620 5413 1785 5469 Coisl.
1811 5412 2071 5493 secundm

515 5485 586 5541 τὰ
638 5486 898 5557 κτίματα,
948 5486 1222 5557 mendose,
1285 5501 1382 5555 pro
1440 5486 1716 5557 κτήματα.
1753 5484 1809 5557 l_n
1865 5484 2071 5552 reliqui:

2187 5412 2392 5467 Basilio
2417 5413 2483 5466 ab
2515 5412 2714 5467 usitato
2761 5412 3012 5484 loquendi
3074 5412 3271 5485 genere
3315 5414 3616 5471 deflectere.
3655 5415 3759 5483 lgi-

2194 5492 2281 5537 tur
2309 5497 2370 5537 ea
2405 5482 2471 5536 ad
2504 5486 2882 5557 grammatices
2912 5485 3127 5556 regulas
3175 5486 3420 5555 redigere
3470 5495 3636 5557 atque
3669 5498 3756 5537 re-

883 5525 898 5549 ,
948 5500 1222 5549 mendose,
1285 5501 1382 5555 pro
1440 5500 1716 5556 κτήματα.
1753 5500 1809 5537 ιη
1865 5500 2089 5552 reliquis
2194 5500 2281 5537 tur
2309 5500 2370 5537 ea
2405 5500 2471 5536 aa
2504 5500 2882 5551 grammatices
2912 5500 3127 5556 regulas
3175 5500 3420 5555 redigere
3470 5500 3636 5554 atque
3669 5500 3754 5537 re-

883 5557 933 5608 Lit
962 5569 1082 5608 cum
1115 5556 1407 5625 prioribus,
1432 5556 1733 5625 codicibus.
1763 5553 1900 5625 Reg.
1935 5560 2089 5607 octa-
2191 5562 2668 5625 vocaregconatur.
2698 5552 2848 5618 Quod
2881 5566 2938 5608 ut
2960 5624 2965 5625 ί
2986 5563 3241 5625 prazstet,
3294 5557 3525 5624 primum
3559 5554 3627 5609 de
3654 5568 3754 5625 suo

2190 5623 2505 5691 particulam
2539 5623 2633 5675 καί
2684 5625 2832 5678 addit
2868 5639 2884 5676 :
2939 5623 3134 5679 deinde
3162 5623 3351 5679 barum
3375 5639 3568 5679 vocum
3600 5624 3756 5679 σπεῖ-

2195 5708 2284 5763 ρον
2315 5692 2535 5764 σπέρμα
2557 5693 2800 5751 ordinem
2826 5694 3068 5751 invertit.
3109 5694 3252 5765 Lege
3282 5704 3509 5753 textum.

580 4853 691 4927 (l8)
726 4853 801 4907 Ita
860 4852 1010 4905 multi
1062 4867 1193 4907 mss.
1236 4852 1384 4907 Editi
1427 4852 1498 4906 τά
1550 4854 1682 4924 περὶ
1707 4853 1812 4923 γ”ν
1844 4853 2080 4908 ἅπαντα.

573 4926 713 4978 idem
778 4921 930 4977 Colb.
984 4919 1250 4977 secundus
1316 4871 1907 4978 διεκεκόο·μητο.τίῑι1ἰιὶ
1958 4939 2080 4978 cum

509 4919 713 4979 Ibidem
778 4921 930 4977 Colb.
976 4919 1250 4994 secundus
1316 4919 1731 4994 διεκεκόο-μήτοζ
1766 4919 1907 4994 Editi
1958 4939 2084 4978 cmn

513 4993 783 5066 aliquibus
814 5007 943 5066 mss.
975 4991 1154 5047 lonico
1181 5007 1331 5049 more
1355 4991 1777 5065 διακεκόσμητο.
1806 4993 1940 5066 Reg.
1973 5004 2085 5048 ter~

513 5062 619 5119 tius
640 5062 1090 5134 διακεκόσμηται.

518 5638 619 5696 vus
650 5626 678 5677 6
711 5626 818 5696 γάρ
840 5624 907 5678 τὰ
933 5625 1185 5696 κτήματά
1208 5641 1298 5678 σου
1321 5624 1498 5690 αὔξων
1528 5627 1617 5679 καὶ
1644 5624 2086 5696 διατρέφωνβισ.

521 5691 602 5746 Ex
631 5691 825 5760 quibus
869 5691 1184 5762 intelligitur
1223 5696 1277 5748 in
1333 5697 1614 5751 codicibus
1672 5691 1924 5750 omnibus
1987 5693 2089 5762 legi

520 5762 794 5831 κτήματα,
824 5780 929 5820 nou
963 5765 1181 5835 κτήνεα.
1221 5764 1355 5821 llinc
1376 5766 1609 5836 suspicio
1630 5767 1823 5834 oritur,
1853 5764 1943 5822 hic
1964 5777 2089 5820 eve-
