4082 6218
422 266 497 326 97
1541 264 1850 324 .HOMlLlA
1889 266 1931 323 ν
1970 269 1987 322 1

2085 258 2579 326 ΠῈΧΛΕΜΕΒΟΝ.
3611 278 3679 331 98

425 386 488 441 τὸ
525 386 819 455 ἀναγκαῖον
857 383 965 437 τῶν
1001 384 1104 437 ὑπὸ
1136 385 1234 455 τῆς
1282 385 1495 455 φύσεως
1537 388 1990 460 οἰκονομουμένωκ

2108 397 2271 458 atque
2294 389 2601 443 necessaria
2635 387 2878 457 qumdam
2909 401 3095 442 eorum
3130 401 3249 455 qua:
3281 401 3310 440 a
3340 391 3532 439 natura
3568 383 3682 437 dis-

425 478 837 549 διασωθήσεται.
906 476 1129 547 Πρῶτον
1194 477 1291 547 μὲν
1349 477 1455 547 γὰρ
1519 478 1830 550 βλάστησις,
1887 474 1990 533 εἶτα

2107 491 2425 549 pensantur,
2467 480 2780 535 consecutio
2822 479 3255 533 conservabitur.
3288 476 3529 531 Primum
3558 475 3681 543 qui-

424 571 576 642 χλόη,
613 567 733 623 εἶτα
777 570 971 639 χόρτου
1006 568 1252 640 αὔξησις,
1296 566 1415 623 εἶτα
1458 572 1486 623 ό
1528 572 1868 642 ἁπαρτισμὸς
1897 572 1990 625 τῶι

2106 573 2225 625 dem
2275 572 2615 641 germinatio,
2663 572 2853 626 deinde
2905 573 3085 625 virens
3126 570 3287 624 herba
3332 587 3344 621 :
3400 581 3513 623 tum
3569 567 3680 623 feni

423 662 735 732 αὐξομένων
772 662 884 732 (22)
916 660 1003 714 διά
1041 663 1134 715 τοῦ
1164 663 1499 734 σπέρματος.
1538 663 1662 727 Πῶς
1690 660 1805 727 οὖν,
1845 664 1990 733 φασὶ1

2108 662 2528 723 incrementum,
2564 671 2837 728 postremo
2887 661 3152 715 absolutio
3186 660 3555 728 perfectioque
3581 671 3679 711 au-

424 754 604 808 πὰντα
635 748 774 806 εἶναι
823 754 891 807 τὰ
930 755 994 806 ἐκ
1032 754 1130 825 τῆς
1168 756 1269 826 γῆς
1316 756 1556 825 φυόμενα
1592 758 1940 827 σπερματικὰ
1974 759 1990 811 ἐ

2104 752 2436 821 gescentium
2474 768 2568 822 per
2595 766 2800 807 semen.
2834 752 3117 818 Quomodo
3169 754 3369 823 igitur,
3404 750 3679 821 inquiunt,

420 844 578 915 λόγος
606 847 961 910 ἐνδείκνυται,
990 847 1123 900 ὅπου
1150 864 1213 916 γε
1234 846 1357 900 οὔτε
1384 849 1647 918 κάλαμος.
1672 848 1797 901 οὔτε
1823 849 1990 920 άγρω·

2103 844 2288 897 omnia
2327 858 2396 897 ex
2438 853 2581 898 terra
2611 846 2908 907 nascentia,
2944 846 2995 898 in
3038 860 3223 900 semen
3265 846 3416 898 abire
3438 843 3680 899 ostendit

424 953 559 1002 στις,
588 934 711 988 οὕτε
742 938 775 1006 ὴ
806 935 991 1007 μίνθη,
1026 938 1091 990 οὐ
1124 937 1341 1010 κρόκος,
1372 939 1432 991 οὐ
1466 939 1737 1008 σκόροδον,
1782 942 1844 993 οὐ
1875 940 1990 1010 βού-

2105 932 2407 1003 Scriptura,
2436 949 2559 988 cum
2588 949 2760 1003 neque
2784 938 3013 996 arundo,
3039 950 3215 1003 neque
3237 949 3482 1006 gramen,
3501 947 3677 1003 neque

420 1045 605 1099 τομον,
637 1029 745 1082 οὐδ’
773 1028 907 1082 ἄλλα
949 1030 1116 1099 μυρία
1161 1031 1517 1103 γένῃ-φυτῶν
1560 1034 1990 1103 σπερματίζοντα

2103 1026 2344 1090 mentha,
2373 1040 2707 1091 noncrocus,
2738 1040 2842 1080 non
2884 1026 3089 1089 allium,
3131 1041 3234 1080 non
3270 1025 3557 1096 butomon,
3582 1040 3677 1080 ne-

420 1049 605 1099 τομον,
637 1049 729 1082 ouo
773 1049 907 1082 cum
949 1049 1116 1099 μυρια
1161 1049 1254 1098 γεν
1378 1049 1517 1084 υτων
1560 1049 1990 1103 σπερματιςοντα

416 1120 703 1189 (petiverat;
742 1120 885 1191 Πρὸς
913 1121 977 1191 δὴ
1002 1122 1160 1175 τοῦτό
1185 1049 1399 1226 φιψῖεῗῑ
1422 1124 1501 1177 ὅτι
1530 1125 1699 1178 πολλὰ
1730 1126 1838 1178 τῶν
1868 1144 1990 1195 φυο-

2103 1049 2344 1090 ιηωιιιιδ,
2373 1049 2707 1091 ιιυιιυιύυιιδ,
2738 1049 2842 1080 "0"
2884 1049 3089 1089 alllUIH,
3131 1049 3234 1080 llUlI
3270 1049 3557 1096 UUSUIIIOII,_
3583 1049 3673 1080 116·

2100 1132 2208 1186 que
2241 1117 2525 1171 innumera
2558 1116 2660 1171 alia
2684 1117 2987 1188 plantarum
3018 1132 3215 1186 genera
3259 1131 3442 1171 semen
3472 1117 3673 1185 produ—

419 1214 604 1282 μένων
627 1216 691 1267 ὲκ
712 1215 809 1283 τῆς
842 1216 945 1285 γῆς
974 1215 1066 1266 ἐπὶ
1091 1214 1183 1268 τοῦ
1219 1214 1494 1286 πυθμένος
1528 1218 1621 1270 καὶ
1645 1218 1742 1288 τῆς
1766 1218 1877 1288 (25)
1912 1218 1996 1288 ρί-

416 1303 519 1374 ζης
551 1304 663 1373 ἔχει
683 1304 782 1373 τὴν
811 1304 1038 1375 δύναμιν
1058 1305 1164 1357 τῶν
1195 1307 1546 1377 σπερμάτων.
1579 1309 1790 1380 Ὥσπερ
1837 1311 1866 1361 ό
1895 1310 1995 1363 κά-

416 1394 589 1465 λαμος
617 1396 755 1467 μετὰ
784 1396 882 1466 τὴν
915 1398 1156 1451 ἐπέτειον
1183 1397 1409 1468 αὔξησιν
1439 1400 1545 1453 άπὸ
1578 1401 1676 1470 τῆς
1706 1401 1861 1472 ῥίζης
1895 1403 1997 1470 ἁφ-

416 1489 531 1560 ίησί
564 1507 685 1543 τινα
715 1489 1003 1560 προϐολὴν,
1055 1490 1365 1561 σπέρματος
1409 1490 1563 1558 λόγον
1601 1491 1830 1560 ἔχουσαν
1861 1495 1995 1564 πρὸς

416 1582 475 1633 τὸ
507 1582 714 1652 μέλλον.
751 1580 918 1633 Τοῦτο
949 1580 1005 1633 δὲ
1046 1584 1189 1634 ποιεῖ
1228 1582 1320 1634 καὶ
1369 1582 1503 1635 ἄλλα
1549 1583 1736 1652 μυρία,
1771 1584 1870 1637 ὅσα
1907 1585 1994 1639 διὰ

408 1674 521 1742 γῆς
557 1673 832 1743 νεμόμενα
859 1674 915 1725 ὲν
946 1675 1066 1735 ταῖς
1102 1674 1279 1745 ῥίζαις
1304 1673 1400 1743 τὴν
1434 1673 1678 1744 διαδοχὴν
1710 1676 1986 1746 κέκτηται.

417 1766 579 1817 Ὥστε
607 1765 806 1827 παντός
832 1766 980 1818 ἐστιν
1013 1764 1373 1835 ἀληθέστερον
1402 1766 1461 1817 τὸ
1487 1767 1701 1837 ἑκάστῳ
1726 1767 1833 1818 τῶν
1860 1786 1991 1837 φυο-

418 1858 596 1927 μένων
630 1858 663 1926 ἢ
693 1856 911 1927 σπέρμα
936 1854 1094 1920 εἶναι,
1128 1857 1159 1927 ἢ
1199 1856 1425 1926 δύναμίν
1460 1875 1579 1911 τινα
1614 1860 1990 1928 σπερματικὴν

415 1949 758 2021 ἐνυπάρχειν.
788 1951 896 2001 Καὶ
928 1949 1085 2002 τοῦτό
1118 1952 1231 2002 ἐστι
1257 1950 1339 2012 τὸ,
1367 1950 1529 2004 Κατὰ
1559 1950 1749 2020 γένος.
1780 1952 1852 2004 Οὐ
1884 1952 1990 2023 γάρ

412 2045 448 2115 ἡ
481 2042 719 2114 προϐολὴ
752 2041 846 2095 τοῦ
894 2041 1138 2113 καλάμου
1172 2043 1357 2106 ἐλαίας
1389 2044 1505 2096 ἐστὶ
1542 2044 1818 2114 ποιητικὴ,
1856 2044 1990 2099 ἀλλὰ

412 2135 479 2190 ὲκ
497 2134 740 2205 καλάμου
766 2135 862 2205 μὲν
879 2133 964 2186 ἓτε
974 2151 1062 2203 ρος
1082 2135 1346 2204 κάλαμος,
1375 2137 1438 2187 ὲκ
1454 2135 1509 2187 δὲ
1532 2135 1637 2189 τῶν
1659 2140 1988 2206 σπερμάτων

410 2228 481 2282 τὰ
524 2226 758 2297 συγγενῆ
808 2228 918 2289 τοῖς
956 2227 1374 2297 καταϐληθεῐσιν
1413 2226 1829 2281 ἁποϐλαστὰνει.
1880 2230 1989 2281 Καὶ

407 2319 551 2375 οὕτω
591 2321 650 2373 τὸ
679 2321 737 2371 ὲν
774 2321 837 2389 τῇ
870 2318 1059 2390 πρώτῃ
1091 2320 1304 2388 γενέσει
1350 2320 1657 2391 προϐληθὲν
1703 2321 1854 2392 παρὰ
1889 2322 1987 2393 τῆς

409 2413 513 2484 γῆς
539 2413 699 2484 μέχρι
728 2412 1191 2476 νῦνλδιασώζεται,
1220 2416 1282 2483 τῇ
1310 2413 1600 2485 ἀκολουθίᾳ
1625 2414 1720 2484 τῆς
1740 2415 1989 2486 διαδοχῆς

410 2504 815 2574 φυλασσομένου
850 2501 943 2554 τοῦ
974 2502 1180 2570 γένους.
1210 2502 1622 2569 Βλαστησάτω
1645 2503 1681 2571 ἡ
1840 2503 1985 2574 Νόη-

412 2597 503 2649 σόν
537 2613 624 2665 μοι
667 2596 731 2646 ἐκ
766 2595 966 2664 μικρᾶς
1003 2595 1205 2663 φωνῆς,
1253 2594 1346 2646 καὶ
1394 2594 1811 2664 προστάγματος
1844 2594 1987 2648 οὕτω

412 2687 677 2758 βραχέος,
721 2686 820 2756 τὴν
853 2685 1274 2755 κατεψυγμένην
1319 2686 1412 2737 καὶ
1450 2686 1642 2753 ἄγονον
1691 2686 1985 2739 ὠδίνουσαν

409 2778 621 2849 ἁθρόως
643 2777 737 2830 καὶ
766 2777 901 2847 πρὸς
923 2778 1287 2847 καρπογονίαν
1319 2778 1765 2850 συγκινουμένην,
1795 2778 1984 2849 ὥσπερ

408 2871 532 2925 τινὰ
568 2869 894 2941 σκυθρωπὴν
944 2869 1037 2921 καὶ
1072 2869 1313 2941 πενθήρη
1350 2871 1730 2942 ἀπορρίψασαν
1764 2872 1985 2945 περιϐο-

409 2961 529 3032 λὴν,
562 2960 1105 3032 μεταμφιεννυμένην
1136 2960 1233 3031 τὴν
1268 2962 1627 3033 φαιδροτέραν
1654 2963 1746 3015 καὶ
1775 2967 1883 3027 τοῖς
1908 2966 1985 3018 οἰ-

406 3054 576 3115 κείοις
608 3053 833 3123 κόσμοις
862 3052 1254 3123 ἀγαλλομένην,
1288 3054 1381 3107 καὶ
1409 3054 1476 3107 τὰ
1508 3056 1676 3125 μυρία
1714 3056 1845 3125 γένη
1874 3058 1982 3112 τῶν
2009 3087 2055 3145 C

407 3146 691 3217 φυομένων
735 3144 1158 3216 προϐάλλουσαν.
1194 3144 1459 3215 Βούλομαί
1500 3162 1579 3198 σοι
1622 3148 1974 3220 σφοδρότερον
2032 3144 2042 3209 ξ

402 3240 506 3311 τῆς
533 3239 761 3302 κτίσεως
794 3237 1164 3307 ὲνιδρυνθῆναι
1196 3238 1257 3289 τὸ
1290 3238 1494 3309 θαῦμα,
1528 3239 1593 3292 ἵν’
1620 3240 1753 3293 ὅπου
1782 3258 1885 3312 περ
1910 3241 1974 3296 ἂν

404 3330 655 3402 εὑρεθῇς,
678 3329 770 3383 καὶ
794 3328 960 3399 ὁποίῳ
978 3328 1174 3398 δήποτε
1198 3328 1344 3396 γένει
1367 3329 1473 3382 τῶν
1500 3331 1779 3401 φυομένων
1802 3350 1978 3405 παρα-

405 3426 562 3494 στῇς,
615 3423 820 3493 ὲναργῆ
872 3421 1155 3493 λαμϐάνῃς
1197 3421 1293 3475 τοῦ
1346 3425 1669 3494 ποιήσαντος
1710 3427 1807 3495 τὴν
1844 3426 1977 3479 ὑπό-

408 3531 628 3589 μνησιν.
679 3514 903 3585 Πρῶτον
943 3514 1040 3585 μὲν
1085 3511 1177 3567 οὖν
1213 3516 1340 3568 ὅταν
1371 3516 1487 3589 ἴδῃς
1530 3516 1757 3589 βοτάνην
1784 3518 1977 3590 χόρτου

406 3609 500 3663 καὶ
526 3607 705 3671 ἄνθος,
734 3610 811 3669 είς
840 3606 1044 3659 ἔννοιαν
1066 3605 1224 3677 ἔρχου
1246 3605 1343 3678 τῆς
1367 3606 1713 3678 ἀνθρωπίνης
1744 3607 1975 3677 φύσεως,

407 3699 753 3770 μεμνημένος
782 3698 880 3767 τῆς
917 3696 1123 3760 εἰκόνος
1155 3696 1246 3749 τοῦ
1280 3696 1443 3766 σοφοῦ
1483 3698 1722 3762 Ἡσαΐου,
1754 3700 1835 3752 ὅτι
1864 3699 1979 3754 Πᾶ-

400 3805 489 3845 σα
516 3789 673 3858 σὰρξ
691 3789 768 3855 ὡς
802 3789 1035 3858 χόρτος,
1061 3789 1155 3842 καὶ
1182 3786 1351 3844 πᾶσα
1372 3787 1522 3852 δόξα
1550 3790 1868 3857 ἀνθρώπου
1898 3791 1978 3854 ὡς

398 3879 587 3947 ἄνθος
617 3880 977 3951 χόρτου-Τὸ
1024 3880 1132 3951 γὰρ
1164 3880 1524 3950 ὀλιγοχρόνιον
1556 3881 1655 3950 τῆς
1690 3880 1853 3951 ζωῆς,
1886 3881 1978 3934 καὶ

402 3972 463 4024 τὸ
503 3940 753 4042 ἐκόλίγῳ
786 3940 1218 4053 περίχαρέςοιαὶ
1260 3940 1453 4042 ’ἱλαρὸν
1494 3971 1591 4039 τῆς
1612 3940 2009 4042 ,άνθρωπίνης
2048 4035 2051 4040 _

402 4063 721 4134 εὐημερίας,
753 4066 1116 4134 καιριωτάτης
1150 4063 1300 4134 παρὰ
1325 4063 1401 4134 τῷ
1431 4064 1683 4134 προφήτῃ
1712 4062 1975 4132 τετύχηκε

399 4155 501 4223 τῆς
532 4156 757 4218 εἰκόνος.
798 4157 1044 4226 Σήμερον
1085 4154 1317 4226 εὐθαλὴς
1356 4153 1434 4223 τῷ
1467 4154 1699 4224 σώματι,
1740 4171 1973 4207 κατασε-

2098 1226 2222 1266 cere
2247 1209 2569 1264 videantur?
2592 1211 2738 1265 Sane
2760 1212 2826 1264 ad
2846 1210 2948 1264 hoc
2970 1209 3223 1275 dicimus,
3253 1209 3419 1262 multa
3440 1225 3506 1263 ex
3529 1218 3673 1263 terra

2098 1302 2377 1359 nascentia
2424 1303 2476 1357 in
2504 1303 2626 1359 imis
2656 1302 2768 1359 suis
2800 1304 3045 1372 partibus
3080 1312 3135 1357 et
3170 1303 3221 1355 in
3258 1302 3442 1356 radice
3470 1303 3577 1355 vim
3606 1315 3673 1356 ac

2096 1397 2350 1451 virtutem
2378 1398 2649 1453 seminum
2688 1396 2983 1451 includere.
3012 1393 3257 1463 Exempli
3292 1409 3480 1458 causa,
3505 1409 3672 1448 arun-

2096 1489 2185 1555 do,
2222 1501 2342 1559 post
2367 1504 2604 1559 annuum
2641 1499 2881 1555 auctum,
2916 1488 3213 1558 projectum
3242 1488 3547 1555 quemdam,
3578 1484 3674 1555 qui

2062 1582 2150 1636 'in
2184 1580 2426 1636 futurum
2452 1582 2717 1637 rationem
2751 1581 2973 1637 seminis
3015 1581 3201 1643 habet,
3230 1594 3259 1632 a
3293 1579 3478 1632 radice
3508 1578 3670 1631 emit-

2096 1674 2179 1729 tit.
2214 1675 2267 1730 ld
2303 1685 2481 1729 autem
2518 1674 2723 1729 faciunt
2749 1683 2803 1729 et
2832 1674 2933 1727 alia
2970 1675 3275 1738 innumera,
3303 1687 3422 1740 quae
3440 1684 3536 1739 per
3564 1680 3673 1724 Ier-

2097 1780 2212 1819 ram
2247 1766 2521 1834 dispersa,
2576 1765 2631 1819 in
2680 1765 2956 1820 radicibus
3004 1764 3402 1819 successionem
3450 1761 3670 1816 conclu-

2095 1857 2248 1910 dunt.
2281 1856 2461 1923 Quare
2483 1858 2629 1913 omni
2677 1873 2738 1912 re
2772 1857 2827 1912 id
2854 1857 3038 1912 verius
3058 1866 3164 1923 est,
3190 1857 3244 1909 in
3281 1854 3509 1923 singulis
3539 1855 3671 1908 stir-

2091 1949 2250 2017 pibus
2287 1958 2378 2001 aut
2403 1963 2610 2014 semen,
2645 1958 2736 2002 aut
2763 1947 3078 2003 seminalem
3101 1946 3386 2015 quamdam
3410 1945 3667 1999 virtutem

2092 2038 2291 2094 inesse.
2321 2040 2495 2107 Atque
2548 2039 2651 2093 hoc
2698 2047 2786 2093 est
2825 2040 2970 2108 quod
3013 2038 3232 2105 dicitur,
3262 2037 3430 2091 Juxta
3480 2053 3661 2106 genus.

2093 2128 2373 2199 Siquidem
2407 2129 2496 2185 ille
2527 2130 2814 2185 arundinis
2866 2129 3141 2200 projectus
3191 2142 3532 2197 nequaquam
3561 2128 3664 2181 oli-

2071 2229 2212 2276 ‘vam
2244 2223 2494 2293 producit
2524 2241 2536 2276 :
2580 2223 2676 2278 sed
2702 2238 2767 2277 ex
2798 2216 3065 2277 arundine
3094 2223 3301 2277 arundo
3331 2222 3435 2276 alia
3479 2221 3663 2275 nasci-

2093 2323 2208 2377 tur;
2240 2324 2403 2383 atque
2447 2329 2515 2369 ex
2563 2314 2884 2377 seminibus,
2922 2322 3151 2384 cognata
3190 2314 3258 2368 iis
3281 2328 3401 2382 quae
3450 2313 3666 2368 fuerant

2083 2405 2253 2476 jacta,
2284 2407 2613 2475 germinant.
2656 2408 2723 2461 Et
2750 2408 2821 2460 ita
2852 2408 2995 2476 quod
3027 2406 3080 2459 in
3109 2406 3284 2476 prima
3316 2405 3664 2475 generatione

2089 2512 2118 2550 a
2149 2507 2291 2551 terra
2323 2499 2526 2553 editum
2571 2507 2675 2564 est,
2711 2500 2763 2552 id
2806 2499 3127 2564 etiamnum,
3158 2507 3374 2553 servato
3408 2514 3505 2567 per
3534 2514 3662 2554 suc--

2088 2590 2354 2644 cessionis
2383 2591 2828 2645 consecutionem
2855 2605 3077 2660 genere,
3118 2598 3495 2645 conservatur.
3526 2588 3663 2644 Ger-

2087 2680 2249 2733 minet
2272 2689 2433 2733 terra.
2461 2681 2678 2750 Cogites
2707 2681 2868 2736 velim
2908 2690 3108 2735 terram
3172 2683 3547 2751 frigescentem
3607 2694 3664 2737 et

2089 2769 2433 2825 infecundam
2463 2812 2479 2836 ,
2540 2773 2646 2827 hac
2703 2788 2838 2827 voce
2888 2789 3054 2843 parva
3106 2784 3482 2843 pracceptoque
3525 2776 3663 2830 adeo

2086 2859 2236 2914 brevi
2272 2862 2554 2917 confestim
2600 2864 3015 2931 parturientem,
3042 2872 3096 2917 et
3126 2864 3194 2917 ad
3248 2864 3515 2918 edendum
3547 2865 3662 2919 fru-

2087 2963 2232 3005 ctum
2274 2953 2624 3018 concitatam,
2667 2962 2721 3008 et
2769 2954 2934 3009 veluti
2979 2962 3175 3008 mtesto
3209 2955 3443 3023 quodam
3486 2970 3550 3010 ac
3579 2955 3662 3011 lu-

2086 3043 2241 3113 gubri
2276 3044 2475 3100 amicto
2521 3045 2731 3112 abjecto
2755 3087 2771 3111 ,
2806 3046 3171 3115 splendidiore
3202 3056 3351 3101 veste
3388 3046 3560 3111 indui,
3594 3064 3661 3104 ac

2089 3136 2320 3204 propriis
2348 3138 2684 3191 ornamentis
2709 3137 3089 3205 exsultantem,
3126 3138 3332 3193 inﬁnita
3350 3141 3659 3210 plantarum

2087 3240 2284 3295 genera
2317 3242 2628 3294 procreare.
2667 3228 2796 3283 Volo
2822 3230 3057 3299 imprimi
3087 3230 3137 3284 in
3186 3239 3238 3286 te
3282 3234 3659 3290 vehementius

2088 3329 2352 3373 creaturae
2391 3319 2824 3385 admirationem,
2857 3337 2986 3391 quo,
3013 3323 3321 3393 ubicunque
3348 3329 3656 3394 reperiaris,

2082 3421 2138 3465 et
2165 3410 2467 3480 cuicunque
2524 3415 2829 3468 occurreris
2872 3413 3176 3483 plantarum
3230 3420 3456 3487 generi,
3493 3420 3658 3489 plane

2080 3502 2354 3558 Creatoris
2377 3505 2709 3559 memineris.
2748 3505 2985 3560 Primum
3023 3508 3239 3576 quidem
3266 3525 3390 3564 cum
3432 3512 3657 3566 herbam

2082 3597 2190 3653 feni
2222 3606 2276 3651 et
2297 3596 2486 3652 ﬂorem
2537 3600 2911 3666 conspexeris,
2966 3600 3259 3655 veniattibi
3302 3603 3355 3656 in
3416 3614 3656 3659 mentem

2080 3690 2312 3743 humana
2339 3698 2552 3751 natura,
2582 3690 2723 3744 hanc
2767 3692 3023 3759 sapientis
3056 3693 3206 3748 lsaia:
3244 3694 3532 3765 imaginem
3564 3713 3654 3753 ι’θ-

2080 3780 2326 3834 cordanti
2356 3795 2367 3829 :
2403 3780 2586 3834 Omnis
2616 3797 2739 3833 caro
2774 3792 2827 3833 ut
2853 3782 3052 3850 fenum,
3084 3793 3134 3837 et
3161 3786 3329 3837 omnis
3355 3786 3529 3854 gloria
3550 3788 3649 3841 ho-

2079 3871 2235 3924 minis
2274 3881 2327 3923 ut
2362 3873 2461 3939 ﬂos
2496 3873 2603 3937 [em'
2627 3872 2691 3924 ⁸⁸.
2720 3870 2851 3924 Nam
2884 3872 3007 3926 vitae
3042 3874 3299 3937 brevitas,
3334 3885 3388 3930 et
3423 3868 3653 3947 prospe-

2082 3963 2257 4018 ritatis
2298 3965 2549 4018 humana:
2579 3963 2759 4017 laetitia
2803 3964 3158 4034 hilaritasque
3189 3967 3329 4021 haud
3367 3968 3460 4023 diu
3490 3969 3655 4024 dura-

2079 4064 2199 4109 tura
2237 4056 2856 4109 accommodatissimam
2888 4057 3030 4126 apud
3082 4060 3405 4127 prophetam
3460 4064 3653 4118 sortita

2076 4157 2162 4202 est
2192 4148 2618 4203 similitudinem.
2650 4145 2821 4202 Hodie
2849 4150 2941 4217 qui
2971 4148 3128 4205 ﬂoret
3154 4167 3405 4221 corpore,
3427 4156 3517 4223 qui
3541 4169 3649 4222 prae

403 4246 751 4316 ⁴ποιρκωμένος
793 4247 896 4298 ὑπὸ
927 4246 1158 4316 τρυφῆς,
1206 4245 1543 4299 ἐπανθοῦσαν
1581 4245 1718 4315 ἔχων
1750 4244 1848 4316 τὴν
1888 4244 1975 4297 εὔ-

2085 4240 2290 4295 dcliciis
2312 4255 2579 4294 carnosus
2606 4250 2709 4305 est,
2739 4240 2829 4309 qui
2868 4241 3103 4295 colorem
3144 4257 3255 4311 prae
3292 4245 3469 4299 aetatis
3517 4245 3651 4301 (lore

402 4352 592 4406 χροιάν
648 4337 752 4389 ὑπὸ
796 4338 891 4407 τῆς
932 4339 1073 4405 κατὰ
1112 4338 1208 4409 τὴν
1245 4337 1458 4407 ἡλικίαν
1489 4338 1693 4407 ἀκμῆς,
1727 4336 1969 4407 σφριγῶν

2085 4333 2503 4388 elllorescentem
2534 4347 2643 4401 prae
2673 4347 2732 4387 se
2770 4332 2894 4399 fert,
2920 4335 3013 4402 qui
3056 4335 3195 4403 viget
3221 4345 3276 4389 et
3302 4350 3428 4389 acer
3459 4347 3566 4401 est,
3596 4348 3652 4391 et

402 4429 498 4483 καὶ
525 4427 790 4489 σύντονος,
816 4430 906 4481 καὶ
928 4429 1292 4490 ἀνυπόστατος
1322 4428 1430 4497 (24)
1451 4428 1548 4498 τὴν
1570 4427 1765 4499 ὁρμὴν,
1784 4425 1970 4497 αὔριον

2085 4426 2231 4495 cujus
2272 4425 2459 4493 nequit
2502 4425 2756 4479 sustineri
2808 4426 3062 4493 impetus,
3098 4426 3187 4480 hic
3214 4427 3350 4481 idem
3400 4444 3521 4483 cras
3548 4431 3652 4483 mi-

396 4522 430 4574 ιὸ
459 4519 619 4582 αὐτὸς
642 4513 793 4581 οὗτος
822 4518 1068 4582 ἐλεεινὸς,
1168 4517 1245 4587 τῷ
1276 4518 1450 4589 χρόνῳ
1486 4516 1798 4589 μαρανθεὶς,
1834 4518 1865 4587 ἥ
1891 4518 1975 4570 νό-

2085 4518 2324 4573 serabilis
2353 4526 2454 4581 est,
2483 4525 2576 4571 aut
2610 4526 2849 4586 tempore
2873 4518 3168 4582 marcidus,
3206 4529 3298 4572 aut
3330 4522 3518 4575 morbo
3545 4523 3652 4576 dis-

398 4630 481 4683 σῳ
527 4610 813 4674 διαλυθείς.
866 4612 925 4663 Ὀ
967 4609 1113 4662 δεινὰ
1152 4610 1509 4681 περίϐλεπτος
1548 4611 1639 4661 ἐπὶ
1679 4609 1975 4681 χρημάτων

2085 4610 2301 4665 solutus.
2334 4610 2614 4677 Quispiam
2634 4606 2943 4663 divitiarum
2968 4609 3119 4678 copia
3141 4610 3412 4675 inclaruit,
3444 4613 3649 4681 ipsum-

400 4701 687 4775 περιουσία
711 4718 724 4731 ·
750 4701 844 4754 καὶ
876 4700 1076 4769 πλῆθος
1109 4702 1237 4771 περὶ
1262 4700 1418 4753 αὐτὸν
1446 4700 1689 4754 κολάκων
1713 4718 1724 4729 ·
1749 4700 1975 4770 δορυφο-

2085 4717 2182 4771 que
2218 4701 2556 4754 adulatorum
2590 4701 2906 4755 circumstat
2940 4702 3226 4757 multitudo
3257 4723 3269 4757 :
3317 4704 3470 4758 adest
3493 4706 3648 4759 ﬁcto-

393 4797 492 4869 ρία
511 4795 677 4865 φίλων
698 4792 1078 4865 προσποιητῶν
1103 4792 1201 4863 τὴν
1231 4794 1323 4849 ἀπ’
1353 4792 1515 4845 αὐτοῦ
1535 4795 1694 4863 χάριν
1718 4793 1782 4864 θη
1793 4795 1975 4865 ρευόν-

2085 4808 2192 4845 rum
2220 4792 2519 4846 amicorum
2547 4793 2775 4862 gratiam
2808 4794 2952 4847 illius
2979 4796 3289 4848 venantium
3319 4796 3641 4850 comitatus:

393 4906 505 4942 των
536 4888 646 4959 (25)
669 4904 682 4917 ο
726 4886 930 4957 πλῆθος
968 4885 1308 4953 συγγενείας,
1335 4885 1445 4953 (καὶ
1475 4884 1677 4956 ταύτης
1711 4902 1975 4954 κατεσχη-

2085 4883 2382 4953 frequentes
2406 4892 2532 4937 sunt
2553 4887 2961 4955 consanguinei,
2992 4887 3134 4954 iique
3160 4887 3525 4944 simulationis
3552 4904 3644 4942 ar-

394 4980 738 5053 ματισμένης
760 4997 773 5009 ·
812 4979 978 5049 ἐσμὸς
1023 4978 1130 5031 τῶν
1160 4978 1508 5048 ὲφεπομένων
1552 4978 1743 5049 μυρίος
1774 4978 1882 5032 τῶν
1914 4995 1973 5029 τε

2085 4977 2239 5031 Liﬁcio
2280 4976 2481 5031 eruditi
2525 4994 2537 5031 :
2570 4978 2726 5033 adest
2758 4994 2947 5050 agmen
2984 4983 3294 5050 sequacium
3325 4983 3641 5038 innumero-

2025 1734 2064 1787 Β

464 5138 510 5169 ⁸³
541 5135 645 5191 lsa.
678 5151 767 5202 λι,
797 5135 849 5189 6.

467 5296 577 5375 (272)
605 5298 758 5353 Colb.
798 5300 1063 5355 secundus
1090 5315 1211 5355 cum
1244 5301 1377 5368 Reg.
1414 5307 1608 5357 octavo
1637 5299 1747 5353 τῶν
1800 5299 1964 5366 αὐξα-

2136 5297 2446 5375 (25)Edit_io
2472 5301 2819 5373 Paris.'xdpw
2849 5300 3382 5375 θηρευόντωνζῐῆςείἰ
3414 5301 3640 5375 primus,

392 5369 685 5443 vottégtn‘t.“
859 5440 870 5443 _
903 5441 913 5443 _
1142 5442 1161 5443 7
1366 5440 1388 5443 7_
1475 5440 1485 5443 7
1628 5441 1659 5443 77
1696 5442 1703 5443 7
1862 5440 1887 5443 _
2064 5373 2282 5443 tertius,
2309 5372 2535 5443 quintus
2564 5382 2618 5425 et
2644 5369 2829 5427 sextus
2850 5416 2863 5438 ,
2894 5369 3127 5443 i'iemque
3183 5369 3336 5443 Colbl
3370 5373 3644 5443 secundus

467 5438 579 5507 (25)
632 5440 724 5493 Sic
766 5440 917 5495 multi
973 5456 1105 5497 mss.
1140 5442 1296 5496 Deest
1329 5440 1427 5512 τῆς
1475 5440 1527 5494 in
1576 5441 1816 5495 editione
1860 5440 1964 5494 Pa-
2062 5455 2185 5512 cum
2225 5439 2390 5512 Coisl.
2446 5451 2672 5512 utroque
2719 5453 2773 5497 et
2821 5460 2944 5496 cum
3002 5438 3260 5512 editione
3284 5440 3449 5495 Basil.
3478 5440 3643 5511 χάριν

392 5507 563 5581 ris.”
612 5578 641 5581 _
730 5578 758 5581 77
1385 5507 1425 5581 '7
1568 5580 1575 5581 7
1828 5580 1833 5581 7
1890 5580 1895 5581 7
1952 5580 1955 5581 7

2085 5509 2501 5581 ιεραπευόντων,
2528 5507 2668 5563 haud
2725 5513 2967 5566 dissimili
3013 5530 3194 5569 sensu.
3235 5510 3366 5581 Reg.
3418 5507 3644 5581 octavus

2062 5579 2161 5663 τὴν
2190 5580 2353 5663 adeo?
2383 5580 2571 5663 χρείαν
2605 5581 3041 5663 θεραπευόντων.
3066 5585 3241 5639 Codex
3268 5579 3512 5637 Gotnbel'.
3542 5579 3646 5653 τὴν

465 5577 573 5648 (24)
612 5578 761 5648 Regii
820 5582 1022 5648 primus
1048 5589 1100 5635 et
1159 5581 1379 5647 quintus
1413 5580 1795 5643 ὲνυπόστατος.
1826 5580 1964 5634 Εάίιί

2064 5651 2158 5703 ἀπ’
2190 5651 2354 5704 αὑτοῦ
2384 5652 2573 5722 χρείαν
2603 5651 2962 5723 θηρευόντων.

390 5660 515 5702 cum
552 5649 671 5701 aliis
730 5664 858 5701 mss.
889 5652 1282 5713 ἀνυπόστατος,
1313 5651 1467 5703 bene.
1522 5650 1640 5702 Mox
1688 5663 1796 5705 tres
1832 5667 1962 5707 mss.

389 5715 580 5787 αὔριον
606 5719 785 5780 αὐτός.
814 5718 993 5775 Codex
1018 5722 1258 5776 Connbcf.
1287 5718 1475 5790 αὔριον
1508 5716 1681 5785 οὗτος.

708 5818 977 5879 ΡΑΤιιοι..
1020 5820 1135 5880 Gn.
1182 5820 1415 5881 XXIX.

3325 5823 3361 5880 Ῑι

3814 1020 3887 1063 tif)
