4082 6218
1810 291 1869 346 s.
1911 273 2161 344 essunt
2196 272 2410 343 MAG'NI

3614 279 3726 342 ιοδ

461 416 609 483 rum,
647 412 738 483 qu‘i
765 411 959 483 partim
995 406 1221 482 parandi
1242 408 1349 466 cibi
1377 409 1786 480 gratia,partim
1809 409 1879 464 ob
1898 409 2031 464 alias

2133 407 2228 460 ἐπὶ
2258 405 2443 461 σιτίων
2482 404 2578 459 καὶ
2622 403 2732 458 τῶν
2773 402 2916 458 κατά
2959 401 3059 467 τὰς
3088 404 3278 478 χρείας
3316 403 3466 477 αὐτῷ
3492 405 3727 477 προσ-εδ.

463 506 824 565 necessitates
870 503 981 572 ipsi
1007 510 1224 557 astant:
1272 516 1410 571 quos
1439 502 1566 556 dum
1618 510 1674 556 et
1721 500 1949 566 abiens,
1979 509 2035 554 et

464 597 664 651 iterum
697 594 806 667 42
859 595 1077 650 rediens
1105 608 1289 649 secum
1324 593 1514 658 trahit,
1560 592 1615 647 in
1654 607 1714 649 se
1740 607 2035 648 occurren-

465 689 600 744 tium
625 688 861 741 concitat
885 687 1164 742 invidiam.
1202 686 1353 742 Adde
1381 685 1586 741 divitiis
1617 685 1780 740 etiam
1816 685 2031 739 civilem

466 779 704 849 aliquam
738 786 1087 848 potestatem,
1141 787 1236 833 aut
1275 777 1440 832 etiam
1497 777 1706 832 delatos
1748 791 1777 830 a
1813 775 2033 846 regibus

467 873 738 938 honores,
776 880 871 926 aut
909 871 1147 941 gentium
1189 869 1672 941 gubernationem,
1698 879 1793 922 aut
1817 867 2031 923 exerci-

464 975 615 1027 tuum
654 963 942 1034 imperium
966 980 980 1017 :
1001 977 1302 1032 praeconem
1332 977 1523 1030 magna
1547 976 1680 1016 voce
1698 970 1824 1016 ante
1855 961 2032 1030 ipsum

465 1053 795 1108 clamantem
831 1072 845 1108 :
885 1053 1107 1108 lictores
1131 1053 1255 1107 hinc
1281 1064 1335 1106 et
1361 1053 1488 1108 inde
1515 1052 1746 1108 subditis
1776 1052 2033 1106 timorem

464 1145 843 1216 gravissimum
900 1144 1195 1200 inferentes
1225 1159 1236 1193 ε
1279 1144 1485 1215 plagas,
1518 1143 1909 1215 publicationes
1936 1142 2034 1197 bo-

463 1250 681 1301 norum,
711 1236 931 1301 exsilia,
964 1236 1178 1291 vincula
1212 1255 1224 1291 :
1268 1250 1298 1290 e
1329 1236 1525 1305 quibus
1556 1234 1914 1291 intolerabilis
1942 1234 2034 1289 ille

465 1323 830 1395 subiectorum
861 1335 1040 1382 metus
1068 1327 1393 1381 concrescit.
1419 1326 1555 1393 Quid
1579 1341 1709 1382 vero
1738 1334 1864 1397 post
1892 1324 2034 1381 hoc?

442 1417 583 1475 'Una
612 1433 746 1482 nox,
783 1427 879 1474 aut
914 1433 1017 1473 una
1040 1418 1228 1483 febris,
1260 1428 1356 1474 aut
1388 1418 1659 1489 pleuritis,
1687 1428 1783 1474 aut
1817 1418 2031 1488 pulmo-

463 1510 552 1564 nis
574 1506 947 1575 inﬂammatio,
993 1510 1136 1564 hunc
1179 1509 1456 1564 hominem
1497 1524 1564 1565 ex
1599 1509 1911 1566 hominibus
1934 1512 2035 1567 ab-

463 1609 679 1671 reptum
707 1602 945 1667 abducit,
976 1600 1122 1657 illico
1149 1615 1366 1658 omnem
1398 1601 1545 1658 illius
1587 1617 1809 1659 scenam
1844 1604 2031 1672 nudat,

463 1703 627 1764 atque
673 1694 842 1765 gleria
874 1693 964 1749 illa
999 1709 1099 1750 ceu
1161 1695 1432 1749 somnium
1482 1709 1605 1751 esse
1663 1696 2029 1751 convincitur.

461 1787 651 1852 Quare
672 1786 933 1856 propheta
957 1785 1248 1841 humanam
1290 1786 1516 1858 gloriam
1543 1802 1667 1843 cum
1694 1786 2031 1844 debilissimo

460 1876 595 1933 ﬂore
623 1877 982 1947 comparavit.

526 2059 583 2114 5.
617 2056 881 2115 Geminet
929 2068 1072 2114 terra
1130 2059 1342 2114 herbam
1358 2059 1517 2130 (feni,
1552 2060 1819 2114 sentinam
1857 2075 2031 2114 semen

462 2155 752 2205 secundum
780 2167 947 2222 genus
971 2160 1019 2206 et
1040 2152 1328 2205 secundum
1370 2146 1790 2209 similitudinem.
1827 2152 2033 2206 Etiam-

466 2257 598 2298 num
631 2244 975 2299 nascentium
1001 2244 1572 2300 ordo-ordinationem
1613 2245 1842 2312 primam
1870 2255 2035 2300 testa-

467 2342 557 2388 tur
581 2347 597 2388 :
626 2335 825 2404 quippe
851 2336 1342 2402 herbam-omnem,
1367 2351 1639 2405 omneque
1677 2352 1900 2406 gramen
1926 2352 2029 2392 an-

459 2425 664 2479 tecedit
700 2426 1044 2494 germinatio.
1097 2426 1226 2482 Sive
1276 2426 1424 2482 enim
1470 2427 1749 2497 quidpiam
1789 2442 1820 2482 a
1849 2427 2033 2483 radice

460 2529 533 2570 ex
572 2513 818 2569 interiori
864 2514 1113 2586 projectu
1138 2515 1469 2585 prorumpit,
1500 2525 1560 2570 ut
1593 2532 1788 2573 crocus
1816 2524 1873 2571 et
1908 2532 2031 2587 gra-

460 2619 609 2672 men,
661 2605 717 2661 id
757 2616 973 2676 oportet
1028 2608 1356 2678 germinare,
1391 2618 1448 2663 et
1491 2597 1973 2679 forasprominere
2011 2627 2024 2664 :

461 2699 579 2755 sive
600 2714 632 2753 a
671 2699 878 2754 semine
910 2699 1169 2769 gignitur,
1202 2699 1368 2754 etiam
1397 2701 1479 2757 sic
1503 2702 1817 2758 necessario
1840 2702 1898 2757 fit
1918 2702 2033 2773 pri-

460 2805 610 2846 mum
641 2791 1001 2862 germinatio;
1053 2792 1251 2848 deinde
1294 2786 1462 2848 herba
1486 2834 1502 2859 ,
1542 2804 1656 2849 tum
1693 2795 1917 2851 virescit
1951 2795 2031 2852 fe-

462 2896 614 2945 num,
635 2890 909 2951 postremo
932 2881 1140 2936 fructus
1165 2882 1218 2935 in
1253 2883 1527 2952 aridojam
1559 2893 1615 2939 et
1642 2899 1832 2940 crasso
1852 2874 2032 2941 culmo

462 2973 747 3046 turgescit.
775 2969 1041 3027 Germinet
1074 2979 1217 3026 terra
1252 2972 1467 3028 herbam
1501 2975 1631 3043 feni.
1677 2974 1814 3029 Cum
1844 2989 2031 3032 semen

2140 500 2434 573 ρευόντων,
2453 501 2547 563 οὒς
2564 500 2658 553 καὶ
2674 496 2877 570 προῖὼν
2897 497 2992 551 καὶ
3007 497 3172 552 πάλιν
3186 496 3424 553 ἐπανιὼν
3466 499 3725 571 ὲπισυρόι

2138 608 2298 662 μενος
2325 590 2612 659 ἐπίφθονός
2640 593 2754 644 ἐστι
2788 592 2902 654 τοῖς
2929 590 3333 661 ἐντυγχάνουσι.
3365 589 3607 662 Πρόσθες
3638 588 3724 663 τῷ

2135 681 2350 753 πλούτῳ
2371 681 2467 735 καὶ
2503 679 2782 751 πολιτικήν
2810 697 2933 733 τινα
2953 679 3291 743 δυναστείαν,
3322 678 3355 750 ἢ
3387 682 3481 734 καὶ
3519 680 3619 744 τᾶς
3652 682 3726 736 ὲκ

2138 769 2402 841 βασιλέων
2422 770 2618 840 τιμάς⁶
2646 768 2678 840 ἢ
2705 767 2873 823 ἐθνῶν
2906 768 3017 841 (26)
3047 768 3393 840 ἐπιμέλειαν·
3424 769 3459 838 ἢ
3492 786 3724 841 στρατο-

2136 856 2313 917 πέδων
2342 862 2637 934 ἡγεμονίαν
2656 878 2670 891 ·
2706 859 2799 915 τὸν
2822 862 3043 932 κήρυκα
3075 861 3218 932 μέγα
3246 860 3453 931 βοῶντα
3479 861 3586 932 πρὸ
3616 862 3720 914 at)“-

2134 954 2228 1007 τοῦ
2253 972 2266 984 ·
2296 955 2421 1019 τοὺς
2452 953 2779 1025 ῥαϐδούχους
2807 951 2957 1006 ἔνθεν
2984 952 3077 1006 καὶ
3106 951 3254 1006 ἔνθεν
3288 951 3598 1023 βαρυτάτην
3618 964 3723 1005 δια·ὶ

2134 1047 2403 1119 τάπληξιν
2431 1049 2544 1110 τοῖς
2576 1045 2898 1118 ἀρχομένοις
2929 1043 3317 1116 ἐμϐάλλοντας*
3345 1043 3445 1108 τὰς
3479 1045 3717 1115 πληγάςο

2134 1141 2233 1204 τὰς
2264 1138 2582 1211 δημεύσεις·
2613 1140 2711 1201 τάς
2736 1136 3039 1206 ἀπαγωγάς
3064 1136 3177 1207 ('27)
3197 1152 3212 1164 '
3254 1134 3321 1188 τὰ
3344 1134 3719 1208 δεσμωτήρια,

2135 1233 2194 1300 ἐξ
2248 1226 2323 1286 ὧν
2383 1230 2655 1302 ἀφόρητος
2716 1232 2746 1284 ὁ
2804 1229 2957 1301 παρὰ
3018 1228 3126 1281 τῶν
3188 1228 3518 1299 ὑποχειρίων
3584 1244 3717 1280 συν-

2134 1322 2446 1397 αθροίζεται
2491 1322 2673 1393 φόϐος.
2723 1322 2835 1375 Καὶ
2876 1322 2930 1374 τί
2982 1320 3121 1392 μετά
3146 1320 3337 1388 τοῦτο;
3398 1319 3497 1392 μία
3528 1319 3645 1384 νὺξ,
3680 1319 3719 1392 ἢ

2135 1417 2369 1490 πυρετὸς
2425 1411 2525 1481 εἷς,
2582 1415 2619 1485 ἢ
2660 1414 2957 1488 πλευρῖτις,
3016 1413 3050 1484 ἢ
3111 1412 3559 1484 περιπνευμονία,
3617 1414 3719 1467 ἀνέ

2136 1510 2412 1582 άρπαστον
2469 1507 2528 1575 ἐξ
2577 1505 2878 1579 ἀνθρώπων
2938 1505 3227 1574 ἀπάγουσα
3284 1503 3376 1558 τὸν
3430 1504 3719 1576 ἄνθρωπον

2134 1602 2366 1674 οἴχεται,
2423 1602 2604 1654 πᾶσαν
2655 1598 2754 1670 τὴν
2811 1600 2930 1651 κατ’
2984 1597 3145 1652 αὐτὸν
3205 1594 3410 1668 σκηνὴν
3456 1595 3722 1668 ἐξαπίνης

2135 1692 2602 1766 ἀπογυμνώσασα,
2648 1691 2741 1745 ml.
2784 1692 2818 1762 ἡ
2850 1689 2977 1757 δόξα
3016 1690 3198 1761 ἐκείνη
3239 1688 3427 1760 ὥσπερ
3466 1689 3721 1744 ἐνύπνιον

2063 1751 2108 1809 Β
2134 1751 2476 1859 ἀπηὲγέᾶχθη.
2507 1751 2670 1837 Ὥστε
2717 1751 3095 1837 ἐπιτέτευκται
3138 1751 3250 1853 (έϐ)
3286 1780 3363 1851 τῷ
3387 1751 3637 1853 προφήτῃ
3678 1781 3718 1852 ἡ

2132 1880 2268 1952 πρὸς
2289 1879 2351 1932 τὸ
2377 1877 2772 1950 ἀδρανέστατον
2798 1874 2958 1937 ἄνθος
2979 1873 3237 1946 ὁμοίωσις
3253 1875 3352 1946 τῆς
3373 1872 3718 1946 ἀνθρωπίνης

2225 1990 2313 2027 ηε.

2131 1971 2188 2025 δό
2225 1990 2255 2023 r
2296 2011 2313 2027 .

2194 1972 2699 2131 ἕἓ⁷›ί‹ἶΒ.ιιιοντηονιὶτω
2731 2061 2768 2130 ἡ
2795 2059 2870 2130 γῆ
2898 2056 3173 2127 βοτάνην
3200 2057 3439 2128 χόρτου,
3463 2057 3719 2128 σπεῖρον

2132 2155 2371 2225 σπέρμα
2403 2156 2554 2210 κατὰ
2580 2153 2753 2224 γένος
2789 2152 2888 2206 καὶ
2919 2151 3047 2207 καθ’
3085 2152 3419 2221 ὁμοιότητα.
3466 2152 3587 2205 Ἔτι
3618 2150 3717 2205 καὶ

2133 2249 2230 2305 νῦν
2254 2250 2288 2319 ἡ
2319 2246 2473 2312 τάξις
2507 2247 2615 2301 τῶν
2647 2244 2759 2316 (‘29)
2806 2244 3089 2315 φυομένων
3126 2245 3392 2315 μαρτυρεῖ
3432 2246 3498 2315 τῇ
3522 2243 3714 2314 πρώτῃ

2130 2324 2525 2421 διακοσμήσειξ
2552 2338 2617 2390 Ἡ
2662 2335 2770 2409 γὰρ
2817 2334 3111 2408 βλάστησις
3169 2334 3494 2405 καθηγεῖται
3534 2334 3845 2421 πέσῃς-κ.

2134 2414 2365 2522 ﬂagriqu
2391 2431 2693 2522 mission;
2719 2428 2875 2522 πόας.
2911 2428 3036 2522 Εἴτε
3064 2426 3172 2522 γάρ
3201 2426 3309 2522 ἀπὸ
3339 2425 3496 2522 ῥίζης
3519 2414 3718 2522 sigma-vx

2130 2515 2233 2577 ea?
2263 2540 2317 2575 τι
2355 2524 2419 2575 ὲκ
2456 2520 2556 2592 τῆς
2598 2518 2842 2574 κάτωθεν
2891 2517 3180 2589 προϐολῆς,
3245 2516 3321 2580 ὡς
3369 2516 3568 2588 κρόκος
3619 2515 3717 2571 καὶ

2132 2614 2428 2687 ἄγρωστις,
2461 2611 2868 2682 ἀναϐλαστῆσαι
2913 2609 2995 2663 δεῖ
3035 2609 3128 2661 καὶ
3164 2608 3259 2660 ἐπὶ
3283 2607 3345 2659 τὸ
3373 2605 3478 2672 ἔξω
3504 2604 3711 2679 προκύ-

2130 2699 2230 2778 ᾦαι
2255 2724 2267 2735 ·
2299 2707 2408 2760 εἴτε
2439 2704 2546 2759 ἀπὸ
2572 2703 2907 2773 σπέρματος,
2938 2701 3031 2755 καὶ
3061 2700 3231 2763 οὕτως
3253 2698 3468 2771 ἀνάγκη
3498 2698 3714 2771 πρῶτον

2135 2790 2447 2873 βλάστησιν,
2478 2792 2598 2850 εἶτα
2630 2795 2860 2867 βοτάνην
2893 2793 3162 2862 γενέσθαι,
3195 2786 3314 2845 εἶτα
3347 2791 3536 2863 χόρτον
3561 2790 3712 2863 χλοά-

2133 2892 2315 2957 ζοντα,
2350 2885 2469 2943 εἶτα
2510 2889 2602 2942 τὸν
2636 2888 2845 2960 καρπὸν
2884 2887 2978 2939 ἐπὶ
3015 2885 3185 2957 ξηρᾶς
3225 2884 3327 2955 ἤδη
3357 2885 3453 2938 καὶ
3485 2883 3714 2955 παχείας

2132 2977 2231 3057 τῆς
2255 2983 2508 3055 καλάμης
2546 2980 2907 3053 άδρυνὸμενον
2936 2979 3069 3050 (50).
3110 2977 3523 3046 Βλαστησάτω
3562 2978 3597 3045 ή
3630 2970 3709 3047 γῆ

455 3064 519 3119 in
551 3073 753 3119 terram
782 3064 1009 3118 humore
1040 3073 1095 3119 et
1118 3063 1300 3120 calore
1328 3066 1607 3121 moderato
1633 3067 1914 3136 prmditam
1948 3069 2031 3123 in-

2132 3072 2407 3141 ,ϐοτάνην
2434 3071 2673 3142 χόρτου.
2704 3071 2873 3123 Ὅταν
2899 3071 2981 3132 είς
3005 3068 3110 3138 γῆν
3139 3068 3428 3140 καταπέσῃ
3449 3066 3511 3121 τὸ
3540 3066 3709 3138 σπέρ-

451 3157 617 3226 cidit,
640 3157 822 3211 laxum
858 3157 1116 3221 evadens,
1151 3172 1215 3211 ac
1243 3157 1493 3227 plurimis
1528 3158 1746 3228 plenum
1766 3156 2034 3217 meatibus

463 3260 671 3307 terram
705 3247 1043 3319 adjacentem
1078 3249 1446 3319 complexum,
1491 3251 1710 3320 propria
1736 3252 1839 3308 sibi
1867 3261 1923 3308 et
1949 3268 2037 3310 co-

450 3350 622 3414 gnata
653 3342 721 3396 ad
751 3356 811 3397 se
834 3342 1085 3397 attrahit.
1125 3340 1326 3397 Verum
1365 3343 1697 3399 tenuissima:
1731 3355 1890 3401 terra:
1913 3360 2036 3415 par-

462 3443 548 3490 tes
580 3434 847 3490 meatibus
881 3433 991 3489 illis
1016 3433 1258 3504 allapsae,
1312 3444 1369 3489 et
1403 3435 1484 3491 eis
1515 3450 1641 3491 sese
1679 3435 1989 3492 inserentes
2015 3477 2033 3505 ,

460 3525 694 3597 amplius
745 3526 944 3581 molem
990 3527 1161 3596 ipsius
1202 3527 1479 3583 dilatant:
1532 3530 1668 3584 adeo
1691 3540 1753 3583 ut
1781 3529 2033 3586 deorsum

461 3619 679 3689 quidem
705 3629 832 3689 agat
867 3619 1101 3685 radices,
1141 3635 1356 3675 sursum
1389 3634 1519 3676 vero
1551 3622 1897 3691 promineat,
1955 3631 2035 3678 tot

455 3711 656 3767 culmis
682 3709 935 3765 videlicet
955 3750 971 3775 ,
1002 3720 1133 3779 quot
1157 3711 1373 3766 radices
1402 3722 1549 3777 sunt,
1594 3714 2024 3783 emergentibus.

442 3800 802 3873 L—Tepescente
845 3811 1026 3856 autem
1053 3816 1290 3871 .semper
1329 3804 1594 3872 germine,
1621 3812 1887 3860 attractus
1936 3817 2035 3875 per

441 3896 681 3951 --radices
713 3895 931 3960 humor,
971 3909 1069 3964 per
1108 3894 1312 3950 caloris
1365 3896 1746 3951 attractiouem
1784 3897 2032 3953 modera-

444 3995 578 4039 ttum
599 3985 664 4039 de
691 3994 833 4038 terra
860 3984 1174 4040 alimentum
1207 3985 1459 4050 adducit;
1494 3988 1657 4057 idque
1691 3988 1745 4042 in
1769 3989 2029 4055 culmum,

442 4087 522 4133 τοι
553 4077 609 4130 in
633 4078 915 4143 corticem,
947 4085 1002 4131 et
1033 4076 1086 4129 in
1124 4074 1382 4131 frumenti
1432 4078 1639 4146 thecas,
1671 4089 1726 4135 et
1750 4081 1807 4135 in
1850 4083 2032 4151 ipsum

450 4170 731 4236 triticum,
758 4170 898 4225 etin
942 4170 1140 4226 aristas
1179 4169 1519 4239 dispertitur.
1567 4171 1745 4241 Atque
1777 4173 2035 4241 quaelibet

442 4278 552 4319 res
582 4277 829 4326 nascens,
865 4263 1203 4341 incremento
1234 4264 1313 4318 sic
1360 4262 1622 4332 paulatim
1669 4273 1918 4335 accepto,
1964 4265 2033 4321 ad

2140 3186 2217 3239 μα
2246 3167 2574 3239 συμμέτρως
2612 3164 2811 3228 νοτίδος
2852 3163 2947 3218 καὶ
2989 3163 3197 3235 θέρμης
3223 3162 3472 3233 ἔχουσαν,
3518 3161 3711 3233 χαῦνον

2137 3258 2429 3330 γενόμενον
2454 3257 2546 3311 καλ⁸
2568 3254 2899 3327 πολύπορον,
2923 3255 3024 3326 τῆς
3050 3252 3460 3325 παρακειμένης
3484 3253 3584 3325 γῆς
3614 3268 3713 3305 πε-

2137 3348 2552 3424 ριδραξάμενον,
2609 3346 2679 3401 τὰ
2709 3348 2884 3401 οἰκεῖα
2933 3346 3028 3398 καὶ¹
3075 3343 3330 3415 σύμφυλα
3370 3342 3508 3414 πρὸς
3552 3341 3712 3396 ἑαυτὸ

2136 3439 2454 3493 ἐπισπᾶται.
2501 3435 2876 3508 Ἐμπίπτοντα
2897 3434 2954 3487 δὲ
2986 3436 3099 3497 τοῖς
3139 3434 3327 3505 πόροις
3358 3434 3452 3486 καὶ
3475 3432 3710 3505 περιολι-

2136 3531 2420 3586 σθαίνοντα
2462 3519 2564 3600 τῆς
2592 3528 2698 3598 γῆς
2741 3528 2810 3581 τὰ
2851 3526 3156 3581 λεπτότατα
3199 3525 3383 3598 μόρια,
3419 3527 3514 3579 ὲπὶ
3552 3524 3711 3579 πλέον

2133 3622 2422 3694 ἀνευρύνει
2471 3622 2597 3685 τοὺς
2635 3620 2831 3688 ὄγκους
2875 3618 3039 3672 αὑτοῦ
3077 3618 3189 3689 (5-1)
3212 3635 3224 3648 -
3260 3616 3401 3671 ὥστε
3434 3616 3712 3688 ῥιζοῦσθαι

2138 3713 2240 3785 μὲν
2258 3715 2339 3777 είς
2357 3713 2418 3766 τὸ
2441 3711 2611 3775 κάτω,
2632 3711 2724 3763 ἐπὶ
2746 3710 2805 3764 τὸ
2826 3710 2938 3765 ἀνω
2958 3710 3014 3762 δὲ
3031 3709 3386 3781 προκύπτειν,
3410 3709 3711 3781 ἰσαρίθμων

2134 3809 2256 3871 ταῖς
2285 3806 2462 3878 ῥίζαις
2491 3804 2598 3858 τῶν
2628 3804 2889 3874 καλάμων
2922 3801 3401 3875 προϐαλλομένων·
3439 3801 3713 3873 θαλπομέ-

2135 3915 2228 3952 νου
2260 3896 2317 3950 δὲ
2349 3898 2436 3950 ἀεὶ
2469 3895 2562 3950 τοῦ
2597 3895 2989 3967 βλαστήματος,
3042 3893 3343 3964 συρομένην
3373 3893 3461 3948 διὰ
3491 3893 3599 3947 τῶν
3624 3895 3709 3965 ρι-

2136 3986 2245 4051 ζῶν
2290 3986 2391 4057 τὴν
2433 3986 2633 4048 νοτίδα,
2675 3988 2741 4056 τῇ
2783 3982 2913 4056 ὁλκῇ
2950 3982 3044 4037 τοῦ
3078 3982 3280 4056 θερμοῦ
3310 3982 3710 4053 συνεπάγεσθαι

2135 4075 2228 4129 τοῦ
2256 4076 2521 4150 τροφίμου
2555 4076 2656 4146 τῆς
2692 4076 2795 4147 γῆς
2824 4076 2945 4129 ὅσον
2970 4074 3210 4145 μέτριον,
3234 4074 3328 4128 καὶ
3356 4073 3513 4128 τοῦτο
3543 4088 3712 4129 κατα-

2139 4168 2494 4240 μερίζειν-είς
2518 4168 2770 4239 καλάμην
2800 4170 2893 4221 καὶ
2928 4167 3128 4238 φλοιὸν,
3158 4168 3251 4222 καὶ
3287 4167 3386 4232 τὰς
3416 4167 3591 4239 θήκας
3616 4166 3710 4220 τοῦ

2138 4261 2307 4323 σίτου,
2348 4262 2442 4315 καὶ
2485 4260 2643 4314 αὑτὸν
2675 4260 2766 4312 τὸν
2799 4263 2942 4314 σῖτον
2985 4259 3077 4313 καὶ
3111 4258 3236 4322 τοὺς
3264 4258 3553 4330 ἀνθέρινκας
3575 4276 3588 4289 °
3613 4261 3712 4313 καὶ

440 4355 713 4411 νὶιιοοοοῐιι
748 4354 1135 4425 propriamque
1165 4355 1411 4425 pervenit
1447 4368 1788 4420 mensuram,
1817 4357 1930 4413 sive
1963 4358 2030 4414 ad

2135 4350 2276 4405 οὓτω
2300 4351 2440 4404 κατὰ
2465 4352 2659 4423 μικρὸν
2680 4352 2777 4422 τῆς
2810 4351 3090 4421 αὐξήσεως
3111 4352 3419 4423 γινομένης,
3444 4353 3535 4406 ἐπὶ
3558 4351 3617 4405 τὸ
3633 4352 3713 4404 οἰ-

457 4446 742 4510 frumenti,
777 4456 871 4501 aut
891 4445 1203 4517 leguminis,
1234 4456 1326 4501 aut
1355 4446 1543 4514 oleris,
1568 4456 1663 4501 aut
1696 4446 1908 4503 fruticis
1936 4465 2029 4520 ge—

2136 4446 2282 4497 κείον
2318 4443 2513 4514 μέτρον
2538 4443 2765 4496 ’ἑκαστον
2783 4444 2890 4496 τῶν
2908 4444 3192 4515 φυομένων
3222 4442 3708 4507 ἀποκαθίστασθαι,

440 4554 563 4595 ηιιυε
592 4538 883 4609 pertineat.
925 4536 1099 4593 Unum
1143 4536 1348 4604 fenum,
1402 4537 1681 4607 herbaque
1710 4553 1817 4592 una
1859 4548 2028 4593 totam

2136 4537 2245 4588 εἴτε
2278 4553 2330 4588 τι
2384 4534 2493 4587 τῶν
2528 4535 2783 4606 σιτηρῶν,
2824 4536 2934 4589 εἴτε
2973 4535 3082 4589 τῶν
3119 4536 3418 4607 χεδρόπων,
3460 4535 3569 4589 εἴτε
3601 4534 3712 4588 τῶν

458 4639 608 4685 tuam
639 4639 875 4686 mentem
903 4630 959 4684 in
994 4643 1080 4697 ea,
1114 4644 1182 4685 ex
1217 4644 1325 4699 qua
1362 4629 1584 4698 prodiit,
1628 4638 1748 4683 arte
1768 4629 2027 4685 conside-

2136 4627 2460 4699 λαχανωδῶν
2507 4627 2541 4698 ἢ
2590 4627 2940 4699 φρυγανικῶν
2976 4629 3254 4699 τυγχάνοι.
3283 4623 3379 4692 Εἷς
3403 4629 3593 4699 χόρτος
3616 4626 3714 4682 καὶ

442 4723 652 4795 ηιιάο,
695 4738 963 4794 occupare
1000 4732 1222 4794 potest:
1268 4721 1542 4793 quomodo
1590 4722 1856 4792 geniculis
1889 4737 2028 4792 prae-

2134 4720 2237 4789 μία
2267 4718 2464 4791 βοτάνη
2501 4718 2724 4790 ἐξαρκεῖ
2760 4719 2861 4791 τὴν
2892 4718 3129 4774 διάνοιάν
3164 4732 3258 4775 σου
3285 4722 3468 4775 πᾶσαν
3510 4722 3590 4784 είς
3611 4720 3713 4792 τὴν

454 4817 712 4886 cingatur
741 4814 1000 4871 frumenti
1030 4814 1261 4878 culmus,
1300 4826 1408 4882 quo
1435 4810 1603 4867 veluti
1633 4810 1848 4866 vincula
1883 4826 2027 4882 quae-

2133 4810 2366 4883 θεωρίαν
2405 4812 2504 4882 τῆς
2550 4811 2997 4885 ὲξεργασαμένης
3035 4814 3148 4886 (52)
3188 4813 3330 4868 αὐτὰ
3369 4813 3565 4885 τέχνης
3601 4814 3715 4869 άπ-

412 5036 417 5039 ι
529 5001 643 5075 (26)
664 4992 754 5055 ‘lta
779 4995 1103 5075 mss_.r_nulti.
1139 4994 1302 5075 Deest
1324 4993 1449 5064 ﬁlln
1488 4991 1650 5075 editis
1672 4989 2018 5075 anteﬁq‘vgtbv.

455 5060 639 5130 Paulo'
656 5080 778 5140 post
826 5068 954 5124 editi
984 5081 1105 5140 cum
1136 5060 1552 5140 quatuonmss.
1611 5063 1739 5126 τοὺς
1799 5060 2024 5134 ῥαϐδού-

454 5132 736 5217 ,(ουςζ
754 5135 1132 5217 (ιυιιιυοτγτοὺς
1152 5132 1555 5217 ’ῥαϐδοφόρους.

526 5200 653 5285 (i7)~
703 5200 833 5285 lteg.
863 5215 1074 5285 sextus
1101 5200 1211 5285 _ei_
1239 5200 1467 5285 uterque
1506 5202 1669 5257 Coisl.
1711 5200 2022 5285 cumhcolb.

454 5270 692 5340 secundo
719 5270 819 5344 τάξ
860 5274 1251 5346 ὲπαγωγάς,ἱι]
1281 5270 1393 5339 εει,
1411 5285 1613 5346 pinnas,
1648 5270 2026 5346 captivitatem,

454 5364 505 5407 et
553 5341 1073 5422 omnia‘quwiaferri
1105 5341 1322 5422 possunt
1355 5344 1516 5397 mala.
1553 5341 1750 5397 Statim
1769 5341 1907 5398 mss.
1928 5355 2023 5397 sex

460 5412 892 5494 συναθροίζεται.
919 5412 1061 5472 Edili
1093 5412 1428 5494 ἀθροίζεται.

528 5480 747 5564 (sciui
764 5491 979 5564 codices
1008 5480 1289 5564 s_ex._Editi
1321 5485 1684 5564 ἐπιτέτακται,
1712 5480 1871 5538 male.
1898 5480 2018 5537 Mox

453 5554 915 5616 Colbfsecundus
942 5557 1077 5627 πρὸς
1102 5555 1165 5609 τὸ
1185 5554 1593 5627 άξρανέστερον.

528 5629 639 5699 (29)
670 5630 767 5699 Sic
817 5644 945 5699 mss.
985 5623 1151 5699 Deest
1168 5623 1282 5699 ’τῶν
1303 5627 1369 5679 -in
1391 5623 1567 5699 editis.
1610 5623 1832 5699 __S_tatitn
1882 5639 2015 5682 mss.

419 5695 899 5823 κυιυιιιῖὲκδίδοταί
924 5714 996 5752 τι.
1026 5695 1366 5753 Desideratur
1395 5711 1446 5747 τι
1476 5697 1525 5752 in
1559 5695 1735 5753 editis.

2193 4988 2315 5128 ’(5οζ
2343 4991 2485 5074 Reg.
2502 5002 2693 5047 sextus
2720 4994 2976 5067 καλάμης
3003 4993 3389 5077 βαρυνόμενον.

2200 5064 2282 5128 (51
2348 5063 2487 5116 Edttt
2520 5065 2645 5127 τοὺς
2674 5063 2874 5128 ὄγκους
2922 5067 3109 5128 αὐτου,
3148 5067 3389 5121 vttlelicel

2200 5063 2313 5128 (5|)
2348 5063 2491 5137 Editi
2520 5065 2645 5137 τους
2674 5063 2880 5134 ὄγκους
2922 5063 3109 5137 αὐτοῦ,
3148 5063 3424 5137 videliceb
3456 5063 3712 5137 σπέρμα.

2127 5149 2220 5198 τος
2240 5151 2252 5164 ο
2283 5148 2444 5206 quam
2479 5133 2784 5206 lectionem
2806 5135 3025 5190 exhibet
3050 5151 3265 5205 quoque
3284 5135 3448 5192 Coisl.
3476 5133 3705 5206 primus,
3740 5155 3748 5159 -

2129 5205 2562 5274 ερρυηιιοᾼιηοηιι
2596 5205 2933 5274 emendatus.
2963 5206 3066 5260 Alii
3122 5216 3329 5274 septem
3356 5207 3570 5262 codices
3608 5205 3708 5274 αύ-

2129 5274 2251 5345 τῆς,
2292 5272 2569 5346 videlicet
2608 5273 2857 5346 βοτάνης.
2912 5274 3109 5346 Statim
3177 5270 3282 5330 duo
3329 5291 3458 5332 mss.
3509 5270 3707 5331 ἀνωδδ

2133 5344 2483 5424 προκόπτειν.
2533 5344 2674 5400 Editi
2709 5344 2834 5401 cum
2873 5345 2995 5402 aliis
3051 5360 3183 5402 mss.
3222 5346 3580 5417 προκύπτειν,
3619 5359 3708 5401 τὼ

2131 5428 2290 5470 (ιιιυς.

2200 5484 2314 5560 (5'2)
2342 5484 2434 5560 Si_c
2466 5499 2744 5560 mss.“sex_,
2778 5486 2997 5557 optime.
3032 5484 3211 5560 Editio
3250 5484 3427 5560 Paris.
3455 5488 3706 5560 ἐξειργα-

2128 5554 2355 5629 σμένης.
2384 5556 2563 5614 Editio
2585 5554 2750 5614 Basil.
2783 5554 2904 5614 cum
2953 5558 3161 5613 duobus
3206 5572 3336 5613 mss.
3367 5554 3707 5632 ἐξεργασμέ-

2125 5643 2244 5701 νης.
