4082 6218
425 281 529 350 ϊοι
1552 270 1835 342 HOMth
1873 285 1916 340 v
1956 287 2027 340 1N
2067 268 2555 342 asumma.

3562 282 3668 343 {03

425 414 752 487 ασχολῆσαι·
781 412 899 475 πῶς
913 399 1469 480 γόνασιδιαζώννυται
1495 412 1531 481 ἠ
1559 410 1776 481 καλάμη
1806 409 1900 462 τοῦ
1924 410 1997 462 σί-

2107 409 2229 464 dam
2254 410 2467 464 facilius
2497 410 2768 478 spicarum
2798 399 3012 478 pondus
3048 397 3233 462 ierant
3259 445 3274 474 ,
3319 417 3444 462 cum
3466 405 3666 462 fructi-

423 520 542 567 του,
578 505 662 556 ἵνα
696 502 884 574 ὥσπερ
917 503 1198 572 σύνδεσμοί
1221 519 1362 564 τινες
1389 501 1584 572 ῥᾳδίως
1611 501 1670 553 τὸ
1699 501 1860 572 βάρος
1892 499 1999 552 τῶν

426 594 714 664 ἀσταχύων
749 594 1005 664 φέρωσιν,
1029 593 1156 646 ὅταν
1182 591 1410 663 πλήρεις
1441 591 1590 653 ὄντες
1616 591 1843 662 καρπῶν
1865 591 2001 661 πρὸς

425 687 522 758 τὴν
553 688 654 756 γῆν
678 686 1131 739 κατακλίνωνται.
1159 685 1257 738 Διά
1284 683 1437 762 τοῦτο
1464 686 1492 736 ὁ
1529 683 1626 754 μὲν
1678 682 1897 762 βρόμος-ί
1917 682 2032 762 δι-Ι-

424 779 547 831 ὁλου
577 777 752 842 κενὸς,
777 777 870 830 ἆτε
894 777 1078 848 μηδενί
1105 776 1203 847 τὴν
1229 761 1846 859 κεφῇλὴνμβαρυνόμενος
1866 761 1999 826 Si?»

425 871 480 921 δὲ
521 873 663 922 σῖτον
686 872 797 932 τοῖς
828 869 1142 939 συνδέσμοις
1171 868 1378 930 τούτοις
1415 869 1447 937 ή
1476 867 1636 935 φύσις
1667 865 2001 936 κατησφαλί-

427 976 580 1013 σατο.
618 961 705 1013 Ἑν
743 961 885 1033 θήκῃ
912 960 968 1013 δὲ
993 959 1084 1013 τὸν
1113 959 1309 1012 κόκκον
1345 957 1674 1028 ἀποθεμένη,
1705 958 1779 1020 ὼς
1805 957 1877 1028 μὴ
1911 959 1999 1010 εὐ-

423 1052 754 1121 διάρπαστον
784 1049 1053 1115 εἶναιτοῖς
1084 1050 1480 1122 σπερμολόγοις
1502 1051 1641 1120 (55)·
1681 1050 1760 1103 ἔτι
1801 1052 1894 1103 καὶ
1929 1055 1995 1122 τῇ

423 1141 661 1212 προϐολῇ
695 1141 799 1196 τῶν
825 1143 1121 1214 ἀνθερίκων
1145 1137 1254 1196 οἷον
1279 1143 1426 1207 ἀκίσι
1447 1141 1545 1204 τὰς
1564 1144 1628 1194 ὲκ
1658 1141 1765 1193 τῶν
1789 1141 1996 1214 μικρῶν

423 1230 580 1296 ζώων
612 1233 868 1304 ἀφίστησι
899 1234 1119 1305 βλάϐας.

495 1326 549 1379 4.
588 1325 652 1378 Τί
679 1327 844 1390 sine);
875 1325 927 1378 τί
972 1328 1267 1397 σιωπήσω;
1316 1327 1403 1379 Ἐν
1449 1325 1719 1387 πλουσίοις
1758 1325 1857 1395 τῆς
1882 1324 1998 1377 κτί-

421 1433 564 1480 σεως
610 1417 903 1488 θησαυροῖς
933 1418 1131 1489 ἄπορος
1175 1417 1270 1488 μὲν
1373 1416 1585 1487 εὕρεσις
1623 1417 1715 1469 τοῦ
1753 1417 1999 1488 τιμιωτέ-

429 1525 544 1579 ρου,
568 1508 954 1580 δυσφορωτάτη
987 1509 1042 1561 δὲ
1079 1513 1110 1580 ἡ
1139 1510 1309 1579 ζημία
1347 1511 1438 1563 τοῦ
1469 1511 1813 1581 παρεθέντος.
1850 1513 1998 1564 Βλα-

414 1597 705 1666 -στησάτω
731 1599 770 1667 ἡ
796 1597 872 1667 γῆ
896 1599 1168 1668 ,βοτάνην
1193 1601 1430 1668 χόρτου.
1457 1602 1566 1654 Καὶ
1587 1601 1786 1664 εὐθέως
1815 1602 1995 1665 συνεξ-

421 1689 582 1760 εδόθη
627 1692 741 1753 τοῖς
771 1691 1057 1761 τροφίμοις
1088 1691 1155 1744 τὰ
1187 1691 1484 1763 δηλητήρια
1505 1709 1517 1723 ·
1549 1694 1686 1764 μετά
1721 1693 1814 1746 τοῦ
1849 1693 1994 1747 σίτου

2103 502 2201 555 bus
2219 501 2406 570 plenae,
2429 501 2481 554 in
2508 511 2707 553 terram
2722 499 3108 567 proclinantur.
3127 499 3463 569 Quapropter
3491 513 3664 554 avena

2101 591 2319 660 quidem
2351 590 2572 644 omnino
2597 599 2679 643 est
2715 603 2908 653 vacua,
2945 589 3100 655 cujus
3150 589 3359 644 scilicet
3407 597 3572 658 caput
3602 602 3666 643 re

2069 681 2246 752 _nulla
2280 691 2537 751 gravetur
2573 700 2586 734 :
2614 692 2828 744 contra,
2865 680 3094 735 vinculis
3127 681 3210 734 his
3245 681 3483 735 triticum
3509 695 3662 735 coru-

2102 774 2332 826 munivit
2361 783 2574 826 natura.
2608 772 2674 846 In
2692 773 2848 828 theca
2891 789 3021 828 vero
3054 788 3280 844 granum
3314 773 3662 838 recondidit,

2100 882 2169 920 ne
2208 867 2364 921 facile
2393 883 2422 921 a
2452 866 2730 937 frugilegis
2754 867 2944 921 avibus
2985 867 3293 935 diripiatur.
3337 856 3570 936 vlusuper
3605 873 3663 918 et

2101 957 2390 1010 aristarum
2412 958 2726 1021 eminentia,
2757 957 2909 1025 quasi
2952 957 3292 1024 cuspidibus,
3338 945 3660 1012 animalium

2099 1063 2388 1118 parvorum
2419 1064 2614 1104 noxam
2646 1062 2796 1108 arcet
2832 1063 2998 1122 atque
3029 1053 3374 1108 detrimenta.

2168 1320 2221 1374 ιι.
2248 1320 2386 1388 Quid
2410 1321 2624 1378 dicam?
2655 1325 2782 1394 quid
2816 1325 3028 1380 silentio
3076 1318 3405 1396 praeteribo?
3435 1319 3491 1384 In
3519 1336 3659 1401 optr-

2099 1412 2266 1470 lentis
2304 1416 2594 1472 creationis
2647 1419 2917 1474 thesauris
2964 1421 3276 1489 perdifﬁcile
3308 1424 3525 1492 quidem
3576 1428 3662 1480 es‘t

2095 1520 2211 1560 rem
2260 1510 2691 1576 prmstantiorem
2753 1511 2999 1567 invenire
3017 1529 3038 1565 az
3088 1514 3131 1566 si
3160 1522 3342 1568 tamen
3371 1515 3658 1578 omittitur,

2097 1596 2432 1666 vixjactura
2483 1599 2626 1654 illius
2696 1610 2875 1670 potest
2920 1602 3156 1657 tolerari.
3214 1604 3479 1660 Germinet
3517 1619 3660 1661 terra

2097 1688 2308 1742 herbam
2348 1689 2478 1756 feni.
2512 1692 2581 1744 Et
2612 1693 2798 1747 statim
2831 1709 2934 1747 una
2973 1711 3094 1749 cum
3120 1695 3366 1752 edulibus
3387 1696 3494 1769 43
3528 1713 3656 1766 pros

423 1788 487 1841 τὸ
525 1787 768 1852 κώνειον,
817 1786 952 1858 μετὰ
993 1787 1099 1840 τῶν
1143 1787 1342 1840 λοιπῶν
1387 1790 1666 1860 τροφίμων
1699 1788 1997 1860 ἐλλέϐορος1

2101 1777 2212 1832 lata
2239 1789 2367 1833 sunt
2407 1783 2620 1849 nociva,
2654 1783 2832 1838 cicuta
2883 1799 3006 1840 cum
3043 1786 3336 1854 frumento,
3360 1804 3481 1844 cum
3504 1805 3662 1846 escu-

416 1879 522 1931 οκαὶ
552 1878 814 1944 ἀκόνιτον,
854 1879 946 1931 καὶ
985 1878 1382 1950 μανδραγόρας,
1428 1882 1522 1934 καὶ
1563 1883 1592 1934 ό
1619 1884 1718 1952 τῆς
1750 1883 1996 1953 μήκωνος

426 1971 576 2034 ὀπός.
605 1971 670 2024 Τί
697 1968 789 2025 οὖν
809 1987 823 2036 ;
847 1971 1075 2041 ἀφέντες
1106 1972 1168 2024 τὸ
1201 1974 1292 2025 ἐπὶ
1321 1976 1432 2036 τοῖς
1464 1975 1757 2046 χρησίμοις
1790 1977 1886 2045 τὴν
1909 1977 1998 2045 χά-

430 2081 514 2134 ριν
541 2065 837 2136 ὁμολογεῖν,
884 2064 1250 2135 ὲγκαλέσομεν
1291 2066 1368 2137 τῷ
1395 2067 1720 2138 Δημιουργῷ
1767 2068 1858 2120 ἐπὶ
1885 2069 1995 2130 τοῖς

416 2155 742 2227 φθαρτικοῖς
772 2154 928 2227 ήμῶν
951 2155 1050 2226 τῆς
1073 2155 1251 2226 ζωῆς;
1282 2157 1454 2208 ἐκεῖνο
1485 2157 1540 2210 δὲ
1564 2158 1624 2209 ού
1651 2155 1992 2226 λογισόμεθα,

421 2246 505 2300 ὅτι
538 2247 599 2300 οὐ
626 2247 802 2300 πάντα
826 2246 925 2317 τῆς
949 2245 1184 2318 γαστρὸς
1209 2246 1392 2301 ἕνεκεν
1415 2248 1514 2317 τῆς
1540 2247 1817 2323 ,ἡμετέρας
1842 2246 1994 2318 δεδηέ

418 2336 797 2410 λμιούργηται;
841 2337 980 2392 Ἀλλ’
1010 2337 1141 2409 ἡμῖν
1177 2340 1275 2410 μὲν
1319 2339 1376 2392 αἰ
1411 2339 1842 2410 ἀποτεταγμέναι
1869 2356 1995 2410 τρο-

422 2430 525 2499 φαὶ
558 2431 859 2502 πρόχειροι,
889 2431 983 2482 καὶ
1013 2433 1178 2484 πᾶσιν
1211 2431 1523 2500 εὔγνωστον
1559 2432 1784 2485 ἕκαστον
1813 2433 1867 2486 δὲ
1890 2433 1997 2486 τῶν

423 2521 731 2593 γενομένων
761 2519 888 2576 ἴδιόν
915 2541 1037 2576 τινα
1069 2525 1224 2593 λόγον
1260 2528 1316 2579 ὲν
1343 2529 1406 2597 τῇ
1442 2527 1612 2580 κτίσει
1647 2527 1858 2598 πληροῖ.
1906 2527 1995 2599 Μὴ

425 2615 558 2686 γὰρ,
593 2616 776 2686 ἐπειδή
804 2633 884 2669 σοι
916 2616 1241 2688 δηλητήριον
1271 2619 1331 2670 τὸ
1363 2618 1580 2689 ταύριον
1621 2614 1776 2690 αἷμα,
1806 2620 1994 2673 τούτου

425 2706 613 2759 ἕνεκεν
645 2705 750 2758 ἔδει
799 2706 831 2776 ἢ
875 2705 948 2777 μὴ
976 2707 1316 2779 παραχθῆναι
1353 2709 1414 2762 τὸ
1445 2708 1601 2774 ζῶον,
1642 2710 1673 2780 ἢ
1722 2711 1996 2781 παραχθὲν

416 2799 657 2868 -ἇναιμον
687 2796 794 2868 (54)
820 2793 978 2861 εἶναι,
1005 2793 1065 2850 οὗ
1087 2799 1185 2868 τῆς
1209 2798 1389 2868 ἰσχύος
1414 2800 1548 2871 πρὸς
1575 2799 1809 2853 τοσαῦτα
1839 2803 1870 2871 ἡ
1881 2801 1996 2870 μῶν

428 2889 690 2943 ἐπιδεῖται
719 2891 747 2942 ὀ
781 2889 928 2959 βίος;
977 2889 1136 2942 Ἀλλὰ
1161 2891 1244 2942 σοὶ
1274 2891 1370 2960 μὲν
1391 2891 1671 2963 αὐτάρκης
1697 2895 1726 2945 ὁ
1755 2892 1997 2956 σύνοικος

425 2982 580 3051 λόγος
609 2981 743 3053 πρὸς
767 2982 866 3054 τὴν
890 2981 1134 3053 φυλακήν
1163 2981 1271 3035 τῶν
1290 2982 1567 3054 ὀλεθρίων.
1597 2985 1669 3036 Ού
1697 2984 1866 3054 δήπου
1890 2984 1996 3054 γὰρ

423 3074 672 3145 πρόϐατα
719 3073 816 3144 μὲν
868 3073 960 3126 καὶ
1008 3068 1162 3142 αἶγες
1208 3072 1384 3127 ἴσασιν
1419 3075 1748 3143 ἀποφεύγειν
1797 3074 1867 3128 τὰ
1896 3091 2026 3145 κατ

415 3161 625 3214 -κοῦντα
660 3160 840 3214 αὐτῶν
871 3162 969 3231 τὴν
1007 3161 1171 3232 ζωὴν,
1221 3163 1357 3234 μόνῃ
1393 3167 1456 3234 τῇ
1493 3164 1740 3235 αἰσθήσει
1773 3166 1832 3218 τὸ
1865 3165 1993 3236 βλα-

417 3251 587 3323 ϐερὸν
619 3253 973 3324 διακρίνοντα·
1009 3255 1090 3307 σοὶ
1119 3255 1194 3319 δὲ,
1227 3247 1271 3322 ᾧ
1307 3255 1399 3307 καὶ
1436 3253 1591 3322 λόγος
1624 3256 1874 3326 πάρεστι,
1903 3259 1996 3309 καὶ

429 3343 645 3414 ἰατρικὴ
676 3343 836 3414 τέχνη
875 3343 934 3396 τὸ
965 3344 1229 3414 χρήσιμον
1267 3342 1646 3412 ὲκπορίζουσα,
1694 3346 1786 3398 καὶ
1829 3345 1995 3416 ἡτῶν

426 3434 804 3505 προλαϐόντων
830 3438 1010 3506 πεῖρα,
1035 3435 1140 3488 τῶν
1169 3435 1510 3506 βλαπτόντων
1539 3437 1637 3507 τὴν
1668 3438 1844 3507 φυγὴν
1867 3440 1996 3490 ὑπο-

419 3525 719 3589 ϐάλλουσα,
750 3526 981 3595 χαλεπόν
1005 3527 1169 3591 ἐστιν,
1202 3527 1322 3579 εἰπέ
1355 3545 1463 3597 μοι,
1488 3527 1731 3580 ἐκκλῖναι
1757 3527 1823 3580 τὰ
1844 3528 1998 3599 δηλη-

423 3617 622 3687 τήρια;
655 3618 808 3670 Ἔστι
830 3616 884 3669 δὲ
905 3616 1108 3669 τούτων
1128 3616 1279 3670 οὐδὲν
1303 3617 1505 3688 ἀργῶς,
1530 3617 1682 3672 οὐδὲν
1711 3619 1998 3689 ἀχρήστως

426 3709 811 3781 γεγενημένρν.
848 3711 917 3762 Ἣ
951 3710 1058 3781 γάρ
1094 3709 1297 3781 τροφὴν
1331 3710 1558 3781 παρέχει
1591 3712 1696 3763 τινὶ
1733 3710 1840 3763 τῶν
1869 3711 2023 3779 (Ξιλός⁸

425 3773 558 3871 γων,
586 3773 794 3875 ἢηκαῇή
805 3805 891 3873 μῖν
913 3773 1094 3866 αύτόῖς
1298 3803 1395 3872 τῆς
1411 3773 1674 3872 ’ἰατρικῆς
1705 3804 1898 3872 τέχνης

417 3895 779 3967 ’παραμυθίαν
824 3896 984 3948 τινῶν
1037 3896 1482 3967 ἀρρωστημάτων
1532 3894 1642 3965 ι55)
1687 3895 1993 3965 ἐξεύρηται.

425 3987 500 4040 Τὸ
535 3988 630 4058 μὲν
660 3988 769 4059 γὰρ
801 3987 1023 4040 κώνειον
1048 3989 1096 4040 οἰ
1124 3987 1297 4058 ψᾶρες
1333 3985 1635 4056 βόσκονται,
1659 3987 1746 4039 διὰ
1779 3990 1874 4056 τὴν
1903 4005 1999 4041 κα-

424 4079 692 4149 τασκευὴν
710 4080 802 4132 τοῦ
831 4079 1080 4150 σώματος
1109 4080 1204 4150 τὴν
1237 4081 1301 4131 ὲκ
1329 4078 1420 4130 τοῦ
1450 4078 1768 4150 δηλητηρίου
1798 4079 1998 4149 βλάϐην

425 4169 906 4240 ἀποδιδράσκοντες
925 4188 939 4201 θ
971 4171 1199 4232 λεπτοὺς
1229 4168 1336 4239 γὰρ
1371 4168 1584 4238 ἔχοντες
1623 4172 1748 4234 τοὺς
1770 4171 1861 4223 ἐπὶ
1890 4171 1997 4240 (56)

424 4259 527 4330 τῆς
556 4260 780 4330 καρδίας
808 4261 1028 4330 πόρους,
1069 4260 1356 4328 φθάνουσιν
1395 4260 1630 4330 ἐκπέψαι
1665 4260 1726 4313 τὸ
1757 4278 1998 4314 καταπο-

421 4350 542 4415 θὲν,
577 4352 704 4423 πρὶν
726 4352 823 4418 τὴν
847 4352 939 4403 ἀπ’
969 4351 1132 4404 αὑτοῦ
1163 4349 1322 4420 ψῦξιν
1355 4349 1462 4402 τῶν
1497 4351 1725 4424 καιρίων
1754 4350 2000 4420 καθάψα-

2099 1868 2263 1924 lentis
2296 1870 2517 1941 reliquis
2549 1872 2856 1930 helleborus
2879 1913 2896 1938 ,
2927 1872 3202 1931 aconitum
3223 1919 3238 1942 ,
3268 1881 3659 1948 mandragora,

2095 1960 2383 2028 papaveris
2414 1976 2628 2016 succus.
2683 1964 2825 2030 Quid
2857 1967 3065 2036 igitur?
3101 1969 3342 2039 gratiam
3390 1969 3460 2024 ob
3505 1971 3661 2026 utilia

2096 2053 2340 2106 conti-teri
2370 2057 2704 2120 omittentes,
2734 2057 3082 2113 Conditorem
3122 2061 3191 2117 ob
3221 2077 3284 2115 ea
3318 2077 3437 2130 quae
3465 2074 3663 2119 nostra!

2097 2147 2221 2200 vitae
2248 2148 2478 2202 exitiosa
2515 2161 2682 2215 sunt,
2728 2152 3143 2207 accusabimus?
3185 2153 3312 2206 illud
3342 2163 3520 2208 autem
3551 2170 3662 2208 non

2098 2241 2494 2307 reputabimus,
2525 2241 2670 2310 quod
2701 2257 2806 2296 non
2837 2243 3016 2296 omnia
3042 2245 3250 2299 ventris
3279 2245 3449 2299 nostri
3485 2247 3662 2315 gratia

2096 2339 2277 2384 creata
2307 2331 2661 2388 sunt?Porro
2679 2334 2834 2389 nobis
2860 2335 3078 2404 quidem
3109 2335 3375 2391 destinata
3403 2326 3661 2392 alimenta

2096 2421 2255 2476 obvia
2285 2432 2430 2489 sunt,
2474 2434 2529 2479 et
2563 2425 2814 2480 omnibus
2838 2425 3005 2495 probe
3051 2436 3177 2481 uota
3209 2446 3224 2483 :
3277 2429 3491 2498 singula
3524 2441 3660 2487 vero

2096 2529 2215 2584 qua:
2244 2517 2458 2571 condita
2484 2528 2628 2582 sunt,
2667 2521 2940 2586 propriam
2972 2520 3260 2589 quamdam
3299 2522 3562 2578 rationem
3594 2526 3650 2580 in

2097 2605 2378 2660 creatione
2403 2607 2641 2676 explent.
2665 2606 2803 2662 Num
2830 2610 2972 2662 enim
3004 2610 3129 2678 quia
3161 2612 3404 2668 taurinus
3434 2615 3660 2685 sanguis

2099 2697 2338 2751 toxicum
2375 2698 2468 2752 tibi
2505 2709 2612 2762 est,
2642 2700 2762 2755 ideo
2793 2701 2993 2754 animal
3025 2701 3178 2766 illud,
3209 2701 3363 2772 cujus
3385 2705 3581 2762 robore
3602 2707 3660 2762 in

2099 2797 2177 2844 tot
2200 2799 2253 2845 et
2285 2791 2448 2846 tantis
2478 2793 2642 2848 rebus
2674 2795 2782 2847 vita
2809 2805 2995 2848 nostra
3029 2795 3253 2867 indiget,
3291 2808 3383 2852 aut
3403 2813 3510 2853 non
3539 2814 3662 2869 pro-

2103 2881 2246 2947 duci,
2289 2892 2382 2936 aut
2412 2885 2730 2951 productum
2756 2903 3030 2956 exsangue
3076 2903 3196 2944 esse
3222 2891 3496 2960 oportuit?
3544 2892 3655 2949 Sed

2099 2971 2192 3025 tibi
2217 2974 2621 3030 contubernalis
2664 2991 2727 3030 ac
2751 2977 3047 3032 domestica
3078 2982 3217 3034 ratio
3251 2983 3318 3036 ad
3346 2996 3433 3038 res
3455 2983 3659 3037 exitia-

2099 3062 2177 3118 les
2207 3065 2454 3120 vitandas
2483 3066 2695 3122 suﬂicit.
2733 3067 2978 3138 Nunquid
3010 3071 3152 3124 enim
3188 3087 3315 3128 oves
3351 3075 3567 3143 quidem
3604 3086 3662 3131 et

2099 3172 2278 3225 caprae
2309 3159 2487 3213 sciunt
2527 3175 2593 3214 ea
2642 3175 2761 3227 quae
2809 3177 2921 3216 sum
2951 3163 3075 3218 vitae
3099 3176 3326 3233 nocent,
3355 3166 3651 3236 declinare,

2099 3248 2217 3303 solo
2249 3263 2410 3303 sensu
2446 3251 2605 3304 noxia
2639 3252 3043 3307 discernentes:
3074 3254 3171 3309 tibi
3193 3270 3344 3322 vero,
3375 3258 3464 3312 cui
3497 3259 3658 3314 adest

2097 3351 2154 3394 et
2177 3341 2335 3402 ratio,
2371 3350 2427 3394 et
2458 3357 2548 3395 ars
2575 3343 2806 3407 medica,
2836 3345 2980 3412 quod
3020 3345 3152 3399 utile
3180 3355 3265 3402 est
3296 3346 3531 3403 oﬂ‘erens
3551 3390 3567 3412 ,
3603 3362 3661 3406 et

2097 3446 2282 3487 eorum
2313 3434 2402 3502 qui
2433 3443 2483 3488 te
2509 3442 2914 3488 anteverterth
2938 3435 3268 3504 exemplum,
3301 3453 3411 3507 quo
3437 3439 3505 3495 de
3533 3440 3661 3511 luga

2097 3526 2412 3580 nocivorum
2453 3527 2795 3593 admoneris,
2831 3526 3045 3582 ditl‘tcile
3085 3537 3191 3594 est,
3230 3529 3318 3584 dic
3342 3567 3359 3594 ,
3391 3544 3598 3600 quasso,
3630 3545 3663 3586 a

2097 3619 2321 3672 venenis
2348 3618 2579 3672 cavere?
2607 3616 2751 3670 Nihil
2774 3627 2954 3670 autem
2998 3619 3190 3673 horum
3239 3619 3442 3676 frustra
3463 3661 3478 3687 ,
3527 3622 3664 3678 nihil

2098 3719 2180 3764 est
2211 3709 2475 3764 inutiliter
2508 3711 2561 3764 in
2595 3710 2771 3765 lucem
2801 3712 3148 3766 editum.Aut
3175 3710 3321 3766 enim
3345 3712 3506 3768 alicui
3532 3713 3665 3769 bru-

2102 3812 2274 3856 torum
2319 3803 2634 3856 animalium
2697 3803 3113 3858 subministrant
3158 3803 3476 3859 alimentum
3507 3845 3523 3870 ,
3572 3818 3668 3862 aut

2101 3895 2260 3946 etiam
2284 3895 2439 3948 nobis
2465 3896 2594 3961 ipsis
2612 3910 2641 3947 a
2669 3895 2876 3948 medica
2901 3905 3020 3950 arte
3046 3895 3111 3947 ad
3139 3894 3476 3952 deliniendas
3499 3913 3665 3967 quas-

2103 3986 2222 4040 dam
2246 3988 2623 4055 aegrotationes
2651 3989 2870 4042 inventa
2895 3998 3039 4042 sunt.
3067 3985 3202 4042 Nam
3227 3989 3404 4044 cicuta
3430 4005 3664 4046 vescun-

2103 4088 2192 4133 tur
2221 4079 2414 4143 sturni,
2457 4089 2505 4132 et
2559 4089 2736 4132 tamen
2784 4078 2974 4133 veneni
3019 4078 3242 4133 exitium
3277 4079 3556 4136 declinant
3594 4083 3667 4136 ob

2104 4172 2346 4238 corporis
2372 4171 2810 4225 constitutionem
2837 4186 2856 4223 -:
2883 4185 3004 4224 cum
3030 4172 3176 4225 enim
3201 4172 3252 4224 in
3283 4186 3470 4226 eorum
3500 4174 3666 4228 corde

2102 4263 2274 4318 insint
2299 4273 2486 4318 tenues
2507 4273 2739 4330 meatus,
2761 4263 3075 4319 devoratam
3099 4263 3329 4318 cicutam
3360 4265 3509 4332 prius
3533 4278 3668 4319 con-

2103 4369 2321 4417 coxere,
2354 4369 2514 4421 quam
2542 4354 2710 4423 ipsius
2740 4353 2910 4423 frigus
2935 4353 3256 4422 principales
3286 4363 3469 4422 partes
3500 4354 3669 4408 attin-

427 4443 574 4496 σθαι.
625 4442 935 4510 Ἑλλέϐορος
967 4441 1022 4494 δὲ
1062 4442 1304 4514 ὀρτύγων
1358 4443 1473 4495 ἐστί
1525 4443 1719 4514 τροφὴ,
1777 4444 1995 4513 ἰδιότητι

2102 4454 2210 4514 gat.
2242 4444 2557 4500 l-lelleborus
2586 4459 2716 4499 vero
2765 4445 3123 4510 coturnicum,
3167 4459 3286 4512 quae
3333 4459 3430 4511 per
3461 4451 3666 4514 tempe-

427 4537 676 4607 κράσεως
732 4534 828 4604 τὴν
884 4533 1083 4603 βλάϐην
1138 4535 1568 4602 ἀποφευγόντων.
1629 4537 1781 4586 Ἔστι
1823 4535 1879 4587 δὲ
1910 4537 2000 4589 καὶ

422 4626 570 4679 αὐτὰ
612 4625 779 4678 ταῦτα
827 4626 882 4677 ὲν
929 4623 1105 4695 καιρῷ
1149 4642 1278 4677 ποτε
1315 4626 1408 4678 καὶ
1445 4628 1576 4696 ἡμῖν
1606 4629 1868 4696 χρήσιμα.
1902 4625 2000 4679 Διὰ

429 4722 531 4787 μέν
577 4718 686 4789 γάρ
722 4717 814 4769 τοῦ
849 4717 1221 4788 μανδραγόρου
1256 4716 1421 4769 ὕπνον
1458 4719 1631 4789 ἰατροὶ
1667 4723 2002 4785 κατεπάγου-

431 4826 548 4861 σιν·
601 4808 740 4877 ὀπίῳ
788 4809 844 4862 δὲ
888 4809 983 4871 τὰς
1046 4809 1276 4880 σφοδρὰς
1328 4808 1514 4870 ὀδύνας
1579 4809 1686 4860 τῶν
1735 4809 2000 4879 σωμάτων

425 4901 926 4972 κατακοιμίζουσιν.
978 4901 1116 4971 Ἤδη
1163 4900 1219 4953 δέ
1256 4918 1398 4964 τινες
1439 4901 1516 4971 τῷ
1560 4901 1771 4970 κωνείῳ
1819 4902 1910 4954 καὶ
1940 4902 2000 4953 τὸ

426 4992 695 5056 λυσσῶδες
752 4992 858 5045 τῶν
911 4992 1140 5063 ὀρέξεων
1187 4993 1597 5062 κατεμάρειιναν⁹
1649 4993 1740 5045 καὶ
1790 4993 1868 5062 τῷ
1917 4993 2000 5044 έλ-

425 5084 631 5155 λεϐόρῳ
679 5084 846 5137 πολλὰ
911 5084 1018 5137 τῶν
1066 5084 1292 5154 χρονίων
1347 5083 1532 5136 παθῶν
1582 5083 1993 5154 ὲξεμόχλευσαν.

428 5178 590 5230 Ὥστε
636 5178 664 5230 ὃ
705 5176 951 5247 ἐνόμιζες
992 5178 1134 5247 ἔχειν
1173 5176 1313 5230 κατὰ
1352 5176 1442 5230 τοῦ
1490 5176 1768 5238 κτίσαντος
1805 5177 2000 5248 ἔγκλη-

428 5356 451 5365 __
495 5291 788 5365 (SM-Colit.
819 5294 1092 5365 secundus
1122 5297 1233 5357 τοῖς
1269 5293 1662 5365 σπερμολόγοις
1707 5293 1814 5365 τῶν
1843 5294 1985 5364 ὀρνε-

427 5359 710 5434 θωνκΜοπι
740 5363 889 5416 Cnlb.
930 5367 1191 5418 secundus
1225 5381 1344 5418 cum
1377 5359 1525 5429 'lieg.
1560 5359 1756 5416 'uctavo
1785 5359 1988 5434 ἄπορος

430 5430 592 5502 μὲν-ἠ
623 5431 854 5502 αἵρεσις,
903 5434 1128 5502 diﬁ‘iciIis
1158 5444 1233 5487 est
1287 5436 1424 5501 optio
1464 5433 1756 5486 meliorum.
1804 5430 1990 5488 Lectio

425 5499 648 5572 optima.
681 5499 821 5555 Editi
871 5513 922 5557 et
951 5499 1115 5556 Coisl.
1151 5499 1400 5572 uterque,
1429 5513 1482 5558 et
1513 5503 1663 5570 Regii
1705 5504 1910 5570 primus
1935 5513 1990 5557 et

429 5571 634 5643 tertius
664 5572 874 5643 ﬁmpo;
916 5573 1011 5642 μὲν
1052 5574 1086 5643 ή
1127 5571 1377 5643 εὕρεσις·
1441 5573 1524 5626 cui
1568 5573 1780 5627 lectioni
1849 5573 1991 5627 favet

428 5636 763 5720 Eustathius,
787 5636 927 5720 dum
945 5636 1102 5720 vertit
1125 5661 1137 5695 :
1163 5636 1493 5720 Esl‘gttideut
1535 5643 1755 5720 diﬂicilis
1782 5660 1992 5720 assecu-

427 5710 505 5766 tio
531 5710 824 5770 meliorum.
847 5710 1046 5768 ibidem
1074 5717 1244 5769 codex
1262 5710 1501 5770 (lenibat.
1523 5710 1614 5764 τοῦ
1637 5713 1987 5784 τιμιωτάτου.

1445 5788 1632 5814 ,ηψτ

2104 4537 2334 4591 rationis
2364 4538 2746 4606 proprietatem
2788 4551 2983 4590 noxam
3018 4535 3301 4605 eﬂ‘ugiunt,
3343 4536 3665 4590 alimentum

2103 4639 2204 4682 est.
2243 4627 2550 4693 Quinetiam
2582 4635 2707 4681 sunt
2747 4628 2862 4681 haec
2896 4628 3010 4695 ipsa
3055 4639 3152 4694 pro
3181 4616 3666 4697 temporis'oppor-

2107 4719 2338 4772 tunitate
2371 4733 2757 4786 nonnunquam
2788 4717 2946 4771 nobis
2980 4717 3362 4772 conducibilia.
3396 4716 3532 4772 Nam
3567 4732 3668 4789 per

2104 4813 2519 4880 mandragoram
2573 4813 2836 4866 inducunt
2879 4825 3128 4865 somnum
3179 4809 3424 4866 medici:
3477 4825 3669 4866 conso-

2104 4901 2260 4970 piunt
2292 4901 2476 4955 itidem
2537 4901 2882 4954 vehementes
2926 4912 3212 4968 corporum
3260 4897 3472 4953 dolores
3518 4899 3664 4968 opio.

2103 4990 2224 5045 Jam
2258 5005 2387 5044 vero
2427 4989 2671 5043 nonnulli
2711 4989 2890 5043 cicuta
2920 4989 3542 5044 obtuderuntrabiosam
3573 5005 3670 5057 ap-

2104 5084 2420 5155 petentiam,
2453 5095 2618 5153 atque
2660 5082 2987 5136 inveteratas
3023 5081 3368 5150 aegritudines
3399 5095 3502 5136 nec
3531 5096 3634 5151 pan
3655 5111 3670 5120 -

2106 5193 2201 5231 cas
2228 5175 2507 5229 hellebore
2533 5175 2924 5243 exstirparunt.
2959 5172 3159 5240 Quare,
3192 5189 3351 5242 quam
3392 5182 3445 5228 te
3476 5173 3671 5227 existi-

2165 5294 2275 5366 (56)
2313 5292 2403 5347 Sic
2459 5291 2621 5366 Regii
2636 5293 2842 5366 primus
2873 5302 2926 5348 et
2974 5301 3199 5366 octavus
3228 5289 3548 5366 cumCoisl.
3580 5303 3672 5366 sg-

2096 5358 2272 5418 cuudo
2293 5373 2348 5418 et
2383 5377 2506 5417 cum
2531 5358 2686 5416 Colb.
2715 5363 2898 5417 itidem
2929 5363 3185 5430 secundo.
3233 5361 3374 5414 Editi
3406 5375 3526 5416 cum
3569 5358 3668 5414 ali-

2096 5445 2226 5504 quot
2254 5449 2384 5488 mss.
2413 5433 2446 5500 ἢ
2492 5433 2744 5502 ἄναιμον,
2775 5432 2982 5504 mutile.

2167 5505 2279 5572 (55)
2311 5505 2386 5558 lta
2418 5499 2514 5558 sex
2552 5499 2706 5574 mss.,
2735 5505 2893 5559 bene.
2936 5501 3047 5557 Vox
3087 5499 3538 5574 ἀρρωστημάτων
3569 5500 3667 5557 de-

2099 5574 2373 5629 sideratur
2398 5574 2451 5626 in
2471 5573 2650 5630 editis.

2168 5644 2280 5715 (56)
2304 5643 2529 5702 Codices
2558 5658 2655 5700 sex
2679 5643 2805 5710 τοὺς
2821 5643 2930 5697 ὲπί.
2958 5642 3110 5716 ,Ειίἱιὶ
3135 5643 3259 5706 τοὺς
3305 5641 3434 5700 ἀπό.

3790 622 3849 706 5i

3781 721 3836 750 χ

3807 3775 3854 3784 ς..-
