4082 6218
290 1912 367 1977 ’ζό

477 342 583 402 105

1810 337 1864 391 S.
1908 332 2148 390 BASlLll
2191 333 2402 390 MAGNI

3620 336 3722 391 ltM

475 459 668 514 mahas
693 455 894 513 habere
923 461 1110 510 contra
1142 449 1460 507 Creatorem
1504 447 1928 509 accusationem,
1980 460 2041 499 ea

2157 460 2245 513 μα,
2284 444 2440 498 τοῦτό
2493 453 2575 497 σοι
2614 444 2693 508 εἰς
2723 442 3056 517 ’προσθήκην
3087 442 3437 514 εὐχαριστίας
3464 443 3728 516 περιελή-

479 549 576 604 tibi
620 549 672 602 in
709 549 999 618 gratiarum
1030 545 1258 600 actionis
1287 543 1712 598 additamentum
1743 539 1928 594 cessit.

551 640 604 694 5.
647 637 910 692 Germinet
968 645 1107 691 terra
1171 633 1390 688 herbam
1429 632 1558 702 feni.
1598 630 1738 698 Quot
1788 629 2039 682 alimenta

477 736 671 798 sponte
705 736 912 781 natura:
945 723 1278 794 emergentia
1321 721 1404 776 his
1427 720 1609 775 verbis
1641 717 2039 790 complectitur,

479 827 593 873 tum
627 819 681 872 in
723 815 1020 882 radicibus,
1067 823 1179 869 tum
1226 815 1278 868 in
1318 814 1431 882 ipsa
1466 811 1659 877 herba,
1696 818 1806 864 tum
1837 809 1890 863 in
1924 808 2040 861 l'ru-

460 911 689 967 ctibus!
727 919 860 979 quot
889 923 1018 964 vero
1053 917 1204 972 sunt,
1235 921 1353 975 quae
1385 921 1449 961 ex
1491 902 1765 975 diligentia
1803 911 1859 956 et
1901 901 2044 971 agri-

481 1000 691 1056 cultura
738 1000 896 1056 nobis
942 997 1249 1053 accedunt!
1297 996 1412 1051 Non
1459 995 1639 1049 statim
1673 991 1833 1062 jussit
1859 1004 2042 1046 semen

477 1102 536 1148 et
559 1091 790 1146 fructum
840 1087 1110 1161 proferri,
1150 1087 1242 1142 sed
1301 1085 1605 1158 germinare
1655 1094 1711 1140 et
1771 1083 2046 1138 virescere

487 1192 708 1249 terram,
749 1190 967 1249 tumque
999 1181 1064 1232 ad
1098 1193 1280 1234 semen
1311 1177 1630 1247 pervenire;
1659 1185 1721 1230 ut
1755 1175 1931 1246 prima
1956 1174 2045 1228 illa

479 1271 771 1343 praeceptio
813 1271 879 1322 ad
918 1268 1152 1323 futuram
1200 1267 1599 1322 successionem
1643 1273 1788 1320 esset
1829 1271 2038 1318 natura

483 1361 791 1417 documenti
840 1361 974 1414 loco.
1021 1358 1301 1425 Quomodo
1357 1357 1538 1426 igitur,
1580 1356 1854 1427 inquiunt,
1889 1353 2047 1409 tellus

482 1429 782 1510 secundum
825 1467 992 1523 genus
1045 1452 1155 1506 edit
1206 1450 1436 1514 semina,
1493 1464 1654 1514 cum,
1696 1447 2048 1504 disseminato

464 1561 630 1615 "saepe
681 1545 878 1609 tritico,
935 1544 1143 1614 nigrum
1185 1543 1287 1596 hoc
1329 1541 1656 1596 frumentum
1699 1537 2049 1610 colligamus?

488 1636 688 1692 Verum
741 1638 844 1691 hoc
886 1636 1060 1704 ipsum
1098 1649 1434 1704 nequaquam
1473 1644 1557 1688 est
1594 1631 1660 1688 ad
1703 1631 1847 1687 aliud
1883 1643 2050 1702 genus

2143 535 2321 588 λυθεν.

2211 628 2263 682 5.
2305 629 2715 697 Βλαστησάτω
2758 629 2797 697 ἠ
2842 627 2918 700 τῆ
2953 625 3228 696 ,βοτάνην
3258 627 3496 695 χόρτου.
3537 626 3725 700 Πόσην

2143 719 2443 790 αὐτόματον
2472 720 2617 788 λέγει
2649 719 2853 791 τροφὴν
2885 721 2942 772 ὲν
2963 717 3192 784 τούτοις,
3217 718 3316 788 τήν
3341 734 3403 770 τε
3431 717 3488 769 ὲν
3519 716 3721 788 ῥίζαις,

2143 812 2236 865 καὶ¹
2261 812 2359 883 τὴν
2383 814 2440 864 ὲν
2473 813 2608 883 αὐτῇ
2638 814 2704 884 τῇ
2739 811 2954 884 βοτάνῃ,
2984 810 3078 866 καὶ
3103 810 3202 882 τὴν
3233 812 3290 863 ὲν
3317 811 3546 880 καρποῖς
3573 808 3672 879 ἤδη
3704 809 3720 862 l

2144 903 2318 973 πόσην
2340 902 2396 955 δὲ
2417 901 2514 974 τὴν
2535 902 2594 967 ἐξ
2619 901 2935 973 ἐπιμελείας
2971 901 3066 955 καὶ
3095 899 3369 972 γεωργίας
3400 900 3530 970 ἡμῖν
3553 915 3722 970 προσ-

2143 995 2468 1066 γινομένηνί
2511 995 2626 1048 Οὐκ
2654 994 2813 1058 εὐθὺς
2842 993 3092 1047 ἐκέλευσε
3122 993 3343 1064 σπέρμα
3384 993 3479 1044 καὶ
3509 991 3723 1061 καρπὸν

2145 1087 2486 1158 ἀναδοθῆναι,
2534 1085 2672 1141 ἀλλὰ
2703 1085 2999 1157 βλαστῆσαι
3051 1086 3144 1139 καὶ
3185 1085 3406 1156 χλοάσαι
3452 1083 3549 1154 τὴν
3595 1083 3722 1154 γῆν,

2145 1181 2241 1234 καὶ
2268 1180 2391 1234 τότε
2436 1181 2517 1244 είς
2554 1180 2774 1253 σπέρμα
2815 1179 3162 1249 τελειωθῆναι
3196 1177 3307 1249 (57)
3328 1218 3343 1241 ,
3383 1177 3470 1230 ἵνα
3506 1175 3724 1246 πρῶτον

2146 1274 2321 1327 ἐκεῖνο
2376 1272 2703 1344 πρόσταγμα
2762 1271 3096 1325 διδασκάλων
3149 1272 3219 1341 τῇ
3273 1267 3434 1338 φύσει
3494 1267 3724 1338 γένηται

2147 1365 2286 1434 πρὸς
2315 1364 2413 1436 τὴν
2439 1363 2568 1434 ἑξῆς
2601 1362 2937 1417 ἀκολουθίαν.
2974 1361 3099 1425 Πῶς
3130 1357 3222 1414 οὖν
3252 1359 3391 1413 κατὰ
3419 1358 3590 1428 γένος,
3617 1373 3726 1426 φα-

2150 1458 2234 1510 σὶν
2256 1456 2388 1528 (58),
2434 1458 2468 1528 ἡ
2501 1457 2572 1527 γῆ
2603 1448 2866 1529 προφέρει
2906 1454 2976 1508 τὰ
3008 1454 3318 1525 σπέρματα,
3358 1451 3540 1515 ὁπότε,
3577 1452 3726 1503 σῖτον

2149 1547 2407 1611 πολλάκις
2459 1547 2868 1610 καταϐαλόντες,
2925 1545 3018 1598 τὸν
3071 1544 3272 1616 μέλανα
3324 1541 3511 1596 τοῦτον
3553 1539 3728 1612 πυρὸν

2151 1638 2591 1711 συγκομίζομεν;
2640 1638 2799 1691 Ἀλλὰ
2827 1635 2984 1692 τοῦτο
3019 1637 3140 1707 οὐχὶ
3175 1635 3311 1708 πρὸς
3355 1635 3538 1705 ἕτερον
3571 1631 3729 1701 γένος

487 1729 886 1794 transmutatio,
907 1727 1161 1783 sed-velut
1178 1727 1394 1780 morbus
1416 1727 1655 1796 quidam,
1676 1723 1784 1796 44
1802 1739 1864 1779 ac
1883 1723 2049 1779 semi-

2157 1731 2269 1784 ἐστὶ
2319 1730 2611 1802 μεταϐολὴ,
2661 1730 2775 1784 ἀλλ’
2823 1729 2984 1783 οἱονεὶ
3018 1729 3170 1792 νόσος
3197 1745 3278 1790 τις
3324 1728 3418 1780 καὶ
3445 1723 3728 1798 ἀρρωστία

489 1821 578 1875 nis
622 1820 904 1890 aegritudo.
962 1817 1077 1872 Non
1125 1818 1268 1872 enim
1309 1817 1652 1871 “frumentum
1701 1829 1819 1870 esse
1868 1813 2048 1878 desiit,

487 1911 604 1977 sed,
635 1919 694 1965 ut
720 1921 776 1966 et
799 1925 865 1966 ex
899 1909 1012 1979 ipsa
1039 1908 1403 1979 appellatione
1433 1907 1648 1963 discere
1670 1915 1772 1971 est,
1799 1920 1896 1975 per
1923 1905 2052 1961 adu-

483 2005 720 2060 stionem
739 2003 950 2073 nigrum
974 2002 1163 2057 evasit.
1191 2000 1325 2055 Nam
1358 2001 1527 2055 nimio
1550 1999 1752 2070 frigore
1778 1999 2050 2065 adustum,

489 2098 547 2152 in
588 2097 755 2151 alium
786 2094 1021 2150 colorem
1070 2107 1140 2148 ac
1181 2106 1432 2162 saporem
1469 2091 1835 2162 degeneravit.
1877 2091 2054 2161 Atque

474 2189 658 2244 “etiam
693 2189 738 2244 si
763 2187 923 2241 modo
958 2186 1203 2241 idoneam
1238 2196 1458 2252 terram,
1499 2199 1561 2241 ac
1607 2184 1745 2240 bene
1791 2193 2055 2254 tempera-

494 2290 608 2335 tum
664 2292 843 2333 aerem
893 2285 1109 2331 nactum
1155 2276 1246 2344 sit,
1280 2290 1468 2343 rursus
1511 2277 1578 2330 ad
1625 2274 1907 2345 pristinam
1947 2274 2055 2330 l'or-

482 2384 638 2424 mam
671 2368 850 2423 redire
888 2367 1086 2420 ferunt.
1113 2362 1294 2431 Quare
1324 2364 1457 2418 nihil
1488 2371 1688 2435 praeter
1727 2373 2053 2434 praeceptum

493 2461 622 2515 illud
664 2460 716 2514 in
753 2460 916 2513 rebus
965 2456 1311 2513 nascentibus
1359 2456 1473 2509 lieri
1509 2455 1833 2527 comperias.
1883 2455 2050 2509 Porro

484 2551 677 2606 ‘lolium
719 2552 860 2620 quod
901 2550 1120 2616 dicitur,
1144 2557 1199 2604 et
1243 2548 1448 2618 reliqua
1495 2548 1794 2603 adulterina
1827 2547 2054 2611 semina,

494 2659 614 2714 qua:
646 2658 765 2697 cum
791 2641 1084 2696 esculentis
1112 2640 1556 2704 commiscentur,
1584 2655 1811 2710 qumque
1844 2653 2056 2694 nuncu-

497 2750 627 2805 pare
657 2734 860 2787 zizania
894 2733 1176 2787 consuevit
1209 2729 1512 2798 Scriptura,
1553 2746 1657 2786 non
1691 2745 1758 2785 ex
1796 2729 2052 2785 frumenti

494 2827 917 2883 commutatione
971 2825 1319 2894 proveniunt,
1366 2824 1461 2880 sed
1499 2837 1564 2877 ex
1623 2825 1841 2893 proprio
1881 2822 2058 2878 subsi-

496 2927 645 2972 stunt
674 2917 961 2987 principio,
992 2915 1382 2985 propriumque
1428 2928 1596 2981 genus
1635 2915 1893 2970 obtinent.
1929 2916 2058 2982 Quae

496 3009 737 3080 profecto
762 3008 1046 3076 imaginem
1073 3007 1386 3075 exprimunt
1412 3019 1620 3072 eorum,
1650 3005 1740 3074 qui
1766 3005 2058 3060 documen-

2151 1822 2246 1876 τοῦ
2287 1823 2623 1894 σπέρματος.
2661 1823 2735 1875 Οὐ
2765 1821 2872 1892 γὰρ
2896 1820 3127 1874 ἀπέθετο
3158 1820 3218 1872 τδ
3243 1814 3383 1872 εἶναι
3416 1817 3522 1900 (ὅθ)
3561 1819 3839 1900 ditia”

2153 1914 2268 1968 ἀλλ’
2294 1913 2563 1985 ὲμελάνθη
2595 1911 2685 1966 διὰ
2709 1915 2806 1985 τῆς
2826 1911 3094 1974 καύσεως,
3113 1911 3188 1974 ὡς
3217 1911 3310 1963 καὶ
3333 1909 3392 1973 ea
3423 1899 3590 1988 (1%;
3611 1899 3729 1959 ἔστι

2150 2006 2254 2076 τῆς
2312 2005 2682 2078 προσηγορίας
2734 2003 2943 2076 μαθεῖν.
3007 2005 3087 2075 Τῇ
3146 2001 3416 2074 ὑπερϐολῇ
3466 2000 3574 2071 γὰρ
3630 1999 3726 2053 τοῦ

2153 2095 2351 2167 κρύους
2385 2096 2678 2168 ὐπερκάεὶς
2707 2094 2838 2166 (ιο),
2874 2094 3010 2166 πρὸς
3053 2094 3246 2165 ἑτέραν
3305 2093 3400 2147 καὶ
3430 2091 3592 2162 χρόαν
3633 2090 3731 2143 καὶ

2152 2186 2339 2255 γεῦσιν
2371 2186 2655 2259 μετέπεσε.
2679 2186 2788 2240 Καὶ
2816 2186 2994 2256 μέντοι
3018 2186 3114 2238 καλ⁸
3137 2185 3298 2238 πάλιν
3320 2184 3556 2252 λέγεται,
3583 2183 3732 2235 ἔπεια

2144 2280 2250 2335 ,δὰν
2305 2280 2408 2350 γῆς
2441 2279 2751 2351 ἐπιτηδείας
2802 2278 2894 2332 καὶ
2935 2278 3113 2350 ἀέρων
3151 2277 3429 2349 εὐκράτων
3477 2275 3727 2344 λάϐηται,

2154 2371 2292 2442 πρὸς
2321 2370 2382 2424 τὸ
2411 2371 2634 2442 ἀρχαῖον
2653 2365 2792 2433 εἶδος
2811 2369 3110 2423 ἐπανιέναι.
3137 2369 3296 2421 ’Ὥστε
3319 2367 3471 2421 οὐδὲν
3499 2365 3647 2438 παρὰ
3665 2365 3734 2418 τὸ

2153 2465 2485 2536 πρόσταγμα
2525 2463 2704 2535 εὕροις
2736 2462 2802 2517 ἂν
2834 2465 2892 2518 ὲν
2918 2465 3032 2526 τοῖς
3072 2460 3360 2532 φυομένοις
3387 2459 3732 2529 ἐπιτελούμε-

2154 2573 2265 2611 νον.
2303 2557 2369 2610 Ἦ
2395 2557 2451 2609 δὲ
2481 2555 2750 2627 λεγομένη
2775 2549 2928 2628 α’ίρα,
2967 2554 3064 2608 καὶ
3090 2555 3190 2608 ὅσα
3217 2553 3379 2607 λοιπὰ
3406 2552 3534 2606 νόθα
3560 2552 3731 2622 σπέρ-

2159 2663 2308 2717 ματα
2334 2648 2443 2710 τοῖς
2471 2645 2754 2717 τροφίμοις
2802 2645 3298 2717 ἐγκαταμέμικται,
3341 2642 3484 2712 άπερ
3522 2639 3731 2705 ζιζάνια

2155 2736 2581 2808 προσαγορεύειν
2611 2736 2838 2806 σύνηθες
2856 2739 2922 2807 τῇ
2954 2736 3165 2807 Γραφῇ,
3181 2735 3282 2788 οὐκ
3301 2735 3365 2785 ὲκ
3386 2735 3485 2803 τῆς
3508 2729 3596 2785 τοῦ
3621 2729 3700 2801 (εΗ
3712 2733 3731 2799 )

2158 2829 2304 2883 σίτου
2337 2827 2637 2899 μεταϐολῆς
2670 2827 2898 2897 γίνεται,
2938 2827 3050 2881 ἀλλ’
3081 2825 3140 2891 ἐξ
3165 2825 3369 2887 οἰκείας
3396 2823 3570 2894 ἀρχῆς
3600 2821 3734 2874 ὐπέ-

2160 2935 2279 2988 στη,
2317 2918 2443 2971 ῐδιον
2475 2917 2666 2988 ἔχοντα
2696 2918 2870 2986 γένος.
2912 2917 3095 2988 Ἃπερ
3146 2917 3246 2985 τὴν
3300 2914 3483 2967 εἰκόνα
3541 2911 3735 2982 πληροῖ

2157 3011 2268 3065 τῶν
2313 3011 2846 3083 παραχαρασσόντων
2905 3009 2974 3064 τὰ
3017 3009 3114 3062 τοῦ
3161 3007 3364 3079 Κυρίου
3410 3006 3731 3076 διδάγματα,

500 3110 552 3154 ta
605 3100 814 3154 Domini
862 3098 1260 3164 adulterantes,
1317 3111 1418 3151 nec
1467 3097 1703 3165 legitime
1754 3110 2054 3152 sermonem

2164 3104 2259 3157 καὶ
2295 3105 2370 3174 μὴ
2403 3103 2640 3175 γνησίως
2685 3101 3136 3174 μαθητευομένων
3178 3099 3256 3171 τῷ
3301 3100 3462 3170 λόγῳ,
3509 3098 3620 3153 ἀλλ’
3665 3098 3734 3149 ὲκ

498 3192 698 3255 edocti,
724 3191 818 3245 sed
851 3205 880 3244 a
916 3189 1137 3260 maligni
1160 3189 1404 3244 doctrina
1437 3187 1700 3258 corrupti,
1732 3198 1909 3243 tamen
1939 3202 2061 3243 cum

500 3297 635 3340 sano
662 3280 921 3336 Ecclesiae
949 3295 1176 3350 corpore
1205 3280 1409 3348 seipsos
1435 3281 1793 3349 permiscent,
1832 3289 1889 3333 ut
1915 3279 2064 3333 clano

499 3375 678 3431 culum
715 3389 930 3429 errores
977 3388 1104 3428 suos
1137 3373 1188 3427 in
1239 3372 1603 3443 simpliciores
1657 3371 2058 3426 transfundam.

495 3465 617 3524 Jam
653 3479 782 3520 vero
815 3465 1069 3520 Dominus
1110 3463 1496 3534 perfectionem
1539 3466 1702 3518 etiam
1739 3479 1929 3520 eorum
1971 3466 2063 3534 qui

498 3559 556 3616 in
585 3561 760 3630 ipsum
787 3559 1158 3622 crediderunt,
1184 3557 1450 3612 seminum
1480 3557 1812 3612 incremento
1841 3571 2064 3628 compa-

498 3661 604 3718 rat,
635 3653 820 3706 dicens
853 3649 1346 3716 :Quemadmodum
1387 3649 1433 3702 si
1487 3649 1637 3704 homo
1675 3651 1952 3720 projecerit
1982 3665 2064 3704 se-

495 3760 615 3798 men
650 3744 704 3797 in
731 3752 947 3808 terram,
984 3750 1033 3796 et
1063 3741 1313 3804 dormiat,
1343 3750 1390 3793 et
1417 3750 1664 3810 exsurgat
1695 3751 1842 3794 nocte
1876 3753 1925 3794 et
1954 3741 2060 3807 die,

497 3847 548 3891 et
571 3851 744 3889 semen
773 3843 975 3903 surgat,
1005 3844 1054 3887 et
1096 3835 1375 3897 increscat,
1408 3834 1532 3885 dum
1566 3832 1723 3886 nescit
1749 3833 1880 3902 ipse.
1910 3830 2063 3887 Ultro

493 3928 636 3982 enim
680 3937 820 3980 terra
857 3926 1144 3995 fructi/ient
1185 3926 1412 3996 primum
1451 3925 1685 3988 herbam,
1722 3924 1911 3979 deinde
1954 3926 2063 3993 spi-

497 4036 637 4086 cam,
672 4020 856 4074 deinde
876 4019 1082 4089 plenum
1103 4017 1421 4088 frumentum
1446 4017 1501 4070 in
1527 4018 1674 4084 spica
1693 4015 1757 4069 “.
1791 4014 2062 4072 Germinet

500 4124 643 4166 terra
676 4111 906 4166 herbam.
945 4109 1008 4166 In
1050 4109 1276 4164 minimo
1303 4111 1466 4163 etiam
1497 4107 1758 4177 temporis
1785 4118 2065 4164 momento

500 4222 530 4259 a
565 4203 958 4273 germinatione
1007 4215 1202 4258 exorsa
1255 4209 1419 4267 terra,
1471 4209 1529 4255 ut
1554 4198 1867 4257 Conditoris
1922 4201 2068 4273 leges

484 4303 764 4361 servaret,
797 4309 894 4364 per
932 4307 1148 4350 omnem
1190 4291 1514 4349 accretionis
1556 4292 1794 4363 speciem
1842 4307 2066 4362 progre-

484 4389 672 4457 ‘diens,
710 4387 990 4444 confestim
1025 4388 1268 4458 germina
1306 4384 1528 4440 deduxit
1553 4387 1620 4440 ad
1643 4383 2060 4454 perfectionem.

570 4573 616 4605 “
643 4573 807 4628 Marc.
830 4589 906 4638 tv,
935 4572 1124 4628 26-28.

568 4667 681 4741 (57)
711 4667 844 4741 Reg.
869 4669 1072 4741 primus
1095 4676 1149 4741 et
1193 4665 1343 4741 golb.
1374 4665 1640 4722 secundus
1666 4666 1798 4741 ἡμῖν
1840 4671 2061 4727 τελειω-

481 4736 678 4809 ⁵θῆναιζ
732 4736 928 4793 Ibidem
970 4739 1145 4809 editio
1188 4736 1350 4809 Basil.
1412 4751 1533 4809 cum
1583 4736 1768 4809 multis
1811 4755 1939 4795 mss.
1967 4743 2054 4798 ἵνα

496 4805 578 4864 τό.
613 4810 779 4879 Abest
801 4808 1056 4863 articulus
1105 4810 1172 4862 ab
1203 4807 1444 4879 editione
1475 4805 1646 4879 Paris.
1705 4807 1815 4863 Hoc
1854 4811 1971 4879 ipso
2001 4815 2055 4869 itt

499 4879 616 4934 loco
645 4878 794 4947 Regii
834 4889 1018 4933 sextus
1047 4886 1102 4932 et
1123 4887 1340 4947 octavus
1374 4875 1731 4931 διδασκάλων.
1759 4875 1896 4935 Εάἰιῖ
1933 4898 2056 4937 cum

495 4945 814 5018 quibusdam
864 4949 983 5001 aliis
1046 4963 1173 5002 mss.
1203 4945 1592 5018 διδασκαλεῖον,
1644 4962 1746 5000 non
1782 4950 1850 5001 ita
1884 4962 2050 5008 recte.

497 5017 611 5073 Hoc
637 5020 780 5073 enim
808 5033 1000 5071 nomen
1033 5018 1292 5078 scholam,
1321 5017 1373 5068 iu
1402 5017 1782 5085 quajuventus
1807 5019 2052 5087 docetur,

498 5090 714 5158 proprie
747 5089 1238 5158 siguilicatgtquam
1287 5087 1556 5158 notionem
1605 5087 1727 5140 huic
1786 5089 1900 5145 loco
1946 5107 2054 5148 non

497 5156 636 5213 belle
663 5159 951 5212 convenire
975 5157 1174 5219 vident,
1206 5162 1264 5209 ut
1286 5156 1496 5223 Opinor,
1521 5170 1730 5210 omnes.

570 5227 681 5299 (38)
705 5227 879 5299 Editio
909 5226 1070 5299 Basil.
1101 5242 1227 5299 cum?
1269 5226 1449 5299 multis
1478 5241 1608 5299 mss.
1641 5225 1825 5299 φησίν.
1869 5227 2053 5299 Editio

497 5295 671 5353 Paris.
704 5298 885 5368 φασίν,
919 5297 1134 5351 Monere
1176 5296 1326 5368 libet,
1379 5295 1527 5359 illud,
1554 5295 1737 5368 φασιν,
1771 5298 2052 5355 rarissime

497 5369 688 5440 legi_i_n
716 5364 966 5440 fantiquis
995 5365 1281 5440 mss_.,_sed
1317 5379 1529 5440 semper
1559 5364 1919 5440 ferereperiri
1949 5386 2054 5440 φη-

500 5433 578 5491 et:
609 5437 748 5492 Nihil
785 5433 960 5493 tamen
999 5433 1217 5505 imp'edit
1247 5433 1532 5506 quominus
1558 5435 1708 5500 illud,
1735 5436 1888 5507 φησι,
1921 5433 2075 5508 ρὸέ-,

496 5510 571 5560 sit
599 5509 758 5573 verti,
812 5509 982 5572 aiunt,
1015 5508 1278 5576 inquiunt,
1333 5520 1455 5576 cum
1512 5520 1620 5576 non
1681 5521 1803 5562 raro
1857 5521 2053 5563 nomen

495 5577 834 5644 collectivum
879 5579 949 5631 sit
992 5574 1516 5644 suliintelligcndum.
1552 5574 1789 5643 Exempli
1847 5591 2055 5632 causa:

501 5643 664 5721 Secta
695 5646 1133 5721 philosophorum
1165 5643 1576 5721 ait,'aut_aiunt.
1604 5645 1757 5708 Quod
1792 5663 1912 5721 cum
1952 5665 2058 5702 non

501 5713 988 5767 animadverterent
1049 5715 1284 5768 editores
1364 5714 1731 5778 Parisienses,
1814 5718 2061 5770 videntur

495 5779 670 5870 ,Σίδης
720 5783 936 5851 proprio
985 5794 1172 5841 contra
1235 5784 1392 5842 Iidem
1433 5800 1562 5839 mss.
1618 5784 1779 5854 φησίν
1811 5787 1862 5843 in
1898 5786 2061 5856 φασίν

2165 3199 2263 3268 τῆς
2288 3195 2381 3248 τοῦ
2403 3194 2638 3267 πονηροῦ
2664 3195 3012 3257 διδασκαλίας
3039 3192 3468 3264 διεφθαρμένων,
3503 3208 3737 3260 καταμι-

2164 3287 2405 3357 γνύντων
2448 3287 2506 3338 δὲ
2543 3287 2768 3350 ἑαυτοὺς
2802 3286 2912 3358 (42)
2952 3285 3042 3358 τῷν
3071 3286 3363 3356 ὑγιαίνοντι
3399 3284 3608 3355 σώματι
3635 3283 3735 3354 τῆς

2176 3377 2522 3450 Ἐκκλησίας,
2583 3377 2649 3431 ἶν’
2702 3378 2766 3431 ὲκ
2813 3377 2908 3431 τοῦ
2949 3376 3188 3448 ἀφανοῦς
3226 3375 3326 3440 τὰς
3370 3377 3499 3446 παρ’
3530 3372 3735 3428 ἑαυτῶν

2165 3468 2367 3542 βλάϐας
2399 3471 2509 3532 τοῖς
2529 3468 2930 3540 άκεραιοτὲροις
2960 3469 3288 3540 ἐμϐάλωσιν.
3323 3468 3463 3539 Ἤδη
3493 3466 3549 3520 δὲ
3577 3469 3606 3520 ὁ
3629 3465 3736 3521 Κύ-

2165 3579 2280 3634 ριος
2306 3563 2400 3615 καὶ
2429 3561 2527 3633 τὴν
2558 3560 2832 3615 τελείωσιν
2857 3559 2968 3614 τῶν
2996 3561 3077 3623 είς
3105 3559 3267 3614 αὐτὸν
3300 3559 3736 3612 πεπιστευκότων

2163 3659 2229 3727 τῇ
2261 3654 2369 3709 τῶν
2404 3654 2732 3726 σπερμάτων
2762 3654 2985 3725 αὐξήσει
3025 3652 3369 3724 παρεικάζει,
3397 3652 3568 3722 λέγων
3590 3668 3606 3684 °
3643 3651 3736 3717 Ὡς

2165 3746 2310 3810 ὅταν
2361 3745 2670 3814 ἄνθρωπος
2714 3744 2880 3813 ,ϐάλῃ
2923 3743 3031 3797 τὸν
3066 3747 3299 3812 σπόρον
3339 3743 3438 3796 ἐπὶ
3464 3743 3575 3810 τῆς
3601 3740 3733 3811 γῆς,

2164 3839 2264 3893 καὶ
2309 3837 2591 3906 καθεύδῃ,
2636 3835 2737 3890 καὶ
2785 3835 3079 3905 ἐγείρηται
3118 3836 3308 3891 νύκτα
3355 3836 3452 3888 καὶ
3487 3834 3733 3903 ἡμέραν,

2165 3931 2265 3986 καί
2302 3933 2336 3985 o'
2365 3929 2591 3997 σπόρος
2622 3928 2935 3999 ἐγείρηται,
2985 3927 3082 3980 καὶ
3118 3929 3474 3997 μηκύνηται,
3517 3927 3596 3992 ὡς
3627 3927 3738 3979 οὐκ

2164 4018 2329 4079 οἶδεν
2378 4022 2579 4088 αὐτός.
2632 4019 2943 4089 Αὑτομὰτη
2989 4019 3100 4089 γὰρ
3153 4021 3192 4090 ἡ
3247 4019 3325 4090 τῆ
3375 4017 3743 4090 καρποφορεῖ

2164 4115 2400 4185 πρῶτον
2421 4115 2657 4184 χόρτον,
2689 4107 2817 4166 εἶτα
2853 4110 3110 4180 στάχυν,
3153 4106 3280 4166 εἶτα
3320 4113 3522 4185 πλήρη
3567 4112 3738 4167 σῖτον·

2163 4208 2234 4261 ἐν
2265 4189 2346 4272 τῷ
2370 4204 2608 4274 στάχυϊ.
2635 4201 3042 4270 Βλαστησάτω
3065 4204 3104 4272 ἡ
3133 4202 3208 4272 γῆ
3224 4201 3518 4274 βοτάνην.
3550 4204 3654 4258 Καὶ
3677 4202 3739 4257 ὲν

2165 4297 2425 4369 ἀκαριαίᾳ
2453 4296 2644 4368 χρόνου
2671 4296 2808 4365 ῥοπῇ
2842 4294 2950 4350 ἀπὸ
2962 4294 3064 4364 τῆς
3094 4293 3438 4366 βλαστήσεως
3458 4295 3735 4367 ἀρξαμένη

2168 4391 2202 4460 ἡ
2227 4390 2319 4461 γῆ,
2345 4383 2439 4442 ’ἵνα
2477 4385 2689 4457 φυλάξῃ
2715 4385 2842 4449 τοὺς
2868 4385 3064 4454 νόμους
3105 4385 3198 4438 τοῦ
3233 4385 3534 4452 κτίσαντος,
3559 4388 3737 4440 πᾶσαν

481 4480 673 4549 Atque
704 4489 855 4548 prata
882 4480 1094 4549 quidem
1124 4480 1232 4534 leni
1261 4478 1418 4547 copia
1467 4485 1625 4532 erant
1670 4477 1957 4547 depressa;
1989 4494 2052 4536 ac

2159 4484 2303 4540 ἰδέαν
2348 4478 2628 4552 αὐξήσεως
2669 4475 3032 4541 διεξελθοῦσα,
3072 4475 3232 4541 εὐθὺς
3277 4477 3412 4548 πρὸς
3448 4479 3509 4531 τὸ
3536 4479 3737 4532 τέλειον

2172 4665 2365 4737 saepius
2395 4669 2753 4737 permutasse,
2800 4658 3013 4737 quoties
3054 4659 3302 4737 videlicet
3337 4675 3526 4737 sensus
3553 4674 3737 4737 nume-

2173 4728 2290 4795 rum
2327 4728 2682 4789 multitudinis
2711 4728 3036 4798 postulabat.
3060 4731 3132 4784 De
3160 4731 3244 4785 his
3266 4732 3434 4784 semel
3465 4733 3739 4787 monuisse

2169 4809 2302 4867 satis
2353 4805 2443 4859 sit.
2505 4799 2738 4868 Tempus
2793 4798 2933 4853 male
2986 4798 3163 4854 locare
3213 4800 3638 4863 arbitraremur,
3683 4803 3733 4856 si

2171 4879 2426 4944 deinceps
2451 4871 2713 4927 editorum
2740 4875 2794 4923 et
2817 4869 3060 4923 codicum
3104 4884 3233 4924 mss.
3269 4870 3412 4944 eain
3447 4886 3506 4924 re
3536 4872 3739 4944 discrea

2177 4939 2412 5020 pantiain
2437 4947 3040 5020 accurate‘uotaremus,
3072 4953 3198 4993 cum
3234 4939 3366 4993 nihil
3393 4940 3606 4996 intersit
3631 4942 3735 4996 hoc

2171 5009 2237 5072 an
2268 5016 2356 5069 illo
2385 5011 2540 5066 modo
2563 5009 2789 5080 legatur.

2230 5086 2351 5157 .(39)
2383 5077 2917 5157 _Sic_mss.'_p_lerique
2937 5091 3158 5157 omnes1
3177 5077 3359 5157 Editio
3391 5079 3565 5134 Paris.
3593 5078 3736 5133 ἀπέ-

2155 5145 2282 5210 θετό
2317 5145 2593 5206 τοῦ-εἷναι.
2622 5145 2798 5204 Editio
2827 5147 2991 5202 Basil.
3024 5148 3258 5202 ἀπέθετο
3293 5145 3456 5202 εἶναι.

2230 5225 2345 5297 (40)
2369 5223 2442 5297 Ita
2472 5222 2708 5297 quinque
2740 5233 2870 5297 mss.
2905 5217 3049 5272 Edili
3077 5233 3204 5274 vero
3227 5219 3564 5297 ὐττεὶικαείς.Δ
3596 5218 3734 5297 Ἀπι-

2158 5289 2374 5351 brosius
2397 5289 2570 5345 sic’ad
2599 5289 2821 5342 verbum
2851 5290 3242 5358 interpretatur
3271 5307 3286 5344 :
3316 5289 3378 5345 Si
3413 5302 3501 5342 aut
3534 5289 3732 5357 frigore

2157 5369 2456 5419 adurantur
2484 5377 2501 5416 :
2535 5359 2587 5412 in
2613 5372 2720 5426 quo
2750 5358 2962 5413 videtur
2988 5357 3296 5429 [Virgilium
3345 5361 3612 5425 imitatus,
3641 5358 3735 5428 qui

2157 5451 2173 5489 ι
2198 5433 2384 5502 Georg.
2417 5429 2750 5502 scripserat,

2311 5489 2413 5556 Ᾰιιι
2452 5489 2630 5551 Bercta
2654 5489 2967 5565 penetrabile
2994 5489 3160 5568 frigus
3191 5500 3405 5554 adurat.

2164 5569 2526 5646 lbid_e_ttt~[leg.
2544 5569 2761 5646 Primus
2786 5569 2866 5646 εἰς
2898 5570 3111 5640 ἑτέραν.

2239 5643 2350 5714 (ιιι)
2376 5636 2652 5714 Sic_ed_i_tio
2679 5636 2840 5714 Itasjl.
2861 5636 3001 5693 cum'
3021 5639 3200 5714 multis
3223 5655 3353 5714 mss.
3408 5639 3584 5714 Editio
3624 5637 3734 5694 Pa-

2173 5705 2267 5770 ris‘.
2306 5705 2511 5780 ἐκτοῦ.
2547 5705 2663 5759 Mox
2699 5707 2853 5761 Colb.
2900 5710 3164 5780 secttudus
3203 5711 3387 5763 εἰκόνα
3419 5710 3586 5780 δηλοῖ.

2245 5781 2353 5854 (li!)
2378 5779 2452 5835 ita
2479 5785 2709 5848 quatuor
2731 5793 2860 5834 mss.
2895 5779 3031 5834 Editi
3056 5789 3109 5834 et
3136 5793 3272 5837 unus
3309 5796 3412 5840 ms.
3441 5779 3659 5846 αὐτούς.

2132 5889 2208 5904 ηυ-
