4082 6218
421 318 529 375 W5
1546 334 1827 391 llOMlLlA
1874 336 1916 391 v
1956 335 2002 389 ιι

2106 336 2550 393 ΕΧΑΕΜΕΒΟΝ.
3539 338 3644 393 106

418 435 594 529 ᾕγαγε
639 437 707 489 τὰ
749 436 1118 529 βλαςτήματα.
1162 443 1270 499 Καὶ
1301 445 1561 517 λειμῶνες
1607 452 1703 519 μὲν
1722 448 1860 522 ἦσαν
1900 451 1991 521 βα-

2101 450 2524 521 lertilescampi,
2574 450 2840 521 segetibus
2872 450 3279 517 horrescentes,
3324 450 3499 521 pelagi
3547 449 3650 507 ου-
3694 524 3699 529 ι

422 526 533 590 θεῖς
576 529 640 597 τῇ
672 528 898 601 ἀφθονίᾳ
943 531 1036 584 τοῦ
1077 534 1288 605 χόρτου,
1332 537 1438 590 τῶν
1468 539 1524 592 δὲ
1558 540 1751 595 πεδίων
1789 542 1857 595 τὰ
1898 541 1985 593 εὗ-

422 634 609 688 καρπα
650 618 943 689 φρίσσοντα
987 626 1098 687 τοῖς
1138 625 1308 695 ληίοις
1342 627 1475 699 (45),
1510 630 1692 684 εἰκόνα
1718 631 1985 699 πελάγους

2086 544 2316 598 ctuantis
2342 544 2628 615 imaginem
2657 560 2751 612 per
2775 544 3045 612 spicarum
3070 553 3270 598 motum
3294 550 3650 612 repraesenta-

2086 641 2235 686 runt.
2274 632 2462 688 Omnis
2490 640 2668 686 autem
2713 631 2900 697 herba,
2926 645 2988 686 ac
3023 644 3180 685 omne
3208 628 3513 684 oleraceum
3551 643 3646 698 ge-

422 708 771 804 ):upal'vovro;
808 712 865 765 ὲν
907 716 972 785 τῇ
1001 717 1207 787 κινήσει
1246 719 1353 772 τῶν
1401 720 1684 793 ἀσταχύων
1715 705 2002 804 ἀπὲσωῖ

2101 740 2210 788 aus,
2233 732 2284 779 et
2319 725 2365 779 si
2393 723 2518 793 quid
2547 724 2599 777 in
2634 722 2916 778 fruticibus
2962 732 3057 778 aut
3098 722 3152 777 in
3181 719 3539 790 leguminibus
3564 734 3650 773 re-

424 801 578 855 Πᾶσα
609 801 663 854 δὲ
695 802 890 876 βοτάνη
922 808 1013 861 καὶ
1041 810 1147 862 πᾶν
1175 809 1477 884 λαχανηρὸν
1516 813 1690 881 γένος,
1726 801 1820 867 καῖ
1862 815 1988 867 εἴτι

426 894 483 945 ὲν
530 893 844 964 φρυγάνοις,
903 900 994 951 καὶ
1040 898 1094 952 ετ
1145 917 1197 955 τι
1237 905 1293 955 ὲν
1327 903 1588 975 ὀσπρίοις,
1628 905 1769 959 κατὰ
1812 908 1989 961 πᾶσαν

425 984 684 1054 ἀφθονίαν
729 987 849 1041 τότε
904 991 1002 1061 τῆς
1044 992 1145 1063 γῆς
1195 994 1498 1067 ὑπερεῖχεν.
1534 996 1665 1051 Οὐδὲ
1710 997 1818 1070 γὰρ
1857 999 1992 1052 ἀπό-

426 1077 637 1146 τευγμά
667 1094 719 1129 τι
754 1072 820 1149 ἦν
855 1079 912 1132 ἐν
944 1083 1057 1144 τοῖς
1085 1082 1202 1135 τότε
1229 1084 1626 1155 προδληθεῖσιν,
1665 1086 1788 1141 οὔτε
1822 1105 1993 1160 γεωρ-

427 1166 541 1236 γῶν
584 1169 855 1239 ἀπειρίας,
911 1170 1033 1225 οὔτε
1076 1173 1252 1245 ἀέρων
1298 1176 1644 1248 δυσκρασίας,
1685 1178 1809 1234 οὔτε
1851 1180 1995 1245 τινὸς

428 1258 593 1330 ἄλλης
625 1262 802 1324 αἰτίας
840 1265 951 1327 τοῖς
988 1265 1287 1335 γινομένοις
1325 1267 1740 1341 λυμαινομένης.
1787 1271 1860 1324 Οὐ
1891 1270 1995 1342 μὴν

426 1349 549 1402 οὐδὲ
598 1351 631 1421 ὴ
690 1351 952 1422 καταδίκη
1002 1354 1275 1419 ὲνεπόδιζε
1332 1362 1398 1429 τῇ
1452 1358 1675 1431 εὐθηνίᾳ
1726 1360 1825 1431 τῆς
1870 1361 1992 1431 γῆς.

431 1439 778 1513 Πρεσϐύτερα
808 1444 916 1514 γὰρ
940 1442 1109 1498 ταῦτα
1133 1447 1230 1517 τῆς
1262 1449 1550 1520 ἁμαρτίας,
1575 1450 1641 1503 δι’
1666 1451 1730 1520 ἣν
1754 1451 2000 1521 κατεκρί-

431 1530 603 1599 θημεν
662 1533 719 1584 ὲν
763 1532 947 1604 ἱδρῶτι
990 1533 1084 1588 τοῦ
1132 1536 1421 1607 προσώπου
1470 1539 1625 1611 ἡμῶν
1673 1539 1872 1593 ἐσθίειν
1909 1540 1999 1594 τὸν

434 1622 617 1692 ἄρτον.

501 1715 552 1767 6.
602 1714 759 1767 Ἀλλὰ
794 1715 904 1771 Kal
949 1719 1138 1783 ξύλον
1186 1720 1505 1791 κάρπιμον,
1577 1724 1728 1794 φησί,
1786 1725 2001 1779 ποιοῦν

431 1805 678 1873 καρπόν,
705 1802 775 1863 οὗ
805 1808 871 1861 τὸ
899 1807 1136 1879 σπέρμα
1164 1811 1352 1865 αὐτοῦ
1373 1812 1441 1865 ἐν
1462 1811 1623 1877 αὐτῷ
1648 1814 1797 1867 κατὰ
1825 1814 1999 1884 γένος
2029 1802 2071 1857 Β

432 1898 529 1950 καὶ
571 1900 700 1951 καθ’
743 1900 1051 1968 ὁμοιότητα
1084 1901 1183 1955 ἐπὶ
1230 1900 1340 1971 τῆς
1378 1900 1508 1973 γῆς.
1566 1903 1689 1957 Ἐπὶ
1721 1903 1893 1974 τούτῳ
1922 1904 2000 1975 τῷ

435 1988 635 2058 ῥήματι
677 1990 846 2042 πᾶσαι
876 1990 974 2060 μὲν
1007 1991 1201 2062 λόχμαι
1230 1993 1660 2048 κατεπυκνοῦντο
1679 2011 1693 2025 ⁸
1734 1996 1913 2049 πάντα
1944 1996 2001 2050 δὲ

433 2078 687 2151 ἀνέτρεχε
729 2081 943 2154 δένδρα,
988 2084 1057 2137 τά
1091 2102 1150 2138 τε
1195 2084 1330 2156 πρὸς
1378 2087 1639 2159 μήκιστον
1688 2086 1821 2159 ὕψος
1858 2088 2003 2141 διαν-

435 2166 682 2224 ίστασθαι
722 2170 832 2241 (44)
875 2175 1174 2243 πεφυκότα,
1220 2176 1405 2230 ὲλάται
1431 2177 1525 2231 καὶ
1544 2178 1746 2251 κέδροι,
1781 2178 1875 2232 καὶ
1907 2196 2002 2231 κυ-

434 2261 709 2331 πάρισσοι,
744 2263 836 2315 καὶ
867 2263 1067 2319 πεῦκαι
1086 2282 1099 2296 ⁸
1138 2266 1336 2332 πάντες
1369 2267 1426 2320 δὲ
1456 2268 1647 2339 θάμνοι
1678 2268 1838 2331 εὐθὺς
1866 2264 2003 2339 ἦσαν

436 2352 740 2424 ἀμφίκομοι
786 2356 880 2408 καὶ
933 2356 1145 2421 δασεῖςο
1190 2359 1283 2412 καὶ
1313 2358 1381 2412 τὰ
1417 2360 1864 2432 στεφανωματικὰ
1913 2361 2002 2414 λε-

433 2444 637 2513 γόμενα
658 2444 766 2498 τῶν
794 2446 993 2515 φυτῶν,
1018 2449 1078 2501 αἴ
1094 2465 1154 2501 τε
1177 2449 1463 2519 ρωδωνιαὶ,
1488 2452 1582 2504 καὶ
1609 2452 1886 2524 μυρσίναι,
1908 2454 2003 2508 καὶ

432 2535 646 2605 δάφναι,
681 2538 858 2592 πάντα
904 2541 961 2592 ὲν
1005 2541 1103 2612 μίᾳ
1140 2542 1331 2613 καιροῦ
1368 2545 1530 2614 ῥοπῇ,
1583 2544 1683 2598 οὐκ
1715 2544 1844 2599 ὄντα
1874 2547 2005 2618 πρό-

433 2643 589 2697 τερον
634 2628 771 2699 ὑπὲρ
800 2630 896 2700 τῆς
925 2632 1047 2700 γῆς,
1082 2634 1161 2697 εἰς
1189 2634 1248 2687 τὸ
1282 2630 1417 2687 εἶναι
1445 2634 1689 2706 παρῆλθε
1719 2636 1830 2708 (45)
1870 2639 2006 2709 μετὰ

436 2716 535 2786 τῆς
560 2718 761 2782 οἰκείας
781 2719 1008 2775 ἕκαστον
1034 2724 1309 2796 ἰδιότητος,
1330 2726 1752 2797 ὲναργεστάταις
1777 2730 1873 2800 μὲν
1894 2729 2006 2783 δια-

439 2812 630 2880 φοραῖς
660 2811 767 2864 ἀπὸ
808 2812 916 2866 τῶν
945 2816 1272 2887 ἑτερογενῶν
1320 2820 1679 2890 χωριζόμενα,
1725 2822 1908 2892 οἰκείῳ
1948 2821 2005 2875 δὲ

436 2898 662 2955 ἕκαστον
684 2903 1076 2975 γνωριζόμενον
1105 2909 1428 2980 χαρακτῆρι.
1456 2911 1603 2981 Πλήν
1641 2928 1703 2980 γε
1730 2912 1810 2965 ὅτι
1836 2912 1895 2965 τὸ
1916 2912 2004 2982 ρό-

439 2990 526 3044 δον
565 2990 674 3062 (46)
707 2992 827 3046 τότε
856 2993 983 3047 ἄνευ
1017 2996 1255 3067 ἀκάνθης
1279 2993 1366 3068 ἦν,
1395 2997 1617 3071 ὕστερον
1635 3000 1692 3053 δὲ
1723 3000 1799 3071 τῷ
1823 3000 2006 3054 κάλλει

436 3080 530 3134 τοῦ
571 3080 762 3146 ἄνθους
810 3084 843 3155 ὴ
888 3084 1095 3139 ἄκανθα
1144 3086 1513 3158 παρεζεύχθη,
1550 3087 1637 3143 ἵνα
1681 3088 1758 3159 τῷ
1790 3086 2003 3160 τερπνῷ

436 3173 535 3242 τῆς
572 3173 920 3239 ἀπολαύσεως
962 3176 1191 3245 ἐγγύθεν
1222 3177 1435 3249 ἔχωμεν
1465 3179 1875 3251 παρακειμένην
1904 3181 2003 3251 τὴν

439 3265 631 3336 λύπην,
668 3268 1002 3347 μεμνημένοι
1036 3270 1131 3339 τῆς
1151 3270 1441 3340 ἁμαρτίας,
1471 3271 1538 3323 δι’
1554 3272 1618 3343 ἢν
1644 3272 1883 3335 ἀκάνθας
1912 3274 2005 3326 καὶ

437 3359 715 3429 τριϐόλους
747 3361 874 3430 ἡμῖν
902 3361 1213 3415 ἀνατέλλειν
1249 3363 1606 3434 κατεδικάσθη
1646 3365 1679 3435 ἠ
1711 3365 1805 3435 γῆ.
1846 3363 2004 3418 Ἀλλὰ

440 3450 799 3522 προσετάχθη,
843 3454 993 3523 φησὶ,
1036 3452 1233 3507 Ξύλον
1270 3452 1585 3524 κάρπιμον,
1621 3456 1833 3510 ποιοῦν
1874 3473 2005 3525 καρ-

440 3542 559 3594 πὸν
586 3542 683 3595 ἐπὶ
719 3542 829 3611 τῆς
860 3543 991 3613 γῆς,
1022 3540 1093 3600 οὗ
1126 3543 1190 3598 τὸ
1222 3544 1457 3614 σπέρμα
1487 3547 1673 3601 αὐτοῦ
1717 3548 1787 3601 ἐν
1823 3547 2053 3624 apro”

440 3633 686 3687 ἐκδοῦναι
726 3637 760 3705 ἡ
800 3636 869 3706 γῆ
890 3653 902 3665 ·
934 3635 1103 3689 πολλὰ
1140 3636 1197 3689 δὲ
1223 3636 1332 3690 τῶν
1368 3637 1595 3708 δένδρων
1640 3639 1853 3710 δρῶμεν
1880 3627 2002 3693 οῦτε

440 3727 667 3796 καρποῖς
698 3724 819 3778 οὕτε
843 3725 1111 3797 σπέρματι
1151 3726 1260 3796 (47)
1289 3729 1614 3801 κεχρημένα.
1644 3730 1708 3783 Τί
1731 3726 1821 3784 οὖν
1852 3731 2004 3804 ἐροῦ-

442 3833 543 3887 μεν
566 3835 580 3883 ;
619 3818 740 3870 Ὅτι
765 3818 832 3871 τὰ
858 3818 1158 3891 τιμιώτερα
1181 3821 1246 3889 τῇ
1286 3819 1443 3889 φύσει
1470 3823 2005 3894 προηγουμένης.τῆς

444 3910 659 3980 μνήμης
696 3911 993 3980 τετύχηκεν
1015 3927 1033 3942 ο
1081 3910 1291 3974 ἔπειτα,
1339 3913 1419 3966 ὅτι
1450 3914 1693 3986 ἀκριϐῶς
1722 3914 2007 3987 θεωροῦντι

440 4000 535 4053 καὶ
563 3996 737 4054 πάντα
766 4003 1062 4073 φανήσεται
1107 4002 1140 4075 ἢ
1198 4002 1469 4075 σπέρματι
1512 4007 1844 4077 κεχρημένα,
1872 4007 1904 4078 ἢ
1939 4007 2008 4061 τά

444 4089 857 4161 ἰσοδυναμοῦντα
888 4095 999 4155 τοῖς
1042 4093 1346 4165 σπέρμασιν
1376 4094 1584 4164 ἔχοντα.
1619 4096 1860 4169 Αίγειροι
1899 4100 2005 4173 γὰρ

440 4176 537 4235 καὶ
562 4178 716 4245 ἰτέαι,
745 4179 841 4262 καὶ
863 4179 1105 4248 πτελέαι,
1138 4182 1233 4236 καὶ
1260 4182 1468 4249 λεῦκαι,
1503 4184 1598 4238 καὶ
1634 4186 1732 4239 ὅσα
1756 4188 2000 4258 τοιαῦτα,

515 4360 561 4396 ⁶¹¹
583 4359 717 4418 Gen.
747 4362 944 4429 111,19.
1017 4363 1063 4396 ⁸⁸
1088 4362 1222 4421 Gen.
1262 4379 1303 4431 ι,
1339 4363 1424 4419 ll.
1502 4365 1546 4399 ⁸ο
1572 4364 1707 4424 Gen.
1732 4385 1814 4435 ιιι,
1843 4369 1927 4425 18.

516 4563 626 4635 (45)
655 4564 807 4620 Colb.
843 4566 1108 4622 secundus

450 4637 543 4688 bus
568 4636 758 4690 onusti.
788 4635 937 4688 Haud
991 4635 1153 4691 mala
1177 4635 1353 4693 lectio.
1398 4639 1539 4694 Editi
1575 4635 1693 4693 cum
1722 4640 1842 4693 aliis
1867 4635 1997 4693 inss.

451 4705 765 4790 φρίσσοντα,
812 4706 1185 4790 horrescentes.
1244 4708 1335 4790 Sic
1384 4708 1646 4790 Virgilius
1678 4724 1741 4763 ιιι
1783 4705 1997 4787 Cepi-9.,

448 4773 516 4846 59
558 4790 572 4826 :
624 4773 943 4846 Horrescunt
992 4785 1185 4845 segetes
1225 4786 1272 4830 et
1325 4773 1513 4846 campi.
1567 4778 1647 4832 Ad
1698 4773 1995 4846 marginem

448 4844 583 4928 Reg:
615 4845 770 4928 pr‘ii'ni
808 4844 859 4896 in
894 4846 1106 4928 modum
1135 4846 1322 4902 scbolii
1344 4844 1582 4928 apposita
1611 4844 1857 4928 sunt_illa
1886 4864 1899 4899 :
1932 4847 1999 4928 1H

447 4913 627 4985 φρίξις
667 4913 878 4982 λέγεται
922 4916 955 4984 ἡ
1003 4914 1295 4981 ἀνάστασις
1359 4913 1453 4977 καὶ
1509 4919 1543 4989 ἡ
1596 4916 1865 4988 πυκνότης
1894 4916 2001 4970 τῶν

445 4982 754 5065 ἀσταχύωνο
789 4982 993 5039 Horror
1042 4986 1239 5040 dicitur
1278 4988 1499 5058 agitatio
1561 4996 1716 5056 atque
1771 4987 1998 5041 densitas

446 5070 731 5108 εριεατιιηι.

473 5073 824 5204 ξ’ἕᾷῗηέθς..
854 5122 1082 5204 quintus.
1122 5124 1255 5204 ὕψος
1308 5124 1653 5204 ἀνίστασθαι-.-
1680 5124 1796 5204 M_ox
1816 5124 1997 5204 reditio

448 5193 624 5248 Paris.
648 5194 741 5246 καὶ
770 5194 837 5247 τὰ
864 5194 1113 5248 ταπεινά·
1140 5193 1339 5260 πάντες
1363 5196 1450 5249 δέν·
1483 5198 1575 5250 sed
1604 5195 1750 5260 illud,
1784 5194 1851 5247 τὰ
1898 5212 1996 5249 τα-

450 5262 630 5327 πεινά,
657 5264 990 5318 desideratur
1020 5267 1070 5317 iu
1111 5267 1346 5320 editione
1380 5266 1539 5321 Basil.
1562 5266 1695 5327 etin
1726 5277 1847 5319 octo
1862 5280 1992 5321 mss.

449 5333 609 5412 Coisl.
651 5334 911 5412 vetustior
958 5334 1294 5412 πεῦκαι-*καὶ
1327 5337 1527 5412 πάντες
1568 5333 1625 5412 δὲ
1676 5332 1901 5404 θάμνοι·
1943 5345 1998 5389 at

453 5402 708 5473 particula
738 5402 833 5455 καί
861 5404 1011 5460 deest
1038 5406 1090 5459 in
1125 5406 1243 5461 aliis
1267 5421 1393 5460 mss.
1427 5402 1773 5473 Suspicamur
1819 5413 1994 5458 autem

455 5470 700 5552 illud,_ea
720 5473 968 5552 ταπεινά,
994 5475 1230 5552 additum
1261 5474 1424 5541 fuisse
1444 5470 1879 5552 _a_t§'pograpb_is,
1907 5486 1998 5552 aut

457 5554 486 5591 a
514 5540 807 5607 quibusvis,
851 5557 916 5599 eo
954 5546 1199 5611 consilio,
1242 5553 1302 5598 ut
1330 5540 1903 5612 antithesis'quiedam
1943 5545 1995 5597 in

456 5607 635 5682 Basilii
671 5612 847 5667 verbis
873 5616 1195 5681 reperiretur
1224 5634 1237 5669 :
1267 5615 1360 5669 sed
1391 5622 1671 5682 propterea
1705 5613 1995 5682 quidquam

456 5677 580 5748 addi
615 5693 835 5735 necesse
858 5677 965 5737 non
993 5682 1114 5748 fuit,
1144 5698 1265 5737 cum
1298 5677 1412 5739 sine
1442 5677 1881 5736 ulla-accessione
1907 5698 1995 5736 sa-

456 5746 525 5803 tis
549 5762 809 5820 superque
825 5746 1109 5825 conspicua
1130 5754 1197 5811 sit
1220 5754 1517 5809 antithesis.
1546 5750 1828 5823 Postquam
1852 5754 2026 5808 enims

2089 817 2318 885 peritur,
2349 817 2496 871 omni
2532 830 2652 871 cum
2677 816 2923 871 ubertate
2948 824 3074 870 tunc
3104 828 3264 883 supra
3282 823 3487 868 terram
3519 809 3653 865 emi-

2091 906 2271 962 cabat.
2310 904 2494 977 Neque
2533 906 2675 961 enim
2724 904 2909 960 infelix
2938 903 3078 960 ullus
3111 917 3407 961 successus.
3426 902 3492 956 iis
3520 914 3642 969 quae

2094 1006 2221 1051 tunc
2254 996 2710 1065 producebantur,
2745 1004 2863 1050 erat
2910 993 3369 1058 extimescendus,
3402 1005 3525 1046 cum
3554 1003 3653 1045 ne-

2093 1102 2197 1158 que
2225 1087 2580 1158 agricolarum
2600 1085 2891 1156 imperitia,
2917 1098 3093 1155 neque
3112 1084 3257 1139 aeris
3282 1079 3651 1149 intemperies,

2095 1192 2269 1247 neque
2301 1177 2404 1231 alia
2447 1176 2554 1233 ulla
2597 1191 2759 1232 causa
2799 1174 2962 1231 rebus
3011 1173 3360 1229 nascentibus
3411 1181 3650 1227 noceret.

2096 1268 2295 1324 Verum
2319 1270 2460 1323 enim
2485 1282 2614 1323 vero
2639 1267 3034 1322 damnatoriam
3063 1262 3322 1334 judicium
3353 1271 3465 1317 tum
3489 1261 3657 1330 impe-

2098 1361 2335 1415 dimento
2378 1376 2484 1414 non
2522 1368 2643 1414 erat
2680 1358 2889 1413 telluris
2935 1355 3228 1413 fertilitati.
3269 1353 3464 1410 lstbaec
3502 1353 3655 1409 enim

2100 1452 2404 1521 antiquiora
2435 1460 2559 1505 sunt
2586 1460 2825 1520 peccato,
2860 1449 3013 1518 cujus
3036 1447 3210 1516 gratia
3245 1445 3313 1502 ad
3338 1445 3442 1501 hoc
3468 1456 3654 1499 sumus

2098 1541 2360 1607 damnati,
2388 1550 2445 1595 ut
2467 1555 2659 1610 panem
2700 1541 2751 1595 in
2777 1541 2969 1595 sudore
2993 1540 3166 1595 nostri
3189 1535 3649 1595 vultuscomeda—

2099 1648 2219 1688 mus
2241 1632 2309 1688 ".

2170 1721 2226 1776 6.
2266 1722 2371 1777 Sed
2406 1721 2469 1776 Et
2499 1722 2694 1792 lignum
2716 1722 3068 1792 fructiferum,
3090 1719 3285 1790 inquit,
3322 1718 3519 1788 faciens
3539 1715 3655 1785 fru-

2101 1825 2260 1878 ctum,
2290 1812 2439 1882 cujus
2461 1830 2629 1867 semen
2647 1814 2757 1881 ejus
2781 1814 2847 1867 sit
2871 1815 2927 1867 in
2948 1814 3063 1882 ipso
3097 1811 3381 1868 secundum
3419 1824 3578 1880 genus
3606 1814 3655 1859 et

2101 1905 2383 1959 secundum
2416 1904 2815 1959 similitudinem
2862 1919 3018 1972 super
3065 1915 3257 1957 terram
3281 1902 3347 1962 ‘9.
3379 1900 3522 1958 Sane
3554 1900 3657 1954 hoc

2103 1999 2266 2053 verbo
2293 1997 2658 2053 densabantur
2682 2011 2901 2051 nemora
2927 1996 3103 2051 omnia
3122 2013 3137 2063 ;
3155 2006 3453 2063 omnesque
3478 2006 3657 2046 emer-

2102 2102 2223 2143 sere
2252 2088 2492 2151 arbores,
2520 2102 2637 2156 quaa
2674 2086 2882 2142 scilicet
2931 2089 2983 2140 in
3017 2085 3385 2156 longissimam
3416 2081 3658 2137 altitudi-

2104 2195 2225 2234 nem
2261 2193 2554 2247 exsurgere
2583 2177 2777 2239 solent.
2817 2177 3043 2242 abietes,
3090 2176 3259 2241 cedri,
3289 2173 3555 2246 cupressi,
3581 2174 3656 2242 pi-

2105 2284 2209 2323 cea:
2236 2284 2250 2321 :
2280 2270 2429 2334 item,
2460 2268 2682 2323 frutices
2709 2283 2898 2323 omnes
2932 2267 3081 2323 illico
3127 2267 3325 2323 comati
3379 2266 3577 2321 ﬁebant
3605 2272 3663 2318 et

2105 2359 2281 2414 densi.
2320 2358 2577 2414 Prodiere
2620 2360 2784 2414 etiam
2832 2359 3026 2429 plantae
3058 2374 3177 2429 quae
3212 2357 3461 2412 dicuntur
3498 2369 3659 2410 coro-

2104 2452 2291 2517 narire,
2328 2459 2528 2515 roseta,
2582 2452 2739 2521 myrti
2780 2462 2837 2505 et
2870 2450 3033 2504 lauri.
3097 2449 3290 2506 Omnia
3357 2462 3476 2517 quae
3512 2446 3662 2515 prius

2104 2558 2264 2612 super
2286 2552 2483 2597 terram
2518 2557 2624 2597 non
2660 2542 2967 2608 exstabant,
2999 2542 3053 2596 in
3090 2556 3195 2596 uno
3239 2541 3495 2609 temporis
3525 2552 3665 2607 pun-

2104 2645 2193 2691 eto
2237 2650 2301 2689 eo
2346 2636 2611 2689 devenere
2660 2642 2719 2687 ut
2756 2641 2959 2700 essent,
2991 2648 3112 2688 cum
3142 2647 3236 2687 sua
3271 2646 3494 2700 quaeque
3529 2644 3658 2698 pro-

2105 2726 2352 2796 prietate,
2390 2722 2838 2779 manifestissimis
2862 2723 3075 2793 quidem
3102 2720 3209 2793 45
3243 2720 3557 2777 differentiis
3592 2718 3660 2772 ab

2107 2816 2172 2871 iis
2205 2832 2323 2888 quas
2367 2814 2565 2869 diversi
2610 2815 2823 2883 generis
2870 2823 3016 2879 sunt,
3048 2814 3304 2875 discreta,
3334 2809 3541 2882 singula
3584 2819 3663 2864 ta-

2106 2924 2227 2964 men
2260 2908 2473 2979 proprio
2502 2908 2819 2962 charactere
2851 2906 3128 2977 insignita.
3161 2905 3358 2961 Verum
3388 2920 3507 2959 rosa
3535 2912 3663 2957 tunc

2105 3000 2223 3056 sine
2277 3000 2430 3069 spina
2464 3008 2599 3064 erat,
2660 3008 2842 3067 postea
2894 3012 3024 3055 vero
3068 2997 3218 3053 ﬂoris
3274 2994 3663 3065 pulchritudini

2107 3094 2205 3149 fuit
2228 3093 2376 3164 spina
2404 3090 2678 3161 adjuncta,
2709 3101 2764 3145 ut
2793 3090 3033 3146 fruenda:
3065 3088 3321 3159 voluptati
3347 3086 3486 3142 foret
3508 3085 3664 3139 dolor

2107 3187 2408 3257 contiguus,
2440 3186 2565 3241 dum
2618 3184 3027 3239 recordaremur
3068 3178 3295 3253 peccati,
3318 3178 3471 3248 cujus
3497 3191 3661 3232 causa

2106 3279 2170 3333 ad
2202 3278 2305 3333 hoc
2343 3278 2593 3331 damnata
2642 3286 2784 3329 terra
2817 3284 2921 3340 est,
2955 3283 3013 3328 ut
3053 3274 3207 3328 nobis
3241 3271 3427 3341 spinas
3455 3268 3661 3339 profer-

2103 3381 2185 3427 ret
2214 3380 2374 3439 atque
2406 3368 2630 3424 tribulos
2652 3368 2716 3421 ‘9.
2754 3368 2883 3432 Sed,
2916 3366 3185 3435 inquiunt,
3218 3363 3371 3431 jussa
3402 3371 3488 3417 est
3516 3370 3660 3413 terra

2103 3461 2398 3532 producere
2440 3458 2659 3529 Lignum
2690 3457 3043 3527 fructiferum,
3074 3453 3270 3522 faciens
3315 3452 3542 3520 fructum
3570 3464 3661 3503 su-

2100 3570 2192 3623 per
2227 3564 2441 3618 terram,
2474 3553 2624 3617 cuius
2668 3566 2839 3603 semen
2874 3550 2987 3617 ejus
3024 3548 3091 3600 sit
3125 3548 3180 3599 in
3209 3547 3360 3612 ipso;
3387 3552 3442 3598 et
3469 3552 3650 3596 tamen

2102 3643 2402 3713 complures
2438 3644 2662 3697 arbores
2702 3641 2995 3703 cernimus,
3035 3654 3207 3705 neque
3247 3634 3532 3699 fructibus,
3561 3648 3660 3686 ne-

2101 3750 2205 3805 que
2238 3734 2531 3788 seminibus
2574 3732 2844 3800 prmditas.
2873 3730 3010 3796 Quid
3038 3744 3165 3798 ergo
3196 3725 3389 3781 dicturi
3435 3722 3661 3778 sumus?

2104 3825 2257 3892 Quod
2286 3839 2372 3878 res
2399 3838 2518 3892 quae
2558 3831 2747 3874 natura
2797 3828 3073 3888 praestant,
3103 3815 3354 3887 primaria
3386 3814 3660 3869 mentione

2106 3918 2335 3988 dignatas
2362 3924 2525 3969 sunt:
2561 3912 2771 3977 deinde,
2802 3910 2942 3980 quod
2983 3917 3239 3963 accurate
3283 3902 3657 3961 consideranti

2105 4006 2387 4070 constabit,
2429 4014 2522 4060 aut
2565 4004 2742 4061 omnia
2792 4018 2974 4058 semen
3014 4000 3175 4066 ferre,
3207 4007 3299 4053 aut
3331 3997 3437 4051 vim
3470 4011 3657 4067 quam-

2105 4101 2226 4155 dam
2252 4097 2548 4153 seminibus
2571 4096 2829 4165 aequalem
2858 4094 3075 4149 habere.
3102 4090 3233 4146 Nam
3253 4089 3431 4161 populi
3466 4090 3653 4157 nigrm,

2110 4189 2327 4256 salices,
2355 4188 2505 4255 ulmi,
2528 4188 2659 4243 albae
2685 4186 2887 4257 populi,
2916 4195 2969 4241 et
3002 4184 3119 4241 alia
3150 4182 3387 4253 ejusdem
3420 4182 3655 4253 generis,

1143 4568 1544 4641 βρίθονταάτοῖς
1579 4569 1785 4641 ληίοις,
1802 4569 1999 4641 segeti-

2106 4565 2679 4641 locutusgest'Basilius
2707 4564 2774 4619 de
2810 4564 2934 4641 altis
2970 4562 3511 4641 arboribus,_'statim
3545 4561 3651 4641 -Ιοη

2105 4651 2286 4708 quitur
2308 4639 2373 4691 de
2398 4637 2592 4708 plantis
2624 4635 2943 4708 coronariis,
2990 4649 3214 4708 quarum
3243 4633 3509 4708 pleneque
3544 4631 3656 4684 fere

2105 4700 2301 4787 repunt
2349 4700 2528 4787 humi._
2569 4700 3197 4786 Animadvertaﬁvelim
3245 4700 3512 4787 'illudﬂra
3558 4717 3654 4754 τα-

2106 4771 2286 4853 πεινά,
2309 4776 2530 4853 ιιῇνειετὶ
2572 4776 2863 4853 interprete
2878 4774 3266 4853 “agnittunnon
3298 4771 3483 4853 fuisse.

2177 4848 2288 4916 (45)
2326 4845 2458 4915 Reg.
2488 4855 2672 4900 sextus
2694 4841 2987 4912 παρῆλθον.
3020 4842 3159 4896 Editi
3207 4857 3327 4896 cum
3358 4841 3475 4894 aliis
3522 4855 3649 4896 mss.

2106 4917 2369 5000 περῇλθε·
2402 4913 2965 5000 ιῖιεῖιιξθεὲίξιεξξςηῖέ
2990 4907 3126 5000 site
3164 4910 3651 5000 περιξθητὲιδέίξη

2105 4980 2382 5041 εόίἰίἐιιιιι
2417 4980 2588 5039 tribus
2617 4991 2708 5036 aut
2736 4990 2967 5051 quatuor
3000 4996 3127 5037 mss.
3161 4980 3513 5052 χαριζόμενά.
3544 4980 3650 5033 Re-

2103 5058 2176 5126 gii
2207 5057 2432 5124 primus,
2459 5055 2678 5124 quintus
2725 5062 2779 5107 et
2822 5062 3046 5107 octavus
3076 5066 3196 5107 cum
3236 5050 3388 5107 Colb.
3416 5050 3651 5106 secundo

2103 5125 2470 5190 χαριζόμενον.
3438 5188 3446 5190 _
3525 5187 3538 5190 _

2560 5191 2727 5213 11h---
2784 5190 3006 5213 0--..n.--
3036 5200 3106 5213 ---
3142 5190 3303 5213 D--:I2

2101 5144 2745 5314 xafiisiafmisﬁdaor.
2784 5190 3007 5245 Secutus
3031 5200 3111 5246 est
3142 5190 3397 5245 Basilium
3422 5187 3650 5241 Ambroa-

2101 5268 2213 5321 sius
2234 5266 2325 5319 lib.
2354 5281 2411 5319 ιιι
2447 5281 2499 5317 ιη
2573 5278 2802 5337 _eaaem._,
2840 5277 2956 5337 cap.
2984 5262 3066 5337 ll.
3099 5261 3240 5315 Idem
3280 5259 3649 5337 do‘cetatigu-

2100 5336 2275 5390 etinus
2320 5348 2531 5403 quoque
2572 5334 2663 5387 lib.
2700 5347 2715 5385 ι
2754 5326 2826 5384 De
2854 5326 3038 5384 Genesi
3080 5340 3268 5403 fontra
3308 5326 3645 5403 Manichcoms,

2103 5422 2221 5478 c_ap.
2272 5396 2355 5478 15:
2384 5396 2732 5478 Sedhpostea,
2778 5410 2830 5455 ut
2893 5409 3041 5478 notat
3080 5399 3341 5478 Ducatush
3368 5397 3459 5451 lib.
3482 5411 3541 5449 ιιι
3576 5396 3649 5478 De

2105 5469 2293 5559 Genesi
2366 5474 2434 5528 ad
2484 5473 2737 5537 litteram,
2791 5485 2910 5539 cap.
2968 5469 3054 5534 18,
3114 5469 3434 5525 sententiam
3477 5475 3650 5519 muta-

2104 5554 2284 5683 Ἢτ)
2318 5612 2466 5669 Colb.
2521 5611 2787 5667 secundus
2819 5607 2940 5683 οὔτε
3007 5608 3316 5683 σπέρμασιᾏ
3355 5605 3645 5683 Aliquanto

2100 5674 2223 5751 post
2264 5674 2417 5740 'idem
2481 5686 2649 5739 codex
2707 5696 2827 5735 cum
2890 5680 3022 5747 Reg.
3088 5674 3237 5735 sexto
3289 5676 3323 5747 ἢ
3374 5674 3650 5745 σπέρμασι

2101 5770 2251 5819 κεχρ.
