4082 6218
447 334 550 394 109

1584 334 1867 402 liOMlLiA
1906 334 1951 390 ν
1988 334 2058 398 ΙΝ
2096 334 2588 401 HEXAEMEBON.

3578 336 3682 393 H0

445 451 539 506 τοῦ
579 448 784 521 κόσμου
822 446 1122 520 μεριμνῶν,
1172 448 1230 509 αῖ
1276 446 1442 523 βάρος
1480 450 1588 504 eiul
1622 455 1742 515 ταῖς
1772 451 2019 524 καρδίαις

2127 455 2297 523 ipsam
2357 451 2529 508 exuit.
2572 449 2933 518 Quamobrem
2978 448 3070 520 qui
3117 462 3368 504 carneum
3416 461 3701 531 amorem,

446 541 622 614 ἡμῶν.
656 542 817 594 Ὥστε
840 541 868 593 ό
889 542 988 611 τὴν
1013 540 1276 612 σαρκίνην
1297 542 1520 614 ἀγάπην
1549 542 1902 615 ἀποθέμενος,
1925 544 2020 599 καὶ

446 637 545 708 τὴν
581 634 718 706 πρὸς
746 633 826 698 τὰ,
853 635 1111 706 χρήματα
1137 633 1339 703 φιλίαν,
1387 634 1422 706 ἢ
1453 635 1555 707 τὴν
1584 638 1712 708 περὶ
1738 637 1799 689 τὸ
1825 636 2022 709 δύστη-

446 744 543 792 νον,
565 725 811 799 δοξάριον
835 723 994 779 τοῦτο
1025 726 1251 797 πτόησιν
1285 726 1627 781 ἀπόπτυστον
1663 727 1758 782 καὶ
1789 728 2019 783 εὐκατα-

448 819 711 892 φρόνητον
740 818 1110 891 ἡγησάμενος,
1160 817 1346 892 ὥσπερ
1393 819 1605 889 ὲσκάφη
1636 820 1730 873 καὶ
1758 818 2020 872 ἀνέπνευ-

449 927 540 976 σεεν
583 911 1098 982 ἀποσκευασάμενος
1140 911 1202 964 τὸ
1245 912 1472 983 μάταιον
1502 911 1665 983 βάρος
1708 910 1801 966 τοῦ
1833 910 2020 980 γηίνου

448 1003 811 1074 φρονήματος.
844 1005 937 1067 Δεῖ
966 1004 1044 1070 δὲ,
1094 1002 1236 1057 κατά
1271 1005 1361 1057 τὸν
1389 1003 1545 1072 λόγον
1573 1003 1673 1072 τῆς
1704 1002 1998 1074 παροιμίας

451 1092 588 1175 μηδὲ
611 1092 917 1163 ὑλομανεῖν,
944 1092 1209 1159 τουτέστι,
1247 1093 1322 1164 μὴ
1345 1091 1722 1154 ἐπιδεικτικῶς
1736 1066 2024 1175 (ἦῐτεύε-

450 1185 594 1252 σθαι,
645 1184 776 1255 μηδὲ
834 1184 925 1237 τὸν
970 1183 1120 1255 παρὰ
1177 1182 1283 1237 τῶν
1344 1182 1540 1248 ἔξωθεν
1593 1182 1811 1238 ἔπαινον
1852 1181 2023 1252 θηρᾶ-

453 1274 575 1329 σθαι
605 1274 737 1345 (58),
763 1273 874 1327 ἀλλ’
898 1273 1176 1344 ἔγκαρπον
1216 1267 1377 1336 εἶναι,
1415 1272 1492 1344 τῷ
1519 1271 1757 1343 ἀληθινῷ
1792 1270 2022 1343 γεωργῷ

450 1369 550 1440 τὴν
601 1368 859 1435 ἐπίδειξιν
911 1367 1017 1420 τῶν
1058 1365 1233 1438 ἔργων
1284 1365 1691 1436 ταμιευόμενον.
1736 1365 1807 1417 Σὺ
1840 1363 1897 1416 δὲ
1928 1363 2023 1416 καὶ

462 1461 560 1528 Ὠς
591 1461 766 1516 ἐλαία
789 1459 1167 1528 κατάκαρπος
1194 1457 1304 1512 ἔσο
1328 1458 1399 1511 ἐν
1424 1455 1505 1522 τῷ
1535 1458 1680 1524 οἴκῳ
1705 1455 1811 1509 τοῦ
1852 1453 2020 1518 Θεοῦ,

454 1552 722 1629 μηδέποτε
772 1552 1143 1625 γυμνούμενος
1188 1550 1288 1622 τῆς
1335 1548 1569 1613 ἐλπίδος,
1608 1546 1721 1602 ἀλλ’
1769 1547 1856 1601 ἀεὶ
1894 1544 2022 1599 θάλ-

451 1645 647 1705 λουσαν
701 1645 840 1718 ἔχων
894 1645 1023 1717 περὶ
1077 1641 1297 1697 σεαυτὸν
1351 1641 1450 1712 τὴν
1507 1639 1596 1693 διὰ
1638 1638 1872 1701 πίστεως
1921 1653 2025 1689 σω-

451 1738 664 1810 τηρίαν.
726 1737 884 1791 Οὕτω
936 1737 1045 1807 γὰρ
1102 1735 1163 1789 τὸ
1226 1731 1471 1797 ἀειθαλὲς
1531 1729 1626 1784 τοῦ
1698 1728 1864 1800 φυτοῦ
1933 1745 2023 1799 μι-

2121 553 2218 599 aut
2270 559 2426 600 suum
2473 558 2604 614 erga
2637 542 2854 598 divitias
2899 542 3134 598 studium
3170 540 3436 610 deposuit,
3472 548 3564 594 aut
3589 539 3683 609 qui

2120 618 2336 691 miserae
2382 633 2543 701 hujus
2591 632 2830 704 gloriolae
2881 632 3159 689 libidinem
3203 630 3600 701 conspuendarn
3629 636 3686 683 et

2121 725 2516 797 aspernabilem
2554 724 2727 791 duxit,
2760 724 2809 778 is
2844 723 3011 800 veluti
3039 722 3286 778 defossus
3318 728 3422 787 est,
3458 734 3542 786 ac,
3576 727 3687 775 ter-

2125 832 2270 872 renae
2305 814 2606 871 aliectionis
2641 815 2788 870 inani
2829 814 3062 885 pondere
3093 827 3341 878 excusso,
3371 810 3681 881 respiravit.

2125 908 2347 977 Oportet
2380 915 2561 961 antem
2595 906 2891 962 secundum
2931 905 3202 975 proverbii
3256 903 3602 968 sententiam,
3626 909 3687 956 ut

2124 1015 2299 1069 neque
2338 1000 2711 1063 silvescamus,
2753 1000 2858 1052 hoc
2900 1006 3002 1064 est,
3047 996 3574 1064 minimejactanter
3598 991 3686 1048 de-

2122 1106 2338 1161 gamus,
2372 1105 2549 1160 neque
2587 1091 2654 1143 ah
2693 1088 2932 1144 externis
2966 1102 3295 1157 aucupentur
3325 1086 3557 1152 laudem,
3586 1083 3686 1140 sed

2122 1184 2293 1238 simus
2333 1181 2614 1247 fructuosi,
2659 1195 2893 1251 veroque
2944 1179 3191 1251 agricolae
3222 1178 3515 1246 specimina
3556 1190 3689 1247 ope-

2123 1288 2241 1327 rum
2272 1288 2638 1329 asservemus.
2668 1272 2747 1327 Tu
2776 1287 2908 1327 vero
2946 1270 3099 1326 Sicut
3122 1270 3260 1324 oliva
3297 1269 3573 1339 fructifera
3611 1267 3685 1322 sic

2122 1360 2176 1415 in
2203 1361 2355 1415 domo
2378 1359 2478 1414 Dei
2499 1361 2568 1424 ⁷⁸,
2589 1374 2687 1435 nec
2712 1374 2945 1428 unquam
2970 1373 3065 1429 spe
3084 1357 3394 1424 denuderis,
3424 1357 3518 1412 sed
3542 1369 3687 1411 sem-

2122 1468 2220 1525 per
2260 1453 2314 1507 in
2353 1453 2523 1523 teipso
2556 1452 2755 1506 habeas
2797 1449 3043 1508 ﬂoridam
3098 1449 3325 1504 salutem
3362 1461 3460 1516 per
3500 1444 3683 1501 ﬁdem.

2125 1542 2221 1611 Sic,
2244 1543 2389 1596 enim
2419 1541 2591 1610 hujus.
2610 1539 2805 1610 plantae
2845 1549 3157 1609 perpetuam
3188 1539 3498 1595 imitaturus
3523 1550 3583 1592 es
3606 1535 3688 1590 vi-

2124 1635 2433 1702 riditatem;
2487 1648 2551 1689 ac
2613 1632 2731 1702 eius
2783 1632 3168 1689 fecunditatem
3236 1629 3599 1692 mmulabere,
3639 1626 3689 1681 si

2129 1726 2458 1788 uberrimam
2489 1725 2635 1779 omni
2672 1732 2914 1792 tempore
2939 1722 3171 1792 largiare
3194 1722 3614 1791 eleemosynam.

456 1832 626 1905 μήσῃ,
664 1832 756 1885 καὶ
792 1831 853 1885 τὸ
897 1830 1245 1902 πολύκαρπον
1280 1828 1337 1881 δὲ
1374 1826 1538 1881 αὑτοῦ
1578 1824 1870 1897 ζηλώσεις,
1911 1820 2272 1893 ἄφθονοντὴντ
2290 1818 2655 1891 ἐλεημοσύνην
2684 1823 2741 1874 ἑν
2784 1819 2947 1874 παντὶ
2979 1816 3155 1890 καιρῷ
3193 1815 3580 1888 παρεχόμενος.

480 1910 484 1914 ³
525 1925 581 1984 7.
622 1926 759 1980 Ἀλλ’
782 1925 1158 1997 ἐπανέλθωμεν
1185 1923 1321 1995 πρὸς
1346 1921 1442 1993 τὴν
1468 1920 1695 1993 ἔρευναν
1717 1921 1824 1974 τῶν
1853 1935 2025 1989 τεχνι-

2202 1915 2257 1969 7.
2322 1913 2516 1970 Verum
2569 1914 2636 1968 ad
2687 1913 3005 1968 artiﬁciosas
3064 1911 3429 1968 ordinationes
3466 1905 3687 1979 perqui-

454 2018 568 2085 κῶν
597 2018 913 2085 διατάξεων.
947 2018 1097 2073 Πόσα
1128 2016 1245 2070 τότε
1282 2015 1411 2088 γένη
1446 2012 1626 2084 φυτῶν
1656 2012 2022 2085 ἑπανέδραμε,

455 2109 525 2175 τὰ
568 2108 667 2181 μὲν
716 2108 988 2180 ἔγκαρπα,
1031 2107 1100 2161 τὰ
1135 2106 1191 2160 δὲ
1236 2105 1495 2178 ἑρέψιμα,
1545 2103 1679 2158 ἄλλα
1719 2101 1855 2177 πρὸς
1898 2120 2026 2168 ναυ-

399 2253 405 2259 ,
454 2199 659 2270 πηγίαν
691 2199 989 2269 ἐπιτήδεια,
1040 2196 1175 2251 ἄλλα
1227 2195 1363 2266 πρὸς
1410 2192 1632 2248 καῦσινί
1685 2193 1775 2259 Ἐν
1815 2192 2026 2259 τούτοις

454 2289 617 2357 πάλιν
685 2289 904 2362 ποικίλη
969 2288 1067 2359 μὲν
1119 2289 1178 2341 ἑν
1244 2287 1458 2358 ἑκάστῳ
1530 2285 1731 2358 δένδρῳ
1817 2285 1851 2355 ἡ
1917 2283 2027 2337 τῶν

455 2381 636 2462 μερῶν
702 2380 865 2435 αὐτοῦ
921 2379 1299 2449 διακόσμησις,
1355 2378 1672 2448 δυσέφικτος
1721 2377 1778 2441 δὲ
1840 2378 1935 2430 καί⁹
1988 2378 2023 2449 ἡ

453 2471 729 2544 ἑξεύρεσις
766 2473 867 2544 τῆς
907 2473 1136 2527 ἑκάστου
1180 2471 1458 2543 ἰδιότητος,
1484 2470 1591 2540 καὶ,
1618 2470 1652 2540 ἡ
1692 2468 1895 2543 θεωρία
1920 2468 2024 2539 τῆς

456 2564 590 2636 πρὸς
633 2564 861 2618 ἑκαστον
906 2563 1014 2617 τῶν
1065 2561 1391 2634 ἑτερογενῶν
1445 2561 1724 2633 διαφορᾶς.
1780 2560 1905 2624 Πῶς
1954 2561 2024 2615 τὰ

459 2657 557 2734 μὲν
582 2655 759 2710 αὐτῶν
794 2655 1112 2727 βαθύρριζα,
1142 2653 1212 2708 τὰ
1242 2655 1297 2709 δὲ
1327 2654 1627 2726 ἀκρόρῤιζα
1651 2669 1667 2685 ο
1704 2653 1798 2708 καὶ
1825 2652 1895 2707 τά
1926 2653 2025 2725 μὲν

456 2747 697 2819 ὀρθοφυῆ
753 2748 848 2803 καὶ
905 2746 1292 2818 μονοστέλεχα,
1346 2746 1415 2800 τὰ
1457 2746 1514 2799 δὲ
1564 2743 1878 2817 χαμαίζηλα
1931 2745 2026 2800 καὶ

456 2840 618 2904 εὐθὺς
654 2838 762 2893 ἀπὸ
799 2839 897 2911 τῆς
937 2837 1090 2912 ῥίζης
1128 2840 1208 2902 είς
1244 2837 1443 2902 πολλὰς
1480 2836 1735 2907 ἑκφύσεις
1764 2836 2027 2910 διῃρημέ-

457 2949 543 2989 να.
610 2930 734 2995 Πῶς
776 2931 915 2985 ὅσων
969 2930 1068 3002 μὲν
1095 2929 1213 3001 (59)
1240 2930 1305 2983 oi.
1341 2928 1523 2984 κλάδοι
1570 2929 1876 3000 προμήκεις
1930 2927 2026 2982 ἐπὶ

336 3045 346 3056 ·
458 3024 592 3078 πολὺ
634 3023 728 3078 τοῦ
764 3024 924 3095 ἀέρος
962 3023 1346 3094 ἐκτεταμένοι,
1390 3021 1595 3084 τούτων
1632 3021 1725 3077 καὶ
1774 3021 1831 3075 αἱ
1881 3019 2025 3092 ῥίζαι

459 3119 690 3195 βαθεῖαι,
737 3118 828 3171 ἐπὶ
870 3117 1118 3171 πλεῖστον
1158 3118 1216 3170 ἑν
1264 3113 1449 3185 κύκλῳ
1481 3113 1887 3184 διανεμόμεναι,
1914 3106 2026 3165 οἷον

456 3207 736 3278 θεμελίους
763 3207 913 3271 τινὰς
944 3205 1335 3276 ὰναλογοῧντας
1369 3204 1446 3277 τῷ
1478 3204 1635 3276 βάρει
1677 3203 1782 3257 τῶν
1821 3203 2024 3258 ἄνωθεν

458 3298 902 3371 ύποτιθείσηςτῆς
917 3299 1148 3370 φύσεως.
1162 3299 1331 3351 Πόσαι
1347 3296 1455 3350 τῶν
1467 3296 1662 3365 φλοιῶν
1673 3297 1729 3349 ai
1744 3294 1991 3367 διαφοραί
2008 3298 2020 3349 !

458 3389 538 3442 Τὰ
573 3391 669 3461 μὲν
695 3389 802 3461 γὰρ
833 3389 1107 3459 λειόφλοια
1131 3388 1238 3443 τῶν
1272 3386 1475 3458 φυτῶν,
1520 3386 1587 3441 τὰ
1626 3388 1682 3441 δὲ
1711 3386 2024 3459 ρηξίφλοιαο

459 3481 552 3547 καὶ
586 3480 654 3534 τὰ
689 3479 786 3551 μὲν
814 3481 1083 3552 μονόλοπα
1112 3479 1312 3549 αρτῶν,
1333 3477 1404 3533 τὰ
1429 3478 1485 3532 δὲ
1514 3477 1844 3549 πολύπτυχα.
1882 3479 1946 3532 Ὃ
1968 3477 2027 3530 δὲ

461 3572 792 3644 θαυμαστὸν,
835 3573 916 3626 ὅτι
960 3574 1054 3627 καὶ
1099 3572 1199 3644 τῆς
1245 3571 1592 3643 ἀνθρωπίνης
1642 3572 1889 3642 νεότητος
1932 3572 2028 3624 κα)⁸

459 3662 554 3730 τοῦ
578 3664 763 3736 γήρως
790 3663 969 3737 εὕροις
994 3665 1059 3730 ἂν
1090 3666 1181 3727 καί
1208 3666 1265 3719 ἐν
1308 3667 1420 3729 τοῖς
1456 3666 1638 3736 φυτοῖς
1673 3663 2029 3735 παραπλήσια

459 3756 528 3810 τὰ
561 3754 959 3827 συμπτώματα.
1008 3757 1131 3820 Τοῖς
1179 3755 1276 3827 μὲν
1306 3756 1415 3832 γὰρ
1448 3757 1589 3822 νέοις
1620 3756 1714 3810 καὶ
1744 3744 2027 3809 εὐθαλέσιν

457 3848 700 3919 amate;
730 3847 1076 3919 περιτέταται
1100 3847 1243 3917 (60)·
1285 3851 1394 3910 τοῖς
1437 3848 1492 3902 δὲ
1521 3849 1886 3920 γηράσκουσιν
1917 3841 2028 3901 οἷον

461 3939 752 4010 ῥυσσοῢται
792 3941 884 3994 καὶ
929 3940 1339 4010 ἐκτραχύνεται.
1374 3940 1484 3993 Καὶ
1523 3940 1592 3993 τὰ
1651 3940 1750 4010 μὲν
1792 3938 2029 3992 κοπέντα

459 4028 839 4083 ἑπιὸλαστάνει
860 4048 872 4059 ·
902 4029 971 4082 τὰ
996 4030 1051 4083 δὲ
1078 4029 1229 4101 μένει
1254 4028 1525 4099 ἀδιάδοχα,
1554 4028 1742 4100 ὥσπερ
1770 4029 1891 4083 τινὰ
1929 4028 2028 4082 θά-

459 4138 617 4181 νατον
647 4122 746 4194 τὴν
775 4121 945 4194 τομὴν
974 4120 1356 4193 ὑπομείναντα.
1386 4120 1523 4192 Ἤδη
1548 4121 1604 4175 δέ
1624 4138 1769 4186 τινες
1791 4122 2028 4194 τετηρή-

464 4230 617 4267 κασιν
666 4214 1064 4284 ἑκτεμνομὲνας
1110 4212 1279 4284 ἧκα).
1311 4212 1700 4283 ἑπικαιομένας
1740 4211 1837 4276 τὰς
1871 4212 2029 4276 πίτ-υς

464 4306 544 4370 είς
574 4306 862 4378 δρυμῶνας
903 4306 1279 4378 μεθίστασθαι.
1314 4306 1450 4360 Τινὰ
1488 4305 1545 4358 δὲ
1597 4306 1690 4359 καὶ
1715 4306 1813 4376 τὴν
1838 4307 1901 4357 ἑκ
1931 4305 2030 4374 φύ-

467 4413 605 4461 σεως
658 4401 853 4451 κακίαν
907 4399 1243 4469 ἐπιμελείαις
1297 4398 1559 4469 γεωργῶν
1617 4396 2045 4471 θεραπευόμενα⁸

465 4488 707 4560 ἔγνωμεν
725 4505 739 4519 ’
775 4484 885 4543 οἷον
912 4490 1009 4552 τὰς
1039 4489 1217 4554 ὀξείας
1251 4488 1423 4559 ῥοιὰς,
1453 4487 1546 4542 καὶ
1570 4487 1677 4541 τῶν
1706 4487 2030 4559 ἀμυγδαλῶν

2124 2004 2346 2063 rendus.
2402 2004 2709 2060 redeamus.
2784 2001 2925 2070 Quot
2984 2011 3113 2057 tunc
3167 2002 3422 2056 arborum
3489 2010 3690 2068 genera

2122 2111 2420 2164 emersere,
2473 2096 2579 2150 alia
2631 2095 2844 2165 quidem
2885 2093 3183 2165 frugifera,
3236 2093 3340 2147 alia
3383 2104 3515 2145 vero
3560 2102 3693 2144 con-

2122 2188 2397 2244 struendis
2445 2188 2603 2243 tectis
2650 2186 2867 2251 idonea,
2898 2186 3013 2241 lure
3037 2184 3104 2240 ad
3147 2183 3492 2239 fabricandas
3524 2193 3691 2235 naves

2123 2286 2247 2347 apta
2275 2315 2291 2342 ,
2322 2276 2410 2331 illa
2446 2276 2513 2331 ad
2549 2276 2937 2338 cremationem
2981 2274 3283 2330 destinata!
3332 2270 3391 2326 In
3436 2271 3522 2326 his
3570 2284 3690 2324 rur-

2124 2381 2219 2422 sus
2254 2366 2403 2421 varia
2453 2374 2541 2422 est
2580 2367 2821 2436 partium
2852 2366 3275 2437 uniuscujusque
3313 2362 3525 2418 arboris
3575 2359 3693 2415 dis-

2123 2457 2322 2527 positio
2374 2476 2388 2513 :
2440 2458 2773 2526 singularum
2823 2467 3005 2515 autem
3067 2459 3321 2513 arborum
3383 2453 3694 2526 proprietas

2121 2535 2211 2601 vix
2259 2548 2562 2616 invenitur;
2597 2556 2654 2603 et
2690 2564 2876 2604 earum
2917 2564 3038 2620 qua
3063 2548 3262 2605 diversi
3291 2546 3509 2618 generis
3538 2556 3690 2609 sunt,

2124 2638 2417 2694 discrimen
2457 2640 2547 2693 vix
2599 2639 3073 2695 animadvertitur.
3112 2638 3394 2701 Quomodo
3439 2638 3558 2692 aliae
3600 2653 3691 2690 ar-

2122 2731 2286 2786 bores
2334 2730 2389 2785 in
2436 2730 2759 2801 profundum
2815 2738 2976 2802 agant
3022 2731 3256 2799 radices,
3305 2732 3423 2786 aliae
3471 2731 3689 2785 easdem

2124 2822 2178 2877 in
2209 2823 2493 2893 superﬁcie
2524 2823 2787 2879 habeant:
2817 2825 2903 2879 ha:
2945 2832 3110 2879 rectae
3139 2831 3446 2893 assurgant,
3474 2822 3691 2889 sintque

2125 2914 2452 2984 unislirpes,
2498 2914 2605 2970 illae
2647 2913 3023 2984 deprimantur
3058 2912 3247 2978 humi,
3296 2919 3458 2982 atque
3503 2910 3689 2965 statim

2127 3021 2158 3062 a
2200 3007 2386 3063 radice
2431 3006 2485 3061 in
2521 3006 2702 3076 plures
2748 3005 3000 3063 caudices
3040 3004 3364 3060 dividantur.
3411 3001 3689 3070 Quomodo

2125 3111 2355 3167 quarum
2389 3096 2523 3150 rami
2553 3096 2750 3166 prolixi
2785 3102 2944 3160 sunt,
2989 3109 3052 3149 ac
3094 3095 3147 3148 in
3179 3108 3361 3149 aerem
3391 3091 3546 3146 valde
3587 3105 3686 3145 ex-

2128 3184 2508 3256 passi,barum
2558 3186 2721 3240 etiam
2757 3184 3036 3254 profundae
3067 3184 3177 3238 sint
3220 3183 3453 3247 radices,
3495 3187 3551 3235 et
3598 3178 3681 3232 la-

2129 3278 2335 3332 tissime
2364 3277 2415 3330 in
2449 3276 2634 3331 orbem
2677 3276 2978 3330 distributa:
3004 3293 3019 3330 :
3050 3273 3272 3344 perinde
3300 3272 3452 3342 quasi
3495 3269 3686 3327 funda-

2127 3377 2308 3422 menta
2342 3367 2586 3436 quaedam
2630 3366 2781 3421 oneri
2816 3364 3243 3436 impendentium
3285 3363 3690 3419 accommodata

2126 3458 2447 3530 subiecisset
2484 3468 2697 3514 natura.
2723 3459 2865 3525 Quot
2890 3458 3152 3513 corticum
3183 3465 3309 3512 sunt
3338 3453 3684 3511 discrimina!

2127 3550 2263 3606 Nam
2293 3549 2414 3605 aliis
2451 3549 2733 3605 arboribus
2771 3548 2927 3615 levis,
2971 3548 3092 3603 aliis
3129 3547 3319 3603 scaber
3347 3554 3429 3603 est
3461 3555 3686 3601 cortex:

2127 3642 2246 3696 aliae
2290 3640 2471 3709 unico,
2518 3639 2633 3694 aliae
2676 3638 2957 3708 multiplici
2990 3647 3240 3709 teguntur
3269 3637 3492 3692 cortice.
3536 3634 3690 3702 Quod

2128 3747 2254 3787 vero
2289 3731 2593 3786 mirandum
2626 3740 2743 3797 est,
2783 3745 2848 3785 ea
2882 3743 3001 3800 qua:
3049 3728 3247 3799 plantis
3296 3727 3580 3792 accidunt,
3626 3738 3690 3781 ea

2126 3825 2429 3895 comperias
2467 3823 2625 3879 modo
2668 3823 2811 3878 haud
2853 3821 3059 3892 dispari
3094 3819 3365 3893 juventuti
3409 3818 3687 3873 hominum

2128 3951 2192 3992 ac
2223 3934 2487 3993 senectuti
2530 3934 2803 3991 accidere.
2847 3935 3133 3990 Enimvero
3162 3933 3389 3990 novellis
3416 3947 3479 3988 ac
3504 3933 3690 4003 vigen-

2131 4028 2271 4082 tibus
2324 4035 2518 4083 cortex
2570 4027 2775 4081 circum
2834 4026 3187 4081 extenditur:
3232 4026 3326 4082 ubi
3375 4024 3688 4090 senuerint,

2128 4119 2283 4189 quasi
2334 4134 2563 4190 rugosus
2605 4127 2660 4175 et
2690 4133 2850 4186 asper
2886 4118 3085 4174 evadit.
3134 4118 3199 4173 Et
3227 4114 3348 4174 alite
3381 4117 3691 4189 germinant

2128 4206 2255 4265 licet.
2277 4207 2460 4264 incisa:
2487 4226 2503 4262 :
2529 4208 2652 4264 alia;
2679 4220 2857 4265 autem
2886 4209 3021 4263 citra
3055 4210 3452 4265 successionem
3482 4218 3539 4265 et
3572 4223 3694 4279 pro-

2127 4300 2389 4371 paginem
2435 4309 2748 4369 remanent,
2790 4314 3054 4356 caesuram
3087 4301 3312 4372 perinde
3361 4308 3421 4355 ut
3460 4310 3692 4356 mortem

2129 4390 2420 4460 quamdam
2468 4406 2754 4461 perpessae.
2794 4391 2912 4446 Jam
2955 4406 3084 4446 vero
3107 4392 3381 4458 .succisas,
3411 4399 3505 4445 aut
3530 4393 3690 4447 etiam

2129 4481 2438 4537 combustae
2478 4484 2637 4552 pinus
2665 4483 2882 4551 quidam
2931 4481 3291 4537 observarunt
3333 4482 3387 4536 in
3435 4491 3691 4551 querceta

466 4580 566 4645 τὰς
595 4580 942 4653 πικροτέρας,
975 4581 1100 4634 ὅταν
1129 4580 1498 4653 διατρηθεῖσαι
1538 4578 1599 4633 τὸ
1644 4578 1781 4650 πρὸς
1805 4582 1871 4651 τῇ
1906 4579 2025 4652 ῥίζῃ

2136 4574 2292 4629 verti.
2336 4573 2506 4630 Porro
2544 4574 2812 4628 naturalia
2864 4574 3223 4643 quarumdam
3259 4574 3513 4627 arborum
3557 4571 3691 4627 vitia

469 4671 716 4745 στέλεχος
737 4672 913 4741 σφῆνα
946 4672 1153 4744 πεύκης
1183 4671 1292 4742 (61)
1332 4670 1557 4743 λιπαρὸν
1592 4670 1692 4741 τῆς
1714 4670 2033 4744 ἐντεριώνης

469 4764 643 4837 μέσης
670 4762 980 4817 διελαθέντα
1005 4762 1279 4828 δέξωνται,
1307 4763 1388 4826 είς
1410 4763 1736 4834 εὐχρηστίαν
1762 4761 2031 4833 μεταϐάλ-

465 4856 617 4914 λουσι
647 4853 768 4907 τότε
794 4852 888 4907 τοῦ
921 4852 1093 4924 χυμοῦ
1126 4852 1224 4922 τὴν
1255 4851 1587 4922 δυσχέρειαν.
1615 4852 1821 4922 Μηδεὶς
1849 4847 1940 4905 οὖν
1972 4852 2030 4904 ἑν

464 4946 634 5017 κακίᾳ
655 4945 876 5014 διάγων,
907 4944 1096 4999 ἑαυτὸν
1124 4945 1565 5015 ἀπογινωσκέτω,
1590 4945 1744 5009 εἰδὼς
1767 4946 1849 5000 ὅτι
1867 4955 2033 5016 γεωρ-

463 5038 560 5106 γία
577 5038 687 5107 (62)
707 5037 806 5109 μὲν
820 5036 918 5101 τὰς
938 5037 1046 5090 τῶν
1065 5035 1245 5106 φπῶν
1263 5037 1547 5110 ποιότητας
1565 5038 1906 5107 μεταϐάλλει,
1922 5041 1955 5109 ἡ
1974 5038 2030 5093 δὲ

570 5198 619 5230 τ’
641 5195 786 5251 Psal.
815 5211 888 5261 LI,
915 5196 999 5251 i0.

630 5334 824 5416 )Qolh.
847 5339 1117 5397 secundus
1144 5341 1363 5416 ἔπαινον
1392 5342 1646 5416 θηράσαι.

559 5334 649 5405 58)
671 5334 824 5392 Colh.
847 5339 1117 5397 secundus
1144 5341 1363 5409 ἔπαινον
1392 5342 1646 5416 θηρᾶσαι.

535 5344 1044 5526 Ξῗθζηὲἓειυυτ
1085 5426 1218 5469 mss.
1260 5415 1421 5469 Deest
1454 5414 1553 5485 μέν
1597 5416 1654 5471 in
1691 5414 1852 5471 editis
1883 5414 2032 5471 et.in

468 5472 906 5534 Colhrsecundo.

563 5544 652 5623 (ξθ)
692 5547 765 5623 ita
787 5561 881 5601 sex
905 5563 1032 5607 mss.
1053 5549 1193 5623 Edjti
1217 5552 1609 5623 παρατέταται,
1632 5570 1736 5610 non
1759 5555 1830 5609 ita
1862 5564 2031 5611 recte.

568 5614 656 5696 (ξι)
687 5616 876 5696 ’τοταν
1024 5614 1230 5696 σφῇνα
1255 5614 1506 5696 πεύκης,
1532 5614 1639 5684 etc.
1675 5625 1827 5696 Hunc
1858 5625 2031 5680 locum

470 5683 809 5759 pauloaliter
831 5683 1550 5759 erprimiiAtnbrosius'l'ib.
1583 5683 1642 5751 ut
1671 5694 1724 5748 in
1750 5695 2031 5758 ﬂexaem.,

471 5754 592 5824 cap.
624 5754 710 5825 i3,
747 5754 1030 5815 num.'56:
1071 5754 1653 5838 Aniygdalis'quoquc,
1696 5754 1898 5835 inquit,
1938 5754 2033 5825 hoc

2138 4666 2495 4737 agricolarum
2527 4666 2805 4738 diligentia
2849 4666 3028 4721 curari
3075 4663 3688 4734 novimus;.cujusmodi

2131 4767 2260 4814 sunt
2289 4759 2414 4814 mali
2448 4759 2656 4828 punicae.
2696 4757 2888 4825 acidae,
2931 4766 2985 4813 et
3030 4758 3688 4830 amygdalreamariores,

2130 4866 2271 4920 quae,
2314 4850 2403 4906 ubi
2463 4851 2743 4920 perforato
2784 4852 2853 4906 ad
2914 4850 3150 4906 radicem
3198 4860 3393 4907 trunco
3430 4852 3690 4923 pinguem

2131 4944 2296 5011 picea:
2353 4958 2584 5000 cuneum
2640 4958 2738 5014 per
2798 4943 3032 4999 mediam
3092 4943 3382 5001 medullam
3441 4944 3692 4999 adactum

2133 5036 2498 5107 susceperint,
2544 5045 2674 5094 tunc
2701 5038 2847 5097 succi
2876 5037 2985 5111 47
3001 5038 3356 5095 acerbitatem
3399 5036 3455 5092 in
3490 5038 3697 5095 bonum

2138 5361 2321 5417 genere
2365 5346 2619 5401 medicari

2129 5411 2307 5471 dulces
2336 5417 2466 5484 ﬁant
2493 5411 2718 5487 fructui,
2746 5425 2804 5470 ut
2836 5427 2885 5471 et
2916 5411 3313 5487 tercbrent‘ejus
3341 5411 3573 5487 radicem
3600 5426 3697 5487 a_r-

2130 5488 2291 5549 boris,
2318 5481 2366 5540 et
2401 5487 2457 5540 in
2485 5481 2712 5540 medium
2749 5488 2981 5541 inserant
3013 5481 3283 5539 surculum
3316 5481 3429 5549 ejus
3464 5481 3691 5545 arboris,

2127 5572 2285 5624 quant
2313 5554 2483 5610 (ἓνωεὶ
2510 5554 2739 5626 πεύκην,
2771 5572 2863 5610 nos
2898 5557 3099 5625 piceam
3127 5553 3350 5606 dicimus
3373 5564 3394 5603 :
3422 5565 3522 5622 quo
3553 5550 3694 5621 facta

2129 5627 2271 5679 succi
2300 5625 2596 5679 amaritudo
2626 5625 2920 5693 deponitur.

2203 5694 2316 5767 (62)
2356 5692 2491 5767 Reg.
2521 5692 2761 5767 quintus,
2788 5697 2816 5750 ὁ
2840 5694 3102 5767 γεωργός,
3136 5697 3388 5766 agricola.

2674 5346 2917 5415 feruntur
2960 5344 3246 5416 agricola,
3286 5350 3345 5396 ut
3389 5356 3459 5416 ea;
3496 5341 3696 5397 amatis
