4082 6218
424 347 518 400 ΐΗ

1757 344 1815 399 S.
1859 343 1940 398 BA
1952 344 2103 400 SILI!
2141 343 2358 400 MAGNI

3553 338 3666 394 ΗΞ

419 473 576 515 usum
611 465 988 512 transmutaut.
1021 455 1191 510 Nemo
1221 457 1386 528 igitur
1411 458 1468 511 in
1491 459 1623 513 vitio
1657 459 1881 530 degens,
1911 461 1978 516 de

2101 462 2200 513 ιατ*
2232 461 2430 531 ἀρετὴν
2462 458 2559 529 τῆς
2607 455 2783 526 ψυχῆς
2812 453 3096 524 ἐπιμέλεια
3137 453 3334 534 δυνατῇ
3370 457 3483 508 ἐστι
3518 474 3631 511 παν

418 567 479 608 se
515 552 632 621 ipse
665 552 911 620 desperet
941 563 956 602 :
989 550 1134 603 haud
1182 551 1418 614 nescius,
1453 552 1763 621 plantarum
1797 554 1979 624 quali-

417 650 562 696 tates
596 652 654 696 ut
709 640 1036 710 agricultura
1081 644 1401 695 commutari
1448 661 1460 696 :
1511 644 1586 697 ita
1638 645 1804 699 animi
1854 645 1982 699 dili-

417 735 622 804 gentia,
659 746 777 801 quae
807 734 858 786 in
888 734 1267 800 consequenda
1307 734 1504 788 virtute
1538 735 1840 790 adhibenda
1877 743 1981 800 est,

415 825 763 880 inﬁrmitates
788 840 978 881 omnes
1000 828 1244 896 superari
1281 841 1457 894 posse.
1481 827 1550 881 At
1579 842 1707 882 vero
1733 836 1878 882 tanta
1903 837 1985 882 est

417 915 797 985 frugiferarum
842 918 1095 972 arborum
1143 919 1198 971 in
1249 919 1472 971 edendis
1523 919 1785 973 fructibus
1829 916 1983 972 diﬁ‘e-

417 1010 613 1075 rentia,
644 1019 702 1063 ut
737 1024 806 1065 ne
850 1011 1021 1078 possit
1052 1010 1266 1079 quidem
1315 1011 1600 1080 quisquam
1641 1026 1758 1064 eam
1802 1011 1984 1065 verbis

419 1100 713 1170 explicare.
770 1101 886 1156 Non
933 1101 1079 1154 enim
1122 1101 1297 1155 solum
1345 1103 1399 1154 in
1451 1101 1736 1156 arboribus
1787 1115 1984 1172 genere

354 1222 358 1225 -
417 1191 650 1246 diversis
682 1192 970 1246 diversitas
999 1192 1270 1258 reperitur
1311 1188 1578 1245 fructuum
1608 1207 1622 1244 :
1660 1191 1752 1265 sed
1783 1193 1835 1246 in
1870 1191 1984 1258 ipsa

421 1284 587 1337 etiam
643 1283 854 1337 arboris
921 1284 1101 1351 specie
1169 1283 1394 1336 multum
1471 1291 1554 1335 est
1621 1283 1982 1346 discriminis;

423 1375 862 1443 quandoquidem
896 1375 1000 1427 alia
1040 1376 1091 1428 in
1125 1376 1378 1442 marium,
1421 1373 1522 1428 alia
1564 1375 1615 1428 in
1661 1375 1982 1428 feminarum

424 1465 603 1520 fructu
647 1477 774 1521 nota
804 1468 1054 1521 distincta
1086 1479 1166 1521 est
1200 1483 1227 1520 a
1261 1468 1509 1536 stirpium
1551 1467 1866 1528 cultoribus,
1895 1467 1986 1538 qui

423 1557 635 1612 scilicet
655 1559 865 1628 palmas
893 1560 1053 1612 etiam
1087 1559 1140 1612 in
1172 1574 1348 1614 mares
1370 1573 1433 1613 ac
1465 1557 1696 1612 feminas
1723 1559 1983 1612 dividant.

421 1649 600 1716 Atque
647 1649 934 1719 aliquando
958 1651 1142 1704 videas
1188 1665 1304 1703 eam
1351 1664 1472 1718 quae
1499 1650 1566 1703 ah
1615 1649 1744 1718 ipsis
1787 1648 1986 1704 femina

423 1749 790 1808 nuncupatur,
846 1739 1219 1794 demittentem
1277 1754 1492 1804 ramos,
1550 1739 1694 1793 velut
1762 1739 1986 1793 libidine

2087 552 2334 606 τοδαπῶν
2382 550 2829 622 ἀρρωστημάτων
2879 547 3264 619 ἐπικρατῆσαι,
3325 547 3389 599 Ἠ
3431 547 3488 599 δὲ
3527 549 3664 620 περὶ

2085 643 2184 705 τάς
2212 640 2580 713 καρπογονίας
2613 635 2845 710 διαφορά
2873 636 2982 690 τῶν
3017 636 3309 707 καρπίμων
3333 636 3515 706 φυτῶν
3537 655 3666 690 τοσ-

2085 733 2247 804 αύτη,
2281 735 2412 804 ὃσην
2444 731 2553 785 οὐδ’
2600 730 2666 784 ἂν
2695 729 2942 784 ἐπελθεῖν
2979 747 3064 793 τις
3094 728 3347 800 δυνηθείη
3389 730 3465 800 τῷ
3494 729 3660 801 λόγῳ.

2085 828 2158 880 Οὐ
2186 827 2294 898 γὰρ
2331 825 2490 898 μόνον
2535 826 2592 878 ἐν
2637 826 2748 886 τοῖς
2777 821 3146 894 ἑτερογενέσιν
3175 823 3232 875 αί
3275 823 3526 894 διαφοραὶ
3550 824 3665 877 τῶν

2086 917 2333 989 καρπῶν,
2381 917 2496 970 ἀλλ’
2541 915 2640 987 ήδη
2692 915 2787 968 καὶ
2829 917 2886 966 ἐν
2933 913 3081 985 αὐτῷ
3125 913 3203 984 τῷ
3247 913 3510 984 εῖδει(65)
3562 915 3662 968 τοῦ

2084 1008 2298 1078 δένδρου
2326 1009 2460 1061 πολὺ
2494 1009 2552 1062 τὸ
2579 1008 2830 1078 διάφορον
2850 1023 2864 1036 ο
2895 1006 3091 1075 ὃπουγε
3118 1007 3210 1059 καὶ
3237 1006 3347 1076 (64)
3375 1006 3529 1070 ἄλλος
3558 1007 3661 1078 μὲν

2086 1100 2370 1172 χαρακτὴρ
2401 1099 2495 1153 τοῦ
2546 1097 2760 1170 καρποῦ
2806 1097 2915 1150 τῶν
2962 1098 3224 1169 ἀρρένων,
3265 1097 3422 1160 ἄλλος
3463 1098 3518 1150 δὲ
3548 1098 3661 1150 τῶν

2088 1191 2338 1262 θηλειῶν,
2394 1191 2544 1263 παρά
2585 1191 2694 1244 τῶν
2739 1191 3055 1262 φυτουργῶν
3095 1190 3452 1260 διακέκριται,
3501 1190 3552 1242 οἵ
3591 1206 3659 1257 γε

2088 1284 2182 1336 καὶ
2211 1285 2338 1347 τοὺς
2368 1283 2616 1352 φοίνικας
2644 1283 2723 1345 είς
2756 1281 2990 1352 ἄρρενας
3026 1281 3118 1335 καὶ
3151 1281 3366 1353 θηλείας
3395 1280 3656 1334 διιστῶσι.

2087 1374 2197 1427 Καὶ
2231 1373 2360 1437 ἴδοις
2389 1375 2453 1428 ἀν
2481 1390 2610 1426 ποτε
2639 1373 2736 1444 τὴν
2766 1373 2896 1444 παρ’
2927 1371 3108 1426 αὐτῶν
3132 1369 3532 1441 ὀνομαζομένην
3557 1369 3660 1439 θή-

2087 1466 2232 1521 λειαν
2265 1465 2542 1520 καθιεῖσαν
2568 1466 2694 1528 τοὺς
2727 1465 2974 1528 κλάδους,
3001 1459 3109 1517 οἷον
3139 1463 3411 1535 ὀργῶσαν,
3439 1463 3529 1516 καί
3558 1462 3661 1532 τῆς

2090 1557 2406 1628 συμπλοκῆς
2439 1553 2736 1627 ἐφιεμένην
2775 1555 2870 1608 τοῦ
2899 1555 3145 1626 ἄρρενος,
3167 1554 3290 1616 τοὺς
3314 1553 3370 1606 δὲ
3399 1551 3664 1623 θεραπευ-

2087 1649 2184 1714 τὰς
2225 1649 2334 1704 τῶν
2369 1649 2551 1720 φυτῶν
2596 1647 2964 1719 ἐμϐάλλοντας
2999 1650 3112 1710 τοῖς
3142 1646 3375 1711 κλάδοις,
3403 1639 3509 1698 οἷόν
3537 1660 3665 1697 τινα

2092 1742 2381 1813 σπέρματα
2429 1742 2539 1794 τῶν
2580 1742 2849 1812 ἀρρένων,
2881 1740 3008 1803 τοὺς
3049 1739 3376 1810 λεγομένους
3422 1737 3658 1806 ψῆνας·

419 1829 769 1894 concitatam,
805 1831 1076 1909 marisque
1124 1829 1428 1898 amplexum
1482 1837 1844 1898 appetentem.
1893 1828 1986 1884 V.i-

2101 1835 2184 1888 καὶ
2228 1833 2402 1897 οὕτως
2439 1829 2548 1887 οἷον
2581 1836 2639 1886 ἐν
2687 1834 3035 1904 συναισθήσει
3065 1833 3166 1902 τῆς
3199 1831 3544 1894 ἀπολαύσεως
3575 1831 3662 1898 γί-

421 1919 550 1974 deas
595 1919 780 1974 itidem
810 1921 1066 1974 harumce
1096 1919 1348 1974 arborum
1378 1918 1613 1973 cultores
1657 1917 1802 1972 velut
1846 1933 1992 1987 quae-

424 2013 548 2066 dam
606 2011 966 2066 mascularum
1035 2011 1246 2065 semina
1303 2026 1423 2081 qua:
1480 2026 1658 2079 pune:
1705 2019 1989 2076 vocantur,

425 2101 596 2156 ramis
621 2099 740 2169 eius
786 2101 1108 2164 immittere;
1143 2099 1327 2167 sicque
1356 2099 1527 2168 ipsam
1571 2099 1724 2168 quasi
1759 2101 1813 2152 in
1858 2099 1992 2152 frui-

429 2192 598 2247 tionis
627 2206 790 2248 sensu
831 2191 1206 2258 constitutam,
1235 2193 1430 2246 iterum
1475 2206 1655 2245 ramos
1683 2191 1910 2261 erigere,
1941 2200 1995 2246 et

428 2285 590 2354 hujus
621 2284 833 2339 arboris
863 2298 1070 2339 comam
1115 2285 1180 2339 ad
1229 2284 1502 2355 propriam
1536 2282 1761 2336 formam
1792 2284 1988 2338 redire.

431 2375 601 2432 Porro
643 2377 875 2446 idipsum
927 2377 1089 2431 etiam
1138 2383 1370 2430 narrant
1414 2375 1480 2429 de
1527 2373 1664 2429 ﬁcis.
1700 2373 1852 2430 Unde
1903 2373 1993 2429 alii

429 2467 646 2535 quidem
675 2467 823 2534 ﬁcos
855 2466 1129 2523 silvestres
1159 2467 1312 2535 juxta
1347 2468 1631 2522 hortenses
1659 2475 1950 2522 conserunt
1979 2485 1993 2522 :

431 2560 520 2613 alii
551 2575 682 2615 vero
707 2573 926 2629 grossos
966 2559 1208 2631 capriﬁci
1253 2559 1551 2615 fructuosis
1592 2575 1656 2614 ac
1688 2559 1998 2616 domesticis

430 2649 550 2705 ﬁcis
589 2649 892 2719 alligantes,
923 2650 1160 2718 ipsarum
1195 2650 1476 2704 medentur
1510 2651 1834 2715 inﬁrmitati,
1862 2651 2000 2720 jam-

427 2755 534 2810 que
567 2740 894 2796 difﬂuentem
941 2757 1004 2796 ac
1052 2751 1466 2798 evanescentem
1510 2740 1743 2797 fructum
1794 2744 2000 2811 grossis

427 2832 669 2902 capriﬁci
729 2833 1026 2888 continent.
1087 2833 1226 2899 Quid
1283 2834 1396 2888 vult
1448 2833 1549 2888 sibi
1607 2834 1739 2888 illud
1795 2844 2001 2888 natura?

421 2925 769 2995 exemplum!
818 2925 971 2992 Quod
1015 2940 1112 2980 nos
1146 2925 1226 2980 vel
1257 2927 1324 2980 ab
1364 2925 1430 2980 iis
1478 2925 1632 2993 quia
1683 2923 1786 2978 ﬁde
1839 2923 1998 2978 alieni

429 3025 590 3080 sunt,
643 3017 903 3086 impetum
953 3017 1241 3086 quemdam
1276 3031 1338 3070 ac
1377 3018 1616 3086 vigorem
1657 3017 1723 3069 ad
1767 3016 2000 3070 dandum

431 3110 696 3163 bonorum
745 3122 968 3176 operum
1031 3109 1301 3177 specimen
1367 3121 1508 3177 saepe
1557 3108 1804 3177 accipere
1836 3107 2000 3162 debe-

431 3212 572 3252 mus.
600 3197 813 3253 Etenim
865 3202 909 3254 si
951 3200 1149 3254 videris
1185 3215 1329 3267 eum,
1361 3201 1450 3271 qni
1493 3212 1584 3255 aut
1617 3201 1779 3255 vitam
1821 3201 1999 3271 ethni-

431 3305 551 3346 cam
588 3293 720 3359 agit,
751 3300 844 3346 aut
871 3293 938 3347 ob
979 3305 1290 3360 perversam
1325 3269 1615 3362 quamdam
1647 3269 1898 3347 haeresim
1927 3293 1996 3347 ab

432 3381 672 3436 Ecclesia
710 3383 979 3438 abscissus
1020 3393 1122 3447 est,
1166 3385 1346 3453 proba:
1383 3399 1445 3437 ac
1494 3385 1820 3438 continentis
1854 3383 1996 3449 vitm,

429 3479 490 3526 ct
515 3472 736 3544 reliqua:
765 3474 986 3530 moralis
1017 3473 1316 3543 disciplina:
1344 3475 1643 3530 studiosum
1677 3489 1823 3541 esse;
1853 3482 1998 3530 tuam

432 3566 604 3636 magis
656 3567 872 3622 intende
926 3567 1296 3630 sedulitatem,
1338 3576 1398 3621 ut
1459 3566 1750 3622 fructiferae
1793 3567 1897 3621 fico
1934 3582 2000 3622 ex

2089 1924 2276 1979 νεσθαι
2305 1927 2399 1980 καὶ
2425 1923 2778 1996 ἀνορθοῦσθαι
2809 1925 2967 1978 πάλιν
2989 1924 3114 1988 τοὺς
3139 1923 3384 1987 κλάδους,
3414 1923 3506 1975 καὶ
3527 1920 3665 1992 πρὸς

2089 2019 2149 2070 τὸ
2171 2019 2368 2072 οἰκεῖον
2397 2019 2578 2089 σχῆμα
2605 2015 2699 2071 τοῦ
2740 2017 2904 2087 φυτοῦ
2939 2017 3037 2088 τὴν
3079 2017 3254 2087 κόμην
3296 2014 3666 2069 ἀποκαθίστα-

2098 2109 2242 2164 σθαι.
2275 2109 2357 2162 Τά
2391 2110 2532 2163 αὐτά
2557 2109 2613 2162 δὲ
2647 2109 2816 2163 ταῦτα
2851 2109 2943 2163 καὶ
2974 2109 3101 2178 περὶ
3132 2109 3240 2162 τῶν
3273 2107 3452 2160 συκῶν
3481 2123 3662 2174 φασιν,

2095 2201 2258 2254 Ὅθεν
2293 2201 2340 2253 oi
2384 2201 2482 2272 μὲν
2520 2200 2620 2264 τὰς
2661 2199 2858 2270 ἀγρίας
2880 2200 2994 2272 ς65)
3025 2201 3194 2263 συκᾶς
3223 2197 3667 2270 παραφυτεύουσι

2093 2293 2212 2356 ταῖς
2275 2291 2542 2362 ἡμέροιςο
2611 2293 2661 2344 oi
2707 2271 2951 2362 at]?ng
3010 2289 3261 2354 ὀλύνθους
3322 2289 3668 2359 ἐκδήσαντες,

2095 2382 2202 2436 τῶν
2256 2382 2550 2453 εὐκάρπων
2599 2384 2692 2436 καὶ
2743 2384 2964 2455 ἡμέρων
3033 2383 3210 2438 συκῶν
3288 2382 3388 2454 τὴν
3451 2382 3670 2436 ἀτονίαν

2099 2474 2306 2538 ίῶνται,
2343 2475 2532 2547 ῥέοντα
2575 2476 2674 2548 ἤδη
2726 2478 2821 2530 καὶ
2872 2477 3293 2548 σκεδαννύμενον
3322 2477 3414 2529 τὸν
3453 2475 3671 2546 καρπὸν

2095 2568 2207 2630 τοῖς
2232 2565 2472 2630 όλύνθοις
2510 2567 2814 2637 ἐπέχοντες.
2838 2568 2903 2620 Τί
2935 2585 3016 2621 σοι
3061 2567 3120 2621 τὸ
3154 2567 3303 2638 παρά
3332 2568 3432 2636 τῆς
3456 2567 3670 2636 φύσεως

2098 2655 2324 2727 αἴνιγμα
2351 2655 2597 2726 βούλεται
2621 2655 2768 2726 (66);
2802 2657 2920 2710 Ὅτι
2950 2657 3056 2728 χρὴ
3102 2656 3537 2726 πολλάκις-ἡμᾶς
3574 2655 3671 2708 καὶ

2100 2747 2252 2818 παρὰ
2313 2746 2422 2801 τῶν
2483 2745 2777 2818 ἀλλοτρίων
2821 2747 2920 2816 τῆς
2975 2749 3210 2812 πίστεως
3255 2748 3496 2801 εὐτονίαν
3547 2745 3673 2798 τινὰ

2101 2837 2537 2909 προσλαμϐάνειν
2565 2839 2644 2901 είς
2668 2838 2765 2908 τὴν
2793 2837 2901 2892 τῶν
2933 2839 3152 2908 ἀγαθῶν
3183 2839 3358 2910 ἔργων
3387 2836 3668 2901 ἐπίδειξιν.

2115 2930 2240 2983 Ἐὰν
2262 2930 2370 3000 γὰρ
2396 2931 2510 3001 ῐδῃς
2536 2930 2627 2982 τὸν
2663 2932 2720 2983 ἐν
2755 2929 2853 3001 βίῳ
2881 2930 3101 3001 ἐθνικῷ,
3135 2932 3168 3002 ἢ
3205 2931 3311 2984 ἀπό
3338 2949 3480 2994 τινος
3515 2931 3675 3000 αίρέ-

2107 3039 2241 3086 σεως
2288 3022 2669 3093 ἐνδιαστρόφου
2716 3023 2815 3093 τῆς
2879 3023 3200 3093 Ἐκκλησίας
3255 3023 3672 3102 ἀπεσχισμένον,

2109 3113 2223 3182 βίου
2255 3112 2530 3185 σώφρονος
2560 3115 2654 3166 καὶ
2679 3113 2779 3182 τῆς
2803 3113 2996 3184 λοιπῆς
3025 3117 3163 3168 κατά
3186 3115 3245 3168 τὸ
3266 3111 3393 3186 ἦθος
3421 3115 3677 3181 εὐταξίας

2104 3204 2550 3273 ἐπιμελούμενον,
2581 3204 2764 3258 πλεῖον
2804 3206 3027 3259 σεαυτοῦ
3056 3207 3117 3258 τὸ
3161 3207 3446 3260 σπουδαῖον
3473 3208 3678 3260 ἐπίτει-

2102 3313 2211 3360 νον,
2240 3297 2327 3349 ἴνα
2368 3297 2502 3369 γένῃ
2541 3297 2920 3368 παραπλήσιος
2953 3300 3016 3368 τῇ
3062 3299 3391 3370 καρποφόρῳ
3427 3300 3583 3369 συκῇ,
3610 3299 3679 3352 ἐκ

2101 3388 2199 3458 τῆς
2226 3387 2334 3441 τῶν
2369 3389 2576 3459 ἀγρίων
2626 3389 2925 3461 παρουσίας
2955 3390 3278 3463 ἀθροιζούσῃ
3309 3391 3404 3462 τὴν
3427 3390 3678 3460 δύναμιν,

2104 3482 2197 3533 καὶ
2239 3482 2337 3552 τὴν
2377 3482 2476 3553 μὲν
2520 3481 2675 3553 ῥύσιν
2713 3482 3003 3555 ἐπεχούσῃ,
3045 3483 3461 3554 ἐπιμελέστερον
3499 3483 3556 3536 δέ
3585 3481 3680 3535 τὸν

2107 3573 2318 3642 καρπὸν
2349 3574 2461 3644 (67)
2489 3575 2846 3646 ἐκτρεφούσῃ.

437 3656 823 3727 capriﬁcorum
866 3659 1154 3730 pmsentia
1191 3660 1459 3732 colligenti
1507 3661 1650 3714 vires
1681 3667 1736 3716 et
1767 3657 2054 3714 deﬁuvium
2093 3663 2386 3733 cohibenti,
2430 3666 2772 3737 fructumque
2799 3667 3102 3737 diligentius
3146 3667 3456 3734 enutrienti,
3487 3663 3680 3722 similis

429 3751 648 3806 evadas.

507 3843 559 3898 8.
601 3841 764 3899 Tales
811 3843 976 3913 igitur
1011 3853 1138 3899 sunt
1187 3845 1333 3899 circa
1369 3844 1731 3914 generationis
1784 3843 1999 3898 modum

433 3934 752 3990 differentiae
786 3935 1116 4004 plantarum,
1155 3945 1216 3990 ut
1253 3950 1424 4006 pauca
1466 3935 1754 3988 admodum
1788 3934 1853 3988 de
1888 3933 2004 4002 plu-

432 4027 589 4083 rimis
632 4026 893 4082 dicamus.
940 4026 1180 4097 Ipsorum
1223 4037 1404 4082 autem
1451 4026 1722 4080 fructuum
1771 4025 2004 4079 varieta-

434 4127 571 4182 tem,
599 4117 822 4188 ﬁguras,
847 4119 1083 4182 colores,
1112 4132 1362 4188 saporum
1391 4117 1801 4186 proprietatem,
1829 4115 2008 4168 unius-

436 4209 698 4281 cujusque
720 4209 1003 4264 utilitatem
1027 4210 1150 4280 quis
1180 4223 1464 4264 recensere
1491 4209 1698 4277 possit?
1726 4207 2005 4274 Quomodo

437 4303 656 4373 quidam
688 4302 814 4356 nudi
857 4311 1162 4372 coquantur
1203 4317 1232 4354 a
1263 4299 1398 4366 sole,
1442 4299 1660 4370 quidam
1694 4313 1823 4353 vero
1855 4308 2006 4368 puta-

436 4393 674 4451 minibus
722 4395 992 4459 contecti,
1031 4394 1436 4463 compleantur;
1471 4399 1526 4446 et
1570 4405 1797 4462 quarum
1845 4391 2004 4443 arbo-

2174 3843 2228 3898 8.
2257 3841 2522 3896 Τοιαῦται
2550 3841 2648 3912 μὲν
2671 3836 2764 3895 οῦν
2791 3842 2848 3895 αί
2879 3818 3006 3912 περὶ
3033 3841 3124 3895 τὸν
3151 3843 3350 3913 τρόπον
3391 3842 3488 3912 τῆς
3529 3841 3681 3910 γενέ-

2105 3948 2243 3994 σεως
2269 3928 2447 3984 αὐτῶν
2479 3929 2752 3999 διαφοραὶ,
2789 3929 2863 3992 ὡς
2892 3929 3145 4000 ἐλάχιστα
3183 3932 3354 3984 εἰπεῖν
3387 3930 3495 3984 ἀπὸ
3529 3930 3682 3984 πλεί-

2107 4037 2267 4074 στων.
2288 4018 2478 4072 Αὐτῶν
2496 4019 2552 4071 δὲ
2568 4017 2676 4072 τῶν
2698 4019 2925 4090 καρπῶν
2948 4020 3031 4082 τίς
3056 4019 3120 4073 ἂν
3145 4021 3360 4074 ἐπέλθοι
3381 4021 3478 4092 τὴν
3500 4039 3681 4075 ποικι-

2105 4111 2248 4174 λίαν,
2274 4110 2345 4164 τά
2373 4112 2648 4180 σχήματα,
2677 4109 2776 4172 τὰς
2803 4110 2990 4180 χρόας,
3007 4109 3114 4163 τῶν
3135 4111 3324 4182 χυμῶν
3355 4112 3453 4182 τὴν
3485 4113 3682 4183 ἰδιότη-

2109 4219 2198 4268 τα,
2229 4202 2292 4254 τὸ
2318 4202 2412 4270 ἀφ’
2453 4200 2682 4254 ἑκάστου
2721 4203 3017 4272 χρήσιμον;
3058 4202 3181 4265 Πῶς
3206 4202 3328 4256 τινὰ
3369 4202 3466 4272 μὲν
3498 4203 3683 4272 γυμνά

2115 4294 2385 4347 πέπτεται
2443 4291 2520 4362 τῷ
2559 4292 2694 4363 ἡλίῳ
2737 4292 2870 4361 (68),
2909 4292 3031 4346 τινὰ
3067 4293 3124 4346 δέ
3165 4295 3224 4348 ἐν
3251 4293 3493 4366 ἐλύτροις
3515 4312 3680 4348 κεκα-

2113 4385 2367 4457 λυμμένα
2388 4384 2723 4455 πληροῦται;
2770 4386 2863 4437 καί⁵
2903 4378 2978 4438 ὧν
3015 4385 3113 4454 μὲν
3146 4386 3353 4449 ἀπαλὸς
3389 4388 3418 4439 ό
3449 4387 3687 4458 καρπὸς,

440 4502 562 4542 rum
593 4495 744 4540 tener
769 4494 853 4540 est
891 4486 1121 4551 fructus,
1154 4487 1206 4540 in
1237 4483 1303 4541 iis
1329 4500 1574 4541 crassum
1604 4487 1676 4539 sit
1707 4483 1819 4540 folii
1857 4493 1995 4553 tegu-

2115 4449 2258 4544 παίχύ
2279 4472 2372 4526 τοῦ
2399 4449 2597 4542 φύλλου
2623 4472 2684 4524 τὸ
2704 4449 3119 4546 σκεπαστήριον,
3149 4474 3224 4537 ὡς
3245 4476 3336 4528 ἐπὶ
3361 4477 3458 4546 τῆς
3483 4449 3680 4546 συκῆς,

441 4587 702 4643 mentum,
745 4577 889 4631 velut
918 4578 970 4629 in
1012 4576 1145 4632 ﬁco:
1187 4593 1416 4647 quarum
1457 4591 1587 4629 vero
1633 4575 1838 4629 fructus
1883 4585 2009 4628 sunt

445 4668 734 4735 ﬁrmiores,
763 4668 878 4722 leve
915 4668 986 4723 sit
1030 4667 1282 4722 foliorum
1318 4676 1591 4729 tutamen,
1634 4667 1710 4719 uti
1746 4667 1798 4719 in
1849 4679 2006 4718 nuce.

441 4758 577 4818 Nam
610 4759 714 4814 illis
736 4762 803 4815 ob
827 4760 1157 4814 debilitatem
1201 4759 1440 4814 subsidio
1465 4759 1669 4828 majore
1702 4771 1833 4824 opus
1855 4764 1970 4809 erat
1997 4772 2010 4808 :

445 4855 531 4909 his
576 4869 703 4909 vero
741 4855 973 4909 amictus
1025 4854 1263 4908 crassior
1310 4863 1528 4922 propter
1581 4850 1854 4904 frondium
1896 4863 2006 4900 um-

445 4946 600 5002 bram
634 4947 926 5002 nocuisset.
953 4947 1234 5013 Quomodo
1265 4945 1522 5000 diﬁissum
1553 4944 1624 4999 sit
1652 4942 1777 4997 vitis
1802 4939 2010 5005 folium,

445 5047 508 5091 ut
557 5053 658 5091 uva
691 5046 745 5091 et
794 5040 934 5092 aeris
971 5037 1189 5105 injuriis
1239 5037 1487 5100 resistat,
1535 5044 1590 5088 et
1624 5033 1832 5087 radium
1885 5030 2015 5085 solis

448 5141 547 5196 per
579 5126 720 5183 illius
760 5129 1042 5182 raritatem
1089 5128 1323 5184 ubertim
1369 5123 1651 5196 suscipiat.
1709 5123 1852 5177 Nihil
1899 5123 2016 5178 sine

523 5285 868 5359 (65)_Editioi
914 5285 1081 5342 Basil.
1111 5302 1232 5359 cum
1290 5296 1412 5359 octo
1457 5298 1613 5359 m_ss.,
1652 5284 1709 5334 ὲν
1741 5280 1889 5351 αὐτῷ
1937 5279 2016 5351 τῷ

449 5353 806 5412 εῐδέιζΕόίιὶο
845 5358 1041 5421 Paris.,
1077 5359 1134 5410 ἐν
1162 5356 1240 5427 τῷ
1267 5353 1592 5427 αὐτῶνείδει.

525 5407 937 5498 (an‘sa'e'mgs';
954 5407 1400 5498 agamagam
1423 5426 1474 5477 in
1508 5423 1740 5479 excusis.

531 5495 646 5568 (65)
683 5498 760 5552 Ita
780 5512 886 5568 sex
921 5513 1050 5552 mss.
1083 5495 1220 5551 Editi
1251 5497 1494 5568 ἀγρίους.

522 5562 637 5688 ςϐϐἱ
673 5568 747 5621 lta
778 5567 910 5652 Reg.
940 5578 1163 5621 octavus
1192 5562 1496 5648 cum'Colb.
1521 5563 1756 5619 secundo
1781 5572 1835 5618 et
1865 5562 2021 5618 Com-

548 5674 562 5687 .
590 5637 754 5688 Abest
789 5638 1032 5688 Βουλεται
1061 5638 1128 5688 ab
1156 5638 1335 5688 edtus.

453 5636 562 5693 bef.
590 5637 754 5705 Abest
789 5637 1032 5705 βούλεται
1061 5638 1128 5690 ab
1156 5637 1335 5691 editis.

530 5705 641 5772 (6])
681 5701 820 5758 Editi
848 5721 967 5759 cum
1001 5723 1108 5759 uno
1147 5718 1237 5759 aut
1267 5706 1437 5760 altero
1472 5719 1574 5758 ms.
1602 5703 1726 5764 τοὺς
1753 5701 2015 5771 καρπούς.

462 5768 804 5828 Δι’ϐόιηὺοΐ.
830 5787 950 5829 cum
978 5776 1096 5832 aliis
1127 5785 1356 5840 quatuor
1385 5789 1519 5832 mss.
1552 5775 1644 5826 τὸν
1676 5768 1908 5842 καρπόν.

2112 4559 2187 4620 ὧν
2219 4565 2278 4618 δὲ
2317 4567 2366 4618 οἱ
2401 4565 2602 4636 καρποὶ
2641 4563 3053 4636 στεγανώτεροι,
3097 4565 3308 4636 ἐλαφρὰ
3341 4568 3445 4620 τῶν
3471 4567 3685 4636 φύλλων

2117 4661 2151 4728 ἡ
2203 4656 2440 4730 προϐολὴ
2484 4656 2617 4725 (69),
2668 4655 2742 4718 ὼς
2781 4657 2873 4707 ἐπὶ
2917 4656 3016 4726 τῆς
3060 4656 3300 4728 καρύας;
3334 4658 3455 4710 Ὅτι
3501 4659 3684 4712 ἐκεῖνα

2121 4751 2218 4819 μὲν
2242 4749 2326 4801 διὰ
2348 4749 2410 4801 τὸ
2431 4747 2654 4810 ἀσθενὲς
2676 4747 2915 4809 πλείονος
2945 4747 3114 4800 ἐδεῖτο
3141 4748 3242 4819 τῆς
3269 4749 3538 4820 βοηθείαςο
3562 4749 3685 4802 τού-

2114 4858 2225 4903 τοις
2258 4841 2304 4893 δ’
2331 4839 2398 4894 ἂν
2430 4838 2770 4910 προσϐλαϐὴς
2802 4840 3014 4908 ἐγένετο
3053 4841 3086 4910 ἡ
3118 4840 3397 4912 παχυτέρα
3425 4840 3682 4911 περιϐολὴ

2117 4933 2181 4984 ἐκ
2206 4931 2308 5001 τῆς
2326 4931 2423 4984 ἀπ’
2449 4930 2629 4984 αὐτῶν
2661 4932 2836 4994 σκιᾶς.
2865 4931 2987 4994 Πῶς
3016 4932 3363 5001 κατέσχισται
3387 4933 3484 5003 τῆς
3505 4932 3687 5002 ἀμπέ-

2115 5023 2208 5076 λου
2235 5023 2296 5076 τὸ
2334 5021 2548 5091 φύλλον,
2585 5022 2670 5076 ἵνα
2693 5023 2788 5076 καὶ
2814 5022 2950 5093 πρὸς
2970 5022 3070 5086 τάς
3094 5024 3159 5076 ἐκ
3179 5023 3274 5076 τοῦ
3293 5023 3453 5094 ἀέρος
3483 5022 3686 5093 βλάϐας

2118 5119 2146 5168 ὁ
2172 5118 2364 5189 βότρυς
2400 5117 2620 5190 ἀντέχῃ,
2650 5117 2743 5169 καὶ
2784 5117 2882 5189 τὴν
2928 5117 3118 5172 ἀκτῖνα
3151 5121 3245 5172 τοῦ
3274 5117 3422 5190 ἡλίου
3467 5117 3556 5170 διὰ
3585 5117 3685 5187 τῆς

2194 5276 2306 5346 (68)
2346 5274 2498 5347 Colb.
2523 5277 2790 5331 secundus
2835 5278 3017 5347 γυμνά
3065 5277 3388 5347 πεπαίνεται
3428 5273 3508 5344 τῷ
3553 5275 3688 5346 ἡλίῳ

2123 5345 2621 5418 παραδεικνύμενα,
2661 5347 2803 5418 nuda
2842 5345 3172 5418 coquuntur,
3204 5347 3249 5418 si
3281 5346 3381 5399 soli
3425 5361 3690 5418 εαξρυηαζι-

2125 5414 2228 5470 μιν.
2275 5418 2405 5488 Reg.
2446 5416 2636 5472 tertius
2684 5414 2947 5470 πέπτεται
2999 5417 3075 5486 τῷ
3125 5416 3260 5487 ἡλίῳ
3323 5414 3689 5484 παραδεικνύ-

2127 5504 2305 5627 “argi-5)
2345 5556 2496 5612 Colb.
2522 5558 2788 5612 secundus
2825 5556 3038 5626 φύλλων
3065 5559 3098 5626 ἡ
3131 5555 3411 5626 περιϐολή,
3441 5554 3689 5627 foliorum

2123 5626 2364 5696 amictus.
2391 5627 2574 5682 Lectio
2609 5628 2832 5696 optima.
2865 5629 2998 5680 Etliti
3036 5641 3156 5696 cum
3189 5627 3314 5696 aliis
3340 5641 3466 5680 mss.
3499 5626 3531 5692 ἡ
3562 5641 3688 5693 προ-

2122 5695 2275 5816 εὲολήΖ
2310 5696 2440 5768 Reg.
2473 5695 2661 5754 tertius
2702 5699 2756 5751 αί
2792 5697 3024 5768 ἐλαφραὶ
3058 5695 3165 5749 τῶν
3200 5695 3410 5766 φύλλων
3445 5697 3498 5747 αἱ
3550 5710 3687 5765 προ-

2159 5777 2296 5821 uim.
