4082 6218
309 334 408 388 ll?)

1972 330 2466 386 HEX‘AEMERON.

1446 330 1730 387 flOMlLlA
1779 331 1823 386 ν
1864 331 1884 384 l

1446 449 1559 503 ὒδέν
1612 330 1932 591 ἀναίτιιένέπ

1451 557 1468 591 ι
1523 539 1646 591 τινὰ
1697 557 1796 591 coco
1823 556 1888 591 αν

3460 331 3560 387 114

309 451 632 524 ἀραιότητος
693 446 928 518 δαψιλῶς
984 445 1316 518 ὑποδέχηται
1345 464 1358 511 ;
1392 449 1559 503 υύδέν
1612 449 1894 524 ἀναίτιονγ

1995 463 2179 512 causa,
2204 449 2336 503 nihil
2365 459 2564 503 temere
2589 448 2786 503 factum
2818 461 2902 506 est
2929 469 2942 504 :
2973 451 3155 506 omnia
3191 453 3258 506 ab
3297 447 3560 510 ἰιιοίίῖῖὺοὶιὶ

309 543 460 597 οὐδὲν
519 541 631 596 ἀπὸ
689 539 1073 610 ταυτομάτουτ
1133 540 1311 593 πάντα
1355 539 1468 610 ἔχει
1523 539 1646 593 τινὰ
1697 538 1888 609 σοφίαν

1995 540 2222 609 quadam
2269 538 2530 609 sapientia
2591 539 3024 608 proﬁciscuntur.
3071 543 3326 609 Quaenam
3375 547 3552 599 oratio

314 636 642 705 ἀπόρρητον.
673 631 768 696 Τίς
800 630 866 684 ἂν
890 630 1132 700 ἐφίκοιτο
1166 630 1356 700 λόγος;
1396 632 1523 696 Πῶς
1551 630 1888 704 ἀνθρώπινος

312 726 438 790 νοῦς
463 725 638 778 πάντα
677 725 795 794 μετ’
821 722 1117 794 ’ἀκριϐείας
1165 724 1404 790 ἐπέλθοι,
1446 720 1586 777 ὥστε
1621 711 1717 778 xati.
1757 743 1889 780 κατ-

312 819 439 873 ιδεῖν
467 818 564 880 τὰς
606 815 892 887 ἰδιότητας,
937 817 1034 869 καὶ
1069 815 1167 880 τὰς
1210 817 1345 888 πρὸς
1367 816 1597 870 ἕκαστον
1627 817 1888 889 διαφορὰς

307 905 552 978 ἐναργῶς
575 905 866 975 διακρῖναι,
889 906 984 958 καὶ
1009 905 1108 968 τὰς
1138 903 1518 977 κεκρυμμένας
1542 904 1719 967 αἰτίας
1737 903 1889 956 ἀνεν-

303 994 440 1056 δεῶς
488 994 876 1064 παραστῆσαι;
920 995 1014 1046 Ἓν
1046 992 1212 1066 ὕδωρ,
1241 993 1329 1047 διὰ
1356 993 1456 1064 τῆς
1485 993 1637 1064 ῥίζης
1662 993 1888 1064 ἐλκόμε-

304 1103 416 1151 νον,
469 1085 647 1149 ἄλλως
695 1086 792 1156 μὲν
827 1084 1017 1156 τρέφει
1055 1086 1154 1156 τὴν
1199 1085 1356 1157 ῥίζαν
1401 1086 1592 1156 αὐτὴν,
1628 1085 1800 1149 ἄλλως
1831 1085 1888 1138 δέ

302 1178 397 1230 τὸν
443 1178 633 1246 φλοιὸν
673 1177 766 1231 τοῦ
815 1177 1117 1248 στελέχους,
1161 1179 1254 1230 καὶ
1285 1177 1457 1240 ἄλλως
1497 1177 1554 1230 τὸ
1595 1176 1767 1242 ξύλον,
1793 1178 1888 1230 καὶ

300 1271 404 1340 τὴν
438 1268 764 1340 ἐντεριώνην
792 1269 1014 1341 ἑτέρως.
1049 1269 1122 1322 Τὸ
1154 1269 1282 1322 αὐτὸ
1314 1269 1405 1322 καὶ
1434 1269 1626 1338 φύλλον
1655 1268 1882 1336 γίνεται,

299 1363 394 1414 καὶ
440 1361 529 1423 εἰς
571 1360 876 1432 ἁκρέμονας
926 1361 1020 1414 καὶ
1070 1360 1296 1424 κλάδους
1349 1357 1756 1429 κατασχίζεται,
1793 1359 1886 1412 καὶ

291 1455 407 1516 τοῖς
436 1456 681 1524 καρποῖς
715 1454 941 1523 παρέχει
983 1453 1082 1524 τὴν
1114 1452 1360 1524 αὔξησιν,
1400 1453 1492 1506 καὶ
1520 1453 1754 1524 δάκρυον
1790 1449 1882 1506 τοῦ

293 1545 469 1614 φυτοῦ
512 1545 602 1598 καὶ
626 1545 756 1608 ὀπὸς
780 1547 844 1598 ἐκ
866 1546 965 1615 τῆς
992 1545 1161 1614 αὐτῆς
1186 1545 1364 1608 αἰτίας
1387 1544 1498 1614 (70)
1527 1544 1850 1616 προέρχεται
1866 1561 1880 1573 ⁸

294 1632 378 1700 οἷς
398 1637 550 1708 πόση
577 1636 712 1709 πρὸς
736 1636 938 1706 ἄλληλά
954 1639 1099 1690 ἐστιν
1125 1639 1157 1707 ή
1183 1637 1435 1707 διαφορὰ,
1452 1635 1627 1699 οὐδεὶς
1646 1634 1711 1689 ἂν
1730 1635 1885 1704 λόγος

294 1728 563 1794 ἐξίκοιτο.
599 1728 758 1781 Ἀλλο
788 1728 895 1800 γὰρ
922 1728 1013 1781 τοῦ
1043 1728 1222 1798 σχίνου
1245 1727 1306 1780 τὸ
1331 1728 1582 1798 δάκρυον,
1614 1729 1707 1780 κα)¹
1728 1726 1884 1791 ἄλλος

295 1823 324 1873 ὁ
353 1820 499 1884 ὀπὸς
539 1819 630 1873 τοῦ
671 1820 979 1891 βαλσάμου·
1025 1808 1120 1874 καί
1155 1820 1424 1891 νάρθηκές
1467 1837 1608 1883 τινες
1655 1819 1746 1871 ἐπὶ
1785 1821 1884 1890 τῆς

295 1911 590 1982 Αἰγύπτου
645 1914 737 1965 καὶ
782 1911 986 1983 Λιϐύης
1039 1911 1226 1982 ἓτερον
1281 1910 1429 1965 ὀπῶν
1473 1910 1628 1979 γένος
1685 1909 1886 1963 ἀποδα-

297 2001 562 2074 κρύουσι.
584 2003 752 2072 Λόγος
773 2004 828 2056 δέ
851 2005 933 2067 τίς
959 2006 1073 2057 ἐστι
1099 2003 1194 2057 καὶ
1218 2003 1278 2056 τὸ
1307 2003 1569 2075 ἤλεκτρον
1592 2003 1724 2057 ὀπὸν
1747 1999 1886 2057 εἶναι

297 2093 495 2160 φυτῶν
526 2093 604 2156 εἰς
629 2092 776 2146 λίθου
804 2092 962 2160 φύσιν
1004 2091 1477 2162 ἀποπηγνύμενον.
1512 2094 1795 2164 Μαρτυρεῖ
1830 2093 1886 2147 δὲ

297 2180 381 2252 τῷ
416 2182 570 2252 λόγῳ
603 2182 670 2236 τὰ
716 2183 1087 2254 ἐμφαινόμενα
1124 2183 1306 2255 κάρφη
1339 2185 1433 2238 καὶ
1471 2184 1539 2238 τὰ
1587 2183 1888 2240 λεπτότατα

295 2273 412 2327 τῶν
463 2271 642 2338 ζώων,
690 2274 854 2346 ἅπερ,
903 2273 1109 2328 ἁπαλοῦ
1152 2275 1305 2340 ὄντος
1356 2275 1450 2329 τοῦ
1493 2276 1649 2340 ὀποῦ,
1690 2279 1887 2330 ἐναπο-

298 2365 585 2436 ληφθέντα
612 2366 914 2437 κατὲχεται.
938 2369 1046 2421 Καὶ
1087 2367 1222 2431 ὅλως
1252 2368 1351 2438 τὴν
1376 2366 1516 2420 κατὰ
1553 2367 1651 2432 τὰς
1674 2369 1890 2438 ποιότη-

298 2476 403 2522 τας
437 2458 552 2512 τῶν
587 2459 732 2511 ὀπῶν
761 2459 1020 2530 διαφορὰν
1050 2461 1077 2513 ό
1103 2459 1176 2530 μὴ
1201 2462 1267 2530 τῇ
1299 2460 1464 2531 πείρᾳ
1485 2459 1752 2531 διδαχθεὶς
1774 2461 1890 2514 οὐδ-

301 2551 402 2604 ἐνα
451 2549 613 2618 λόγον
645 2551 865 2621 εὑρήσει
909 2551 1006 2621 τὴν
1047 2551 1326 2622 ἐνέργειαν
1358 2551 1729 2621 παριστῶντα.
1765 2551 1890 2616 Πῶς

302 2642 476 2697 πάλιν
509 2641 616 2695 ἀπὸ
651 2643 750 2711 τῆς
776 2641 944 2712 αὐτῆς
968 2641 1169 2705 νοτίδος
1196 2644 1252 2694 ἐν
1280 2643 1378 2713 μὲν
1411 2645 1476 2714 τῇ
1503 2643 1729 2714 ἀμπέλῳ
1751 2639 1890 2706 οἰνος

304 2735 650 2797 συνίσταται,
684 2735 740 2786 ἐν
787 2733 841 2787 δὲ
879 2736 945 2805 τῇ
982 2733 1137 2804 ἐλαίᾳ
1161 2735 1221 2787 τὸ
1248 2733 1454 2802 ἐλαιον;
1498 2736 1608 2789 Καὶ
1639 2736 1698 2788 ού
1733 2734 1892 2789 τοῦτο

308 2826 480 2896 μόνον
531 2824 860 2895 θαυμαστὸν,
901 2825 1014 2885 πῶς
1056 2819 1158 2880 ὧδε
1205 2826 1303 2897 μὲν
1345 2827 1406 2880 τὸ
1449 2827 1614 2900 ὑγρὸν
1655 2827 1892 2896 ἀπεγλυ-

1987 633 2158 703 possit
2187 632 2366 687 omnia
2398 630 2648 700 assequi?
2674 630 2950 697 Quomodo
2977 634 3154 687 omnia
3185 645 3439 689 accurate
3466 651 3545 690 re-

1988 737 2208 780 censere
2236 722 2407 792 possit
2445 737 2598 776 mens
2631 721 2888 787 humana,
2925 726 3058 778 adeo
3089 733 3147 778 ut
3187 727 3550 794 proprietates

1987 824 2298 884 cognoscat,
2343 821 2595 868 secernat
2641 811 2786 866 clare
2819 813 3150 883 singulorum
3196 814 3546 884 differentias,

1986 915 2042 960 et
2083 903 2321 959 occultas
2359 918 2549 958 causas
2589 913 2739 956 certo
2783 902 3056 971 proferat?
3101 905 3220 960 Una
3265 921 3404 976 aqua
3452 922 3549 976 per

1987 997 2224 1052 radicem
2250 1004 2500 1062 attracta,
2529 996 2685 1050 aliter
2713 997 2879 1050 nutrit
2909 997 3077 1064 ipsam
3106 996 3366 1060 radicem,
3391 997 3550 1052 aliter

1989 1091 2164 1148 trunci
2217 1091 2496 1156 corticem,
2544 1091 2700 1146 aliter
2754 1091 2996 1163 lignum,
3051 1091 3205 1146 aliter
3241 1091 3550 1146 medullam.

1987 1185 2185 1239 Eadem
2209 1194 2263 1239 et
2291 1184 2477 1238 folium
2519 1185 2596 1250 fit,
2635 1194 2689 1238 et
2735 1186 2788 1238 in
2829 1185 3065 1254 majores
3106 1171 3169 1239 ac
3215 1183 3270 1238 in
3310 1185 3549 1239 minores

1988 1292 2168 1332 ramos
2196 1277 2540 1339 discinditur,
2569 1275 2680 1348 48
2708 1286 2763 1331 et
2795 1286 3018 1345 praestat
3075 1277 3342 1331 fructibus
3373 1277 3548 1332 incre-

1987 1379 2266 1423 mentum:
2301 1369 2554 1439 lacrymaz
2591 1371 2753 1422 etiam
2797 1378 2852 1423 et
2885 1383 3080 1424 succus
3122 1368 3319 1438 plantae
3347 1383 3415 1422 ex
3459 1383 3549 1422 ea-

1986 1458 2106 1512 dem
2133 1471 2293 1512 causa
2326 1457 2647 1525 proveniunt
2675 1474 2690 1511 :
2721 1472 2841 1525 qua:
2884 1467 3142 1527 quantum
3176 1457 3318 1511 inter
3348 1472 3406 1512 se
3443 1457 3548 1510 dif-

1986 1548 2179 1613 ferant,
2213 1546 2389 1602 nullus
2414 1562 2597 1601 sermo
2621 1547 2891 1617 explicare
2925 1549 3112 1616 possit.
3143 1548 3261 1601 Alia
3290 1557 3373 1602 est
3403 1548 3545 1602 enim

1985 1639 2194 1694 lentisci
2240 1639 2502 1710 lacryma,
2546 1639 2686 1694 alius
2735 1640 2959 1694 balsami
3011 1654 3208 1694 succus
3252 1641 3545 1708 :quaedam

1985 1732 2146 1786 etiam
2191 1729 2374 1784 ferula:
2414 1729 2467 1783 in
2495 1727 2728 1800 [Egypto
2771 1737 2826 1785 et
2857 1729 2910 1782 in
2955 1727 3123 1800 Libya
3168 1730 3372 1784 stillant
3404 1728 3548 1783 aliud

1985 1834 2268 1876 succorum
2307 1835 2494 1890 genus.
2538 1819 2742 1874 Ferunt
2781 1835 2993 1889 quoque
3021 1822 3303 1884 electrum,
3328 1835 3546 1874 succum

1985 1925 2107 1965 esse
2157 1910 2480 1980 plantarum,
2524 1911 2578 1964 in
2645 1909 2836 1978 lapidis
2887 1921 3137 1964 naturam
3205 1920 3542 1967 concretum.

1987 2002 2155 2058 Porro
2191 2002 2459 2072 opinionis
2488 1999 2648 2068 hujus
2681 2001 3045 2057 testimonium
3075 2012 3199 2057 sunt
3228 2001 3447 2056 festuca:
3488 2003 3544 2056 in

1987 2096 2106 2164 ipso
2144 2104 2480 2162 apparentes,
2514 2107 2578 2147 ac
2607 2091 2844 2147 bestiola:
2876 2092 3224 2158 tenuissimaz,
3253 2108 3391 2162 quae,
3424 2107 3549 2162 pro-

1986 2198 2170 2257 pterea
2206 2186 2349 2256 quod
2392 2187 2444 2238 in
2487 2193 2672 2240 tenero
2707 2200 2770 2240 ac
2806 2184 2950 2240 molli
2988 2200 3148 2240 succo
3177 2186 3545 2248 consederint,

1988 2281 2295 2336 detinentur
2333 2278 2571 2333 inclusae.
2614 2278 2678 2332 Et
2709 2279 2761 2332 in
2792 2293 3027 2342 summa,
3061 2278 3152 2348 qui
3189 2293 3293 2332 non
3334 2279 3550 2346 experi-

1987 2382 2170 2429 mento
2213 2373 2437 2427 edoctus
2485 2382 2598 2437 est,
2645 2380 2905 2439 quantum
2954 2371 3094 2424 inter
3137 2385 3196 2425 se
3245 2370 3553 2438 discrepent

1993 2480 2282 2522 succorum
2337 2463 2654 2534 qualitates,
2700 2462 2748 2517 is
2794 2463 2858 2516 ad
2897 2476 3081 2515 eorum
3126 2462 3230 2515 vim
3271 2469 3326 2515 et
3366 2460 3548 2516 efﬁca-

1989 2559 2127 2613 ciam
2172 2555 2548 2626 explicandam
2599 2553 2802 2608 nullum
2856 2563 3170 2622 reperturus
3212 2563 3295 2608 est
3340 2569 3552 2607 sermo-

1989 2663 2132 2704 nem.
2176 2646 2456 2714 Quomodo
2493 2639 2686 2699 iterum
2732 2645 2799 2698 ab
2853 2644 3042 2698 eodem
3085 2643 3310 2699 hutnore
3349 2645 3403 2698 in
3445 2645 3555 2701 vite

1989 2741 2206 2811 quidem
2250 2739 2432 2792 vinum
2481 2735 2814 2806 producitur,
2862 2736 2914 2789 in
2945 2735 3062 2790 olea
3108 2747 3288 2791 autem
3333 2735 3556 2791 oleum?

1988 2834 2166 2901 Atque
2196 2846 2303 2886 non
2338 2829 2389 2883 id
2418 2829 2588 2883 solum
2639 2827 2940 2881 mirandum
2969 2837 3072 2892 est,
3117 2843 3350 2897 quonam
3396 2838 3555 2896 pacto

303 2915 512 2985 κάνθη,
555 2916 670 2967 ἐκεῖ
707 2915 762 2968 δὲ
803 2915 1027 2988 λιπαρὸν
1053 2917 1295 2986 γέγονεν,
1325 2917 1440 2970 ἀλλ’
1470 2918 1551 2970 ὅτι
1584 2919 1677 2970 καὶ
1704 2919 1761 2970 ἐν
1781 2919 1892 2981 τοῖς

1995 2925 2188 2978 humor
2213 2923 2301 2976 hic
2327 2920 2518 2984 dulcis,
2558 2919 2666 2973 illic
2714 2920 2925 2988 pinguis
2964 2920 3235 2974 evaserit:
3271 2918 3367 2973 sed
3410 2923 3553 2988 quod

303 3009 540 3079 γλυκέσι
568 3009 798 3079 καρποῖς
827 3007 1156 3081 ἀμύθητοςή
1185 3008 1508 3081 παραλλαγὴ
1550 3011 1648 3080 τῆς
1679 3009 1894 3082 ποιότη-

1995 3015 2156 3070 etiam
2195 3015 2249 3068 in
2297 3012 2544 3067 dulcibus
2585 3009 2851 3065 fructibus
2884 3010 3262 3065 inenarrabilis
3302 3019 3385 3064 est
3419 3025 3554 3078 qua-

301 3119 424 3166 τος.
463 3100 624 3154 Ἀλλο
646 3100 755 3173 γὰρ
782 3101 845 3154 τὸ
868 3103 926 3154 ἐν
965 3097 1196 3174 ἀμπέλῳ
1216 3103 1410 3170 γλυκὺ,
1439 3102 1530 3155 καὶ
1565 3102 1693 3156 ἄλλο
1735 3102 1795 3155 τὸ
1835 3105 1893 3156 ἐν

1995 3107 2162 3162 litatis
2200 3103 2570 3161 commutatio.
2611 3103 2730 3158 Alia
2772 3111 2856 3157 est
2895 3103 3037 3156 enim
3078 3101 3132 3154 in
3169 3102 3276 3154 vite
3307 3100 3553 3164 dulcedo,

307 3194 516 3266 μηλέᾳ,
553 3196 645 3248 καὶ
682 3194 850 3264 σύκῳ,
878 3195 970 3248 καί
999 3196 1218 3264 φοίνικι.
1251 3197 1370 3249 Ἔτι
1397 3211 1455 3248 σε
1484 3195 1740 3266 βούλομαι
1763 3197 1891 3266 περ)¹

301 3289 413 3358 τὴν
445 3286 684 3349 ἐξέτασιν
707 3285 908 3356 ταύτην
923 3266 1330 3368 (ᾧπχῖῆσαι,
1357 3287 1472 3350 πῶς
1503 3287 1560 3339 τὸ
1592 3287 1724 3341 αὐτὸ
1749 3286 1893 3359 ὕδωρ

307 3377 413 3430 νῦν
451 3378 546 3446 μὲν
589 3377 728 3430 λε’ίόν
771 3379 884 3430 ἐστι
927 3381 994 3448 τῇ
1036 3379 1301 3450 αἰσθήσει,
1329 3380 1456 3432 ὅταν
1490 3381 1547 3432 ἐν
1571 3378 1745 3432 τοῖσδέ
1785 3396 1894 3432 τισι

306 3475 434 3534 τοῖς
463 3472 647 3540 φυτοῖς
672 3471 960 3541 γενόμενον
1001 3471 1384 3543 ἀπογλυκανθῇ
1409 3489 1422 3502 ·
1469 3473 1565 3524 νῦν
1589 3473 1645 3524 δὲ
1668 3472 1895 3542 πληκτι-

310 3564 417 3619 κόν
452 3565 567 3616 ἐστι
588 3567 687 3634 τῆς
711 3565 968 3632 γεύσεως,
993 3566 1121 3619 ὅταν
1160 3565 1227 3619 δι’
1266 3566 1439 3620 ἄλλων
1462 3565 1644 3634 φυτῶν
1680 3566 1896 3637 ἐνεχθὲν

306 3653 676 3724 ἁποξύνηται.
706 3657 817 3708 Καὶ
849 3655 1013 3708 πάλιν
1063 3657 1145 3718 εἰς
1187 3655 1285 3726 τὴν
1319 3654 1552 3725 ἐσχάτην
1593 3655 1897 3726 πικρότητα

311 3746 659 3819 μεταϐάλλον
692 3747 1012 3817 ἐκτραχύνει
1035 3747 1134 3818 τὴν
1163 3746 1433 3816 αἴσθησιν,
1460 3747 1587 3799 ὃταν
1611 3748 1670 3798 ὲν
1692 3747 1899 3818 ἀψίνθῳ

308 3843 346 3913 ἦ
378 3841 715 3911 σκαμμωνία
743 3841 852 3911 (71)
876 3839 1134 3910 γένηται·
1164 3840 1254 3893 καὶ
1277 3841 1334 3891 ἐν
1361 3838 1458 3909 μὲν
1499 3841 1620 3902 ταῖς
1650 3837 1901 3908 βαλάνοις

309 3934 348 4004 ἢ
375 3932 458 4003 τῷ
477 3931 674 4005 καρπῷ
691 3933 788 4002 τῆς
812 3931 1070 4004 κρανείας
1095 3930 1229 4002 πρὸς
1248 3930 1343 4002 τὴν
1370 3930 1574 4001 στυφὴν
1596 3931 1688 3983 καὶ
1703 3929 1902 4000 αὐστη-

316 4027 430 4097 ρὰν
456 4027 713 4096 ποιότητα
738 4024 1057 4095 μεταϐάλλει
1074 4041 1087 4054 ο
1118 4026 1176 4076 ἐν
1199 4023 1258 4076 δὲ
1298 4025 1420 4085 ταῖς
1443 4022 1774 4095 τερεὸίνθοις
1807 4021 1904 4074 καὶ

315 4121 449 4182 ταῖς
477 4119 706 4190 καρύαις
741 4119 876 4190 πρὸς
917 4116 1130 4190 ἁπαλὴν
1153 4117 1249 4170 καὶ
1308 4114 1537 4187 ἐλαιώδη
1569 4115 1730 4185 φύσιν
1770 4114 1904 4184 μεθ-

324 4213 566 4266 ίσταται.

403 4298 456 4352 9.
497 4300 606 4353 Καὶ
649 4300 703 4352 τί
738 4299 819 4352 δεῖ
864 4299 931 4353 τὰ
962 4300 1149 4372 πόρρω
1184 4301 1387 4370 λέγειν,
1417 4299 1550 4352 ὅπου
1589 4315 1652 4366 γε
1691 4299 1783 4352 ἐπὶ
1808 4298 1908 4369 τῆς

1995 3201 2096 3255 alla
2131 3201 2182 3253 in
2215 3196 2376 3260 malo,
2407 3197 2457 3250 in
2483 3197 2603 3256 lico,
2625 3210 2690 3248 ac
2721 3195 2774 3248 in
2814 3195 3010 3262 palma.
3052 3192 3184 3247 Volo
3222 3192 3459 3259 insuper,
3500 3201 3558 3244 ut

1998 3293 2110 3347 hare
2153 3288 2342 3356 majori
2380 3287 2558 3342 studio
2586 3295 2641 3339 et
2687 3294 2802 3340 arte
2851 3283 3247 3352 perscruteris;
3290 3281 3560 3352 quomodo

1997 3399 2132 3454 aqua
2170 3383 2355 3438 eadem
2390 3395 2530 3435 nunc
2561 3379 2741 3436 sensui
2795 3377 2930 3431 lenis
2973 3376 3066 3439 sit,
3093 3389 3212 3429 cum
3246 3375 3298 3428 in
3335 3375 3558 3442 quibus-

1997 3475 2120 3530 dam
2180 3472 2376 3542 plantis
2445 3484 2786 3526 commorans
2845 3463 3164 3522 dulcescit:
3219 3478 3362 3516 nunc
3423 3476 3558 3517 vero

1997 3576 2230 3637 pungat,
2259 3574 2504 3636 gustum,
2555 3575 2677 3618 cum
2730 3573 2826 3629 per
2885 3556 3018 3611 alias
3073 3553 3283 3625 plantas
3343 3551 3559 3605 diducta

2001 3657 2221 3713 acescit.
2268 3657 2346 3712 Ac
2415 3669 2604 3710 rursus
2665 3653 2720 3706 in
2773 3657 3070 3705 extremam
3141 3642 3558 3698 amaritudinem

2004 3765 2190 3813 versa,
2225 3762 2444 3804 sensum
2492 3751 2810 3815 exasperat,
2861 3755 2985 3796 cum,
3034 3738 3090 3792 in
3143 3735 3416 3790 absinthio
3469 3742 3558 3786 aut

2001 3854 2346 3897 scammonea
2387 3835 2667 3891 insederit.
2695 3831 2998 3901 Quinetiam
3033 3828 3088 3882 in
3134 3825 3438 3897 glandibus,
3470 3831 3558 3876 aut

2004 3933 2056 3987 in
2086 3932 2235 3988 corni
2276 3930 2477 3996 fructu,
2506 3928 2573 3982 ad
2618 3925 3000 3994 astringentem
3041 3931 3400 3988 asperamque
3429 3929 3562 3984 qua-

2004 4025 2208 4079 litatem
2255 4021 2488 4076 transit:
2521 4017 2577 4072 in
2630 4014 2948 4071 terebinthis
2974 4026 3105 4066 vero
3141 4019 3196 4065 et
3227 4008 3476 4071 nucibus,
3507 4006 3565 4059 in

2007 4127 2246 4171 teneram
2275 4122 2329 4168 et
2356 4113 2591 4168 oleosam
2623 4118 2872 4163 naturam
2913 4110 3320 4158 transntutatur.

2077 4299 2130 4354 9.
2171 4297 2235 4352 Et
2264 4296 2394 4367 quid
2425 4309 2560 4364 opus
2585 4302 2663 4345 est
2695 4287 2882 4361 procul
2911 4285 3096 4340 dissita
3144 4281 3413 4353 proferre,
3443 4292 3567 4333 cum

320 4390 503 4460 αὐτῆς
525 4391 693 4460 συκῆς
720 4391 854 4460 πρὸς
876 4391 974 4454 τὰς
1003 4371 1395 4454 ἐναντιωτάτας
1421 4391 1732 4462 μεταϐαίνει
1759 4390 1894 4442 ποιό-

2008 4392 2062 4446 ἰη
2121 4390 2310 4444 eadem
2371 4388 2473 4440 licu
2535 4384 2586 4437 in
2640 4381 2927 4450 qualitates
2982 4375 3214 4429 maxime
3271 4371 3572 4426 contrarias

321 4499 536 4552 τητας;
571 4483 899 4554 Πικρότατον
931 4483 1028 4552 μὲν
1048 4485 1156 4554 γάρ
1177 4485 1324 4536 ἐστιν
1351 4485 1407 4535 ἐν
1432 4481 1507 4551 τῷ
1539 4482 1676 4551 ὀπῷ,
1707 4481 1894 4550 γλυκύ-

2010 4481 2364 4548 commigret?
2393 4479 2488 4532 Est
2534 4479 2674 4530 enim
2711 4474 2763 4525 in
2812 4485 2972 4525 succo
3014 4465 3349 4521 amarissima
3387 4480 3400 4516 :
3435 4475 3566 4515 con-

322 4590 492 4627 τατον
512 4573 567 4626 δέ
590 4576 646 4626 ἐν
672 4573 820 4643 αὐτῷ
844 4573 952 4643 (Ἱὲ)
979 4573 1055 4643 τῷ
1082 4572 1299 4643 καρπῷ.
1340 4573 1448 4626 Καὶ
1476 4572 1568 4624 ἐπὶ
1600 4572 1696 4641 τῆς
1722 4571 1902 4640 ἀμπέ-

324 4665 426 4717 λου
450 4663 886 4716 στυπτικώτατον
927 4665 1028 4734 μὲν
1051 4667 1143 4718 ἐπὶ
1181 4664 1289 4718 τῶν
1313 4663 1651 4735 ἀκρεμόνων,
1688 4662 1903 4732 ἥδιστον

325 4755 393 4809 δὲ
426 4758 482 4808 ἐν
509 4760 620 4820 τοῖς
650 4757 919 4828 βότρυσιν.
946 4758 1009 4810 Δί
1053 4759 1109 4811 δέ
1145 4757 1286 4811 κατὰ
1324 4757 1423 4819 τὰς
1459 4757 1622 4826 χρόας
1655 4755 1907 4826 διαφοραὶ

328 4847 533 4900 πόσαιί
569 4848 726 4910 Ἴδοις
754 4848 820 4901 ἂν
851 4851 907 4900 ἐν
946 4848 1169 4918 λειμῶνι
1204 4848 1262 4901 τὸ
1303 4847 1430 4901 αὐτὸ
1471 4847 1614 4918 ὕδωρ
1653 4846 1908 4918 ἐρυθραι-

328 4940 560 5009 νόμενον
588 4940 685 5009 μὲν
717 4941 774 4992 ἐν
815 4939 949 5010 τῷδε
989 4939 1065 5008 τῷ
1098 4938 1265 5003 ἄνθει,
1299 4940 1392 4990 καὶ
1421 4938 1478 4992 ἐν
1511 4937 1654 5004 ἄλλῳ
1700 4954 1908 5006 πορφυ-

333 5027 465 5102 ροῦν
497 5029 628 5098 (75),
663 5029 755 5081 καὶ
781 5029 979 5082 κυανὸν
1007 5029 1064 5081 ἐν
1092 5029 1244 5099 τῷδε,
1279 5029 1371 5081 καὶ
1405 5029 1461 5080 ἐν
1489 5027 1658 5096 ἐτέρῳ
1682 5027 1871 5079 λευκόν
1891 5041 1906 5056 ⁸

333 5119 433 5170 καὶ
465 5118 683 5171 πλείονα
718 5118 877 5172 πάλιν
910 5123 1007 5189 τῆς
1039 5120 1097 5172 ἐν
1137 5122 1256 5181 ταῖς
1293 5119 1478 5189 χρόαις
1513 5117 1780 5181 ποικιλίας
1808 5118 1906 5188 τὴν

337 5210 480 5263 κατὰ
513 5211 606 5273 τὰς
643 5210 812 5280 ὀδμὰς
857 5210 1116 5281 διαφορὰν
1155 5209 1542 5280 παρεχόμενον.
1601 5207 1759 5262 Ἀλλὰ
1800 5208 1908 5278 γὰρ

415 5388 526 5460 (70)
565 5389 697 5459 Reg.
729 5390 919 5460 tertius
952 5390 1017 5442 ἐκ
1055 5389 1156 5459 τῆς
1183 5387 1440 5459 τοιαύτης
1471 5387 1674 5451 αἰτίας.
1702 5386 1905 5441 lbidetn

343 5456 476 5526 Reg.
505 5456 722 5530 quitiqu
753 5456 1133 5530 προσέρχεται.
1369 5481 1374 5485 ·

418 5530 528 5600 ut)
568 5529 717 5600 Colb.
762 5528 1026 5584 secundus
1059 5530 1090 5599 ἢ
1127 5528 1520 5600 ἀσκομμωνίᾳ’
1568 5542 1727 5594 quam
1769 5541 1907 5600 quo-

345 5612 452 5666 que
485 5598 1014 5669 lectionemiexbibet
1042 5598 1422 5669 quidem’lteg.
1454 5598 1668 5669 sextus,
1689 5598 1780 5650 sed
1820 5611 1907 5669 se-

348 5669 536 5722 cundis
560 5669 723 5726 curis.
755 5668 915 5734 Editi,
948 5670 1108 5722 Coisl.
1138 5666 1393 5737 uterque,
1426 5679 1481 5723 et
1519 5667 1671 5736 Regii
1717 5666 1905 5720 tertius

350 5746 403 5790 et
455 5740 673 5806 quintus
730 5738 1075 5809 σκαμμωνία.
1121 5739 1466 5792 Scanmtonia
1536 5749 1712 5809 autem
1745 5774 1757 5796 ,
1810 5752 1902 5789 seu

357 5823 713 5879 scammonca,
748 5811 913 5865 bcrba
948 5808 1042 5866 est
1071 5809 1348 5877 regionum
1387 5808 1899 5874 transmarinarum,

2009 4591 2115 4638 tra,
2139 4572 2443 4627 dulcissima
2472 4579 2556 4623 cst
2585 4567 2636 4619 in
2671 4565 2786 4632 ipso
2820 4561 3018 4615 fructu.
3047 4557 3114 4612 Et
3138 4559 3190 4610 in
3221 4556 3351 4619 vite,
3379 4553 3571 4608 astrin-

2009 4668 2319 4740 gentissima
2368 4671 2451 4718 est
2497 4662 2549 4714 in
2592 4657 2786 4721 ramis,
2831 4655 2884 4708 in
2920 4652 3038 4705 uvis
3069 4664 3196 4702 vero
3227 4643 3567 4742 suavissima.

2011 4737 2151 4826 Quot
2177 4765 2355 4810 autem
2385 4749 2698 4807 diﬂ'erentia:
2730 4754 2852 4800 sunt
2883 4740 3160 4798 colorum!
3196 4737 3392 4792 Videas
3425 4737 3570 4826 enim

2011 4825 2065 4907 in
2098 4859 2251 4920 prato
2289 4845 2534 4900 eamdem
2562 4853 2754 4909 aquam
2783 4838 2833 4890 in
2863 4835 2963 4889 hoc
3005 4831 3219 4901 quidem
3255 4827 3382 4920 flore
3413 4825 3575 4920 rube-

2013 4912 2273 4998 sceiitem,
2320 4933 2372 4985 in
2418 4929 2525 4983 alio
2566 4939 2914 4997 purpuream,
2944 4923 2998 4974 in
3043 4920 3143 4972 hoc
3173 4914 3483 4976 caeruleam,
3518 4912 3574 4965 in

2013 5027 2119 5080 alio
2166 5024 2342 5078 albam
2383 5035 2399 5076 :
2436 5031 2596 5086 atque
2645 5018 2839 5070 iterum
2897 5008 3256 5065 differentiam
3315 5003 3571 5074 majorem

2012 5116 2230 5172 exhibet
2264 5115 2317 5168 in
2370 5112 2659 5174 odoribus,
2708 5122 2867 5176 quam
2911 5106 3025 5173 ipsa
3068 5112 3149 5156 est
3193 5098 3429 5152 colorum
3477 5108 3571 5146 va-

2015 5209 2199 5263 rietas.
2231 5204 2335 5260 Sed
2366 5203 2507 5259 enim
2554 5199 2851 5257 orationem
2899 5210 3072 5250 meam
3107 5206 3272 5248 cerno
3313 5191 3382 5243 ob
3425 5188 3577 5241 inex-

2005 5399 2126 5453 quae
2166 5380 2467 5453 praesertim
2503 5378 2556 5431 in
2586 5375 2711 5453 Asia
2747 5383 2803 5430 et
2832 5374 2886 5453 in
2919 5385 3051 5453 agro
3085 5362 3432 5453 .Colopl‘tgnio
3457 5374 3581 5453 ore;

2003 5435 2341 5521 Sciiﬂujus
2372 5463 2567 5521 succus
2623 5446 2766 5501 valet
2801 5445 2864 5497 ad
2909 5435 3223 5521 incdicinas.
3275 5435 3438 5487 Piura
3485 5435 3577 5499 qui

2003 5513 2204 5592 cupiet,
2235 5513 2502 5592 Ruelliutn
2539 5513 3001 5592 teget-“poterit.”

2227 5570 2702 5664 I-t‘a‘editioUBLJ’sil.
2733 5570 3336 5664 c:um.cod'ice_Combef.
3365 5581 3422 5627 et
3452 5585 3577 5624 cum

2003 5648 2124 5718 aliis
2156 5648 2246 5717 sex
2282 5676 2410 5715 mss.
2442 5659 2618 5712 Editio
2651 5654 2824 5709 Paris.
2855 5654 2911 5704 ἐν
2940 5650 3104 5704 αὑτοῦ
3137 5648 3230 5719 τῷ.
3491 5709 3516 5721 _

2075 5734 2186 5800 (73)
2215 5732 2405 5805 (Index
2437 5727 2679 5805 Cotnbef.
2707 5739 2827 5779 cum
2859 5723 2992 5805 Reg.
3019 5732 3212 5777 octavo
3237 5727 3574 5790 πορφυρουν.

2004 5804 2142 5861 Edtti
2171 5799 2295 5860 Cum
2332 5802 2462 5870 ιιυε.
2489 5799 2675 5869 quinto
2709 5799 3000 5864 πορφυρον.
