4082 6218
289 337 385 403 U7.

1419 336 1704 392 HOMILI‘A
1741 339 1809 395 Vl
1849 338 1916 394 ΙΝ
1957 341 2459 412 ΗΕΧΑΕΜΕΒΟΝέ,

3438 348 3540 404 M8

292 453 469 516 θέντες
498 453 572 506 ὲν.
608 449 693 518 τῷ.
713 448 846 519 οἴκῳ
873 449 1100 519 Κυρίου,
1133 452 1188 504 ὲν
1225 455 1342 516 ea};
1375 455 1562 519 αὐλαῖς
1599 455 1693 509 τοῦ
1732 457 1867 511 Θεοῦ

1985 470 2175 525 rtostro,
2217 463 2303 516 cui
2349 462 2524 532 gloria.
2559 470 2610 517 et
2659 436 3542 534 imperiumrinjie‘culavexentu-

289 544 446 615 ὴμῶν
492 542 879 614 ὲξανθήσωμεν
933 547 990 597 ὲν
1041 545 1262 616 Χριστῷ
1325 547 1497 618 Ἰησοῦ
1551 548 1630 620 τῷ
1680 551 1870 623 Κυρίῳ

1979 567 2115 605 rum.
2147 554 2337 607 Amen.

293 635 474 708 ἡμῶν,
501 628 545 703 ᾧ
574 636 609 705 ἡ
635 634 763 702 δόξα
793 635 887 689 καὶ
916 635 976 690 τὺ
1004 638 1205 706 κράτος
1253 639 1331 702 είς
1362 640 1488 703 τοὺς
1531 641 1734 705 αἰῶνας
1760 642 1868 696 τῶν
1905 642 2135 697 αίὼνων.
2176 645 2364 715 Ἀμήν.

891 857 1131 909 OMIAIA
1185 859 1275 924 (τι.

579 947 724 1018 Περί
765 948 1055 1019 γενέσεως
1095 949 1423 1019 Samae-rimo?
1455 949 1590 1021 (81).

368 1039 421 1095 Ι.
455 1039 560 1094 Τὸν
617 1039 864 1112 ἀθλητῶν
914 1039 1112 1111 θεατὴν
1171 1040 1420 1109 μετέχειν
1458 1039 1605 1101 τινὸς
1629 1037 1872 1107 προσῆκε

296 1133 390 1186 καὶ
415 1132 580 1185 αὐτὸν
605 1131 870 1195 εὐτονίας.
908 1132 1019 1184 Καὶ
1060 1131 1220 1184 τοῦτο
1248 1133 1312 1183 ἐκ
1343 1130 1452 1183 τῶν
1485 1129 1874 1201 πανηγυρικῶν

293 1223 514 1295 θεσμῶν
547 1225 612 1278 ἄν
638 1241 722 1287 τις
771 1223 995 1287 κατίδοι,
1027 1223 1076 1276 οἳ
1104 1225 1228 1287 τοὺς
1258 1221 1758 1292 συγκαθεζομένους
1794 1223 1874 1284 εἰς

289 1314 352 1368 τὸ
390 1315 605 1369 στάδιον
635 1315 744 1385 (82)
796 1317 978 1386 γυμνῇ
1048 1314 1316 1385 καθῆσθαι
1344 1318 1410 1385 τῇ
1440 1314 1648 1385 κεφαλῇ
1691 1314 1872 1381 διαγο-

292 1407 582 1479 ρεύουσιν·
634 1409 756 1477 ἐμοὶ
787 1408 962 1460 δοκεῖν
993 1406 1123 1478 (85),
1183 1408 1269 1460 ἵνα
1334 1406 1408 1478 μὴ
1466 1406 1661 1478 θεατὴς
1711 1405 1869 1476 μόνον

292 1499 640 1566 ἀγωνιστῶν,
670 1497 806 1552 ἀλλά
855 1498 949 1551 καὶ
994 1499 1296 1570 ἀγωνιστὴς
1345 1499 1574 1561 ἕκαστος
1608 1496 1770 1560 αὐτὸς
1813 1499 1870 1549 ὲν

289 1589 369 1660 τῷ
404 1590 564 1661 μέρει
589 1590 850 1662 τυγχάνῃ.
887 1589 1042 1644 Οῦτω
1079 1591 1253 1642 τοίνυν
1281 1591 1373 1642 καὶ
1409 1591 1498 1643 τὸν
1536 1589 1646 1642 τῶν
1700 1592 1871 1659 μεγά-

288 1683 397 1734 λων
431 1683 530 1735 καὶ
559 1682 853 1753 ὑπερφυῶν
885 1681 1170 1752 θεαμάτων
1196 1681 1510 1752 ἐξεταστὴν,
1546 1681 1638 1734 καὶ
1663 1681 1752 1735 τὸν
1774 1685 1872 1752 τῆς

281 1773 464 1844 ἄκρας
490 1773 668 1838 ὅντως
710 1775 804 1828 καί
833 1775 1143 1845 ἀπορρήτου
1174 1775 1363 1843 σοφίας
1401 1776 1694 1854 ἀκροατῂνι-
1710 1795 1877 1848 προσ-

277 1863 414 1936 ἧκεν
445 1864 669 1918 οἱκοθεν
716 1865 857 1934 ἔχειν
901 1865 1101 1935 ἥκοντά
1129 1883 1280 1928 τινας
1311 1857 1728 1938 ἀφορμάςίπρὸς
1778 1868 1876 1936 τὴν

281 1957 535 2026 θεωρίαν
590 1956 695 2009 τῶν
750 1957 1142 2028 προκειμένων,
1172 1957 1268 2010 καὶ
1315 1961 1592 2011 κοινωνεῖν
1633 1959 1755 2027 ἐμοὶ
1778 1960 1876 2028 τῆς

284 2049 544 2118 ἀγωνίας
583 2051 661 2112 εἰς
682 2049 926 2119 δύναμιν,
961 2049 1081 2120 οὐχὶ
1121 2050 1312 2120 κριτὴν
1349 2048 1547 2119 μᾶλλον
1576 2049 1608 2121 ἢ
1644 2067 1912 2132 συνσαγωςω

284 2141 476 2211 νιστὴν
547 2138 870 2211 παρεστῶτα
894 2157 907 2170 ·
961 2140 1170 2210 μήποτε
1205 2140 1312 2210 ἄρα
1344 2139 1574 2212 διαλάθῃ
1598 2141 1743 2210 ἡμᾶς
1780 2140 1878 2211 τῆς

284 2228 616 2299 ἀληθείαςὴ
656 2226 893 2297 εὕρεσις,
923 2229 1017 2282 καὶ
1047 2230 1107 2282 τὸ
1142 2229 1272 2300 ἐμὸν
1311 2229 1532 2300 σφάλμα
1558 2219 1727 2301 ’κοινὴ
1783 2229 1851 2300 ζη

287 2318 388 2389 μία
416 2318 536 2371 τῶν
566 2318 869 2371 ἀκουόντων
897 2317 1140 2389 γένηται.
1171 2318 1314 2388 Πρὸς
1347 2315 1439 2372 οὖν
1491 2319 1543 2372 τί
1596 2319 1770 2374 ταῦτα
1794 2319 1880 2372 λέ-

284 2427 372 2478 γω
400 2427 415 2475 ;
460 2410 614 2474 “οτι,
643 2409 830 2480 ἐπειδὴ
853 2410 1140 2484 πρόκειται
1165 2411 1294 2481 ἡμῖν
1327 2412 1406 2474 είς
1426 2410 1526 2481 τὴν
1553 2410 1645 2464 τοῦ
1672 2411 1877 2480 κόσμου

290 2501 564 2554 σύστασιν
617 2499 864 2565 ἐξέτασις
910 2502 1003 2554 καὶ
1044 2501 1244 2574 θεωρία
1275 2501 1368 2555 τοῦ
1417 2503 1641 2570 παντὸς,
1673 2504 1772 2557 οὐκ
1815 2505 1878 2568 ἐκ

289 2591 392 2660 τῆς
424 2589 526 2644 τοῦ
549 2589 750 2660 κόσμου
782 2591 974 2659 σοφίας
993 2590 1089 2654 τὰς
1119 2592 1293 2663 ἀρχὰς
1326 2591 1546 2662 ἔχουσα,
1574 2593 1690 2646 ἀλλ’
1725 2592 1783 2658 ἐξ
1805 2587 1879 2647 ὧν

290 2681 386 2734 τὸν
424 2680 625 2735 ἑαυτοῦ
657 2681 960 2753 Θεράποντα
987 2684 1014 2734 ὁ
1047 2683 1176 2746 Θεὸς
1212 2683 1611 2750 ὲξεπαίδευσεν,
1662 2686 1719 2740 ὲν
1753 2686 1880 2738 εῖδει

293 2773 550 2845 λαλήσας
577 2775 712 2845 πρὸς
741 2774 924 2837 αὐτὸν,
950 2774 1043 2827 καὶ
1072 2775 1132 2826 οὐ
1177 2775 1243 2828 δι’
1277 2775 1636 2845 αἰνιγμάτων,
1668 2777 1879 2848 ἀνάγκη

294 2884 406 2920 που
461 2866 684 2931 πάντως
739 2867 864 2931 τοὺς
923 2867 1029 2920 τῶν
1074 2868 1323 2938 μεγάλων
1365 2869 1762 2940 φιλοθεάμονάς
1807 2857 1884 2942 μὴ’

295 2958 653 3030 ἀγύμναστον
701 2959 842 3029 ἔχειν
875 2960 965 3012 τὸν
993 2959 1118 3013 νοῦν
1151 2961 1286 3032 πρὸς
1325 2962 1422 3030 τὴν
1453 2962 1562 3014 τῶν
1589 2962 1884 3034 προκειμέ-

2559 860 2839 916 llOMlLlA
2880 861 2963 920 Ἦ.

2345 953 2422 1008 De
2454 956 2786 1024 generatione
2817 954 3176 1016 lunrinarium.

2047 1049 2099 1101 l.
2145 1045 2514 1116 Spectatorem
2539 1045 2862 1100 athletarum
2900 1059 3111 1116 oportet
3135 1060 3187 1104 et
3215 1049 3386 1119 ipsum
3414 1065 3543 1106 con.

1976 1141 2234 1194 tcntionis
2261 1139 2582 1210 participem
2614 1153 2754 1194 esse.
2795 1139 2960 1210 idque
2985 1155 3050 1195 ex
3080 1142 3422 1213 panegyricis
3462 1142 3540 1196 le-

1977 1232 2130 1300 gibus
2159 1233 2332 1300 quivis
2382 1232 2724 1301 cognoverit,
2767 1245 2907 1300 qum,
2953 1233 3005 1285 in
3042 1234 3218 1288 stadio
3250 1234 3544 1288 considen.

1979 1331 2077 1386 tcs,
2109 1325 2252 1376 nudo
2279 1323 2451 1390 capite
2468 1323 2909 1392 sederejubcnt:
2939 1325 3265 1394 utquisque,
3292 1339 3407 1378 mea
3427 1325 3552 1393 qui-.

1978 1415 2096 1469 dem
2129 1415 2418 1480 sententia,
2449 1431 2553 1469 non
2592 1415 2660 1468 sit
2691 1415 2861 1469 solum
2906 1416 3296 1470 decertantium
3335 1425 3546 1484 specta-

1980 1516 2087 1572 tor,
2111 1508 2203 1562 sed
2235 1508 2396 1562 etiam
2434 1508 2612 1577 aliqua
2642 1522 2707 1562 ex
2742 1517 2894 1578 parte
2929 1509 3131 1563 athleta
3161 1508 3406 1564 exsistat.
3453 1505 3546 1564 Sic

1977 1614 2109 1654 Sane
2138 1600 2299 1653 etiam
2346 1615 2660 1668 magnorum
2703 1609 2864 1668 atque
2903 1599 3296 1653 admirabilium
3335 1604 3545 1668 specta-

1979 1689 2669 1757 culorum'inquisitorem,
2705 1692 2955 1760 illiusque
3021 1705 3143 1745 vere
3207 1705 3431 1746 summa
3479 1704 3543 1746 ac

1982 1779 2266 1834 inell'abilis
2311 1783 2589 1850 sapientiae
2640 1783 2964 1848 auditorem,
3013 1784 3138 1837 dum
3178 1783 3405 1850 accedit,
3446 1798 3549 1852 par.

1982 1870 2140 1924 fuerit
2170 1873 2408 1941 quaedam
2440 1872 2504 1928 ad
2543 1888 2626 1926 res
2652 1873 2954 1942 prepositas
2991 1873 3437 1942 contemplandas
3463 1873 3541 1928 iu-

1980 1963 2273 2017 citamenta
2302 1978 2366 2018 ex
2396 1979 2455 2017 se
2484 1965 2704 2031 habere,
2737 1979 2800 2018 ac
2834 1980 3040 2018 mecum
3074 1980 3170 2034 pro
3195 1965 3398 2020 viribus
3427 1977 3551 2020 esse

1923 2055 2290 2116 _,___certaminis
2334 2066 2660 2118 consortem,
2697 2070 2796 2110 nec
2839 2057 3010 2126 magis
3057 2056 3293 2123 judicem
3341 2067 3546 2116 astare.

1979 2161 2137 2214 quam
2172 2156 2569 2201 concertantem
2593 2162 2692 2212 ;ne
2712 2147 2849 2202 forte
2871 2157 3152 2216 praetereat
3179 2163 3276 2202 nos
3307 2148 3551 2202 veritatis

1981 2237 2240 2301 inventio,
2264 2253 2327 2291 ac
2358 2254 2508 2292 meus
2540 2254 2694 2293 error
2723 2255 3008 2294 commune
3034 2239 3363 2295 audientium
3395 2241 3552 2294 dam-

1980 2343 2106 2381 num
2146 2329 2257 2383 ﬁat.
2298 2329 2566 2395 Quorsum
2601 2331 2710 2401 50
2738 2332 2850 2386 [nec
2890 2331 3136 2386 tandem?
3164 2331 3297 2398 Quia
3326 2346 3446 2386 cum
3477 2331 3556 2385 in-

1981 2420 2243 2489 quirenda
2279 2420 2448 2486 nobis
2482 2433 2812 2491 preponatur
2855 2423 3037 2476 mundi
3070 2423 3402 2486 constitutio,
3435 2423 3554 2477 uni-

1981 2512 2231 2580 versique
2269 2513 2673 2580 contemplatio,
2708 2529 2826 2581 qua:
2850 2529 2914 2568 ex
2944 2514 3124 2568 mundi
3167 2516 3428 2584 sapientia
3458 2531 3555 2568 ne-

1982 2615 2249 2669 quaquam
2280 2601 2602 2671 principium
2657 2604 2824 2669 ducit,
2867 2605 2960 2657 sed
2997 2620 3062 2658 ex
3109 2605 3193 2658 his
3234 2620 3354 2675 qua:
3395 2621 3550 2662 suum

1984 2704 2195 2744 servum
2231 2689 2372 2744 Deus
2392 2691 2593 2757 docuit,
2624 2691 2698 2744 illi
2729 2691 2780 2745 in
2805 2693 3006 2759 specie,
3032 2705 3138 2744 non
3167 2706 3263 2759 per
3295 2690 3553 2759 aenigma-

1985 2790 2035 2837 ta
2058 2781 2268 2838 locutus
2303 2800 2319 2843 :7
2346 2798 2562 2837 necesse
2596 2795 2680 2837 est
2724 2783 2962 2848 omnino,
2998 2783 3296 2851 ingentium
3339 2792 3553 2852 specta-

1984 2872 2227 2927 culorum
2253 2884 2522 2927 amatores
2556 2887 2659 2926 non
2688 2873 2926 2926 animum
2973 2871 3173 2925 habere
3209 2872 3272 2924 ad
3306 2870 3553 2940 proposi-

1988 2973 2165 3017 tarum
2235 2963 2389 3018 nabis
2443 2978 2624 3016 rerum
2668 2963 3068 3032 perceptionem
3122 2962 3555 3020 inexercitatum,

295 3071 408 3105 νων
442 3053 580 3122 ἡμῖν
607 3051 954 3122 κατανόησιν.
977 3053 1045 3104 Εἴ
1070 3069 1198 3104 ποτε
1221 3048 1334 3118 οὖν,
1360 3055 1417 3106 ἐν
1457 3053 1645 3125 αἰθρίᾳ
1697 3069 1884 3106 νυκτε-

1988 3053 2173 3124 Itaque
2202 3053 2246 3107 si
2285 3068 2517 3122 unquam
2551 3053 2601 3106 in
2629 3061 2889 3107 nocturna
2931 3052 3248 3115 serenitate,
3280 3051 3558 3104 inenarra-

299 3147 450 3215 ρινῇ,
477 3142 616 3212 πρὸς
637 3142 705 3196 τὰ
730 3143 941 3215 ἄρρητα
974 3143 1143 3214 κάλλη
1166 3143 1272 3196 τῶν
1297 3145 1511 3216 ἄστρων
1537 3145 1646 3217 (84)
1698 3147 1883 3200 ὲνατε-

295 3235 481 3300 νίσας,
515 3234 718 3287 ἔννοιαν
766 3235 956 3296 ἔλαϐες
992 3234 1085 3287 τοῦ
1134 3235 1377 3304 τεχνίτου
1419 3235 1526 3288 τῶν
1554 3236 1720 3300 ὅλων,
1749 3235 1832 3300 τίς
1856 3238 1884 3288 ὁ

293 3329 415 3388 ⁴ιιοῖς
438 3325 626 3379 ἄνθεσι
647 3326 853 3390 τούτοις
876 3327 1211 3390 διαποικίλας
1232 3328 1320 3380 τὸν
1343 3328 1590 3398 οὐρανὸν,
1622 3330 1715 3381 καὶ
1737 3329 1884 3392 ὅπως

296 3420 360 3473 ἐν
403 3421 521 3482 τοῖς
562 3418 855 3490 ὁρωμένοις
899 3420 1059 3473 πλέον
1103 3419 1196 3473 τοῦ
1228 3420 1460 3491 τερπνοῦ
1500 3421 1560 3477 τὸ
1592 3422 1884 3490 ἀναγκαῖόν

297 3512 460 3566 ἐστι·
528 3512 689 3564 πάλιν
759 3513 816 3565 ἐν
869 3513 1050 3584 ἡμέρᾳ
1111 3515 1161 3566 εἰ
1221 3515 1444 3584 νήφοντι
1507 3513 1586 3585 τῷ
1642 3514 1886 3587 λογισμῷ

297 3603 622 3676 κατέμαθες
678 3605 748 3658 τὰ
782 3605 880 3675 τῆς
919 3606 1133 3677 ἡμέρας
1175 3604 1449 3676 Θαύματα,
1497 3609 1590 3661 καὶ
1630 3608 1719 3661 διὰ
1777 3591 1887 3662 τῶν

293 3697 603 3770 ὁρωμένων
660 3697 955 3766 ἀνελογίσω
1002 3697 1090 3750 τὸν
1145 3699 1241 3767 οὐχ
1285 3698 1581 3769 ὁρώμενον,
1635 3700 1888 3772 ὲμπαρά-

298 3808 506 3855 σκευος
536 3791 693 3861 ἥκεις
735 3790 1008 3862 ἀκροατὴς
1052 3791 1145 3843 καὶ
1169 3790 1394 3862 πρέπων
1440 3790 1518 3861 τῷ
1565 3790 1888 3867 πληρώματι

298 3883 403 3937 τοῦ
435 3881 635 3954 σεμνοῦ
665 3883 855 3935 τούτου
898 3883 989 3936 καὶ
1023 3883 1293 3953 μακαρίου
1329 3882 1577 3954 θεάτρου.
1614 3883 1782 3954 Δεῦρο
1824 3883 1887 3955 δὴ

298 3972 424 4040 οὖν,
452 3973 642 4046 ὥσπερ
683 3974 734 4028 οἱ
772 3975 898 4036 τοὺς
937 3974 1124 4045 ἀήθεις
1162 3973 1269 4026 τῶν
1298 3973 1507 4026 πόλεων
1553 3974 1653 4044 τῆς
1709 3973 1889 4044 χειρὸς

301 4068 598 4139 λαϐόμενοι
646 4067 1057 4138 περιηγοῦνται,
1093 4067 1233 4128 οὕτω
1263 4065 1327 4136 δὴ
1353 4067 1447 4130 καὶ
1487 4065 1650 4128 αὐτὸς
1705 4067 1797 4118 ἐπὶ
1822 4064 1892 4117 τὰ

304 4161 671 4231 κεκρυμμένα
735 4160 985 4230 θαύματα
1036 4161 1180 4230 ὑμᾶς
1233 4159 1331 4229 τῆς
1389 4159 1632 4229 μεγάλης
1690 4157 1892 4228 ταύτης

305 4251 524 4314 πόλεως
556 4251 855 4321 ξεναγήσω.
897 4252 984 4303 Ἐν
1002 4253 1068 4321 τῇ
1094 4249 1243 4302 πόλει
1271 4249 1461 4320 ταύτῃ,
1479 4251 1533 4302 ἐν
1627 4252 1658 4320 ἡ
1691 4248 1891 4319 ἀρχαία

306 4343 519 4414 πατρὶς
546 4342 702 4414 ήμῶν
736 4341 866 4415 (85),
907 4338 973 4414 ἧς
1006 4341 1402 4411 μετανέστησεν
1428 4343 1574 4422 ἡμᾶς
1625 4342 1652 4392 ὁ
1686 4339 1891 4410 ἀνθρω-

1987 3142 2148 3197 bilem
2197 3149 2463 3196 astrorum
2507 3141 2958 3212 pulchritudinem
3002 3142 3223 3196 intentis
3265 3141 3436 3196 oculis
3461 3131 3560 3196 sui

1986 3235 2246 3305 spiciens,
2276 3235 2342 3288 de
2388 3235 2764 3290 universorum
2797 3234 2986 3304 Opiﬁce
3017 3233 3281 3304 cegitasti,
3312 3233 3555 3303 quisnam

1988 3328 2034 3382 is
2065 3329 2157 3391 sit,
2186 3329 2275 3397 qui
2310 3328 2396 3382 his
2417 3325 2640 3387 ﬂoribus
2669 3326 2864 3381 coelum
2896 3327 3163 3390 distinxit,
3199 3334 3255 3381 et
3286 3326 3559 3394 quomodo

1988 3421 2039 3474 in
2086 3419 2246 3480 rebus
2289 3419 2588 3474 visibilibus
2629 3417 2800 3486 major
2837 3419 2907 3471 sit
2941 3418 3169 3483 utilitas,
3217 3432 3380 3487 quam
3408 3417 3559 3470 γοιυ.

1987 3525 2139 3582 ptas;
2170 3526 2357 3565 rursus
2397 3510 2442 3564 si
2479 3510 2709 3564 interdiu
2745 3508 2851 3562 diei
2885 3509 3140 3562 miracula
3172 3508 3425 3572 didicisti,
3463 3523 3558 3576 pett

1991 3605 2299 3674 diligentem
2327 3601 2758 3667 meditationem,
2785 3599 3218 3668 invisibilemque
3245 3615 3340 3668 per
3371 3598 3558 3652 visibi.

1988 3694 2056 3748 lia
2085 3694 2386 3760 aastimasti,
2408 3702 2625 3762 paratus
2648 3692 2862 3747 accedis
2895 3691 3129 3755 auditor,
3157 3705 3220 3745 ac
3248 3691 3441 3760 dignus
3466 3689 3561 3758 qui

1990 3785 2352 3840 venerandum
2405 3784 2532 3838 illud
2574 3798 2635 3838 ac
2690 3784 2902 3837 beatum
2943 3782 3210 3839 theatrum
3259 3780 3556 3850 compleas.

1988 3877 2102 3948 Age
2154 3877 2348 3946 igitur,“
2373 3877 2824 3945 quemadmodum
2881 3875 2970 3944 qui
3033 3875 3244 3929 urbium
3296 3875 3563 3937 insuetos,

1992 3985 2152 4023 manu
2221 3969 2578 4040 apprehensa,
2613 3966 3160 4022 circumducuntzita
3220 3974 3274 4020 et
3325 3965 3442 4036 ipse
3493 3965 3562 4019 ad

1991 4060 2199 4114 occulta
2259 4074 2464 4129 magna:
2499 4059 2652 4115 istius
2706 4059 2942 4113 civitatis
2989 4055 3246 4111 mira'eula
3300 4071 3396 4111 vos
3452 4064 3565 4110 tan-

1991 4167 2151 4222 quam
2186 4151 2497 4220 peregrinos
2538 4153 2856 4208 conducant.
2901 4151 2957 4205 In
2990 4151 3205 4205 civitate
3234 4149 3343 4215 illa,
3373 4150 3424 4203 in
3457 4163 3568 4218 qua

1994 4253 2076 4298 est
2100 4253 2254 4300 vetus
2287 4245 2460 4313 patria
2507 4250 2716 4310 nostra,
2749 4259 2816 4298 ex
2851 4258 2954 4313 qua
2975 4233 3198 4314 expulit
3227 4257 3324 4298 nos
3353 4242 3560 4296 daamon

1994 4335 2262 4390 homicida
2295 4335 2405 4403 ille,
2443 4337 2532 4405 qui
2581 4335 2692 4390 suis
2733 4335 3004 4391 illecebris
3052 4336 3322 4390 hominem
3359 4333 3565 4405 redegit

305 4435 576 4498 ποκτόνος
594 4434 820 4505 δαίμων,
848 4437 958 4497 τοῖς
993 4435 1181 4487 ἑαυτοῦ
1210 4434 1568 4505 δελεάσμασιν
1616 4434 1884 4504 ἀνδραπο-

1995 4427 2044 4480 in
2077 4428 2389 4480 servitutem
2433 4428 2755 4480 :intuebere
2796 4426 2886 4480 hic
2932 4428 3160 4496 primam
3197 4425 3428 4480 hominis
3473 4440 3566 4494 ge~

304 4528 472 4590 δίσας
498 4525 588 4579 τὸν
618 4525 928 4596 ἄνθρωπον·
975 4525 1207 4579 ἐνταῦθα
1258 4526 1479 4595 κατόψει
1531 4525 1627 4595 τὴν
1667 4524 1889 4596 πρώτην

300 4617 411 4674 τοῦ
439 4616 722 4689 ἀνθρώπου
751 4618 982 4686 γένεσιν,
1025 4618 1116 4672 καί
1146 4618 1235 4671 τὸν
1270 4618 1430 4681 εὐθὺς
1459 4619 1608 4688 ἡμᾶς
1629 4619 1892 4672 ἐπικατα-

303 4709 550 4764 λαϐόντα
590 4708 697 4782 (86)
743 4709 994 4763 θάνατον·
1027 4710 1084 4763 ὃν
1132 4709 1416 4779 ἐγέννησεν
1462 4713 1495 4780 ἡ
1531 4711 1791 4781 ἁμαρτία,
1833 4711 1892 4763 τὸ

301 4801 664 4876 πρωτότοκον
721 4801 940 4869 ἔκγονον
982 4799 1075 4854 τοῦ
1123 4801 1433 4872 ἀρχεκάκου
1481 4801 1750 4870 δαίμονος.
1782 4799 1891 4854 Καὶ

301 4893 605 4965 γνωρίσεις
647 4893 838 4947 σαυτὸν
884 4893 1066 4964 γήινον
1124 4893 1221 4963 μὲν
1255 4896 1321 4964 τῇ
1373 4893 1560 4961 φύσει,
1615 4891 1774 4960 ἔργον
1833 4890 1892 4959 δε

302 4987 476 5042 θείων
503 4986 701 5058 χειρῶν
720 5002 733 5015 ·
757 4985 979 5055 δυνάμει
1015 4985 1111 5056 μὲν
1134 4985 1224 5038 καὶ
1241 4984 1524 5056 παραπολὺ
1553 4984 1659 5037 τῶν
1683 4983 1944 5062 ἀλόω

299 5080 670 5149 λειπόμενον,
715 5078 952 5150 ἄρχοντα
1003 5077 1060 5130 δὲ
1120 5077 1495 5149 χειροτονητὸν
1528 5077 1638 5133 τῶν
1680 5076 1888 5144 ἀλόγων

304 5173 413 5226 καὶ
462 5171 572 5226 τῶν
626 5168 883 5241 ἀψύχωνο
926 5173 1045 5233 ταῖς
1088 5170 1186 5238 μὲν
1227 5171 1292 5223 ἐκ
1330 5169 1428 5241 τῆς
1462 5168 1675 5237 φύσεως
1706 5185 1887 5239 παρα-

393 5329 504 5399 (8|)
543 5328 656 5400 Illa,
691 5331 807 5400 Καὶ.
830 5325 982 5383 εἶπεν
1014 5332 1041 5384 ὁ
1075 5330 1240 5392 Θεός·
1270 5327 1650 5400 Γενεθήτωσαν
1683 5329 1893 5399 φωστῆ-

311 5391 419 5473 ρες
443 5391 498 5473 έν
518 5398 594 5473 τῷ
622 5391 955 5473 στερεώματι
980 5403 1072 5454 τοῦ
1095 5391 1346 5473 οὐρανοῦ,
1373 5391 1713 5473 reperiuntur
1740 5391 1891 5473 initio

311 5467 582 5523 orationis
623 5470 673 5521 in
719 5467 838 5524 imo'
865 5483 956 5524 aut
987 5467 1172 5526 ιιίιθῐο
1193 5471 1378 5524 codice
1417 5467 1448 5526 ε’
1471 5469 1562 5522 sed
1597 5468 1785 5522 desunt
1837 5470 1888 5522 in

313 5538 740 5606 antiquioribus,
788 5550 914 5610 puta
963 5543 1014 5596 in
1059 5552 1284 5610 utroque
1336 5538 1497 5594 Coisl.
1557 5537 1664 5592 Nos
1701 5539 1889 5594 omisi-

311 5624 468 5664 mus.

325 5668 337 5680 ’
399 5677 511 5748 (82)
550 5680 654 5745 Et;
690 5679 754 5731 τὸ
781 5680 1047 5744 στάδιον,
1077 5691 1180 5735 etc.
1213 5680 1354 5748 Lege
1391 5679 1663 5733 Ducat-um.

397 5746 508 5831 (85)
551 5749 682 5819 Reg.
710 5759 891 5807 sextus
925 5752 1047 5835 ἐμοὶ
1075 5751 1237 5806 δοκεῖ.
1270 5746 1388 5806 Μοι
1429 5766 1570 5806 unus
1614 5766 1715 5829 ms.
1744 5749 1884 5818 ᾁγωο

1994 4520 2345 4585 nerationem,
2385 4529 2438 4574 et
2475 4520 2618 4576 illam
2675 4537 2793 4590 quae
2837 4537 2935 4575 nos
2972 4522 3155 4575 statim
3207 4521 3566 4590 apprehendit

1993 4625 2220 4668 mortem
2255 4635 2270 4678 ε,
2295 4631 2453 4684 quam
2484 4617 2688 4684 peperit
2722 4629 3027 4685 peccatum,
3050 4615 3435 4686 primogenitus
3473 4613 3569 4668 ille

1997 4709 2250 4763 daamonis
2275 4707 2537 4760 malorum
2568 4709 2804 4762 auctoris
2828 4719 3036 4778 partus.
3065 4708 3202 4776 Quin
3229 4719 3285 4762 et
3311 4717 3362 4763 te
3390 4709 3564 4777 ipsum

1996 4815 2186 4855 nosces
2218 4809 2275 4853 ut
2315 4808 2508 4854 natura
2552 4809 2808 4866 terreum,
2841 4801 2913 4856 ita
2959 4817 3214 4856 manuum
3257 4801 3562 4856 divinarum

1995 4909 2130 4964 opus
2161 4909 2174 4946 :
2200 4893 2405 4946 viribus
2439 4893 2653 4962 quidem
2697 4892 2854 4964 longe
2899 4894 3074 4948 brutis
3104 4892 3425 4948 animalibus
3456 4893 3562 4946 im-

1995 5001 2200 5056 parem,
2229 4984 2619 5038 irrationalium
2661 5001 2790 5040 vero
2818 4993 2872 5041 et
2916 4985 3332 5040 inanimatorum
3366 4985 3562 5054 princi-

1995 5090 2114 5146 pem
2141 5077 2490 5131 constitulum
2519 5094 2532 5130 :
2562 5076 2871 5131 inferiorem
2901 5077 3114 5147 quidem
3135 5077 3365 5132 naturali
3393 5093 3525 5146 appa
3540 5107 3568 5134 -.

1997 5178 2140 5234 ratu,
2181 5181 2303 5222 eum
2343 5183 2491 5233 vero,
2524 5169 2614 5240 qui
2657 5169 2882 5223 rationis
2931 5168 3241 5239 praestantia
3277 5168 3451 5237 possis
3491 5170 3558 5222 ad

1987 5327 2182 5382 νιστῶν
2216 5327 2462 5391 ἕκαστος.

2061 5396 2173 5470 (84)
2214 5397 2461 5470 Nonnulli
2504 5413 2635 5470 mss.
2658 5399 2767 5452 τῶν
2799 5398 3063 5470 ἀστέρων.

2061 5460 2392 5541 (85)_(Iodex
2414 5468 2582 5541 Bodl.
2675 5470 2876 5541 ἀρχαία
2912 5460 3129 5537 πατρὶς,
3152 5468 3352 5540 πατρὶς
3378 5467 3562 5538 ἡμῶν..

1988 5549 2134 5590 vetus
2156 5537 2254 5590 illa
2287 5539 2482 5604 patria,
2512 5537 2687 5605 patria
2717 5537 2922 5592 nostra.

2061 5607 2172 5679 (86)
2213 5609 2288 5664 Ita
2327 5607 2570 5679 Combef.
2602 5624 2722 5664 cum
2773 5609 2890 5665 aliis
2938 5618 3168 5679 quatuor
3215 5623 3328 5664 mss
3381 5609 3558 5664 Editio

1988 5675 2059 5733 Pa
2069 5675 2161 5737 ris.
2185 5677 2572 5733 καταλαϐόντα.
