4082 6218
517 355 619 412 119

1833 311 1906 402 ε.
1949 342 2195 400 nasum
2235 341 2448 398 MAGNl

3653 335 3768 392 120

515 478 692 548 ipsum
748 473 942 530 cmlum
1000 472 1178 528 evehi.
1237 470 1429 526 lstltaec
1486 469 1529 522 si
1586 468 1846 523 fuerimus
1887 467 2081 529 edocti,

2202 467 2407 527 manat;
2440 460 2847 532 ἐλαττούμενον,
2882 460 2950 529 τῇ
2993 455 3052 509 δὲ
3097 453 3195 508 τοῦ
3257 453 3414 522 λόγου
3462 454 3759 524 περιουσίᾳ

518 566 871 634 nosmetipsos
902 578 1316 635 cognoscemus,
1360 575 1550 616 sumus
1593 562 1758 615 Deum
1788 557 2082 630 cognituri,

516 656 861 713 adorabimus
889 653 1234 710 Conditorem
1255 691 1270 716 ,
1309 651 1538 706 Domino
1569 649 1886 716 serviemus,
1920 647 2086 718 glori-

519 747 798 803 ﬁcabimus
829 745 1066 808 Patrem,
1107 752 1349 798 nostrum
1399 742 1702 795 amabimus
1739 740 2082 802 nutritorem,

521 838 889 892 reverebimur
927 833 1378 899 benefacientem,
1418 841 1616 888 nostra:
1647 832 1774 886 vitae
1806 830 2087 902 praesentis

519 940 573 984 et
597 933 788 984 futurae
817 939 1096 984 auctorem
1127 926 1306 982 colere
1349 941 1452 980 non
1485 926 1792 980 desinemus
1821 946 1832 978 :
1865 923 1954 993 qui
1983 923 2089 978 sci-

521 1023 645 1076 licet
679 1036 773 1091 per
803 1037 895 1076 eas
939 1036 1073 1090 quas
1099 1019 1206 1089 jam
1249 1019 1476 1088 largitus
1509 1026 1592 1073 est
1639 1018 1876 1082 divitias,
1923 1017 2084 1070 etiam

521 1113 676 1166 bonis
707 1112 989 1179 promissis
1021 1111 1178 1166 ﬁdem
1218 1109 1402 1173 faciat.
1436 1125 1497 1164 ac
1519 1124 1580 1163 ea
1619 1125 1738 1179 quae
1768 1118 2089 1178 exspectan-

523 1212 630 1266 tur,
656 1204 997 1272 praesentium
1041 1202 1411 1270 experimento
1457 1201 1611 1255 nobis
1654 1201 1956 1255 confirmet.
1995 1200 2088 1254 Et-

522 1295 666 1349 enim
696 1295 741 1349 si
773 1293 1093 1364 temporaria
1127 1292 1250 1346 talia
1275 1301 1418 1359 sunt,
1443 1291 1624 1362 qualia
1659 1300 1818 1346 erunt
1849 1289 2089 1346 acterna?

525 1379 654 1433 Item
689 1381 732 1435 si
767 1381 990 1435 visibilia
1025 1382 1158 1434 adeo
1181 1380 1403 1449 pulchra
1434 1389 1579 1444 sunt,
1607 1379 1784 1451 qualia
1819 1381 2087 1435 censenda

526 1480 654 1526 sunt
681 1470 1010 1526 invisibilia?
1050 1472 1106 1526 Si
1142 1473 1265 1527 (ξωιί
1307 1473 1616 1542 magnitudo
1666 1481 1955 1542 exsuperat
1989 1473 2088 1526 hu-

527 1577 702 1616 mana:
733 1561 1095 1630 intelligentia:
1136 1577 1469 1625 mensuram,
1507 1563 1755 1628 quisnam
1783 1561 2090 1616 intellectus

526 1652 704 1706 valeat
746 1653 1200 1721 sempiternorum
1237 1663 1484 1707 naturam
1520 1653 1895 1721 perscrutari?
1922 1653 1978 1707 Si
2009 1651 2089 1707 sol

525 1743 619 1798 ille
652 1745 984 1812 corruptioni
1030 1745 1319 1809 obnoxius,
1344 1745 1480 1798 adeo
1510 1744 1731 1812 pulcher
1758 1752 1838 1798 est
1863 1755 1917 1798 et
1955 1744 2090 1798 adeo

2186 556 2322 628 πρὸς
2365 554 2592 627 οὐρανὸν
2627 551 2789 607 αὑτὸν
2834 546 3205 620 ὑπραρθῆναι
3259 544 3574 614 δυνάμενον.
3628 544 3766 599 Ἐὰν

2183 651 2352 703 ταῦτα
2394 646 2674 718 μάθωμεν,
2707 642 2933 705 ἑαυτοὺς
2965 637 3403 709 ἐπιγνωσόμεθα,
3446 637 3588 690 Θεὸν
3612 654 3763 704 γνω-

2189 743 2428 814 ρίσομεν,
2451 737 2542 792 τὸν
2578 737 2840 790 κτίσαντα
2885 732 3356 804 προσκυνήσομεν,
3381 727 3460 798 τῷ
3510 729 3780 803 Menona.

2184 831 2579 900 δουλεύσομεν,
2615 827 2707 881 τὸν
2759 825 2975 896 Πατέρα
3035 821 3365 891 δοξάσομεν,
3405 821 3495 874 τὸν
3547 821 3759 890 τροφέα

2186 924 2342 996 ήμῶν
2373 922 2752 992 ἀγαπήσομεν,
2801 917 2892 972 τὸν
2957 914 3247 986 εὐεργέτην
3303 911 3762 982 αίδεσθησόμεθα,

2187 1018 2276 1071 τὸν
2302 1016 2541 1089 ἀρχηγὸν
2576 1015 2676 1085 τῆς
2709 1011 2855 1083 ζωῆς
2898 1010 3054 1083 ήμῶν
3081 1010 3180 1081 τῆς
3206 1005 3486 1078 παρούσης
3524 1009 3616 1060 κα)⁸
3655 1007 3758 1076 τῆς

2189 1109 2487 1182 μελλούσης
2538 1105 2964 1178 προσκυνοῦντες
2999 1105 3101 1157 ούκ
3147 1099 3507 1172 ἀπολήξομεν,
3556 1099 3644 1152 τὸν
3685 1098 3756 1153 δι’

2187 1197 2246 1257 οὗ
2280 1199 2582 1278 παρέσχετο
2615 1197 2712 1268 ήδη
2769 1196 2998 1250 πλούτου
3029 1194 3138 1266 (87)
3171 1194 3265 1248 καὶ
3307 1193 3380 1246 τά
3422 1195 3479 1246 ἐν
3518 1194 3764 1262 ἐπαγγε-

2188 1293 2329 1355 λίαις
2369 1289 2758 1360 πιστούμενον,
2801 1287 2896 1341 κα.)¹
2936 1290 3002 1358 τῇ
3064 1286 3226 1358 πείρᾳ
3291 1285 3402 1339 τῶν
3472 1285 3774 1356 παρόντων.

2194 1384 2511 1455 βεϐαιοῦντα
2541 1384 2672 1452 ἡμῖν
2701 1381 2770 1434 τὰ
2798 1380 3235 1452 προσδοκώμενα.
3260 1381 3322 1433 Εἰ
3349 1378 3457 1449 γάρ
3494 1379 3564 1431 τὰ
3591 1378 3763 1449 πρόσ-

2188 1493 2358 1546 καιρα
2389 1474 2632 1537 τοιαῦτα,
2664 1474 2880 1527 ποταπά
2913 1471 2983 1525 τά
3017 1470 3242 1532 ultima;
3276 1472 3388 1524 Καὶ
3422 1472 3471 1523 εί
3517 1471 3586 1525 τά
3616 1469 3762 1540 ὁρώ-

2192 1583 2325 1637 μενα
2379 1563 2522 1617 οὓτω
2585 1561 2744 1627 καλὰ,
2779 1560 2998 1615 ποταπά
3043 1560 3110 1612 τὰ
3152 1560 3391 1630 ἀόρατας
3421 1560 3484 1611 Et
3527 1557 3763 1630 ούρανοῦ

2193 1655 2418 1726 μέγεθος
2448 1655 2644 1725 μέτρον
2668 1651 3010 1724 ἀνθρωπίνης
3047 1651 3283 1714 διανοίας
3319 1650 3588 1716 ἐκϐαίνει,
3646 1649 3764 1703 τῶν

2191 1748 2374 1802 ἀϊδίων
2405 1747 2504 1820 τήν
2539 1745 2698 1814 φύσιν
2725 1745 2807 1809 τίς
2833 1745 2942 1816 ἀρα
2965 1743 3088 1808 νοῦς
3122 1743 3420 1815 ἐξιχνιάσαι
3447 1743 3762 1813 δυνήσεται;

527 1853 772 1908 magnus,
796 1849 916 1892 cum
959 1838 1114 1892 velox
1157 1838 1222 1892 ad
1267 1847 1492 1902 motum,
1530 1844 1640 1890 tum
1672 1837 1950 1891 ordinatos
1987 1838 2092 1891 cir-

2202 1840 2257 1891 Εί
2289 1841 2316 1892 6
2344 1841 2410 1910 τῇ
2455 1819 2628 1909 φθορᾷ
2659 1835 3014 1907 ὑποκείμενος
3061 1836 3210 1906 ἥλιος
3244 1836 3354 1906 (88)
3391 1834 3533 1888 οὕτω
3577 1833 3764 1896 καλὸς,

525 1932 703 1984 cuitus
722 1929 964 2000 esplens,
987 1929 1406 1999 magnitudinem
1432 1929 1649 1997 quidem
1681 1929 1746 1982 ad
1783 1929 2090 1983 universum

527 2021 600 2075 ita
639 2023 1101 2077 accommodatam
1139 2030 1353 2086 nactus,
1379 2030 1436 2074 ut
1462 2035 1602 2086 eam,
1627 2035 1787 2089 quam
1817 2035 1938 2076 cum
1975 2021 2094 2075 uni-

529 2127 686 2166 verso
714 2113 894 2178 habet,
946 2113 1346 2182 proportionem
1398 2128 1504 2170 non
1544 2114 1787 2178 excedat,
1826 2127 1925 2166 sua
1968 2127 2096 2166 vero

527 2205 928 2273 pulchritudine
968 2213 1222 2275 tanquam
1274 2215 1480 2259 natura
1520 2204 1708 2259 oculus
1738 2204 1954 2274 quidam
1984 2204 2096 2274 pel-

530 2295 742 2351 lucidus
777 2311 864 2352 res
897 2306 1109 2350 creatas
1152 2295 1525 2351 condecorans
1549 2312 1566 2350 :
1593 2297 1748 2364 hujus
1783 2297 1828 2350 si
1877 2295 2096 2350 insatia-

532 2384 656 2439 bilis
681 2394 764 2439 est
801 2395 1071 2453 aspectus,
1104 2385 1245 2454 quali
1295 2385 1700 2455 pulchritudine
1745 2386 1826 2440 sol
1876 2385 2098 2454 justitia:

532 2477 793 2548 prmditus
824 2477 941 2531 est?
981 2475 1036 2530 Si
1076 2478 1218 2531 hunc
1261 2476 1429 2532 solem
1460 2491 1564 2530 non
1596 2477 1927 2546 conspicere,
1957 2491 2097 2531 cmco

533 2567 916 2621 detrimentum
960 2577 1085 2622 est:
1124 2568 1280 2637 quale
1307 2577 1389 2623 est
1440 2568 1710 2638 peccaturi
1759 2567 2096 2638 dispendium

533 2658 652 2713 luce
685 2674 810 2713 vera
841 2659 1068 2714 carere?

601 2750 654 2804 2.
700 2749 766 2803 Et
792 2752 925 2805 dixit
961 2750 1141 2806 Deus:
1171 2750 1332 2805 Fiant
1366 2751 1655 2805 luminaria
1684 2751 1738 2804 in
1763 2751 2097 2819 firmamento

533 2841 648 2896 ccli
681 2843 749 2894 ad
781 2841 1217 2896 illuminalionem
1239 2859 1394 2910 super
1420 2852 1613 2896 terram
1639 2859 1656 2896 :
1683 2851 1739 2894 ut
1764 2840 1864 2911 51
1894 2843 2098 2896 discer-

535 2944 658 2986 nant
703 2935 838 2988 inter
887 2935 1023 2987 diem
1061 2943 1106 2986 et
1145 2934 1426 2987 noctem".
1457 2933 1663 2988 Caelum
1696 2943 1750 2986 et
1789 2944 1930 2986 terra
1967 2949 2102 3003 prte-

532 3035 810 3080 cesserant
838 3043 853 3080 :
883 3035 1004 3095 post
1033 3025 1148 3080 hate
1184 3023 1362 3078 fuerat
1388 3024 1475 3076 lux
1505 3035 1685 3078 creata
1716 3043 1730 3078 :
1762 3024 1879 3079 dies
1914 3035 1967 3079 et
1996 3040 2100 3080 nox

2195 1931 2337 1984 οῦτω
2368 1929 2562 2001 μέγας,
2591 1928 2715 1992 ὀξὺς
2773 1928 2868 1999 μὲν
2901 1926 3208 1999 κινηθῆναι,
3238 1928 3530 1990 εὐτάκτους
3570 1927 3626 1980 δὲ
3661 1927 3768 1990 τὰς

2196 2021 2474 2093 περιόδους
2496 2019 2795 2086 ἀποδιδοὺς,
2828 2019 3136 2090 σύμμετρον
3162 2020 3258 2089 μὲν
3285 2019 3422 2090 έχων
3442 2019 3502 2072 τὸ
3535 2020 3767 2089 μέγεθος

2195 2116 2273 2186 τῷ
2301 2115 2483 2178 παντὶ,
2519 2113 2659 2166 ὥστε
2693 2113 2766 2184 μὴ
2796 2113 3066 2167 ἐκϐαίνειν
3103 2112 3199 2183 τὴν
3231 2112 3367 2184 πρδς
3401 2111 3463 2164 τὸ
3487 2111 3606 2165 ὅλον
3634 2113 3770 2164 ἁνα-

2196 2207 2380 2275 λογίαν
2408 2223 2422 2236 ·
2453 2205 2530 2277 τῷ
2555 2206 2612 2259 δὲ
2644 2205 2829 2259 κάλλει
2859 2205 2960 2276 τῆς
2992 2204 3204 2274 φύσεως
3235 2198 3345 2257 οἶόν
3379 2221 3462 2268 τις
3492 2201 3768 2272 ὀφθαλμὸς

2195 2297 2419 2368 διαυγὴς
2447 2297 2745 2369 ἐμπρέπων
2773 2299 2837 2367 τῇ
2873 2295 3073 2350 κτίσει·
3099 2298 3148 2349 εί
3196 2295 3488 2364 ἀκόρεστος
3512 2294 3699 2347 τούτου
3728 2293 3770 2365 ἡ

2199 2389 2318 2456 θέα,
2351 2389 2588 2452 ποταπὸς
2613 2387 2690 2458 τῷ
2717 2387 2900 2441 κάλλει
2929 2389 2957 2440 6
2980 2388 3079 2456 τῆς
3104 2387 3444 2456 δικαιοσύνης
3474 2386 3657 2456 ῆλιος;
3698 2387 3768 2440 El

2197 2480 2382 2552 τυφλῷ
2412 2481 2581 2551 ζημία
2623 2479 2810 2533 τοῦτον
2843 2479 2918 2551 μὴ
2954 2479 3170 2549 βλέπειν
3192 2518 3206 2543 ,
3235 2467 3453 2549 ποταπὴ
3487 2478 3656 2548 ζημία
3681 2474 3770 2549 τῷ

2197 2573 2506 2645 ἁμαρτωλῷ
2527 2571 2620 2626 τοῦ
2650 2570 2903 2644 ἀληθινοῦ
2939 2572 3116 2642 φωτὸς
3144 2570 3471 2643 στερηθῆναι
3496 2587 3514 2636 ;

2267 2755 2321 2808 2.
2356 2755 2466 2809 Kal
2498 2751 2667 2809 εἶπεν
2695 2755 2728 2807 ὁ
2771 2752 2947 2818 Θεός·
2975 2750 3415 2821 Γενηθήτωσαν
3455 2750 3772 2820 φωστῆρες

2197 2845 2267 2900 ἐν
2291 2845 2371 2912 τῷ
2421 2845 2778 2916 στερεώματι
2825 2845 2931 2900 τοῦ
2986 2843 3243 2913 οὐρανοῦ
3288 2845 3376 2909 εὶς
3402 2841 3632 2912 ψαῦσιν
3668 2843 3780 2896 ἐπὶ

2199 2938 2311 3005 τῆς
2333 2937 2474 3007 γῆς·
2503 2936 2658 2992 ὥστε
2711 2935 3075 3006 διαχωρίζειν
3116 2934 3226 3006 (89)
3280 2935 3397 2989 ἀνὰ
3438 2932 3634 3003 μέσον
3656 2932 3770 3001 τῆς

2199 3029 2422 3102 ἡμέρας
2445 3028 2544 3082 καί
2570 3027 2685 3083 ἀνὰ
2707 3027 2902 3096 μέσον
2924 3026 3032 3096 τῆς
3058 3027 3294 3092 νυκτός.
3328 3025 3567 3097 Οὐρανὸς
3586 3042 3773 3096 προει-

535 3119 782 3172 discreta:
817 3117 1028 3170 fuerant
1060 3134 1073 3169 ε
1104 3120 1230 3170 item
1271 3115 1472 3169 factum
1518 3127 1634 3170 erat
1676 3116 2098 3183 ﬁrmamentum,

2203 3121 2360 3192 λήφει
2395 3119 2489 3172 καὶ
2519 3118 2626 3189 γῆ·
2667 3117 2728 3170 τὸ
2781 3115 2897 3187 φῶς
2942 3116 3034 3169 ἐπὶ
3074 3115 3280 3180 τούτοις
3313 3114 3766 3186 δεδημιούργητο·

533 3214 590 3257 et
624 3205 772 3258 arida
808 3205 981 3258 fuerat
1014 3205 1242 3260 detecta.
1294 3205 1530 3259 Collecta
1577 3220 1694 3260 erat
1731 3222 1868 3276 aqua
1912 3207 1962 3260 itt
1993 3217 2103 3260 sta-

538 3295 697 3349 bilem
726 3311 789 3349 ac
817 3296 1091 3350 deﬁnitam
1144 3297 1643 3366 congregationem.
1676 3298 1842 3352 Terra
1870 3297 2104 3368 propriis

536 3385 864 3454 germinibus
885 3386 1212 3440 eratreferta
1245 3406 1257 3442 :
1284 3387 1714 3457 quandoquidem
1741 3398 1795 3443 et
1825 3389 2105 3442 innumera

537 3476 834 3545 protulerat
877 3477 1163 3531 herbarum
1204 3492 1428 3548 genera,
1461 3491 1516 3534 et
1545 3479 1873 3535 omnimodis
1901 3481 2108 3548 planta-

539 3583 657 3622 rum
687 3568 966 3639 speciebus
997 3571 1344 3626 exuberabat.
1377 3570 1614 3627 Necdum
1643 3583 1819 3627 tamen
1857 3581 1974 3626 erat
2001 3572 2103 3638 sol,

541 3678 715 3731 neque
745 3663 868 3717 luna
903 3681 916 3718 :
948 3679 1014 3718 ne
1064 3664 1232 3719 solent
1282 3665 1416 3721 lucis
1465 3677 1740 3721 auctorem
1787 3682 1852 3721 ac
1901 3679 2106 3736 patrem

540 3754 889 3824 appellarent,
927 3772 1058 3811 neve
1088 3757 1178 3826 qui
1206 3756 1373 3812 Deum
1408 3760 1679 3829 ignorant,
1704 3761 1737 3814 ii
1773 3760 2108 3815 arbitraren-

542 3856 631 3899 tur
659 3849 829 3918 ipsum
861 3862 1039 3902 rerum
1071 3863 1100 3902 e
1131 3858 1273 3904 terra
1305 3852 1639 3905 nascentium
1683 3851 1930 3922 Opiﬁcem
1967 3866 2107 3907 esse.

540 3939 879 4008 Quapropter
901 3949 1090 4009 quarta
1115 3940 1223 4006 jam
1253 3941 1367 3996 dies
1387 3953 1712 4008 accesserat,
1739 3952 1787 3996 et
1821 3950 1945 3996 tunc
1973 3943 2111 3996 Deus

541 4029 679 4083 dixit
711 4029 912 4083 :Fiant
945 4031 1229 4102 lqnzinaria
1264 4031 1318 4083 in
1347 4030 1674 4097 ﬁrmamento
1701 4033 1840 4086 coeli.
1872 4032 2003 4086 Cum
2035 4032 2111 4088 lo-

541 4129 794 4187 quentem
832 4134 936 4173 non
971 4119 1204 4187 ignores,
1236 4119 1377 4174 illico
1420 4129 1601 4174 mente
1642 4123 1946 4176 audientem
1989 4137 2114 4175 con-

538 4209 724 4280 junge.
774 4210 918 4263 Dixit
988 4210 1150 4272 Deus,
1217 4209 1381 4265 Fiant
1430 4211 1830 4267 luminaria.....
1881 4224 1928 4267 et
1987 4215 2114 4281 fecit

547 4299 686 4353 Deus
729 4302 833 4355 duo
870 4301 1235 4355 luminaria".
1287 4303 1418 4370 Quis
1478 4305 1636 4369 dixit,
1689 4315 1742 4360 et
1782 4306 1903 4373 quis
1954 4306 2113 4361 fecit?

547 4393 735 4448 Nonne
763 4395 814 4447 in
850 4394 932 4449 his
969 4395 1236 4463 duplicem
1282 4412 1570 4466 personam
1600 4397 1868 4466 percipis?
1906 4397 2115 4468 Ubique

2203 3213 2383 3284 ἡμέρα
2416 3211 2510 3264 καὶ
2571 3209 2666 3276 νὺξ
2710 3208 3044 3280 διεκέκριτο·
3083 3208 3266 3278 πάλιν,
3296 3207 3577 3277 στερέωμα
3600 3246 3615 3270 ,
3672 3207 3782 3284 κὲς

2206 3304 2372 3376 ξηρᾶς
2423 3302 2744 3374 φανέρωσις.
2797 3300 2870 3353 Τὸ
2931 3300 3074 3372 ὕδωρ
3124 3299 3474 3372 συνήθροιστο
3526 3301 3602 3362 είς
3640 3315 3772 3351 συν-

2205 3395 2494 3463 εστηκυῖαν
2534 3391 2628 3444 καὶ
2670 3390 3055 3461 ἀφωρισμένην
3099 3391 3438 3460 συναγωγήν.
3480 3389 3544 3442 Ἢ
3576 3389 3645 3459 γῆ
3670 3405 3770 3440 πε-

2206 3483 2460 3555 πλήρωτο
2485 3485 2596 3546 τοῖς
2624 3481 2841 3545 οἰκείοις
2878 3483 3177 3554 γεννήμασι
3209 3523 3224 3548 ,
3253 3483 3323 3537 τά
3349 3499 3409 3534 τε
3451 3483 3617 3552 μυρία
3639 3480 3781 3552 γένη

2205 3577 2313 3631 τῶν
2365 3577 2601 3647 βοτανῶν
2627 3574 3060 3647 ἐκϐλαστήσασα,
3093 3575 3190 3629 καὶ
3218 3574 3571 3638 παντοδαποῖς
3611 3573 3780 3629 εῐδεσι

2208 3669 2390 3740 φυτῶν
2423 3668 2811 3740 εὐθηνουμένη.
2845 3667 3031 3731 ’Ἤλιος
3059 3667 3114 3720 δὲ
3137 3665 3287 3720 οῦπω
3314 3662 3382 3738 ἦν
3420 3667 3514 3720 καὶ
3555 3665 3777 3735 σελήνη,

2210 3764 2299 3818 ἵνα
2328 3764 2462 3834 μήτε
2485 3761 2660 3831 φωτὸς
2683 3759 2920 3832 ἀρχηγὸν
2942 3760 3035 3813 καὶ
3067 3759 3277 3829 πατέρα
3302 3759 3393 3813 τὸν
3407 3758 3559 3829 ἥλιον
3582 3758 3784 3828 όνομά-.

2212 3871 2365 3919 σωσι,
2409 3853 2546 3924 μήτε
2569 3852 2678 3905 τῶν
2708 3853 2773 3904 ἐκ
2804 3851 2902 3921 τῆς
2930 3850 3032 3920 γῆς
3067 3850 3345 3919 φυομένων
3374 3849 3702 3929 δημιουργὸν
3727 3849 3780 3902 οί

2210 3947 2299 4000 τὸν
2348 3946 2482 3998 Θεὸν
2541 3947 2903 4015 ἀγνοήσαντες
2943 3941 3053 4010 (90)
3114 3942 3443 4014 ἡγήσωνται.
3477 3941 3578 3994 Διά
3621 3939 3782 3993 τοῦτο

2210 4041 2441 4108 τετάρτη
2465 4036 2676 4107 ἡμέρα·
2710 4036 2804 4089 καὶ
2828 4033 2952 4088 τότε
2984 4029 3136 4088 εἷπεν
3160 4037 3188 4086 ό
3230 4033 3362 4097 Θεός
3385 4049 3399 4064 ⁸
3435 4031 3783 4100 Γενηθήτω-

2212 4142 2333 4181 σαν
2375 4125 2682 4197 φωστῆρες
2721 4127 2791 4180 ἐν
2833 4124 2913 4190 τῷ
2945 4123 3299 4195 στερεώματι
3354 4123 3459 4177 τοῦ
3499 4122 3781 4190 οὐρανοῦ.

3645 3281 3823 3295 ᾗ

2217 4217 2384 4270 Ὅταν
2404 4217 2496 4270 τὸν
2523 4217 2742 4269 εἰπόντα
2767 4214 3041 4286 διδαχθῇς,
3057 4214 3217 4278 εὐθὺς
3246 4217 3312 4285 τῇ
3340 4213 3519 4285 ἐννοίᾳ
3543 4213 3789 4271 σύναπτε.

2214 4309 2306 4362 τὸν
2330 4307 2655 4362 ἀκούσαντα.
2685 4303 2870 4360 Εἶπεν
2911 4308 2942 4359 ὁ
2977 4307 3143 4371 Θεόςο
3186 4303 3623 4372 Γενηθήτωσαγ
3667 4323 3784 4373 φω-

2217 4399 2458 4468 στῆρες,
2485 4399 2582 4452 καὶ
2611 4398 2900 4466 ἐποίησεν
2926 4401 2958 4451 ὀ
2987 4396 3129 4462 Θεὸς
3143 4396 3286 4462 τοὺς
3311 4396 3420 4450 δύο
3444 4393 3781 4466 φωστῆρας.

547 4487 789 4542 historiae
835 4487 1134 4555 inspersum
1185 4498 1263 4543 est
1317 4491 1545 4560 mystico
1611 4491 1772 4544 modo
1836 4490 2103 4560 theologia!

2216 4493 2310 4556 Τίς
2333 4488 2473 4555 εἷπε,
2506 4490 2599 4545 κα)⁵
2627 4491 2710 4553 τίς
2741 4489 3022 4560 ἐποίησεν;
3044 4488 3154 4542 Ούκ
3185 4489 3382 4551 ἐννοεῖς
3405 4489 3463 4541 ὲν
3491 4487 3697 4550 τούτοις
3724 4487 3792 4540 τὸ

546 4583 757 4649 dogma.
817 4581 1045 4634 Additur
1089 4581 1252 4635 etiam
1308 4581 1739 4650 geuerandorum
1772 4580 2117 4636 luminariutn

548 4674 885 4730 necessitas:
925 4672 1006 4726 Ad
1050 4673 1506 4740 illuminationem,
1568 4674 1763 4742 inquit,
1811 4689 1968 4741 super
2015 4684 2120 4726 ler-

551 4767 754 4822 ram”.
807 4766 862 4821 Si
917 4767 1050 4821 lucis
1100 4768 1379 4834 generatio
1419 4777 1790 4835 praecesserat,
1849 4765 2121 4834 quomodo

553 4878 693 4914 nunc
731 4861 809 4915 sol
860 4863 1055 4916 iterum
1087 4862 1285 4916 dicitur
1328 4862 1396 4912 ad
1428 4861 1872 4913 illuminationem
1898 4857 2123 4912 editus?

550 4955 790 5011 Primum
841 4956 1055 5025 quidem
1113 4954 1404 5023 singularis
1443 4954 1628 5008 isrhzec
1679 4951 1928 5020 loquendi
1982 4951 2118 5004 ratio

551 5048 754 5102 nullum
782 5049 874 5102 tibi
905 5048 1070 5102 risum
1105 5056 1318 5102 moveat
1346 5063 1360 5102 :
1384 5046 1650 5116 siquidem
1681 5052 1918 5098 vestrum
1950 5043 2112 5097 istum

551 5141 842 5220 verborum
879 5139 1144 5196 delectum
1169 5154 1274 5194 non
1305 5139 1606 5208 sequimur,
1635 5149 1808 5206 neque
1833 5135 2114 5190 concinnae

619 5254 667 5288 τε
696 5215 830 5309 acii.
862 5266 901 5318 ι,
931 5250 1020 5307 14.
1067 5226 1140 5283 ’το
1168 5250 1298 5306 ibid.
1323 5248 1406 5304 ιο.
1485 5247 1688 5304 “ibid.

624 5369 737 5441 (87)
778 5367 914 5438 Reg.
956 5366 1203 5441 _pr_imus_.
1249 5372 1433 5441 sextus
1451 5371 1524 5441 _et
1565 5372 1786 5441 octavus
1831 5378 1956 5441 cum
2007 5361 2126 5417 aliis

555 5433 724 5494 tribus
756 5433 888 5493 mss:
915 5437 1145 5489 πλούτου
1173 5433 1425 5506 ὓπαρξιν.
1451 5436 1648 5488 Vocem
1685 5433 1919 5504 ὓπαρξιν
1955 5447 2129 5503 neque
2187 5489 2202 5503 ,

555 5511 683 5563 editi
722 5518 1040 5577 agnoscunt,
1071 5520 1244 5573 neque
1277 5507 1366 5577 alii
1399 5515 1510 5560 tres
1550 5520 1681 5577 mss.

517 5609 521 5613 -
628 5579 740 5648 (88)
757 5567 917 5648 “Reg.
944 5567 1126 5648 sextus
1148 5567 1512 5648 hrtoxaipsvog
1537 5567 1688 5637 οὗτος
1721 5576 1749 5627 6
1781 5573 1948 5648 ᾕλιος.

630 5644 745 5715 (89)
784 5644 1042 5714 ΙιοἸίεεὶἰ
1079 5647 1284 5713 primus
1307 5644 1365 5700 et
1390 5657 1634 5708 octavus,
1666 5656 1719 5697 et
1759 5644 1910 5704 Colb.
1939 5658 2130 5715 secuit:

562 5711 684 5769 dus.
723 5711 878 5768 Deest
907 5711 1048 5766 ὥστε
1074 5711 1126 5768 in
1157 5715 1316 5769 editis
1346 5725 1400 5768 et
1430 5717 1481 5768 in
1523 5715 1792 5780 aliquibus
1824 5729 1954 5770 mss.
1986 5711 2128 5770 LXX

564 5797 690 5838 vero
719 5794 772 5838 et
801 5785 963 5839 Coisl.
992 5785 1198 5853 primus
1222 5785 1314 5838 τοῦ
1344 5783 1705 5856 διαχωρίςειν.

2221 4582 2332 4652 (91)
2366 4580 2583 4635 διπλοῦν
2615 4580 2722 4634 τῶν
2760 4579 3095 4653 προσώπων;
3130 4577 3407 4649 Πανταχοῦ
3449 4581 3515 4650 τῇ
3576 4578 3790 4649 ἱστορίᾳ.

2218 4672 2281 4726 τὸ
2314 4672 2488 4741 δόγμα
2512 4671 2610 4742 τῆς
2644 4669 2922 4738 θεολογίας
2947 4668 3221 4740 μυστικῶς
3267 4668 3781 4740 συμπαρέσπαρται,

2220 4764 2330 4819 Καὶ
2356 4766 2388 4836 ἡ
2409 4764 2566 4836 χρεία
2593 4762 2910 4833 πρόσκειται
2936 4764 3034 4832 τῆς
3050 4761 3156 4814 τῶν
3178 4762 3362 4832 φωστή
3372 4777 3478 4832 ρων
3499 4761 3782 4829 γενέσεως·

2221 4858 2326 4921 Είς
2367 4854 2616 4924 φαῦσιν,
2673 4854 2868 4924 φησὶν,
2918 4852 3017 4905 ἐπὶ
3043 4851 3154 4921 τῆς
3195 4851 3325 4922 γῆς.
3363 4852 3425 4904 Ei
3470 4852 3786 4924 προειλήφει

2220 4949 2315 5001 τοῦ
2371 4946 2547 5016 φωτὸς
2580 4948 2614 5017 ή
2663 4947 2895 5015 γένεσις,
2925 4942 3042 5006 πῶς
3089 4944 3181 4997 νῦν
3219 4947 3248 4998 6
3297 4944 3447 5014 ἦλιος
3496 4945 3656 4998 πάλιν
3700 4947 3790 5011 εις

2219 5037 2448 5108 φαῦσιν
2485 5037 2698 5106 λέγεται
2739 5036 3050 5107 γεγονέναι;
3081 5037 3300 5108 Πρῶτον
3334 5037 3430 5107 μὲν
3467 5032 3557 5090 οὖν
3581 5037 3678 5106 τῆς
3710 5037 3790 5089 λέ-

2221 5129 2356 5197 ξεως
2393 5129 2504 5202 (92)
2537 5129 2598 5182 τὸ
2623 5129 2924 5200 ἰδιότροπον
2968 5129 3171 5200 μηδένα
3205 5145 3285 5182 σοι
3312 5129 3529 5182 κινείτω
3557 5129 3786 5197 γέλωτα,

2293 5359 2402 5430 (90)
2430 5357 2519 5430 _lta
2553 5356 2790 5426 quinque
2807 5371 2951 5430 mss.
2964 5354 3139 5430 _Editi_
3156 5367 3284 5430 vero
3305 5353 3641 5422 ἀγνοοῦντες.

2295 5359 2382 5430 (90
2443 5359 2519 5410 lta
2553 5359 2790 5426 quinque
2821 5371 2951 5412 mss.
2975 5359 3116 5408 Editi
3156 5367 3284 5408 vero
3305 5359 3641 5422 ἀγνοοῦντες.

2295 5359 2565 5502 (9Ι)Ιὶθε.
2591 5438 2776 5502 sextus
2802 5429 2860 5502 ἐν
2884 5426 3059 5495 τούτῳ
3079 5425 3159 5477 τό.
3185 5424 3473 5492 Aliquanto
3499 5434 3618 5494 post
3637 5421 3788 5480 Colb.

2225 5497 2494 5579 secundus
2520 5497 2685 5579 χρεία
2717 5497 3020 5578 πρόκειται.

2299 5568 2413 5640 (92)
2455 5563 2606 5640 Regii
2638 5563 2827 5640 tertius
2850 5576 2915 5640 et
2936 5575 3156 5640 octavus
3200 5564 3396 5640 λέξεως
3433 5563 3610 5640 ήμῷν.
3639 5565 3790 5640 Desit

2228 5633 2447 5719 deratur
2473 5633 2714 5719 ήμῶν-ει
2743 5636 2797 5690 in
2833 5635 2996 5717 editis
3024 5645 3078 5690 et
3107 5636 3158 5689 in
3191 5636 3314 5719 aliis
3349 5633 3790 5719 rttss'.'_Moxnettiti

2192 5711 2373 5780 ιπαρῖ
2406 5703 2580 5780 ὑμῶν.
2626 5708 2699 5780 At
2734 5721 2863 5761 mss.
2910 5706 3159 5780 quinque
3197 5715 3253 5780 ut
3295 5705 3346 5759 in
3399 5714 3564 5780 textu.
3616 5703 3790 5776 Cede;

2230 5775 2471 5837 Coinhel‘.
2502 5793 2622 5834 cum
2654 5777 2824 5834 altero
2849 5792 2952 5834 ms.
2985 5777 3114 5846 παρ’
3139 5776 3283 5844 ἡμῖν,
3317 5790 3420 5830 nou
3452 5775 3524 5829 ita
3557 5783 3720 5830 recte.
