  <div class='ocr_page' id='page_1' title='image "/cluster/home/n/w/nwhite01/storage/ocr_20150623/29/mdp.39015012934371/468.png"; bbox 0 0 4082 6218; ppageno 0'>
   <div class='ocr_carea' id='block_1_1' title="bbox 334 395 435 449">
    <p class='ocr_par' dir='ltr' id='par_1_1' title="bbox 334 395 435 449">
     <span class='ocr_line' id='line_1_1' title="bbox 334 395 435 449; baseline 0.03 -3"><span class='ocrx_word' id='word_1_1' title='bbox 334 395 435 449; x_wconf 69' lang='grc'><strong>121</strong></span> 
     </span>
    </p>
   </div>
   <div class='ocr_carea' id='block_1_2' title="bbox 1432 368 2475 435">
    <p class='ocr_par' dir='ltr' id='par_1_2' title="bbox 1432 368 2475 435">
     <span class='ocr_line' id='line_1_2' title="bbox 1432 368 2475 435; baseline -0.011 0"><span class='ocrx_word' id='word_1_2' title='bbox 1432 375 1725 435; x_wconf 80' lang='lat' dir='ltr'><strong>HOMlLlA</strong></span> <span class='ocrx_word' id='word_1_3' title='bbox 1767 375 1833 431; x_wconf 77' lang='lat' dir='ltr'><strong>Vl</strong></span> <span class='ocrx_word' id='word_1_4' title='bbox 1874 375 1940 431; x_wconf 91' lang='lat' dir='ltr'><strong>lN</strong></span> <span class='ocrx_word' id='word_1_5' title='bbox 1980 368 2475 428; x_wconf 82' lang='lat' dir='ltr'><strong>llEXAEMERON.</strong></span> 
     </span>
    </p>
   </div>
   <div class='ocr_carea' id='block_1_3' title="bbox 3465 357 3569 413">
    <p class='ocr_par' dir='ltr' id='par_1_3' title="bbox 3465 357 3569 413">
     <span class='ocr_line' id='line_1_3' title="bbox 3465 357 3569 413; baseline -0.01 0"><span class='ocrx_word' id='word_1_6' title='bbox 3465 357 3569 413; x_wconf 73' lang='lat' dir='ltr'><strong>l22</strong></span> 
     </span>
    </p>
   </div>
   <div class='ocr_carea' id='block_1_4' title="bbox 332 475 1918 579">
    <p class='ocr_par' dir='ltr' id='par_1_4' title="bbox 332 490 1906 579">
     <span class='ocr_line' id='line_1_4' title="bbox 332 490 1906 579; baseline -0.021 -18"><span class='ocrx_word' id='word_1_7' title='bbox 332 509 493 579; x_wconf 80' lang='grc' dir='ltr'>εἴπερ</span> <span class='ocrx_word' id='word_1_8' title='bbox 526 498 600 576; x_wconf 71' lang='grc' dir='ltr'><strong>μὴ</strong></span> <span class='ocrx_word' id='word_1_9' title='bbox 639 500 883 573; x_wconf 76' lang='grc' dir='ltr'>ἑπόμεθα</span> <span class='ocrx_word' id='word_1_10' title='bbox 922 500 1040 561; x_wconf 84' lang='grc' dir='ltr'>ταῖς</span> <span class='ocrx_word' id='word_1_11' title='bbox 1075 496 1203 570; x_wconf 82' lang='grc' dir='ltr'>παρ’</span> <span class='ocrx_word' id='word_1_12' title='bbox 1236 494 1362 565; x_wconf 83' lang='grc' dir='ltr'>ὑμῖν</span> <span class='ocrx_word' id='word_1_13' title='bbox 1396 493 1645 560; x_wconf 80' lang='grc' dir='ltr'>ἐκλογαῖς</span> <span class='ocrx_word' id='word_1_14' title='bbox 1676 490 1782 543; x_wconf 78' lang='grc' dir='ltr'>τῶν</span> <span class='ocrx_word' id='word_1_15' title='bbox 1817 492 1906 560; x_wconf 75' lang='grc' dir='ltr'><strong>ῥη-</strong></span> 
     </span>
    </p>
   </div>
   <div class='ocr_carea' id='block_1_5' title="bbox 2019 475 3567 579">
    <p class='ocr_par' dir='ltr' id='par_1_5' title="bbox 2019 475 3567 548">
     <span class='ocr_line' id='line_1_5' title="bbox 2019 475 3567 548; baseline -0.01 -6"><span class='ocrx_word' id='word_1_16' title='bbox 2019 503 2191 542; x_wconf 69' lang='lat' dir='ltr'><strong>eorum</strong></span> <span class='ocrx_word' id='word_1_17' title='bbox 2220 484 2605 543; x_wconf 89' lang='lat' dir='ltr'><strong>constructioni</strong></span> <span class='ocrx_word' id='word_1_18' title='bbox 2642 482 2940 536; x_wconf 76' lang='lat' dir='ltr'><strong>studemus.</strong></span> <span class='ocrx_word' id='word_1_19' title='bbox 2978 478 3129 548; x_wconf 76' lang='lat' dir='ltr'><strong>Apud</strong></span> <span class='ocrx_word' id='word_1_20' title='bbox 3164 490 3259 531; x_wconf 92' lang='lat' dir='ltr'><strong>nos</strong></span> <span class='ocrx_word' id='word_1_21' title='bbox 3286 475 3427 529; x_wconf 89' lang='lat' dir='ltr'><strong>enim</strong></span> <span class='ocrx_word' id='word_1_22' title='bbox 3463 490 3567 527; x_wconf 89' lang='lat' dir='ltr'><strong>non</strong></span> 
     </span>
    </p>
   </div>
   <div class='ocr_carea' id='block_1_6' title="bbox 338 583 1904 670">
    <p class='ocr_par' dir='ltr' id='par_1_6' title="bbox 338 583 1904 670">
     <span class='ocr_line' id='line_1_6' title="bbox 338 583 1904 670; baseline -0.012 -18"><span class='ocrx_word' id='word_1_23' title='bbox 338 599 544 670; x_wconf 82' lang='grc' dir='ltr'><strong>μάτων,</strong></span> <span class='ocrx_word' id='word_1_24' title='bbox 575 593 711 665; x_wconf 87' lang='grc' dir='ltr'>μηδὲ</span> <span class='ocrx_word' id='word_1_25' title='bbox 730 593 790 645; x_wconf 86' lang='grc' dir='ltr'>τὸ</span> <span class='ocrx_word' id='word_1_26' title='bbox 822 590 923 659; x_wconf 85' lang='grc' dir='ltr'>τῆς</span> <span class='ocrx_word' id='word_1_27' title='bbox 953 589 1154 650; x_wconf 88' lang='grc' dir='ltr'>θέσεως</span> <span class='ocrx_word' id='word_1_28' title='bbox 1196 585 1374 641; x_wconf 79' lang='grc' dir='ltr'>αὐτῶν</span> <span class='ocrx_word' id='word_1_29' title='bbox 1403 583 1672 656; x_wconf 77' lang='grc' dir='ltr'>εὔρυθμον</span> <span class='ocrx_word' id='word_1_30' title='bbox 1709 584 1904 653; x_wconf 77' lang='grc' dir='ltr'>ἐπιτη-</span> 
     </span>
    </p>
   </div>
   <div class='ocr_carea' id='block_1_7' title="bbox 329 673 1906 758">
    <p class='ocr_par' dir='ltr' id='par_1_7' title="bbox 329 673 1906 758">
     <span class='ocr_line' id='line_1_7' title="bbox 329 673 1906 758; baseline -0.011 -16"><span class='ocrx_word' id='word_1_31' title='bbox 329 689 577 758; x_wconf 82' lang='grc' dir='ltr'>δεύομεν.</span> <span class='ocrx_word' id='word_1_32' title='bbox 606 686 681 738; x_wconf 85' lang='grc' dir='ltr'><strong>Οὐ</strong></span> <span class='ocrx_word' id='word_1_33' title='bbox 708 683 817 754; x_wconf 80' lang='grc' dir='ltr'><strong>γὰρ</strong></span> <span class='ocrx_word' id='word_1_34' title='bbox 838 681 1091 752; x_wconf 72' lang='grc' dir='ltr'>τορευταὶ</span> <span class='ocrx_word' id='word_1_35' title='bbox 1116 678 1311 745; x_wconf 82' lang='grc' dir='ltr'><strong>λέξεων</strong></span> <span class='ocrx_word' id='word_1_36' title='bbox 1342 677 1469 749; x_wconf 79' lang='grc' dir='ltr'>παρ’</span> <span class='ocrx_word' id='word_1_37' title='bbox 1500 678 1631 748; x_wconf 73' lang='grc' dir='ltr'>ἡμῖν</span> <span class='ocrx_word' id='word_1_38' title='bbox 1659 691 1672 704; x_wconf 88' lang='grc'><strong>·</strong></span> <span class='ocrx_word' id='word_1_39' title='bbox 1704 674 1825 726; x_wconf 82' lang='grc' dir='ltr'>οὐδὲ</span> <span class='ocrx_word' id='word_1_40' title='bbox 1845 673 1906 727; x_wconf 81' lang='grc' dir='ltr'><strong>τὸ</strong></span> 
     </span>
    </p>
   </div>
   <div class='ocr_carea' id='block_1_8' title="bbox 332 763 1905 850">
    <p class='ocr_par' dir='ltr' id='par_1_8' title="bbox 332 763 1905 850">
     <span class='ocr_line' id='line_1_8' title="bbox 332 763 1905 850; baseline -0.011 -17"><span class='ocrx_word' id='word_1_41' title='bbox 332 779 526 850; x_wconf 72' lang='grc' dir='ltr'>εὔηχον</span> <span class='ocrx_word' id='word_1_42' title='bbox 572 776 680 828; x_wconf 85' lang='grc' dir='ltr'><strong>τῶν</strong></span> <span class='ocrx_word' id='word_1_43' title='bbox 736 773 951 844; x_wconf 84' lang='grc' dir='ltr'>φωνῶν,</span> <span class='ocrx_word' id='word_1_44' title='bbox 1003 770 1141 826; x_wconf 83' lang='grc' dir='ltr'>ἀλλὰ</span> <span class='ocrx_word' id='word_1_45' title='bbox 1176 769 1239 822; x_wconf 86' lang='grc' dir='ltr'><strong>τὸ</strong></span> <span class='ocrx_word' id='word_1_46' title='bbox 1270 767 1508 839; x_wconf 78' lang='grc' dir='ltr'>εῦσημον</span> <span class='ocrx_word' id='word_1_47' title='bbox 1555 764 1664 819; x_wconf 83' lang='grc' dir='ltr'>τῶν</span> <span class='ocrx_word' id='word_1_48' title='bbox 1704 763 1905 835; x_wconf 82' lang='grc' dir='ltr'>ὀνομά-</span> 
     </span>
    </p>
   </div>
   <div class='ocr_carea' id='block_1_9' title="bbox 329 854 1907 939">
    <p class='ocr_par' dir='ltr' id='par_1_9' title="bbox 329 854 1907 939">
     <span class='ocr_line' id='line_1_9' title="bbox 329 854 1907 939; baseline -0.01 -16"><span class='ocrx_word' id='word_1_49' title='bbox 329 868 569 939; x_wconf 45' lang='grc' dir='ltr'>τωνχ95)</span> <span class='ocrx_word' id='word_1_50' title='bbox 591 862 862 935; x_wconf 81' lang='grc' dir='ltr'><strong>πανταχοῦ</strong></span> <span class='ocrx_word' id='word_1_51' title='bbox 890 862 1297 936; x_wconf 87' lang='grc' dir='ltr'>προτιμότερον.</span> <span class='ocrx_word' id='word_1_52' title='bbox 1326 859 1522 913; x_wconf 85' lang='grc' dir='ltr'>Σκόπει</span> <span class='ocrx_word' id='word_1_53' title='bbox 1553 856 1730 910; x_wconf 84' lang='grc' dir='ltr'>τοίνυν</span> <span class='ocrx_word' id='word_1_54' title='bbox 1757 857 1806 908; x_wconf 87' lang='grc' dir='ltr'><strong>εί</strong></span> <span class='ocrx_word' id='word_1_55' title='bbox 1832 854 1907 927; x_wconf 83' lang='grc' dir='ltr'>μὴ</span> 
     </span>
    </p>
   </div>
   <div class='ocr_carea' id='block_1_10' title="bbox 322 942 1902 1030">
    <p class='ocr_par' dir='ltr' id='par_1_10' title="bbox 322 942 1902 1030">
     <span class='ocr_line' id='line_1_10' title="bbox 322 942 1902 1030; baseline -0.011 -17"><span class='ocrx_word' id='word_1_56' title='bbox 322 960 422 1013; x_wconf 75' lang='grc' dir='ltr'>διὰ</span> <span class='ocrx_word' id='word_1_57' title='bbox 483 961 581 1030; x_wconf 81' lang='grc' dir='ltr'>τῆς</span> <span class='ocrx_word' id='word_1_58' title='bbox 611 960 890 1027; x_wconf 62' lang='grc' dir='ltr'>θραύσεως</span> <span class='ocrx_word' id='word_1_59' title='bbox 933 954 1246 1026; x_wconf 83' lang='grc' dir='ltr'>ἀρκούντως</span> <span class='ocrx_word' id='word_1_60' title='bbox 1301 942 1902 1020; x_wconf 64' lang='grc' dir='ltr'>ἐνέφηνενὸὲϐούλετοέ</span> 
     </span>
    </p>
   </div>
   <div class='ocr_carea' id='block_1_11' title="bbox 330 1037 1909 1123">
    <p class='ocr_par' dir='ltr' id='par_1_11' title="bbox 330 1037 1909 1123">
     <span class='ocr_line' id='line_1_11' title="bbox 330 1037 1909 1123; baseline -0.008 -18"><span class='ocrx_word' id='word_1_61' title='bbox 330 1052 454 1105; x_wconf 68' lang='grc' dir='ltr'>ἀντὶ</span> <span class='ocrx_word' id='word_1_62' title='bbox 481 1056 587 1123; x_wconf 81' lang='grc' dir='ltr'><strong>γὰρ</strong></span> <span class='ocrx_word' id='word_1_63' title='bbox 610 1049 705 1103; x_wconf 90' lang='grc' dir='ltr'><strong>τοῦ</strong></span> <span class='ocrx_word' id='word_1_64' title='bbox 734 1046 1013 1119; x_wconf 84' lang='grc' dir='ltr'>φωτισμοῦ</span> <span class='ocrx_word' id='word_1_65' title='bbox 1044 1045 1142 1117; x_wconf 82' lang='grc' dir='ltr'>τὴν</span> <span class='ocrx_word' id='word_1_66' title='bbox 1176 1043 1406 1114; x_wconf 62' lang='grc' dir='ltr'>ψαῦσιν</span> <span class='ocrx_word' id='word_1_67' title='bbox 1424 1040 1828 1116; x_wconf 86' lang='grc' dir='ltr'>εῐρηκεν.Ἔστι</span> <span class='ocrx_word' id='word_1_68' title='bbox 1851 1037 1909 1092; x_wconf 77' lang='grc' dir='ltr'>δὲ</span> 
     </span>
    </p>
   </div>
   <div class='ocr_carea' id='block_1_12' title="bbox 320 1131 1908 1215">
    <p class='ocr_par' dir='ltr' id='par_1_12' title="bbox 320 1131 1908 1215">
     <span class='ocr_line' id='line_1_12' title="bbox 320 1131 1908 1215; baseline -0.01 -17"><span class='ocrx_word' id='word_1_69' title='bbox 320 1146 486 1198; x_wconf 77' lang='grc' dir='ltr'>ὀὐδὲν</span> <span class='ocrx_word' id='word_1_70' title='bbox 522 1143 823 1215; x_wconf 85' lang='grc' dir='ltr'>μαχόμενον</span> <span class='ocrx_word' id='word_1_71' title='bbox 850 1140 1009 1194; x_wconf 88' lang='grc' dir='ltr'>τοῦτο</span> <span class='ocrx_word' id='word_1_72' title='bbox 1033 1142 1144 1203; x_wconf 82' lang='grc' dir='ltr'>τοῖς</span> <span class='ocrx_word' id='word_1_73' title='bbox 1176 1138 1304 1209; x_wconf 76' lang='grc' dir='ltr'>περὶ</span> <span class='ocrx_word' id='word_1_74' title='bbox 1341 1134 1431 1189; x_wconf 91' lang='grc' dir='ltr'><strong>τοῦ</strong></span> <span class='ocrx_word' id='word_1_75' title='bbox 1469 1133 1645 1204; x_wconf 85' lang='grc' dir='ltr'>φωτὸς</span> <span class='ocrx_word' id='word_1_76' title='bbox 1678 1131 1908 1201; x_wconf 83' lang='grc' dir='ltr'>εἰρημέ-</span> 
     </span>
    </p>
   </div>
   <div class='ocr_carea' id='block_1_13' title="bbox 324 1221 1906 1306">
    <p class='ocr_par' dir='ltr' id='par_1_13' title="bbox 324 1221 1906 1306">
     <span class='ocr_line' id='line_1_13' title="bbox 324 1221 1906 1306; baseline -0.01 -16"><span class='ocrx_word' id='word_1_77' title='bbox 324 1252 464 1300; x_wconf 85' lang='grc' dir='ltr'>νοις.</span> <span class='ocrx_word' id='word_1_78' title='bbox 484 1236 618 1288; x_wconf 87' lang='grc' dir='ltr'><strong>Τότε</strong></span> <span class='ocrx_word' id='word_1_79' title='bbox 646 1236 741 1306; x_wconf 85' lang='grc' dir='ltr'><strong>μὲν</strong></span> <span class='ocrx_word' id='word_1_80' title='bbox 763 1234 871 1305; x_wconf 82' lang='grc' dir='ltr'><strong>γὰρ</strong></span> <span class='ocrx_word' id='word_1_81' title='bbox 895 1232 1030 1302; x_wconf 84' lang='grc' dir='ltr'>αὐτὴ</span> <span class='ocrx_word' id='word_1_82' title='bbox 1051 1229 1145 1284; x_wconf 92' lang='grc' dir='ltr'><strong>τοῦ</strong></span> <span class='ocrx_word' id='word_1_83' title='bbox 1172 1229 1349 1300; x_wconf 86' lang='grc' dir='ltr'>φωτὸς</span> <span class='ocrx_word' id='word_1_84' title='bbox 1376 1229 1410 1298; x_wconf 85' lang='grc' dir='ltr'><strong>ή</strong></span> <span class='ocrx_word' id='word_1_85' title='bbox 1438 1227 1597 1297; x_wconf 82' lang='grc' dir='ltr'><strong>φύσις</strong></span> <span class='ocrx_word' id='word_1_86' title='bbox 1628 1221 1906 1295; x_wconf 79' lang='grc' dir='ltr'>παρήχθη’</span> 
     </span>
    </p>
   </div>
   <div class='ocr_carea' id='block_1_14' title="bbox 332 1311 1931 1401">
    <p class='ocr_par' dir='ltr' id='par_1_14' title="bbox 332 1311 1931 1401">
     <span class='ocr_line' id='line_1_14' title="bbox 332 1311 1931 1401; baseline -0.011 -20"><span class='ocrx_word' id='word_1_87' title='bbox 332 1327 429 1382; x_wconf 90' lang='grc' dir='ltr'><strong>νῦν</strong></span> <span class='ocrx_word' id='word_1_88' title='bbox 468 1326 522 1380; x_wconf 83' lang='grc' dir='ltr'>δὲ</span> <span class='ocrx_word' id='word_1_89' title='bbox 555 1326 615 1379; x_wconf 85' lang='grc' dir='ltr'>τὺ</span> <span class='ocrx_word' id='word_1_90' title='bbox 639 1324 860 1396; x_wconf 83' lang='grc' dir='ltr'>ἡλιακὸν</span> <span class='ocrx_word' id='word_1_91' title='bbox 888 1322 1049 1377; x_wconf 87' lang='grc' dir='ltr'>τοῦτο</span> <span class='ocrx_word' id='word_1_92' title='bbox 1076 1320 1233 1391; x_wconf 84' lang='grc' dir='ltr'>σῶμα</span> <span class='ocrx_word' id='word_1_93' title='bbox 1265 1320 1447 1390; x_wconf 80' lang='grc' dir='ltr'><strong>ὄχημα</strong></span> <span class='ocrx_word' id='word_1_94' title='bbox 1474 1311 1614 1370; x_wconf 78' lang='grc' dir='ltr'>εἶναι</span> <span class='ocrx_word' id='word_1_95' title='bbox 1650 1312 1729 1384; x_wconf 83' lang='grc' dir='ltr'>τῷ</span> 
     </span>
    </p>
   </div>
   <div class='ocr_carea' id='block_1_15' title="bbox 333 1404 1911 1488">
    <p class='ocr_par' dir='ltr' id='par_1_15' title="bbox 333 1404 1911 1488">
     <span class='ocr_line' id='line_1_15' title="bbox 333 1404 1911 1488; baseline -0.01 -17"><span class='ocrx_word' id='word_1_96' title='bbox 333 1419 537 1488; x_wconf 88' lang='grc' dir='ltr'>τογόνῳ</span> <span class='ocrx_word' id='word_1_97' title='bbox 587 1416 776 1487; x_wconf 83' lang='grc' dir='ltr'>ἐκείνῳ</span> <span class='ocrx_word' id='word_1_98' title='bbox 808 1415 946 1486; x_wconf 75' lang='grc' dir='ltr'>φωτὶ</span> <span class='ocrx_word' id='word_1_99' title='bbox 980 1412 1441 1485; x_wconf 87' lang='grc' dir='ltr'>παρεσκεύασται.</span> <span class='ocrx_word' id='word_1_100' title='bbox 1488 1408 1577 1472; x_wconf 79' lang='grc' dir='ltr'>Ὠς</span> <span class='ocrx_word' id='word_1_101' title='bbox 1624 1406 1733 1477; x_wconf 82' lang='grc' dir='ltr'>γὰρ</span> <span class='ocrx_word' id='word_1_102' title='bbox 1784 1404 1911 1458; x_wconf 76' lang='grc' dir='ltr'>ἄλλο</span> 
     </span>
    </p>
   </div>
   <div class='ocr_carea' id='block_1_16' title="bbox 334 1496 1909 1581">
    <p class='ocr_par' dir='ltr' id='par_1_16' title="bbox 334 1496 1909 1581">
     <span class='ocr_line' id='line_1_16' title="bbox 334 1496 1909 1581; baseline -0.01 -18"><span class='ocrx_word' id='word_1_103' title='bbox 334 1511 396 1563; x_wconf 85' lang='grc' dir='ltr'><strong>τὸ</strong></span> <span class='ocrx_word' id='word_1_104' title='bbox 432 1509 563 1581; x_wconf 87' lang='grc' dir='ltr'>πῦρ,</span> <span class='ocrx_word' id='word_1_105' title='bbox 596 1508 690 1562; x_wconf 75' lang='grc' dir='ltr'><strong>καὶ</strong></span> <span class='ocrx_word' id='word_1_106' title='bbox 711 1508 839 1563; x_wconf 83' lang='grc' dir='ltr'>ἄλλο</span> <span class='ocrx_word' id='word_1_107' title='bbox 867 1509 895 1560; x_wconf 87' lang='grc' dir='ltr'>ὁ</span> <span class='ocrx_word' id='word_1_108' title='bbox 924 1505 1115 1576; x_wconf 81' lang='grc' dir='ltr'>λύχνος</span> <span class='ocrx_word' id='word_1_109' title='bbox 1135 1522 1146 1534; x_wconf 94' lang='grc'><strong>·</strong></span> <span class='ocrx_word' id='word_1_110' title='bbox 1181 1504 1241 1557; x_wconf 84' lang='grc' dir='ltr'>τὸ</span> <span class='ocrx_word' id='word_1_111' title='bbox 1272 1504 1369 1576; x_wconf 79' lang='grc' dir='ltr'>μὲν</span> <span class='ocrx_word' id='word_1_112' title='bbox 1405 1502 1500 1574; x_wconf 82' lang='grc' dir='ltr'>τὴν</span> <span class='ocrx_word' id='word_1_113' title='bbox 1526 1500 1621 1554; x_wconf 92' lang='grc' dir='ltr'><strong>τοῦ</strong></span> <span class='ocrx_word' id='word_1_114' title='bbox 1656 1496 1909 1568; x_wconf 80' lang='grc' dir='ltr'><strong>φωτίζειν</strong></span> 
     </span>
    </p>
   </div>
   <div class='ocr_carea' id='block_1_17' title="bbox 332 1584 1913 1675">
    <p class='ocr_par' dir='ltr' id='par_1_17' title="bbox 332 1584 1913 1675">
     <span class='ocr_line' id='line_1_17' title="bbox 332 1584 1913 1675; baseline -0.011 -17"><span class='ocrx_word' id='word_1_115' title='bbox 332 1604 561 1675; x_wconf 86' lang='grc' dir='ltr'>δύναμιν</span> <span class='ocrx_word' id='word_1_116' title='bbox 623 1603 763 1674; x_wconf 82' lang='grc' dir='ltr'>έχον,</span> <span class='ocrx_word' id='word_1_117' title='bbox 821 1601 885 1654; x_wconf 84' lang='grc' dir='ltr'>τὸ</span> <span class='ocrx_word' id='word_1_118' title='bbox 942 1600 998 1653; x_wconf 83' lang='grc' dir='ltr'><strong>δὲ</strong></span> <span class='ocrx_word' id='word_1_119' title='bbox 1059 1584 1419 1668; x_wconf 84' lang='grc' dir='ltr'>παραφαίνειν</span> <span class='ocrx_word' id='word_1_120' title='bbox 1470 1595 1582 1655; x_wconf 85' lang='grc' dir='ltr'>τοῖς</span> <span class='ocrx_word' id='word_1_121' title='bbox 1637 1590 1913 1660; x_wconf 84' lang='grc' dir='ltr'><strong>δεομένοις</strong></span> 
     </span>
    </p>
   </div>
   <div class='ocr_carea' id='block_1_18' title="bbox 335 1681 1912 1766">
    <p class='ocr_par' dir='ltr' id='par_1_18' title="bbox 335 1681 1912 1766">
     <span class='ocr_line' id='line_1_18' title="bbox 335 1681 1912 1766; baseline -0.011 -16"><span class='ocrx_word' id='word_1_122' title='bbox 335 1695 732 1766; x_wconf 58' lang='grc' dir='ltr'>πεποιημένον</span> <span class='ocrx_word' id='word_1_123' title='bbox 763 1691 905 1747; x_wconf 81' lang='grc' dir='ltr'>οὕτω</span> <span class='ocrx_word' id='word_1_124' title='bbox 936 1691 1030 1745; x_wconf 72' lang='grc' dir='ltr'><strong>καὶ</strong></span> <span class='ocrx_word' id='word_1_125' title='bbox 1061 1690 1138 1760; x_wconf 79' lang='grc' dir='ltr'><strong>τῷ</strong></span> <span class='ocrx_word' id='word_1_126' title='bbox 1168 1686 1541 1760; x_wconf 83' lang='grc' dir='ltr'><strong>καθαρωτάτῳ</strong></span> <span class='ocrx_word' id='word_1_127' title='bbox 1574 1683 1764 1753; x_wconf 89' lang='grc' dir='ltr'>ἐκείνῳ</span> <span class='ocrx_word' id='word_1_128' title='bbox 1816 1681 1912 1734; x_wconf 79' lang='grc' dir='ltr'>καὶ</span> 
     </span>
    </p>
   </div>
   <div class='ocr_carea' id='block_1_19' title="bbox 337 1775 1909 1860">
    <p class='ocr_par' dir='ltr' id='par_1_19' title="bbox 337 1775 1909 1860">
     <span class='ocr_line' id='line_1_19' title="bbox 337 1775 1909 1860; baseline -0.011 -17"><span class='ocrx_word' id='word_1_129' title='bbox 337 1790 620 1860; x_wconf 75' lang='grc' dir='ltr'>εἰλικρινεῖ</span> <span class='ocrx_word' id='word_1_130' title='bbox 670 1787 763 1839; x_wconf 68' lang='grc' dir='ltr'><strong>καὶ</strong></span> <span class='ocrx_word' id='word_1_131' title='bbox 821 1786 973 1855; x_wconf 77' lang='grc' dir='ltr'>ἀΰλῳ</span> <span class='ocrx_word' id='word_1_132' title='bbox 1021 1783 1160 1853; x_wconf 79' lang='grc' dir='ltr'>φωτὶ</span> <span class='ocrx_word' id='word_1_133' title='bbox 1208 1781 1392 1852; x_wconf 77' lang='grc' dir='ltr'>ὄχημα</span> <span class='ocrx_word' id='word_1_134' title='bbox 1419 1780 1511 1833; x_wconf 92' lang='grc' dir='ltr'><strong>νῦν</strong></span> <span class='ocrx_word' id='word_1_135' title='bbox 1538 1780 1586 1831; x_wconf 76' lang='grc' dir='ltr'><strong>οἱ</strong></span> <span class='ocrx_word' id='word_1_136' title='bbox 1625 1775 1909 1851; x_wconf 72' lang='grc' dir='ltr'><strong>φωστῆρες</strong></span> 
     </span>
    </p>
   </div>
   <div class='ocr_carea' id='block_1_20' title="bbox 337 1865 1910 1949">
    <p class='ocr_par' dir='ltr' id='par_1_20' title="bbox 337 1865 1910 1949">
     <span class='ocr_line' id='line_1_20' title="bbox 337 1865 1910 1949; baseline -0.012 -13"><span class='ocrx_word' id='word_1_137' title='bbox 337 1879 875 1949; x_wconf 87' lang='grc' dir='ltr'>κατεσκευάσθησαν.</span> <span class='ocrx_word' id='word_1_138' title='bbox 914 1877 999 1939; x_wconf 81' lang='grc' dir='ltr'>Ὠς</span> <span class='ocrx_word' id='word_1_139' title='bbox 1023 1876 1131 1946; x_wconf 84' lang='grc' dir='ltr'><strong>γὰρ</strong></span> <span class='ocrx_word' id='word_1_140' title='bbox 1164 1876 1193 1927; x_wconf 89' lang='grc' dir='ltr'>ὁ</span> <span class='ocrx_word' id='word_1_141' title='bbox 1239 1871 1557 1933; x_wconf 86' lang='grc' dir='ltr'>Ἀπόστολος</span> <span class='ocrx_word' id='word_1_142' title='bbox 1582 1869 1731 1936; x_wconf 84' lang='grc' dir='ltr'>λέγει</span> <span class='ocrx_word' id='word_1_143' title='bbox 1760 1865 1910 1926; x_wconf 84' lang='grc' dir='ltr'>τινὰς</span> 
     </span>
    </p>
   </div>
   <div class='ocr_carea' id='block_1_21' title="bbox 339 1955 1911 2043">
    <p class='ocr_par' dir='ltr' id='par_1_21' title="bbox 339 1955 1911 2043">
     <span class='ocr_line' id='line_1_21' title="bbox 339 1955 1911 2043; baseline -0.012 -17"><span class='ocrx_word' id='word_1_144' title='bbox 339 1973 632 2043; x_wconf 85' lang='grc' dir='ltr'>φωστῆρας</span> <span class='ocrx_word' id='word_1_145' title='bbox 660 1971 717 2021; x_wconf 86' lang='grc' dir='ltr'>ὲν</span> <span class='ocrx_word' id='word_1_146' title='bbox 748 1968 955 2039; x_wconf 84' lang='grc' dir='ltr'>κόσμῳ,</span> <span class='ocrx_word' id='word_1_147' title='bbox 978 1966 1105 2020; x_wconf 79' lang='grc' dir='ltr'>ἄλλο</span> <span class='ocrx_word' id='word_1_148' title='bbox 1132 1964 1188 2017; x_wconf 87' lang='grc' dir='ltr'><strong>δέ</strong></span> <span class='ocrx_word' id='word_1_149' title='bbox 1212 1965 1327 2017; x_wconf 81' lang='grc' dir='ltr'>ἐστι</span> <span class='ocrx_word' id='word_1_150' title='bbox 1352 1961 1467 2032; x_wconf 87' lang='grc' dir='ltr'><strong>φῶς</strong></span> <span class='ocrx_word' id='word_1_151' title='bbox 1496 1959 1589 2013; x_wconf 92' lang='grc' dir='ltr'><strong>τοῦ</strong></span> <span class='ocrx_word' id='word_1_152' title='bbox 1612 1959 1817 2028; x_wconf 83' lang='grc' dir='ltr'>κόσμου</span> <span class='ocrx_word' id='word_1_153' title='bbox 1850 1955 1911 2007; x_wconf 83' lang='grc' dir='ltr'><strong>τὸ</strong></span> 
     </span>
    </p>
   </div>
   <div class='ocr_carea' id='block_1_22' title="bbox 338 2046 1912 2133">
    <p class='ocr_par' dir='ltr' id='par_1_22' title="bbox 338 2046 1912 2133">
     <span class='ocr_line' id='line_1_22' title="bbox 338 2046 1912 2133; baseline -0.012 -16"><span class='ocrx_word' id='word_1_154' title='bbox 338 2062 612 2133; x_wconf 85' lang='grc' dir='ltr'>ἀληθινὸν,</span> <span class='ocrx_word' id='word_1_155' title='bbox 642 2052 703 2112; x_wconf 75' lang='grc' dir='ltr'>οὗ</span> <span class='ocrx_word' id='word_1_156' title='bbox 766 2058 907 2112; x_wconf 78' lang='grc' dir='ltr'>κατὰ</span> <span class='ocrx_word' id='word_1_157' title='bbox 964 2055 1179 2128; x_wconf 81' lang='grc' dir='ltr'>μέθεξιν</span> <span class='ocrx_word' id='word_1_158' title='bbox 1236 2055 1286 2107; x_wconf 82' lang='grc' dir='ltr'>οἱ</span> <span class='ocrx_word' id='word_1_159' title='bbox 1318 2054 1462 2123; x_wconf 79' lang='grc' dir='ltr'>ἆγιοι</span> <span class='ocrx_word' id='word_1_160' title='bbox 1495 2051 1779 2121; x_wconf 82' lang='grc' dir='ltr'><strong>φωστῆρες</strong></span> <span class='ocrx_word' id='word_1_161' title='bbox 1800 2046 1912 2115; x_wconf 82' lang='grc' dir='ltr'>ἐγί-</span> 
     </span>
    </p>
   </div>
   <div class='ocr_carea' id='block_1_23' title="bbox 334 2139 1913 2222">
    <p class='ocr_par' dir='ltr' id='par_1_23' title="bbox 334 2139 1913 2222">
     <span class='ocr_line' id='line_1_23' title="bbox 334 2139 1913 2222; baseline -0.012 -12"><span class='ocrx_word' id='word_1_162' title='bbox 334 2173 490 2210; x_wconf 86' lang='grc' dir='ltr'>νοντο</span> <span class='ocrx_word' id='word_1_163' title='bbox 517 2154 623 2207; x_wconf 85' lang='grc' dir='ltr'><strong>τῶν</strong></span> <span class='ocrx_word' id='word_1_164' title='bbox 673 2151 881 2222; x_wconf 80' lang='grc' dir='ltr'><strong>ψυχῶν,</strong></span> <span class='ocrx_word' id='word_1_165' title='bbox 906 2150 972 2212; x_wconf 79' lang='grc' dir='ltr'>ἃς</span> <span class='ocrx_word' id='word_1_166' title='bbox 1012 2147 1313 2211; x_wconf 79' lang='grc' dir='ltr'>ἐπαίδευον,</span> <span class='ocrx_word' id='word_1_167' title='bbox 1340 2145 1435 2198; x_wconf 90' lang='grc' dir='ltr'><strong>τοῦ</strong></span> <span class='ocrx_word' id='word_1_168' title='bbox 1476 2143 1699 2205; x_wconf 85' lang='grc' dir='ltr'>σκότους</span> <span class='ocrx_word' id='word_1_169' title='bbox 1742 2139 1913 2203; x_wconf 79' lang='grc' dir='ltr'>αὐτὰς</span> 
     </span>
    </p>
   </div>
   <div class='ocr_carea' id='block_1_24' title="bbox 337 2230 1914 2318">
    <p class='ocr_par' dir='ltr' id='par_1_24' title="bbox 337 2230 1914 2318">
     <span class='ocr_line' id='line_1_24' title="bbox 337 2230 1914 2318; baseline -0.012 -17"><span class='ocrx_word' id='word_1_170' title='bbox 337 2248 436 2318; x_wconf 88' lang='grc' dir='ltr'>τῆς</span> <span class='ocrx_word' id='word_1_171' title='bbox 464 2245 683 2314; x_wconf 85' lang='grc' dir='ltr'>ἀγνοίας</span> <span class='ocrx_word' id='word_1_172' title='bbox 710 2244 992 2315; x_wconf 74' lang='grc' dir='ltr'>ῥυόμενοιο</span> <span class='ocrx_word' id='word_1_173' title='bbox 1033 2240 1174 2293; x_wconf 79' lang='grc' dir='ltr'>οὕτω</span> <span class='ocrx_word' id='word_1_174' title='bbox 1208 2239 1303 2293; x_wconf 58' lang='grc' dir='ltr'><strong>καὶ¹</strong></span> <span class='ocrx_word' id='word_1_175' title='bbox 1333 2237 1428 2291; x_wconf 91' lang='grc' dir='ltr'><strong>νῦν</strong></span> <span class='ocrx_word' id='word_1_176' title='bbox 1480 2235 1569 2289; x_wconf 81' lang='grc' dir='ltr'><strong>τὸν</strong></span> <span class='ocrx_word' id='word_1_177' title='bbox 1613 2233 1762 2305; x_wconf 82' lang='grc' dir='ltr'>ἥλιον</span> <span class='ocrx_word' id='word_1_178' title='bbox 1792 2230 1914 2305; x_wconf 84' lang='grc' dir='ltr'>τοῦ-</span> 
     </span>
    </p>
   </div>
   <div class='ocr_carea' id='block_1_25' title="bbox 337 2321 1913 2408">
    <p class='ocr_par' dir='ltr' id='par_1_25' title="bbox 337 2321 1913 2408">
     <span class='ocr_line' id='line_1_25' title="bbox 337 2321 1913 2408; baseline -0.011 -16"><span class='ocrx_word' id='word_1_179' title='bbox 337 2354 429 2391; x_wconf 85' lang='grc' dir='ltr'><strong>τον</strong></span> <span class='ocrx_word' id='word_1_180' title='bbox 461 2337 537 2408; x_wconf 84' lang='grc' dir='ltr'><strong>τῷ</strong></span> <span class='ocrx_word' id='word_1_181' title='bbox 564 2335 848 2406; x_wconf 86' lang='grc' dir='ltr'>φανοτάτῳ</span> <span class='ocrx_word' id='word_1_182' title='bbox 882 2332 1076 2401; x_wconf 87' lang='grc' dir='ltr'>ἐκείνῳ</span> <span class='ocrx_word' id='word_1_183' title='bbox 1119 2329 1487 2391; x_wconf 78' lang='grc' dir='ltr'>ἐπισκευάσας</span> <span class='ocrx_word' id='word_1_184' title='bbox 1541 2324 1681 2396; x_wconf 77' lang='grc' dir='ltr'>φωτὶ</span> <span class='ocrx_word' id='word_1_185' title='bbox 1733 2325 1761 2377; x_wconf 85' lang='grc' dir='ltr'><strong>ὁ</strong></span> <span class='ocrx_word' id='word_1_186' title='bbox 1805 2321 1913 2375; x_wconf 81' lang='grc' dir='ltr'>τῶν</span> 
     </span>
    </p>
   </div>
   <div class='ocr_carea' id='block_1_26' title="bbox 340 2419 1599 2501">
    <p class='ocr_par' dir='ltr' id='par_1_26' title="bbox 340 2419 1599 2501">
     <span class='ocr_line' id='line_1_26' title="bbox 340 2419 1599 2501; baseline -0.01 -17"><span class='ocrx_word' id='word_1_187' title='bbox 340 2431 476 2485; x_wconf 80' lang='grc' dir='ltr'>ὅλων</span> <span class='ocrx_word' id='word_1_188' title='bbox 503 2427 832 2501; x_wconf 84' lang='grc' dir='ltr'>δημιουργὸς</span> <span class='ocrx_word' id='word_1_189' title='bbox 855 2426 984 2498; x_wconf 77' lang='grc' dir='ltr'>περὶ</span> <span class='ocrx_word' id='word_1_190' title='bbox 1019 2426 1110 2479; x_wconf 88' lang='grc' dir='ltr'><strong>τὸν</strong></span> <span class='ocrx_word' id='word_1_191' title='bbox 1139 2422 1361 2494; x_wconf 89' lang='grc' dir='ltr'>κόσμον.</span> <span class='ocrx_word' id='word_1_192' title='bbox 1377 2419 1599 2491; x_wconf 79' lang='grc' dir='ltr'>ἀνῆψεν.</span> 
     </span>
    </p>
   </div>
   <div class='ocr_carea' id='block_1_27' title="bbox 407 2506 1911 2592">
    <p class='ocr_par' dir='ltr' id='par_1_27' title="bbox 407 2506 1911 2592">
     <span class='ocr_line' id='line_1_27' title="bbox 407 2506 1911 2592; baseline -0.013 -14"><span class='ocrx_word' id='word_1_193' title='bbox 407 2524 460 2579; x_wconf 75' lang='grc'><strong>5.</strong></span> <span class='ocrx_word' id='word_1_194' title='bbox 495 2524 605 2576; x_wconf 80' lang='grc' dir='ltr'>Καὶ</span> <span class='ocrx_word' id='word_1_195' title='bbox 629 2521 817 2592; x_wconf 75' lang='grc' dir='ltr'>μηδενὶ</span> <span class='ocrx_word' id='word_1_196' title='bbox 840 2518 1064 2573; x_wconf 81' lang='grc' dir='ltr'>ἄπιστον</span> <span class='ocrx_word' id='word_1_197' title='bbox 1092 2514 1227 2570; x_wconf 72' lang='grc' dir='ltr'>εἶναι</span> <span class='ocrx_word' id='word_1_198' title='bbox 1254 2513 1477 2568; x_wconf 83' lang='grc' dir='ltr'>δοκείτω</span> <span class='ocrx_word' id='word_1_199' title='bbox 1498 2511 1559 2564; x_wconf 86' lang='grc' dir='ltr'>τὸ</span> <span class='ocrx_word' id='word_1_200' title='bbox 1603 2506 1911 2581; x_wconf 78' lang='grc' dir='ltr'>εἰρημένον,</span> 
     </span>
    </p>
   </div>
   <div class='ocr_carea' id='block_1_28' title="bbox 334 2597 1913 2681">
    <p class='ocr_par' dir='ltr' id='par_1_28' title="bbox 334 2597 1913 2681">
     <span class='ocr_line' id='line_1_28' title="bbox 334 2597 1913 2681; baseline -0.011 -15"><span class='ocrx_word' id='word_1_201' title='bbox 334 2614 422 2667; x_wconf 81' lang='grc' dir='ltr'><strong>ὅτι</strong></span> <span class='ocrx_word' id='word_1_202' title='bbox 450 2612 576 2666; x_wconf 76' lang='grc' dir='ltr'>ἄλλο</span> <span class='ocrx_word' id='word_1_203' title='bbox 624 2611 723 2681; x_wconf 91' lang='grc' dir='ltr'><strong>μέν</strong></span> <span class='ocrx_word' id='word_1_204' title='bbox 755 2627 807 2663; x_wconf 87' lang='grc' dir='ltr'><strong>τι</strong></span> <span class='ocrx_word' id='word_1_205' title='bbox 841 2608 935 2662; x_wconf 87' lang='grc' dir='ltr'><strong>τοῦ</strong></span> <span class='ocrx_word' id='word_1_206' title='bbox 966 2607 1141 2677; x_wconf 77' lang='grc' dir='ltr'>φωτὸς</span> <span class='ocrx_word' id='word_1_207' title='bbox 1169 2608 1202 2677; x_wconf 82' lang='grc' dir='ltr'>ἡ</span> <span class='ocrx_word' id='word_1_208' title='bbox 1236 2603 1575 2675; x_wconf 84' lang='grc' dir='ltr'>λαμπρότης,</span> <span class='ocrx_word' id='word_1_209' title='bbox 1610 2599 1736 2655; x_wconf 77' lang='grc' dir='ltr'>ἄλλο</span> <span class='ocrx_word' id='word_1_210' title='bbox 1767 2597 1825 2651; x_wconf 87' lang='grc' dir='ltr'><strong>δέ</strong></span> <span class='ocrx_word' id='word_1_211' title='bbox 1860 2614 1913 2649; x_wconf 90' lang='grc' dir='ltr'><strong>τι</strong></span> 
     </span>
    </p>
   </div>
   <div class='ocr_carea' id='block_1_29' title="bbox 338 2687 1912 2773">
    <p class='ocr_par' dir='ltr' id='par_1_29' title="bbox 338 2687 1912 2773">
     <span class='ocr_line' id='line_1_29' title="bbox 338 2687 1912 2773; baseline -0.01 -15"><span class='ocrx_word' id='word_1_212' title='bbox 338 2706 402 2759; x_wconf 82' lang='grc' dir='ltr'><strong>τὸ</strong></span> <span class='ocrx_word' id='word_1_213' title='bbox 434 2703 790 2773; x_wconf 75' lang='grc' dir='ltr'>ὑποκείμενον</span> <span class='ocrx_word' id='word_1_214' title='bbox 821 2700 897 2771; x_wconf 82' lang='grc' dir='ltr'>τῷ</span> <span class='ocrx_word' id='word_1_215' title='bbox 923 2699 1062 2769; x_wconf 73' lang='grc' dir='ltr'>φωτὶ</span> <span class='ocrx_word' id='word_1_216' title='bbox 1083 2698 1260 2770; x_wconf 83' lang='grc' dir='ltr'>σῶμα.</span> <span class='ocrx_word' id='word_1_217' title='bbox 1294 2695 1515 2766; x_wconf 83' lang='grc' dir='ltr'>Πρῶτον</span> <span class='ocrx_word' id='word_1_218' title='bbox 1552 2692 1651 2764; x_wconf 80' lang='grc' dir='ltr'>μὲν</span> <span class='ocrx_word' id='word_1_219' title='bbox 1678 2687 1771 2744; x_wconf 82' lang='grc' dir='ltr'><strong>οῦν</strong></span> <span class='ocrx_word' id='word_1_220' title='bbox 1801 2689 1912 2768; x_wconf 56' lang='grc' dir='ltr'><strong>’(9ᾁ)</strong></span> 
     </span>
    </p>
   </div>
   <div class='ocr_carea' id='block_1_30' title="bbox 342 2784 1913 2860">
    <p class='ocr_par' dir='ltr' id='par_1_30' title="bbox 342 2784 1913 2860">
     <span class='ocr_line' id='line_1_30' title="bbox 342 2784 1913 2860; baseline -0.01 -9"><span class='ocrx_word' id='word_1_221' title='bbox 342 2799 406 2851; x_wconf 83' lang='grc' dir='ltr'><strong>ἐκ</strong></span> <span class='ocrx_word' id='word_1_222' title='bbox 450 2796 541 2850; x_wconf 88' lang='grc' dir='ltr'><strong>τοῦ</strong></span> <span class='ocrx_word' id='word_1_223' title='bbox 587 2794 659 2848; x_wconf 86' lang='grc' dir='ltr'>τὰ</span> <span class='ocrx_word' id='word_1_224' title='bbox 708 2794 937 2847; x_wconf 84' lang='grc' dir='ltr'>σύνθετα</span> <span class='ocrx_word' id='word_1_225' title='bbox 985 2792 1160 2846; x_wconf 85' lang='grc' dir='ltr'>πάντα</span> <span class='ocrx_word' id='word_1_226' title='bbox 1215 2790 1355 2844; x_wconf 73' lang='grc' dir='ltr'>οὕτω</span> <span class='ocrx_word' id='word_1_227' title='bbox 1406 2788 1535 2860; x_wconf 89' lang='grc' dir='ltr'>παρ’</span> <span class='ocrx_word' id='word_1_228' title='bbox 1574 2785 1732 2857; x_wconf 78' lang='grc' dir='ltr'>ἡμῶν</span> <span class='ocrx_word' id='word_1_229' title='bbox 1775 2784 1913 2837; x_wconf 88' lang='grc' dir='ltr'>διαι-</span> 
     </span>
    </p>
   </div>
   <div class='ocr_carea' id='block_1_31' title="bbox 346 2877 1917 2960">
    <p class='ocr_par' dir='ltr' id='par_1_31' title="bbox 346 2877 1917 2960">
     <span class='ocr_line' id='line_1_31' title="bbox 346 2877 1917 2960; baseline -0.01 -17"><span class='ocrx_word' id='word_1_230' title='bbox 346 2888 577 2960; x_wconf 84' lang='grc' dir='ltr'>ρεῖσθαι,</span> <span class='ocrx_word' id='word_1_231' title='bbox 601 2886 681 2951; x_wconf 80' lang='grc' dir='ltr'>εἵς</span> <span class='ocrx_word' id='word_1_232' title='bbox 695 2903 754 2938; x_wconf 90' lang='grc' dir='ltr'><strong>τε</strong></span> <span class='ocrx_word' id='word_1_233' title='bbox 787 2884 883 2956; x_wconf 84' lang='grc' dir='ltr'>τὴν</span> <span class='ocrx_word' id='word_1_234' title='bbox 906 2883 1160 2954; x_wconf 85' lang='grc' dir='ltr'>δεκτικὴν</span> <span class='ocrx_word' id='word_1_235' title='bbox 1184 2883 1370 2935; x_wconf 78' lang='grc' dir='ltr'>οὐσίαν</span> <span class='ocrx_word' id='word_1_236' title='bbox 1396 2881 1491 2933; x_wconf 80' lang='grc' dir='ltr'><strong>καὶ</strong></span> <span class='ocrx_word' id='word_1_237' title='bbox 1535 2880 1614 2943; x_wconf 83' lang='grc' dir='ltr'><strong>είς</strong></span> <span class='ocrx_word' id='word_1_238' title='bbox 1645 2877 1742 2948; x_wconf 80' lang='grc' dir='ltr'>τὴν</span> <span class='ocrx_word' id='word_1_239' title='bbox 1796 2878 1917 2930; x_wconf 83' lang='grc' dir='ltr'>ὲπι-</span> 
     </span>
    </p>
   </div>
   <div class='ocr_carea' id='block_1_32' title="bbox 345 2968 1914 3052">
    <p class='ocr_par' dir='ltr' id='par_1_32' title="bbox 345 2968 1914 3052">
     <span class='ocr_line' id='line_1_32' title="bbox 345 2968 1914 3052; baseline -0.01 -17"><span class='ocrx_word' id='word_1_240' title='bbox 345 2980 630 3052; x_wconf 75' lang='grc' dir='ltr'>συμϐᾶσαν</span> <span class='ocrx_word' id='word_1_241' title='bbox 657 2979 791 3049; x_wconf 81' lang='grc' dir='ltr'>αὐτῇ</span> <span class='ocrx_word' id='word_1_242' title='bbox 828 2976 1105 3047; x_wconf 88' lang='grc' dir='ltr'>ποιότητα.</span> <span class='ocrx_word' id='word_1_243' title='bbox 1143 2975 1228 3037; x_wconf 87' lang='grc' dir='ltr'>Ὠς</span> <span class='ocrx_word' id='word_1_244' title='bbox 1266 2969 1356 3027; x_wconf 82' lang='grc' dir='ltr'>οὖν</span> <span class='ocrx_word' id='word_1_245' title='bbox 1388 2971 1572 3043; x_wconf 75' lang='grc' dir='ltr'>ἕτερον</span> <span class='ocrx_word' id='word_1_246' title='bbox 1604 2968 1703 3041; x_wconf 86' lang='grc' dir='ltr'><strong>μέν</strong></span> <span class='ocrx_word' id='word_1_247' title='bbox 1750 2986 1803 3021; x_wconf 88' lang='grc' dir='ltr'><strong>τι</strong></span> <span class='ocrx_word' id='word_1_248' title='bbox 1848 2968 1914 3037; x_wconf 82' lang='grc' dir='ltr'>τῇ</span> 
     </span>
    </p>
   </div>
   <div class='ocr_carea' id='block_1_33' title="bbox 343 3057 1916 3151">
    <p class='ocr_par' dir='ltr' id='par_1_33' title="bbox 343 3057 1916 3151">
     <span class='ocr_line' id='line_1_33' title="bbox 343 3057 1916 3151; baseline -0.01 -26"><span class='ocrx_word' id='word_1_249' title='bbox 343 3072 505 3143; x_wconf 86' lang='grc' dir='ltr'>φύσει</span> <span class='ocrx_word' id='word_1_250' title='bbox 545 3073 579 3142; x_wconf 86' lang='grc' dir='ltr'>ἡ</span> <span class='ocrx_word' id='word_1_251' title='bbox 624 3068 905 3151; x_wconf 51' lang='grc' dir='ltr'>λευκότης,</span> <span class='ocrx_word' id='word_1_252' title='bbox 938 3066 1124 3138; x_wconf 72' lang='grc' dir='ltr'>ἕτερον</span> <span class='ocrx_word' id='word_1_253' title='bbox 1184 3064 1242 3117; x_wconf 87' lang='grc' dir='ltr'><strong>δέ</strong></span> <span class='ocrx_word' id='word_1_254' title='bbox 1281 3081 1335 3117; x_wconf 91' lang='grc' dir='ltr'><strong>τι</strong></span> <span class='ocrx_word' id='word_1_255' title='bbox 1385 3062 1447 3115; x_wconf 82' lang='grc' dir='ltr'><strong>τὸ</strong></span> <span class='ocrx_word' id='word_1_256' title='bbox 1488 3057 1916 3128; x_wconf 86' lang='grc' dir='ltr'>λελευκασμένον</span> 
     </span>
    </p>
   </div>
   <div class='ocr_carea' id='block_1_34' title="bbox 2005 573 3573 650">
    <p class='ocr_par' dir='ltr' id='par_1_34' title="bbox 2005 573 3573 650">
     <span class='ocr_line' id='line_1_34' title="bbox 2005 573 3573 650; baseline -0.01 -14"><span class='ocrx_word' id='word_1_257' title='bbox 2005 591 2130 637; x_wconf 89' lang='lat' dir='ltr'><strong>sunt</strong></span> <span class='ocrx_word' id='word_1_258' title='bbox 2181 581 2275 650; x_wconf 92' lang='lat' dir='ltr'><strong>qui</strong></span> <span class='ocrx_word' id='word_1_259' title='bbox 2332 578 2497 633; x_wconf 90' lang='lat' dir='ltr'><strong>verba</strong></span> <span class='ocrx_word' id='word_1_260' title='bbox 2542 578 2806 630; x_wconf 88' lang='lat' dir='ltr'><strong>tornando</strong></span> <span class='ocrx_word' id='word_1_261' title='bbox 2844 573 3178 641; x_wconf 79' lang='lat' dir='ltr'><strong>exspoliaut,</strong></span> <span class='ocrx_word' id='word_1_262' title='bbox 3226 582 3402 639; x_wconf 89' lang='lat' dir='ltr'><strong>neque</strong></span> <span class='ocrx_word' id='word_1_263' title='bbox 3428 582 3573 621; x_wconf 64' lang='lat' dir='ltr'><strong>curas</strong></span> 
     </span>
    </p>
   </div>
   <div class='ocr_carea' id='block_1_35' title="bbox 2004 660 3571 734">
    <p class='ocr_par' dir='ltr' id='par_1_35' title="bbox 2004 660 3571 734">
     <span class='ocr_line' id='line_1_35' title="bbox 2004 660 3571 734; baseline -0.011 -8"><span class='ocrx_word' id='word_1_264' title='bbox 2004 680 2132 726; x_wconf 92' lang='lat' dir='ltr'><strong>sunt</strong></span> <span class='ocrx_word' id='word_1_265' title='bbox 2157 684 2367 724; x_wconf 65' lang='lat' dir='ltr'><strong>sonora:</strong></span> <span class='ocrx_word' id='word_1_266' title='bbox 2396 684 2577 732; x_wconf 86' lang='lat' dir='ltr'><strong>voces,</strong></span> <span class='ocrx_word' id='word_1_267' title='bbox 2603 668 2695 723; x_wconf 76' lang='lat' dir='ltr'><strong>sed</strong></span> <span class='ocrx_word' id='word_1_268' title='bbox 2728 666 2926 734; x_wconf 89' lang='lat' dir='ltr'><strong>ubique</strong></span> <span class='ocrx_word' id='word_1_269' title='bbox 2957 664 3233 718; x_wconf 91' lang='lat' dir='ltr'><strong>nominum</strong></span> <span class='ocrx_word' id='word_1_270' title='bbox 3269 660 3571 714; x_wconf 86' lang='lat' dir='ltr'><strong>claritatem</strong></span> 
     </span>
    </p>
   </div>
   <div class='ocr_carea' id='block_1_36' title="bbox 2005 750 3573 829">
    <p class='ocr_par' dir='ltr' id='par_1_36' title="bbox 2005 750 3573 829">
     <span class='ocr_line' id='line_1_36' title="bbox 2005 750 3573 829; baseline -0.009 -14"><span class='ocrx_word' id='word_1_271' title='bbox 2005 762 2400 829; x_wconf 85' lang='lat' dir='ltr'><strong>anteponimus.</strong></span> <span class='ocrx_word' id='word_1_272' title='bbox 2437 761 2570 816; x_wconf 77' lang='lat' dir='ltr'><strong>Vide</strong></span> <span class='ocrx_word' id='word_1_273' title='bbox 2597 760 2781 828; x_wconf 77' lang='lat' dir='ltr'><strong>igitur,</strong></span> <span class='ocrx_word' id='word_1_274' title='bbox 2815 773 2943 810; x_wconf 91' lang='lat' dir='ltr'><strong>num</strong></span> <span class='ocrx_word' id='word_1_275' title='bbox 2996 755 3130 809; x_wconf 80' lang='lat' dir='ltr'><strong>satis</strong></span> <span class='ocrx_word' id='word_1_276' title='bbox 3158 753 3300 821; x_wconf 94' lang='lat' dir='ltr'><strong>quod</strong></span> <span class='ocrx_word' id='word_1_277' title='bbox 3340 750 3573 812; x_wconf 84' lang='lat' dir='ltr'><strong>volebat,</strong></span> 
     </span>
    </p>
   </div>
   <div class='ocr_carea' id='block_1_37' title="bbox 2006 842 3576 922">
    <p class='ocr_par' dir='ltr' id='par_1_37' title="bbox 2006 842 3576 922">
     <span class='ocr_line' id='line_1_37' title="bbox 2006 842 3576 922; baseline -0.01 -14"><span class='ocrx_word' id='word_1_278' title='bbox 2006 868 2103 922; x_wconf 86' lang='lat' dir='ltr'><strong>per</strong></span> <span class='ocrx_word' id='word_1_279' title='bbox 2127 853 2268 907; x_wconf 88' lang='lat' dir='ltr'><strong>hanc</strong></span> <span class='ocrx_word' id='word_1_280' title='bbox 2296 866 2481 905; x_wconf 86' lang='lat' dir='ltr'><strong>vocem</strong></span> <span class='ocrx_word' id='word_1_281' title='bbox 2514 849 2951 902; x_wconf 80' lang='lat' dir='ltr'><strong>illuminationem</strong></span> <span class='ocrx_word' id='word_1_282' title='bbox 2977 844 3303 915; x_wconf 83' lang='lat' dir='ltr'><strong>expresserit</strong></span> <span class='ocrx_word' id='word_1_283' title='bbox 3336 862 3349 897; x_wconf 93' lang='lat'>:</span> <span class='ocrx_word' id='word_1_284' title='bbox 3377 842 3576 911; x_wconf 87' lang='lat' dir='ltr'><strong>quippe</strong></span> 
     </span>
    </p>
   </div>
   <div class='ocr_carea' id='block_1_38' title="bbox 2016 935 3574 1013">
    <p class='ocr_par' dir='ltr' id='par_1_38' title="bbox 2016 935 3574 1013">
     <span class='ocr_line' id='line_1_38' title="bbox 2016 935 3574 1013; baseline -0.008 -16"><span class='ocrx_word' id='word_1_285' title='bbox 2016 959 2112 1013; x_wconf 88' lang='lat' dir='ltr'><strong>pro</strong></span> <span class='ocrx_word' id='word_1_286' title='bbox 2141 943 2424 1013; x_wconf 85' lang='lat' dir='ltr'><strong>splendore</strong></span> <span class='ocrx_word' id='word_1_287' title='bbox 2454 941 2889 994; x_wconf 82' lang='lat' dir='ltr'><strong>illuminationem</strong></span> <span class='ocrx_word' id='word_1_288' title='bbox 2924 937 3077 990; x_wconf 84' lang='lat' dir='ltr'><strong>dixit.</strong></span> <span class='ocrx_word' id='word_1_289' title='bbox 3109 935 3219 989; x_wconf 90' lang='lat' dir='ltr'><strong>Hoc</strong></span> <span class='ocrx_word' id='word_1_290' title='bbox 3247 945 3422 988; x_wconf 90' lang='lat' dir='ltr'><strong>autem</strong></span> <span class='ocrx_word' id='word_1_291' title='bbox 3452 947 3574 987; x_wconf 91' lang='lat' dir='ltr'><strong>cum</strong></span> 
     </span>
    </p>
   </div>
   <div class='ocr_carea' id='block_1_39' title="bbox 2008 1024 3574 1104">
    <p class='ocr_par' dir='ltr' id='par_1_39' title="bbox 2008 1024 3574 1104">
     <span class='ocr_line' id='line_1_39' title="bbox 2008 1024 3574 1104; baseline -0.009 -15"><span class='ocrx_word' id='word_1_292' title='bbox 2008 1036 2074 1089; x_wconf 85' lang='lat' dir='ltr'><strong>iis</strong></span> <span class='ocrx_word' id='word_1_293' title='bbox 2107 1050 2225 1104; x_wconf 80' lang='lat' dir='ltr'><strong>qua:</strong></span> <span class='ocrx_word' id='word_1_294' title='bbox 2255 1034 2321 1089; x_wconf 93' lang='lat' dir='ltr'><strong>de</strong></span> <span class='ocrx_word' id='word_1_295' title='bbox 2345 1033 2462 1087; x_wconf 88' lang='lat' dir='ltr'><strong>luce</strong></span> <span class='ocrx_word' id='word_1_296' title='bbox 2492 1034 2633 1085; x_wconf 88' lang='lat' dir='ltr'><strong>dicta</strong></span> <span class='ocrx_word' id='word_1_297' title='bbox 2658 1040 2805 1095; x_wconf 92' lang='lat' dir='ltr'><strong>sunt,</strong></span> <span class='ocrx_word' id='word_1_298' title='bbox 2838 1028 2969 1083; x_wconf 87' lang='lat' dir='ltr'><strong>nihil</strong></span> <span class='ocrx_word' id='word_1_299' title='bbox 2998 1037 3220 1098; x_wconf 78' lang='lat' dir='ltr'><strong>pugnat.</strong></span> <span class='ocrx_word' id='word_1_300' title='bbox 3256 1026 3404 1080; x_wconf 88' lang='lat' dir='ltr'><strong>Tunc</strong></span> <span class='ocrx_word' id='word_1_301' title='bbox 3429 1024 3574 1080; x_wconf 91' lang='lat' dir='ltr'><strong>enim</strong></span> 
     </span>
    </p>
   </div>
   <div class='ocr_carea' id='block_1_40' title="bbox 2011 1122 3575 1196">
    <p class='ocr_par' dir='ltr' id='par_1_40' title="bbox 2011 1122 3575 1196">
     <span class='ocr_line' id='line_1_40' title="bbox 2011 1122 3575 1196; baseline -0.007 -16"><span class='ocrx_word' id='word_1_302' title='bbox 2011 1127 2267 1196; x_wconf 91' lang='lat' dir='ltr'><strong>producta</strong></span> <span class='ocrx_word' id='word_1_303' title='bbox 2298 1135 2381 1180; x_wconf 92' lang='lat' dir='ltr'><strong>est</strong></span> <span class='ocrx_word' id='word_1_304' title='bbox 2405 1125 2520 1194; x_wconf 89' lang='lat' dir='ltr'><strong>ipsa</strong></span> <span class='ocrx_word' id='word_1_305' title='bbox 2542 1122 2679 1177; x_wconf 91' lang='lat' dir='ltr'><strong>lueis</strong></span> <span class='ocrx_word' id='word_1_306' title='bbox 2716 1130 2905 1175; x_wconf 89' lang='lat' dir='ltr'><strong>natura</strong></span> <span class='ocrx_word' id='word_1_307' title='bbox 2936 1138 2950 1174; x_wconf 90' lang='lat'><strong>:</strong></span> <span class='ocrx_word' id='word_1_308' title='bbox 2986 1133 3128 1173; x_wconf 92' lang='lat' dir='ltr'><strong>nunc</strong></span> <span class='ocrx_word' id='word_1_309' title='bbox 3158 1128 3336 1171; x_wconf 91' lang='lat' dir='ltr'><strong>autem</strong></span> <span class='ocrx_word' id='word_1_310' title='bbox 3368 1129 3452 1170; x_wconf 89' lang='lat' dir='ltr'><strong>est</strong></span> <span class='ocrx_word' id='word_1_311' title='bbox 3482 1130 3575 1170; x_wconf 87' lang='lat' dir='ltr'><strong>so-</strong></span> 
     </span>
    </p>
   </div>
   <div class='ocr_carea' id='block_1_41' title="bbox 2011 1208 3578 1283">
    <p class='ocr_par' dir='ltr' id='par_1_41' title="bbox 2011 1208 3578 1283">
     <span class='ocr_line' id='line_1_41' title="bbox 2011 1208 3578 1283; baseline -0.005 -14"><span class='ocrx_word' id='word_1_312' title='bbox 2011 1215 2126 1270; x_wconf 84' lang='lat' dir='ltr'><strong>lare</strong></span> <span class='ocrx_word' id='word_1_313' title='bbox 2157 1215 2288 1271; x_wconf 93' lang='lat' dir='ltr'><strong>illud</strong></span> <span class='ocrx_word' id='word_1_314' title='bbox 2327 1229 2524 1283; x_wconf 89' lang='lat' dir='ltr'><strong>corpus</strong></span> <span class='ocrx_word' id='word_1_315' title='bbox 2567 1214 2870 1276; x_wconf 90' lang='lat' dir='ltr'><strong>conditum,</strong></span> <span class='ocrx_word' id='word_1_316' title='bbox 2906 1211 3210 1264; x_wconf 85' lang='lat' dir='ltr'><strong>vehiculum</strong></span> <span class='ocrx_word' id='word_1_317' title='bbox 3248 1219 3306 1262; x_wconf 93' lang='lat' dir='ltr'><strong>ut</strong></span> <span class='ocrx_word' id='word_1_318' title='bbox 3347 1212 3416 1263; x_wconf 86' lang='lat' dir='ltr'><strong>sit</strong></span> <span class='ocrx_word' id='word_1_319' title='bbox 3465 1208 3578 1278; x_wconf 90' lang='lat' dir='ltr'><strong>pri-</strong></span> 
     </span>
    </p>
   </div>
   <div class='ocr_carea' id='block_1_42' title="bbox 2013 1299 3581 1375">
    <p class='ocr_par' dir='ltr' id='par_1_42' title="bbox 2013 1299 3581 1375">
     <span class='ocr_line' id='line_1_42' title="bbox 2013 1299 3581 1375; baseline -0.006 -14"><span class='ocrx_word' id='word_1_320' title='bbox 2013 1307 2297 1375; x_wconf 69' lang='lat' dir='ltr'><strong>mogenitae</strong></span> <span class='ocrx_word' id='word_1_321' title='bbox 2335 1306 2409 1361; x_wconf 92' lang='lat' dir='ltr'><strong>illi</strong></span> <span class='ocrx_word' id='word_1_322' title='bbox 2456 1306 2582 1361; x_wconf 91' lang='lat' dir='ltr'><strong>luci.</strong></span> <span class='ocrx_word' id='word_1_323' title='bbox 2612 1304 3077 1371; x_wconf 82' lang='lat' dir='ltr'><strong>Quemadmodum</strong></span> <span class='ocrx_word' id='word_1_324' title='bbox 3116 1301 3261 1356; x_wconf 89' lang='lat' dir='ltr'><strong>enim</strong></span> <span class='ocrx_word' id='word_1_325' title='bbox 3304 1299 3449 1354; x_wconf 84' lang='lat' dir='ltr'><strong>aliud</strong></span> <span class='ocrx_word' id='word_1_326' title='bbox 3496 1308 3581 1355; x_wconf 82' lang='lat' dir='ltr'><strong>est</strong></span> 
     </span>
    </p>
   </div>
   <div class='ocr_carea' id='block_1_43' title="bbox 2010 1391 3580 1470">
    <p class='ocr_par' dir='ltr' id='par_1_43' title="bbox 2010 1391 3580 1470">
     <span class='ocr_line' id='line_1_43' title="bbox 2010 1391 3580 1470; baseline -0.007 -16"><span class='ocrx_word' id='word_1_327' title='bbox 2010 1400 2173 1470; x_wconf 75' lang='lat' dir='ltr'><strong>ignis,</strong></span> <span class='ocrx_word' id='word_1_328' title='bbox 2229 1399 2372 1454; x_wconf 90' lang='lat' dir='ltr'><strong>aliud</strong></span> <span class='ocrx_word' id='word_1_329' title='bbox 2415 1400 2633 1453; x_wconf 91' lang='lat' dir='ltr'><strong>lucerna</strong></span> <span class='ocrx_word' id='word_1_330' title='bbox 2665 1397 2778 1451; x_wconf 89' lang='lat' dir='ltr'><strong>:illi</strong></span> <span class='ocrx_word' id='word_1_331' title='bbox 2813 1396 3033 1465; x_wconf 90' lang='lat' dir='ltr'><strong>quidem</strong></span> <span class='ocrx_word' id='word_1_332' title='bbox 3068 1395 3151 1449; x_wconf 89' lang='lat' dir='ltr'><strong>vis</strong></span> <span class='ocrx_word' id='word_1_333' title='bbox 3196 1395 3336 1447; x_wconf 90' lang='lat' dir='ltr'><strong>inest</strong></span> <span class='ocrx_word' id='word_1_334' title='bbox 3383 1391 3580 1445; x_wconf 89' lang='lat' dir='ltr'><strong>illumi-</strong></span> 
     </span>
    </p>
   </div>
   <div class='ocr_carea' id='block_1_44' title="bbox 2012 1485 3577 1559">
    <p class='ocr_par' dir='ltr' id='par_1_44' title="bbox 2012 1485 3577 1559">
     <span class='ocr_line' id='line_1_44' title="bbox 2012 1485 3577 1559; baseline -0.007 -12"><span class='ocrx_word' id='word_1_335' title='bbox 2012 1494 2196 1559; x_wconf 84' lang='lat' dir='ltr'><strong>nandi,</strong></span> <span class='ocrx_word' id='word_1_336' title='bbox 2236 1493 2352 1547; x_wconf 61' lang='lat' dir='ltr'><strong>haec</strong></span> <span class='ocrx_word' id='word_1_337' title='bbox 2408 1507 2537 1545; x_wconf 85' lang='lat' dir='ltr'><strong>vero</strong></span> <span class='ocrx_word' id='word_1_338' title='bbox 2573 1491 2638 1545; x_wconf 90' lang='lat' dir='ltr'><strong>ad</strong></span> <span class='ocrx_word' id='word_1_339' title='bbox 2692 1489 2873 1545; x_wconf 90' lang='lat' dir='ltr'><strong>lumen</strong></span> <span class='ocrx_word' id='word_1_340' title='bbox 2911 1489 3194 1558; x_wconf 79' lang='lat' dir='ltr'><strong>egentibus</strong></span> <span class='ocrx_word' id='word_1_341' title='bbox 3228 1485 3577 1557; x_wconf 77' lang='lat' dir='ltr'><strong>praebendum</strong></span> 
     </span>
    </p>
   </div>
   <div class='ocr_carea' id='block_1_45' title="bbox 2012 1576 3580 1652">
    <p class='ocr_par' dir='ltr' id='par_1_45' title="bbox 2012 1576 3580 1652">
     <span class='ocr_line' id='line_1_45' title="bbox 2012 1576 3580 1652; baseline -0.006 -14"><span class='ocrx_word' id='word_1_342' title='bbox 2012 1583 2273 1639; x_wconf 82' lang='lat' dir='ltr'><strong>fabricata</strong></span> <span class='ocrx_word' id='word_1_343' title='bbox 2304 1592 2426 1638; x_wconf 88' lang='lat' dir='ltr'><strong>est:</strong></span> <span class='ocrx_word' id='word_1_344' title='bbox 2461 1584 2540 1638; x_wconf 89' lang='lat' dir='ltr'><strong>sic</strong></span> <span class='ocrx_word' id='word_1_345' title='bbox 2587 1585 2750 1637; x_wconf 89' lang='lat' dir='ltr'><strong>etiam</strong></span> <span class='ocrx_word' id='word_1_346' title='bbox 2785 1581 2893 1652; x_wconf 81' lang='lat' dir='ltr'><strong>luci</strong></span> <span class='ocrx_word' id='word_1_347' title='bbox 2932 1582 3004 1635; x_wconf 91' lang='lat' dir='ltr'><strong>illi</strong></span> <span class='ocrx_word' id='word_1_348' title='bbox 3049 1580 3350 1651; x_wconf 85' lang='lat' dir='ltr'><strong>purissimae</strong></span> <span class='ocrx_word' id='word_1_349' title='bbox 3408 1576 3580 1631; x_wconf 87' lang='lat' dir='ltr'><strong>since-</strong></span> 
     </span>
    </p>
   </div>
   <div class='ocr_carea' id='block_1_46' title="bbox 2013 1668 3574 1744">
    <p class='ocr_par' dir='ltr' id='par_1_46' title="bbox 2013 1668 3574 1744">
     <span class='ocr_line' id='line_1_46' title="bbox 2013 1668 3574 1744; baseline -0.006 -15"><span class='ocrx_word' id='word_1_350' title='bbox 2013 1690 2195 1744; x_wconf 73' lang='lat' dir='ltr'><strong>neque</strong></span> <span class='ocrx_word' id='word_1_351' title='bbox 2233 1683 2288 1729; x_wconf 92' lang='lat' dir='ltr'><strong>et</strong></span> <span class='ocrx_word' id='word_1_352' title='bbox 2328 1674 2569 1727; x_wconf 66' lang='lat' dir='ltr'><strong>materiae</strong></span> <span class='ocrx_word' id='word_1_353' title='bbox 2608 1674 2812 1740; x_wconf 77' lang='lat' dir='ltr'><strong>experti</strong></span> <span class='ocrx_word' id='word_1_354' title='bbox 2850 1687 2949 1727; x_wconf 91' lang='lat' dir='ltr'><strong>ceu</strong></span> <span class='ocrx_word' id='word_1_355' title='bbox 2975 1670 3280 1725; x_wconf 83' lang='lat' dir='ltr'><strong>vehiculum</strong></span> <span class='ocrx_word' id='word_1_356' title='bbox 3306 1669 3391 1723; x_wconf 91' lang='lat' dir='ltr'><strong>illa</strong></span> <span class='ocrx_word' id='word_1_357' title='bbox 3415 1668 3574 1721; x_wconf 88' lang='lat' dir='ltr'><strong>lumi-</strong></span> 
     </span>
    </p>
   </div>
   <div class='ocr_carea' id='block_1_47' title="bbox 2013 1760 3579 1835">
    <p class='ocr_par' dir='ltr' id='par_1_47' title="bbox 2013 1760 3579 1835">
     <span class='ocr_line' id='line_1_47' title="bbox 2013 1760 3579 1835; baseline -0.003 -16"><span class='ocrx_word' id='word_1_358' title='bbox 2013 1767 2164 1819; x_wconf 88' lang='lat' dir='ltr'><strong>naria</strong></span> <span class='ocrx_word' id='word_1_359' title='bbox 2215 1780 2357 1820; x_wconf 90' lang='lat' dir='ltr'><strong>nunc</strong></span> <span class='ocrx_word' id='word_1_360' title='bbox 2387 1776 2690 1835; x_wconf 77' lang='lat' dir='ltr'><strong>praeparata</strong></span> <span class='ocrx_word' id='word_1_361' title='bbox 2738 1774 2885 1819; x_wconf 89' lang='lat' dir='ltr'><strong>sunt.</strong></span> <span class='ocrx_word' id='word_1_362' title='bbox 2931 1764 3082 1818; x_wconf 87' lang='lat' dir='ltr'><strong>Sicut</strong></span> <span class='ocrx_word' id='word_1_363' title='bbox 3108 1764 3250 1819; x_wconf 92' lang='lat' dir='ltr'><strong>enim</strong></span> <span class='ocrx_word' id='word_1_364' title='bbox 3293 1760 3579 1831; x_wconf 84' lang='lat' dir='ltr'><strong>Apostolus</strong></span> 
     </span>
    </p>
   </div>
   <div class='ocr_carea' id='block_1_48' title="bbox 1940 1846 3578 1928">
    <p class='ocr_par' dir='ltr' id='par_1_48' title="bbox 1940 1846 3578 1928">
     <span class='ocr_line' id='line_1_48' title="bbox 1940 1846 3578 1928; baseline -0.001 -19"><span class='ocrx_word' id='word_1_365' title='bbox 1940 1846 1982 1900; x_wconf 86' lang='grc' dir='ltr'>Β</span> <span class='ocrx_word' id='word_1_366' title='bbox 2011 1858 2272 1928; x_wconf 88' lang='lat' dir='ltr'><strong>quosdam</strong></span> <span class='ocrx_word' id='word_1_367' title='bbox 2322 1859 2400 1911; x_wconf 84' lang='lat' dir='ltr'><strong>ait</strong></span> <span class='ocrx_word' id='word_1_368' title='bbox 2435 1872 2557 1912; x_wconf 89' lang='lat' dir='ltr'><strong>esse</strong></span> <span class='ocrx_word' id='word_1_369' title='bbox 2598 1858 2884 1912; x_wconf 90' lang='lat' dir='ltr'><strong>luminaria</strong></span> <span class='ocrx_word' id='word_1_370' title='bbox 2933 1858 2987 1912; x_wconf 92' lang='lat' dir='ltr'><strong>in</strong></span> <span class='ocrx_word' id='word_1_371' title='bbox 3036 1857 3336 1922; x_wconf 70' lang='lat' dir='ltr'><strong>mundo“;</strong></span> <span class='ocrx_word' id='word_1_372' title='bbox 3370 1857 3463 1910; x_wconf 91' lang='lat' dir='ltr'><strong>sed</strong></span> <span class='ocrx_word' id='word_1_373' title='bbox 3493 1861 3578 1910; x_wconf 84' lang='lat' dir='ltr'><strong>est</strong></span> 
     </span>
    </p>
   </div>
   <div class='ocr_carea' id='block_1_49' title="bbox 2014 1946 3574 2018">
    <p class='ocr_par' dir='ltr' id='par_1_49' title="bbox 2014 1946 3574 2018">
     <span class='ocr_line' id='line_1_49' title="bbox 2014 1946 3574 2018; baseline -0.004 -14"><span class='ocrx_word' id='word_1_374' title='bbox 2014 1959 2191 2005; x_wconf 85' lang='lat' dir='ltr'><strong>tamen</strong></span> <span class='ocrx_word' id='word_1_375' title='bbox 2232 1948 2337 2003; x_wconf 89' lang='lat' dir='ltr'><strong>alia</strong></span> <span class='ocrx_word' id='word_1_376' title='bbox 2388 1949 2479 2003; x_wconf 80' lang='lat' dir='ltr'><strong>lux</strong></span> <span class='ocrx_word' id='word_1_377' title='bbox 2535 1948 2721 2003; x_wconf 88' lang='lat' dir='ltr'><strong>mundi</strong></span> <span class='ocrx_word' id='word_1_378' title='bbox 2771 1964 2932 2014; x_wconf 88' lang='lat' dir='ltr'><strong>vera;</strong></span> <span class='ocrx_word' id='word_1_379' title='bbox 2960 1950 3110 2018; x_wconf 90' lang='lat' dir='ltr'><strong>cujus</strong></span> <span class='ocrx_word' id='word_1_380' title='bbox 3137 1946 3574 2017; x_wconf 88' lang='lat' dir='ltr'><strong>participatione,</strong></span> 
     </span>
    </p>
   </div>
   <div class='ocr_carea' id='block_1_50' title="bbox 2013 2039 3580 2109">
    <p class='ocr_par' dir='ltr' id='par_1_50' title="bbox 2013 2039 3580 2109">
     <span class='ocr_line' id='line_1_50' title="bbox 2013 2039 3580 2109; baseline -0.004 -10"><span class='ocrx_word' id='word_1_381' title='bbox 2013 2043 2189 2099; x_wconf 90' lang='lat' dir='ltr'><strong>sancti</strong></span> <span class='ocrx_word' id='word_1_382' title='bbox 2230 2040 2360 2098; x_wconf 82' lang='lat' dir='ltr'><strong>facti</strong></span> <span class='ocrx_word' id='word_1_383' title='bbox 2405 2050 2533 2096; x_wconf 89' lang='lat' dir='ltr'><strong>sunt</strong></span> <span class='ocrx_word' id='word_1_384' title='bbox 2573 2042 2877 2095; x_wconf 90' lang='lat' dir='ltr'><strong>animarum</strong></span> <span class='ocrx_word' id='word_1_385' title='bbox 2912 2056 3047 2109; x_wconf 91' lang='lat' dir='ltr'><strong>quas</strong></span> <span class='ocrx_word' id='word_1_386' title='bbox 3074 2039 3391 2093; x_wconf 82' lang='lat' dir='ltr'><strong>erudiebant</strong></span> <span class='ocrx_word' id='word_1_387' title='bbox 3420 2039 3580 2093; x_wconf 89' lang='lat' dir='ltr'><strong>lumi-</strong></span> 
     </span>
    </p>
   </div>
   <div class='ocr_carea' id='block_1_51' title="bbox 2012 2130 3580 2202">
    <p class='ocr_par' dir='ltr' id='par_1_51' title="bbox 2012 2130 3580 2202">
     <span class='ocr_line' id='line_1_51' title="bbox 2012 2130 3580 2202; baseline -0.004 -13"><span class='ocrx_word' id='word_1_388' title='bbox 2012 2136 2185 2202; x_wconf 88' lang='lat' dir='ltr'><strong>naria,</strong></span> <span class='ocrx_word' id='word_1_389' title='bbox 2214 2134 2339 2189; x_wconf 91' lang='lat' dir='ltr'><strong>dum</strong></span> <span class='ocrx_word' id='word_1_390' title='bbox 2367 2147 2460 2187; x_wconf 92' lang='lat' dir='ltr'><strong>eas</strong></span> <span class='ocrx_word' id='word_1_391' title='bbox 2490 2133 2808 2200; x_wconf 77' lang='lat' dir='ltr'><strong>ignorantia:</strong></span> <span class='ocrx_word' id='word_1_392' title='bbox 2861 2132 3097 2187; x_wconf 85' lang='lat' dir='ltr'><strong>tenebris</strong></span> <span class='ocrx_word' id='word_1_393' title='bbox 3125 2131 3425 2185; x_wconf 85' lang='lat' dir='ltr'><strong>eximerent</strong></span> <span class='ocrx_word' id='word_1_394' title='bbox 3457 2148 3469 2182; x_wconf 89' lang='lat'><strong>:</strong></span> <span class='ocrx_word' id='word_1_395' title='bbox 3507 2130 3580 2183; x_wconf 90' lang='lat' dir='ltr'><strong>ita</strong></span> 
     </span>
    </p>
   </div>
   <div class='ocr_carea' id='block_1_52' title="bbox 2012 2221 3579 2293">
    <p class='ocr_par' dir='ltr' id='par_1_52' title="bbox 2012 2221 3579 2293">
     <span class='ocr_line' id='line_1_52' title="bbox 2012 2221 3579 2293; baseline -0.004 -12"><span class='ocrx_word' id='word_1_396' title='bbox 2012 2228 2175 2281; x_wconf 88' lang='lat' dir='ltr'><strong>etiam</strong></span> <span class='ocrx_word' id='word_1_397' title='bbox 2208 2242 2350 2282; x_wconf 90' lang='lat' dir='ltr'><strong>nunc</strong></span> <span class='ocrx_word' id='word_1_398' title='bbox 2370 2225 2534 2280; x_wconf 91' lang='lat' dir='ltr'><strong>solem</strong></span> <span class='ocrx_word' id='word_1_399' title='bbox 2573 2226 2736 2287; x_wconf 87' lang='lat' dir='ltr'><strong>hunc,</strong></span> <span class='ocrx_word' id='word_1_400' title='bbox 2766 2233 2886 2293; x_wconf 88' lang='lat' dir='ltr'><strong>post</strong></span> <span class='ocrx_word' id='word_1_401' title='bbox 2919 2222 3408 2292; x_wconf 82' lang='lat' dir='ltr'><strong>splendidissintam</strong></span> <span class='ocrx_word' id='word_1_402' title='bbox 3435 2221 3579 2276; x_wconf 88' lang='lat' dir='ltr'><strong>illam</strong></span> 
     </span>
    </p>
   </div>
   <div class='ocr_carea' id='block_1_53' title="bbox 2013 2312 3585 2383">
    <p class='ocr_par' dir='ltr' id='par_1_53' title="bbox 2013 2312 3585 2383">
     <span class='ocr_line' id='line_1_53' title="bbox 2013 2312 3585 2383; baseline -0.004 -12"><span class='ocrx_word' id='word_1_403' title='bbox 2013 2318 2187 2372; x_wconf 91' lang='lat' dir='ltr'><strong>lucem</strong></span> <span class='ocrx_word' id='word_1_404' title='bbox 2233 2318 2532 2383; x_wconf 89' lang='lat' dir='ltr'><strong>conditum,</strong></span> <span class='ocrx_word' id='word_1_405' title='bbox 2565 2316 2617 2370; x_wconf 89' lang='lat' dir='ltr'><strong>in</strong></span> <span class='ocrx_word' id='word_1_406' title='bbox 2666 2315 2866 2371; x_wconf 89' lang='lat' dir='ltr'><strong>mundo</strong></span> <span class='ocrx_word' id='word_1_407' title='bbox 2921 2313 3279 2369; x_wconf 83' lang='lat' dir='ltr'><strong>exsuscitavit</strong></span> <span class='ocrx_word' id='word_1_408' title='bbox 3335 2312 3585 2367; x_wconf 89' lang='lat' dir='ltr'><strong>conditor</strong></span> 
     </span>
    </p>
   </div>
   <div class='ocr_carea' id='block_1_54' title="bbox 2012 2410 2416 2465">
    <p class='ocr_par' dir='ltr' id='par_1_54' title="bbox 2012 2410 2416 2465">
     <span class='ocr_line' id='line_1_54' title="bbox 2012 2410 2416 2465; baseline -0.002 0"><span class='ocrx_word' id='word_1_409' title='bbox 2012 2410 2416 2465; x_wconf 79' lang='lat' dir='ltr'><strong>universorum.</strong></span> 
     </span>
    </p>
   </div>
   <div class='ocr_carea' id='block_1_55' title="bbox 2012 2521 3580 2593">
    <p class='ocr_par' dir='ltr' id='par_1_55' title="bbox 2012 2521 3580 2593">
     <span class='ocr_line' id='line_1_55' title="bbox 2012 2521 3580 2593; baseline -0.004 -12"><span class='ocrx_word' id='word_1_410' title='bbox 2012 2529 2018 2537; x_wconf 88' lang='lat'>&#39;</span> <span class='ocrx_word' id='word_1_411' title='bbox 2085 2526 2140 2583; x_wconf 77' lang='grc'><strong><em>5.</em></strong></span> <span class='ocrx_word' id='word_1_412' title='bbox 2180 2525 2291 2580; x_wconf 89' lang='lat' dir='ltr'><strong>Nec</strong></span> <span class='ocrx_word' id='word_1_413' title='bbox 2311 2523 2560 2593; x_wconf 90' lang='lat' dir='ltr'><strong>cuiquam</strong></span> <span class='ocrx_word' id='word_1_414' title='bbox 2582 2522 2900 2579; x_wconf 86' lang='lat' dir='ltr'><strong>incredibile</strong></span> <span class='ocrx_word' id='word_1_415' title='bbox 2924 2521 3171 2576; x_wconf 89' lang='lat' dir='ltr'><strong>videatur</strong></span> <span class='ocrx_word' id='word_1_416' title='bbox 3203 2521 3346 2590; x_wconf 89' lang='lat' dir='ltr'><strong>quod</strong></span> <span class='ocrx_word' id='word_1_417' title='bbox 3371 2521 3580 2576; x_wconf 89' lang='lat' dir='ltr'><strong>dictum</strong></span> 
     </span>
    </p>
   </div>
   <div class='ocr_carea' id='block_1_56' title="bbox 2015 2614 3578 2684">
    <p class='ocr_par' dir='ltr' id='par_1_56' title="bbox 2015 2614 3578 2684">
     <span class='ocr_line' id='line_1_56' title="bbox 2015 2614 3578 2684; baseline -0.007 -10"><span class='ocrx_word' id='word_1_418' title='bbox 2015 2626 2117 2683; x_wconf 92' lang='lat' dir='ltr'><strong>est,</strong></span> <span class='ocrx_word' id='word_1_419' title='bbox 2154 2617 2291 2673; x_wconf 89' lang='lat' dir='ltr'><strong>lucis</strong></span> <span class='ocrx_word' id='word_1_420' title='bbox 2319 2617 2527 2672; x_wconf 86' lang='lat' dir='ltr'><strong>scilicet</strong></span> <span class='ocrx_word' id='word_1_421' title='bbox 2557 2615 2897 2684; x_wconf 89' lang='lat' dir='ltr'><strong>splendorem</strong></span> <span class='ocrx_word' id='word_1_422' title='bbox 2947 2614 3092 2667; x_wconf 89' lang='lat' dir='ltr'><strong>aliud</strong></span> <span class='ocrx_word' id='word_1_423' title='bbox 3123 2614 3379 2681; x_wconf 92' lang='lat' dir='ltr'><strong>quiddam</strong></span> <span class='ocrx_word' id='word_1_424' title='bbox 3412 2625 3578 2668; x_wconf 88' lang='lat' dir='ltr'><strong>esse:</strong></span> 
     </span>
    </p>
   </div>
   <div class='ocr_carea' id='block_1_57' title="bbox 2016 2701 3582 2777">
    <p class='ocr_par' dir='ltr' id='par_1_57' title="bbox 2016 2701 3582 2777">
     <span class='ocr_line' id='line_1_57' title="bbox 2016 2701 3582 2777; baseline -0.003 -15"><span class='ocrx_word' id='word_1_425' title='bbox 2016 2709 2218 2777; x_wconf 89' lang='lat' dir='ltr'><strong>aliquid</strong></span> <span class='ocrx_word' id='word_1_426' title='bbox 2257 2721 2387 2761; x_wconf 89' lang='lat' dir='ltr'><strong>vero</strong></span> <span class='ocrx_word' id='word_1_427' title='bbox 2437 2706 2603 2769; x_wconf 91' lang='lat' dir='ltr'><strong>aliud,</strong></span> <span class='ocrx_word' id='word_1_428' title='bbox 2640 2705 2815 2774; x_wconf 92' lang='lat' dir='ltr'><strong>ipsum</strong></span> <span class='ocrx_word' id='word_1_429' title='bbox 2869 2718 3067 2772; x_wconf 88' lang='lat' dir='ltr'><strong>corpus</strong></span> <span class='ocrx_word' id='word_1_430' title='bbox 3119 2702 3219 2757; x_wconf 93' lang='lat' dir='ltr'><strong>luci</strong></span> <span class='ocrx_word' id='word_1_431' title='bbox 3255 2701 3582 2771; x_wconf 88' lang='lat' dir='ltr'><strong>subjectum.</strong></span> 
     </span>
    </p>
   </div>
   <div class='ocr_carea' id='block_1_58' title="bbox 2016 2794 3584 2869">
    <p class='ocr_par' dir='ltr' id='par_1_58' title="bbox 2016 2794 3584 2869">
     <span class='ocr_line' id='line_1_58' title="bbox 2016 2794 3584 2869; baseline -0.004 -14"><span class='ocrx_word' id='word_1_432' title='bbox 2016 2801 2254 2855; x_wconf 92' lang='lat' dir='ltr'><strong>Primum</strong></span> <span class='ocrx_word' id='word_1_433' title='bbox 2287 2797 2504 2869; x_wconf 81' lang='lat' dir='ltr'><strong>quidem</strong></span> <span class='ocrx_word' id='word_1_434' title='bbox 2533 2812 2597 2852; x_wconf 76' lang='lat' dir='ltr'><strong>ex</strong></span> <span class='ocrx_word' id='word_1_435' title='bbox 2627 2812 2692 2852; x_wconf 92' lang='lat' dir='ltr'><strong>eo</strong></span> <span class='ocrx_word' id='word_1_436' title='bbox 2722 2796 2863 2867; x_wconf 93' lang='lat' dir='ltr'><strong>quod</strong></span> <span class='ocrx_word' id='word_1_437' title='bbox 2914 2796 3207 2863; x_wconf 89' lang='lat' dir='ltr'><strong>composita</strong></span> <span class='ocrx_word' id='word_1_438' title='bbox 3237 2795 3417 2849; x_wconf 89' lang='lat' dir='ltr'><strong>omnia</strong></span> <span class='ocrx_word' id='word_1_439' title='bbox 3444 2794 3524 2850; x_wconf 81' lang='lat' dir='ltr'><strong>sic</strong></span> <span class='ocrx_word' id='word_1_440' title='bbox 3551 2810 3584 2849; x_wconf 88' lang='lat' dir='ltr'><strong>a</strong></span> 
     </span>
    </p>
   </div>
   <div class='ocr_carea' id='block_1_59' title="bbox 2017 2873 3582 2955">
    <p class='ocr_par' dir='ltr' id='par_1_59' title="bbox 2017 2873 3582 2955">
     <span class='ocr_line' id='line_1_59' title="bbox 2017 2873 3582 2955; baseline -0.004 -9"><span class='ocrx_word' id='word_1_441' title='bbox 2017 2891 2173 2946; x_wconf 92' lang='lat' dir='ltr'><strong>nobis</strong></span> <span class='ocrx_word' id='word_1_442' title='bbox 2219 2890 2552 2952; x_wconf 89' lang='lat' dir='ltr'><strong>dividantur,</strong></span> <span class='ocrx_word' id='word_1_443' title='bbox 2602 2895 2656 2941; x_wconf 90' lang='lat' dir='ltr'><strong>et</strong></span> <span class='ocrx_word' id='word_1_444' title='bbox 2709 2889 2761 2943; x_wconf 92' lang='lat' dir='ltr'><strong>in</strong></span> <span class='ocrx_word' id='word_1_445' title='bbox 2815 2888 3162 2955; x_wconf 78' lang='lat' dir='ltr'><strong>recipientem</strong></span> <span class='ocrx_word' id='word_1_446' title='bbox 3194 2873 3582 2950; x_wconf 80' lang='lat' dir='ltr'><strong>substantiam,</strong></span> 
     </span>
    </p>
   </div>
   <div class='ocr_carea' id='block_1_60' title="bbox 2016 2976 3583 3048">
    <p class='ocr_par' dir='ltr' id='par_1_60' title="bbox 2016 2976 3583 3048">
     <span class='ocr_line' id='line_1_60' title="bbox 2016 2976 3583 3048; baseline -0.004 -13"><span class='ocrx_word' id='word_1_447' title='bbox 2016 2990 2071 3036; x_wconf 91' lang='lat' dir='ltr'><strong>et</strong></span> <span class='ocrx_word' id='word_1_448' title='bbox 2099 2980 2151 3034; x_wconf 93' lang='lat' dir='ltr'><strong>in</strong></span> <span class='ocrx_word' id='word_1_449' title='bbox 2188 2980 2506 3048; x_wconf 89' lang='lat' dir='ltr'><strong>qualitatem</strong></span> <span class='ocrx_word' id='word_1_450' title='bbox 2552 2979 2656 3048; x_wconf 89' lang='lat' dir='ltr'><strong>ipsi</strong></span> <span class='ocrx_word' id='word_1_451' title='bbox 2687 2977 3084 3033; x_wconf 86' lang='lat' dir='ltr'><strong>advenientem.</strong></span> <span class='ocrx_word' id='word_1_452' title='bbox 3118 2976 3583 3043; x_wconf 83' lang='lat' dir='ltr'><strong>Quemadmodum</strong></span> 
     </span>
    </p>
   </div>
   <div class='ocr_carea' id='block_1_61' title="bbox 2020 3069 3589 3142">
    <p class='ocr_par' dir='ltr' id='par_1_61' title="bbox 2020 3069 3589 3142">
     <span class='ocr_line' id='line_1_61' title="bbox 2020 3069 3589 3142; baseline -0.003 -16"><span class='ocrx_word' id='word_1_453' title='bbox 2020 3073 2185 3142; x_wconf 76' lang='lat' dir='ltr'><strong>igitur</strong></span> <span class='ocrx_word' id='word_1_454' title='bbox 2221 3072 2367 3126; x_wconf 91' lang='lat' dir='ltr'><strong>aliud</strong></span> <span class='ocrx_word' id='word_1_455' title='bbox 2410 3080 2604 3126; x_wconf 89' lang='lat' dir='ltr'><strong>natura</strong></span> <span class='ocrx_word' id='word_1_456' title='bbox 2647 3079 2731 3126; x_wconf 91' lang='lat' dir='ltr'><strong>est</strong></span> <span class='ocrx_word' id='word_1_457' title='bbox 2765 3070 2938 3135; x_wconf 89' lang='lat' dir='ltr'><strong>albor,</strong></span> <span class='ocrx_word' id='word_1_458' title='bbox 2963 3070 3108 3124; x_wconf 91' lang='lat' dir='ltr'><strong>aliud</strong></span> <span class='ocrx_word' id='word_1_459' title='bbox 3142 3084 3341 3139; x_wconf 90' lang='lat' dir='ltr'><strong>corpus</strong></span> <span class='ocrx_word' id='word_1_460' title='bbox 3371 3069 3589 3125; x_wconf 88' lang='lat' dir='ltr'><strong>dealba-</strong></span> 
     </span>
    </p>
   </div>
   <div class='ocr_carea' id='block_1_62' title="bbox 347 3151 1918 3254">
    <p class='ocr_par' dir='ltr' id='par_1_62' title="bbox 347 3151 1912 3254">
     <span class='ocr_line' id='line_1_62' title="bbox 347 3151 1912 3254; baseline -0.011 -36"><span class='ocrx_word' id='word_1_461' title='bbox 347 3166 526 3235; x_wconf 85' lang='grc' dir='ltr'>σῶμα,</span> <span class='ocrx_word' id='word_1_462' title='bbox 560 3162 701 3216; x_wconf 78' lang='grc' dir='ltr'>οὕτω</span> <span class='ocrx_word' id='word_1_463' title='bbox 731 3161 825 3215; x_wconf 79' lang='grc' dir='ltr'><strong>καὶ</strong></span> <span class='ocrx_word' id='word_1_464' title='bbox 870 3158 940 3213; x_wconf 87' lang='grc' dir='ltr'>τὰ</span> <span class='ocrx_word' id='word_1_465' title='bbox 960 3158 1056 3213; x_wconf 89' lang='grc' dir='ltr'><strong>νῦν</strong></span> <span class='ocrx_word' id='word_1_466' title='bbox 1098 3157 1381 3228; x_wconf 75' lang='grc' dir='ltr'>εζρημένα,</span> <span class='ocrx_word' id='word_1_467' title='bbox 1412 3152 1643 3224; x_wconf 81' lang='grc' dir='ltr'>διάφορα</span> <span class='ocrx_word' id='word_1_468' title='bbox 1672 3151 1801 3204; x_wconf 77' lang='grc' dir='ltr'>ὅντα</span> <span class='ocrx_word' id='word_1_469' title='bbox 1847 3151 1912 3254; x_wconf 57' lang='grc' dir='ltr'>τῇ</span> 
     </span>
    </p>
   </div>
   <div class='ocr_carea' id='block_1_63' title="bbox 2019 3151 3587 3254">
    <p class='ocr_par' dir='ltr' id='par_1_63' title="bbox 2019 3162 3587 3233">
     <span class='ocr_line' id='line_1_63' title="bbox 2019 3162 3587 3233; baseline -0.004 -12"><span class='ocrx_word' id='word_1_470' title='bbox 2019 3174 2135 3221; x_wconf 93' lang='lat' dir='ltr'><strong>tum</strong></span> <span class='ocrx_word' id='word_1_471' title='bbox 2166 3180 2179 3216; x_wconf 93' lang='lat'>:</span> <span class='ocrx_word' id='word_1_472' title='bbox 2211 3165 2290 3220; x_wconf 87' lang='lat' dir='ltr'><strong>sic</strong></span> <span class='ocrx_word' id='word_1_473' title='bbox 2317 3164 2478 3219; x_wconf 91' lang='lat' dir='ltr'><strong>etiam</strong></span> <span class='ocrx_word' id='word_1_474' title='bbox 2514 3179 2635 3233; x_wconf 65' lang='lat' dir='ltr'><strong>quae</strong></span> <span class='ocrx_word' id='word_1_475' title='bbox 2691 3165 2851 3217; x_wconf 87' lang='lat' dir='ltr'><strong>modo</strong></span> <span class='ocrx_word' id='word_1_476' title='bbox 2896 3162 3203 3226; x_wconf 84' lang='lat' dir='ltr'><strong>retulimus,</strong></span> <span class='ocrx_word' id='word_1_477' title='bbox 3236 3162 3361 3217; x_wconf 87' lang='lat' dir='ltr'><strong>licet</strong></span> <span class='ocrx_word' id='word_1_478' title='bbox 3395 3172 3587 3215; x_wconf 90' lang='lat' dir='ltr'><strong>natura</strong></span> 
     </span>
    </p>
   </div>
   <div class='ocr_carea' id='block_1_64' title="bbox 346 3234 1916 3326">
    <p class='ocr_par' dir='ltr' id='par_1_64' title="bbox 346 3234 1916 3326">
     <span class='ocr_line' id='line_1_64' title="bbox 346 3234 1916 3326; baseline -0.011 -16"><span class='ocrx_word' id='word_1_479' title='bbox 346 3234 506 3326; x_wconf 83' lang='grc' dir='ltr'>φύσει</span> <span class='ocrx_word' id='word_1_480' title='bbox 534 3254 668 3326; x_wconf 83' lang='grc'>(95),</span> <span class='ocrx_word' id='word_1_481' title='bbox 715 3253 917 3323; x_wconf 82' lang='grc' dir='ltr'>ἥνωται</span> <span class='ocrx_word' id='word_1_482' title='bbox 964 3254 1030 3322; x_wconf 83' lang='grc' dir='ltr'>τῇ</span> <span class='ocrx_word' id='word_1_483' title='bbox 1064 3250 1290 3320; x_wconf 88' lang='grc' dir='ltr'>δυνάμει</span> <span class='ocrx_word' id='word_1_484' title='bbox 1337 3245 1430 3300; x_wconf 91' lang='grc' dir='ltr'><strong>τοῦ</strong></span> <span class='ocrx_word' id='word_1_485' title='bbox 1474 3245 1777 3305; x_wconf 82' lang='grc' dir='ltr'>κτίσαντος.</span> <span class='ocrx_word' id='word_1_486' title='bbox 1806 3234 1916 3295; x_wconf 64' lang='lat' dir='ltr'><strong>Kal</strong></span> 
     </span>
    </p>
   </div>
   <div class='ocr_carea' id='block_1_65' title="bbox 351 3335 1920 3420">
    <p class='ocr_par' dir='ltr' id='par_1_65' title="bbox 351 3335 1920 3420">
     <span class='ocr_line' id='line_1_65' title="bbox 351 3335 1920 3420; baseline -0.014 -14"><span class='ocrx_word' id='word_1_487' title='bbox 351 3351 425 3420; x_wconf 79' lang='grc' dir='ltr'>μή</span> <span class='ocrx_word' id='word_1_488' title='bbox 466 3366 555 3418; x_wconf 90' lang='grc' dir='ltr'><strong>μοι</strong></span> <span class='ocrx_word' id='word_1_489' title='bbox 586 3346 709 3414; x_wconf 85' lang='grc' dir='ltr'>λέγε</span> <span class='ocrx_word' id='word_1_490' title='bbox 740 3345 975 3400; x_wconf 87' lang='grc' dir='ltr'>ἀδύνατα</span> <span class='ocrx_word' id='word_1_491' title='bbox 1012 3339 1148 3396; x_wconf 83' lang='grc' dir='ltr'>εἶναι</span> <span class='ocrx_word' id='word_1_492' title='bbox 1178 3340 1351 3395; x_wconf 90' lang='grc' dir='ltr'>ταῦτα</span> <span class='ocrx_word' id='word_1_493' title='bbox 1384 3340 1479 3393; x_wconf 86' lang='grc' dir='ltr'><strong>ἀπ’</strong></span> <span class='ocrx_word' id='word_1_494' title='bbox 1504 3337 1745 3407; x_wconf 77' lang='grc' dir='ltr'>ἀλλήλων</span> <span class='ocrx_word' id='word_1_495' title='bbox 1785 3335 1920 3387; x_wconf 89' lang='grc' dir='ltr'>διαι-</span> 
     </span>
    </p>
   </div>
   <div class='ocr_carea' id='block_1_66' title="bbox 350 3423 1921 3511">
    <p class='ocr_par' dir='ltr' id='par_1_66' title="bbox 350 3423 1921 3511">
     <span class='ocr_line' id='line_1_66' title="bbox 350 3423 1921 3511; baseline -0.01 -20"><span class='ocrx_word' id='word_1_496' title='bbox 350 3438 583 3511; x_wconf 72' lang='grc' dir='ltr'>ρεῖσθαι.</span> <span class='ocrx_word' id='word_1_497' title='bbox 612 3436 747 3488; x_wconf 84' lang='grc' dir='ltr'>Οὐδὲ</span> <span class='ocrx_word' id='word_1_498' title='bbox 789 3434 897 3505; x_wconf 86' lang='grc' dir='ltr'><strong>γὰρ</strong></span> <span class='ocrx_word' id='word_1_499' title='bbox 925 3432 1035 3501; x_wconf 77' lang='grc' dir='ltr'>ἐγὼ</span> <span class='ocrx_word' id='word_1_500' title='bbox 1067 3432 1163 3503; x_wconf 81' lang='grc' dir='ltr'>τὴν</span> <span class='ocrx_word' id='word_1_501' title='bbox 1189 3430 1449 3501; x_wconf 89' lang='grc' dir='ltr'>διαίρεσιν</span> <span class='ocrx_word' id='word_1_502' title='bbox 1475 3426 1569 3481; x_wconf 90' lang='grc' dir='ltr'><strong>τοῦ</strong></span> <span class='ocrx_word' id='word_1_503' title='bbox 1597 3425 1772 3496; x_wconf 83' lang='grc' dir='ltr'>φωτὸς</span> <span class='ocrx_word' id='word_1_504' title='bbox 1813 3423 1921 3478; x_wconf 84' lang='grc' dir='ltr'>ἀπὸ</span> 
     </span>
    </p>
   </div>
   <div class='ocr_carea' id='block_1_67' title="bbox 348 3513 1917 3600">
    <p class='ocr_par' dir='ltr' id='par_1_67' title="bbox 348 3513 1917 3600">
     <span class='ocr_line' id='line_1_67' title="bbox 348 3513 1917 3600; baseline -0.01 -17"><span class='ocrx_word' id='word_1_505' title='bbox 348 3528 442 3583; x_wconf 92' lang='grc' dir='ltr'><strong>τοῦ</strong></span> <span class='ocrx_word' id='word_1_506' title='bbox 463 3525 686 3600; x_wconf 78' lang='grc' dir='ltr'>ἡλιακοῦ</span> <span class='ocrx_word' id='word_1_507' title='bbox 714 3524 958 3595; x_wconf 84' lang='grc' dir='ltr'>σώματος</span> <span class='ocrx_word' id='word_1_508' title='bbox 990 3523 1111 3593; x_wconf 77' lang='grc' dir='ltr'>ἐμοὶ</span> <span class='ocrx_word' id='word_1_509' title='bbox 1133 3521 1225 3574; x_wconf 75' lang='grc' dir='ltr'><strong>καὶ</strong></span> <span class='ocrx_word' id='word_1_510' title='bbox 1248 3521 1328 3573; x_wconf 71' lang='grc' dir='ltr'>σοὶ</span> <span class='ocrx_word' id='word_1_511' title='bbox 1343 3519 1570 3589; x_wconf 80' lang='grc' dir='ltr'>δυνατὴν</span> <span class='ocrx_word' id='word_1_512' title='bbox 1595 3513 1731 3570; x_wconf 76' lang='grc' dir='ltr'>εἷναί</span> <span class='ocrx_word' id='word_1_513' title='bbox 1758 3532 1917 3586; x_wconf 89' lang='grc' dir='ltr'>φημι,</span> 
     </span>
    </p>
   </div>
   <div class='ocr_carea' id='block_1_68' title="bbox 348 3607 1924 3686">
    <p class='ocr_par' dir='ltr' id='par_1_68' title="bbox 348 3607 1924 3686">
     <span class='ocr_line' id='line_1_68' title="bbox 348 3607 1924 3686; baseline -0.01 -12"><span class='ocrx_word' id='word_1_514' title='bbox 348 3619 463 3674; x_wconf 79' lang='grc' dir='ltr'>ἀλλ’</span> <span class='ocrx_word' id='word_1_515' title='bbox 491 3620 577 3673; x_wconf 83' lang='grc' dir='ltr'>ὅτι</span> <span class='ocrx_word' id='word_1_516' title='bbox 605 3616 642 3671; x_wconf 81' lang='grc' dir='ltr'>ἃ</span> <span class='ocrx_word' id='word_1_517' title='bbox 670 3619 801 3686; x_wconf 79' lang='grc' dir='ltr'>ἡμῖν</span> <span class='ocrx_word' id='word_1_518' title='bbox 838 3618 905 3686; x_wconf 83' lang='grc' dir='ltr'>τῇ</span> <span class='ocrx_word' id='word_1_519' title='bbox 937 3613 1148 3684; x_wconf 75' lang='grc' dir='ltr'>ἐπινοίᾳ</span> <span class='ocrx_word' id='word_1_520' title='bbox 1177 3612 1291 3664; x_wconf 80' lang='grc' dir='ltr'>ἐστὶ</span> <span class='ocrx_word' id='word_1_521' title='bbox 1326 3610 1590 3682; x_wconf 84' lang='grc' dir='ltr'>χωριστὰ,</span> <span class='ocrx_word' id='word_1_522' title='bbox 1617 3608 1789 3662; x_wconf 87' lang='grc' dir='ltr'>ταῦτα</span> <span class='ocrx_word' id='word_1_523' title='bbox 1840 3607 1924 3677; x_wconf 75' lang='grc' dir='ltr'>δύο</span> 
     </span>
    </p>
   </div>
   <div class='ocr_carea' id='block_1_69' title="bbox 352 3700 1924 3779">
    <p class='ocr_par' dir='ltr' id='par_1_69' title="bbox 352 3700 1924 3779">
     <span class='ocr_line' id='line_1_69' title="bbox 352 3700 1924 3779; baseline -0.009 -13"><span class='ocrx_word' id='word_1_524' title='bbox 352 3728 507 3767; x_wconf 85' lang='grc' dir='ltr'>ναται</span> <span class='ocrx_word' id='word_1_525' title='bbox 540 3711 632 3764; x_wconf 77' lang='grc' dir='ltr'><strong>καὶ</strong></span> <span class='ocrx_word' id='word_1_526' title='bbox 676 3709 810 3779; x_wconf 81' lang='grc' dir='ltr'>αὐτῇ</span> <span class='ocrx_word' id='word_1_527' title='bbox 839 3710 905 3779; x_wconf 79' lang='grc' dir='ltr'>τῇ</span> <span class='ocrx_word' id='word_1_528' title='bbox 959 3706 1208 3777; x_wconf 74' lang='grc' dir='ltr'>ἐνεργείᾳ</span> <span class='ocrx_word' id='word_1_529' title='bbox 1261 3703 1413 3774; x_wconf 80' lang='grc' dir='ltr'>παρὰ</span> <span class='ocrx_word' id='word_1_530' title='bbox 1435 3701 1530 3756; x_wconf 92' lang='grc' dir='ltr'><strong>τοῦ</strong></span> <span class='ocrx_word' id='word_1_531' title='bbox 1567 3700 1791 3772; x_wconf 83' lang='grc' dir='ltr'>ποιητοῦ</span> <span class='ocrx_word' id='word_1_532' title='bbox 1825 3700 1924 3770; x_wconf 81' lang='grc' dir='ltr'>τῆς</span> 
     </span>
    </p>
   </div>
   <div class='ocr_carea' id='block_1_70' title="bbox 352 3794 1925 3875">
    <p class='ocr_par' dir='ltr' id='par_1_70' title="bbox 352 3794 1925 3875">
     <span class='ocr_line' id='line_1_70' title="bbox 352 3794 1925 3875; baseline -0.009 -17"><span class='ocrx_word' id='word_1_533' title='bbox 352 3805 567 3875; x_wconf 84' lang='grc' dir='ltr'>φύσεως</span> <span class='ocrx_word' id='word_1_534' title='bbox 604 3800 781 3855; x_wconf 81' lang='grc' dir='ltr'>αὐτῶν</span> <span class='ocrx_word' id='word_1_535' title='bbox 806 3800 1103 3870; x_wconf 82' lang='grc' dir='ltr'>διαστῆναι.</span> <span class='ocrx_word' id='word_1_536' title='bbox 1140 3796 1291 3849; x_wconf 75' lang='grc' dir='ltr'>Ἐπεὶ</span> <span class='ocrx_word' id='word_1_537' title='bbox 1336 3795 1429 3848; x_wconf 75' lang='grc' dir='ltr'><strong>καὶ</strong></span> <span class='ocrx_word' id='word_1_538' title='bbox 1459 3796 1540 3847; x_wconf 81' lang='grc' dir='ltr'><strong>σοὶ</strong></span> <span class='ocrx_word' id='word_1_539' title='bbox 1574 3794 1672 3865; x_wconf 85' lang='grc' dir='ltr'>τὴν</span> <span class='ocrx_word' id='word_1_540' title='bbox 1702 3809 1925 3847; x_wconf 88' lang='grc' dir='ltr'>καυστι-</span> 
     </span>
    </p>
   </div>
   <div class='ocr_carea' id='block_1_71' title="bbox 351 3886 1924 3969">
    <p class='ocr_par' dir='ltr' id='par_1_71' title="bbox 351 3886 1924 3969">
     <span class='ocr_line' id='line_1_71' title="bbox 351 3886 1924 3969; baseline -0.01 -18"><span class='ocrx_word' id='word_1_541' title='bbox 351 3900 453 3969; x_wconf 85' lang='grc' dir='ltr'>κὴν</span> <span class='ocrx_word' id='word_1_542' title='bbox 479 3895 707 3966; x_wconf 88' lang='grc' dir='ltr'>δύναμιν</span> <span class='ocrx_word' id='word_1_543' title='bbox 742 3891 837 3946; x_wconf 90' lang='grc' dir='ltr'><strong>τοῦ</strong></span> <span class='ocrx_word' id='word_1_544' title='bbox 879 3891 1049 3963; x_wconf 82' lang='grc' dir='ltr'>πυρὸς</span> <span class='ocrx_word' id='word_1_545' title='bbox 1076 3888 1182 3942; x_wconf 82' lang='grc' dir='ltr'><strong>ἀπὸ</strong></span> <span class='ocrx_word' id='word_1_546' title='bbox 1235 3888 1336 3958; x_wconf 80' lang='grc' dir='ltr'>τῆς</span> <span class='ocrx_word' id='word_1_547' title='bbox 1378 3886 1759 3957; x_wconf 87' lang='grc' dir='ltr'>λαμπρότητος</span> <span class='ocrx_word' id='word_1_548' title='bbox 1814 3902 1924 3955; x_wconf 92' lang='grc' dir='ltr'>χω-</span> 
     </span>
    </p>
   </div>
   <div class='ocr_carea' id='block_1_72' title="bbox 355 3974 1927 4062">
    <p class='ocr_par' dir='ltr' id='par_1_72' title="bbox 355 3974 1927 4062">
     <span class='ocr_line' id='line_1_72' title="bbox 355 3974 1927 4062; baseline -0.01 -20"><span class='ocrx_word' id='word_1_549' title='bbox 355 3992 501 4062; x_wconf 88' lang='grc' dir='ltr'>ρίσαι</span> <span class='ocrx_word' id='word_1_550' title='bbox 530 3988 841 4058; x_wconf 85' lang='grc' dir='ltr'>ἀμήχανον·</span> <span class='ocrx_word' id='word_1_551' title='bbox 875 3984 903 4035; x_wconf 89' lang='grc' dir='ltr'>ὁ</span> <span class='ocrx_word' id='word_1_552' title='bbox 952 3982 1010 4036; x_wconf 80' lang='grc' dir='ltr'>δὲ</span> <span class='ocrx_word' id='word_1_553' title='bbox 1061 3979 1212 4042; x_wconf 79' lang='grc' dir='ltr'>Θεὸς,</span> <span class='ocrx_word' id='word_1_554' title='bbox 1245 3977 1534 4049; x_wconf 80' lang='grc' dir='ltr'>παραδόξῳ</span> <span class='ocrx_word' id='word_1_555' title='bbox 1582 3977 1813 4047; x_wconf 85' lang='grc' dir='ltr'>θεάματι</span> <span class='ocrx_word' id='word_1_556' title='bbox 1835 3974 1927 4028; x_wconf 85' lang='grc' dir='ltr'><strong>τὸν</strong></span> 
     </span>
    </p>
   </div>
   <div class='ocr_carea' id='block_1_73' title="bbox 351 4069 1928 4149">
    <p class='ocr_par' dir='ltr' id='par_1_73' title="bbox 351 4069 1928 4149">
     <span class='ocr_line' id='line_1_73' title="bbox 351 4069 1928 4149; baseline -0.01 -14"><span class='ocrx_word' id='word_1_557' title='bbox 351 4078 549 4135; x_wconf 74' lang='grc' dir='ltr'>ἑαυτοῦ</span> <span class='ocrx_word' id='word_1_558' title='bbox 592 4077 898 4149; x_wconf 87' lang='grc' dir='ltr'>θεράποντα</span> <span class='ocrx_word' id='word_1_559' title='bbox 940 4072 1263 4144; x_wconf 81' lang='grc' dir='ltr'>ἐπιστρέψαι</span> <span class='ocrx_word' id='word_1_560' title='bbox 1294 4070 1631 4142; x_wconf 82' lang='grc' dir='ltr'>βουλόμενος,</span> <span class='ocrx_word' id='word_1_561' title='bbox 1679 4069 1793 4141; x_wconf 89' lang='grc' dir='ltr'><strong>πῦρ</strong></span> <span class='ocrx_word' id='word_1_562' title='bbox 1831 4070 1928 4122; x_wconf 83' lang='grc' dir='ltr'>ἐπ-</span> 
     </span>
    </p>
   </div>
   <div class='ocr_carea' id='block_1_74' title="bbox 354 4164 1929 4245">
    <p class='ocr_par' dir='ltr' id='par_1_74' title="bbox 354 4164 1929 4245">
     <span class='ocr_line' id='line_1_74' title="bbox 354 4164 1929 4245; baseline -0.009 -18"><span class='ocrx_word' id='word_1_563' title='bbox 354 4174 521 4245; x_wconf 81' lang='grc' dir='ltr'>έθηκε</span> <span class='ocrx_word' id='word_1_564' title='bbox 554 4175 625 4244; x_wconf 82' lang='grc' dir='ltr'>τῇ</span> <span class='ocrx_word' id='word_1_565' title='bbox 671 4170 817 4242; x_wconf 87' lang='grc' dir='ltr'>βάτῳ</span> <span class='ocrx_word' id='word_1_566' title='bbox 867 4167 976 4221; x_wconf 82' lang='grc' dir='ltr'>ἀπὸ</span> <span class='ocrx_word' id='word_1_567' title='bbox 1012 4167 1178 4238; x_wconf 88' lang='grc' dir='ltr'>μόνης</span> <span class='ocrx_word' id='word_1_568' title='bbox 1224 4166 1324 4236; x_wconf 86' lang='grc' dir='ltr'>τῆς</span> <span class='ocrx_word' id='word_1_569' title='bbox 1354 4164 1736 4236; x_wconf 86' lang='grc' dir='ltr'>λαμπρότητος</span> <span class='ocrx_word' id='word_1_570' title='bbox 1778 4164 1929 4233; x_wconf 84' lang='grc' dir='ltr'>ἐνερ-</span> 
     </span>
    </p>
   </div>
   <div class='ocr_carea' id='block_1_75' title="bbox 356 4247 1925 4332">
    <p class='ocr_par' dir='ltr' id='par_1_75' title="bbox 356 4247 1925 4332">
     <span class='ocr_line' id='line_1_75' title="bbox 356 4247 1925 4332; baseline -0.011 -15"><span class='ocrx_word' id='word_1_571' title='bbox 356 4262 509 4332; x_wconf 81' lang='grc' dir='ltr'>γοῦν,</span> <span class='ocrx_word' id='word_1_572' title='bbox 541 4261 639 4332; x_wconf 78' lang='grc' dir='ltr'><strong>τὴν</strong></span> <span class='ocrx_word' id='word_1_573' title='bbox 669 4259 725 4312; x_wconf 82' lang='grc' dir='ltr'><strong>δὲ</strong></span> <span class='ocrx_word' id='word_1_574' title='bbox 772 4256 865 4310; x_wconf 89' lang='grc' dir='ltr'><strong>τοῦ</strong></span> <span class='ocrx_word' id='word_1_575' title='bbox 896 4254 1069 4309; x_wconf 88' lang='grc' dir='ltr'>καίειν</span> <span class='ocrx_word' id='word_1_576' title='bbox 1101 4254 1328 4324; x_wconf 83' lang='grc' dir='ltr'>δύναμιν</span> <span class='ocrx_word' id='word_1_577' title='bbox 1384 4251 1748 4323; x_wconf 75' lang='grc' dir='ltr'>σχολάζουσαν</span> <span class='ocrx_word' id='word_1_578' title='bbox 1783 4247 1925 4317; x_wconf 75' lang='grc' dir='ltr'>ἔχον.</span> 
     </span>
    </p>
   </div>
   <div class='ocr_carea' id='block_1_76' title="bbox 368 4328 1929 4448">
    <p class='ocr_par' dir='ltr' id='par_1_76' title="bbox 368 4328 1929 4448">
     <span class='ocr_line' id='line_1_76' title="bbox 368 4328 1929 4448; baseline -0.01 -43"><span class='ocrx_word' id='word_1_579' title='bbox 368 4328 608 4448; x_wconf 53' lang='grc' dir='ltr'><strong>Ὧςῖἶῖῗ</strong></span> <span class='ocrx_word' id='word_1_580' title='bbox 637 4352 666 4403; x_wconf 87' lang='grc' dir='ltr'>ὁ</span> <span class='ocrx_word' id='word_1_581' title='bbox 696 4347 1001 4419; x_wconf 82' lang='grc' dir='ltr'>Ψαλμῳδὸς</span> <span class='ocrx_word' id='word_1_582' title='bbox 1042 4345 1151 4418; x_wconf 89' lang='grc'><strong>(96)</strong></span> <span class='ocrx_word' id='word_1_583' title='bbox 1206 4346 1474 4417; x_wconf 86' lang='grc' dir='ltr'>μαρτυρεί</span> <span class='ocrx_word' id='word_1_584' title='bbox 1516 4338 1717 4448; x_wconf 38' lang='lat' dir='ltr'><strong>Myer]:</strong></span> <span class='ocrx_word' id='word_1_585' title='bbox 1756 4338 1929 4448; x_wconf 62' lang='grc' dir='ltr'><strong>Φωνᾷ</strong></span> 
     </span>
    </p>
   </div>
   <div class='ocr_carea' id='block_1_77' title="bbox 358 4429 1931 4513">
    <p class='ocr_par' dir='ltr' id='par_1_77' title="bbox 358 4429 1931 4513">
     <span class='ocr_line' id='line_1_77' title="bbox 358 4429 1931 4513; baseline -0.01 -15"><span class='ocrx_word' id='word_1_586' title='bbox 358 4429 583 4513; x_wconf 78' lang='grc' dir='ltr'>Κυρίου</span> <span class='ocrx_word' id='word_1_587' title='bbox 628 4441 1056 4504; x_wconf 81' lang='grc' dir='ltr'>διακόπτοντος</span> <span class='ocrx_word' id='word_1_588' title='bbox 1110 4437 1309 4507; x_wconf 74' lang='grc' dir='ltr'>φλόγα</span> <span class='ocrx_word' id='word_1_589' title='bbox 1353 4434 1562 4503; x_wconf 80' lang='grc' dir='ltr'>πυρός.</span> <span class='ocrx_word' id='word_1_590' title='bbox 1614 4431 1777 4486; x_wconf 88' lang='grc' dir='ltr'>Ὅθεν</span> <span class='ocrx_word' id='word_1_591' title='bbox 1834 4429 1931 4484; x_wconf 77' lang='grc' dir='ltr'><strong>καὶ</strong></span> 
     </span>
    </p>
   </div>
   <div class='ocr_carea' id='block_1_78' title="bbox 2020 3250 3587 3323">
    <p class='ocr_par' dir='ltr' id='par_1_78' title="bbox 2020 3250 3587 3323">
     <span class='ocr_line' id='line_1_78' title="bbox 2020 3250 3587 3323; baseline -0.003 -13"><span class='ocrx_word' id='word_1_592' title='bbox 2020 3257 2254 3319; x_wconf 86' lang='lat' dir='ltr'><strong>diversa,</strong></span> <span class='ocrx_word' id='word_1_593' title='bbox 2283 3264 2461 3309; x_wconf 91' lang='lat' dir='ltr'><strong>tamen</strong></span> <span class='ocrx_word' id='word_1_594' title='bbox 2494 3254 2767 3310; x_wconf 86' lang='lat' dir='ltr'><strong>Creatoris</strong></span> <span class='ocrx_word' id='word_1_595' title='bbox 2798 3254 3031 3323; x_wconf 90' lang='lat' dir='ltr'><strong>potentia</strong></span> <span class='ocrx_word' id='word_1_596' title='bbox 3082 3252 3233 3307; x_wconf 80' lang='lat' dir='ltr'><strong>fuere</strong></span> <span class='ocrx_word' id='word_1_597' title='bbox 3277 3250 3587 3320; x_wconf 76' lang='lat' dir='ltr'><strong>conjuncm.</strong></span> 
     </span>
    </p>
   </div>
   <div class='ocr_carea' id='block_1_79' title="bbox 2018 3344 3587 3413">
    <p class='ocr_par' dir='ltr' id='par_1_79' title="bbox 2018 3344 3587 3413">
     <span class='ocr_line' id='line_1_79' title="bbox 2018 3344 3587 3413; baseline -0.003 -11"><span class='ocrx_word' id='word_1_598' title='bbox 2018 3346 2129 3403; x_wconf 88' lang='lat' dir='ltr'><strong>Nec</strong></span> <span class='ocrx_word' id='word_1_599' title='bbox 2159 3347 2289 3401; x_wconf 89' lang='lat' dir='ltr'><strong>mihi</strong></span> <span class='ocrx_word' id='word_1_600' title='bbox 2316 3346 2520 3401; x_wconf 82' lang='lat' dir='ltr'><strong>dixeris</strong></span> <span class='ocrx_word' id='word_1_601' title='bbox 2551 3346 2668 3401; x_wconf 86' lang='lat' dir='ltr'><strong>ﬁeri</strong></span> <span class='ocrx_word' id='word_1_602' title='bbox 2702 3360 2805 3399; x_wconf 92' lang='lat' dir='ltr'><strong>non</strong></span> <span class='ocrx_word' id='word_1_603' title='bbox 2851 3359 3032 3413; x_wconf 88' lang='lat' dir='ltr'><strong>posse,</strong></span> <span class='ocrx_word' id='word_1_604' title='bbox 3065 3354 3123 3397; x_wconf 92' lang='lat' dir='ltr'><strong>ut</strong></span> <span class='ocrx_word' id='word_1_605' title='bbox 3157 3344 3272 3398; x_wconf 59' lang='lat' dir='ltr'><strong>haec</strong></span> <span class='ocrx_word' id='word_1_606' title='bbox 3294 3357 3324 3396; x_wconf 86' lang='lat' dir='ltr'><strong>a</strong></span> <span class='ocrx_word' id='word_1_607' title='bbox 3353 3358 3414 3398; x_wconf 87' lang='lat' dir='ltr'><strong>se</strong></span> <span class='ocrx_word' id='word_1_608' title='bbox 3445 3345 3587 3397; x_wconf 88' lang='lat' dir='ltr'><strong>invi-</strong></span> 
     </span>
    </p>
   </div>
   <div class='ocr_carea' id='block_1_80' title="bbox 2021 3434 3581 3505">
    <p class='ocr_par' dir='ltr' id='par_1_80' title="bbox 2021 3434 3581 3505">
     <span class='ocr_line' id='line_1_80' title="bbox 2021 3434 3581 3505; baseline -0.001 -14"><span class='ocrx_word' id='word_1_609' title='bbox 2021 3452 2135 3491; x_wconf 89' lang='lat' dir='ltr'><strong>cem</strong></span> <span class='ocrx_word' id='word_1_610' title='bbox 2170 3445 2505 3505; x_wconf 87' lang='lat' dir='ltr'><strong>separentur.</strong></span> <span class='ocrx_word' id='word_1_611' title='bbox 2535 3434 2719 3504; x_wconf 89' lang='lat' dir='ltr'><strong>Ncquc</strong></span> <span class='ocrx_word' id='word_1_612' title='bbox 2749 3436 2891 3490; x_wconf 88' lang='lat' dir='ltr'><strong>enim</strong></span> <span class='ocrx_word' id='word_1_613' title='bbox 2914 3436 3000 3489; x_wconf 90' lang='lat' dir='ltr'><strong>aio</strong></span> <span class='ocrx_word' id='word_1_614' title='bbox 3037 3434 3170 3489; x_wconf 91' lang='lat' dir='ltr'><strong>lueis</strong></span> <span class='ocrx_word' id='word_1_615' title='bbox 3202 3449 3231 3487; x_wconf 91' lang='lat' dir='ltr'><strong>a</strong></span> <span class='ocrx_word' id='word_1_616' title='bbox 3266 3435 3428 3488; x_wconf 88' lang='lat' dir='ltr'><strong>solari</strong></span> <span class='ocrx_word' id='word_1_617' title='bbox 3458 3450 3581 3490; x_wconf 83' lang='lat' dir='ltr'><strong>cor-</strong></span> 
     </span>
    </p>
   </div>
   <div class='ocr_carea' id='block_1_81' title="bbox 2025 3526 3583 3595">
    <p class='ocr_par' dir='ltr' id='par_1_81' title="bbox 2025 3526 3583 3595">
     <span class='ocr_line' id='line_1_81' title="bbox 2025 3526 3583 3595; baseline 0 -15"><span class='ocrx_word' id='word_1_618' title='bbox 2025 3540 2156 3594; x_wconf 89' lang='lat' dir='ltr'><strong>pore</strong></span> <span class='ocrx_word' id='word_1_619' title='bbox 2208 3528 2601 3595; x_wconf 83' lang='lat' dir='ltr'><strong>separatiouem</strong></span> <span class='ocrx_word' id='word_1_620' title='bbox 2657 3527 2785 3580; x_wconf 89' lang='lat' dir='ltr'><strong>mihi</strong></span> <span class='ocrx_word' id='word_1_621' title='bbox 2823 3536 2877 3580; x_wconf 92' lang='lat' dir='ltr'><strong>et</strong></span> <span class='ocrx_word' id='word_1_622' title='bbox 2926 3527 3016 3579; x_wconf 90' lang='lat' dir='ltr'><strong>tibi</strong></span> <span class='ocrx_word' id='word_1_623' title='bbox 3072 3540 3191 3580; x_wconf 91' lang='lat' dir='ltr'><strong>esse</strong></span> <span class='ocrx_word' id='word_1_624' title='bbox 3227 3526 3583 3593; x_wconf 90' lang='lat' dir='ltr'><strong>possibllem:</strong></span> 
     </span>
    </p>
   </div>
   <div class='ocr_carea' id='block_1_82' title="bbox 2025 3619 3593 3689">
    <p class='ocr_par' dir='ltr' id='par_1_82' title="bbox 2025 3619 3593 3689">
     <span class='ocr_line' id='line_1_82' title="bbox 2025 3619 3593 3689; baseline -0.001 -13"><span class='ocrx_word' id='word_1_625' title='bbox 2025 3622 2122 3676; x_wconf 87' lang='lat' dir='ltr'><strong>sed</strong></span> <span class='ocrx_word' id='word_1_626' title='bbox 2160 3636 2280 3689; x_wconf 73' lang='lat' dir='ltr'><strong>qua:</strong></span> <span class='ocrx_word' id='word_1_627' title='bbox 2319 3630 2503 3674; x_wconf 88' lang='lat' dir='ltr'><strong>nostra</strong></span> <span class='ocrx_word' id='word_1_628' title='bbox 2534 3620 2862 3689; x_wconf 80' lang='lat' dir='ltr'><strong>cogitatione</strong></span> <span class='ocrx_word' id='word_1_629' title='bbox 2890 3619 3053 3673; x_wconf 91' lang='lat' dir='ltr'><strong>dividi</strong></span> <span class='ocrx_word' id='word_1_630' title='bbox 3082 3629 3326 3688; x_wconf 89' lang='lat' dir='ltr'><strong>possunt,</strong></span> <span class='ocrx_word' id='word_1_631' title='bbox 3359 3634 3419 3673; x_wconf 91' lang='lat' dir='ltr'><strong>ea</strong></span> <span class='ocrx_word' id='word_1_632' title='bbox 3471 3621 3593 3674; x_wconf 88' lang='lat' dir='ltr'><strong>dico</strong></span> 
     </span>
    </p>
   </div>
   <div class='ocr_carea' id='block_1_83' title="bbox 2025 3710 3586 3782">
    <p class='ocr_par' dir='ltr' id='par_1_83' title="bbox 2025 3710 3586 3782">
     <span class='ocr_line' id='line_1_83' title="bbox 2025 3710 3586 3782; baseline 0 -17"><span class='ocrx_word' id='word_1_633' title='bbox 2025 3727 2052 3765; x_wconf 91' lang='lat' dir='ltr'><strong>a</strong></span> <span class='ocrx_word' id='word_1_634' title='bbox 2090 3711 2194 3782; x_wconf 76' lang='lat'><strong>52</strong></span> <span class='ocrx_word' id='word_1_635' title='bbox 2215 3725 2422 3765; x_wconf 69' lang='lat' dir='ltr'><strong>natura!</strong></span> <span class='ocrx_word' id='word_1_636' title='bbox 2449 3711 2730 3765; x_wconf 88' lang='lat' dir='ltr'><strong>conditore</strong></span> <span class='ocrx_word' id='word_1_637' title='bbox 2760 3710 2922 3764; x_wconf 91' lang='lat' dir='ltr'><strong>etiam</strong></span> <span class='ocrx_word' id='word_1_638' title='bbox 2950 3710 3127 3779; x_wconf 83' lang='lat' dir='ltr'><strong>reipsa</strong></span> <span class='ocrx_word' id='word_1_639' title='bbox 3161 3710 3368 3778; x_wconf 82' lang='lat' dir='ltr'><strong>sejungi</strong></span> <span class='ocrx_word' id='word_1_640' title='bbox 3404 3725 3586 3779; x_wconf 86' lang='lat' dir='ltr'><strong>posse.</strong></span> 
     </span>
    </p>
   </div>
   <div class='ocr_carea' id='block_1_84' title="bbox 2026 3798 3593 3872">
    <p class='ocr_par' dir='ltr' id='par_1_84' title="bbox 2026 3798 3593 3872">
     <span class='ocr_line' id='line_1_84' title="bbox 2026 3798 3593 3872; baseline 0.001 -15"><span class='ocrx_word' id='word_1_641' title='bbox 2026 3803 2159 3857; x_wconf 85' lang='lat' dir='ltr'><strong>Nam</strong></span> <span class='ocrx_word' id='word_1_642' title='bbox 2197 3813 2252 3858; x_wconf 91' lang='lat' dir='ltr'><strong>et</strong></span> <span class='ocrx_word' id='word_1_643' title='bbox 2283 3814 2337 3856; x_wconf 92' lang='lat' dir='ltr'><strong>tu</strong></span> <span class='ocrx_word' id='word_1_644' title='bbox 2364 3804 2472 3857; x_wconf 90' lang='lat' dir='ltr'><strong>vim</strong></span> <span class='ocrx_word' id='word_1_645' title='bbox 2529 3804 2668 3872; x_wconf 82' lang='lat' dir='ltr'><strong>ignis</strong></span> <span class='ocrx_word' id='word_1_646' title='bbox 2706 3798 3022 3857; x_wconf 90' lang='lat' dir='ltr'><strong>adurentem</strong></span> <span class='ocrx_word' id='word_1_647' title='bbox 3049 3818 3076 3854; x_wconf 86' lang='lat' dir='ltr'><strong>a</strong></span> <span class='ocrx_word' id='word_1_648' title='bbox 3115 3803 3399 3872; x_wconf 88' lang='lat' dir='ltr'><strong>splendore</strong></span> <span class='ocrx_word' id='word_1_649' title='bbox 3438 3817 3593 3872; x_wconf 86' lang='lat' dir='ltr'><strong>sepa-</strong></span> 
     </span>
    </p>
   </div>
   <div class='ocr_carea' id='block_1_85' title="bbox 2027 3895 3590 3964">
    <p class='ocr_par' dir='ltr' id='par_1_85' title="bbox 2027 3895 3590 3964">
     <span class='ocr_line' id='line_1_85' title="bbox 2027 3895 3590 3964; baseline 0 -16"><span class='ocrx_word' id='word_1_650' title='bbox 2027 3910 2148 3949; x_wconf 90' lang='lat' dir='ltr'><strong>rare</strong></span> <span class='ocrx_word' id='word_1_651' title='bbox 2192 3909 2532 3964; x_wconf 86' lang='lat' dir='ltr'><strong>nequaquam</strong></span> <span class='ocrx_word' id='word_1_652' title='bbox 2570 3902 2759 3963; x_wconf 90' lang='lat' dir='ltr'><strong>potes:</strong></span> <span class='ocrx_word' id='word_1_653' title='bbox 2805 3896 2942 3949; x_wconf 87' lang='lat' dir='ltr'><strong>Deus</strong></span> <span class='ocrx_word' id='word_1_654' title='bbox 2994 3910 3143 3959; x_wconf 89' lang='lat' dir='ltr'><strong>vero,</strong></span> <span class='ocrx_word' id='word_1_655' title='bbox 3178 3895 3267 3963; x_wconf 91' lang='lat' dir='ltr'><strong>qui</strong></span> <span class='ocrx_word' id='word_1_656' title='bbox 3328 3895 3590 3948; x_wconf 81' lang='lat' dir='ltr'><strong>famulum</strong></span> 
     </span>
    </p>
   </div>
   <div class='ocr_carea' id='block_1_86' title="bbox 2028 3986 3595 4056">
    <p class='ocr_par' dir='ltr' id='par_1_86' title="bbox 2028 3986 3595 4056">
     <span class='ocr_line' id='line_1_86' title="bbox 2028 3986 3595 4056; baseline 0.002 -17"><span class='ocrx_word' id='word_1_657' title='bbox 2028 4002 2182 4040; x_wconf 90' lang='lat' dir='ltr'><strong>suum</strong></span> <span class='ocrx_word' id='word_1_658' title='bbox 2228 3987 2493 4056; x_wconf 84' lang='lat' dir='ltr'><strong>stupende</strong></span> <span class='ocrx_word' id='word_1_659' title='bbox 2531 3986 2792 4041; x_wconf 91' lang='lat' dir='ltr'><strong>miraculo</strong></span> <span class='ocrx_word' id='word_1_660' title='bbox 2819 3988 3124 4056; x_wconf 88' lang='lat' dir='ltr'><strong>_attrahere</strong></span> <span class='ocrx_word' id='word_1_661' title='bbox 3154 3986 3382 4051; x_wconf 89' lang='lat' dir='ltr'><strong>volebat,</strong></span> <span class='ocrx_word' id='word_1_662' title='bbox 3419 3987 3595 4055; x_wconf 83' lang='lat' dir='ltr'><strong>ignem</strong></span> 
     </span>
    </p>
   </div>
   <div class='ocr_carea' id='block_1_87' title="bbox 2029 4075 3597 4148">
    <p class='ocr_par' dir='ltr' id='par_1_87' title="bbox 2029 4075 3597 4148">
     <span class='ocr_line' id='line_1_87' title="bbox 2029 4075 3597 4148; baseline 0.001 -16"><span class='ocrx_word' id='word_1_663' title='bbox 2029 4079 2085 4132; x_wconf 92' lang='lat' dir='ltr'><strong>in</strong></span> <span class='ocrx_word' id='word_1_664' title='bbox 2144 4078 2276 4130; x_wconf 90' lang='lat' dir='ltr'><strong>rubo</strong></span> <span class='ocrx_word' id='word_1_665' title='bbox 2340 4076 2614 4145; x_wconf 91' lang='lat' dir='ltr'><strong>imposuit,</strong></span> <span class='ocrx_word' id='word_1_666' title='bbox 2657 4081 2747 4147; x_wconf 89' lang='lat' dir='ltr'><strong>qui</strong></span> <span class='ocrx_word' id='word_1_667' title='bbox 2810 4075 3103 4132; x_wconf 81' lang='lat' dir='ltr'><strong>elIicaciam</strong></span> <span class='ocrx_word' id='word_1_668' title='bbox 3153 4093 3184 4132; x_wconf 92' lang='lat' dir='ltr'><strong>a</strong></span> <span class='ocrx_word' id='word_1_669' title='bbox 3245 4078 3358 4133; x_wconf 93' lang='lat' dir='ltr'><strong>solo</strong></span> <span class='ocrx_word' id='word_1_670' title='bbox 3411 4078 3597 4148; x_wconf 84' lang='lat' dir='ltr'><strong>splen-</strong></span> 
     </span>
    </p>
   </div>
   <div class='ocr_carea' id='block_1_88' title="bbox 2030 4169 3598 4234">
    <p class='ocr_par' dir='ltr' id='par_1_88' title="bbox 2030 4169 3598 4234">
     <span class='ocr_line' id='line_1_88' title="bbox 2030 4169 3598 4234; baseline 0.002 -11"><span class='ocrx_word' id='word_1_671' title='bbox 2030 4171 2160 4224; x_wconf 86' lang='lat' dir='ltr'><strong>dore</strong></span> <span class='ocrx_word' id='word_1_672' title='bbox 2238 4169 2608 4234; x_wconf 85' lang='lat' dir='ltr'><strong>mutuabatur,</strong></span> <span class='ocrx_word' id='word_1_673' title='bbox 2679 4170 2784 4223; x_wconf 91' lang='lat' dir='ltr'><strong>vim</strong></span> <span class='ocrx_word' id='word_1_674' title='bbox 2856 4176 3035 4223; x_wconf 89' lang='lat' dir='ltr'><strong>autem</strong></span> <span class='ocrx_word' id='word_1_675' title='bbox 3109 4170 3299 4224; x_wconf 90' lang='lat' dir='ltr'><strong>urendi</strong></span> <span class='ocrx_word' id='word_1_676' title='bbox 3366 4169 3598 4226; x_wconf 84' lang='lat' dir='ltr'><strong>habebat</strong></span> 
     </span>
    </p>
   </div>
   <div class='ocr_carea' id='block_1_89' title="bbox 2029 4256 3596 4323">
    <p class='ocr_par' dir='ltr' id='par_1_89' title="bbox 2029 4256 3596 4323">
     <span class='ocr_line' id='line_1_89' title="bbox 2029 4256 3596 4323; baseline 0 -9"><span class='ocrx_word' id='word_1_677' title='bbox 2029 4259 2281 4314; x_wconf 86' lang='lat' dir='ltr'><strong>otiosam.</strong></span> <span class='ocrx_word' id='word_1_678' title='bbox 2332 4256 2492 4312; x_wconf 81' lang='lat' dir='ltr'><strong>Velut</strong></span> <span class='ocrx_word' id='word_1_679' title='bbox 2553 4259 2715 4313; x_wconf 92' lang='lat' dir='ltr'><strong>etiam</strong></span> <span class='ocrx_word' id='word_1_680' title='bbox 2790 4258 2995 4313; x_wconf 79' lang='lat' dir='ltr'><strong>Psaltes</strong></span> <span class='ocrx_word' id='word_1_681' title='bbox 3071 4268 3315 4323; x_wconf 86' lang='lat' dir='ltr'><strong>testatur,</strong></span> <span class='ocrx_word' id='word_1_682' title='bbox 3365 4261 3596 4315; x_wconf 88' lang='lat' dir='ltr'><strong>dicens:</strong></span> 
     </span>
    </p>
   </div>
   <div class='ocr_carea' id='block_1_90' title="bbox 2046 4346 3602 4419">
    <p class='ocr_par' dir='ltr' id='par_1_90' title="bbox 2046 4346 3602 4419">
     <span class='ocr_line' id='line_1_90' title="bbox 2046 4346 3602 4419; baseline 0.004 -20"><span class='ocrx_word' id='word_1_683' title='bbox 2046 4346 2154 4402; x_wconf 73' lang='lat' dir='ltr'><strong>Vos;</strong></span> <span class='ocrx_word' id='word_1_684' title='bbox 2204 4347 2416 4401; x_wconf 82' lang='lat' dir='ltr'><strong>Domini</strong></span> <span class='ocrx_word' id='word_1_685' title='bbox 2454 4349 2808 4403; x_wconf 75' lang='lat' dir='ltr'><strong>intercidentis</strong></span> <span class='ocrx_word' id='word_1_686' title='bbox 2845 4350 3113 4419; x_wconf 75' lang='lat' dir='ltr'><strong>ﬂammam</strong></span> <span class='ocrx_word' id='word_1_687' title='bbox 3171 4350 3308 4419; x_wconf 78' lang='lat' dir='ltr'><strong>ignis</strong></span> <span class='ocrx_word' id='word_1_688' title='bbox 3328 4351 3394 4403; x_wconf 76' lang='grc'><strong>⁸³.</strong></span> <span class='ocrx_word' id='word_1_689' title='bbox 3449 4348 3602 4405; x_wconf 84' lang='lat' dir='ltr'><strong>Unde</strong></span> 
     </span>
    </p>
   </div>
   <div class='ocr_carea' id='block_1_91' title="bbox 2034 4440 3601 4510">
    <p class='ocr_par' dir='ltr' id='par_1_91' title="bbox 2034 4440 3601 4510">
     <span class='ocr_line' id='line_1_91' title="bbox 2034 4440 3601 4510; baseline 0.001 -17"><span class='ocrx_word' id='word_1_690' title='bbox 2034 4440 2198 4494; x_wconf 85' lang='lat' dir='ltr'><strong>etiam</strong></span> <span class='ocrx_word' id='word_1_691' title='bbox 2230 4455 2349 4495; x_wconf 92' lang='lat' dir='ltr'><strong>eum</strong></span> <span class='ocrx_word' id='word_1_692' title='bbox 2394 4454 2573 4494; x_wconf 91' lang='lat' dir='ltr'><strong>rerum</strong></span> <span class='ocrx_word' id='word_1_693' title='bbox 2614 4440 2665 4494; x_wconf 92' lang='lat' dir='ltr'><strong>in</strong></span> <span class='ocrx_word' id='word_1_694' title='bbox 2719 4441 2826 4494; x_wconf 89' lang='lat' dir='ltr'><strong>vita</strong></span> <span class='ocrx_word' id='word_1_695' title='bbox 2864 4451 3133 4510; x_wconf 82' lang='lat' dir='ltr'><strong>gestarum</strong></span> <span class='ocrx_word' id='word_1_696' title='bbox 3187 4456 3393 4496; x_wconf 89' lang='lat' dir='ltr'><strong>merces</strong></span> <span class='ocrx_word' id='word_1_697' title='bbox 3440 4442 3601 4496; x_wconf 88' lang='lat' dir='ltr'><strong>retri-</strong></span> 
     </span>
    </p>
   </div>
   <div class='ocr_carea' id='block_1_92' title="bbox 362 4518 1918 4601">
    <p class='ocr_par' dir='ltr' id='par_1_92' title="bbox 362 4518 1918 4599">
     <span class='ocr_line' id='line_1_92' title="bbox 362 4518 1918 4599; baseline -0.008 -14"><span class='ocrx_word' id='word_1_698' title='bbox 362 4534 421 4585; x_wconf 83' lang='grc' dir='ltr'>ὲν</span> <span class='ocrx_word' id='word_1_699' title='bbox 469 4532 589 4593; x_wconf 80' lang='grc' dir='ltr'>ταῖς</span> <span class='ocrx_word' id='word_1_700' title='bbox 651 4528 758 4582; x_wconf 83' lang='grc' dir='ltr'><strong>τῶν</strong></span> <span class='ocrx_word' id='word_1_701' title='bbox 808 4526 1153 4599; x_wconf 78' lang='grc' dir='ltr'>βεϐιωμένων</span> <span class='ocrx_word' id='word_1_702' title='bbox 1204 4526 1335 4596; x_wconf 83' lang='grc' dir='ltr'>ἡμῖν</span> <span class='ocrx_word' id='word_1_703' title='bbox 1402 4520 1788 4576; x_wconf 83' lang='grc' dir='ltr'>άνταποδόσεσι</span> <span class='ocrx_word' id='word_1_704' title='bbox 1843 4518 1918 4573; x_wconf 91' lang='grc' dir='ltr'>λό-</span> 
     </span>
    </p>
   </div>
   <div class='ocr_carea' id='block_1_93' title="bbox 2019 4518 3602 4601">
    <p class='ocr_par' dir='ltr' id='par_1_93' title="bbox 2038 4529 3602 4599">
     <span class='ocr_line' id='line_1_93' title="bbox 2038 4529 3602 4599; baseline 0.001 -17"><span class='ocrx_word' id='word_1_705' title='bbox 2038 4529 2273 4593; x_wconf 90' lang='lat' dir='ltr'><strong>buetur,</strong></span> <span class='ocrx_word' id='word_1_706' title='bbox 2336 4543 2565 4583; x_wconf 90' lang='lat' dir='ltr'><strong>arcanus</strong></span> <span class='ocrx_word' id='word_1_707' title='bbox 2613 4530 2828 4599; x_wconf 86' lang='lat' dir='ltr'><strong>quidam</strong></span> <span class='ocrx_word' id='word_1_708' title='bbox 2903 4545 3081 4585; x_wconf 88' lang='lat' dir='ltr'><strong>sermo</strong></span> <span class='ocrx_word' id='word_1_709' title='bbox 3138 4544 3234 4585; x_wconf 89' lang='lat' dir='ltr'><strong>nos</strong></span> <span class='ocrx_word' id='word_1_710' title='bbox 3301 4530 3454 4585; x_wconf 89' lang='lat' dir='ltr'><strong>docet</strong></span> <span class='ocrx_word' id='word_1_711' title='bbox 3506 4547 3602 4584; x_wconf 86' lang='lat' dir='ltr'><strong>na-</strong></span> 
     </span>
    </p>
   </div>
   <div class='ocr_carea' id='block_1_94' title="bbox 361 4612 1929 4693">
    <p class='ocr_par' dir='ltr' id='par_1_94' title="bbox 361 4612 1929 4693">
     <span class='ocr_line' id='line_1_94' title="bbox 361 4612 1929 4693; baseline -0.006 -17"><span class='ocrx_word' id='word_1_712' title='bbox 361 4640 458 4692; x_wconf 84' lang='grc' dir='ltr'>γος</span> <span class='ocrx_word' id='word_1_713' title='bbox 476 4639 559 4686; x_wconf 87' lang='grc' dir='ltr'><strong>τις</strong></span> <span class='ocrx_word' id='word_1_714' title='bbox 585 4622 731 4693; x_wconf 80' lang='grc' dir='ltr'>ἡμᾶς</span> <span class='ocrx_word' id='word_1_715' title='bbox 764 4622 821 4673; x_wconf 85' lang='grc' dir='ltr'><strong>ἐν</strong></span> <span class='ocrx_word' id='word_1_716' title='bbox 847 4619 1141 4691; x_wconf 78' lang='grc' dir='ltr'>ἀπορρήτῳ</span> <span class='ocrx_word' id='word_1_717' title='bbox 1166 4616 1439 4681; x_wconf 85' lang='grc' dir='ltr'>παιδεύει,</span> <span class='ocrx_word' id='word_1_718' title='bbox 1490 4612 1929 4685; x_wconf 87' lang='grc' dir='ltr'>διαιρεθήσεσθαι</span> 
     </span>
    </p>
   </div>
   <div class='ocr_carea' id='block_1_95' title="bbox 361 4707 1931 4786">
    <p class='ocr_par' dir='ltr' id='par_1_95' title="bbox 361 4707 1931 4786">
     <span class='ocr_line' id='line_1_95' title="bbox 361 4707 1931 4786; baseline -0.007 -17"><span class='ocrx_word' id='word_1_719' title='bbox 361 4715 457 4769; x_wconf 89' lang='grc' dir='ltr'><strong>τοῦ</strong></span> <span class='ocrx_word' id='word_1_720' title='bbox 481 4714 649 4786; x_wconf 82' lang='grc' dir='ltr'>πυρὸς</span> <span class='ocrx_word' id='word_1_721' title='bbox 672 4714 771 4785; x_wconf 81' lang='grc' dir='ltr'>τὴν</span> <span class='ocrx_word' id='word_1_722' title='bbox 805 4712 983 4782; x_wconf 85' lang='grc' dir='ltr'>φύσιν,</span> <span class='ocrx_word' id='word_1_723' title='bbox 1020 4713 1115 4764; x_wconf 76' lang='grc' dir='ltr'><strong>καὶ</strong></span> <span class='ocrx_word' id='word_1_724' title='bbox 1144 4710 1206 4764; x_wconf 85' lang='grc' dir='ltr'>τὸ</span> <span class='ocrx_word' id='word_1_725' title='bbox 1240 4709 1337 4781; x_wconf 82' lang='grc' dir='ltr'>μὲν</span> <span class='ocrx_word' id='word_1_726' title='bbox 1364 4709 1478 4779; x_wconf 82' lang='grc' dir='ltr'><strong>φῶς</strong></span> <span class='ocrx_word' id='word_1_727' title='bbox 1520 4709 1599 4772; x_wconf 87' lang='grc' dir='ltr'><strong>είς</strong></span> <span class='ocrx_word' id='word_1_728' title='bbox 1634 4707 1931 4761; x_wconf 83' lang='grc' dir='ltr'>ἀπόλαυσιν</span> 
     </span>
    </p>
   </div>
   <div class='ocr_carea' id='block_1_96' title="bbox 362 4800 1932 4875">
    <p class='ocr_par' dir='ltr' id='par_1_96' title="bbox 362 4800 1932 4875">
     <span class='ocr_line' id='line_1_96' title="bbox 362 4800 1932 4875; baseline -0.004 -16"><span class='ocrx_word' id='word_1_729' title='bbox 362 4808 475 4870; x_wconf 87' lang='grc' dir='ltr'>τοῖς</span> <span class='ocrx_word' id='word_1_730' title='bbox 496 4805 743 4869; x_wconf 86' lang='grc' dir='ltr'>δικαίοις,</span> <span class='ocrx_word' id='word_1_731' title='bbox 768 4804 831 4857; x_wconf 84' lang='grc' dir='ltr'>τὸ</span> <span class='ocrx_word' id='word_1_732' title='bbox 858 4804 913 4857; x_wconf 83' lang='grc' dir='ltr'>δὲ</span> <span class='ocrx_word' id='word_1_733' title='bbox 952 4803 1051 4875; x_wconf 84' lang='grc' dir='ltr'>τῆς</span> <span class='ocrx_word' id='word_1_734' title='bbox 1092 4802 1340 4866; x_wconf 89' lang='grc' dir='ltr'>καύσεως</span> <span class='ocrx_word' id='word_1_735' title='bbox 1385 4800 1642 4873; x_wconf 72' lang='grc' dir='ltr'>ὀδυνηρὸν</span> <span class='ocrx_word' id='word_1_736' title='bbox 1676 4801 1791 4863; x_wconf 77' lang='grc' dir='ltr'>τοῖς</span> <span class='ocrx_word' id='word_1_737' title='bbox 1838 4817 1932 4853; x_wconf 93' lang='grc' dir='ltr'>κο-</span> 
     </span>
    </p>
   </div>
   <div class='ocr_carea' id='block_1_97' title="bbox 363 4893 1933 4969">
    <p class='ocr_par' dir='ltr' id='par_1_97' title="bbox 363 4893 1933 4969">
     <span class='ocr_line' id='line_1_97' title="bbox 363 4893 1933 4969; baseline -0.004 -17"><span class='ocrx_word' id='word_1_738' title='bbox 363 4896 679 4969; x_wconf 78' lang='grc' dir='ltr'>λαζομένοις</span> <span class='ocrx_word' id='word_1_739' title='bbox 712 4894 1206 4967; x_wconf 83' lang='grc' dir='ltr'>ἀποταχθήσεσθαι.</span> <span class='ocrx_word' id='word_1_740' title='bbox 1242 4896 1471 4948; x_wconf 88' lang='grc' dir='ltr'>Ἔπειτα</span> <span class='ocrx_word' id='word_1_741' title='bbox 1503 4894 1685 4965; x_wconf 87' lang='grc' dir='ltr'>μέντοι</span> <span class='ocrx_word' id='word_1_742' title='bbox 1726 4893 1819 4946; x_wconf 74' lang='grc' dir='ltr'><strong>καὶ</strong></span> <span class='ocrx_word' id='word_1_743' title='bbox 1869 4894 1933 4945; x_wconf 84' lang='grc' dir='ltr'><strong>ἐκ</strong></span> 
     </span>
    </p>
   </div>
   <div class='ocr_carea' id='block_1_98' title="bbox 362 4984 1933 5063">
    <p class='ocr_par' dir='ltr' id='par_1_98' title="bbox 362 4984 1933 5063">
     <span class='ocr_line' id='line_1_98' title="bbox 362 4984 1933 5063; baseline -0.006 -18"><span class='ocrx_word' id='word_1_744' title='bbox 362 4994 472 5046; x_wconf 84' lang='grc' dir='ltr'><strong>τῶν</strong></span> <span class='ocrx_word' id='word_1_745' title='bbox 506 4992 634 5063; x_wconf 72' lang='grc' dir='ltr'>περὶ</span> <span class='ocrx_word' id='word_1_746' title='bbox 666 4992 895 5062; x_wconf 85' lang='grc' dir='ltr'>σελήνην</span> <span class='ocrx_word' id='word_1_747' title='bbox 942 4988 1130 5043; x_wconf 86' lang='grc' dir='ltr'>παθῶν</span> <span class='ocrx_word' id='word_1_748' title='bbox 1162 4988 1383 5041; x_wconf 84' lang='grc' dir='ltr'>δυνατὸν</span> <span class='ocrx_word' id='word_1_749' title='bbox 1440 4988 1588 5058; x_wconf 81' lang='grc' dir='ltr'>ἡμᾶς</span> <span class='ocrx_word' id='word_1_750' title='bbox 1618 4986 1718 5057; x_wconf 81' lang='grc' dir='ltr'><strong>τὴν</strong></span> <span class='ocrx_word' id='word_1_751' title='bbox 1750 4984 1933 5037; x_wconf 83' lang='grc' dir='ltr'>πίστιν</span> 
     </span>
    </p>
   </div>
   <div class='ocr_carea' id='block_1_99' title="bbox 363 5077 1932 5155">
    <p class='ocr_par' dir='ltr' id='par_1_99' title="bbox 363 5077 1932 5155">
     <span class='ocr_line' id='line_1_99' title="bbox 363 5077 1932 5155; baseline -0.006 -18"><span class='ocrx_word' id='word_1_752' title='bbox 363 5084 469 5138; x_wconf 85' lang='grc' dir='ltr'><strong>τῶν</strong></span> <span class='ocrx_word' id='word_1_753' title='bbox 496 5082 838 5155; x_wconf 79' lang='grc' dir='ltr'>ζητουμένων</span> <span class='ocrx_word' id='word_1_754' title='bbox 870 5080 1149 5152; x_wconf 76' lang='grc' dir='ltr'>εὕρασθαι.</span> <span class='ocrx_word' id='word_1_755' title='bbox 1185 5080 1438 5150; x_wconf 88' lang='grc' dir='ltr'>Λήγουσα</span> <span class='ocrx_word' id='word_1_756' title='bbox 1462 5079 1571 5149; x_wconf 79' lang='grc' dir='ltr'><strong>γὰρ</strong></span> <span class='ocrx_word' id='word_1_757' title='bbox 1589 5118 1603 5139; x_wconf 90' lang='grc'><strong>,</strong></span> <span class='ocrx_word' id='word_1_758' title='bbox 1627 5077 1722 5131; x_wconf 73' lang='grc' dir='ltr'><strong>καὶ</strong></span> <span class='ocrx_word' id='word_1_759' title='bbox 1752 5093 1932 5143; x_wconf 86' lang='grc' dir='ltr'>μειου-</span> 
     </span>
    </p>
   </div>
   <div class='ocr_carea' id='block_1_100' title="bbox 368 5168 1932 5247">
    <p class='ocr_par' dir='ltr' id='par_1_100' title="bbox 368 5168 1932 5247">
     <span class='ocr_line' id='line_1_100' title="bbox 368 5168 1932 5247; baseline -0.005 -19"><span class='ocrx_word' id='word_1_760' title='bbox 368 5177 525 5247; x_wconf 88' lang='grc' dir='ltr'>μένη,</span> <span class='ocrx_word' id='word_1_761' title='bbox 554 5175 675 5245; x_wconf 75' lang='grc' dir='ltr'>οὐχὶ</span> <span class='ocrx_word' id='word_1_762' title='bbox 715 5172 792 5243; x_wconf 84' lang='grc' dir='ltr'>τῷ</span> <span class='ocrx_word' id='word_1_763' title='bbox 850 5172 1014 5227; x_wconf 76' lang='grc' dir='ltr'>παντὶ</span> <span class='ocrx_word' id='word_1_764' title='bbox 1064 5172 1260 5243; x_wconf 80' lang='grc' dir='ltr'>ἑαυτῆς</span> <span class='ocrx_word' id='word_1_765' title='bbox 1312 5169 1523 5240; x_wconf 85' lang='grc' dir='ltr'>σώματι</span> <span class='ocrx_word' id='word_1_766' title='bbox 1575 5168 1879 5222; x_wconf 81' lang='grc' dir='ltr'>δαπανᾶται</span> <span class='ocrx_word' id='word_1_767' title='bbox 1916 5207 1932 5232; x_wconf 94' lang='grc'><strong>,</strong></span> 
     </span>
    </p>
   </div>
   <div class='ocr_carea' id='block_1_101' title="bbox 441 5396 1526 5469">
    <p class='ocr_par' dir='ltr' id='par_1_101' title="bbox 441 5396 1526 5469">
     <span class='ocr_line' id='line_1_101' title="bbox 441 5396 1526 5469; baseline -0.003 -17"><span class='ocrx_word' id='word_1_768' title='bbox 441 5399 482 5430; x_wconf 84' lang='grc'>⁸¹</span> <span class='ocrx_word' id='word_1_769' title='bbox 508 5399 737 5469; x_wconf 88' lang='lat' dir='ltr'><strong>Philipp.</strong></span> <span class='ocrx_word' id='word_1_770' title='bbox 773 5412 833 5464; x_wconf 81' lang='grc' dir='ltr'><strong>ιι,</strong></span> <span class='ocrx_word' id='word_1_771' title='bbox 866 5396 953 5452; x_wconf 82' lang='grc'><strong>15.</strong></span> <span class='ocrx_word' id='word_1_772' title='bbox 1028 5396 1073 5430; x_wconf 76' lang='grc'>⁸⁸</span> <span class='ocrx_word' id='word_1_773' title='bbox 1100 5397 1242 5457; x_wconf 85' lang='lat' dir='ltr'><strong>Psal.</strong></span> <span class='ocrx_word' id='word_1_774' title='bbox 1276 5412 1467 5462; x_wconf 78' lang='lat' dir='ltr'><strong>xxvm,</strong></span> <span class='ocrx_word' id='word_1_775' title='bbox 1496 5396 1526 5449; x_wconf 92' lang='lat'><strong>7</strong></span> 
     </span>
    </p>
   </div>
   <div class='ocr_carea' id='block_1_102' title="bbox 446 5602 1786 5675">
    <p class='ocr_par' dir='ltr' id='par_1_102' title="bbox 446 5602 1786 5675">
     <span class='ocr_line' id='line_1_102' title="bbox 446 5602 1786 5675; baseline -0.001 -19"><span class='ocrx_word' id='word_1_776' title='bbox 446 5602 556 5675; x_wconf 60' lang='lat' dir='ltr'><strong>(93g)</strong></span> <span class='ocrx_word' id='word_1_777' title='bbox 598 5603 727 5675; x_wconf 60' lang='grc' dir='ltr'><strong>[ἷξε.</strong></span> <span class='ocrx_word' id='word_1_778' title='bbox 754 5605 970 5675; x_wconf 88' lang='lat' dir='ltr'><strong>quintus</strong></span> <span class='ocrx_word' id='word_1_779' title='bbox 997 5604 1057 5657; x_wconf 83' lang='grc' dir='ltr'>τὸ</span> <span class='ocrx_word' id='word_1_780' title='bbox 1080 5602 1321 5675; x_wconf 71' lang='grc' dir='ltr'>εὔσημον</span> <span class='ocrx_word' id='word_1_781' title='bbox 1349 5602 1457 5675; x_wconf 68' lang='grc' dir='ltr'><strong>τῶν</strong></span> <span class='ocrx_word' id='word_1_782' title='bbox 1483 5602 1786 5675; x_wconf 81' lang='grc' dir='ltr'>νοημάτων.</span> 
     </span>
    </p>
   </div>
   <div class='ocr_carea' id='block_1_103' title="bbox 447 5669 1930 5744">
    <p class='ocr_par' dir='ltr' id='par_1_103' title="bbox 447 5669 1930 5744">
     <span class='ocr_line' id='line_1_103' title="bbox 447 5669 1930 5744; baseline -0.001 -19"><span class='ocrx_word' id='word_1_783' title='bbox 447 5669 557 5743; x_wconf 77' lang='grc'><strong>(94)</strong></span> <span class='ocrx_word' id='word_1_784' title='bbox 599 5669 702 5727; x_wconf 68' lang='grc' dir='ltr'>δίε</span> <span class='ocrx_word' id='word_1_785' title='bbox 722 5669 956 5744; x_wconf 82' lang='lat' dir='ltr'><strong>quinque</strong></span> <span class='ocrx_word' id='word_1_786' title='bbox 986 5689 1117 5727; x_wconf 67' lang='lat' dir='ltr'><strong>mss.</strong></span> <span class='ocrx_word' id='word_1_787' title='bbox 1146 5669 1301 5729; x_wconf 77' lang='lat' dir='ltr'><strong>Deest</strong></span> <span class='ocrx_word' id='word_1_788' title='bbox 1326 5669 1418 5727; x_wconf 80' lang='grc' dir='ltr'><strong>οῦν</strong></span> <span class='ocrx_word' id='word_1_789' title='bbox 1447 5675 1498 5728; x_wconf 89' lang='lat' dir='ltr'><strong>in</strong></span> <span class='ocrx_word' id='word_1_790' title='bbox 1526 5669 1701 5729; x_wconf 70' lang='lat' dir='ltr'><strong>editis.</strong></span> <span class='ocrx_word' id='word_1_791' title='bbox 1734 5671 1930 5727; x_wconf 81' lang='lat' dir='ltr'><strong>Statim</strong></span> 
     </span>
    </p>
   </div>
   <div class='ocr_carea' id='block_1_104' title="bbox 368 5743 1837 5815">
    <p class='ocr_par' dir='ltr' id='par_1_104' title="bbox 368 5743 1837 5815">
     <span class='ocr_line' id='line_1_104' title="bbox 368 5743 1837 5815; baseline 0.007 -18"><span class='ocrx_word' id='word_1_792' title='bbox 368 5743 817 5815; x_wconf 19' lang='lat' dir='ltr'><strong>Colhasecundus</strong></span> <span class='ocrx_word' id='word_1_793' title='bbox 844 5746 970 5815; x_wconf 82' lang='grc' dir='ltr'>παρ’</span> <span class='ocrx_word' id='word_1_794' title='bbox 996 5746 1145 5815; x_wconf 80' lang='grc' dir='ltr'>ἡμῖν.</span> <span class='ocrx_word' id='word_1_795' title='bbox 1502 5814 1529 5815; x_wconf 25' lang='grc' dir='ltr'>η</span> 
     </span>
    </p>
   </div>
   <div class='ocr_carea' id='block_1_105' title="bbox 447 5809 1922 5885">
    <p class='ocr_par' dir='ltr' id='par_1_105' title="bbox 447 5809 1922 5885">
     <span class='ocr_line' id='line_1_105' title="bbox 447 5809 1922 5885; baseline -0.002 -18"><span class='ocrx_word' id='word_1_796' title='bbox 447 5812 560 5885; x_wconf 80' lang='grc'><strong>(95)</strong></span> <span class='ocrx_word' id='word_1_797' title='bbox 600 5815 678 5870; x_wconf 77' lang='lat' dir='ltr'><strong>lla</strong></span> <span class='ocrx_word' id='word_1_798' title='bbox 710 5816 877 5871; x_wconf 81' lang='lat' dir='ltr'><strong>codex</strong></span> <span class='ocrx_word' id='word_1_799' title='bbox 910 5809 1151 5873; x_wconf 56' lang='lat' dir='ltr'><strong>Com&#39;bef.</strong></span> <span class='ocrx_word' id='word_1_800' title='bbox 1189 5828 1433 5872; x_wconf 78' lang='lat' dir='ltr'><strong>cum-sex</strong></span> <span class='ocrx_word' id='word_1_801' title='bbox 1468 5814 1587 5869; x_wconf 85' lang='lat' dir='ltr'><strong>aliis</strong></span> <span class='ocrx_word' id='word_1_802' title='bbox 1616 5828 1743 5869; x_wconf 88' lang='lat' dir='ltr'><strong>mss.</strong></span> <span class='ocrx_word' id='word_1_803' title='bbox 1772 5809 1922 5879; x_wconf 82' lang='lat' dir='ltr'><strong>illud,</strong></span> 
     </span>
    </p>
   </div>
   <div class='ocr_carea' id='block_1_106' title="bbox 2040 4621 3599 4692">
    <p class='ocr_par' dir='ltr' id='par_1_106' title="bbox 2040 4621 3599 4692">
     <span class='ocr_line' id='line_1_106' title="bbox 2040 4621 3599 4692; baseline 0.001 -17"><span class='ocrx_word' id='word_1_804' title='bbox 2040 4631 2213 4675; x_wconf 89' lang='lat' dir='ltr'><strong>turam</strong></span> <span class='ocrx_word' id='word_1_805' title='bbox 2276 4621 2415 4689; x_wconf 79' lang='lat' dir='ltr'><strong>ignis</strong></span> <span class='ocrx_word' id='word_1_806' title='bbox 2484 4621 2713 4676; x_wconf 87' lang='lat' dir='ltr'><strong>divisum</strong></span> <span class='ocrx_word' id='word_1_807' title='bbox 2767 4621 2881 4687; x_wconf 88' lang='lat' dir='ltr'><strong>iri,</strong></span> <span class='ocrx_word' id='word_1_808' title='bbox 2932 4630 2985 4677; x_wconf 92' lang='lat' dir='ltr'><strong>et</strong></span> <span class='ocrx_word' id='word_1_809' title='bbox 3048 4622 3219 4677; x_wconf 93' lang='lat' dir='ltr'><strong>lucem</strong></span> <span class='ocrx_word' id='word_1_810' title='bbox 3273 4623 3485 4692; x_wconf 91' lang='lat' dir='ltr'><strong>quidem</strong></span> <span class='ocrx_word' id='word_1_811' title='bbox 3546 4622 3599 4677; x_wconf 86' lang='lat' dir='ltr'><strong>in</strong></span> 
     </span>
    </p>
   </div>
   <div class='ocr_carea' id='block_1_107' title="bbox 2037 4711 3603 4782">
    <p class='ocr_par' dir='ltr' id='par_1_107' title="bbox 2037 4711 3603 4782">
     <span class='ocr_line' id='line_1_107' title="bbox 2037 4711 3603 4782; baseline 0.003 -17"><span class='ocrx_word' id='word_1_812' title='bbox 2037 4711 2350 4767; x_wconf 80' lang='lat' dir='ltr'><strong>fruitiouem</strong></span> <span class='ocrx_word' id='word_1_813' title='bbox 2376 4711 2877 4781; x_wconf 86' lang='lat' dir='ltr'><strong>justis,adustionis</strong></span> <span class='ocrx_word' id='word_1_814' title='bbox 2928 4728 3055 4767; x_wconf 88' lang='lat' dir='ltr'><strong>vero</strong></span> <span class='ocrx_word' id='word_1_815' title='bbox 3099 4714 3448 4767; x_wconf 86' lang='lat' dir='ltr'><strong>acerbitatem</strong></span> <span class='ocrx_word' id='word_1_816' title='bbox 3501 4731 3603 4782; x_wconf 89' lang='lat' dir='ltr'><strong>pu-</strong></span> 
     </span>
    </p>
   </div>
   <div class='ocr_carea' id='block_1_108' title="bbox 2040 4803 3604 4862">
    <p class='ocr_par' dir='ltr' id='par_1_108' title="bbox 2040 4803 3604 4862">
     <span class='ocr_line' id='line_1_108' title="bbox 2040 4803 3604 4862; baseline 0.003 -4"><span class='ocrx_word' id='word_1_817' title='bbox 2040 4803 2251 4858; x_wconf 87' lang='lat' dir='ltr'><strong>niendis</strong></span> <span class='ocrx_word' id='word_1_818' title='bbox 2311 4803 2681 4857; x_wconf 78' lang='lat' dir='ltr'><strong>deStinandam</strong></span> <span class='ocrx_word' id='word_1_819' title='bbox 2728 4818 2869 4859; x_wconf 89' lang='lat' dir='ltr'><strong>esse.</strong></span> <span class='ocrx_word' id='word_1_820' title='bbox 2918 4804 3117 4860; x_wconf 88' lang='lat' dir='ltr'><strong>Deinde</strong></span> <span class='ocrx_word' id='word_1_821' title='bbox 3155 4820 3282 4859; x_wconf 91' lang='lat' dir='ltr'><strong>vero</strong></span> <span class='ocrx_word' id='word_1_822' title='bbox 3333 4805 3493 4859; x_wconf 90' lang='lat' dir='ltr'><strong>etiam</strong></span> <span class='ocrx_word' id='word_1_823' title='bbox 3536 4823 3604 4862; x_wconf 78' lang='lat' dir='ltr'><strong>ex</strong></span> 
     </span>
    </p>
   </div>
   <div class='ocr_carea' id='block_1_109' title="bbox 2041 4893 3610 4970">
    <p class='ocr_par' dir='ltr' id='par_1_109' title="bbox 2041 4893 3610 4970">
     <span class='ocr_line' id='line_1_109' title="bbox 2041 4893 3610 4970; baseline 0.004 -22"><span class='ocrx_word' id='word_1_824' title='bbox 2041 4895 2183 4948; x_wconf 74' lang='lat' dir='ltr'><strong>luna:</strong></span> <span class='ocrx_word' id='word_1_825' title='bbox 2235 4893 2703 4950; x_wconf 87' lang='lat' dir='ltr'><strong>vicissitudinibus</strong></span> <span class='ocrx_word' id='word_1_826' title='bbox 2768 4895 2927 4951; x_wconf 86' lang='lat' dir='ltr'><strong>ﬁdem</strong></span> <span class='ocrx_word' id='word_1_827' title='bbox 2976 4898 3215 4966; x_wconf 68' lang='lat' dir='ltr'><strong>quaesitis</strong></span> <span class='ocrx_word' id='word_1_828' title='bbox 3249 4897 3442 4954; x_wconf 75' lang='lat' dir='ltr'><strong>ali‘erre</strong></span> <span class='ocrx_word' id='word_1_829' title='bbox 3484 4915 3610 4970; x_wconf 87' lang='lat' dir='ltr'><strong>pos-</strong></span> 
     </span>
    </p>
   </div>
   <div class='ocr_carea' id='block_1_110' title="bbox 2042 4985 3605 5057">
    <p class='ocr_par' dir='ltr' id='par_1_110' title="bbox 2042 4985 3605 5057">
     <span class='ocr_line' id='line_1_110' title="bbox 2042 4985 3605 5057; baseline 0.003 -16"><span class='ocrx_word' id='word_1_830' title='bbox 2042 5001 2250 5041; x_wconf 89' lang='lat' dir='ltr'><strong>sumus.</strong></span> <span class='ocrx_word' id='word_1_831' title='bbox 2291 4985 2582 5041; x_wconf 83' lang='lat' dir='ltr'><strong>Enimvero</strong></span> <span class='ocrx_word' id='word_1_832' title='bbox 2620 4987 2745 5042; x_wconf 91' lang='lat' dir='ltr'><strong>dum</strong></span> <span class='ocrx_word' id='word_1_833' title='bbox 2802 4988 3033 5054; x_wconf 88' lang='lat' dir='ltr'><strong>desinit,</strong></span> <span class='ocrx_word' id='word_1_834' title='bbox 3069 4997 3124 5044; x_wconf 77' lang='lat' dir='ltr'><strong>et</strong></span> <span class='ocrx_word' id='word_1_835' title='bbox 3166 4991 3449 5057; x_wconf 89' lang='lat' dir='ltr'><strong>decrescit,</strong></span> <span class='ocrx_word' id='word_1_836' title='bbox 3498 5008 3605 5047; x_wconf 91' lang='lat' dir='ltr'><strong>non</strong></span> 
     </span>
    </p>
   </div>
   <div class='ocr_carea' id='block_1_111' title="bbox 2046 5079 3605 5150">
    <p class='ocr_par' dir='ltr' id='par_1_111' title="bbox 2046 5079 3605 5150">
     <span class='ocr_line' id='line_1_111' title="bbox 2046 5079 3605 5150; baseline 0.004 -19"><span class='ocrx_word' id='word_1_837' title='bbox 2046 5088 2160 5132; x_wconf 91' lang='lat' dir='ltr'><strong>toto</strong></span> <span class='ocrx_word' id='word_1_838' title='bbox 2215 5079 2295 5131; x_wconf 91' lang='lat' dir='ltr'><strong>sui</strong></span> <span class='ocrx_word' id='word_1_839' title='bbox 2331 5079 2499 5148; x_wconf 88' lang='lat' dir='ltr'><strong>ipsius</strong></span> <span class='ocrx_word' id='word_1_840' title='bbox 2532 5093 2758 5150; x_wconf 89' lang='lat' dir='ltr'><strong>corpore</strong></span> <span class='ocrx_word' id='word_1_841' title='bbox 2808 5084 3169 5146; x_wconf 90' lang='lat' dir='ltr'><strong>consumitur,</strong></span> <span class='ocrx_word' id='word_1_842' title='bbox 3226 5084 3319 5139; x_wconf 87' lang='lat' dir='ltr'><strong>sed</strong></span> <span class='ocrx_word' id='word_1_843' title='bbox 3368 5085 3605 5138; x_wconf 88' lang='lat' dir='ltr'><strong>circum-</strong></span> 
     </span>
    </p>
   </div>
   <div class='ocr_carea' id='block_1_112' title="bbox 2045 5169 3605 5242">
    <p class='ocr_par' dir='ltr' id='par_1_112' title="bbox 2045 5169 3605 5242">
     <span class='ocr_line' id='line_1_112' title="bbox 2045 5169 3605 5242; baseline 0.005 -17"><span class='ocrx_word' id='word_1_844' title='bbox 2045 5171 2276 5241; x_wconf 86' lang='lat' dir='ltr'><strong>positam</strong></span> <span class='ocrx_word' id='word_1_845' title='bbox 2318 5169 2490 5226; x_wconf 88' lang='lat' dir='ltr'><strong>lucem</strong></span> <span class='ocrx_word' id='word_1_846' title='bbox 2532 5173 2822 5242; x_wconf 89' lang='lat' dir='ltr'><strong>deponens,</strong></span> <span class='ocrx_word' id='word_1_847' title='bbox 2860 5184 2914 5229; x_wconf 92' lang='lat' dir='ltr'><strong>et</strong></span> <span class='ocrx_word' id='word_1_848' title='bbox 2946 5176 3137 5230; x_wconf 92' lang='lat' dir='ltr'><strong>iterum</strong></span> <span class='ocrx_word' id='word_1_849' title='bbox 3165 5192 3469 5242; x_wconf 87' lang='lat' dir='ltr'><strong>assumens,</strong></span> <span class='ocrx_word' id='word_1_850' title='bbox 3511 5179 3605 5233; x_wconf 85' lang='lat' dir='ltr'><strong>de-</strong></span> 
     </span>
    </p>
   </div>
   <div class='ocr_carea' id='block_1_113' title="bbox 2038 5598 3614 5671">
    <p class='ocr_par' dir='ltr' id='par_1_113' title="bbox 2038 5598 3614 5671">
     <span class='ocr_line' id='line_1_113' title="bbox 2038 5598 3614 5671; baseline 0.001 -18"><span class='ocrx_word' id='word_1_851' title='bbox 2038 5602 2105 5671; x_wconf 83' lang='grc' dir='ltr'>τῇ</span> <span class='ocrx_word' id='word_1_852' title='bbox 2138 5598 2318 5669; x_wconf 86' lang='grc' dir='ltr'>φύσει,</span> <span class='ocrx_word' id='word_1_853' title='bbox 2363 5599 2701 5655; x_wconf 87' lang='lat' dir='ltr'><strong>desideratur</strong></span> <span class='ocrx_word' id='word_1_854' title='bbox 2732 5600 2785 5653; x_wconf 90' lang='lat' dir='ltr'><strong>in</strong></span> <span class='ocrx_word' id='word_1_855' title='bbox 2824 5600 3002 5655; x_wconf 89' lang='lat' dir='ltr'><strong>editis.</strong></span> <span class='ocrx_word' id='word_1_856' title='bbox 3038 5599 3234 5653; x_wconf 89' lang='lat' dir='ltr'><strong>Ibidem</strong></span> <span class='ocrx_word' id='word_1_857' title='bbox 3269 5600 3407 5655; x_wconf 86' lang='lat' dir='ltr'><strong>idem</strong></span> <span class='ocrx_word' id='word_1_858' title='bbox 3439 5600 3614 5655; x_wconf 78' lang='lat' dir='ltr'><strong>codex</strong></span> 
     </span>
    </p>
   </div>
   <div class='ocr_carea' id='block_1_114' title="bbox 2039 5670 2903 5739">
    <p class='ocr_par' dir='ltr' id='par_1_114' title="bbox 2039 5670 2903 5739">
     <span class='ocr_line' id='line_1_114' title="bbox 2039 5670 2903 5739; baseline 0 -15"><span class='ocrx_word' id='word_1_859' title='bbox 2039 5670 2282 5724; x_wconf 69' lang='lat' dir='ltr'><strong>Cbmbel‘.</strong></span> <span class='ocrx_word' id='word_1_860' title='bbox 2311 5680 2364 5725; x_wconf 90' lang='lat' dir='ltr'><strong>et</strong></span> <span class='ocrx_word' id='word_1_861' title='bbox 2394 5671 2482 5724; x_wconf 84' lang='lat' dir='ltr'><strong>alii</strong></span> <span class='ocrx_word' id='word_1_862' title='bbox 2515 5672 2620 5725; x_wconf 91' lang='lat' dir='ltr'><strong>duo</strong></span> <span class='ocrx_word' id='word_1_863' title='bbox 2644 5671 2903 5739; x_wconf 79' lang='grc' dir='ltr'>ἦνωνται.</span> 
     </span>
    </p>
   </div>
   <div class='ocr_carea' id='block_1_115' title="bbox 2113 5740 3620 5813">
    <p class='ocr_par' dir='ltr' id='par_1_115' title="bbox 2113 5740 3620 5813">
     <span class='ocr_line' id='line_1_115' title="bbox 2113 5740 3620 5813; baseline 0.003 -23"><span class='ocrx_word' id='word_1_864' title='bbox 2113 5740 2223 5813; x_wconf 75' lang='grc'><strong>(96)</strong></span> <span class='ocrx_word' id='word_1_865' title='bbox 2264 5740 2514 5797; x_wconf 89' lang='lat' dir='ltr'><strong>Nonnulli</strong></span> <span class='ocrx_word' id='word_1_866' title='bbox 2552 5756 2683 5799; x_wconf 88' lang='lat' dir='ltr'><strong>mss.</strong></span> <span class='ocrx_word' id='word_1_867' title='bbox 2707 5743 2735 5793; x_wconf 87' lang='grc' dir='ltr'><strong>ό</strong></span> <span class='ocrx_word' id='word_1_868' title='bbox 2768 5740 3000 5813; x_wconf 77' lang='grc' dir='ltr'>ψαλμός.</span> <span class='ocrx_word' id='word_1_869' title='bbox 3046 5740 3162 5796; x_wconf 81' lang='lat' dir='ltr'><strong>Mox</strong></span> <span class='ocrx_word' id='word_1_870' title='bbox 3200 5757 3338 5797; x_wconf 89' lang='lat' dir='ltr'><strong>unus</strong></span> <span class='ocrx_word' id='word_1_871' title='bbox 3376 5755 3476 5797; x_wconf 89' lang='lat' dir='ltr'><strong>ms.</strong></span> <span class='ocrx_word' id='word_1_872' title='bbox 3508 5740 3620 5796; x_wconf 70' lang='grc' dir='ltr'>διαρ</span> 
     </span>
    </p>
   </div>
   <div class='ocr_carea' id='block_1_116' title="bbox 2034 5811 2317 5873">
    <p class='ocr_par' dir='ltr' id='par_1_116' title="bbox 2034 5811 2317 5873">
     <span class='ocr_line' id='line_1_116' title="bbox 2034 5811 2317 5873; baseline 0.004 -10"><span class='ocrx_word' id='word_1_873' title='bbox 2034 5811 2317 5873; x_wconf 77' lang='grc' dir='ltr'>κοπόντος.</span> 
     </span>
    </p>
   </div>
  </div>
