4082 6218
526 304 635 364 in

1853 303 1921 368 ‘s.
1961 298 2207 364 nasum
2245 293 2459 365 Miloni

3674 292 3800 363 i2}

526 417 791 473 crementi
814 418 1051 488 speciem
1074 428 1128 472 et
1150 419 1475 473 incrementi
1502 420 1656 475 nobis
1677 421 1916 477 exhibet.
1945 420 2096 487 Quod

2200 420 2333 475 ἀλλά
2356 422 2417 474 τὸ
2433 392 2811 492 περικείμενον
2843 424 2959 495 φῶς
2977 406 3344 494 ἀποτιθεμένη
3378 410 3475 476 κα).
3503 403 3804 494 προσλαμ-

526 520 706 566 autem
736 510 874 565 lunae
894 513 1112 579 corpus,
1139 511 1257 581 ipsa
1284 510 1501 580 silente,
1529 528 1637 567 non
1666 514 2003 579 absumatur,
2030 528 2095 569 ea

526 618 648 679 qua:
669 603 966 667 cernimus,
989 603 1270 657 evidenter
1296 605 1548 674 probant.
1577 603 1708 658 Nam
1734 606 1785 658 in
1810 620 1934 660 aere
1960 619 2097 675 puro

516 695 780 763 omnique
823 695 1015 750 nebula
1067 706 1322 766 purgato,
1381 714 1503 753 cum
1557 699 1795 754 maxime
1843 698 2096 755 falcatam

520 781 750 855 ﬁguram
780 787 938 842 habet
967 788 1118 852 luna,
1153 789 1280 844 licet
1302 788 1405 845 tibi
1440 792 1735 846 observare
1763 807 1829 847 ac
1872 792 2091 856 videre,

520 887 734 948 partem
772 877 938 947 ipsius
966 879 1251 933 obscuram
1285 896 1349 934 ac
1374 881 1492 935 luce
1515 881 1855 945 destitutam,
1886 897 1915 935 a
1948 891 2096 935 tanta

522 976 819 1024 Curvatura
843 971 1246 1037 circumscribi,
1276 984 1480 1041 quanta
1511 973 1564 1026 in
1594 972 1904 1042 pleniluniis
1927 983 2095 1027 totam

524 1058 698 1128 ipsam
726 1060 927 1130 explet.
963 1059 1326 1127 Quamobrem
1363 1062 1601 1116 circulus
1629 1056 1909 1116 absolutus
1948 1062 2097 1117 cla‘re

524 1152 879 1223 conspicitur,
921 1153 969 1208 si
1011 1154 1170 1208 modo
1202 1156 1351 1208 visus
1382 1170 1610 1223 opacmn
1646 1164 1702 1208 et
1743 1154 2095 1224 caliginosum

518 1244 707 1298 sinum
748 1244 814 1298 ad
855 1254 1064 1315 partem
1105 1245 1465 1300 illuminatam
1500 1234 1722 1300 referat.
1760 1246 1870 1301 Nec
1911 1248 2095 1313 dicas,

524 1350 729 1407 quaso,
762 1335 937 1391 lucem
972 1336 1113 1391 luna:
1150 1337 1508 1392 adventitiam
1537 1352 1681 1403 esse,
1712 1353 1778 1391 eo
1820 1328 1964 1407 quod
2000 1338 2101 1392 im-

526 1429 810 1495 minuitur,
840 1429 965 1482 dum
1009 1428 1075 1482 ad
1114 1428 1282 1482 solem
1315 1418 1549 1495 accedit,
1593 1428 1788 1482 iterum
1821 1443 1953 1482 vero
2000 1434 2099 1481 a‘u-

524 1531 708 1592 getur,
749 1521 875 1575 dum
924 1520 1172 1577 discedit.
1221 1517 1405 1588 Neque
1461 1519 1606 1573 enim
1656 1519 1787 1574 illud
1844 1519 2002 1574 nobis
2044 1520 2097 1573 in

525 1612 777 1681 praesenti
807 1611 1242 1679 investigandum
1276 1611 1619 1681 proponitur»,
1658 1611 1753 1665 sed
1780 1610 1923 1680 quod
1950 1609 2097 1664 aliud

2205 514 2441 566 δάνουσα
2470 513 2653 578 πάλιν,
2689 515 3038 580 ὲλαττώσεως
3064 518 3195 586 ἡμῖν
3245 517 3338 569 καὶ
3363 514 3643 587 αὐξήσεως
3687 513 3803 578 τὰς

2205 608 2502 676 φαντασίας
2524 610 2839 679 παρέχεται.
2863 610 2969 663 Τοῦ
2996 610 3052 663 δὲ
3081 611 3154 681 μὴ
3184 609 3315 664 αὐτὸ
3336 609 3397 662 τὸ
3428 608 3585 680 σῶμα
3616 609 3805 678 αὐτῆς
3862 648 3883 661 ρ

2204 696 2477 768 ληγούσης
2500 698 2965 752 ἀπαναλίσκεσθαι
2983 700 3211 769 ἐναργὲς
3244 696 3540 769 μαρτύριον
3556 695 3622 749 τὰ
3656 693 3807 766 ὁρώ-

2208 808 2364 861 μενα.
2413 791 2629 854 Ἔξεστι
2658 792 2767 860 γάρ
2803 808 2883 844 σοι
2929 791 3022 845 καὶ
3068 793 3126 843 ὲν
3156 789 3380 862 καθαρῷ
3407 788 3485 859 τῷ
3510 788 3631 859 ἀέρι
3695 789 3805 840 καὶ

2206 884 2385 953 πάσης
2414 883 2609 954 ἀχλύος
2627 870 3049 956 ἀπηλλαγμένῳ,
3077 886 3204 938 ὅταν
3237 883 3471 954 μάλιστα
3503 879 3803 952 μηνοειδὴς

2203 977 2449 1048 τυγχάνῃ
2480 976 2620 1030 κατά
2648 976 2709 1029 τὸ
2743 977 2930 1048 σχῆμα
2960 975 3351 1047 ἐπιτηρήσαντι
3385 974 3521 1043 (97),
3551 958 3800 1026 κατιδεῖν
3828 958 3843 1047 ξ

2203 1069 2265 1121 τὸ
2297 1051 2547 1141 ἀλαμπὲς
2596 1050 2768 1139 αὐτῆς
2816 1070 2911 1123 καὶ
2963 1068 3266 1138 ἀφώτιστον
3312 1050 3417 1121 ὑπὸ
3457 1050 3799 1136 τηλικαύτης

2205 1159 2391 1229 ἁψῖδος
2429 1144 2922 1232 περιγραφόμενον,
2976 1161 3137 1232 ἡλίκη
3182 1159 3290 1230 (98)
3340 1160 3398 1212 ὲν
3430 1162 3547 1221 ταῖς
3582 1172 3795 1211 atavos-‘-

2198 1236 2385 1323 ’λήνοις
2433 1251 2532 1333 τὴν
2579 1254 2758 1307 πᾶσαν
2786 1253 2955 1324 αὐτὴν
2985 1235 3274 1324 ἐκπληροῖ.
3303 1251 3465 1304 ’Ὥστε
3498 1235 3797 1330 τηλαυγῶς

2205 1343 2609 1414 ἀπηρτισμένον
2633 1342 2966 1415 καθορᾶσθαι
2991 1343 3082 1396 τὸν
3111 1342 3309 1422 κύκλον
3339 1340 3417 1421 τῷ
3446 1340 3795 1412 περιλαμπο-

2208 1433 2356 1505 μένῳ
2393 1434 2549 1506 μέρει
2578 1434 2671 1487 τὸν
2706 1432 2924 1505 σκιερὸν
2957 1424 3054 1487 καὶ
3089 1432 3299 1504 ἀερώδη
3334 1431 3530 1509 κόλπον
3557 1437 3794 1509 συνανα-

2200 1510 2480 1605 ’φερούσης
2525 1526 2628 1605 τῆς
2654 1510 2879 1595 team:
2906 1525 3015 1579 Kal.
3172 1543 3259 1596 μοι
3303 1523 3427 1605 λέγε
3462 1508 3793 1577 ἐπείσακτον

2206 1612 2346 1702 εἶναι
2392 1601 2490 1690 τῆς
2539 1603 2768 1702 σελήνης
2797 1606 2857 1673 τδ
2888 1619 3024 1689 φῶς,
3057 1603 3192 1671 διότι
3222 1601 3467 1688 μειοῦται
3500 1617 3596 1686 μὲν
3646 1616 3792 1687 πρὸς

526 1712 609 1756 est
649 1706 847 1770 carpus
893 1700 1084 1771 ipsius,
1133 1691 1281 1756 aliud
1316 1701 1397 1754 vis
1430 1700 1769 1757 illuminans.
1802 1701 1946 1756 Sane
1992 1696 2096 1755 tale

2206 1697 2355 1787 ἣλιον
2379 1694 2678 1787 φερομένη.
2708 1694 2928 1773 αὒξεται
2958 1709 3015 1762 δὲ
3048 1709 3208 1762 πάλιν
3244 1705 3609 1778 ἀφισταμένη.
3645 1706 3794 1787 post

516 1794 800 1863 quidpiam
830 1794 960 1866 mihi
993 1794 1169 1862 cogita
1198 1802 1253 1848 et
1276 1786 1341 1848 de
1368 1785 1483 1849 sole
1509 1811 1523 1847 :
1562 1802 1918 1864 praeterquam
1952 1795 2094 1863 quod

2209 1798 2316 1870 γὰρ
2346 1784 2523 1850 έκεῖνο
2549 1800 2681 1868 ἡμῖν
2706 1797 2982 1864 ἐξετάζειν
3023 1800 3081 1850 ὲν
3100 1798 3178 1869 τῷ
3221 1796 3452 1868 παρόντι
3477 1784 3792 1868 πρόκειται,

526 1884 617 1943 hic
642 1887 815 1941 lucem
838 1927 854 1953 ,
901 1903 1059 1958 quam
1096 1879 1261 1943 semel
1300 1889 1511 1957 accepit
1544 1902 1606 1942 ac
1637 1887 1739 1941 sibi
1770 1896 2098 1955 attempera-

525 1988 637 2035 tam
669 1979 879 2046 habuit,
919 1979 1141 2034 minime
1183 1978 1443 2049 deponit:
1484 1976 1573 2031 illa
1607 1975 1759 2042 vero,
1792 1967 1919 2031 dum
1959 1977 2100 2032 assi~

526 2068 633 2127 due
659 2070 807 2125 velut
832 2071 984 2125 exuit
1007 2079 1061 2126 et
1084 2080 1271 2125 rursus
1297 2070 1471 2124 induit
1496 2062 1698 2135 lucem,
1742 2074 1838 2139 pe'r
1864 2069 2099 2138 seipsam

528 2168 596 2220 ea
640 2164 828 2232 etiam,
858 2179 980 2234 quae
1024 2165 1089 2218 d‘e
1117 2162 1233 2219 sole
1267 2152 1408 2218 dicta
1455 2170 1606 2226 sunt,
1637 2162 1944 2217 Conﬁrmat.
1976 2150 2101 2216 Haec

524 2255 811 2311 luminaria
837 2254 987 2323 jussa
1024 2267 1152 2310 sunt
1183 2264 1398 2324 quoque
1428 2249 1571 2308 diem
1608 2270 1672 2309 ac
1702 2263 1917 2308 noctem
1954 2254 2100 2307 inter

524 2354 589 2396 se
618 2343 894 2410 separare.
932 2342 1146 2396 Etenim
1181 2344 1434 2412 superius
1475 2359 1505 2397 a
1547 2343 1784 2397 tenebris
1815 2341 1986 2397 lucem
2015 2343 2097 2396 di-

526 2434 654 2490 visit
680 2435 849 2502 Deus;
875 2443 1113 2504 tuncque
1140 2445 1393 2489 naturam
1422 2436 1660 2506 ipsorum
1684 2435 1736 2489 in
1766 2434 2099 2489 contrarium

526 2529 761 2597 partitus
782 2536 865 2582 est
882 2537 898 2582 ’:
928 2537 986 2582 ut
1011 2530 1153 2583 inter
1180 2528 1295 2598 ipsa
1320 2528 1627 2582 intercedat
1655 2527 1911 2581 admistio
1933 2526 2099 2591 nulla,

525 2630 582 2673 et
623 2618 727 2674 luci
760 2634 881 2673 cum
927 2621 1164 2675 tenebris
1195 2620 1339 2674 nulla
1374 2625 1446 2675 sit
1482 2621 1735 2675 societas.
1769 2620 1922 2687 Quod
1955 2619 2098 2674 enim

525 2718 614 2765 est
653 2710 705 2764 in
747 2711 835 2766 die
868 2711 1084 2777 umbra,
1124 2712 1358 2782 idipsum
1389 2728 1511 2768 esse
1545 2715 1723 2783 noctu;
1750 2713 2100 2768 tenebrarum

528 2810 777 2856 naturam
802 2804 1099 2873 putandum
1127 2811 1233 2859 est.
1260 2799 1393 2858 Nam
1420 2804 1466 2859 si
1491 2804 1667 2859 omnis
1688 2804 1899 2867 umbra,
1929 2803 2102 2873 splen-

525 2893 661 2949 dore
699 2893 878 2963 aliquo
911 2894 1279 2960 illucescente,
1323 2896 1377 2950 in
1425 2906 1636 2966 partem
1670 2895 1775 2950 inci
1817 2895 2098 2951 adversam

529 2996 562 3037 α
593 2984 912 3053 corporibus
939 2984 1165 3050 excidit,
1195 2994 1250 3039 et
1294 2998 1452 3040 mane
1482 2986 1698 3055 quidem
1734 2985 1802 3040 ad
1842 2998 2098 3041 occasum

530 3074 894 3142 protenditur,
923 3088 1150 3143 vespere
1178 3089 1307 3130 vero
1333 3076 1399 3130 ad
1440 3078 1707 3130 orientem
1748 3090 1938 3132 versus
1979 3092 2099 3132 ver-

527 3166 625 3235 git,
668 3164 837 3234 ﬁtque
880 3166 931 3219 in
987 3167 1217 3222 meridie
1256 3167 1695 3237 septentrionalis
1733 3173 1748 3222 ':
1784 3169 1946 3222 etiam
1994 3183 2098 3222 nox

518 3255 584 3312 in
623 3267 804 3324 partes
837 3257 1005 3311 radiis
1033 3259 1310 3327 oppositas
1356 3260 1581 3322 secedit,
1637 3275 1760 3314 cum
1799 3261 2096 3314 secundum

524 3358 778 3403 naturam
812 3350 946 3403 nihil
982 3350 1129 3405 aliud
1157 3352 1228 3405 sit
1256 3366 1419 3420 quam
1448 3359 1609 3405 terrae
1642 3351 1853 3406 umbra.
1895 3351 2098 3418 Quem-

527 3443 815 3496 admodum
860 3443 1003 3497 enim
1040 3446 1226 3498 umbra
1277 3445 1396 3498 ideo
1439 3444 1490 3497 in
1538 3444 1624 3499 die
1652 3445 1922 3509 subsistit,
1958 3445 2100 3513 quod

528 3530 735 3600 aliquid
780 3532 955 3587 lucem
1005 3533 1273 3589 obstruit:
1311 3534 1386 3587 ita
1425 3534 1749 3588 naturaliter
1782 3543 1885 3587 nox
1924 3534 2101 3587 nasci—

530 3630 636 3684 tur,
670 3635 793 3675 cum
817 3634 913 3675 aer
941 3631 1100 3676 terra:
1125 3620 1486 3675 circumfusus
1514 3621 1887 3675 obumbratur.
1915 3620 2101 3689 Itaque

526 3711 758 3780 idipsum
791 3724 875 3767 est
903 3713 1048 3783 quod
1093 3714 1296 3767 dictum
1328 3712 1430 3767 fuit
1468 3731 1482 3767 :
1534 3712 1675 3767 Deus
1721 3713 1898 3767 divisit
1931 3713 2098 3766 lucem

524 3822 561 3859 α
590 3807 813 3861 tenebris
843 3805 888 3837 ⁸³
921 3824 935 3860 :
969 3805 1406 3875 quandoquidem
1441 3804 1580 3860 lucis
1609 3821 1889 3861 accessum
1937 3803 2101 3859 decli-

525 3910 658 3957 nant
680 3903 934 3966 tenebrae,
966 3915 1088 3954 cum
1115 3900 1376 3953 alienatio
1403 3899 1665 3954 naturalis
1690 3899 1742 3952 in
1775 3901 1947 3969 prima
1976 3913 2101 3967 pro-

522 3993 803 4047 creatione
856 3993 999 4046 inter
1036 4005 1095 4046 se
1140 3991 1390 4045 instituta
1432 3990 1524 4046 sit.
1567 3990 1722 4045 Nunc
1767 4000 1946 4046 autem
1991 3990 2098 4045 diei

524 4084 797 4139 metiendo
833 4083 999 4136 solem
1024 4082 1264 4151 praefecit
1301 4104 1313 4137 :
1342 4082 1525 4136 lunam
1551 4096 1704 4146 vero,
1735 4097 1857 4137 cunt
1891 4083 1945 4136 in
1975 4098 2099 4151 pro-

524 4172 645 4243 prio
695 4172 899 4227 circulo
927 4173 1178 4228 omnibus
1224 4176 1337 4228 suis
1378 4174 1617 4228 numeris
1671 4174 1915 4228 absoluta
1976 4185 2096 4241 est,

524 4266 704 4319 noctis
748 4264 1161 4319 moderatricem
1194 4264 1299 4335 53
1349 4266 1560 4319 statuit.
1604 4256 1755 4320 Tunc
1787 4266 1932 4320 enim
1982 4266 2097 4322 fere

523 4367 593 4409 ex
629 4354 897 4408 diametro
930 4356 1069 4409 inter
1096 4369 1156 4409 se
1184 4354 1429 4425 opposita
1458 4364 1582 4409 sunt
1610 4353 1920 4410 luminaria.
1958 4355 2093 4411 Nam

2201 1887 2316 1941 ἀλλ’
2341 1888 2421 1941 ὅτι
2447 1888 2631 1959 ἕτερον
2659 1888 2758 1959 μὲν
2780 1889 2955 1959 αὐτῆς
2982 1889 3042 1942 τὸ
3064 1888 3243 1959 σῶμα,
3277 1888 3463 1959 ἕτερον
3488 1887 3545 1939 δὲ
3576 1884 3636 1939 τὺ
3668 1904 3792 1956 φω-

2200 1980 2369 2045 τίζον.
2418 1979 2673 2035 Τοιοῦτον
2720 1979 2783 2051 δή
2842 1980 2895 2033 τί
2933 1998 3021 2051 μοι
3050 1980 3158 2033 νόει
3196 1980 3291 2033 κα)⁸
3346 1979 3439 2033 ὲπὶ
3475 1978 3570 2031 τοῦ
3610 1977 3790 2050 ἡλίου·

2201 2069 2340 2142 πλὴν
2364 2070 2446 2123 ὅτι
2485 2071 2513 2123 ὁ
2544 2070 2664 2141 μὲν,
2705 2068 2885 2123 λαϐὼν
2912 2068 3058 2133 ἅπαξ
3091 2070 3185 2122 καὶ
3213 2069 3622 2140 ἐγκεκραμένον
3654 2069 3794 2121 ἑαυ-
3840 2084 3846 2088 ·

2201 2159 2278 2231 τῷ
2309 2159 2422 2231 (99)
2464 2159 2525 2213 τὸ
2550 2159 2665 2230 φῶς
2697 2159 2858 2231 ἔχων,
2879 2158 2978 2213 οὐκ
3009 2159 3345 2212 ἀποτίθεται·
3378 2160 3411 2229 ἡ
3436 2157 3512 2222 δὲ,
3549 2143 3792 2227 συνεχῶς

2199 2248 2312 2305 οἷον
2355 2251 2700 2323 ἀποδυομένη
2730 2248 2823 2306 καὶ
2856 2251 3017 2305 πάλιν
3048 2242 3601 2323 ὲπαμφιαζομένΜὸ
3643 2249 3789 2319 φῶς,

2199 2337 2266 2396 δι’
2301 2334 2500 2411 ἑαυτῆς
2527 2341 2620 2394 καὶ
2641 2335 2707 2394 τά
2738 2340 2978 2413 περὶτοῦ
3012 2340 3165 2405 ἡλίου
3186 2334 3786 2413 είρημέναῇιστοῦται.

2201 2427 2360 2487 Οὗτοι
2391 2433 2486 2485 καὶ
2508 2424 2852 2503 διαχωρίζειν
2873 2430 3177 2501 ἐτάχθησαν
3206 2428 3308 2483 ἁνά
3341 2424 3504 2500 μέσον
3524 2430 3621 2500 τῆς
3642 2427 3788 2500 ἠμέ-

2204 2528 2303 2599 ρας
2326 2520 2420 2579 καὶ
2446 2511 2550 2577 ἀνά
2582 2524 2749 2595 μέσον
2777 2524 2876 2594 τῆς
2908 2522 3122 2585 νυκτός.
3158 2515 3303 2575 ’Ᾱνω
3332 2521 3430 2593 μὲν
3458 2521 3566 2593 γὰρ
3591 2521 3790 2593 διεχώ-

2200 2637 2351 2691 ρισεν
2386 2623 2414 2673 ὁ
2434 2616 2566 2682 Θεὸς
2587 2617 2689 2671 ἀνὰ
2715 2618 2875 2689 μέσον
2896 2617 2989 2669 τοῦ
3022 2617 3197 2685 φωτὸς
3224 2615 3319 2668 καὶ
3359 2614 3465 2670 ἀνὰ
3498 2614 3660 2685 μέσον
3684 2600 3787 2668 tot":

2204 2709 2452 2774 σκότους·
2484 2709 2606 2762 τότε
2630 2708 2686 2761 δὲ
2720 2707 2818 2778 τὴν
2856 2707 2929 2779 (1)
2963 2708 3125 2777 φύσιν
3155 2706 3332 2760 αὐτῶν
3364 2705 3499 2776 πρὸς
3540 2705 3600 2759 τὸ
3625 2706 3789 2760 ἐναν-

2198 2799 2313 2853 τίον
2347 2799 2677 2869 ἀπέστησεν·
2731 2797 2871 2851 ὥστε
2906 2798 3153 2868 ἀμίκτως
3182 2797 3323 2868 ἔχειν
3367 2795 3503 2867 πρὸς
3556 2795 3785 2867 ἄλληλα,

2200 2889 2298 2949 καὶ
2323 2892 2461 2961 φωτὶ
2510 2891 2647 2961 πρὸς
2682 2889 2871 2952 σκότος
2905 2888 3173 2960 μηδεμίαν
3201 2884 3338 2941 εἴναι
3371 2887 3674 2957 κοινότητα.
3717 2889 3787 2940 Ὃ

2200 2984 2312 3055 γὰρ
2340 2986 2398 3037 ὲν
2426 2982 2609 3055 ἡμέρᾳ
2648 2983 2795 3034 ἐστὶν
2848 2982 2882 3051 ἡ
2930 2980 3079 3046 σκιὰ,
3121 2979 3277 3033 τοῦτο
3304 2977 3512 3033 οἴεσθαι
3566 2978 3672 3051 χρὴ
3726 2981 3787 3031 ἐν

2200 3075 2356 3130 νυκτὶ
2401 3074 2495 3128 τοῦ
2539 3074 2762 3137 σκότους
2815 3070 2950 3127 εἶναι
2994 3072 3094 3145 τὴν
3137 3072 3315 3142 φύσιν.
3369 3073 3434 3124 El
3468 3070 3576 3139 γὰρ
3633 3072 3786 3125 πᾶσα.

2204 3168 2333 3223 σκιά
2362 3168 2459 3239 (2),
2493 3167 2664 3237 αὐγῆς
2687 3182 2832 3229 τινος
2853 3158 3261 3237 διαφαινούσης,
3290 3164 3680 3234 ἀντικειμένως
3698 3152 3783 3234 τῷ

2200 3260 2339 3329 φωτὶ
2367 3259 2475 3312 ἀπὸ
2529 3257 2636 3311 τῶν
2690 3257 2955 3328 σωμάτων
3001 3256 3285 3309 ἐκπίπτει·
3341 3256 3437 3327 καὶ
3474 3246 3641 3308 ἕωθεν
3685 3248 3786 3324 μὲν

2201 3352 2338 3422 πρὸς
2385 3349 2599 3419 δυσμὰς
2648 3340 2892 3410 τέταται,
2938 3346 3175 3420 ἑσπέρας
3223 3348 3279 3401 δὲ
3328 3334 3464 3419 προς
3517 3345 3785 3416 ἀνατολὴν

2200 3435 2501 3504 ἀποκλίνει,
2538 3442 2595 3494 ὲν
2617 3441 2672 3495 δὲ
2699 3444 2763 3512 τῇ
2790 3440 3106 3512 μεσημϐρίᾳ
3132 3438 3354 3512 ἁρκτῴα
3382 3439 3612 3508 γίνεται·
3637 3439 3729 3492 καὶ

2200 3535 2297 3599 νὺξ
2345 3528 2439 3586 ἐπὶ
2479 3533 2540 3586 τὸ
2590 3534 2831 3586 ἐναντίον
2874 3534 2993 3597 ταῖς
3026 3534 3236 3586 ἀκτῖσιν
3279 3532 3573 3603 ὑποχωρεῖ,
3629 3528 3784 3583 οὐδὲν

2199 3626 2385 3697 ἓτερον
2423 3621 2559 3678 οὖσα
2583 3624 2725 3678 κατά
2755 3626 2854 3695 τὴν
2890 3624 3050 3693 φύσιν
3078 3620 3111 3695 ἢ
3137 3624 3381 3693 σκίασμα
3400 3622 3525 3691 γῆς.
3561 3621 3647 3686 Ὧς
3674 3619 3786 3692 γὰρ

2199 3719 2257 3770 ὲν
2290 3718 2476 3788 ἡμέρᾳ
2507 3720 2541 3787 ἡ
2578 3714 2707 3769 σκιά
2745 3715 2821 3786 τῷ
2851 3716 3268 3785 ἀντιφράσσοντι
3299 3713 3398 3784 τὴν
3437 3713 3613 3786 αὐγὴν
3649 3717 3787 3782 παρὰ

2199 3810 2513 3878 υφίσταται,
2556 3800 2728 3872 οὕτως
2763 3812 2796 3878 ἡ
2832 3800 2928 3874 νὺξ
2966 3807 3323 3877 σκιαζομένου
3366 3805 3460 3859 τοῦ
3512 3804 3641 3876 περὶ
3680 3805 3785 3875 γῆν

2204 3893 2366 3971 ἀέρος
2397 3899 2746 3954 συνίστασθαι
2788 3899 3017 3968 πέφυκε.
3056 3896 3227 3951 Τοῦτο
3256 3897 3436 3953 τοίνυν
3462 3897 3578 3950 ἐστὶ
3620 3895 3683 3950 τὸ
3706 3897 3785 3949 εί·-

2201 3992 2456 4064 ρημένον,
2507 3991 2588 4042 ὃτι
2646 3988 2998 4058 Διεχὼρισεν
3038 3991 3069 4041 ό
3113 3987 3256 4053 Θεὸς
3286 3988 3401 4041 ἀνὰ
3423 3985 3619 4056 μέσον
3674 3983 3783 4040 τοῦ

2199 4083 2393 4152 φωτὸς
2423 4081 2519 4135 καὶ
2551 4080 2667 4135 ἀνὰ
2683 4079 2878 4150 μέσον
2902 4079 3008 4133 τοῦ
3031 4082 3313 4146 σκότους·
3343 4078 3532 4150 ἐπειδὴ
3569 4077 3630 4133 τὸ
3657 4076 3785 4133 σκό-

2196 4190 2289 4237 τος
2312 4171 2610 4243 ὑποφεύγει
2647 4170 2742 4225 τοῦ
2773 4172 2949 4241 φωτὸς
2981 4170 3079 4234 τὰς
3103 4169 3423 4243 ἐπιδρομὰς,
3449 4173 3507 4222 ὲν
3535 4173 3601 4241 τῇ
3640 4169 3786 4242 πρώ-

2196 4283 2267 4341 τῃ
2297 4264 2625 4338 δημιουργίᾳ
2659 4264 2892 4334 φυσικῆς
2924 4256 3106 4326 αὐτοῖς
3137 4262 3234 4333 τῆς
3262 4260 3662 4333 ἀλλοτριώσεως
3683 4279 3785 4316 κειὸ

2196 4357 2664 4427 τασκευασθείσης
2693 4356 2770 4424 (5)
2806 4355 2939 4426 πρὸς
2973 4353 3196 4425 ἄλληλα.
3232 4354 3347 4406 Νῦν
3398 4353 3455 4407 δὲ
3493 4352 3644 4425 ἥλιον
3686 4355 3787 4406 ἑπε-

526 4442 653 4500 luna
682 4445 733 4499 in
761 4443 1092 4514 pleniluniis,
1120 4447 1402 4500 exoriente
1425 4447 1560 4509 sole,
1591 4460 1621 4501 e
1647 4457 1939 4516 conspectu
1964 4461 2091 4500 eva-

2200 4451 2353 4516 έταξε
2382 4453 2496 4513 τοῖς
2532 4449 2752 4521 μέτροις
2782 4447 2881 4519 τῆς
2937 4447 3163 4518 ἡμέρας·
3226 4446 3321 4501 καὶ
3359 4446 3608 4519 σελήνην,
3653 4447 3782 4501 ὅταν

519 4537 698 4595 nescit
729 4556 744 4593 :
778 4547 990 4603 contra,
1035 4540 1314 4595 occidente
1359 4538 1496 4603 sole,
1532 4538 1646 4594 haec
1697 4537 1811 4609 ipsa
1846 4555 2093 4609 saepenu-

520 4646 675 4688 mero
703 4633 772 4687 ab
797 4632 1004 4687 oriente
1033 4632 1276 4702 emergit.
1310 4631 1460 4698 Quod
1490 4631 1535 4686 si
1561 4633 1770 4686 caeteris
1813 4632 1865 4687 in
1902 4631 2091 4688 formis

521 4722 713 4779 lunare
738 4723 914 4778 lumen
958 4737 1061 4776 una
1099 4734 1222 4777 cum
1262 4733 1420 4777 nocte
1455 4737 1562 4777 non
1595 4737 1659 4777 es
1693 4738 1849 4793 aequo
1880 4724 2090 4791 perﬁci-

523 4825 632 4881 tur,
675 4815 809 4871 nihil
849 4815 916 4869 ad
949 4815 1255 4871 institutum
1290 4829 1596 4872 sermonem
1635 4817 1823 4873 refert.
1858 4817 2088 4870 Verum--

522 4916 699 4962 tamen
723 4923 848 4962 cum
879 4923 1035 4962 suum
1058 4917 1261 4963 statum
1291 4908 1749 4979 perfectissimum
1777 4911 1958 4981 attigit
1978 4951 1992 4976 ,
2025 4918 2088 4965 ut

522 4999 696 5054 noctis
708 4999 914 5054 obtinet
936 5001 1316 5085 principatum,
1342 5004 1565 5072 proprio
1588 5002 1794 5058 lumine
1817 5019 1881 5058 ac
1902 5002 2084 5073 splen-

581 5183 630 5217 ⁸³
665 5183 800 5241 Gen.
824 5199 866 5253 ι,
899 5183 953 5241 4.

2199 4545 2330 4598 ποτὲ
2389 4543 2524 4615 πρὸς
2574 4543 2664 4595 τὸν
2721 4542 2850 4595 ἴδιον
2904 4541 3099 4595 κύκλον
3144 4539 3479 4612 ἀπαρτισθῇ,
3537 4536 3783 4612 ἀρχηγὸν

2197 4638 2423 4709 εποίησε
2450 4638 2549 4709 τῆς
2575 4637 2787 4699 νυκτός.
2817 4637 3009 4706 Σχεδὸν
3033 4636 3141 4707 γὰρ
3166 4635 3289 4689 τότε
3309 4635 3453 4688 κατὰ
3488 4635 3783 4706 διάμετρον

2197 4726 2246 4783 oi.
2278 4731 2567 4801 φωστῆρες
2599 4729 2847 4800 ἀλλήλοις
2895 4729 3389 4784 ἀντικαθίστανται.
3438 4727 3782 4781 Ἀνατέλλονιι

2197 4837 2289 4884 τος
2323 4816 2421 4892 μὲν
2451 4822 2559 4893 γάρ
2584 4820 2676 4875 τοῦ
2705 4821 2879 4893 ἡλίου,
2912 4822 2969 4875 ἐν
3001 4818 3122 4884 ταῖς
3150 4820 3505 4891 πανσελήνοις
3540 4811 3784 4889 καταφέ-

2199 4930 2350 4981 ρεται
2382 4914 2519 4985 πρὸς
2568 4914 2632 4967 τὸ
2666 4910 2872 4985 ἀφανὲς
2920 4917 2954 4985 ἡ
3001 4913 3217 4985 σελήνη·
3251 4913 3510 4984 δυομένου
3537 4913 3594 4965 δὲ
3623 4912 3786 4965 πάλιν

2189 5002 2284 5057 τοῦ
2315 5005 2489 5077 ἡλίου,
2526 5005 2664 5078 αὔτη
2687 5005 2945 5071 πολλάκις
2971 5004 3031 5071 ἐξ
3051 5005 3323 5059 ἀνατολῶν
3352 5002 3661 5075 ἀντανίσχει
3681 5004 3781 5076 (ὅ).

586 5324 697 5395 (97)
724 5322 799 5378 lta
830 5323 991 5382 editio
1016 5324 1178 5380 Basil.
1205 5341 1327 5381 cum
1353 5321 1597 5380 Comhel'.
1624 5332 1677 5379 et
1702 5340 1823 5379 cum
1848 5324 1967 5380 aliis
1986 5340 2079 5381 sex

512 5394 941 5467 mss._At_etlitio
972 5396 1140 5467 lfaris.
1170 5396 1310 5451 κατά
1339 5397 1400 5450 τὸ
1438 5397 1622 5467 σχῆμα
1655 5396 1687 5466 ἠ
1723 5394 1942 5467 σελήνη.

588 5414 646 5449 ts.
677 5414 747 5448 At
773 5414 941 5476 ettttto
972 5414 1140 5479 rarts.
1170 5414 1310 5451 κατα
1339 5414 1400 5450 το
1438 5414 1633 5477 σχημα.
1655 5414 1687 5466 η
1723 5414 1942 5517 celtan

588 5462 698 5547 (Q8)
732 5463 927 5547 ⁸ξῐᾱιιιο
952 5465 1137 5547 ⁸ξὶςιειι.
1161 5483 1291 5547 cum
1336 5482 1448 5547 se):
1469 5475 1667 5547 nostris
1710 5480 1838 5547 mss.
1868 5468 1902 5537 η
1942 5466 2077 5547 (κον.

488 5532 688 5607 Editio
716 5533 904 5607 Paris.
943 5535 1125 5607 ἡλίκη.
1160 5538 1360 5593 ibidem
1409 5536 1561 5593 Colb.
1602 5535 1870 5591 secundus
1890 5532 2081 5593 ’πᾶσαν

512 5603 993 5679 αὒϊὴῖὲὲτξληροῖ·
1090 5603 1107 5679 ἶ
1512 5676 1523 5679 -
1653 5675 1661 5679 _
1747 5677 1756 5679 _
1884 5676 1907 5679 _

2224 5607 2330 5679 _('._5)
2389 5605 2543 5662 Colh.
2610 5608 2879 5662 secundus
2947 5604 3360 5679 ἀλλοτριώσεως
3420 5621 3765 5679 παρασκευα,⁸

585 5672 882 5749 μώλωπι
892 5672 1193 5749 τεευιιιιιιε
1209 5676 1635 5749 ἐγκεκραμένον
1651 5675 1707 5729 ὲν
1728 5676 1938 5749 έμυτῷ.
1952 5746 1973 5749 Α

2200 5672 2424 5749 ιθείσης.

514 5756 523 5761 ·
581 5737 663 5809 (Δ)
697 5739 943 5811 Quinque
970 5760 1099 5801 mss.
1135 5737 1262 5800 τότε
1299 5737 1396 5816 μὲν
1437 5737 1559 5818 τήν.
1600 5746 1738 5802 Editi
1764 5737 1901 5803 .cum'
1947 5746 2077 5819 Reg.

2253 5747 2329 5818 (4)
2360 5737 2501 5821 'Reg.
2542 5746 2748 5819 primus
2788 5747 3020 5821 ἀνίσχει.

2180 5335 2375 5397 octavo
2403 5324 2525 5379 τότε
2554 5325 2631 5397 et
2681 5328 2800 5396 τήν.
2854 5326 3146 5397 Aliquanto
3196 5335 3318 5396 post
3367 5326 3504 5397 Reg.
3559 5325 3782 5396 quintus

2180 5392 2320 5451 εἶναι
2345 5396 2656 5451 κοινωνίαν.

2252 5467 2328 5539 (2)
2380 5466 2458 5539 l_ta
2495 5478 2749 5539 quatuor
2780 5481 2909 5522 mss.
2940 5465 3148 5539 AEditio
3192 5466 3369 5539 Paris.
3406 5469 3441 5539 ὴ
3492 5465 3602 5538 γὰρ
3648 5467 3776 5521 σκιὰ

2180 5536 2349 5592 πᾶσα.
2380 5536 2550 5590 Deest
2574 5537 2703 5591 σκιά
2739 5538 2793 5590 in
2823 5537 3063 5592 editione
3092 5536 3256 5591 Basil.
