4082 6218
317 318 425 373 {‘25

1423 298 1707 371 HOMI‘LIA
1739 302 1814 373 vi
1854 307 1922 370 1N
1960 297 2463 369 HEXAEMERON.

3473 305 3584 370 ηδ

320 435 381 487 lii
404 435 460 488 δὲ
495 422 639 488 κατὰ
668 433 738 489 τὰ
763 420 901 490 ἄλλα
941 433 1196 504 σχήματα
1233 429 1294 485 οὐ
1331 433 1791 505 συναπαρτίζεται
1840 434 1897 503 τῇ

2011 431 2145 485 dore
2189 437 2340 484 astra
2379 433 2668 496 superans,
2714 437 2770 483 et
2807 419 3059 482 tellurem
3115 426 3392 482 illustrans
3435 445 3450 484 :
3504 421 3581 482 lia

318 527 476 580 νυκτὶ
502 529 564 580 τὸ
591 528 872 598 σεληναῖον
900 525 1036 596 φῶς,
1072 524 1236 593 οὐδὲν,
1271 525 1410 596 πρὸς
1436 525 1527 577 τὸν
1557 525 1914 596 προκείμενον

2021 521 2278 590 temporis
2305 520 2476 590 spatia
2508 534 2628 573 cum
2661 519 2775 574 sole
2813 535 2878 574 ex
2906 534 3060 588 aequo
3084 518 3337 587 partitur.

311 617 493 690 16m.
529 618 676 690 Πλὴν
716 620 820 683 ὅτι,
871 618 1000 672 ὅταν
1053 616 1253 687 ἑαυτῆς
1284 614 1597 686 τελειοτάτη
1631 631 1896 688 τυγχάνῃ,
1933 613 2195 684 κατάρχει
2263 611 2361 682 μὲν
2412 611 2509 682 τῆς
2563 610 2756 673 νυκτὸς
2801 610 2880 681 τῷ
2934 610 3049 681 ἰδίῳ
3084 611 3223 680 φωτὶ
3265 609 3336 664 τά
3402 609 3582 680 ἄστρα

213 677 780 780 Ἓῗεραυγάέουσα
806 677 926 761 γκαὶ
955 708 1054 779 τὴν
1089 707 1192 778 γῆν
1210 677 1651 778 ’περιλάμπουσα
1681 677 1779 778 (ϐ),
1812 677 1987 771 sitm
2013 677 2371 800 δὲ’πρδς.’τὸν
2398 677 2549 772 ἥλιον
2578 702 2672 754 τοῦ
2719 677 2912 772 χρόνου
2937 677 3223 773 διαιρεῖται
3268 701 3339 755 τὰ
3381 677 3577 772 μέτρα.

389 819 443 872 4.
466 819 575 873 Kal
597 819 876 872 ἔστωσαν
912 821 1000 885 εὶς
1021 817 1258 887 σημεῖα,
1291 819 1388 871 καὶ
1404 821 1492 885 εὶς
1514 819 1777 888 καιροὺς,
1802 819 1902 872 καὶ

306 895 406 974 ἐἰς
433 907 678 977 ἡμέρας,
701 908 800 961 καὶ
823 910 909 973 είς
930 909 1263 974 ἐνιαυτούς.
1313 909 1628 976 Ἀναγκαῖαι
1658 909 1794 981 πρὸς
1810 908 1901 962 τὸν

317 999 652 1070 ἀνθρώπινον
699 999 813 1070 βίον
842 1001 896 1053 αἱ
941 999 1048 1052 ἀπὸ
1077 998 1185 1052 τῶν
1215 1001 1397 1070 φωστή
1408 1017 1514 1071 ρων
1541 1001 1896 1071 σημειώσεις.

330 1090 456 1144 Ἐὰν
482 1090 591 1162 γὰρ
635 1092 708 1162 μή
763 1091 840 1162 (6)
875 1109 960 1155 τις
1006 1092 1150 1163 πέρα
1178 1080 1272 1144 τοῦ
1311 1092 1510 1163 μέτρου
1543 1091 1611 1145 τὰ
1655 1094 1747 1147 ἀπ’
1803 1095 1901 1148 αὐ-

316 1179 426 1233 τῶν
458 1180 533 1251 (7)
567 1183 766 1250 σημεῖα
789 1179 1237 1252 περιεργάζηται,
1263 1181 1564 1252 χρησίμους
1590 1179 1766 1234 αὐτῶν
1801 1181 1899 1243 τὰς

318 1272 386 1325 ἐκ
425 1271 525 1341 τῆς
581 1272 796 1342 μακρᾶς
851 1271 1145 1343 ἐμπειρίας
1191 1276 1600 1342 παρατηρήσεις
1652 1272 1894 1342 εὐρήσει.

320 1363 500 1418 Πολλὰ
549 1364 646 1435 μὲν
678 1364 786 1435 γὰρ
817 1366 947 1436 περὶ
972 1365 1281 1435 ἐπομϐρίας
1321 1364 1438 1417 ἔστι
1476 1363 1689 1435 μαθεῖν,
1730 1363 1900 1418 πολλά

319 1455 377 1509 δὲ
403 1456 528 1525 περὶ
551 1456 776 1527 αὐχμῶν
806 1458 898 1509 καὶ
927 1458 1250 1528 πνευμάτων
1279 1461 1564 1529 κινήσεως,
1594 1457 1627 1528 ἡ
1659 1456 1898 1528 μερικῶν

322 1548 355 1619 ἢ
400 1547 650 1613 καθόλου,
688 1547 877 1618 βιαίων
905 1549 938 1620 ἢ
967 1548 1286 1620 ἀνειμένων.
1319 1550 1414 1603 Ἓν
1443 1551 1551 1621 γάρ
1577 1567 1630 1603 τι
1660 1550 1767 1602 τῶν
1790 1550 1898 1602 ἀπὸ

321 1636 416 1690 τοῦ
440 1637 588 1707 ἡλίου
631 1637 1140 1708 παραδεικνυμένων
1191 1638 1286 1691 καὶ
1334 1636 1363 1690 ό
1398 1638 1597 1710 Κύριος
1631 1640 1761 1709 ἡμῖν
1790 1655 1898 1690 πα-

2077 817 2131 874 4.
2164 816 2229 870 Et
2260 817 2360 869 sint
2383 818 2438 870 in
2467 816 2638 881 signa,
2670 824 2718 870 et
2742 817 2796 868 in
2825 824 3080 882 tempore,
3110 825 3158 869 et
3190 816 3405 881 indies,
3435 825 3482 868 et
3518 814 3575 866 in

2001 925 2188 962 annos.
2244 906 2576 962 Necessariae
2626 911 2751 961 sunt
2797 907 2864 959 ad
2904 907 3188 960 humanam
3225 908 3387 960 vitam
3434 915 3576 960 notae

1996 990 2348 1052 luminarium
2393 1007 2552 1068 atque
2603 998 3045 1068 significationes.
3098 997 3311 1051 Etenim
3362 997 3408 1052 si
3450 997 3576 1066 quis

1999 1089 2150 1162 signa
2173 1105 2358 1144 eorum
2389 1106 2494 1143 non
2527 1083 2663 1143 ultra
2700 1091 2917 1143 modum
2945 1089 3211 1156 explorat,
3239 1089 3396 1143 utiles
3422 1089 3568 1155 ipso-

2001 1199 2118 1237 rum
2153 1183 2556 1237 observationes
2586 1195 2652 1235 ex
2681 1181 2836 1251 longa
2884 1181 3216 1250 experientia
3247 1182 3566 1250 comperiet.

1999 1271 2160 1326 Multa
2194 1287 2426 1342 namque
2454 1272 2518 1326 de
2546 1269 2764 1341 pluviis,
2806 1271 2971 1325 multa
3002 1273 3067 1325 de
3090 1271 3357 1337 siccitate,
3392 1272 3570 1342 deque

2001 1376 2280 1420 ventorum
2319 1377 2484 1430 motu,
2520 1374 2628 1418 tum
2668 1365 3098 1434 particularium,
3129 1376 3240 1419 tum
3278 1366 3563 1420 universa—

1996 1453 2166 1524 llum,
2201 1459 2562 1513 violentorum
2612 1469 2704 1512 aut
2760 1459 3108 1513 remissorum
3159 1460 3368 1513 discere
3411 1459 3561 1514 licet.

1997 1547 2249 1604 Profecto
2278 1564 2440 1602 unum
2469 1549 2688 1618 aliquod
2718 1549 2845 1604 solis
2887 1550 3097 1618 signum
3129 1549 3574 1619 etiamDominus

2002 1641 2156 1695 nobis
2185 1642 2454 1710 exposuit,
2485 1656 2607 1694 cum
2650 1641 2726 1695 ait
2758 1659 2770 1694 :
2805 1639 3106 1710 Tempestas
3135 1642 3272 1698 erit:
3318 1639 3463 1697 triste
3493 1652 3570 1696 eu

325 1713 624 1800 ράδέδωκεν
649 1725 725 1800 (8)
762 1719 952 1793 εἰπὼν,
998 1730 1079 1782 ὅτι
1105 1726 1333 1799 Χειμὼν
1369 1730 1560 1784 ἔσται·
1586 1727 1897 1800 στυγνίίζει

1999 1735 2136 1788 enim
2175 1734 2362 1787 rubens
2403 1734 2589 1787 mlum
2621 1733 2687 1788 ⁸³.
2723 1734 2854 1789 Cum
2886 1734 3029 1788 enim
3076 1749 3177 1803 per
3211 1732 3458 1789 nebulam
3509 1733 3575 1790 fit

322 1820 432 1888 γὰρ
469 1820 774 1889 πυρῤάζων
801 1825 833 1874 ὀ
876 1823 1150 1889 οὐρανός.
1193 1822 1443 1875 Ἐπειδὰν
1472 1822 1581 1892 γὰρ
1600 1822 1666 1875 δι’
1701 1820 1899 1892 ἀχλύος

323 1913 358 1982 ὴ
385 1911 634 1982 ἀναφορὰ
682 1911 902 1983 γένηται
951 1913 1043 1966 τοῦ
1074 1913 1248 1984 ἡλίου,
1280 1913 1652 1985 ἀμαυροῦνται
1685 1914 1783 1984 μὲν
1841 1915 1898 1966 αἱ

322 2004 556 2066 ἀκτῖνες,
595 2002 947 2074 ἀνθρακώδης
971 2004 1028 2057 δὲ
1056 2007 1151 2058 καὶ
1172 2004 1411 2074 ὐφαιμος
1443 2005 1542 2076 τὴν
1565 2004 1735 2076 χρόαν
1767 2005 1899 2075 ὁρᾶ-

320 2112 432 2158 ται,
462 2095 560 2166 τῆς
582 2095 886 2166 παχύτητος
919 2094 1010 2148 τοῦ
1033 2095 1194 2166 ἀέρος
1225 2095 1427 2167 ταύτην
1451 2095 1786 2166 ἐμποιούσης
1800 2095 1900 2166 τὴν

310 2186 622 2254 ’φαντασίαν
669 2189 789 2250 ταῖς
838 2186 1012 2256 ὄψεσι.
1069 2189 1160 2260 Μὴ
1210 2189 1486 2257 διαχυθεὶς
1538 2187 1595 2240 δὲ
1653 2186 1757 2239 ὐπὸ
1799 2187 1898 2256 τῆς

317 2275 538 2338 ’ἀκτῖνος
555 2277 582 2328 ό
604 2275 1028 2346 πεπυκνωμένος
1048 2277 1184 2340 τέως
1201 2278 1295 2329 καὶ
1317 2275 1588 2338 συνεστὼς
1613 2275 1718 2347 ἀὴρ
1741 2274 1898 2344 δῆλός

315 2371 436 2423 ἔστι
459 2370 546 2424 διὰ
573 2369 670 2442 τὴν
701 2369 986 2442 ὲπίρῤοιαν
1020 2369 1127 2424 τῶν
1171 2371 1236 2422 ἐκ
1273 2370 1372 2440 τῆς
1411 2370 1512 2440 γῆς
1541 2369 1728 2438 ἀτμῶν
1758 2385 1896 2437 κρα-

301 2458 548 2530 ’τηθῆναι
577 2459 658 2530 ’μὴ
680 2458 948 2530 δυνηθεὶς,
983 2458 1120 2512 ἀλλά
1144 2459 1220 2529 τῷ
1253 2457 1576 2528 πλεονασμῷ
1599 2455 1692 2510 τοῦ
1727 2456 1895 2527 ὑγροῦ

303 2550 565 2622 ’χειμῶνα
594 2549 809 2614 ἐπάξων
842 2553 954 2614 τοῖς
982 2550 1202 2622 χωρίοις
1243 2551 1370 2622 περὶ
1398 2550 1433 2604 ἃ
1463 2549 1893 2622 συναθροίζεται.

332 2639 562 2710 Ὁμοίως
589 2639 646 2692 δὲ
672 2641 766 2692 καὶ
788 2639 1004 2693 ἐπειδᾶν
1025 2641 1058 2710 ἡ
1082 2639 1279 2710 σελήνη
1306 2657 1370 2692 πε
1381 2638 1782 2711 ριλιμνάζηται·
1802 2640 1897 2691 καὶ

318 2730 400 2802 ’τῷ
418 2729 555 2802 ἡλίῳ
579 2731 636 2783 δὲ
663 2731 790 2785 ὅταν
821 2733 876 2783 αί
908 2731 1198 2802 λεγόμεναι
1231 2731 1402 2794 ἆλωες
1441 2731 1513 2802 (9)
1547 2729 1897 2802 περιγραφῶ-

323 2838 428 2886 σιν,
457 2821 698 2890 ἢύδατος
719 2821 902 2894 ἀερίου
935 2819 1207 2894 πλῆθος,ἣ
1230 2823 1550 2894 πνευμάτων
1583 2822 1894 2894 βιαίωνῌΟ)

318 2914 536 2984 κίνησιν
571 2915 984 2984 ὐποφαίνουσιν·
1019 2913 1052 2985 ἢ
1091 2915 1204 2978 καὶ,
1239 2914 1334 2978 οὓς
1375 2913 1736 2984 ὀνομάζουσιν
1776 2913 1897 2967 ἀνθ-

308 3007 525 3079 ἠλίους,
545 3008 672 3062 ὅταν
701 3008 1177 3080 συμπεριτρέχωσι
1196 3010 1261 3078 τῇ
1291 3007 1385 3061 τοῦ
1413 3008 1561 3078 ἡλίου
1585 3009 1745 3079 φορᾷ,
1765 3023 1898 3076 συμ-

322 3100 628 3169 πτωμάτων
660 3100 820 3153 τινῶν
856 3101 1053 3172 ἀερίων
1079 3104 1280 3171 σημεῖα
1304 3101 1529 3169 γίνεται.
1562 3100 1773 3171 Ὥσπερ
1802 3094 1895 3151 οὐν

2000 1828 2129 1883 solis
2156 1841 2412 1882 ascensus
2433 1868 2447 1892 ,
2477 1830 2846 1882 obscurantur
2873 1829 3088 1898 quidem
3119 1829 3254 1882 radii
3287 1847 3300 1894 ;
3341 1829 3436 1884 sed
3487 1827 3567 1884 sol

1999 1916 2292 1970 carbonum
2329 1915 2382 1969 in
2412 1931 2616 1970 morem
2651 1917 2880 1970 rutilans
2907 1927 2959 1971 et
2990 1916 3174 1972 colore
3202 1919 3568 1973 subcruentus

1999 2006 2364 2073 conspicitur,
2413 2006 2554 2059 hanc
2599 2007 2773 2061 oculis
2826 2008 3058 2077 speciem
3105 2008 3398 2078 obiiciente
3425 2009 3567 2064 aeris

1998 2099 2380 2152 crassitudine.
2413 2099 2637 2152 Constat
2663 2109 2840 2153 autem
2885 2114 3065 2154 aerem
3096 2097 3240 2153 illum
3267 2101 3567 2154 condensa-

2002 2199 2111 2243 tum
2143 2204 2207 2245 ac
2230 2201 2591 2260 compactbm,
2621 2205 2739 2244 cum
2761 2206 2789 2244 a
2823 2191 2974 2245 radio
2999 2207 3101 2246 non
3133 2191 3469 2258 diﬂ‘undilur,
3497 2191 3567 2247 ob

1999 2297 2258 2351 vaporum
2288 2299 2319 2338 e
2355 2294 2499 2338 terra
2538 2286 2946 2355 exsurgentium
2980 2283 3268 2339 ﬂuxionem
3296 2285 3568 2340 contineri

1997 2389 2105 2428 non
2128 2375 2432 2441 posse:sed
2466 2375 2518 2428 in
2545 2376 2629 2430 his
2661 2377 2972 2445 regionibus
2994 2377 3139 2431 circa
3171 2391 3306 2443 quas
3332 2377 3564 2445 cogitur,

1999 2471 2384 2533 tempestatem
2421 2467 2490 2520 ob
2523 2467 2768 2520 humoris
2808 2468 3018 2534 copiam
3047 2467 3428 2520 excitaturum.
3471 2466 3566 2520 3i-

1997 2554 2196 2607 tniliter
2217 2555 2380 2608 etiam
2405 2569 2526 2608 cum
2555 2553 2830 2608 undelibet
2856 2541 3130 2625 restagnat
3153 2555 3299 2616 luna,
3328 2564 3382 2609 et
3402 2570 3564 2621 areae,

1997 2661 2132 2716 quas
2155 2655 2370 2711 vocant,
2406 2645 2570 2700 solem
2597 2645 3072 2711 circumscribunt,
3112 2657 3236 2701 tunc
3269 2656 3362 2700 aut
3412 2661 3567 2717 aqua!

1999 2752 2172 2792 aerea:
2214 2738 2637 2799 abundantiam,
2677 2747 2772 2790 aut
2821 2738 3224 2792 vehementinm
3279 2749 3566 2794 ventorum

1999 2841 2205 2886 motum
2238 2831 2549 2897 signiﬁcant
2579 2847 2593 2884 :
2625 2829 2917 2900 quinetiam
2948 2831 2982 2883 ii
3010 2845 3147 2901 quos
3177 2831 3432 2884 adversos
3482 2845 3567 2885 so-

1998 2922 2076 2978 les
2095 2921 2390 2991 appellant,
2416 2921 2629 2990 quando
2654 2935 2758 2975 una
2783 2936 2902 2975 cum
2928 2920 3056 2976 solis
3082 2923 3432 2976 conversione
3455 2922 3560 2976 cir-

1997 3021 2371 3076 cumcursant,
2416 3010 2685 3064 aeriorum
2740 3011 3094 3078 quorumdam
3152 3026 3374 3064 casuum
3429 3011 3565 3066 ilunt

2000 3103 2281 3173 praesagia.
2319 3101 2395 3155 ita
2427 3109 2480 3156 et
2504 3099 2669 3171 virgae
2702 3100 2805 3154 illa:
2833 3116 2950 3169 quae
2980 3101 3133 3156 iridis
3164 3084 3446 3156 imitantur
3470 3116 3564 3158 co-

321 3192 416 3244 καὶ
435 3192 492 3243 αἱ
521 3190 722 3260 ῥάϐδοι,
749 3193 804 3244 αί
830 3193 970 3244 κατά
997 3191 1096 3262 τὴν
1128 3193 1292 3263 χρόαν
1314 3191 1413 3261 τῆς
1439 3192 1612 3262 ’ἴριδος
1639 3192 1717 3253 είς
1739 3189 1896 3260 ὀρθὸν

1999 3193 2190 3258 lorem,
2229 3208 2293 3248 ac
2334 3201 2501 3247 rectte
2527 3193 2579 3246 in
2625 3193 2856 3247 nubibus
2899 3202 3197 3261 apparent,
3229 3194 3439 3263 pluvias
3469 3205 3566 3251 aut

320 3283 436 3343 τοῖς
464 3281 678 3349 νέφεσιν
718 3281 1133 3352 ὲμφαινόμεναι,
1173 3280 1468 3352 ὄμϐρουςῆ
1509 3279 1782 3350 χειμῶνας
1809 3280 1897 3344 eg-

325 3373 554 3436 αισίους,
577 3373 609 3444 ἢ
632 3372 766 3436 ὅλως
793 3374 890 3444 τήν
915 3374 1006 3426 ἐπὶ
1039 3374 1284 3426 πλεῖστον
1306 3372 1604 3444 μεταϐολὴν
1629 3372 1721 3424 τοῦ
1739 3372 1898 3444 ἀέρος

327 3463 708 3517 ἐνδείκνυνται.
769 3464 946 3518 Πολλά
1000 3465 1057 3518 δὲ
1091 3467 1186 3518 καὶ
1226 3465 1355 3535 περὶ
1399 3465 1630 3535 σελήνην
1658 3464 1896 3534 ἀὐξομέ-

274 3535 423 3625 “vri;
459 3555 566 3626 (li)
593 3555 626 3626 ἢ
665 3555 934 3626 λήγουσαν
969 3559 1018 3611 οἱ
1051 3556 1261 3620 τούτοις
1290 3555 1644 3626 ὲσχολακότες
1670 3555 1899 3626 τετηρή-

326 3666 455 3703 κασι
491 3648 786 3721 σημειώδη.
840 3650 914 3714 ὡς
941 3649 1034 3703 τοῦ
1085 3652 1213 3722 περὶ
1265 3651 1365 3720 γῆν
1400 3649 1561 3720 ἀέρος
1587 3650 1898 3718 ἀναγκαίως

325 3743 437 3805 τοῖς
469 3743 737 3813 σχήμασιν
763 3743 931 3814 αὐτῆς
954 3741 1551 3813 συμμεταϐαλλομένου.
1586 3741 1770 3812 Λεπτὴ
1801 3741 1898 3812 μὲν

326 3830 436 3902 γὰρ
468 3827 601 3884 οὐσα
634 3832 760 3902 περὶ
786 3832 976 3903 τρίτην
997 3830 1211 3903 ἡμέραν
1233 3832 1327 3883 καὶ
1355 3830 1592 3901 καθαρὰ,
1634 3830 1898 3901 σταθερὰν

326 3923 511 3977 εὐδίαν
542 3923 1060 3993 κατεπαγγέλλεται·
1096 3925 1294 3993 παχεῖα
1321 3923 1378 3975 δὲ
1403 3926 1520 3986 ταῖς
1535 3922 1781 3993 κεραίαις
1805 3923 1900 3976 κα)⁵

330 4011 632 4084 ὑπέρυθρος
650 4013 966 4084 φαινομένη,
988 4013 1020 4084 ἡ
1051 4013 1158 4083 (12)
1182 4011 1325 4084 ὕδωρ
1349 4011 1546 4083 λάϐρον
1571 4012 1678 4065 ἀπὸ
1701 4011 1896 4081 νεφῶν,

327 4102 365 4176 ἢ
410 4103 561 4157 νότου
611 4102 789 4173 βιαίαν
819 4105 1030 4174 κίνησιν
1086 4102 1313 4156 ἀπειλεῖ.
1347 4101 1459 4173 Τὴν
1495 4100 1551 4154 δὲ
1581 4102 1644 4154 ἐκ
1695 4101 1898 4155 τούτων

331 4195 629 4267 σημείωσιν
670 4197 790 4249 ὅσον
827 4194 904 4265 τῷ
937 4195 1033 4265 βίῳ
1066 4194 1362 4265 παρέχεται
1391 4194 1454 4246 τὸ
1482 4193 1774 4264 ὠφέλιμον,
1815 4192 1898 4257 τίς

326 4287 547 4354 ἀγνοεῖ,
575 4284 788 4349 Ἔξεστι
834 4285 931 4354 μὲν
957 4283 1063 4354 γὰρ
1096 4283 1174 4354 τῷ
1227 4281 1468 4352 πλωτῆρι
1499 4281 1628 4334 εἴσω
1663 4280 1896 4351 λιμένων

1997 3286 2242 3354 ingentes
2300 3285 2582 3354 procellas,
2635 3293 2728 3339 aut
2790 3286 3022 3353 denique
3088 3287 3377 3340 maximam
3421 3287 3566 3343 aeris

1998 3375 2428 3429 immutationem
2475 3377 2828 3446 portendunt.
2879 3374 3042 3429 Multa
3095 3393 3312 3446 quoque
3360 3377 3564 3434 indicia

1997 3465 2140 3519 circa
2169 3473 2504 3518 crescentem
2535 3464 2620 3519 vel
2649 3465 2960 3518 decrescent
2979 3480 3063 3516 em
3094 3463 3273 3516 lunam
3305 3465 3563 3518 observa-

2002 3565 2218 3622 verunt,
2250 3555 2341 3624 qui
2383 3557 2546 3610 rebus
2596 3555 2712 3610 istis
2749 3570 2968 3625 operam
3017 3556 3358 3623 impcndere;
3406 3558 3564 3626 quasi

1999 3661 2095 3701 aer
2117 3656 2276 3701 terrae
2297 3645 2678 3712 circumfusus,
2710 3645 2872 3700 simul
2905 3661 3024 3698 cum
3062 3647 3228 3714 ipsius
3252 3646 3439 3716 liguris
3466 3660 3564 3701 ne-

1998 3736 2233 3788 cessario
2267 3744 2622 3804 permutetur.
2664 3735 2797 3788 Cum
2821 3734 2964 3788 enim
2998 3735 3142 3788 circa
3172 3737 3390 3790 tertium
3417 3736 3560 3790 diem

2000 3825 2180 3878 tenuis
2209 3833 2291 3878 est
2321 3833 2377 3878 et
2408 3841 2562 3894 pura,
2606 3824 2814 3879 ﬁrmam
2865 3836 3314 3894 conslantemque
3355 3830 3564 3883 sereni-

2002 3924 2166 3968 tatem
2205 3915 2575 3984 praenuntiat:
2619 3918 2702 3970 sin
2747 3928 2928 3971 autem
2965 3919 3222 3972 cornibus
3256 3932 3440 3974 crassa
3469 3964 3481 3984 ,
3507 3929 3564 3974 et

1999 4005 2404 4060 subrubicunda
2447 4006 2708 4073 cernitur,
2739 4017 2834 4060 aut
2862 4009 3132 4077 copiosam
3164 4021 3358 4076 aquam
3387 4023 3418 4062 e
3456 4022 3563 4064 nn-

1997 4098 2156 4152 bibus
2183 4097 2606 4167 lapsuram,'aut
2636 4099 2922 4153 violentam
2952 4101 3120 4154 austri
3158 4101 3449 4155 motionem
3479 4099 3564 4154 fu-

1996 4197 2176 4245 turam
2207 4190 2461 4244 minatur.
2489 4189 2609 4244 Jam
2638 4204 2768 4244 vero
2799 4199 3059 4260 quantum
3090 4188 3319 4243 all‘eraut
3349 4190 3554 4244 utilita-

1999 4283 2068 4336 tis
2106 4281 2288 4350 generi
2330 4283 2566 4336 ltumano
2602 4282 2862 4336 harumce
2898 4297 3078 4336 rerum
3128 4282 3559 4348 observationes,

326 4376 582 4447 ’κατέχειν
618 4375 679 4427 τὸ
707 4375 929 4443 σκάφος,
962 4376 1086 4438 τοὺς
1122 4375 1186 4426 ὲκ
1214 4373 1322 4426 τῶν
1349 4373 1671 4442 πνευμάτων
1714 4371 1893 4425 κινδύ-

1999 4373 2119 4444 quis
2150 4374 2398 4444 ignorat?
2427 4370 2559 4426 Nam
2599 4382 2775 4426 nauta:
2807 4386 2997 4426 navem
3034 4374 3174 4427 intra
3204 4384 3393 4442 portus
3429 4387 3536 4428 con

330 4485 454 4529 νους
483 4466 868 4538 προορωμένῳ⁸
911 4464 1085 4531 ἔξεστι
1115 4464 1172 4517 δὲ
1197 4463 1276 4534 τῷ
1317 4462 1580 4534 ὁδοιπόρῳ
1615 4463 1894 4534 πόρρωθεν

331 4557 597 4611 ἐκκλίνειν
639 4557 736 4619 τὰς
763 4555 982 4626 βλάϐας,
1009 4557 1072 4610 ὲκ
1094 4555 1189 4626 τῆς
1219 4555 1574 4626 στυγνότητος
1614 4555 1706 4607 τοῦ
1737 4555 1895 4626 ἀέρος

329 4648 428 4720 τὴν
464 4647 758 4718 μεταϐολὴν
810 4647 1148 4717 ἁναμένοντι.
1196 4646 1434 4718 Γεωργοὶ
1459 4647 1536 4709 δὲ,
1571 4647 1620 4699 οἱ
1656 4646 1781 4716 περὶ
1828 4645 1894 4698 τὰ

334 4741 624 4812 σπέρματα
655 4741 747 4794 καὶ
776 4738 875 4802 τὰς
898 4738 1002 4792 τῶν
1020 4737 1200 4808 φυτῶν
1229 4737 1522 4810 θεραπείας
1557 4738 1892 4809 πονούμενοι,

332 4837 512 4898 πάσας
561 4832 808 4888 ἐντεῦθεν
842 4834 1151 4905 εὑρίσκουσι
1184 4831 1284 4895 τὰς
1329 4830 1613 4904 εὐκαιρίας
1643 4830 1750 4884 τῶν
1803 4831 1893 4900 έρ-

332 4942 464 4993 γων.
497 4923 636 4994 Ἤδη
659 4923 715 4977 δὲ
746 4921 840 4976 καὶ
871 4923 970 4993 τῆς
994 4921 1086 4974 τοῦ
1118 4921 1315 4983 παντὸς
1358 4919 1649 4983 διαλύσεως
1676 4921 1732 4973 ὲν
1759 4919 1894 4990 ἡλίῳ

328 5015 426 5070 καὶ
462 5015 657 5090 σελήνῃ
688 5016 782 5070 καὶ
803 5015 1021 5088 ἄστροις
1047 5015 1246 5084 σημεῖα
1273 5011 1603 5084 φανήσεσθαι
1635 5012 1663 5062 ὁ
1691 5011 1894 5083 Κύριος

299 5189 305 5192 ·
402 5172 446 5205 ⁸⁸
482 5172 670 5229 Matth.
697 5189 809 5237 3m,
843 5172 898 5225 3.
959 5164 962 5166 ’
994 5163 1002 5168 ’

402 5289 479 5364 (5)
521 5290 715 5364 Regius
744 5289 950 5360 primus
972 5295 1027 5342 et
1049 5286 1198 5343 Colb.
1224 5287 1491 5342 secundus
1519 5284 1611 5337 καὶ
1642 5281 1738 5354 τὴν
1769 5282 1885 5336 κτί-

329 5376 414 5412 σιν
438 5361 885 5430 Ῠπεριλάμπουσα.

403 5429 478 5500 (6)
511 5424 773 5486 Ειιὶιῖὲὰν
804 5431 914 5501 γὰρ
940 5429 1034 5498 μή.
1069 5426 1225 5482 Deest
1247 5428 1354 5498 γάρ
1382 5427 1433 5481 in
1461 5424 1660 5482 nostris
1689 5432 1894 5492 septem

331 5513 465 5552 mss.

405 5567 490 5638 (η
525 5568 744 5624 Codices
766 5570 870 5623 duo
893 5571 979 5622 ἐπ’
1011 5565 1210 5638 αὐτῶν.
1239 5568 1614 5638 ΑΙὶἰᾲγειιιοιιιοι·
1645 5579 1772 5617 mss.
1800 5565 1896 5638 ἀπξ

332 5635 532 5694 αὐτῶν.
569 5638 704 5693 Βιίίιί
749 5654 876 5694 vero
917 5639 1010 5691 ὐπ’
1047 5637 1245 5693 αὐτῶν.
1290 5636 1580 5704 Aliquanto
1609 5644 1729 5704 post
1768 5635 1896 5689 editi

334 5707 506 5761 πολλὰ
535 5708 591 5762 δὲ
620 5707 733 5762 καί.
772 5709 927 5762 Deest
952 5707 1042 5760 καί
1069 5710 1119 5759 in
1151 5709 1382 5775 quinque
1414 5721 1542 5759 mss.

403 5778 480 5850 (8)
508 5779 584 5834 lta
626 5789 828 5849 septem
867 5792 992 5835 mss.
1039 5772 1546 5853 Εᾶίιίπαρέδωκεν.
1588 5772 1748 5832 Coisl.
1787 5773 1896 5844 pri-

2001 4468 2171 4519 tinere
2200 4465 2345 4529 licet,
2382 4462 2620 4534 pericula
2660 4478 2691 4518 e
2733 4463 2908 4518 ventis
2952 4463 3318 4532 impendentia
3362 4464 3557 4534 praevi-

2000 4555 2167 4610 denti.
2193 4554 2298 4609 Fas
2323 4563 2407 4610 est
2434 4555 2626 4609 viatori
2659 4556 2870 4610 eminus
2894 4555 3235 4609 incommoda
3261 4553 3560 4624 declinare,

2001 4663 2063 4702 ex
2090 4647 2209 4703 caeli
2237 4645 2454 4701 tristitia
2483 4646 2624 4701 aeris
2653 4647 3378 4715 mutationemexspectanti.
3402 4646 3564 4716 Agri-

2001 4737 2131 4790 colae
2159 4749 2392 4806 quoque,
2415 4735 2504 4804 qui
2531 4735 2677 4790 circa
2704 4736 2911 4790 semina
2943 4751 3008 4790 ac
3028 4735 3334 4805 plantarum
3355 4735 3559 4792 cultum

1999 4835 2352 4894 occupantur,
2405 4824 2534 4879 inde
2575 4824 2883 4894 coniectant
2921 4840 3134 4881 omnem
3189 4826 3560 4885 faciendorum

1998 4933 2220 4986 operum
2263 4918 2741 4987 opportunitatem.
2787 4917 2895 4990 54
2927 4917 3042 4972 Jam
3079 4933 3210 4973 vero
3240 4928 3295 4974 et
3325 4921 3557 4975 dissolu-

2001 5010 2161 5064 ti0nis
2187 5009 2422 5064 universi
2453 5008 2607 5080 signa
2646 5009 2700 5064 in
2731 5011 2844 5065 sole
2872 5011 3108 5081 lunaque
3138 5020 3195 5066 et
3223 5012 3388 5068 astris
3411 5027 3554 5083 pra:-

1991 5281 2452 5352 musrtgpéawxev
2478 5281 2651 5352 ἡμῖν]

2064 5351 2138 5433 (9)
2168 5349 2394 5433 Cddices
2449 5349 2555 5433 gg‘o
2601 5353 2824 5433 ἀλλωες.
2853 5351 3018 5433 Begii
3065 5351 3246 5407 itidem
3292 5351 3398 5406 duo
3431 5365 3555 5408 cum

1992 5421 2158 5477 Coisl.
2188 5422 2425 5476 secundo
2452 5421 2644 5486 ἆλωες.
2674 5423 2814 5477 Editi
2852 5421 3014 5486 ἅλως.

2063 5490 2176 5561 (10)
2215 5491 2391 5545 Editio
2425 5493 2585 5546 Basil.
2611 5508 2731 5547 eum
2766 5494 3000 5561 quinque
3033 5507 3163 5546 mss.
3191 5489 3391 5562 βιαίαν.
3426 5489 3556 5547 Edi-

1992 5561 2079 5633 tioi
2104 5562 2274 5633 Paris.
2308 5577 2427 5633 eum
2454 5563 2661 5633 duobus
2689 5563 2810 5618 aliis
2838 5580 2962 5616 mss.
3002 5561 3209 5633 βιαίων.

2061 5631 2171 5704 (li)
2199 5631 2554 5704 (lodicesdup
2587 5632 2813 5704 σελήνην
2849 5631 3237 5703 αὐξανομένην.

2062 5699 2172 5772 (12)
2207 5700 2284 5772 Ita
2315 5701 2480 5772 editio
2509 5702 2670 5758 Basil.
2701 5699 2822 5758 cuin
2859 5699 3201 5772 multis'mss'.
3239 5699 3411 5772 Editio
3452 5699 3557 5758 Pa-

1990 5768 2085 5831 ris.
2111 5768 2282 5829 ἥκαί.
2312 5769 2512 5831 Ibidem
2540 5772 2690 5830 Colb.
2728 5776 2994 5833 secundus
3018 5771 3124 5826 ὑπὸ
3153 5770 3350 5842 νεφῶν.

3543 5867 3574 5885 Α
