4082 6218
565 273 669 329 127

1881 266 1960 351 .s.
2002 267 2249 331 BASlLll
2290 266 2508 330 metu

3702 264 3816 323 1‘58

565 387 705 442 dixit
741 383 996 440 Dominus
1023 381 1333 451 apparitnra
1360 394 1482 437 esse
1509 399 1523 435 :
1557 378 1654 436 Sol
1688 389 1914 435 vertetur
1942 383 1997 435 in
2014 400 2134 437 san-

2234 385 2659 458 προηγόρευσεν·
2696 376 2766 433 '0
2796 377 2968 448 ἥλιος
2989 372 3100 447 (1⁸5)
3124 378 3690 448 μεταστραφήσεται
3721 388 3817 451 εις

565 481 808 551 guinem.
838 489 884 530 et
916 476 1042 530 luna
1086 492 1189 530 non
1228 475 1372 528 dabit
1416 474 1589 528 lumen
1624 491 1798 530 suum.
1835 474 1961 532 Haec
2005 485 2134 533 sunt

568 566 1055 625 consummationis
1082 567 1318 622 universi
1353 566 1531 637 signa.

639 749 695 808 5.
740 748 849 805 Sed
901 748 991 818 qui
1030 748 1169 802 lines
1216 746 1753 818 praetergrediuntur,
1805 748 2132 804 sententiam

566 835 718 895 illam
768 839 834 893 ad
872 837 1260 894 defendendam
1304 837 1768 907 genetliliacorum
1811 848 1983 893 artem
2022 848 2106 893 tra

573 938 739 996 nunt;
767 927 1059 997 dicuntque
1086 925 1252 979 vitam
1289 934 1542 981 nostram
1569 939 1601 979 ι
1635 924 1943 981 οωίεειὶιιηι
1986 936 2134 983 motu

568 1025 841 1099 pendere;
876 1022 1103 1093 ideoque
1143 1036 1205 1076 ea
1242 1036 1364 1092 qua:
1403 1021 1557 1075 nobis
1594 1021 1871 1087 accidunt,
1905 1038 1935 1076 a
1966 1021 2135 1078 Chal-

573 1116 701 1172 daeis
745 1122 1018 1169 astrorum
1072 1127 1174 1182 ope
1223 1112 1542 1183 signiﬁcari.
1602 1113 1778 1183 Atque
1830 1114 2132 1183 simplicem

568 1207 711 1263 banc
744 1205 1039 1275 Scriptum
1083 1205 1410 1267 dictionem,
1442 1201 1562 1258 Sint
1602 1205 1657 1257 in
1702 1205 1886 1275 signa,
1931 1220 2035 1259 non
2070 1204 2137 1261 de

573 1296 1117 1360 aerisatlectionibus,
1138 1309 1314 1365 neque
1330 1295 1396 1349 de
1418 1302 1716 1365 temporum
1741 1295 2133 1363 immutatione,

573 1390 667 1447 sed
691 1390 758 1444 de
774 1390 899 1443 vita!
916 1398 1081 1451 sorte,
1101 1400 1200 1440 suo
1224 1385 1489 1439 arbitratu
1514 1387 1807 1455 accipiunl.
1831 1387 1969 1455 Quid
1990 1388 2136 1443 enim

570 1481 801 1536 dicunt?
830 1481 981 1548 Quod
1005 1478 1199 1533 borum
1222 1486 1491 1531 astrorum
1522 1491 1640 1546 qua:
1665 1486 1949 1532 moventur
1986 1492 2136 1533 com-

573 1570 782 1641 plexus,
811 1570 901 1625 ubi
928 1583 1048 1624 cum
1085 1568 1151 1622 iis
1173 1566 1345 1621 stellis
1370 1581 1491 1636 quae
1520 1566 1572 1619 in
1600 1567 1823 1622 zodiaeo
1845 1567 1962 1621 sitae
1988 1576 2135 1634 sunt,

569 1660 866 1716 secundum
928 1658 1089 1712 talem
1142 1655 1366 1722 ﬁguram
1424 1656 1564 1710 inter
1614 1670 1674 1709 se
1717 1657 2135 1721 concurrerint,

571 1753 709 1807 tales
730 1750 1107 1820 generationes
1135 1744 1299 1801 ecit
1322 1761 1337 1797 :
1364 1755 1582 1811 contra,
1607 1745 1750 1814 quod
1776 1744 1899 1798 talis
1925 1760 2136 1800 eorum-
2160 1732 2208 1786 ’Β

571 1844 692 1896 dem
745 1838 991 1905 habitus,
1043 1839 1168 1892 vitae
1210 1846 1410 1890 sortem
1447 1836 1626 1890 reddit
1657 1836 2011 1890 contrariam.
2061 1835 2137 1890 De

569 1931 765 2003 quibus
812 1931 949 1985 forte
985 1927 1387 1998 explanationis
1431 1927 1604 1996 gratia
1627 1964 1643 1990 ,
1674 1941 1735 1981 re
1780 1924 1941 1996 paulo
1971 1925 2136 1981 altius

572 2024 822 2094 repetita,
857 2022 1044 2078 inutile
1076 2035 1182 2075 non
1216 2020 1373 2074 luerit
1401 2018 1726 2087 disceptare.
1748 2018 1909 2074 .Nihil
1948 2028 2134 2074 autem

569 2118 679 2174 mei
707 2116 877 2188 ipsius
910 2113 1189 2185 proprium
1217 2113 1462 2167 dicturus
1490 2127 1633 2177 sum,
1663 2113 1759 2168 sed
1795 2113 1863 2169 ad
1888 2127 1982 2169 eos
2006 2129 2138 2169 con-

571 2206 823 2261 lutandos
844 2206 957 2260 suis
981 2205 1218 2274 ipsorum
1250 2206 1430 2259 verbis
1455 2214 1577 2258 utar
1608 2221 1622 2257 :
1656 2212 1714 2257 ut
1744 2205 2139 2273 praeoccupatis

572 2296 788 2369 quidem
820 2295 933 2364 jam
960 2297 1062 2350 hoc
1091 2294 1281 2349 morbo
1307 2294 1531 2349 all‘eram
1560 2294 1777 2364 aliquod
1808 2295 2135 2359 remedium,

574 2390 798 2459 reliquis
830 2403 981 2456 vero,
1009 2402 1077 2443 ne
1111 2388 1164 2441 in
1197 2388 1403 2443 similes
1422 2400 1639 2443 errores
1670 2387 1929 2455 incidant,
1960 2387 2139 2442 muni-

575 2497 696 2536 men
723 2490 772 2537 et
798 2480 1041 2537 tutelam.
1068 2478 1216 2533 Hanc
1238 2479 1710 2551 genethliologiam
1733 2480 1824 2549 qui
1851 2480 2134 2545 invenere,

573 2572 771 2628 multas
795 2572 849 2626 in
890 2571 1146 2635 temporis
1174 2570 1457 2625 latitudine
1494 2585 1559 2625 ac
1584 2570 1761 2639 spatio
1796 2570 1995 2641 ﬁguras
2021 2587 2050 2625 a
2077 2586 2139 2627 se

574 2662 811 2733 ignorari
856 2676 976 2717 cum
1022 2661 1409 2731 intelligerent,
1454 2674 1739 2717 mensuras
1787 2661 2047 2730 temporis
2085 2660 2139 2716 in

572 2762 858 2826 angustum
905 2768 1127 2824 prorsus
1176 2761 1612 2807 contraxerunt:
1659 2752 1819 2822 quasi
1864 2752 1951 2808 vel
1998 2751 2138 2806 infra

571 2853 854 2907 minimum
886 2864 952 2905 ac
998 2849 1375 2904 brevissimum
1409 2849 1750 2906 intervallum
1770 2889 1786 2915 ,
1823 2849 1982 2919 quale
2012 2840 2159 2905 dicit

569 2941 882 3013 Apostolus,
901 2938 967 2993 In
987 2951 1177 3008 puncto
1203 2940 1475 3009 temporis,
1500 2940 1555 2994 in
1578 2941 1687 2994 ictu
1717 2941 1857 2994 oculi
1882 2942 1953 3009 ⁸⁸,
1978 2944 2141 2996 maxi-

2230 472 2394 545 αἶμα,
2451 474 2548 529 καὶ
2596 472 2635 541 ὴ
2682 470 2914 538 σελήνη
2961 472 3034 524 οὐ
3079 469 3259 523 δώσει
3308 469 3373 521 τὸ
3430 471 3651 542 φέγπυς
3699 479 3815 532 σὺ-

2229 567 2360 637 τῆς.
2419 566 2601 623 Ταῦτα
2661 566 2863 636 σημεῖα
2915 562 3017 634 τῆς
3072 560 3167 616 τοῦ
3217 560 3417 625 παντὸς
3476 564 3815 638 συμπληρώ-

2235 677 2531 805 σεέ.ς”Αλλ’
2552 750 2601 803 οί
2644 748 2784 820 ὑπὲρ
2814 747 2884 802 τά
2909 744 3230 818 ἐσκαμμένα
3253 746 3530 817 πηδῶντες
3553 749 3686 821 (ll).
3717 749 3819 805 ἐν·ιεῖΙ

2233 843 2331 913 τὴν
2354 842 2677 913 συνηγορίαν
2700 842 2798 912 τῆς
2813 838 3245 909 γενεθλιαλογίας
3272 838 3365 892 τὸν
3387 839 3544 908 λόγον
3569 840 3813 906 ἕλκουσι,

2233 934 2329 988 καὶ
2371 933 2585 1002 λέγουσι
2642 931 3054 1005 προσηρτῆσθαι
3080 930 3180 1002 τὴν
3230 931 3506 1003 ἡμετέραν
3537 930 3681 1004 ζωὴν
3741 936 3813 1004 τῇ

2235 1024 2447 1094 κινήσει
2469 1022 2578 1075 τῶν
2605 1021 2889 1092 οὐρανίων*
2928 1020 3023 1073 καὶ
3053 1018 3141 1073 διὰ
3166 1018 3325 1073 τοῦτο
3370 1022 3435 1074 ἐκ
3462 1019 3570 1074 τῶν
3593 1021 3817 1095 ἄστρων

2233 1113 2479 1183 γίνεσθαι
2520 1112 2672 1185 παρά
2712 1112 2819 1166 τῶν
2867 1110 3152 1166 Χαλδαίων
3194 1110 3292 1175 τάς
3337 1110 3662 1183 σημειώσεις
3700 1114 3819 1170 τῶὶ

2235 1206 2364 1277 περὶ
2416 1208 2563 1279 ἡμᾶς
2607 1204 3049 1276 συμπτωμάτων.
3100 1202 3213 1257 Καὶ
3271 1201 3477 1258 ἁπλοῦν
3523 1205 3650 1259 δντα
3708 1205 3821 1276 τῆς

2236 1297 2276 1351 Γ
2281 1298 2458 1371 ραφῆς
2480 1298 2570 1352 τὸν
2602 1298 2776 1367 λόγον,
2804 1298 3124 1352 Ἔστωσαν
3154 1296 3241 1362 εις
3282 1295 3521 1365 σημεῖα,
3548 1296 3670 1368 οὐχὶ
3704 1298 3815 1352 τῶν

2235 1392 2365 1462 περὶ
2390 1390 2482 1445 τὸν
2517 1392 2656 1463 ἀέρα
2685 1390 2923 1463 τροπῶν,
2953 1389 3074 1443 οὐδὲ
3101 1388 3211 1442 τῶν
3237 1389 3363 1459 περὶ
3409 1390 3508 1453 τάς
3533 1389 3683 1461 ὥρας
3718 1408 3813 1461 με-

2235 1481 2498 1546 ταϐολῶν,
2526 1482 2643 1536 ἀλλ’
2672 1481 2765 1535 ἐπὶ
2788 1482 2886 1553 τῆς
2910 1480 3018 1534 τῶν
3043 1479 3172 1551 βίων
3188 1479 3643 1553 ἀποκληρώσεως,
3674 1480 3815 1552 πρὺς

2234 1574 2296 1630 τὸ
2342 1574 2531 1630 δοκοῦν
2581 1575 2814 1639 ἑαυτοῖς,
2849 1572 3187 1640 ἐξακούουσι.
3220 1572 3286 1626 Τί
3322 1573 3430 1646 γάρ
3458 1589 3654 1642 φασιν,
3690 1575 3815 1627 Ὀτι

2235 1666 2404 1722 τῶνδε
2447 1668 2545 1739 μὲν
2571 1666 2679 1721 τῶν
2706 1664 3039 1736 κινουμένων
3069 1665 3284 1738 ἄστρων
3313 1666 3653 1737 ἡέπιπλοκὴ,
3674 1665 3814 1738 πρὸς

2234 1760 2360 1822 τοὺς
2392 1761 2450 1812 ἐν
2482 1758 2559 1829 τῷ
2601 1757 2851 1829 ζωδιακῷ
2908 1757 3192 1829 κειμένους
3245 1757 3356 1829 (15)
3406 1757 3641 1828 ἀστέρας
3667 1756 3889 1836 utali/

2232 1850 2433 1904 τοιόνδε
2480 1852 2665 1922 σχῆμα
2715 1850 3076 1905 συνελθόντων
3130 1848 3399 1919 ἀλλήλοις,
3446 1848 3546 1913 τὰς
3598 1849 3814 1904 τοιάσδε

2233 1945 2474 2014 γενέσεις
2512 1942 2780 1998 ἀποτελεῖ’
2809 1943 2914 2012 ἡδὲ
2943 1942 3120 1996 τοιάδε
3150 1940 3333 2013 σχέσις
3358 1941 3674 2005 τῶναύτῶν
3710 1943 3816 2012 τὴν

2235 2036 2482 2091 ἐναντίαν
2532 2034 2912 2107 ἀποκληρωσιν
2952 2034 3044 2088 τοῦ
3092 2034 3207 2105 βίου
3248 2037 3409 2089 ποιεῖ.
3437 2033 3573 2107 Περὶ¹
3598 2027 3671 2088 ὧν
3710 2035 3815 2088 οὐκ

2236 2127 2505 2199 ἄχρηστον
2535 2127 2666 2190 ἴσως
2686 2127 2985 2197 σαφηνείας
3012 2127 3199 2181 ἕνεκεν
3231 2125 3427 2199 μικρὸν
3453 2126 3655 2181 ἀνωθεν
3688 2128 3817 2179 ἀνα-

2236 2222 2499 2286 λαϐόντας
2526 2223 2720 2275 εἰπεῖν.
2767 2221 2906 2292 Ἐρῶ
2928 2220 2985 2274 δὲ
3024 2221 3175 2274 οὐδὲν
3201 2218 3442 2291 ἐμαυτοῦ
3486 2218 3636 2281 ῐδιον,
3675 2218 3813 2273 ἀλλὰ

2235 2316 2350 2378 τοῖς
2406 2314 2586 2367 αὐτῶν
2613 2313 2835 2368 ἐκείνων
2894 2312 3031 2384 πρὸς
3083 2311 3175 2366 τὸν
3215 2311 3335 2365 κατ’
3373 2312 3553 2366 αὐτῶν
3593 2310 3812 2380 ἔλεγχον

2237 2407 2645 2478 ἀποχρήσομαι,
2677 2406 2788 2470 τοῖς
2828 2403 2930 2476 μὲν
2959 2404 3059 2475 ἡδη
3100 2402 3557 2475 προειλημμένοις
3601 2404 3681 2468 εἰς
3714 2402 3813 2474 τὴν

2240 2497 2445 2569 βλάϐην
2501 2496 2643 2552 ίασίν
2688 2513 2811 2550 τινα
2874 2494 3279 2567 παρεχόμενος,
3328 2497 3439 2558 τοῖς
3497 2494 3555 2547 δέ
3606 2494 3812 2559 λοιποῖς

2239 2586 2535 2656 ἀσφάλειαν
2558 2585 2695 2657 πρὸς
2712 2585 2775 2638 τὸ
2799 2585 2875 2657 μὴ
2891 2587 3003 2649 τοῖς
3034 2583 3237 2655 ὁμοίοις
3267 2587 3607 2655 περιπεσεῖν.
3627 2586 3690 2639 Οἱ
3712 2589 3810 2657 τῆς

2238 2674 2673 2746 γενεθλιαλογίας
2711 2674 2914 2746 ταύτης
2958 2676 3196 2747 εὑρεταὶ,
3242 2676 3668 2748 καταμαθόντες,
3727 2677 3812 2731 ὅτι

2239 2770 2299 2823 ἐν
2318 2768 2396 2822 τῶ
2414 2768 2605 2823 πλάτει
2630 2767 2723 2824 τοῦ
2746 2769 2940 2842 χρόνου
2963 2769 3135 2824 πολλά
3149 2769 3256 2825 τῶν
3293 2772 3588 2843 σχημάτων
3614 2773 3810 2837 αὐτοὺς

2237 2860 2538 2931 διαφεύγει,
2570 2862 2653 2926 εἰς
2686 2862 2871 2915 στενὸν
2902 2863 3179 2927 παντελῶς
3220 2862 3548 2917 ἀπέκλεισαν
3572 2863 3666 2918 τοῦ
3686 2862 3812 2935 χρέ-

2239 2969 2331 3006 νου
2362 2952 2429 3006 τὰ
2464 2953 2659 3025 μέτρα·
2691 2953 2767 3017 ὡς
2798 2955 2890 3007 καὶ
2921 2953 3072 3027 παρά
3100 2954 3161 3008 τὺ
3196 2955 3521 3027 μικρότατον
3549 2957 3645 3010 καὶ
3672 2959 3812 3013 ἀκι-

572 3049 720 3090 mum
754 3032 1047 3089 discrimen
1093 3031 1397 3087 intercedat
1431 3032 1575 3087 inter
1615 3043 1795 3088 ortum
1838 3042 1895 3088 et
1935 3044 2134 3090 ortum.

2242 3046 2431 3116 ριαῖον,
2457 3040 2566 3098 οἶόν
2600 3062 2762 3117 φησιν
2802 3045 2912 3117 (16)
2940 3047 2969 3099 ὁ
3014 3047 3351 3111 Ἀπόστολος.
3382 3047 3443 3102 τὺ
3484 3048 3556 3102 ἐν
3590 3049 3809 3119 ἀτόμῳ,

570 3134 750 3203 Atque
770 3131 897 3185 hinc
917 3131 1007 3200 qui
1032 3128 1085 3183 in
1112 3130 1214 3184 hoc
1237 3136 1511 3184 momento
1534 3130 1749 3200 genitus
1771 3128 1894 3195 fuit,
1920 3133 2133 3186 urbium

571 3240 670 3280 rex
708 3232 815 3290 εει,
861 3230 918 3278 et
967 3221 1426 3291 locupletissimus
1469 3237 1534 3277 ac
1578 3232 1769 3287 potens
1817 3228 2135 3293 populorum

570 3315 821 3385 princeps
848 3331 862 3368 :
894 3313 986 3384 qui
1014 3327 1143 3367 vero
1174 3312 1227 3366 in
1257 3310 1431 3367 altero
1461 3313 1722 3383 temporis
1746 3323 1942 3382 puncto
1974 3327 2135 3371 natus

570 3416 676 3470 est,
720 3405 998 3460 mendicus
1047 3403 1314 3474 quispiam
1358 3404 1574 3458 futurus
1612 3413 1721 3467 est,
1766 3414 1822 3459 et
1867 3420 2056 3475 vagus,
2103 3421 2133 3460 a

569 3497 778 3554 foribus
805 3497 872 3552 ad
893 3495 1037 3552 fores
1059 3495 1356 3566 quotidiani
1384 3496 1556 3551 victus
1586 3498 1935 3564 comparandi
1962 3512 2130 3553 causa

569 3589 860 3644 transiens.
891 3587 1250 3655 Quamobrem
1292 3602 1357 3642 eo
1382 3589 1531 3651 orbe,
1563 3589 1656 3658 qui
1685 3588 1908 3659 signifer
1948 3591 2133 3660 appel-

568 3681 735 3745 latur,
768 3678 1049 3735 duodecim
1085 3679 1139 3732 in
1183 3688 1364 3747 partes
1396 3677 1596 3744 diviso,
1636 3679 1890 3747 quoniam
1921 3679 2002 3734 sol
2034 3680 2134 3734 tri-

567 3772 718 3841 ginta
759 3771 968 3825 dierum
1007 3769 1205 3839 spatio,
1234 3769 1373 3839 globi
1410 3769 1572 3830 illius.
1596 3770 1686 3840 qui
1718 3769 1966 3825 inerrans
1996 3771 2132 3826 dicio

570 3874 679 3928 tur,
714 3861 1085 3917 duodecimam
1123 3872 1331 3930 partem
1376 3864 1691 3929 pertransit,
1734 3862 1854 3916 ideo
1894 3862 2131 3930 singulas

569 3950 694 4005 illas
721 3949 1001 4005 duodecim
1045 3959 1226 4018 partes
1270 3949 1321 4003 in
1358 3950 1576 4020 triginta
1620 3951 1895 4019 portiones
1946 3951 2130 4019 partiti

568 4050 719 4096 sunt.
755 4040 954 4096 Deinde
974 4039 1200 4109 singulis
1235 4040 1475 4110 partibus
1510 4042 1562 4094 in
1594 4041 1875 4112 sexaginta
1902 4042 2091 4097 divisis
2113 4081 2131 4108 ,

564 4131 810 4202 singulas
865 4145 1057 4185 rursus
1101 4130 1467 4200 sexagesimus
1520 4132 1771 4198 sexagies
1815 4143 2127 4187 secuerunt.

564 4223 690 4281 Jam
727 4237 856 4278 vero
907 4222 1247 4277 nascentium
1284 4232 1462 4277 ortum
1506 4224 1891 4292 praetinientes,
1947 4225 2131 4279 videa-

2236 3133 2331 3187 καὶ
2356 3133 2415 3186 τὸ
2432 3133 2501 3187 ἐν
2517 3132 2669 3202 ῥιπῇ
2703 3134 3033 3204 ὀφθαλμοῦ,
3068 3136 3329 3207 μεγίστης
3359 3135 3527 3208 οὔσης
3550 3136 3810 3207 διαφορᾶς

2235 3223 2444 3294 γενέσει
2473 3225 2608 3296 πρὸς
2649 3225 2882 3293 γένεσιν·
2915 3227 3007 3280 καὶ
3027 3226 3117 3280 τὸν
3146 3230 3204 3281 ὲν
3235 3227 3407 3299 τούτῳ
3437 3228 3649 3300 (17)τῷ
3673 3230 3810 3283 ἀκα-

2236 3317 2398 3388 ριαίῳ
2423 3317 2748 3389 γεννηθέντα
2772 3318 3027 3389 τύραννον
3042 3316 3179 3373 εἶναι
3208 3320 3431 3383 πόλεων,
3456 3322 3551 3374 καὶ
3574 3320 3809 3391 ἄρχοντα

2235 3408 2441 3480 δήμων,
2468 3410 2942 3481 ὑπερπλουτοῦντα
2971 3412 3064 3465 καὶ
3092 3411 3503 3466 δυναστεύονταο
3538 3413 3628 3466 τὸν
3651 3414 3709 3467 δὲ
3749 3413 3810 3468 ἐν

2234 3502 2301 3571 τῇ
2352 3499 2515 3572 ἑτέρᾳ
2570 3502 2708 3572 ῥοπῇ
2741 3500 2835 3554 τοῦ
2890 3500 3082 3573 καιροῦ
3130 3498 3477 3573 γεννηθέντα,
3511 3502 3807 3574 προσαίτην

2234 3590 2355 3645 τινὰ
2380 3592 2473 3645 καὶ
2505 3591 2768 3663 ἀγύρτην,
2790 3592 2957 3664 ούρας
2987 3596 3052 3647 ἐκ
3078 3592 3257 3666 θυρῶν
3282 3594 3575 3665 ἀμείϐοντα
3597 3594 3694 3664 τῆς
3721 3595 3806 3663 ἐφ’

2234 3683 2448 3755 ἡμέραν
2482 3688 2687 3757 τροφῆς
2738 3684 2846 3757 (18)
2880 3686 3063 3741 ἕνεκα.
3100 3686 3199 3741 Διά
3229 3685 3385 3740 τοῦτο
3413 3685 3505 3739 τὸν
3534 3685 3804 3757 ζωοφόρον

2237 3774 2522 3846 λεγόμενον
2555 3776 2750 3830 κύκλον
2797 3776 3060 3841 διελόντες
3082 3778 3159 3841 εἰς
3191 3776 3396 3831 δώδεκα
3428 3777 3589 3848 μέρη,
3618 3775 3803 3846 ἐπειδὴ

2233 3866 2323 3920 διὰ
2362 3868 2653 3938 τριάκοντα
2697 3868 2917 3940 ἡμερῶν
2968 3869 3206 3922 ἐκϐαίνει
3252 3868 3313 3923 τὸ
3361 3867 3659 3923 ἆυδέκατον
3704 3867 3802 3937 τῆς

2234 3954 2506 4019 ἀπλανοῦς
2553 3955 2852 4027 λεγομένης
2884 3958 3113 4029 σφαίρας
3144 3960 3173 4011 ὁ
3202 3957 3374 4028 ἥλιος,
3409 3959 3488 4020 εἰς
3516 3956 3803 4028 τριάκοντα

2238 4046 2432 4115 μοίρας
2482 4046 2589 4101 τῶν
2642 4046 3127 4119 δωδεκατημορίων
3176 4048 3402 4102 ἕκαστον
3461 4049 3798 4119 διῃρήκασιν.

2238 4133 2372 4189 Εἶτα
2408 4138 2642 4207 ἑκάστην
2690 4141 2882 4209 μοῖραν
2941 4142 3020 4203 είς
3058 4141 3321 4210 ἐξήκοντα
3374 4140 3638 4203 διελόντες
3667 4138 3798 4209 (19),

2237 4227 2463 4281 ἕκαστον
2498 4231 2656 4283 πάλιν
2703 4231 2811 4284 τῶν
2858 4231 3163 4301 ἐξῆκοστῶν
3197 4233 3547 4303 ἐξηκοντάκις
3588 4231 3797 4301 ἔτεμον.

569 4330 690 4372 tuus
712 4330 783 4370 an
818 4315 957 4371 hanc
988 4323 1236 4370 exactam
1264 4314 1524 4384 temporis
1550 4316 1870 4371 divisionem
1901 4332 2127 4373 conser-

2239 4319 2487 4384 Τιθέντες
2510 4323 2687 4375 τοίνυν
2710 4323 2807 4386 τὰς
2840 4322 3078 4391 γενέσεις
3100 4323 3205 4377 τῶν
3236 4323 3587 4399 τικτομένων,
3606 4323 3802 4392 ῐδωμεν

638 4561 687 4595 οι
722 4561 744 4617 ι
775 4539 900 4619 δατ.
931 4575 1021 4627 xv,
1047 4557 1138 4613 52.

639 4788 753 4859 (15)
791 4787 855 4859 '70
886 4786 1091 4859 ἣλιος.
1143 4794 1249 4859 etc.
1279 4785 1515 4859 _Yidetur
1551 4783 1780 4859 Basilius
1823 4781 2129 4859 conludisse

565 4854 780 4912 versum
801 4858 864 4912 3i
905 4858 1095 4926 capitis
1121 4874 1158 4911 ll
1181 4856 1344 4911 Joelis
1363 4871 1483 4911 cum
1513 4870 1666 4908 versu
1690 4856 1758 4908 29
1786 4854 1977 4926 capitis
1999 4868 2125 4905 xxiv

566 4927 823 4981 Matthxi.
855 4923 984 4993 Qua
1008 4931 1075 4982 de
1128 4943 1186 4981 re
1236 4939 1294 4981 nt
1341 4926 1535 4993 cuique
1580 4926 1891 4979 existimare
1943 4923 2121 4993 liceat,

567 4998 849 5065 utriusque
874 4992 1032 5050 verba
1059 4998 1347 5065 proferam.
1373 4992 1540 5050 Joelis
1569 4996 1727 5063 igitur
1751 4994 1862 5046 haec
1886 5002 2015 5065 sunt
2035 5010 2048 5044 :
2067 4992 2125 5065 '0

560 5067 712 5138 ἥλιος
736 5062 1239 5138 μεταστραφήσεται
1268 5067 1347 5129 εἰς
1385 5062 1607 5138 σκότος,
1626 5065 1720 5138 καὶ
1757 5066 1790 5131 ἡ
1824 5062 2020 5138 σελήνη
2047 5064 2126 5138 είς

563 5133 748 5207 alita.‘
768 5137 859 5190 Sol
885 5133 1207 5191 convertet”
1233 5139 1289 5189 in
1310 5136 1642 5207 tenebras,_et
1672 5136 1797 5207 luna
1830 5135 1885 5207 in
1913 5134 2126 5200 sangui-

565 5201 699 5261 nein.
737 5208 887 5273 Apnd
914 5207 1215 5259 Mattltaeum
1243 5221 1369 5259 vero
1393 5220 1470 5257 sic
1492 5204 1684 5273 legitur
1714 5203 1802 5256 :‘0
1826 5201 1974 5271 ἥλιος
1999 5218 2126 5273 σκο-

557 5272 893 5348 τισθήσεται,
924 5277 1068 5347 καὶὴ
1096 5275 1291 5347 σελήνη
1313 5275 1373 5327 οὐ
1412 5272 1573 5348 δώσει
1594 5272 1655 5348 το
1687 5272 1888 5342 φέγγος
1929 5272 2121 5343 αὐτῆςο

558 5345 655 5401 Sol
689 5345 1068 5409 obscurabitur,
1101 5358 1146 5399 et
1167 5345 1291 5399 (una
1330 5361 1432 5397 non
1454 5345 1593 5395 dabit
1622 5345 1793 5396 lumen
1819 5358 1990 5395 suum.

631 5417 744 5486 (14)
768 5418 921 5488 illud,
946 5417 1085 5488 ὑπὲρ
1104 5416 1170 5469 τά
1195 5413 1515 5488 ἐσκαμμένα
1542 5413 1733 5488 πηδᾷν,
1763 5415 1812 5488 in
1840 5411 2123 5488 proverbio

557 5482 663 5540 dici
699 5486 925 5551 solebat,
958 5482 1067 5554 pro"
1080 5503 1145 5540 eo
1178 5488 1316 5553 quod
1338 5482 1447 5546 est,
1480 5482 1612 5554 fines
1637 5483 1709 5554 rei
1730 5482 2124 5554 alicujns_tran-

554 5557 723 5619 sitire,
762 5550 930 5624 eoque
958 5550 1087 5610 usus
1128 5550 1211 5611 est
1262 5555 1531 5608 anianus
1582 5553 1632 5605 in
1668 5551 1840 5624 Gallo,
1874 5569 1922 5624 ς.
1955 5550 2007 5624 6.

2233 4783 2355 4839 dam
2385 4784 2503 4840 aliis
2532 4799 2663 4840 mss.
2695 4783 3002 4855 κειμένους.

2304 4855 2415 4926 (16)
2446 4855 2524 4927 ΫΙιςι
2551 4854 2797 4924 quinque
2810 4872 2936 4909 mss.
2962 4854 3097 4927 Editi
3121 4856 3371 4927 ὂψησιν.¹

2324 4927 2412 4994 17)
2444 4926 2576 4995 Reg.
2610 4935 2797 4979 sextus
2823 4927 2918 4979 καὶ
2950 4926 3041 4978 τὸν
3063 4927 3156 4978 ἐπὶ
3182 4926 3373 4996 τούτῳ.

2324 4930 2412 4994 17)
2445 4930 2576 4995 Reg.
2610 4935 2797 4979 sextus
2823 4930 2918 4979 καὶ
2950 4930 3041 4978 τὸν
3063 4930 3156 4978 ἐπὶ
3182 4930 3318 4980 τούτι

2296 4930 2411 5068 (18)
2444 4996 2668 5068 Codices
2687 4996 2932 5068 tresvir;
2970 4996 3247 5068 ἐφημέρου
3285 5014 3318 5068 τ

2228 5064 2347 5137 εἰσίῃ
2383 5080 2510 5118 mss.
2543 5067 2641 5134 τῆς
2664 5065 2768 5137 ἐφ’
2803 5064 3013 5137 ἡμέραν
3042 5064 3271 5137 τροφῆς.
3300 5064 3414 5137 Mox
3442 5070 3609 5120 codex
3637 5064 3796 5137 (Iom-

2228 5134 2334 5191 bef.
2373 5135 2758 5225 cumvdnobus
2778 5134 2928 5225 giliis:
2956 5134 3589 5225 tltss.:_tbv.Cto6_ta<péeov
3640 5135 3794 5225 λεγό-

2301 5222 2408 5278 νον.
2449 5204 2583 5258 Editi
2620 5203 2975 5278 cum‘Regiis
2998 5207 3153 5278 tertio
3189 5219 3241 5261 et
3279 5203 3465 5278 quinto
3499 5203 3792 5278 ζωοφόρον.

2301 5222 2408 5258 νον.
2449 5221 2583 5258 mnu
2620 5221 2739 5257 cum
2779 5221 2958 5268 negans
2998 5221 3153 5261 lel'llo
3189 5221 3241 5261 et
3279 5221 3465 5272 qnmto
3499 5221 3532 5270 gr

2229 5221 2423 5348 gfatim
2449 5290 2551 5348 sex
2584 5289 2711 5348 mss.
2744 5274 2929 5348 ἐπειδὴ
2957 5276 3063 5329 διά.
3102 5278 3236 5330 Ειίὶιὶ
3271 5278 3391 5348 ἐπεὶ
3422 5277 3532 5330 διὰ.

2298 5344 2410 5415 (19)
2447 5343 2801 5418 Henricianns
2832 5343 2995 5401 codex
3020 5348 3278 5417 ἐξήκοντα
3298 5347 3650 5418 διαιροῦντες.
3683 5344 3795 5418 lle-

2226 5414 2426 5469 dicaeu’s
2456 5429 2577 5468 cum
2610 5428 2704 5467 sex
2731 5415 2850 5470 aliis
2882 5430 3011 5473 mss.
3055 5414 3337 5479 διελόντες.
3391 5414 3588 5471 Ibidem
3629 5417 3794 5470 editio

2226 5483 2390 5539 Basil.
2438 5498 2558 5537 cum
2590 5492 2829 5554 utroque
2880 5488 3007 5542 Duc.
3040 5498 3095 5543 et
3141 5503 3264 5541 cum
3294 5486 3413 5541 aliis
3450 5496 3659 5554 septem
3682 5484 3796 5540 τῶν

3425 4994 3514 5065 ἧς.
3548 4994 3797 5065 Aliiqui-

2223 5554 2528 5637 gnatos-tib)
2552 5552 2919 5625 ἐξηκοντάκις.
2954 5558 3109 5614 Deest
3140 5557 3445 5629 égr‘xoeetbv
3476 5552 3529 5611 in
3560 5556 3797 5614 editione

631 5626 743 5695 (15)
776 5621 904 5694 Reg.
947 5637 1130 5680 sextus
1158 5635 1212 5679 et
1253 5624 1403 5695 Bodl.
1450 5638 1570 5695 cum
1614 5622 1849 5695 editione
1878 5621 2036 5695 Basil.
2062 5621 2120 5673 ἐν
2224 5621 2395 5682 Paris.

552 5691 905 5767 uite-56mm
927 5695 1297 5767 κινουμένους.
1327 5694 1503 5749 Editio
1543 5691 1711 5748 Paris.
1746 5707 1867 5749 cum
1899 5693 2120 5761 quibus-
