4082 6218
519 307 612 364 1⁸51

1861 305 1918 358 S.
1962 304 2202 361 BASILH
2248 307 2462 364 MAGNI

3671 311 3781 367 159.

510 436 570 485 οι
611 425 820 482 Taurus
869 422 1143 485 similiter,
1193 421 1610 492 unumquodque
1659 435 1725 476 ex
1784 421 1868 478 his
1917 422 2072 493 signis

2188 423 2338 475 κλου.
2359 421 2483 484 Πῶς
2505 415 2596 474 οὖν
2624 419 2833 474 ἐκεῖθεν
2849 418 2950 484 τάς
2967 423 3387 494 προηγουμένας
3405 426 3583 489 αἰτίας
3598 428 3782 498 λέγων

509 519 627 589 ejus
659 519 844 574 circuli
878 516 967 586 qui
1005 516 1260 570 zodiacus
1304 523 1556 579 vocatur,
1598 529 1723 585 pars
1753 523 1838 569 est
1882 515 2084 569 duode-

509 612 672 668 cima.
709 609 987 676 Quomodo
1031 608 1197 679 igitur
1230 607 1377 662 illinc
1409 606 1710 678 pratcipuas
1739 607 1864 660 vita:
1893 606 2088 660 imma-

507 721 594 762 nae
634 703 829 757 (-ausas'
874 700 1141 771 proﬁcisci
1191 701 1375 764 doces,
1409 710 1462 753 et
1495 714 1560 753 ex
1598 699 1828 753 terrenis
1867 699 2086 767 pecudi-

508 797 610 852 bns
666 796 1000 849 nascentium
1050 792 1332 847 hominum
1387 807 1568 846 mores
1616 790 1876 860 exprimis
1928 800 2090 860 atque

507 889 752 960 eﬁiugis?
792 887 927 942 Nam
959 888 1048 957 qui
1081 887 1135 942 in
1170 886 1354 942 Ariete
1403 886 1665 951 exoritur,
1700 884 1938 941 liberalis
1979 893 2086 948 est,

506 997 615 1037 non
657 982 800 1052 quod
851 981 938 1034 illa
969 995 1100 1048 pars
1150 979 1276 1035 coeli
1331 993 1510 1034 mores
1565 977 1698 1032 tales
1747 975 1960 1039 eﬁiciat,
1992 976 2085 1031 sed

501 1074 650 1144 quod
677 1073 804 1128 huic
835 1070 1016 1141 pecori
1050 1069 1171 1126 talis
1200 1078 1392 1124 natura
1427 1070 1575 1124 insit.
1608 1069 1746 1136 Quid
1772 1083 1900 1138 ergo
1927 1067 2084 1122 ﬁdem

504 1181 572 1221 ex
609 1165 775 1222 astris
803 1164 900 1219 tibi
936 1163 1142 1219 faciens
1168 1161 1548 1234 perterrefacis
1579 1177 1696 1226 nos,
1729 1160 1952 1230 haecque
1989 1174 2086 1230 per

503 1259 716 1316 balatus
747 1256 962 1312 conaris
986 1255 1352 1327 persuadere?
1379 1253 1514 1308 Nam
1543 1255 1588 1310 si
1619 1252 1817 1309 caelum
1857 1253 1924 1307 ab
1961 1254 2083 1307 ani-

503 1350 740 1406 malibus
791 1347 925 1403 tales
975 1348 1173 1418 accipit
1225 1361 1435 1403 morum
1493 1345 2082 1416 proprietatem-ipsum

500 1441 666 1497 etiam
706 1439 900 1495 alienis
931 1437 1213 1510 principiis
1238 1448 1322 1493 est
1352 1435 1673 1504 subjectum,
1702 1434 1900 1505 quippe
1940 1433 2083 1504 quod

503 1547 698 1589 causas
741 1548 808 1587 ex
839 1531 923 1586 his
955 1529 1239 1600 pecoribus
1278 1527 1642 1598 dependentes
1668 1525 1890 1581 habeat.
1926 1523 2082 1591 Quod

503 1626 548 1681 si
585 1625 639 1680 id
671 1636 919 1680 asserere
954 1620 1240 1677 ridiculum
1281 1619 1372 1687 sit,
1405 1619 1563 1692 longe
1591 1618 1764 1689 magis
1796 1615 2080 1672 ridiculum

501 1726 606 1782 est,
639 1733 702 1772 ex
741 1716 808 1772 iis
853 1716 995 1770 inter
1041 1729 1162 1785 quae
1202 1713 1349 1768 nulla
1380 1711 1490 1784 56
1519 1710 1866 1767 necessitudo
1913 1710 2078 1766 inter-

2191 515 2457 586 ὑπάρχειν
2506 515 2619 576 τοῖς
2661 512 2768 565 τῶν
2805 511 3108 583 ἀνθρώπων
3157 514 3322 584 βίοις,
3366 517 3429 569 ἐκ
3477 518 3585 571 τῶν
3639 528 3779 594 παρ’

2191 609 2322 679 ἡμῖν
2375 607 2738 678 βοσκημάτων
2783 607 2892 659 τῶν
2934 609 3290 678 γεννωμένων
3349 609 3653 681 ἀνθρώπων
3697 616 3775 670 τὰ

2189 701 2294 770 ἤθη
2344 699 2808 771 χαρακτηρίζεις;
2865 699 3240 770 Εὐμετάδοτος
3291 701 3401 773 γάρ
3432 705 3460 756 ό
3495 706 3773 777 Κριανὺς,

2188 791 2286 844 οὐκ
2309 791 2493 861 ἐπειδὴ
2522 791 2765 844 τοιούτου
2791 789 2953 862 ἤθους
2991 792 3271 862 ποιητικὸν
3305 795 3482 847 ἐκεῖνο
3512 797 3572 848 τὸ
3604 799 3774 869 μέρος

2187 883 2280 936 τοῦ
2320 883 2571 954 οὐρανοῦ,
2617 883 2730 936 ἀλλ’
2773 883 2959 954 ἐπειδὴ
3004 885 3262 956 τοιαύτης
3305 885 3519 954 φύσεώς
3550 890 3664 942 ἐστι
3704 891 3773 944 τὸ

2188 975 2477 1048 πρόϐατον.
2509 976 2574 1029 Τί
2607 971 2698 1029 οὖν
2727 976 2997 1039 δυσωπεῖς
3040 977 3138 1048 μέν
3167 979 3316 1048 ἡμᾶς
3350 977 3460 1031 ἀπὸ
3488 980 3583 1051 τῆς
3621 981 3774 1046 ἀξιο-

2188 1070 2407 1133 πιστίας
2448 1067 2556 1122 τῶν
2596 1068 2832 1140 ἄστρων,
2870 1068 3079 1122 πείθειν
3111 1069 3167 1122 δὲ
3213 1070 3507 1143 ἐπιχειρεῖς
3541 1072 3624 1125 διὰ
3656 1073 3771 1127 τῶν

2188 1162 2581 1234 βληχημάτωνς
2620 1163 2684 1215 El
2721 1163 2818 1233 μὲν
2867 1161 2976 1234 γὰρ
3010 1161 3162 1234 παρά
3196 1163 3305 1217 τῶν
3339 1163 3494 1227 ζώων
3527 1163 3701 1217 λαῦὼν
3737 1167 3770 1218 ο

2184 1255 2410 1326 οὐρανὸς
2444 1254 2555 1324 ἔχει
2598 1253 2668 1308 τά
2705 1253 2928 1308 τοιαῦτα
2969 1254 3076 1308 τῶν
3121 1255 3268 1325 nec»
3326 1255 3619 1327 ἰδιώματα,
3665 1259 3768 1312 καὶ

2186 1349 2348 1412 αὐτὸς
2381 1349 2667 1402 ὑπόκειται
2710 1347 3018 1420 ἀλλοτρίαις
3055 1350 3274 1420 ἀρχαῖς,
3305 1350 3370 1402 ἐκ
3411 1349 3520 1402 τῶν
3560 1351 3764 1423 βοσκη-

2187 1441 2371 1512 μάτων
2409 1439 2547 1511 ἐχων
2587 1439 2686 1504 τὰς
2719 1439 2898 1503 αίτίας
2941 1439 3369 1512 ἀπηρτημένας·
3419 1443 3468 1494 εἰ
3500 1441 3556 1495 δέ
3589 1460 3763 1495 κατα-

2183 1532 2442 1601 γέλαστον
2466 1531 2623 1586 τοῦτο
2659 1534 2852 1596 εἰπεῖν,
2896 1531 3426 1603 καταγελαστότερον
3470 1533 3648 1604 πολλῷ
3694 1536 3766 1587 ἐκ

2181 1625 2290 1676 τῶν
2347 1623 2514 1696 μηδὲν
2573 1624 2972 1678 κοινωνούντων
3033 1626 3261 1694 ἐπάγειν
3328 1627 3625 1697 ἐπιχειρεῖν
3680 1628 3766 1698 τῷ

2181 1715 2325 1788 λόγῳ
2355 1716 2454 1780 τὰς
2492 1717 2871 1788 πιθανότητας.
2926 1715 3086 1770 Ἀλλά
3126 1716 3300 1771 ταῦτα
3335 1719 3434 1787 μέν
3475 1718 3651 1772 αὐτῶν
3691 1719 3767 1772 τά

500 1811 666 1875 cedit,
701 1805 888 1863 conari
937 1805 1248 1876 opinionem
1286 1802 1432 1858 illam
1465 1801 1780 1859 credibilem
1826 1800 2072 1872 probabi-

2183 1779 2324 1880 σοίρά
2371 1779 2484 1874 τοῖς
2529 1779 2844 1880 ἀραχνείοις
2891 1810 3014 1882 (29)
3069 1779 3385 1882 ὑφάσμασιν
3437 1809 3630 1875 ἔοικεν,
3677 1809 3767 1876 οἷς

499 1902 712 1972 lemque
741 1899 989 1955 reddere.
1023 1897 1185 1968 Atqui
1220 1897 1306 1952 hae
1337 1897 1566 1952 istorum
1596 1893 1820 1965 argutia:
1847 1906 2078 1947 aranea-

498 2009 618 2049 rum
653 1992 774 2048 telis
808 2001 934 2046 sunt
981 1988 1316 2052 consimiles,
1345 1987 1398 2043 in
1433 2001 1572 2058 quas
1611 2001 1734 2042 cum
1775 1983 1952 2049 culex,
1987 1993 2079 2038 aut

497 2101 711 2151 musca,
747 2093 841 2139 aut
893 2082 1122 2153 quodvis
1167 2079 1368 2135 animal
1423 2080 1573 2136 hisce
1617 2077 1979 2135 imbecillibus
2003 2077 2079 2132 si-

497 2179 628 2235 mile
676 2176 948 2239 inciderit,
982 2174 1190 2228 irrctita
1237 2171 1588 2228 detinentur:
1624 2179 1680 2226 at
1714 2185 1836 2226 cum
1884 2169 2079 2224 fortius

495 2268 718 2337 aliquod
751 2265 950 2321 animal
984 2265 1297 2329 accesserit,
1328 2263 1457 2318 illud
1489 2271 1543 2317 et
1573 2261 1733 2318 facile
1760 2262 2073 2332 pertransit,

501 2372 555 2417 et
589 2371 801 2416 tenuem
836 2363 977 2414 hanc
1010 2367 1277 2436 texturam
1313 2355 1613 2426 perrumpit
1645 2369 1708 2411 ac
1739 2354 1987 2427 dissipat.

570 2455 621 2508 7.
669 2455 862 2507 Verum
897 2466 1002 2506 non
1040 2451 1125 2504 his
1164 2448 1294 2505 solis
1325 2449 1568 2504 contenti
1602 2457 1748 2509 sunt,
1790 2449 1883 2502 sed
1913 2449 2076 2503 etiam

495 2563 724 2620 quarum
767 2560 944 2600 rerum
979 2544 1196 2598 domina
1239 2552 1324 2598 εει
1369 2540 1792 2611 uniuscujusque
1833 2551 2072 2596 nostrum

498 2641 750 2696 voluntas
787 2639 912 2710 (hoc
942 2644 1044 2702 εει,
1077 2635 1379 2691 studiorum
1410 2635 1627 2689 virtutis
1653 2643 1747 2688 aut
1774 2635 1936 2702 vitii),
1964 2633 2075 2688 illa-

495 2749 615 2788 rum
671 2731 834 2788 etiam
885 2743 1080 2786 causas
1131 2727 1444 2783 cmlestibus
1495 2728 1818 2782 attribuunt.
1870 2726 2073 2793 Quibus

495 2824 869 2881 contradicere
902 2821 1103 2892 alioqui
1137 2819 1428 2875 ridiculum
1464 2830 1546 2874 est
1575 2838 1588 2873 :
1619 2821 1711 2874 sed
1743 2820 1867 2887 quia
1895 2820 2074 2888 plurcs

492 2933 559 2974 eo
601 2931 788 2972 errore
830 2921 1299 2984 praeoccupantur,
1337 2913 1452 2967 hare
1487 2911 1627 2966 forte
1654 2927 1877 2966 necesse
1912 2910 2074 2964 fuerit

493 3009 713 3074 silentio
754 3022 858 3061 non
894 3006 1194 3076 praeterire.
1243 3003 1484 3059 Primum
1519 3005 1734 3074 quidem
1767 3005 1892 3061 illud
1924 3007 2071 3076 ipsos

493 3098 971 3169 interrogabimus,
997 3111 1196 3152 numne
1224 3095 1502 3151 stellarum
1531 3096 1713 3168 ﬁgura:
1740 3096 1927 3152 diebus
1955 3097 2068 3152 sin-
2097 3134 2138 3193 ο

490 3191 632 3266 gulis
681 3191 983 3246 sexcenties
1037 3189 1347 3244 mutentur?
1398 3187 1532 3243 Nam
1587 3204 1710 3245 cum
1757 3190 1924 3245 stellae
1966 3191 2070 3245 illa:

491 3299 612 3354 quae
651 3293 1032 3352 nuncupantur
1077 3288 1344 3348 errantes,
1381 3294 1596 3350 semper
1644 3291 1982 3348 moveantur,
2019 3293 2071 3337 et

492 3378 612 3432 aliae
640 3377 858 3446 quidem
895 3375 1055 3430 citius
1085 3374 1188 3428 sibi
1220 3384 1406 3428 mutuo
1441 3385 1753 3439 occurrant,
1786 3375 1906 3430 alite
1940 3391 2068 3431 vero

493 3471 759 3527 circuitus
788 3469 1053 3524 tardiores
1083 3467 1395 3534 conﬁciant,
1433 3468 1486 3522 in
1522 3468 1710 3524 eadem
1742 3469 1872 3522 hora
1903 3484 2070 3538 saepe-

491 3579 719 3620 numero
770 3572 825 3618 ct
871 3578 928 3617 se
979 3563 1207 3616 invicem
1258 3560 1575 3630 respiciunt,
1602 3571 1657 3616 et
1701 3561 2066 3618 occultantur.

491 3654 702 3710 Etcum
735 3656 786 3708 in
821 3667 940 3708 ortu
979 3654 1032 3706 id
1067 3652 1284 3706 maximi
1316 3652 1386 3706 sit
1417 3652 1694 3712 momenti,
1721 3661 1816 3707 aut
1848 3668 1879 3706 a
1906 3653 2068 3708 bene-

491 3749 594 3803 ﬁca
629 3747 805 3814 stella,
837 3757 897 3800 ut
930 3745 1028 3815 ipsi
1077 3745 1393 3811 |0qnuntttr,
1429 3753 1520 3798 aut
1569 3759 1599 3798 a
1647 3743 1889 3800 maleﬁca
1936 3759 2066 3799 con-

489 3841 664 3910 spici;
695 3849 751 3894 et
801 3853 922 3893 cum
966 3851 1107 3906 saepe
1156 3836 1208 3891 id
1260 3846 1471 3904 tempus
1501 3849 1608 3904 quo
1639 3835 1878 3891 beneﬁca
1914 3836 2064 3890 stella

491 3931 858 3988 testimonium
908 3929 1203 3998 prarbebat,
1238 3941 1342 3981 non
1395 3937 1772 3997 assequantur,
1807 3926 1877 3982 ob
1908 3928 2064 3981 unius

492 4023 842 4080 minutissimi
894 4021 1058 4090 spatii
1108 4019 1492 4089 ignorantiam,
1520 4019 1661 4074 hanc
1709 4020 1877 4088 ipsam
1923 4019 2068 4073 velut

487 4117 544 4173 ln
593 4116 734 4171 mala
782 4115 996 4170 fortuna
1045 4113 1206 4168 sitam
1264 4120 1673 4165 recensuerunt.
1709 4110 1885 4182 Cogor
1917 4111 2060 4164 enim

487 4208 618 4279 ipsis
647 4222 834 4263 eorum
863 4208 1087 4262 vocibus
1125 4205 1223 4259 uti.
1258 4204 1402 4258 Sane
1435 4202 1661 4280 multum
1692 4212 1777 4257 est
1813 4204 2063 4258 amentia:

484 4301 540 4358 in
573 4303 657 4356 his
692 4300 888 4363 verbis,
923 4301 1017 4355 sed
1067 4298 1223 4368 longe
1268 4295 1385 4366 plus
1429 4304 1514 4350 est
1559 4295 1875 4366 impietatis.
1927 4297 2060 4351 Nam

485 4393 742 4448 maleﬁca:
787 4390 955 4446 stella:
1001 4388 1354 4459 malignitatis
1388 4401 1500 4442 sua:
1531 4402 1750 4443 causam
1805 4387 1857 4442 in
1903 4406 2059 4442 snunt

2180 1901 2308 1955 ὅταν
2342 1902 2441 1974 μὲν
2475 1902 2695 1974 κώνωψ,
2743 1902 2776 1974 ἢ
2822 1905 2975 1974 μυῖα,
3024 1903 3058 1974 ἡ
3105 1921 3157 1955 τι
3207 1902 3315 1956 τῶν
3365 1903 3768 1976 παραπλησίως

2177 1991 2388 2057 τούτοις
2429 1991 2673 2047 ἀσθενῶν
2739 1993 2996 2064 ἐνσχεθῇ,
3048 1993 3413 2048 καταδεθέντα
3447 1999 3759 2064 κρατεῖται’

2178 2084 2395 2139 ἐπειδὰν
2437 2085 2492 2138 δὲ
2524 2085 2633 2138 τῶν
2683 2085 3046 2157 ἰσχυροτέρων
3078 2104 3131 2139 τι
3175 2085 3330 2151 ζώων
3368 2087 3582 2162 ἐγγίσῃ,
3627 2089 3764 2142 αύτό

2177 2196 2234 2232 τε
2269 2179 2467 2251 ῥᾳδίως
2501 2181 2806 2234 διεκπίπτει
2841 2181 2974 2254 (50),
3005 2182 3100 2235 καὶ
3126 2180 3194 2235 τὰ
3230 2181 3434 2254 ἀδρανῆ
3460 2183 3761 2254 ὑφάσματα

2175 2273 2424 2345 διέρρηξε
2457 2273 2551 2327 καὶ
2580 2274 2833 2344 ἠφάνισε.

2247 2454 2298 2507 7.
2342 2455 2451 2507 Καὶ
2480 2455 2579 2507 οὐκ
2610 2455 2702 2508 ἐπὶ
2730 2455 2933 2508 τούτων
2971 2454 3215 2509 ἵστανται
3249 2455 3410 2526 μόνον
3456 2455 3590 2527 (51),
3617 2455 3760 2511 ἀλλὰ

2176 2546 2270 2599 καὶ
2297 2539 2370 2600 ὧν
2405 2547 2438 2617 ἡ
2468 2547 2785 2620 προαίρεσις
2815 2547 3044 2601 ἑκάστου
3072 2547 3226 2619 ἡμῶν
3253 2548 3417 2618 κυρία
3452 2548 3561 2618 (52)
3593 2547 3763 2619 (λέγω

2174 2639 2258 2720 δὴ,
2289 2639 2398 2693 τῶν
2441 2640 2884 2711 ἐπιτηδευμάτων
2913 2641 3115 2713 ἀρετῆς
3151 2641 3184 2711 ἢ
3226 2640 3467 2711 κακίας),
3502 2642 3596 2694 καὶ
3635 2643 3764 2693 τού-

2175 2746 2281 2783 των
2318 2729 2416 2793 τάς
2460 2731 2640 2793 αίτίας
2682 2733 2795 2794 τοῖς
2829 2730 3101 2801 οὐρανίοις
3152 2731 3530 2784 συνάπτουσιν.
3569 2727 3665 2792 Οἷς
3696 2733 3763 2784 τὸ

2174 2821 2474 2890 ἀντιλέγειν
2506 2821 2681 2884 ἄλλως
2715 2822 2811 2893 μὲν
2853 2821 3279 2890 καταγέλαστον,
3314 2823 3401 2876 διὰ
3435 2823 3490 2875 δὲ
3531 2823 3592 2876 τὸ
3623 2839 3765 2895 προα

2174 2913 2500 2985 κατέχεσθαι
2565 2915 2692 2978 τοὺς
2750 2915 2976 2977 πολλοὺς
3042 2918 3108 2986 τῇ
3181 2915 3399 2987 ἀπάτῃ,
3455 2916 3758 2984 ἀναγκαῖον

2174 3007 2303 3070 ἴσως
2334 3007 2408 3078 μὴ
2463 3009 2640 3079 σιωπῇ
2682 3006 2991 3078 παρελθεῖν.
3037 3008 3262 3078 Πρῶτον
3299 3009 3399 3080 μὲν
3447 3005 3540 3061 οὖν
3580 3008 3760 3062 ἐκεῖνο

2173 3099 2372 3162 αὐτοὺς
2423 3100 2819 3170 ἐρωτήσωμεν,
2873 3101 2922 3152 εί
2985 3099 3060 3172 μὴ
3114 3101 3199 3170 ἐφ’
3247 3100 3484 3172 ἑκάστης
3536 3101 3910 3172 ἡμέρας-,κο

2177 3193 2438 3264 μυριάκις
2467 3192 2755 3263 ἀμείϐεται
2781 3193 2888 3245 τῶν
2916 3193 3162 3264 ἀστέρων
3196 3193 3263 3246 τά
3296 3195 3584 3264 σχήματα;
3615 3195 3758 3247 Ἀει-

2171 3284 2380 3354 κίνητοι
2411 3285 2518 3357 γὰρ
2545 3285 2696 3349 ὄντες
2727 3286 2777 3338 οί
2813 3285 3082 3356 πλανῆται
3111 3285 3413 3356 λεγόμενοι,
3450 3286 3543 3338 καὶ
3572 3287 3620 3338 οἱ
3654 3286 3755 3356 μὲν

2170 3375 2362 3430 θᾶττον
2405 3377 3013 3448 ἐπικαταλαμϐάνοντες
3058 3377 3335 3448 ἀλλήλους.
3385 3379 3433 3430 οί
3469 3378 3525 3430 δέ
3557 3377 3754 3448 βραδυ-

2170 3467 2334 3538 τέρας
2361 3465 2459 3530 τάς
2489 3466 2764 3538 περιόδους
2792 3468 3121 3539 ποιούμενοι,
3152 3468 3244 3520 ἐπὶ
3267 3468 3366 3538 τῆς
3395 3468 3564 3538 αὐτῆς
3597 3467 3749 3538 ὥρας

2169 3557 2430 3622 πολλάκις
2465 3559 2560 3610 καὶ
2592 3558 2790 3628 ὁρῶσιν
2829 3558 3092 3624 ἀλλήλους
3142 3559 3236 3612 καὶ
3273 3558 3745 3628 ἀποκρύπτονται,

2172 3651 2435 3722 μεγίστην
2466 3668 2525 3703 τε
2558 3651 2670 3722 ἔχει
2715 3651 2942 3721 δύναμιν
2982 3652 3039 3703 ἐν
3075 3653 3194 3714 ταῖς
3229 3650 3339 3721 (³55)
3393 3650 3638 3718 γενέσεσι
3687 3650 3750 3702 τὸ

2168 3744 2200 3813 ἢ
2249 3745 2397 3814 παρὰ
2446 3742 2775 3812 ἀγαθοποιοῦ
2825 3745 3156 3815 ἐφορᾶσθαι,
3210 3743 3243 3814 ἢ
3297 3741 3626 3805 κακοποιοῦ,
3674 3751 3750 3805 ως

2167 3837 2319 3889 αὐτοὶ
2353 3836 2588 3904 λέγουσι.
2629 3838 2738 3889 Καὶ
2777 3836 3039 3900 πολλάκις
3079 3836 3282 3890 καθέὃν
3309 3835 3680 3908 ἐπεμαρτύρει
3721 3840 3752 3889 ὁ

2167 3925 2496 3994 ἀγαθοποιός
2533 3927 2706 3998 ἀστὴρ
2748 3927 2839 3979 τὸν
2879 3925 3070 3998 καιρὸν
3098 3928 3197 3980 οὐκ
3232 3926 3562 3998 ἐξευρόντες,
3597 3927 3751 3998 παρὰ

2166 4022 2263 4092 τὴν
2309 4021 2426 4082 ἐνὸς
2471 4020 2577 4073 τῶν
2615 4018 2957 4072 λεπτοτάτων
3016 4019 3260 4088 ἄγνοιαν,
3309 4019 3389 4082 ὡς
3433 4020 3491 4072 ἐν
3530 4018 3604 4089 τῷ
3644 4036 3748 4072 κα-

2167 4114 2594 4185 κοδαιμονήματι
2646 4111 2808 4164 αὑτὸν
2851 4112 3103 4182 κείμενον
3161 4111 3570 4183 ἀπεγράψαντο.
3621 4112 3751 4175 Τοῖς

2165 4206 2270 4278 γὰρ
2287 4204 2464 4260 αύτῶν
2495 4204 2716 4258 ἐκείνων
2744 4203 2854 4272 (54)
2882 4202 3289 4274 συγχρήσασθαι
3313 4205 3550 4274 ῥήμασιν
3579 4205 3750 4271 ἀναγ-

2166 4298 2425 4368 κάζομαι.
2485 4298 2574 4350 Ἐν
2629 4297 2691 4368 δὴ
2739 4299 2847 4359 τοῖς
2893 4295 3155 4359 τοιούτοις
3212 4295 3391 4363 λόγοις
3441 4294 3577 4349 πολὺ
3644 4296 3746 4366 μὲν

2162 4390 2221 4444 τὸ
2247 4391 2492 4461 ἀνόητον,
2525 4389 2918 4443 πολλαπλάσιον
2948 4388 3002 4440 δὲ
3048 4388 3110 4440 τὸ
3143 4383 3356 4452 ἀσεϐές.
3391 4389 3455 4440 Οἱ
3495 4387 3604 4460 γάρ
3644 4406 3747 4442 κα-

484 4484 726 4552 ipsarum
773 4481 1107 4536 conditorem
1151 4477 1502 4533 transferunt.
1535 4476 1746 4532 Etenim
1799 4479 1841 4532 si
1874 4479 2056 4548 ipsisa

2174 4485 2372 4537 κοποιοὶ
2403 4484 2512 4536 τῶν
2554 4483 2800 4554 ἀστέρων
2842 4483 2938 4552 τῆς
2970 4481 3177 4534 ἐαυτῶν
3217 4481 3483 4553 πονηρίας
3522 4482 3614 4536 ἐπὶ
3654 4482 3748 4534 τὸν

485 4588 678 4632 natura
729 4576 869 4630 inest
920 4574 1143 4640 malum,
1173 4571 1424 4627 conditor
1453 4571 1568 4641 ipse
1609 4570 1712 4625 erit
1761 4570 1886 4624 mali
1933 4571 2062 4626 clle-

481 4680 600 4724 ctnr
632 4711 644 4723 .
680 4667 726 4722 si
774 4683 902 4722 vero
952 4681 1045 4721 sua
1091 4673 1284 4736 sponte
1334 4672 1390 4718 et
1438 4663 1713 4720 voluntate
1746 4665 1904 4720 mala:
1938 4681 2062 4720 eva-

480 4763 636 4826 dunt,
675 4762 908 4832 primum
953 4761 1169 4831 quidem
1219 4757 1471 4812 animalia
1515 4765 1674 4812 erunt
1710 4757 1940 4829 eligendi
1981 4759 2060 4814 fa-

478 4856 683 4912 cultate
732 4855 979 4924 prmdita,
1013 4853 1190 4908 soluto
1243 4866 1307 4905 ac
1359 4850 1527 4905 libero
1571 4850 1775 4920 impetu
1820 4852 2058 4918 utentia;

479 4949 530 5001 id
560 4950 700 5017 quod
727 4950 793 5003 de
823 4947 1134 5003 iuanimatis
1159 4945 1406 4999 ementiri
1435 4959 1499 4998 ac
1523 4943 1744 5015 ﬁngere,
1773 4945 2062 4999 dementia:

479 5053 702 5093 summa:
745 5047 848 5092 est.
903 5037 1100 5092 Deinde
1129 5043 1392 5105 quantum
1436 5047 1467 5086 a
1517 5033 1726 5088 ratione
1772 5033 2054 5100 abhorret,

479 5129 678 5183 malum
732 5139 825 5183 aut
873 5131 1070 5184 bonum
1108 5141 1213 5180 non
1249 5138 1348 5193 pro
1383 5122 1577 5176 merito
1625 5122 1821 5192 cuique
1870 5123 2054 5177 distri-

547 5287 662 5359 (29)
690 5286 918 5359 Codices
951 5295 1184 5359 quatuor
1205 5289 1316 5350 τοῖς
1342 5287 1640 5359 ἀραχνίοις.
1671 5285 1803 5359 Reg.
1829 5297 2053 5359 octavus

473 5357 588 5422 τοῖς
633 5357 962 5428 ἀραχνείοις.
1021 5358 1330 5428 ΕιΙὶιίΑειιιιι
1386 5357 1519 5428 Reg.
1579 5357 1738 5411 tertio
1784 5359 1898 5428 τοῖς
1942 5357 2052 5410 τῶν

474 5425 1113 5500 ἀραχνίωνύφάσμασιν,
1156 5425 1324 5500 ίϐοἱεΙ.
1366 5425 1574 5500 primus
1619 5427 1889 5500 toi;th
1919 5429 2053 5499 ἀρα-

473 5497 619 5570 χνῶν
651 5499 744 5567 ὑφ.
773 5497 941 5552 (Σοὶειζ
967 5499 1241 5570 secundus
1262 5499 1374 5561 τοῖς
1403 5497 1511 5550 τῶν
1534 5497 1836 5569 ἀραχνείων
1869 5498 1962 5567 ὑφ.

548 5569 659 5635 (30)
683 5572 924 5632 Quatuor
947 5582 1077 5621 mss.
1111 5568 1389 5621 ἐκπίπτει.

547 5639 657 5706 (51)
701 5638 924 5709 Codices
954 5638 1399 5709 quatuorJtdvov.
1431 5638 1607 5709 Editio
1635 5639 1798 5693 Basil.
1850 5639 2047 5709 μόνων.

549 5702 670 5779 (52)(
699 5707 852 5779 (Julb.
885 5702 1153 5779 secundus
1179 5702 1422 5779 ᾖκυρία.
1455 5707 1730 5779 Mox_editi
1761 5702 1882 5764 cum
1916 5710 2049 5772 lteg.

480 5776 711 5832 secundo
745 5776 832 5846 δή.
868 5777 972 5832 Alii
996 5776 1228 5846 quatuor
1261 5776 1389 5834 m'ss.
1440 5779 1516 5832 δέ.
1570 5777 1762 5836 Statim
1803 5779 2044 5836 Contbcf.

2167 4580 2470 4648 ποιήσαντα
2501 4577 2696 4641 αὐτοὺς
2733 4577 2828 4646 τὴν
2877 4577 3055 4630 αἰτίαν
3107 4574 3509 4648 μετατιθέασιν.
3551 4577 3612 4628 Εἰ
3647 4576 3750 4646 μὲν

2167 4667 2274 4739 γὰρ
2299 4669 2363 4719 ἐκ
2404 4667 2617 4736 φύσεως
2650 4667 2828 4720 αὐτῶν
2854 4667 2914 4720 τὸ
2941 4666 3128 4732 κακὸν,
3155 4668 3182 4718 ὁ
3219 4666 3552 4738 δημιουργὸς
3595 4666 3747 4719 ἔσται

2165 4753 2259 4806 τοῦ
2295 4754 2467 4808 κακοῦ
2525 4757 2784 4827 ποιητής⁹
2821 4757 2867 4808 εί
2906 4755 2964 4808 δέ
3013 4756 3332 4826 προαιρέσει
3383 4756 3744 4818 κακύνονται,

2169 4845 2384 4918 πρῶτον
2426 4848 2526 4920 μὲν
2554 4848 2708 4903 ἔσται
2743 4847 2856 4913 ζῶα
2887 4849 3266 4920 προαιρετικά,
3303 4849 3624 4920 λελυμέναις
3653 4851 3749 4902 καὶ

2167 4939 2653 5012 αὐτοκρατορικαῖς
2699 4944 2818 5004 ταῖς
2861 4943 3056 5011 ὁρμαῖς
3100 4943 3444 5011 κεχρημένα·
3481 4942 3509 4994 ὃ
3552 4943 3747 5013 μανίας

2166 5034 2314 5087 ἐστὶν
2344 5035 2602 5088 ἐπέκεινα
2635 5034 3063 5104 καταψεύδεσθαι
3095 5035 3206 5086 τῶν
3239 5033 3483 5105 ἀψύχων.
3518 5037 3751 5088 Ἔπειτα

2167 5125 2332 5180 πόσον
2366 5127 2426 5180 τὸ
2471 5127 2686 5196 ἄλογον,
2731 5127 2790 5180 τὸ
2824 5127 2991 5181 κακὸν
3026 5127 3118 5180 καὶ
3153 5127 3214 5178 τὸ
3254 5127 3458 5195 ἀγαθὸν
3499 5128 3573 5200 μὴ
3607 5129 3752 5182 κατά

2165 5303 2286 5361 eum
2341 5289 2461 5345 aliis
2505 5291 2746 5361 quinque
2787 5305 2917 5346 mss.
2969 5290 3396 5361 προσάπτουσιν.
3437 5291 3580 5348 Editi
3623 5307 3749 5348 cum

2161 5359 2316 5415 Colb.
2345 5365 2584 5416 secundo
2608 5359 2992 5416 συνάπτουσιν.

2234 5431 2371 5502 (55)
2397 5431 2488 5486 Sic
2521 5433 2759 5502 quinque
2789 5448 2920 5502 mss.
2965 5430 3104 5484 Editi
3151 5446 3279 5502 vero
3310 5433 3403 5487 ἐπὶ
3439 5436 3580 5498 ταῖς.
3619 5433 3746 5488 Sta-

2162 5499 2255 5585 tim
2285 5499 2523 5572 quinque
2538 5499 2685 5557 iussi
2708 5501 2829 5556 καθ’
2866 5501 2926 5555 ὃν
2957 5500 3351 5574 ἐπεμαρτύρει.
3397 5505 3535 5560 Editi
3566 5507 3748 5576 ἐμαρ-

2159 5587 2334 5626 τυοει.

2374 5641 2526 5715 Coll).
2567 5643 2839 5715 secundus
2880 5640 3061 5697 αὐτῶν
3095 5644 3342 5708 ἐκείνοις.
3374 5643 3514 5715 Lege
3541 5643 3746 5701 Morel-

2163 5711 2272 5768 lutit
2307 5713 2360 5768 in
2385 5713 2529 5768 hunc
2564 5713 2758 5768 locum.
