4082 6218
395 382 498 438 133
1497 376 1790 435 HOMILIA
1829 377 1891 434 Vl
1923 375 1990 432 IN
2028 376 2530 436 HEXAEMERON.
3554 393 3656 451 15.1.

389 503 489 574 τὴν
533 497 696 565 ἀξίαν
738 476 1016 569 διανέμειν
1060 498 1306 571 ἑκάστῳ,
1352 500 1467 555 ἀλλ’
1512 501 1698 574 ἐπειδὴ
1749 503 1807 554 ὲν
1853 500 1972 572 τῷδε

2093 500 2282 564 buere,
2318 503 2558 570 adeoque
2591 503 2855 575 proﬁteri,
2889 504 3008 562 ideo
3047 506 3256 565 stellam
3295 525 3415 567 esse
3449 513 3652 570 beneﬁ-

399 593 470 664 τῷ
513 592 664 662 τόπῳ
713 591 961 660 γέγονεν,
1000 592 1329 661 ἀγαθοποιὸν
1381 593 1646 666 ὑπάρχειν
1696 596 1833 667 ('55),
1882 597 1972 649 καὶ

2079 605 2220 656 cam,
2251 593 2382 660 quia
2441 593 2494 646 in
2552 595 2653 649 hoc
2705 595 2822 651 loco
2867 606 2996 662 stat,
3031 607 3102 665 et,
3137 603 3390 670 quoniam
3439 606 3508 661 ab
3555 610 3654 662 hac

397 682 580 754 ἐπειδὴ
617 681 721 734 ὑπὸ
761 680 916 734 τοῦδε
967 683 1183 754 ὁρᾶται,
1236 685 1532 738 κακοποιὸν
1593 685 1838 754 γίνεσθαι
1885 685 1972 739 τὸν

2077 683 2432 752 conspicitur,
2467 685 2675 742 idcirco
2721 703 2841 743 eam
2887 692 2999 746 ﬁeri
3038 693 3334 750 maleﬁcam
3372 716 3386 751 :
3419 709 3475 754 et
3506 714 3653 754 eam-

394 775 554 829 αὐτόν
573 791 587 804 ·
622 774 716 827 καὶ
743 774 962 828 ἐπειδὰν
1006 776 1170 830 πάλιν
1199 778 1394 848 μικρόν
1433 795 1485 830 τι
1516 777 1850 848 παρεκκλίνῃ
1879 776 1972 831 τοῦ

2077 774 2196 829 dem
2224 791 2432 840 rursus,
2450 787 2728 847 postquam
2749 782 3020 851 paululum
3041 786 3390 844 declinaverit
3410 806 3441 844 a
3457 793 3649 863 ﬁgura,

395 868 692 937 σχήματος,
735 868 896 933 εὐθὺς
941 868 1044 940 τῆς
1097 870 1296 934 κακίας
1338 869 1824 935 ἐπιλανθάνεσθαι;
1864 871 1972 924 Καὶ

2076 881 2189 922 sua:
2248 869 2495 935 protinus
2551 872 2796 927 oblivisci
2851 874 3242 945 malignitatis?
3292 879 3470 951 Atque
3535 885 3650 938 haac

390 957 562 1012 ταῦτα
603 959 702 1029 μὲν
748 961 828 1024 είς
873 960 1143 1016 τοσοῦτον.
1196 963 1258 1015 ΕΞ
1307 963 1364 1017 δὲ
1407 963 1528 1016 καθ’
1559 963 1790 1017 ἕκαστον
1835 963 1972 1018 ἀκα-

2076 958 2289 1027 quidem
2325 959 2604 1016 hactenus.
2629 962 2684 1016 Si
2710 978 2835 1019 vero
2864 966 3093 1036 singulis
3121 973 3380 1038 temporis
3407 988 3651 1028 momen-

389 1051 565 1120 ριαῖον
604 1049 699 1104 τοῦ
733 1052 925 1123 χρόνου
954 1055 1042 1106 ἐπ’
1074 1053 1203 1107 ἄλλο
1241 1055 1336 1108 καὶ
1363 1054 1493 1109 ἄλλο
1537 1055 1972 1128 μεθαρμόζονται

2079 1047 2147 1102 tis
2172 1047 2341 1104 stellae
2373 1049 2426 1104 in
2461 1050 2620 1106 aliam
2649 1065 2810 1123 atque
2836 1055 2995 1110 aliam
3041 1068 3471 1119 transmutantur
3511 1067 3647 1136 ﬁgu-

387 1141 612 1212 σχῆμα,
655 1144 714 1198 ὲν
774 1144 832 1196 δὲ
888 1147 1010 1208 ταῖς
1051 1148 1276 1218 μυρίαις
1326 1148 1553 1213 ταύταις
1611 1151 1970 1220 μεταϐολαῖς,

388 1233 658 1298 πολλάκις
687 1235 788 1307 τῆς
825 1237 1041 1308 ἡμέρας
1071 1239 1208 1311 (36),
1243 1243 1292 1294 oi.
1335 1241 1443 1295 τῶν
1487 1242 1778 1314 βασιλικῶν
1822 1244 1974 1313 γενέ-

386 1341 528 1379 σεων
595 1327 984 1382 ἀποτελοῦνται
1040 1334 1410 1402 σχηματισμοί
1436 1350 1448 1364 ’
1505 1333 1594 1389 διὰ
1647 1335 1700 1388 τί
1737 1315 2057 1405 οὐὶἷφτῤ

384 1417 629 1489 ἑκάστης
673 1419 887 1490 ἡμέρας
923 1421 1220 1489 γεννῶνται
1266 1424 1534 1494 βασιλεῖς;
1572 1428 1605 1498 ἢ
1635 1427 1723 1481 διά
1754 1428 1806 1481 τί
1834 1429 1970 1494 ὅλως

382 1514 657 1583 πατρικαὶ
693 1516 821 1584 παρ’
861 1515 1047 1579 αὐτοῖς
1085 1518 1190 1570 είσι
1237 1517 1512 1589 βασιλείας
1559 1521 1840 1593 διαδοχαί;
1891 1523 1966 1576 Οὐ

380 1601 556 1674 δήπου
608 1605 718 1677 γὰρ
747 1606 977 1671 ἕκαστος
1023 1608 1133 1662 τῶν
1182 1609 1449 1682 βασιλέων
1508 1616 1971 1686 παρατετηρημέ-

381 1712 490 1759 νως
522 1697 637 1768 (57)
685 1701 766 1762 εἰς
807 1699 866 1751 τὸ
909 1698 1185 1768 βασιλικὸν
1215 1703 1325 1757 τῶν
1364 1705 1608 1777 ἀστέρων
1639 1707 1824 1778 σχῆμα
1870 1706 1967 1761 τοῦ

2077 1151 2214 1206 ram,
2243 1138 2287 1193 si
2321 1138 2374 1193 in
2404 1139 2490 1195 bis
2523 1142 2822 1200 innumeris
2853 1149 3372 1207 commutationibus
3407 1168 3548 1223 saepe
3593 1156 3646 1210 in

2075 1227 2163 1283 die
2193 1229 2464 1300 regiarum
2498 1233 2840 1290 nativitatum
2876 1237 3230 1307 ﬁgurationes
3263 1243 3646 1314 perﬁciuntur;

2075 1335 2171 1374 cur
2215 1322 2441 1393 singulis
2483 1323 2671 1381 diebus
2710 1341 2816 1380 non
2867 1339 3166 1386 nascuntur
3208 1335 3400 1404 reges?
3428 1347 3523 1392 aut
3550 1353 3648 1394 cur

2075 1413 2294 1467 omnino
2356 1416 2508 1484 regni
2562 1419 2936 1475 successiones
3005 1431 3244 1491 paternae
3296 1427 3438 1496 apud
3504 1429 3649 1499 ipsos

2074 1503 2234 1558 sunt?
2267 1502 2452 1574 Neque
2501 1508 2644 1562 enim
2700 1524 2793 1564 rex
2839 1510 3065 1578 quilibet
3114 1514 3402 1586 diligenter
3443 1519 3510 1574 ad
3559 1536 3648 1576 re-

2074 1596 2220 1662 giam
2243 1597 2522 1652 stellarum
2549 1599 2796 1670 ﬁguram,
2820 1601 3022 1660 ﬁlii-sui
3049 1615 3227 1663 ortum
3250 1614 3644 1674 accommodat.

2074 1685 2207 1753 Quis
2232 1689 2375 1743 enim
2417 1692 2721 1746 mortalium
2755 1693 2874 1749 talis
2900 1697 2978 1751 rei
3012 1698 3260 1755 dominus
3296 1717 3417 1758 esse
3443 1704 3671 1772 possit?

378 1787 522 1843 ίδίου
551 1789 665 1843 υἱοῦ
689 1791 785 1863 τὴν
815 1794 1028 1862 γένεσιν
1059 1796 1367 1868 ὲναρμόζει.
1400 1800 1496 1861 Τίς
1527 1797 1635 1867 γὰρ
1666 1799 1969 1872 ἀνθρώπων

2074 1779 2353 1847 Quomodo
2368 1797 2497 1854 ergo
2514 1782 2676 1839 Ozias
2687 1787 2869 1854 genuit
2885 1787 3157 1857 Joatham,
3175 1791 3424 1849 Joatham
3439 1796 3644 1865 Achas,

2081 1872 2250 1900 ,ηιω
2284 1873 2565 1900 ηηδληκ
2623 1889 2670 1900 _.
2706 1878 2876 1900 μη---
2917 1896 2972 1900 __
3006 1882 3021 1900 .
3047 1884 3082 1900 μ
3122 1899 3160 1900 η
3242 1886 3275 1900 η
3478 1891 3504 1900 γ-
3548 1891 3559 1900 -

372 1877 577 1950 κύριος
625 1880 720 1933 τοῦ
754 1883 1030 1950 τοιούτου;
1071 1884 1196 1949 Πῶς
1235 1882 1330 1940 οὖν
1368 1884 1546 1950 Ὀζίας
1595 1887 1852 1958 ἐγέννησε
1880 1887 1972 1942 τὸν

2071 1872 2252 1928 Achas
2281 1873 2591 1943 Ezechiam,
2619 1889 2674 1933 et
2703 1878 2880 1936 nullus
2908 1896 2974 1936 ex
3006 1882 3090 1938 bis
3113 1886 3365 1940 servilem
3397 1891 3648 1944 nativita-

387 1971 472 2025 Ἰω
486 1971 668 2044 άθαμ;
711 1975 947 2047 Ἰωάθαμ
983 1977 1072 2030 τὸν
1102 1975 1279 2048 Ἀχαζ
1296 1997 1308 2041 ;
1339 1978 1515 2049 Ἀχαζ
1548 1978 1660 2049 (58)
1707 1978 1800 2032 τὸν
1828 1980 1974 2044 Ἐζε-

383 2064 557 2130 κίαν;
595 2065 688 2118 καὶ
731 2067 905 2132 οὐδεὶς
936 2071 995 2122 ἐν
1025 2069 1233 2134 τούτοις
1274 2070 1492 2142 δουλικῇ
1535 2071 1822 2141 συνέτυχεν
1854 2071 1973 2144 ὥρᾳ

374 2158 682 2229 γενέσεως;
706 2161 933 2215 Ἔπειτα
953 2164 1001 2215 εἰ
1023 2163 1116 2218 καὶ
1137 2162 1243 2216 τῶν
1269 2164 1411 2217 κατά
1431 2164 1631 2218 κακίαν
1653 2165 1747 2218 καὶ
1768 2165 1971 2238 ἀρετὴν

379 2249 784 2320 ἐνεργημάτων
829 2253 928 2306 οὐκ
965 2254 1031 2306 ἐκ
1067 2252 1161 2306 τοῦ
1209 2255 1294 2323 ἐφ’
1320 2255 1454 2326 ἡμῖν
1505 2256 1643 2307 εἰσιν
1677 2257 1733 2309 αἱ
1767 2256 1967 2326 ἀρχαὶ,

375 2341 501 2395 ἀλλ’
547 2345 611 2396 ὲκ
660 2343 762 2412 τῆς
794 2344 1060 2412 γενέσεως
1103 2346 1160 2398 αἱ
1205 2345 1462 2414 ἀνάγκαι,
1505 2347 1746 2418 περιττοὶ
1783 2346 1882 2416 μὲν
1920 2347 1968 2398 οἱ

375 2435 692 2506 νομοθέται,
732 2437 800 2490 τά
851 2437 1103 2509 πρακτέα
1141 2441 1274 2510 ἡμῖν
1309 2439 1406 2493 καὶ
1447 2439 1517 2492 τὰ
1559 2439 1768 2508 φευκτά
1806 2439 1970 2510 διορί-

378 2527 571 2590 ζοντες
624 2528 733 2598 (59)
760 2569 776 2594 ,
813 2530 1059 2601 περιττοὶ
1105 2530 1162 2583 δὲ
1212 2531 1306 2584 καὶ
1350 2531 1398 2584 οἱ
1451 2532 1729 2597 δικασταὶ,
1770 2532 1968 2603 ἀρετὴν

377 2619 680 2689 τιμῶντες,
739 2622 832 2674 καὶ
885 2621 1148 2693 πονηρίαν
1198 2623 1536 2689 κολάζοντες.
1584 2625 1658 2677 Οὐ
1714 2623 1823 2696 γὰρ
1875 2624 1967 2677 τοῦ

381 2711 617 2764 κλέπτου
655 2712 717 2763 τὸ
761 2712 1024 2784 ἀδίκημα,
1075 2715 1197 2768 οὐδὲ
1244 2715 1338 2768 τοῦ
1373 2717 1612 2784 φονέως·
1651 2711 1696 2785 ᾧ
1737 2735 1800 2786 γε
1847 2718 1967 2770 οὐδὲ

383 2800 698 2872 βουλομένῳ
746 2802 970 2857 δυνατὸν
1008 2799 1075 2875 ἦν
1121 2807 1342 2876 κρατεῖν
1389 2807 1488 2878 τῆς
1541 2806 1721 2878 χειρὸς
1770 2806 1859 2860 διὰ
1907 2806 1967 2858 τὸ

381 2894 788 2965 άναπόδραστον
817 2897 916 2966 τῆς
954 2897 1048 2950 ἐπὶ
1095 2897 1194 2960 τὰς
1227 2898 1455 2968 πράξεις
1498 2899 1662 2951 αὐτὸν
1718 2914 1966 2951 κατεπει-

380 2987 586 3057 γούσης
610 2987 871 3056 ἀνάγκης.
900 2989 1263 3042 Ματαιότατοι
1291 2989 1347 3041 δὲ
1380 2989 1597 3043 πάντων
1629 2989 1723 3042 καὶ
1756 2990 1805 3042 οί
1835 2989 1966 3060 περὶ

2072 1961 2143 2018 tis
2167 1964 2356 2018 horam
2383 1977 2573 2022 nactus
2597 1967 2716 2022 est?
2744 1966 3034 2040 Praeterea,
3059 1975 3103 2028 si
3137 1976 3393 2032 vitiorum
3412 1991 3506 2035 aut
3534 1981 3642 2036 vir-

2073 2061 2244 2108 tutum
2272 2056 2536 2126 principia
2567 2075 2674 2113 non
2701 2071 2828 2116 sunt
2871 2064 2922 2118 in
2949 2064 3103 2120 nobis
3128 2067 3254 2133 sita,
3278 2069 3373 2124 sed
3408 2082 3534 2127 sunt
3553 2089 3645 2128 ne~

2071 2145 2357 2202 cessitates
2389 2147 2459 2203 ab
2499 2159 2622 2204 ortu
2662 2154 2994 2222 pendentes;
3023 2157 3241 2214 inutiles
3274 2171 3400 2216 sunt
3432 2162 3648 2233 legisla~

2073 2245 2237 2306 tores,
2269 2239 2361 2308 qui
2408 2241 2562 2296 nobis
2601 2245 2806 2312 agenda
2856 2261 2920 2301 ac
2959 2247 3214 2318 fugienda
3255 2255 3643 2323 praescribunt;

2070 2329 2289 2387 inutiles
2337 2348 2552 2402 quoque
2581 2335 2810 2404 iudices,
2852 2340 2942 2409 qui
2973 2341 3228 2397 virtutem
3274 2344 3497 2412 honore,
3539 2347 3640 2420 57

2069 2422 2257 2477 vitium
2281 2427 2459 2494 ptenis
2493 2426 2750 2483 alliciunt.
2776 2429 2892 2484 Non
2923 2433 3066 2487 enim
3095 2433 3231 2489 furis
3256 2447 3340 2491 est
3367 2437 3642 2507 iniquitas,

2069 2521 2245 2586 neque
2276 2518 2590 2588 homicidae;
2619 2523 2708 2590 qui
2733 2539 2799 2577 ne
2825 2525 3010 2580 volens
3033 2527 3249 2595 quidem
3281 2539 3493 2599 poterat
3526 2549 3641 2587 ma-

2069 2622 2198 2660 num
2261 2609 2578 2675 continere,
2649 2613 2718 2666 ob
2787 2613 3190 2671 ineluctabilem
3264 2622 3640 2676 necessitatem

2068 2698 2241 2768 ipsum
2287 2702 2353 2756 ad
2401 2704 2664 2772 agendum
2710 2706 3096 2774 impellentem.
3135 2710 3426 2766 Vanissimi
3461 2727 3638 2768 autem

2068 2790 2308 2844 omnium
2357 2801 2487 2846 sunt
2522 2794 2613 2862 qui
2651 2803 2797 2851 artes
2831 2798 3085 2852 excolunt
3114 2817 3128 2852 ;
3163 2800 3361 2870 quippe
3399 2801 3638 2874 frugibus

2069 2881 2364 2936 abundabit
2407 2884 2662 2953 agricola,
2699 2887 2912 2942 tametsi
2959 2904 3134 2958 neque
3175 2891 3383 2946 semina
3425 2893 3482 2948 in
3530 2905 3637 2950 ter-

2067 2989 2183 3028 ram
2227 2975 2464 3046 dejiciat,
2501 2994 2673 3048 neque
2721 2979 2912 3037 falcem
2960 2994 3208 3038 exacuat.
3251 2984 3517 3042 Mercator
3554 2988 3637 3042 iti-

379 3075 482 3139 τὰς
509 3076 702 3147 τέχνας
736 3077 1057 3148 πονούμενοι
1077 3095 1089 3108 ’
1127 3079 1242 3131 ἀλλ’
1267 3076 1554 3149 εύθηνήσει
1594 3079 1692 3149 μὲν
1719 3079 1747 3130 ὁ
1789 3094 1964 3149 γεωρ-

2071 3067 2211 3135 dem,
2260 3069 2410 3133 velit,
2445 3072 2599 3138 nolit,
2647 3087 2808 3143 supra
2860 3075 3077 3130 modum
3131 3078 3378 3143 ditescet,
3428 3079 3539 3135 fato
3591 3083 3638 3135 ei

379 3169 512 3238 γδς,
549 3171 685 3240 μήτε
740 3171 1030 3242 σπέρματα
1084 3170 1452 3237 καταϐάλλων,
1501 3171 1640 3243 μήτε
1688 3171 1960 3243 δρεπάνην

2071 3174 2195 3230 opes
2243 3174 2620 3219 coacervante.
2674 3164 2878 3236 Magum
2937 3179 3115 3222 autem
3160 3171 3261 3226 illae
3299 3173 3637 3228 Christiano-

379 3259 720 3333 θηξάμενος·
766 3263 1201 3334 ὑπερπλουτήσει
1233 3263 1289 3316 δὲ
1327 3264 1355 3316 ὁ
1395 3263 1655 3334 ἔμπορος,
1691 3263 1792 3317 κᾶν
1839 3263 1960 3330 βού-

2071 3265 2184 3304 rum
2218 3266 2343 3320 spes
2375 3265 2765 3310 evanescentes
2797 3258 3046 3314 excident
3090 3261 3265 3326 nobis.
3308 3279 3428 3319 cum
3463 3281 3635 3335 neque

379 3351 575 3423 ληται,
626 3353 725 3406 κᾶν
775 3355 884 3424 μὴ,
928 3355 1029 3425 τῆς
1075 3356 1413 3428 εἱμαρμένης
1463 3355 1612 3426 αὐτῷ
1679 3355 1961 3428 συναθροι-

2071 3339 2266 3406 iustitia
2320 3344 2615 3400 honoribus
2669 3347 2791 3403 ullis
2842 3348 3129 3418 aﬂiciatur,
3156 3368 3331 3424 neque
3385 3358 3634 3427 puniatur

383 3440 586 3512 ζούσης
612 3443 681 3497 τά
705 3445 980 3515 χρήματα.
1011 3447 1076 3498 Αἱ
1112 3446 1169 3499 δὲ
1207 3447 1439 3518 μεγάλαι
1481 3447 1590 3501 τῶν
1620 3449 1959 3520 Χριστιανῶν

2071 3442 2377 3504 peccatum,
2425 3445 2710 3507 propterea
2758 3443 2901 3510 quod
2944 3443 3077 3498 nihil
3112 3445 3182 3498 ab
3217 3447 3524 3504 hominibus
3574 3450 3634 3503 li-

381 3535 596 3598 ἐλπίδες
629 3535 852 3606 φροῦδαι
882 3537 991 3607 (40)
1034 3540 1166 3608 ἡμῖν
1199 3540 1537 3610 οἰχήσονται,
1581 3539 1706 3594 οὗτε
1751 3541 1958 3595 δικαιο-

2071 3525 2195 3580 bero
2243 3526 2408 3580 animi
2448 3530 2727 3597 [ιι-οροεὶιο
2776 3541 2985 3602 agatur.
3023 3533 3159 3588 Nam
3201 3536 3290 3591 ubi
3337 3541 3636 3595 necessitas

382 3627 552 3697 σύνης
583 3628 920 3699 τιμωμένης,
950 3627 1073 3682 οὔτε
1125 3633 1592 3704 κατακρινομένης
1639 3633 1739 3703 τῆς
1777 3635 1957 3706 ιὶιμαρ⁴

2071 3625 2117 3670 et
2154 3616 2321 3671 fatum
2362 3617 2693 3686 dominatur,
2729 3622 2800 3677 ibi
2847 3623 3129 3694 dignitatis
3163 3627 3452 3698 meritique
3494 3633 3634 3692 ratio

381 3721 522 3786 τίας,
547 3720 634 3774 διά
660 3721 723 3774 τὸ
756 3722 922 3792 μηδὲν
962 3722 1103 3776 κατὰ
1136 3725 1465 3795 προαίρεσιν.
1485 3725 1590 3778 ὑπὸ
1621 3725 1729 3779 τῶν
1757 3727 1960 3798 ἀνθρώ-

2071 3709 2270 3766 nullum
2317 3709 2492 3764 locum
2543 3713 2706 3768 habet
2746 3732 2759 3767 :
2803 3715 2858 3769 id
2896 3716 3038 3784 quod
3089 3726 3264 3772 tamen
3304 3721 3631 3788 praecipuum

382 3828 502 3865 πων
547 3812 931 3876 ἐπιτελεῖσθαι.
973 3815 1148 3867 Ὅπου
1202 3815 1310 3887 γὰρ
1358 3817 1569 3888 ἀνάγκη
1619 3819 1713 3870 καὶ
1759 3821 1958 3890 είμαρ-

2071 3801 2187 3866 iusti
2226 3802 2410 3871 judicii
2447 3803 2850 3861 fundamentum
2885 3819 2990 3863 est.
3025 3807 3089 3864 Et
3117 3810 3332 3878 quidem
3377 3812 3632 3868 adversus

384 3908 521 3976 μένη
557 3907 766 3978 κρατεῖ,
804 3907 1057 3978 οὐδεμίαν
1091 3907 1202 3978 ἔχει
1249 3907 1430 3981 χώραν
1466 3910 1526 3962 τὸ
1555 3911 1692 3982 πρὸς
1725 3912 1901 3978 ἀξίαν,
1931 3911 1960 3964 ὃ

2071 3895 2184 3950 illos
2229 3896 2526 3964 hucusque.
2559 3896 2746 3970 Neque
2772 3901 2916 3956 enim
2954 3904 3134 3958 verbis
3177 3904 3420 3974 pluribus
3461 3911 3632 3980 egetis

380 3997 484 4068 τῆς
535 3999 929 4072 δικαιοκρισίας
990 3999 1269 4071 ἐξαίρετόν
1325 4002 1462 4054 ἐστι.
1509 4002 1619 4056 Καὶ
1669 4004 1806 4074 πρὸς
1859 4005 1959 4074 μὲν

2071 3997 2178 4053 vos,
2211 3988 2301 4059 qui
2353 3989 2565 4046 scilicet
2609 4006 2641 4046 a
2682 3993 2834 4050 vobis
2880 3995 3011 4066 ipsis
3057 4011 3202 4060 sanae
3244 4001 3438 4055 mentis
3467 4003 3628 4058 sitis:

381 4089 623 4155 ἐκείνους
651 4091 746 4146 ἐπὶ
771 4091 1040 4145 τοσοῦτον.
1066 4091 1200 4146 Οὔτε
1226 4093 1335 4164 γάρ
1370 4093 1529 4163 ὑμεῖς
1564 4092 1822 4147 πλειόνων
1849 4095 1960 4148 δεῖ·

2071 4097 2237 4151 neque
2262 4092 2475 4154 tempus
2502 4084 2643 4140 ultra
2673 4086 2887 4142 modum
2923 4089 3182 4146 adversus
3207 4105 3301 4147 eos
3331 4093 3506 4148 invehi
3537 4111 3633 4150 nos

383 4181 478 4234 σθε
505 4182 612 4253 (41)
634 4183 807 4252 λόγων
840 4187 968 4257 παρ’
993 4184 1202 4238 ἑαυτῶν
1223 4185 1582 4253 ὑγιαίνοντες,
1615 4185 1642 4238 ὃ
1671 4203 1730 4239 τε
1767 4186 1958 4259 καιρὸς
2060 4178 2208 4234 sinit.

381 4272 487 4324 οὐκ
521 4271 759 4328 ἐνδίδωσι
794 4275 939 4346 πέρα
969 4273 1062 4327 τοῦ
1100 4274 1300 4346 μέτρου
1331 4274 1469 4346 πρὸς
1505 4273 1704 4336 αὐτοὺς
1737 4274 1956 4328 ἀποτεί-

384 4364 584 4418 vso-0m.
860 4403 868 4410 -

454 4453 510 4510 8.
549 4455 693 4525 Πρὸς
719 4456 776 4508 δὲ
809 4457 878 4510 τά
914 4457 1040 4527 ἑξῆς
1067 4456 1174 4510 τῶν
1210 4455 1469 4528 ῥημάτων
1499 4453 1610 4525 (42)
1651 4453 1957 4508 ἐπανέλθω-

2133 4453 2186 4509 8.
2215 4453 2332 4509 Jam
2377 4455 2443 4510 ad
2490 4458 2649 4512 verba
2702 4461 3084 4528 consequentia
3134 4462 3434 4518 redeamus.
3487 4463 3631 4522 Sim,

389 4563 506 4616 μεν.
537 4549 868 4614 Ἔστωσαν,
909 4549 1095 4620 φησὶν,
1144 4551 1232 4616 εἰς
1269 4547 1506 4618 σημεῖα,
1557 4547 1655 4602 καὶ
1703 4551 1790 4611 είς
1824 4565 1972 4626 acth

2071 4548 2259 4616 inquit,
2300 4549 2356 4601 in
2404 4550 2578 4619 signa,
2625 4560 2673 4603 et
2723 4550 2779 4604 in
2832 4557 3086 4620 tempora,
3125 4562 3172 4605 et
3220 4555 3275 4607 in
3311 4556 3441 4618 dies,
3473 4567 3519 4607 et
3574 4555 3630 4606 in

374 4638 547 4707 ροὺς,
574 4640 671 4694 καὶ
700 4644 784 4706 εὶς
824 4641 1069 4710 ἡμέρας,
1100 4640 1200 4695 καὶ
1233 4643 1318 4706 είς
1354 4639 1684 4704 ἐνιαυτούς.
1725 4626 1951 4710 Εἴρηται

2071 4657 2226 4694 annos
2256 4641 2322 4694 “.
2359 4641 2570 4695 Dictum
2615 4651 2702 4695 est
2755 4658 2784 4694 a
2831 4642 2986 4697 nobis
3031 4644 3098 4698 de
3139 4645 3327 4713 signis.
3364 4644 3626 4713 Tempora

387 4731 513 4801 ἡμῖν
554 4731 620 4785 τά
669 4734 797 4798 περὶ
839 4733 946 4786 τῶν
980 4732 1240 4804 σημείων.
1287 4731 1526 4802 Καιροὺς
1567 4730 1624 4783 δὲ
1670 4730 1951 4801 ἡγούμεθα

2071 4746 2235 4789 autem
2265 4745 2516 4804 putamus
2542 4735 2645 4789 dici
2681 4736 2824 4805 ipsas
2865 4747 3240 4807 tempestatum
3277 4740 3625 4805 mutationes,

382 4820 557 4890 λέγειν
610 4824 709 4887 τὰς
763 4824 869 4877 τῶν
915 4824 1073 4896 ὡρῶν
1121 4822 1450 4891 ὲναλλαγάς,
1505 4821 1806 4892 χειμῶνος,
1859 4824 1951 4875 καὶ

2071 4825 2274 4892 νήθη-πίε,
2312 4828 2474 4890 veris,
2511 4828 2712 4881 uastatis
2758 4836 2814 4881 et
2865 4829 3102 4880 autumni
3134 4846 3148 4880 :
3182 4829 3373 4898 quibus
3409 4830 3627 4882 ordina-

380 4911 574 4986 ἔαρος,
625 4916 719 4970 καὶ
765 4916 986 4988 θέρους,
1030 4916 1124 4970 καὶ
1179 4914 1532 4986 μετοπώρου·
1568 4915 1633 4980 ἃς
1684 4914 1958 4981 εὐτάκτως

2071 4928 2154 4973 tus
2189 4918 2529 4972 luminarium
2580 4929 2756 4973 motus
2802 4920 3008 4984 tribuit,
3038 4930 3095 4973 ut
3141 4936 3236 4974 nos
3275 4921 3518 4975 ordinate
3547 4920 3624 4974 I-n-

448 5083 496 5114 ⁸⁸
520 5079 658 5136 Gen.
698 5096 735 5147 ι,
774 5079 861 5134 l4.

450 5191 560 5267 (δεῖ)
599 5195 675 5277 ita
707 5204 938 5284 quatuor
985 5209 1117 5250 mss.
1161 5185 1322 5249 Editi‘
1349 5205 1474 5247 vero
1514 5192 1715 5262 ἀγαθὸν
1765 5193 1944 5266 ὑπάρ-

2126 5194 2236 5284 (5εξ)
2254 5193 2410 5284 geli);
2436 5194 2704 5284 secundus
2725 5197 2989 5284 φευκταῖα
3011 5196 3144 5278 διορέ
3173 5196 3286 5250 Mox
3317 5197 3445 5284 Reg.
3468 5215 3596 5284 quin

377 5264 533 5340 χειν,
546 5264 738 5340 minus
761 5275 926 5320 recte.
1226 5332 1237 5340 _
1399 5332 1423 5340 _
1497 5333 1509 5340 _
1579 5331 1591 5340 .
1879 5264 1890 5340 ς

2071 5281 2140 5340 ,ns
2165 5267 2218 5340 οἱ
2249 5264 2578 5329 δικάζοντες.
2620 5264 2752 5336 Reg.
2786 5277 2971 5324 sextus
3004 5264 3272 5336 τιμῶντες
3299 5264 3626 5328 καὶήκακίιν

402 5327 413 5339 ’
449 5327 818 5422 immixtis“
843 5343 1074 5422 ίιξιπιυοτ
1105 5331 1945 5422 massinissaequa???

2071 5334 2406 5422 εολίιέρνῖεςς.
2603 5403 2616 5416 .
2702 5327 2730 5336 “
2797 5405 2839 5422 ..
2903 5405 2945 5422 ..
3154 5407 3212 5422 -.
3326 5407 3466 5422 η.-.

377 5404 590 5486 indie?
620 5405 758 5460 Etliti
794 5408 1136 5486 saltemcum
1176 5403 1309 5474 Reg.
1338 5413 1530 5457 octavo
1557 5407 1773 5472 optima:
1808 5414 1946 5460 notae

2071 5475 2090 5486 κ
2124 5406 2236 5477 (40)
2279 5403 2764 5486 Codices‘qtt’ihnque
2793 5405 3004 5486 ἐλπίδες
3030 5407 3288 5486 φροῦδαι.
3326 5407 3466 5486 Ed_it_i
3498 5425 3621 5465 cum

380 5474 758 5549 miiémiﬁc
784 5469 1016 5548 ἡμέρας
1260 5469 1284 5474 “
1449 5542 1459 5549 .
1593 5469 1671 5549 ’-
1694 5540 1725 5549 ..
1759 5545 1772 5549 _

2071 5469 2183 5545 λος.
2217 5469 2426 5549 octavo
2477 5469 2696 5549 ἐλπίδες
2721 5475 2971 5549 τρροῦδοι.
3025 5469 3133 5532 Nec
3181 5469 3259 5532 iui
3302 5469 3472 5534 multo
3506 5491 3625 5549 post

450 5525 1574 5617 ’παρατετηρημένοψ
1631 5540 1782 5617 Euliti
1815 5557 1942 5617 cum

2071 5525 2203 5599 30m.
2229 5545 2256 5597 ὃ
2279 5549 2375 5617 τῆς
2405 5544 2618 5617 δικαίας
2641 5525 2890 5617 κρίέέως.

379 5611 500 5693 aliis
529 5611 660 5702 mss.
685 5611 1242 5702 fraga1€1ﬂentte‘}ng._
1264 5611 1507 5695 blox'sex
1533 5627 1662 5667 mss.
1690 5611 1784 5664 τοῦ
1814 5611 1942 5664 ἰδίου

2125 5611 2834 5702 ριὶοιιιξξὲδεεῖσθε..-
2944 5687 2970 5698 _
3055 5691 3066 5702 .
3154 5689 3178 5702 η

377 5683 886 5768 υίοῦᾏρθὲἱιίοτέιιυτ
920 5683 1342 5768 iSquinﬂeditﬁis.
1437 5751 1480 5768 Μ
1555 5753 1567 5768 ο
1627 5751 1640 5768 ’
1888 5753 1901 5768 ἱ

2086 5683 2234 5768 ’(⁷42)
2265 5685 2444 5768 gallant
2479 5685 2873 5768 t3.oroliel.négﬁ;
2902 5687 3009 5739 τῶν
3042 5689 3239 5760 ῥητῶν.
3273 5689 3405 5760 Reg.
3439 5703 3624 5746 sextus

610 5755 775 5827 Coll).
819 5757 1085 5827 secundus
1136 5751 1490 5827 ’det09t;.t__6é
1541 5751 1804 5827 ἐγέννησε
1854 5753 1942 5805 τὸν

2071 5755 2176 5826 εξῆς
2209 5751 2298 5809 τοῦ
2331 5756 2485 5824 λόγου
2511 5751 2912 5827 ἐπανέλθωμεν.

385 5821 578 5894 Ἀχαζ.
616 5825 791 5896 ’Ἄχας
813 5824 889 5879 δέ.
924 5825 1055 5896 lteg.
1081 5837 1265 5882 sextus
1287 5821 1507 5878 Ἰωάθαν
1537 5821 1594 5875 δὲ
1619 5822 1728 5876 τόν.
