4082 6218
492 293 597 352 135

1798 364 1803 369 ρ
1837 290 1894 347 s.
1938 288 2178 346 BASILII
2215 290 2429 346 mam

3641 298 3745 354 I36

492 413 685 462 strent.
729 403 817 459 Fit
856 402 1003 460 enim
1044 400 1241 468 hiems,
1272 416 1393 459 cum
1427 402 1508 458 sol
1540 402 1591 457 in
1624 403 1885 460 austrinis
1916 418 2054 458 com-

2168 404 2501 475 περιοδεύειν
2538 405 2685 475 ἡμᾶς
2723 404 2784 457 τὸ
2827 405 3156 477 τεταγμένον
3188 406 3286 479 τῆς
3329 408 3592 479 κινήσεως
3635 411 3746 465 τῶν

491 508 735 554 moratur
800 495 1064 568 partibus,
1129 510 1193 550 ac
1241 494 1469 550 multum
1517 507 1795 551 nocturnae
1860 497 2065 551 umhrm

490 594 543 645 in
580 590 663 644 his
703 587 902 643 nostris
935 587 1246 659 regionibus
1280 585 1468 643 ellicit.
1506 584 1865 653 Quamobrem
1909 585 2064 640 refri-

487 689 708 751 geratur
740 693 835 733 aer
875 686 1031 733 terra:
1074 676 1467 745 circumfusus,
1509 691 1574 731 ac
1603 692 1795 733 omnes
1831 677 2065 732 humidae

484 771 862 829 exhalationes
902 770 1049 827 circa
1096 785 1197 826 nos
1231 778 1453 839 coactae,
1485 769 1738 825 imbrium
1773 769 2063 841 frigorum-

484 882 594 933 que
618 874 674 920 et
702 865 908 920 nivium
937 863 1435 934 copiosissimarum
1469 876 1635 917 causa
1659 869 1787 916 sunt
1808 870 1862 916 et
1886 861 2059 932 origo.

484 959 555 1011 At
584 972 707 1012 cum
739 956 937 1012 iterum
972 956 1039 1010 ab
1074 954 1404 1012 australibus
1440 953 1759 1026 regionibus
1790 968 2061 1020 reversus,

486 1049 541 1104 in
574 1050 750 1105 medio
795 1047 1031 1113 steterit,
1064 1050 1199 1103 adeo
1246 1059 1306 1102 ut
1353 1060 1419 1102 ex
1463 1062 1617 1118 aequo
1654 1047 1922 1118 partiatur
1959 1047 2060 1103 diei

488 1139 773 1209 noctisque
824 1148 1033 1208 tempus
1066 1155 1079 1192 :
1111 1147 1314 1207 quanto
1361 1137 1480 1207 plus
1525 1151 1686 1207 supra
1740 1145 1898 1191 terrae
1943 1136 2058 1192 loca

486 1240 881 1296 commoratur,
914 1239 1065 1284 tanto
1100 1229 1375 1284 meliorem
1428 1229 1742 1298 temperiem
1782 1240 1877 1296 per
1917 1227 2062 1283 vices

488 1326 722 1382 reducit.
770 1326 948 1393 Atque
982 1338 1075 1379 ver
1114 1324 1340 1386 accedit,
1375 1320 1625 1376 omnibus
1658 1321 1873 1390 quidem
1907 1319 2059 1389 plan-

489 1418 558 1474 tis
611 1416 948 1485 germinandi
1006 1425 1220 1480 auctor,
1272 1414 1559 1469 arboribus
1619 1428 1748 1469 vero
1814 1412 2060 1484 plurimis

488 1508 844 1565 reviviscendi
883 1522 1070 1563 ansam
1118 1506 1385 1577 praebens,
1418 1505 1777 1575 omnibusque
1807 1502 2059 1559 animali-

484 1603 589 1658 bus
642 1611 754 1656 tum
806 1599 1158 1656 terrestribus
1212 1607 1324 1654 tum
1370 1596 1697 1669 aquatilibus
1748 1610 1844 1667 per
1892 1596 2059 1666 prolis

485 1692 886 1748 succebsionem
917 1706 1088 1761 genus
1129 1705 1438 1748 asservans.
1474 1690 1613 1747 Hinc
1642 1700 1822 1746 autem
1847 1688 1959 1760 jam
1992 1689 2058 1744 ad

2168 497 2468 568 φωστήρων
2517 497 2764 569 παρέχει.
2814 499 3035 569 Χειμὼν
3081 500 3180 570 μὲν
3211 500 3318 572 γὰρ
3362 500 3594 569 γίνεται,
3630 505 3745 567 τοῖς

2166 586 2359 651 νοτίοις
2390 587 2578 659 μέρεσι
2610 590 2703 643 τοῦ
2732 589 2880 662 ἡλίου
2913 591 3442 664 προσδιατρίϐοντος,
3479 572 3743 649 καῖ’πολὶδ

2163 679 2225 732 τὸ
2267 681 2578 753 νυκτερινὸν
2631 683 2874 754 σκίασμα
2921 685 3049 755 περὶ
3096 684 3190 738 τὸν
3235 683 3356 739 καθ’
3397 688 3547 758 ἡμᾶς
3583 687 3746 743 τόπον

2164 769 2587 835 ὰποτελοῦντος·
2618 771 2759 826 ὥστε
2791 773 3202 846 καταψύχεσθαι
3239 776 3336 847 μὲν
3360 777 3452 831 τὸν
3486 779 3613 849 περὶ
3639 770 3747 850 γῆν

2165 862 2336 935 ἀέρα,
2380 864 2562 930 πάσας
2602 866 2660 920 δὲ
2696 866 2795 932 τὰς
2828 867 3001 939 ὑγρὰς
3050 869 3441 941 ἀναθυμιάσεις
3496 888 3747 924 συνιστα-

2168 956 2335 1026 μένας
2384 958 2515 1029 περὶ
2563 959 2741 1030 ἡμᾶς,
2792 959 3011 1032 ὄμϐρων
3050 978 3112 1014 τε
3148 962 3328 1017 αἰτίαν
3368 963 3464 1016 καὶ
3516 962 3745 1034 κρυμῶν

2164 1050 2260 1104 καὶ
2314 1051 2533 1122 νιφάδος
2561 1052 2872 1123 ’ἀμυθήτου
2925 1054 3206 1127 παρέχειν.
3243 1054 3493 1109 Ἐπειδὰν
3542 1055 3600 1107 δὲ
3645 1057 3745 1109 έπ-

2164 1138 2328 1194 ανιὼν
2363 1140 2524 1196 πάλιν
2551 1141 2660 1195 ἀπὸ
2688 1142 2797 1195 τῶν
2832 1141 3222 1214 μεσημϐρινῶν
3255 1143 3471 1215 χωρίων
3515 1143 3610 1197 ἐπὶ
3647 1143 3743 1197 τοῦ

2168 1232 2332 1303 μέσου
2379 1233 2631 1305 γένηται,
2680 1232 2822 1287 ὥστε
2872 1234 3049 1300 ὲξίσου
3109 1234 3354 1307 μερίζειν
3401 1238 3558 1291 νυκτὶ
3605 1235 3745 1308 πρὸς

2163 1323 2377 1395 ἡμέραν
2402 1323 2494 1376 τὸν
2533 1325 2743 1396 χρόνον,
2773 1326 2882 1396 ὅσῳ
2924 1326 3104 1380 πλεῖον
3140 1328 3254 1390 τοῖς
3300 1325 3441 1399 ὑπὲρ
3493 1328 3595 1397 γῆς
3627 1328 3741 1398 (45)

2163 1415 2569 1487 προσδιατρίϐει
2605 1417 2809 1481 τόποις.
2837 1418 3077 1490 τοσούτῳ
3108 1418 3246 1473 κατὰ
3277 1418 3442 1490 μέρος
3479 1419 3747 1488 ἐπανάγει

2163 1507 2260 1578 τὴν
2304 1508 2622 1579 εὐκρασίαν.
2659 1510 2771 1564 Kal
2817 1510 3025 1579 γίνεται
3074 1509 3195 1580 έαρ,
3241 1512 3376 1564 πᾶσι
3426 1511 3521 1582 μὲν
3554 1514 3744 1582 φυτοῖς

2161 1598 2260 1669 τῆς
2300 1597 2647 1672 βλαστήσεως
2676 1602 2940 1673 ἀρχηγὸν,
2975 1602 3209 1674 δένδρων
3244 1602 3301 1656 δὲ
3334 1603 3447 1666 τοῖς
3471 1603 3745 1668 πλείστοις

2162 1690 2401 1762 παρέχον
2461 1692 2560 1765 τὴν
2616 1693 2932 1759 ἀναϐίωσιν,
2992 1693 3152 1759 ζώοις
3204 1693 3261 1749 δὲ
3308 1694 3585 1766 χερσαίοις
3643 1696 3743 1750 καὶ

485 1789 773 1845 solstitium
799 1788 1048 1845 aestivum
1075 1801 1265 1843 versus
1287 1786 1460 1857 ipsum
1484 1786 1907 1857 septentrionem
1936 1797 2054 1853 per-

2161 1748 2402 1855 ὲνύδροις
2442 1748 2612 1838 ἆτέασι
2639 1784 2699 1837 τὸ
2744 1785 2898 1854 γένος
2919 1748 3202 1856 ’φυλάσσον
3246 1748 3583 1859 έκηττῖιςτῶν
3613 1748 3742 1842 ἑπι-

483 1896 616 1952 gens
658 1880 761 1945 sol,
798 1879 916 1934 dies
945 1878 1100 1935 nobis
1140 1879 1404 1934 maximos
1433 1878 1671 1934 adducit.
1710 1877 1775 1931 Et
1802 1876 2056 1947 quoniam

484 1975 790 2030 diutissime
832 1973 886 2026 in
929 1985 1056 2027 aere
1083 1972 1425 2038 immoratur,
1460 1968 1735 2026 torrefacit
1761 1969 1934 2037 ipsum
1970 1983 2061 2024 ae-

484 2084 598 2125 rem
644 2068 810 2139 capiti
855 2077 1041 2123 nostro
1073 2066 1462 2130 imminentem,
1495 2073 1551 2121 et
1598 2073 1797 2120 terram
1840 2078 2057 2120 omnem

485 2162 745 2227 exsiccat,
775 2165 876 2216 hoc
900 2169 1056 2230 pacto
1081 2168 1137 2215 et
1154 2159 1420 2215 seminum
1447 2158 1813 2214 maturitatem
1833 2158 2055 2229 jnvans,

486 2267 542 2312 et
592 2258 845 2311 arborum
897 2255 1107 2310 fructus
1149 2253 1215 2310 ad
1259 2253 1665 2310 concoctionem
1716 2267 1936 2323 urgens.
1988 2252 2057 2306 At

486 2360 615 2405 vero
662 2348 877 2418 quando
932 2345 1383 2417 ﬂagrantissimus
1438 2353 1522 2401 cst
1570 2344 1695 2410 sol,
1750 2344 1941 2400 breves
2003 2345 2056 2399 in

487 2441 713 2494 meridie
755 2439 975 2495 umbras
1006 2436 1189 2501 elIlcit,
1236 2446 1522 2507 pr0pterea
1563 2435 1706 2505 quod
1735 2449 1799 2490 ex
1828 2434 1937 2489 alto
1968 2448 2058 2490 re-

487 2533 673 2604 giones
703 2537 915 2586 nostras
938 2527 1196 2583 illustrat.
1222 2525 1358 2597 Nam
1386 2526 1606 2582 maximi
1628 2526 1743 2582 dies
1768 2524 1802 2580 ii
1831 2534 1977 2589 sunt,
2003 2525 2056 2580 in

487 2625 683 2697 quibus
715 2624 920 2681 umbra:
951 2632 1078 2680 sunt
1109 2623 1442 2693 brevissima;
1470 2639 1484 2679 :
1518 2632 1575 2678 et
1617 2631 1824 2689 contra,
1856 2621 2058 2677 brevis-

485 2719 609 2775 simi
654 2717 769 2772 dies
803 2715 839 2773 ii
882 2726 1028 2783 sunt,
1068 2715 1159 2785 qui
1195 2714 1417 2769 umbras
1450 2713 1650 2770 habent
1692 2711 2055 2782 longissimas.

484 2813 652 2881 ldque
679 2810 818 2880 apud
850 2822 950 2865 nos
979 2808 1262 2876 contingit,
1290 2808 1379 2878 qui
1406 2807 1737 2879 appellamur
1760 2806 2056 2872 heteroscii,

484 2907 688 2976 quique
746 2900 1305 2970 aquilonaresterra:
1353 2908 1535 2971 partes
1582 2898 1909 2954 habitamus.
1956 2899 2057 2955 Ve-

488 3012 606 3051 rum
657 2994 800 3050 enim
831 2996 967 3048 vero
989 3000 1116 3048 sunt
1148 2989 1408 3056 nonnulli,
1437 2991 1528 3062 qui
1560 3005 1656 3061 per
1699 2991 1834 3046 duos
1865 2991 2054 3045 unius—

2161 1875 2462 1946 γινομένων
2499 1875 2770 1947 διαδοχῆς.
2814 1876 3052 1930 Ἐκεῖθεν
3089 1877 3148 1931 δὲ
3191 1878 3292 1949 ἤδη
3343 1879 3481 1950 πρὸς
3524 1879 3742 1952 θερινὰς

2158 1965 2366 2037 τροπὰς
2414 1967 2503 2018 ἐπ’
2543 1966 2711 2038 αὐτὴν
2760 1968 2860 2039 τὴν
2902 1968 3101 2039 ἄρκτον
3137 1969 3457 2024 ἀπελαύνων
3487 1973 3516 2025 ὁ
3555 1972 3739 2044 ἥλιος,

2156 2059 2253 2124 τὰς
2302 2058 2562 2130 μεγίστας
2618 2062 2752 2131 ἡμῖν
2801 2060 2910 2115 τῶν
2954 2062 3179 2133 ἡμερῶν
3230 2063 3526 2135 παρίστησι
3576 2065 3737 2135 (44).

2158 2153 2268 2205 Καὶ
2322 2151 2411 2206 διὰ
2468 2153 2532 2206 τὸ
2583 2153 2675 2205 ἐπὶ
2730 2152 2980 2207 πλεῖστον
3040 2155 3391 2226 προσομιλεῖν
3448 2156 3527 2227 τῷ
3580 2158 3739 2229 ἀέρι,

2158 2244 2318 2298 αὐτόν
2358 2261 2417 2298 τε
2477 2245 2848 2317 καταφρύσσει
2903 2245 2992 2300 τὸν
3060 2246 3204 2317 ὑπὲρ
3275 2247 3518 2320 κεφαλῆς
3582 2249 3743 2319 ήμῶθ

2158 2333 2316 2405 ἀέρα,
2353 2334 2447 2388 καὶ
2469 2335 2568 2406 τὴν
2597 2337 2701 2407 γῆν
2722 2336 2901 2389 πᾶσαν
2924 2335 3332 2413 καταξηραίνει,
3358 2340 3472 2401 τοῖς
3489 2354 3550 2390 τε
3574 2339 3741 2410 σπέρ-

2161 2443 2324 2498 μασιν
2361 2427 2426 2481 Ex
2464 2426 2655 2481 τούτου
2701 2427 2980 2500 συνεργῶν
3037 2429 3176 2500 πρὸς
3206 2429 3305 2500 τὴν
3345 2429 3574 2501 ἂδρησιν
3601 2430 3737 2501 (45),

2158 2518 2254 2571 καὶ
2308 2518 2433 2582 τοὺς
2489 2517 2601 2571 τῶν
2669 2518 2902 2590 δένδρων
2960 2519 3210 2588 καρποὺς
3264 2521 3605 2590 κατεπείγων
3647 2522 3743 2574 ἐπὶ

2156 2609 2255 2683 τὴν
2290 2609 2479 2681 πέψιν·
2526 2611 2613 2664 ὅτε
2657 2610 2751 2664 καὶ
2786 2608 3235 2680 φλογωδέστατός
3286 2613 3434 2666 ἐστιν
3484 2613 3677 2667 ἑαυτοῦ
3710 2616 3743 2668 ὀ

2156 2701 2335 2773 ἥλιος,
2383 2702 2639 2775 βραχείας
2673 2703 2844 2757 ποιῶν
2893 2703 2993 2768 τὰς
3039 2703 3198 2769 σκιὰς
3247 2705 3340 2758 ἐπὶ
3383 2706 3482 2777 τῆς
3535 2722 3745 2778 μεσημ-

2158 2794 2339 2865 ϐρίας,
2383 2795 2470 2849 διὰ
2498 2796 2560 2848 τὸ
2601 2796 2693 2864 ἀφ’
2739 2793 2941 2867 ὑψηλοῦ
2973 2795 3063 2849 τὸν
3094 2797 3222 2867 περὶ
3256 2798 3404 2869 ἡμᾶς
3452 2799 3739 2870 καταλάμ-

2160 2904 2283 2942 πειν
2329 2887 2510 2942 τόπον.
2580 2888 2851 2958 Μέγισται
2900 2888 3009 2960 γάρ
3055 2890 3192 2943 εἰσιν
3250 2890 3495 2963 ἡμερῶν,
3542 2894 3601 2945 ὲν
3648 2887 3742 2957 αἷς

2161 2978 2496 3050 βραχύταται
2547 2979 2685 3035 εἰσιν
2720 2980 2777 3032 αἱ
2824 2979 3007 3043 σκιαὶ,
3054 2981 3148 3033 καὶ
3199 2980 3531 3053 βραχύταται
3577 2982 3739 3038 πάλιν

486 3086 747 3156 cujusque
787 3083 913 3139 anni
954 3080 1328 3157 diesomnino
1368 3082 1559 3137 umbra
1595 3089 1800 3147 carent,
1836 3080 1888 3135 in
1938 3094 2053 3134 me-

2158 3072 2388 3143 ήμέραι,
2437 3071 2493 3124 αἱ
2550 3071 2649 3135 τὰς
2701 3070 2870 3155 ⁴σκιὰς
2941 3069 3159 3142 ἔχουσαι
3218 3073 3584 3146 μακροτάτας.
3624 3076 3741 3129 Καὶ

487 3181 625 3236 ridie
653 3174 931 3234 constituti
963 3192 976 3228 :
1006 3188 1142 3244 quos
1169 3188 1201 3228 a
1231 3171 1431 3229 vertice
1462 3171 1739 3229 illustrans
1771 3172 1875 3239 sol,
1910 3173 2056 3243 ipsos

484 3288 583 3329 suo
620 3270 823 3325 lumine
849 3268 922 3323 ita
952 3282 1016 3322 ex
1058 3281 1211 3337 asque
1238 3265 1513 3321 undelibet
1541 3265 1967 3331 circumfundit,
1995 3278 2055 3321 ut

484 3365 648 3419 etiam
681 3371 964 3433 puteorum
992 3357 1379 3431 profundorum
1410 3373 1549 3428 aqua
1586 3371 1682 3428 per
1708 3366 1933 3428 angusta
1958 3373 2054 3412 ora

486 3453 819 3507 illuminetur
849 3469 862 3506 :
901 3450 1041 3505 unde
1077 3448 1295 3519 quidam
1331 3446 1452 3504 illos
1486 3455 1680 3503 vocant
1713 3437 1824 3518 58
1857 3447 2051 3503 ascios.

484 3546 685 3602 Verum
734 3543 825 3613 qui
860 3544 1003 3598 ultra
1044 3551 1245 3596 terram
1299 3539 1624 3596 odoriferam
1677 3540 1943 3608 habitant,
2001 3541 2054 3595 in

484 3646 768 3706 utramque
801 3647 1007 3706 partem
1048 3634 1321 3690 alternant
1355 3632 1596 3688 umbras.
1646 3631 1755 3687 Soli
1794 3632 1938 3687 enim
1987 3647 2055 3687 ex

455 3730 570 3785 ‘his
594 3728 686 3799 qui
719 3728 862 3784 hunc
892 3733 1137 3783 nostrum
1170 3725 1357 3780 orbem
1392 3723 1743 3779 habitabilem
1774 3722 2052 3791 incolunt,

454 3817 703 3876 ‘umbras
734 3820 787 3873 in
833 3818 1055 3874 meridie
1088 3818 1155 3870 ad
1203 3814 1471 3871 australes
1512 3822 1696 3885 partes
1743 3813 2052 3870 demittunt.

454 3909 641 3973 ,Unde
668 3923 763 3964 eos
795 3907 1011 3977 quidam
1042 3905 1362 3976 amphiscios
1408 3912 1694 3960 vocarunt.
1727 3902 1831 3959 Ubi
1872 3914 2054 3959 autem

482 4002 561 4057 sol
598 3999 711 4071 jam
741 3998 809 4053 ad
852 3998 1217 4067 aquilonarem
1265 4005 1474 4065 partem
1508 3996 1764 4062 transiit,
1798 4005 1910 4051 tum
1943 3997 2056 4052 haec

482 4091 662 4146 omnia
695 4088 846 4144 ﬁunt.
895 4088 1039 4143 Sane
1077 4095 1310 4157 quantus
1337 4086 1410 4142 sit
1450 4088 1612 4143 ardor
1655 4088 1748 4158 qui
1776 4102 1843 4142 ex
1887 4086 2054 4141 radiis

481 4182 750 4242 solaribus
777 4183 889 4238 aeri
922 4181 1163 4246 accedit,
1194 4180 1453 4251 qualesve
1485 4195 1645 4235 casus
1675 4180 1956 4250 producat,
1988 4195 2052 4235 ex

482 4276 567 4330 bis
589 4271 896 4344 conjectare
923 4272 1066 4327 licet.
1101 4270 1238 4326 Hinc
1270 4271 1513 4325 autumni
1546 4277 1758 4340 tempus
1783 4284 1880 4324 nos
1905 4271 2055 4325 exci-

478 4369 660 4439 piens,
706 4363 952 4435 infringit
996 4364 1224 4436 quidem
1260 4364 1488 4419 nimium
1533 4375 1745 4428 aestum,
1793 4362 2049 4433 paulatim

2153 3163 2312 3218 τοῦτο
2360 3163 2489 3236 παρ’
2517 3165 2650 3235 ἡμῖν
2693 3164 2818 3229 τοῖς
2873 3165 3236 3234 ἐτεροσκίοις
3272 3166 3584 3238 λεγομένοις
3620 3157 3872 3222 π

2153 3255 2223 3310 τὰ
2267 3253 2490 3327 ἀρκτῷα
2530 3255 2631 3325 τῆς
2669 3255 2783 3328 γῆς
2826 3254 3185 3328 ὲποικοῦμενο
3216 3258 3337 3311 ἐπεί
3374 3260 3481 3313 εἰσί
3523 3275 3590 3329 γε
3631 3260 3734 3332 ἤδη

2154 3348 2294 3412 τινὲς
2348 3350 2398 3401 οἱ
2454 3346 2595 3401 κατά
2653 3346 2747 3400 δύο
2800 3347 3022 3420 ἡμέρας
3074 3348 3169 3402 τοῦ
3227 3350 3428 3415 παντὸς
3486 3350 3735 3405 ἐνιαυτοῦ

2140 3438 2251 3496 καὶ
2273 3441 2452 3497 ἀσκιοι
2480 3439 2757 3504 παντελῶς
2808 3440 2951 3495 κατά
2991 3441 3089 3515 τὴν
3135 3442 3484 3515 μεσημϐρίαν
3511 3445 3737 3515 γινόμε-

2156 3551 2258 3598 νοι,
2293 3532 2390 3598 οὓς
2443 3532 2585 3588 κατὰ
2633 3533 2878 3605 κορυφῆς
2926 3534 3253 3606 ὲπιλάμπων
3285 3538 3314 3590 ὁ
3347 3537 3517 3609 ἥλιος,
3555 3536 3735 3603 ὲξίσου

2155 3624 2491 3696 πανταχόθεν
2547 3625 2925 3697 περιφωτίζει,
2959 3625 3100 3680 ὥστε
3148 3628 3244 3681 καὶ
3306 3630 3415 3683 τῶν
3476 3634 3533 3684 ὲν
3579 3630 3736 3702 βάθει

2157 3718 2407 3791 φρεάτων
2437 3717 2496 3771 τὸ
2534 3716 2679 3789 ὕδωρ
2712 3717 2801 3771 διὰ
2853 3719 3089 3792 στομίων
3130 3720 3331 3775 στενῶν
3377 3722 3734 3794 καταλάμπε-

2157 3810 2299 3863 σθαι·
2322 3809 2444 3865 ὅθεν
2476 3810 2672 3875 αὐτούς
2700 3830 2846 3877 τινες
2874 3812 2968 3866 καὶ
2989 3814 3246 3880 ἀσκίους
3283 3813 3561 3869 καλοῦσιν.
3583 3813 3652 3871 οι
3675 3816 3735 3870 δὲ

2155 3905 2410 3958 ἐπέκεινα
2434 3904 2533 3974 τῆς
2562 3905 2993 3978 ἀρωματοφόρου
3030 3906 3142 3977 (46)
3180 3908 3285 3978 γῆς
3310 3908 3397 3961 ἐπ’
3446 3906 3735 3981 ἀμῴότερα

2154 3996 2253 4061 τάς
2305 3998 2462 4061 σκιὰς
2512 3997 3004 4069 παραλλάσσουσιν.
3054 3998 3223 4052 Μόνοι
3265 3998 3374 4070 γὰρ
3416 4000 3474 4053 ὲν
3500 4002 3566 4071 τῇ
3604 3999 3731 4055 καθ’

2155 4091 2302 4160 ἡμᾶς
2327 4089 2622 4162 οἰκουμένῃ
2652 4090 2744 4142 ἐπὶ
2768 4089 2837 4143 τὰ
2858 4089 3009 4143 νότια
3058 4089 3199 4144 κατὰ
3239 4090 3339 4161 τὴν
3384 4090 3734 4164 μεσημϐρίαν

2154 4181 2255 4245 τὰς
2304 4181 2463 4244 σκιὰς
2525 4183 2969 4253 ἀποπέμπουσιν·
3008 4182 3133 4237 ὅθεν
3184 4181 3381 4246 αὐτούς
3433 4199 3576 4246 τινες
3636 4184 3735 4237 καὶ

2155 4275 2516 4345 ἀμφισκίους
2540 4274 2843 4345 ὠνόμασαν.
2875 4274 3061 4330 Ταῦτα
3094 4274 3151 4329 δὲ
3193 4275 3369 4329 πάντα
3396 4273 3531 4349 πρὸς
3562 4274 3624 4327 τὸ
3645 4273 3737 4344 βόα

2158 4383 2304 4439 ρειον
2327 4367 2492 4438 μέρος
2526 4368 2953 4440 παροδεύσαντος
2977 4369 3078 4442 ἤδη
3101 4369 3419 4438 γίνεταιτοῦ
3444 4368 3616 4441 ἡλίου.
3632 4369 3735 4423 Ἐκ

460 4465 606 4520 ,‘vero
651 4459 720 4515 de
750 4458 931 4514 calore
972 4448 1385 4524 remittens,’ex
1434 4470 1494 4515 se
1525 4472 1622 4528 per
1673 4466 2053 4528 temperaturae

2158 4457 2213 4511 δὲ
2244 4457 2450 4513 τούτων
2489 4460 2729 4526 εἰκάζειν
2766 4459 2884 4516 ἔστι
2910 4461 3010 4533 τὴν
3038 4462 3104 4517 ὲκ
3126 4461 3229 4534 τῆς
3255 4462 3487 4535 ἡλιακῆς
3514 4460 3734 4525 ἀκτῖνος

475 4705 852 4833 δίαςᾶἒὲοιι».
880 4706 1145 4761 secundus
1168 4704 1308 4776 ὑπὲρ
1333 4704 1456 4776 γῆν.
1485 4702 1687 4760 ibidem
1710 4704 1844 4776 Reg.
1867 4711 2055 4761 sextus

510 4794 760 4849 ιατριοει.

482 4919 493 4935 ν
549 4845 660 4919 (te)
700 4847 925 4903 Codices
968 4857 1091 4903 octo
1114 4847 1337 4920 ἡμερῶν
1374 4846 1705 4919 περιίστησι.
1737 4845 1877 4902 Editi
1910 4862 2053 4919 παρ-

479 4935 677 4973 ιστησι.

698 4987 921 5061 Ειιίιίίει
956 4987 1104 5061 Regii
1131 4989 1360 5061 primus,
1393 4981 1582 5061 tertius
1599 4998 1662 5061 et
1682 4988 1903 5059 quintus
1926 5002 2049 5043 cum

546 5005 659 5061 μθ)
698 5005 839 5043 mnu
866 5005 921 5042 et
956 5005 1104 5059 negt:
1170 5005 1360 5055 rimus,
1393 5005 1582 5045 teruus
1607 5005 1662 5044 et
1682 5005 1903 5059 quintus
1926 5005 2048 5043 cum

475 5059 626 5134 Colh.
658 5059 1060 5134 secundo__rrpb;
1090 5005 1188 5134 agit
1239 5060 1488 5134 ἀδρησιν.
1516 5058 1614 5134 _Ad
1640 5073 1820 5134 quam
1840 5071 2048 5134 _vocem

474 5131 849 5201 explicandam
874 5127 1215 5201 librariusiin
1249 5127 1492 5201 margine
1516 5127 1674 5197 Regii
1696 5129 1853 5201 primi
1884 5143 2048 5201 appo-

474 5195 581 5256 suit
607 5199 718 5272 illa,
747 5198 885 5270 πρὸς
926 5198 987 5272 τὸ
1036 5199 1198 5272 ἁδρὸν
1238 5201 1334 5255 καὶ
1371 5195 1942 5272 πέπειραν-γενέσθαι,
1974 5195 2049 5251 Ut

472 5286 643 5326 semen
681 5268 820 5338 bene,
844 5268 1195 5324 nutritum'sit
1237 5281 1284 5325 et
1327 5268 1610 5324 maturum.
1641 5268 2048 5338 Coierprimus

473 5343 610 5414 πρὸς
629 5340 729 5414 τῂν
761 5337 988 5411 αὔξησιν
1018 5339 1268 5414 ἆδρησιν.
1302 5340 1401 5396 Ubi
1449 5355 1605 5414 uento
1630 5354 1756 5414 _non
1784 5337 1930 5414 videt
1957 5353 2050 5391 vo-

474 5407 593 5468 cém
623 5407 852 5481 αὔξησιν
873 5407 905 5466 e
930 5407 1168 5481 margine
1198 5412 1250 5466 in
1282 5419 1485 5466 textum
1516 5410 1756 5481 ﬂuxisse.
1782 5407 2045 5481 Primum,

476 5491 535 5534 ut
580 5477 813 5545 videtur,
853 5494 957 5536 vox
1005 5477 1231 5551 αὔξησιν
1283 5482 1453 5551 posita
1507 5481 1683 5534 fuerat
1713 5477 2046 5551 inﬁmargine

480 5561 736 5619 tanquam
790 5549 1165 5620 interpretatio
1202 5551 1349 5608 vocis
1389 5549 1616 5622 ἀδρησιν
1647 5565 1662 5604 :
1697 5550 1790 5622 sed
1836 5553 2041 5617 postea,

475 5624 619 5691 quod
672 5634 779 5673 non
838 5634 962 5674 raro
1008 5622 1254 5691 contigit,
1293 5620 1552 5676 translata
1607 5620 1777 5691 estin
1817 5627 2040 5691 teritum.

474 5689 660 5766 Itaque
692 5691 985 5766 secundum
1011 5687 1675 5766 hanc'interpretationem
1702 5689 1851 5754 illud,
1879 5687 2044 5766 ἄδρη-

477 5774 578 5821 ςις,
610 5757 876 5826 signiﬁcat
905 5759 1002 5815 hoc
1024 5758 1141 5815 loco
1166 5757 1520 5830 augmentum.
1544 5761 1674 5831 Heg.
1700 5770 1883 5819 sextus
1908 5757 2042 5828 πρὸς

2159 4704 2559 4783 τὴνάδρ-υνσι-ν.
2591 4708 2754 4765 Coisl.
2791 4710 3060 4783 secundus
3081 4711 3325 4783 ἀδρυσιν.

2232 4775 2603 4853 ({6)'Editi__et
2624 4782 2836 4853 codices
2862 4775 3355 4853 multi_simpliciter
3371 4779 3474 4850 τῆς
3504 4781 3735 4853 ἀρωμα-

2161 4845 2412 4923 τοφόρου.
2444 4846 2594 4923 Coli).
2624 4851 2891 4923 secundus
2920 4861 2975 4905 et
2994 4845 3163 4923 Reg;
3184 4845 3555 4923 octavusjtﬂc'
3578 4853 3611 4905 ἀ

2166 4917 2475 5005 μαςοιξορου
2492 4918 2631 5005 γῆς.
2650 4918 2763 5005 l‘iec
2792 4919 3037 5005 fortassis
3060 4917 3218 5005 aliter
3238 4919 3364 5002 legit
3389 4917 3732 5005 Eustaihius,

2163 4989 2256 5054 qui
2302 4989 2381 5040 sic
2430 4989 2817 5057 interpretatur
2848 5008 2863 5044 :
2896 4989 2992 5044 Illi
3035 5001 3209 5045 autem
3245 4989 3334 5061 qui
3360 5001 3527 5046 .eztra
3559 5002 3731 5046 terras

2155 5055 2451 5128 odoriferos
2479 5057 2737 5113 habitant.
2780 5059 3076 5116 Carnarius
3113 5076 3244 5118 vero
3279 5060 3358 5115 sic
3389 5062 3588 5117 vertit:
3624 5061 3731 5128 Qui

2154 5138 2273 5204 vero
2304 5125 2444 5180 ultra
2473 5130 2868 5204 arogtatii'erain
2898 5130 3149 5204 Arabiam
3177 5129 3439 5204 habitant.
3464 5131 3544 5204 Ad
3580 5125 3730 5204 mar-

2153 5198 2333 5278 ginem
2359 5205 2535 5278 alitem
2566 5198 2719 5278 Begii
2738 5201 2913 5278 primi
2953 5201 3202 5278 leguntur
3234 5200 3342 5265 illa,
3378 5201 3478 5278 τῇς
3509 5200 3724 5278 Ἰνδίας,

2150 5264 2440 5346 ﬁgeret}?
2477 5268 2635 5346 νοτίῳ
2651 5264 2836 5346 ίμέρει
2885 5264 3232 5346 διακειμένης
3260 5264 3730 5346 :_q_uilius__verhis

2154 5336 2356 5412 indicat
2383 5336 2635 5412 librarius
2670 5336 2771 5412 hic
2785 5336 3090 5412 sermonem
3115 5336 3300 5412 haberi
3331 5336 3398 5412 de
3428 5340 3577 5395 lndia
3603 5356 3732 5412 qua:

2154 5406 2208 5456 in
2242 5406 2463 5482 australi
2497 5419 2650 5482 parte
2674 5411 2775 5465 sita
2793 5421 2905 5482 est.
2950 5411 2993 5465 Ε
3031 5410 3252 5482 regione
3277 5410 3569 5482 verborum
3603 5406 3729 5467 illo-

2152 5487 2293 5556 τυεην
2318 5476 2416 5556 ἐτί
2433 5476 2730 5556 ἀμφότερα,
2748 5479 2849 5556 τὰς
2867 5481 3060 5556 ,σκιᾷιςν
3084 5476 3233 5556 idem
3268 5479 3529 5556 ἰίβτπίιεε
3560 5496 3731 5556 θυρο-

2153 5496 2293 5539 rum,
2318 5496 2401 5528 επ
2433 5496 2719 5551 αμφοτερα
2748 5496 2849 5545 τας
2882 5496 3060 5544 σκιας,
3092 5496 3233 5536 luem
3268 5496 3529 5536 'tlorartus
3560 5496 3626 5547 ap
3668 5498 3731 5535 o-

2153 5545 2477 5623 suitetiila,
2506 5550 2637 5623 ποτὲ
2675 5550 2774 5621 μὲν
2791 5551 2889 5623 ferri
2938 5551 3214 5623 τὸλνᾴτιον
3257 5496 3731 5623 μέρρςκάποπὲμο

2152 5629 2312 5693 πουσι
2342 5615 2442 5693 τὰς
2469 5620 2647 5684 σκιὰς,
2676 5615 2815 5675 ’ποτὲ
2839 5621 2899 5675 δὲ
2937 5621 3031 5675 ἐπὶ
3057 5620 3119 5675 τὸ
3157 5615 3383 5693 βόρειον,
3404 5615 3572 5676 Nunc
3609 5615 3733 5691 qui-

2152 5683 2267 5763 dem
2295 5687 2364 5739 ad
2389 5683 2695 5763 australem.
2714 5709 2867 5763 nunc
2886 5708 3013 5763 pero
3045 5694 3116 5745 ad
3141 5683 3501 5763 aquilonnrem
3523 5683 3731 5762 partem

2148 5756 2361 5811 umbras
2387 5758 2683 5815 demittunt.
2712 5761 2851 5834 Lege
2882 5761 3157 5819 Ducatum.
3185 5756 3197 5763 ’
3364 5766 3369 5773 ’
