4082 6218
361 323 465 384 137

1472 327 1757 384 HOMILIA
1797 325 1866 384 VI
1904 327 1972 384 IN
2011 329 2506 388 llEXAEMERON.

3531 339 3629 394 {58

367 450 732 523 ἐγγινομένην
769 447 1015 520 πύρωσιν
1049 446 1127 519 τῷ
1155 448 1298 520 ἀέρι,
1324 449 1422 520 ὅση
1451 447 1536 512 τίς
1561 446 1701 515 ἐστι,
1737 450 1831 504 καῖ
1861 467 1955 503 πο-

2061 453 2484 510 mediocritatem
2519 453 2584 509 ad
2611 453 2844 510 hiemem
2874 470 2974 512 nos
2995 457 3130 514 citra
3161 473 3356 515 noxam
3387 460 3627 528 deducit,

370 541 555 597 ταπῶν
587 539 975 610 άποτελεστικὴ
1013 537 1127 610 (47)
1174 537 1614 610 συμπτωμάτων.
1676 537 1954 592 Ἐντεῦθεν

373 635 728 706 διαδεξαμένη
755 636 904 706 ἡμᾶς
922 631 1018 688 τοῦ
1059 631 1376 704 μετοπώρου
1409 633 1442 704 ὴ
1489 631 1626 703 ὥρα,
1657 629 1952 703 ὐποθραύει

377 730 475 800 μὲν
506 727 600 781 τοῦ
616 727 841 796 πνίγους
869 726 981 799 (48)
1003 725 1064 780 τὸ
1086 724 1442 796 ὑπερϐάλλον,
1477 723 1617 777 κατὰ
1656 721 1851 794 μικρὸν
1898 721 1956 774 δὲ

375 822 593 890 ὑφιεῖσα
617 821 716 890 τῆς
749 818 981 891 θέρμης,
1025 818 1114 872 διὰ
1139 819 1236 889 τῆς
1267 816 1410 872 κατὰ
1436 815 1533 887 τὴν
1561 817 1755 886 κρᾶσιν
1798 814 1956 885 μεσό-

370 930 533 984 τητος
548 911 802 976 ἀϐλαϐῶς
829 913 979 984 ἡμᾶς
1001 911 1068 965 δι’
1093 909 1292 981 ἑαυτῆς
1314 909 1392 980 τῷ
1413 909 1642 982 χειμῶνι
1667 906 1951 979 προσάγειο

370 1005 615 1080 δηλονότι
642 1003 736 1059 τοῦ
764 1004 918 1077 ἡλίου
954 1003 1116 1058 πάλιν
1153 1003 1262 1056 ἀπὸ
1284 1003 1392 1055 τῶν
1418 999 1804 1072 προσαρκτίων
1863 997 1955 1050 ἐπὶ

365 1098 438 1152 τά
462 1097 618 1152 νότια
648 1088 1280 1169 ὑποστρέφοντος.ᾼῦται
1301 1093 1408 1147 τῶν
1438 1091 1595 1163 ὡρῶν
1626 1091 1683 1144 αἱ
1713 1106 1957 1159 περιτρο-

369 1192 491 1256 παὶ,
543 1193 668 1255 ταῖς
713 1191 992 1261 κινήσεσιν
1035 1187 1302 1258 ἑπόμεναι
1359 1185 1452 1238 τοῦ
1496 1185 1670 1256 ἡλίου,
1711 1183 1802 1235 τὸν
1843 1181 1954 1251 βίον

367 1283 503 1353 ἡμῖν
552 1279 950 1351 οἱκονομοῦσιν.
1013 1280 1334 1332 Ἔστωσαν
1378 1274 1457 1339 δὲ,
1505 1273 1671 1344 φησὶ,
1727 1271 1826 1324 καὶ
1870 1273 1955 1336 εὶς

365 1372 617 1442 ἡμέρας·
649 1372 747 1442 οὐχ
772 1369 913 1424 ὥστε
957 1369 1171 1441 ἡμέρας
1213 1369 1407 1430 ποιεῖν,
1449 1365 1564 1419 ἀλλ’
1591 1362 1730 1417 ὥστε
1753 1362 1957 1432 κατάρ-

365 1482 483 1537 χειν
515 1464 630 1520 τῶν
660 1462 900 1535 ἡμερῶν.
940 1461 1152 1533 Ἡμέρα
1204 1459 1312 1531 γάρ
1345 1457 1439 1512 καὶ
1476 1456 1571 1524 νὺξ
1611 1454 1957 1527 πρεσϐύτερα

365 1559 465 1628 τῆς
497 1556 612 1612 τῶν
639 1558 940 1626 φωστήρων
975 1553 1260 1622 γενέσεως.
1298 1550 1467 1605 Τοῦτο
1499 1549 1608 1620 γὰρ
1628 1546 1957 1602 ἐνδείκνυται

366 1653 502 1722 ἡμῖν
537 1651 635 1704 καὶ
670 1652 698 1703 6
733 1648 946 1720 ψαλμὸς
995 1647 1189 1715 λέγων’
1227 1645 1437 1699 Ἐθετο
1467 1643 1645 1711 ἥλιον
1677 1643 1764 1706 εὶς
1793 1639 1960 1704 ἐξου-

363 1745 513 1798 σίαν
558 1742 672 1811 τῆς
705 1741 953 1811 ἡμέρας,
1001 1737 1279 1806 σελήνην
1315 1737 1415 1790 καὶ
1448 1734 1708 1802 ἀστέρας
1751 1735 1838 1798 εἰς
1859 1731 1957 1794 ἐξ·

367 1835 601 1890 ουσίαν
622 1831 731 1900 τῆς
755 1831 994 1898 νυκτός.
1049 1829 1173 1892 Πῶς
1200 1824 1292 1882 οὗν
1323 1826 1436 1897 ἔχει
1463 1824 1562 1896 τὴν
1584 1823 1833 1888 ἐξουσίαν
1861 1823 1959 1892 τῆς

2017 563 2028 576 κ
2063 545 2176 601 sole
2219 545 2474 601 videlicet
2521 561 2709 603 rursus
2752 547 2820 604 ab
2867 550 3156 620 aquiloniis
3199 554 3509 622 regionibus
3561 556 3629 611 ad

2058 639 2334 694 austrinas
2362 647 2656 694 remeante.
2697 638 2790 695 lite
2824 641 2978 712 ipsae,
3005 658 3125 713 quae
3155 645 3283 701 solis
3315 656 3519 702 motum
3543 663 3626 703 so-

2059 737 2323 799 quuntur,
2371 736 2678 799 temporum
2723 729 3144 801 vicissitudines,
3176 734 3339 789 vitam
3386 747 3627 792 nostram

2059 819 2431 875 moderantur.
2463 819 2605 888 Sint,
2631 822 2827 892 inquit,
2854 833 2901 878 et
2924 825 2980 878 in
3001 825 3135 891 dies,
3159 842 3263 882 non
3292 836 3349 883 ut
3370 829 3486 884 dies
3509 845 3631 886 con-

2059 912 2266 976 ﬁciant,
2299 915 2394 968 sed
2426 921 2486 967 ut
2510 912 2701 970 diebus
2727 916 2969 984 praesint.
3004 917 3127 972 Dies
3155 921 3298 974 enim
3338 930 3394 975 et
3419 936 3519 977 nox
3548 923 3631 976 lu-

2059 1004 2355 1059 minarium
2377 1013 2555 1060 ortum
2585 1014 3013 1064 antecesserunt.
3042 1008 3276 1081 ldipsum
3305 1013 3448 1067 enim
3475 1015 3630 1069 nobis

2058 1096 2298 1165 psalmus
2334 1097 2605 1162 declarat,
2653 1099 2705 1152 in
2741 1114 2849 1169 quo
2877 1101 3112 1155 dicitur:
3156 1103 3343 1158 Posuit
3381 1105 3541 1159 solem
3573 1107 3628 1159 in

2055 1198 2363 1256 potestatem
2405 1188 2530 1254 diei,
2582 1190 2761 1244 lunam
2801 1200 2848 1244 et
2893 1191 3069 1246 stellas
3105 1193 3160 1246 in
3192 1205 3494 1265 potestatem
3535 1215 3630 1251 no-

2058 1283 2154 1334 clis
2177 1281 2263 1335 ⁸⁸⁵.
2299 1282 2578 1349 Quomodo
2601 1285 2764 1354 igitur
2793 1286 2872 1340 sol
2904 1288 3008 1342 diei
3041 1288 3244 1344 obtinet
3272 1294 3631 1360 potestatem?

2059 1373 2191 1439 Quia
2225 1373 2395 1428 lucem
2429 1375 2480 1428 in
2509 1377 2688 1446 seipso
2717 1377 3106 1435 circumferens
3127 1421 3140 1445 ,
3169 1382 3258 1436 ubi
3289 1385 3502 1437 tandem
3535 1385 3628 1437 ho-

2060 1466 2319 1520 rizontem
2365 1474 2611 1521 nostrum
2655 1467 2819 1524 fuerit
2855 1480 3308 1541 praetergressus,
3350 1475 3628 1530 dissolutis

2062 1556 2368 1626 fugatisque
2405 1560 2646 1616 tenebris
2689 1561 2828 1616 diem
2879 1561 3055 1618 aﬂert.
3105 1565 3468 1630 Quamobrem
3523 1583 3627 1622 non

2059 1650 2346 1713 erraverit,
2378 1651 2469 1720 qui
2501 1651 2640 1706 diem
2675 1653 2746 1707 ita
2779 1653 3017 1721 deﬁniet,
3051 1666 3108 1710 ut
3141 1667 3467 1712 aerem'esse
3488 1657 3631 1712 dicat

2061 1753 2088 1790 a
2119 1738 2231 1794 sole
2273 1739 2671 1805 illuminatum,
2705 1753 2795 1796 aut
2832 1745 3090 1813 temporis
3132 1759 3471 1811 mensuram,
3524 1763 3632 1816 quo

2061 1829 2141 1883 sol
2173 1844 2336 1898 super
2371 1839 2570 1885 terram
2604 1833 2654 1886 in
2687 1834 3297 1904 nostro.hemispltaario
3323 1852 3627 1892 commora—

366 1926 589 1998 ἡμέρας
615 1927 643 1978 ὁ
666 1925 850 1996 ἥλιος;
884 1924 1006 1977 Ὅτι
1035 1923 1096 1976 τὸ
1135 1919 1249 1991 φῶς
1291 1921 1348 1974 ἐν
1392 1917 1570 1988 ἐαυτῷ
1621 1915 1953 1987 περιφέρων,

2061 1931 2166 1976 tur.
2204 1921 2308 1976 Sed
2335 1932 2388 1976 et
2420 1923 2470 1976 in
2500 1938 2672 1978 annos
2704 1925 2782 1979 sol
2809 1935 2861 1979 et
2887 1925 3008 1980 luna
3036 1929 3268 1983 ordinati
3297 1938 3444 1983 sunt.
3478 1928 3628 1984 Luna

367 2018 598 2074 ἐπειδάν
629 2036 757 2072 ποτε
788 2019 879 2072 τὸν
909 2017 1027 2070 καθ’
1056 2018 1202 2087 ἡμᾶς
1237 2013 1488 2086 ὁρίζοντα
1511 2013 1782 2084 ὑπεράρῃ,
1823 2010 1958 2081 ἠμέ-

367 2128 470 2184 ραν
509 2112 738 2184 Ἦρέχει
787 2110 1045 2173 διαλύσας
1086 2109 1154 2161 τὸ
1184 2107 1390 2170 σκότος.
1440 2105 1603 2157 Ὥστε
1631 2101 1733 2156 οὐκ
1768 2102 1833 2156 ἄν
1874 2118 1958 2164 τις

359 2174 637 2297 lituing
658 2174 874 2275 ’ἡμέραν
901 2201 1227 2272 ὁρισάμενος
1260 2184 1400 2252 εἶναι
1421 2198 1510 2251 τὸν
1543 2195 1649 2248 ὑπὸ
1673 2193 1766 2246 τοῦ
1807 2192 1956 2263 ἡλίου

361 2287 785 2367 πεφωτισμένον
815 2295 972 2366 άέραο
1022 2293 1078 2365 ἢ,
1111 2291 1320 2363 ἡμέραν
1348 2287 1486 2344 εἶναι
1534 2290 1727 2360 χρόνου
1765 2287 1960 2356 μέτρον

363 2387 420 2439 ἐν
444 2380 502 2454 ᾧ
533 2388 591 2440 ἐν
639 2386 716 2457 τῷ
750 2387 891 2458 ὑπὲρ
917 2385 1022 2456 γῆν
1044 2382 1390 2455 ἡμισφαιρίῳ
1431 2383 1458 2435 6
1478 2381 1628 2450 ἥλιος
1667 2377 1953 2448 διατρίϐει.

377 2477 548 2548 Ἀλλὰ
579 2480 672 2532 καὶ
700 2481 779 2542 εἰς
813 2478 1092 2541 ἐνιαυτοὺς
1138 2475 1442 2545 ἐτάχθησαν
1491 2473 1643 2542 ἥλιος
1670 2471 1761 2524 καὶ
1800 2470 1956 2540 σελή-

367 2586 453 2640 νη.
495 2569 698 2640 Σελήνη
746 2571 864 2640 μὲν,
921 2566 1138 2621 ἐπειδάν
1172 2565 1470 2627 δωδεκάκις
1506 2564 1596 2615 τὸν
1632 2561 1829 2630 ἑαυτῆς
1867 2562 1956 2614 ἐκ·

2057 2014 2276 2082 quidem
2309 2023 2591 2084 postquam
2621 2015 2912 2074 duodecies
2943 2031 3098 2072 suum
3131 2019 3357 2086 perfecit
3387 2033 3628 2084 cursum,

2062 2119 2260 2160 annum
2309 2108 2562 2177 peragit:
2605 2109 2708 2164 nisi
2746 2110 2887 2178 quod
2922 2124 3108 2165 mense
3143 2111 3450 2167 intercalari
3491 2127 3632 2180 δεῖρε

2063 2212 2200 2267 opus
2238 2208 2322 2253 881.
2368 2201 2435 2255 ad
2488 2211 2799 2256 accuratum
2848 2211 3224 2271 tempestatum
3278 2218 3630 2269 concursum,

2064 2289 2209 2343 velut
2243 2291 2542 2359 antiquitus
2574 2293 2808 2358 Hebraei,
2846 2304 2900 2348 et
2935 2293 3247 2349 Graecorum
3284 2295 3632 2350 vetustissimi

2065 2393 2264 2434 annum
2312 2381 2693 2437 metiebantur.
2734 2384 2923 2439 Annus’
2960 2394 3138 2439 autem
3175 2384 3390 2450 solaris,
3431 2385 3633 2439 reditus

2063 2482 2145 2526 est
2177 2472 2308 2529 solis
2337 2487 2402 2528 ex
2445 2475 2634 2531 eodem
2676 2477 2831 2546 signo
2873 2477 2924 2530 in
2969 2478 3108 2532 idem
3147 2479 3358 2548 signum
3387 2492 3484 2547 per
3511 2491 3636 2546 pro-

2065 2562 2240 2629 prium
2269 2572 2498 2619 motum.

369 2661 570 2734 τελέσῃ
622 2661 839 2732 δρόμον,
903 2657 1150 2713 ἐνιαυτοῦ
1195 2659 1310 2710 ἐστι
1354 2655 1631 2725 ποιητική·
1688 2652 1825 2721 πλὴν
1877 2653 1955 2704 ὅτι
1999 2651 2163 2722 μηνὸς
2213 2653 2509 2725 ἐμϐολίμου
2541 2656 2709 2711 δεῖται
2772 2660 3031 2724 πολλάκις
3075 2662 3206 2730 πρὸς
3269 2662 3366 2734 τὴν
3433 2662 3637 2734 ἀκριϐῆ

370 2755 488 2809 τῶν
521 2752 678 2824 ὡρῶν
722 2751 1043 2822 συνδρομὴν,
1077 2751 1152 2812 ὡς
1192 2748 1427 2819 Ἑϐραῖοι
1461 2746 1521 2799 τὸ
1568 2746 1795 2798 παλαιὸν
1841 2744 1950 2814 (41))
1991 2744 2081 2796 τὸν
2123 2745 2368 2800 ἐνιαυτὸν
2401 2743 2534 2818 ἦγον
2563 2750 2657 2804 καὶ
2684 2749 2792 2804 τῶν
2835 2751 3098 2824 Ἐλλήνων
3164 2757 3210 2806 οἱ
3268 2756 3634 2826 ἀρχαιότατοι.

383 2845 641 2908 Ἠλιακὸς
668 2844 725 2898 δέ
747 2845 892 2896 ἐστιν
932 2841 1173 2904 ἐνιαυτὸς
1213 2842 1244 2910 ἡ
1279 2839 1386 2894 ἀπὸ
1413 2838 1506 2891 τοῦ
1531 2835 1693 2890 αὐτοῦ
1725 2837 1950 2907 σημείου
1990 2837 2080 2889 ἐπὶ
2101 2836 2161 2890 16
2185 2839 2314 2892 αὐτὸ
2336 2843 2559 2912 σημεῖον
2580 2843 2721 2896 κατὰ
2743 2844 2840 2915 τὴν
2863 2847 3066 2900 οἰκείαν
3103 2847 3312 2918 κίνησιν
3357 2849 3448 2901 τοῦ
3488 2850 3638 2919 ἡλίου

373 2939 839 3001 ἀποκατάστασις.

445 3033 502 3087 9.
530 3031 635 3085 Καὶ
664 3030 954 3098 ἐποίησεν
969 3030 1163 3097 όξΘεὸς
1194 3028 1335 3093 τοὺς
1355 3027 1463 3081 δύο
1483 3024 1803 3094 φωστῆρας
1826 3022 1955 3087 τοὺς

2140 3022 2191 3076 9.
2223 3022 2291 3076 Et
2319 3023 2440 3094 fecit
2465 3024 2602 3080 Dens
2628 3031 2732 3080 duo
2757 3028 3041 3084 luntinaria
3064 3047 3252 3101 magna
3270 3033 3334 3087 ⁸⁷.
3360 3033 3490 3089 Cum
3523 3051 3637 3090 ma-

370 3123 696 3196 μενάλους.
735 3121 954 3192 Ἐπειδὴ
996 3122 1057 3175 τὸ
1117 3122 1261 3192 μέγα
1307 3119 1370 3172 τὸ
1417 3118 1513 3189 μὲν
1546 3117 1808 3170 άπόλυτον
1852 3114 1963 3184 ἔχει

375 3220 478 3290 τὴν
501 3217 728 3271 ἔννοιαν·
767 3217 843 3280 ὡς
879 3216 1052 3286 μέγας
1087 3218 1114 3268 6
1149 3211 1400 3285 οὐρανὸς,
1443 3213 1536 3265 καὶ
1577 3209 1786 3282 μεγάλη
1808 3211 1842 3278 ἡ
1868 3209 1960 3279 γῆ,

377 3311 474 3365 καὶ
525 3309 734 3381 μεγάλη
793 3308 903 3379 (50)
947 3311 979 3378 ἡ
1037 3307 1299 3373 θάλασσα·
1335 3305 1404 3359 τά
1459 3305 1516 3358 δέ
1570 3305 1645 3367 ὡς
1687 3303 1757 3356 τὰ
1794 3301 1963 3354 πολλὰ

379 3402 594 3471 πέφυκε
632 3402 769 3472 πρὸς
797 3401 979 3472 ἕτερον
1006 3400 1392 3471 ἀναφέρεσθαι,
1418 3399 1491 3460 ὼς
1529 3397 1702 3467 μέγας
1723 3398 1751 3448 6
1775 3395 1960 3460 ἵππος,

380 3494 476 3548 καὶ
505 3496 533 3547 6
561 3492 687 3564 βοῦς
711 3494 740 3545 6
772 3493 944 3563 μέγας
995 3492 1073 3562 (οὐ
1108 3490 1216 3561 γὰρ
1245 3491 1302 3544 ἐν
1329 3492 1395 3559 τῇ
1425 3487 1698 3559 ὑπερϐολῇ
1733 3486 1838 3539 τῶν
1867 3484 1960 3539 τοῦ

382 3585 634 3655 σώματος
661 3583 859 3651 ὄγκων,
884 3583 995 3636 ἀλλ’
1027 3584 1083 3636 ἐν
1107 3585 1173 3653 τῇ
1199 3579 1333 3652 πρὸς
1369 3579 1438 3633 τά
1466 3581 1626 3650 ὅμοια
1664 3576 1960 3650 παραθέσει

376 3676 478 3748 τὴν
515 3676 819 3747 μαρτυρίαν
848 3675 939 3728 τοῦ
985 3676 1245 3746 μεγέθους
1291 3676 1357 3729 τά
1388 3673 1613 3728 τοιαῦτα
1646 3673 1957 3744 λαμϐάνει)

377 3767 498 3830 πῶς
525 3767 700 3821 τοίνυν
737 3765 845 3837 (51)
878 3766 972 3819 τοῦ
996 3767 1230 3837 μεγάλου
1253 3765 1349 3836 τὴν
1379 3751 1586 3818 ἔννοιαν
1601 3761 1956 3833 ἐκδεξόμεθα;

378 3860 613 3931 Πότερον
638 3857 714 3922 ὡς
737 3859 828 3912 τὸν
851 3858 1136 3929 μύρμηκα,
1158 3857 1333 3928 anno
1353 3875 1404 3909 1t
1425 3855 1534 3910 τῶν
1551 3855 1707 3925 φύσει
1729 3853 1956 3925 μικρῶν,

269 3952 275 3958 ’
383 3951 526 4024 μέγα
559 3949 1038 4023 προσαγορεύομεν
1062 3949 1151 4003 διὰ
1182 3949 1282 4019 τὴν
1315 3948 1453 4019 πρὸς
1477 3947 1544 4000 τὰ
1564 3949 1797 4018 ὁμογενῆ
1833 3944 1960 4014 σύγ-

379 4061 561 4114 κρισιν
587 4043 684 4114 τὴν
716 4041 986 4113 ὑπεροχὴν
1031 4040 1463 4112 μαρτυροῦντες;
1505 4040 1536 4110 ἢ
1577 4037 1639 4092 16
1683 4039 1820 4108 μέγα
1863 4037 1958 4090 νῦν

379 4135 573 4200 οὕτως,
600 4136 674 4199 ὡς
725 4137 782 4189 ἐν
827 4137 895 4206 τῇ
942 4134 1121 4206 οἰκείᾳ
1147 4133 1255 4187 τῶν
1305 4133 1607 4204 φωστήρων
1644 4133 1953 4200 κατασκευῇ

380 4227 477 4280 τοῦ
510 4227 768 4296 μεγέθους
799 4226 1236 4298 ἐμφαινομένου;
1284 4225 1425 4294 Ἐγὼ
1459 4224 1556 4296 μὲν
1585 4219 1736 4294 οἶμαι
1779 4222 1952 4274 τοῦτο.

382 4321 460 4374 Οὐ
486 4319 592 4390 γάρ
620 4320 804 4390 ἐπειδὴ
836 4319 1050 4391 μείζους
1079 4319 1188 4373 τῶν
1215 4317 1551 4390 μικροτέρων
1576 4310 1852 4388 ἀστέρων,
1872 4314 1957 4367 διὰ

382 4411 539 4465 τοῦτο
571 4411 808 4481 μεγάλοιο
845 4411 958 4465 ἀλλ’
986 4410 1171 4481 ἐπειδὴ
1195 4409 1440 4463 τοσοῦτοι
1472 4409 1571 4480 τὴν
1588 4405 1952 4479 περιγραφὴν,

383 4506 522 4560 ὥστε
566 4504 813 4576 ἐξαρκεῖν
861 4504 958 4575 τὴν
1013 4505 1107 4558 ἀπ’
1139 4503 1318 4558 αὐτῶν
1360 4503 1726 4573 ἀναχεομένην
1782 4502 1955 4573 αὐγὴν

383 4598 476 4650 καὶ
502 4598 730 4668 οὐρανὸν
756 4596 1116 4667 περιλάμπειν
1148 4596 1242 4650 καὶ
1267 4596 1356 4648 τὸν
1385 4595 1542 4666 άέρα,
1570 4595 1665 4648 καὶ
1688 4593 1822 4664 ὁμοῦ
1853 4593 1955 4646 πά-

385 4704 454 4761 σῃ
490 4693 555 4760 τῇ
591 4692 660 4760 γῇ
692 4690 785 4742 καὶ
820 4691 886 4759 τῇ
917 4688 1161 4760 θαλάσσῃ
1194 4686 1779 4758 συμπαρεκτείνεσθαι.
1807 4688 1874 4740 Οἵ
1891 4702 1954 4754 γε

383 4783 523 4836 κατὰ
548 4784 652 4836 πᾶν
687 4782 850 4852 μέρος
886 4781 982 4834 τοῦ
1021 4780 1251 4852 οὐρανοῦ
1281 4780 1574 4850 γινόμενοι,
1611 4779 1705 4833 καὶ
1728 4779 1952 4833 ἀνατέλ-

381 4875 564 4938 λοντες
618 4876 712 4927 καὶ
745 4873 992 4944 δυόμενοι
1038 4874 1132 4926 καὶ
1167 4873 1229 4925 τὸ
1284 4873 1445 4943 μέσον
1490 4871 1794 4942 ἐπέχοντες,
1850 4869 1953 4923 ῖσοι

381 4962 716 5035 πανταχόθεν
746 4967 857 5028 τοῖς
897 4963 1202 5034 ἀνθρώποις
1243 4964 1648 5034 προφαίνονται,
1671 4963 1806 5033 ὅπερ
1828 4961 1960 5015 άπό-

446 5149 514 5180 ⁸⁶⁶
552 5147 696 5206 Psal.
723 5163 918 5218 cxxxv,
943 5148 998 5215 8,
1027 5148 1080 5205 9.
1156 5150 1198 5182 ⁸⁷
1238 5149 1372 5206 Gen.
1416 5165 1452 5214 ι,
1485 5150 1568 5204 16.

470 5288 562 5357 47)
599 5289 734 5359 Reg.
777 5297 960 5343 sextus
985 5289 1246 5342 ποταπῶν
1279 5288 1776 5359 άποτελεσματική.

474 5360 564 5428 48)
605 5358 1007 5429 Τοῦπνίγους.
1041 5361 1108 5414 Ει
1139 5361 1225 5414 hic
1251 5362 1302 5414 in
1341 5357 1585 5426 margine
1617 5359 1766 5426 liegii
1795 5357 1954 5424 primi

381 5427 727 5499 inveniuntur
756 5427 867 5492 illa,
896 5429 990 5482 106
1018 5431 1244 5499 πνίγους
1269 5429 1364 5483 106
1394 5430 1692 5499 καύματος.
1724 5429 1954 5499 Πνιγεὺς

381 5498 543 5569 γὰρξὸ
566 5498 836 5563 κλίϐανος.
883 5498 1160 5553 Ἐντεῦθεν
1200 5501 1294 5553 καὶ
1338 5498 1682 5569 πεπνιγμένη
1719 5498 1888 5569 ὅρνις,
1919 5501 1948 5565 ἡ

382 5567 704 5640 ἐνκλιὸάνῳ
734 5569 1047 5640 ὀπτηθεῖσα.
1084 5571 1336 5638 Πνίγους,
1391 5572 1438 5622 id
1470 5567 1570 5626 est.
1603 5567 1780 5622 (estita.
1803 5568 1951 5640 am

384 5639 620 5692 clibanus
645 5650 717 5693 est
745 5639 977 5707 pnigeus.
1014 5640 1150 5694 Hinc
1179 5645 1332 5694 etiam
1357 5643 1486 5703 avis,
1513 5657 1626 5709 qua:
1655 5640 1706 5692 in
1743 5639 1948 5692 clibano

384 5717 518 5762 tosta
542 5719 638 5768 est.
671 5721 915 5763 a'stuttsse
940 5713 1155 5764 dicitur.

452 5779 562 5849 (l9)
598 5779 691 5846 Ὠς
715 5780 959 5849 Ἐβραῖοί
983 5782 1039 5834 1t"
1066 5786 1336 5837 fi'l't-.7(lt’7l‘.
1357 5783 1496 5854 Lege
1515 5791 1663 5838 notas
1699 5778 1873 5833 [διιθωὶ
1900 5789 1946 5832 Ct

1987 4362 2034 4420 ι)

2067 3132 2234 3186 gnum
2267 3119 2426 3173 modo
2454 3120 2758 3176 absolutam
2784 3119 3440 3194 habeatidtelligentiam,
3471 3128 3636 3184 veluti

2068 3226 2320 3280 magnum
2348 3223 2426 3268 est
2458 3214 2676 3280 caelum,
2717 3229 2908 3285 magna
2949 3226 3030 3271 est
3059 3227 3222 3280 terra,
3263 3233 3516 3289 magnum
3551 3231 3636 3277 eSt

2066 3319 2218 3360 mare
2257 3324 2270 3361 ε
2307 3307 2466 3362 modo
2501 3320 2650 3372 vero,
2684 3308 2825 3376 quod
2866 3308 3022 3379 vulgo
3061 3311 3138 3375 lit,
3171 3311 3238 3365 ad
3284 3311 3511 3366 alterum
3553 3327 3638 3367 re-

2068 3398 2195 3453 ferri
2244 3398 2454 3454 soleat:
2492 3400 2721 3470 exempli
2774 3414 2959 3468 causa,
3009 3417 3239 3473 magnus
3287 3417 3492 3474 equus,
3544 3416 3638 3458 aut

2065 3505 2292 3559 magnus
2321 3491 2456 3546 bos:
2491 3506 2597 3546 non
2627 3492 2771 3546 enim
2799 3485 2867 3548 0b
2900 3492 3132 3562 amplam
3159 3508 3438 3562 corporea:
3477 3496 3640 3551 molis

2063 3585 2440 3654 quantitatem,
2483 3584 2577 3639 sed
2606 3585 2675 3640 ob
2706 3584 3008 3640 institutam
3039 3598 3162 3640 cum
3194 3585 3460 3641 similibus
3489 3603 3638 3642 corn-

2063 3679 2419 3746 parationem,
2465 3675 2835 3740 testimtmium
2875 3677 3266 3746 magnitudinis
3291 3691 3637 3747 consequun-

2065 3778 2150 3823 tur
2177 3787 2188 3822 :
2223 3767 2492 3838 quomodo
2516 3767 2677 3837 igitur
2708 3768 2888 3839 magni
2916 3768 3368 3838 signiﬁcationem
3403 3770 3636 3838 accipie.

2065 3858 2222 3913 mus?
2269 3856 2459 3914 Utrum
2514 3857 2967 3926 quemadmodum
3020 3848 3302 3914 formicam
3350 3869 3443 3914 aut
3491 3861 3634 3915 aliud

2062 3948 2291 4018 quodvis
2315 3948 2518 4003 animal
2541 3955 2731 4018 suapte
2761 3957 2953 4002 natura
2979 3963 3229 4018 parvum,
3260 3965 3512 4020 magnum
3541 3965 3631 4020 ap-

2061 4040 2348 4110 pellamus,
2375 4041 2443 4095 ob
2469 4039 2669 4095 factam
2694 4054 2815 4094 cum
2850 4039 2972 4095 aliis
2994 4040 3231 4111 ejusdem
3259 4042 3472 4111 generis
3494 4057 3637 4097 com-

2063 4133 2438 4204 parationem,
2485 4131 2680 4186 molem
2728 4131 2887 4186 solito
2936 4131 3194 4202 majorem
3243 4134 3635 4190 testiﬁcantes?

2063 4239 2130 4277 an
2161 4237 2305 4277 nunc
2332 4236 2584 4291 magnum
2616 4220 2988 4290 accipiendum
3019 4233 3119 4285 est,
3150 4221 3303 4276 itaut
3329 4224 3382 4277 in
3415 4227 3634 4293 propria

2064 4315 2412 4369 luminarium
2432 4313 2821 4369 constitutione
2845 4327 2909 4369 ac
2921 4323 3112 4369 natura
3131 4316 3439 4385 magnitudo
3457 4333 3591 4387 appa
3606 4347 3630 4358 -

2065 4407 2186 4462 ret?
2206 4405 2318 4476 Ego
2335 4405 2585 4476 equidem
2610 4405 2688 4460 sic
2717 4407 2911 4462 sentio.
2940 4405 3054 4462 Non
3085 4391 3355 4478 59~enim
3375 4410 3497 4477 quia
3520 4411 3636 4465 hare

2063 4498 2352 4553 luminaria
2387 4498 2590 4569 majora
2620 4506 2745 4552 sunt
2774 4498 3074 4553 minoribus
3105 4498 3294 4563 stellis,
3325 4500 3392 4555 ob
3427 4500 3476 4554 id
3515 4517 3634 4554 ma-

2063 4605 2167 4660 gna
2193 4601 2355 4646 sunt:
2388 4589 2482 4644 sed
2507 4588 2634 4658 quia
2666 4597 2873 4644 tantum
2899 4589 3098 4645 habent
3126 4589 3407 4655 ambitum,
3442 4601 3501 4646 ut
3528 4593 3632 4646 dif-

2066 4682 2216 4737 fusus
2239 4681 2306 4734 ab
2337 4681 2466 4750 ipsis
2495 4680 2748 4749 splendor
2776 4680 2912 4737 caelo
2936 4689 2990 4734 et
3021 4681 3135 4735 aeri
3162 4680 3476 4737 illustrando
3501 4684 3634 4738 satis

2063 4773 2153 4838 sit,
2197 4787 2365 4840 seque
2404 4770 2565 4827 simul
2594 4771 2662 4826 ad
2700 4786 2913 4825 omnem
2946 4779 3145 4826 terram
3186 4783 3240 4826 et
3271 4788 3417 4828 mare
3449 4785 3637 4830 exteu-

2062 4867 2174 4920 dat.
2199 4865 2331 4932 Quae
2357 4878 2488 4920 sane
2513 4865 2566 4919 in
2588 4877 2910 4933 quacunque
2931 4863 3052 4918 coeli
3077 4872 3231 4932 parte
3263 4865 3481 4931 fuerint,
3510 4869 3634 4922 dum

2068 4970 2120 5016 et
2151 4960 2424 5025 oriuntur,
2461 4966 2516 5012 et
2548 4956 2824 5021 occidunt,
2865 4964 2918 5010 ct
2958 4956 3195 5012 medium
3220 4966 3506 5028 occupant,
3538 4975 3637 5014 uu-

2059 5282 2286 5339 Morelli.

2127 5353 2241 5423 (50)
2277 5353 2350 5406 Ita
2381 5351 2532 5423 Regii
2561 5350 2781 5423 quintus
2810 5360 2870 5423 et_
2889 5361 3092 5423 sextus.
3115 5348 3537 5423 rAbelﬂpSYdM’j
3571 5349 3638 5400 ab

2057 5420 2303 5478 editiset
2324 5438 2353 5476 a
2385 5422 2568 5476 multis
2595 5437 2729 5477 mss.
2762 5421 2962 5475 Ibidem
2995 5421 3162 5474 editio
3189 5420 3356 5475 Basil.
3381 5435 3504 5474 cum
3541 5432 3634 5472 sex

2057 5510 2186 5550 mss.
2218 5493 2284 5545 τὰ
2315 5493 2393 5545 δέ.
2429 5492 2606 5546 Editio
2635 5491 2807 5545 Paris.
2833 5492 2892 5543 τὸ
2909 5491 2985 5544 δέ.
3014 5489 3207 5544 Statim
3236 5505 3367 5544 mss.
3395 5489 3638 5559 plerique

2057 5579 2244 5617 onmes
2277 5565 2304 5614 6
2333 5562 2459 5632 βοῦς
2491 5561 2683 5631 μέγας.
2721 5562 2857 5616 Editi
2889 5561 3015 5630 βοῦς
3039 5563 3068 5612 6
3104 5561 3297 5632 μέγας.

2129 5632 2238 5703 (51)
2280 5630 2516 5703 (Iudices,
2535 5633 2740 5700 aliquot
2785 5648 2905 5696 cum
2927 5632 3105 5703 deditis
3128 5630 3636 5703 '116);_105Wv._lltm

2060 5699 2188 5757 mss.
2222 5699 2338 5765 πῶς
2360 5703 2471 5754 νῦν.
2502 5699 2640 5770 Reg;
2660 5703 2850 5756 tertius
2874 5701 2986 5766 πῶς
3009 5699 3098 5755 οὖν
3122 5703 3234 5754 νῦν.
3270 5701 3467 5756 lliidcm
3502 5699 3541 5753 ll
3567 5718 3630 5765 1:.

2061 5783 2242 5830 sextus
2269 5773 2474 5830 ἔννοιαν
2503 5770 2868 5843 ἐκληψόμεθα.
