4082 6218
478 344 585 402 159

1815 353 1872 408 S.
1918 352 2002 406 BA
2014 352 2164 408 SlLll
2205 350 2420 407 MAGNI

3615 355 3720 411 “0

477 468 639 537 dique
676 467 743 521 ab
774 465 1082 522 hominibus
1111 466 1337 537 azquali‘a
1372 470 1799 541 conspiciuntur,
1826 472 1878 526 id
1904 472 2039 542 quod

2150 470 2313 537 δειξιν
2342 471 2453 541 ἔχει
2491 470 2634 542 σαφῆ
2676 470 2772 539 τῆς
2818 467 2911 523 τοῦ
2925 465 3212 559 [μεγέθους
3249 470 3586 540 πριουσίας,
3638 471 3720 540 τῷ

480 563 799 616 immensam
848 573 1033 614 eorum
1083 559 1507 630 magnitudinem
1559 571 1743 633 aperte
1782 563 2041 628 ostendit,

475 651 914 721 quandoquidem
944 661 1101 706 terra:
1123 652 1350 707 latitudo
1381 652 1513 709 nihil
1534 653 1762 721 confert,
1799 668 1905 723 quo
1930 655 2042 722 ipsa

477 754 570 798 aut
598 744 800 813 majora
829 754 922 799 aut
946 744 1157 799 minora
1180 745 1482 800 videantur.
1508 744 1640 799 Nam
1668 760 1730 802 ea
1751 760 1869 815 quae
1889 739 2045 817 longe

477 836 700 902 distant,
738 836 949 891 minora
974 836 1374 906 quodammodo
1403 837 1676 895 cernimus
1707 854 1721 890 :
1752 839 1817 892 ad
1846 854 1966 905 quae
1997 838 2043 892 si

476 928 698 995 propius
726 928 1060 992 accedimus,
1090 929 1285 986 melius
1316 942 1504 982 eorum
1535 927 1898 998 comperimus
1926 944 2041 982 ma-

478 1019 841 1088 gnitudinem.
877 1021 949 1073 At
996 1018 1096 1073 soli
1132 1018 1482 1090 propinquior
1527 1028 1611 1074 est
1650 1033 1829 1085 nemo,
1871 1017 1940 1073 ab
1979 1035 2045 1074 eo

476 1124 636 1165 nemo
668 1111 930 1165 remotior
956 1120 972 1165 :
996 1109 1092 1165 sed
1121 1123 1188 1165 ex
1217 1109 1409 1179 aequali
1443 1109 1725 1165 intervallo
1758 1110 2044 1180 quibusvis

473 1213 849 1270 quamcunque
914 1199 1151 1255 volueris
1212 1208 1370 1256 terra:
1422 1211 1628 1269 partem
1676 1201 2044 1256 habitantibus

472 1292 691 1348 obvium
740 1308 799 1348 se
836 1293 1019 1349 oﬂ‘ert.
1059 1294 1390 1364 Argumento
1425 1294 1477 1348 id
1513 1293 1700 1361 fuerit,
1733 1294 1879 1364 quod
1927 1294 2040 1349 Indi

469 1386 618 1455 juxta
650 1401 713 1441 ac
736 1385 982 1440 Britanni
1006 1387 1179 1456 ipsum
1201 1385 1461 1457 aequalem
1480 1396 1825 1443 contuentur.
1855 1387 2043 1458 Neque

475 1476 618 1529 enim
647 1475 748 1541 sol,
773 1476 898 1529 dum
923 1476 1142 1542 occidit,
1173 1474 1597 1545 magnitudinem
1615 1491 1768 1531 suam
1798 1492 1927 1549 erga
1951 1494 2044 1534 eos

474 1567 567 1637 qui
603 1567 895 1623 orientales
932 1568 1182 1639 regiones
1218 1567 1482 1637 incolunt,
1515 1566 1833 1625 imminuit':
1867 1584 2043 1640 neque

472 1655 654 1710 oriens
705 1656 1002 1712 occidentis
1049 1657 1448 1714 habitatoribus
1495 1659 1671 1714 minor
1703 1669 1983 1730 comparet
2025 1678 2038 1714 :

473 1765 647 1820 neque
678 1764 802 1804 vero
829 1765 950 1804 cum
986 1750 1219 1806 medium
1256 1750 1455 1807 coelum
1482 1753 1741 1822 attingit,
1778 1753 1844 1807 ἰὴ·
1875 1753 2042 1807 alter-

2151 560 2318 631 μηδὲν
2365 560 2547 623 αὐτοῖς
2573 559 2953 629 ὲπισημαίνειν
2984 558 3044 613 τὸ
3083 559 3281 623 πλάτος
3307 559 3407 630 τῆς
3450 561 3551 629 γῆς
3583 560 3717 630 πρὸς

2145 652 2207 705 τὸ
2240 652 2491 723 μείζονας
2534 650 2708 705 δοκεῖν
2751 651 2784 723 ἢ
2838 650 3125 715 ἐλάττονας
3157 647 3313 704 εἶναι.
3354 646 3437 702 Τὰ
3475 650 3575 721 μὲν
3610 650 3720 721 γὰρ

2148 742 2427 813 πόρρωθεν
2443 742 2729 813 ἀφεστῶτα
2760 742 3054 813 μικρότερά
3073 759 3190 803 πως
3208 741 3442 813 ὁρῶμεν·
3470 737 3550 804 οἷς
3577 740 3621 792 δ’
3652 740 3721 794 ἂν

2150 834 2348 905 μᾶλλον
2387 834 2714 905 ὲγγίσωμεν,
2757 833 2955 904 μᾶλλον
2994 832 3172 887 αὐτῶν
3208 833 3270 886 τὸ
3310 832 3536 904 μέγεθος
3562 832 3716 899 ὲξευ-

2151 926 2424 996 ρίσκομεν.
2461 924 2551 995 Τῷ
2580 925 2637 978 δὲ
2660 924 2795 996 ἡλίῳ
2816 924 2991 988 οὐδείς
3018 926 3165 979 ἐστιν
3197 924 3476 995 ἐγγυτέρω
3496 924 3589 975 καὶ
3619 923 3717 975 οὐ-

2145 1015 2255 1081 δεὶς
2283 1017 2632 1089 πορρωτέρω,
2661 1016 2796 1071 ἀλλὰ
2821 1017 2913 1070 ἀπ’
2954 1016 3068 1070 ῐσου
3093 1015 3187 1069 τοῦ
3212 1014 3575 1086 διαστήματος
3602 1015 3719 1077 τοῖς

2145 1106 2288 1161 κατὰ
2313 1110 2421 1161 πᾶν
2459 1110 2625 1180 μέρος
2657 1110 2754 1181 τῆς
2782 1110 2886 1179 γῆς
2912 1106 3340 1179 κατῳκισμένοις
3367 1104 3713 1178 προσϐάλλει.

2147 1200 2382 1271 Σημεῖον
2407 1199 2485 1265 δὲ,
2519 1201 2600 1253 ὅτι
2626 1200 2722 1253 καὶ
2747 1199 2897 1253 Ἰνδοὶ
2929 1200 3023 1253 καὶ
3051 1199 3338 1272 Βρεττανοὶ
3364 1197 3455 1250 τὸν
3469 1195 3583 1251 ἴσον
3600 1195 3713 1266 (52)

2147 1293 2452 1362 βλέπουσιν.
2483 1291 2618 1346 Οῠτε
2662 1292 2771 1364 γὰρ
2794 1295 2905 1356 τοῖς
2932 1293 3031 1363 τὴν
3055 1291 3195 1362 ἑῴαν
3219 1291 3426 1345 οἰκοῦσι
3452 1289 3715 1343 καταδυό-

2147 1400 2304 1453 μενος
2331 1384 2424 1436 τοῦ
2455 1384 2720 1456 μεγέθους
2764 1385 3006 1455 ὑφίησιν,
3041 1382 3164 1437 οὔτε
3190 1385 3302 1445 τοῖς
3331 1382 3467 1453 πρὸς
3486 1380 3717 1451 δυσμαῖς

2144 1476 2574 1547 κατῳκισμένοις
2624 1474 2929 1529 ἀνατέλλων
2979 1474 3213 1529 ἐλάττων
3272 1473 3536 1543 φαίνεται·
3586 1469 3717 1526 οὔτε

2148 1569 2252 1638 μὴν
2282 1572 2339 1621 ὲν
2370 1568 2449 1640 τῷ
2480 1569 2922 1640 μεσουρανήματι
2949 1567 3249 1638 γινόμενος,
3282 1567 3381 1636 τῆς
3409 1566 3493 1634 ἐφ’
3521 1562 3717 1618 ἑκάτε-

2145 1675 2214 1730 ρα
2250 1658 2360 1729 (55)
2389 1658 2564 1728 ὅψεως
2595 1657 2980 1730 παραλλάττει.
3034 1658 3123 1728 Μὴ
3177 1656 3500 1724 ἐξαπατάτω
3554 1671 3614 1707 σε
3652 1653 3719 1708 τὸ

2143 1749 2481 1820 φαινόμενον·
2528 1749 2649 1821 μηδ’
2673 1750 2756 1803 ὄτι
2785 1752 3051 1821 πηχυαῖος
3083 1751 3194 1811 τοῖς
3224 1746 3392 1818 ὁρῶσι
3435 1746 3599 1811 δοκεῖ,
3626 1762 3718 1798 το-

470 1850 644 1896 utram
672 1850 881 1911 partem
914 1844 1168 1898 immutat
1204 1854 1501 1914 aspectum.
1538 1842 1681 1901 Cave
1711 1853 1764 1900 te
1810 1845 2039 1915 decipiat

2143 1842 2333 1895 σοῦτον
2374 1843 2536 1897 αὐτὸν
2565 1838 2705 1897 εἶναι
2732 1842 2942 1914 λογίσῃ.
2980 1839 3356 1912 Συναιρεῖσθαι
3399 1838 3508 1911 γὰρ
3544 1839 3720 1908 πέφυ-

470 1934 682 2001 species
713 1933 880 1998 solis;
908 1949 1084 2002 neque
1113 1935 1238 2004 quia
1268 1935 1520 1991 cubitalis
1543 1935 1894 1992 cernentibus
1919 1950 2041 1991 esse

473 2023 700 2090 videtur,
732 2023 873 2077 hanc
900 2023 999 2093 ipsi
1034 2023 1215 2079 inesse
1238 2026 1666 2096 magnitudinem
1695 2037 1870 2097 putes.
1903 2026 2041 2083 Con-

470 2113 610 2166 trahi
659 2128 892 2183 namque
944 2113 999 2168 in
1045 2114 1297 2170 maximis
1332 2117 1611 2171 distantiis
1665 2116 1805 2172 solet
1849 2132 2036 2172 eorum

471 2216 590 2272 quae
619 2212 913 2257 cernuntur
942 2204 1276 2273 magnitudo,
1306 2205 1524 2273 quando
1564 2207 1782 2277 quidem
1814 2208 1896 2263 vis
1925 2208 2040 2277 ipsa

469 2293 727 2347 cernendi
758 2307 863 2347 non
896 2304 1070 2362 potest
1093 2291 1209 2351 loca
1239 2294 1554 2363 interposita
1581 2308 1866 2366 penetrare
1895 2316 1910 2354 :
1944 2300 2038 2354 sed

467 2383 617 2439 velut
640 2383 693 2437 in
714 2384 888 2439 medio
913 2385 1087 2453 spatio
1106 2385 1429 2453 absumitur,
1456 2396 1546 2440 aut
1571 2402 1732 2456 parva
1758 2388 1840 2442 sui
1870 2388 2039 2457 ipsius

468 2482 646 2545 parte,
691 2488 752 2528 ea
786 2488 905 2544 qua:
952 2477 1361 2545 conSpiciuntur
1404 2478 1645 2548 attingit.
1691 2476 1824 2532 Cum
1874 2479 2039 2549 igitur

472 2568 618 2621 visus
643 2574 828 2621 noster
849 2581 1046 2638 parvus
1073 2569 1150 2631 lit,
1178 2578 1288 2622 tum
1322 2570 1375 2623 in
1411 2585 1570 2624 causa
1596 2579 1679 2625 est
1701 2585 1798 2626 cur
1821 2585 1887 2626 ea
1910 2587 2030 2639 qua:

470 2658 826 2730 aspiciuntur,
855 2648 1173 2730 reputentur
1202 2676 1391 2732 parva,
1424 2677 1521 2718 sua
1552 2664 1721 2732 ipsius
1751 2663 2040 2718 affectione

468 2752 524 2805 in
557 2767 644 2807 res
674 2760 993 2823 conspectas
1025 2752 1305 2809 translata.
1336 2754 1536 2821 Quare,
1571 2755 1616 2811 si
1640 2755 1850 2810 fallitur
1865 2757 2036 2820 visus,

471 2843 605 2899 ﬁdes
634 2840 1009 2914 nullajudicio
1051 2845 1192 2902 illius
1229 2856 1314 2901 est
1359 2847 1685 2902 adhibenda.
1729 2846 2038 2905 Memineris

470 2953 634 3007 porro
665 2949 877 2992 tuorum
917 2939 1084 3007 ipsius
1119 2937 1434 3004 affectuum,
1465 2947 1519 2994 et
1553 2955 1581 2993 a
1627 2950 1680 2994 te
1713 2940 1829 3009 ipso
1850 2954 2036 2995 eorum

469 3044 590 3095 quae
621 3029 881 3083 dicuntur
922 3028 1149 3083 habebis
1172 3040 1547 3098 argumentum
1572 3038 1735 3099 atque
1761 3030 2037 3099 probatio-

469 3136 614 3176 nem.
657 3119 716 3174 Si
759 3135 991 3190 unquam
1033 3133 1104 3175 ex
1148 3121 1326 3192 magni
1359 3121 1557 3177 montis
1582 3121 1866 3176 cacumine
1893 3135 2038 3176 cam-

472 3225 597 3278 pum
624 3209 893 3280 ingentem
918 3209 1078 3265 simul
1104 3219 1160 3265 et
1181 3211 1430 3281 supinum
1455 3212 1806 3282 conspexisti,
1834 3224 2037 3283 quanta

473 3300 568 3355 tibi
621 3300 736 3354 visa
790 3310 917 3355 sunt
967 3301 1128 3356 boum
1185 3298 1357 3371 juga?
1418 3303 1603 3372 quanti
1663 3311 1719 3358 et
1768 3304 1867 3375 ipsi
1916 3318 2040 3358 ara-

472 3393 661 3448 tores?
685 3394 877 3448 Annon
906 3394 1194 3463 quamdam
1226 3392 1579 3449 formicarum
1611 3395 1900 3466 imaginem
1944 3395 2039 3450 tibi

471 3493 929 3554 reprtesentarunt
946 3484 969 3539 ἳ
988 3484 1046 3540 Si
1068 3499 1199 3541 vero
1223 3493 1278 3541 et
1307 3501 1336 3540 a
1360 3486 1578 3555 specula
1610 3487 1677 3541 ad
1706 3496 1919 3543 vastum
1944 3501 2039 3558 pc-

469 3576 626 3647 lagus
668 3591 933 3631 conversa
973 3575 1163 3632 oculos
1195 3577 1251 3632 in
1296 3592 1448 3632 mare
1490 3576 1793 3647 coniecisti,
1827 3587 2041 3649 quantae

473 3665 570 3722 tibi
618 3665 751 3721 visa:
787 3674 914 3721 sunt
950 3666 1138 3723 insulae
1167 3667 1458 3728 maximae?
1485 3676 1685 3737 quanta
1716 3681 1904 3723 rursus
1944 3668 2038 3723 tibi

472 3758 730 3829 apparuit
761 3771 865 3812 una
911 3758 1067 3812 navis
1106 3758 1359 3814 oneraria
1402 3766 1457 3813 et
1502 3756 1860 3829 praegrandis,
1907 3756 2042 3812 albis

469 3850 606 3907 velis
643 3864 806 3921 super
831 3850 1118 3907 caeruleum
1151 3865 1303 3906 mare
1337 3851 1593 3906 invecta?
1623 3848 1813 3906 Nonne
1839 3849 2035 3920 imagi-

470 3958 596 3998 nem
630 3943 724 3997 tibi
754 3944 1002 4000 exhibuit
1024 3945 1217 4014 quavis
1248 3943 1500 4000 columba
1527 3942 1834 4000 minorem?
1868 3942 2039 4012 Quia,

470 4051 532 4092 nt
558 4038 707 4103 dixi,
737 4038 886 4092 visus
912 4037 967 4092 in
996 4052 1122 4092 aere
1161 4046 1544 4106 consumptus,
1586 4036 1745 4093 exilis
1768 4039 2004 4094 evadens
2024 4078 2040 4103 ,

472 4145 563 4186 res
593 4128 765 4184 oculis
794 4128 1063 4198 subiectas
1104 4138 1358 4188 accurate
1386 4128 1795 4199 apprehendere
1832 4132 2039 4200 nequit.

471 4219 612 4287 Quin
642 4229 697 4275 et
730 4231 982 4291 aspectus
1021 4218 1290 4277 maximos
1320 4228 1531 4277 montes
1579 4220 1863 4291 profundis
1888 4221 2044 4276 valli-

469 4314 574 4370 bus
607 4312 867 4381 abruptos
886 4355 903 4383 ,
932 4312 1196 4371 rotundos
1225 4320 1279 4367 et
1321 4311 1469 4368 leves
1500 4326 1621 4368 esse
1649 4312 1855 4383 indicat
1875 4355 1892 4381 ,
1918 4328 2040 4371 cum

471 4405 544 4458 sit
573 4404 638 4458 ad
669 4403 815 4458 solas
839 4403 1165 4459 eminentias
1190 4402 1454 4466 intentus,
1486 4416 1586 4458 nec
1608 4417 1846 4459 concava
1877 4404 2044 4460 inter-

471 4497 645 4553 tnedia
695 4507 916 4568 propter
962 4494 1393 4551 imbecillitatem
1443 4495 1654 4566 ingredi
1708 4505 1891 4566 queat.
1946 4496 2040 4552 Sic

2141 1951 2236 1988 κεν
2275 1937 2333 1988 ὲν
2362 1937 2473 1998 τοῖς
2519 1933 2793 2006 μεγίστοις
2840 1935 3170 2006 διαστήμασι
3220 1932 3290 1986 τὰ
3348 1932 3550 2004 μεγέθη
3608 1930 3718 1985 τῶν

2140 2025 2450 2096 ὁρωμένων,
2482 2026 2582 2097 τῆς
2611 2025 2874 2097 ὁρατικῆς
2924 2025 3205 2096 δυνάμεως
3258 2024 3359 2077 οὐκ
3404 2022 3721 2092 ἐξικνουμέ-

2141 2131 2238 2184 νης
2267 2115 2377 2186 (54)
2406 2116 2495 2168 τὸν
2528 2115 2729 2186 μεταξὺ
2754 2115 2919 2170 τόπον
2962 2116 3244 2188 διαπερᾷν,
3278 2115 3392 2170 ἀλλ’
3433 2116 3597 2170 οἱονεὶ
3628 2117 3714 2169 ὲν-

2137 2208 2537 2281 δαπανωμένης
2565 2208 2643 2280 τῷ
2675 2209 2842 2280 μέσῳ,
2871 2209 2965 2261 καὶ
2995 2209 3115 2262 κατ’
3140 2208 3319 2277 ὀλίγον
3353 2208 3521 2279 αὐτῆς
3548 2207 3715 2280 μέρος

2141 2299 2581 2373 προσϐαλλούσης
2611 2303 2722 2364 τοῖς
2749 2300 2983 2370 ὁρατοῖς.
3015 2298 3201 2370 Μικρὰ
3227 2292 3319 2351 οὖν
3344 2300 3378 2370 ή
3399 2298 3523 2368 ἅψις
3553 2297 3714 2368 ήμῶν

2140 2392 2425 2463 γινομένη,
2460 2392 2632 2464 μικρὰ
2660 2390 2880 2462 ἐποίησε
2904 2389 3221 2462 νομίζεσθαι
3248 2390 3315 2443 τὰ
3351 2389 3623 2460 ὁρώμενα,
3650 2388 3718 2443 «re

2140 2487 2338 2538 οἰκεῖον
2372 2483 2545 2547 πάθος
2580 2485 2692 2546 τοῖς
2706 2484 2919 2553 ὁρατοῖς
2944 2484 3295 2555 ἐπιφέρουσα.
3329 2483 3490 2535 Ὥστε
3513 2484 3562 2536 εί
3582 2481 3717 2551 ψεύ-

2139 2574 2288 2627 δεται
2324 2573 2437 2642 (55)
2472 2575 2505 2644 ἡ
2540 2560 2681 2642 ὄψις,
2726 2571 2952 2626 ἄπιστον
2985 2573 3046 2625 τὸ
3084 2575 3382 2645 κριτήριον.
3447 2573 3718 2643 Ὑπομνὴ-

2141 2664 2297 2735 σθητι
2316 2664 2373 2717 δὲ
2391 2662 2500 2715 τῶν
2523 2662 2735 2717 οἰκείων
2767 2661 2974 2727 παθῶν,
3010 2663 3105 2716 καὶ
3136 2662 3285 2734 παρὰ
3316 2662 3542 2717 σεαυτοῦ
3572 2660 3717 2727 ἕξεις

2138 2752 2248 2806 τῶν
2277 2753 2585 2824 λεγομένων
2617 2753 2717 2822 τὴν
2761 2753 2963 2806 πίστιν.
2996 2754 3063 2807 Ei
3088 2771 3216 2807 ποτε
3252 2753 3360 2807 άπὸ
3403 2753 3716 2825 ἀκρωρείας

2143 2843 2384 2915 μεγάλης
2415 2844 2593 2897 ’πεδίον
2626 2842 2764 2907 εἶδες
2791 2843 2922 2897 πολύ
2970 2861 3031 2897 τε
3059 2845 3152 2898 καὶ
3182 2843 3393 2907 ὕπτιον,
3418 2843 3580 2914 ήλίκα
3613 2844 3715 2914 μέν

2140 2951 2223 2989 σοι
2242 2935 2351 2988 τῶν
2385 2934 2520 3005 βοῶν
2554 2933 2666 3004 (56)
2697 2934 2972 3006 κατεφάνη
3010 2935 3080 3011 τά
3104 2934 3304 3004 ζεύγης
3347 2933 3565 3005 πηλίκοι
3586 2934 3643 2986 δὲ
3664 2934 3715 2986 oi

2141 3029 2407 3100 ἀροτῆρες
2434 3026 2615 3091 αὑτοί;
2640 3027 2705 3079 Ei
2737 3026 2810 3098 μὴ
2839 3029 3143 3098 μυρμήκων
3170 3027 3292 3080 τινά
3320 3043 3402 3079 σοι
3442 3026 3716 3096 παρέσχον

2141 3122 2471 3192 φαντασίαν;
2498 3121 2561 3173 El
2593 3120 2650 3173 δὲ
2689 3120 2781 3172 καὶ
2806 3120 2914 3173 ἀπὸ
2940 3121 3169 3183 σκοπιᾶς
3192 3119 3284 3171 ἐπὶ
3306 3118 3448 3189 μέγα
3478 3119 3716 3186 πέλαγος

2138 3214 2524 3288 τετραμμένης
2558 3215 2624 3284 τῇ
2657 3211 2897 3284 θαλάσσῃ
2923 3212 3021 3276 τὰς
3037 3211 3188 3282 ὅψεις
3214 3211 3498 3275 ἐπέϐαλες,
3526 3211 3715 3283 ἡλίκαι

2144 3312 2241 3379 μέν
2273 3326 2353 3363 σοι
2369 3306 2553 3373 ἔδοξαν
2575 3303 2712 3362 εἶναι
2741 3305 2848 3360 τῶν
2877 3307 3053 3377 νήσων
3074 3308 3128 3360 αί
3164 3306 3415 3377 μέγισται
3439 3306 3582 3376 (57);
3609 3323 3718 3376 πη-

2138 3402 2263 3473 λίκη
2295 3401 2353 3454 δέ
2387 3416 2470 3454 σοι
2502 3400 2778 3471 κατεφάνη
2826 3399 2924 3470 μία
2948 3398 3054 3454 τῶν
3093 3415 3162 3470 μυ
3171 3398 3435 3471 ριοφόρων
3474 3398 3718 3453 ὁλκάδων

2139 3492 2350 3557 λευκοῖς
2390 3492 2579 3556 ἱστίοις
2607 3490 2744 3561 ὑπὲρ
2787 3489 2991 3560 κυανῆς
3038 3488 3371 3560 κομιζομένη
3406 3488 3714 3558 θαλάσσηςς

2138 3585 2204 3638 Ei
2227 3584 2300 3657 μὴ
2319 3584 2495 3655 πάσης
2507 3584 2832 3655 περιστερᾶς
2848 3582 3175 3654 μικροτέραν
3189 3599 3269 3635 σοι
3283 3581 3586 3652 παρέσχετο
3600 3581 3715 3657 βξ)

2139 3674 2238 3746 τὴν
2257 3675 2585 3744 φαντασίαν;
2613 3673 2776 3738 Διότι,
2816 3671 3066 3744 καθάπερ
3100 3671 3258 3743 ἔφην,
3285 3672 3716 3743 ὲνδαπανηθεῖσα

2141 3766 2220 3838 τῷ
2252 3767 2373 3839 άέρι
2402 3767 2436 3838 ή
2461 3765 2603 3836 ὄψις,
2639 3762 2880 3835 ἐξίτηλος
2901 3764 3183 3836 γινομένη,
3213 3763 3349 3836 πρὸς
3367 3762 3473 3834 τὴν
3505 3764 3714 3837 ἀκριϐῆ

2143 3858 2444 3930 κατάληψιν
2471 3858 2579 3912 τῶν
2624 3858 2917 3929 ὁρωμένων
2943 3858 3043 3911 οὐκ
3069 3858 3311 3928 ἐξαρκεῖ.
3342 3856 3480 3928 Ἤδη
3508 3856 3567 3909 δέ
3610 3874 3715 3911 που

2144 3951 2238 4003 καὶ
2275 3948 2383 4003 τῶν
2435 3947 2576 4021 ὁρῶν
2618 3946 2690 4001 τὰ
2742 3947 2993 4019 μέγιστα,
3046 3946 3291 4017 βαθείαις
3321 3946 3591 4019 φάραγξιν
3616 3948 3715 4001 ὲκ-

2140 4038 2458 4111 τετμημένα
2482 4036 2616 4110 (59),
2642 4037 2914 4108 περιφερῆ
2936 4038 3032 4091 καὶ
3056 4036 3175 4090 λεῖα
3207 4039 3242 4109 ή
3266 4037 3388 4107 ὄψις
3400 4033 3538 4093 εἶναι
3558 4054 3714 4107 φησι,

2143 4132 2259 4195 ταῖς
2297 4128 2510 4200 ἐξοχαῖς
2554 4127 2965 4200 προσϐάλλουσα
2998 4127 3207 4199 μόναις,
3244 4131 3362 4192 ταῖς
3396 4128 3453 4182 δὲ
3510 4128 3714 4198 μεταξὺ

2144 4220 2446 4291 κοιλότηοτν
2472 4218 2706 4290 ἐμϐῆναι
2732 4218 2800 4272 δι’
2832 4220 3050 4274 ἀτονίαν
3085 4219 3159 4292 μὴ
3195 4218 3491 4290 δυναμένη.
3528 4218 3717 4282 Οὕτως

2143 4312 2264 4365 οὐδὲ
2309 4309 2378 4365 τὰ
2432 4311 2684 4381 σχήματα
2711 4309 2821 4363 τῶν
2860 4310 3127 4381 σωμάτων
3165 4310 3327 4364 ὁποῖά
3361 4311 3478 4363 ἐστι
3516 4306 3714 4362 διασώ-

2143 4401 2226 4467 ζει
2257 4401 2391 4471 (60)·
2421 4400 2559 4456 ἀλλὰ
2586 4402 2904 4473 περιφερεῖς
2924 4399 3097 4454 οἴεται
3122 4395 3262 4455 εἶναι
3288 4400 3414 4463 τοὺς
3435 4398 3714 4470 τετραγὼ-

2143 4512 2266 4558 νους
2298 4493 2404 4546 τῶν
2434 4491 2680 4563 πύργων.
2720 4492 2886 4545 Ὥστε
2930 4491 3265 4563 πανταχόθεν
3309 4490 3487 4563 δῆλον,
3528 4490 3610 4543 ὅτι
3653 4488 3714 4543 ὲν

469 4604 645 4661 neque
694 4603 983 4658 conporum
1029 4588 1233 4659 ﬁguras
1270 4587 1459 4657 quales
1503 4596 1632 4643 sunt
1675 4597 1894 4643 servat:
1944 4588 2038 4643 sed

2142 4588 2261 4650 ταῖς
2293 4585 2579 4656 μεγίσταις
2609 4584 2977 4639 ἀποστάσεσιν
3004 4582 3104 4637 οὐκ
3123 4581 3402 4655 ἔναρθρον.
3426 4580 3560 4636 ἀλλὰ
3582 4596 3716 4649 συγ-

468 4682 868 4752 quadrangulas
892 4692 1068 4737 turres
1097 4688 1294 4737 teretes
1320 4694 1441 4736 esse
1465 4688 1637 4751 putat.
1666 4679 1844 4746 Quare
1863 4679 2028 4735 unde-

536 4861 649 4933 (52)
684 4860 843 4933 Editi
873 4877 995 4933 cum
1042 4861 1223 4933 Regiis
1261 4862 1435 4933 tertio_
1457 4872 1535 4933 et,
1558 4862 1750 4932 quinto
1776 4862 1869 4914 τὸν
1900 4859 2034 4915 ἴσον.

466 4931 917 4986 αοιυ.ἐθουηάιιε
942 4932 1037 4985 τὸν
1065 4931 1201 5001 ἡλίῳ
1242 4933 1375 4986 ἴσον.
1408 4931 1561 5000 Regii
1581 4931 1779 4987 sextus
1802 4941 1859 4987 et
1891 4942 2037 4986 octa-

468 5019 565 5054 vus
605 5003 665 5055 τὸ
688 5002 835 5066 ἴσον,
865 5002 1154 5067 ωᾳιιαίὶιεν,
1187 5004 1327 5057 bona
1359 5003 1565 5056 lectio..

536 5072 651 5153 (55)
703 5070 1230 5155 TﬁCfSPZéxdf‘qu:
1285 5071 1491 5154 Rursus
1522 5071 1779 5155 librarius
1808 5071 1949 5155 idem
1971 5070 2038 5123 ad

376 5150 388 5212 ζ
467 5140 766 5212 marginem
795 5140 1035 5212 ejusdem
1071 5140 1221 5212 Regii
1255 5142 1409 5209 primi
1436 5142 1637 5196 codicis
1659 5140 1795 5211 πρός
1824 5157 1884 5193 τε
1912 5140 2042 5194 ἀνα-

376 5208 386 5283 (
475 5208 635 5283 τολήν
667 5212 761 5266 καὶ
802 5208 940 5283 πρὸς
971 5208 1177 5275 δύσινξ
1207 5208 1314 5265 tam
1352 5213 1421 5265 ad
1457 5208 1726 5283 orientem,
1772 5225 1940 5283 quant
1965 5212 2042 5283 nd

375 5277 386 5296 ’
466 5277 802 5407 cumulem.
849 5277 1057 5338 'lbidem
1121 5295 1217 5337 sex
1271 5297 1402 5336 mss.
1458 5277 1840 5352 παραλλάττει.
1900 5279 2041 5335 Editi

476 5365 550 5405 ὶια
654 5370 788 5407 ττει.

476 5353 788 5408 διαλλάττει.

539 5423 656 5503 (δέ)
676 5426 759 5503 με
783 5422 954 5503 editio
980 5422 1144 5503 Basil.
1173 5437 1294 5477 cum
1313 5436 1425 5503 lsex
1476 5436 1605 5503 mss:
1635 5430 1691 5503 et
1720 5436 1842 5501 cum
1885 5418 2037 5475 Bodl.

476 5489 646 5547 Editio
675 5493 847 5549 Paris.
879 5495 979 5547 οὐκ
1023 5492 1450 5564 ὲξαρκουμένης.
1502 5491 1668 5547 Coisl.
1712 5494 1919 5561 primus
1958 5507 2039 5547 se-

477 5564 659 5635 cundis
695 5565 844 5635 curis
869 5565 932 5635 οὐ
962 5566 1389 5635 κατερχομένης.

536 5631 650 5701 (55)
689 5634 869 5688 Codex
893 5631 1296 5689 Cumbeffcum
1326 5631 1445 5686 aliis
1473 5632 1710 5701 quinque
1739 5646 1869 5687 mss.
1899 5631 2041 5686 ὥστε

480 5698 737 5771 Ιιεύδεται.
763 5704 903 5756 Editi
929 5719 1052 5757 cum
1087 5703 1237 5757 Colb.
1265 5698 1506 5757 secundo
1524 5698 1663 5754 ὥστε
1691 5703 1738 5754 ei
1761 5703 2035 5771 ψεύδεται.

540 5770 649 5838 (56)
683 5771 756 5825 Ita
794 5788 884 5827 sex
918 5788 1045 5827 mss.
1084 5772 1233 5839 Illud,
1268 5772 1374 5825 τῶν
1406 5771 1563 5840 βοῶν,
1611 5770 1781 5829 deest
1804 5775 1854 5828 in
1893 5785 2039 5830 utras

2130 4697 2263 4750 κεχυ
2271 4677 2437 4750 μένην
2454 4675 2564 4731 τῶν
2582 4676 2847 4749 σωμάτων
2868 4675 3134 4749 λαμϐάνει
3161 4675 3259 4748 τὴν
3298 4674 3411 4747 (61)
3439 4674 3707 4729 εἰκασίαν.

2145 4875 2250 4928 (ιιιε
2270 4859 2507 4914 editione
2526 4857 2692 4913 Basil.
2714 4866 2770 4913 et
2794 4856 2969 4913 Paris.
2997 4856 3288 4927 Aliquanto
3312 4862 3433 4924 post
3452 4854 3557 4909 dno
3581 4870 3713 4911 mss.

2146 4930 2230 4982 col.
2258 4928 2607 5000 παρέσχοντο.

2218 4994 2526 5071 (57)'Cod'e_x
2541 4998 2791 5071 _Combel'.
2811 5014 2931 5071 cum
2955 4997 3074 5071 aliis
3096 4996 3267 5071 tribus
3280 5010 3411 5071 mss.
3434 4994 3711 5071 μέγισται.

2150 5064 2286 5124 Editi
2309 5064 2433 5139 'cnm
2461 5069 2615 5139 Golb.
2637 5070 2875 5124 secundo
2901 5068 3163 5139 μέγιστα.-
3197 5066 3394 5139 Ibidem
3425 5064 3588 5139 editio
3611 5064 3712 5118 Pa-

2150 5141 2243 5194 ris.
2270 5138 2465 5209 τηλίκη
2501 5138 2578 5192 δέ.
2611 5139 2788 5194 Editio
2815 5135 2994 5209 nostra
3022 5135 3187 5209 Basil.
3224 5135 3449 5206 πηλίκη,
3482 5135 3616 5209 bene

2219 5206 2336 5283 (58l
2364 5206 2497 5280 Reg.
2535 5210 2738 5283 primus
2780 5208 3074 5283 παρέσχεν.
3124 5206 3234 5283 lle};
3260 5210 3346 5283 ita
3393 5206 3560 5283 multo
3593 5212 3714 5275 post

2147 5275 2800 5355 quinquettfssfégimlog
2826 5275 3105 5355 γινομένη.
3133 5275 3276 5355 Editi
3296 5275 3580 5345 γενομένη.

2221 5347 2334 5421 (59)
2369 5347 2458 5404 Sic
2484 5350 2635 5419 Regii
2676 5347 3159 5421 primtts,_tertius,
3190 5347 3409 5421 quintus
3438 5355 3492 5399 et
3525 5352 3711 5421 aestus

2148 5413 2268 5472 cuin
2302 5413 2507 5475 duobus
2527 5413 3041 5488 οὂ1ὺέτῑίηίεί1ἶος.
3068 5424 3291 5488 octavus
3314 5413 3708 5488 έντετμημένη.

2148 5490 2287 5543 Editi
2323 5491 2470 5559 gravi
2520 5490 2714 5544 mendo
2764 5485 3160 5559 ὲκτετηγμένα.
3210 5485 3375 5541 Paulo
3424 5495 3544 5556 post
3575 5486 3711 5555 Reg.

2143 5560 2359 5630 quintus
2379 5558 2589 5629 ἐξοχαῖς
2629 5558 3022 5630 προϐάλλουσα.

2214 5628 2323 5699 (60)
2350 5623 2503 5683 Co‘lbl
2529 5623 2797 5686 secundus
2817 5632 2886 5701 τῇ
2920 5626 3167 5698 αἰσθήσει
3195 5623 3469 5691 διασώζει,
3496 5641 3586 5697 per
3604 5638 3717 5679 seu-

2142 5717 2254 5754 sum
2281 5702 2532 5754 observat.

2217 5769 2327 5840 (61.)
2358 5770 2508 5825 Colit.
2546 5770 2750 5840 primus
2782 5770 3047 5839 σωμάτων
3073 5768 3183 5839 ἔχει
3212 5768 3330 5837 τήν.
