4082 6218
329 363 423 418 ιιι
1433 353 1720 410 HOMILIA
1759 354 1826 409 Vl
1866 354 1932 410 IN
1973 355 2466 413 HEXAEMERON.

3487 360 3586 413 142

324 478 512 546 Μέγας
537 466 639 527 οὖν
677 474 705 526 ὁ
736 473 981 544 φωστὴρ,
1015 472 1156 526 κατὰ
1184 472 1281 542 τὴν
1312 472 1410 542 τῆς
1458 474 1679 544 Γραφῆς
1716 491 1903 544 μαρτυ.

2019 476 2149 529 libet
2180 484 2413 539 constat,
2447 475 2498 528 in
2530 473 2781 530 maximis
2810 475 3107 530 intervallis
3134 490 3240 529 non
3270 475 3590 545 perfectam,

329 569 472 645 ρίαν,
507 567 604 621 καὶ
635 564 1079 637 ἀπειροπλασίων
1109 563 1202 618 τοῦ
1228 565 1571 635 φαινομένου.

400 844 484 899 10.
516 843 754 896 Κάκεῖνο
808 841 866 894 δέ
914 859 995 894 σοι
1049 841 1275 912 ἐναργὲς
1320 840 1457 893 ἔστω
1500 839 1593 892 τοῦ
1646 838 1907 911 μεγέθους

326 938 569 1007 σημεῖον.
622 934 889 1005 ’ἀπείρων
914 934 1080 987 ὄντων
1104 932 1182 1003 τῷ
1203 933 1393 1005 πλήθει
1416 932 1521 986 τῶν
1538 934 1656 986 κατ’
1682 931 1907 1003 οὐρανὸν

320 1031 590 1101 ἀστέρων,
626 1029 688 1081 τὸ
721 1029 852 1099 παρ’
907 1028 1084 1081 αὑτῶν
1129 1027 1606 1099 πνερανιζόμενον
1651 1025 1765 1095 φῶς
1807 1027 1907 1078 οὑκ

317 1122 541 1192 ἐξαρκεῖ
574 1122 672 1191 τῆς
704 1119 895 1183 νυκτὸς
928 1120 1025 1190 τὴν
1069 1122 1373 1190 κατήφειαν
1420 1120 1686 1173 διαλῦσαι.
1731 1119 1906 1181 Μόνος

313 1214 370 1266 δὲ
401 1207 587 1277 οὗτος,
622 1212 957 1283 ὑπερφανεὶς
989 1211 1082 1264 τοῦ
1134 1212 1429 1282 ὁρίζοντος,
1477 1211 1678 1280 μᾶλλον
1713 1209 1769 1263 δὲ
1824 1209 1903 1261 ἔτι

314 1308 409 1361 καὶ
462 1306 932 1379 προσδοκώμενος,
980 1306 1108 1375 πρὶν
1156 1306 1248 1358 καὶ
1298 1306 1587 1374 ὑπερσχεῖν
1622 1301 1731 1372 (62)
1767 1300 1903 1363 ὅλως

312 1398 411 1467 τῆς
444 1398 573 1467 γῆς,
607 1397 834 1467 ἠφάνισε
874 1398 970 1467 μὲν
996 1397 1056 1449 τὸ
1088 1398 1296 1463 σκότος,
1329 1395 1679 1467 ὑπερηύγασε
1700 1394 1758 1447 δὲ
1776 1395 1900 1457 τοὺς

311 1488 578 1558 ἀστέρας,
614 1488 707 1541 καὶ
761 1488 1049 1559 πεπηγότα
1099 1487 1234 1550 τέως
1281 1486 1373 1540 καὶ
1420 1484 1900 1557 συμπεπιλημένον

310 1581 402 1633 τὸν
434 1581 567 1650 περὶ
595 1581 699 1651 γῆν
740 1580 877 1652 ἀέρα
923 1579 1185 1650 κατέτηξε
1219 1580 1312 1632 καὶ
1339 1580 1567 1648 διέχεεν.
1607 1577 1768 1630 Ὅθεν
1808 1579 1900 1630 καὶ

312 1673 507 1743 ἄνεμοι
564 1673 778 1726 ὲωθινοὶ
819 1673 913 1726 καὶ
937 1673 1114 1743 δρόσοι
1156 1673 1213 1723 ὲν
1246 1670 1431 1741 αἰθρίᾳ
1453 1670 1551 1739 τὴν
1581 1672 1683 1739 γῆν
1706 1672 1899 1741 περιρ-

312 1766 521 1836 ρέουσι.
563 1766 843 1837 Τοσαύτην
875 1766 930 1820 δὲ
968 1762 1132 1819 οὖσαν
1158 1765 1256 1836 τὴν
1285 1764 1388 1833 γῆν
1415 1763 1528 1827 πῶς
1563 1763 1627 1816 ἂν
1658 1763 1897 1833 ἠδυνήθη

310 1857 369 1908 ὲν
396 1857 494 1926 μιᾷ
523 1854 720 1927 καιροῦ
756 1858 896 1926 ῥοπῇ
933 1856 1030 1925 τὴν
1062 1856 1243 1907 πᾶσαν
1276 1853 1701 1923 καταφωτίζειν,
1739 1856 1786 1905 εί
1830 1854 1903 1926 μὴ

309 1946 420 1999 ἀπε
474 1946 717 2017 μεγάλου
765 1945 860 2000 τοῦ
900 1946 1099 2000 κύκλου
1154 1946 1263 2017 (65)
1304 1946 1401 2017 τὴν
1448 1946 1622 2016 αὐγὴν
1647 1947 1902 2017 ὲπηφίει;

322 2040 599 2094 Ἑνταῦοά
632 2058 721 2111 μοι
751 2041 848 2111 τὴν
878 2040 1066 2110 σοφίαν
1087 2039 1181 2093 τοῦ
1200 2040 1441 2109 τεχνίτου
1468 2038 1904 2110 κατάμαθε,πῶς

303 2129 384 2199 τῷ
416 2130 753 2201 διαστήματι
803 2130 978 2200 τούτῳ
1019 2130 1331 2201 σύμμετρον
1379 2130 1579 2182 ἔδωκεν
1608 2128 1759 2199 αὑτῷ
1808 2128 1904 2200 τὴν

302 2220 648 2291 θερμότητα.
682 2221 946 2274 Τοσοῦτον
982 2222 1090 2292 γάρ
1129 2223 1275 2274 ἐστιν
1314 2221 1482 2275 αὑτοῦ
1523 2222 1584 2274 τὸ
1637 2221 1901 2293 πυρῶδες.

300 2311 375 2371 ὼς
399 2312 549 2381 μήτε
576 2310 641 2363 δι’
676 2310 980 2383 ὑπερϐολὴν
1010 2310 1343 2380 καταφλέξαι
1366 2311 1464 2381 τὴν
1491 2311 1617 2381 γῆν,
1651 2312 1787 2382 μήτε
1818 2311 1905 2365 διὰ

302 2399 400 2470 τὴν
430 2398 677 2468 ἔλλειψιν
719 2400 1139 2470 κατεψυγμένην
1168 2402 1339 2471 αὐτὴν
1370 2403 1463 2453 καὶ
1492 2401 1683 2469 ἄγονον
1712 2402 1903 2455 ἀπολι-

305 2494 449 2545 πεῖν.
499 2493 727 2562 ’Λδελφὰ
755 2494 811 2545 δὲ
832 2497 944 2558 τοῖς
981 2496 1291 2565 εἰρημένοις
1309 2496 1402 2548 καὶ
1430 2494 1499 2548 τὰ
1529 2496 1657 2567 περὶ
1689 2496 1787 2566 τῆς
1824 2513 1905 2565 σε·

305 2584 483 2655 λήνης
525 2585 766 2638 νοείσθω.
799 2586 955 2654 Μέγα
987 2587 1097 2658 γάρ
1134 2589 1224 2639 καὶ
1269 2587 1331 2639 τὸ
1354 2587 1560 2658 ταύτης
1584 2572 1785 2660 σῶμα,
1809 2592 1903 2643 καὶ

310 2679 620 2742 φανότατόν
649 2696 714 2746 γε
747 2679 886 2749 μετά
913 2680 1003 2733 τὸν
1036 2680 1208 2749 ἥλιον.
1239 2682 1350 2733 Οὐκ
1385 2682 1474 2734 del.
1508 2681 1689 2752 μέντοι
1709 2684 1902 2755 ὁρατὸν

310 2773 491 2842 αὐτῆς
516 2771 757 2841 διαμένει
789 2772 850 2824 τὸ
883 2772 1129 2843 μέγεθος·
1151 2773 1285 2828 ἀλλὰ
1318 2773 1411 2827 νῦν
1437 2775 1533 2844 μὲν
1565 2776 1903 2846 ἀπηρτισμέ-

311 2882 379 2935 νη
407 2863 489 2935 τῷ
524 2864 728 2935 κύκλῳ,
770 2865 864 2918 νῦν
896 2866 953 2917 δὲ
986 2866 1307 2920 ἐλλείπουσα
1342 2867 1451 2937 (64)
1483 2869 1576 2920 καὶ
1609 2870 1900 2939 μειουμένη

316 2955 591 3023 φαίνεται,
616 2955 738 3008 καθ’
780 2955 967 3025 ἕτερον
1004 2956 1199 3026 ἑαυτῆς
1249 2957 1415 3027 μέρος
1457 2958 1817 3027 προδεικνὼα
1841 2959 1903 3010 τὸ

313 3045 524 3100 λεῖπον.
580 3045 756 3116 Ἀλλῳ
794 3045 895 3116 μὲν
924 3046 1031 3118 γὰρ
1066 3046 1220 3117 μέρει
1279 3047 1557 3111 σκιάζεται
1606 3048 1900 3119 αὐξομένη,

2020 567 2115 620 sed
2158 566 2438 621 confusam
2483 581 2770 635 corporum
2809 565 3036 635 efﬁgiem
3077 568 3427 635 apprehendi.
3478 568 3588 621 Ma-

2020 677 2185 730 gnum
2227 660 2389 729 igitur
2412 668 2494 712 est
2523 657 2805 721 luminare,
2836 657 2988 728 juxta
3029 657 3322 727 Scriptura:
3347 658 3589 714 testimo-

2019 750 2193 811 nium.
2232 764 2296 803 ac
2337 746 2547 801 infinito
2584 745 2756 815 majus
2799 762 2960 816 quam
2991 757 3230 814 apparet.

2085 842 2195 913 60
2222 840 2305 893 lO.
2351 839 2456 895 Sed
2480 848 2534 894 et
2569 838 2701 893 illud
2732 839 2825 894 tibi
2853 840 3073 893 evidens
3096 839 3167 893 sit
3202 837 3587 908 magnitudinis

2012 935 2245 1003 signum.
2279 932 2540 999 Quamvis
2591 931 2977 1001 innumerasit
3018 930 3071 983 in
3113 930 3252 985 caelo
3302 930 3584 985 stellarum

2012 1025 2325 1089 multitudo;
2358 1022 2638 1077 collectum
2688 1022 2925 1090 ipsarum
2953 1021 3130 1077 lumen
3160 1021 3224 1076 ad
3267 1022 3441 1075 noctis
3484 1020 3581 1074 tri-

2008 1118 2212 1171 stitiam
2247 1115 2640 1171 dissolvendam
2668 1130 2772 1169 non
2800 1112 3014 1169 suﬂicit.
3042 1114 3111 1167 At
3140 1114 3310 1169 solum
3342 1113 3468 1167 illud
3504 1113 3586 1167 lu-

2008 1210 2236 1274 minare,
2277 1207 2437 1262 simul
2482 1218 2540 1260 ut
2587 1222 2751 1276 super
2794 1207 3136 1260 horizontem
3184 1214 3429 1273 apparet,
3474 1205 3584 1258 imo

2006 1303 2133 1355 dum
2176 1302 2351 1355 adhuc
2393 1309 2762 1369 exspectatur,
2808 1299 3127 1368 priusquam
3163 1298 3323 1351 etiam
3360 1298 3583 1352 omnino

2004 1406 2165 1460 supra
2201 1401 2400 1459 terram
2426 1390 2684 1455 emineat,
2718 1396 2769 1440 et
2809 1387 3061 1441 tenebras
3091 1385 3338 1453 dissipat,
3368 1393 3419 1437 et
3450 1381 3580 1437 stel-

2004 1485 2082 1539 las
2122 1485 2406 1554 splendore
2468 1492 2710 1554 superat,
2775 1492 2828 1535 et
2873 1478 3354 1548 circumjacentem
3402 1473 3582 1529 telluri

2002 1593 2181 1631 aerem
2216 1585 2371 1630 antea
2407 1587 2721 1629 concretum
2763 1583 2817 1626 et
2860 1573 3148 1627 densatum
3183 1570 3469 1639 liquefacit
3509 1583 3574 1622 ac

2002 1668 2247 1722 eﬂuudit.
2295 1665 2449 1721 Unde
2494 1678 2547 1720 et
2598 1666 2742 1719 venti
2795 1664 3045 1719 matutini
3095 1672 3150 1717 et
3197 1678 3287 1716 ros
3336 1663 3388 1715 in
3444 1661 3582 1716 sudo

2007 1774 2206 1816 terram
2256 1759 2660 1816 circumfluunt.
2705 1759 2984 1826 Quomodo
3024 1766 3204 1811 autem
3260 1766 3460 1810 terram
3494 1762 3579 1808 to-

2011 1866 2139 1917 tam,
2176 1870 2297 1907 cum
2334 1864 2478 1907 tanta
2515 1853 2620 1916 sit,
2671 1867 2777 1905 uno
2829 1850 3086 1919 temporis
3141 1858 3411 1902 momento
3458 1845 3580 1899 illu-

2009 1962 2189 2002 εῖναι-ε
2223 1956 2430 2017 posset,
2464 1946 2566 2000 nisi
2598 1962 2626 1998 a
2659 1960 2855 2013 magno
2891 1944 3023 1997 orbe
3060 1943 3239 1995 lumen
3272 1938 3580 1995 emitteret?

2009 2040 2105 2093 llic
2162 2040 2332 2102 disce,
2374 2052 2581 2106 quaeso,
2626 2037 2836 2105 opificis
2894 2036 3252 2103 sapientiam,
3306 2032 3579 2101 quomodo

2006 2132 2241 2185 calorem
2293 2131 2392 2198 ipsi
2436 2129 2665 2183 contulit
2707 2138 2852 2182 tanta
2900 2129 2986 2181 hic
3039 2126 3322 2181 intervallo
3379 2138 3579 2178 conve-

2008 2223 2259 2277 nientem.
2321 2221 2369 2277 ls
2406 2232 2489 2276 est
2533 2222 2676 2276 enim
2721 2221 2890 2290 ipsius
2936 2219 3106 2285 calor,
3149 2228 3207 2273 ut
3249 2233 3422 2286 neque
3451 2231 3578 2286 pro-

2007 2323 2127 2381 pter
2169 2313 2500 2368 nimietatem
2558 2313 2751 2366 adurat
2791 2309 3060 2375 tellurem,
3117 2322 3291 2376 neque
3334 2321 3431 2377 per
3488 2306 3581 2359 de-

2008 2406 2203 2460 fectum
2246 2406 2657 2477 perfrigeratam
2714 2404 2864 2457 illam
2912 2401 3369 2468 infecundamque
3415 2398 3578 2459 relin-

2004 2507 2151 2568 quat.
2203 2496 2320 2552 Jam
2367 2512 2682 2568 germanum
2726 2496 2980 2566 quiddam
3026 2510 3089 2549 ac
3126 2494 3301 2549 simile
3343 2494 3427 2547 bis
3460 2506 3579 2561 quae

2004 2592 2145 2644 dicta
2182 2600 2327 2653 sunt,
2356 2590 2422 2644 de
2463 2591 2585 2642 luna
2633 2590 2794 2644 etiam
2836 2589 3189 2658 intelligatur.
3220 2584 3314 2641 Est
3341 2586 3483 2640 enim
3522 2594 3578 2639 et

2003 2698 2200 2752 corpus
2227 2684 2393 2751 ipsius
2420 2698 2698 2753 magnum,
2729 2691 2783 2735 et
2820 2691 2940 2750 post
2978 2681 3147 2735 solem
3179 2692 3309 2734 sane
3340 2677 3580 2744 Splend-

2003 2776 2305 2829 dissimum.
2358 2776 2474 2831 Non
2532 2785 2708 2829 tamen
2760 2788 2975 2842 scmper
3019 2770 3251 2825 visibilis
3299 2777 3579 2838 permanet

2004 2866 2172 2936 ipsius
2199 2867 2511 2938 magnitudo
2551 2882 2565 2919 :
2605 2868 2697 2920 sed
2750 2879 2891 2920 nunc
2928 2864 3141 2933 quidem
3171 2863 3223 2916 in
3252 2876 3352 2916 suo
3374 2859 3579 2914 circulo

2004 2960 2273 3026 absoluta,
2321 2976 2465 3013 nunc
2495 2974 2621 3013 vero
2653 2957 2911 3011 deficiens
2943 2964 3104 3024 atque
3138 2954 3417 3009 imminuta
3446 2964 3573 3005 cou-

2003 3054 2251 3124 spicitur,
2292 3062 2348 3107 et
2384 3052 2554 3107 altera
2595 3051 2675 3106 sui
2707 3061 2863 3119 parte
2888 3049 3155 3104 defectum
3186 3045 3442 3101 ostendit.
3484 3043 3574 3097 Et-

312 3137 443 3192 ἄλλο
481 3137 537 3190 δὲ
590 3138 752 3208 μέρος
781 3138 951 3208 αὑτῆς
981 3140 1039 3192 ὲν
1071 3137 1148 3209 τῷ
1192 3138 1369 3210 καιρῷ
1397 3139 1496 3209 τῆς
1531 3140 1736 3208 λήξεως
1766 3141 1902 3194 ἀπο-

2007 3148 2148 3201 enim
2182 3149 2310 3201 dum
2341 3145 2558 3208 crescit,
2583 3146 2749 3199 altera
2782 3155 2934 3213 parte
2969 3141 3325 3198 obumbratur
3359 3157 3371 3191 :
3408 3137 3575 3192 altera

315 3232 644 3299 κρύπτεται.
676 3230 847 3297 Λόγος
870 3229 927 3282 δέ
956 3247 1039 3293 τις
1066 3229 1302 3302 ἄρρητος
1323 3229 1415 3282 τοῦ
1449 3230 1614 3301 σοφοῦ
1637 3231 1903 3302 ⁵δημιουρ--

312 3323 415 3391 τοῦ
447 3322 549 3392 τῆς
577 3325 827 3394 ποικίλης
860 3324 1064 3393 ταύτης
1113 3323 1415 3394 ὲναλλαγῆς
1440 3323 1549 3378 τῶν
1580 3324 1897 3395 σχημάτων.

315 3416 389 3468 Ἦ
424 3414 535 3485 γὰρ
568 3414 708 3468 ὥστε
739 3418 872 3486 ἡμῖν
904 3416 1210 3486 ὑπόδειγμα
1247 3416 1479 3487 ἐναργὲς
1511 3418 1771 3489 παρέχειν
1790 3417 1900 3489 (65)

313 3507 418 3576 τῆς
451 3506 725 3578 ἡμετέρας
753 3505 986 3576 φύσέως·
1014 3506 1096 3559 ὃτι
1118 3506 1269 3559 οὐδὲν
1300 3506 1527 3576 μόνιμον
1553 3507 1658 3560 τῶν
1691 3507 1902 3580 ἀνθρω-

315 3598 514 3661 πίνων,
542 3598 677 3651 ἀλλὰ
703 3597 772 3651 τὰ
799 3599 896 3669 μὲν
929 3591 999 3652 ’ὲκ
1030 3597 1125 3652 τοῦ
1159 3598 1233 3671 μὴ
1261 3598 1412 3663 ὄντος
1458 3602 1703 3673 πρόεισιν
1743 3604 1823 3666 είς
1844 3602 1904 3656 τὸ

312 3692 546 3753 τέλειον,
580 3691 651 3745 τὰ
673 3692 730 3745 δὲ
765 3691 902 3761 πρὸς
928 3691 1028 3763 τὴν
1060 3692 1265 3745 οἰκείαν
1299 3693 1483 3764 ἀκμὴν
1507 3694 1788 3763 φθάσαντα
1811 3698 1904 3750 καὶ

313 3784 378 3835 τὸ
404 3783 705 3854 ἀκρότατον
736 3784 934 3855 μέτρον
962 3783 1169 3837 ἑαυτῶν
1208 3784 1532 3855 αὐξηθέντα,
1562 3787 1724 3841 πάλιν
1784 3791 1905 3851 ταῖς

317 3875 463 3929 κατὰ
496 3876 691 3947 μικρὸν
730 3876 1050 3948 ὑφαιρέσεσι
1067 3876 1244 3944 φθίνει
1273 3894 1332 3930 τε
1365 3878 1460 3931 καὶ
1496 3879 1784 3946 διόλλυται,
1810 3883 1905 3935 καὶ

320 3968 624 4037 μειούμενα
643 3969 1006 4038 καθαιρεῖται.
1046 3968 1207 4020 Ὥστε
1238 3969 1302 4021 ὲκ
1324 3968 1419 4021 τοῦ
1452 3970 1593 4024 κατά
1618 3972 1715 4042 τὴν
1750 3972 1904 4043 σελή-

315 4078 420 4131 νην
446 4060 717 4131 θεάματος
749 4059 1098 4114 παιδεύεσθαι
1138 4063 1284 4132 ἡμᾶς
1305 4061 1373 4115 τὰ
1399 4063 1665 4135 ἡμέτερα,
1690 4066 1784 4118 καὶ
1806 4066 1904 4137 τῆς

315 4152 545 4221 ταχείας
600 4152 709 4205 τῶν
745 4152 1102 4223 ἀνθρωπίνων
1152 4154 1493 4225 περιτροπῆς
1529 4154 1904 4225 λαμϐάνοντας

318 4243 566 4309 ἔννοιαν,
622 4244 696 4315 μὴ
760 4245 900 4315 μέγα
963 4248 1177 4316 φρονεῖν
1241 4249 1363 4310 ταῖς
1426 4247 1749 4320 εὐημερίαις
1808 4248 1903 4302 τοῦ

322 4336 480 4407 βίου,
554 4338 627 4407 μὴ
705 4338 1103 4405 ὲπαγάλλεσθαι
1169 4339 1541 4403 δυναστείαις,
1612 4339 1687 4411 μὴ
1745 4340 1903 4393 ἐπαί-

323 4429 517 4499 ρεσθαι
563 4429 792 4481 πλούτου
846 4429 1152 4501 ἀδηλότητι,
1196 4436 1543 4503 περιφρονεῖν
1568 4434 1669 4503 τῆς
1705 4433 1905 4505 σαρκὸς

321 4519 456 4589 -τερὶ
488 4519 553 4591 ἢν
599 4521 632 4590 ὴ
686 4518 1001 4585 ἀλλοίωσις,
1050 4520 1430 4591 ἐπιμελεῖσθαι
1476 4522 1532 4575 δὲ
1577 4524 1676 4593 τῆς
1724 4523 1905 4594 ψυχῆς
1938 4505 1980 4558 D

317 4607 391 4682 ἦς
433 4612 491 4664 τὸ
545 4611 751 4679 ἀγαθόν
788 4614 937 4664 ἐστιν
996 4612 1271 4683 ἀκίνητον.
1333 4614 1480 4666 Είδὲ
1533 4614 1693 4668 λυπεῖ
1750 4633 1810 4668 σε
1866 4618 1899 4684 ἡ

321 4703 521 4775 σελήνη
580 4707 699 4768 ταῖς
759 4703 901 4757 κατά
955 4704 1148 4777 μικρὸν
1198 4706 1518 4776 ὑφαιρέσεσι
1577 4708 1637 4760 τὸ
1689 4709 1897 4777 φέγγος

318 4796 752 4860 ἐξαναλίσκουσα
785 4813 797 4825 ⁶
868 4798 1108 4851 λυπείτω
1164 4815 1223 4850 σε
1274 4798 1437 4853 πλέον
1497 4800 1642 4872 ψυχὴ
1700 4803 1901 4875 ἀρετὴν

317 4889 640 4960 κτησαμένη
846 4892 939 4943 καὶ
964 4891 1051 4944 διὰ
1074 4890 1404 4961 ἀπροσεξίας
1434 4893 1496 4945 τὸ
1527 4894 1689 4948 καλὸν
1705 4896 1895 4965 ἀφανί-

317 4981 527 5045 ζουσα,
563 4983 655 5035 καὶ
688 4981 963 5057 μηδέποτε
996 4983 1090 5036 ἐπὶ
1131 4983 1231 5055 τῆς
1265 4985 1434 5055 αὑτῆς
1472 4986 1765 5051 διαθέσεως
1802 4990 1896 5057 μέ-

314 5091 516 5139 νουσα,
558 5072 693 5128 ἀλλά
739 5074 920 5129 πυκνά
955 5077 1267 5148 τρεπομένη
1315 5078 1409 5129 καὶ
1456 5079 1895 5151 μεταόαλλομένη

393 5275 507 5343 (62)
544 5274 676 5350 Reg.
716 5275 939 5344 quintus
966 5278 1101 5350 πρὶν
1134 5277 1228 5331 καὶ
1270 5278 1574 5350 ὑπεροχεῖν-
1610 5279 1762 5335 Colb.
1793 5282 1900 5349 pri-

319 5362 442 5418 rnus
490 5346 585 5399 καὶ
630 5347 909 5418 ὑποσχεῖν.
964 5346 1102 5401 Editi
1152 5364 1273 5401 cum
1322 5346 1590 5418 aliquibus
1636 5366 1765 5404 mss.
1796 5346 1902 5403 ’καὶ

320 5416 635 5539 Ξῗτερσχεῖν.
670 5417 736 5472 Et
777 5416 936 5487 paulo
969 5426 1091 5488 post
1116 5418 1266 5472 Colb.
1312 5416 1582 5475 secundus
1610 5436 1901 5491 συμπεπη-

319 5502 480 5555 τοτα.

398 5556 507 5627 (65)
540 5556 768 5613 Codices
815 5568 920 5612 neu
970 5558 1123 5627 pauci
1159 5558 1252 5612 τοῦ
1292 5560 1509 5613 κύκλου.
1552 5560 1899 5614 Desideranti-

325 5627 586 5701 articuius
613 5630 664 5701 in
689 5630 939 5701 excusis.
956 5628 1099 5701 Infra
1122 5646 1250 5684 mss.
1282 5631 1433 5684 multi
1459 5631 1559 5701 τὴν
1584 5633 1707 5700 γῆν.
1734 5632 1899 5685 Abest

326 5697 585 5751 articulus
611 5700 677 5751 ab
706 5699 886 5754 editis.
911 5700 1151 5753 Subinde
1184 5701 1399 5753 codices
1423 5697 1528 5754 duo
1555 5697 1890 5755 καταλιπεῖν.

327 5768 521 5848 Statim
551 5768 803 5849 permulti
839 5785 965 5824 mss.
1006 5770 1103 5839 τῆς
1149 5770 1396 5840 σελήνης.
1433 5771 1591 5827 Dccst
1635 5774 1895 5829 articulus

329 5855 382 5892 Ill
417 5853 648 5895 ριευειε.

2003 3254 2137 3293 vero
2195 3237 2339 3292 illius
2396 3252 2523 3307 pars
2585 3245 2830 3305 tempore
2876 3233 3207 3289 deorementi
3250 3230 3576 3288 occultatur.

2003 3330 2176 3385 Porro
2200 3330 2429 3399 sapienti
2457 3327 2635 3398 opiﬁci
2662 3330 2713 3381 in
2744 3329 2844 3381 hac
2871 3324 3018 3379 varia
3044 3323 3337 3395 figurarum
3369 3336 3578 3391 permu-

2007 3424 2212 3478 talione
2242 3436 2348 3476 non
2386 3421 2555 3476 defuit
2589 3434 2789 3474 arcana
2826 3419 3069 3487 qmedam
3102 3415 3263 3471 ratio.
3292 3416 3401 3468 Aut
3431 3414 3574 3468 enim

2006 3516 2058 3571 id
2084 3517 2162 3581 iit,
2186 3524 2244 3570 ut
2264 3514 2419 3569 nobis
2443 3523 2643 3568 nostra:
2663 3521 2870 3567 naturae
2891 3511 3237 3581 perspicuum
3263 3509 3568 3575 exemplum

2007 3610 2263 3678 praebeat.
2294 3606 2501 3662 scilicet
2520 3605 2653 3659 nihil
2686 3603 2908 3658 immani
2932 3590 3128 3657 stabile
3151 3615 3271 3655 esse
3299 3623 3313 3655 -.
3342 3600 3437 3653 sed
3468 3598 3574 3652 alia

2005 3699 2224 3769 quidem
2247 3713 2370 3769 qua:
2403 3711 2507 3751 non
2540 3696 2897 3759 exsistebant,
2925 3696 2991 3749 ad
3030 3691 3421 3764 perfectionem
3447 3706 3574 3759 per-

2005 3791 2169 3846 duci:
2203 3792 2311 3844 alia
2353 3803 2484 3844 vero
2530 3787 2599 3843 ad
2641 3787 2921 3857 proprium
2960 3784 3201 3856 vigerent
3249 3796 3535 3852 progressa
3562 3821 3576 3841 ,

2005 3896 2388 3950 summumque
2405 3893 2671 3933 mensura:
2689 3878 2927 3947 ipsorum
2948 3876 3340 3930 incrementum
3363 3874 3575 3941 adepta,

2006 3974 2201 4029 iterum
2226 3972 2481 4042 paulatim
2505 3970 2867 4026 decrescendo
2889 3966 3189 4035 corrumpi,
3218 3964 3574 4033 dissolvique,

2006 4078 2058 4123 et
2093 4067 2380 4122 imminuta
2420 4065 2645 4121 destrui.
2674 4064 2856 4131 Quare
2898 4078 2963 4117 ex
3016 4061 3157 4116 luna:
3208 4070 3429 4129 aspectu
3484 4074 3581 4113 nos

2006 4166 2190 4211 nostra
2235 4155 2552 4219 erudimur,
2602 4165 2661 4209 ut
2699 4153 2933 4208 celerem
2974 4167 3156 4206 rerum
3220 4150 3581 4204 humanarum

2007 4248 2359 4303 mutationem
2438 4244 2843 4317 percipientes,
2910 4246 2979 4301 ob
3060 4245 3184 4299 vita:
3262 4243 3581 4298 felicitatem

2007 4358 2112 4396 non
2153 4342 2381 4396 nimium
2428 4342 2585 4395 nobis
2628 4354 2969 4409 arrogemus,
3020 4352 3196 4406 neque
3241 4338 3293 4390 in
3340 4334 3581 4402 potentia

2014 4436 2331 4503 gloriemur,
2379 4449 2554 4502 neque
2606 4433 2922 4486 divitiarum
2972 4432 3177 4485 incerto
3225 4430 3581 4491 attollamur,

2010 4527 2103 4581 sed
2139 4542 2360 4582 carnem
2406 4542 2526 4595 qua:
2576 4535 2837 4587 mutatur,
2885 4539 3243 4593 aspernemur
3275 4565 3289 4588 ,
3341 4524 3579 4574 animam

2012 4633 2139 4672 vero
2188 4617 2344 4687 cujus
2384 4618 2665 4671 immotum
2712 4624 2796 4670 est
2842 4618 3063 4677 bonum,
3108 4630 3378 4670 curemus.
3429 4611 3583 4678 Quod

2005 4712 2049 4764 si
2106 4710 2230 4764 luna
2286 4710 2410 4763 dum
2477 4708 2823 4778 splendorem
2890 4708 3146 4777 paulatim
3214 4704 3583 4759 decrescendo

2004 4801 2262 4866 absumit,
2308 4800 2401 4854 tibi
2438 4801 2715 4855 tristitiam
2744 4811 2894 4855 creat
2928 4816 2943 4853 :
2976 4800 3160 4853 dolore
3186 4808 3237 4852 te
3268 4797 3472 4866 majore
3503 4798 3583 4849 af-

2007 4894 2150 4947 liciat
2184 4892 2384 4954 anima,
2418 4906 2559 4962 quae,
2591 4901 2877 4960 postquam
2908 4891 3158 4945 virtutem
3188 4897 3435 4943 assecuta
3475 4896 3582 4954 est,

2008 4988 2204 5036 bonum
2237 4984 2437 5039 amittit
2464 4985 2533 5039 ob
2574 4984 2977 5053 negligentiam,
3006 4992 3063 5037 et
3096 4997 3370 5051 nunquam
3409 4981 3461 5034 in
3495 4995 3585 5034 (Ba-

2008 5080 2125 5133 dem
2162 5078 2404 5147 persistit
2446 5077 2751 5145 affectione,
2794 5077 2888 5134 sed
2942 5077 3259 5147 frequenter
3305 5077 3374 5131 ob
3419 5075 3583 5129 animi

2081 5281 2193 5350 (64)
2227 5282 2377 5336 Colb.
2424 5282 2631 5351 primus
2681 5281 2993 5335 ὲλλιποῦσα.
3048 5280 3404 5351 διαιὶηιίάιιο
3454 5295 3584 5351 mss.

2010 5353 2180 5423 αὑτῆς
2214 5352 2397 5423 μέρος.
2426 5350 2633 5406 ίιιιίιιειιι
2663 5352 2796 5419 lieg.
2834 5354 3054 5423 quintus
3077 5367 3199 5405 cum
3232 5350 3350 5404 aliis
3378 5350 3588 5423 duobus

2012 5421 2146 5477 mss.
2180 5421 2626 5494 προδεικνύουσα.
2670 5424 2810 5476 Editi
2844 5437 2962 5494 cum
2998 5421 3138 5494 Reg.
3161 5421 3587 5494 Δμεινιιοᾼπροδει-

2011 5494 2201 5572 κνύσα.
2229 5491 2355 5572 .110;
2391 5495 2519 5572 lleg.
2559 5504 2743 5546 sextus
2776 5492 3059 5572 σκιάζεται
3083 5491 3444 5572 αὐξανομένη.

2082 5567 2193 5631 ((55)
2231 5565 2383 5619 Colb.
2416 5562 2623 5629 primus
2660 5566 2983 5633 παρασχεῖν.
3032 5562 3172 5616 Infra
3209 5562 3339 5631 lieg.
3383 5562 3589 5627 primus

2005 5637 2322 5706 ἀφαιρέσεσι
2351 5634 2545 5703 φθίνει.

2079 5702 2188 5775 ((56)
2213 5702 2372 5760 Colb.?
2403 5704 2670 5758 secundus
2696 5703 2769 5774 μὴ
2797 5703 3135 5773 κτησαμένη.
3173 5703 3274 5756 Aut
3306 5702 3455 5766 nihil,
3496 5708 3589 5755 aui;

2006 5792 2192 5846 parum
2224 5777 2409 5840 refert,
2446 5776 2611 5829 addas
2642 5792 2707 5828 an
2740 5777 2990 5830 detrahas
3016 5777 3374 5844 negationem.
