4082 6218
535 382 634 441 “3

1868 374 1905 430 S
1969 375 2051 428 BA
2064 365 2218 428 SILII
2260 364 2473 425 MAGNI

3680 352 3785 415 tu

530 492 944 551 inconstantiam
998 492 1225 546 vertitur
1282 507 1345 546 ae
1382 482 1643 546 mutatur.
1674 489 1813 547 Vere
1836 492 2001 557 enim,
2037 501 2085 544 ul

2199 487 2286 540 διὰ
2330 486 2390 538 τὸ
2436 486 2533 554 τῆς
2575 481 2797 553 γνώμης
2839 481 3138 552 ἀνίδρυτον.
3177 478 3266 549 Τῷ
3304 477 3417 532 ὃντι
3467 476 3609 548 γὰρ,
3646 479 3784 535 κατὰ

523 586 725 643 dictum
751 595 856 650 est,
883 584 1087 639 Stultus
1103 585 1235 638 sicut
1262 584 1389 638 luna
1412 593 1645 638 mutatur
1671 582 1735 638 ⁸⁸.
1765 583 1903 650 Quin
1932 585 2095 639 etiam

521 678 588 733 ad
621 676 875 732 animalia
908 677 1316 741 constituenda,
1361 688 1419 731 et
1447 676 1513 732 ad
1564 691 1650 732 res
1705 686 1931 732 casteras
1973 692 2097 746 qua:

518 779 584 823 ex
622 776 768 824 terra
805 778 1105 825 nascuntur
1132 769 1520 838 perﬁciendas,
1561 769 1703 825 luna:
1734 770 2093 824 mutationem

522 876 629 916 nou
668 869 863 931 parum
891 860 1201 916 conducere
1228 860 1492 915 arbitror.
1521 861 1697 916 Aliter
1742 861 1885 915 enim
1914 875 1975 914 ea
2005 861 2098 915 de-

520 962 825 1012 crescente.
852 950 1010 1005 aliter
1032 949 1222 1006 eadem
1254 950 1601 1007 increscente
1632 950 1939 1006 aﬂiciuntur
1969 966 2094 1006 cor-

521 1054 674 1109 pora.
707 1039 865 1097 Nunc
893 1041 1137 1111 quidem,
1167 1055 1231 1096 ea
1255 1041 1559 1107 desinente,
1606 1057 1727 1096 rara
1760 1043 1893 1097 ﬁunt
1917 1051 1971 1097 et
2001 1058 2096 1097 va-

522 1147 620 1187 cua
657 1152 670 1187 :
702 1146 849 1187 nunc
881 1148 1031 1200 vero,
1063 1142 1389 1202 augescente
1413 1141 1468 1188 et
1493 1134 1559 1189 ad
1592 1134 1978 1204 plenitudinem
2025 1132 2096 1189 fe-

520 1224 776 1290 stinante,
797 1225 961 1278 etiam
981 1225 1094 1293 ipsa
1109 1239 1300 1280 rursus
1320 1224 1597 1293 replentur
1617 1242 1633 1291 ;
1654 1234 1935 1294 propterea
1952 1227 2095 1294 quod

522 1306 805 1364 humorem
841 1312 1133 1379 quemdam
1166 1312 1334 1367 calori
1355 1311 1677 1377 immistum,
1706 1313 1798 1382 qui
1823 1315 1891 1369 ad
1910 1323 2094 1384 partes

521 1413 695 1469 nsque
746 1401 1038 1457 interiores
1098 1402 1366 1470 pervenit,
1418 1402 1653 1459 latenter
1683 1405 1787 1477 61
1826 1406 2090 1461 immittit.

518 1487 575 1544 Id
601 1491 883 1548 declarant
911 1503 1023 1548 tum
1050 1494 1113 1560 ii,
1148 1495 1239 1564 qui
1267 1496 1369 1549 sub
1396 1496 1522 1551 luna
1551 1497 1848 1565 dormiunt,
1874 1499 2093 1569 copioso

517 1582 748 1641 humore
786 1588 986 1656 capitis
1018 1602 1209 1642 eorum
1250 1589 1585 1658 capacitates
1635 1590 1893 1659 implente
1924 1609 1937 1643 :
1976 1600 2089 1646 tum

514 1692 710 1732 carnes
736 1692 927 1734 recens
958 1688 1185 1744 necatze,
1208 1681 1336 1734 dum
1367 1681 1476 1735 cito
1523 1689 1908 1750 permutantur
1945 1683 2091 1737 luna:

515 1768 785 1825 deﬂuvio:
832 1780 942 1825 tum
973 1772 1292 1828 animalium
1328 1774 1637 1839 cerebrum,
1673 1782 1728 1828 et
1757 1777 2088 1830 marinorum

2201 578 2260 631 τὸ
2307 575 2593 647 εἰρημένον
2619 615 2634 640 ,
2678 574 2740 626 '0
2784 574 2987 641 ἄφρων
3026 574 3107 636 ὡς
3148 569 3380 637 σελήνη
3410 571 3781 627 ἀλλοιοῦται,

2200 663 2368 738 Οἶμαι
2419 665 2476 718 δὲ
2516 666 2611 719 καὶ
2664 667 2730 735 τῇ
2773 663 2882 716 τῶν
2933 662 3088 726 ζώων
3135 664 3487 733 κατασκευῇ,
3535 665 3631 717 καὶ
3668 668 3786 731 τοῖς

2198 762 2402 826 λοιποῖς
2446 763 2559 825 τοῖς
2593 760 2700 814 ἀπὸ
2742 759 2845 830 γῆς
2892 758 3202 830 φυομένοις,
3254 758 3328 829 μὴ
3374 758 3577 830 μικρὰν
3604 759 3786 832 ὑπάρ-

2203 872 2324 926 χειν
2362 855 2427 907 ὲκ
2455 854 2553 924 τῆς
2580 852 2720 906 κατὰ
2742 853 2841 925 τὴν
2865 851 3094 922 σελήνην
3129 849 3434 922 μεταϐολῆς
3463 852 3564 921 τὴν
3590 853 3782 926 συντέ-

3674 919 3877 936 σ-σ-σ.

2196 948 2366 1000 λειαν.
2404 945 2615 1009 Ἀλλως
2643 944 2753 1015 γὰρ
2785 943 3081 997 διατίθεται
3122 941 3447 1013 μειουμένης
3468 941 3659 1012 αὑτῆς,
3683 942 3783 995 καὶ

2195 1039 2372 1104 ἄλλως
2417 1038 2725 1115 αὑξομένης
2769 1037 2837 1089 τὰ
2880 1034 3107 1107 σώματα
3133 1052 3147 1066 ⁸
3203 1034 3299 1090 νῦν
3349 1035 3449 1106 μὲν
3507 1034 3780 1107 ληγούσης

2194 1132 2365 1204 ἀραιὰ
2404 1132 2702 1202 γιγνόμενα
2745 1129 2839 1183 καὶ
2883 1129 3048 1194 κενὰ,
3086 1127 3182 1182 νῦν
3234 1128 3293 1181 δὲ
3340 1128 3646 1200 αὐξομένης
3682 1130 3780 1181 καὶ

2195 1224 2331 1295 πρὸς
2377 1224 2437 1279 τὸ
2481 1224 2687 1296 πλῆρες
2739 1221 3102 1293 ἐπειγομένης
3151 1220 3247 1273 καὶ
3287 1217 3427 1274 αὑτὰ
3470 1219 3627 1274 πάλιν
3662 1217 3777 1290 (67)

2194 1314 2690 1386 ἀναπληρούμενα·
2724 1313 2861 1367 διότι
2893 1310 3171 1385 ὑγρότητά
3197 1326 3319 1364 τινα
3362 1309 3655 1382 θερμότητι
3684 1328 3781 1364 κε-

2193 1408 2473 1478 κραμένην
2502 1408 2595 1460 ἐπὶ
2624 1403 2685 1459 τὸ
2710 1404 2875 1475 βάθος
2904 1403 3214 1473 φθάνουσαν
3243 1399 3544 1472 λεληθότως
3576 1402 3772 1469 ἐνίησι.

2192 1498 2421 1571 Δηλοὺσι
2456 1498 2513 1551 δὲ
2551 1499 2601 1551 oi
2645 1496 2997 1559 καθεύδοντες
3037 1494 3144 1548 ὑπὸ
3186 1493 3439 1566 σελήνην,
3480 1494 3777 1567 ὑγρότητος

2192 1590 2455 1662 περισσῆς
2484 1590 2584 1651 τὰς
2608 1591 2705 1661 τῆς
2730 1588 2972 1659 κεφαλῆς
3002 1587 3342 1659 εὐρυχωρίας
3376 1584 3774 1658 πληρούμενον

2191 1683 2284 1737 καὶ
2330 1682 2398 1737 τὰ
2451 1681 2728 1752 νεοσφαγῆ
2782 1679 2891 1734 τῶν
2948 1681 3126 1753 κρεῶν
3172 1680 3309 1750 ταχὺ
3350 1678 3659 1750 τρεπόμενα
3701 1681 3775 1750 τῇ

2192 1772 2463 1845 προσβολῇ
2492 1774 2590 1844 τῆς
2615 1771 2843 1843 σελήνης
2858 1789 2869 1801 ·
2910 1773 3003 1826 καὶ
3029 1770 3184 1836 ζώων
3206 1770 3521 1841 ἐγκέφαλοι,
3546 1772 3641 1824 καὶ
3666 1771 3776 1825 τῶν

513 1861 831 1918 animalium
875 1864 1273 1931 bumidissima,
1299 1873 1357 1921 et
1380 1864 1636 1921 arborum
1669 1865 1933 1922 medullaa.
1961 1868 2085 1934 Qua:

2191 1865 2492 1919 θαλαττίων
2529 1865 2597 1919 τὰ
2626 1865 2921 1936 ὑγρότατα,
2950 1862 3044 1917 καὶ
3072 1862 3258 1917 αἰτῶν
3277 1861 3507 1934 δένδρων
3524 1863 3778 1934 ὲντεριῶ-

513 1965 645 2007 sane
673 1954 856 2007 «nnnia
887 1955 1188 2010 mutatione
1227 1970 1325 2010 sua
1364 1965 1700 2013 commutare
1741 1972 1847 2012 non
1882 1970 2086 2026 posset,

514 2046 642 2111 nisi,
670 2049 824 2125 juxta
850 2046 1148 2118 Scriptura:
1179 2050 1569 2118 testimonium,
1594 2053 1645 2106 ei
1692 2052 1896 2109 inesset
1930 2056 2088 2124 quid-

516 2136 661 2199 piam
685 2137 901 2206 ingens,
933 2151 997 2192 ac
1033 2137 1241 2194 viribus
1264 2140 1608 2209 praepollens.
1678 2185 1687 2197 .

591 2228 679 2281 ll.
737 2227 842 2283 Sed
879 2237 934 2284 et
961 2245 1083 2300 quae
1111 2232 1226 2286 aeri
1277 2233 1531 2289 accidunt
1577 2234 1928 2304 affectiones,
1965 2253 2086 2294 cum

511 2295 655 2373 itmte
696 2320 1088 2377 mutationibus
1116 2325 1485 2393 consentiunt,
1516 2328 1661 2383 velut
1695 2337 1961 2386 testantur
1991 2348 2088 2387 no-

513 2409 598 2464 bis
631 2416 685 2463 et
702 2410 1008 2479 repentina:
1041 2414 1506 2484 perturbationes,
1531 2432 1652 2487 quae
1684 2418 1812 2474 dum
1843 2422 2089 2476 nascitur

512 2502 660 2565 luna,
693 2496 925 2560 nubibus
954 2507 1249 2576 exagitatis
1288 2523 1351 2563 ac
1383 2509 1488 2564 sibi
1514 2509 1749 2567 invicem
1785 2527 2086 2568 occurren-

513 2594 676 2661 tibus,
710 2609 853 2665 sape
878 2606 1002 2666 post
1024 2600 1475 2669 tranquillitatem
1507 2613 1904 2674 ventorumque
1928 2605 2085 2660 silen-

511 2687 644 2741 tium
688 2689 1061 2744 exoriuntur:
1106 2691 1257 2760 item,
1317 2694 1637 2763 euriporum
1674 2695 1960 2763 reﬂuxus;
2022 2713 2086 2752 ac

511 2781 698 2847 maris,
722 2783 866 2849 quod
884 2791 1108 2840 vocatur
1144 2784 1417 2852 Oceanus,
1456 2797 1623 2862 aestus
1645 2789 1928 2859 reciproci,
1950 2805 2086 2858 quos

510 2884 829 2941 repererunt
875 2877 1075 2932 accolae
1125 2878 1579 2936 conversionibus
1642 2880 1785 2935 lunae
1833 2883 2085 2937 ordinate

511 2966 857 3027 respondere.
886 2966 1022 3023 Nam
1051 2969 1230 3039 euripi
1253 2970 1397 3025 inter
1426 2970 1668 3041 reliquas
1706 2971 1848 3028 lunae
1878 2974 2084 3044 ﬁguras

509 3056 731 3114 ellluunt
760 3060 815 3116 in
842 3069 1131 3131 utramque
1154 3071 1364 3134 partem
1390 3080 1405 3119 :
1440 3065 1533 3120 sed
1562 3075 1718 3120 ortus
1749 3066 1922 3136 ipsius
1947 3077 2084 3120 tem-

511 3165 663 3217 pore,
691 3165 757 3207 ne
786 3153 1108 3211 brevissimo
1139 3154 1359 3225 quidem
1407 3165 1679 3214 momento
1740 3159 2037 3228 quiescunt
2064 3198 2080 3224 ,

509 3245 604 3299 sed
631 3245 686 3299 in
715 3247 1034 3318 agitatione,
1065 3259 1231 3318 atque
1259 3249 1315 3303 itt
1340 3250 1601 3305 continua
1639 3250 1929 3307 libratione
1963 3268 2083 3322 per-

510 3352 782 3407 severant,
801 3342 971 3399 donec
1005 3357 1196 3398 rursus
1218 3357 1489 3413 apparens
1526 3345 1652 3401 huic
1670 3345 2086 3416 reciprocationi

507 3432 759 3489 ordinem
806 3434 1042 3504 aliquem
1087 3435 1315 3492 dederit.
1373 3435 1676 3492 Occiduum
1722 3448 1903 3494 autem
1936 3453 2086 3493 mare

508 3526 732 3584 aestibus
764 3529 1062 3598 reciprocis
1086 3529 1379 3585 obnoxium
1418 3540 1521 3597 est,
1553 3546 1697 3586 nunc
1744 3531 1963 3600 quidem
1998 3545 2084 3587 re-

513 3627 756 3685 vertens,
788 3635 931 3676 nunc
979 3635 1108 3677 vero
1160 3631 1528 3693 restagnans:
1585 3623 1744 3692 quasi
1787 3632 2083 3678 retrorsum

507 3712 928 3767 subtraheretur
951 3712 1091 3768 luna:
1116 3714 1589 3784 respirationibus,
1616 3729 1679 3769 ac
1698 3714 1893 3771 iterum
1920 3715 2086 3784 ipsius

504 3805 969 3873 exspirationibus
998 3807 1066 3862 ad
1106 3807 1383 3877 propriam
1433 3821 1746 3862 mensuram
1781 3808 2086 3876 impellere-

512 3907 616 3950 tur.
656 3895 783 3953 Hmc
813 3913 843 3952 a
883 3913 970 3953 me
1003 3898 1146 3954 dicta
1179 3908 1322 3960 sunt.
1367 3906 1427 3952 ut
1458 3899 1812 3953 luminarium
1860 3901 2085 3956 demon-

513 3997 785 4044 straretur
818 3992 1162 4061 magnitudo,
1200 4000 1365 4060 utque
1391 4002 1671 4047 constaret
1710 3994 1762 4046 in
1799 3995 1978 4050 verbis
1998 3996 2081 4050 di-

503 4079 709 4135 vinitus
753 4081 1036 4150 inspiratis
1071 4097 1141 4136 ne
1176 4081 1362 4137 ullam'
1380 4083 1603 4152 quidem
1646 4084 1911 4154 syllabam
1962 4101 2084 4142 esse

502 4172 735 4228 otiosam
766 4191 780 4228 :
810 4186 1121 4243 quanquam
1154 4173 1270 4231 fere
1296 4175 1640 4231 nihileorum
1684 4192 1804 4246 qtne
1827 4182 2083 4235 momenti

502 4265 735 4336 alicujus
761 4276 888 4321 sunt
926 4281 994 4340 ac
1039 4266 1425 4337 principaliora
1451 4309 1467 4334 ,
1517 4270 1695 4326 oratio
1729 4280 1916 4325 nostra
1955 4272 2083 4326 atti—

502 4360 581 4427 git
615 4378 628 4413 :
666 4359 817 4428 plura
843 4375 1078 4429 namque
1105 4360 1172 4416 de
1194 4360 1591 4431 magnitudine,
1608 4362 1782 4433 deque
1811 4363 2082 4419 distantiis

504 4450 637 4506 solis
668 4464 732 4505 ac
764 4449 906 4505 luna:
933 4451 1312 4506 ratiocinando
1347 4452 1662 4521 excogitare
1701 4452 1925 4520 poterit,
1986 4453 2079 4521 qui

2191 1977 2298 2013 ναι.
2341 1960 2409 2012 Ἃ
2445 1957 2623 2012 πάντα
2653 1957 2755 2009 οὑκ
2778 1954 2844 2009 ἂν
2874 1953 3137 2026 ἐξήρκεσε
3163 1955 3229 2024 τῇ
3263 1951 3466 2023 ἑαυτῆς
3493 1951 3776 2007 ἀλλοιώσει

2191 2051 2589 2122 συμμεθιστᾷν,
2641 2051 2690 2103 εί
2745 2048 2820 2120 μὴ
2855 2046 3133 2119 ὑπερφυές
3177 2062 3230 2099 τι
3267 2040 3336 2117 ἦν
3370 2045 3465 2099 καὶ
3509 2046 3778 2118 ὑπερέχον

2188 2145 2414 2215 δυνάμει
2445 2143 2584 2197 κατὰ
2612 2142 2711 2214 τὴν
2739 2141 2839 2212 τῆς
2874 2140 3100 2212 Γραφῆς
3131 2138 3457 2211 μαρτυρίαν.

2260 2237 2347 2292 Η.
2382 2236 2492 2290 Καὶ
2512 2234 2581 2289 τὰ
2607 2234 2734 2305 περ)⁸
2766 2232 2859 2286 τὸν
2885 2233 3022 2304 ἀέρα
3046 2232 3103 2286 δὲ
3125 2231 3275 2302 πάθη
3298 2234 3420 2297 ταῖς
3451 2230 3775 2303 μεταϐολαῖς

2187 2329 2391 2399 ταύτης
2435 2326 2868 2391 συνδιατίθεται,
2915 2324 2990 2388 ὡς
3027 2322 3399 2396 μαρτυροῦσιν
3432 2325 3667 2396 ἡμῖνιαῖ
3708 2342 3775 2379 τε

2188 2421 2329 2475 κατὰ
2352 2421 2451 2491 τὴν
2483 2418 2783 2490 νουμηνίαν
2819 2417 3079 2481 πολλάκις
3128 2416 3237 2470 ἀπὸ
3271 2416 3513 2493 γαλήνης
3543 2417 3637 2470 καὶ
3671 2434 3773 2490 νη-

2186 2516 2381 2586 νεμίας
2424 2514 2680 2583 αἰφνίδιοι
2721 2514 2983 2588 ταραχαὶ,
3029 2511 3209 2582 νεφῶν
3255 2512 3633 2583 κλονουμένων
3677 2517 3775 2565 καὶ

2189 2596 2611 2680 συμπιπτόντων
2640 2605 2915 2677 ἀλλήλοις,
2958 2603 3052 2658 καὶ
3092 2605 3151 2658 αἱ
3184 2591 3471 2675 περῖτοὺς
3511 2594 3774 2675 εὑρίπους

2187 2701 2524 2773 παλίρροιαι,
2570 2700 2665 2753 καὶ
2704 2700 2738 2770 ἡ
2780 2699 2909 2769 περὶ
2935 2698 3027 2751 τὸν
3062 2696 3175 2768 (68)
3208 2695 3499 2767 λεγόμενον
3528 2695 3774 2749 ὠκεανὸν

2186 2795 2461 2864 ἄμπωτις,
2511 2792 2578 2863 ἢν
2619 2793 2744 2853 ταῖς
2779 2789 3048 2860 περιόδοις
3083 2789 3184 2860 τῆς
3228 2788 3459 2860 σελήνης
3500 2786 3775 2857 τεταγμέ-

2184 2903 2290 2949 νως
2315 2885 2589 2957 ἑπομένην
2621 2881 2844 2951 ἐξεῦρον
2878 2883 2926 2935 oi
2969 2879 3410 2949 προσοικοῦντες.
3435 2881 3498 2933 Oi
3533 2881 3631 2951 μὲν
3662 2878 3778 2949 γὰρ

2185 2977 2400 3049 εὑριποι
2455 2974 2846 3048 μεταῤῥέουσιν
2893 2976 2977 3043 ἐφ’
3025 2974 3260 3045 ἑκάτερα
3312 2972 3455 3027 κατὰ
3496 2972 3566 3026 τὰ
3609 2971 3779 3026 λοιπὰ

2185 3078 2440 3146 σχήματα
2487 3073 2588 3143 τῆς
2632 3072 2890 3143 σελήνης-
2939 3074 2997 3124 ὲν
3041 3071 3099 3125 δὲ
3146 3069 3226 3140 τῷ
3269 3068 3449 3141 καιρῷ
3484 3071 3583 3141 τῆς
3615 3070 3776 3138 γενέ-

2113 3201 2156 3259 C
2191 3184 2327 3231 σεως
2366 3166 2476 3238 (69)
2516 3165 2640 3220 οὑδὲ
2685 3165 2747 3219 τὸ
2789 3163 3507 3259 βραχύτατονᾲὰτρεμοῦσιν,
3557 3161 3690 3259 diti:
3711 3164 3777 3216 ὲν

2192 3260 2338 3331 σάλῳ
2378 3260 2473 3313 καὶ
2523 3257 2862 3312 ταλαντώσει
2908 3257 3149 3328 διηνεκεῖ
3196 3254 3622 3326 καθεστήκασιν,
3667 3254 3777 3316 ἕως

2189 3352 2275 3416 ἂν,
2313 3353 2607 3422 ἐκφανεῖσα
2647 3348 2840 3414 πάλιν,
2873 3347 3195 3403 ἀκολουθίαν
3226 3345 3347 3401 τινὰ
3378 3348 3443 3417 τῇ
3480 3345 3777 3416 παλιρροία

2190 3444 2562 3516 παράσχηται.
2612 3441 2678 3494 Ἦ
2714 3441 2773 3495 δὲ
2814 3441 3056 3511 ὲσπερίαξ
3078 3440 3324 3495 θάλασσα
3354 3438 3455 3503 τὰς
3488 3437 3776 3508 ἀμπώτεις

2189 3537 2503 3607 ὑφίσταται,
2537 3533 2631 3587 νῦν
2670 3534 2769 3605 μὲν
2798 3532 3170 3588 ὑπονοστοῢσα
3206 3531 3341 3604 (70),
3378 3529 3539 3585 πάλιν
3564 3529 3621 3581 δὲ
3651 3530 3776 3582 ἐπι-

2188 3628 2476 3693 κλύζουσα,
2502 3625 2691 3698 ὥσπερ
2718 3627 3013 3690 ἀναπνοαῖς
3041 3625 3143 3696 τῆς
3167 3624 3394 3696 σελήνης
3426 3622 3771 3692 ὑφελκομένη

2189 3722 2324 3793 πρὸς
2356 3720 2417 3774 τὸ
2438 3720 2635 3786 ὀπίσω,
2673 3720 2769 3772 καὶ
2794 3717 2956 3771 πάλιν
2984 3717 3105 3780 ταῖς
3136 3716 3230 3769 ἀπ’
3264 3715 3434 3786 αὑτῆς
3468 3712 3773 3775 ἓκπνοίαις,

2187 3812 2266 3873 εἰς
2286 3809 2347 3863 τὸ
2371 3809 2571 3862 οἰκεῖον
2605 3808 2804 3878 μέτρον
2835 3804 3250 3879 προωθουμένη.
3280 3804 3464 3858 Ταῦτά
3488 3821 3577 3874 μοι
3619 3804 3773 3873 εἴρη-

2186 3919 2273 3956 ται
2303 3899 2441 3974 πρὸς
2472 3900 2749 3966 ἀπόδειξιν
2786 3900 2882 3954 τοῦ
2926 3899 3069 3956 κατὰ
3101 3899 3227 3963 τοὺς
3262 3897 3557 3968 φωστῆρας
3604 3895 3771 3974 μεγὲ

2188 3969 2472 4059 θουςίκαὶ
2506 3993 2766 4048 σύστασιν
2792 3990 2886 4047 τοῦ
2928 3991 3063 4063 μηδὲ
3097 3990 3261 4063 μέχρι
3295 3989 3564 4061 συλλαϐῆς
3597 3969 3847 4059 dp???”

2186 4106 2238 4141 τι
2267 4084 2406 4143 εἶναι
2430 4087 2538 4142 τῶν
2573 4085 2946 4140 θεοπνεύστων
2982 4085 3277 4156 ῥημάτωνο
3322 4084 3500 4137 καίτοι
3525 4100 3588 4152 γε
3618 4082 3773 4136 οὐδε-

2188 4184 2274 4249 νὸς
2313 4183 2489 4255 ἥψατο
2526 4183 2709 4253 σχεδὸν
2745 4182 2855 4236 τῶν
2885 4182 3116 4253 καιρίων
3154 4183 3183 4235 ό
3213 4182 3399 4250 λόγος·
3443 4180 3616 4235 πολλὰ
3657 4180 3769 4251 γὰρ

2188 4278 2314 4349 περὶ
2352 4276 2597 4348 μεγεθῶν
2635 4276 2727 4330 καὶ¹
2762 4275 3168 4344 ἀποστημάτων
3212 4274 3362 4344 ἡλίου
3408 4274 3503 4327 καὶ
3541 4272 3769 4345 σελήνης

2187 4372 2332 4424 ἐστιν
2372 4368 2612 4439 ἐξευρεῖν
2651 4370 2760 4431 τοῖς
2804 4367 3087 4437 λογισμοῖς
3112 4367 3203 4419 τὸν
3233 4364 3308 4436 μὴ
3342 4366 3638 4436 παρέργως
3668 4363 3770 4427 τὰς

2184 4461 2463 4535 ἐνεργείας
2509 4460 2688 4514 αὐτῶν
2741 4460 2835 4513 καὶ
2885 4460 2984 4523 τὰς
3035 4459 3290 4529 δυνάμεις
3331 4457 3766 4527 ἐπεσκεμμένον.

499 4544 611 4598 vim
634 4551 691 4598 et
716 4543 973 4599 virtutem
1004 4558 1196 4599 eorum
1223 4543 1365 4599 haud
1392 4543 1764 4614 perfunctorie
1807 4546 2081 4613 expende-

2190 4555 2559 4626 Εὑγνωμόνως
2584 4549 2676 4608 οὖν
2720 4554 2801 4607 δεῖ
2832 4555 3161 4624 κατηγορεῖν
3202 4554 3349 4622 ἡμᾶς
3384 4551 3498 4620 (71)
3526 4552 3627 4622 τῆς
3649 4550 3773 4603 ἐαυ-

505 4638 594 4692 rit.
624 4636 807 4706 Itaque
857 4637 1092 4705 ingenue
1127 4637 1441 4692 accusanda
1484 4645 1570 4692 est
1613 4645 1798 4692 nostra
1834 4638 2076 4707 ipsorum

502 4729 870 4796 imbecillitas,
900 4746 968 4788 ne
1019 4730 1147 4800 quis
1185 4728 1404 4799 opiﬁcia
1444 4728 1683 4782 maxima
1725 4730 1924 4785 nostris
1958 4744 2077 4784 vcr-

568 4866 615 4897 ⁸⁸
651 4864 815 4922 Eccli.
840 4879 1007 4931 xxvn,
1049 4865 1136 4919 12.

572 4955 683 5027 (67)
713 4955 828 5008 Duo
857 4970 988 5027 mss.
1019 4957 1111 5009 καὶ
1138 4956 1310 5011 ταῦτα
1370 4955 1549 5013 πάλιν.
1590 4955 1735 5010 Infra
1764 4955 1898 5027 Reg.
1926 4958 2084 5025 quin-

496 5026 946 5099 ιιιε.εξιρρχωρίας
973 5027 1374 5099 πληρουμένης·
1503 5028 1532 5099 _'

568 5095 944 5169 (68)Allla,'xat
972 5098 1006 5167 ἡ
1033 5095 1160 5169 περὶ
1182 5095 1452 5169 τόν,ξοιο.,
1470 5097 1550 5169 sic
1566 5098 1804 5167 explicat
1824 5098 1961 5153 idem
1994 5099 2083 5153 ille

496 5167 652 5239 cujus
673 5166 791 5239 jam
822 5166 1152 5239 mentionem
1178 5168 1403 5239 fecimus
1425 5166 1681 5239 librarius
1710 5186 1725 5222 :
1754 5169 2082 5239 τικτομένης

496 5235 733 5309 ἴᾶρίτῆς
780 5235 1030 5309 σελήνης,
1059 5236 1124 5309 έν
1178 5238 1373 5309 ἐκείνῳ
1401 5236 1487 5309 τῷν
1522 5236 1671 5309 τόπῳ
1712 5240 1804 5292 τοῦ
1840 5235 2082 5293 ὠκεανοῦ

495 5306 975 5380 ἀποδιίσταταιτδ
1016 5306 1217 5380 κῦμα,
1242 5306 1399 5380 καῖή
1423 5306 1498 5379 γῆ
1540 5306 1757 5378 φαίνετε
1806 5312 1927 5379 (sic,
1988 5326 2083 5379 pro

497 5378 795 5446 φαίνεται),
836 5371 968 5433 Cum
1015 5371 1328 5445 εηῖιηίιιηα
1356 5371 1518 5447 ιῖαέίὶ,
1542 5371 1597 5433 in
1623 5380 1712 5433 illo
1739 5371 1923 5434 oceani
1962 5371 2077 5435 loco

497 5457 702 5517 separat
723 5451 941 5513 undam,
965 5461 1012 5503 et
1030 5459 1171 5505 terra
1198 5460 1433 5517 apparet.

570 5516 681 5602 (69)
953 5516 1457 5602 Pagan-fassam
1503 5519 1703 5602 ἀὺτῆς.
1761 5519 2074 5602 ρςεειρύ-

495 5587 596 5656 τῆς
651 5587 704 5642 in
749 5590 987 5662 editione
1028 5587 1278 5647 Basil.iet
1309 5592 1362 5645 in
1408 5592 1591 5662 nntltis
1620 5587 1749 5646 mss.
1785 5590 1902 5646 Mox
1941 5592 2071 5662 Reg.

495 5666 684 5733 sextus
711 5657 855 5728 σάλῳ
882 5661 977 5733 καὶ
1000 5665 1211 5731 ταραχῇ
1246 5662 1503 5732 διηνεκεῖ.
1537 5661 1692 5726 Illud,
1722 5657 2074 5725 ταλαντώσεῖ,

499 5731 887 5843 ζηιετντςιιιιιιι·
930 5731 1180 5786 laudatus
1217 5731 1327 5800 jam
1359 5733 1610 5789 librarius
1649 5747 1743 5803 per
1775 5749 1952 5790 rorem
1994 5738 2082 5787 κιέ

552 5810 671 5843 πει.

497 5805 671 5863 νησει.

2186 4645 2292 4699 τῶν
2309 4644 2612 4707 ἀσθενείας,
2644 4644 2730 4697 ἵνα
2749 4643 2821 4713 μὴ
2841 4640 2919 4712 τῷ
2938 4642 3192 4713 ἡμετέρῳ
3206 4642 3349 4711 λόγῳ
3372 4641 3635 4712 μετρῆται
3652 4638 3770 4709 (7‘2)

2188 4738 2294 4791 τῶν
2345 4735 2839 4807 δημιουργημάτων
2879 4732 2946 4786 τὰ
3001 4733 3254 4804 μέγιστα,
3302 4732 3440 4786 ἀλλὰ
3475 4732 3535 4799 ἐξ
3571 4730 3772 4800 ὀλίγων

2257 4957 2368 5029 (70)
2394 4958 2504 5029 Dno
2536 4973 2667 5029 mss.
2693 4956 3087 5029 duovoeroﬁca.
3105 4956 3299 5012 Statim
3324 4956 3541 5012 codices
3564 4956 3777 5029 aliquot

2184 5028 2374 5099 ὥσπερ
2427 5028 2767 5092 ἀναπνοίαις.
2808 5030 2912 5082 Alii
2966 5028 3186 5097 quidam
3243 5042 3373 5099 mss.
3438 5043 3561 5099 cum
3604 5028 3773 5081 editis

2185 5096 2503 5160 ἀναπνοαῖς.
2568 5100 2809 5154 Subinde
2845 5096 3012 5154 editio
3076 5098 3264 5161 Basil.,
3323 5096 3488 5153 Coisl.
3540 5106 3775 5163 uterque

2184 5184 2237 5226 et
2294 5171 2382 5222 alii
2423 5169 2663 5239 quinque
2716 5184 2842 5224 mss.
2877 5168 3186 5239 ὲμπνοίαις.
3240 5168 3420 5239 Editio
3470 5167 3643 5239 Paris.
3673 5169 3765 5239 ὲκτ

2185 5235 2608 5302 πνοίαιςᾙΗειξο
2655 5239 2792 5293 luna:
2859 5235 3145 5307 respiratio
3202 5237 3537 5308 philosophis
3597 5238 3769 5293 nostri

2184 5309 2441 5378 temporis
2476 5325 2578 5362 non
2610 5311 2803 5376 placet.
2835 5308 3035 5364 Putant
3068 5310 3283 5379 quidem
3326 5319 3495 5363 mstus
3525 5308 3774 5379 recipro-

2179 5383 2448 5437 cationem
2469 5393 2500 5431 a
2536 5379 2659 5433 luna
2685 5390 2942 5446 tanquam
2972 5395 3002 5433 a
3030 5395 3192 5435 causa
3224 5379 3493 5447 pendere:
3529 5378 3622 5432 sed
3655 5392 3777 5432 rem

2180 5454 2338 5519 longe
2378 5450 2534 5503 aliter
2566 5451 2860 5519 explicnttl.
2889 5450 3122 5504 Possunt
3154 5464 3343 5505 eorum
3375 5449 3499 5504 libri
3540 5464 3571 5502 a
3596 5449 3782 5502 curio-

2178 5526 2250 5579 sis
2275 5522 2427 5592 lcgi._
2610 5590 2636 5592 Μ
2994 5589 3023 5592 _
3091 5590 3120 5592 ﬂ
3507 5588 3562 5592 __
3678 5587 3707 5592 __

2252 5587 2567 5661 (7l)Editio
2609 5590 2772 5645 liasil.
2817 5606 2941 5645 cum
2993 5589 3144 5661 Bodl.
3179 5599 3384 5644 etcum
3412 5588 3596 5643 multis
3643 5587 3777 5661 aliis

2186 5659 2311 5720 mss.
2345 5665 2665 5731 κατηγορεῖν
2700 5662 2862 5731 ἡμᾶς.
2894 5662 3067 5718 Editio
3092 5660 3264 5716 Paris.
3299 5676 3394 5729 per
3422 5659 3777 5715 oscitantiatu

2187 5736 2641 5799 l\'l)(t{.{l’:l|ill0l'lllll
2679 5733 2841 5800 ὑμᾶς.

2268 5805 2372 5856 172)
2405 5803 2478 5857 Ita
2530 5818 2655 5859 mss.
2688 5814 2738 5857 et
2764 5812 2991 5871 utraque
3026 5812 3211 5859 nostra
3240 5802 3422 5860 editio.
3450 5799 3628 5868 Quare
3661 5816 3778 5856 non
