4082 6218
495 335 622 395 145

1613 339 1900 398 HOMlLlA
1947 341 2012 398 Vl
2052 341 2117 397 IN
2160 339 2658 402 HEXAEMERON.

3676 347 3774 405 Mf

493 455 624 511 τῶν
676 455 984 526 εἴρημένων
1024 459 1155 528 παρ’
1192 455 1406 520 ἑαυτοῖς
1457 457 1897 529 ἀναλογίζεσθαι,
1959 459 2086 512 πόσι

2209 461 2295 516 bis
2335 463 2628 518 metiatur:
2667 462 2759 518 sed
2789 476 2852 518 ex
2895 465 3082 536 paucis
3132 479 3251 537 qua:
3295 464 3611 530 retulimus,
3647 474 3778 535 quot

496 550 635 603 τινά
659 552 774 602 ἐστι
806 551 901 602 καὶ
926 549 1133 620 πηλίκα
1171 549 1238 602 τά
1274 549 1601 620 παρεθέντα.
1631 552 1722 622 Μὴ
1754 551 1934 604 τοίνυν
1961 551 2096 624 μηδὲ

501 641 741 712 σελήνην
757 640 1022 713 ὀφθαλμῷ
1057 643 1355 714 μετρήσῃς,
1386 641 1520 696 ἀλλά
1549 642 1816 714 λογισμῷ,
1835 643 1894 706 ὂς
1919 641 2098 712 πολλῷ

499 731 620 785 τῶν
649 733 943 804 ὀφθαλμῶν
972 733 1360 805 ἀκριϐέστερός
1394 736 1509 787 ἐστι
1536 733 1672 804 πρὸς
1718 733 1974 804 ἀληθείας
2007 732 2098 786 εὖ-

501 839 681 896 ρεσιν.
713 824 889 877 Μῦθοί
917 841 1063 888 τινες
1102 824 1497 894 καταγέλαστοι
1545 825 1649 877 ὑπὸ
1687 825 1948 896 γραϊδίων
1997 843 2096 878 κω-

499 917 888 986 θωνιζομένων
927 917 1410 989 παραληρούμενοι
1439 916 1713 988 πανταχοῦ
1757 917 2092 989 διεδόθησαν,
2129 982 2139 988 _

496 1010 587 1062 ὃτι
624 1010 985 1080 μαγγανείαις
1008 1011 1122 1063 τισὶ
1145 1012 1245 1082 τῆς
1282 1012 1490 1075 οίκείας
1517 1013 1679 1083 ἕδρας
1702 1011 2094 1082 ἀποκινηθεῖσα

499 1100 708 1171 σελήνη
747 1099 882 1170 πρὸς
910 1100 1015 1172 γῆν
1044 1101 1437 1173 καταφέρεται.
1473 1101 1598 1166 Πῶς
1633 1101 1732 1173 μὲν
1759 1085 1850 1156 οὖν
1881 1104 2092 1174 κινήσει

497 1193 724 1261 γοήτων
759 1192 984 1264 ὲπαοιδὴ
1005 1234 1018 1258 ,
1056 1193 1120 1263 ἣν
1157 1194 1318 1257 αὑτὸς
1346 1194 1708 1264 ὲθεμελίωσεν
1743 1197 1770 1247 ὁ
1794 1195 2088 1264 ”Υψιστος;

498 1282 671 1345 ῐιοῖος
707 1281 752 1336 δ’
781 1282 847 1337 ἂν
886 1285 979 1336 καὶ
1022 1285 1184 1348 τόπος
1236 1285 1714 1340 κατασπασθεῖσαν
1758 1285 1926 1357 αὐτὴν
1986 1286 2091 1338 ὑπ-

492 1374 751 1442 εδέξατο;
799 1376 987 1430 Βούλει
1035 1378 1142 1432 ἀπὸ
1167 1378 1380 1450 μικρῶν
1411 1380 1726 1452 τεκμηρίων
1760 1379 1945 1434 λαϐεῖν
1995 1380 2089 1431 τοῦ

495 1468 772 1536 μεγέθους
804 1469 979 1540 αὐτῆς
1013 1471 1112 1543 τὴν
1157 1471 1464 1537 ἀπόδειξιν;
1507 1475 1571 1525 Αἱ
1603 1473 1743 1525 κατά
1769 1474 1867 1544 τὴν
1908 1475 2088 1526 οἰκου-

495 1560 673 1631 μένην
708 1561 890 1625 πόλεις
939 1561 1189 1616 πλεῖστον
1230 1562 1476 1635 ἀλλήλων
1526 1565 1913 1636 ἀπῳκισμέναι
1969 1568 2089 1630 ταῖς

489 1653 646 1704 κατά
675 1652 773 1723 τὴν
801 1652 1068 1722 ἀνατολήν
1090 1654 1492 1724 τετραμμέναις
1531 1656 1592 1724 ῥυ
1604 1655 1889 1725 μοτομίαις
1910 1654 2087 1721 ἐξίσου

487 1745 678 1797 πᾶσαι
716 1746 775 1798 τὸ
800 1745 1082 1817 σεληναῖον
1113 1747 1228 1817 φῶς
1263 1748 1630 1819 ὑποδέχονται.
1659 1744 1757 1811 Αἷς
1788 1750 1835 1801 εἰ
1875 1748 1948 1819 μὴ
1980 1749 2086 1801 πά-

487 1856 628 1903 σαις
677 1840 1090 1910 ἀντιπρόσωπος
1137 1835 1226 1911 ἦν,
1271 1840 1396 1903 τοὺς
1454 1841 1553 1910 μὲν
1610 1842 1696 1893 ἐπ’
1732 1840 1948 1903 εὐθείας
1979 1840 2085 1894 τῶν

489 1933 795 1985 στενωπῶν
822 1933 1039 1997 πάντως
1063 1931 1128 1986 ἂν
1160 1931 1523 2001 κατεφώτισε,
1552 1933 1680 1995 τοὺς
1710 1932 1766 1985 δὲ
1800 1932 1863 1984 τὺ
1885 1932 2085 1995 πλάτος

489 2022 670 2094 αὐτῆς
703 2024 1146 2094 ὑπερπίπτοντας
1172 2024 1590 2095 ἐγκεκλιμέναις
1629 2025 1694 2078 ἂν
1733 2027 1854 2087 ταῖς
1893 2027 2087 2093 αὐγαῖς

493 2117 597 2168 ἐπὶ
633 2116 700 2170 τά
757 2117 964 2187 πλάγια
1003 2105 1492 2188 παραφερομέναις
1541 2117 1908 2188 προσέϐαλλεν
1947 2119 2082 2187 (75).

495 2207 680 2280 ’Ὅπερ
723 2211 814 2263 καὶ
869 2211 962 2263 ἐπὶ
1003 2210 1112 2263 τῶν
1150 2209 1356 2279 λύχνων
1403 2209 1549 2260 ἔστιν
1602 2209 1727 2261 ἰδεῖν
1773 2207 1912 2261 κατά
1961 2209 2087 2272 τοὺς

493 2301 682 2366 οἴκους
712 2304 1012 2375 γινόμενον.
1063 2302 1318 2356 Ἐπειδὰν
1353 2302 1572 2364 πλείους
1621 2301 1948 2372 περιστῶσιν
1991 2303 2087 2354 αὑ-

494 2401 610 2464 τὸν,
656 2403 688 2470 ή
735 2401 833 2471 μὲν
875 2400 970 2454 τοῦ
1009 2403 1128 2454 κατ’
1166 2401 1381 2454 εὐθεῖαν
1424 2401 1661 2461 ἑστῶτος
1693 2401 1820 2454 σκιά
1849 2401 1985 2473 πρὸς
2025 2401 2086 2454 τὸ

498 2494 680 2565 ὃρθιον
701 2496 1066 2560 ἀποτείνεται,
1095 2498 1150 2551 αἱ
1182 2497 1238 2548 δὲ
1259 2497 1444 2549 λοιπαὶ
1483 2496 1604 2549 καθ’
1628 2496 1888 2564 ἑκάτερον
1924 2494 2086 2564 μέρος
2111 2560 2130 2575 χ

499 2587 837 2641 ἐκκλίνουσιν
874 2589 1009 2658 (74).
1054 2591 1239 2653 Ὥστε,
1276 2593 1324 2642 εἰ
1378 2589 1451 2660 μὴ
1505 2588 1736 2642 ἄπλετόν
1780 2605 1834 2639 τι
1878 2584 1946 2657 ἦν
1993 2587 2086 2638 καὶ

503 2678 766 2748 ὑπερέχον
797 2677 1017 2749 μεγέθει
1037 2679 1100 2730 τὸ
1131 2679 1450 2748 σεληνιακὸν
1469 2679 1648 2749 σῶμα,
1677 2680 1778 2737 οὐκ
1799 2678 1864 2732 ἂν
1885 2679 2086 2749 ὁμοίως

502 2771 978 2842 ἀντιπαρετείνετο
1008 2772 1196 2825 πᾶσιν.
1244 2772 1478 2841 Ὁμοίως
1507 2771 1615 2841 γάρ
1644 2772 1816 2840 αὐτῆς
1847 2771 1955 2824 ἀπὸ
1977 2770 2084 2824 τῶν

504 2862 834 2934 ίσημερινῶν
863 2863 1044 2916 τόπων
1076 2862 1474 2933 ἀνατελλούσης
1499 2863 1552 2915 οἵ
1579 2881 1638 2915 τε
1671 2861 2086 2934 προσοικοῦντες
2133 2935 2138 2938 _

500 2955 566 3024 τῇ
598 2952 981 3025 κατεψυγμένη
1019 2955 1114 3007 καὶ
1156 2954 1260 3006 ὑπὸ
1303 2954 1414 3024 (75)
1448 2955 1546 3017 τὰς
1587 2945 2086 3027 περιστροφάςτῆς

500 3047 703 3118 ἄρκτου
757 3047 1000 3118 κείμενοι
1044 3047 1552 3118 μεταλαμϐάνουσι,
1590 3049 1682 3098 καὶ
1729 3049 1777 3098 oi
1830 3046 1969 3099 κατὰ
2018 3047 2086 3100 τὰ

2205 562 2259 608 et
2286 562 2488 622 quanta
2527 556 2636 608 sint
2661 569 2725 609 ea
2768 571 2887 625 qua:
2931 559 3133 613 omissa
3182 558 3361 624 luere,
3392 559 3532 627 apud
3562 575 3661 614 vos
3693 577 3778 612 re-

2204 653 2398 712 putare
2424 644 2656 699 debetis.
2683 643 2774 700 Ne'
2793 647 2957 716 igitur
2983 647 3143 703 oculo
3168 647 3350 702 lunam
3387 649 3636 711 metiare,
3681 648 3774 702 sed

2207 737 2440 802 ratione,
2471 752 2593 806 quae
2615 737 2682 792 ad
2705 737 3080 794 inveniendam
3101 741 3385 795 veritatem
3419 741 3591 796 oculis
3619 741 3779 808 longe

2201 826 2512 882 accuratior
2543 836 2625 882 est
2661 841 2727 881 ac
2751 828 2974 881 certior.
3005 827 3267 883 Ridiculae
3304 830 3551 899 quaedam
3579 829 3777 883 fabulae

2202 919 2269 972 ab
2309 918 2540 972 aniculis
2578 917 2888 973 temulentis
2919 917 3240 986 insipienter
3267 919 3532 984 confictae,
3574 920 3774 985 ubique

2199 1007 2533 1078 pervulgatae
2566 1018 2715 1073 sunt,
2743 1009 2887 1077 quod
2911 1008 3037 1062 luna
3063 1009 3518 1063 incantationibus
3542 1009 3771 1078 quibus—

2200 1100 2320 1153 dam
2358 1114 2420 1153 ex
2459 1100 2677 1168 propria
2723 1099 2853 1154 sede
2897 1108 3100 1165 emota,
3135 1102 3202 1154 ad
3246 1110 3443 1154 terram
3473 1101 3767 1157 deferatur.

2199 1192 2480 1259 Quomodo
2511 1206 2641 1262 ergo
2674 1193 3130 1262 pratstigiatorum
3157 1194 3618 1248 incantamentum
3647 1209 3769 1249 eam

2193 1283 2497 1352 emovebit,’
2519 1301 2680 1355 quam
2707 1286 2821 1356 ipse
2843 1286 3156 1341 Altissimus
3194 1285 3482 1341 fundavit?
3510 1287 3769 1354 Quisnam

2196 1393 2324 1431 vero
2380 1378 2530 1433 locus
2589 1378 2887 1432 detractam
2941 1379 3114 1448 ipsam
3146 1377 3420 1448 suscipere
3459 1379 3774 1449 potuisset?

2194 1468 2291 1524 Vis
2324 1486 2389 1524 ex
2424 1471 2634 1540 exiguis
2691 1470 2907 1524 indiciis
2966 1471 3392 1540 magnitudinem
3446 1471 3588 1526 illius
3625 1487 3770 1527 com-

2194 1573 2400 1633 pertam
2417 1563 2650 1618 habere?
2675 1561 2846 1619 Urbes
2867 1562 3016 1618 orbis
3039 1573 3326 1628 terrarum,
3357 1578 3516 1633 quam
3565 1565 3769 1633 longis-

2192 1659 2332 1712 simo
2394 1656 2520 1710 licet
2580 1656 2723 1711 inter
2765 1671 2825 1712 se
2876 1657 3080 1712 dissitas
3137 1657 3448 1722 intervallo,
3495 1672 3562 1712 ex
3608 1672 3764 1727 atquo

2193 1765 2382 1804 omnes
2404 1749 2456 1802 in
2487 1749 2551 1804 iis
2589 1750 2678 1818 qui
2710 1749 2903 1802 orienti
2947 1750 3161 1804 obversi
3190 1758 3318 1804 sunt
3345 1750 3484 1804 vicis
3506 1790 3522 1814 ,
3573 1750 3766 1806 lunare

2121 1809 2162 1864 Β
2196 1844 2372 1897 lumen
2398 1843 2699 1914 excipiunt.
2723 1844 2930 1910 Quibus
2955 1845 3210 1899 omnibus
3229 1844 3330 1898 nisi
3351 1846 3655 1914 oppositam
3687 1844 3768 1898 la-

2192 1936 2331 1989 ciem
2358 1936 2606 2001 haberet,
2633 1939 2953 2005 angiportus
2980 1937 3197 2004 quidem
3231 1944 3378 1990 recta
3399 1937 3499 2004 ipsi
3527 1951 3763 2006 respon-

2190 2032 2382 2084 dentes
2399 2031 2623 2085 omnino
2654 2030 2986 2097 illustraret;
3020 2031 3072 2084 in
3101 2045 3196 2086 eos
3225 2044 3355 2084 vero
3382 2031 3490 2101 62
3519 2030 3610 2100 qui
3643 2029 3766 2085 lati-

2193 2123 2428 2177 tudinem
2458 2122 2628 2192 ipsius
2658 2123 2950 2186 excedunt,
2984 2122 3278 2177 inclinatos
3315 2123 3494 2177 radios
3526 2123 3578 2176 in
3623 2123 3763 2176 obli-

2189 2232 2294 2284 qua
2329 2216 2580 2285 delapsos
2609 2216 2947 2270 immitteret.
2972 2215 3028 2269 Id
3057 2216 3200 2284 quod
3229 2216 3392 2269 etiam
3429 2231 3490 2269 ex
3519 2216 3764 2270 accensis

2190 2312 2240 2364 in
2276 2310 2526 2364 domibus
2556 2309 2791 2364 lucernis
2814 2310 3108 2365 observare
3131 2308 3277 2363 licet.
3314 2307 3443 2361 Nam
3483 2323 3606 2363 cum
3640 2309 3763 2378 plu-

2187 2420 2276 2458 res
2331 2405 2792 2458 circumsteterint
2847 2405 3016 2472 ipsam
3059 2402 3368 2467 lucernam,
3411 2402 3598 2456 umbra
3646 2405 3762 2469 ejus

2188 2497 2279 2566 qui
2305 2497 2514 2551 directo
2549 2505 2678 2560 stat,
2714 2497 2767 2550 in
2815 2496 3085 2550 directum
3130 2495 3432 2565 porrigitur
3463 2536 3478 2561 ,
3541 2495 3762 2565 reliqua:

2187 2603 2317 2642 vero
2363 2588 2416 2642 in
2456 2596 2742 2657 utramque
2794 2589 3071 2643 declinant
3126 2599 3358 2658 partem.
3422 2588 3626 2655 Quare,
3658 2589 3758 2644 nisi

2186 2693 2382 2748 corpus
2437 2681 2626 2734 lunare
2667 2688 2814 2733 esset
2858 2679 3180 2734 immensum
3239 2679 3496 2748 quiddam
3537 2688 3591 2734 et
3624 2695 3762 2748 prae-

2187 2771 2407 2841 graude,
2445 2785 2548 2824 non
2591 2772 2780 2839 utique
2826 2771 2893 2826 ad
2942 2785 3132 2825 omnes
3181 2771 3431 2826 similiter
3467 2773 3761 2826 extendere

2188 2879 2247 2917 se
2273 2873 2476 2932 posset.
2515 2862 2672 2916 Enim
2702 2876 2832 2916 vero
2874 2862 2966 2930 qui
3016 2869 3071 2916 et
3098 2876 3291 2916 zonam
3317 2864 3579 2931 rigentem
3611 2877 3762 2917 acco—

2151 2933 2168 2939 ”
2190 2955 2326 3021 Ιυηι,
2363 2965 2418 3009 et
2452 2955 2552 3009 sub
2577 2969 2718 3009 ursa:
2757 2955 2846 3008 siti
2873 2963 3001 3008 sunt
3023 2954 3496 3020 conversionibus,
3523 2964 3577 3008 et
3605 2952 3759 3020 juxta
3825 2992 3830 2996 η

2190 3048 2439 3102 meridiei
2466 3061 2598 3102 cava
2631 3046 2796 3100 vicini
2833 3053 2959 3100 sunt
2990 3060 3140 3101 zonae
3166 3047 3404 3109 torridas,
3441 3046 3492 3099 hi
3534 3046 3659 3099 luna
3693 3047 3761 3100 ab

501 3139 654 3192 κοῖλα
681 3141 780 3210 τῆς
810 3139 1158 3212 μεσημϐρίας
1185 3140 1282 3210 τῆς
1316 3138 1755 3209 διακεκαυμένης
1805 3139 2042 3206 γείτονες
2065 3154 2078 3166 ·

2187 3138 2658 3208 aequinoctialibus
2704 3137 2836 3192 locis
2866 3138 3075 3193 oriente
3117 3139 3320 3206 pariter
3347 3137 3637 3191 fruuntur:
3694 3128 3760 3192 ad

500 3227 582 3295 οἷς
613 3233 747 3284 πᾶσι
783 3232 926 3286 κατά
951 3233 1012 3284 τὸ
1056 3232 1255 3295 πλάτος
1303 3233 1775 3302 ἁντιπαρήκουσα,
1814 3230 2084 3298 σαίρεστά-

501 3341 600 3395 την
645 3326 946 3397 μαρτυρίαν
993 3325 1086 3380 τοῦ
1148 3325 1414 3396 μεγέθους
1475 3324 1793 3395 παρέχεται.
1845 3324 1943 3386 Τίς
1993 3319 2085 3376 οὖν

501 3419 717 3489 ἀντερεῖ
745 3419 820 3489 μὴ
847 3419 966 3489 οὐχὶ
998 3417 1352 3489 παμμέγεθες
1385 3418 1555 3488 αὐτῆς
1585 3412 1722 3469 εἷναι
1776 3416 1837 3468 τὸ
1890 3415 2049 3486 σῶμα
2069 3459 2082 3482 ,

500 3511 563 3564 τὸ
586 3510 923 3581 τηλικούτοις
955 3509 1088 3580 ὁμοῦ
1138 3511 1232 3563 καὶ
1271 3510 1546 3573 τοσούτοις
1590 3511 1951 3580 διαστήμασιν
2001 3509 2084 3574 ἐξ-

504 3602 784 3674 ισούμενον
807 3620 822 3668 ;
851 3603 961 3656 Καὶ
981 3602 1047 3655 τά
1081 3604 1177 3672 μὲν
1209 3603 1334 3672 περὶ
1365 3602 1613 3673 μεγεθῶν
1641 3602 1792 3672 ἡλίου
1817 3603 1908 3654 καὶ
1933 3601 2085 3673 σελή-

501 3714 598 3765 νης
615 3697 706 3749 ἐπὶ
736 3695 1007 3750 τοσοῦτον.
1051 3696 1213 3766 Ἡμῖν
1239 3696 1295 3748 δὲ
1317 3697 1344 3746 ὁ
1368 3697 1736 3768 χαρισάμενος
1755 3696 1997 3750 διάνοιαν
2021 3699 2084 3749 ἐκ

498 3787 608 3840 τῶν
641 3788 981 3860 μικροτάτων
1003 3789 1102 3858 τῆς
1137 3789 1367 3851 κτίσεως
1395 3789 1494 3858 τὴν
1531 3789 1772 3858 μεγάλην
1787 3789 1880 3841 τοῦ
1912 3780 2088 3859 τεχνί-

498 3895 592 3930 του
609 3878 930 3949 σοφίαν(76)
961 3878 1426 3948 καταμανθάνειν,
1456 3879 1732 3950 παράσχοι
1764 3881 1858 3932 καὶ
1884 3882 1948 3932 ἐκ
1973 3880 2083 3932 τῶν

502 3972 755 4042 μεγάλων
786 3971 1040 4042 μείζονας
1061 3971 1362 4041 λαμϐάνειν
1389 3971 1485 4034 τὰς
1513 3973 1723 4035 ἐννοίας
1741 3973 1835 4025 τοῦ
1871 3973 2084 4025 κτίσαν-

498 4083 608 4130 τος.
637 4066 897 4135 Καίτοιγε
927 4065 1213 4137 συγκρίσει
1230 4063 1323 4118 τοῦ
1349 4066 1576 4136 ποιητοῦ
1601 4066 1751 4135 ἥλιος
1775 4066 1868 4118 καὶ
1887 4065 2080 4137 σελήνη

500 4158 722 4226 ἐμπίδος
757 4159 851 4211 καὶ
892 4158 1182 4230 μύρμηκος
1224 4158 1482 4228 ἐπέχουσι
1512 4159 1668 4226 λόγον
1708 4158 1843 4228 (77).
1875 4159 1946 4210 Οὐ
1975 4158 2082 4229 γάρ

500 4250 646 4303 ἔστιν
671 4251 828 4314 ἀξίαν
856 4251 951 4303 τοῦ
985 4251 1250 4321 μεγέθους
1277 4253 1370 4305 τοῦ
1400 4251 1536 4304 Θεοῦ
1564 4251 1673 4303 τῶν
1712 4252 1845 4303 ὅλων
1874 4252 1939 4304 ἐκ
1971 4250 2083 4304 τού-

500 4357 608 4394 των
635 4341 818 4393 λαὸεῖν
840 4341 940 4411 τὴν
975 4341 1229 4410 θεωρίαν,
1253 4341 1388 4395 ἀλλά
1420 4345 1643 4413 μικραῖς
1667 4359 1776 4394 τισι
1806 4341 1901 4395 καὶ
1941 4343 2082 4412 ἀμυ-

499 4434 652 4503 δραῖς
676 4433 947 4502 ἐμφάσεσι
967 4433 1032 4486 δι’
1050 4433 1230 4486 αὐτῶν
1265 4433 1700 4504 προϐιϐασθῆναι
1733 4433 1868 4505 (78),
1894 4433 2081 4503 ὥσπερ

501 4526 596 4578 καὶ
621 4524 687 4577 δι’
719 4525 947 4578 ἑκάστου
978 4525 1086 4579 τῶν
1119 4527 1460 4596 μικροτάτων
1489 4527 1547 4579 ὲν
1577 4526 1736 4591 ζώοις
1761 4528 1794 4596 ἢ
1831 4528 1888 4579 ἐν
1923 4527 2076 4597 βοτά-

500 4635 637 4680 ναις.
690 4617 1072 4688 ’Δρκεσθῶμεν
1100 4622 1211 4681 τοῖς
1251 4618 1588 4688 εἰρημένοις·
1628 4618 1740 4687 ἐγὼ
1789 4618 1888 4688 μὲν
1916 4619 2076 4687 εὐχα-

502 4710 761 4778 ριστήσας
788 4707 866 4777 τῷ
890 4707 988 4778 τὴν
1021 4708 1223 4779 μικράν
1274 4726 1364 4778 μοι
1409 4708 1613 4778 ταύτην
1659 4708 1934 4762 διακονίαν
1981 4708 2072 4761 τοῦ

499 4799 658 4866 λόγου
701 4801 1082 4872 χαρισαμένῳ,
1133 4801 1289 4872 ὑμεῖς
1338 4801 1394 4854 δὲ
1441 4800 1517 4870 τῷ
1560 4800 1900 4872 διατρέφοντι
1932 4801 2074 4872 ὑμᾶς

497 4893 620 4952 ταῖς
659 4893 1059 4959 πνευματικαῖς
1099 4893 1358 4961 τροφαῖς,
1411 4890 1470 4954 ὃς
1509 4891 1604 4944 καὶ
1657 4889 1751 4944 νῦν
1792 4892 1935 4961 ὑμᾶς
1965 4885 2074 4943 οἷον

497 4979 723 5050 κριθίνῳ
761 4980 869 5032 τινὶ
909 4980 1060 5051 ἄρτῳ
1097 4983 1162 5050 τῇ
1190 4981 1434 5052 εὐτελείᾳ
1463 4983 1561 5051 τῆς
1583 4982 1856 5052 ἡμετέρας
1894 4981 2077 5049 φωνῆς

491 5070 739 5141 διέθρεψε
762 5088 773 5100 ·
811 5071 905 5124 καὶ
927 5071 1205 5144 διατρέφοι
1242 5089 1304 5142 γε
1329 5075 1408 5135 εἰς
1447 5073 1555 5137 ἀεὶ,
1586 5073 1728 5125 κατὰ
1752 5072 1849 5144 τὴν
1889 5073 2077 5126 ἀναλο-

500 5313 662 5388 ενοιἏί
692 5328 883 5388 sumus
915 5314 1191 5388 Duezeum,
1217 5316 1306 5384 qui
1345 5317 1420 5371 ait
1445 5316 1547 5383 legi
1587 5329 1837 5385 oportere
1869 5316 2075 5388 μετρῆ-

497 5399 572 5456 τε.
601 5383 741 5456 _V'nit_
762 5399 950 5438 rursus
983 5387 1074 5456 vir,
1099 5383 1451 5441 doctissimus
1475 5388 1578 5456 legi
1609 5383 1696 5441 hic
1719 5383 1917 5442 debere
1945 5383 2075 5441 ἕνα·

471 5451 804 5525 -λτιγίσησθε,
827 5469 932 5508 non
961 5455 1375 5524 ἀναλογίσασθε,
1408 5469 1463 5509 ιιι
1490 5451 1553 5510 inf
1572 5457 1798 5525 vulgatis
1828 5458 2070 5511 habetur.

498 5521 616 5597 ξιτιιΔ
635 5521 800 5597 nostri
829 5541 1019 5597 novem
1045 5521 1195 5597 ims's.
1240 5521 1413 5596 neque
1449 5521 1861 5597 ἀναλογίσησθε,
1903 5544 2076 5597 neque

498 5545 602 5573 mu
635 5545 800 5577 nostri
829 5545 1019 5579 novem
1067 5545 1195 5580 mss.
1240 5545 1413 5596 neque
1449 5545 1706 5594 αναλογισ
1749 5545 1820 5579 σοι

498 5591 886 5663 ἀναλογίσασθε
921 5596 1237 5663 prteferunt,
1277 5599 1368 5650 sed
1393 5545 1820 5663 ἀναλογίζεσθαι.

706 5662 780 5738 It_a
798 5667 947 5718 multi
982 5682 1108 5738 lllSSr.
1149 5669 1206 5738 At
1237 5669 1364 5719 editi
1399 5668 1750 5738 προσέϐαλεν.

535 5732 681 5804 ,(74)
734 5733 839 5788 Sex
898 5752 1028 5790 mss.
1083 5732 1456 5788 ἐκκλίνουσινί
1508 5738 1646 5790 Editi
1709 5737 2062 5800 ἐγκλίνουσιν.

500 5796 623 5856 his:
648 5814 848 5874 septem
878 5819 1004 5860 mss.
1036 5820 1228 5878 praeter
1269 5809 1506 5865 (Jombel.
1547 5796 1775 5860 ἄπλετόν
1801 5826 1865 5861 τι.
1900 5815 2063 5865 Abest

2189 3244 2327 3300 quos
2368 3244 2558 3284 omnes
2607 3229 2903 3283 secundum
2949 3229 3287 3281 latitudinem
3319 3243 3383 3281 ex
3407 3228 3634 3282 adverso
3669 3223 3761 3282 ac-

2187 3324 2408 3388 cedens,
2449 3321 2834 3390 magnitudinis
2867 3335 2977 3374 sua:
3029 3321 3397 3374 testimonium
3433 3319 3760 3376 tuanilestis-

2190 3417 2386 3470 simum
2418 3415 2642 3483 praebet.
2685 3412 2818 3479 Quis
2850 3413 3013 3481 igitur
3063 3411 3272 3466 inﬁcias
3304 3412 3428 3466 ierit
3463 3414 3758 3466 maximqu

2187 3520 2309 3559 esse
2335 3504 2504 3574 ipsius
2538 3517 2755 3572 corpus,
2788 3517 2910 3556 cum
2939 3511 3016 3553 tot
3051 3514 3115 3555 ac
3144 3501 3308 3555 tantis
3355 3501 3516 3555 simul
3557 3501 3760 3554 distan-

2195 3600 2284 3652 tiis
2317 3590 2677 3667 adaequetur?
2707 3596 2769 3650 Et
2796 3595 3011 3664 quidem
3039 3597 3104 3648 de
3130 3594 3260 3649 solis
3291 3609 3354 3648 ac
3385 3593 3524 3647 luna:
3555 3595 3759 3664 magni—

2191 3692 2377 3746 tudine
2401 3691 2684 3744 hactenus.
2713 3687 2981 3741 Caeterum
3030 3687 3120 3754 qui
3171 3700 3292 3738 eam
3347 3684 3758 3752 intelligentiam

2191 3786 2402 3848 tribuit,
2439 3792 2500 3837 ut
2526 3798 2592 3836 ex
2624 3780 2864 3835 minimis
2903 3781 3064 3834 rebus
3099 3779 3296 3832 creatis
3330 3791 3576 3845 magnam
3601 3776 3758 3846 opili-

2186 3877 2304 3932 ﬁcis
2333 3875 2650 3943 sapientiam
2679 3871 3138 3932 condisceremus,
3163 3870 3364 3922 tribuat
3399 3869 3563 3924 etiam
3593 3877 3651 3922 ut
3691 3882 3761 3923 ex

2188 3965 2400 4035 magnis
2425 3962 2632 4029 majora
2670 3961 2736 4015 de
2770 3969 3018 4013 creatore
3046 3960 3344 4013 sentiamus
3372 3958 3762 4028 concipiamus-

2187 4073 2312 4125 quc.
2345 4056 2668 4122 Quanquam
2694 4051 2992 4106 conditoris
3009 4050 3432 4120 comparatione,
3457 4050 3534 4104 sol
3558 4060 3610 4105 et
3634 4049 3758 4105 luna

2187 4145 2375 4200 culicis
2403 4160 2466 4198 ac
2499 4143 2738 4197 formicae
2788 4143 3052 4196 rationem
3092 4141 3363 4196 obtinent.
3397 4140 3554 4196 Notio
3594 4142 3759 4210 siqui-

2184 4238 2305 4290 dem
2339 4251 2460 4304 quae
2487 4221 2590 4289 Dei
2640 4221 3016 4288 universorum
3049 4234 3419 4303 magnitudine
3466 4235 3624 4304 digna
3665 4235 3755 4298 sit,

2184 4345 2250 4383 ex
2284 4329 2348 4383 iis
2373 4329 2580 4381 desumi
2612 4341 2716 4380 non
2746 4335 2923 4396 potest
2959 4344 2971 4379 :
2999 4326 3091 4380 Sed
3127 4341 3193 4380 ex
3232 4328 3411 4395 parvis
3435 4327 3756 4396 quibusdam

2185 4431 2240 4476 et
2275 4421 2527 4476 tenuibus
2552 4420 2768 4474 indiciis
2799 4436 2896 4489 per
2937 4421 3052 4488 ipsa
3093 4421 3547 4489 quemadmodum
3577 4431 3632 4474 et
3663 4437 3758 4490 per

2114 4500 2158 4556 υ
2187 4515 2397 4584 singula
2433 4513 2796 4568 minutissima
2825 4513 3102 4577 animalia,
3150 4523 3243 4566 aut
3270 4513 3434 4566 etiam
3464 4529 3561 4582 per
3583 4514 3757 4568 minu-

2189 4611 2431 4663 tissimas
2458 4609 2656 4661 herbas
2695 4608 3009 4660 incitamur.
3057 4605 3151 4659 llis
3197 4620 3316 4672 qua:
3349 4604 3491 4659 dicta
3553 4605 3706 4660 luere
3742 4647 3756 4666 ,

2184 4705 2355 4757 simus
2386 4704 2648 4755 contenti.
2681 4700 2790 4769 Ego
2820 4700 3035 4767 quidem
3064 4699 3268 4767 gratias
3305 4713 3403 4767 ago
3429 4699 3498 4761 ei,
3531 4699 3620 4765 qui
3648 4700 3759 4753 exi-

2181 4809 2339 4863 guam
2369 4794 2508 4846 hanc
2537 4791 2688 4845 verbi
2713 4789 3238 4844 administrationem
3263 4789 3391 4843 mihi
3420 4791 3713 4858 impertivit
3739 4809 3755 4857 ;

2183 4903 2282 4940 vos
2319 4901 2447 4939 vero
2474 4893 2657 4955 grates
2687 4884 3009 4953 persolvatis
3041 4883 3090 4936 ei
3123 4883 3211 4950 qui
3251 4897 3344 4936 vos
3387 4884 3758 4950 spiritualibus

2189 4977 2360 5032 nutrit
2389 4976 2685 5040 alimentis,
2711 4975 2801 5043 qui
2833 4976 2997 5027 etiam
3024 4990 3164 5027 mtuc
3195 4988 3290 5027 vos
3311 4974 3458 5027 vocis
3486 4988 3618 5027 mea:
3641 4977 3758 5026 exi-

2186 5071 2338 5125 litate
2393 5079 2648 5138 tanquam
2695 5071 2996 5124 hordeaceo
3045 5067 3278 5137 quodam
3347 5081 3483 5136 pane
3549 5068 3758 5121 enutri-

2179 5331 2231 5366 τι
2257 5315 2322 5366 al)
2355 5312 2536 5367 editis.

2253 5384 2365 5453 (75)
2391 5382 2568 5437 Editio
2593 5381 2757 5435 Basil.
2786 5396 2908 5435 cum
2932 5382 3172 5451 quinque
3200 5392 3328 5433 mss.
3362 5377 3457 5431 καὶ
3496 5375 3621 5430 ὑπό.
3643 5375 3760 5430 Edi-

2183 5455 2256 5509 tio
2280 5454 2452 5507 Paris.
2477 5454 2571 5506 καὶ
2596 5455 2644 5505 oi
2687 5453 2812 5505 ὑπό.

2250 5523 2361 5594 (76)
2409 5522 2485 5578 lta
2540 5539 2731 5578 novem
2777 5537 2911 5577 mss.
2940 5521 3011 5576 At
3041 5521 3170 5577 editi
3207 5517 3450 5591 μεγάλην
3476 5516 3572 5572 τοῦ
3621 5514 3764 5570 Θεοῦ

2179 5595 2388 5662 σοφίαν.

2251 5667 2360 5732 (77)
2396 5663 2506 5715 Duo
2541 5679 2668 5718 mss.
2698 5663 2877 5732 ἔχουσι
2911 5663 3085 5729 λόγον.

2249 5736 2361 5805 (78)
2408 5735 2634 5787 ﬁmum“
2675 5749 2763 5786 50"
2800 5733 3268 5805 προσϐιϐασθῆναι
3320 5736 3456 5790 Editi
3493 5753 3613 5791 cum
3639 5735 3759 5791 alii:

2176 5809 2342 5862 ttiiuts
2377 5821 2500 5862 mss.
2534 5805 2982 5877 προίὶιϐειοθῆναι.
