4082 6218
400 315 503 371 14⁸1

1710 311 1773 366 S.
1816 308 2061 365 BASILII
2102 307 2319 375 MAGNI

3536 314 3635 368 148

396 431 494 485 vit.
525 429 591 484 Et
623 429 827 484 utinam
863 430 972 482 alat
1015 439 1249 495 semper,
1284 424 1437 495 juxta
1498 423 1619 480 ﬁdei
1662 426 1964 492 portionem

2069 426 2194 496 γίαν
2226 427 2324 495 τῆς
2353 426 2587 490 πίστεως
2631 426 2988 499 χαριζόμενος
3024 427 3151 498 ύμῖν
3197 428 3297 499 τὴν
3335 428 3632 502 φανέρωσιν

398 523 639 592 largiens
670 522 822 574 vobis
851 519 1088 587 Spiritus
1128 517 1622 573 manifestationem
1649 518 1696 549 ”
1731 519 1780 571 in
1808 516 1965 571 (ibri-

397 623 481 668 sto
510 610 635 667 Jesn
668 611 894 664 Domino
933 620 1137 674 nostro,
1163 609 1248 663 cui
1281 609 1453 680 gloria
1501 620 1558 665 et
1588 609 1874 679 imperium
1907 608 1961 662 in

397 705 592 760 smcula
619 704 960 757 saeculorum.
993 703 1191 757 Amen.

955 918 1233 973 HOMILIA
1278 919 1387 972 VII.

971 1009 1050 1062 De
1074 1011 1368 1077 reptilibus.

452 1104 505 1158 1.
548 1103 617 1157 Et
639 1102 774 1157 dixit
807 1102 946 1156 Deus
964 1118 982 1155 :
1019 1099 1322 1155 Producant
1345 1116 1498 1170 aqua
1521 1098 1731 1168 reptilia
1748 1100 1958 1154 anima-

394 1212 513 1249 rum
541 1195 820 1250 viventium
846 1193 1005 1261 juxta
1039 1209 1223 1263 genus,
1252 1202 1301 1246 et
1329 1192 1568 1246 volatilia
1613 1191 1841 1246 volantia
1872 1208 1956 1247 se-

392 1287 625 1341 cundant
652 1284 1045 1355 ﬁrmamentum
1082 1284 1199 1338 caeli
1224 1285 1383 1351 juxta
1430 1299 1591 1353 genus
1617 1283 1685 1336 ὀ.
1722 1282 1852 1340 Post
1878 1284 1960 1336 lu—

396 1377 687 1432 minarium
716 1376 1046 1431 creationem
1106 1390 1233 1430 mox
1282 1389 1453 1443 aquae.
1484 1373 1648 1428 etiam
1684 1375 1960 1444 replentur

396 1468 783 1533 animantibus,
819 1476 879 1523 ut
923 1476 976 1522 et
1011 1468 1125 1522 haec
1175 1468 1350 1537 portio
1384 1474 1763 1522 exornaretur.
1790 1465 1959 1521 Acce-

396 1571 549 1628 perat
580 1559 724 1614 enim
777 1567 919 1614 terra
952 1574 1017 1614 ex
1049 1559 1284 1628 propriis
1316 1559 1651 1629 germinibus
1680 1568 1957 1621 ornatum,

394 1649 590 1704 coelum
611 1663 823 1720 quoque
844 1659 1133 1719 acceperat
1158 1650 1437 1705 stellarum
1463 1648 1621 1705 ﬂores
1648 1688 1664 1714 ,
1702 1663 1767 1704 ac
1794 1648 1958 1703 veluti

2068 517 2162 571 τοῦ
2197 517 2513 589 Πνεύματος
2546 519 2603 569 ὲν
2639 518 2857 590 Χριστῷ
2897 518 3070 589 Ἰησοῦ
3111 518 3189 588 τῷ
3229 520 3419 589 Κυρίῳ
3460 518 3631 590 ἡμῶν,

2066 602 2111 676 ᾧ
2140 608 2317 679 ήδόξα
2342 611 2435 663 καὶ
2453 609 2513 663 τὺ
2541 609 2741 682 κράτος
2772 612 2852 674 εἰς
2879 612 3006 673 τοὺς
3043 610 3244 674 αἰῶνας
3270 611 3375 664 τῶν
3404 611 3631 667 αἰώνων.

2080 701 2273 773 Ἀμήν.
3638 704 3655 751 l

2671 917 2931 971 'OMlAlA
2965 919 3041 971 Z'.

2551 1009 2691 1078 Περί
2718 1007 2981 1078 ἑρπετῶν
3008 1008 3142 1079 (79).

2135 1101 2185 1155 1.
2203 1097 2313 1154 Kal
2326 1096 2496 1155 εἶπεν
2513 1102 2546 1154 ό
2569 1101 2733 1168 Θεός’
2751 1100 3111 1171 Ἐξαταγέτω
3127 1099 3200 1154 τὰ
3215 1099 3400 1157 ὕδατα
3418 1101 3630 1170 ἑρπετὰ

2061 1190 2277 1261 ψυχῶν
2301 1190 2501 1253 ζωσῶν
2526 1192 2677 1246 κατὰ
2704 1191 2901 1262 γένος,
2929 1190 3028 1245 καὶ
3070 1191 3309 1245 πετεινὰ
3338 1184 3629 1261 πετόμενα

2063 1284 2213 1338 κατὰ
2238 1283 2304 1337 τό
2332 1283 2636 1354 στερέωμα
2658 1284 2765 1338 τοῦ
2790 1284 3048 1355 οὐρανοῦ
3070 1282 3220 1338 κατὰ
3248 1284 3440 1354 γένος.
3475 1285 3627 1338 Μετὰ

2061 1374 2161 1446 τὴν
2188 1374 2295 1428 τῶν
2328 1376 2630 1446 φωστήρων
2655 1374 3013 1447 δημιουργίαν
3039 1376 3134 1429 καὶ
3158 1376 3225 1429 τά
3253 1375 3418 1429 ὕδατα
3445 1375 3627 1430 λοιπὸν

2064 1462 2364 1535 πληροῦται
2388 1462 2561 1530 ζώων,
2588 1462 2727 1517 ὥστε
2753 1465 2846 1517 καὶ
2865 1464 3069 1536 ταύτην
3091 1464 3626 1537 διακοσμηθῆναιτὴν

2064 1554 2234 1626 λῆξιν.
2278 1555 2539 1609 Ἀπέλαϐε
2587 1555 2686 1626 μὲν
2731 1555 2840 1627 γάρ
2875 1556 2908 1626 ή
2944 1556 3019 1627 γῆ
3057 1556 3149 1609 τὸν
3177 1558 3240 1609 ἐκ
3267 1556 3375 1609 τῶν
3415 1557 3625 1611 οἰκείων

2067 1643 2462 1715 βλαστημάτων
2505 1643 2706 1715 κόσμον
2725 1661 2740 1675 ·
2790 1643 3030 1700 ἀπέλαϐε
3076 1645 3132 1698 δὲ
3175 1647 3204 1700 ὁ
3254 1646 3477 1719 οὐρανὸς
3518 1647 3627 1700 τῶν

394 1743 734 1810 geminorum
767 1741 1047 1797 oculorum
1081 1742 1356 1811 coniectu,
1388 1755 1707 1812 magnorum
1752 1740 1959 1795 scilicet

2066 1738 2279 1808 ἄστρων
2324 1735 2436 1806 (80)
2469 1734 2538 1789 τά
2566 1735 2724 1807 ἄνθη,
2766 1738 2860 1791 καὶ
2883 1737 3045 1792 οἰονεὶ
3076 1736 3309 1808 διδύμων
3338 1737 3627 1808 ὀφθαλμῶν

396 1832 737 1887 luminarium
761 1833 1174 1903 coniugatione,
1210 1833 1390 1888 fuerat
1423 1833 1768 1911 adornatum.
1814 1831 1957 1885 Reli-

390 1940 557 1995 quum
590 1932 730 1991 erat,
766 1932 825 1978 ut
851 1926 1007 1993 aquis
1027 1926 1191 1979 etiam
1220 1939 1377 1980 suum
1421 1925 1753 1979 tribueretur
1798 1936 1960 1977 orna—

397 2026 661 2072 mentum.
696 2014 858 2071 Venit
890 2025 1215 2085 praceptum
1237 2055 1255 2081 ,
1282 2025 1337 2070 et
1375 2015 1557 2070 statim
1580 2013 1729 2068 ﬂuvii
1758 2013 1959 2067 donan-

398 2121 482 2163 tur
514 2110 564 2163 vi
610 2108 964 2179 producendi,
1002 2116 1057 2163 et
1102 2107 1315 2176 singula
1353 2116 1544 2177 stagna
1593 2106 1815 2176 pariunt
1861 2120 1957 2159 sua

395 2199 772 2269 naturaliaque
790 2212 1011 2268 genera.
1045 2197 1185 2263 Quin
1219 2205 1276 2251 et
1298 2211 1449 2251 mare
1469 2195 1782 2251 omnimoda
1807 2204 1962 2248 nata-

398 2292 568 2344 tilium
601 2303 798 2360 genera
832 2289 1207 2358 parturtebat:
1256 2296 1314 2343 et
1370 2302 1437 2342 ne
1464 2300 1527 2342 ea
1562 2285 1780 2355 quidem
1823 2300 1958 2353 aqua

396 2394 517 2449 qua:
563 2388 681 2433 erat
724 2377 778 2433 in
810 2377 1019 2433 limosis
1048 2391 1113 2432 ac
1132 2376 1371 2432 coenosis
1405 2376 1561 2441 locis,
1611 2376 1963 2446 permanebat

394 2473 568 2526 otiosa
596 2491 608 2525 :
638 2484 813 2539 neque
833 2485 863 2523 a
899 2469 1004 2525 ﬂne
1032 2469 1086 2523 in
1119 2470 1399 2524 creatione
1434 2469 1711 2539 proposito
1735 2468 1955 2522 aberra-

397 2563 511 2618 bat.
541 2562 676 2616 Nam
701 2571 853 2617 certe
880 2576 946 2616 ex
978 2561 1111 2632 ipsis
1148 2560 1362 2616 abunde
1408 2561 1762 2630 emergebant
1794 2574 1958 2623 ranae,

399 2654 683 2716 muliones,
702 2652 920 2707 culices.
945 2652 1073 2719 Quae
1090 2651 1232 2706 enim
1249 2651 1356 2724 63
1379 2652 1676 2707 etiamnum
1691 2652 1957 2713 videntur,

398 2752 775 2813 argumentum
823 2753 950 2797 sunt
986 2742 1406 2810 praeteritorum.
1435 2742 1528 2797 Sic
1584 2756 1723 2810 aqua
1785 2741 1962 2797 omnis

396 2835 618 2903 exsequi
649 2833 947 2889 conditoris
973 2834 1054 2888 sui
1093 2833 1377 2901 imperium
1397 2832 1688 2887 festinabat
1715 2850 1729 2885 :
1755 2841 1809 2886 et
1831 2845 1963 2900 qno—

400 2941 517 2979 rum
545 2939 612 2982 ne
650 2940 847 2995 genera
880 2925 1094 2995 quidem
1138 2924 1278 2977 ullus
1304 2938 1624 2977 enumerare
1645 2922 1835 2992 possit,
1868 2924 1963 2976 ho-

399 3032 516 3071 rum
549 3015 734 3071 statim
764 3016 930 3070 vitam
967 3030 1158 3085 magna
1189 3029 1253 3070 ac
1276 3014 1564 3069 ineﬂ'abilis
1598 3014 1689 3067 Dei
1725 3014 1962 3084 potentia

2063 1828 2241 1899 βολαῖς
2311 1830 2378 1899 τῇ
2422 1827 2654 1899 συζυγίᾳ
2697 1827 2805 1880 τῶν
2861 1828 3111 1899 μεγάλων
3155 1831 3456 1900 φωστήρων
3495 1846 3627 1881 κατ-

2060 1918 2360 1990 εκοσμήθη.
2394 1920 2727 1989 Λειπόμενον
2762 1915 2831 1990 ἦν
2873 1919 3102 1983 καὶτοῖς
3137 1919 3291 1973 ὕδασι
3318 1920 3409 1973 τὸν
3430 1921 3626 1972 οἰκεῖον

2060 2010 2259 2081 κόσμον
2280 2009 2625 2080 ἀποδοθῆναι.
2654 2004 2827 2063 τΗλθε
2855 2010 3204 2083 πρόσταγμα,
3231 2009 3327 2063 καὶ
3349 2009 3509 2074 εὐθὺς
3531 2011 3626 2063 καὶ

2060 2100 2293 2171 ποταμοὶ
2320 2100 2567 2172 ἐνεργοὶ,
2624 2102 2719 2155 καὶ
2767 2101 2952 2172 λίμναι
3001 2101 3215 2173 γόνιμοι
3257 2100 3366 2154 τῶν
3412 2101 3626 2153 οἰκείων

2059 2192 2288 2245 ἕκαστον
2314 2192 2495 2245 αὐτῶν
2513 2193 2762 2246 καὶκατὰ
2784 2192 2944 2260 φύσιν
2968 2190 3159 2260 γενῶν.
3186 2190 3296 2247 Καὶ
3324 2194 3357 2263 ἡ
3385 2192 3628 2245 θάλασσα

2059 2286 2128 2337 τά
2172 2284 2490 2339 παντοδαπὰ
2534 2285 2668 2356 γένη
2716 2284 2824 2339 τῶν
2876 2285 3104 2339 πλωτῶν
3141 2284 3318 2351 ὥδινε,
3363 2285 3456 2336 καὶ
3505 2284 3626 2337 οὐδὲ

2060 2379 2181 2431 ὅσον
2211 2379 2269 2430 ἐν
2300 2376 2439 2429 ίλύσι
2472 2377 2566 2430 καὶ
2596 2376 2829 2448 τέλμασι
2859 2377 2951 2431 τοῦ
2986 2377 3177 2440 ὓδατος
3211 2372 3299 2448 ἦν,
3328 2375 3448 2428 οὐδὲ
3470 2374 3628 2427 τοῦτο

2060 2468 2247 2540 ἀργὸν,
2269 2469 2387 2522 οὐδὲ
2413 2468 2640 2541 ἄμοιρον
2662 2448 2777 2537 ⁶τῆς
2810 2469 2952 2521 κατὰ
2981 2470 3080 2539 τὴν
3107 2468 3283 2520 κτίσιν
3320 2464 3628 2527 συντελείας

2060 2562 2343 2632 άπέμεινε.
2397 2561 2667 2632 Βάτραχοι
2697 2560 2806 2630 γάρ
2835 2561 2929 2614 καὶ
2974 2559 3199 2631 ὲμπίδες
3230 2559 3323 2612 καὶ
3369 2556 3627 2621 κώνωπες

2061 2652 2119 2717 ἐξ
2150 2652 2329 2706 αὐτῶν
2366 2650 2725 2717 ἀπεζέννυντο
2755 2652 2863 2723 (81)
2888 2651 3148 2721 δηλονότι.
3184 2650 3266 2703 Τὰ
3286 2652 3392 2721 γάρ
3426 2650 3505 2703 ἔτι
3533 2652 3628 2702 καὶ

2061 2743 2155 2799 νῦν
2179 2742 2429 2816 ὁρώμενα
2466 2742 2738 2808 ἀπόδειξίς
2767 2745 2882 2798 ἐστι
2905 2743 3013 2797 τῶν
3044 2742 3442 2815 παρελθόντων.
3469 2740 3628 2796 Οὕτω

2061 2834 2169 2886 πᾶν
2217 2832 2359 2904 ὕδωρ
2404 2833 2663 2903 ἠπείγετο
2709 2832 2788 2903 τῷ
2830 2833 3206 2906 δημιουργικῷ
3250 2831 3628 2904 προστάγματι

2062 2924 2387 2995 ὑπουργεῖνο
2436 2940 2531 2978 και
2565 2919 2640 2978 ὧν
2681 2924 2789 2976 οὐδ’
2828 2923 2894 2979 ἂν
2923 2924 2995 2979 τὰ
3031 2925 3166 2996 γένη
3208 2941 3291 2988 τις
3337 2922 3631 2993 ἐξαριθμή-

2063 3014 2260 3069 σασθαι
2309 3014 2585 3087 δυνηθείη,
2631 3014 2838 3069 τούτων
2883 3016 2982 3087 τὴν
3021 3015 3164 3087 ζωὴν
3197 3015 3355 3078 εὐθὺς
3409 3014 3629 3085 ἐνεργὸν

396 3105 666 3162 eﬂicacem
690 3121 753 3160 ac
779 3115 923 3159 motu
958 3105 1241 3175 praeditam
1284 3106 1549 3169 reddidit,
1603 3105 1691 3160 ubi
1729 3105 1960 3175 primum

2066 3106 2157 3160 καὶ⁸
2188 3106 2513 3177 κινουμένην
2538 3105 2818 3173 ἀπέδειξεν
2851 3095 2962 3178 (82)
2998 3109 3032 3178 ἡ
3064 3107 3273 3177 μεγάλη
3304 3110 3393 3159 καί
3425 3107 3630 3174 άφατος

398 3215 553 3271 aquae
567 3213 664 3269 per
684 3197 811 3254 illud
839 3199 1120 3268 imperium
1148 3198 1215 3252 ad
1237 3198 1599 3268 generandum
1618 3196 1817 3252 animal
1846 3198 1963 3252 ido-

399 3308 517 3349 neae
546 3291 750 3347 eﬂ'ectae
769 3300 914 3346 sunt.
950 3290 1254 3346 Producant
1280 3307 1427 3363 aqua:
1445 3291 1652 3361 reptilia
1666 3291 1963 3345 animarum

400 3381 699 3435 viventium.
729 3377 881 3434 Nunc
904 3378 1140 3449 primum
1165 3381 1461 3434 animatum
1494 3390 1549 3436 et
1579 3396 1770 3436 sensus
1793 3381 1965 3450 parti-

398 3485 526 3539 ceps
548 3469 745 3524 animal
774 3480 1010 3524 creatur.
1043 3467 1179 3524 Nam
1206 3469 1401 3540 planta:
1423 3479 1480 3526 et
1507 3473 1729 3526 arbores
1748 3471 1962 3526 etiamsi

402 3562 583 3616 vivere
614 3560 883 3626 dicantur,
913 3572 1200 3631 propterea
1237 3562 1378 3633 quod
1401 3561 1713 3618 facultatem
1768 3577 1963 3632 quam-

404 3652 528 3707 dam
568 3667 672 3721 qua
703 3653 1020 3709 nutriuntur
1046 3661 1437 3724 augenturque,
1481 3654 1685 3723 pariter
1717 3652 1919 3708 babent
1947 3668 1963 3717 ;

402 3760 510 3799 non
542 3753 721 3800 tamen
750 3744 1004 3800 animalia
1035 3754 1182 3811 sunt,
1211 3760 1387 3814 neque
1410 3759 1497 3800 res
1524 3745 1797 3802 animatae.
1834 3743 1964 3799 Eam

401 3836 471 3892 ob
492 3851 732 3903 causam,
769 3837 1072 3893 Producant
1095 3854 1246 3910 aqua
1281 3838 1507 3907 reptilia.
1532 3835 1761 3893 Natatile
1790 3836 1965 3906 quod-

403 3928 558 3994 libet,
587 3929 703 3983 sive
734 3928 791 3982 in
823 3928 1109 3998 superﬂcie
1137 3943 1290 3997 aquae
1316 3930 1544 3992 innatet,
1575 3929 1690 3983 sive
1716 3928 1767 3982 in
1804 3927 1969 3983 fundo

403 4034 598 4089 aquam
622 4028 791 4084 secet,
823 4018 891 4074 ad
914 4021 1188 4090 reptilium
1228 4021 1422 4076 attinet
1463 4032 1734 4087 naturam,
1772 4021 1969 4091 quippe

401 4114 545 4182 quod
571 4127 666 4180 per
711 4127 865 4183 aqua:
915 4127 1116 4182 corpus
1145 4127 1269 4168 sese
1299 4113 1500 4168 trahat.
1528 4111 1845 4182 Quanquam
1875 4129 1970 4166 an-

407 4213 512 4256 tem
544 4200 791 4271 quadam
818 4215 885 4256 ex
914 4200 1268 4271 aquatilibus,
1298 4203 1465 4273 pedes
1500 4204 1720 4267 habent,
1748 4217 1812 4258 ac
1842 4218 1968 4273 gra-

406 4294 628 4348 diuntur
651 4293 912 4364 (maxime
942 4310 1064 4351 cum
1091 4295 1282 4351 borum
1325 4295 1584 4366 pleraque
1618 4295 1725 4352 sint
1761 4294 1971 4365 amphi-

406 4383 530 4450 bia,
583 4382 727 4437 velut
753 4384 961 4453 plioca‘,
1010 4385 1289 4450 crocodili,
1320 4384 1609 4440 ﬂuviatiles
1641 4385 1792 4456 equi,
1824 4367 1968 4439 ranae

405 4486 461 4529 et
484 4474 714 4548 cancri),
754 4484 991 4532 attamen
1026 4478 1250 4532 natatile
1282 4477 1459 4535 locum
1507 4477 1834 4548 praecipuum
1865 4475 1966 4529 ob»

410 4564 563 4620 tinet.
614 4565 943 4638 Propterea,
999 4565 1304 4623 Producant
1335 4584 1486 4640 aqua:
1521 4567 1751 4638 reptilia.
1780 4564 1839 4621 lu
1888 4566 1972 4620 his

406 4658 616 4728 exiguis
642 4658 823 4714 verbis
856 4659 1126 4726 quodnam
1161 4659 1418 4715 omissum
1468 4668 1551 4714 est
1585 4658 1795 4729 genus?
1841 4659 1968 4727 quid

410 4765 516 4803 non
547 4752 1000 4822 comprehensum
1030 4760 1114 4806 est
1165 4751 1216 4805 in
1259 4751 1361 4806 hoc
1412 4750 1612 4821 opiﬁcii
1653 4748 1975 4820 praecepto?

410 4840 599 4896 Nonne
649 4855 713 4898 ea
764 4856 883 4912 qua:
936 4842 1135 4897 animal
1200 4842 1459 4912 pariunt,
1513 4840 1973 4912 comprehendun-

480 4978 571 5034 ⁸⁸1
600 4977 727 5036 Cor.
760 4995 856 5047 xn,
884 4980 937 5037 7.
1010 4981 1056 5016 ⁹⁰
1084 4979 1218 5037 Gen.
1264 4996 1304 5044 t,
1327 4979 1418 5044 20,
1449 4977 1541 5033 2i.

479 5093 591 5166 (79)
617 5093 779 5166 Cpisl.
824 5095 1028 5164 primus
1057 5094 1372 5164 simpliciter
1398 5095 1586 5166 ὁμιλία
1612 5085 1836 5166 ἑϐδόμη.

482 5164 592 5236 (80)
642 5164 783 5236 Editi
830 5181 952 5220 cum
977 5166 1129 5221 Colb.
1156 5171 1395 5220 secundo
1420 5164 1690 5236 ἀστέρων.
1723 5164 1979 5235 Atquin-

410 5234 675 5307 que_mss_.
702 5234 939 5307 ἄστρων.

483 5305 596 5372 (81)
625 5302 819 5361 Εάίιίᾰ
848 5305 1019 5360 Paris.
1050 5302 1397 5369 ἀπεξένυντο.
1433 5303 1610 5359 Editio
1666 5304 1830 5359 Basil.
1866 5306 1973 5359 ἀπ-

413 5358 1191 5445 οξέννύντο,ήίυιταᾳυὲἰιι31εἶ
1224 5375 1382 5445 Regii
1405 5358 1613 5442 tertius,
1664 5358 1883 5443 quintus
1922 5385 1977 5430 et

417 5456 600 5500 sextus
642 5461 760 5498 cum
806 5443 976 5501 Coi—sl.
1015 5446 1188 5513 primo
1218 5443 1595 5508 ἀπεξεννυντο,
1625 5447 1691 5499 ad
1728 5448 1972 5510 verbum,

416 5513 701 5579 fervebant,
729 5516 828 5570 hoc
848 5525 950 5579 est,
981 5513 1485 5578 scatebant,abunde
1509 5516 1854 5583 ernerqebant.
1880 5516 1976 5569 Re-

416 5584 485 5643 gii
517 5597 644 5653 vero
672 5595 897 5653 quartus
944 5595 999 5638 et
1024 5596 1246 5638 octavus
1268 5599 1389 5638 cum
1425 5584 1576 5638 Colb.
1608 5588 1840 5639 secundo
1871 5590 1976 5639 ἁπ-

420 5651 704 5718 εζωοῦντο,
730 5654 981 5707 animalia
1032 5654 1250 5721 ﬁebant,
1299 5653 1687 5709 animabuntur.
1742 5653 1971 5711 Possunt

418 5722 535 5777 dum
565 5722 763 5777 ultima:
794 5724 1055 5780 lectiones
1076 5725 1142 5779 ad
1172 5723 1454 5779 arbitrium
1487 5723 1718 5780 admitti.

2060 3198 2155 3252 τοῦ
2186 3198 2321 3252 Θεοῦ
2356 3198 2606 3269 δύναμις,
2648 3198 2784 3270 ὁμοῦ
2811 3198 2893 3270 τῷ
2920 3200 3301 3271 προστάγματι
3342 3199 3443 3268 τῆς
3493 3198 3631 3270 πρὸς

2061 3290 2123 3343 τὸ
2138 3289 2418 3357 ζωογονεῖν
2441 3288 2873 3359 ἐπιτηδειότητος
2901 3290 3259 3361 ἐγγενομένης
3284 3293 3396 3351 τοῖς
3424 3287 3628 3343 ὕδασιν.

2076 3378 2434 3451 Ἐξαγτιγέτω
2460 3380 2536 3435 τὰ
2561 3379 2751 3435 ὕδατα
2782 3381 3001 3450 ἑρπετὰ
3027 3381 3244 3450 ψυχῶν
3264 3379 3487 3442 ζωσῶν.
3508 3379 3625 3433 Νῦν

2065 3470 2279 3543 πρῶτον
2318 3470 2559 3542 ἔμψυχον
2607 3471 2703 3525 καὶ
2746 3469 3052 3542 αἰσθήσεως
3093 3471 3319 3542 μετέχον
3349 3472 3465 3542 (85)
3491 3470 3631 3535 ζῶον

2062 3563 2492 3635 δημιουργεῖται.
2526 3561 2673 3617 Φυτά
2701 3561 2811 3634 γὰρ
2833 3562 2931 3617 καὶ
2959 3562 3171 3634 δένδρα,
3200 3561 3303 3616 κᾶν
3338 3563 3436 3634 ζῇν
3466 3562 3633 3632 λέγη-

2063 3671 2152 3707 ται
2188 3652 2276 3707 διὰ
2304 3654 2365 3707 τὸ
2412 3653 2660 3725 μετέχειν
2704 3656 2805 3726 τῆς
2848 3653 3147 3727 θρεπτικῆς
3195 3656 3292 3709 καὶ
3337 3653 3634 3724 αὐξητικῆς

2062 3745 2363 3817 δυνάμεως,
2396 3744 2511 3799 ἀλλ’
2544 3743 2665 3816 ούχί
2707 3743 2802 3799 καὶ
2840 3744 2975 3809 ζῶα,
3010 3746 3130 3801 οὐδὲ
3162 3746 3398 3818 ἔμψυχα.
3429 3744 3633 3798 Τούτου

2065 3856 2129 3908 γε
2165 3838 2347 3903 ἕνεκα,
2391 3836 2759 3908 Ἐξαταγέτω
2788 3837 2862 3892 τὰ
2911 3836 3102 3892 ὕδατα
3131 3837 3366 3906 ἑρπετά.
3409 3839 3523 3892 Πᾶν
3570 3836 3631 3890 τὸ

2065 3930 2340 4004 νηκτικδν,
2372 3930 2475 3984 κᾶν
2514 3933 2581 4002 τῇ
2622 3929 2913 4002 ἐπιφανείᾳ
2936 3929 3030 3983 τοῦ
3075 3929 3265 3995 ὓδατος
3289 3931 3629 4003 ὲπινηχηται,

2068 4022 2173 4077 κᾶν
2198 4023 2285 4077 διὰ
2319 4022 2517 4094 βάθους
2544 4021 2717 4096 τέμνῃ
2744 4021 2806 4076 τδ
2827 4021 2991 4095 ὕδωρ,
3024 4023 3122 4094 τῆς
3158 4021 3265 4076 τῶν
3287 4021 3634 4094 ἑρπηστικῶν

2068 4117 2184 4168 ὲστι
2217 4113 2451 4184 φύσεως,
2500 4114 2893 4185 ὲπισυρόμενον
2922 4113 3000 4184 τῷ
3041 4112 3136 4167 τοῦ
3182 4114 3371 4176 ὓδατος
3400 4111 3629 4184 σώματι.

2067 4204 2186 4259 Κᾶν
2228 4204 2471 4258 ὑπόποδα
2515 4204 2573 4257 δὲ
2611 4203 2706 4258 καὶ
2756 4203 3059 4273 πορευτικὰ
3100 4203 3320 4276 ὑπάρχῃ
3358 4203 3478 4258 τινὰ
3526 4203 3637 4258 τῶν

2068 4294 2304 4365 ἐνύδρων
2356 4293 2616 4365 (μάλιστα
2664 4294 2763 4364 μὲν
2809 4292 3049 4363 ἀμφίϐια
3092 4293 3163 4347 τὰ
3218 4294 3388 4348 πολλὰ
3431 4294 3637 4347 τούτων

2070 4383 2215 4436 ἐστίν
2234 4399 2250 4414 ο
2292 4379 2401 4437 οἷον
2435 4383 2637 4452 φῶκαι,
2662 4383 2756 4437 καὶ
2795 4384 3146 4457 κροκόδειλοι,
3178 4385 3273 4437 κα)⁵
3301 4385 3353 4437 οἱ
3380 4385 3637 4454 ποτάμιοι

2072 4474 2248 4539 ἵπποι,
2297 4474 2391 4528 καὶ
2437 4475 2718 4546 βάτραχοι,
2768 4475 2861 4530 xa‘t
2889 4475 3181 4547 καρκίνοι),
3220 4477 3336 4530 ἀλλ’
3371 4472 3464 4530 οὖν
3503 4493 3638 4547 προ-

2071 4565 2373 4637 ηγούμενον
2400 4564 2513 4636 ἔχει
2544 4566 2605 4619 τὺ
2633 4568 2909 4637 νηκτικόν.
2940 4568 3040 4624 Διὰ
3073 4569 3253 4632 τοῦτο,
3284 4568 3640 4639 Ἐξαγατέτω

3510 4637 3735 4665 ~___,._..

2071 4654 2145 4709 τὰ
2174 4655 2361 4710 ὕδατα
2398 4656 2634 4726 ἑρπετά.
2673 4659 2759 4713 Ἐν
2792 4659 3004 4724 τούτοις
3032 4664 3145 4724 τοῖς
3188 4665 3403 4732 μικροῖς
3433 4654 3639 4733 ρήεῆῖῆ

2072 4747 2125 4799 τί
2174 4749 2427 4817 παρεῖται
2456 4748 2567 4820 (84)
2601 4749 2797 4819 γένος;
2836 4751 2890 4803 τί
2926 4752 3027 4805 οὐκ
3064 4753 3521 4824 ὲμπεριείληπται
3561 4753 3641 4822 τῷ

2076 4841 2462 4911 προστάγματι
2515 4841 2616 4912 τῆς
2680 4842 3092 4916 δημιουργίαςς
3169 4844 3247 4900 Οὐ
3320 4847 3389 4900 τὰ
3447 4845 3642 4910 ζωοτο-

2153 5093 2267 5165 (82)
2284 5094 2510 5151 Codices
2537 5095 2642 5150 duo
2672 5093 2970 5165 ἐπέδειξεν.
3012 5092 3261 5165 Subinde
3287 5091 3424 5165 lleg.
3462 5098 3646 5165 sextus

2084 5158 2205 5219 enin
2242 5158 2395 5221 Colb.
2431 5167 2606 5235 primo
2636 5163 2730 5218 τοῦ
2758 5158 2894 5217 Θεοῦ
2931 5164 3092 5235 σοφία
3115 5163 3209 5217 καὶ
3241 5158 3488 5231 δύναμις.
3537 5158 3646 5211 Nec

2086 5235 2159 5288 ita
2189 5235 2353 5289 multo
2370 5246 2490 5304 post
2517 5251 2653 5289 unus
2685 5249 2786 5305 ms.
2816 5234 3173 5305 ἐγγινομένης
3194 5237 3326 5295 τοῖς.

2152 5305 2263 5375 (85)
2293 5295 2405 5360 Duo
2455 5320 2584 5360 mss.
2629 5295 2873 5375 μέτοχον.
2895 5295 3092 5375 Statim
3127 5295 3359 5375 quatuor
3388 5312 3520 5375 mss.
3547 5295 3647 5375 ζῇν

2080 5367 2316 5443 λέγεται.
2352 5375 2514 5443 Editi~
2555 5367 2675 5443 cuin
2725 5367 2832 5429 uno
2880 5389 2980 5428 ms.
3020 5367 3456 5443 léysitatJ’aulo
3507 5367 3644 5443 infra

2080 5434 2245 5498 codex
2275 5445 2423 5500 Bodl.
2458 5438 2569 5499 οἷον
2600 5442 2782 5514 φῶκαι
2812 5445 2905 5498 καὶ
2923 5434 3165 5512 δελφῖνες
3196 5442 3291 5495 καὶ
3314 5440 3513 5511 νάρκαι
3555 5434 3648 5490 καὶ

2079 5515 2127 5567 οἰ
2151 5514 2424 5585 ποτάμιοι,
2453 5523 2556 5570 etc.

2152 5585 2264 5655 (84)
2295 5579 2447 5640 Coll).
2491 5585 2762 5641 secundus
2789 5586 2841 5637 τί
2868 5585 2929 5638 οὐ
2954 5586 3229 5657 παρεῖται,
3249 5579 3451 5657 invitis
3474 5592 3537 5657 ac
3564 5589 3648 5656 τρε

2079 5649 2435 5726 clamantibus
2472 5667 2582 5708 tum
2624 5657 2848 5726 reliquis
2875 5672 3006 5712 mss.
3036 5649 3153 5711 'tum
3196 5653 3357 5711 editis
3388 5649 3560 5711 libris,
3592 5649 3647 5701 itt

2075 5723 2267 5792 quilnts
2289 5726 2434 5780 deest
2457 5726 2537 5779 οὐ.
