4082 6218
442 327 543 387 {Si

1789 329 1846 385 S.
1891 328 2138 385 BASlLll
2181 329 2395 386 MAGNI

3594 328 3705 386 152

435 462 671 514 summa,
707 462 770 503 ea
796 463 914 518 qua:
956 448 1337 521 cartilaginosa
1379 457 1659 504 vocantur.
1686 448 1825 515 Quin
1856 449 2023 503 etiam

2144 449 2176 501 tl
2227 448 2475 502 κυνίσκοι
2520 446 2653 519 (90),
2696 448 2790 501 καὶ
2825 446 3161 512 ἁπαξαπλῶς
3196 447 3265 501 τὰ
3307 446 3506 518 σελαχη
3554 447 3703 517 λεγό-

439 539 586 597 inter
613 549 765 607 cete,
796 540 1026 610 plurima
1061 548 1188 596 sunt
1238 554 1360 609 quae
1403 539 1602 594 animal
1636 541 1881 610 gignunt,
1910 539 2025 594 del-

443 629 641 698 phines
669 637 726 684 et
747 628 959 698 pboca,
986 644 1109 699 quae
1141 643 1268 685 suos
1305 628 1514 684 catulos
1556 637 1803 685 recentes
1848 629 2029 685 adhuc

442 733 506 772 ac
538 731 775 784 teneros,
806 718 986 789 aliqua
1018 733 1085 776 ex
1119 735 1285 775 causa
1325 720 1668 790 perterritos,
1699 721 1754 775 in
1783 729 2026 775 ventrem

443 812 621 865 denuo
652 810 942 876 admissos,
974 810 1030 865 in
1070 810 1293 866 tutelam
1339 826 1492 866 suam
1515 811 1758 879 recipere
1792 825 2025 866 narran-

448 910 552 954 tur.
593 899 903 957 Producant
924 918 1076 973 aqua:
1095 903 1252 971 juxta
1275 918 1455 973 genus.
1473 900 1632 956 Aliud
1665 913 1906 957 cetorum
1937 916 2029 971 ge-

446 1007 569 1056 nus,
594 992 741 1048 aliud
763 995 1081 1064 exiguorum
1111 994 1361 1064 piscium.
1384 994 1590 1049 Rursus
1607 994 1661 1047 in
1688 994 1928 1063 piscibus
1951 995 2031 1049 iu-

448 1097 687 1140 numem
720 1094 851 1140 sunt,
877 1084 1199 1141 dilferentiae
1236 1087 1532 1142 secundum
1564 1102 1763 1155 genera
1796 1086 1984 1142 divisa:
2013 1103 2029 1141 :

444 1193 671 1247 quarum
701 1186 759 1235 et
787 1179 1002 1235 nomina
1028 1179 1264 1248 propria,
1296 1188 1352 1235 et
1379 1178 1694 1234 alimentum
1726 1179 2027 1246 diversum,

443 1277 501 1324 et
547 1267 752 1339 ﬁgura,
805 1277 863 1323 et
891 1270 1224 1339 magnitudo,
1274 1277 1332 1323 et
1387 1270 1633 1324 carnium
1690 1269 2027 1338 qualitates:

445 1361 630 1417 omnia
679 1361 933 1416 maximis
976 1362 1120 1416 inter
1171 1376 1230 1417 se
1275 1360 1595 1416 dill'erentiis
1652 1362 1924 1426 distincta,
1979 1360 2030 1415 in

450 1454 573 1508 aliis
604 1462 767 1523 atque
814 1453 937 1508 aliis
974 1453 1259 1524 speciebus
1299 1455 1719 1509 constituuntur.
1756 1452 1858 1520 Qui
1907 1462 2035 1509 sunt

450 1545 619 1614 igitur
679 1545 1009 1600 thunnorum
1038 1544 1431 1615 exploratores,
1463 1545 1557 1614 qui
1586 1545 1797 1600 diversa
1848 1558 2032 1599 eorum

453 1650 651 1707 genera
712 1637 869 1692 nobis
916 1649 1238 1692 enumerare
1270 1637 1506 1706 .possint
1548 1636 1572 1690 ?
1609 1636 1925 1703 Quanquam
1956 1635 2033 1707 .in

452 1727 666 1795 magnis
722 1728 952 1797 piscium
1008 1726 1263 1797 gregibus
1307 1727 1570 1782 dicuntur
1612 1726 1778 1780 etiam
1819 1723 2032 1779 illorum

452 1834 737 1874 numerum
755 1819 1053 1877 declarare.
1068 1818 1200 1886 Quis
1227 1833 1358 1874 vero
1380 1832 1449 1874 ex
1477 1818 1545 1873 iis
1567 1817 1658 1887 qui
1683 1817 1829 1872 circa
1850 1815 2030 1870 littora

452 1924 518 1963 ac
552 1908 697 1979 ripas
726 1923 1084 1976 consenuere,
1122 1911 1379 1965 omnium
1428 1908 1583 1963 nobis
1626 1908 1909 1962 historiam
1947 1921 2037 1961 ac-
2068 1895 2111 1950 Β

452 2010 642 2055 curate
685 1998 994 2068 patefacere
1028 2014 1094 2055 ac
1129 2000 1372 2056 indicare
1415 1999 1633 2054 valeat?
1666 1997 1786 2053 Alia
1843 2011 2037 2067 genera

451 2102 783 2165 cognoscunt
820 2095 913 2163 qui
947 2094 1003 2148 in
1036 2093 1223 2149 Indico
1253 2092 1387 2147 mari
1431 2091 1710 2161 piscamur
1742 2106 1754 2142 :
1790 2088 1916 2155 alia,
1946 2090 2038 2159 qui

452 2186 509 2240 in
559 2185 815 2257 [Egyptio
868 2186 1037 2241 sinu:
1088 2185 1222 2250 alia,
1282 2184 1551 2240 insulares
1593 2199 1607 2235 :
1655 2182 1785 2249 alia,
1819 2181 2042 2236 Mauru-

454 2280 541 2332 sii.
568 2276 761 2333 Omnia
809 2290 992 2332 autem
1035 2277 1316 2347 arqualiter
1351 2287 1461 2331 tum
1496 2291 1660 2345 parva
1705 2284 1816 2330 tum
1848 2290 2041 2345 magna

457 2370 689 2439 primum
727 2369 855 2424 illud
904 2371 1243 2435 mandatum,
1280 2381 1336 2423 et
1394 2368 1774 2424 inenarrabilis
1808 2367 1896 2421 illa
1954 2384 2043 2437 po-

460 2464 628 2517 tentia
676 2463 1007 2531 procreavit.
1053 2461 1219 2517 Multa
1250 2463 1462 2517 vivendi
1519 2461 1809 2517 diversitas
1851 2477 1865 2514 :
1906 2460 2045 2515 mul-

457 2566 570 2609 tum
633 2556 782 2611 circa
868 2555 1293 2624 uniuscujusque
1369 2555 1584 2623 generis
1642 2554 2042 2610 successionem

456 2648 770 2704 discrimen.
830 2646 946 2702 Non
999 2656 1058 2701 ut
1115 2661 1279 2712 aves,
1318 2648 1438 2702 ovis
1478 2640 1765 2703 incubant
1815 2646 2042 2717 piscium

457 2739 676 2810 plurimi
706 2758 720 2795 :
747 2754 852 2795 non
902 2746 1228 2795 construunt
1278 2740 1455 2803 nidos,
1484 2754 1660 2809 neque
1694 2754 1816 2793 cum
1863 2737 2045 2792 labore

456 2848 585 2888 suos
617 2834 894 2889 enutriunt
921 2834 1106 2891 fetus:
1135 2833 1230 2889 sed
1265 2848 1406 2903 aqua
1451 2823 1698 2902 elapsum
1739 2847 1900 2886 ovum
1933 2847 2047 2886 sns-

457 2926 682 2995 cipiens,
707 2925 905 2981 animal
934 2925 1117 2983 etﬁcit.
1158 2925 1296 2992 Quin
1330 2935 1384 2980 et
1436 2927 1788 2982 immutabilis
1838 2938 1894 2983 et
1922 2943 2044 2982 cum

461 3018 632 3072 altera
691 3026 882 3072 natura
936 3019 1272 3075 insociabilis
1328 3018 1608 3075 successio
1664 3019 1806 3073 inest
1863 3018 2043 3087 generi

463 3109 777 3177 unicuique.
832 3109 946 3166 Non
1005 3110 1152 3166 velut
1190 3111 1456 3165 mulorum
1493 3111 1547 3165 in
1595 3121 1761 3175 terra,
1797 3120 2049 3180 antqua-

462 3201 713 3256 rumdam
758 3202 1040 3257 volucrum
1080 3203 1483 3272 permistiones,
1505 3203 1704 3273 quibus
1733 3203 2045 3257 adulteran-

466 3301 554 3346 tur
581 3306 803 3362 genera.
844 3291 1060 3347 Nullum
1094 3294 1322 3363 piscium
1354 3308 1523 3363 genus
1552 3292 1775 3348 dimidia
1798 3308 1865 3348 ex
1895 3301 2050 3364 parte

466 3377 797 3432 instructum
822 3386 904 3433 est
935 3381 1210 3447 dentibus,
1242 3391 1300 3436 ut
1340 3384 1437 3437 bos
1463 3390 1518 3438 et
1555 3384 1676 3438 ovis
1724 3383 1866 3453 apud
1900 3397 2000 3438 nos
2032 3399 2045 3435 :

469 3485 646 3540 neque
670 3473 815 3526 enim
851 3472 1086 3542 ipsorum
1115 3475 1406 3546 quisquam
1440 3476 1696 3540 ruminat,
1731 3476 1833 3532 nisi
1866 3490 2051 3531 scarus

468 3566 615 3620 solus
645 3567 941 3621 secundum
982 3570 1343 3638 quorumdam
1384 3568 1775 3624 narrationem.
1810 3568 1881 3622 At
1922 3583 2051 3622 vero

468 3670 661 3711 omnes
721 3657 901 3726 pisces
936 3659 1251 3714 acutissima
1297 3659 1750 3714 condensatorum
1809 3658 2048 3713 dentium

469 3749 591 3803 acie
615 3752 1069 3819 communiuntur,
1114 3766 1181 3804 ne
1212 3767 1335 3807 esca
1380 3751 1507 3805 dum
1541 3751 1742 3806 diutius
1776 3752 2055 3806 manditur

469 3836 677 3894 dimuat
723 3862 735 3896 :
778 3841 881 3897 nisi
926 3843 1073 3897 enim
1114 3843 1369 3898 celeriter
1431 3844 1665 3899 dissecta
1710 3844 1762 3899 in
1808 3855 2051 3901 ventrem

469 3932 869 4000 detruderetnr,
900 3943 1190 3989 extenuata
1240 3950 1336 4005 per
1371 3950 1568 4004 aquam
1599 3936 1979 4006 dissiparetur.

538 4024 647 4095 65
671 4026 721 4079 5.
760 4026 917 4079 Aliud
963 4036 1141 4081 autem
1172 4026 1294 4081 aliis
1330 4027 1569 4096 piscibus
1612 4029 1940 4082 destinatum
1976 4041 2057 4085 cst

473 4114 791 4170 alimentum
812 4121 1109 4172 secundum
1136 4133 1329 4187 genus.
1349 4118 1577 4183 Quidam
1602 4120 1746 4175 enim
1767 4121 1918 4186 limo,
1938 4123 2056 4191 qui-

473 4208 598 4263 dam
629 4223 759 4264 vero
809 4210 926 4281 alga
970 4220 1293 4276 vescuntur;
1319 4210 1410 4264 alii
1460 4211 1643 4267 herbis
1685 4213 1738 4265 in
1788 4227 1928 4282 aqua
1963 4228 2049 4267 na-

474 4301 757 4356 scentibus
807 4314 936 4358 sunt
991 4304 1259 4358 contenti.
1297 4304 1522 4371 Contra,
1568 4305 1797 4373 piscium
1848 4306 2056 4375 plurimi

476 4398 670 4446 vorant
699 4406 759 4447 se
793 4392 1045 4459 invicem,
1084 4393 1370 4464 minorque
1410 4395 1550 4464 apud
1595 4395 1715 4450 illos
1742 4394 2057 4451 alimentum

476 4493 560 4540 est
594 4483 836 4553 majoris.
866 4484 932 4539 Et
962 4485 1006 4539 si
1037 4498 1272 4554 unquam
1317 4486 1626 4556 contigerit,
1669 4496 1727 4541 ut
1761 4488 1804 4543 is
1830 4488 1923 4557 qui
1955 4490 2059 4543 mi-

2132 556 2291 611 μενα.
2324 540 2435 594 Καὶ
2462 539 2570 593 τῶν
2600 539 2781 612 κητῶν
2810 538 2879 592 τὰ
2906 539 3134 594 πλεῖστα
3164 537 3406 604 ζωοτόκα
3423 556 3436 569 ·
3464 540 3704 610 δελφῖνες

2129 630 2226 684 καὶ
2256 629 2473 701 φῶκαι,
2506 630 2542 684 ἃ
2576 631 2669 683 καὶ
2713 631 2940 703 νεαροὺς
2969 630 3050 683 ἔτι
3080 631 3208 695 τοὺς
3242 629 3548 701 σκύμνους,
3587 631 3705 685 διαο

2128 719 2465 790 πτοηθέντας
2489 720 2594 773 ὑπὸ
2615 719 2794 784 αίτίας
2812 721 2979 785 τινος,
3003 721 3221 790 λέγεται
3242 722 3481 794 πάλιντῇ
3511 723 3707 795 γαστρὶ

2129 812 2500 883 ύποδεχόμενα
2549 811 2940 884 περιστέλλειν.
2989 812 3356 883 Ἐξαγαγέτω
3398 813 3471 867 τὰ
3519 813 3795 885 iam;

2130 906 2283 960 κατὰ
2316 905 2429 975 (91)
2462 904 2656 976 γένος.
2702 905 2929 977 Ἕτερον
2966 906 3127 975 γένος
3152 905 3215 960 τὸ
3240 905 3499 977 κητῶδες,
3530 906 3711 961 καὶτὸ

2130 995 2239 1049 τῶν
2267 994 2482 1050 λεπτῶν
2518 994 2715 1066 ἰχθύων
2740 994 2947 1067 ἕτερον.
2980 995 3152 1051 Πάλιν
3184 996 3241 1049 ὲν
3264 998 3377 1060 τοῖς
3408 996 3582 1067 ἰχθύσι
3613 1014 3711 1068 μυ-

2134 1089 2247 1161 ρίαι
2272 1090 2527 1162 διαφοραὶ
2547 1088 2688 1144 κατὰ
2709 1088 2840 1161 γένη
2866 1088 3192 1163 διῃρημέναι
3209 1106 3223 1120 ’
3247 1082 3323 1144 ὧν
3350 1090 3446 1143 καὶ
3469 1090 3711 1161 ὀνόματα

2132 1182 2260 1244 ῖδια,
2295 1182 2389 1234 καὶ
2421 1181 2593 1253 τροφὴ
2614 1180 3066 1253 παρηλλαγμένη,
3100 1182 3196 1235 καὶ
3232 1182 3440 1253 σχῆμα,
3477 1182 3571 1236 καὶ
3606 1182 3708 1253 μέ-

2133 1274 2316 1342 γεθος,
2347 1275 2442 1328 καὶ
2468 1273 2688 1346 σαρκῶν
2713 1273 3015 1344 ποιότητες,
3041 1274 3218 1329 πάντα
3235 1274 3713 1345 μεγίσταιςδιαφο-

2137 1369 2256 1437 par;
2287 1366 2532 1437 ἀλλήλων
2562 1367 2945 1438 κεχωρισμένα
2964 1404 2979 1430 ,
3014 1367 3110 1420 καὶ
3139 1369 3197 1421 ὲν
3230 1368 3437 1439 ἑτέροις
3472 1368 3563 1421 καὶ
3597 1366 3710 1421 ἑτέ-

2137 1477 2252 1532 ροις
2282 1460 2447 1514 εῐδεσι
2484 1459 2824 1514 καθεστῶτα.
2874 1461 3023 1515 Ποῖοι
3073 1460 3173 1531 μὲν
3214 1456 3309 1515 οὖν
3359 1460 3712 1516 θυννοσκόποι

2133 1552 2241 1606 τῶν
2274 1554 2448 1623 γενῶν
2491 1555 2591 1620 τὰς
2627 1555 2893 1627 διαφορὰς
2927 1557 3061 1626 ἡμῖν
3096 1555 3584 1627 ἀπαριθμήσασθαι
3621 1554 3715 1609 δύ-

2135 1663 2356 1714 νανται;
2402 1647 2597 1702 Καίτοι
2641 1650 2803 1717 φασὶν
2841 1649 3039 1714 αὐτοὺς
3076 1649 3134 1702 ὲν
3191 1646 3453 1719 μεγάλαις
3490 1647 3713 1715 ἀγέλαις

2140 1735 2338 1806 ἰχθύων
2360 1738 2563 1791 καὶτὸν
2584 1739 2815 1810 ἀριθμὸν
2839 1738 3221 1808 ἀπαγγέλλειν.
3249 1739 3346 1803 Τίς
3369 1738 3427 1791 δὲ
3454 1736 3559 1791 τῶν
3582 1739 3713 1807 περὶ

2139 1826 2418 1894 αἰγιαλοὺς
2451 1826 2545 1880 καὶ
2576 1826 2749 1891 ἀκτὰς
2789 1827 3288 1899 καταγηρασάντων
3318 1827 3538 1881 δύναται
3579 1829 3715 1898 ἡμῖν

2137 1917 2236 1989 τὴν
2278 1918 2518 1989 ἱστορίαν
2553 1919 2771 1974 πάντων
2798 1920 2866 1973 δι’
2895 1919 3178 1992 ἀκριϐείας
3208 1922 3511 1994 γνωρίσαι;
3544 1921 3718 1976 una

2141 2008 2502 2080 γνωρίζουσιν
2532 2011 2583 2064 oi
2622 2012 2722 2083 τὴν
2780 2011 3005 2083 Ἰνδικὴν
3052 2012 3359 2077 ἁλιεύοντες
3407 2012 3715 2067 θάλασσαν’

2139 2100 2272 2155 ἀλλα
2299 2102 2348 2154 oi
2384 2101 2475 2156 τὸν
2504 2101 2800 2171 Αίγύπτιον
2827 2103 3156 2175 ἀγρεύοντες
3186 2104 3416 2158 κόλπον*
3448 2104 3583 2159 ἀλλα
3616 2122 3718 2175 νη-

2142 2194 2333 2247 σιῶται
2353 2212 2365 2225 ·
2406 2195 2500 2249 καὶ
2529 2194 2664 2249 ἀλλα
2701 2194 3060 2267 Μαυρούσιοι.
3099 2195 3283 2249 Πάντα
3316 2194 3374 2248 δὲ
3400 2195 3600 2266 ὁμοίως
3628 2213 3720 2266 μι-

2141 2286 2251 2358 κρά
2279 2303 2337 2338 τε
2361 2286 2455 2339 καὶ
2482 2285 2690 2356 μεγάλα
2720 2284 2780 2338 τὺ
2812 2284 3028 2354 πρῶτον
3060 2286 3237 2339 έκεῖνο
3268 2286 3598 2356 πρόσταγμα
3625 2287 3719 2339 καὶ

2142 2381 2175 2449 ἡ
2201 2380 2405 2447 ἀφατος
2429 2376 2610 2446 ἐκείνη
2640 2377 2931 2447 παρήγαγε
2955 2376 3203 2445 δύναμις.
3231 2375 3428 2430 Πολλαὶ⁹
3450 2376 3558 2431 τῶν
3586 2376 3720 2446 βίων

2143 2470 2201 2523 αί
2252 2467 2624 2540 παραλλαγαί·
2669 2466 2861 2520 πολλαὶ
2906 2466 3001 2520 καὶ⁵
3048 2468 3104 2520 αι
3140 2467 3270 2538 περὶ
3318 2466 3418 2531 τὰς
3467 2467 3722 2538 διαδοχὰς

2144 2562 2374 2615 ἑκάστου
2401 2559 2592 2629 γένους
2634 2558 2907 2630 διαφοραί.
2943 2559 3057 2612 Ούκ
3090 2558 3429 2621 ὲπωάξουσιν
3472 2559 3523 2612 οἱ
3569 2559 3722 2613 πλεῖ-

2146 2669 2260 2706 στοι
2302 2652 2412 2705 τῶν
2446 2650 2641 2721 ίχθύων
2669 2651 2857 2721 ῶσπερ
2891 2651 2947 2703 αἱ
2972 2649 3205 2720 ὄρνιθες,
3235 2649 3360 2704 οὕτε
3390 2650 3583 2715 καλιάς
3615 2653 3723 2723 πήο

2144 2761 2402 2813 γνυνται,
2432 2742 2557 2797 οὔτε
2607 2742 2746 2814 μετά
2790 2743 2966 2797 πόνων
3008 2744 3366 2815 ὲκτρέφουσιν
3411 2744 3620 2797 ἑαυτῶν
3653 2746 3725 2798 τὰ

2146 2836 2345 2905 ἔκγονα
2368 2852 2382 2866 '
2432 2835 2571 2891 ἀλλά
2617 2836 2679 2889 τὸ
2727 2834 2893 2907 ὕδωρ,
2928 2835 3327 2906 ὑποδεξάμενον
3380 2837 3613 2896 ἐκπεσὸν
3661 2838 3727 2890 τὸ

2145 2929 2273 2993 ὠὸν,
2325 2928 2465 2994 ζῶον
2513 2928 2787 2999 εποίησεν.
2817 2928 2932 2981 ’Καὶ
2974 2928 3187 2998 ἑκάστῳ
3230 2927 3375 2997 γένει
3426 2929 3461 2998 ἡ
3507 2927 3728 2999 διαδοχὴ

2147 3020 2568 3092 ἀπαράλλακτος
2605 3019 2700 3073 καὶ
2731 3018 3086 3089 ἀνεπίμικτος
3120 3018 3257 3090 πρὸς
3291 3018 3484 3089 ἑτέραν
3523 3020 3686 3088 φύσιν
3706 3036 3721 3049 ·

2148 3113 2246 3183 οὔχ
2277 3106 2386 3166 οἷαι
2423 3111 2530 3165 τῶν
2567 3112 2804 3183 ἡμιόνων
2833 3111 2925 3165 ἐπὶ
2951 3112 3049 3183 τῆς
3076 3111 3296 3183 χέρσου,
3350 3112 3384 3183 ἢ
3428 3110 3520 3164 καί
3563 3129 3728 3164 τινων

2075 3228 2120 3290 c
2151 3201 2382 3273 ὀρνίθων
2405 3200 2701 3254 ὲπιπλοκαὶ
2723 3198 3255 3271 παραχαρασσόντων
3278 3197 3350 3251 τὰ
3378 3197 3531 3268 γένη.
3560 3198 3730 3251 Οὐδὲν

2151 3293 2304 3364 παρά
2331 3294 2445 3354 τοῖς
2471 3290 2679 3362 ίχθύσιν
2712 3289 2773 3355 ἐξ
2794 3289 3050 3361 ἡμισείας
3075 3288 3341 3342 ὥπλισται
3364 3289 3477 3351 τοῖς
3497 3287 3728 3351 ὀδοῦσιν,

2151 3385 2226 3447 ὡς
2255 3382 2381 3454 βοῦς
2413 3384 2546 3454 παρ’
2573 3384 2705 3454 ἡμῖν
2733 3382 2828 3435 καὶ
2869 3382 3142 3453 πρόϐατον
3164 3399 3177 3412 ·
3205 3380 3326 3434 οὐδὲ
3359 3380 3469 3452 γὰρ
3497 3382 3732 3453 μηρυκίο

2154 3474 2232 3537 ζει
2258 3491 2311 3527 τι
2340 3473 2466 3544 παρ’
2498 3473 2700 3536 αὐτοῖς,
2732 3473 2780 3525 εί
2811 3471 2886 3543 μὴ
2910 3470 3003 3525 τὸν
3034 3472 3234 3543 σκάρον
3267 3472 3427 3542 μόνον
3459 3470 3732 3542 ἱστοροῦσί

2152 3585 2311 3631 τινες.
2355 3566 2540 3621 Πάντα
2571 3565 2628 3619 δὲ
2659 3564 2946 3631 ὀξυτάταις
2985 3566 3191 3635 ἀκμαῖς
3230 3563 3457 3617 ὀδόντων
3488 3579 3733 3616 καταπε-

2156 3657 2455 3723 πύκνωται,
2494 3656 2582 3709 ἵνα
2614 3654 2689 3726 μὴ
2725 3655 2790 3724 τῇ
2826 3653 3016 3724 χρονίᾳ
3047 3653 3283 3723 μασήσει
3309 3653 3342 3722 ἡ
3370 3650 3543 3721 τροφὴ
3577 3650 3731 3721 διαρ-

2158 3750 2289 3821 ρἐ·
2323 3747 2515 3819 ἔμελλε
2567 3745 2693 3816 γὰρ,
2731 3746 2779 3797 εί
2840 3744 2914 3815 μὴ
2952 3743 3119 3808 ὀξέως
3166 3740 3614 3813 κατατεμνομένη
3661 3742 3732 3813 τῇ

2154 3840 2353 3913 γαστρὶ
2389 3837 2802 3912 παρεπέμπετο.
2835 3838 2906 3889 τεν
2937 3838 3003 3908 τῇ
3043 3834 3426 3906 λεπτοποιήσει
3456 3832 3844 3913 διαφοέ-ςρκ

2158 3934 2280 3988 σθαι
2305 3933 2456 4005 παρά
2491 3932 2602 4004 (9Ξ)
2628 3930 2723 3985 τοῦ
2754 3930 2963 3994 ὓδατος.

2227 4025 2279 4079 5.
2322 4024 2508 4096 Τροφὴ
2533 4022 2589 4077 δὲ
2635 4021 2845 4093 ἰχθύσιν
2889 4019 3070 4084 ἄλλοις
3099 4019 3231 4090 ἄλλη
3276 4017 3419 4073 κατά
3447 4017 3602 4087 γένος
3657 4017 3737 4072 δι-

2156 4117 2456 4190 ωρισμένη.
2488 4116 2553 4169 υἱ
2588 4115 2686 4186 μὲν
2711 4114 2820 4185 γὰρ
2852 4113 2959 4166 ἰλύῖ
2980 4113 3289 4183 τρέφονται,
3320 4112 3369 4163 οί
3396 4109 3451 4164 δὲ
3477 4111 3591 4174 τοῖς
3631 4127 3729 4179 φυ-

2159 4211 2325 4272 κίοις”
2374 4209 2521 4264 ἄλλοι
2569 4207 2680 4279 (95)
2722 4208 2842 4270 ταῖς
2882 4205 3129 4276 βοτάναις
3167 4207 3288 4267 ταῖς
3316 4203 3737 4275 ὲντρεφομέναις

2160 4303 2237 4374 τῷ
2268 4302 2421 4356 ὕδατι
2449 4300 2767 4372 ἀρκοῦνται.
2822 4297 3207 4369 Ἀλληλοφάγοι
3237 4296 3294 4350 δὲ
3319 4297 3426 4350 τῶν
3465 4294 3663 4367 ἰχθύων
3688 4296 3739 4347 οἱ

2162 4397 2424 4459 πλεῖστοι,
2458 4394 2553 4447 καὶ
2576 4395 2604 4447 ὁ
2635 4392 2953 4465 μικρότερος
2981 4390 3110 4462 παρ’
3140 4389 3371 4453 ἐκείνοις
3620 4389 3740 4441 ἐστι

2161 4487 2256 4541 τοῦ
2302 4485 2564 4556 μείζονος.
2610 4483 2728 4538 Κάν
2776 4499 2907 4536 ποτε
2960 4481 3137 4551 συμϐῇ
3184 4481 3275 4534 τὸν
3316 4480 3411 4534 τοῦ
3460 4480 3741 4542 ἐλάττονος

479 4591 665 4632 norem
723 4586 1097 4648 superaverat,
1131 4578 1357 4632 alterius
1398 4579 1493 4632 liat
1529 4579 1714 4649 praeda
1751 4597 1765 4633 ι
1808 4580 1969 4635 ambo
2001 4580 2047 4635 in

2163 4579 2512 4651 κρατήσαντα
2547 4576 2731 4647 ἐτέρου
2761 4573 3015 4643 γενέσθαι
3060 4573 3304 4644 θήραμα,
3342 4572 3446 4626 ὑπὸ
3475 4571 3575 4642 τὴν
3611 4571 3742 4640 μίαν

480 4686 644 4726 unum
666 4681 721 4727 et
747 4672 994 4727 eumdem
1024 4671 1343 4741 posterioris
1376 4680 1618 4726 ventrem
1663 4672 2061 4742 ingrediuntur.

479 4763 618 4830 Quid
641 4764 804 4835 igitur
850 4765 993 4819 aliud
1022 4780 1121 4819 nos
1160 4763 1410 4819 homines
1440 4765 1672 4834 agimus,
1714 4765 1839 4820 dum
1881 4775 2064 4836 tyran-

483 4856 607 4910 nide
662 4864 717 4909 et
770 4857 1009 4925 potentia
1054 4855 1413 4925 opprimimus
1474 4856 1761 4909 inferiores
1799 4856 1823 4909 ?
1862 4856 1989 4925 quid
2033 4870 2061 4909 a

485 4960 757 5018 postremo
788 4950 937 5020 pisce
967 4947 1146 5003 differt
1171 4949 1238 5010 is,
1276 4948 1369 5018 qui
1409 4962 1518 5017 pra:
1544 4950 1723 5001 voraci
1749 4948 2062 5002 divitiarum

484 5044 779 5114 cupiditate
828 5044 882 5099 in
920 5041 1340 5113 inexplebilibus
1404 5041 1647 5095 avaritia:
1701 5030 1812 5096 sua:
1858 5041 2055 5095 linibus

559 5220 671 5292 (90)
694 5219 799 5292 Καὶ
824 5221 879 5274 οἱ
907 5221 1208 5292 κυνίσκοι.
1237 5222 1409 5277 Piscis
1430 5219 1518 5275 ille
1542 5222 1625 5275 cui
1655 5219 1843 5275 Graece
1860 5232 2055 5292 nomen
2113 5262 2120 5269 .

486 5288 575 5346 est
610 5288 885 5356 κυνίσκος,
920 5291 1107 5349 Latine
1150 5295 1347 5349 dicitur
1396 5294 1463 5346 ab
1505 5291 1788 5345 Enstathio
1844 5288 2055 5341 asellus.

494 5365 619 5425 lijus
643 5367 755 5416 haec
777 5372 903 5416 sunt
932 5366 1096 5417 verba
1128 5382 1143 5419 :
1168 5363 1323 5418 Facit
1356 5372 1529 5417 autem
1564 5361 1766 5414 catulos
1794 5359 2061 5419 mustella,

492 5443 541 5504 ξε
573 5431 867 5504 {"991",}?!
896 5434 1073 5487 οηιηὲα
1116 5451 1234 5504 qua:
1255 5436 1367 5488 sine
1395 5434 1627 5502 squamis
1650 5440 1807 5504 sunt,
1827 5444 1951 5504 qua:
1974 5446 2065 5481 sa-

442 5529 447 5533 -
494 5502 626 5555 talia
647 5501 819 5573 σνςεεὶ
847 5501 1140 5558 nominant.
1178 5506 1283 5559 Sed
1307 5520 1402 5573 pro
1436 5501 1628 5573 antatia
1649 5502 1933 5573 legendum
1965 5513 2046 5573 pu-

500 5580 553 5623 tn
577 5571 825 5643 selachia,
850 5574 922 5628 ob
940 5574 1068 5628 illud
1099 5567 1320 5640 Basilii,‘
1340 5573 1410 5626 τὰ
1444 5572 1665 5643 σελάχη.
1733 5570 1939 5643 Plinius
1965 5567 2058 5621 lib.

504 5656 580 5701 Ix,
606 5656 724 5712 cap.
747 5641 839 5706 Ἡ,
871 5646 947 5698 sic
973 5645 1208 5712 loquitur
1241 5664 1253 5698 :
1301 5643 1428 5698 Παῖς
1453 5640 1644 5696 ama
1671 5644 1722 5695 in
1764 5640 2060 5712 universum

503 5710 705 5763 selar‘te
726 5713 1001 5779 appellavit
1031 5710 1335 5769 Aristoteles
1358 5716 1583 5780 primus.
1633 5714 1728 5766 hoc
1760 5710 1962 5763 nomine
1986 5710 2062 5759 eis

506 5781 764 5843 imposito.
809 5781 918 5836 Nos
935 5785 1249 5854 distinguere
1282 5801 1379 5839 non
1404 5799 1699 5852 possumus,
1721 5782 1816 5837 nisi
1851 5780 2065 5833 cartila-

2161 4669 2384 4738 ἄγονται
2437 4666 2682 4736 γαστέρα
2727 4663 2820 4718 τοῦ
2867 4662 3196 4718 τελευταίου.
3247 4663 3314 4715 Τί
3351 4656 3447 4715 οὖν
3482 4662 3645 4732 ἡμεῖς
3689 4660 3741 4712 οἱ

2162 4760 2258 4815 ἀνθ
2268 4777 2440 4832 ρωποι
2471 4758 2601 4813 ἀλλο
2626 4774 2680 4810 τι
2705 4755 2967 4827 ποιοῦμεν
2994 4758 3052 4809 ὲν
3080 4757 3148 4825 τῇ
3178 4753 3606 4824 καταδυναστείᾳ
3628 4752 3740 4805 τῶν

2164 4849 2600 4921 ύποδεεστέρων;
2646 4848 2698 4900 τί
2734 4846 2979 4919 διαφέρει
3021 4845 3115 4899 τοῦ
3147 4845 3455 4899 τελευταίου
3499 4842 3677 4914 ίχθύος
3711 4845 3740 4894 ό

2161 4945 2227 5013 τῇ
2251 4941 2542 5013 λαιμάργῳ
2562 4938 2913 5009 φιλοπλουτίᾳ
2934 4939 3053 5001 τοῖς
3069 4937 3215 5007 ἀπλη
3226 4935 3413 5007 ρὼτοις
3432 4935 3530 5005 τῆς
3551 4934 3736 4987 πλεον-

2160 5038 2310 5105 εξίας
2356 5032 2518 5088 αὑτοῦ
2549 5031 2768 5095 κόλποις
2810 5030 3237 5100 ἐναποκρύπτων
3279 5028 3405 5091 τοὺς
3459 5026 3734 5090 ἀσθενεῖς;

2161 5216 2313 5285 ginea
2328 5211 2604 5285 appellare
2631 5208 2806 5262 libeat.

2236 5270 2556 5354 (91)’ί]οιι).
2616 5279 2890 5356 secundus
2944 5277 3112 5356 ὕδατα
3165 5273 3386 5356 ἐριπετά.
3424 5273 3584 5356 κατά.
3620 5270 3740 5356 Mox

2169 5341 2301 5465 Reg.
2330 5341 2540 5408 'sextus
2583 5366 2705 5405 cum
2754 5349 2908 5404 Coll).
2964 5351 3141 5418 primo
3188 5341 3253 5399 τὸ
3318 5343 3427 5398 τῶν
3475 5341 3767 5465 λετιιιοτοί-ἱ

2164 5441 2294 5477 των.

2241 5494 2351 5566 (92)
2385 5492 2457 5547 Ita
2503 5487 2966 5566 codex__C_om_l}el'_.
3008 5503 3131 5542 cum
3174 5486 3300 5566 alus
3336 5485 3572 5553 quinque
3612 5496 3739 5566 mss:

2172 5551 2346 5618 Dv‘cst'
2371 5563 2523 5632 παρά
2553 5563 2604 5615 in
2636 5561 2819 5632 editis.
2852 5558 3052 5632 Ibidem
3086 5558 3303 5632 codices
3330 5551 3454 5610 octo
3483 5551 3657 5624 τροφὴ
3688 5551 3746 5606 δὲ

2174 5626 2528 5706 ἰχΟύσιν,Ῠ;ίυι
2554 5636 2665 5706 τοῖς
2692 5630 2921 5700 ἰχθύσιν.
2960 5626 3353 5706 ίχθύων.
3428 5694 3477 5706 Μ
3549 5692 3605 5706 η-
3652 5691 3685 5706 __

2245 5707 2354 5773 .95)
2392 5692 2491 5757 ’δίει
2544 5692 2795 5773 quinque.
2832 5715 2961 5773 mss.
3022 5692 3361 5773 sinuatam
3424 5694 3500 5773 δέ.
3548 5692 3745 5746 Statim

2174 5765 2303 5845 ῐὶυις.
2332 5765 2515 5831 sextus
2547 5765 2666 5828 cum
2697 5765 2852 5827 Coll).
2888 5771 3057 5839 primo
3087 5768 3236 5820 ὖδατι
3270 5765 3638 5836 διαρκοῦνται.
