4082 6218
465 363 570 419 155

1811 351 1868 405 8.
1913 347 2158 404 BASlLll
2188 347 2401 404 MAGNI

3605 349 3713 405 156
3772 404 3779 409 _

463 480 762 536 inhabitare
791 476 919 545 facit
972 475 1128 528 unius
1163 472 1322 526 moris
1356 471 1412 525 in
1458 471 1611 524 domo
1641 469 1706 524 ⁸³.
1747 469 1860 524 Hoc
1903 485 2045 522 mare

2157 467 2216 520 '0
2236 467 2440 530 δίκαιος
2465 465 2757 529 ἄπλαστος,
2789 465 2969 526 ὁποῖος
2991 464 3020 516 ὁ
3055 463 3248 516 Ἰακώϐ
3278 463 3409 535 (99).
3437 463 3534 517 Διά
3559 465 3717 518 τοῦτο

466 586 709 640 magnum
759 577 808 622 et
859 566 1199 634 spatiosum:
1235 563 1346 617 illic
1387 562 1626 630 reptilia,
1669 579 1891 633 quorum
1939 578 2044 614 non

466 669 538 713 est
584 672 828 712 numerus
868 671 887 708 :
934 655 1190 708 animalia
1238 652 1430 720 pusilla
1457 668 1573 705 cum
1614 653 1819 722 magnis
1845 652 1912 706 ".
1939 653 2044 706 Sed

469 762 645 806 tamen
665 759 749 804 est
776 749 828 802 in
857 747 966 802 illis
1001 747 1214 815 sapiens
1242 745 1484 814 quaedam
1515 753 1570 798 et
1598 744 1764 812 probe
1797 744 2044 798 ordinata

467 841 768 910 dispositio.
794 839 910 894 Non
947 839 1090 892 enim
1145 835 1315 891 solum
1351 850 1606 890 accusare
1639 836 1813 906 pisces
1855 851 2046 906 possu-

467 945 620 994 mus;
649 931 744 984 sed
774 936 898 984 sunt
918 928 1081 982 etiam
1112 941 1233 995 qua:
1256 940 1433 994 operte
1454 926 1680 994 pretium
1713 933 1798 978 est
1823 925 2040 978 imitari.

466 1021 746 1091 Quomodo
766 1019 972 1090 singula
995 1018 1224 1088 piscium
1253 1031 1447 1086 genera
1482 1017 1752 1086 regionem
1781 1017 1882 1072 sibi
1914 1016 2046 1087 ipsis

466 1113 714 1168 idoneam
736 1111 953 1180 partita,
973 1109 1148 1164 aliain
1177 1109 1403 1162 aliorum
1430 1109 1586 1163 sedes
1609 1122 1714 1162 non
1740 1115 2043 1173 transeunt,

467 1205 563 1259 sed
594 1205 736 1258 intra
761 1203 1012 1272 proprios
1038 1204 1173 1256 lines
1198 1200 1585 1255 diversantur?
1615 1196 1904 1256 Geometra
1929 1201 2047 1254 nul-

469 1296 552 1351 lus
574 1296 933 1351 habitationes
957 1295 1094 1364 apud
1118 1295 1233 1350 haec
1267 1295 1491 1364 piscium
1521 1306 1716 1363 genera
1745 1291 2045 1359 distribuit;

467 1400 576 1440 non
629 1383 1038 1454 circumscripta
1083 1393 1210 1439 sunt
1245 1384 1434 1447 muris,
1467 1397 1572 1437 non
1608 1382 1806 1438 tinibus
1854 1383 2047 1448 divisa,

468 1487 526 1534 et
559 1480 700 1549 quod
749 1477 942 1547 cuique
981 1478 1222 1549 prodest,
1264 1477 1316 1531 id
1371 1477 1564 1545 cuique
1602 1484 1791 1545 sponte
1845 1485 2050 1530 natum

470 1571 794 1627 destinatum
857 1581 957 1626 est.
1014 1571 1111 1627 Hic
1164 1571 1306 1625 enim
1343 1570 1493 1624 sinus
1531 1569 1776 1638 quazdam
1824 1569 2048 1638 piscium

473 1677 667 1731 genera
725 1661 918 1730 pascit,
956 1660 1044 1716 ille
1098 1661 1202 1715 alia
1238 1669 1330 1714 :et
1376 1676 1495 1729 qua:
1529 1659 1618 1713 hic
1668 1660 1962 1723 abundant,
1987 1674 2050 1713 ea

474 1751 604 1805 alibi
649 1751 739 1805 vix
799 1752 1061 1807 invenias.
1112 1750 1302 1805 Nullus
1356 1763 1508 1802 mons
1551 1747 1723 1803 acutis
1764 1747 2052 1802 verticibus

2145 559 2461 618 Κατοικίζει
2501 559 2714 626 Κύριος
2743 557 3158 625 μονοτρόπους
3187 555 3256 608 ἐν
3286 555 3448 620 οἴκῳ.
3484 557 3639 624 Αὕτη
3674 558 3714 625 ἡ

2143 649 2427 705 θάλασσα
2461 651 2498 708 1i
2531 647 2765 717 agili;
2794 647 2890 700 καί
2918 649 3286 717 εὐρύχωρος·
3321 647 3451 700 ἐκεῖ
3480 648 3715 717 ἑρπετὰ,

2143 668 2427 705 eamea
2461 668 2498 708 η
2531 668 2608 717 με
2633 668 2765 716 am
2794 668 2890 700 και
2918 668 3286 717 ευρυχωρος·
3321 668 3444 700 aut
3480 668 3715 717 ερπετα,

2142 735 2229 794 ὧν
2253 743 2365 794 οὐκ
2395 668 2851 823 ἐστινίῐίλρῦμόςο
2888 739 2998 800 ζῶα
3020 741 3204 809 μικρὰ
3242 739 3390 809 μετὰ
3417 740 3715 809 μεγάλων.

2156 832 2295 886 Ἀλλ’
2319 834 2470 903 ὅμως
2503 833 2640 904 σοφή
2673 832 2756 896 τίς
2803 833 2920 884 ἐστι
2948 833 3076 902 παρ’
3109 831 3289 895 αὐτοῖς
3334 832 3426 884 καὶ
3461 831 3719 895 εὔτακτος

2141 926 2516 996 διακόσμησις.
2559 925 2633 978 Ού
2675 924 2784 995 γὰρ
2819 925 2978 994 μόνον
3015 927 3340 995 κατηγορεῖν
3381 923 3575 994 ἔχομεν
3609 925 3722 978 τῶν

2146 1016 2346 1087 ιχθύων
2371 1017 2468 1086 (1),
2504 1017 2618 1070 ἀλλ’
2660 1015 2806 1070 ἔστιν
2830 1017 2866 1070 ἃ
2895 1017 2989 1070 καὶ
3027 1016 3371 1087 μιμήσασθαι
3396 1016 3564 1083 ἀξιον.
3595 1016 3720 1079 Πῶς

2144 1109 2212 1162 τὰ
2235 1108 2369 1178 γένη
2406 1109 2517 1162 τῶν
2562 1108 2758 1178 ἰχθύων
2795 1109 3002 1161 ἕκαστα
3039 1109 3138 1178 τήν
3167 1109 3474 1180 ἐπιτηδείαν
3511 1110 3721 1172 ἑαυτοῖς

2144 1199 2539 1272 διανειμάμενα
2565 1200 2772 1271 χώραν,
2803 1201 2902 1254 οὐκ
2927 1204 3021 1254 ἐπε
3033 1201 3245 1272 μῆαίνει
3275 1202 3542 1273 ἀλλήλοις,
3583 1202 3723 1257 ἀλλὰ

2146 1297 2255 1358 τοῖς
2306 1295 2526 1358 οἰκείοις
2574 1297 2720 1366 ὅροις
2758 1295 3117 1365 ἐνδιατρίϐει;
3165 1295 3354 1358 Οὐδεὶς
3403 1295 3722 1366 γεωμέτρης

2149 1401 2262 1456 παρ
2319 1387 2501 1449 αὐτοῖς
2541 1386 2827 1455 κατένειμε
2858 1386 2957 1448 τὰς
2985 1388 3258 1457 οἰκήσεις·
3299 1387 3359 1438 ού
3391 1386 3594 1456 τείχεσι
3626 1403 3723 1439 πε-

2151 1476 2513 1548 ριγέγραπται
2541 1494 2554 1508 ο
2603 1478 2702 1547 ούχ
2756 1476 3049 1548 ὁροθεσίοις
3095 1476 3384 1548 διῄρηταιο
3423 1479 3518 1531 καὶ
3559 1479 3722 1531 αύτο-

2155 1568 2338 1639 μάτως
2375 1569 2588 1640 ἑκάστῳ
2612 1571 2671 1623 τὸ
2700 1572 2968 1642 χρήσιμον
3000 1570 3384 1626 ἀποτέτακται.
3419 1564 3585 1634 Οὗτος
3623 1569 3725 1639 μὲν

2153 1657 2260 1729 γὰρ
2300 1660 2328 1711 ὁ
2363 1659 2559 1722 κόλπος
2583 1659 2708 1713 τάδε
2731 1660 2852 1713 τινὰ
2883 1660 2957 1728 (2)
2983 1661 3114 1730 γένη
3140 1659 3245 1712 τῶν
3289 1658 3484 1730 ἰχθύων
3517 1659 3722 1728 βόσκει,

2153 1751 2404 1814 κάκεῖνος
2441 1751 2602 1822 ἕτερα
2626 1769 2639 1781 ·
2671 1753 2763 1805 καὶ
2783 1751 2851 1806 τὰ
2877 1747 2979 1806 ὦδε
3013 1751 3349 1824 πληθύνοντα
3379 1753 3559 1822 ἄπορα
3592 1753 3723 1824 παρ’

472 1855 773 1912 porreetus,
811 1857 874 1897 ea
907 1843 1173 1913 seiungit;
1205 1857 1308 1895 non
1347 1839 1634 1894 transitum
1681 1838 1930 1893 discindit
1958 1836 2052 1891 ﬂu-

2155 1842 2382 1913 ἐτέροις.
2418 1841 2582 1895 Οὐδὲν
2619 1841 2743 1912 ὅρος
2782 1842 2983 1908 ὀξείαις
3022 1845 3286 1912 κορυφαῖς
3325 1842 3726 1912 ἀνατεταμένον

471 1936 592 1990 vius
623 1953 638 1990 :
668 1935 762 1989 sed
791 1933 1034 2005 quaedam
1059 1943 1142 1989 est
1171 1943 1376 1986 naturae
1407 1931 1522 1995 lex,
1555 1945 1674 2000 quae
1697 1944 1851 1999 aeque
1882 1929 2050 1998 juste-

2155 1933 2444 2004 διίστησιν,
2492 1933 2554 1986 ού
2602 1934 2842 2004 ποταμὸς
2883 1934 2983 2004 τὴν
3038 1934 3282 1988 διάϐασιν
3327 1935 3723 2004 ἀποτέμνεταιο

473 2042 578 2097 que
601 2042 700 2095 pro
746 2026 1166 2096 uniuscujusque
1213 2025 1496 2081 commodo
1539 2021 1750 2078 vivendi
1789 2023 2049 2077 rationem

2155 2025 2284 2079 ἀλλὰ
2319 2027 2481 2096 νόμος
2516 2025 2598 2088 τίς
2637 2026 2751 2078 ἐστι
2783 2025 2995 2096 φύσεως
3041 2027 3169 2091 ίσως
3195 2028 3289 2079 καὶ
3327 2027 3548 2091 δικαίως
3584 2028 3726 2080 κατά

474 2118 630 2189 quasi
665 2119 857 2173 sortito
889 2118 1115 2188 singulis
1145 2115 1462 2186 prescribit.

547 2316 600 2370 4.
629 2315 738 2370 Nos
773 2331 902 2370 vero
920 2330 1258 2385 nequaquam
1290 2314 1426 2369 tales
1449 2329 1654 2368 sumus.
1688 2313 1876 2369 Unde?
1899 2313 2052 2380 Quod

479 2407 579 2476 ipsi
603 2408 860 2461 terminos
891 2417 1121 2461 aeternos
1175 2406 1571 2468 transierimus,
1605 2421 1737 2474 quos
1783 2406 1829 2437 ’⁸
1872 2417 2050 2476 patres

481 2495 646 2549 nostri
714 2505 1025 2562 posuerunt.
1079 2494 1365 2562 Perperatn
1424 2493 1719 2548 scindimus
1769 2493 2049 2560 tellurem;

480 2588 699 2640 domum
733 2586 936 2647 domui,
969 2601 1153 2656 agrum
1184 2601 1315 2653 agro
1341 2586 1702 2654 adjungimus,
1735 2595 1842 2639 uta
1866 2588 2053 2654 proxi—

482 2690 568 2727 mo
604 2673 803 2743 aliquid
853 2675 1179 2728 auleramus.
1228 2674 1435 2730 Norunt
1471 2684 1591 2728 cete
1641 2674 1851 2727 vivendi
1884 2689 2054 2743 genus

480 2768 579 2822 sibi
612 2783 640 2820 a
677 2775 869 2819 natura
903 2767 1272 2821 constitutum.
1308 2766 1585 2835 Ocrupaut
1628 2767 1677 2820 id
1705 2781 1875 2830 mare,
1911 2767 2055 2835 quod

481 2859 617 2912 ultra
671 2860 988 2913 habitabiles
1025 2860 1208 2928 plagas
1263 2861 1447 2922 situm,
1489 2859 1678 2913 insulis
1729 2867 1915 2924 caret,
1968 2858 2054 2912 cui

479 2951 759 3003 continens
790 2949 930 3001 nulla
977 2958 1118 3001 terra
1160 2963 1191 3002 e
1238 2950 1454 3018 regione
1493 2947 1800 3016 opponitur.
1857 2945 2056 3026 Quam-

478 3041 663 3096 obrem
701 3041 1058 3110 ianavigabile
1090 3050 1194 3102 est,
1237 3056 1334 3093 nec
1361 3039 1524 3092 ullum
1549 3038 1902 3107 cognoscendi
1944 3047 2058 3091 stu-

481 3134 669 3195 dium,
722 3149 821 3186 nec
869 3133 972 3185 ulla
1027 3134 1326 3187 necessitas
1377 3132 1508 3186 illud
1565 3141 1773 3186 tentare
1820 3145 2052 3199 unquam

2150 2117 2210 2172 τὸ
2249 2119 2478 2172 ἑκάστου
2521 2117 2779 2189 χρειῶδες
2825 2118 2923 2189 τήν
2960 2118 3165 2172 δίαιταν
3206 2119 3454 2182 ἑκάστοις
3482 2118 3727 2189 ἀποκλη-

2154 2207 2263 2279 ρῶν
2294 2208 2393 2280 (δ).

2220 2300 2274 2354 4.
2327 2299 2464 2353 Ἀλλ’
2487 2302 2586 2370 οὐχ
2615 2303 2777 2370 ἡμεῖς
2821 2299 3072 2356 τοιοῦτοι.
3123 2302 3326 2367 Πόθεν;
3363 2304 3493 2372 Οἴγε
3541 2304 3729 2372 μεταί-

2155 2411 2322 2465 ρομεν
2387 2393 2510 2463 ὅρια
2561 2393 2790 2450 αἰώνια.
2843 2393 2879 2447 ἀ
2920 2393 3100 2446 ἔθεντο
3149 2397 3197 2447 οί
3256 2397 3488 2466 πατέρες
3549 2396 3728 2467 ἡμῶν.

2153 2485 2620 2556 Παρατεμνόμεθα
2661 2485 2738 2556 (4)
2787 2486 2912 2556 γῆν,
2970 2486 3311 2556 συνάπτομεν
3366 2487 3542 2540 οἰκίαν
3593 2487 3730 2559 πρὸς

2153 2577 2326 2630 οἰκίαν
2356 2578 2447 2630 καὶ
2487 2577 2655 2645 ἀγρὸν
2691 2577 2825 2644 πρὸς
2870 2578 3057 2648 ἀγρὸν,
3087 2578 3174 2631 ἶνα
3204 2578 3296 2631 τοῦ
3354 2578 3583 2650 πλησίον
3619 2580 3729 2648 ἀφ-

2154 2667 2402 2737 ελώμεθά
2433 2685 2506 2720 τι.
2536 2664 2656 2720 Οἵδε
2700 2667 2766 2719 τά
2813 2669 2951 2738 κήτη
2973 2669 3071 2739 τὴν
3117 2669 3503 2740 ἀφωρισμένην
3547 2671 3730 2734 αὐτοῖς

2156 2764 2309 2831 παρά
2335 2761 2434 2830 τῆς
2468 2761 2681 2828 φύσεως
2709 2760 2937 2825 δίαιταν,
2978 2761 3073 2833 τὴν
3123 2761 3226 2826 ἔξω
3257 2763 3364 2817 τῶν
3399 2764 3735 2833 οἰκουμένων

2157 2854 2368 2923 χωρίων
2411 2854 2704 2924 κατείληφε
2739 2853 3030 2917 Θάλασσαν,
3073 2854 3170 2925 τὴν
3212 2857 3426 2926 ἐρήμην
3460 2850 3659 2926 νήσων,

2163 2946 2401 3016 μηδεμία
2433 2946 2569 3014 πρὸς
2589 2947 2650 2997 τὸ
2676 2945 2971 3017 ἀντιπέρας
3002 2947 3458 3018 άντικαθέστηκεν
3483 2948 3730 3019 ἤπειρος.

2160 3036 2357 3106 Διόπερ
2387 3035 2590 3098 ἄπλους
2611 3037 2778 3100 ἐστὶν,
2807 3035 2929 3089 οὔτε
2961 3039 3198 3109 ἱστορίας
3221 3037 3343 3091 οὔτε
3369 3038 3514 3101 τινὸς
3543 3039 3732 3110 χρείας

2107 3192 2122 3209 ν
2160 3127 2503 3197 κατατολμᾷν
2559 3128 2726 3198 αὐτῆς
2788 3128 2914 3191 τοὺς
2969 3128 3259 3199 πλωτῆρας
3313 3130 3728 3202 ἀναπειθούσης.

484 3221 662 3273 nautis
689 3220 975 3289 persuasit.
1005 3217 1114 3273 Hoc
1145 3233 1295 3273 mare
1333 3228 1600 3287 occupant
1629 3229 1767 3283 cete,
1805 3216 2052 3271 maximis

2169 3190 2412 3289 Ἐκείνην
2449 3190 2830 3274 ’καταλαόόντα
2859 3190 2926 3273 τά
2961 3223 3122 3292 κήτη,
3145 3190 3277 3284 ’τοίς
3322 3223 3596 3292 μεγίστοις
3624 3190 3736 3276 τίῖίν

484 3312 754 3364 montibus
779 3311 1145 3380 magnitudine
1171 3311 1390 3374 similia,
1423 3310 1566 3364 velut
1597 3309 1651 3364 Ιιὶ
1675 3310 1764 3379 qui
1808 3309 2056 3364 viderunt

482 3409 749 3454 narrant:
783 3410 1002 3454 manent
1033 3401 1172 3455 intra
1210 3403 1456 3470 proprios
1505 3400 1787 3466 terminos,
1830 3415 1929 3455 nec
1974 3401 2055 3453 in-

393 3535 406 3554 ρ
483 3498 626 3551 sulas
668 3513 840 3566 neque
875 3500 1034 3553 urbes
1071 3501 1369 3555 maritimas
1415 3501 1689 3554 infestant.
1747 3500 1836 3554 Sic
1897 3501 2058 3569 igitur

483 3594 900 3662 unumquodque
926 3610 1092 3663 genus
1131 3595 1182 3648 in
1207 3595 1441 3649 delinitis
1469 3594 1569 3649 sibi
1603 3595 1765 3648 maris
1793 3596 2054 3664 partibus,

481 3685 704 3752 perinde
729 3696 888 3754 atque
919 3687 970 3738 itt
1031 3687 1357 3748 civitatibus,
1412 3695 1504 3739 aut
1545 3687 1677 3740 vicis
1707 3685 2054 3754 quibusdam,

485 3787 574 3830 aut
605 3778 839 3845 antiquis
872 3778 1081 3845 patriis,
1130 3778 1472 3831 immoratur.
1520 3775 1637 3830 Jam
1671 3791 1798 3831 vero
1836 3777 2056 3844 quidam

482 3884 546 3922 ex
572 3867 806 3938 piscibus
841 3870 1269 3939 peregrinantes,
1291 3871 1436 3923 velut
1469 3884 1502 3921 a
1537 3868 1807 3923 communi
1829 3868 1976 3922 curia
2006 3867 2058 3920 in

482 3970 734 4015 externas
773 3963 1018 4032 regiones
1057 3963 1326 4030 ablegati,
1363 3975 1553 4014 omnes
1603 3962 1702 4015 sub
1754 3975 1860 4013 uno
1905 3960 2060 4029 signo

486 4053 923 4119 proficiscuntur.
947 4054 1082 4107 Cum
1119 4055 1263 4106 enim
1288 4055 1660 4121 praescriptum
1690 4052 1890 4106 fetandi
1923 4062 2060 4104 tem-

488 4157 583 4213 pus
611 4145 883 4206 institerit,
911 4144 996 4197 alii
1023 4145 1090 4197 ab
1119 4143 1239 4198 aliis
1266 4145 1595 4211 etnigrantes
1627 4143 1856 4205 sinibus,
1906 4157 2058 4196 com-

489 4234 870 4302 tnuniuaturre
929 4235 1041 4306 lege
1075 4236 1352 4302 concitati,
1407 4235 1472 4288 ad
1522 4251 1670 4289 mare
1727 4235 2058 4303 aquilonium

489 4323 762 4378 festinant.
793 4326 854 4380 Et
885 4327 1098 4390 quidem
1136 4327 1254 4394 ipso
1301 4342 1561 4381 ascensus
1589 4336 1827 4395 tempore
1883 4327 2062 4396 pisces

488 4426 709 4471 coactos
745 4432 841 4486 per
881 4417 1262 4486 Propontidem
1307 4419 1359 4472 in
1413 4419 1676 4473 Euxinum
1715 4417 1943 4473 Pontum
1981 4419 2062 4471 in-

2157 3310 2298 3380 ὀρῶν
2346 3311 2487 3365 κατά
2542 3312 2602 3365 τὸ
2653 3311 2878 3382 μέγεθος
2910 3313 3151 3378 ἐοικότα,
3199 3314 3274 3376 ὡς
3317 3316 3366 3367 oi
3413 3314 3733 3385 τεθεαμένοι

2159 3403 2312 3472 φασὶ,
2355 3401 2504 3472 μένει
2534 3403 2590 3453 ἐν
2623 3403 2736 3465 τοῖς
2769 3402 2988 3466 οἰκείοις
3016 3403 3181 3474 ὅροις,
3225 3405 3361 3474 μήτε
3387 3407 3505 3467 ταῖς
3526 3406 3733 3474 νήσοις,

2162 3497 2297 3566 μήτε
2337 3499 2454 3560 ταῖς
2481 3495 2764 3566 παραλίοις
2807 3494 2882 3565 (5)
2911 3496 3097 3550 πόλεσι
3142 3499 3530 3568 λυμαινόμενα.
3575 3497 3734 3551 Οὕτω

2163 3591 2259 3661 μὲν
2299 3585 2390 3644 οὖν
2439 3590 2668 3643 ἕκαστον
2703 3589 2892 3658 γένος,
2925 3592 3110 3662 ὥσπερ
3152 3591 3389 3656 πόλεσιν,
3439 3592 3472 3662 ἢ
3518 3590 3734 3662 κώμαις

2161 3682 2322 3748 τισὶν,
2353 3682 2386 3754 ἢ
2419 3682 2674 3752 πατρίσιν
2701 3682 2977 3753 ἀρχαίαις,
3000 3685 3108 3746 τοῖς
3143 3683 3599 3754 ἀποτεταγμένοις
3637 3684 3735 3736 αύ-

2160 3777 2272 3838 τοῖς
2321 3775 2418 3845 τῆς
2483 3773 2757 3846 θαλάσσης
2811 3775 3031 3845 μέρεσιν
3086 3773 3442 3839 ἐναυλίζεται.
3488 3775 3628 3846 Ἤδη
3672 3776 3733 3830 δέ

2159 3883 2304 3930 τινες
2361 3867 2455 3920 καὶ
2513 3865 2909 3943 ἀποδημητικοὶ
2961 3865 3070 3918 τῶν
3132 3866 3348 3936 ἰχθύων,
3392 3866 3580 3938 ὥσπερ
3624 3867 3736 3920 ἀπὸ

2161 3959 2341 4012 κοινοῦ
2387 3945 2766 4104 βουλευτγῒίου
2813 3959 2952 4030 πρὸς
2995 3959 3091 4030 τήν
3126 3961 3422 4032 ὑπερορίαν
3459 3961 3735 4030 στελλόμε-

2169 4069 2272 4104 νοι.
2300 4053 2389 4104 ὑφ’
2418 4053 2498 4104 ἐν).
2534 4069 2628 4104 συν
2666 4055 2834 4104 ήιιατι
2877 4051 3076 4104 πάντες
3104 4052 3448 4104 ἀπαίρουσιν.
3485 4052 3733 4104 Ἐπειδάν

2169 4069 2272 4116 νοι,
2300 4053 2389 4121 ὑφ’
2418 4053 2498 4106 ἐν).
2534 4051 2834 4124 συνθήματι
2877 4051 3076 4115 πάντες
3104 4052 3448 4120 ἀπαίρουσιν.
3485 4052 3733 4105 Ἐπειδάν

2161 4142 2269 4216 γὰρ
2299 4145 2328 4196 ὁ
2350 4143 2680 4214 τεταγμένος
2704 4142 2894 4214 καιρὸς
2931 4143 3030 4211 τῆς
3053 4142 3300 4212 κυήσεως
3323 4141 3399 4213 (6)
3425 4142 3730 4212 καταλάϐῃ.

2161 4235 2309 4290 ἄλλοι
2342 4235 2436 4288 ἀπ’
2488 4235 2659 4289 ἄλλων
2691 4234 2906 4288 κόλπων
2941 4234 3369 4304 μεταναστάντες
3387 4273 3400 4298 ,
3443 4232 3520 4303 τῷ
3569 4233 3734 4302 κοινῷ

2161 4330 2260 4399 τῆς
2312 4327 2527 4398 φύσεως
2575 4328 2722 4398 νόμῳ
2765 4327 3161 4397 διεγερθέντες,
3197 4327 3290 4380 ἐπὶ
3337 4325 3435 4398 τὴν
3489 4325 3735 4398 βορεινὴν

2162 4421 2468 4488 ἐπείγονται
2509 4419 2801 4477 θάλασσαν.
2832 4421 2940 4474 Καὶ
2972 4420 3103 4484 ῐδοις
3133 4420 3200 4474 ἂν
3227 4420 3370 4474 κατά
3407 4421 3499 4474 τὺν
3542 4419 3735 4493 καιρὸν

488 4505 750 4572 ﬂuentes,
797 4509 872 4562 uti
933 4517 1224 4565 torrentem
1274 4510 1564 4578 quemdam
1623 4509 1808 4562 videre
1864 4511 2052 4578 possis.

2164 4514 2263 4584 τῆς
2313 4513 2498 4566 ἀνόδου
2545 4512 2733 4585 ὥσπερ
2781 4530 2834 4566 τι
2891 4512 3067 4584 ῥεῦμα
3124 4513 3250 4576 τοὺς
3306 4511 3459 4583 ἰχθῦς
3517 4510 3734 4583 ἡνωμέ-

551 4617 599 4651 ⁹³
636 4619 778 4676 Psal.
810 4635 975 4685 van,
1008 4622 1059 4676 7.
1133 4621 1180 4653 9"
1215 4621 1355 4676 Psal.
1393 4637 1510 4686 cm,
1541 4621 1612 4675 25
1659 4621 1750 4675 26.

554 4730 669 4803 (99)
698 4731 771 4785 Ita
800 4743 1030 4799 quatuor
1056 4748 1184 4787 mss.
1225 4733 1382 4786 Deest
1418 4735 1674 4803 articulus
1716 4736 1767 4788 in
1789 4736 1965 4790 editis.
1997 4736 2054 4790 lu

487 4802 604 4857 aliis
637 4803 805 4874 tribus
836 4818 964 4874 tuss.
997 4803 1192 4874 legitur
1225 4804 1316 4856 καὶ
1339 4807 1366 4857 ὁ
1414 4802 1624 4858 Ἰακώϐ.
1654 4803 1810 4858 Culb.
1852 4807 2058 4874 primus

488 4875 580 4927 καὶ
603 4874 631 4923 ὁ
662 4869 800 4923 Ἰὼϐ.
830 4870 941 4943 _l\‘ec
969 4873 1278 4943 aliterlegit
1303 4875 1636 4938 Eustathius,
1665 4877 1753 4943 qui
1785 4869 1864 4930 sic
1894 4878 2059 4930 inter—

488 4952 775 5014 pretatut“:
809 4941 997 5014 Justus
1015 4942 1152 5014 nihil
1169 4941 1318 5014 habet
1339 4945 1531 5014 fictumg
1555 4941 1835 4998 sicutlob.
1871 4946 2060 5014 Respi-

486 5009 560 5065 cit
583 5009 809 5084 Basilius
834 5011 900 5064 ad
922 5012 1078 5084 illud,
1121 5013 1313 5066 Ἰακὼϐ
1337 5015 1415 5075 δὲ,
1448 5012 1729 5084 ἄνθρωπος
1755 5009 2056 5079 ἄπλαστος,

484 5081 647 5135 οἰκῶν
673 5079 865 5144 οἰκίαν,
904 5081 1067 5134 Jacob
1115 5097 1288 5136 autem
1341 5089 1492 5136 homo
1533 5079 1772 5150 simplex,
1806 5086 2051 5138 habitans

485 5155 697 5204 domum
722 5150 1018 5214 (Gen.xxv,
1045 5151 1156 5218 ‘27).
1193 5151 1459 5204 Particula
1488 5150 1600 5215 καί,
1639 5168 1779 5218 quae,
1807 5162 1863 5206 ttt
1900 5165 2052 5208 nota-

488 5223 686 5282 vimus,
713 5223 763 5273 in
794 5219 998 5287 aliquot
1035 5237 1163 5274 mss.
1209 5223 1494 5290 reperitur,
1530 5222 1642 5275 lere
1692 5221 1822 5275 facit
1866 5232 1924 5278 ut
1973 5223 2052 5277 le-

485 5290 714 5361 gendum
732 5291 985 5361 suspicer
1005 5291 1187 5361 ὁποῖος
1217 5293 1246 5343 ὁ
1293 5290 1485 5361 Ἰακὼϐ
1509 5291 1653 5361 irato
1693 5291 1832 5345 Ἰώΰ.

560 5357 800 5430 (i)Colb.
832 5357 1095 5431 Secundus
1115 5360 1224 5412 τῶν
1249 5358 1502 5414 τοιούτων
1527 5359 1744 5431 ἰχθύων.
1776 5361 1897 5417 Mox
1922 5362 2062 5418 idem

489 5429 590 5484 ms.
627 5431 718 5482 καὶ
754 5429 1057 5499 μιμεῖσθαι.

561 5501 638 5570 (‘2)
675 5497 767 5553 Sic
799 5497 1034 5568 quatuor
1062 5515 1189 5553 mss.
1235 5497 1372 5552 Editi
1401 5515 1523 5554 cum
1562 5501 1769 5555 duobus
1801 5516 1931 5557 mss.
1987 5503 2056 5558 τὰ

488 5568 546 5621 δέ
570 5568 686 5621 τινα
718 5569 805 5624 τά.
826 5571 1020 5622 Statim
1052 5572 1179 5640 editi
1209 5571 1389 5640 ἄπορα
1423 5571 1552 5640 παρ’
1591 5570 1836 5634 ἐκείνοις.
1873 5575 1937 5625 At
1959 5588 2055 5627 sex

495 5653 624 5690 mss.
665 5639 793 5708 παρ’
818 5640 1042 5707 ἑτέροις.
1075 5638 1270 5692 Ibidem
1306 5638 1470 5694 editio
1495 5638 1657 5693 Basil.
1681 5655 1802 5694 cum
1822 5642 1970 5695 Bodl.
1999 5652 2055 5696 et

491 5721 617 5826 gum
643 5720 842 5776 septem
879 5710 996 5763 aliis
1023 5723 1152 5764 mss.
1187 5709 1338 5762 οὐδὲν
1370 5709 1514 5780 ὅρος.
1542 5710 1715 5768 Editio
1740 5711 1910 5768 Paris.
1931 5712 2051 5768 οὐδὲ

534 5791 644 5826 occ.

1849 4622 1893 4653 ’⁵
1921 4622 2078 4678 Prov.
2107 4641 2243 4690 χχιι,
2262 4625 2354 4681 ‘28.

2236 4737 2313 4806 (5)
2351 4737 2490 4809 Editi
2522 4753 2641 4791 cum
2667 4739 2798 4809 Reg.
2831 4738 2990 4794 tertio
3013 4750 3202 4794 etcum
3223 4738 3378 4794 Colb.
3414 4739 3590 4807 primo
3610 4739 3736 4792 ἐκά-

2167 4825 2311 4870 στοις
2337 4808 2684 4879 ἀποκληρῷν.
2712 4808 2892 4864 deex
2923 4809 3166 4866 Combel‘.
3200 4825 3320 4865 cum
3353 4809 3473 4863 aliis
3501 4819 3736 4878 quatuor

2169 4892 2294 4949 mss.
2320 4878 2535 4949 ἀποπλη

2239 4948 2317 5012 (4)
2343 4948 2508 5002 Notat
2528 4947 2758 5003 Ducaeus
2779 4947 2879 5019 legi
2911 4949 2963 5003 in
2993 4950 3228 5004 editione
3252 4947 3538 5004 Basiliensi
3563 4958 3740 5016 poste-

2168 5015 2297 5089 riori
2328 5019 2738 5089 παραπείνομεν
2759 5059 2776 5086 ,
2809 5015 2990 5089 aitque
3019 5020 3339 5089 Cornarium
3371 5020 3509 5073 male
3557 5015 3740 5073 emen-

2168 5087 2342 5162 dasse,
2367 5087 2486 5142 cum
2517 5105 2582 5143 ex
2635 5087 3040 5162 παραπείνομεν
3081 5088 3283 5162 eil‘ecit‘
3309 5089 3734 5162 παρατείνομεν,

2161 5160 2480 5224 ampliamus
2528 5159 2745 5212 terrain.
2796 5159 3062 5213 Cteterum
3092 5159 3284 5228 Ducaai
3319 5159 3547 5214 Codices
3581 5175 3734 5228 atque

2159 5239 2222 5276 ac
2240 5228 2424 5300 nostri
2444 5231 2666 5300 ‘Itabent
2687 5227 3168 5300 παρατεμνόμεθα,
3193 5245 3447 5300 secamtts.

2231 5296 2308 5370 (A5)
2341 5297 2572 5370 (lodices
2606 5296 2828 5370 ‘aliqu‘ot
2897 5296 3038 5370 cuni
3075 5300 3320 5370 editione
3366 5298 3532 5354 Basil.
3593 5316 3736 5370 παρ-

2167 5365 2364 5489 αέξαις.
2398 5368 2572 5422 Editio
2603 5365 2770 5424 Paris.
2798 5383 2922 5422 cum
2952 5368 3416 5438 aliisquibusdam
3433 5385 3561 5426 mss.
3587 5365 3732 5441 παρ-

2167 5452 2202 5489 α
2256 5455 2356 5489 etc.

2167 5452 2356 5500 aMOtC.

2240 5508 2316 5577 (6)
2349 5506 2715 5581 EditioABasil.
2744 5509 2936 5581 καιρὸς
2966 5508 3065 5580 τῆς
3092 5510 3382 5579 κινήσεως,
3413 5519 3468 5563 et
3495 5510 3569 5562 ita
3597 5509 3734 5580 legit

2165 5575 2476 5648 Coi-uarius.
2514 5577 2619 5632 Sed
2677 5575 3068 5648 Duc.,uterqu'e
3122 5591 3178 5632 et
3204 5575 3428 5648 'Angltci
3485 5595 3618 5634 mss.
3656 5575 3734 5632 vet

2165 5647 2407 5720 Combel‘.
2431 5663 2552 5702 cum
2599 5663 2692 5702 sex
2724 5650 2924 5720 nostris
2951 5648 3143 5720 καιρὸς
3190 5651 3288 5720 τῆς
3311 5647 3584 5720 κυήσεως.
3623 5649 3732 5704 Nec

2171 5716 2323 5771 aliter
2349 5716 2590 5787 legerunt
2618 5719 2931 5776 Ambrosius
2953 5729 3009 5775 et
3043 5716 3378 5776 Eustathius.
