4082 6218
420 324 523 381 157

1523 320 1808 377 HOMILIA
1851 320 1945 375 VII
1984 321 2049 375 IN
2089 319 2583 377 llEXAEMERON.

3579 327 3681 383 158

417 454 539 500 νους
574 434 672 503 (7),
704 432 798 485 καὶ
827 430 915 485 διά
945 430 1043 502 τῆς
1086 433 1447 514 Προποντίδος
1482 434 1575 486 ἐπὶ
1614 432 1705 485 τὸν
1746 432 1986 499 Εῦξεινον

2102 430 2297 500 Ecquis
2326 434 2550 488 movet?
2573 434 2843 502 quodnam
2867 445 2951 492 est
2979 437 3124 506 regis
3154 438 3476 510 imperium?
3502 448 3679 516 qualia

421 528 657 600 ῥέοντας.
700 523 797 586 Τίς
834 523 862 575 6
895 523 1093 588 κινῶν;
1129 526 1278 578 ποῖον
1325 509 1651 597 πρόσταγμα
1696 524 1991 595 βασιλέως;

417 623 545 675 ποῖα
577 617 970 688 διαγράμματα
1002 616 1123 669 κατ’
1158 617 1366 689 ἀγοράν
1395 617 1696 688 ἡπλωμένα
1726 616 1825 687 τὴν
1868 634 1996 687 προ-

417 710 644 780 θεσμίαν
696 707 883 779 δηλοῖ;
941 708 988 760 οἰ
1049 707 1400 777 ξεναγοῦντες
1454 709 1635 773 τίνες;
1679 707 1842 778 Ὁρᾷς
1896 706 1993 777 τὴν

415 804 565 858 Θείαν
609 802 852 866 διάταξιν
898 801 1077 855 πάντα
1110 802 1445 874 πληροῦσαν,
1495 804 1588 857 καὶ
1636 803 1723 856 διὰ
1764 802 1872 855 τῶν
1909 820 1996 873 μι-

415 893 694 964 κροτάτων
728 892 1043 967 διήκουσαν.
1106 893 1278 963 Ἰχθὺς
1345 895 1445 947 οὐκ
1508 893 1777 962 ἀντιλέγει
1842 894 1992 964 νόμῳ

412 986 570 1051 Θεοῦ,
605 986 699 1039 καὶ
732 985 1009 1057 ἄνθρωποι
1042 985 1324 1056 σωτηρίων
1362 986 1707 1057 διδαγμάτων
1753 987 1853 1039 οὐκ
1901 989 1995 1041 ἀν-

412 1079 669 1150 εχόμεθα.
707 1076 798 1148 Μὴ
830 1077 1163 1148 καταφρόνει
1190 1078 1297 1131 τῶν
1326 1078 1545 1149 ἰχθύων,
1574 1078 1760 1150 ἐπειδὴ
1805 1081 1994 1147 ἄφωνα

414 1172 507 1224 καὶ
550 1170 720 1239 ἄλογα
768 1168 1075 1232 παντελῶς·
1130 1169 1267 1223 ἀλλά
1314 1170 1481 1240 φοϐοῦ
1533 1171 1608 1243 μὴ
1650 1171 1743 1224 καὶ
1790 1170 1993 1224 τούτων

412 1262 749 1334 ἀλογώτερος
776 1259 861 1334 ᾖς,
903 1265 970 1333 τῇ
1002 1262 1229 1335 διαταγῇ
1274 1261 1368 1317 τοῦ
1408 1264 1695 1327 κτίσαντος
1737 1262 1993 1317 ἀνθιστά-

417 1374 594 1427 μενος.
623 1358 821 1408 ’Ἄκουε
858 1354 965 1407 τῶν
1010 1354 1207 1425 ἰχθύων
1273 1356 1552 1427 μονονουχὶ
1594 1355 1776 1425 φωνὴν
1806 1355 1994 1424 ἀφιέν-

412 1465 520 1502 των
552 1449 617 1501 δι⁹
658 1440 733 1501 ὧν
780 1447 1048 1512 ποιοῦσιν,
1098 1448 1203 1500 ὅτι·
1247 1446 1342 1511 Εἰς
1390 1447 1646 1518 διαμονὴν
1682 1445 1774 1499 τοῦ
1803 1447 1994 1514 γένους

411 1541 510 1612 τὴν
577 1538 794 1611 μακρὰν
844 1538 1051 1609 ταύτην
1104 1538 1413 1609 ἀποδημίαν
1466 1536 1818 1608 στελλόμεθα.
1873 1536 1987 1589 οὐκ

412 1632 627 1703 ἔχουσιν
659 1631 786 1684 ῐδιον
819 1630 1010 1699 λόγον’
1060 1628 1244 1700 ἔχουσι
1285 1629 1342 1683 δὲ
1385 1627 1477 1683 τὸν
1509 1629 1607 1699 τῆς
1657 1628 1871 1698 φύσεως
1902 1628 1992 1681 νό-

417 1739 516 1792 μον
549 1719 782 1792 ἰσχυρῶς
816 1719 1183 1791 ἐνιδρυμένον,
1226 1720 1320 1773 καὶ
1366 1718 1427 1771 τὸ
1458 1719 1729 1790 πρακτέον
1777 1719 1992 1771 ὑποδει-

414 1813 633 1867 κνύντα.
689 1812 1024 1883 Βαδίσωμεν,
1070 1812 1266 1881 φασὶν,
1324 1812 1417 1865 ἐπὶ
1469 1812 1532 1865 τὸ
1579 1812 1786 1883 βόρειον
1825 1810 1990 1864 πέλα-

412 1920 508 1972 γος
540 1903 639 1973 (8).
672 1902 1005 1975 Γλυκύτερον
1036 1904 1144 1976 γὰρ
1174 1904 1272 1975 τῆς
1299 1903 1491 1974 λοιπῆς
1517 1902 1795 1975 θαλάσσης
1820 1906 1993 1958 ἐκεῖνο

411 1995 474 2050 τὸ
527 1997 691 2067 ὕδωρ,
743 1996 875 2050 διότι
931 1997 1017 2048 ἐπ’
1058 1996 1239 2064 ὀλίγον
1290 1997 1428 2068 αὐτῇ
1486 1996 1917 2068 προσδιατρίων
1965 1999 1993 2051 6

411 2088 593 2159 ἥλιος,
644 2089 743 2141 οὐκ
790 2087 973 2156 ἐξάγει
1011 2088 1180 2158 αὐτῆς
1225 2087 1345 2140 ὅλον
1391 2088 1480 2141 διὰ
1527 2089 1628 2158 τῆς
1678 2089 1894 2151 ἀκτῖνος
1932 2088 1993 2141 τὸ

414 2181 664 2251 πότιμον.
705 2180 898 2251 Χαίρει
931 2179 987 2232 δὲ
1014 2182 1127 2241 τοῖς
1164 2178 1388 2247 γλυκέσι
1442 2179 1537 2232 καὶ
1576 2180 1645 2233 τὰ
1691 2179 1988 2233 θαλάσσια’

412 2273 531 2326 ὅθεν
564 2273 657 2324 καὶ
689 2272 783 2324 ἐπὶ
830 2274 956 2334 τοὺς
1006 2272 1287 2341 ποταμοὺς
1333 2268 1661 2343 ἀνανήχεται
1710 2273 1991 2339 πολλάκις,

412 2367 506 2419 καὶ
541 2366 730 2436 πόρρω
772 2365 1050 2436 θαλάσσης
1088 2366 1332 2439 φέρεται.
1376 2368 1471 2419 Ἐκ
1508 2367 1699 2419 τούτου
1734 2370 1992 2439 προτιμό-

410 2474 566 2526 τερος
605 2458 787 2521 αὐτοῖς
822 2460 847 2511 6
878 2459 1079 2521 Πόντος
1110 2458 1218 2511 τῶν
1257 2459 1457 2511 λοιπῶν
1486 2460 1602 2511 ἐστι
1650 2459 1884 2523 κόλπων,
1916 2459 1991 2523 ὡς

412 2550 715 2621 ἐπιτήδειος
769 2550 1137 2620 ὲναποκυῆσαι
1190 2551 1283 2603 καὶ
1339 2551 1600 2623 ἐκθρέψαι
1657 2551 1723 2604 τὰ
1770 2551 1990 2619 ἔκγονα.

424 2638 670 2692 Ἐπειδὰν
729 2639 785 2691 δὲ
832 2639 893 2691 τὸ
944 2639 1373 2709 σπουδαζόμενον
1419 2642 1729 2713 ἀρκούντως
1786 2643 1993 2713 ἐκπλη-

415 2730 597 2802 ρωθῇ»,
641 2732 799 2785 πάλιν
854 2732 1127 2803 πανδημεὶ
1183 2734 1383 2797 πάντες
1431 2736 1863 2805 ὑποστρέφουσιν
1915 2736 1991 2788 οἵ-

2097 523 2276 577 edicta
2319 525 2370 577 in
2420 525 2535 579 foro
2571 527 2836 596 exposita,
2897 532 3219 598 praefinitum
3282 542 3493 605 tempus
3544 538 3683 593 indi-

2096 616 2263 669 cant?
2314 616 2405 685 qui
2459 625 2584 669 sunt
2620 616 2886 685 hospitum
2921 624 3357 695 advenarumque
3388 628 3686 685 ductores?

2098 707 2261 761 Vides
2314 708 2551 761 divinam
2586 709 2983 765 ordinationem
3053 725 3244 769 cuncta
3295 719 3679 790 complentem,

2095 810 2258 868 atque
2292 816 2387 869 per
2416 802 2777 857 minutissima
2832 807 3236 874 pervadentem.
3282 809 3454 866 Piscis
3485 812 3684 868 divinat

2098 891 2201 961 legi
2233 907 2338 946 non
2377 892 2715 963 adversatur,
2747 912 2861 981 nos.
2886 912 3012 953 vero
3041 900 3369 957 salutaribus
3397 909 3681 977 praeceptis

2098 1002 2201 1041 non
2232 988 2601 1056 ohseqnimnr.
2634 989 2776 1045 Cave
2807 993 2983 1061 pisces
3012 997 3342 1063 asperneris,
3367 998 3509 1067 quod
3545 999 3680 1053 muti

2096 1090 2241 1145 sunt,
2263 1090 2317 1135 et
2344 1082 2563 1135 omnino
2601 1084 2826 1139 rationis
2858 1084 2967 1155 67
2998 1096 3249 1154 expertes
3272 1106 3285 1142 :
3312 1090 3406 1143 sed
3430 1089 3581 1153 time,
3612 1105 3681 1144 ne

2094 1168 2257 1221 etiam
2286 1168 2369 1223 his
2398 1168 2624 1225 inferior
2656 1173 2732 1226 sis
2759 1176 2985 1238 ratione,
3028 1174 3354 1230 ordinationi
3381 1177 3682 1233 conditoris

2094 1261 2379 1317 obsistens.
2411 1262 2545 1316 Audi
2572 1263 2771 1331 pisces,
2807 1266 2897 1335 qui
2928 1280 3023 1334 per
3048 1281 3109 1320 ea
3139 1281 3258 1335 qua:
3288 1267 3512 1332 faciunt,
3560 1277 3682 1323 tan-

2098 1363 2211 1408 tum
2248 1368 2353 1408 non
2385 1356 2637 1409 emittunt
2667 1355 2807 1410 hanc
2832 1372 3017 1412 vocem
3056 1374 3069 1411 :
3127 1357 3239 1413 Nos
3269 1359 3335 1413 ad
3363 1370 3679 1431 perpetuam

2095 1447 2309 1519 generis
2359 1449 2828 1504 conservationem
2870 1449 2921 1503 in
2958 1449 3308 1519 longinquam
3359 1451 3499 1506 hanc
3527 1464 3683 1519 pere-

2096 1542 2458 1612 grinationem
2490 1541 2777 1595 mittimur.
2802 1540 2918 1596 Non
2940 1542 3071 1611 ipsis
3091 1541 3228 1597 inest
3252 1541 3469 1613 propria
3498 1541 3680 1611 ratio;

2097 1630 2190 1686 sed
2221 1640 2426 1686 naturae
2457 1630 2630 1702 legem
2679 1630 2879 1687 habent
2915 1633 3017 1687 sibi
3068 1631 3273 1687 fortiter
3328 1632 3676 1697 insidentem,

2096 1733 2151 1779 et
2172 1723 2313 1793 quod
2341 1725 2607 1793 agendum
2623 1732 2707 1778 est
2732 1733 3128 1794 suggerentem.
3154 1724 3376 1790 Eamus,
3399 1723 3676 1794 inquiunt,

2094 1812 2160 1866 ad
2212 1812 2528 1879 aquilonare
2582 1810 2827 1880 pelagus.
2860 1812 3077 1867 Dulcior
3107 1822 3190 1868 est
3239 1812 3381 1868 enim
3412 1812 3501 1867 illa
3536 1828 3674 1884 aqua

2093 1917 2254 1971 quam
2286 1901 2550 1969 reliquum
2579 1915 2749 1965 mare,
2780 1913 3061 1970 propterea
3089 1903 3229 1971 quod
3262 1903 3341 1957 sol
3366 1903 3515 1959 brevi
3539 1912 3671 1959 tem-

2092 2006 2222 2061 pore
2254 1992 2305 2044 in
2342 2007 2407 2045 eo
2456 2006 2823 2058 commorans,
2874 2010 2979 2047 non
3006 2008 3072 2047 ex
3105 2009 3168 2050 eo
3216 2010 3311 2064 per
3334 2010 3459 2050 suos
3496 1996 3678 2051 radios

2090 2083 2268 2137 educit
2291 2082 2550 2151 quidquid
2578 2082 2722 2150 potui
2754 2094 2936 2152 aptum
2965 2093 3064 2137 est.
3099 2082 3348 2140 Gaudent
3386 2097 3442 2141 et
3468 2088 3679 2142 marina

2092 2178 2248 2242 aquis
2282 2172 2564 2226 dulcibus:
2596 2172 2738 2226 unde
2771 2182 2826 2226 et
2856 2173 2923 2227 ad
2977 2172 3194 2227 flumina
3231 2187 3372 2242 saepe
3430 2182 3674 2239 enatant,

2091 2264 2384 2333 proculque
2417 2279 2445 2316 a
2478 2262 2611 2317 mari
2645 2263 2947 2318 discedunt.
2995 2262 3108 2317 Hac
3141 2264 3207 2319 de
3259 2279 3427 2319 causa
3463 2266 3675 2319 ueteris

2091 2359 2299 2411 sinibus
2335 2358 2402 2410 ah
2450 2357 2581 2425 ipsis
2634 2356 2924 2426 praefertur
2954 2356 3176 2419 Pontus,
3239 2355 3381 2408 velut
3428 2356 3493 2410 ad
3531 2355 3675 2410 fetus

2092 2450 2325 2503 edendos
2361 2458 2520 2515 atque
2543 2449 2897 2501 enutriendos
2924 2447 3170 2502 idoneus.
3190 2446 3509 2517 .Postquam
3541 2462 3674 2502 vero

2092 2540 2142 2593 id
2174 2539 2313 2607 quod
2340 2539 2390 2591 in
2426 2540 2562 2591 votis
2587 2548 2725 2602 erat,
2762 2538 3033 2606 expletura
3066 2538 3281 2592 abunde
3314 2536 3448 2604 fuit;
3486 2551 3673 2591 rursus

2091 2646 2280 2685 omnes
2330 2630 2643 2683 catervatim
2673 2630 2739 2683 ad
2780 2629 2994 2697 propria
3046 2638 3409 2682 revertuntur.
3460 2628 3517 2680 Et
3554 2643 3674 2696 qua:

2092 2724 2161 2775 sit
2211 2720 2465 2775 redeundi
2499 2720 2655 2784 ratio,
2694 2735 2723 2773 a
2778 2720 2940 2773 mntis
2996 2718 3298 2773 audiamus.
3337 2718 3674 2786 Aquilonare

2010 2810 2109 2819 »ο-υ-

415 2823 563 2877 καδε.
595 2824 704 2875 Καὶ
758 2824 839 2885 τίς
881 2826 909 2877 6
955 2824 1131 2893 λόγος,
1181 2826 1503 2896 ἀκούσωμεν
1558 2826 1709 2897 παρά
1764 2828 1838 2897 (9)
1885 2816 1986 2879 τῶν

2090 2812 2294 2882 Sequor,
2331 2813 2596 2882 inquiunt.
2659 2812 2980 2880 profundum
3030 2826 3134 2863 non
3173 2820 3277 2873 est,
3312 2825 3543 2879 (tumque
3578 2824 3672 2865 su-

416 2915 759 2969 σιωπώντων.
800 2917 1167 2987 Ἑπιπόλαιος,
1200 2920 1382 2987 φασὶν,
1410 2921 1441 2989 ἡ
1478 2919 1688 2991 βορεινὴ
1723 2919 1988 2985 θάλασσα,

414 3010 505 3062 καὶ
541 3009 705 3061 ὑπτία
741 3009 1076 3080 προκειμένη
1111 3010 1218 3062 τῶν
1253 3011 1469 3080 ἀνέμων
1504 2990 1621 3074 ταῗς
1670 3012 1812 3081 βίαις
1834 3052 1846 3073 ,
1884 3011 1991 3064 ὀλί-

2094 2907 2276 2975 pinum
2328 2906 2431 2972 sit,
2490 2904 2737 2959 violentis
2786 2904 2960 2957 ventis
3016 2902 3324 2972 exponitur,
3377 2918 3439 2955 ac
3489 2902 3671 2956 littora

2093 3012 2258 3066 pauca
2292 3007 2346 3051 et
2381 3011 2584 3065 paucos
2616 3012 2862 3051 recessus
2916 2996 3095 3049 habet.
3132 2994 3469 3063 Quapropter
3503 2996 3668 3048 etiam

412 3121 513 3171 γας
561 3102 730 3165 ἀκτὰς
764 3102 856 3154 καὶ
901 3102 1210 3174 ύποδρομὰς
1245 3103 1355 3174 (10)
1398 3103 1613 3173 ἔχουσα.
1662 3105 1751 3157 Διὸ
1800 3106 1891 3157 καὶ
1926 3108 1986 3157 ἐκ

2093 3087 2159 3141 ab
2193 3086 2299 3140 imo
2335 3087 2449 3141 solo
2504 3087 2676 3155 ipsum
2712 3084 2864 3139 facile
2895 3084 3210 3138 concutiunt
3256 3088 3424 3148 venti,
3449 3085 3583 3139 adeo
3616 3094 3672 3139 nt

413 3195 687 3265 πυθμένος
723 3196 770 3247 οἰ
820 3196 1007 3267 ἄνεμοι
1068 3196 1265 3267 ῥᾳδίως
1323 3196 1490 3267 αὐτὴν
1539 3198 1986 3267 άναστρέςεουσιν,

412 3288 485 3349 ὡς
522 3287 615 3339 καὶ
638 3288 737 3357 τὴν
780 3287 966 3356 βυθίαν
1010 3287 1233 3358 ψάμμον
1264 3291 1376 3351 τοῖς
1421 3287 1659 3359 κύμασιν
1692 3290 1991 3361 ἀναμίγνυ-

414 3376 557 3429 σθαι.
596 3376 753 3428 Ἀλλὰ
794 3377 886 3428 καὶ
918 3376 1100 3447 ψυχρά
1132 3377 1399 3446 χειμῶνος
1439 3376 1591 3449 ὥρα,
1640 3378 1744 3430 ὑπὸ
1779 3378 1988 3430 πολλῶν

412 3468 506 3520 καὶ
543 3467 790 3537 μεγάλων
838 3468 1099 3537 ποταμῶν
1153 3468 1525 3540 πληρουμένη.
1558 3468 1656 3521 Διά
1693 3469 1853 3522 τοῦτο
1901 3472 1988 3537 ἐφ’

411 3562 533 3612 ὅσον
578 3560 797 3631 μέτριον
838 3560 1239 3624 ἀπολαύσαντες
1280 3562 1449 3631 αὐτῆς
1490 3564 1546 3614 ὲν
1578 3562 1654 3632 τῷ
1688 3561 1856 3635 θέρει,
1891 3563 1989 3615 πά-

364 3720 369 3723 _
410 3652 493 3706 λιν
522 3653 785 3724 χειμῶνος
818 3654 909 3706 ὲπί
941 3653 1039 3725 τὴν
1071 3656 1127 3707 ὲν
1154 3653 1229 3723 τῷ
1260 3652 1405 3725 βυθῷ
1444 3653 1606 3707 ἀλέαν
1645 3656 1691 3725 (1
1712 3656 1754 3724 l)
1790 3658 1883 3708 καὶ
1922 3656 1990 3709 τὰ

409 3746 678 3816 προσὴλια
708 3746 816 3798 τῶν
848 3747 1061 3817 χωρίων
1102 3745 1444 3813 ἐπείγονται,
1488 3747 1577 3799 καὶ
1621 3747 1885 3814 φυγόντες
1928 3747 1989 3799 τὸ

406 3838 708 3908 δυσήνεμον
734 3837 841 3890 τῶν
869 3836 1152 3907 ἀρκτῴων,
1176 3841 1287 3900 τοῖς
1313 3839 1398 3890 ἐπ’
1427 3836 1644 3891 ἔλαττον
1666 3838 1988 3910 τινασσομέ-

410 3947 521 3993 νοις
551 3930 772 3993 κόλποις
808 3928 1317 4000 ἐγκαθορμίζονται.

476 4023 529 4074 5.
572 4018 722 4073 Εἶδον
768 4022 940 4074 ταῦτα
985 4020 1113 4089 ἐγὼ,
1155 4022 1248 4073 καὶ
1298 4020 1394 4093 τὴν
1428 4022 1485 4074 ὲν
1518 4024 1650 4076 πᾶσι
1700 4022 1792 4076 τοῦ
1850 4022 1984 4075 Θεοῦ

408 4113 595 4180 σοφίαν
632 4113 937 4183 ἐθαύμασα.
983 4114 1045 4166 Εἰ
1080 4114 1147 4167 τά
1187 4114 1357 4181 ἄλογα
1396 4114 1716 4183 ἐπινοητικά
1746 4116 1842 4167 καὶ
1887 4132 1986 4183 φυ-

405 4201 639 4254 λακτικά
679 4204 776 4273 τῆς
811 4203 946 4267 ἰδίας
983 4203 1159 4257 αὐτῶν
1193 4205 1487 4275 σωτηρίας,
1525 4206 1619 4258 καὶ
1652 4200 1759 4257 οἶδε
1808 4205 1868 4257 τὸ
1898 4207 1982 4257 αἱ-

409 4294 561 4365 ρετὸν
602 4295 748 4365 αύτῷ
801 4298 896 4349 καὶ
944 4297 1003 4349 τὸ
1055 4297 1287 4365 φευκτὸν
1333 4299 1361 4350 ὁ
1409 4297 1589 4367 ἰχθύς·
1638 4296 1691 4349 τί
1749 4297 1983 4368 ἐροῦμεν

404 4387 565 4453 ἡμεῖς
616 4386 665 4437 οἱ
697 4377 837 4456 λόγῳ
888 4388 1258 4459 τετιμημένοι,
1294 4390 1387 4441 καὶ
1419 4390 1569 4461 νόμῳ
1616 4389 1983 4459 πεπαιδευμέ-

2093 3193 2253 3231 arena
2290 3193 2407 3247 qua:
2460 3179 2513 3230 in
2566 3175 2729 3229 fundo
2790 3176 3129 3239 subsidebat,
3188 3173 3438 3230 fluctibus
3469 3176 3668 3244 permi-

2092 3278 2326 3322 sceatnr.
2355 3268 2493 3334 Quin
2519 3277 2568 3319 et
2596 3265 2847 3335 frigidum
2862 3276 2944 3319 est
2968 3264 3161 3319 hiemis
3187 3274 3451 3334 tempore,
3471 3265 3670 3333 quippe

2092 3360 2233 3429 quod
2258 3375 2285 3411 a
2320 3358 2501 3412 multis
2519 3356 2837 3426 magnisque
2863 3355 3036 3409 ﬂuviis
3066 3356 3355 3423 repleatur.
3378 3356 3670 3425 Propterea

2093 3450 2207 3521 ipso
2234 3452 2283 3503 in
2312 3458 2500 3502 mstate
2544 3449 2819 3501 moderate
2870 3447 3049 3513 potiti,
3076 3460 3262 3499 rursus
3289 3445 3463 3498 hieme
3495 3459 3551 3498 ut
3601 3446 3671 3499 ad

2095 3546 2332 3605 teporem
2361 3535 2411 3586 in
2443 3534 2705 3603 profundo
2735 3542 3140 3599 conservatum,
3200 3533 3270 3586 ita
3310 3542 3364 3586 et
3392 3536 3457 3587 ad
3487 3536 3669 3603 aprica

2092 3627 2204 3681 loca
2234 3630 2554 3693 properant,
2595 3632 2756 3691 atque
2782 3622 3227 3690 septentrionales
3262 3632 3448 3677 ventos
3480 3640 3673 3691 graves

2091 3727 2142 3771 et
2175 3714 2398 3771 infestos
2433 3714 2718 3784 fugientes,
2752 3714 2803 3767 in
2833 3715 2982 3769 sinus
3013 3714 3192 3768 minus
3221 3716 3520 3785 exagitatos
3559 3716 3669 3769 vel-

2091 3820 2148 3864 ut
2176 3811 2228 3865 in
2262 3819 2448 3879 portus
2470 3823 2591 3864 sese
2621 3808 2909 3879 recipiunt.

2160 4018 2215 4074 5.
2254 4016 2376 4072 Vidi
2411 4016 2598 4072 isthmc
2629 4031 2730 4087 ego
2784 4016 2919 4086 ipse,
2972 4026 3025 4071 et
3056 4014 3149 4071 Dei
3199 4018 3251 4071 in
3301 4018 3552 4073 omnibus
3582 4034 3668 4072 sa-

2089 4110 2344 4182 pientiam
2373 4109 2668 4162 admiratus
2698 4123 2836 4163 sum.
2888 4107 3050 4161 Bruta
3084 4108 3129 4163 si
3177 4108 3514 4177 prospiciunt
3538 4110 3663 4172 sibi,

2086 4220 2150 4257 ac
2176 4201 2445 4273 propriam
2483 4215 2635 4254 suam
2667 4199 2895 4253 salutem
2931 4209 3167 4265 servant,
3207 4200 3253 4255 si
3308 4202 3456 4254 novit
3500 4202 3665 4270 piscis

2087 4298 2214 4365 quid
2248 4295 2349 4349 sibi
2376 4292 2679 4364 eligendum
2725 4292 2796 4347 sit
2840 4300 2933 4345 ant
2977 4290 3375 4361 eﬂngiendum:
3407 4293 3533 4361 quid
3566 4310 3665 4347 nos

2086 4386 2274 4444 Sumus
2311 4387 2537 4451 dicturi,
2568 4384 2657 4453 qui
2680 4386 2886 4439 ratione
2906 4386 3267 4449 cohonestati,
3297 4385 3413 4455 lege
3440 4385 3659 4449 eruditi,

405 4492 505 4537 νοι,
545 4477 897 4544 ἐπαγγελίαις
926 4482 1346 4551 προτραπέντες,
1384 4482 1665 4553 Πνεύματι
1702 4482 1982 4551 σοφισθέν-

2090 4478 2567 4551 pollicitationibus
2622 4478 2849 4539 invitati,
2880 4488 2933 4530 et
2975 4478 3177 4545 Spiritu
3231 4477 3429 4543 edocti,
3480 4475 3659 4529 adhuc

403 4587 514 4635 τες,
545 4566 665 4624 εἶτα
696 4570 802 4623 τῶν
859 4570 1053 4641 ἰχθύων
1088 4572 1425 4644 ἀλογώτερον
1471 4574 1539 4627 τά
1585 4574 1707 4627 καθ’
1749 4573 1978 4637 ἑαυτοὺς

402 4662 795 4734 διατιθέμενοι;
830 4662 987 4735 εἴπερ
1017 4664 1066 4716 οἰ
1099 4666 1195 4735 μὲν
1232 4665 1378 4718 ἴσασι
1408 4666 1499 4719 τοῦ
1540 4666 1825 4737 μέλλοντός
1860 4683 1977 4719 τινα

403 4756 669 4808 ποιεῖσθαι
709 4756 979 4823 πρόνοιαν,
1016 4759 1176 4828 ἡμεῖς
1203 4758 1257 4811 δὲ
1287 4760 1351 4811 ἐκ
1378 4759 1479 4827 τῆς
1510 4761 1645 4830 πρὸς
1679 4760 1741 4813 τὺ
1785 4759 1975 4831 μέλλον

401 4848 748 4912 ἀνελπιστίας
773 4850 839 4903 δι’
866 4850 1058 4921 ἡδονῆς
1084 4849 1542 4920 βοσκηματώδους
1563 4851 1659 4922 τὴν
1688 4849 1831 4922 ζωὴν
1860 4848 1973 4921 (ίῖ)

400 4940 782 5011 ἀναλίσκομεν.
820 4942 993 5012 ’ἰχθὺς
1026 4941 1261 4995 τοσαῦτα
1285 4943 1556 5014 διαμείϐει
1587 4944 1797 5014 πελάγη
1827 4944 1967 5013 ὑπὲρ

398 5034 490 5086 τοῦ
519 5033 780 5105 εὕρασθαί
808 5052 929 5088 τινα
960 5036 1225 5105 ὠφέλειαν
1246 5054 1258 5066 ·
1290 5037 1343 5089 τί
1374 5038 1519 5109 ἐρεῖς
1547 5038 1611 5090 σὺ
1643 5039 1671 5089 6
1698 5039 1765 5107 τῇ
1802 5036 1973 5107 ἀργίᾳ

382 5125 608 5220 θσυζῶη
654 5127 847 5197 Ἀργία
871 5127 927 5178 δὲ
956 5129 1289 5201 κακουργίας
1319 5131 1480 5200 ἀρχή.
1511 5129 1718 5201 Μηδεὶς
1744 5129 1967 5197 ἄγνοιαν

374 5218 834 5328 ἐπροφασιζέσθω.
884 5220 1114 5283 Φυσικὸς
1162 5220 1317 5286 λόγος
1364 5219 1637 5273 οἰκείωσιν
1691 5220 1824 5289 ἡμῖν
1874 5219 1968 5271 τοῦ

400 5441 542 5559 Hg3)
591 5440 815 5496 Codices
879 5450 1116 5512 quatuor
1180 5441 1307 5502 τοὺς
1373 5436 1584 5507 ἰχθύας.
1644 5435 1784 5490 Editi
1841 5436 1969 5499 τοὺς

420 5526 449 5559 Ὶ
489 5527 571 5559 υς.

420 5509 717 5647 χῗὲῗόυιι).
743 5581 950 5650 primus
975 5580 1154 5635 ὲπ“ι.τὸ
1203 5580 1411 5651 βόρειον
1449 5578 1614 5648 μέρος
1639 5617 1675 5651 ._
1703 5577 1771 5629 ad
1812 5576 1966 5651 aqui-

393 5646 627 5702 lonarem
655 5646 871 5717 par-lem.
899 5651 1039 5704 Infra
1076 5653 1181 5704 duo
1203 5646 1359 5705 'niss.
1395 5646 1573 5719 χαίρει
1617 5646 1725 5718 γὰρ
1761 5650 1892 5709 τοῖς.

466 5719 541 5789 (9)
568 5721 748 5773 Codex
773 5720 1020 5775 Combef.
1050 5720 1279 5775 ἄκουσον
1312 5721 1485 5789 παρά.

466 5779 579 5859 (10)
605 5789 742 5845 Editi
787 5805 909 5846 cum
939 5791 1069 5863 Reg.
1119 5792 1278 5847 tertio
1320 5779 1677 5861 ὑποδρόμους.
1725 5787 1828 5843 Alii
1869 5802 1960 5843 sex

2090 4583 2265 4625 tamen
2303 4584 2390 4624 res
2447 4579 2661 4623 nostras
2689 4569 2922 4635 ineptius
2951 4584 3111 4637 quam
3146 4571 3320 4638 pisces
3353 4569 3451 4637 ipsi
3481 4568 3654 4636 diSpo-

2088 4662 2297 4715 nimus?
2330 4660 2407 4713 ΙΙΙί
2435 4660 2575 4713 enini
2602 4660 2779 4712 lutura
2815 4660 3209 4728 quodammodo
3254 4660 3541 4728 providere
3564 4676 3661 4713 no-

2084 4763 2243 4809 runt:
2271 4768 2369 4808 nos
2399 4762 2577 4807 autem
2614 4766 2709 4820 spe
2741 4752 2904 4805 futuri
2936 4752 3143 4820 ahjecta
3171 4752 3223 4806 in
3278 4752 3531 4807 helluinis
3562 4769 3657 4807 vo-

2083 4846 2377 4915 luptatibus
2420 4844 2587 4899 vitam
2647 4853 2883 4899 nostram
2945 4846 3295 4899 absumimus.
3340 4822 3528 4900 (Piscis
3579 4856 3657 4899 tot

2082 4950 2252 4994 mutat
2284 4940 2474 5004 maria,
2514 4949 2570 4992 ut
2603 4938 2803 5009 aliquid
2831 4940 3074 4993 inveniat
3106 4941 3493 5004 emolumenti;
3525 4942 3657 5011 quid

2084 5043 2137 5088 tu
2169 5035 2411 5088 dicturus
2456 5047 2537 5097 es,
2582 5032 2674 5101 qui
2704 5033 2756 5085 in
2783 5032 2892 5087 otio
2940 5046 3004 5086 ac
3039 5032 3238 5085 desidia
3270 5033 3434 5086 vitam
3459 5031 3657 5102 degis?

2081 5125 2261 5180 Otium
2294 5134 2499 5189 autem,
2561 5124 2685 5176 mali
2720 5123 2951 5177 faciendi
2976 5126 3150 5193 origo.
3201 5123 3371 5178 Nemo
3396 5124 3656 5194 ignoran-

2081 5211 2208 5265 tiam
2237 5220 2516 5280 praetexat.
2546 5211 2711 5266 Insita
2748 5220 2832 5266 est
2868 5211 3023 5268 nobis
3058 5212 3319 5268 naturalis
3354 5215 3514 5279 ratio,
3532 5228 3654 5283 quae

2068 5436 2736 5514 mss._fir_:oapopdtg._Puto
2766 5447 2949 5514 autem
2983 5453 3113 5495 voce
3154 5441 3435 5514 ύποδρομή
3473 5441 3646 5511 signi-

2066 5508 2215 5563 ﬁcari
2246 5509 2333 5562 hic
2362 5508 2683 5577 profundum
2720 5508 2950 5578 aliquem
2985 5526 3264 5571 recessum.

2137 5578 2251 5647 (ll)
2281 5579 2352 5631 Ita
2388 5579 2539 5646 Regii
2579 5580 2806 5651 primus,
2833 5580 3046 5645 tertius,
3085 5584 3329 5651 quintus,
3366 5593 3553 5640 sextus
3592 5595 3650 5642 et

2063 5658 2311 5712 octavus,
2346 5664 2499 5718 atque
2545 5663 2606 5701 ac
2640 5648 2794 5705 Colb.
2827 5648 3118 5706 secundus
3145 5668 3270 5707 cum
3308 5653 3552 5711 Combef.
3580 5658 3648 5710 At

2064 5720 2231 5774 editio
2269 5729 2496 5788 utraque
2527 5721 2585 5771 ὲν
2606 5719 2682 5789 τῷ
2704 5718 2866 5789 ,βυθῷ
2888 5721 3105 5787 ἀλαίαν,
3142 5725 3423 5781 mendose.

2134 5790 2245 5859 (li)
2270 5784 2423 5845 (ὶυιιιξ
2448 5784 3039 5862 ρι’ἰιιιυε’ξωὴν’ἡμῶν.
