4082 6218
408 226 513 285 159

1744 226 1803 283 S.
1845 223 2089 281 BASlLll
2132 217 2353 276 MAGNI

3569 217 3669 273 l60

409 345 549 399 bona
610 342 766 399 nobis
797 341 1116 399 vindicanda
1163 356 1302 407 esse,
1358 344 1516 397 noxia
1550 349 1697 400 ‘vero
1738 344 1988 414 fugienda

2097 336 2285 402 καλοῦ,
2335 334 2427 389 καὶ
2476 332 2828 405 ἀλλοτρίωσιν
2879 334 2989 388 ἀπὸ
3026 335 3134 388 τῶν
3205 333 3483 407 βλαϐερῶν
3534 336 3656 389 ὑπο-

409 438 719 492 submonet.
754 438 796 491 A
828 436 1052 491 marinis
1072 436 1334 506 exemplis
1365 450 1699 505 nequaquam
1741 437 1984 493 discedo:

408 527 627 596 quando
659 527 875 597 quidem
906 527 1096 581 isthaec
1119 527 1275 582 nobis
1298 527 1649 597 expendenda
1677 542 1989 599 proponun-

411 627 517 670 tur.
546 616 741 670 Audivi
775 632 804 670 a
826 618 1060 687 quodam
1092 618 1384 682 maritimo,
1411 618 1661 673 echinum
1693 620 1984 683 marinum,

407 721 633 776 parvum
661 722 883 777 prorsus
906 719 961 763 et
991 710 1333 778 aspernabile
1352 709 1572 775 animal,
1612 726 1986 782 saepenumero

408 799 827 869 tranquillitatis
860 810 916 855 et
943 802 1280 872 tempestatis
1325 802 1988 872 navigatoribus‘monito-

407 905 523 945 rem
562 891 700 948 ﬁeri.
745 892 847 960 Qui
897 907 1020 948 cum
1053 876 1332 949 ventorum
1364 895 1711 962 praesenserit
1739 909 1984 951 commo-

409 982 633 1046 tionem,
658 983 896 1037 validum
921 983 1152 1052 aliquem
1179 982 1443 1039 calculum
1473 982 1638 1049 subit,
1675 992 1730 1037 et
1770 982 1826 1037 in
1872 983 1985 1052 ipso

409 1084 665 1144 tanquam
690 1074 742 1129 in
777 1075 1016 1129 anchora
1049 1074 1277 1128 ﬁrmiter
1322 1073 1568 1138 tluctuat,
1599 1074 1833 1144 ejusque
1856 1088 1989 1143 pon-

404 1159 534 1217 dere
561 1162 848 1229 detinetur,
883 1178 949 1217 ne
977 1163 1134 1219 facile
1156 1178 1184 1216 a
1208 1162 1462 1217 [luctibus
1491 1163 1857 1218 abstrahatur.
1874 1163 1987 1218 Hoc

405 1254 618 1324 signum
666 1256 757 1310 ubi
804 1256 1039 1310 viderint
1088 1256 1307 1317 nautici.
1358 1255 1650 1309 violentam
1702 1266 1985 1311 ventorum

406 1351 756 1418 agitationem
786 1352 1071 1407 imminere
1092 1352 1288 1406 sciunt.
1312 1352 1426 1423 68
1451 1352 1762 1421 Astrologus
1784 1352 1985 1419 nullus,

405 1441 585 1497 nullus
611 1442 916 1510 Chaldaeus,
950 1457 1018 1498 ex
1066 1453 1334 1499 astrorum
1375 1453 1498 1499 ortu
1536 1443 1677 1498 aeris
1716 1443 1985 1500 turbatio-

402 1548 503 1589 nes
546 1534 884 1603 conjectans,
915 1535 1105 1590 istbaec
1147 1535 1398 1589 echinum
1439 1534 1659 1590 docuit:
1694 1535 1788 1590 sed
1822 1535 1987 1590 maris

403 1633 459 1680 et
482 1637 764 1681 ventorum
785 1625 1046 1681 Dominus
1092 1625 1175 1680 vel
1207 1640 1376 1696 parvo
1414 1626 1634 1681 animali
1687 1626 1909 1681 evidens
1930 1635 1985 1682 et

405 1729 655 1785 apertum
689 1732 901 1788 magna:
927 1733 1039 1772 sua:
1066 1718 1348 1788 sapientiae
1374 1718 1659 1789 vestigium
1692 1718 1980 1787 impressit.

406 1809 767 1880 lmprovidum
793 1809 948 1874 nihil,
980 1810 1112 1864 nihil
1138 1824 1166 1863 a
1195 1810 1304 1865 Deo
1332 1808 1435 1863 fuit
1493 1811 1818 1879 neglectum.
1849 1808 1986 1880 Spe-

403 1900 616 1955 culatur
645 1901 830 1957 omnia
865 1900 1055 1956 oculus
1090 1900 1181 1954 ille
1210 1900 1496 1968 iusopitus.
1520 1899 1785 1955 Omnibus
1809 1900 1982 1967 adest,

404 1992 694 2061 unicuique
717 1992 906 2048 salutis
950 1992 1343 2060 consequentiae
1377 1989 1685 2046 facultatem
1727 1990 1980 2061 largiens.

404 2084 548 2139 Deus
580 2083 628 2140 si
659 2084 915 2139 echinum
968 2098 998 2137 a
1042 2098 1139 2137 sua
1192 2082 1529 2152 providentia
1588 2097 1694 2137 non
1723 2083 1982 2152 excludit,

405 2175 569 2229 rebus
612 2174 719 2228 tuis
766 2190 870 2229 non
930 2173 1227 2244 prospicit?
1279 2170 1413 2239 Viri,
1457 2173 1659 2244 diligite
1693 2191 1884 2230 uxores
1914 2175 1980 2231 ".

403 2263 665 2330 Quamvis
692 2264 903 2321 externi
937 2264 1077 2318 inter
1103 2279 1197 2319 vos
1249 2264 1389 2332 sitis,
1422 2275 1599 2320 tamen
1643 2265 1695 2319 in
1747 2265 1983 2336 coniugii

406 2358 727 2414 societatem
763 2357 1109 2413 convenistis.
1144 2355 1257 2411 Hoc
1305 2366 1510 2411 natura:
1566 2356 1860 2423 vinculum,
1885 2360 1986 2413 hoc

401 2449 589 2521 jugum
610 2463 706 2520 per
732 2448 1163 2503 benedictionem
1212 2447 1544 2516 impositum,
1572 2449 1883 2503 distantium
1914 2451 1986 2504 sit

405 2539 735 2610 coniunctio.
759 2536 953 2610 Vipera
974 2539 1244 2609 reptilium
1268 2539 1649 2596 exitiosissima
1674 2541 1739 2594 ad
1763 2543 1986 2597 marinae

406 2644 661 2685 muraenae
692 2630 905 2699 nuptias
927 2631 1197 2684 accurrit:
1224 2640 1279 2686 et
1308 2631 1397 2686 tibi
1451 2631 1608 2686 sibilo
1649 2647 1800 2687 suam
1847 2648 1983 2703 prae-

406 2722 636 2777 sentiam
660 2722 1032 2785 denuntiavit,
1077 2722 1246 2792 ipsam
1281 2737 1310 2776 a
1343 2722 1509 2777 fundo
1570 2724 1638 2776 ad
1689 2725 1982 2793 nuptialem

405 2812 747 2882 complexum
796 2823 1008 2868 evocat.
1048 2813 1137 2867 illa
1167 2821 1346 2868 autem
1381 2814 1740 2884 obtemperat,
1772 2823 1827 2870 et
1860 2830 1981 2869 cum

407 2915 669 2962 venenata
695 2906 865 2960 bestia
899 2904 1198 2975 copulatur.
1232 2902 1368 2970 Quid
1388 2904 1489 2959 sibi
1522 2904 1633 2958 vult
1654 2905 1741 2960 hic
1769 2908 1984 2962 sermo?

406 2996 671 3051 Nimirum
702 3010 927 3050 necesse
955 3009 1100 3060 esse,
1140 3003 1198 3048 ut
1229 2993 1422 3063 coniux
1444 2995 1694 3050 maritum
1725 2995 1979 3066 perferat,
2009 3030 2054 3089 α

412 3090 538 3143 licet
563 3101 841 3157 asperum,
874 3088 1002 3142 licet
1053 3088 1294 3143 moribus
1351 3086 1547 3152 ferum,
1580 3105 1681 3145 nec
1722 3092 1790 3146 ob
1822 3090 1983 3147 ullam

409 3195 626 3236 causam
689 3179 1126 3247 coniunctionem
1188 3179 1445 3235 dirimere
1490 3180 1641 3235 velit.
1694 3179 1987 3240 Percussor

406 3273 545 3329 est?
596 3272 703 3327 Sed
765 3273 849 3327 vir
902 3282 1024 3327 tuus
1093 3280 1194 3328 est.
1248 3271 1713 3329 Temulentusne?
1767 3279 1840 3330 At
1889 3278 1984 3333 tibi

409 3374 493 3423 est
540 3374 736 3422 natura
787 3364 1126 3435 conjunctu‘s.
1156 3365 1406 3421 Durusne
1434 3374 1489 3421 et
1517 3365 1873 3437 implacidus?
1913 3373 1984 3427 At
2031 3399 2034 3402 ~

409 3457 710 3511 membrum
738 3454 847 3525 jam
877 3464 1027 3511 tuum
1064 3464 1172 3523 est,
1200 3464 1257 3513 et
1307 3457 1675 3513 membrorum
1722 3470 1982 3529 praestan-

411 3547 701 3604 tissimum.

479 3638 532 3695 6.
555 3640 750 3694 Audiat
771 3649 949 3695 autem
977 3648 1032 3694 et
1060 3639 1136 3694 vir
1183 3640 1590 3695 convenientem
1621 3640 1721 3696 sibi
1746 3640 1988 3696 admoni-

412 3730 632 3786 tionem.
662 3728 853 3800 Vipera
904 3730 1115 3799 nuptias
1189 3732 1444 3796 reverita,
1483 3730 1632 3786 virus
1660 3731 1893 3787 evomit:
1933 3742 1987 3787 tu

412 3823 575 3878 animi
627 3822 882 3878 duritiam
930 3831 986 3878 et
1032 3823 1477 3879 inhumanitatem
1504 3823 1574 3878 ob
1598 3823 1989 3893 conjunctionis

413 3913 774 3967 reverentiam
834 3926 940 3966 non
976 3912 1253 3980 depones?
1300 3911 1409 3964 Aut
1455 3909 1704 3965 fortassis
1726 3910 1881 3980 nobis
1932 3918 1988 3965 et

410 4004 521 4059 alio
561 4004 719 4059 modo
752 4003 992 4074 proderit
1017 4005 1215 4074 vipera:
1236 4000 1540 4070 exemplum
1566 4018 1580 4057 :
1611 4000 1757 4070 quod
1784 4009 1988 4056 natum

412 4095 737 4151 adulterium
767 4094 1035 4166 quoddam
1080 4102 1163 4150 est
1206 4093 1294 4148 hic
1319 4092 1410 4146 ille
1441 4093 1637 4160 viperae
1660 4101 1713 4145 et
1737 4106 1989 4146 muraena:

412 4186 746 4254 complexus.
805 4184 1030 4241 Discant
1079 4186 1242 4256 igitur
1283 4185 1376 4255 qui
1434 4183 1625 4239 alienis
1669 4183 1992 4238 insidiantur

415 4276 638 4346 nuptiis,
668 4274 817 4346 quali
848 4274 1022 4345 reptili
1053 4274 1163 4329 siut
1194 4272 1522 4329 consimiles.
1544 4272 1842 4328 Ecclesiam
1885 4288 1987 4328 un-

2094 430 2312 493 δεικνὺς
2339 426 2807 498 ὲγκατέσπαρται.
2834 427 2948 481 Οὐκ
2980 427 3285 498 ἀφίσταμαι
3329 427 3436 481 τῶν
3467 427 3669 483 θαλασ-

2091 520 2220 574 σίων
2271 519 2708 589 ὑποδειγμάτων,
2758 518 2948 590 ἐπειδὴ
2996 518 3171 572 ταῦτα
3219 520 3350 590 ἡμῖν
3384 519 3671 590 πρόκειται

2088 614 2169 693 si;
2207 612 2453 676 ἐξέτασιν
2498 611 2631 681 (l5).
2680 612 2927 664 Ἤκουσα
2964 610 3077 679 ἐγὼ
3107 610 3216 665 τῶν
3266 611 3552 682 παραλίων
3587 629 3643 665 τι

2088 705 2198 769 νὸς,
2230 706 2312 759 ὅτι
2345 707 2375 758 ό
2403 703 2693 768 θαλάσσιος
2724 706 2920 775 ἐχῖνος,
2947 704 3009 758 τδ
3038 705 3237 776 μικρὸν
3270 704 3548 769 παντελῶς
3577 704 3670 758 καὶ

2086 797 2557 867 εὐκαταφρόνητον
2588 796 2744 861 ζῶον,
2771 796 3090 862 διδάσκαλος
3129 799 3388 864 πολλάκις
3428 799 3670 872 γαλήνης

2087 888 2183 941 καὶ
2216 887 2482 952 κλύδωνος
2512 891 2625 952 τοῖς
2649 888 2870 942 πλέουσι
2910 880 3139 959 γίνεται.
3175 894 3290 957 Ὃς,
3319 867 3451 947 ὅταν

2086 977 2329 1051 ταραχὴν
2357 978 2417 1045 ἐξ
2446 978 2687 1051 ἀνέμων,
2726 980 2933 1052 ψηφῖδά
2960 999 3080 1035 τινα
3109 982 3356 1038 ὑπελθὼν
3393 986 3667 1054 γενναίαν,
3704 1004 3707 1005 ⁷

2086 1070 2174 1123 ἐπ’
2211 1070 2404 1141 αὐτῆς,
2457 1071 2644 1143 ὥσπερ
2694 1073 2779 1125 ἐπ’
2821 1072 3096 1144 ἀγκύρας,
3148 1074 3383 1145 βεϐαίως
3415 1074 3529 1148 (14)
3571 1095 3671 1131 σα-

2087 1162 2253 1227 λεύει,
2283 1164 2644 1234 κατεχόμενος
2680 1163 2756 1234 τῷ
2784 1164 2940 1236 βάρει
2966 1166 3104 1236 πρὸς
3130 1167 3192 1220 τὸ
3220 1168 3294 1238 μὴ
3336 1168 3533 1239 ῥᾳδίως
3557 1171 3672 1234 τοῖς

2089 1254 2333 1326 κύμασιν
2368 1254 2756 1327 ύποσύρεσθαι.
2789 1256 2960 1309 Τοῦτο
2987 1259 3114 1312 όταν
3143 1259 3324 1312 ἴδωσιν
3352 1262 3401 1313 οἱ
3426 1262 3673 1316 ναυτικοὶ

2087 1346 2149 1400 τὸ
2177 1350 2420 1418 σημεῖον,
2453 1346 2598 1401 ἴσασι
2628 1348 2724 1418 τὴν
2759 1349 3214 1421 προσδοκωμένην
3240 1350 3422 1421 βιαίαν
3455 1351 3671 1425 κίνησιν

2085 1438 2195 1492 τῶν
2249 1439 2487 1510 ἀνέμων.
2540 1439 2728 1504 Οὐδεὶς
2761 1441 3114 1512 ἀστρολόγος,
3165 1443 3338 1508 οὐδεὶς
3381 1445 3666 1509 Χαλδαῖος,

2087 1534 2208 1596 ταῖς
2242 1531 2522 1596 ὲπιτολαῖς
2551 1530 2661 1587 τῶν
2689 1533 2905 1606 ἄστρων
2936 1534 3035 1598 τὰς
3075 1535 3184 1590 τῶν
3213 1536 3393 1607 ἀέρων
3423 1538 3670 1609 ταραχὰς

2087 1619 2549 1692 τεκμαιρόμενος,
2598 1621 2768 1675 ταῦτα
2819 1621 2913 1675 τὸν
2954 1623 3129 1692 ἐχῖνον
3178 1623 3436 1690 ἐδίδαξεν,
3484 1625 3599 1679 ἀλλ’
3642 1629 3671 1679 6

2015 1682 2058 1738 Β
2088 1682 2368 1784 θαλάσσης
2393 1682 2508 1767 καὶ-
2535 1682 2769 1786 ἀνέμων
2802 1682 3017 1785 Κύριος.
3055 1717 3150 1770 καὶ
3186 1716 3264 1788 τῷ
3316 1682 3498 1789 μικρῷ
3543 1716 3669 1790 ζώῳ

2086 1804 2183 1875 τῆς
2217 1805 2462 1876 μεγάλης
2486 1805 2682 1860 ἑαυτοῦ
2719 1805 2912 1875 σοφίας
2949 1807 3177 1877 ἐναργὲς
3209 1807 3353 1879 ἴχνος
3390 1809 3666 1880 ἐνέθηκεν.

2086 1894 2252 1947 Οὐδὲν
2273 1895 2630 1967 ἀπρονόητον,
2652 1895 2800 1949 οὐδὲν
2825 1895 3169 1968 ἠμελημένον
3201 1915 3276 1950 πα
3286 1897 3353 1969 ρὰ
3371 1897 3506 1951 Θεοῦ
3532 1898 3666 1970 (15).

2086 1985 2272 2040 Πάντα
2318 1987 2574 2041 σκοπεύει
2602 1990 2630 2043 ὁ
2663 1988 2965 2059 ἀκοίμητος
3003 1986 3301 2060 ὀφθαλμός.
3338 1990 3481 2043 nam
3529 1991 3673 2064 πάρ-

2085 2094 2255 2146 εστιν,
2286 2079 2592 2151 ἐκπορίζων
2632 2079 2848 2149 ἑκάστῳ
2896 2080 2994 2151 τὴν
3043 2082 3335 2151 σωτηρίαν.
3382 2082 3444 2135 Εἰ
3494 2084 3671 2152 ἐχῖνον

2086 2169 2190 2235 ἔξω
2237 2171 2337 2242 τῆς
2384 2172 2577 2226 ἑαυτοῦ
2612 2172 2918 2242 ἐπισκοπῆς
2959 2174 2987 2226 6
3040 2173 3172 2236 Θεὸς
3212 2173 3313 2226 οὐκ
3361 2173 3565 2244 ἀφῆκε,
3599 2175 3669 2230 τὰ

2088 2263 2156 2317 σά
2187 2263 2285 2318 οὐκ
2323 2264 2646 2330 ὲπισκοπεῖ;
2686 2267 2752 2317 Ol
2781 2263 3021 2332 ἄνδρες.
3045 2262 3314 2334 ἀγαπᾶτε
3341 2264 3445 2331 τὰς
3460 2266 3668 2336 γυναῖ-

2086 2374 2218 2422 κας,
2255 2356 2356 2410 κᾶν
2386 2356 2664 2429 ὑπερόριοι
2693 2356 2939 2426 ἀλλήλοις
2982 2356 3118 2427 πρὸς
3165 2356 3447 2410 κοινωνίαν
3487 2357 3669 2429 γάμου

2088 2448 2396 2520 συνέλθητε.
2434 2449 2492 2500 '0
2529 2447 2627 2519 τῆς
2675 2448 2889 2517 φύσεως
2920 2447 3137 2519 δεσμὸς,
3184 2449 3212 2500 ό
3244 2447 3334 2500 διὰ
3365 2447 3466 2518 τῆς
3514 2448 3668 2501 εὐλο-

2085 2539 2204 2609 γίας
2245 2540 2439 2609 ζυγὸς,
2484 2540 2676 2603 ἓνωσις
2720 2538 2860 2592 ἔστω
2904 2538 3017 2592 τῶν
3059 2537 3380 2593 διεστώτων.
3414 2539 3667 2611 Ἔχιδνα,

2084 2631 2146 2684 τὸ
2191 2630 2569 2701 χαλεπώτατον
2606 2630 2715 2685 τῶν
2753 2630 3017 2702 ἑρπετῶν,
3059 2630 3197 2703 πρὸς
3234 2632 3410 2701 γάμον
3455 2632 3669 2703 ἀπαντᾷ

2085 2722 2184 2792 τῆς
2230 2723 2527 2786 θαλασσίας
2578 2724 2850 2795 μυραίνης
2903 2721 3046 2792 (16),
3101 2723 3196 2777 καὶ
3260 2713 3515 2793 συριγμῷ
3568 2723 3671 2795 τὴν

2085 2816 2386 2887 παρουσίαν
2429 2816 2716 2887 σημήνασα
2763 2815 3076 2868 ἐκκαλεῖται
3121 2814 3291 2885 αὐτὴν
3323 2815 3388 2868 ὲκ
3425 2813 3535 2867 τῶν
3576 2813 3671 2884 βυ-

2087 2906 2194 2961 θῶν
2243 2908 2378 2979 πρὸς
2410 2900 2651 2979 γάμικὴν
2684 2906 3020 2978 συμπλοκήν.
3059 2907 3125 2959 Ἡ
3158 2905 3214 2959 δὲ
3247 2906 3530 2971 ὑπακούει,
3574 2907 3669 2960 καὶ

2085 2997 2299 3051 ἑνοῦται
2323 2996 2403 3068 τῷ
2434 2997 2641 3066 ίοόόλῳ.
2674 2998 2738 3051 Τί
2767 2996 3013 3069 βούλεταί
3051 3014 3140 3068 μοι
3179 2999 3209 3051 6
3236 2997 3426 3066 λόγος;
3457 2998 3537 3051 ὃτι
3565 2998 3669 3052 κᾶν

2085 3088 2290 3160 τραχὺς
2319 3085 2377 3164 ᾖ,
2408 3089 2510 3142 κᾶν
2556 3090 2746 3159 ἄγριος
2792 3089 2854 3142 τὸ
2889 3084 3021 3160 ἦθος
3062 3090 3090 3142 ό
3126 3088 3402 3153 σύνοικος,
3451 3090 3667 3160 ἀνάγκη

2088 3181 2273 3252 φέρειν
2302 3182 2399 3253 τὴν
2421 3181 2685 3253 ὁμόζυγα,
2707 3181 2802 3235 καὶ
2822 3184 2888 3235 ὲκ
2911 3181 3182 3253 μηδεμιᾶς
3208 3183 3532 3253 προφάσεως
3554 3183 3668 3252 (i7)

2087 3273 2484 3345 καταδέχεσθαι
2530 3273 2627 3345 τὴν
2656 3272 2852 3327 ἕνωσιν
2901 3273 3160 3345 διασπᾷν.
3199 3273 3489 3345 Πλήκτης;
3526 3273 3668 3327 Ἀλλ’

2087 3367 2247 3439 ἀνήρ.
2292 3365 2590 3438 Πάροινος;
2653 3366 2792 3420 Ἀλλ’
2835 3365 3115 3439 ἡνωμένος
3163 3364 3306 3420 κατὰ
3350 3365 3449 3435 τὴν
3481 3365 3664 3434 φύσιν.

2088 3457 2303 3528 Τραχὺς
2338 3457 2432 3510 καὶ
2467 3455 2833 3527 δυσάρεστος;
2874 3455 3035 3508 Ἀλλά
3071 3454 3232 3526 μέλος
3264 3453 3364 3526 ἤδη
3416 3454 3529 3518 σὺν,
3574 3456 3669 3508 καὶ

2090 3546 2267 3616 μελῶν
2300 3546 2361 3598 τὸ
2387 3544 2730 3616 τιμιώτατον.

2158 3637 2209 3691 6.
2254 3637 2522 3691 ’Δκουέτω
2543 3636 2601 3689 δὲ
2636 3637 2731 3689 καὶ
2762 3637 2790 3688 ὁ
2812 3635 2957 3707 ,ἀνὴρ
2987 3635 3085 3705 τῆς
3113 3633 3494 3707 προσηκούσης
3518 3634 3691 3706 αὐτῷ’

2088 3727 2479 3798 παραινέσεως.
2531 3728 2595 3780 Ἦ
2641 3726 2823 3799 ἔχιδνα
2867 3727 2960 3781 τὸν
3009 3726 3083 3780 ἰὸν
3123 3726 3341 3797 ἐξεμεῖ,
3376 3725 3667 3798 αἰδουμένη

2086 3817 2179 3870 τὸν
2213 3818 2388 3889 γάμον
2409 3833 2421 3847 ·
2459 3818 2523 3870 σὺ
2553 3817 2614 3870 τὸ
2636 3818 2736 3887 τῆς
2768 3817 2949 3888 ψυχῆς
2993 3817 3198 3887 ἀπηνὲς
3240 3818 3335 3871 καὶ
3368 3816 3667 3887 ἀπάνθρω-

2089 3926 2189 3962 πον
2221 3910 2322 3963 ούκ
2349 3909 2668 3963 ἀποτίθεσαι
2713 3909 2854 3963 αἰδοῖ
2879 3909 2980 3978 τῆς
3019 3907 3303 3974 ἐνώσεως;
3336 3910 3409 3961 Ἢ
3440 3909 3581 3979 τάχα
3606 3907 3669 3963 τὸ

2087 4002 2187 4072 τῆς
2239 3999 2450 4071 ἐχίδνης
2511 4000 2813 4070 ὑπόδειγμα
2867 4001 2964 4054 καὶ⁹
3017 4000 3220 4075 ἑτέρως
3282 4001 3414 4071 ἡμῖν
3472 4004 3668 4072 χρησι-

2093 4091 2281 4162 μεύσει
2315 4088 2447 4164 (18),
2483 4092 2565 4145 ὅτι
2608 4091 2820 4162 μοιχεία
2846 4091 2931 4156 τίς
2964 4091 3080 4143 ἐστι
3126 4091 3225 4163 τῆς
3254 4090 3470 4161 φύσεως
3499 4092 3535 4162 ἠ
3569 4091 3668 4164 τῆς

2090 4182 2304 4254 ἐχίδνης
2348 4183 2441 4237 καὶ
2476 4184 2573 4254 τῆς
2611 4184 2879 4255 μυραίνης
2920 4182 3210 4255 ὲπιπλοκή.
3253 4182 3669 4258 Διδαχθήτωσαν

3554 4252 3757 4287 Ἡρα-’⁸

2091 4270 2182 4328 οὖν
2219 4277 2332 4338 τοῖς
2374 4273 2674 4346 ἀλλοτρίοις
2707 4275 3151 4341 ἐπιϐουλεύοντες
3182 4276 3405 4347 γάμοις,
3439 4270 3668 4347 ποτιῆἷῷ

416 4369 613 4425 delibet
651 4368 919 4424 aediﬁcare
965 4381 1106 4421 unus
1157 4364 1287 4420 mihi
1322 4379 1518 4434 scopus
1574 4373 1679 4419 est.
1724 4362 1988 4418 Sedentur

2094 4367 2234 4421 εἰσιν
2265 4366 2482 4438 ἑρπετῷ
2522 4367 2914 4439 παραπλήσιοι.
2947 4364 3043 4432 Εἷς
3089 4386 3178 4440 μοι
3214 4368 3435 4431 σκοπὸς,
3465 4385 3669 4423 παντα-

418 4458 867 4515 incontinentium
895 4456 1166 4518 libidines,
1200 4465 1310 4537 tum
1349 4454 1580 4510 terrenis
1609 4465 1718 4509 tum
1767 4454 1990 4511 marinis

418 4548 639 4605 frenatae
671 4547 953 4617 exemplis.
982 4546 1080 4601 Hic
1111 4556 1167 4602 et
1193 4546 1439 4614 corporis
1465 4546 1753 4600 inﬁrmitas
1774 4557 1830 4600 et
1851 4554 1991 4600 tcm-

417 4657 519 4713 pus
569 4643 1019 4711 advesperascens
1058 4638 1218 4695 tinem
1249 4639 1509 4709 loquendi
1554 4638 1847 4706 faceregme
1893 4655 1988 4695 co-

417 4740 583 4804 gunt,
618 4732 717 4788 etsi
741 4732 825 4788 his
841 4733 931 4802 qui
961 4731 1190 4787 libenter
1213 4731 1458 4795 audiunt,
1482 4732 1758 4801 complura
1791 4731 1987 4799 adhuc,

487 4845 536 4880 "
565 4846 761 4904 Enhes.
785 4861 842 4911 v,
863 4845 955 4901 25.

489 4979 602 5052 (15)
631 4978 723 5034 Sic
748 4993 882 5034 mss.
906 4981 982 5052 At
1019 4977 1147 5052 editi
1192 4980 1271 5043 είς
1304 4979 1403 5052 τὴν
1446 4975 1529 5044 ἐξ.
1559 4975 1670 5032 Nec
1689 4977 1779 5036 ita
1825 4976 1992 5034 multo

419 5049 541 5121 post
568 5049 675 5121 duo
708 5065 844 5121 mss.
869 5050 932 5102 τὸ
963 5049 1320 5121 μικρότατον.

491 5120 608 5191 (Η)
655 5120 731 5173 lta
764 5119 930 5175 editio
962 5112 1128 5174 Basil.
1168 5134 1301 5191 cum
1350 5117 1590 5191 quinque
1635 5131 1767 5191 mss.
1809 5112 1990 5170 Editio

420 5184 599 5244 Paris.
624 5205 745 5244 cum
772 5190 903 5261 Reg.
930 5199 1124 5261 octavo
1153 5184 1404 5261 ἀγκύρας
1432 5184 1698 5261 βεᾷαίαςζ
1713 5184 1990 5261 Tanquam

419 5265 476 5314 in
504 5261 734 5313 anchora
763 5254 941 5327 ﬁrma.
973 5254 1266 5328 Aliquanto
1294 5254 1614 5327 posl'editio
1662 5254 1837 5310 Paris.
1864 5269 1989 5309 cum

422 5331 626 5401 aliquot
649 5344 778 5401 mss.
813 5329 1205 5401 ὑποσύρεσθαι.
1245 5328 1352 5383 Alii
1389 5328 1610 5397 quidam
1674 5340 1809 5380 mss.
1865 5338 1991 5378 cum

422 5397 577 5470 Bodl.
598 5397 990 5470 ἀποσύρεσοαι.

421 5469 606 5591 Θρὸ)
661 5465 794 5539 Reg.
843 5473 1114 5526 secundus
1174 5485 1296 5526 cum
1348 5466 1502 5524 Coll).
1553 5465 1791 5522 secundo
1842 5465 1994 5534 παρὰ

466 5555 558 5591 εω.

466 5555 558 5591 εω.

424 5638 461 5682 '_
495 5592 604 5682 (⁸16)
636 5609 813 5682 codex
861 5610 1102 5682 Combcl'.
1162 5613 1227 5682 τῇ
1280 5608 1541 5682 θαλαττίᾳ
1574 5605 1833 5682 μυραίνῃ.
1871 5604 1993 5682 Mox

422 5677 594 5734 Colb.'
628 5681 832 5750 primus
888 5677 1226 5750 σημαίνασα”
1252 5677 1620 5747 ἐγκαλεῖσθαι.
1686 5677 1862 5733 Mouet
1913 5677 1994 5730 vir

2095 4459 2250 4531 χόθεν
2326 4458 2719 4530 οἰκοδομεῖσθαι
2773 4459 2873 4532 τὴν
2932 4459 3280 4530 Ἐκκλησίαν.
3351 4460 3669 4517 Καταστελ-

2096 4549 2270 4604 λέσθω
2307 4549 2420 4621 (19)
2467 4549 2538 4603 τὰ
2569 4550 2716 4621 πάθη
2762 4548 2870 4603 τῶν
2914 4550 3251 4615 ἀκολάστων,
3293 4551 3387 4605 καὶ
3430 4550 3670 4619 ἐγγείοις

2096 4643 2191 4697 καὶ
2229 4641 2530 4706 θαλαττίοις
2564 4642 2923 4714 ὑποδείγμασι
2967 4644 3356 4715 παιδευόμενα.
3406 4643 3672 4701 Ἑνταῦθά

2100 4751 2168 4804 με
2212 4733 2401 4804 στῆναι
2453 4733 2548 4787 τοῦ
2595 4734 2753 4803 λόγου
2779 4736 2841 4821 ,ἥ
2886 4751 2949 4790 τε
2995 4733 3091 4789 τοῦ
3144 4733 3393 4807 σώματος
3409 4750 3681 4806 καταναγ-

2098 4987 2447 5049 oocttsstmus
2475 4978 2720 5043 Ducaaus,
2746 4988 2890 5049 quod
2920 4994 3007 5034 n.c
3037 4992 3104 5032 ue
3152 4975 3411 5049 muraenis
3443 4975 3664 5049 dicitur,

2101 5048 2418 5118 idhquioletn
2479 5064 2509 5101 a
2543 5045 2865 5117 quibusdam
2895 5049 3259 5118 scriptoribus
3282 5045 3539 5100 atlirmari
3564 5084 3579 5107 ,
3607 5046 3674 5097 ab

2098 5115 2377 5187 aliisvero
2410 5115 2617 5187 negari.

2170 5183 2774 5258 (717)Colb.'secundus
2810 5187 2909 5258 τὴν
2933 5184 3250 5258 νόμόζυγον,
3289 5184 3385 5239 καὶ
3436 5183 3570 5255 μηδὲ
3609 5183 3674 5258 εκ

2103 5252 2231 5327 μιᾶς
2264 5252 2627 5327 προφάσεως.
2668 5258 2800 5327 Reg.
2859 5252 3063 5327 primus
3090 5252 3530 5327 rltabetuquoqtte
3571 5252 3673 5324 τὴν

2100 5324 2518 5397 ὀμόζυγόνζΑιίἱ
2552 5343 2682 5382 mss.
2715 5324 2836 5380 cum
2859 5325 3018 5397 editis
3050 5326 3147 5397 τὴν
3158 5324 3423 5397 ρμόζυγα
3449 5363 3464 5387 ,
3492 5334 3599 5397 etc.

2174 5392 2532 5466 (18)‘Codices
2565 5412 2658 5468 sex
2713 5392 3115 5468 χρησιμεύσει.’
3156 5392 3302 5450 Editi
3354 5410 3477 5449 cum
3537 5392 3672 5462 Reg.

2101 5468 2288 5537 quinto
2308 5466 2650 5537 χρησιμεύει.

2173 5534 2283 5607 (l9)
2310 5532 2489 5590 'Culbf
2515 5537 2781 5591 secundus
2840 5532 3413 5591 καταστελλέσθωσαν.
3477 5532 3671 5587 Statim

2102 5604 2242 5661 idem
2270 5621 2368 5661 ms.
2397 5606 2781 5677 παιδευόμενοι.
