4082 6218
431 257 524 312 Nil

1517 251 1799 314 ΙΙΟΜΙῌΔ
1842 255 1927 315 VII
1969 253 2034 315 IN
2074 255 2568 318 HEXAEMERON.

3567 264 3673 325 162

424 372 586 436 κᾶζει
616 368 909 441 ιὰσθένεια,
951 372 1045 425 καὶ
1090 371 1152 426 τὺ
1193 374 1291 445 τῆς
1322 373 1471 446 ὥρας
1501 375 1637 445 ὀψέ·
1674 377 1797 430 ἐπεὶ
1831 376 2001 431 πολλὰ

2114 393 2274 449 eaque
2296 379 2650 434 admiratione
2683 379 2865 449 digna,
2894 383 2958 436 de
2989 382 3148 438 rebus
3187 382 3239 438 in
3277 384 3410 440 mari
3438 399 3671 442 nascen-

428 463 509 520 ἔτι
554 463 867 537 προσθεῖναι
901 460 1044 535 εἶχον
1074 468 1187 530 τοῖς
1225 467 1503 538 φιληκόοις
1551 467 1827 539 θαύματος
1874 469 2000 536 ἄξια

427 554 559 626 περὶ
598 553 707 608 τῶν
739 555 1022 626 φυομένων
1065 558 1123 610 ὲν
1154 560 1220 629 τῇ
1251 557 1520 631 θαλάσσῃο
1556 560 1684 630 περὶ
1726 559 2001 630 Θαλάσσης

429 646 621 717 αὐτῆς,
663 646 780 711 πῶς
819 650 899 712 είς
929 647 1062 711 ἃλας
1093 649 1154 702 τὸ
1186 648 1329 721 ὕδωρ
1362 651 1661 720 πήγνυται’
1699 649 1815 714 πῶς
1841 653 1869 704 ὁ
1905 668 2001 704 πο-

428 737 720 809 λυτίμητος
762 736 908 799 λίθος
950 738 1011 790 τὸ
1043 739 1348 810 κουράλιεν,
1369 739 1498 811 χλόη
1535 740 1635 811 μέν
1669 743 1815 794 ἐστιν
1836 743 1893 792 ὲν
1932 743 1999 811 τῇ

430 829 702 903 θαλάσσῃ,
744 829 964 884 ἐπειδὰν
1000 831 1058 907 δὲ
1101 833 1182 894 είς
1221 832 1311 886 τὸν
1351 833 1488 904 ἀέρα
1532 832 1819 905 ἐξενεχθῇ,
1865 834 2003 904 πρὸς

428 920 579 975 λίθου
631 923 963 995 στερρότητα
1015 927 1423 998 μεταπήγνυται
1449 943 1462 956 ·
1519 927 1684 982 πόθεν
1725 928 1805 999 τῷ
1849 928 2002 981 εύτε-

428 1015 671 1087 λεστάτῳ
713 1016 837 1089 ζὼῳ
884 1017 961 1087 τῷ
1004 1019 1211 1091 ὀστρέῳ
1255 1020 1344 1074 τὸν
1391 1020 1687 1092 βαρύτιμον
1732 1021 2004 1093 μαργαρί·

427 1126 531 1181 την
567 1109 678 1179 (ἳο)
712 1112 745 1181 ἡ
790 1111 950 1179 φύσις
980 1111 1268 1183 ἐνέθηκεν·
1307 1112 1343 1167 ἃ
1393 1112 1502 1182 γὰρ
1535 1113 1861 1184 ἐπιθυμοῦσι
1908 1114 2003 1186 θη-

433 1205 624 1273 σαυροὶ
675 1203 957 1274 βασιλέων,
994 1204 1165 1258 ταῦτα
1201 1206 1326 1276 περὶ
1370 1204 1651 1274 αἰγιαλοὺς
1696 1207 1790 1259 καὶ
1833 1206 2006 1269 ἀκτὰς

429 1296 527 1350 καὶ
564 1297 822 1369 τραχείας
866 1296 1074 1369 πέτρας
1114 1297 1442 1370 διέρῤιπται,
1470 1300 1582 1361 τοῖς
1611 1297 1853 1369 ἐλύτροις
1895 1298 2004 1352 τῶν

431 1388 671 1461 ὀστρέων
697 1389 990 1460 ὲγκείμενα
1009 1406 1021 1419 ·
1056 1389 1219 1443 πόθεν
1249 1390 1310 1442 τὸ
1336 1390 1569 1461 χρυσοῦν
1602 1390 1746 1462 ἔριον
1788 1393 1843 1445 αἱ
1888 1390 2006 1445 πίν-

433 1498 520 1533 ναι
574 1481 883 1552 τρέφουσιν,
930 1482 1065 1553 ὅπερ
1099 1482 1276 1546 οὐδεὶς
1324 1484 1433 1536 τῶν
1486 1482 1806 1552 ἁνθοϐἀφων
1842 1483 2004 1555 μέχρι

433 1571 529 1626 νῦν
562 1572 673 1643 (21)
718 1575 1058 1644 ἐμιμήσατο·
1090 1575 1252 1627 πόθεν
1282 1578 1339 1629 αί
1368 1575 1548 1647 κόχλοι
1577 1579 1690 1640 τοῖς
1728 1577 2005 1647 βασιλεῦσι

432 1664 529 1728 τὰς
560 1664 881 1737 ἁλουργίδας
907 1664 1238 1737 χαρίζονται,
1267 1668 1323 1721 αἳ
1354 1671 1447 1723 καὶ
1490 1669 1559 1722 τὰ
1591 1669 1725 1741 ἄνθη
1759 1669 1868 1724 τῶν
1908 1670 2009 1724 λει-

437 1757 630 1828 μώνων
679 1761 746 1828 τῇ
817 1759 1039 1830 εὐχροίᾳ
1104 1760 1474 1832 παρέδραμον.
1515 1760 1877 1832 Ἐξαπττγέτω
1933 1763 2005 1817 τὰ
2040 1747 2078 1802 ίί

433 1850 622 1904 ὕδατα
655 1851 788 1922 (22).
826 1852 936 1904 Καὶ
969 1852 1021 1903 τί
1054 1853 1115 1904 ού
1160 1853 1350 1921 γέγονε
1378 1853 1507 1905 ’τῶν
1553 1853 1904 1922 ἀναγκαίων;
1951 1855 2004 1907 τί

433 1944 490 1996 δὲ
521 1943 639 2013 ούχὶ
670 1943 778 1997 τῶν
812 1943 1119 1997 πολυτελῶν
1168 1944 1431 2016 ἐχαρίσθη
1476 1943 1552 2015 τῷ
1605 1944 1739 2015 βίῳ;
1788 1946 1857 1999 τὰ
1909 1947 2006 2016 μὲν

435 2037 515 2099 είς
557 2037 859 2107 ὑπηρεσίαν
913 2035 1235 2107 ἀνθρώπων,
1280 2035 1351 2089 τὰ
1396 2036 1452 2089 δὲ
1496 2038 1576 2100 είς
1628 2037 1861 2108 θεωρίαν
1911 2035 2005 2091 τοῦ

436 2133 562 2204 περὶ
589 2132 686 2203 τὴν
719 2132 896 2185 κτίσιν
940 2130 1235 2201 θαύματος.
1265 2131 1432 2183 Ἀλλα
1464 2130 1693 2204 φοϐερὰ,
1737 2132 2010 2201 παιδαγω-

434 2223 635 2292 γοῦντα
679 2222 835 2295 ἡμῶν
867 2225 928 2277 τὸ
968 2224 1207 2296 ῥᾴθυμον
1260 2224 1393 2294 (25).
1439 2225 1754 2293 Ἐποίησεν
1786 2228 1819 2278 ό
1867 2223 2011 2291 Θεὸς

435 2319 508 2372 τὰ
562 2317 713 2387 κήτη
778 2319 850 2373 τὰ
902 2317 1157 2388 μεγάλα.
1207 2319 1322 2373 Οὐκ
1379 2318 1567 2389 ἐπειδὴ
1644 2318 1861 2392 καρίδος
1916 2319 2010 2372 καὶ

438 2410 681 2484 μαινίδος
732 2410 973 2481 μείζονα,
1012 2411 1102 2464 διὰ
1140 2409 1300 2463 τοῦτο
1350 2410 1560 2482 μεγάλα
1605 2409 1853 2482 εἷρηται’
1894 2410 2009 2465 ἀλλ’

435 2501 621 2573 ἐπειδὴ
668 2504 779 2566 τοῖς
813 2503 1087 2573 μεγίστοις
1126 2500 1275 2573 ὄρεσι
1306 2502 1384 2573 τῷ
1423 2503 1570 2575 ὄγκῳ
1615 2501 1711 2556 τοῦ
1761 2502 2011 2575 σώματος

435 2592 830 2665 παρισάζεται·
865 2593 901 2647 ἆ
949 2611 1013 2663 γε
1057 2593 1150 2647 καὶ
1194 2579 1372 2666 νήσων
1421 2596 1681 2661 πολλάκις
1713 2594 2013 2667 φαντασίαν

437 2685 768 2757 παρέχεται,
817 2686 1035 2740 ἐπειδάν
1100 2703 1231 2739 ποτε
1286 2686 1379 2740 ἐπὶ
1425 2688 1524 2758 τὴν
1565 2688 1738 2761 ἄκραν
1812 2691 2012 2760 ἐπιφαι-

439 2796 588 2831 νειαν
639 2778 730 2832 τοῦ
774 2777 962 2842 ὕδατος
1002 2778 1351 2849 ἀνανήξηται.
1403 2779 1587 2834 Ταῦτα
1645 2781 1826 2851 μέντοι
1864 2782 2014 2852 τηλι-

2102 473 2244 527 tibus
2287 486 2560 542 apponere
2605 482 2867 543 poteram.
2924 474 3189 531 Nimirum
3227 478 3296 532 de
3339 478 3457 549 ipso
3494 481 3672 537 mari:

2103 567 2370 634 quomodo
2409 567 2462 619 in
2486 565 2650 621 salem
2678 571 2980 623 concrescit
3028 584 3208 641 aqua:
3239 573 3509 641 quomodo
3548 589 3674 646 pre-

2104 657 2426 711 tiosissimus
2470 656 2603 727 lapis
2662 659 2967 726 corallium,
2996 662 3048 716 in
3074 665 3211 718 mari
3253 666 3467 733 quidem
3506 668 3673 723 herba

2102 756 2207 813 est,
2235 757 2518 816 postquam
2560 764 2690 804 vero
2714 751 2769 805 in
2798 766 2977 808 aerem
3026 756 3251 812 eductus
3283 757 3467 824 fuerit,
3501 761 3556 816 itt
3596 763 3677 820 lae

2105 837 2241 903 pidis
2276 836 2598 893 soliditatem
2655 843 3019 914 compingitur
3065 862 3080 900 :
3140 850 3280 905 unde
3330 851 3382 905 in
3414 852 3676 914 vilissima

2106 928 2275 985 bestia
2312 942 2490 988 ostrea
2543 937 2892 1005 margaritam
2956 954 3215 1011 perquam
3256 948 3545 1014 pretiosam
3577 968 3676 1007 na-

2107 1031 2225 1076 tura
2260 1022 2498 1078 inclusit.
2530 1025 2659 1092 Qua:
2699 1028 2844 1082 enim
2890 1034 3280 1103 concupiscunt
3331 1056 3517 1111 regum
3559 1046 3679 1101 the—

2106 1115 2273 1184 sanri,
2328 1130 2390 1170 ea
2419 1116 2561 1172 circa
2610 1117 2788 1174 littora
2838 1120 3089 1193 ripasque
3137 1135 3192 1183 et
3227 1143 3447 1199 asperas
3492 1147 3678 1205 petras

2106 1207 2329 1276 disiecta
2356 1218 2500 1276 sunt,
2533 1212 2587 1264 in
2645 1221 2947 1269 ostreorum
2986 1219 3138 1274 testis
3178 1224 3495 1293 recondita;
3539 1230 3680 1285 unde

2106 1300 2282 1369 pinnae
2320 1316 2539 1356 auream
2593 1304 2769 1360 lanam
2807 1311 3092 1376 nutriunt,
3142 1329 3304 1384 quam
3356 1318 3679 1380 infectorum

2108 1393 2287 1449 nullus
2313 1394 2575 1453 hactenus
2601 1408 2686 1454 est
2718 1401 2991 1471 imitatus;
3030 1406 3170 1462 unde
3195 1411 3428 1467 cochleae
3461 1417 3682 1485 regibus

2108 1484 2410 1553 largiuntur
2465 1503 2778 1559 purpuram,
2815 1507 2935 1563 quae
2994 1506 3272 1564 pratorum
3321 1504 3483 1558 etiam
3518 1484 3681 1563 liores

2109 1576 2304 1632 coloris
2335 1582 2641 1648 praestantia
2695 1594 2970 1654 superant.
3011 1586 3321 1647 Producant
3377 1612 3547 1667 aqum.
3582 1599 3685 1655 Ec-

2109 1671 2236 1739 quid
2266 1673 2691 1729 necessariorum
2718 1676 2916 1732 factum
2960 1694 3062 1734 non
3114 1683 3235 1737 est?
3269 1686 3393 1757 quid
3418 1691 3684 1757 pretioso.

2110 1777 2227 1816 rum
2257 1764 2437 1818 datum
2468 1781 2570 1821 non
2598 1777 2682 1821 est
2708 1768 2865 1823 vitae?
2911 1771 3034 1827 llaec
3075 1775 3288 1845 quidem
3313 1781 3378 1834 ad
3404 1780 3681 1841 hominum

2109 1853 2504 1919 ministerium,
2558 1856 2646 1910 illa
2686 1873 2813 1916 vero
2859 1862 2925 1916 ad
2976 1867 3524 1936 contemplationem:
3575 1892 3682 1946 qua

2109 1945 2400 2001 creationis
2454 1948 2777 2005 miraculum
2844 1958 3294 2027 contemplamur.
3367 1963 3486 2020 Alia
3554 1945 3682 2027 sunt

2110 2034 2413 2100 horribilia,
2430 2037 2688 2094 desidiam
2712 2052 2950 2099 nostram
2969 2050 3291 2106 erudientia.
3317 2053 3522 2112 Creavil
3541 2059 3683 2117 Deus

2109 2135 2217 2180 cete
2244 2127 2466 2220 grandia
2483 2128 2548 2220 ξ’.
2589 2129 2704 2185 Non
2738 2132 2861 2202 quia
2886 2136 3091 2205 majora
3142 2152 3449 2213 suntquam
3491 2132 3685 2220 sqttilla

2110 2226 2166 2271 et
2196 2218 2610 2279 maena,idcirco
2639 2225 2860 2291 grandia
2887 2228 3027 2281 diota
3055 2241 3208 2287 sunt:
3243 2234 3336 2289 sed
3365 2238 3488 2307 quia
3514 2218 3686 2298 maxi-

2110 2311 2214 2366 mis
2232 2312 2504 2368 montibus
2522 2314 2662 2370 mole
2680 2319 2920 2386 corporis
2937 2321 3285 2393 adaequamur
3305 2345 3318 2382 :
3337 2344 3456 2398 qua:
3478 2347 3625 2389 certe
3640 2335 3688 2391 si

2112 2416 2349 2470 unquam
2368 2408 2433 2459 ad
2451 2420 2715 2461 summam
2735 2425 2886 2478 aqua:
2899 2415 3239 2483 superﬁciem
3259 2420 3372 2491 69
3390 2426 3685 2493 enatarint,

2113 2506 2480 2561 saepenumero
2515 2497 2747 2564 speciem
2781 2500 3022 2558 referunt
3050 2504 3369 2564 insularum.
3402 2510 3525 2568 llzec
3556 2518 3689 2586 qui-

2113 2584 2235 2639 dem
2260 2594 2430 2652 certe,
2478 2597 2665 2658 utpote
2691 2599 2861 2657 tanta,
2878 2608 2982 2649 non
3013 2596 3154 2651 circa
3181 2599 3325 2668 ripas
3347 2617 3520 2673 neque
3541 2584 3688 2662 circa

2113 2676 2298 2734 littora
2326 2680 2705 2739 diversantur:
2741 2686 2835 2741 sed
2868 2685 2921 2740 in
2947 2702 3012 2743 eo
3036 2691 3170 2744 mari
3190 2693 3330 2762 quod
3358 2696 3686 2755 Atlanticum

2114 2782 2359 2840 vocatur,
2395 2774 2718 2834 inhabitant.
2754 2778 2903 2835 Talia
2934 2793 3062 2838 sunt
3115 2786 3430 2854 animantia,
3462 2806 3584 2861 qua:
3616 2794 3686 2849 ad

440 2872 615 2926 καῦτα
664 2872 791 2925 ὅντα
844 2873 906 2925 οῦ
960 2873 1091 2943 περὶ
1142 2870 1344 2935 ἀκτὰς,
1381 2871 1501 2925 οὐδὲ
1559 2849 1838 2941 αἰγιαλοὺς

2117 2875 2379 2921 terrorem
2416 2868 2817 2940 fstuporemqne
2867 2872 3020 2929 nobis
3081 2875 3449 2935 incutiendum
3479 2849 3687 2941 lcreata

438 2964 732 3036 διατρίϐει,
781 2964 915 3018 ἀλλὰ
954 2964 1016 3018 τὸ
1062 2964 1401 3018 Ἀτλαντικὸν
1443 2964 1732 3036 λεγόμενον
1780 2966 2014 3037 πέλαγος

2114 2967 2261 3014 sunt.
2294 2956 2365 3013 At
2395 2959 2438 3014 si
2463 2960 2776 3030 pisciculum
2819 2963 3123 3031 minimum,
3156 2982 3426 3024 remoram
3459 2973 3687 3040 scilicet,

440 3059 655 3111 ἐνοικεῖ.
687 3056 924 3112 Τοιαῦτα
964 3059 1081 3110 ἐστι
1122 3056 1192 3109 τὰ
1240 3056 1376 3128 πρὸς
1433 3056 1596 3124 φόϐον
1629 3056 1724 3110 καὶ
1752 3056 2011 3128 ἔκπληξιν

2117 3051 2347 3106 maxima
2377 3052 2611 3122 navigia,
2638 3055 2880 3123 expassis
2918 3055 3048 3111 velis
3085 3068 3246 3113 vento
3268 3064 3506 3116 secundo
3530 3072 3688 3122 uten-

438 3150 712 3223 ἡμετέραν
767 3149 1235 3222 δημιουργηθέντα
1275 3148 1407 3213 ζῶα.
1457 3146 1581 3202 Ἐὰν
1627 3150 1684 3202 δὲ
1736 3149 2009 3221 ἀκούσης,

441 3241 521 3294 ὅτι
554 3242 622 3296 τὰ
654 3242 890 3312 μέγιστα
923 3241 1032 3294 τῶν
1088 3241 1286 3295 πλοίων
1332 3242 1670 3313 ήπλωμένοις
1723 3242 1910 3305 ἱστίοις
1953 3242 2013 3310 ἐξ

440 3334 629 3402 οὐρίας
668 3335 938 3404 φερόμενα
966 3331 1026 3387 τὸ
1079 3333 1404 3406 μικρότατον
1465 3333 1756 3405 ἰχθύδιονὴ
1799 3333 2015 3405 ὲχενηῖς

441 3424 584 3479 οὕτω
623 3426 818 3498 ῥᾳδίως
858 3426 1090 3496 ἵστησιν,
1121 3425 1259 3479 ὥστε
1316 3425 1570 3496 ἀκίνητον
1623 3426 1717 3478 ἐπὶ
1765 3425 2014 3478 πλεῖστον

445 3517 736 3588 φυλάσσειν
788 3517 884 3589 τὴν
931 3517 1063 3570 ναῦν
1108 3517 1298 3588 ὥσπερ
1351 3515 1848 3589 καταρῤιζωθεῖσαν
1901 3515 2012 3587 (25)

409 3644 417 3650 -
442 3615 500 3667 ἐν
533 3614 681 3684 αὐτῷ
701 3611 779 3684 τῷ
806 3612 1050 3682 πελάγει,
1079 3609 1168 3685 ἆρ’
1193 3613 1311 3683 οὐχὶ
1333 3614 1425 3666 καὶ
1451 3616 1507 3666 ὲν
1534 3613 1611 3684 τῷ
1639 3611 1819 3684 μικρῷ
1841 3612 2016 3683 τούτῳ

441 3707 539 3777 τὴν
585 3705 757 3777 αὐτὴν
814 3707 913 3777 τῆς
949 3704 1042 3758 τοῦ
1076 3706 1357 3767 κτίσαντος
1388 3704 1669 3775 δυνάμεως
1717 3703 2015 3775 λαμϐάνεις

443 3797 717 3865 ἀπόδειξιν
736 3814 750 3863 ;
769 3798 842 3850 Οὐ
869 3796 978 3869 γὰρ
1008 3797 1154 3869 μόνοι
1173 3796 1284 3867 (26)
1315 3797 1510 3865 ξιφίαι,
1540 3797 1633 3850 καὶ
1659 3795 1895 3867 πρίονες,
1920 3795 2015 3850 καὶ

444 3887 625 3953 κύνες,
656 3889 751 3942 καὶ
783 3888 1039 3959 φάλαιναι
1068 3888 1162 3941 καὶ
1193 3887 1465 3955 ζύγαιναι,
1496 3885 1722 3958 φοϐερὰ,
1757 3886 1891 3940 ἀλλὰ
1920 3887 2016 3940 καὶ

442 3981 710 4054 τρυγόνος
732 3982 954 4052 κέντρον
975 3982 1075 4053 τῆς
1106 3980 1423 4045 θαλασσίας,
1444 3981 1537 4033 καὶ
1560 3976 1763 4049 ταύτης
1794 3979 2013 4048 νεκρᾶς,

408 4064 411 4069 ’
448 4074 541 4125 καὶ
564 4072 773 4141 λαγωὸς
799 4072 827 4124 ὀ
851 4072 1159 4137 θαλάσσιος,
1196 4073 1293 4143 ούχ
1326 4066 1485 4143 ἧττόν
1517 4071 1631 4122 ὲστι
1664 4067 1888 4139 φοϐερὰ,
1918 4084 2016 4121 τα-

451 4163 598 4232 χεῖαν
614 4162 707 4215 καὶ
728 4162 1095 4234 ἀπαραίτητον
1130 4160 1228 4232 τὴν
1257 4160 1457 4232 φθορὰν
1487 4158 1832 4230 ἐπιφέροντα.
1864 4155 2018 4211 Οὕτω

452 4268 511 4304 σε
546 4253 633 4306 διὰ
685 4258 895 4308 πάντων
926 4255 1286 4326 ὲγρηγορὲὶαι
1313 4256 1342 4307 ὀ
1381 4252 1605 4325 κτίστης
1654 4248 1922 4323 βούλεται,
1950 4250 2016 4303 ἵν’

452 4268 511 4304 σε
546 4255 633 4306 διὰ
685 4258 895 4308 πάντων
926 4256 1167 4326 ὲγρηγορ
1199 4258 1212 4272 ⁸
1231 4272 1286 4308 αι
1313 4256 1342 4307 ὀ
1381 4255 1605 4325 κτίστης
1654 4255 1922 4323 βούλεται,
1950 4255 2016 4303 ἶν’

450 4346 508 4397 ὲν
540 4347 604 4416 τῇ
638 4344 772 4416 πρὸς
795 4345 925 4400 Θεὸν
954 4346 1126 4399 ἐλπίδι
1141 4255 1248 4490 ᾗ
1288 4346 1383 4399 ἀπ’
1421 4343 1599 4399 αὐτῶν
1633 4342 1835 4414 βλάϐας
1884 4343 2018 4395 ἀπο-

450 4435 760 4490 διδοάσκης.
799 4438 960 4490 Ἀλλὰ
992 4438 1099 4490 γὰο
1209 4438 1540 4490 αδοαιιόντες
1574 4437 1639 4489 ὲκ
1673 4435 1782 4489 τῶν
1820 4434 2016 4490 Βυθῶν.

449 4435 760 4511 διδράσκῃς.
799 4438 960 4492 Ἀλλὰ
992 4438 1099 4510 γὰρ

515 4647 558 4679 ’⁷
589 4646 725 4702 Gen.
750 4661 788 4708 ι,
809 4644 900 4700 21.

528 4761 643 4833 (9.0)
700 4758 954 4816 Nonnulli
1017 4775 1150 4817 mss.
1209 4759 1301 4814 τὸν
1354 4757 1653 4829 πολύτιμον
1733 4756 2008 4830 μαργαρί-

443 4850 566 4887 την.

479 4850 630 4976 ηἷέΙ)
662 4901 755 4976 Sic
780 4917 914 4976 mss.
945 4911 1172 4976 septem.
1207 4900 1379 4956 Voces
1435 4899 1597 4970 μέχρι
1644 4897 1739 4952 νῦν
1788 4896 2008 4953 deside-

446 4972 643 5029 rantur
668 4975 720 5025 in
758 4972 1011 5041 vulgatis.

520 5042 629 5117 (22)
650 5036 1038 5117 Colb.pr_imn_s
1076 5041 1352 5117 aliquanto
1379 5036 1574 5117 fusius,
1604 5036 1923 5107 ὲξαγαγέτω
1943 5038 2012 5117 ea

446 5109 847 5186 ὓδαταὲρπετὰ
873 5111 1059 5186 ψυχῶν
1101 5112 1312 5176 ζωσῶν,
1356 5109 1645 5178 producant
1673 5125 1823 5180 aqua
1851 5111 2013 5178 repti-

443 5186 519 5241 lia
543 5184 841 5237 animarum
869 5184 1143 5237 viventium
1232 5229 1245 5241 ,

517 5254 625 5324 (23)
653 5253 860 5324 Rursus
883 5253 1037 5307 Colb.
1068 5253 1288 5324 primus,
1313 5246 1470 5324 ἡμῶν
1500 5247 1939 5324 τῂνῌρᾳθυμίαν.

519 5256 605 5324 (23
653 5256 860 5307 Rursus
883 5256 1037 5307 Colb.
1068 5256 1288 5321 primus,
1313 5256 1470 5320 ἡμῶν
1500 5256 1598 5322 τὴν
1642 5256 1939 5321 ρᾳθυμίαν.

519 5256 630 5395 (24)
657 5323 879 5395 Codices
902 5331 1044 5395 octo,
1065 5321 1192 5395 οὐδε
1211 5318 1510 5395 αζγιαλούς.
1544 5320 1681 5395 Editi
1705 5335 1835 5395 cum
1856 5319 2006 5373 Coll).

448 5388 684 5463 secundo
710 5392 831 5446 οὐδὲ
864 5393 992 5463 περ).
1026 5388 1327 5463 αἰγιαλούς.
1376 5392 1592 5463 lividam
1626 5388 1780 5463 Coll).
1817 5404 2012 5444 secun-

449 5462 644 5542 (ιυβλιςιξ)
667 5459 996 5542 ξᾼτλαντικῷ
1024 5459 1299 5532 λεγομένῳ
1319 5459 1542 5542 πελᾴγει
1577 5459 1794 5542 ἐνοικεῖ,
1888 5537 1899 5542 _
1945 5529 1982 5542 Δ.

519 5532 635 5603 (25)
667 5531 889 5588 Variant
932 5530 1074 5588 inter
1100 5530 1165 5603 se
1192 5530 1400 5603 veteres
1425 5530 2003 5603 tum_ca|amo_notati,

451 5596 562 5656 tum
594 5596 735 5674 t'ypis
756 5603 1013 5674 descripti
1036 5602 1178 5658 libri.
1198 5601 1393 5674 Editio
1420 5596 1588 5674 B_asil.
1615 5614 1737 5654 cum
1771 5596 1934 5674 Bodll
1951 5608 2007 5652 et

447 5686 571 5729 cum
600 5668 719 5731 aliis
742 5668 1087 5729 multis'mss.
1124 5671 1416 5742 φυλάσσειν
1443 5669 1632 5743 ὥσπερ
1662 5668 2007 5741 καταρῤιζωο

760 5764 1034 5827 Parnm.
1079 5765 1200 5827 Gn.
1249 5764 1485 5831 XXIX.

2118 3143 2213 3205 tia,
2239 3142 2398 3197 facile
2430 3142 2620 3199 sistere
2650 3145 2919 3213 audieris;
2955 3146 3027 3201 ita
3077 3160 3137 3204 ut
3173 3149 3352 3204 navim
3384 3150 3692 3211 diutissime

2120 3234 2356 3290 detineat
2401 3237 2714 3304 immotam,
2782 3241 2935 3309 quasi
2994 3240 3047 3294 in
3117 3243 3233 3311 ipso
3291 3245 3427 3301 mari
3478 3247 3692 3305 radices

2120 3326 2358 3393 egisset,
2410 3343 2589 3384 nonne
2628 3329 2793 3383 etiam
2832 3330 2883 3384 in
2938 3330 3040 3386 hoc
3088 3334 3283 3405 exiguo
3325 3338 3472 3406 pisce
3504 3342 3692 3396 eadem

2120 3417 2396 3474 Creatoris
2442 3420 2679 3489 polentia
2718 3422 2811 3477 tibi
2848 3423 3181 3493 signiﬁcatur
3234 3442 3299 3482 ac
3346 3428 3695 3489 ostenditur?

2122 3508 2237 3564 Non
2272 3510 2416 3565 enim
2464 3510 2634 3566 solum
2669 3511 2863 3583 gladii,
2915 3528 3116 3583 serrae,
3153 3531 3352 3587 canes,
3387 3520 3608 3578 balaena;
3639 3535 3697 3579 et

2122 3618 2356 3674 zygaenaa
2387 3602 2725 3659 formidanda
2756 3614 2917 3674 sunt;
2953 3608 3047 3662 sed
3073 3618 3126 3662 et
3155 3610 3374 3667 aculeus
3403 3615 3696 3682 pastinacae

2123 3697 2368 3762 marinae,
2411 3697 2637 3766 ejusque
2660 3707 2907 3765 mortute,
2935 3708 2990 3753 et
3014 3699 3167 3771 lepus
3192 3705 3436 3760 marinus
3468 3722 3571 3761 non
3596 3708 3696 3763 mi-

2123 3803 2225 3843 nus
2264 3799 2390 3844 sunt
2431 3789 2729 3855 metuendi,
2778 3806 2900 3847 cum
2948 3791 3177 3847 celerem
3224 3796 3696 3869 inevitabiletnqtte

2125 3878 2404 3933 interitum
2450 3878 2699 3934 all'erant.
2736 3880 2810 3935 lta
2864 3891 2915 3935 te
2955 3896 3053 3951 per
3098 3885 3279 3939 omnia
3319 3886 3538 3957 vigilare
3580 3888 3697 3944 vult

2123 3967 2403 4039 Conditor,
2424 3979 2501 4039 ut,
2532 3974 2763 4042 reposita
2792 3973 2846 4027 in
2872 3974 2977 4029 Deo
2996 3989 3108 4045 spe,
3126 3975 3449 4034 detrimenta
3473 3980 3540 4035 ab
3564 3981 3696 4051 ipsis

2124 4063 2490 4134 impendentia
2521 4064 2784 4121 declines.
2824 4063 2928 4122 Sed
2969 4068 3113 4122 enim
3147 4068 3214 4125 ab
3242 4070 3363 4124 imis
3393 4072 3697 4143 gurgitibus

2126 4168 2452 4221 remeantes,
2484 4157 2552 4213 ad
2589 4159 2955 4213 continentem
2986 4161 3291 4217 redeamus.
3321 4161 3456 4218 Nam
3490 4164 3695 4232 opilicii

2126 4248 2381 4304 miracula
2412 4247 2517 4303 alia
2539 4265 2605 4303 ex
2634 4250 2757 4304 aliis
2786 4251 2943 4305 nobis
2971 4254 3310 4308 occurrentia
3331 4294 3348 4319 ,
3386 4257 3531 4310 velut
3561 4258 3686 4326 qui-

2125 4340 2247 4395 dam
2278 4338 2501 4410 fluctus,
2532 4342 2741 4397 crebris
2782 4342 3115 4413 alternisque
3143 4344 3553 4401 excursionibus
3598 4361 3698 4402 ιιοο

1209 4434 1540 4509 αδραμόντες
1574 4437 1639 4489 ὲκ
1673 4435 1782 4489 τῶν
1818 4434 2011 4505 βυθῶν,

2126 4444 2296 4488 strum
2336 4435 2677 4490 subtnersere
2723 4449 3051 4489 sermonem.
3103 4434 3422 4506 Quanquam
3466 4437 3519 4491 id
3563 4439 3696 4494 mihi

450 4524 544 4581 ἐπὶ
567 4529 666 4600 τὴν
710 4529 937 4599 ἤπειρον
985 4527 1405 4598 καταφύγωμεν.
1451 4526 1561 4581 Καὶ
1590 4527 1699 4597 γάρ
1733 4543 1849 4590 πως
1889 4525 2024 4579 ἄλλα
2059 4588 2073 4602 υ

2129 4523 2314 4593 utique
2344 4523 2507 4579 fuerit
2544 4523 2930 4588 admirationi,
2965 4524 3012 4578 si
3056 4540 3214 4581 mens
3263 4538 3447 4583 nostra
3469 4566 3484 4592 ,
3531 4529 3697 4584 admio

2116 4755 2208 4810 θὲν
2230 4755 2309 4815 ὲν,
2334 4750 2692 4824 Ηεηιιξοίομηυε
2720 4750 2888 4807 codex
2917 4759 2973 4806 et
3001 4750 3165 4824 Cois].
3201 4752 3471 4808 secundus
3493 4753 3696 4824 φυλάς·

2117 4844 2232 4880 σειν
2265 4825 2365 4896 τὴν
2408 4820 2763 4896 ναῦνλῶσπερ
2789 4821 3223 4896 καταρριζωθέν,
3260 4820 3526 4896 tanquam
3561 4825 3620 4896 si?
3640 4825 3697 4880 id

2117 4899 2182 4950 ad
2215 4890 2397 4949 vocem
2420 4890 2653 4962 ἰχθύδιον
2680 4890 3016 4962 referendum
3037 4894 3126 4947 sit.
3157 4890 3692 4960 Metiicaeus,Comh.,

2115 4966 2269 5051 Colh.
2297 4960 2585 5055 secut't'duxs1
2598 4973 2648 5055 et
2685 4960 2817 5055 ῐέρὲ.
2853 4973 3079 5044 octavus
3109 4963 3534 5055 (gniﬁcastvrr'hv
3563 4964 3696 5055 ναῦν

2115 5033 2303 5107 ὥσπερ
2377 5031 2911 5103 καταρῤιζωθεῖσανο
2979 5032 3062 5086 cui
3124 5031 3343 5088 let-lieni
3410 5031 3593 5088 favent
3639 5043 3698 5090 et

2113 5104 2436 5160 Ambrosius
2477 5115 2533 5156 et
2561 5100 2901 5158 Eustathius.
2936 5100 3133 5159 Nostra
3165 5105 3331 5160 editio
3370 5102 3544 5160 Paris.
3591 5121 3697 5160 κα-

2113 5173 2514 5247 ταρρωθεξσαν.

2190 5240 2315 5315 (26),
2351 5244 2575 5315 Codices
2603 5242 2838 5315 quinque
2863 5240 2923 5296 οὐ
2949 5240 3059 5314 γὰρ
3085 5243 3255 5314 μόνοι.
3278 5243 3416 5300 Editi
3442 5241 3505 5296 οὒ
3534 5242 3700 5315 μόνον

2113 5311 2243 5387 γάρ.
2269 5314 2389 5369 Mox
2409 5311 2764 5387 editio_Ba_sil.
2793 5328 2913 5387 cu_tn
2950 5311 3053 5387 ms.
3074 5311 3325 5387 βοιηὺθίξ
3345 5311 3547 5387 etcum
3575 5314 3700 5387 aliis

2119 5381 2310 5441 no'vem
2342 5394 2536 5453 praeter
2568 5382 2719 5437 Bodl.
2768 5381 3016 5455 φοϐεραί.
3069 5383 3247 5440 Editio
3295 5383 3505 5455 Paris.
3537 5382 3701 5455 φοϐε-

2121 5456 2231 5526 ραί.
2263 5452 2493 5525 Zygaena
2524 5465 2701 5526 autem
2730 5452 2894 5526 piscis
2912 5452 3022 5520 est,
3051 5470 3212 5526 quem
3262 5453 3509 5526 nonnulli
3550 5452 3700 5509 libate

2116 5523 2224 5579 lam
2278 5523 2493 5582 vocant.
2546 5523 2698 5580 Hauc
2734 5523 2954 5593 piscem
3005 5523 3166 5585 vocat
3228 5525 3552 5582 Tilmannus
3604 5540 3701 5580 or-

2114 5610 2249 5651 cam.

3332 5758 3379 5820 .6
