4082 6218
434 268 540 325 165

1767 275 1823 330 S.
1864 270 2109 332 BASILII
2151 274 2366 331 MAGNI

3593 273 3701 327 H34

434 384 686 439 rabiliora
709 384 761 438 in
788 383 976 439 tellure
1003 394 1180 450 nacta,
1213 401 1398 440 rursus
1438 390 1493 441 in
1530 392 1696 444 'mare
1741 390 1809 444 ad
1852 389 1988 444 Jona

2105 390 2194 441 ἐπ’
2241 387 2424 451 ἄλλοις
2480 387 2855 440 καταλαὸὁντα
2894 388 3043 458 ἡμᾶς
3078 387 3177 457 τῆς
3230 387 3591 458 δημιουργιας
3624 389 3698 443 τὰ

430 476 732 544 exemplum
774 492 882 529 non
925 477 1183 547 aufugiat.
1220 476 1447 531 Videtur
1482 489 1664 532 autem
1710 480 1841 533 mihi
1873 494 2003 532 ora-

431 569 507 622 tio
526 567 742 637 delapsa
767 569 820 622 in
854 569 1130 640 innumera
1159 569 1444 633 miracula,
1479 569 1620 624 modi
1654 571 1823 626 oblita
1859 585 2000 633 esse,

428 668 483 713 et
530 661 668 715 idem
715 673 967 730 perpessa
1016 660 1182 716 fuisse
1227 663 1367 732 quod
1406 662 1448 717 ii
1500 664 1592 733 qui
1644 664 1899 733 navigant
1949 663 2003 716 in

425 750 645 821 pelago,
689 753 779 820 qui
828 766 895 807 ex
941 752 1088 807 nullo
1129 754 1361 808 termino
1406 755 1516 809 ﬁxo
1564 765 1767 810 motum
1823 753 2005 823 conje-

427 851 668 908 ctantes,
735 844 934 913 sapius
995 855 1260 915 quantum
1300 846 1369 900 ah
1414 846 1545 915 ipsis
1590 848 1660 901 sit
1715 848 2001 903 decursum

425 933 582 1002 spatii
643 933 912 1003 ignorant.
957 935 1109 1001 Quod
1160 950 1292 990 sane
1351 936 1505 990 nobis
1564 937 1726 990 etiam
1787 938 2003 995 vidﬁnr

426 1024 730 1090 accidisse,
799 1029 995 1096 quippe
1069 1043 1317 1083 sermone
1388 1036 1694 1083 creaturam
1779 1044 2000 1100 percur-

422 1123 614 1177 rente,
664 1128 851 1168 eorutu
912 1130 1033 1183 qua:
1078 1116 1248 1169 relata
1292 1126 1419 1170 sunt
1462 1118 1670 1185 copiam
1719 1133 1825 1171 non
1872 1133 1999 1187 per—

422 1205 683 1274 cepimus.
720 1202 916 1259 Verum
957 1206 1084 1260 licet
1110 1208 1420 1262 venerabile
1453 1208 1584 1262 illud
1620 1210 1888 1263 theatrum
1933 1211 1998 1264 li-

422 1298 615 1351 benter
643 1298 857 1363 audiat,
886 1309 939 1354 et
967 1300 1344 1355 miraculorum
1377 1301 1625 1356 herilium
1655 1305 1897 1358 narratio
1925 1306 1998 1360 sit

421 1404 698 1444 servorum
737 1390 956 1447 auribus
993 1390 1228 1458 incunda
1271 1411 1285 1447 :
1333 1393 1421 1448 hic
1468 1403 1647 1449 tamen
1693 1397 1995 1463 orationem

420 1482 705 1545 sistentes,
736 1483 876 1537 diem
913 1484 980 1537 ad
1009 1498 1070 1538 ea
1104 1498 1225 1552 quae
1268 1485 1465 1539 desunt
1497 1485 1826 1540 absolvenda
1849 1528 1864 1553 ,
1900 1502 1996 1541 ex-

418 1584 745 1645 spectemus.
778 1570 978 1629 Omnes
1025 1575 1187 1644 igitur
1217 1587 1570 1646 exsurgentes
1617 1592 1713 1646 pro
1757 1578 1842 1632 his
1875 1593 1993 1648 quae

418 1674 842 1718 commemorata
876 1673 1025 1727 sunt,
1065 1665 1269 1734 gratias
1307 1681 1572 1735 agamus;
1609 1676 1663 1721 et
1698 1674 1758 1720 ut
1781 1681 1844 1722 ea
1873 1683 1992 1737 quae

2109 480 2385 550 θαύματα,
2409 473 2522 532 οἶόν
2551 496 2673 533 τινα
2697 479 2938 550 κύματα,
2972 480 3092 542 ταῖς
3127 478 3376 548 συνεχέσι
3401 479 3496 532 καὶ
3523 478 3696 532 ἐπαλ-

2105 571 2286 641 λήλοις
2324 571 2644 643 ἐπιδρομαῖς
2674 571 3003 642 ὑποϐρύχιον
3026 573 3060 642 ἡ
3070 571 3186 642 μῶν
3208 570 3300 623 τὸν
3327 570 3484 639 λόγον
3516 571 3697 643 ήγαγε

2106 662 2241 734 (27).
2264 661 2453 715 Καίτοι
2489 661 2829 733 θαυμάσαιμι
2865 663 2953 728 ἂν,
2979 664 3028 716 εἰ
3062 661 3157 732 μὴ,
3194 661 3402 733 μείζοσι
3426 665 3539 726 τοῖς
3569 664 3693 716 κατ’

2105 754 2336 825 ἤπειρον
2368 753 2691 823 παραδόξοις
2738 754 2771 823 ή
2804 752 3013 807 διάνοια
3044 751 3202 823 ήμῶν
3235 751 3551 824 ἐντυχοῦσα,
3579 752 3695 806 πά-

2103 844 2189 897 λιν
2230 844 2373 897 κατά
2401 844 2492 897 τὸν
2528 844 2713 896 Ἱωνᾶν
2734 844 2826 896 ἐπὶ
2857 843 2957 914 τὴν
2988 843 3264 898 θάλασσαν
3310 844 3688 915 δραπετεύσει.

2106 936 2291 988 Ἐοικε
2319 935 2378 988 δέ
2434 950 2524 1005 μοι
2559 936 2589 986 6
2637 933 2795 1001 λόγος
2825 931 3084 1003 ἐμπεσὼν
3143 935 3225 998 εἰς
3257 933 3326 987 τὰ
3361 934 3527 1006 μυρία
3558 934 3692 986 θαύ⁶

2103 1043 2244 1097 ματα
2292 1025 2642 1096 ἐπιλελῆσθαι
2680 1025 2783 1095 τῆς
2816 1026 3193 1097 συμμετρίας,
3229 1026 3325 1080 καὶ
3389 1026 3557 1079 ταυτὸ
3590 1043 3689 1079 πε-

2098 1119 2353 1172 πονθέναι
2384 1120 2497 1182 τοῖς
2538 1119 2596 1170 ἐν
2630 1117 2856 1186 πελάγει
2906 1117 3367 1188 ναυτιλλομένοις,
3407 1117 3458 1170 οἰ
3481 1157 3497 1179 ,
3548 1116 3688 1187 πρὸς

2104 1208 2271 1280 μηδὲν
2326 1208 2573 1278 πεπηγὸς
2623 1208 2734 1278 (28)
2793 1206 2892 1278 τὴν
2943 1207 3158 1279 κίνησιν
3217 1206 3683 1278 τεκμαιρόμενοι,

2096 1298 2346 1368 ἀγνοοῦσι
2389 1299 2647 1363 πολλάκις
2700 1300 2825 1352 ὅσον
2861 1299 3170 1370 διέδραμον.
3201 1300 3266 1351 ‘0
3315 1297 3381 1368 δὴ
3420 1298 3516 1351 καὶ
3549 1298 3681 1369 περὶ

2094 1390 2242 1460 ἡμᾶς
2269 1389 2412 1443 ἔοικε
2439 1388 2769 1459 γεγενῆσθαι
2793 1432 2808 1455 ,
2839 1389 3124 1461 τρέχοντος
3153 1387 3248 1443 τοῦ
3281 1389 3440 1458 λόγου
3471 1387 3559 1442 διὰ
3582 1390 3684 1460 τῆς

2094 1484 2346 1547 κτίσεως,
2387 1483 2462 1554 μὴ
2495 1481 2679 1534 λαϐεῖν
2703 1480 2799 1534 τοῦ
2840 1482 3077 1551 πλήθους
3104 1481 3213 1534 τῶν
3247 1480 3551 1552 εἰρημένων
3582 1480 3682 1551 τὴν

2092 1573 2363 1644 αἴσθησιν.
2425 1573 2564 1626 Ἀλλ’
2618 1576 2668 1627 εἰ
2716 1575 2814 1629 καὶ
2860 1573 3118 1645 φιλήκοον
3174 1573 3237 1627 τὸ
3281 1573 3478 1644 σεμνὸν
3521 1571 3683 1625 τοῦτο

2094 1665 2342 1737 θέατρον,
2396 1667 2491 1720 καὶ
2540 1666 2768 1734 γλυκεῖα
2827 1665 3031 1720 δούλων
3086 1667 3279 1730 ἀκοαῖς
3345 1663 3761 1745 δεσππιξῂι

417 1768 709 1825 supersunt
736 1755 1127 1826 compleantur,
1163 1759 1517 1826 postulemus.
1549 1758 1770 1814 Utinam
1809 1770 1987 1815 autem

2093 1758 2387 1827 θαυμάτων
2438 1758 2715 1828 διήγησις,
2756 1758 2988 1813 ἐνταῦθα
3027 1757 3119 1812 τὸν
3149 1758 3306 1827 λόγον
3330 1738 3677 1830 ὁρμίσαντες,

392 1834 469 1911 iet
503 1851 643 1902 inter
688 1849 980 1903 sumendos
1007 1849 1161 1904 cibos
1206 1851 1494 1906 sintvobis
1522 1852 1573 1905 in
1617 1866 1826 1916 mensa,
1871 1850 1989 1906 loco

414 1940 690 2010 colloquii,
721 1956 782 1995 ea
812 1957 931 2011 qua:
959 1939 1366 1996 tum'matutina
1397 1952 1507 1995 tum
1536 1942 1839 2010 vespertina
1864 1957 1988 1998 ora-

414 2034 558 2085 tione
586 2031 882 2101 explicavi:
912 2032 1118 2086 utinam
1146 2032 1309 2087 etiam
1338 2032 1530 2085 harum
1563 2046 1742 2086 rerum
1778 2033 1985 2102 cogita-

413 2123 650 2179 tionibus
695 2138 790 2193 per
833 2139 1080 2178 somnum
1119 2124 1391 2193 occupati,
1433 2123 1616 2178 laetitia
1663 2124 1856 2178 diurna
1903 2124 1985 2179 vel

412 2216 741 2271 dormientes
767 2215 1040 2281 fruatniui,
1072 2226 1130 2269 ut
1148 2216 1331 2271 dicere
1353 2215 1575 2286 possitis
1599 2232 1613 2268 :
1633 2213 1743 2285 Ego
1755 2216 1985 2283 dormio,

410 2318 458 2361 et
504 2325 595 2362 cor
634 2324 805 2362 meum
837 2308 1018 2378 vigilat
1048 2308 1151 2373 "‘,
1183 2318 1367 2377 utpote
1406 2307 1550 2375 quod
1593 2316 1750 2361 nocte
1796 2309 1987 2376 dieque

411 2400 583 2470 legem
622 2384 829 2455 Domini
869 2401 1175 2465 meditetur,
1209 2401 1295 2455 cui
1334 2399 1504 2470 gloria
1531 2406 1585 2453 et
1614 2399 1898 2469 imperium
1930 2400 1983 2453 in

412 2493 607 2547 sazcula
641 2492 982 2546 saeculorum.
1015 2492 1211 2548 Amen.

2098 1850 2370 1921 μείνωμεν
2432 1850 2530 1922 τὴν
2576 1852 2792 1923 ἡμέραν
2855 1851 2993 1922 πρὸς
3029 1860 3130 1923 την
3179 1851 3287 1905 τῶν
3342 1850 3679 1922 λειπομένων

2092 1943 2366 1995 ἀπόδοσιν.
2429 1944 2789 2008 ’Δναστάντες
2840 1945 2898 1998 δὲ
2939 1945 3139 2008 πάντες
3189 1943 3676 2016 εὐχαριστήσωμεν

2095 2034 2237 2106 ὑπὲρ
2260 2034 2370 2089 τῶν
2403 2034 2732 2107 εἰρημένων,
2770 2037 2864 2091 καὶ
2916 2038 3231 2107 αἰτήσωμεν
3269 2035 3376 2089 τῶν
3421 2034 3678 2107 λειπομέ-

2090 2142 2197 2179 νων
2249 2124 2348 2197 τὴν
2385 2125 2665 2197 πλήρωσιν
2695 2125 2827 2195 (29).
2859 2125 3075 2178 Γένοιτο
3106 2124 3163 2178 δὲ
3202 2124 3331 2195 ὑμῖν
3375 2122 3467 2176 καὶ
3499 2125 3557 2175 ἐν
3606 2125 3672 2192 τῇ

2095 2215 2396 2287 μεταλήψει
2430 2216 2531 2286 τῆς
2572 2217 2783 2288 τροφῆς
2812 2201 3180 2289 ἐπιτραπέςια
3208 2215 3539 2286 διηγήματα,
3573 2214 3676 2266 ὅσα

2088 2322 2148 2359 τε
2181 2306 2348 2360 ἕωθεν
2378 2307 2528 2378 ὑμῖν.
2557 2308 2653 2362 καὶ
2677 2307 2775 2360 ὅσα
2804 2306 2942 2360 κατὰ
2969 2305 3067 2377 τὴν
3094 2304 3333 2377 ἑσπέραν
3382 2303 3613 2372 ἐπῆλθεν
3643 2304 3677 2357 6

2088 2398 2246 2468 λόγος
2265 2416 2279 2429 ο
2311 2400 2405 2452 καὶ
2441 2401 2562 2463 ταῖς
2593 2399 2721 2470 περὶ
2751 2397 2957 2452 τούτων
2985 2397 3219 2461 ἐννοίαις
3248 2396 3354 2451 ὑπὸ
3379 2396 3473 2450 τοῦ
3500 2395 3668 2449 ὕπνου

2088 2491 2559 2563 καταληφθέντες,
2592 2494 2691 2563 τῆς
2750 2490 3121 2563 μεθημερινῆς
3174 2488 3514 2561 εὐφροσύνης
3574 2487 3669 2542 καὶ

411 2584 759 2647 καθεύδοντες
784 2583 1162 2647 ἀπολαύσοιτε,
1199 2584 1285 2638 ἵνα
1312 2583 1406 2656 ἐξῇ
1432 2586 1561 2656 ὑμῖν
1621 2585 1800 2654 λέγειν
1820 2601 1834 2615 ο
1879 2581 2027 2653 Ἐγὼ
2064 2584 2356 2650 καθεύδω,
2421 2584 2522 2638 καί
2555 2586 2594 2653 ἠ
2635 2582 2748 2655 (30)
2788 2582 3000 2653 καρδία
3023 2600 3142 2653 μου
3173 2580 3481 2651 ἀγρυπνεῖ,
3513 2580 3670 2652 μελε-

411 2677 562 2730 τῶσα
584 2677 774 2739 νυκτὸς
806 2675 1128 2747 καὶμήμέρας
1156 2678 1214 2729 ἐν
1239 2675 1317 2746 τῷ
1339 2677 1489 2748 νόμῳ
1529 2678 1758 2748 Κυρίου,
1789 2669 1833 2744 ᾧ
1861 2677 1895 2746 ἡ
1928 2673 2055 2741 δόξα
2081 2676 2178 2729 καὶ
2200 2676 2262 2729 τὸ
2294 2677 2495 2749 κράτος
2518 2677 2598 2740 εἰς
2625 2677 2753 2739 τοὺς
2789 2674 2993 2739 αἰῶνας
3016 2674 3125 2731 τῶν
3140 2673 3373 2729 αἰώνων.
3393 2675 3585 2746 Ἀμήν.

962 2930 1241 2986 HOMILIA
1284 2930 1416 2987 VIII.

797 3023 870 3078 De
900 3023 1199 3076 volatilibus
1226 3031 1274 3078 et
1303 3023 1584 3093 aquaticis.

479 3118 586 3190 70
609 3117 659 3173 1.
680 3116 744 3171 Et
767 3116 905 3170 dixit
925 3114 1066 3168 Deus
1085 3131 1105 3169 :
1128 3113 1390 3169 Producat
1409 3125 1546 3170 terra
1560 3116 1794 3169 animam
1809 3115 1980 3170 viven-

407 3221 510 3267 tem
528 3212 689 3282 juxta
718 3226 879 3279 genus
901 3249 915 3274 ,
959 3206 1343 3275 quadrupedia,
1382 3214 1429 3260 et
1462 3205 1673 3274 reptilia
1700 3219 1751 3260 et
1783 3206 1976 3259 bestias

399 3304 556 3375 juxta
592 3318 771 3372 genus.
812 3297 877 3353 Et
919 3297 1117 3366 factum
1143 3309 1217 3352 est
1246 3300 1320 3352 sic
1354 3297 1421 3351 ".
1454 3296 1615 3352 Venit
1646 3307 1977 3367 praeceptum

404 3395 593 3451 ordine
621 3393 935 3463 procedens.
972 3401 1027 3446 et
1053 3400 1195 3444 terra
1224 3405 1435 3460 quoque
1462 3390 1736 3459 proprium
1763 3390 1978 3458 accepit

403 3495 672 3543 ornatum.
718 3483 852 3551 Illic,
897 3483 1201 3539 Producant
1232 3498 1382 3553 aqua
1420 3482 1628 3551 reptilia
1669 3483 1972 3536 animarum

402 3579 680 3634 viventium
707 3579 751 3612 ³⁸
782 3596 795 3632 :
825 3577 930 3640 hic,
961 3574 1233 3629 Producat
1259 3586 1400 3628 terra
1428 3575 1663 3629 animam
1700 3575 1973 3629 viventem.

402 3670 655 3739 Nunquid
701 3671 937 3723 animata
984 3676 1068 3721 est
1112 3666 1292 3723 terra?
1334 3664 1526 3720 Jamne
1558 3664 1733 3719 locum
1778 3665 1981 3719 habent

403 3754 729 3830 desipientes
778 3759 1082 3824 Manichaei,
1123 3758 1215 3827 qui
1261 3768 1421 3812 terrae
1455 3755 1647 3810 indunt
1691 3755 1978 3810 animam?

404 3854 520 3908 Non
552 3852 678 3922 quia
713 3852 848 3906 dixit
895 3869 909 3905 :
959 3849 1249 3913 Producat,
1279 3850 1331 3903 id
1372 3849 1517 3918 quod
1553 3849 1606 3902 in
1654 3848 1770 3918 ipsa
1813 3848 1978 3902 situm

404 3954 543 4009 erat,
572 3943 794 4014 protulit
824 3961 838 3997 :
869 3942 962 3997 sed
992 3942 1082 4007 qui
1111 3950 1437 4010 praeceptum
1464 3940 1632 4002 dedit,
1665 3940 1828 3994 etiam
1868 3939 1977 3993 vim

401 4049 457 4092 et
502 4036 812 4091 facultatem
855 4034 1183 4103 producendi
1232 4033 1281 4088 ei
1326 4031 1573 4087 contulit.
1610 4030 1796 4100 Neque
1833 4032 1977 4085 enim

403 4144 527 4183 cum
564 4126 768 4183 audivit
802 4134 966 4189 terra,
1005 4121 1269 4178 Germinet
1307 4122 1523 4176 herbam
1553 4121 1661 4190 feni
1692 4130 1741 4174 et
1778 4121 1978 4190 lignum

402 4218 739 4293 fructiferum
767 4218 808 4283 ί,
841 4216 1021 4271 fenum
1064 4215 1208 4284 quod
1247 4214 1300 4267 in
1329 4228 1386 4268 se
1429 4213 1764 4269 reconditum
1813 4213 1978 4266 habe-

2699 2925 2942 2982 ΟΜῙΛΙΑ
2977 2925 3062 2981 H'.

2381 3023 2523 3091 Περὶ
2560 3019 2804 3090 πτηνῶν
2831 3022 2930 3075 καὶ
2954 3022 3221 3091 ἐνύδρων
3247 3022 3380 3093 (31).

2152 3116 2204 3170 1.
2238 3115 2347 3171 Καὶ
2376 3112 2548 3171 εἶπεν
2593 3119 2627 3170 ό
2663 3114 2807 3181 Θεός
2830 3130 2844 3144 ·
2882 3113 3253 3184 Ἐξαγατέτω
3279 3116 3319 3183 ἠ
3344 3114 3422 3184 τῆ
3452 3113 3667 3183 ψυχὴν

2081 3208 2278 3269 ζῶσαν
2326 3207 2479 3262 κατὰ
2537 3206 2733 3277 γένος,
2780 3206 3113 3276 τετράποδα
3163 3206 3264 3262 καί
3312 3207 3529 3275 ἑρπετὰ
3562 3207 3661 3260 καὶ

2079 3300 2257 3369 θηρία
2316 3298 2466 3354 κατὰ
2518 3297 2713 3368 γένος.
2741 3299 2848 3352 Καὶ
2887 3297 3123 3369 ἐγένετο
3157 3298 3364 3364 οὕτως.
3402 3294 3573 3351 τΗλθε
3600 3298 3665 3352 τὸ

2080 3392 2413 3464 πρόσταγμα
2442 3389 2546 3461 ὁδῷ
2580 3390 2814 3461 βαδίζον,
2847 3390 2939 3444 καὶ
2984 3388 3225 3443 ἀπέλαϐε
3254 3388 3349 3441 καὶ
3387 3389 3421 3459 ή
3462 3387 3534 3458 γῆ
3568 3387 3665 3441 τὸν

2081 3481 2208 3535 ίδιον
2236 3481 2458 3551 κόσμον.
2504 3480 2669 3543 Ἐκεῖ,
2709 3478 3072 3550 Ἐξαγαγέτω
3102 3478 3175 3532 τὰ
3219 3478 3407 3532 ὕδατα
3446 3478 3663 3547 ἑρπετὰ

2077 3571 2297 3642 ψυχῶν
2348 3568 2581 3632 ζωσῶν·
2618 3565 2722 3625 ὧδε
2752 3611 2767 3636 ,
2806 3570 3174 3642 Ἐξαγαγέτω
3230 3571 3268 3639 ή
3321 3570 3399 3643 γῆ
3448 3572 3666 3643 ψυχὴν

2078 3664 2293 3726 ζῶσαν.
2317 3665 2597 3735 Ἔμψυχος
2639 3665 2747 3735 ἄρα
2789 3666 2823 3735 ή
2867 3664 2975 3735 γῆ;
3018 3666 3114 3719 καὶ
3141 3663 3326 3736 χώραν
3357 3664 3570 3735 ἔχουσιν
3608 3666 3660 3719 οἱ

2082 3757 2477 3829 ματαιόφρονες
2510 3757 2822 3827 Μανιχαῖοι,
2875 3755 3053 3827 ψυχὴν
3104 3754 3402 3819 ἐντιθέντες
3433 3757 3498 3826 τῇ
3538 3757 3608 3826 γῇ
3640 3773 3656 3817 ;

2078 3849 2194 3904 Οὐκ
2241 3848 2428 3921 ἐπειδὴ
2473 3844 2647 3911 εἶπεν,
2694 3847 3081 3917 Ἐξαγαγέτω,
3130 3846 3190 3901 τὸ
3237 3848 3663 3918 ἐναποκείμενον

2078 3940 2214 4012 αὐτῇ
2263 3941 2635 4012 προήνεγκεν
2688 3940 2802 3993 ἀλλ’
2846 3943 2875 3994 ὁ
2915 3939 3039 4002 δοὺς
3080 3939 3142 3992 τὸ
3186 3927 3511 4011 πρόσταγμα
3562 3940 3658 3993 καὶ

2076 4032 2177 4103 τὴν
2208 4031 2303 4085 τοῦ
2359 4032 2647 4101 ἐξαγαγεῖν
2700 4032 2836 4104 αὐτῇ
2890 4031 3116 4102 δύναμιν
3166 4030 3473 4104 ἐχαρίσατο.
3517 4018 3656 4086 όῦτε

2077 4123 2185 4196 γὰρ
2213 4125 2302 4178 ὅτε
2330 4125 2561 4197 ἤκουσεν
2594 4126 2627 4197 ὴ
2672 4125 2766 4196 γῆ,
2797 4123 3213 4192 Βλαστησάτω
3233 4123 3510 4193 ,βοτάνην
3542 4125 3656 4193 (32)

2076 4218 2294 4285 χόρτου
2317 4216 2414 4269 καί
2454 4215 2647 4280 ξύλον
2672 4211 3006 4284 κάρπιμον,
3048 4215 3426 4287 κεκρυμμένον
3456 4213 3657 4285 ἔχουσα

3541 4267 3827 4303 Μ

400 4317 514 4379 bat,
541 4311 795 4381 protulit;
830 4323 1004 4378 neque
1041 4308 1295 4377 palmam,
1329 4316 1419 4361 aut
1447 4319 1728 4374 quercum,
1756 4313 1850 4358 aut
1872 4319 1970 4358 cu-

2090 4309 2162 4363 :6v
2190 4310 2382 4382 χόρτον
2411 4309 2701 4380 ἐξήνεγκεν
2720 4325 2735 4340 ο
2757 4309 2878 4362 ούδέ
2903 4308 2994 4362 τὸν
3035 4309 3272 4378 φοίνικα,
3300 4309 3334 4381 ἢ
3372 4308 3471 4381 τὴν
3497 4307 3653 4381 δρῦν,

400 4399 670 4477 pressum,
704 4405 760 4458 in
794 4403 903 4457 ima
933 4402 1186 4471 quapiam
1217 4400 1300 4456 sui
1326 4400 1462 4454 uteri
1495 4406 1649 4469 parte
1674 4395 1969 4462 occultata,

2090 4403 2103 4473 ᾗ
2138 4403 2238 4474 τήν
2272 4401 2613 4475 κυπάρισσον
2662 4402 2813 4456 κάτω
2853 4419 2954 4455 που
3000 4402 3060 4454 ἐν
3106 4403 3226 4465 ταῖς
3269 4399 3490 4470 λαγόσιν
3524 4401 3652 4453 ἐαυ-

405 4510 558 4554 extra
582 4494 923 4569 superﬁciem
947 4492 1134 4549 eduxit
1157 4511 1172 4547 :
1198 4497 1294 4547 sed
1323 4492 1536 4545 divinus
1562 4502 1759 4553 sermo,
1785 4501 1972 4542 eorum

2090 4493 2168 4564 τῆς
2204 4492 2672 4565 ἀποκεκρυμμένα
2734 4493 2904 4564 ἀνῆκε
2957 4493 3093 4563 πρὸς
3139 4491 3237 4563 τὴν
3292 4492 3611 4562 ἐπιφάνειαν
3632 4507 3651 4524 ·

400 4610 520 4665 quae
539 4593 670 4647 (lunt
687 4600 878 4645 natura
901 4597 1001 4644 est.
1018 4586 1279 4641 Germinet
1304 4595 1476 4650 terra;
1500 4598 1603 4640 non
1625 4581 1768 4653 quod
1792 4581 1972 4645 habet,

2090 4583 2182 4635 ἰλλ’
2224 4586 2252 4637 6
2299 4583 2440 4648 θεῖος
2486 4584 2643 4653 λόγος
2670 4583 2831 4653 φύσις
2875 4583 2993 4637 ἐστὶ
3035 4584 3144 4639 τῶν
3198 4585 3497 4655 γινομένων
3513 4585 3647 4656 (55).

398 4690 562 4743 edat:
595 4684 689 4740 sed
713 4682 856 4753 quod
895 4697 1000 4736 non
1034 4679 1214 4743 habet,
1247 4678 1513 4747 acquirat,
1539 4674 1975 4745 quandoquidem

2090 4674 2478 4743 Βλαστησάτω
2502 4677 2540 4744 ἠ
2562 4675 2639 4744 τῆ
2660 4692 2674 4707 ·
2708 4676 2805 4745 οὐχ
2827 4675 2963 4746 ὅπερ
2991 4674 3103 4746 ἔχει
3131 4674 3501 4747 προδαλλέτω,
3528 4675 3645 4729 ἀλλ’

399 4778 541 4831 Deus
575 4773 767 4846 agendi
792 4782 847 4827 et
871 4770 1198 4842 producendi
1221 4769 1328 4822 vim
1349 4766 1400 4821 ei
1426 4765 1671 4836 largitur.
1702 4762 1794 4817 Sic
1812 4764 1975 4817 etiam

2090 4764 2100 4816 ι
2137 4766 2212 4836 μὴ
2247 4763 2359 4836 ἔχει
2392 4764 2703 4837 κτησάσθω,
2727 4764 2862 4819 Θεοῦ
2883 4765 3223 4837 δωρουμένου
3254 4765 3354 4835 τῆς
3372 4766 3650 4838 ἐνεργείας

399 4885 560 4934 nunc,
586 4866 853 4922 Producat
877 4873 1018 4918 terra
1042 4863 1298 4927 animam,
1322 4875 1426 4914 non
1450 4872 1568 4912 eam
1582 4871 1703 4926 quae
1727 4856 1903 4910 inerat
1921 4853 1979 4908 in

2090 4855 2174 4927 τὴν
2241 4856 2491 4927 δύναμιν.
2554 4856 2709 4911 Οὕτω
2769 4856 2862 4909 καὶ
2922 4856 3038 4921 νῦν,
3082 4856 3442 4928 Ἐξαττιγέτω
3493 4860 3532 4928 ἠ
3570 4858 3647 4929 γῆ

398 4961 513 5031 ipsa
537 4978 552 5016 :
577 4961 672 5015 sed
699 4970 976 5026 eam,un
996 4955 1045 5010 ei
1066 4969 1164 5023 per
1183 4959 1508 5024 praeceptum
1532 4964 1560 5002 a
1590 4949 1698 5003 Deo
1726 4947 1849 5001 data
1875 4956 1977 5002 est.

2090 4946 2290 5017 ψυχὴν
2325 4948 2460 5019 (54),
2484 4949 2545 5003 οὐ
2571 4949 2668 5022 τὴν
2697 4950 3148 5020 ἐναποκειμένην,
3184 4949 3321 5004 ἀλλὰ
3362 4950 3461 5022 τὴν
3512 4950 3651 5005 δεδο·

473 5053 538 5086 ’τ’
575 5051 733 5107 Cant.
764 5064 821 5115 ν,
864 5048 923 5103 2.
997 5047 1045 5080 ”
1082 5046 1218 5102 Gen.
1251 5061 1292 5099 ι.
1322 5044 1413 5097 ει.
1488 5043 1534 5075 ⁸⁸
1574 5039 1704 5096 ibid.
1742 5039 1833 5108 20,
1873 5040 1966 5093 21.

2102 5041 2240 5096 ibid.
2275 5042 2363 5098 ll.

469 5142 579 5212 (27)
605 5143 737 5212 Reg.
771 5150 954 5196 sextus
982 5140 1075 5193 τὸν
1097 5140 1254 5212 λόγον
1282 5138 1617 5212 κατήγαγενἒ
1721 5205 1733 5212 _
1831 5203 1867 5212 _

2090 5205 2117 5212 η
2141 5133 2287 5212 (52)-
2319 5135 2549 5212 Codices
2607 5136 2811 5212 aliquot
2854 5138 3247 5212 __Bkaamg41w
3302 5138 3335 5210 ἡ
3377 5137 3466 5212 *γῆ
3506 5136 3640 5212 ﬁat:

469 5203 578 5284 (28)
626 5203 1072 5284 (Σώαεεειιηιιιιε
1127 5203 1259 5284 μηδέ
1295 5203 1488 5279 μικρὸν
1514 5203 1785 5277 πεπηγός.
1831 5203 1965 5274 Reg.

2090 5203 2387 5284 :Jn‘us'Duc.
2422 5206 2546 5261 οὔτε
2579 5203 2817 5280 γὰρ’ὅτε
2844 5203 3473 5283 ἥκουσεξΒλαστησάτώ
3494 5203 3536 5280 η’
3571 5210 3644 5278 γῆ

397 5274 666 5354 secundus
693 5281 857 5354 μηδὲν
889 5274 1230 5354 ἐμπεπηγός.
1296 5274 1309 5279 ’
1392 5274 1411 5354 ι’
1483 5346 1561 5354 μ’
1655 5274 1664 5277 ⁷

2090 5274 2317 5354 iovem

488 5354 580 5421 '29)
616 5345 765 5422 Reg:
780 5345 964 5406 sextus
991 5345 1326 5421 λειπομένων
1346 5346 1729 5422 τῂν-δέβωσιν.
1796 5413 1810 5422 _
1887 5412 1899 5422 _

2141 5346 2258 5422 (35)
2284 5345 2458 5422 Editio
2481 5345 2659 5422 Basili
2686 5362 2808 5422 cum
2845 5350 3048 5422 aliquot
3069 5348 3384 5422 mss._cp_ii_otg
3399 5346 3648 5422 scrtjct'iw

488 5355 580 5421 '29)
616 5355 748 5434 (tog.
780 5361 964 5433 sextus
991 5355 1326 5421 λειπομένων
1352 5355 1451 5471 την
1478 5355 1729 5471 arguam).

466 5355 579 5493 (50)
605 5422 695 5477 διο
726 5423 877 5476 multi
906 5436 1037 5477 mss.
1068 5434 1219 5491 teque
1253 5435 1317 5473 ac
1344 5417 1384 5471 L
1437 5416 1503 5471 Χ.
1577 5428 1691 5472 eest
1709 5412 1967 5470 articulus

2141 5355 2252 5415 (55)
2286 5355 2458 5400 Editio
2488 5355 2648 5402 Basil.
2686 5362 2808 5401 cum
2845 5355 3048 5419 aliquot
3069 5364 3198 5405 mss.
3222 5355 3384 5419 φύσις
3399 5355 3516 5402 ἐστὶ
3534 5355 3643 5403 τῶν

2090 5416 2591 5493 γινομένωνζξζύὶιίο
2626 5416 2799 5493 Paris.
2841 5419 3164 5493 γενομένων.
3200 5419 3399 5493 Ibidem
3426 5417 3643 5493 codices

394 5491 448 5546 itt
472 5485 650 5545 editis.
1134 5485 1148 5491 ’
1411 5557 1425 5560 _
1575 5555 1585 5560 _
1654 5555 1666 5560 _
1943 5554 1955 5560 _

2090 5502 2174 5560 ton
2197 5485 2357 5560 pauci
2382 5485 2748 5560 Βλαστησάτω
2771 5488 2804 5559 ή
2826 5485 2922 5559 γῆ,
2956 5485 3075 5560 οὐχ.
3108 5490 3179 5544 At
3199 5488 3329 5545 editi
3359 5503 3480 5544 cum
3501 5485 3639 5557 Reg.

468 5561 595 5629 (5i),
639 5560 791 5615 Colb.
832 5561 1037 5629 primus
1092 5560 1232 5629 hunc
1291 5557 1507 5629 priml‘ert
1552 5555 1785 5619 titulum,
1840 5554 1966 5629 περί

2090 5556 2259 5629 luit“?
2285 5554 2946 5629 βλᾳστησάέωνοῠχῖξί
3168 5580 3175 5587 ·

396 5623 640 5707 ἑρπετῶν
672 5632 766 5683 καὶ
796 5623 999 5717 θηρίων
1026 5628 1210 5697 ὁμιλία
1240 5623 1421 5698 ὀγδόη.
1455 5625 1586 5708 Reiz.
1626 5636 1849 5706 octavus
1868 5623 1964 5677 τοῦ

397 5698 560 5746 αὖτου
606 5698 684 5746 εἰς
726 5698 823 5746 τὴν
846 5699 1063 5746 Ιένεσιν
1086 5697 1271 5746 ὁμιλία
1294 5704 1363 5746 n’.
1405 5696 1571 5746 Cmsl-
1623 5710 1827 5746 Drtmus
1842 5697 1968 5746 ὁμι-

2090 5623 2101 5625 “
2139 5624 2254 5746 (54)
2285 5623 2437 5681 Colb.
2463 5623 2669 5695 primus
2690 5623 2800 5715 τῆν,
2818 5626 2997 5699 ψυχὴν
3025 5627 3224 5692 ζῶσαν.
3262 5626 3465 5683 Ibidem
3498 5626 3639 5681 idem

2090 5710 2135 5746 :0
2173 5710 2240 5746 ex
2276 5709 2396 5746 cum
2417 5696 2548 5746 Rea.
2575 5706 2728 5746 sexto
2748 5715 2809 5746 ου
2834 5697 2933 5746 τὴν
2960 5698 3351 5746 ἀποκειμένην.
3379 5696 3516 5746 ἀλλὰ
3538 5696 3639 5746 τὴν

397 5697 560 5819 gito-:06
606 5698 684 5761 εἰς
726 5698 823 5770 τὴν
846 5696 1070 5753 Γένεσινί
1086 5697 1271 5769 ὁμιλία
1294 5704 1363 5769 η’.
1388 5696 1571 5754 ὈοὶεΙ.
1623 5697 1827 5767 primus
1842 5697 1968 5765 ὁμι-

421 5783 490 5818 .ια
505 5771 579 5819 n’.

2090 5696 2397 5819 ipsimvcntzm
2416 5696 2548 5768 Reg.
2575 5706 2728 5755 sexto
2748 5696 2809 5751 οὐ
2834 5696 2933 5768 τὴν
2953 5696 3351 5770 ἀποκειμένην,
3379 5696 3516 5753 ἀλλὰ
3538 5696 3640 5769 τὴν

421 5770 490 5818 .ia.
505 5771 551 5829 η’
562 5809 579 5821 .
778 5764 792 5770 ⁷
1122 5764 1133 5769 ⁷
1316 5764 1328 5769 ’
1626 5764 1640 5767 “
1880 5764 1883 5765 ⁷
2068 5764 2374 5832 διδομένην.
