4082 6218
502 300 607 355 165

1592 306 1879 364 IlOMILlA
1923 302 2039 367 νηί
2079 314 2149 369 ΙΝ
2187 310 2682 371 HEXAEMERON.

3633 319 3737 374 ιθθ

502 420 667 491 μένην
716 415 851 485 αὐτῇ
922 414 1071 485 παρὰ
1120 411 1215 468 τοῦ
1273 414 1407 469 Θεοῦ
1466 417 1553 472 διὰ
1610 422 1707 491 τῆς
1777 426 2061 497 ἐπιταγῆς.

2173 428 2372 483 Deinde
2392 431 2552 483 etiam
2570 445 2747 484 sermo
2765 430 2816 483 in
2837 430 3163 485 contrarium
3181 430 3669 493 eiscedeC‘Etenim
3688 438 3731 492 si

499 512 729 564 Ἔπειτα
759 508 852 561 καὶ
873 508 953 570 εἰς
984 507 1045 560 τὸ
1081 507 1321 561 ἐναντίον
1347 510 1528 574 αὐτοῖς
1558 513 1585 565 ό
1617 512 1774 581 λόγος
1801 532 2064 587 περιτρα-

494 605 747 673 πήσεται.
775 601 856 653 Εξι·
868 599 975 671 γὰρ
1002 598 1290 670 ἐξήνεγκεν
1317 603 1350 666 ἡ
1380 602 1451 671 γῆ
1484 602 1583 673 τὴν
1631 604 1825 676 ψυχὴν,
1855 608 2065 678 ἐρήμην

494 691 688 762 ἑαυτὴν
746 690 1007 743 κατέλιπε
1064 691 1167 760 τῆς
1200 689 1397 761 ψυχῆς.
1444 692 1582 746 Ἀλλ’
1622 696 1845 749 ἐκείνων
1878 697 1976 768 μὲν
2005 698 2067 751 τὸ

496 785 777 856 βδελυκτὸν
818 784 1041 837 αὐτόθεν
1088 783 1381 855 γνώριμον.
1438 786 1537 839 Διὰ
1564 787 1616 840 τί
1658 788 1839 858 μέντοι
1870 791 1937 844 τὰ
1968 792 2065 862 μὲν

495 879 659 931 ὕδατα
703 876 906 946 ἑρπετὰ
947 875 1131 946 ψυχῶν
1161 876 1349 941 ζωσῶν
1383 878 1667 948 ἐξαγαγεῖν
1702 883 2063 954 προσετάχθη,

492 971 524 1039 ἡ
559 968 613 1021 δὲ
650 968 723 1037 γῆ
748 967 923 1036 ψυχὴν
951 965 1161 1031 ζῶσαν;
1196 967 1537 1037 Λογιζόμεθα
1590 972 1789 1036 τοίνυν,
1838 975 1919 1026 ὃτι
1956 974 2066 1028 τῶν

498 1061 593 1131 μὲν
620 1059 832 1130 νηκτῶν
880 1057 1109 1129 ἡφύσις
1154 1058 1508 1129 ἀτελεστέρας
1558 1077 1676 1125 πως
1724 1064 1870 1116 δοκεῖ
1922 1063 2065 1134 ζωῆς

498 1150 763 1223 μετέχειν,
798 1149 885 1203 διὰ
916 1150 977 1203 τὸ
1033 1153 1090 1202 ἐν
1140 1153 1206 1220 τῇ
1267 1151 1536 1221 παχύτητι
1583 1154 1674 1206 τοῦ
1711 1150 1898 1217 ὕδατος
1929 1156 2065 1209 διαι-

492 1246 707 1300 τᾶσθαι.
771 1246 881 1298 Καὶ
921 1243 1030 1315 γὰρ
1073 1242 1209 1313 ἀκοὴ
1260 1248 1390 1316 παρ’
1434 1246 1663 1309 ἐκείνοις
1710 1247 1935 1318 βαρεῖα,
1972 1248 2065 1301 καὶ

492 1339 690 1409 δρῶσιν
718 1336 894 1407 ἀμϐλὺ
923 1336 1011 1389 διὰ
1040 1336 1131 1389 τοῦ
1156 1334 1345 1399 ὓδατος
1374 1336 1679 1406 βλέποντες,
1713 1340 1805 1391 καὶ
1828 1338 1951 1392 οὕτε
1981 1358 2066 1403 τις

499 1432 683 1501 μνήμη
723 1430 851 1499 παρ’
886 1428 1134 1491 ἐκείνοις,
1170 1425 1293 1480 οὔτε
1330 1430 1616 1497 φαντασία,
1652 1429 1773 1483 οὔτε
1815 1431 1908 1484 τοῦ
1947 1449 2069 1484 συν-

492 1521 654 1590 ήθους
677 1520 985 1586 ἐπίγνωσις.
1019 1517 1116 1569 Διὰ
1146 1516 1304 1570 τοῦτο
1319 1519 1479 1571 οἱονεὶ
1501 1519 1828 1574 ἐνδείκνυται
1845 1522 1872 1573 ό
1889 1521 2063 1589 λόγος,

490 1614 571 1666 ὅτι
623 1612 656 1682 ή
694 1610 928 1683 σαρκικὴ
980 1610 1091 1681 ζωὴ
1134 1614 1247 1673 τοῖς
1307 1611 1551 1682 ἐνύδροις
1595 1613 1917 1684 καθηγεῖται
1958 1614 2066 1667 τῶν

489 1702 734 1773 ψυχικῶν
785 1701 1129 1772 κινημάτων’
1168 1700 1261 1753 ἐπὶ
1309 1700 1365 1754 δέ
1393 1704 1499 1755 τῶν
1544 1704 1834 1776 χερσαίων,
1870 1705 1943 1768 ὡς
1977 1721 2064 1758 τε·

2168 520 2402 574 animam
2434 521 2685 591 produxit
2707 531 2878 586 terra,
2913 539 2971 577 se
3003 526 3167 593 ipsam
3201 526 3380 579 anima
3424 528 3732 584 destitutam

2166 613 2469 682 dereliquit.
2499 614 2600 668 Sed
2622 615 2833 669 illorum
2861 618 3073 684 quidem
3096 619 3441 676 exsecrabilis
3466 625 3732 678 sententia

2166 716 2229 756 ex
2254 717 2312 757 se
2338 704 2447 773 ipsa
2476 714 2643 774 patet.
2676 706 2784 760 Cur
2806 716 2981 762 autem
3010 724 3163 778 aquae
3178 709 3343 776 iussa:
3371 722 3496 767 sunt
3522 716 3733 784 reptilia

2167 794 2468 849 animarum
2505 796 2795 850 viventium
2821 800 3134 866 producere,
3170 810 3310 856 terra
3336 820 3462 859 vero
3496 808 3731 862 animam

2165 884 2468 939 viventem?
2505 887 2865 955 Arbitramur,‘
2895 891 3197 946 natatilium
3236 896 3451 962 quidem
3479 908 3725 952 naturam

2165 977 2333 1037 uideri
2360 978 2481 1033 vitae
2518 979 2910 1046 quodammodo
2957 984 3369 1052 imperfectioris
3412 990 3731 1059 participem

2166 1081 2308 1133 esse,
2334 1079 2617 1138 propterea
2660 1072 2802 1141 quod
2844 1072 2896 1126 in
2933 1086 3085 1143 aqua:
3125 1079 3483 1134 crassitudine
3509 1080 3729 1150 degunt.

2165 1156 2298 1212 Nam
2326 1172 2381 1213 et
2426 1161 2532 1215 illis
2577 1164 2717 1217 inest
2753 1164 2968 1219 auditus
3008 1166 3206 1234 gravis,
3246 1168 3515 1237 bebesque
3547 1171 3731 1235 visus,

2170 1260 2353 1317 utpote
2384 1266 2478 1319 per
2512 1267 2707 1322 aquam
2741 1257 3088 1312 cernentibus
3120 1275 3133 1310 :
3165 1272 3263 1311 nec
3291 1258 3398 1312 ulla
3430 1268 3512 1315 est
3539 1260 3591 1313 in
3623 1260 3732 1315 illis

2167 1340 2445 1405 memoria,
2474 1356 2650 1411 neque
2680 1344 3016 1413 imaginatio,
3060 1362 3233 1415 neque
3257 1348 3415 1401 ullius
3438 1360 3731 1405 consuetu-

2166 1425 2305 1479 dinis
2340 1428 2592 1496 cognitio.
2634 1428 2973 1498 Quapropter
3017 1434 3169 1499 quasi
3221 1433 3461 1488 declarat
3515 1450 3730 1502 sermo,

2167 1516 2332 1570 vitam
2384 1520 2655 1573 carnalem
2721 1519 3040 1577 animalibus
3094 1527 3329 1580 motibus
3377 1542 3610 1593 praeesse
3677 1529 3730 1582 in

2169 1607 2535 1671 aquatilibus:
2580 1609 2630 1662 in
2664 1612 3012 1666 terrestribus
3050 1628 3205 1677 vero,
3239 1626 3421 1684 utpote
3456 1618 3562 1670 vita
3603 1633 3730 1687 per-

2170 1696 2391 1752 l‘ectiore
2429 1701 2696 1768 praeditis,
2747 1704 3110 1773 principatum
3148 1723 3363 1763 omnem
3399 1711 3597 1765 animze
3639 1713 3733 1766 dce

490 1767 761 1864 λειοτέρας
789 1767 1113 1862 (δῶ-ἀὑτῶν
1146 1792 1312 1862 οὔσης
1344 1794 1441 1864 τῆς
1685 1798 1717 1866 ή
1764 1795 1910 1867 ψυχή
1964 1796 2061 1867 τὴν

2165 1787 2314 1842 ferri.
2343 1790 2477 1844 Nam
2502 1801 2556 1845 et
2577 1767 2832 1864 pleraque
2875 1767 3227 1866 quadrupede
3256 1803 3505 1856 sensibus
3530 1804 3733 1871 perspi-

489 1886 787 1956 ἠγεμονίαν
818 1885 1209 1956 ἐπιτέτραπται
1240 1888 1441 1939 πᾶσαν.
1465 1886 1535 1938 Αἵ
1550 1904 1609 1939 τε
1636 1886 1745 1958 γὰρ
1786 1887 2063 1958 αἰσθήσεις

495 1976 692 2045 μᾶλλον
732 1977 1090 2046 τετράνωνται
1112 1992 1125 2007 ο
1173 1977 1268 2030 καὶ
1300 1977 1467 2043 ὀξεῖαι
1514 1977 1611 2047 μὲν
1640 1976 1749 2029 τῶν
1779 1978 2063 2048 παρόντων

492 2069 548 2120 αἱ
573 2067 905 2137 ἀντιλήψεις,
941 2066 1188 2137 ἀκριϐεῖς
1220 2067 1275 2120 δέ
1309 2068 1413 2137 μνῆ
1424 2086 1519 2138 μαι
1549 2068 1655 2120 τῶν
1689 2068 2063 2139 παρελθόντων

492 2160 642 2228 παρὰ
699 2161 811 2223 τοῖς
872 2159 1145 2221 πλείστοις
1197 2161 1305 2212 τῶν
1349 2161 1708 2231 τετραπόδων.
1744 2160 1841 2214 Διὰ
1883 2162 2059 2227 τοῦτο,

490 2253 566 2316 ὼς
594 2252 791 2315 ἔοικεν,
844 2252 936 2303 ἐπὶ
984 2252 1080 2322 μὲν
1127 2251 1235 2304 τῶν
1292 2252 1527 2323 ἐνύδρων
1560 2251 1786 2323 σώματα
1837 2253 2060 2326 ἐκτίσθη

488 2344 811 2415 ἐψυχωμένα
837 2342 945 2414 (56)
982 2343 1204 2414 (ἑρπετὰ
1236 2344 1343 2415 γὰρ
1391 2342 1576 2413 ψυχῶν
1620 2343 1808 2407 ζωσῶν
1845 2347 1909 2399 ἐκ
1952 2346 2061 2398 τῶν

488 2431 691 2485 ὑδάτων
725 2431 1026 2501 παρήχθη),
1061 2431 1154 2484 ἐπὶ
1209 2432 1266 2484 δὲ
1315 2432 1423 2485 τῶν
1470 2434 1739 2503 χερσαίων
1783 2434 1927 2505 ψυχὴ
1958 2435 2061 2487 σώ-

491 2542 636 2596 ματα
658 2523 1016 2595 οίκονομοῦσα
1041 2524 1384 2595 προσετάχθη
1415 2526 1687 2593 γενέσθαι,
1710 2527 1785 2591 ὡς
1814 2527 1972 2581 πλέον
2008 2547 2061 2583 τι

484 2618 586 2686 τῆς
633 2614 867 2683 ζωτικῆς
926 2614 1205 2684 δυνάμεως
1262 2614 1505 2667 τῶνέπὶ
1550 2617 1651 2686 γῆς
1689 2618 2060 2687 διαιτωμένων

491 2703 911 2774 μετειληφὸτων.
942 2703 1145 2771 Ἀλογα
1171 2703 1268 2774 μὲν
1307 2704 1413 2774 γὰρ
1437 2703 1529 2755 καὶ
1554 2703 1625 2756 τὰ
1648 2708 1879 2776 χερσαῖα
1898 2723 1910 2736 ο
1946 2706 2059 2759 ἀλλ’
2104 2714 2108 2723 ’

486 2795 636 2865 ὅμως
689 2794 915 2847 ἕκαστον
967 2799 1031 2866 τῇ
1069 2798 1130 2847 ἐκ
1168 2796 1266 2865 τῆς
1314 2795 1526 2865 φύσεως
1556 2794 1664 2867 (57)
1710 2800 1859 2868 φωνῇ
1895 2782 2095 2853 mm

485 2889 593 2938 τῶν
625 2885 763 2938 κατὰ
794 2885 967 2955 ψυχὴν
1016 2885 1356 2958 παθημάτων
1396 2888 1763 2958 διασημαίνει.
1803 2890 1911 2941 Καὶ
1951 2891 2061 2962 γὰρ

488 2977 579 3031 καὶ
605 2977 776 3048 χαρὰν
799 2978 892 3030 καὶ
918 2978 1111 3047 λύπην,
1144 2980 1237 3031 καλ⁸
1267 2978 1363 3049 τὴν
1389 2974 1482 3031 τοῦ
1517 2979 1776 3050 συνήθους
1828 2981 2061 3049 ἐπίγνωο

488 3087 589 3133 σιν,
624 3052 716 3122 καὶ
744 3070 948 3139 τροφῆς
973 3069 1200 3155 ἐνδειαχ,
1224 3070 1318 3122 καὶ
1336 3068 1611 3140 χωρισμὸν
1625 3057 1733 3124 τῶν
1760 3070 2057 3142 συννόμων,

484 3161 578 3213 καὶ
611 3158 776 3230 μυρία
800 3158 946 3229 πάθη
974 3159 1050 3228 τῷ
1081 3154 1299 3229 φθόγγῳ
1332 3159 1649 3230 παραδηλοῖ.
1672 3157 1753 3213 Τὰ
1782 3161 1839 3214 δὲ
1866 3160 2061 3232 ἔνυδρα

483 3254 546 3305 οὐ
589 3253 745 3322 μόνον
798 3250 1005 3319 ἄφωνα,
1044 3249 1178 3302 ἀλλὰ
1209 3250 1303 3302 καὶ
1350 3251 1623 3321 ἀνήμερα,
1653 3251 1746 3304 καὶ
1778 3252 2057 3320 ἀδίδακτα,

485 3343 744 3415 καὶπρὸς
777 3345 959 3396 πᾶσαν
1012 3340 1126 3412 βίου
1166 3342 1447 3395 κοινωνίαν
1500 3343 1807 3413 ἀνθρώποις
1855 3346 2061 3415 ἀμετα-

487 3435 753 3505 χείριστα.
791 3432 984 3503 Ἔγνω
1028 3433 1184 3498 βοῦς
1206 3432 1311 3485 τὸν
1353 3432 1753 3502 κτησάμενον,
1781 3435 1878 3487 καὶ
1921 3435 2060 3500 ὄνος

485 3526 600 3595 τὴν
645 3526 878 3596 φάτνην
922 3526 1028 3579 τοῦ
1081 3527 1292 3594 κυρίου
1350 3524 1572 3580 αὐτοῦ·
1606 3527 1757 3597 ἰχθὺς
1785 3528 1841 3581 δὲ
1866 3528 1965 3581 οὐκ
1994 3528 2059 3582 ἂν

486 3620 734 3689 ἐπιγνοίη
768 3618 859 3672 τὸν
886 3617 1173 3689 τρέφοντα.
1229 3613 1349 3669 Οἷδε
1394 3616 1491 3686 τὴν
1546 3616 1747 3690 συνήθη
1814 3619 1996 3692 φωνὴν
2032 3622 2061 3673 ὁ

485 3710 605 3772 ὄνος
624 3726 636 3738 ·
668 3703 809 3762 οἶδεν
841 3709 958 3761 ὁδὸν
987 3710 1050 3778 ἣν
1098 3706 1354 3771 πολλάκις
1406 3708 1620 3763 ἐϐάδισε
1640 3725 1652 3739 ·
1680 3708 1775 3762 καί
1812 3727 1915 3763 που
1966 3709 2060 3763 καὶ

483 3801 677 3871 ὁδηγὺς
712 3800 881 3853 ἐνίοτε
916 3799 1281 3868 ἀποσφαλέντι
1324 3800 1531 3867 γίνεται
1556 3801 1633 3873 τῷ
1664 3801 1952 3874 ἀνθρώπῳ.
1984 3802 2058 3855 Τὸ

481 3894 536 3947 δὲ
563 3894 820 3964 ὀξυήκοον
846 3892 937 3946 τοῦ
967 3891 1105 3957 ζώου
1133 3892 1253 3945 οὐδὲ
1288 3892 1415 3945 ἄλλο
1443 3910 1496 3946 τι
1519 3894 1664 3964 ἔχειν
1698 3894 1915 3963 λέγεται
1948 3895 2060 3950 τῶν

481 3984 769 4057 χερσαίων.
808 3985 880 4036 Τὸ
923 3984 979 4036 δέ
1011 3983 1121 4036 τῶν
1160 3983 1421 4053 καμήλων
1451 3985 1807 4055 μνησίκακον,
1832 3987 1923 4039 καὶ
1963 3986 2049 4056 βα⁸

486 4075 706 4147 ρύμηνι,
736 4076 828 4128 καὶ
854 4074 1075 4146 διαρκὲς
1101 4074 1236 4143 πρὸς
1261 4075 1449 4146 ὀργὴν,
1488 4076 1543 4128 τί
1598 4076 1663 4130 ἂν
1721 4079 2060 4147 μιμήσασθαι

481 4167 589 4221 τῶν
620 4167 919 4220 θαλαττίων
949 4166 1199 4233 δύναιτο;
1245 4164 1419 4221 Πάλαι
1461 4167 1593 4222 ποτὲ
1635 4169 1906 4240 πληγεῖσα
1960 4170 2058 4223 κά·-

489 4259 674 4330 μηλος,
707 4257 899 4330 μακρῷ
928 4254 1106 4327 χρόνῳ
1143 4255 1550 4331 ταμιευσαμένη
1586 4259 1684 4331 τὴν
1717 4260 1897 4330 μῆνιν,
1918 4262 2058 4313 ἐπει-

482 4346 579 4401 δὰν
613 4346 892 4418 εὐκαιρίας
916 4347 1167 4419 λάϐηται,
1202 4347 1263 4400 τὸ
1292 4348 1460 4402 κακὸν
1495 4344 1850 4403 άντιδίδωσιν.
1878 4349 2059 4403 Ἀκού-

2165 1879 2467 1934 cacioribus
2502 1890 2742 1947 utuntur,
2776 1892 2830 1938 et
2862 1900 2948 1940 res
2985 1899 3278 1955 praesentes
3312 1892 3523 1945 acutius
3552 1893 3733 1963 perci-

2163 1972 2337 2040 piunt,
2394 1975 2895 2045 praeteritorumque
2957 1991 3213 2035 accurate
3280 1984 3729 2041 reminiscuntur.

2165 2062 2524 2129 Quamobrem
2552 2066 2603 2119 in
2634 2069 2974 2137 aquatilibus
3001 2072 3241 2138 quidem,
3268 2082 3327 2127 ut
3356 2076 3588 2140 videtur,
3616 2075 3733 2130 ani-

2164 2164 2306 2207 mata
2355 2169 2577 2223 corpora
2608 2166 2735 2210 sunt
2764 2168 2953 2212 creata
2990 2162 3235 2229 (reptilia
3272 2180 3505 2234 namque
3550 2167 3734 2220 viveno

2166 2246 2294 2300 tium
2328 2246 2627 2302 animarum
2653 2264 2720 2303 ex
2744 2252 2897 2319 aquis
2926 2255 3189 2322 producta
3222 2255 3422 2327 sunt),
3464 2257 3517 2310 in
3559 2266 3733 2311 terre.

2164 2339 2363 2392 stribus
2379 2349 2557 2393 autem
2585 2341 2762 2396 anima
2791 2360 2912 2413 qua:
2944 2360 3172 2415 corpora
3202 2346 3542 2415 gubernaret,
3564 2365 3728 2420 gene‘

2164 2428 2273 2482 rari
2316 2430 2462 2495 jussa
2491 2440 2604 2495 est;
2649 2442 2903 2502 tanquam
2943 2450 3003 2489 ea
3043 2450 3169 2504 qua:
3201 2450 3364 2505 super
3403 2447 3599 2492 terram
3646 2440 3730 2493 did-

2163 2530 2461 2582 versant-ur,
2496 2522 2695 2592 aliquid
2737 2526 2967 2593 amplius
2996 2527 3062 2582 de
3096 2528 3243 2581 vitali
3276 2528 3530 2583 facultate
3560 2533 3732 2598 parti-

2162 2613 2361 2681 cipent.
2416 2612 2714 2669 Terrestria
2773 2618 2998 2686 quidem
3055 2629 3181 2674 sunt
3239 2636 3454 2691 quoque
3506 2622 3735 2677 rationis

2161 2708 2400 2773 expertia
2434 2725 2448 2760 :
2480 2707 2573 2761 sed
2600 2717 2775 2761 tamen
2806 2711 3235 2779 unumquodque
3265 2726 3363 2781 per
3393 2720 3596 2767 natura:
3634 2728 3731 2768 vos

2161 2813 2279 2851 cem
2310 2799 2504 2852 multas
2526 2800 2717 2853 anima:
2742 2798 3063 2856 allectioues
3100 2804 3323 2858 indicat.
3360 2806 3493 2857 Nam
3521 2813 3575 2858 et
3602 2820 3735 2872 gau-

2162 2886 2327 2950 dium,
2358 2894 2413 2939 et
2443 2886 2741 2954 tristitiam,
2770 2888 2941 2957 et7l
2960 2892 3362 2946 consuetudinis
3380 2893 3729 2962 agnitionem,

2161 2976 2468 3032 etalimenti
2493 2978 2749 3046 inopiam,
2770 2987 2824 3032 et
2850 2994 3030 3034 eorum
3053 2997 3172 3049 quae
3194 2982 3351 3035 simul
3376 2982 3734 3051 pascebantur

2163 3070 2575 3136 separationem,
2601 3080 2654 3123 et
2674 3070 2989 3124 innumeras
3013 3071 3325 3127 allectioues
3342 3076 3570 3143 quodam
3597 3090 3732 3130 sono

2163 3157 2508 3225 patefaciunt.
2557 3160 2821 3229 Aquatica
2852 3176 2979 3216 vero
3028 3177 3133 3216 non
3178 3163 3353 3217 solum
3386 3176 3533 3219 muta
3569 3174 3730 3230 sunt,

2160 3250 2254 3303 sed
2304 3249 2464 3304 etiam
2496 3250 2870 3317 immansueta,
2908 3264 2963 3306 et
3008 3253 3277 3318 indocilis,
3324 3264 3378 3309 et
3405 3255 3473 3310 ad
3517 3268 3733 3312 omnem

2159 3339 2284 3393 vita:
2330 3341 2645 3394 societatem
2693 3341 3000 3397 hominibus
3046 3339 3433 3399 intractabilia.
3472 3344 3733 3415 Cognovit

2161 3430 2249 3483 bos
2293 3446 2638 3499 possessorem
2686 3448 2870 3499 suum,
2923 3442 2972 3486 et
3019 3434 3200 3487 asinus
3252 3451 3481 3503 prwsepe
3529 3438 3732 3491 domini

2159 3522 2241 3574 sui
2267 3524 2325 3575 ἰ
2355 3522 2520 3591 piscis
2556 3530 2734 3577 autem
2764 3538 2940 3592 neque
2969 3541 3123 3579 suum
3168 3526 3395 3581 altorem
3439 3544 3734 3599 agnoscere

2159 3612 2350 3681 potuit.
2381 3611 2539 3668 Novit
2573 3613 2898 3670 familiarem
2946 3626 3000 3670 et
3034 3628 3348 3673 consuetam
3387 3635 3573 3675 vocem
3625 3624 3733 3677 asic

2160 3719 2298 3758 nus:
2345 3704 2449 3760 iter
2492 3707 2633 3774 quod
2681 3707 2881 3776 sapius
2929 3707 3243 3776 ambulavit,
3297 3712 3581 3780 cognovit;
3622 3715 3731 3769 imo

2157 3811 2288 3850 vero
2314 3811 2699 3865 nonnunquam
2718 3799 2824 3853 dux
2844 3798 2903 3852 lit
2924 3798 3126 3854 homini
3149 3800 3442 3856 aberranti.
3465 3804 3732 3860 Audiendl

2159 3897 2340 3944 autem
2383 3890 2736 3945 subtilitatem
2773 3905 2875 3958 qua
2905 3890 3011 3945 hoc
3056 3892 3254 3945 animal
3291 3895 3576 3961 praeditum
3614 3907 3727 3962 est,

2160 3996 2229 4035 ne
2257 3980 2419 4035 ullum
2449 3981 2662 4050 quidem
2688 3982 2831 4035 aliud
2861 3990 3117 4038 terrestre
3143 3984 3343 4041 habere
3366 3986 3581 4043 dicitur.
3613 3989 3731 4045 ϐίοι

2160 4079 2336 4126 terum
2366 4072 2634 4140 quodnam
2662 4086 2731 4127 ex
2760 4072 2986 4127 marinis
3014 4084 3175 4142 queat
3204 4075 3256 4129 in
3284 4078 3505 4131 camelis
3528 4078 3729 4134 imitari

2160 4163 2479 4231 iniuriarum
2507 4164 2845 4232 memoriam,
2877 4165 3013 4218 iram
3045 4181 3283 4236 gravem,
3315 4168 3607 4224 iracundia:
3644 4180 3728 4225 te~

2159 4256 2486 4310 nacitatem?
2519 4255 2769 4310 Camelus
2799 4258 3007 4325 pridem
3053 4273 3363 4326 percussus,
3411 4261 3489 4314 ira
3537 4263 3730 4331 perditt

2158 4345 2457 4412 recondita,
2506 4348 2594 4401 ubi
2646 4349 2988 4404 occasionem
3040 4360 3233 4406 nactus
3288 4352 3483 4417 fuerit,
3526 4355 3726 4408 malum

485 4440 708 4503 σατε,οἱ
740 4437 1059 4509 βαρύθυμοι,
1102 4438 1151 4492 οἱ
1191 4440 1290 4509 τὴν
1344 4441 1709 4510 μνησικακίαν
1736 4441 1812 4505 ὡς
1858 4442 2056 4513 ἀρετὴν

2162 4437 2353 4490 reddit.
2393 4428 2592 4490 Audite
2621 4451 2738 4501 vos,
2784 4438 2877 4505 qui
2911 4439 3145 4508 graviter
3170 4440 3491 4505 irascimini,
3520 4440 3611 4512 qui
3641 4445 3727 4497 in-

482 4529 907 4599 ἐπιτηδεύοντες,
932 4530 1037 4583 τίνι
1065 4531 1187 4583 ἐστέ
1210 4532 1488 4601 ἐμφερεῖς,
1520 4532 1646 4585 ὅταν
1667 4532 1767 4602 τὴν
1790 4532 1929 4586 κατὰ
1959 4534 2053 4587 τοῦ

482 4620 707 4689 πλησίον
739 4620 933 4689 λύπην,
968 4619 1153 4690 ῶσπερ
1193 4620 1314 4673 τινὰ
1346 4620 1618 4692 σπινθῆρα
1680 4624 2052 4694 κεκρυμμένον

483 4715 541 4767 ἐν
572 4713 782 4783 σποδιᾷ,
822 4712 981 4784 μέχρι
1001 4710 1255 4766 τοσούτου
1296 4713 1619 4782 φυλάσσετε,
1652 4713 1757 4778 ἐως
1784 4716 1869 4777 ἂν,
1922 4708 2054 4786 ὕλης

481 4802 766 4877 λαϐόμενοι
809 4805 944 4877 (58),
986 4802 1097 4860 οἷον
1148 4804 1321 4875 φλόγα
1344 4804 1466 4859 τινὰ
1495 4806 1587 4859 τὸν
1619 4805 1788 4877 θυμὸν
1816 4802 2055 4863 ἀνακαύ-

556 4916 635 4952 τε.

482 4914 1013 5057 σηῗοἘξα-ίιαγέτω
1036 4988 1075 5054 ἡ
1104 4987 1181 5057 γῆ
1209 4986 1421 5057 ψυχὴν
1453 4985 1667 5047 ζῶσαν.
1700 4988 1799 5042 Διὰ
1824 4990 1877 5043 τί
1918 4992 1950 5060 ή
1980 4991 2052 5063 γῆ

479 5077 655 5150 ψυχὴν
711 5080 890 5143 ζῶσαν
948 5078 1170 5150 ἐξάγεις
1202 5081 1319 5135 Ἵνα
1366 5081 1543 5152 μάθῃς
1574 5081 1835 5154 διαφορὰν
1874 5084 2054 5155 ψυχῆς

482 5173 710 5243 κτήνους
742 5174 836 5225 καὶ
879 5172 1055 5244 ψυχῆς
1082 5172 1391 5245 ἀνθρώπου.
1421 5172 1632 5245 Μικρὸν
1667 5172 1889 5245 ὕστερον
1917 5175 2055 5244 γνώ-

563 5309 584 5339 ²
623 5307 724 5363 lsa.
751 5308 891 5377 x,_5.

555 5466 665 5536 (55)
693 5468 825 5535 Reg.
858 5467 1062 5535 primus
1093 5465 1168 5529 ὼς
1205 5465 1555 5537 τελεωτέρας.
1594 5467 1885 5537 Aliquanto
1927 5474 2051 5535 post

484 5543 597 5609 tres
630 5554 756 5609 mss.
794 5540 848 5589 αἱ
880 5539 1108 5609 μνῆμαι.
1149 5539 1589 5593 Deestarticulus
1620 5539 1672 5592 in
1713 5540 1873 5593 editis
1898 5547 1951 5593 et
1994 5539 2050 5592 in

482 5604 600 5657 aliis
633 5604 944 5673 quibusdam
972 5604 1103 5662 mss.

556 5674 925 5749 (_'56)_Codices
948 5689 1176 5749 quatuor
1215 5677 1604 5749 ἐμψυχώμενα.
1635 5677 1786 5749 Coll).
1844 5677 2049 5749 primus

484 5743 852 5816 ἐμψυχόμενα.
888 5743 1031 5803 Editi
1088 5763 1211 5803 cum
1249 5743 1645 5821 'Reg'Z‘L'quinto
1698 5743 2042 5818 ἐψυχωμένα.

2155 4526 2422 4595 juriarum
2448 4527 2765 4580 memoriam
2798 4529 2962 4583 veluti
2989 4530 3243 4585 virtutem
3271 4532 3471 4598 colitis,
3498 4534 3584 4588 cui
3608 4535 3729 4590 sitis

2165 4612 2454 4681 assimiles,
2493 4633 2616 4673 cum
2663 4617 2830 4673 animi
2880 4620 2933 4673 in
2970 4616 3273 4691 proximum
3326 4624 3724 4696 mgritudinem,

2158 4726 2257 4767 ceu
2284 4710 2569 4767 scintillam
2597 4714 2881 4782 quamdam
2919 4715 2970 4768 in
3020 4715 3200 4771 cinere
3231 4716 3577 4784 occultatam,
3607 4729 3730 4775 tan-

2160 4798 2248 4858 diu
2296 4804 2543 4866 servatis,
2578 4797 2751 4859 donec
2797 4806 3020 4861 materia
3068 4818 3303 4878 arrepta,
3351 4810 3487 4866 iram
3526 4812 3723 4868 iterum

2163 4894 2306 4948 velut
2333 4890 2598 4949 ﬂammam
2631 4896 2864 4965 aliquam
2894 4896 3220 4955 accendatis.

2227 4984 2283 5039 2.
2324 4985 2591 5041 Producat
2651 4999 2790 5043 terra
2848 4991 3082 5044 animam
3130 4993 3399 5048 viventem.
3444 4993 3553 5051 Cur
3594 5011 3725 5067 pro-

2157 5076 2304 5132 ducit
2343 5087 2486 5131 terra
2538 5080 2774 5135 animam
2803 5082 3111 5137 viventem?
3155 5085 3222 5141 Ut
3269 5087 3396 5155 quid
3439 5088 3580 5141 inter
3608 5088 3725 5141 ani-

2160 5190 2301 5228 mam
2346 5175 2566 5244 pecudis
2613 5183 2668 5230 et
2713 5177 2854 5233 inter
2904 5176 3143 5233 animam
3191 5178 3428 5235 hominis
3471 5179 3721 5248 intersit,

2159 5462 2281 5518 Mox
2314 5463 2463 5516 Colb.
2500 5464 2706 5532 primus
2741 5464 2931 5529 ζωσῶν
2960 5464 3068 5519 ἀπὸ
3098 5463 3207 5520 τῶν

2228 5534 2336 5600 (57)
2374 5534 2462 5588 Sic
2495 5550 2621 5588 mss.
2649 5535 2890 5605 plerique
2920 5552 3129 5591 omnes.
3157 5535 3296 5590 Editi
3324 5538 3389 5589 ἐκ
3422 5552 3655 5605 φυσεως.

2224 5604 2338 5677 (58)
2360 5604 2472 5677 Duo
2502 5619 2632 5658 mss.
2657 5604 2788 5676 ὕλην
2804 5606 3109 5677 λαϐόμενοι.
3136 5606 3275 5663 Editi
3300 5622 3421 5663 cum
3436 5604 3565 5662 aliis
3594 5621 3727 5664 mss.

2157 5674 2285 5745 ὕλης
2318 5674 2622 5745 λαϐόμενοι.
