4082 6218
344 274 449 334 έθῗ

1653 266 1712 324 S.
1756 266 2003 326 BASlLll
2042 263 2262 324 HAGNI

3497 256 3607 312 168

338 392 543 450 discas.
578 388 860 457 Quomodo
893 386 1127 444 hominis
1155 384 1335 440 anima
1363 382 1594 440 formata
1632 385 1726 450 sit,
1758 385 1912 456 paulo

2024 403 2112 458 σῃ,
2146 383 2265 447 πῶς
2311 395 2345 453 η
2403 380 2550 451 ψυχή
2600 377 2696 432 τοῦ
2735 372 3022 449 ἀνθρώπου
3087 371 3350 442 συνέστη·
3403 371 3500 426 νῦν
3543 373 3605 428 δὲ

339 492 466 555 post
498 482 640 537 scies
675 499 689 536 :
736 494 879 534 nunc
924 492 1056 532 vero
1101 477 1172 532 de
1216 476 1499 530 brutorum
1539 476 1720 531 anima
1766 474 1915 530 audi.

336 572 474 630 Cum
495 571 649 643 juxta
688 572 741 626 id
769 569 912 640 quod
945 569 1213 639 scriptum
1249 578 1334 623 est
1364 567 1409 633 ³,
1444 565 1694 622 animalis
1725 566 1915 636 cujus-

340 676 448 730 que
485 661 666 715 anima
702 658 925 730 sanguis
960 658 1131 728 ipsius
1179 656 1273 722 sit,
1298 655 1519 726 sanguis
1560 666 1741 712 autem
1785 669 1918 711 con-

340 760 523 804 cretus
549 749 719 805 soleat
737 750 793 804 in
821 763 1044 803 carnem
1080 747 1459 810 transmutari,
1482 761 1610 804 caro
1633 762 1763 804 vero
1793 764 1916 805 cor-

340 852 497 911 rupta
534 842 588 896 in
648 851 847 897 terram
890 841 1195 896 resolvatur
1236 858 1252 895 :
1291 839 1417 910 jure
1471 854 1537 896 ac
1582 841 1777 896 merito
1827 853 1914 899 est

339 936 468 1005 quid
507 946 776 991 terrenum
827 935 1007 989 anima
1059 934 1364 989 brutorum.
1422 928 1692 986 Producat
1749 932 1916 1003 igitu.

336 1034 480 1080 terra
507 1027 741 1081 animum
766 1026 1039 1082 viventem.
1065 1023 1272 1081 Animae
1299 1023 1420 1079 vide
1447 1021 1758 1079 aﬂinitatem
1788 1040 1912 1082 cum

337 1118 622 1187 sanguine,
645 1117 928 1186 sanguinis
953 1131 1075 1170 cum
1099 1129 1287 1183 carne,
1312 1116 1496 1170 carnis
1520 1129 1643 1170 cum
1670 1116 1864 1172 tellure
1893 1133 1906 1171 :

337 1218 393 1264 et
437 1224 623 1265 rursus
669 1210 862 1265 ordine
902 1210 1121 1265 inverso
1169 1223 1266 1278 per
1314 1208 1503 1263 eadem
1557 1207 1843 1278 regredere
1880 1222 1911 1263 a

341 1312 483 1357 terra
503 1303 569 1357 ad
598 1317 837 1370 carnem,
877 1317 908 1357 a
937 1316 1102 1357 carne
1125 1301 1193 1357 ad
1218 1300 1561 1370 sanguinem,
1587 1314 1617 1354 a
1645 1300 1911 1368 sanguine

336 1395 404 1449 ad
431 1395 703 1464 animam;
732 1404 788 1450 et
816 1408 1070 1464 pecorum
1101 1393 1339 1448 animam
1369 1400 1575 1448 terram
1614 1405 1736 1447 esse
1761 1406 1908 1445 com-

336 1487 536 1556 peries.
563 1485 709 1541 Cave
737 1481 1018 1541 existimes
1056 1484 1294 1540 animam
1329 1499 1451 1541 esse
1481 1484 1727 1554 corporis
1758 1483 1907 1552 ipso-

339 1589 459 1629 rum
516 1575 902 1630 constitutione
957 1573 1350 1640 vetustiorem,
1409 1581 1505 1628 aut
1560 1573 1731 1644 ipsam
1789 1581 1909 1641 post

334 1666 520 1721 carnis
557 1667 965 1722 dissolutionem
997 1680 1346 1737 permanere.
1371 1666 1759 1735 Arrogantium
1788 1664 1905 1735 phi-

2018 477 2180 532 ἀκουε
2211 474 2338 545 περὶ
2360 473 2456 544 τῆς
2487 471 2598 525 τῶν
2627 469 2838 537 ἀλόγων
2881 465 3082 539 ψυχῆς.
3125 464 3345 536 Ἐπειδὴ
3371 464 3513 518 κατά
3541 466 3605 519 τὺ

2016 566 2398 641 γεγραμμένον
2451 563 2650 627 παντὸς
2698 560 2836 626 ζώου
2868 562 2902 631 ή
2941 557 3089 630 ψυχὴ
3121 556 3184 611 τὸ
3234 551 3375 626 αἷμα
3426 556 3593 610 αὑτοῦ

2017 660 2167 712 ἐστιν
2197 656 2310 729 (59)
2334 672 2349 687 ⁸
2381 649 2520 726 αἷμα
2552 654 2611 707 δὲ
2644 653 2817 723 παγὲν
2847 653 2927 714 είς
2958 648 3138 721 σάρκα
3169 647 3382 717 πέφυκε
3432 664 3601 731 μετα-

2016 749 2263 803 ϐάλλεινο
2305 748 2340 819 ή
2364 746 2422 800 δὲ
2450 745 2586 816 σὰρξ
2605 743 2715 815 (40)
2747 742 3019 815 φθαρεῖσα
3036 742 3115 805 είς
3150 739 3255 810 γῆν
3285 736 3595 792 ἀναλύεται·

2014 840 2193 912 γεηρά
2224 839 2307 902 τις
2336 840 2484 890 ἐστιν
2512 836 2739 899 εἰκότως
2767 835 2801 906 ἠ
2841 832 2990 904 ψυχὴ
3035 831 3145 886 τῶν
3191 828 3425 902 κτηνῶν.
3472 828 3602 893 Ἐξ-

2013 928 2276 1000 ara-retu
2294 923 2386 982 οὖν
2414 928 2453 997 ἡ
2475 925 2551 997 γῆ
2590 924 2804 997 ψυχὴν
2829 921 3043 985 ζῶσαν.
3081 922 3225 994 Ὅρα
3251 920 3350 993 τὴν
3378 918 3743 1008 ἀκρον-εἴκω

2014 1024 2136 1078 θίαν
2164 1024 2342 1095 ψυχῆς
2369 1024 2506 1094 πρὸς
2535 1017 2697 1093 αἷμα,
2726 1021 2959 1092 αἵματος
2986 1017 3123 1090 πρὸς
3150 1018 3328 1088 σάρκα
3346 1056 3362 1082 ,
3399 1013 3600 1086 σαρκὸς

2012 1118 2150 1190 πρὸς
2195 1116 2294 1189 τήν
2323 1117 2425 1188 γῆν
2446 1133 2459 1148 ·
2517 1114 2613 1169 καὶ
2645 1112 2810 1168 πάλιν
2836 1110 3109 1174 ἀναλύσας
3139 1110 3227 1164 διά
3257 1109 3367 1162 τῶν
3417 1106 3597 1162 αὐτῶν

2011 1207 2333 1263 ἀναπόδισον
2366 1207 2476 1279 ἀπό
2491 1206 2597 1277 γῆς
2628 1208 2708 1270 εἰς
2740 1205 2941 1276 σάρκα,
2964 1203 3073 1257 ἀπὸ
3101 1200 3305 1271 σαρκὸς
3323 1202 3402 1265 είς
3435 1193 3595 1269 αἷμα,

2010 1300 2118 1356 ἀπὸ
2149 1299 2381 1370 αἵματος
2411 1301 2491 1362 εἰς
2535 1299 2741 1370 ψυχήνο
2786 1296 2881 1351 καὶ
2922 1294 3197 1367 εὑρήσεις,
3247 1292 3330 1346 δτι
3375 1291 3598 1377 γῆ.ὲστι

2006 1395 2117 1451 τῶν
2143 1392 2358 1465 κτηνῶν
2390 1395 2423 1464 ή
2456 1391 2625 1462 ψυχή.
2654 1390 2745 1461 Μὴ
2806 1386 2995 1457 νόμιζε
3045 1383 3425 1457 πρεσϐυτέραν
3455 1378 3599 1435 εἶναι

2006 1488 2106 1559 τῆς
2147 1484 2242 1541 τοῦ
2282 1484 2533 1557 σώματος
2581 1483 2762 1538 αὐτῶν
2792 1480 3142 1542 ὑποστάσεως
3163 1519 3178 1545 ,
3212 1477 3345 1549 μηδὲ
3377 1475 3589 1530 ἐπιδια-

2011 1580 2275 1652 μένουσαν
2319 1577 2460 1649 μετά
2491 1576 2590 1648 τήν
2612 1576 2716 1646 1τῆς
2752 1574 2953 1647 σαρκὸς
2978 1572 3216 1627 διάλυσιν
3248 1570 3379 1643 (Μ).
3405 1569 3579 1640 Φεῢγε

2009 1671 2318 1744 φληνάφους
2364 1669 2472 1723 τῶν
2521 1666 2771 1739 σοϐαρῶν
2831 1665 3159 1737 φιλοσόφων,
3191 1664 3241 1718 οἳ
3273 1664 3375 1717 οὐκ
3398 1662 3595 1734 αἰσχύ-

339 1758 689 1825 losopborum
714 1757 838 1829 fuge
868 1759 1247 1825 deliramenta,
1277 1772 1415 1827 quos
1441 1771 1547 1812 non
1593 1756 1756 1825 pudet
1783 1770 1910 1810 suas

2014 1780 2190 1818 νονται
2216 1762 2316 1827 τάς
2358 1760 2567 1816 ἑαυτῶν
2591 1759 2770 1831 ψυχὰς
2820 1760 3043 1823 καὶτὰς
3076 1758 3294 1821 κυνείας
3330 1757 3595 1827 ὁμοειδεῖς

338 1844 581 1918 ipsorum
627 1850 841 1905 animas
884 1859 939 1905 et
985 1864 1183 1904 canum
1237 1848 1475 1918 ejusdem
1514 1848 1656 1902 inter
1699 1860 1758 1902 se
1787 1861 1909 1916 spe-

337 1942 439 1997 ciei
466 1957 588 1998 esse
615 1953 876 2010 statuere,
902 1960 1022 1998 cum
1056 1959 1114 2000 se
1147 1945 1297 2014 ipsos
1323 1942 1615 2013 aliquando
1636 1950 1693 1997 et
1715 1941 1910 1996 mulie-

339 2046 427 2089 res
470 2044 526 2089 et
562 2032 790 2117 frutices
818 2045 874 2089 et
921 2036 1099 2105 pisces
1123 2049 1403 2104 aequoreos
1448 2034 1612 2089 fuisse
1655 2033 1905 2089 doceant.

345 2126 461 2197 Ego
498 2126 772 2196 equidem,
805 2143 872 2181 an
901 2142 1134 2197 unquam
1175 2126 1377 2182 fuerint
1416 2126 1613 2195 pisces,
1644 2138 1775 2180 sane
1802 2138 1910 2179 non

341 2221 569 2276 dixerim
593 2238 607 2274 :
638 2221 732 2276 sed
758 2234 874 2284 eos,
902 2220 1029 2274 dum
1055 2221 1170 2275 haec
1197 2219 1520 2285 scriberent,
1548 2219 1775 2292 rationis
1801 2232 1910 2272 ma-

339 2312 427 2383 gis
462 2310 631 2367 luisse
666 2322 915 2381 expertes
946 2326 1106 2381 quam
1132 2310 1311 2380 pisces
1342 2310 1429 2366 vel
1471 2310 1911 2366 constantissime

340 2402 676 2460 aﬂirmarim.
725 2400 994 2455 Producat
1044 2411 1187 2455 terra
1223 2401 1457 2453 animum
1497 2399 1766 2453 viventem.
1812 2397 1910 2453 Mi-

338 2505 533 2552 rantur
556 2492 803 2549 fortassis
820 2492 980 2547 multi
1007 2508 1104 2548 cur
1127 2506 1379 2547 sermone
1402 2489 1605 2546 aﬂ‘atim
1634 2500 1906 2556 currente,

339 2594 585 2659 tempore
619 2600 723 2642 nou
752 2585 966 2640 modico
996 2584 1351 2640 conticuerim
1379 2598 1396 2637 :
1426 2582 1527 2639 sed
1556 2583 1910 2639 studiosiores

341 2681 614 2735 auditores
659 2677 858 2733 silentii
902 2691 1123 2732 causam
1174 2677 1398 2731 minime
1442 2676 1711 2745 ignorant.
1761 2677 1907 2742 Quo-

340 2770 500 2826 modo
539 2769 729 2824 enim?
779 2769 869 2839 qui
918 2768 1128 2824 scilicet
1173 2784 1267 2838 per
1313 2778 1532 2824 mutuos
1570 2768 1800 2822 intuitus
1844 2781 1909 2823 ac

341 2878 503 2923 nutus
534 2879 622 2920 me
651 2865 720 2920 ad
758 2880 817 2920 se
843 2864 990 2935 ipsos
1033 2862 1423 2930 converterint,
1460 2871 1517 2917 et
1543 2876 1605 2917 ea
1636 2876 1758 2930 quae
1794 2860 1911 2916 fue-

341 2970 463 3013 rant
510 2958 900 3029 praztermissa,
949 2957 1004 3011 in
1052 2963 1286 3011 mentem
1340 2954 1732 3010 revocaveriut.
1773 2950 1910 3006 Nam

341 3046 551 3119 integra
593 3057 863 3104 creaturas
894 3048 1134 3117 species,
1177 3059 1349 3115 eaque
1378 3058 1484 3100 non
1512 3044 1738 3098 minima
1759 3086 1774 3111 ,
1814 3057 1910 3098 nos

336 3139 626 3210 praeteriit,
663 3149 827 3209 atque
856 3138 968 3194 fere
1011 3138 1188 3193 oratio
1239 3147 1426 3194 nostra
1464 3138 1636 3207 ipsam
1687 3134 1910 3191 omnino

341 3233 736 3302 ineXploratam
767 3231 1006 3301 reliquit.
1045 3228 1352 3285 Producant
1384 3229 1530 3286 enim
1561 3244 1712 3299 aqua:
1745 3228 1911 3295 repti-

341 3325 414 3379 lia
432 3325 727 3379 animarum
746 3323 1019 3377 viventium
1031 3325 1190 3394 juxta
1205 3337 1387 3391 genus,
1404 3328 1453 3375 et
1470 3319 1705 3374 volatilia
1725 3316 1912 3373 volan—

340 3418 417 3473 tia
434 3433 590 3485 super
605 3425 794 3469 terram
808 3414 1090 3469 secundum
1112 3412 1495 3484 ﬁrmamentum
1512 3411 1645 3465 caeli.
1666 3410 1739 3465 De
1756 3416 1913 3463 nata-

338 3509 548 3574 ‘tilibus,
569 3514 826 3576 quantum
863 3518 958 3574 per
983 3512 1193 3574 tempus
1217 3502 1583 3572 vespertinum
1611 3501 1716 3571 72
1741 3500 1909 3563 licuit,

343 3598 737 3655 disseruimus:
771 3595 929 3651 hodie
969 3593 1038 3649 ad
1073 3594 1413 3649 terrestrium
1453 3607 1681 3647 examen
1738 3600 1915 3647 traxs-

347 3690 567 3746 ivimus.
630 3686 857 3742 Volatile
901 3687 955 3740 in
1004 3685 1178 3739 media
1207 3684 1511 3739 narratione
1557 3698 1656 3739 nos
1701 3683 1909 3755 elfugit.

344 3780 578 3839 Necesse
616 3790 700 3836 est
734 3781 915 3848 itaque
956 3779 1128 3834 instar
1168 3776 1556 3832 obliviosorum
1601 3776 1872 3830 viatorum
1896 3815 1912 3841 ,

344 3879 434 3949 qui
464 3891 588 3932 cum
620 3889 733 3928 rem
766 3869 995 3938 alicujus
1028 3869 1285 3924 momenti
1325 3865 1664 3936 reliquerint,
1695 3866 1911 3922 etiamsi

344 3969 572 4024 multum
610 3964 944 4022 confecerint
982 3962 1215 4028 itineris,
1253 3962 1453 4017 iterum
1496 3961 1688 4017 eodem
1726 3975 1914 4016 rever-

347 4071 555 4126 tuntur,
585 4059 800 4130 dignam
832 4055 1038 4112 desidia
1065 4068 1161 4109 sua
1197 4067 1413 4125 ptenam
1433 4093 1450 4119 ,
1485 4054 1725 4110 laborem
1751 4055 1911 4111 itine-

345 4157 425 4210 ris
446 4164 609 4224 atque
630 4150 929 4207 molestiam
957 4145 1293 4218 perferentes
1315 4164 1331 4202 :
1358 4147 1438 4202 sic
1462 4148 1650 4218 utique
1675 4157 1729 4204 et
1757 4147 1914 4204 nobis

346 4243 487 4298 idem
517 4242 624 4297 iter
656 4241 1000 4311 relegendum
1030 4245 1134 4293 est.
1162 4236 1348 4308 Neque
1389 4238 1534 4294 enim
1571 4239 1911 4310 aspernabile

344 4331 586 4403 estquod
612 4329 857 4387 relictum
879 4340 962 4386 est
986 4348 1001 4386 :
1031 4331 1126 4387 sed
1149 4330 1309 4386 tertia
1327 4344 1394 4385 ex
1418 4330 1742 4386 animalibus
1771 4345 1916 4386 crea-

2009 1855 2265 1928 ἀλλήλαις
2294 1855 2568 1926 τιθέμενοι
2594 1869 2610 1885 ο
2654 1855 2703 1906 οἱ
2735 1851 2985 1921 λέγοντες
3016 1852 3243 1913 ἑαυτοὺς
3270 1846 3598 1921 γεγενῆσθαί

2012 1966 2142 2004 ποτε
2168 1950 2263 2003 καὶ
2311 1949 2577 2017 γυναῖκας
2611 1945 2708 2000 καὶ
2756 1943 2996 2016 θάμνους
3026 1944 3119 1997 κα)¹
3174 1941 3363 2014 ἰχθύας
3392 1941 3595 1996 θαλασ-

2012 2041 2182 2104 σίους.
2226 2037 2368 2109 Ἐγὼ
2397 2038 2452 2091 δὲ
2481 2039 2530 2090 εί
2589 2036 2688 2108 μὲν
2723 2036 2970 2105 ἐγένοντό
3004 2049 3136 2088 ποτε
3171 2032 3323 2104 ἰχθῦς
3381 2033 3481 2085 οὑκ
3527 2032 3596 2085 ἂν

2009 2135 2249 2206 είποιμιο
2304 2132 2387 2186 ὅτι
2437 2129 2494 2184 δὲ
2548 2131 2607 2183 έν
2664 2122 2710 2198 ᾧ
2746 2127 2919 2181 ταῦτα
2969 2127 3205 2198 ἔγραφον
3246 2124 3353 2179 τῶν
3396 2123 3594 2195 ἰχθύων

2009 2222 2150 2298 ἦσαν
2199 2224 2551 2296 ἀλογώτεροι,
2587 2222 2683 2276 καὶ
2734 2221 2880 2276 πάνυ
2918 2219 3152 2283 εὐτόνως
3196 2217 3592 2287 διατειναίμήν.

2022 2316 2393 2389 Ἐξαγαγέτω
2428 2316 2467 2384 ἢ
2495 2312 2571 2384 τῆ
2595 2313 2809 2383 ψυχὴν
2832 2311 3048 2374 ζῶσαν.
3081 2312 3239 2375 Τίνος
3264 2311 3472 2375 ἕνεκεν,
3494 2308 3593 2363 τοῦ

2009 2411 2169 2481 λόγου
2207 2408 2507 2483 τρέχοντος
2537 2408 2792 2479 ἀθρόως,
2844 2404 3212 2475 άπεσιώπησα
3265 2403 3454 2475 χρόνον
3491 2402 3595 2457 οὐκ

2009 2503 2364 2574 ὀλίγον,-ῐσως
2393 2502 2765 2575 θαυμάζουσιν
2799 2500 2849 2553 οἱ
2897 2496 3120 2552 πολλοί·
3154 2495 3270 2552 ἀλλ’
3304 2495 3426 2565 οὐχ)⁸
3476 2493 3591 2562 οῐγε

2011 2594 2429 2670 φιλοπονώτερον.
2456 2594 2565 2649 τῶν
2590 2592 2875 2667 ἀκροατῶν
2888 2589 3139 2662 ἀγνοοῦσι
3167 2590 3265 2662 τὴν
3288 2589 3468 2644 αἰτίαν
3492 2585 3592 2658 τῆς

2012 2686 2275 2759 ἀφασίας.
2300 2686 2427 2750 Πῶς
2478 2687 2621 2756 γάρ;
2647 2687 2697 2739 οἱ
2729 2684 2817 2739 διὰ
2847 2682 2943 2738 τοῦ
2996 2682 3134 2754 πρὸς
3167 2676 3426 2752 ἀλλήλους
3458 2680 3592 2751 όρᾷν

2011 2782 2106 2836 καὶ
2130 2780 2361 2835 ὲννεύειν
2392 2778 2818 2851 ἐπιστρέψαντές
2857 2794 2924 2848 με
2959 2777 3098 2848 πρὸς
3117 2775 3364 2842 ἑαυτοὺς,
3392 2773 3485 2827 καὶ
3511 2775 3592 2836 είς

2011 2871 2217 2927 ἔννοιαν
2246 2871 2544 2941 ἀγαγόντες
2582 2869 2691 2924 τῶν
2726 2867 3091 2941 παρεθέντων.
3146 2860 3301 2929 Εἶδος
3334 2863 3443 2935 γὰρ
3470 2863 3592 2917 ὅλον

2010 2965 2107 3037 τῆς
2147 2964 2410 3030 κτίσεως,
2438 2964 2534 3018 καὶ
2579 2963 2679 3017 οὐκ
2736 2962 3013 3033 ἐλάχιστον
3062 2959 3240 3023 τοῦτο,
3289 2955 3592 3028 παρέλαθεν

2011 3058 2180 3127 ἡμᾶς,
2232 3056 2328 3111 καὶ
2374 3055 2571 3127 μικροῦ
2619 3051 2795 3108 ἀπιὼν
2847 3052 3042 3123 ᾤχετο,
3077 3051 3428 3116 ἀνεξέταστον
3454 3064 3591 3101 παν-

2011 3148 2181 3212 τελῶς
2209 3150 2238 3202 ὁ
2255 3147 2409 3217 λόγος
2438 3145 2772 3201 καταλιπών.
2805 3143 3172 3216 Ἐξαγαγέτω
3205 3142 3313 3215 γὰρ
3353 3141 3427 3196 τὰ
3451 3140 3593 3195 ὕδα-

2012 3255 2087 3295 τα
2118 3240 2336 3309 ἑρπετὰ
2364 3237 2580 3308 ψυχῶν
2603 3237 2806 3300 ζωσῶν
2827 3238 2977 3291 κατὰ
3007 3235 3202 3307 ⁴γένος,
3230 3235 3331 3289 καὶ
3352 3234 3593 3288 πετεινὰ

2013 3333 2309 3399 πετόμενα
2358 3328 2456 3381 ἐπὶ
2498 3325 2609 3395 τῆς
2667 3324 2782 3395 τῆς
2830 3324 2981 3378 κατὰ
3036 3323 3103 3377 τὸ
3147 3320 3454 3390 στερέωμα
3483 3318 3592 3372 τοῦ

2012 3420 2292 3491 οὐρανοῦ.
2324 3420 2572 3490 Εῐπαμεν
2588 3419 2657 3473 τὰ
2690 3417 2947 3490 περὶτῶν
2974 3414 3325 3488 νηκτῶνκόσα
3345 3414 3374 3466 ὁ
3402 3411 3591 3482 καιρὸς

2013 3514 2243 3569 ἐνεδίδου
2266 3513 2503 3584 ἑσπέρας
2527 3529 2540 3542 ο
2580 3512 2820 3583 σήμερον
2869 3509 3176 3581 μετέϐημεν
3207 3508 3300 3561 ἐπ).
3321 3505 3421 3577 τὴν
3480 3504 3590 3558 τῶν

2013 3609 2282 3680 χερσαίων
2316 3607 2582 3673 ἐξέτασιν.
2617 3605 2881 3674 Διέφυγεν
2912 3603 3061 3673 ήμᾶς
3084 3602 3146 3655 τὸ
3176 3600 3378 3672 πτηνὸν
3418 3601 3476 3654 έν
3512 3598 3591 3669 τῷ

2016 3699 2185 3770 μέσῳ.
2251 3697 2487 3769 Ἀνάγκη
2549 3696 2728 3749 τοίνυν
2753 3736 2768 3762 ,
2836 3693 2980 3748 κατά
3042 3695 3169 3757 τοὺς
3219 3691 3590 3762 ἐπιλήσμονας

2011 3788 2120 3842 τῶν
2174 3787 2592 3860 όδοιπόρων,οί,
2649 3786 2868 3840 ἐπειδάν
2917 3803 2970 3838 τι
3012 3784 3120 3839 τῶν
3170 3784 3398 3855 καιρίων
3430 3798 3592 3836 κατα-

2011 3876 2210 3934 λίπωσι
2276 3878 2410 3951 (42),
2464 3880 2568 3934 κᾶν
2626 3879 2855 3933 ἐπιπολὺ
2897 3878 2998 3950 τῆς
3056 3876 3177 3931 ὁδοῦ
3235 3874 3588 3951 προέλθωσι,

3440 3944 3675 3966 -ρο-ιῤ

2013 3973 2176 4027 πάλιν
2224 3974 2322 4045 τὴν
2376 3972 2546 4044 αὐτὴν
2583 3972 3012 4043 ὑποστρέφουσιν
3046 4012 3060 4036 ,
3113 3968 3270 4036 ἀξίαν
3337 3970 3440 4040 τῆς
3487 3970 3586 4040 ρᾳ-

2014 4063 2208 4136 θυμίας
2253 4065 2407 4136 δίκην
2455 4065 2548 4119 τὸν
2610 4066 2676 4119 ὲκ
2740 4066 2839 4136 τῆς
2892 4063 3198 4136 ὁδοιπορίας
3261 4062 3432 4117 κόπον
3491 4060 3589 4115 ὑπ-

2014 4158 2258 4230 έχοντες,
2318 4158 2461 4213 οὕτω
2525 4159 2620 4213 καὶ
2676 4162 2843 4230 ήμίν,
2901 4158 2977 4222 ὡς
3034 4158 3176 4213 ἔοικέ
3205 4196 3220 4222 ,
3273 4156 3373 4229 τήν
3420 4156 3588 4226 αὐτὴν

2014 4248 2175 4303 πάλιν
2237 4248 2531 4320 βαδιστέον.
2593 4250 2703 4303 Καὶ
2754 4250 2863 4321 γὰρ
2930 4249 3051 4304 οὐδὲ
3111 4248 3589 4321 εὐκαταφρόνητόν

2015 4342 2130 4395 ὲστι
2187 4342 2248 4396 τὸ
2299 4342 2554 4415 παρεθὲν,
2606 4342 2741 4397 ἀλλά
2768 4343 2831 4396 τὸ
2876 4343 3058 4416 τρίτον
3087 4342 3262 4396 ἔοικεν
3287 4340 3424 4396 εἶναι
3482 4342 3585 4413 τῆς

349 4424 419 4480 tis
438 4439 566 4496 pars
587 4438 707 4479 esse
731 4424 966 4479 videtur.
996 4422 1125 4480 Tria
1152 4424 1418 4496 siquidem
1441 4434 1570 4480 sunt
1593 4423 1908 4480 animalium

2014 4431 2072 4482 ὲν
2099 4432 2212 4494 τοῖς
2242 4428 2400 4495 ζώοις
2437 4432 2685 4498 κτίσεως,
2718 4432 2878 4505 εἴπερ
2909 4433 3036 4505 τρία
3066 4430 3219 4498 ζώων
3273 4433 3391 4486 ἐστὶ
3431 4431 3583 4502 γένη,

344 4531 566 4589 genera,
596 4525 885 4585 terrestre,
915 4516 1155 4582 volatile,
1183 4517 1438 4587 aquatile.
1474 4515 1797 4585 Producunt,
1835 4516 1917 4571 in-

345 4609 484 4679 quit,
507 4626 659 4681 aqute
689 4610 895 4680 reptilia
925 4611 1226 4666 animarum
1249 4610 1525 4666 viventium
1543 4609 1702 4680 juxta
1731 4625 1913 4680 genus,

344 4713 395 4755 et
445 4700 689 4757 volatilia
735 4702 969 4758 volantia
1005 4718 1162 4772 super
1209 4712 1406 4756 terram
1446 4701 1540 4757 sub
1586 4701 1915 4770 ﬁrmamento

347 4794 460 4849 ειυιὶ
475 4795 635 4865 juxta
660 4810 841 4867 genus.
877 4793 985 4850 Cur
1019 4794 1184 4850 etiam
1217 4792 1520 4849 volatilibus
1540 4805 1608 4848 ex
1639 4791 1794 4862 aquis
1826 4807 1917 4847 or-

421 4910 442 4941 ³
471 4907 645 4966 Levit.
674 4926 813 4976 xm,
847 4908 941 4964 il.

350 4984 361 5070 ξ
420 4996 534 5068 (59)
582 4990 756 5054 (5011)(
787 4997 994 5070 primus
1045 4995 1185 5061 ζὼου
1224 4996 1285 5051 τὸ
1325 4988 1467 5067 αἷμα
1509 4997 1543 5068 ή
1579 4996 1725 5068 ψυχὴ
1750 4993 1914 5049 αὐτοῦ

346 5066 532 5210 ιέῖἲδ)
558 5135 710 5191 Colb.
736 5136 1076 5210 secundussi
1097 5137 1156 5191 δὲ
1175 5136 1330 5210 σάρξ.
1363 5134 1730 5210 §tatim__editi_
1746 5135 1916 5210 νεκρά

347 5205 440 5274 τίς
480 5205 651 5278 ἐστιν,
685 5217 761 5262 est
810 5208 1011 5278 aliquid
1042 5205 1328 5261 mortuum.
1377 5205 1502 5278 Ne_c_
1528 5207 1684 5278 aliter
1720 5205 1934 5274 legisse-

348 5273 563 5333 videtur
588 5273 923 5342 Eustathius,
947 5278 1035 5346 qui
1075 5278 1155 5333 sic
1192 5286 1402 5331 vertat:
1443 5273 1636 5330 Merito
1664 5273 1789 5345 ergo
1832 5286 1913 5329 ta-

350 5348 475 5401 bida
524 5357 599 5401 est
648 5348 828 5401 anima
860 5346 1231 5416 iumentorum.
1262 5346 1514 5416 Attamen
1563 5348 1731 5400 codex
1753 5346 1883 5400 Com

352 5416 459 5472 be‘l‘.
507 5432 630 5472 cum
661 5418 780 5471 aliis
815 5430 939 5473 Octo
987 5433 1117 5474 mss.
1147 5419 1307 5472 habet
1329 5415 1507 5487 γεηρά
1531 5432 1634 5479 τις,
1665 5415 1916 5487 estquid-

352 5489 491 5555 4am,
508 5497 786 5555 terrenum.
811 5488 980 5553 Quam
1010 5487 1293 5543 lectionem
1323 5485 1482 5555 paulo
1498 5485 1921 5555 postconlirmat

353 5553 583 5628 Basilius
598 5554 831 5628 Δἱρμεᾼιίε
852 5558 1030 5628 verbis
1054 5573 1069 5610 :
1093 5557 1189 5610 καὶ
1206 5553 1565 5628 εὑρήσεις,ὃτι
1586 5553 1659 5625 γῆ
1679 5556 1795 5608 ἐστι
1813 5554 1922 5611 τῶν

354 5621 635 5756 κίῃῇέἰὲ
642 5622 808 5695 ψυχή,
835 5624 1000 5695 Atque
1035 5621 1283 5695 pecorum'
1315 5621 1550 5682 animum
1574 5621 1766 5682 terram
1812 5641 1924 5684 esse

354 5717 384 5745 ι
640 5727 655 5742 ο

354 5717 655 5745 ιυηινῦητσ.

2018 4522 2081 4575 τό
2132 4540 2191 4575 τε
2237 4525 2489 4595 χερσαῖον
2556 4525 2650 4578 καὶ
2691 4524 2754 4578 τὸ
2800 4525 3002 4597 πτηνὸν
3025 4565 3039 4589 ,
3096 4527 3188 4579 καὶ
3230 4525 3292 4578 τὸ
3346 4524 3586 4595 ἔνυδρον.

2031 4612 2414 4684 Ἐξαγτιγέτω,
2433 4617 2583 4687 φησὶ,
2598 4615 2670 4670 τὰ
2692 4616 2882 4672 ὕδατα
2909 4616 3126 4686 ἑρπετὰ
3147 4619 3236 4686 ψυ
3241 4615 3365 4687 χῶν
3389 4614 3589 4678 ζωσῶν

2020 4704 2171 4758 κατὰ
2221 4705 2416 4777 γένος,
2446 4709 2544 4764 καὶ
2572 4709 2810 4765 πετεινὰ
2836 4712 3133 4780 πετόμενα
3184 4710 3285 4764 ἐπὶ
3328 4709 3437 4779 τῆς
3474 4708 3587 4779 γῆς

2021 4796 2175 4852 κατὰ
2199 4798 2265 4852 τὸ
2294 4799 2598 4871 στερέωμα
2628 4801 2744 4872 (45)
2773 4802 2881 4857 τοῦ
2927 4802 3189 4871 οὐρανοῦ
3213 4803 3362 4856 κατὰ
3388 4800 3582 4872 γένος.

2095 4995 2205 5068 (ll)
2232 4994 2382 5071 βεδε.
2412 5000 2617 5068 primus
2640 4999 2915 5056 ἀνάλυσιν.
2953 5001 3087 5071 Reg.
3120 5012 3305 5057 sextus
3325 5001 3586 5070 διάλυσιν,

2020 5065 2505 5139 φύγεζΑιίςίιδίιιο
2538 5081 2659 5139 post
2700 5072 2871 5126 codex
2910 5065 3153 5129 Com'bel‘.
3188 5071 3341 5144 ίχθῠς
3386 5065 3588 5130 θαλάσέ

2091 5207 2200 5279 (42)
2224 5208 2341 5263 Duo
2364 5224 2490 5279 mss.
2531 5210 2914 5265 καταλείπωσι.

2096 5278 2208 5355 (ρό)
2270 5278 2429 5355 Κατά
2485 5282 2789 5355 στερέωμα,
2848 5299 3131 5355 secunaum
3177 5285 3585 5355 ﬁrmamentum.

2022 5346 2225 5416 Malim,
2276 5350 2452 5418 inquit
2509 5346 2883 5417 Co'mbélisius,
2931 5370 3052 5407 cum
3106 5346 3295 5410 Autbr.
3338 5357 3418 5411 vel
3463 5373 3584 5412 cum

2025 5418 2184 5496 ylllg.
2206 5428 2264 5496 _et
2285 5420 2537 5496 August"
2564 5422 2673 5496 σιώΔ
2688 5423 3039 5491 ﬁrmamento.
3059 5426 3325 5496 _Attamen
3365 5427 3586 5496 legimus

2022 5489 2287 5562 in‘Ambr.
2321 5489 2414 5562 lib.
2438 5506 2491 5557 ν,
2504 5505 2627 5562 cap.
2654 5489 2705 5557 1,
2732 5496 3015 5546 secundum
3037 5489 3449 5562 ﬁrmamentum'.
3476 5498 3587 5553 luto
3644 5548 3649 5555 ι

2022 5558 2186 5612 etiam
2219 5559 2321 5614 hoc
2349 5561 2465 5637 ipso
2501 5561 2552 5614 in
2576 5558 2584 5559 7
2606 5562 2746 5637 libro
2775 5578 2895 5637 cap.
2928 5564 3015 5628 12,
3037 5558 3269 5637 legitur,
3311 5583 3459 5620 secus
3486 5568 3585 5637 ﬂr-

2021 5639 2363 5704 mameutum,
2410 5630 2462 5686 id
2501 5633 2644 5704 quod
2680 5634 2870 5702 repetit
2898 5648 3018 5701 cap.
3059 5630 3125 5689 η
3154 5635 3274 5690 libri
3317 5630 3580 5704 ejusdem.

2025 5697 2096 5753 At
2122 5713 2252 5756 vero
2277 5709 2496 5759 sanctus
2523 5697 2853 5773 Augustinus
2870 5697 3098 5774 utroque
3118 5697 3367 5775 loquendi
3389 5722 3586 5777 genere
