4082 6218
486 344 590 400 169

1587 354 1877 411 HOMILIA
1921 357 2035 413 Vlll
2072 357 2138 411 ΙΝ
2178 356 2678 416 HEXAEMERON.

3644 368 3746 423 1το

476 459 579 513 Διὰ
603 460 657 512 τί
705 458 766 523 ἐξ
799 459 1005 514 ὑδάτων
1039 461 1133 515 καὶ
1169 464 1283 528 τοῖς
1312 470 1533 538 πτηνοῖς
1558 469 1656 541 τὴν
1679 472 1892 540 γένεσιν
1929 472 2029 525 ἔδω

2163 484 2274 529 tum
2323 476 2523 531 dedit?
2568 476 2703 542 Quia
2755 477 2992 531 volatilia
3036 477 3179 532 inter
3225 485 3278 532 et
3316 480 3558 533 natatilia
3599 498 3746 548 (ιιιιὲ-

479 567 606 615 κενς
641 553 763 604 Ὅτι
799 553 987 624 ὥσπερ
1023 555 1311 624 συγγένειά
1342 558 1425 621 τίς
1455 560 1568 613 ἐστι
1595 566 1709 627 τοῖς
1737 565 2052 633 πετομένοις

478 644 613 714 πρὸς
644 643 711 696 τὰ
767 646 963 715 νηκτά.
998 646 1109 701 Καὶ
1142 648 1250 718 γάρ
1303 651 1490 724 ὥσπερ
1533 655 1582 706 οἱ
1642 655 1790 725 ἰχθῦς
1824 656 1884 709 τὸ
1911 656 2053 727 ὓδωρ

474 736 749 805 τέμνουσι,
784 739 849 807 τῇ
892 737 990 807 μὲν
1035 741 1246 811 κινήσει
1290 744 1399 797 τῶν
1430 747 1717 818 πτερύγων
1747 749 1857 820 (44)
1883 752 1962 813 εἰς
1992 750 2052 803 τὸ

475 828 661 898 πρόσω
690 829 1015 899 χωροῦντες,
1046 836 1112 904 τῇ
1143 833 1201 887 δὲ
1254 836 1348 889 τοῦ
1379 838 1597 910 οὐραίου
1635 841 1903 913 μεταϐολῇ
1951 844 2050 907 τάς

471 937 529 971 τε
556 923 925 993 περιστροφάς
952 927 1047 978 καὶ
1079 926 1177 991 τὰς
1213 929 1425 993 εὐθείας
1446 932 1621 1003 όρμάς
1642 935 1851 997 ἑαυτοῖς
1876 935 2050 987 οίακί-

470 1008 656 1074 ζοντες
678 1028 691 1042 ’
729 1011 871 1066 οὕτω
898 1016 993 1068 καὶ
1022 1018 1114 1071 ἐπὶ
1143 1019 1250 1072 τῶν
1286 1021 1501 1091 πτηνῶν
1525 1023 1671 1076 ἔστιν
1700 1025 1847 1087 ἰδεῖν,
1872 1024 2050 1096 διανη-

469 1103 713 1173 χομένων
740 1106 831 1159 τὸν
865 1109 1005 1179 ἀέρα
1028 1113 1140 1173 τοῖς
1172 1115 1392 1183 πτεροῖς
1433 1114 1572 1168 κατά
1600 1116 1687 1169 τὸν
1709 1118 1892 1188 ὅμοιον
1920 1120 2045 1189 τρό-

471 1215 590 1250 πον.
628 1197 812 1263 Ὥστε,
864 1200 1052 1272 ἐπειδὴ
1093 1202 1150 1256 ἓν
1186 1204 1381 1274 ἰδίωμα
1405 1207 1461 1257 ὲν
1492 1208 1771 1278 ἑκατέροις
1796 1210 1854 1263 τὸ
1888 1212 2047 1282 νήχε-

471 1289 616 1357 σθαι,
648 1291 745 1360 μία
773 1310 856 1356 τις
883 1294 1068 1358 αὑτοῖς
1100 1297 1132 1366 ἡ
1160 1296 1445 1364 συγγένεια
1476 1300 1540 1351 ὲκ
1570 1299 1669 1369 τῆς
1692 1300 1799 1353 τῶν
1840 1301 2045 1355 ὑδάτων

467 1382 734 1450 γενέσεως
759 1387 1093 1456 παρεσχέθη.
1149 1388 1295 1459 Πλήν
1329 1406 1392 1457 γε
1432 1391 1513 1443 ὅτι
1547 1392 1696 1445 οὐδὲν
1746 1392 1854 1446 τῶν
1909 1411 2045 1465 πτη-

467 1472 574 1527 νῶν
603 1476 795 1545 ἄπουν,
840 1477 929 1530 διὰ
974 1479 1035 1531 τὸ
1071 1481 1205 1533 πᾶσι
1257 1482 1354 1552 τὴν
1387 1482 1595 1536 δίαιταν
1639 1485 1746 1538 ἀπὸ
1793 1486 1893 1557 τῆς
1940 1488 2044 1557 γῆς

469 1566 755 1639 ὑπάρχειν,
823 1571 917 1623 καὶ
960 1571 1137 1625 πάντα
1180 1574 1494 1641 ἀναγκαίως
1544 1575 1644 1646 τῆς
1693 1575 1801 1629 τῶν
1868 1577 2043 1631 ποδῶν

465 1659 767 1731 ὑπουργίας
803 1663 1169 1734 προσδεῖσθαι.
1228 1668 1353 1730 Τοῖς
1405 1669 1500 1738 μὲν
1549 1667 1657 1738 γὰρ
1684 1670 2042 1740 ἁρπακτικοῖς

468 1750 604 1817 πρὸς
626 1748 723 1821 τὴν
746 1751 921 1823 ἄγραν
964 1755 1020 1806 αἱ
1067 1754 1175 1807 τῶν
1208 1754 1413 1826 ὀνύχων
1436 1756 1644 1826 ἀκμαί·
1684 1761 1796 1819 τοῖς
1838 1757 1894 1810 δὲ
1932 1757 2041 1811 λοι-

2161 569 2281 622 dam
2312 579 2397 622 est
2426 568 2589 623 veluti
2610 570 2880 635 cognatio.
2902 568 3361 637 Quemadmodum
3393 573 3534 627 enim
3567 574 3744 642 pisces
3834 594 3839 597 ’

2160 674 2350 727 aquam
2382 661 2669 725 secant,ad
2700 660 2955 715 ulteriora
3003 673 3149 715 motu
3196 661 3480 732 pinnarum
3515 676 3740 734 progre-

2158 750 2386 817 dientes,
2413 759 2468 802 et
2508 751 2690 803 cauda:
2738 752 3032 805 mutatione
3082 761 3193 806 tum
3231 753 3575 809 circuitiones
3630 766 3737 806 tum

2157 851 2333 895 rectos
2372 849 2547 894 motus
2591 839 2690 893 sibi
2731 840 2861 908 ipsis
2891 841 3219 909 dirigentes:
3255 846 3332 896 sic
3358 852 3411 897 et
3457 844 3507 897 in
3543 845 3739 897 volati-

2155 932 2294 987 libus
2325 934 2505 987 videre
2535 942 2636 997 est,
2675 932 3111 1000 quandoquidem
3137 933 3236 988 alis
3258 933 3419 988 simili
3445 934 3603 989 modo
3646 950 3737 989 ae-

2157 1026 2267 1079 rEm
2315 1024 2609 1092 trajiciunt.
2669 1024 2847 1089 Quare
2895 1040 3014 1078 cum
3069 1027 3286 1081 natandi
3346 1027 3649 1097 proprietas
3680 1028 3737 1081 in

2155 1112 2400 1180 utrisque
2451 1112 2521 1167 sit
2567 1129 2693 1176 una,
2744 1129 2846 1165 una
2895 1116 3139 1182 quaedam
3191 1115 3323 1183 ipsis
3377 1116 3605 1171 aiIinitas
3638 1131 3735 1183 per

2153 1217 2414 1272 aquarum
2447 1203 2853 1271 generationem
2905 1204 3097 1257 collata
3141 1215 3242 1258 est.
3288 1205 3392 1259 Sed
3430 1216 3607 1260 tamen
3640 1220 3726 1260 vo-

2152 1293 2299 1349 latile
2331 1295 2533 1349 nullum
2570 1296 2792 1364 pedibus
2818 1299 3149 1365 caret,quod
3184 1294 3380 1351 victum
3426 1299 3736 1368 snppedilat

2152 1397 2295 1442 terra
2318 1389 2588 1453 munibus,
2624 1403 2678 1442 et
2709 1389 2891 1443 omnia
2927 1390 3120 1459 pedum
3150 1390 3452 1443 ministerio
3485 1406 3733 1444 necessa-

2153 1481 2231 1535 rie
2287 1481 2545 1550 indigent.
2592 1479 2896 1550 Rapacibus
2922 1483 3135 1550 quidem
3188 1482 3332 1535 acies
3372 1482 3626 1550 unguium
3663 1482 3731 1535 ad

2148 1572 2461 1639 capiendam
2513 1573 2746 1640 praedam
2775 1615 2789 1638 ,
2849 1573 3068 1641 reliquis
3131 1587 3258 1627 vero
3301 1573 3369 1625 ob
3416 1572 3728 1625 alimentum

2148 1664 2567 1731 comparandum
2616 1672 2670 1718 et
2705 1664 2770 1716 ad
2805 1663 3063 1734 reliquam
3116 1665 3281 1718 vitam
3328 1663 3729 1732 transigendam

2149 1755 2342 1825 pedum
2382 1771 2511 1811 usus
2546 1757 2853 1810 necessario
2890 1772 3183 1812 concessus
3216 1766 3315 1810 est.
3355 1756 3520 1809 Porro
3544 1770 3727 1825 paucae

465 1844 586 1904 ποῖς
616 1842 703 1896 διά
725 1861 783 1895 τε
810 1844 902 1897 τὸν
932 1846 1197 1917 πορισμὸν
1224 1846 1324 1915 τῆς
1348 1848 1553 1917 τροφῆς
1588 1849 1680 1901 καὶ
1706 1848 1793 1901 διὰ
1812 1848 1910 1920 τὴν
1938 1849 2029 1902 λοι-

2147 1859 2273 1903 sunt
2298 1849 2565 1914 volucres,
2595 1864 2713 1917 quae
2760 1850 2930 1903 malos
2979 1851 3215 1904 habeant
3264 1851 3446 1917 pedes,
3501 1862 3728 1917 qumque

465 1931 572 2002 πὴν
601 1934 696 1987 τοῦ
749 1935 864 2005 βίου
920 1938 1258 2010 διεξαγωγὴν
1309 1940 1579 2009 ἀναγκαία
1622 1941 1729 1995 τῶν
1784 1942 1962 1995 ποδῶν
2003 1946 2036 2014 ἡ

465 2020 739 2093 ὑπηρεσία
760 2024 1080 2097 δεδώρηται.
1125 2027 1322 2096 Ὀλίγοι
1352 2029 1409 2082 δὲ
1463 2029 1571 2083 τῶν
1614 2030 1841 2100 ὀρνίθων
1872 2032 2038 2085 κακό-

463 2112 624 2177 ποδές
646 2116 802 2182 εἰσιν,
827 2115 951 2169 οὑτε
1002 2117 1235 2187 βαδίζειν
1282 2118 1405 2173 οὔτε
1456 2122 1713 2193 ἀγρεύειν
1740 2126 1850 2186 τοῖς
1882 2125 2039 2177 ποσὶν

462 2203 786 2275 ἐπιτήδειοιο
825 2208 900 2270 ὼς
930 2209 992 2261 αῖ
1034 2228 1094 2262 τε
1154 2210 1420 2281 χελιδόνες
1448 2214 1555 2266 εἰσὶ
1582 2214 1715 2285 (45),
1743 2213 1866 2267 οὔτε
1889 2216 2038 2285 βαδί-

459 2291 574 2358 ζειν
602 2294 725 2348 οὑτε
757 2298 1011 2367 ἀγρεύειν
1038 2301 1354 2374 δυνάμεναι,
1393 2305 1486 2356 καὶ
1513 2305 1569 2356 αἱ
1612 2306 1927 2376 δρεπανίδες
1952 2307 2039 2361 λε-

456 2383 707 2453 γόμεναι,
741 2381 821 2449 οἷς
871 2390 903 2458 ἡ
934 2390 1107 2460 τροφὴ
1158 2392 1268 2444 ἀπὸ
1308 2391 1421 2445 τῶν
1447 2396 1503 2446 ὲν
1537 2393 1615 2464 τῷ
1652 2395 1774 2467 ἀέρι
1800 2398 2037 2469 ἐμφερο-

461 2475 636 2543 μένων
653 2478 1015 2549 ὲπινενὸηται.
1034 2481 1277 2535 Χελιδόνι
1298 2483 1353 2536 δὲ
1383 2486 1443 2537 τὸ
1462 2488 1559 2556 τῆς
1589 2487 1843 2558 πτήσεως
1873 2489 2038 2561 πρόσ-

458 2581 606 2633 γειον
638 2570 759 2621 ἀντὶ
791 2570 891 2639 τῆς
922 2571 1030 2624 τῶν
1054 2573 1228 2627 ποδῶν
1257 2575 1561 2647 ὑπηρεσίας
1591 2579 1755 2634 ἐστίν.

528 2660 583 2713 5.
621 2661 743 2712 Εἰσὶ
776 2662 958 2731 μέντοι
991 2665 1162 2731 γενῶν
1207 2666 1460 2738 διαφοραὶ
1488 2672 1677 2741 μυρίαι
1708 2674 1801 2726 καὶ
1834 2676 1891 2728 ὲν
1924 2678 2037 2740 τοῖς

457 2748 682 2820 ὑρνισιν,
706 2751 772 2815 ἃς
801 2754 896 2807 ἐάν
926 2772 1011 2818 τις
1044 2757 1184 2811 κατά
1216 2758 1307 2811 τὸν
1336 2762 1496 2814 αὑτὸν
1524 2764 1724 2834 τρόπον
1750 2766 1879 2839 ἐπίῃ
1913 2767 2034 2821 καθ’

456 2838 513 2891 ὃν
545 2840 603 2893 ὲν
634 2841 791 2922 μέρει
837 2844 933 2897 καὶ
973 2845 1073 2915 τῆς
1104 2847 1213 2901 τῶν
1254 2850 1454 2920 ἰχθύων
1498 2853 1795 2920 ἐξετάσεως
1822 2838 2034 2929 tened-

458 2930 617 3000 μεθα,
644 2934 866 3005 εὑρήσει
912 2936 970 2990 ἒν
1008 2938 1107 3009 μὲν
1162 2939 1333 3012 ὄνομα
1370 2944 1478 2997 τῶν
1526 2949 1805 3013 πετεινῶν,
1835 2950 2034 3022 μυρίας

455 3024 509 3077 δὲ
539 3026 595 3076 ἐν
619 3026 829 3091 τούτοις
846 3029 1109 3103 διαφορὰς
1132 3033 1189 3087 ἔν
1214 3051 1272 3087 τε
1300 3039 1414 3099 τοῖς
1438 3039 1688 3107 μεγέθεσι
1722 3042 1815 3094 καὶ
1843 3044 1899 3095 ἐν
1921 3046 2034 3107 τοῖς

456 3117 701 3187 σχήμασι
731 3122 824 3174 καὶ
855 3123 911 3175 ἐν
940 3127 1061 3188 ταῖς
1100 3125 1291 3197 χρόαις
1311 3145 1325 3158 ·
1384 3130 1478 3182 καὶ
1524 3132 1666 3184 κατὰ
1697 3134 1823 3196 τοὺς
1862 3134 2028 3204 βίους,

1940 2643 2109 2659 ἐν’-⁸⁸⁸*-

2145 1940 2259 1994 sive
2285 1942 2348 1993 ad
2376 1940 2783 2003 ambulandum,
2814 1943 2927 1995 sive
2962 1941 3028 1995 ad
3063 1941 3361 1994 venandum
3387 1940 3595 1995 idoneae
3620 1956 3724 1994 non

2144 2032 2252 2086 sint
2281 2032 2525 2102 pedibus,
2549 2048 2647 2087 ceu
2701 2034 3038 2097 hirundines,
3067 2048 3184 2103 quze
3221 2049 3393 2101 neque
3423 2034 3720 2101 ambulare,

2143 2138 2317 2191 neque
2370 2123 2559 2177 venari
2613 2134 2856 2192 possunt,
2908 2133 2960 2178 et
2991 2139 3121 2178 aves
3165 2124 3380 2178 nomine
3417 2126 3721 2193 drepanes,

2141 2216 2338 2284 quibus
2374 2215 2627 2269 alimonia
2649 2230 2713 2269 ex
2741 2216 2804 2269 iis
2837 2230 2955 2284 quae
2981 2216 3222 2270 feruntur
3247 2217 3298 2269 in
3331 2231 3479 2282 aere,
3508 2217 3723 2285 provisa

2139 2316 2243 2361 est.
2259 2306 2527 2361 Caeterum
2552 2307 2775 2361 ‘volatus
2810 2318 2969 2364 terra:
2998 2307 3205 2362 vicinus
3233 2308 3285 2362 in
3311 2309 3599 2364 hirundine
3624 2323 3720 2379 pe-

2137 2399 2263 2455 dum
2292 2400 2473 2471 explet
2500 2398 2747 2455 oﬂiciuin.

2205 2681 2259 2736 ὅ.
2304 2679 2442 2736 Sunt
2486 2689 2664 2736 autem
2728 2681 3023 2736 innumerae
3088 2697 3343 2752 generum
3406 2681 3721 2739 dilfercntia:

2137 2774 2299 2828 etiam
2327 2773 2377 2827 in
2406 2772 2741 2827 volucribus:
2770 2788 2903 2841 quas
2926 2773 2969 2826 si
2998 2774 3118 2841 quis
3143 2782 3419 2841 percurrat
3448 2788 3511 2826 eo
3534 2773 3715 2838 modo,

2136 2880 2243 2933 quo
2270 2864 2464 2934 partim
2498 2865 2723 2933 piscium
2763 2879 2989 2918 examen
3040 2866 3352 2934 attigimus;
3384 2882 3547 2918 unutn
3592 2865 3715 2934 qui-

2136 2956 2258 3012 dem
2296 2956 2574 3010 volucrum
2618 2971 2847 3022 nomen,
2895 2957 2987 3010 sed
3037 2956 3274 3011 inlinitas
3330 2958 3716 3028 magnitudinis

2138 3050 2541 3120 ﬁgurarumque
2568 3059 2621 3104 et
2646 3050 2889 3104 colorum
2923 3048 3257 3105 differentias
3306 3051 3358 3105 in
3412 3052 3496 3105 his
3534 3068 3716 3120 reper-

2139 3152 2289 3196 turus
2312 3153 2413 3196 est.
2442 3143 2520 3197 Ad
2551 3144 2714 3197 vitam
2743 3145 2928 3210 etiam,
2958 3155 3013 3198 et
3043 3145 3108 3198 ad
3151 3146 3392 3200 actiones
3426 3161 3715 3213 moresque

454 3210 546 3261 καὶ
574 3210 674 3271 τὰς
704 3211 953 3281 πράξεις,
980 3215 1073 3267 καὶ
1096 3216 1161 3269 τά
1190 3216 1318 3287 ἤθη,
1352 3220 1631 3291 ἀμύθητον
1654 3220 1819 3276 οὖσαν
1850 3225 2029 3288 αὑτοῖς

2134 3237 2274 3304 quod
2312 3246 2549 3306 spectat,
2586 3238 2998 3319 inenarrabilem
3042 3240 3331 3308 quamdam
3380 3240 3520 3294 inter
3568 3240 3713 3311 ipsas

454 3298 549 3370 τὴν
576 3302 713 3372 πρὸς
755 3304 959 3374 ἄλληλα
1010 3309 1390 3382 παραλλαγήν.
1421 3314 1560 3385 Ἤδη
1605 3316 1705 3385 μὲν
1756 3312 1849 3370 οὑν
1888 3336 2032 3383 τινες

453 3391 823 3467 ἐπειράθησαν
886 3399 979 3451 καὶ
1045 3400 1485 3471 ὀνοματοποιίαις
1542 3408 1867 3479 χρήσασθαι,
1940 3411 2029 3475 ἵν’,

453 3480 639 3555 ὥσπερ
676 3486 762 3540 διὰ
795 3493 1084 3561 καυτήρων
1117 3494 1277 3548 τινῶν
1310 3498 1407 3566 τῆς
1464 3499 1767 3570 ἀσυνήθους
1816 3505 1911 3557 καὶ
1946 3503 2031 3569 ξέ-

452 3590 550 3643 νης
578 3576 890 3647 ὀνομασίας,
925 3583 985 3635 τὸ
1036 3584 1230 3655 ἰδίωμα
1276 3588 1505 3642 ἑκάστου
1545 3594 1735 3661 γένους
1773 3595 2030 3664 ἐπιγινώ-

453 3681 669 3737 σκηται.
706 3672 813 3724 Καὶ
858 3674 927 3727 τά
966 3676 1065 3745 μὲν
1100 3679 1389 3749 ὠνόμασαν
1413 3682 1740 3756 σχιζόπτερα
1768 3687 1900 3759 (46),
1954 3688 2029 3752 ὡς

449 3760 576 3823 τοὺς
601 3762 819 3827 ἀετούς·
855 3764 924 3819 τὰ
950 3768 1007 3820 δὲ
1051 3769 1418 3845 δερμόπτερα,
1444 3776 1520 3839 ὡς
1545 3778 1642 3840 τὰς
1670 3779 1985 3850 νυκτερίδας
2009 3796 2022 3810 ο

450 3954 578 4013 usus
595 3949 697 4013 est.
726 3943 1007 3997 secundum
1027 3945 1438 4013 ﬁrmamentum,
1466 3961 1519 4002 et
1550 3953 1643 4003 sub
1673 3952 2023 4012 ﬁrmamento.

450 4008 593 4076 Lege
627 4011 918 4066 Nobilium.
948 4008 1318 4091 Tertullianus
1347 4008 1474 4073 Adii.
1513 4008 1894 4091 Hermog.,per
1927 4022 2025 4090 [ir—

450 4094 768 4154 mamengtm
793 4096 809 4133 :
832 4100 950 4150 qtue
976 4086 1349 4154 interpretatio
1382 4092 1614 4144 maxime
1633 4086 1882 4146 convenit
1900 4086 2021 4146 cum

452 4162 630 4202 mente
666 4150 867 4230 Basilii.
899 4154 1049 4230 pum
1070 4150 1406 4230 enimAPater
1433 4162 1787 4229 gravissimus
1812 4177 1907 4230 per
1928 4178 2023 4217 v0-

451 4233 566 4298 cem
600 4222 883 4298 στερέωμα
900 4216 1051 4278 ἠἱΙιίΙ
1083 4226 1238 4298 aliud
1270 4216 1531 4298 intelligat
1561 4232 1663 4286 nisi
1712 4216 1915 4298 acrem,
1945 4232 2020 4287 uti

452 4287 647 4370 legitur
673 4287 771 4370 sub
793 4287 967 4350 .iinem
1006 4297 1229 4370 httjttsce
1258 4287 1544 4363 orationis,
1576 4304 1819 4370 sequitur
1850 4287 2018 4355 εἶ’νο-

452 4359 616 4412 latilia
648 4361 821 4440 volent
844 4380 939 4432 per
959 4359 1162 4431 aerem,
1192 4368 1305 4434 ipsa
1332 4386 1426 4437 per
1457 4359 1853 4426 ﬁrmamentum
1883 4387 2019 4440 quo-

449 4445 554 4500 que
588 4430 785 4500 volare.

521 4498 632 4580 (44)
664 4500 881 4580 Aliquot
914 4519 1042 4558 mss.
1091 4505 1198 4580 τῶν
1232 4510 1557 4580 πτερυγίων.
1606 4512 1801 4567 Stalim
1862 4513 2015 4571 Colb.

449 4572 655 4647 primus
678 4571 858 4647 τάςτε
884 4578 1239 4647 περιτροπάς.

522 4640 633 4716 (45)
676 4641 747 4716 lt_a
789 4640 1463 4716 Regii'priinus,’quintus,
1489 4664 1676 4706 sextus
1710 4661 1763 4706 et
1794 4664 2017 4709 octavus

448 4713 809 4790 cuntuduqblts
846 4714 1179 4790 ColbsEditi
1218 4713 1343 4772 vero
1377 4713 1642 4790 χελιδόνες
1678 4725 1783 4776 εἰσὶ
1818 4726 1910 4778 καὶ
1936 4728 2013 4790 αἱ,

452 4781 654 4862 mittile.
699 4783 897 4839 Ibidem
943 4786 1036 4838 καὶ
1068 4788 1123 4839 ai
1162 4781 1496 4863 desaevitis;
1538 4805 1584 4845 et
1617 4781 1888 4863 drepanes.
1927 4781 2017 4850 Sic

450 4852 623 4929 visum
658 4863 740 4906 est
777 4864 985 4929 vertere
1008 4872 1133 4929 cum
1188 4852 1380 4921 Plinio,
1437 4852 1528 4929 qui
1578 4865 1677 4917 hac
1709 4852 1840 4925 'ipsa
1885 4881 2016 4920 voce

449 4921 545 5002 lib.
571 4935 801 5002 ξιηρερ.
828 4924 916 4986 t7,
945 4926 1020 5002 an
1051 4942 1153 4980 n0n
1179 4929 1405 5002 dubitat.
1436 4921 1564 5002 Ejus
1592 4933 1705 4988 h:ec
1737 4921 1861 4989 sum
1895 4951 2015 4989 ver-

449 4993 543 5067 ba:
567 4992 866 5061 Quinegant
888 4995 1144 5067 volucrem
1175 4998 1335 5051 ullant
1353 5002 1465 5055 sine
1478 4992 1706 5064 'pedibus
1721 5021 1852 5067 esse,
1885 5022 2013 5057 con-

444 5061 657 5130 ﬁrmant
692 5075 737 5115 et
759 5067 959 5139 upodas
986 5066 1273 5139 haberetet
1302 5085 1446 5134 oten,
1477 5061 1525 5124 et
1558 5061 1916 5139 drepanin,’in
1937 5077 2012 5128 eis

446 5147 562 5201 qua:
586 5136 852 5207 rarissime
892 5147 1166 5203 apparent.
1202 5138 1524 5206 Interpretes
1570 5136 1799 5207 veteres,
1824 5136 1906 5197 Et
1940 5162 2013 5198 ea:

442 5203 797 5279 qutelalculte
814 5219 1202 5273 nuncupantur,
1224 5218 1315 5261 aut
1341 5203 1572 5279 ripariw.
1615 5214 1722 5269 llas
1759 5203 1885 5269 aves
1922 5231 2013 5269 v0-

445 5282 529 5325 cat
555 5271 869 5344 Eustathius
892 5271 1147 5344 meropes.

518 5344 628 5413 (46)
657 5343 871 5419 Libuit,
896 5348 1036 5419 quod
1074 5364 1181 5402 non
1219 5360 1564 5418 suppeterent
1604 5353 1763 5407 verba
1797 5356 2008 5419 Latina,

445 5412 525 5464 sic
558 5424 767 5494 vertere
794 5412 1171 5482 schisopteras,
1194 5412 1305 5494 etc:
1324 5412 1476 5475 'Aves
1498 5434 1676 5477 autem
1708 5412 2010 5494 schizopte;

449 5496 542 5561 ne,
588 5498 665 5561 ea:
713 5485 985 5561 dicantur,
1038 5504 1158 5555 qua:
1193 5490 1392 5545 habent
1439 5507 1666 5558 pennam
1697 5485 2008 5561 discretam,

448 5552 563 5603 alas
608 5554 782 5633 lissas.
817 5552 1197 5633 Dermoptcras
1221 5577 1313 5614 eas
1347 5552 1617 5625 voc-amns,
1642 5566 1839 5633 quibus
1872 5552 2010 5619 cutis

448 5636 545 5689 pro
570 5624 759 5703 pennis
791 5639 895 5703 est.
938 5624 1147 5703 l’ti'lota:
1174 5646 1253 5703 ea:
1284 5624 1677 5698 intelliguntur;
1708 5650 1828 5703 qua:
1865 5636 2008 5689 sicca

450 5693 760 5774 membrana
812 5699 1008 5751 volant.
1060 5698 1300 5768 Denique
1358 5693 1693 5771 coléOpteras
1726 5693 2009 5774 'appellare

446 5760 622 5815 solent
647 5778 739 5819 eas
770 5782 999 5835 quarum
1024 5760 1225 5839 pennae
1242 5774 1431 5843 vagina
1467 5760 1832 5830 continentur:
1858 5776 2009 5842 Quod

2136 3330 2501 3398 deprehendet
2532 3331 2870 3384 varietatem.
2900 3330 3018 3384 Jam
3056 3347 3185 3386 vero
3207 3334 3383 3386 conati
3417 3343 3541 3387 sunt
3579 3351 3713 3388 non.

2136 3421 2265 3475 nulli
2309 3422 2557 3476 confictis
2610 3423 2915 3477 nominibus
2949 3424 3143 3488 uti,ut,
3190 3424 3348 3479 veluti
3379 3440 3472 3491 per
3504 3426 3712 3480 inustas

2134 3513 2392 3582 quasdam
2418 3513 2645 3567 insolitae
2681 3523 2733 3568 et
2771 3516 3066 3584 peregrina:
3111 3516 3485 3583 appellationis
3529 3528 3710 3581 notas,

2137 3602 2423 3673 cujuslibet
2451 3605 2665 3674 generis
2698 3606 3001 3674 preprietas
3056 3618 3433 3675 cognoscatur.
3465 3608 3529 3662 Et
3576 3608 3712 3661 alias

2134 3696 2347 3766 quidem
2380 3710 2506 3749 aves
2549 3697 2893 3750 nominarunt
2921 3698 3288 3765 schizopteras
3309 3740 3324 3762 ,
3355 3701 3430 3752 uti
3458 3700 3664 3769 aquilas
3692 3717 3708 3758 :

2132 3785 2265 3839 alias
2321 3799 2451 3840 vero
2501 3785 2904 3855 dermopteras,
2966 3798 3022 3842 ut
3074 3789 3484 3859 vespertiliones
3522 3808 3535 3844 :
3575 3790 3708 3845 alias

2138 3949 2225 4026 hic
2258 3950 2855 4026 scgiptumjnvenitnus
2881 3956 2947 4026 de
2975 3952 3327 4026 _cole0pteris,
3366 3954 3416 4009 id
3443 3972 3545 4011 non
3580 3973 3705 4026 pro-

2134 4023 2292 4073 batur
2318 4021 2481 4077 Petro
2509 4021 2705 4077 Petito.
2740 4023 2904 4093 Igitur
2934 4023 3025 4076 lib.
3054 4040 3105 4076 Iv
3138 4021 3601 4082 Miscellanearum
3624 4039 3707 4081 ot:-

2127 4093 2665 4167 servationum,__cap.
2705 4093 2795 4155 16,
2855 4096 3093 4163 loquitur
3147 4097 3245 4167 huc
3290 4098 3447 4167 modo
3481 4116 3493 4151 :
3531 4099 3706 4167 Hujus

2127 4161 2306 4235 itaque
2335 4161 2627 4216 volatiliuni
2656 4161 2941 4217 secundum
2975 4168 3183 4217 alarum
3213 4166 3543 4235 diﬁcrentias
3574 4161 3704 4222 diri-

2127 4232 2315 4304 siouis,
2346 4242 2533 4304 uetera
2552 4236 2760 4303 quidem
2780 4236 2923 4295 bene,
2949 4246 2995 4287 et
3021 4252 3084 4288 ea:
3103 4232 3399 4290 Aristolelis
3425 4241 3702 4304 sententia,

2128 4301 2267 4377 unde
2298 4303 2493 4377 accepit
2530 4301 2633 4377 .j‘in
2653 4321 2772 4357 vace
2801 4304 3171 4377 κουλεὸπτερα
3221 4323 3325 4359 ηοη
3377 4301 3705 4363 mediocriter

2128 4370 2483 4448 Itall‘ucinatus
2504 4374 2723 4448 videtur,
2752 4391 2868 4428 cum
2897 4387 3044 4443 putat
3080 4370 3365 4448 signiﬁcari
3400 4378 3495 4431 hoc
3536 4384 3704 4431 nomi-

2053 4459 2104 4519 Ι)
2132 4456 2194 4519 ne
2230 4443 2547 4495 insectorum
2589 4445 2720 4519 illud
2768 4462 2950 4514 genus,
3006 4443 3444 4515 quw'iuuolucris
3485 4450 3701 4517 quibus-

2127 4512 2249 4563 dam
2280 4525 2526 4586 concepta
2555 4524 2601 4566 et
2626 4514 2737 4582 fota
2772 4512 2847 4567 ad
2873 4512 3087 4586 aliquod
3115 4527 3335 4582 tempus,
3369 4512 3700 4583 postmodum

2120 4583 2389 4646 putamine
2430 4585 2667 4651 disrupta
2719 4583 2968 4641 evolant.‘
3014 4598 3069 4640 ut
3102 4590 3167 4640 de
3194 4589 3390 4641 cicadis
3425 4586 3700 4643 Lucretius

2120 4664 2369 4704 memorat
2392 4653 2482 4707 lib.
2523 4669 2554 4706 v
2584 4672 2596 4706 :

2192 4719 2481 4776 Folliculos
2507 4734 2565 4776 ut
2591 4737 2731 4776 nunc
2755 4733 2957 4780 teretes
2992 4736 3179 4780 aestate
3212 4727 3413 4780 cicadae

2194 4790 2466 4866 Linquttnt
2492 4803 2681 4866 sponte
2714 4808 2831 4866 sua,
2866 4798 3061 4866 victum
3094 4799 3367 4863 vitamque
3395 4806 3654 4866 petentes.

2119 4857 2367 4939 Plane
2398 4857 2700 4939 vei-baleriae
2738 4864 2937 4939 Basilii
2972 4878 3159 4919 sonant
3187 4882 3206 4919 :
3253 4857 3374 4939 ὅσα
3395 4857 3457 4920 ἓν
3502 4868 3698 4939 θήκαις

2118 4931 2228 5008 τισὶ.
2255 4932 2347 4983 καὶ
2368 4932 2683 5003 περιϐολαῖς
2713 4935 3040 5008 γεννηθέντα
3076 4938 3524 5008 περιρραγέντος,
3555 4931 3692 5003 elc.,

2116 5001 2324 5078 quibus,
2353 5001 2469 5069 qua:
2492 5008 2703 5071 proprie
2728 5001 3101 5077 κουλεόπτερα
3144 5001 3411 5072 dicantur,
3442 5001 3714 5078 explicat.,

2117 5073 2181 5123 At
2208 5072 2346 5138 [also
2366 5083 2624 5148 etprteter
2647 5087 2865 5129 mentem
2893 5072 3209 5142 Aristotelis,
3240 5080 3328 5148 qui
3348 5072 3692 5147 longe'diver-

2115 5157 2359 5219 so‘sensu
2390 5145 2475 5219 ‘id_
2506 5160 2689 5197 nomen
2730 5156 2966 5219 usurpat.
3016 5148 3139 5202 Non
3177 5145 3315 5219 enim
3346 5151 3408 5200 ab
3438 5145 3520 5202 iis
3545 5150 3693 5219 folli-

2115 5212 2249 5290 culis
2289 5213 2657 5290 κουλεόπτερα
2680 5216 2783 5268 vult
2806 5212 2931 5281 dici,
2959 5220 3049 5271 sed
3076 5218 3433 5290 (ιθ-ἐλύτροις,
3465 5212 3689 5289 vaginis,

2112 5283 2299 5347 quibus
2355 5286 2455 5336 ala:
2505 5283 2683 5337 eorum
2736 5292 3064 5340 muniuntur.
3118 5287 3261 5341 Nam
3298 5283 3692 5343 'ercis'xouL

2112 5348 2234 5404 λεόν
2268 5353 2459 5425 vagina
2486 5364 2582 5408 est.
2615 5353 2763 5425 Unde
2788 5356 3090 5411 Theodorus
3118 5375 3207 5413 eas
3234 5360 3466 5413 volucres
3487 5364 3693 5425 vagini-

2113 5436 2315 5489 pennes
2334 5421 2517 5477 Latine
2543 5426 2710 5478 vertit.
2738 5424 2821 5478 Ita
2838 5428 2973 5480 enim
2990 5428 3231 5482 Griecum
3255 5447 3440 5482 nomen
3471 5421 3690 5485 κουλεό-

2114 5508 2313 5570 πτερον
2334 5510 2461 5570 sane
2478 5510 2580 5570 non
2610 5495 2887 5563 infeliciter
2901 5501 3175 5565 expressit.
3204 5501 3422 5552 Alarum
3467 5508 3689 5570 proinde

2110 5564 2222 5615 lucc
2252 5564 2549 5639 differentia
2581 5578 2653 5639 est
2686 5576 2732 5618 et
2760 5564 3073 5639 proprietas,
3117 5586 3221 5623 non
3265 5571 3364 5624 loci
3414 5564 3594 5638 in'quo
3628 5576 3684 5639 ﬁt

2109 5634 2569 5712 generatia._Quod
2597 5637 2709 5712 ipsa
2726 5638 2913 5712 divisio
2936 5642 3226 5712 Aristotelis
3269 5642 3487 5705 indicat,
3505 5634 3688 5712 quaex

2109 5705 2667 5785 atarmnndi/[erentiis
2695 5708 2957 5763 volucrum
2976 5711 3298 5779 ili/Terentius
3323 5705 3558 5780 venatur,
3594 5716 3679 5766 lib.

2110 5787 2145 5838 ι,
2175 5789 2288 5842 cap.
2319 5774 2377 5842 5;
2410 5786 2513 5832 etc.
