4082 6218
340 308 441 372 171
1648 311 1706 366 S.
1742 307 1990 366 BASILII
2031 307 2250 365 MAGNI
3488 317 3593 372 172

339 420 577 493 ptilotas,
597 427 655 473 ut
668 432 857 487 vespas
882 435 896 472 :
915 417 1049 475 alias
1064 434 1251 476 rursus
1265 420 1726 496 coleopteras,73
1743 435 1926 480 utsca-

2030 422 2091 476 τὰ
2118 424 2174 477 δὲ
2203 425 2466 490 πτιλωτὰ,
2497 425 2574 489 ὡς
2603 424 2730 490 τοὺς
2757 425 3001 499 σφῆκας*
3042 444 3115 483 τα
3149 426 3207 481 δὲ
3236 428 3591 503 κολεόπτερα,

340 513 554 576 rabeos,
580 522 635 567 et
663 526 993 581 quacunque
1023 512 1075 566 in
1097 513 1273 569 thecis
1292 514 1608 584 quibusdam
1636 524 1690 570 et
1717 517 1923 570 amicu-

2030 516 2098 579 ὡς
2127 517 2255 580 τοὺς
2283 517 2609 590 κανθάρους,
2645 519 2740 572 καὶ
2772 519 2892 585 ὅσα,
2917 520 2976 573 ἐν
3003 519 3198 591 θήκαις
3230 522 3341 575 τισὶ
3372 524 3467 576 καὶ
3493 542 3595 577 πε-

338 601 407 663 lis
426 613 715 672 generatae,
743 613 927 659 crusta
956 604 1026 660 ab
1061 606 1193 674 ipsis
1232 606 1515 675 distracta,
1538 609 1607 664 ad
1633 610 1921 664 velandum

2030 606 2262 677 ριϐολαῖς
2282 608 2628 681 γεννηθέντα,
2665 612 3090 684 περιρραγέντος
3134 614 3320 679 αὐτοῖς
3347 615 3441 669 τοῦ
3472 617 3594 670 ἐλύ-

343 697 606 766 εκροιιίιω
648 697 901 750 evadunt.
960 698 1156 752 Verum
1192 698 1465 756 sufﬁciens
1506 701 1661 756 nobis
1694 710 1816 756 nota
1841 710 1924 756 est

2030 715 2171 769 τρου,
2199 699 2335 770 πρὸς
2361 700 2461 771 τὴν
2492 701 2690 772 πτῆσιν
2729 703 3095 778 ἠλευθερώθη.
3145 706 3284 760 Ἀλλ’
3331 709 3461 779 ἡμῖν
3491 710 3594 781 ἅρ-

339 790 407 847 ad
438 804 693 859 generum
729 787 1116 859 proprietatem
1176 793 1582 860 assignandam,
1616 795 1923 851 communis

339 896 490 945 usus,
518 888 571 935 et
595 880 769 937 allatae
794 896 825 936 a
858 881 1138 953 Scriptura
1170 883 1236 939 de
1268 884 1482 939 mundis
1521 894 1577 938 et
1629 885 1924 943 immundis

338 973 736 1035 distinctiones.
802 974 963 1029 Aliud
1033 977 1217 1046 itaque
1275 978 1688 1033 carnivorarum
1751 993 1923 1048 genus

335 1076 422 1122 est
449 1106 464 1128 ,
499 1067 713 1138 aliaque
767 1069 1103 1135 constitutio,
1140 1069 1207 1123 ad
1263 1071 1482 1125 modum
1532 1085 1641 1139 quo
1669 1071 1798 1141 ipsze
1826 1087 1919 1127 ve-

338 1170 585 1228 scuntur,
636 1164 1040 1218 accommodata
1077 1178 1092 1228 ;
1128 1163 1383 1227 unguium
1411 1163 1574 1231 acies,
1602 1173 1655 1218 et
1689 1172 1919 1219 rostrum

338 1252 644 1317 incurvum,
678 1261 734 1308 et
788 1268 963 1324 penna
1014 1254 1203 1316 velox,
1247 1263 1307 1308 ut
1340 1263 1395 1308 et
1440 1252 1594 1309 facile
1633 1253 1924 1323 arripiatur

338 1347 543 1417 praeda,
573 1356 624 1401 et
649 1346 905 1401 dilaniata
946 1346 1261 1400 alimentum
1307 1345 1399 1401 ﬁat
1431 1346 1761 1416 prtedatrici.
1802 1346 1921 1401 Alia

339 1454 528 1493 earum
558 1438 873 1493 constitutio
902 1446 1008 1502 est,
1054 1453 1174 1507 quae
1221 1438 1431 1494 semina
1487 1437 1747 1505 colligunt
1777 1437 1920 1492 :alia

339 1541 549 1591 earum,
601 1545 722 1598 qua:
764 1529 911 1583 omni
954 1545 1012 1584 re
1046 1530 1203 1585 obvia
1237 1531 1572 1586 nutriuntur.
1622 1529 1687 1584 Et
1744 1529 1796 1584 iu
1837 1520 1923 1586 his

339 1619 584 1689 plurimae
615 1619 950 1676 dill‘erentim.
975 1622 1221 1691 Ipsarum
1251 1623 1394 1677 enim
1434 1622 1700 1692 quaedam,
1733 1636 1923 1692 grega-

341 1710 423 1765 les
464 1721 592 1765 sunt
628 1729 643 1765 :
686 1714 927 1783 exceptis
970 1714 1295 1784 rapacibus,
1342 1714 1485 1769 inter
1525 1728 1660 1784 quas
1693 1714 1922 1768 societas

345 1803 492 1856 nulla
539 1813 621 1858 est
668 1813 864 1873 praeter
891 1805 1229 1876 coniugalem
1280 1805 1734 1874 conjunctionem.
1784 1805 1921 1859 Sunt

341 1910 473 1949 vero
498 1895 617 1950 aliae
648 1897 966 1960 innumerte,
997 1913 1118 1966 quae
1155 1899 1491 1952 collectivam
1527 1897 1922 1965 amplectuntur

344 1988 532 2051 vitam,
560 1998 617 2042 ut
646 1989 933 2050 columbae.
958 2005 1139 2055 grues,
1159 1991 1355 2053 sturni,
1385 1988 1609 2059 graculi.
1635 1987 1843 2042 Rursus
1865 1987 1919 2041 in

344 2083 428 2138 his
458 2080 577 2134 alite
611 2080 806 2135 nullius
848 2082 1152 2136 subduntur
1200 2082 1449 2150 imperio,
1473 2088 1528 2134 et
1576 2088 1704 2133 sunt
1756 2078 1919 2133 veluti

343 2173 427 2228 sui
482 2172 668 2240 juris;
716 2171 835 2228 alite
887 2173 1010 2228 duci
1066 2172 1262 2244 subjici
1313 2188 1421 2227 non
1467 2179 1742 2238 recusant,
1775 2170 1924 2227 velut

342 2279 523 2335 grues.
556 2262 676 2318 Jam
708 2277 835 2318 vero
864 2263 1028 2317 etiam
1071 2262 1175 2317 alia
1211 2261 1457 2332 quaedam
1490 2271 1574 2317 est
1615 2262 1670 2316 in
1706 2263 1789 2316 his
1818 2260 1921 2315 dif-

343 2355 597 2418 ferentia,
620 2354 774 2425 juxta
805 2370 963 2425 quam
1004 2355 1122 2410 alite
1159 2370 1433 2425 nunquam
1463 2356 1647 2409 sedem
1689 2361 1918 2421 mutant,

343 2457 576 2518 suntque
605 2449 907 2519 indigenae:
937 2447 1058 2503 alite
1085 2447 1263 2503 solent
1290 2447 1603 2516 longissime
1620 2445 1919 2508 discedere,

344 2553 400 2598 et
429 2544 606 2598 hieme
639 2542 1103 2612 appropinquante
1136 2548 1196 2595 ut
1222 2539 1513 2609 plurimum
1548 2538 1603 2592 in
1643 2538 1805 2591 alium
1843 2535 1923 2590 lo-

344 2650 466 2691 cum
489 2650 608 2691 sese
630 2635 886 2705 recipere.
910 2634 1049 2702 Quin
1074 2645 1129 2689 et
1153 2632 1456 2700 complures
1481 2646 1628 2696 aves,
1651 2632 1776 2686 dum
1800 2630 1925 2683 edu-

344 2735 557 2786 cantur,
604 2734 985 2781 mansuescunt
1015 2724 1679 2791 cicuranturque,pra:ter
1716 2719 1922 2776 debiles

347 2834 413 2875 ac
443 2819 711 2883 inlirmas,
757 2833 877 2887 quae
913 2817 984 2872 ob
1017 2816 1242 2871 nimiam
1284 2815 1622 2869 timiditatem
1648 2827 1712 2867 ac
1740 2811 1927 2866 formi-

2021 790 2193 844 κοῦσα
2250 793 2549 863 σημείωσις
2588 794 2724 868 πρὸς
2770 796 2869 867 τὴν
2916 796 3023 849 τῶν
3074 797 3247 866 γενῶν
3278 798 3517 868 ἰδιότητα
3556 802 3590 871 ἡ

2021 884 2175 956 κοινὴ
2205 885 2420 957 χρῆσις,
2447 886 2541 939 καὶ
2572 888 2622 940 οί
2644 887 2791 958 παρὰ
2821 887 2921 958 τῆς
2942 889 3165 960 Γραφῆς
3191 890 3318 961 περί
3343 908 3401 944 τε
3423 891 3596 945 καθα-

2023 973 2132 1046 ρῶν
2163 976 2257 1028 καὶ
2295 975 2621 1047 ἀκαθάρτων
2662 976 2952 1048 διορισμοί.
2985 978 3147 1032 ΙΙ’Δλλο
3194 980 3290 1051 μὲν
3318 976 3412 1035 οὖν
3438 983 3593 1050 γένος

2019 1065 2081 1118 τὸ
2110 1064 2218 1118 τῶν
2249 1065 2632 1136 σαρκοφάγων,
2663 1067 2757 1120 καί⁸
2789 1066 2922 1140 άλλη
2959 1070 3267 1143 κατασκευὴ
3308 1071 3593 1142 πρέπουσα

2019 1156 2098 1228 τῷ
2128 1158 2315 1229 τρόπῳ
2341 1159 2439 1229 τῆς
2493 1159 2703 1230 διαίτης
2749 1160 2948 1226 αὐτῶν,
3002 1160 3207 1232 ὀνύχων
3254 1163 3450 1233 άκμαὶ,
3499 1166 3594 1218 καὶ

2020 1249 2198 1319 χεῖλος
2224 1249 2478 1318 ἀγκύλον,
2512 1249 2607 1305 καὶ
2633 1251 2833 1323 πτερὸν
2855 1250 2972 1320 ὀξὺ,
3003 1252 3143 1306 ὥστε
3168 1254 3263 1309 καὶ
3290 1255 3596 1328 συλληφθῆ-

2020 1357 2109 1393 ναι
2138 1340 2337 1411 ῥᾳδίως
2357 1341 2419 1394 τὸ
2437 1340 2688 1413 θήραμα,
2717 1344 2813 1397 καὶ
2844 1344 3214 1417 διασπαραγὲν
3246 1347 3357 1418 (47)
3388 1349 3594 1422 τροφὴν

2019 1431 2098 1503 τῷ
2117 1430 2290 1484 ἑλόντι
2340 1431 2614 1501 γενέσθαι.
2644 1434 2817 1505 ’Ἄλλη
2843 1435 2953 1489 τῶν
3004 1437 3390 1509 σπερμολόγων
3425 1457 3595 1494 κατα-
3646 1478 3649 1483 -

2023 1525 2227 1594 σκευή·
2265 1524 2399 1597 ἄλλη
2433 1526 2542 1581 τῶν
2568 1529 2634 1581 ἐκ
2662 1527 2863 1592 παντὸς
2893 1531 3244 1602 τρεφομένων
3280 1532 3374 1585 τοῦ
3407 1551 3595 1588 συντυ-

2020 1616 2226 1688 χόντος.
2285 1618 2393 1672 Καὶ
2421 1619 2480 1672 ἐν
2511 1618 2720 1683 τούτοις
2755 1619 3003 1675 πλεῖσται
3054 1623 3325 1696 διαφοραί.
3358 1626 3440 1679 Τὰ
3495 1626 3596 1698 μὲν

2020 1708 2129 1779 γὰρ
2165 1708 2346 1761 αὐτῶν
2382 1711 2528 1762 ἐστιν
2562 1709 2671 1782 (48)
2717 1711 2965 1780 ἀγελικὰ,
3003 1713 3144 1786 πλὴν
3174 1715 3282 1768 τῶν
3322 1717 3594 1788 ἁρπακτι-

2022 1797 2133 1851 κῶν
2150 1814 2162 1826 ⁸
2197 1797 2401 1851 τούτων
2425 1798 2483 1852 δὲ
2514 1799 2669 1855 οὐδὲν
2697 1803 3009 1857 κοινωνικὸν
3030 1805 3186 1869 ἐκτὸς
3203 1805 3294 1859 τοῦ
3328 1808 3466 1861 κατὰ
3495 1808 3595 1875 τὰς

2021 1888 2281 1959 συζυγίας
2302 1890 2663 1963 συνδυασμοῦ.
2696 1892 2883 1964 Μυρία
2913 1893 2969 1947 δέ
3009 1894 3142 1949 ἄλλα
3174 1897 3265 1951 τὸν
3294 1900 3598 1971 ἀθροισμα-

2018 1987 2169 2039 τικὸν
2201 1985 2403 2057 ᾕρηται
2448 1987 2581 2058 βίον,
2607 1988 2683 2053 ὡς
2714 1988 3033 2062 περιστεραὶ
3063 1991 3196 2062 (49),
3227 1992 3321 2046 καὶ
3352 1994 3592 2066 γέρανοι,

2019 2076 2113 2130 καὶ
2169 2077 2363 2150 ψῆρες,
2421 2078 2515 2134 καί
2559 2080 2777 2137 κολοιοί.
2832 2081 3001 2136 Πάλιν
3031 2082 3090 2135 ἐν
3119 2084 3327 2149 τούτοις
3372 2086 3441 2139 τὰ
3490 2087 3727 2167 μὲρηρ

2018 2169 2231 2241 ἄναρχά
2259 2172 2374 2224 ἐστι
2421 2172 2517 2226 καὶ
2570 2167 2681 2226 οἷον
2712 2173 2987 2245 αὐτόνομα
3007 2191 3020 2207 ο
3057 2174 3125 2228 τὰ
3164 2175 3221 2229 δὲ
3254 2177 3343 2246 ὑφ’
3370 2177 3596 2249 ἡγεμόνι

2020 2263 2276 2335 τετάχθαι
2308 2264 2736 2336 καταδεχόμενα,
2765 2265 2841 2330 ὡς
2872 2268 2929 2320 αί
2969 2266 3209 2341 γέρανοι.
3240 2270 3376 2341 Ἤδη
3410 2269 3467 2323 δέ
3511 2287 3597 2334 τις

2021 2355 2112 2410 καὶ
2146 2356 2308 2427 ἑτέρα
2346 2359 2405 2411 ὲν
2433 2355 2643 2421 τούτοις
2687 2359 2805 2411 ἐστὶ
2830 2358 3082 2430 διαφορὰ,
3129 2359 3251 2415 καθ’
3280 2360 3346 2431 ἢν
3382 2360 3451 2414 τὰ
3500 2362 3597 2431 μὲν

2020 2448 2392 2520 ἐπιδημητικά
2418 2449 2479 2502 τὲ
2510 2450 2628 2503 ἐστι
2674 2450 2769 2504 καὶ
2812 2450 3072 2523 ἐγχώρια,
3109 2450 3181 2504 τὰ
3232 2452 3289 2506 δὲ
3340 2452 3599 2523 ἀπαίρειν

2022 2540 2232 2609 πέφυκε
2266 2540 2623 2613 πορρωτάτω,
2657 2543 2750 2595 καὶ
2791 2543 3055 2613 χειμῶνος
3089 2541 3397 2611 ἐγγίζοντος
3444 2544 3598 2596 ἐκτο-

2024 2631 2202 2695 πίζειν
2241 2631 2316 2694 ὡς
2347 2630 2418 2685 τὰ
2450 2631 2641 2687 πολλά,
2686 2633 2957 2705 Χειροήθη
3010 2632 3067 2686 δὲ
3115 2634 3210 2687 καὶ
3253 2632 3481 2687 τιθασσὰ
3529 2634 3600 2686 τὰ

2024 2723 2212 2787 πολλὰ,
2235 2723 2342 2776 τῶν
2367 2724 2571 2796 ὀρνέων
2609 2725 2983 2795 ἐκτρεφόμενα
3015 2724 3243 2794 γίνεται,
3270 2725 3409 2795 πλήν
3440 2742 3503 2795 γε
3534 2725 3600 2797 δὴ

2023 2816 2132 2869 τῶν
2154 2815 2419 2880 ἀσθενῶν,
2440 2815 2476 2869 ἃ
2510 2815 2578 2868 δι’
2605 2816 3051 2887 ὑπερϐάλλουσαν
3079 2816 3282 2870 δειλίαν
3316 2815 3408 2870 καὶ
3436 2818 3600 2870 ἀναν-

350 2910 551 2975 dinem,
572 2911 843 2964 assiduam
868 2907 1170 2962 molestiam
1193 2907 1293 2960 sibi
1321 2921 1479 2959 manu
1497 2905 1794 2961 exltibitam
1817 2920 1922 2959 non

2030 2906 2182 2978 δρίαν
2225 2906 2324 2976 τὴν
2372 2905 2567 2975 συνεχῆ
2592 2905 2692 2975 τῆς
2729 2904 2912 2976 χειρὸς
2933 2905 3213 2975 ἐνόχλησιν
3243 2906 3341 2976 οὐχ
3376 2905 3603 2974 ὑφίστα-

347 3003 646 3072 patiuntur.
683 2998 790 3053 Sed
843 3008 896 3053 et
932 2998 1169 3052 humana
1224 2997 1619 3051 consuetudine
1675 2996 1925 3050 volucres

2030 3015 2117 3053 ται
2152 2998 2286 3070 (50).
2334 2996 2495 3051 Ἀλλὰ
2522 2997 2616 3050 καὶ
2669 2995 3193 3069 συνανθρωπιστικοί
3218 3013 3361 3059 τινες
3383 2996 3488 3048 τῶν
3512 2997 3590 3067 ὀρ-

349 3094 591 3163 quaedam
613 3092 866 3161 gaudent,
894 3098 950 3145 et
994 3088 1208 3143 easdem
1257 3100 1419 3157 atque
1448 3102 1545 3141 nos
1585 3085 1684 3156 ipsi
1719 3086 1926 3140 habita-

2030 3088 2193 3145 νίθων
2217 3089 2343 3151 εἰσὶ,
2372 3088 2472 3152 τὰς
2507 3086 2677 3151 αὑτὰς
2703 3089 2835 3158 ἡμῖν
2875 3089 3118 3159 οἰκήσεις
3145 3087 3563 3157 καταδεχόμενοι
3582 3103 3598 3117 ο

351 3184 529 3239 tiones
554 3181 855 3251 recipiunt:
885 3181 1004 3235 alia;
1030 3180 1269 3235 incolunt
1299 3188 1530 3242 montes,
1548 3193 1612 3233 ac
1640 3177 1926 3233 solitudine

2033 3180 2180 3234 ἄλλοι
2212 3179 2269 3232 δέ
2300 3179 2467 3250 ὄρειοι
2503 3179 2597 3232 καὶ
2639 3178 2948 3249 φιλέρημοι.
2975 3178 3224 3249 Μεγίστη
3273 3178 3329 3231 δὲ
3372 3175 3603 3247 διαφορὰ

352 3276 713 3332 delectantur.
763 3274 855 3330 llla
911 3274 1334 3341 uniuscujusque
1379 3267 1683 3342 preprietas
1708 3284 1828 3339 qua:
1860 3268 1926 3323 ad

2033 3272 2129 3326 acati.
2161 3273 2194 3342 ἡ
2230 3273 2361 3342 περὶ
2392 3269 2493 3340 τὴν
2527 3269 2709 3341 φωνὴν
2749 3270 2947 3342 ἰδιότης
2985 3271 3236 3324 ἑκάστου.
3269 3271 3331 3323 Ol
3366 3269 3461 3341 μὲν
3495 3269 3605 3341 γάρ

351 3380 541 3421 vocem
570 3366 827 3436 pertinet,
865 3365 1159 3418 maximum
1201 3364 1365 3417 etiam
1406 3362 1695 3416 discrimen
1744 3358 1925 3415 eﬂicit.

355 3459 490 3515 Alite
514 3457 659 3514 enim
693 3457 941 3512 volucres
974 3456 1229 3525 loquaces
1267 3461 1391 3509 sunt
1419 3462 1475 3507 et
1505 3451 1732 3523 garrula:
1763 3469 1779 3516 ;
1810 3450 1931 3506 alia:

356 3551 656 3611 taciturnus.
692 3547 785 3604 Hae
814 3549 1029 3618 quidem
1052 3554 1355 3610 canorze,et
1385 3544 1610 3600 multum
1647 3543 1925 3609 clamosae;

356 3642 462 3699 illae
477 3643 700 3698 omnino
716 3640 1096 3696 modulationis
1113 3655 1176 3695 ac
1189 3649 1377 3695 cantus
1392 3646 1660 3708 expertes.
1677 3635 1929 3703 Quasdam

357 3742 485 3792 sunt
515 3731 855 3794 imitatrices,
873 3731 1268 3785 aemulationem
1297 3728 1444 3782 illam
1470 3727 1551 3781 vel
1578 3742 1606 3779 a
1639 3736 1828 3782 natura
1851 3724 1934 3781 vel

358 3825 429 3879 ab
443 3824 704 3879 exercitio
723 3823 1051 3894 accipientes
1078 3840 1091 3875 :
1113 3821 1356 3891 quaedam
1376 3820 1617 3873 eamdem
1636 3832 1848 3887 semper
1870 3832 1935 3873 ac

360 3914 751 3971 immutabilem
773 3928 960 3969 vocem
994 3914 1271 3968 emittunt.
1304 3909 1581 3980 Superbus
1613 3918 1696 3965 est
1721 3909 1931 3980 gallus:

358 4017 583 4072 ornatus
635 4016 691 4062 et
723 4007 1003 4077 elegantiae
1038 4015 1247 4060 amator
1282 4013 1368 4060 est
1414 4019 1549 4074 pavo
1587 4023 1601 4058 :
1637 4003 1937 4057 libidinosae

361 4100 645 4166 columbae,
692 4100 916 4171 perinde
965 4107 1125 4167 atque
1179 4097 1389 4167 gallinae
1447 4097 1789 4159 domesticae,
1818 4108 1938 4165 quae

362 4193 510 4252 nullo
533 4206 639 4246 non
676 4199 918 4260 tempore
946 4188 1154 4244 libidini
1193 4186 1489 4256 indulgent.
1536 4184 1732 4240 Dolosa
1762 4194 1818 4241 et
1842 4200 1936 4240 ze-

360 4282 543 4352 lotypa
587 4274 797 4348 perdix
819 4288 924 4346 est,
958 4276 1306 4333 venatoribus
1337 4276 1404 4330 ad
1449 4277 1683 4345 prmdam
1716 4275 1937 4346 capien-

361 4378 485 4439 dam
518 4377 783 4433 malitiose
804 4391 957 4432 suam
990 4388 1211 4445 operam
1241 4383 1526 4443 praestans.

2034 3364 2254 3419 κωτίλοι
2283 3364 2377 3417 καὶ
2407 3361 2555 3416 λάλοι
2576 3362 2684 3415 τῶν
2715 3362 2945 3433 ὀρνίθων
2993 3364 3129 3417 εἰσίν
3148 3380 3162 3394 ο
3203 3364 3252 3415 οί
3286 3363 3343 3415 δὲ
3374 3361 3600 3433 σιγηλοί.

2035 3459 2145 3512 Καὶ
2189 3457 2256 3513 τά
2319 3458 2417 3528 μὲν
2458 3456 2631 3528 ᾠδικά
2664 3455 2758 3509 καὶ
2801 3456 3123 3525 πολύφωνα·
3164 3454 3233 3509 τὰ
3287 3454 3344 3508 δὲ
3394 3456 3606 3524 ἄμουσα

2038 3551 2314 3615 παντελῶς
2364 3552 2457 3604 καὶ
2484 3551 2629 3622 ᾠδῆς
2661 3550 2885 3622 ἄμοιρα.
2923 3551 3034 3604 Καὶ
3077 3549 3149 3603 τὰ
3178 3550 3275 3621 μὲν
3308 3547 3538 3619 μιμηλὰ,
3571 3546 3606 3618 ἢ

2038 3646 2102 3696 ἐκ
2153 3643 2365 3713 φύσεως
2417 3643 2607 3713 ἔχοντα
2649 3641 2712 3695 τὸ
2761 3641 3066 3712 μιμεῖσθαι,
3115 3641 3148 3710 ἢ
3205 3640 3263 3707 ἐξ
3324 3639 3609 3709 ἀσκήσεως

2038 3733 2415 3805 προσλαϐόντα
2443 3732 2574 3803 (51)·
2610 3731 2678 3785 τὰ
2704 3731 2762 3787 δέ
2807 3730 3137 3802 μονότροπον
3166 3730 3259 3784 καὶ
3298 3727 3606 3799 ἀμετάϐλη-

2037 3840 2130 3877 τον
2159 3823 2255 3895 τὴν
2281 3823 2465 3894 φωνὴν
2493 3821 2738 3890 ἀφιέντα.
2769 3819 2979 3891 Γαῦρον
3006 3822 3034 3873 6
3065 3816 3377 3889 ἀλεκτρυών
3397 3835 3411 3847 ·
3463 3816 3613 3886 φιλόο

2039 3915 2203 3969 καλον
2232 3917 2261 3969 6
2298 3914 2443 3978 ταώς
2463 3930 2477 3948 ο
2526 3914 2734 3982 λάγνιοι
2772 3914 2828 3966 αί
2864 3912 3184 3983 περιστεραὶ
3218 3910 3312 3964 καὶ
3344 3910 3401 3964 αί
3426 3925 3612 3963 κατοι-

2040 4007 2199 4060 κίδιοι
2257 4005 2454 4079 δρνεις,
2489 4006 2581 4057 ἐπὶ
2614 4001 2815 4065 παντὸς
2844 4001 3038 4072 καιροῦ
3073 4001 3135 4053 τὸ
3172 3999 3613 4053 συνουσιαπικόν

2042 4098 2282 4169 ἔχουσαι.
2340 4097 2563 4167 Δολερόν
2614 4097 2644 4149 6
2712 4094 2824 4166 (52)
2881 4092 3073 4165 πέρδιξ
3130 4092 3225 4149 καὶ
3287 4092 3611 4163 ζηλότυπον,

2042 4190 2366 4263 κακούργως
2428 4187 2795 4260 συμπράττων
2842 4188 2972 4249 -τοῖς
3017 4180 3277 4257 θηραταῖς
3328 4183 3464 4256 πρὸς
3513 4184 3615 4255 τὴν

2043 4283 2238 4354 ἄγραν.

434 4469 491 4523 4.
530 4467 815 4522 lnnumera
866 4474 1013 4535 sunt,
1076 4477 1136 4519 ut
1194 4466 1456 4530 diximus,
1487 4471 1543 4519 et
1582 4464 1852 4519 actionum
1882 4470 1926 4518 el

2110 4466 2164 4521 4.
2192 4464 2422 4537 Μυρίαι,
2461 4464 2537 4527 ὡς
2570 4462 2804 4533 ἔφαμεν,
2835 4460 2929 4515 καὶ
2948 4460 3057 4515 τῶν
3092 4459 3345 4532 πράξεων
3382 4457 3477 4513 καὶ
3509 4459 3619 4512 τῶν

360 4559 488 4614 vitae
530 4558 862 4618 discrimina.
905 4557 1073 4613 Porro
1098 4556 1342 4626 quaedam
1377 4571 1445 4611 ex
1478 4556 1563 4610 his
1608 4555 1782 4611 brutis
1818 4557 1926 4610 ani-

2049 4559 2178 4632 βίων
2206 4557 2477 4628 διαφοραί.
2519 4556 2673 4609 Ἔστι
2697 4555 2755 4607 δέ
2782 4571 2902 4607 τινα
2936 4554 3031 4607 καὶ
3069 4552 3324 4607 πολιτικὰ
3354 4551 3464 4605 τῶν
3500 4550 3621 4603 ἀλό-

363 4649 639 4708 mantibus
666 4660 793 4706 sunt
818 4665 1032 4720 quoque
1060 4648 1290 4719 politicze
1319 4665 1331 4701 :
1357 4647 1620 4717 siquidem
1649 4646 1822 4702 civilis
1853 4648 1919 4702 ad

2046 4668 2179 4721 γων,
2209 4647 2369 4720 εἴπερ
2398 4648 2675 4711 πολιτείας
2703 4647 2853 4711 ίδιον,
2883 4646 2943 4700 τὸ
2972 4646 3108 4717 πρὸς
3140 4644 3197 4698 ἓν
3231 4643 3407 4714 πέρας
3444 4641 3619 4696 κοινὸν

363 4742 781 4799 ministrationis
815 4741 1092 4812 proprium
1133 4751 1238 4804 est,
1270 4750 1328 4794 ut
1357 4739 1424 4793 ad
1473 4753 1637 4793 unum
1688 4754 1926 4794 commu-

2051 4741 2325 4795 συννεύειν
2371 4741 2471 4812 τὴν
2521 4740 2801 4812 ἐνέργειαν
2845 4739 2953 4793 τῶν
2984 4737 3105 4793 καθ’
3132 4737 3384 4801 ἕκαστον,
3422 4736 3497 4797 ὡς
3530 4734 3621 4786 ἐπὶ

365 4849 488 4889 nem
520 4836 679 4889 linem
708 4834 1040 4903 singulorum
1068 4832 1306 4887 actiones
1341 4839 1687 4897 concurrant,
1720 4841 1778 4885 ut
1798 4831 1926 4900 quis

2048 4833 2157 4886 τῶν
2191 4832 2459 4904 μελισσῶν
2481 4832 2547 4886 ἄν
2575 4848 2660 4895 τις
2696 4829 2813 4884 ῐδοι.
2835 4829 2945 4883 Καὶ
2963 4829 3072 4901 γὰρ
3094 4829 3316 4883 ἐκείνων
3342 4826 3494 4898 κοινὴ
3526 4827 3625 4897 μὲν

364 4941 474 4999 que
515 4928 568 4982 in
605 4928 798 4997 apibus
830 4926 1029 4982 intueri
1080 4931 1275 4995 potest.
1319 4921 1416 4976 llis
1462 4920 1609 4976 enim
1641 4922 1926 4976 communi:

2050 4926 2085 5001 ἡ
2117 4923 2351 4996 οἴκησις,
2384 4924 2539 4996 κοινὴ
2561 4923 2667 4995 δέή
2697 4922 2915 4993 πτῆσις,
2933 4921 3161 4995 ἐργασία
3196 4920 3255 4974 δὲ
3285 4918 3499 4973 πάντων
3512 4917 3623 4988 (55)

442 5065 708 5137 (l7)Reg.
736 5065 942 5137 primus
965 5077 1087 5120 cum
1118 5060 1271 5117 Colb.
1306 5060 1491 5115 itidem
1523 5057 1926 5133 primoataam

2054 5064 2213 5137 lectio
2244 5070 2472 5129 utraque
2505 5059 2719 5137 admitti
2744 5058 2872 5114 :sed
2900 5073 3024 5137 cum
3050 5054 3490 5137 constanter‘h'oc
3512 5053 3627 5121 ipso

373 5124 622 5217 M9359;
655 5124 753 5217 ζ’
828 5205 841 5217 .
1037 5202 1131 5217 ...
1224 5202 1237 5217 .

2055 5134 2290 5217 in__loco
2350 5124 2647 5217 reperiatur
2707 5129 2760 5211 in
2818 5129 3071 5217 omnibus
3123 5142 3277 5217 mss.”
3306 5124 3626 5217 ςηλότυπον,

443 5195 734 5321 (ἢθη).
762 5205 969 5279 primus
992 5202 1171 5258 αὐτῶν
1190 5202 1349 5256 εἰσιν.
1372 5199 1492 5255 Mox
1523 5200 1661 5255 idem
1681 5213 1785 5253 ms.
1811 5215 1926 5254 κατι

2054 5203 2276 5258 dubium
2310 5195 2421 5255 non
2458 5201 2631 5255 habeo
2664 5200 2793 5321 quin
2838 5199 3123 5268 legendum
3152 5198 3224 5250 sit
3250 5195 3488 5266 δολερόν.

2128 5271 2240 5321 (55)
2273 5272 2411 5321 Editi
2443 5284 2567 5321 cum
2591 5284 2676 5321 mu
2704 5269 2773 5321 tis
2806 5283 2937 5321 mss.
2977 5267 3219 5321 πάντων.
3252 5266 3405 5321 Colli.
3441 5279 3634 5317 secun-

375 5266 657 5347 συζυγίαν.
762 5266 779 5279 ’
1237 5344 1248 5347 _
1311 5344 1320 5347 _
1396 5342 1409 5347 _
1484 5340 1498 5347 _
1603 5341 1616 5347 _
1751 5338 1765 5347 ,

2075 5343 2086 5347 _
2128 5271 2240 5344 (55)
2273 5272 2567 5347 Editicnm
2591 5266 2773 5323 multis
2798 5266 2937 5347 mss.
2977 5267 3219 5347 πάντων.
3252 5266 3405 5321 ουιιι.
3441 5279 3604 5345 secun

2056 5334 2157 5397 dus
2192 5334 2399 5395 πασῶν.
2428 5337 2597 5394 Nemo
2627 5354 2731 5394 non
2766 5338 3312 5392 videtcorrectionem
3342 5349 3459 5388 esse
3482 5334 3634 5402 igna-

2057 5413 2101 5466 ri
2158 5412 2386 5473 librarii,
2418 5410 2507 5477 “qui
2549 5410 2690 5477 quod
2744 5424 2841 5461 vnx
2895 5407 3123 5479 μέλισσα
3143 5405 3391 5479 feminini
3419 5402 3631 5472 generis

2062 5484 2152 5545 sit,
2184 5482 2254 5536 ita
2285 5474 2677 5535 emendandum
2709 5493 2828 5533 esse
2864 5474 3093 5545 p’ntavit.
3126 5476 3229 5529 Sed
3262 5474 3390 5545 nihil
3416 5488 3636 5527 necesse

2064 5544 2184 5605 fuit.
2212 5549 2345 5605 Nam
2380 5559 2439 5603 ut
2475 5550 2608 5603 alias
2635 5564 2796 5617 saepe,
2816 5544 2889 5600 ita
2916 5549 3001 5617 hic
3022 5545 3273 5617 generale
3299 5544 3511 5617 aliquod
3538 5558 3634 5617 no_-

2065 5620 2558 5695 ttt«:n_sttbzttttlitttr,
2599 5612 2724 5695 puta
2743 5618 2898 5683 ζῶον.
2931 5612 3126 5673 Staiim
3161 5616 3303 5671 idem
3342 5615 3510 5670 codex
3540 5612 3635 5667 καὶ

2062 5691 2347 5767 ταξιάρχῃ.

448 5338 557 5421 (ιθ)
580 5348 727 5404 Editi
746 5349 821 5421 ὡς
849 5347 905 5408 αί
931 5344 1275 5421 περιστεραί.
1295 5340 1566 5421 articulus
1585 5338 1802 5395 deestiu
1821 5354 1951 5394 mss.

373 5411 617 5474 Subinde
654 5411 811 5473 multi
836 5432 966 5472 mss.
1006 5411 1199 5487 tjﬁjpeé.
1236 5413 1375 5487 Editi
1404 5411 1601 5487 ψᾲρες.

456 5488 565 5561 (50)
600 5489 728 5557 Reg.
761 5498 946 5544 sextus
966 5476 1309 5557 ύῴίὲτανται.
1339 5476 1953 5538 lbidcinCod.Combcl‘.

583 5560 830 5630 ρωπικοί.

476 5628 564 5698 δι)
583 5624 820 5698 Codices
849 5629 956 5682 duo
988 5624 1519 5698 προσλαμϐάνον-σαι.

476 5631 564 5694 5|)
591 5631 820 5683 Codices
849 5631 956 5682 duo
988 5631 1519 5698 προσλαμὸάνονται.

619 5697 771 5764 Regii
791 5766 802 5776 _
825 5698 1053 5776 primus,
1092 5699 1286 5776 tertius
1316 5703 1382 5776 et.
1408 5694 1629 5776 quintus
1657 5690 1873 5776 δολερρς
1903 5692 1952 5743 6.

384 5761 526 5831 Editi
549 5761 672 5823 cum
697 5761 877 5825 multis
907 5766 1025 5824 aliis
1047 5761 1177 5822 mss.
1210 5763 1425 5839 δολερὸν
1447 5764 1493 5817 ὀ.
1530 5761 1713 5820 Potest
1739 5761 1952 5833 quidem
