4082 6218
421 319 524 371 175

1491 311 1801 382 διυιιιιιΑ
1843 311 1957 368 VIII
1993 314 2059 368 IN
2103 314 2601 374 llEXAEMERON.

3574 321 3676 375 ιῖι

419 431 551 504 μία·
579 433 672 484 και
695 427 756 481 τὸ
794 426 1070 498 μέγιστον,
1105 428 1187 480 ὃτι
1221 427 1325 480 ὑπὸ
1360 427 1571 498 βασιλεῖ
1600 431 1694 482 καὶ
1723 427 1995 500 ταξιάρχῳ

2106 443 2188 486 csl
2217 434 2500 499 habitatio,
2526 436 2826 490 communis
2864 433 3090 499 volatus,
3136 451 3348 506 unaque
3401 447 3456 491 et
3487 439 3675 492 eadem

416 524 526 578 τιν)¹
544 523 651 575 τῶν
690 520 867 591 ἔργων
891 519 1172 583 ἅπτονται,
1203 521 1261 572 οὐ
1290 520 1550 592 πρότερον
1573 521 1996 591 καταδεχόμεναι
2017 576 2022 587 η

418 617 513 670 ἐπὶ
535 614 662 676 τοὺς
689 611 960 683 λειμῶνας
990 611 1185 678 ἐλθεῖν,
1213 613 1342 683 πρὶν
1378 610 1443 664 ἂν
1475 613 1624 666 ἴδωσι
1651 611 2061 686 κατάρξανταμ

421 707 510 760 τὸν
533 705 755 775 βασιλέα
781 705 880 775 τῆς
904 705 1179 775 πτήσεως.
1206 706 1313 757 Καὶ
1343 704 1487 756 ἔστιν
1511 705 1699 766 αὑταῖς
1729 704 1788 756 οὺ
1822 721 1998 774 χειρο-

421 798 637 867 τονητὸς
661 799 689 850 ὁ
723 796 974 866 βασιλεὺς
998 796 1278 866 (πολλάκις
1307 796 1415 867 γὰρ
1444 796 1669 867 ἀκρισία
1689 796 1863 866 δήμου

419 889 508 942 τὸν
541 887 812 959 χείριστον
845 890 925 951 είς
957 887 1133 958 ἀρχὴν
1176 890 1592 959 προεστήσατο),
1625 889 1746 941 οὑδέ
1788 888 1999 958 κληρω-

419 980 513 1051 τὴν
539 981 677 1050 ἔχων
704 981 804 1049 τὴν
833 979 1083 1046 ἐξουσίαν
1115 980 1318 1049 (ἄλογοι
1344 982 1450 1050 γὰρ
1477 983 1531 1034 αἱ
1578 981 1857 1051 συντυχίαι
1889 981 1997 1033 τῶν

415 1073 636 1144 κλήρων
660 1073 753 1125 ἐπὶ
789 1074 880 1125 τὸν
913 1073 1129 1126 πάντων
1161 1073 1386 1142 ἔσχατον
1435 1073 1692 1136 πολλάκις
1713 1074 1774 1126 τὸ
1800 1073 1998 1144 κράτος

417 1164 864 1234 φέρουσαι),οὐδὲ
898 1167 964 1217 ἐκ
998 1165 1270 1235 πατρικῆς
1291 1165 1540 1236 διαδοχῆς
1566 1168 1678 1229 τοῖς
1705 1164 1996 1234 βασιλείοις

418 1255 850 1327 ἐγκαθεζόμενος
884 1258 1001 1327 (καὶ
1057 1257 1165 1327 γὰρ
1199 1258 1293 1310 καὶ
1342 1253 1487 1310 οὗτοι
1532 1259 1846 1312 ἀπαίδευτοι
1903 1258 1997 1311 καὶ

421 1349 654 1420 ἀμαθεῖς
683 1350 864 1420 πάσης
899 1348 1098 1419 ἀρετῆς
1123 1347 1211 1401 διὰ
1240 1349 1451 1420 τρυφὴν
1481 1350 1576 1402 καὶ
1609 1349 1898 1402 κολακείαν
1923 1348 1998 1412 ὡς

416 1439 488 1491 τὰ
520 1439 688 1492 πολλὰ
721 1439 1004 1508 γίνονται),
1065 1438 1178 1491 ἀλλ’
1222 1442 1286 1492 ἐκ
1317 1440 1531 1509 φύσεως
1569 1439 1706 1510 ἔχων
1753 1439 1813 1493 τὸ
1859 1439 1998 1492 κατὰ

418 1533 638 1584 πάντων
667 1533 952 1602 πρωτεῖον,
979 1532 1072 1584 καὶ
1102 1531 1321 1600 μεγέθει
1343 1532 1611 1604 διαφέρων
1633 1533 1726 1585 καὶ
1761 1533 1997 1604 σχήματι

419 1623 515 1675 καὶ
551 1624 617 1693 τῇ
650 1620 746 1675 τοῦ
777 1621 940 1693 ἤθους
984 1623 1271 1694 πραότητι.
1318 1624 1475 1676 Ἔστι
1508 1624 1606 1693 μὲν
1640 1622 1748 1694 γὰρ
1775 1624 1998 1694 κέντρον

416 1713 495 1783 τῷ
527 1714 754 1784 βασιλεῖ,
786 1715 900 1766 ἀλλ’
934 1715 996 1767 οὐ
1034 1715 1231 1786 χρῆται
1260 1714 1434 1784 τούτῳ
1460 1715 1596 1786 πρὸς
1621 1715 1853 1786 ἄμυναν.
1889 1715 1998 1767 Νό-

2105 527 2344 580 omnium
2375 527 2515 580 actio
2544 542 2557 578 :
2601 535 2652 580 et
2702 530 2843 596 quod
2901 529 3225 598 pracipuum
3259 539 3371 592 est,
3405 531 3502 583 sub
3532 545 3674 595 rege,

2104 627 2159 670 et
2188 616 2288 670 sub
2311 615 2541 685 quodam
2574 616 2828 684 praefecto
2865 632 3084 684 operam
3113 619 3534 689 aggrediuntur;
3570 635 3674 672 non

2104 708 2251 778 prius
2285 709 2348 763 ad
2383 716 2531 777 prata
2574 708 2838 778 proﬁcisci
2875 709 2982 781 74
3010 727 3174 775 ausze,
3202 727 3361 782 quam
3389 727 3567 780 regem
3602 715 3682 766 vi-

2105 801 2282 855 derint
2323 801 2527 854 volatui
2574 811 2924 869 praeeuntem.
2961 803 3072 857 Rex
3135 813 3312 859 autem
3367 810 3505 874 apud
3537 807 3678 874 ipsas

2107 889 2377 962 suifragiis
2431 906 2537 945 non
2582 900 2818 958 creatur,
2875 894 3064 963 vulgus
3101 911 3330 964 namque
3364 897 3551 963 judicii
3593 899 3675 949 in-

2104 982 2222 1050 opia
2253 983 2542 1052 pessimum
2574 998 2939 1052 saepenumero
2967 987 3032 1039 ad
3063 988 3419 1057 principatum
3459 994 3672 1047 evexit:

2105 1090 2280 1145 neque
2319 1084 2464 1130 sorte
2492 1083 2811 1146 potestatem
2839 1079 3161 1146 assequitur,
3214 1083 3479 1136 temerarii
3531 1085 3674 1138 enim

2105 1167 2330 1221 sortium
2377 1181 2536 1221 casus
2581 1167 2865 1236 imperium
2897 1182 3038 1237 saepe
3073 1171 3124 1222 in
3160 1172 3397 1226 omnium
3444 1175 3672 1230 deterri-

2106 1275 2250 1312 mum
2284 1259 2569 1314 conferunt
2599 1277 2612 1312 :
2646 1275 2744 1314 nec
2766 1275 2828 1316 ex
2869 1271 3087 1328 paterna
3132 1266 3474 1322 successione
3509 1269 3559 1322 in
3593 1285 3672 1324 re-

2104 1353 2206 1422 gali
2238 1352 2432 1408 throno
2460 1350 2770 1417 collocatur,
2811 1371 2931 1409 nam
2965 1365 3020 1408 et
3047 1357 3079 1408 ii
3115 1357 3274 1411 rudes
3317 1369 3674 1429 expertesque

2106 1447 2319 1499 virtutis
2349 1446 2544 1510 omnis,
2580 1448 2649 1501 ob
2681 1447 2901 1502 delicias
2929 1457 2982 1502 ει
3011 1451 3408 1504 assentationes
3434 1451 3670 1521 plerum-

2105 1554 2211 1607 que
2240 1539 2404 1602 (iunt;
2430 1539 2523 1594 sed
2555 1552 2584 1592 a
2620 1548 2812 1592 natura
2848 1540 2901 1594 in
2933 1557 3121 1596 omnes
3150 1542 3359 1596 obtinet
3399 1543 3672 1612 principa-

2107 1639 2216 1683 tum
2249 1646 2263 1682 :
2289 1630 2483 1698 quippe
2519 1637 2574 1684 et
2603 1631 2969 1698 magnitudine
3000 1644 3055 1688 et
3075 1632 3248 1688 forma
3270 1643 3324 1689 et
3351 1651 3565 1691 morum
3595 1636 3673 1692 le-

2097 1722 2276 1776 nitate
2302 1722 2592 1776 antecellit.
2617 1723 2760 1778 Inest
2793 1725 3007 1793 quidem
3037 1726 3149 1796 regi
3187 1729 3405 1783 aculeus
3440 1748 3454 1784 :
3489 1730 3584 1784 sed
3609 1745 3675 1785 eo

421 1822 510 1874 μοι
542 1804 686 1868 τινές
718 1806 856 1858 εἰσιν
906 1800 1053 1860 οὗτοι
1100 1806 1197 1876 τῆς
1253 1805 1465 1874 φύσεως
1498 1806 1755 1876 ἄγραφοι,
1798 1806 1995 1878 ἀργοὺς

2104 1827 2206 1866 non
2235 1812 2402 1866 utitur
2436 1814 2502 1866 ad
2547 1811 2827 1867 ultionem.
2888 1812 2978 1868 Hic
3007 1823 3134 1868 sunt
3187 1815 3432 1884 quaidam
3467 1825 3674 1871 natura:

419 1890 557 1948 εἶναι
596 1896 730 1967 πρὸς
758 1898 1029 1967 τιμωρίαν
1063 1898 1188 1960 τοὺς
1220 1897 1328 1950 τῶν
1373 1897 1644 1967 μεγίστων
1673 1897 1997 1952 δυναστειῶν

417 1986 815 2052 ἐπιϐαίνοντας.
851 1988 1012 2042 Ἀλλὰ
1043 1991 1136 2042 καὶ
1171 1994 1289 2053 ταῖς
1335 1989 1638 2060 μελίσσαις,
1673 1990 1790 2044 ὅσαι
1824 1989 1890 2042 ἂν
1921 1990 1997 2062 μὴ

416 2080 827 2151 ἁκολουθήσωσι
857 2080 934 2151 τῷ
978 2082 1343 2152 ὑποδείγματι
1386 2082 1479 2134 τοῦ
1538 2082 1820 2152 βασιλέως,
1859 2085 1995 2153 ταχὺ

419 2175 713 2244 μεταμέλει
765 2175 866 2244 τῆς
915 2175 1194 2242 ἀϐουλίας,
1223 2176 1395 2246 ὅτιτῇ
1429 2176 1611 2246 πληγῇ
1641 2176 1733 2229 τοῦ
1770 2177 1995 2248 κέντρου

415 2267 930 2339 ἑπαποθνήσκουσιν
959 2268 1092 2340 (55).
1145 2269 1518 2321 Ἀκουέτωσαν
1546 2267 1880 2338 Χριστιανοὶ,
1914 2265 1996 2330 οἷς

414 2361 746 2432 πρόσταγμα
793 2365 910 2416 ἐστι
967 2362 1156 2433 μηδενὶ
1195 2363 1364 2416 κακὸν
1398 2363 1518 2415 ἀντὶ
1550 2361 1720 2415 κακοῦ
1747 2362 1995 2416 ἀποδιδό-

414 2469 523 2516 ναι,
555 2453 690 2507 ὰλλὰ
711 2456 867 2524 νικᾷν
907 2457 964 2507 ἐν
990 2453 1065 2524 τῷ
1093 2455 1283 2526 ἀγαθῷ
1313 2455 1374 2508 τὸ
1401 2455 1592 2508 κακόν.
1619 2454 1871 2526 Μίμησαι
1897 2457 1996 2526 τῆς

418 2545 680 2616 μελίσσης
717 2546 777 2599 τὸ
831 2546 1153 2618 ἰδιότροπον,
1217 2547 1321 2609 ὅτι,
1366 2547 1543 2600 οὐδενὶ
1598 2547 1991 2617 λυμαινομένη,

413 2639 536 2693 οὐδὲ
555 2640 767 2710 καρπὸν
796 2640 1076 2711 ἀλλότριον
1105 2641 1517 2712 διαφθείρουσα,
1543 2639 1612 2694 τὰ
1655 2641 1823 2712 κηρία
1852 2657 1992 2710 συμ-

415 2730 702 2799 πήγνυται.
742 2731 784 2783 Τ
787 2731 844 2782 ὸν
887 2733 984 2802 μὲν
1012 2731 1122 2802 γάρ
1151 2730 1320 2802 κηρὸν
1350 2731 1456 2784 ἀπὸ
1479 2729 1588 2783 τῶν
1619 2730 1795 2785 ἀνθῶν
1829 2749 1993 2800 φανε-

416 2820 526 2890 ρῶς
553 2823 866 2894 συναγείρει
902 2824 1032 2893 (56),
1067 2823 1127 2876 τὸ
1147 2824 1204 2876 δέ
1243 2823 1383 2893 μέλι,
1411 2823 1511 2893 τὴν
1546 2823 1863 2894 δροσοειδῶς
1905 2825 1992 2876 ἐν-

414 2914 770 2984 εσπαρμένην
815 2914 993 2968 νοτίδα
1040 2918 1152 2978 τοῖς
1184 2914 1423 2975 ἄνθεσιν,
1469 2915 1889 2985 ἐπισπασαμένη
1915 2914 1993 2984 τῷ

415 3003 664 3074 στόματι,
697 3007 900 3077 ταύτην
932 3009 1050 3069 ταῖς
1076 3006 1350 3075 κοιλότησι
1372 3006 1479 3060 τῶν
1515 3007 1722 3077 κηρίων
1763 3006 1989 3077 ἐνίησιν.

415 3092 578 3149 Ὅθεν
613 3099 704 3150 καὶ
733 3098 897 3170 ὑγρὸν
941 3098 1093 3168 παρὰ
1145 3097 1243 3167 τήν
1279 3096 1502 3169 πρώτην
1535 3098 1680 3150 ἐστίν
1704 3115 1717 3127 ·
1749 3095 1866 3150 εἶτα
1914 3097 1992 3168 τῷ

412 3192 587 3262 χρόνῳ
637 3189 969 3260 συμπεφθέν,
1012 3190 1149 3260 πρὸς
1201 3189 1298 3260 τὴν
1330 3189 1535 3242 οἰκείαν
1587 3189 1843 3242 σύστασιν
1897 3190 1991 3242 καὶ

415 3281 606 3352 ήδονήν
669 3280 1048 3351 ἐπανέρχεται.
1113 3279 1310 3334 Καλῶν
1352 3280 1444 3333 καὶ
1489 3281 1805 3351 πρεπόντων
1852 3279 1989 3348 αὕτη

413 3374 521 3426 τῶν
566 3373 804 3426 ἐπαίνων
856 3372 1008 3443 παρὰ
1062 3373 1164 3440 τῆς
1212 3372 1516 3444 Παροιμίας
1558 3372 1668 3441 (57)
1701 3372 1987 3442 τετύχηκε,

417 3463 555 3534 σοφὴ
582 3464 678 3516 καὶ
701 3464 921 3534 ἐργάτις
962 3461 1350 3532 ὀνομασθεῖσα·
1389 3461 1530 3514 οὕτω
1565 3461 1664 3532 μὲν
1691 3460 2064 3537 φιλοπόνως

415 3556 514 3626 τὴν
542 3555 752 3626 τροφὴν
782 3555 1176 3625 συναγείρουσα
1205 3548 1298 3624 (ἧς
1346 3553 1487 3619 τοὺς
1540 3555 1788 3618 πόνους,
1834 3537 1988 3623 φησὶ,

409 3647 694 3712 βασιλεῖς
719 3646 815 3699 καὶ
845 3646 1065 3698 ἰδιῶται
1096 3645 1246 3713 πρὸς
1273 3646 1480 3714 ὑγείαν
1503 3642 1987 3714 προσφέρονται),

409 3739 554 3794 οὕτω
595 3739 653 3792 δέ
687 3739 864 3808 σοφῶς
908 3737 1296 3808 φιλοτεχνοῦσα
1329 3737 1428 3802 τὰς
1461 3739 1745 3810 ἀποθήκας
1766 3738 1860 3791 τοῦ
1896 3739 1992 3808 μέ·-

409 3832 554 3895 λιτος
590 3833 691 3898 (εἰς
736 3831 930 3883 λεπτὸν
972 3831 1080 3901 γὰρ
1121 3830 1295 3901 ὑμένα
1335 3831 1426 3883 τὸν
1453 3830 1619 3902 κηρὸν
1658 3830 1986 3896 διατείνασα,

412 3927 622 3989 πυκνὰς
651 3925 742 3979 καὶ
772 3927 1013 3995 συνεχεῖς
1045 3923 1308 3995 ἀλλήλαις
1337 3924 1708 3994 συνοικοδομεῖ
1743 3925 1840 3987 τὰς
1878 3941 1991 3975 κοι-

407 4018 678 4090 λότητας),
730 4019 806 4080 ὡς
837 4017 898 4070 τὸ
934 4017 1135 4071 πυκνὸν
1168 4018 1268 4088 τῆς
1310 4019 1419 4070 τῶν
1464 4016 1809 4088 μικροτάτων
1853 4017 1988 4088 πρὸς

408 4110 613 4180 ἄλληλα
638 4110 837 4172 δέσεως
876 4109 1107 4181 ἔρεισμα
1146 4110 1392 4177 γίνεσθαι
1422 4108 1500 4180 τῷ
1529 4109 1710 4162 παντί.
1756 4109 1988 4180 Ἑκάστη

409 4201 517 4271 γὰρ
548 4203 775 4272 φρεατία
801 4199 910 4270 (58)
947 4201 1043 4270 τῆς
1068 4200 1262 4271 ἐτέρας
1293 4200 1497 4271 ἔχεται,
1526 4198 1705 4269 λεπτῷ
1736 4200 1870 4270 πρὸς
1897 4201 1990 4252 αὑ·

409 4291 506 4361 τὴν
535 4290 876 4362 διειργομένη
896 4308 954 4342 τε
987 4290 1121 4361 ὁμοῦ
1148 4293 1242 4344 καὶ
1268 4290 1647 4362 συναπτομένη
1672 4290 1749 4360 τῷ
1765 4291 1992 4359 διαφρά-

410 4400 598 4452 γματι.
632 4383 861 4435 Ἔπειτα
889 4381 1140 4454 διώροφοι
1173 4384 1264 4437 καὶ
1305 4383 1601 4454 τριώροφοι
1634 4383 1988 4453 αίμσύριγγες

2101 1903 2245 1974 leges
2293 1904 2514 1958 minime
2547 1905 2781 1974 scripta,
2815 1913 2875 1958 ut
2920 1906 3057 1960 tardi
3111 1905 3221 1961 sint
3252 1909 3315 1962 ad
3357 1908 3670 1972 vindictam,

2099 1995 2188 2064 qui
2262 1995 2329 2050 ad
2402 1995 2694 2050 maximam
2741 1998 3035 2066 potentiam
3079 2009 3207 2053 sunt
3244 1999 3438 2054 evecti.
3482 2000 3587 2055 Sed
3621 2009 3675 2055 et

2098 2099 2433 2154 quaecunque
2485 2101 2612 2154 apes
2668 2087 2808 2157 regis
2856 2103 2960 2142 non
3011 2101 3310 2157 sequuntur
3343 2090 3668 2158 exemplum,

2099 2188 2192 2230 eas
2232 2176 2412 2230 statim
2441 2177 2761 2232 temeritatis
2782 2192 2892 2232 sua:
2922 2179 3146 2247 poenitet
3175 2196 3188 2243 ;
3215 2188 3498 2250 propterea
3530 2183 3670 2250 quod

2097 2266 2269 2320 aculei
2300 2267 2405 2320 ictu
2460 2267 2750 2323 intereunt.
2801 2270 3035 2324 Audiant
3079 2270 3392 2336 Christiani,
3422 2272 3510 2338 qui
3541 2273 3669 2326 nulli

2098 2359 2295 2414 malum
2331 2375 2426 2430 pro
2471 2360 2613 2416 malo
2658 2363 2900 2426 reddere,
2937 2365 3030 2418 sed
3059 2363 3111 2418 in
3145 2363 3284 2419 bono
3324 2364 3522 2419 malum
3555 2367 3672 2421 vin-

2096 2466 2221 2507 cere
2243 2451 2499 2522 jubentur
2519 2454 2560 2508 ⁸.
2584 2453 2796 2509 Imitare
2835 2456 3107 2526 propriam
3137 2455 3251 2526 apis
3282 2455 3534 2522 indolem,
3553 2473 3673 2526 qua:

2097 2545 2226 2600 nulli
2260 2543 2516 2610 ofﬁciens,
2549 2561 2720 2614 neque
2748 2545 2981 2603 fructum
3012 2548 3244 2603 alienum
3295 2563 3667 2618 corrumpens,

2095 2635 2247 2690 favos
2277 2635 2544 2689 construit
2572 2651 2636 2690 ac
2657 2637 2968 2706 compingit.
3005 2635 3138 2691 Nam
3178 2646 3236 2690 ut
3271 2653 3453 2693 ceram
3478 2653 3542 2692 ex
3571 2638 3670 2693 ﬂo-

2097 2726 2246 2781 ribus
2295 2736 2481 2795 aperte
2529 2726 2731 2796 colligit
2783 2746 2796 2782 :
2835 2727 2907 2781 ita
2955 2727 3097 2792 mel,
3141 2729 3420 2784 humorem
3467 2732 3673 2786 scilicet

2097 2821 2236 2874 roris
2265 2819 2436 2874 instar
2471 2817 2692 2874 ﬂoribus
2729 2822 3062 2888 inspersum,
3093 2836 3188 2875 ore
3231 2823 3472 2886 attrahit,
3509 2836 3672 2892 atque

2096 2913 2147 2966 in
2173 2911 2414 2966 favorum
2445 2927 2574 2966 cava
2620 2913 2882 2968 immittit.
2905 2913 3057 2969 Unde
3090 2915 3251 2968 etiam
3300 2906 3474 2984 primo
3512 2915 3672 2984 liqui-

2093 3001 2217 3055 dum
2243 3011 2326 3056 est
2359 3019 2374 3055 :
2409 3003 2601 3057 deinde
2653 3005 2910 3072 temporis
2938 3019 3191 3073 processu
3231 3016 3573 3072 concoctum,
3601 3009 3668 3060 ad

2096 3094 2365 3162 propriam
2392 3095 2789 3149 concretionem
2812 3096 3239 3165 suavitatemque
3259 3099 3521 3166 pervenit.
3543 3098 3672 3168 Apis

2099 3185 2383 3253 przeclaras
2423 3194 2477 3240 et
2518 3188 2897 3242 convenientes
2936 3188 3119 3242 laudes
3145 3205 3175 3242 a
3219 3188 3510 3245 Proverbio
3537 3206 3668 3246 con-

2099 3288 2282 3333 secuta
2314 3287 2416 3345 est,
2447 3295 2567 3348 quae
2593 3279 2798 3334 scilicet
2835 3282 3130 3349 appelletur
3170 3282 3385 3351 sapiens
3426 3292 3481 3336 et
3526 3283 3672 3338 labo-

2098 3370 2263 3424 riosa.
2294 3369 2406 3425 Hoc
2435 3371 2612 3438 modo,
2643 3380 2699 3424 ut
2729 3372 3010 3441 diligenter
3035 3375 3150 3441 apis
3194 3374 3444 3444 pabulum
3479 3390 3673 3444 conge—

2099 3463 2168 3516 rit
2195 3462 2367 3531 (cujus
2397 3463 2599 3517 labores
2620 3503 2635 3527 ,
2678 3465 2872 3533 inquit,
2914 3481 3058 3534 reges
3084 3473 3133 3519 et
3157 3468 3348 3534 privati
3374 3469 3443 3519 ad
3465 3469 3668 3521 sanita-

2097 3561 2196 3604 tem
2233 3553 2589 3618 assumunt“),
2626 3553 2696 3606 ita
2745 3554 3016 3622 sapienter
3066 3564 3121 3609 et
3172 3557 3463 3612 artiﬁciose
3499 3559 3672 3614 mellis

2097 3642 2317 3698 cellulas
2341 3644 2592 3698 exstruit.
2625 3642 2851 3699 Extenta
2890 3646 3033 3700 enim
3072 3647 3124 3700 in
3155 3657 3371 3702 tenuem
3401 3650 3672 3704 membra-

2099 3751 2222 3788 nam
2268 3750 2413 3800 cera,
2451 3737 2640 3791 crebra
2691 3745 2745 3790 et
2803 3737 2944 3791 inter
2991 3753 3050 3792 se
3093 3740 3346 3792 continua
3398 3755 3668 3793 cavacou-

2097 3827 2276 3891 struit,
2302 3839 2361 3882 ut
2390 3826 2688 3897 frequentia
2725 3829 2812 3883 illa
2844 3840 3007 3898 atque
3029 3830 3298 3895 densitas,
3331 3847 3432 3900 qua
3491 3833 3670 3886 minu-

2098 3919 2302 3974 tissima
2353 3936 2579 3990 quaeque
2622 3937 2802 3976 secum
2855 3923 3081 3976 invicem
3129 3923 3484 3994 colligantur,
3520 3927 3668 3994 Operi

2100 4013 2194 4066 toti
2227 4011 2452 4067 fulcrum
2487 4016 2556 4066 sit
2599 4025 2652 4068 et
2685 4014 3101 4071 firmamentum.
3132 4016 3265 4071 Nam
3299 4018 3490 4072 cellula
3523 4035 3670 4088 qua:-

2096 4101 2228 4157 libet
2255 4104 2408 4156 alteri
2459 4104 2720 4168 adhaeret,
2766 4107 2910 4160 tenui
2938 4117 3090 4176 septo
3129 4109 3196 4163 ab
3223 4124 3299 4163 ea
3324 4110 3586 4176 seiuncta,
3615 4119 3670 4165 et

2096 4193 2267 4249 eidem
2299 4196 2463 4250 simul
2504 4198 2812 4268 conjuncta.
2851 4201 3050 4256 Deinde
3086 4200 3276 4256 ﬁstula}
3326 4203 3408 4258 lue
3433 4203 3550 4257 alia:
3574 4219 3665 4258 sn-

2097 4271 2193 4355 per
2225 4286 2359 4340 alias
2402 4288 2702 4354 adiﬁcatas,
2734 4290 2868 4344 duas
2918 4301 3097 4345 tresve
3144 4293 3342 4348 habent
3381 4295 3665 4362 contigua-

2097 4378 2287 4431 tioues.
2324 4377 2490 4433 Cavet
2521 4381 2660 4434 enim
2702 4382 3011 4435 continuam
3058 4399 3215 4437 unam
3244 4382 3453 4438 ellicere
3480 4400 3666 4440 caver-

408 4470 568 4528 αὗται
605 4473 862 4544 ἀλλήλαις
891 4475 1354 4546 ἐπῳκοδόμηνται.
1395 4475 1729 4544 Ἐφυλάξατο
1745 4475 1853 4546 γὰρ
1877 4475 1986 4544 (59)

2098 4467 2300 4531 nulam,
2335 4484 2400 4524 ne
2434 4470 2625 4524 humor
2652 4471 2797 4526 foras
2828 4482 3046 4541 pr0pter
3078 4475 3392 4541 gravitatem
3438 4473 3661 4530 diﬂluat.

412 4565 539 4635 μίαν
577 4564 799 4634 ποιῆσαι
827 4562 1128 4634 διαμπερὲς
1181 4565 1280 4634 τὴν
1334 4564 1642 4635 κοιλότητα,
1680 4566 1766 4618 ἵνα
1807 4564 1882 4635 μὴ
1911 4564 1988 4635 τῷ

411 4655 567 4726 βάρει
590 4657 651 4707 τὸ
686 4655 853 4726 ὑγρὸν
896 4655 1032 4724 πρὸς
1069 4656 1129 4707 τὸ
1150 4655 1306 4719 ἐκτὸς
1330 4656 1646 4729 διεκπίπτῃ.
1685 4656 1988 4727 Κατάμαθε

408 4747 524 4810 πῶς
554 4746 621 4800 τὰ
652 4747 750 4816 τῆς
779 4747 1118 4818 γεωμετρίας
1145 4748 1422 4818 εὑρέματα
1463 4748 1716 4818 πάρεργά
1745 4750 1860 4801 ἐστι
1890 4749 1988 4819 τῆς

409 4837 726 4907 σοφωτάτης
756 4835 1035 4907 μελίσσης.
1073 4838 1367 4906 Ἐξάγωνοι
1403 4839 1510 4909 γὰρ
1546 4842 1717 4893 πᾶσαι
1751 4839 1842 4892 καὶ
1877 4841 1984 4893 ἰσό-

406 4929 628 4999 πλευροι
661 4927 770 4981 τῶν
813 4928 1021 4998 κηρίων
1062 4931 1118 4982 αἱ
1170 4929 1449 5001 σύριγγες,
1483 4932 1583 4984 οὐκ
1633 4932 1719 4984 ἐπ’
1766 4931 1980 4996 εὐθείας

451 5072 454 5073 ν
484 5106 675 5161 ‘Rom.
710 5121 809 5171 xu,
862 5106 948 5172 Π,
981 5105 1070 5162 21.
1145 5109 1166 5139 ⁵
1199 5106 1356 5162 Prov.
1399 5124 1474 5170 v1,
1501 5107 1552 5173 6,
1590 5125 1695 5166 sec.
1742 5108 1907 5162 LXX.

471 5271 584 5341 (54)
620 5269 770 5338 Regii
807 5270 1022 5341 tertius,
1079 5272 1302 5338 quintus
1351 5283 1406 5328 et
1440 5283 1629 5327 sextus
1655 5288 1776 5326 cum
1807 5271 1974 5326 Coisl.

399 5339 578 5414 primo
627 5350 824 5414 etcum
848 5339 1014 5414 Colb:
1049 5343 1288 5414 secundo
1326 5343 1566 5414 ἀκρασία
1606 5343 1801 5414 δήμου,
1838 5342 1979 5414 uulgi

399 5411 1142 5484 petulantia.EditietCoisl.
1169 5411 1439 5484 secundus
1464 5430 1586 5469 cum
1604 5411 1786 5484 Regiis
1805 5413 1979 5483 primo

399 5491 457 5535 et
481 5493 670 5552 octavo
697 5480 922 5552 ἀκρισία
949 5481 1143 5552 δήμου.
1173 5483 1409 5537 Rectius.

473 5550 586 5624 (55)
619 5550 883 5624 Οιιομιιιες.
914 5550 1430 5624 ἐναποθνήσκουσιν.

474 5619 606 5714 (56)
640 5620 861 5714 ﬁndit-es
928 5619 1182 5714 quatu‘or'
1213 5625 1462 5714 φανερῶς
1526 5627 1766 5708 συνάγει.
1838 5624 1978 5714 l'ltliti

402 5705 524 5744 cum
567 5691 717 5748 Colb.
763 5695 1000 5750 secundo
1052 5703 1104 5749 et
1156 5691 1275 5750 cum
1323 5691 1457 5766 Reg.
1515 5691 1681 5751 tertio
1729 5697 1976 5764 συναγεί-

402 5777 506 5831 ρει.

2092 4562 2248 4616 Disce
2307 4565 2578 4630 quomodo
2621 4566 2932 4632 geometriae
2984 4568 3197 4624 inventa
3255 4569 3498 4622 accessio
3554 4569 3665 4623 sint

2088 4669 2265 4724 operae
2292 4669 2354 4710 ac
2384 4655 2746 4722 laboris‘ejus,
2773 4671 2934 4725 quem
2964 4659 3082 4728 apis
3105 4659 3504 4728 sapientissima
3535 4675 3660 4715 sus-

2090 4747 2238 4813 cipit.
2280 4746 2480 4802 Omnes
2519 4748 2665 4802 enim
2703 4747 2950 4804 favorum
2982 4751 3284 4806 cavernulae
3319 4761 3444 4806 sunt
3467 4766 3666 4806 sexan-

2091 4839 2249 4910 gulae,
2283 4849 2340 4893 et
2368 4841 2595 4908 aequalia
2623 4840 2793 4896 latera
2832 4843 3030 4898 habent
3067 4862 3080 4898 :
3133 4859 3236 4898 non
3281 4843 3398 4898 alia:
3429 4843 3547 4898 aliis
3579 4844 3664 4898 di-

2091 4941 2238 4988 recto
2261 4933 2602 4998 incumbunt,
2618 4948 2685 4987 ne
2715 4933 2864 4989 fundi
2889 4936 3183 4992 intervallis
3215 4937 3404 4992 vacuis
3429 4937 3664 5006 adjuncti

2155 5268 2264 5338 (57)
2293 5269 2457 5338 Παρὰ
2469 5274 2578 5335 τῆς
2591 5271 2930 5339 Παροιμίας.
2959 5271 3137 5327 Locus
3157 5269 3416 5326 estProv.
3443 5286 3560 5339 cap.
3587 5288 3663 5334 vr,

2080 5356 2133 5394 v.
2163 5340 2218 5400 6,
2248 5341 2385 5408 apud
2413 5339 2571 5392 LXX.
2603 5341 2705 5394 Sed
2727 5342 2842 5396 haec
2867 5344 3062 5396 absunt
3095 5344 3162 5397 ab
3192 5341 3470 5396 Hebraicis
3485 5358 3663 5394 exem-

2081 5411 2342 5481 plaribus.
2374 5409 2528 5481 Lege
2548 5411 2818 5464 Dircaeum.

2158 5479 2268 5551 (58)
2299 5479 2376 5551 ita
2413 5480 2627 5534 codices
2655 5496 2749 5534 sex
2802 5497 2834 5535 e
2866 5484 3067 5537 nostris
3115 5491 3312 5551 prmter
3337 5481 3581 5536 Combef.
3610 5493 3661 5536 et

2082 5550 2234 5624 Bodl.
2269 5550 2404 5624 Editi
2439 5551 2640 5624 ἐκάστη
2670 5551 2781 5624 γὰρ
2817 5553 3058 5624 φρεατίς.
3094 5554 3284 5607 Statim
3314 5553 3445 5624 Reg.
3480 5567 3662 5607 sexuis

2090 5619 2415 5693 πρὸςίαῦῖὴγ
2447 5619 2758 5692 διῃρημένη
2779 5619 2836 5674 τε
2862 5619 3025 5693 5906,-

2160 5691 2271 5765 (59)
2309 5691 2460 5743 Coll).
2512 5691 2780 5765 secundus
2819 5691 3151 5761 ἐφυλάξαντο
3198 5695 3322 5765 γάρ.
3375 5694 3661 5763 Aliquanto

2085 5771 2201 5831 post
2234 5760 2363 5830 Reg.
2391 5771 2572 5818 sextus
2605 5760 2882 5833 διαπίπτη.
