4082 6218
406 347 512 402 175

1712 341 1770 397 S.
1813 331 2063 394 BASILII
2103 331 2319 390 MAGNI

3558 322 3672 378 17¢

402 459 664 519 fatiscant
702 479 718 518 :
750 462 844 520 sed
880 466 1294 534 sexangularum
1332 460 1647 517 inferiorum
1671 454 1983 514 cavernula-

2092 448 2349 520 ἀλλήλαις
2394 443 2867 514 κατεπικείμεναι,
2905 440 2993 495 ἵνα
3030 438 3105 511 μὴ
3143 438 3425 509 κάμνωσιν
3465 437 3515 490 οἱ
3554 454 3667 491 πυ-

407 568 526 607 rum
556 555 735 625 angnli
776 556 920 612 basis
955 565 1080 613 sunt
1108 571 1174 612 ac
1198 556 1569 610 fulcimentum
1618 549 1979 623 superiorum,

406 655 469 699 nt
515 654 628 702 tuto
671 662 833 717 supra
888 663 948 703 se
990 648 1157 703 onera
1200 647 1469 711 attollant,
1508 652 1563 699 et
1593 640 1887 711 separatim
1928 640 1980 694 in

408 752 733 810 unoquoque
757 755 995 798 concavo
1028 742 1222 797 humor
1251 740 1614 797 contineatur.

485 1010 540 1064 5.
572 1011 855 1079 Quomodo
883 1022 1109 1069 cunctas
1135 1014 1490 1099 proprietates
1510 1012 1576 1067 ad
1597 1009 1874 1068 volucrum
1900 1013 1982 1066 vi-

410 1109 521 1157 tam
575 1105 908 1171 pertinentes
953 1115 1208 1161 accurate
1263 1105 1357 1160 tibi
1413 1119 1695 1160 recensere
1746 1104 1986 1174 possim?

413 1191 485 1250 Ut
527 1210 688 1264 grues
722 1196 961 1252 vicissim
993 1199 1328 1253 constituunt
1353 1198 1638 1264 excubias;
1672 1206 1725 1253 et
1766 1198 1983 1266 quidem

411 1282 531 1338 alia;
560 1285 836 1340 dormiunt
866 1306 880 1343 :
919 1288 1036 1343 alia:
1064 1303 1191 1343 vero
1220 1289 1639 1352 circumeuntes,
1669 1302 1883 1342 omnem
1915 1287 1986 1355 ip-

412 1376 489 1429 sis
517 1377 864 1433 securitatem
900 1394 994 1447 per
1019 1393 1266 1433 somnum
1300 1379 1590 1444 exhibent;
1626 1377 1820 1432 deinde
1852 1385 1986 1431 tem-

413 1481 544 1535 pore
575 1467 875 1538 vigiliarum
907 1480 1144 1538 peracto,
1182 1471 1294 1525 haec
1315 1471 1530 1541 quidem
1564 1470 1817 1540 clangore
1843 1469 1987 1524 edito

415 1557 482 1610 ad
530 1572 775 1612 somnum
808 1562 1185 1617 convertitur:
1224 1561 1312 1615 illa
1349 1575 1474 1616 vero
1517 1560 1624 1632 75
1672 1561 1985 1627 succedens,

413 1648 760 1705 securitatem
803 1665 962 1721 quam
1012 1653 1239 1722 accepit,
1281 1668 1375 1707 sua
1412 1655 1530 1707 vice
1565 1652 1760 1707 reddit.
1788 1650 1990 1708 Obser-

412 1739 570 1795 vabis
612 1749 667 1794 et
716 1741 857 1796 hunc
911 1743 1154 1796 ordinem
1203 1743 1256 1797 itt
1300 1744 1414 1812 ipso
1444 1742 1643 1798 volatu.
1681 1743 1797 1796 Alia
1843 1743 1985 1797 enim

416 1830 685 1885 interdum
723 1831 933 1886 itineris
955 1833 1061 1886 dux
1095 1840 1210 1897 est;
1242 1836 1334 1887 sed
1367 1834 1454 1888 ubi
1490 1848 1585 1902 per
1612 1833 1825 1901 aliquod
1857 1841 1991 1886 tem-
2027 1830 2035 1892 Ἴ

414 1935 514 1989 pus
559 1930 818 1978 statutum
861 1924 1061 1979 volatui
1103 1925 1335 1994 praefuit,
1394 1934 1540 1980 retro
1601 1939 1659 1979 se
1699 1924 1987 1993 recipiens,

416 2013 516 2067 viae
555 2015 808 2069 ducatum
866 2016 1167 2085 insequenti
1215 2017 1396 2070 tradit.
1436 2015 1701 2071 Caeterum
1748 2015 1990 2071 ciconia-

415 2118 538 2158 rum
590 2106 782 2176 agendi
836 2109 1048 2171 modus,
1080 2122 1185 2161 non
1221 2108 1406 2175 procul
1439 2124 1467 2161 a
1503 2108 1749 2163 rationali
1794 2108 1992 2163 intelli-

414 2198 597 2268 gentia
631 2196 803 2251 abest.
836 2195 906 2251 Ut
934 2197 1077 2251 enim
1104 2211 1294 2252 omnes
1323 2213 1429 2252 uno
1455 2208 1511 2253 et
1535 2198 1721 2254 eodem
1753 2209 1992 2271 tempore

415 2288 484 2340 ad
514 2286 611 2341 has
638 2286 887 2356 regiones
908 2287 1174 2342 accedunt
1202 2307 1215 2343 :
1253 2287 1321 2341 ita
1348 2288 1450 2343 sub
1483 2306 1591 2344 uno
1618 2292 1775 2359 signo
1804 2307 1993 2348 omnes

416 2377 722 2433 discedunt.
759 2376 976 2447 Stipant
1023 2388 1201 2433 autem
1244 2379 1392 2449 ipsas
1418 2382 1664 2439 cornices
1698 2394 1990 2450 nostrates,

415 2483 617 2538 easque
665 2483 780 2525 mea
818 2471 1033 2539 quidem
1062 2473 1328 2527 sententia
1356 2473 1649 2535 deducunt,
1682 2484 1737 2530 et
1797 2478 1993 2531 nonni-

416 2560 491 2619 hil
547 2565 807 2617 adversus
856 2563 1080 2619 hostiles
1115 2578 1243 2620 aves
1273 2574 1532 2634 praestant
1570 2566 1816 2623 subsidii.
1858 2569 1992 2625 Illud

414 2652 593 2723 primo
633 2653 751 2722 ejus
794 2656 867 2708 rei
911 2667 1283 2726 argumentum
1327 2666 1428 2723 est,
1469 2661 1611 2730 quod
1650 2676 1714 2716 eo
1754 2671 1993 2730 tempore

416 2746 560 2802 nulla
607 2763 826 2817 prorsus
855 2749 1043 2803 cornix
1086 2759 1340 2820 appareat
1379 2771 1392 2807 :
1428 2753 1622 2809 deinde
1654 2770 1775 2809 cum
1806 2758 1992 2811 vulne-

415 2838 567 2893 ribus
621 2840 929 2907 redeuntes,
975 2849 1156 2908 aperta
1203 2843 1381 2899 lutcke
1431 2854 1482 2900 et
1530 2847 1774 2915 pratsidii.
1809 2848 1990 2903 collati

415 2930 612 2986 indicia
651 2931 910 2986 referunt.
942 2932 1073 2999 Quis
1103 2935 1242 3002 apud
1271 2936 1415 3003 ipsas
1450 2937 1780 3008 praescripsit
1809 2940 1991 3010 hospi-

417 3024 642 3080 talitatis
667 3024 832 3092 jura?
862 3027 982 3095 quis
1022 3028 1152 3097 ipsis
1191 3030 1513 3085 desertionis
1552 3030 1798 3088 militaris
1832 3048 1991 3088 accu-

2083 540 2286 611 θμένες
2320 542 2432 604 τοῖς
2461 537 2732 600 διακένοις
2763 531 3200 605 ἐφηρμοσμένων
3239 530 3354 584 ἀλλ’
3381 532 3438 583 ai
3467 531 3666 599 γωνίαι

2081 630 2190 685 τῶν
2221 628 2467 684 κάτωθεν
2521 626 2833 696 ἐξαγὼνων,
2897 623 3094 695 βάθρον
3141 621 3236 674 καὶ⁹
3279 619 3510 691 ἔρεισμα
3551 621 3666 675 τῶν

2082 722 2492 794 ὑπερκειμένων
2522 718 2679 784 εἰσὶν,
2709 719 2784 781 ὡς
2825 714 3080 785 ἀσφαλῶς
3125 714 3266 784 ὑπὲρ
3309 712 3518 766 ἑαυτῶν
3564 730 3665 783 με-

2081 816 2365 888 τεωρίζειν
2390 815 2459 868 τὰ
2487 813 2651 885 βάρη,
2686 812 2781 866 καὶ
2811 809 3125 874 ἰδιαζόντως
3160 808 3365 879 ἑκάστῃ
3391 805 3663 875 κοιλότητι

2081 910 2144 964 τὸ
2173 908 2341 981 ὑγρὸν
2370 905 2783 978 ἐγκατέχεσθαι.

2155 1005 2216 1059 5.
2250 1002 2377 1067 Πῶς
2408 1002 2474 1056 ἄν
2508 1018 2592 1055 σοι
2619 1000 2796 1056 πάντα
2822 998 2889 1052 δι’
2921 993 3205 1069 ἀκριϐείας
3221 992 3505 1063 ἐπέλθοιμι
3520 990 3591 1045 τὰ
3605 992 3664 1044 ἐν

2083 1099 2197 1160 τοῖς
2222 1096 2359 1167 βίοις
2388 1094 2497 1149 τῶν
2535 1093 2764 1165 ὀρνίθων
2793 1088 3091 1160 ίδιώματα;
3124 1086 3242 1151 πῶς
3282 1086 3380 1156 μὲν
3412 1088 3467 1139 αἱ
3493 1084 3664 1156 γέρα-

2084 1207 2166 1244 νοι
2200 1187 2300 1250 τάς
2329 1189 2389 1240 ἐν
2426 1188 2493 1257 τῇ
2525 1185 2681 1238 νυκτὶ
2710 1178 3068 1255 προφυλακὰς
3097 1176 3207 1247 (60)
3236 1178 3300 1231 ἐκ
3322 1174 3664 1247 περιτροπῆς

2087 1279 2473 1349 ὑποδέχονται·
2509 1277 2602 1330 καί⁵
2637 1277 2692 1329 αἱ
2727 1275 2825 1345 μὲν
2865 1271 3240 1333 καθεύδουσιν,
3276 1269 3333 1321 αί
3363 1268 3441 1331 δὲ,
3479 1266 3665 1336 κύκλῳ

2086 1348 2416 1442 περιιοῦσαι,
2462 1369 2642 1421 πᾶσαν
2690 1367 2878 1429 αὑταῖς
2911 1366 2969 1417 ἐν
3015 1362 3092 1433 τῷ
3135 1362 3288 1433 ὕπνῳ
3338 1360 3665 1431 παρέχονται

2086 1464 2186 1535 τὴν
2215 1462 2515 1532 ἀσφάλειαν
2537 1477 2553 1491 ο
2595 1456 2736 1521 εἶτα,
2766 1457 2861 1513 τοῦ
2901 1456 3094 1529 καιροῦ
3125 1457 3225 1526 τῆς
3255 1452 3503 1523 φυλακῆς
3525 1451 3664 1521 πλη-

2090 1556 2377 1629 ρουμένου,
2412 1557 2445 1625 ὴ
2475 1553 2573 1625 μὲν
2604 1552 2845 1624 βοήσασα
2866 1550 3003 1622 πρὸς
3031 1550 3195 1602 ’ύπνον
3227 1547 3498 1618 ἐτράπετο
3530 1544 3664 1629 (Gil,

3566 1622 3763 1643 ,..._._..

2089 1651 2122 1719 ή
2153 1649 2230 1711 δέ,
2277 1646 2375 1719 τὴν
2416 1645 2666 1716 διαδοχὴν
2712 1641 3109 1712 ὑποδεξαμένη,
3144 1636 3212 1714 ἧς
3253 1640 3443 1709 ἔτυχεν
3492 1636 3671 1707 ἀσῐρα-

2095 1738 2245 1802 λείας
2296 1736 2595 1792 ἀντέδωκεν
2647 1738 2704 1789 ἐν
2755 1733 2833 1805 τῷ
2885 1734 3063 1804 μέρει.
3118 1730 3334 1803 Ταύτην
3365 1730 3461 1784 καὶ
3501 1730 3558 1782 ἐν
3597 1730 3667 1799 τῇ

2098 1830 2293 1900 πτήσει
2320 1826 2417 1899 τὴν
2441 1825 2695 1890 εὐταξίαν
2721 1822 2966 1892 κατόψει.
3006 1820 3229 1877 Ἀλλοτε
3256 1822 3366 1891 γὰρ
3404 1820 3537 1891 ἄλλη
3569 1819 3671 1888 τὴν

2090 1922 2311 1993 ὁδηγίαν
2351 1920 2664 1991 ἐκδέχεται,
2700 1919 2794 1973 καὶ
2828 1917 3027 1972 τακτόν
3065 1933 3189 1970 τινα
3229 1914 3422 1987 χρόνον
3462 1930 3673 1982 προκα-

2091 2016 2447 2088 θηγησαμένη
2472 2016 2574 2084 τῆς
2603 2013 2873 2083 πτήσεως,
2904 2012 2984 2074 είς
3014 2009 3077 2063 τὸ
3106 2009 3334 2063 κατόπιν
3360 2004 3674 2078 περιελθοῦ-

2094 2126 2183 2173 σα,
2213 2110 2279 2179 τῇ
2311 2106 2429 2177 μεθ’
2470 2105 2671 2176 ἑαυτὴν
2700 2104 2798 2175 τὴν
2836 2101 3133 2174 ἠγεμονίαν
3162 2101 3261 2172 τῆς
3291 2098 3412 2153 ὁδοῦ
3447 2097 3675 2169 παραδί-

2090 2201 2241 2255 δωσι.
2273 2200 2346 2252 Τὸ
2371 2198 2427 2252 δὲ
2453 2198 2560 2252 τῶν
2588 2195 2877 2268 πελαργῶν
2897 2195 3019 2249 οὐδὲ
3049 2194 3237 2265 πόρρω
3261 2191 3379 2245 ἐστὶ
3405 2190 3675 2253 συνέσεως

2091 2293 2315 2363 λογικῆς
2342 2308 2354 2321 ·
2381 2290 2524 2344 οὕτω
2559 2290 2657 2360 μὲν
2686 2287 2828 2342 κατά
2849 2288 2939 2340 τὸν
2961 2286 3057 2339 ἐνα
3086 2284 3275 2355 καιρὸν
3314 2284 3520 2345 πάντας
3554 2283 3675 2333 ἐπι-

2091 2387 2280 2457 δημεῖν
2312 2385 2425 2446 τοῖς
2460 2382 2587 2453 τῇδε
2615 2378 2835 2451 χωρίοις
2854 2395 2867 2409 ·
2895 2377 3036 2431 οὕτω
3066 2376 3122 2429 δὲ
3143 2377 3232 2444 ὑφ’
3259 2374 3339 2427 ἐνὶ
3366 2371 3673 2443 συνθήματι

2093 2478 2301 2540 πάντας
2346 2475 2620 2546 ἀπαίρειν.
2666 2470 3034 2544 Δορυφοροῦσι
3086 2468 3144 2521 δὲ
3188 2468 3385 2529 αὐτοὺς
3425 2467 3481 2518 αἱ
3538 2465 3672 2534 παρ’

2091 2572 2224 2641 ἡμῖν
2252 2566 2510 2639 κορῶναι,
2540 2565 2637 2619 καὶ
2667 2563 3153 2635 παραπέμπουσιν,
3195 2560 3317 2630 ἐμοὶ
3349 2559 3547 2621 δοκεῖν,
3580 2557 3675 2611 καὶ

2095 2661 2412 2733 συμμαχίαν
2461 2658 2584 2712 τινὰ
2630 2657 3001 2727 παρεχόμεναι
3052 2653 3189 2724 πρὸς
3235 2650 3456 2723 ὄρνιθας
3511 2648 3675 2703 πολε-

2095 2754 2270 2825 μίους.
2300 2754 2532 2823 Σημεῖον
2564 2749 2621 2802 δέ
2651 2749 2866 2820 πρῶτον
2899 2747 2997 2817 μὲν
3027 2745 3088 2798 τὸ
3118 2744 3192 2816 μὴ
3235 2741 3516 2813 φαίνεσθαι
3566 2740 3675 2794 ὑπὸ

2092 2845 2181 2900 τὸν
2226 2844 2416 2915 καιρὸν
2460 2844 2666 2894 ἐκεῖνον
2706 2838 2955 2911 κορώνην
2987 2836 3351 2898 παντάπασιν,
3393 2832 3565 2886 ἔπειθ’
3590 2832 3674 2887 ὅτι

2095 2936 2232 3009 μετὰ
2263 2935 2589 3008 τραυμάτων
2613 2931 3039 3003 ἐπανερχόμεναι
3061 2928 3268 2999 ἐναργῆ
3288 2926 3382 2979 τοῦ
3406 2942 3674 2979 συνασπι-

2095 3030 2232 3101 σμοῦ
2264 3029 2358 3083 καὶ
2386 3028 2487 3098 τῆς
2524 3025 2824 3095 ἐπιμαχίας
2869 3024 2939 3077 τὰ
2983 3025 3184 3093 σημεῖα
3225 3017 3531 3091 κομίζουσι.
3574 3016 3675 3080 Τίς

416 3116 677 3171 Salionettt
731 3119 966 3175 minatus
1003 3128 1105 3183 est,
1137 3121 1272 3175 adeo
1311 3131 1369 3176 ut
1409 3123 1553 3176 nulla
1584 3139 1611 3176 a
1644 3126 1900 3180 comitatu
1932 3141 1990 3181 se

2093 3123 2222 3194 παρ’
2244 3123 2433 3185 αὐταῖς
2461 3121 2587 3182 τοὺς
2602 3119 2702 3188 τῆς
2736 3115 3041 3187 φιλοξενίας
3071 3112 3288 3184 διώρισε
3315 3112 3511 3182 νόμους
3537 3108 3693 3177 (62);.

416 3208 737 3262 subtrahat?
763 3209 998 3265 Audiant
1028 3212 1062 3264 ii
1093 3212 1183 3281 qui
1222 3228 1347 3283 erga
1378 3214 1617 3284 hospites
1648 3216 1765 3271 duri
1793 3226 1917 3271 sunt
1940 3228 1995 3273 et

418 3298 721 3365 inulliciosi,
749 3298 1000 3370 foresque
1029 3302 1340 3367 occludunt,
1373 3314 1429 3358 et
1464 3320 1532 3359 ne
1568 3305 1743 3361 hieme
1777 3308 1993 3378 quidem

418 3400 514 3445 aut
541 3398 699 3445 noctu
724 3389 960 3446 advenas
991 3400 1135 3445 tecto
1164 3391 1446 3462 recipiunt.
1472 3393 1642 3448 Porro
1669 3409 1798 3449 cura
1831 3411 1992 3465 quam

417 3484 642 3541 ciconiae
673 3483 826 3538 senio
853 3482 1112 3538 confectis
1141 3484 1420 3549 exhibent,
1451 3485 1650 3543 liberos
1685 3498 1915 3552 nostros,
1948 3490 1991 3544 si

420 3573 698 3628 attendere
726 3572 940 3637 vellent,
967 3572 1034 3626 ad
1065 3583 1347 3643 parentum
1388 3590 1628 3631 amorem
1669 3577 1800 3634 satis
1844 3579 1993 3633 exci-

418 3675 580 3723 taret.
609 3664 779 3721 Nemo
811 3664 954 3719 enim
990 3665 1153 3720 homo
1175 3676 1275 3731 est,
1312 3668 1402 3737 qui
1447 3668 1521 3724 ita
1562 3684 1784 3737 prorsus
1814 3680 1995 3726 mente

421 3757 769 3822 destituatur,
794 3766 855 3811 ut
884 3758 1088 3827 pudore
1114 3757 1330 3827 dignutn
1356 3773 1461 3813 non
1486 3760 1692 3827 judicet
1718 3776 1864 3826 eum,
1899 3762 1993 3830 qui

419 3847 611 3903 avibus
652 3862 913 3917 perquam
959 3848 1131 3902 brutis
1172 3848 1372 3904 virtute
1420 3850 1644 3906 inferior
1682 3852 1841 3909 foret.
1887 3852 1994 3908 illa:

419 3939 714 4010 genitorem
741 3952 850 4007 prae
873 3938 1026 3993 senio
1056 3953 1351 4007 pennarum
1381 3939 1626 3997 defluviis
1661 3942 1991 3997 laborantem

420 4030 851 4092 circumstantes,
894 4029 1120 4083 suismet
1166 4031 1356 4098 pennis
1405 4031 1748 4097 calefaciunt,
1800 4049 1996 4104 suppe-

420 4121 698 4188 ditantque
745 4120 958 4175 abunde
1005 4119 1314 4174 alimentum
1352 4140 1364 4176 :
1406 4124 1535 4191 qttin
1577 4124 1873 4179 subsidium
1920 4127 1992 4191 ei,

420 4211 598 4283 quoad
645 4211 761 4266 ﬁeri
807 4220 1005 4280 potest,
1052 4212 1104 4265 in
1142 4213 1257 4280 ipso
1290 4212 1467 4266 volatu
1508 4225 1784 4283 prmstant,
1823 4218 1995 4272 ttlrin-

419 4319 527 4376 que
577 4303 677 4359 alis
728 4304 843 4359 suis
890 4303 1083 4358 leniter
1132 4304 1494 4360 sublevantes.
1550 4305 1727 4375 Atque
1770 4309 1871 4362 hoc
1920 4309 1993 4362 ita

417 4398 560 4466 apud
587 4410 777 4452 omnes
811 4397 1151 4450 decantatunt
1187 4405 1289 4460 est,
1322 4406 1376 4450 ut
1397 4397 1508 4468 jam
1542 4399 1757 4468 quidam
1790 4401 1993 4456 benefio

2095 3215 2178 3279 τίς
2206 3215 2399 3277 αὑταῖς
2431 3211 2696 3283 ἠπείλησε
2730 3207 3145 3279 λειποστρατίου
3174 3203 3394 3276 γραφὴν
3443 3204 3520 3265 ὡς
3568 3219 3676 3272 μη-

2094 3308 2285 3380 δεμίαν
2311 3301 2702 3361 ἀπολείπεσθαι
2750 3300 2852 3370 τῆς
2883 3297 3257 3369 προπομπῆς;
3302 3293 3675 3348 ’Δκουέτωσαν

2096 3404 2143 3455 οἱ
2183 3399 2486 3470 κακόξενοι,
2521 3396 2737 3458 καὶτὰς
2766 3394 2876 3463 (6'5)
2902 3391 3071 3462 θύρας
3101 3389 3392 3452 κλείοντες,
3418 3386 3513 3440 καὶ
3542 3384 3675 3456 μηδέ

2098 3495 2296 3564 στέγης
2324 3494 2381 3545 ἐν
2410 3489 2638 3562 χειμῶνι
2678 3488 2771 3542 καὶ
2803 3485 2960 3541 νυκτὶ
2986 3487 3099 3547 τοῖς
3138 3479 3465 3552 ἐπιδημοῦσι
3512 3494 3677 3548 μετα-

2094 3583 2348 3645 διδόντες.
2378 3582 2442 3633 Ἠ
2470 3579 2528 3632 δὲ
2557 3578 2686 3650 περὶ
2717 3577 2844 3640 τοὺς
2872 3575 3224 3646 γηράσαντας
3248 3571 3357 3623 τῶν
3385 3567 3674 3637 πελαργῶν

2097 3676 2321 3747 πρόνοια
2376 3673 2595 3744 ἐξήρκει
2648 3670 2773 3733 τοὺς
2812 3668 3008 3730 παῖδας
3059 3664 3248 3735 ἡμῶν,
3293 3663 3342 3714 εἰ
3388 3658 3675 3732 προσέχειν

2095 3766 2398 3830 ἐϐούλοντο,
2458 3763 2831 3833 φιλοπάτορας
2886 3756 3247 3826 καταστῆσαι.
3307 3752 3534 3813 Πάντως
3566 3747 3675 3818 γάρ

2095 3860 2269 3923 οὐδεὶς
2304 3857 2478 3920 οὕτως
2510 3855 2773 3909 ἐλλείπων
2806 3850 2949 3907 κατὰ
3008 3849 3109 3919 τὴν
3159 3846 3441 3917 φρόνησιν,
3494 3843 3569 3904 ὡς
3602 3838 3677 3911 μὴ

2095 3950 2357 4020 αἰσχύνης
2407 3947 2558 4014 ἄξιον
2614 3945 2821 4016 κρίνειν
2867 3941 2975 3995 τῶν
3037 3937 3396 4007 ἀλογωτάτων
3447 3929 3678 4020 ὀρνίθων

2096 4019 2402 4108 ὑστερίζειν
2434 4037 2555 4089 κατ’
2587 4034 2806 4105 ἀρετήν.
2845 4032 3070 4084 Ἐκεῖνοι
3088 4028 3179 4081 τὸν
3211 4024 3425 4096 πατέρα
3453 4021 3557 4075 ὑπὸ
3580 4019 3677 4073 τοῦ

2094 4131 2282 4202 γήρως
2326 4128 2812 4198 πτεροῤῥυήσαντα
2843 4123 3202 4193 περιστάντες
3239 4121 3297 4171 ἐν
3338 4115 3524 4186 κύκλῳ
3565 4115 3678 4175 τοῖς

2095 4222 2316 4285 οἰκείοις
2342 4222 2562 4291 πτεροῖς
2591 4216 2972 4275 διαθάλπουσι,
3022 4214 3116 4266 καλ⁵
3148 4212 3247 4274 τὰς
3277 4209 3484 4281 τροφάς
3512 4206 3681 4275 ἀφθό-

2096 4331 2202 4377 νως
2233 4311 2761 4386 παρασκευάζοντες,
2796 4309 2896 4378 τὴν
2928 4304 3157 4376 δυνατὴν
3182 4304 3276 4358 καὶ
3306 4304 3364 4356 ἐν
3395 4305 3461 4373 τῇ
3483 4302 3678 4371 πτήσει

2097 4407 2428 4478 παρέχονται
2466 4403 2575 4475 (64)
2611 4400 2891 4473 βοήθειαν,
2925 4398 3108 4471 ἡρέμα
3145 4396 3224 4469 τῷ
3267 4393 3451 4466 πτερῷ
3484 4394 3761 4473 κουΞί-Αῌ

416 4491 629 4548 ciorum
674 4491 1166 4544 remunerationem
1218 4489 1648 4561 antipelargosim
1701 4491 1990 4562 appellent.

2098 4497 2283 4563 ζοντες
2306 4494 2665 4565 ἑκατέρωθεν.
2703 4495 2813 4547 Καὶ
2843 4493 2987 4546 οὕτω
3025 4489 3183 4546 τοῦτο
3212 4488 3363 4560 παρὰ
3386 4489 3520 4542 πᾶσι
3559 4485 3679 4538 δια-

419 4583 590 4651 Nemo
634 4584 700 4638 de
737 4591 1056 4653 paupertate
1096 4581 1274 4637 doleat
1305 4599 1320 4636 :
1356 4597 1531 4652 neque
1567 4584 1613 4638 is
1642 4584 1711 4639 de
1747 4601 1844 4639 sua
1887 4589 1997 4642 vita

418 4676 688 4742 desperet,
718 4673 805 4727 cui
842 4671 1004 4728 nullae
1052 4671 1197 4728 domi
1247 4682 1538 4742 supersunt
1570 4690 1724 4743 epes,
1761 4677 1849 4731 ubi
1885 4679 2000 4745 ipse

418 4770 719 4838 respexerit
762 4771 831 4824 ad
871 4768 1175 4837 hirundinis
1219 4770 1563 4824 industriam.
1603 4771 1693 4826 Illa
1733 4774 1876 4828 enim
1917 4776 1999 4829 ni-

416 4865 546 4919 dum
585 4873 927 4929 construens,
977 4862 1212 4917 festucas
1252 4863 1469 4932 quidem
1516 4879 1611 4919 ore
1650 4866 1825 4921 defert
1858 4885 1872 4922 :
1918 4867 1998 4921 lu-

418 4965 531 5010 tum
560 4970 690 5010 vero
725 4954 979 5024 colligere
1012 4955 1237 5025 pedibus
1269 4970 1389 5010 cum
1427 4971 1531 5011 non
1571 4967 1747 5025 queat,
1790 4974 1993 5027 penna-

419 5062 539 5102 rum
585 5046 957 5103 extremitates
1008 5062 1147 5116 aqua
1198 5047 1582 5118 madefaciens,
1633 5051 1861 5118 subinde
1909 5061 1992 5107 te-

419 5137 682 5194 nuissimo
714 5136 935 5209 pulvere
959 5152 1082 5194 sese
1108 5138 1419 5206 obvolvens,
1455 5140 1534 5196 sic
1581 5117 1679 5197 luti
1711 5158 1862 5197 nsunt
1897 5160 1992 5199 ex-

489 5342 600 5415 (60)
628 5340 704 5415 l_ta
726 5355 833 5415 sex
859 5357 989 5398 mss.
1016 5342 1155 5415 Editi
1193 5342 1511 5415 simpliciter
1548 5343 1817 5414 φυλακάς.

492 5411 605 5484 (61)
627 5411 855 5487 Codices
883 5416 990 5468 duo
1013 5411 1463 5487 ἐτρέπετο.”[ἰεε.
1495 5411 1682 5471 sextus
1712 5415 1993 5487 τρέπεται.

416 5482 865 5555 (Ιοῐὺζεεουῃᾴυε
905 5482 1142 5555 ἐτράπη.
1203 5485 1316 5538 Duo
1353 5482 1442 5538 alii
1487 5502 1616 5540 mss.
1674 5482 1796 5540 cuin
1839 5486 1999 5540 editis

418 5549 848 5632 ἐτράπετοκΝεε
890 5549 984 5632 _tta'
1002 5549 1173 5632 multo
1206 5564 1330 5632 post
1366 5571 1508 5632 mss.
1542 5555 1788 5632 plerique
1808 5571 1997 5610 omnes

419 5622 544 5696 ctt'm
600 5622 835 5678 editione
887 5628 1053 5683 Basil.
1106 5622 1354 5696 κατόψει.
1413 5622 1591 5683 Editio
1629 5622 1811 5682 Paris.
1862 5643 1996 5682 κατ-

418 5695 589 5770 64469:.-

494 5767 607 5833 ((5⁸2)
634 5766 765 5837 Reg.
800 5776 984 5824 sextus
1005 5764 1221 5836 διώρισε
1247 5765 1497 5838 θεσμοὺς

2096 4589 2377 4660 δεὸόηται,
2429 4587 2571 4640 ὥστε
2606 4586 2708 4657 ἤδη
2752 4584 2897 4648 τινὲς
2935 4583 3037 4654 τὴν
3071 4583 3182 4636 τῶν
3221 4580 3681 4652 εὐεργετημάτων

2096 4681 2364 4736 ἀντίδοσιν
2384 4678 2905 4748 ἀντιπελάργωσιν
2939 4675 3050 4746 (65)
3086 4672 3429 4745 ὀνομάζουσι.
3476 4668 3683 4741 Μηδεὶς

2096 4773 2287 4827 πενίαν
2321 4771 2632 4843 ὀδυρέσθω·
2690 4769 2826 4840 μηδὲ
2883 4767 3308 4837 ἀπογινωσκέτω
3336 4765 3529 4819 ἑαυτοῦ
3582 4763 3682 4834 τὴν

2096 4865 2242 4937 ζωὴν
2274 4867 2302 4918 ὁ
2341 4863 2615 4934 μηδεμίαν
2644 4861 2786 4917 οἴκοι
2812 4860 3154 4928 ’περιουσίαν
3175 4856 3512 4922 καταλιπὼν,
3540 4857 3681 4928 πρὸς

2098 4958 2160 5010 τὸ
2183 4956 2285 5028 τῆς
2306 4954 2572 5026 χελιδόνος
2593 4954 2899 5025 εὐμήχανον
2927 4952 3271 5007 ἀποϐλέπων.
3309 4950 3521 5020 Ἐκείνη
3547 4949 3676 5020 γὰρ,

2097 5048 2197 5120 τὴν
2229 5046 2424 5102 καλιάν
2480 5046 2826 5117 πηγνυμένη,
2882 5044 2950 5099 τὰ
2981 5046 3079 5116 μὲν
3120 5045 3309 5117 κάρφη
3343 5041 3419 5113 τῷ
3452 5042 3680 5113 στόματι

2096 5139 2437 5211 διακομίζειο
2476 5138 2643 5210 πηλὸν
2679 5137 2737 5191 δὲ
2778 5138 2890 5201 τοῖς
2914 5137 3072 5190 ποσὶν
3092 5130 3222 5208 ἆραι
3258 5132 3334 5206 μὴ
3382 5133 3677 5204 δυναμένη,

2175 5341 2289 5411 (65)
2317 5342 2452 5411 Reg.
2491 5350 2676 5396 sextus
2707 5338 2991 5406 κακόξενοι
3012 5339 3061 5391 οἱ
3099 5337 3198 5401 τάς

2174 5407 2285 5486 (64)
2305 5407 2468 5486 ΔΙιιεῖηι
2491 5413 2622 5486 Reg.
2653 5422 2838 5466 sextus
2860 5411 3057 5486 πτήσει
3072 5407 3430 5486 παρέχοντες.

2172 5478 2194 5552 ζ
2198 5478 2286 5550 65)
2303 5478 2860 5551 Ἀντιπελάργωσιν,
2875 5481 2926 5533 id
2945 5478 3026 5552 est
3033 5520 3047 5545 ,
3065 5478 3297 5552 beneﬁcii
3308 5486 3502 5552 accepti
3516 5492 3683 5552 rentu-

2105 5546 2449 5610 neratt’onem.
2472 5546 2678 5605 Idcirco
2693 5561 2873 5606 autem
2891 5550 3030 5621 grati
3053 5549 3220 5621 animi
3244 5547 3571 5621 significatio
3586 5546 3682 5621 _a'tv-
3732 5584 3745 5617 ε

2102 5624 2506 5695 τιπελάργωσις
2522 5622 2822 5695 dicebatur,
2848 5616 2991 5688 quod
3015 5616 3308 5688 πελαργός,
3337 5617 3561 5695 ciconia,
3586 5616 3681 5670 bc-

2108 5687 2424 5751 neliciorum
2448 5709 2475 5749 a
2509 5692 2823 5763 parentibus
2851 5687 3193 5759 acceptorum
3236 5694 3440 5742 memor
3479 5687 3568 5741 sit.
