4082 6218
427 313 526 366 177
1526 314 1813 371 HOMlLlA
1853 317 1966 373 Vill
2005 317 2072 374 IN
2111 319 2610 379 llEXAEMERON.
3571 327 3674 384 l7fl

421 428 489 483 τὰ
517 425 664 495 ἂκρα
697 426 807 479 τῶν
837 422 1055 494 πτερῶν
1095 422 1246 476 ὕδατι
1288 427 1672 497 καταορέξασα
1717 429 1851 501 (66),
1882 427 1992 484 εἶτα

2100 440 2334 504 cogitat;
2366 448 2528 507 atque
2570 439 2830 507 pautatim
2863 437 3096 493 festucas
3126 439 3268 494 inter
3298 455 3358 495 se
3390 440 3503 497 Iulo
3529 445 3675 500 velut

418 523 483 592 τῇ
535 518 839 590 λεπτοτάτῃ
880 516 1026 570 κόνει
1069 516 1428 585 ὲνειληθεῖσα,
1457 519 1627 585 οὕτως
1667 522 1872 576 ἐπινοεῖ
1898 522 1992 577 τοῦ

2097 526 2303 596 glutine
2338 528 2572 596 quodam
2616 528 2897 598 culligans,
2934 529 3105 598 pullos
3140 530 3191 583 iu
3231 530 3345 600 ipso
3383 531 3510 585 nido
3540 547 3670 587 enn-

419 608 589 679 πηλοῦ
637 612 738 678 τὴν
783 605 1002 679 χρείαψ
1053 608 1149 661 καὶ
1202 608 1342 662 κατὰ
1389 611 1585 682 μικρὸν
1630 611 1992 684 ἀλλήλοις.τά

2098 620 2194 674 trit
2237 637 2254 674 :
2299 616 2529 690 quorum
2586 621 2628 675 si
2677 622 2802 690 quis
2843 622 3030 676 oculos
3069 632 3361 693 expungat,
3402 638 3432 680 a
3480 636 3671 680 natura

419 701 600 771 κάρφη
624 694 735 753 οἷον
758 699 921 770 κόλλῃ
947 699 1056 753 τινὶ
1088 699 1166 770 τῷ
1195 700 1353 772 πηλῷ
1388 703 1720 774 συνδήσασα,
1757 708 1815 760 ἐν
1855 706 1992 779 αὐτῇ

2098 714 2357 768 medicam
2395 714 2685 782 quamdam
2732 722 2904 766 artem
2952 714 3182 781 accepit,
3222 729 3317 781 per
3356 729 3516 781 quam
3562 730 3674 769 suae

416 794 540 853 τοὺς
583 792 830 853 νεοττοὺς
875 789 1165 860 ἐκτρέφει’
1209 785 1284 846 ὦν
1332 793 1426 845 ἐάν
1469 810 1553 857 τις
1587 796 1887 868 ὲκκεντήσῃ
1926 782 1996 850 ica

415 884 658 953 ὄμματα,
698 881 812 953 ἔχει
856 882 977 937 τινὰ
1004 883 1155 956 παρά
1184 885 1281 956 τῆς
1320 885 1532 953 φύσεως
1577 889 1826 959 ἰατρικὴν
1857 888 1991 959 (67),

412 977 480 1030 δι’
500 970 569 1048 ἦς
596 976 733 1049 πρὸς
768 976 958 1045 ὑγείαν
984 977 1249 1045 ἐπανάγει
1292 977 1401 1031 τῶν
1437 979 1674 1046 ἐκγόνων
1696 979 1795 1043 τὰς
1820 980 1989 1049 ὄψεις.

414 1069 602 1124 Ταῦτά
627 1086 687 1124 σε
712 1067 1028 1122 νουθετείτω
1059 1069 1134 1141 μὴ
1168 1068 1255 1122 διὰ
1284 1069 1474 1123 πενίαν
1492 1070 1629 1141 πρὸς
1657 1073 1993 1143 κακουργίαν

412 1160 713 1235 τρέπεσθαι
733 1160 919 1231 ὀμηδὲ
964 1162 1022 1213 ὲν
1053 1163 1168 1224 τοῖς
1197 1161 1603 1231 χαλεπωτάτοις
1636 1162 1854 1226 πάθεσι,
1890 1166 1993 1217 πᾶ-

416 1268 515 1305 σαν
569 1250 760 1305 ἐλπίδα
815 1249 1067 1321 ῥίψαντα,
1124 1252 1406 1323 ἄπρακτον
1448 1252 1663 1306 κεῖσθαι
1702 1254 1794 1307 καὶ
1838 1255 1994 1308 ἀνεν-

416 1346 677 1416 έργητοψ
712 1341 826 1396 ἀλλ’
859 1341 953 1397 ἐπὶ
980 1342 1113 1395 Θεὸν
1140 1341 1527 1412 καταφεύγειν,
1563 1343 1644 1407 ὃς,
1687 1346 1736 1397 εἰ
1760 1344 1991 1415 χελιδόνι

420 1438 478 1491 τὰ
512 1435 812 1509 τηλικαῦτα
846 1434 1134 1506 χαρίζεται
1170 1435 1315 1507 (68),
1364 1435 1517 1506 πόσῳ
1561 1434 1783 1507 μείζονα
1830 1436 1991 1491 δώσει

421 1533 522 1593 τοῖς
555 1530 615 1595 ἐξ
654 1529 783 1601 ὅλης
821 1527 1050 1600 καρδίας
1076 1528 1469 1599 ἐπιϐοωμένοις
1503 1529 1702 1595 αὑτόν;
1750 1528 1990 1583 Ἀλκυὼν

415 1632 529 1677 εστι
548 1621 831 1688 θαλάττιον
846 1622 1053 1695 ὄρνεον.
1067 1620 1213 1692 Αῦτη
1231 1625 1363 1693 παρ’
1376 1621 1859 1685 αὐτοὺςνοσσεύειν
1877 1622 1988 1694 (69)

419 1715 535 1778 τοὺς
562 1714 841 1783 αἰγιαλοὺς
867 1713 1130 1783 πέφυκεν,
1148 1715 1234 1767 ἐπ’
1255 1714 1427 1784 αὐτῆς
1447 1713 1515 1767 τά
1530 1713 1616 1769 ὠά
1639 1715 1740 1784 τῆς
1758 1714 1986 1786 ψάμμου

415 1805 801 1877 καταθεμένησν
856 1804 952 1858 καί¹
1013 1805 1259 1860 νοσσεύει
1319 1805 1462 1860 κατά
1528 1806 1693 1876 μέσον
1748 1823 1851 1860 που
1900 1807 1991 1861 τὸν

414 1899 677 1970 χειμῶνα,
709 1900 800 1953 ὅτε
833 1900 1049 1964 πολλοῖς
1071 1899 1165 1953 καὶ
1195 1898 1390 1968 βιαίοις
1417 1898 1640 1969 ἀνέμοις
1674 1900 1708 1969 ή
1742 1898 2020 1954 θάλασσα’

418 1994 476 2064 τῇ
508 1994 578 2063 γῇ
629 1992 1094 2063 προσαράσσεται.
1140 1990 1276 2045 Ἀλλ’
1320 1992 1470 2061 ὅμως
1515 1990 1855 2060 κοιμίζονται
1891 1992 1990 2061 μὲν

417 2084 611 2148 πάντες
660 2084 872 2155 ἄνεμοι,
923 2084 1184 2154 ἡσυχάζει
1224 2083 1280 2137 δὲ
1323 2082 1475 2154 κῦμα
1505 2082 1816 2149 θαλάσσιον,
1859 2084 1988 2138 ὅταν

409 2174 622 2230 ἁλκυὼν
650 2175 873 2247 έπωάζῃ
896 2174 994 2239 τάς
1017 2174 1157 2228 έπτά
1176 2174 1409 2245 ἡμέρας.
1451 2175 1539 2227 Ἐν
1566 2173 1856 2236 τοσαύταις
1880 2173 1989 2245 γὰρ

411 2266 599 2338 μόναις
630 2265 906 2330 έκλεπίζει
936 2266 1063 2329 τοὺς
1085 2264 1355 2329 νεοττούς.
1395 2265 1548 2317 Ἐπεὶ
1569 2264 1626 2318 δὲ
1654 2263 1750 2317 καὶ
1780 2263 1992 2335 τροφῆς

407 2360 588 2422 αὐτοῖς
617 2357 795 2429 χρεία,
830 2358 993 2423 ἄλλας
1015 2356 1153 2412 έπτά
1179 2356 1293 2428 (70)
1329 2358 1465 2429 πρὸς
1494 2356 1592 2427 τὴν
1619 2355 1727 2410 τῶν
1760 2354 1990 2408 νεοττῶν

407 2448 629 2520 αὔξησιν
655 2451 684 2503 ὁ
702 2447 1074 2519 μεγαλόδωρος
1088 2447 1220 2511 Θεὸς
1238 2446 1316 2518 τῷ
1352 2447 1664 2518 μικροτάτῳ
1690 2444 1813 2516 ζώῳ
1849 2462 1987 2516 παρ-

406 2542 613 2611 έσχετο.
651 2539 814 2593 Ὥστε
853 2540 947 2593 καὶ
985 2540 1230 2593 ναυτικοὶ
1275 2539 1478 2603 πάντες
1522 2539 1670 2592 ἴσασι
1699 2538 1855 2591 τοῦτο
1896 2539 1988 2591 καὶ

407 2610 725 2694 ἀλκυονίδας
755 2632 852 2695 τὰς
886 2631 999 2702 (71)
1025 2631 1237 2703 ἡμέρας
1267 2631 1480 2694 ὲκείνας
1498 2610 2051 2703 προσαγορεύουῖ

407 2725 596 2780 Ταῦτά
619 2742 701 2779 σοι
736 2727 816 2789 εἰς
841 2724 1157 2796 προτροπὴν
1201 2722 1294 2777 τοῦ
1346 2725 1524 2778 αἰτεῖν
1576 2722 1728 2793 παρὰ
1751 2720 1885 2775 Θεοῦ
1917 2721 2005 2774 τὰ.

408 2814 544 2885 πρὸς
578 2813 852 2884 σωτηρίαν
877 2813 965 2866 διὰ
999 2813 1099 2883 τῆς
1128 2813 1255 2883 περ).
1278 2810 1347 2865 τά
1369 2812 1538 2879 ἄλογα
1561 2812 1655 2865 τοῦ
1680 2811 1815 2864 Θεοῦ
1852 2828 1981 2883 προ-

409 2908 555 2971 νοίας
597 2905 1036 2978 νενομοθέτηται.
1089 2907 1155 2959 Τί
1193 2906 1294 2959 οὐκ
1325 2905 1392 2958 ἂν
1419 2906 1632 2974 γένοιτο
1673 2904 1780 2958 τῶν
1812 2921 1991 2975 παραυ

406 3000 573 3067 δόξων
602 3000 788 3055 ἕνεκεν
817 3000 935 3063 σοῦ,
969 3000 1029 3063 ὃς
1063 2999 1183 3053 κατ’
1211 2999 1396 3052 εἰκόνα
1425 2997 1653 3067 γέγονας
1704 2996 1797 3049 τοῦ
1832 2996 1989 3060 Θεοῦ,

2096 805 2262 876 prolis
2286 804 2457 858 visum
2493 804 2558 857 ad
2592 803 2877 857 sanitatem
2917 805 3144 860 reducit.
3183 803 3307 859 llmc
3349 814 3401 859 te
3429 821 3673 860 commo-

2095 906 2279 961 ueant,
2313 905 2371 949 ut
2407 910 2475 950 ne
2512 896 2578 948 ad
2622 894 2884 948 malelicia
2922 905 3246 949 convertare
3283 904 3503 964 propter
3542 912 3674 965 pau-

2094 999 2391 1058 pertatem;
2432 1002 2568 1041 neve
2607 989 2658 1039 in
2707 986 3043 1055 gravissimis
3073 986 3493 1052 calamitatibus,
3524 988 3669 1041 omni

2093 1094 2188 1149 spe
2217 1080 2447 1148 abjecta,
2480 1084 2685 1134 otiosus
2713 1093 2778 1132 ac
2810 1078 2957 1131 iners
2986 1093 3206 1133 maneas
3233 1097 3247 1132 :
3282 1085 3375 1134 sed
3408 1082 3472 1133 ad
3508 1082 3671 1135 Deum

2094 1173 2400 1242 confugias,
2450 1175 2539 1241 qui
2593 1172 2637 1226 si
2687 1170 2962 1225 Itiruudini
3013 1179 3158 1224 tanta
3193 1171 3437 1241 largitur,
3469 1181 3674 1241 qnautn

2094 1265 2298 1333 majora
2331 1266 2396 1319 iis
2422 1266 2513 1333 qui
2546 1265 2719 1332 ipsum
2753 1273 2865 1319 toto
2890 1263 3049 1317 corde
3081 1262 3359 1326 invocant,
3386 1278 3676 1317 concessu-

2094 1374 2188 1412 rus
2214 1357 2342 1411 est?
2380 1356 2618 1426 llalcyon
2652 1356 2767 1410 avis
2794 1355 3000 1410 marina
3031 1362 3132 1409 est.
3168 1353 3294 1407 llree
3332 1353 3589 1421 depositis
3621 1356 3672 1407 in

2093 1447 2202 1515 ipsa
2230 1430 2390 1500 arena
2422 1448 2558 1511 ovis,
2588 1446 2880 1503 secundum
2915 1446 3028 1514 ipsa
3069 1445 3248 1499 littora
3279 1444 3536 1500 fetiiicare
3579 1463 3673 1501 su-

2093 1537 2165 1591 let
2199 1554 2215 1594 :
2248 1547 2304 1591 et
2331 1538 2477 1593 circa
2519 1537 2751 1592 mediam
2798 1536 2915 1591 fere
2959 1537 3188 1592 hiemem
3235 1537 3405 1606 pullos
3437 1537 3671 1592 excludit

2093 1640 2226 1696 tum,
2257 1646 2380 1684 cum
2413 1644 2562 1684 mare
2597 1629 2782 1683 multis
2805 1638 2858 1682 et
2888 1628 3138 1683 violentis
3169 1628 3345 1682 ventis
3368 1628 3435 1682 ad
3470 1637 3674 1682 terram

2093 1722 2355 1777 alliditur.
2380 1723 2634 1777 Attamen
2672 1722 3064 1791 consopiuntur
3101 1721 3246 1776 veuti
3280 1734 3491 1785 omnes,
3522 1706 3677 1789 quie-

2095 1824 2255 1869 scunt
2291 1814 2523 1884 aquorei
2560 1813 2755 1868 ﬂuctus
2791 1828 2886 1882 per
2924 1823 3127 1882 septem
3157 1814 3294 1873 dies,
3325 1812 3519 1882 quibus
3560 1811 3675 1865 ital-

2095 1921 2234 1978 eyon
2273 1907 2392 1960 ovis
2423 1906 2663 1960 incubat.
2696 1904 2827 1959 Nam
2865 1905 3088 1959 totidem
3130 1904 3319 1957 diebus
3345 1902 3520 1956 solum
3559 1903 3676 1970 pul-

2096 1998 2176 2053 los
2221 1997 2479 2052 excludit.
2527 1998 2661 2052 Cum
2708 2005 2886 2050 autem
2941 2004 2996 2050 et
3019 1997 3161 2049 victu
3219 1995 3350 2064 ipsis
3381 2008 3518 2063 epus
3570 2003 3673 2054 est.

2096 2088 2232 2142 alios
2275 2097 2481 2156 septem
2528 2087 2644 2141 dies
2687 2088 2752 2139 ad
2804 2086 3496 2155 pullorumincrementum
3537 2081 3676 2136 Deus

2095 2178 2631 2232 munitieentissimus
2681 2178 2908 2231 minimo
2954 2176 3080 2230 huic
3133 2174 3355 2227 animali
3402 2173 3674 2241 praestitit.

2094 2270 2205 2341 76
2236 2270 2598 2337 Quamobrem
2636 2280 2693 2326 et
2727 2286 2916 2325 omnes
2952 2281 3132 2324 nauta:
3167 2269 3272 2323 hoc
3304 2269 3503 2332 sciunt,
3533 2265 3678 2318 dies-

2094 2376 2200 2431 que
2246 2361 2365 2415 illos
2394 2361 2664 2430 appellant
2709 2362 3056 2432 lialcyoueos.
3110 2359 3216 2413 lies
3249 2357 3352 2411 illa;
3377 2371 3471 2422 per
3500 2355 3592 2410 Dei
3619 2353 3677 2409 iu

2095 2454 2250 2508 bruta
2285 2454 2676 2522 providentiam
2707 2456 2930 2508 sancitae
2958 2463 3085 2509 sunt
3116 2462 3171 2506 et
3200 2452 3487 2513 ordinata),
3523 2456 3581 2502 ut
3618 2458 3675 2502 ttt

2094 2546 2177 2599 his
2206 2546 2480 2611 incitatus,
2515 2560 2578 2600 ea
2616 2562 2735 2614 qua!
2772 2548 2836 2598 ad
2873 2556 3016 2599 tuam
3048 2545 3276 2598 salutem
3318 2542 3606 2611 pertinent.
3643 2556 3674 2594 a

2095 2635 2204 2689 Deo
2238 2651 2520 2703 exposcas.
2552 2635 2690 2701 Quid
2718 2645 2804 2689 tua
2834 2650 3024 2697 causa,
3049 2634 3141 2703 qui
3174 2633 3348 2687 factus
3374 2647 3435 2686 es
3473 2631 3538 2684 ad
3580 2630 3673 2684 Dei

2092 2725 2406 2795 imaginem,
2449 2726 2611 2780 etiam
2660 2733 2856 2795 praeter
2903 2724 3367 2792 exspectationem
3411 2722 3526 2775 ﬁeri
3569 2736 3674 2774 non

2093 2814 2300 2884 possit,
2353 2829 2474 2868 Cum
2521 2814 2745 2868 aviculae
2792 2814 2926 2868 adeo
2974 2814 3180 2882 exiguae
3228 2813 3422 2882 gratia,
3462 2820 3674 2864 vastum

2094 2915 2147 2959 et
2179 2907 2504 2960 horrendum
2546 2922 2695 2960 mare
2729 2908 2780 2959 in
2818 2906 2990 2961 media
3031 2908 3210 2961 hieme
3247 2905 3532 2975 quiescere
3558 2903 3678 2971 jus—

2097 3013 2237 3063 sum,
2268 2998 2573 3051 detineatur
2604 3010 2666 3051 ac
2702 2996 2975 3051 freuetur?

406 3094 603 3162 ὃπουγε
630 3093 770 3165 ὑπὲρ
793 3091 1005 3164 δρνιθος
1043 3092 1187 3146 οὕτω
1239 3093 1445 3163 μικρᾶς
1508 3092 1543 3162 ή
1600 3089 1812 3162 μεγάλη
1870 3090 1967 3144 καὶ
2005 3089 2214 3162 φοϐερά
2275 3091 2568 3174 κατέχεται
2601 3089 2864 3155 Θάλασσα,
2902 3091 2960 3143 ὲν
2996 3090 3144 3161 μέσῳ
3175 3090 3402 3162 χειμῶνι
3436 3088 3678 3158 γαλήνην

407 3188 559 3258 ἄγειν
587 3186 698 3259 (72)
725 3186 1075 3256 ὲπιταχθεῖσα
1094 3202 1108 3249 ;

476 3281 532 3338 6.
552 3281 664 3353 Τὴν
684 3280 927 3352 τρυγόνα
957 3282 1111 3350 φασὶ,
1142 3277 1553 3349 διαζευχθεῖσάν
1572 3295 1702 3332 ποτε
1729 3278 1820 3332 τοῦ
1849 3278 1981 3349 όμό-

2155 3276 2209 3331 6.
2251 3276 2454 3331 Fertmt
2490 3276 2765 3330 turturem
2800 3292 2829 3329 a
2876 3274 3101 3345 conjuge
3153 3288 3477 3343 separatam,
3542 3292 3682 3330 nun-

410 3371 592 3441 ζυγος,
628 3372 825 3443 μηκέτι
857 3372 956 3443 τὴν
995 3373 1131 3443 πρὸς
1158 3371 1345 3442 ἕτερον
1372 3370 1765 3440 καταδέχεσθαι
1791 3387 1987 3423 κοινωα

408 3465 549 3529 νίαν,
575 3464 736 3518 ’ἁλλά
791 3463 972 3535 μένειν
1021 3463 1405 3527 ἀσυνδύαστον,
1463 3465 1653 3535 μνήμῃ
1707 3461 1801 3515 τοῦ
1859 3462 1990 3515 ποτὲ

411 3556 798 3627 συζευχθέντος
837 3556 937 3628 τὴν
972 3555 1111 3627 πρὸς
1152 3555 1341 3626 ἕτερον
1376 3555 1662 3609 κοινωνίαν
1711 3555 1990 3625 ἀπαρνου-

413 3648 600 3722 μένην.
649 3648 1019 3702 Ἀκουέτωσαν
1047 3650 1104 3702 αἰ
1131 3649 1406 3716 γυναῖκες,
1425 3648 1572 3709 ὅπως
1586 3646 1648 3699 τὸ
1675 3645 1870 3716 σεμνὸν
1890 3644 1991 3715 τῆς

408 3736 636 3808 χηρείας
663 3737 758 3791 καὶ
806 3738 959 3807 παρά
990 3739 1102 3800 τοῖς
1140 3736 1356 3805 ἀλόγοις
1380 3735 1475 3788 τοῦ
1511 3737 1569 3788 ὲν
1603 3738 1724 3799 ταῖς
1753 3735 1991 3802 πολυγα-

412 3829 566 3901 μίαις
598 3827 881 3900 ἀπρεποῦς
909 3827 1323 3900 προτιμότερον.
1353 3826 1711 3890 Ἀδικώτατος
1741 3826 1869 3897 περί
1892 3826 1992 3896 τὴν

410 3923 518 3976 τῶν
544 3921 784 3992 ἐκγόνων
813 3920 1086 3992 ἐκτροφὴν
1118 3920 1228 3991 (75)
1261 3921 1290 3973 ό
1312 3920 1486 3984 ἀετός.
1520 3919 1625 3973 Δύο
1645 3918 1755 3989 γὰρ
1790 3917 1992 3986 ἐξαγα-

411 4013 521 4083 γὼν
555 4015 832 4077 νεοσσοὺς,
871 4013 962 4067 τὸν
991 4013 1180 4084 ἕτερον
1222 4011 1402 4066 αὐτῶν
1446 4013 1527 4075 εἰς
1572 4012 1676 4081 γῆν
1716 4011 1993 4083 καταρρή-

411 4121 591 4172 γνυσι,
619 4107 741 4168 ταῖς
780 4104 1019 4175 πληγαῖς
1059 4104 1168 4157 τῶν
1198 4103 1413 4173 πτερῶν
1451 4101 1836 4172 ἀπωθούμενος
1855 4116 1868 4130 ·
1902 4100 1993 4155 τὸν

412 4196 469 4249 δὲ
514 4195 703 4267 ἕτερον
747 4197 908 4265 μόνον
949 4194 1256 4260 ἀναλαϐὼν,
1299 4194 1620 4258 οἰκειοῦται,
1671 4193 1767 4257 διάν
1789 4194 1852 4246 τὸ
1893 4194 1993 4263 τῆς

413 4285 618 4355 τροφῆς
649 4284 905 4338 ἐπίπονον
933 4285 1366 4356 ἀποποιούμενος
1412 4284 1525 4356 (74)
1578 4284 1637 4338 ὃν
1681 4284 1989 4353 ἐγέννησεν.

427 4376 566 4429 Ἀλλ’
595 4378 695 4430 οὐκ
723 4378 787 4446 ὲᾷ
807 4375 1017 4440 τοῦτον,
1046 4378 1122 4440 ῶς
1161 4394 1316 4447 φασι,
1350 4376 1720 4450 διαφθαρῆναι
1748 4378 1781 4446 ἡ
1811 4377 1953 4447 φήνη
1975 4392 1989 4405 ⁸

414 4461 530 4517 ἀλλ’
559 4462 906 4517 ὑπολαϐοῦσα
937 4464 1099 4518 αὐτὸν
1121 4468 1235 4530 τοῖς
1260 4465 1481 4529 οἰκείοις
1515 4465 1717 4536 ἑαυτῆς
1754 4466 1994 4527 νεοσσοῖς

416 4553 791 4627 σύνεκτρέφει.
823 4548 1063 4609 Τοιοῦτοι
1092 4555 1201 4609 τῶν
1230 4556 1434 4625 γονέων
1459 4558 1509 4610 οἱ
1560 4556 1672 4627 (75)
1715 4555 1809 4610 ἐπὶ
1848 4572 1991 4626 προ-

2090 3383 2251 3438 quam
2282 3385 2404 3423 cum
2432 3369 2538 3424 alio
2562 3369 2698 3423 inire
2724 3371 3059 3432 societatem,
3091 3369 3182 3421 sed
3213 3371 3426 3421 viduam
3468 3385 3680 3436 perma-

2090 3477 2219 3515 nere
2249 3480 2262 3514 :
2292 3471 2475 3530 utpote
2507 3477 2648 3530 quae,
2676 3462 2746 3513 ob
2785 3462 2979 3530 prioris
3037 3461 3282 3531 conjugis
3338 3463 3675 3530 memoriam,

2091 3550 2316 3605 alterius
2339 3551 2645 3618 coniugium
2677 3550 2901 3603 abnuat.
2938 3550 3175 3602 Andiaut
3212 3551 3486 3614 mulieres,
3541 3566 3679 3620 quo-

2094 3644 2255 3696 modo
2277 3643 2360 3697 vel
2388 3642 2528 3711 apud
2560 3641 2713 3695 bruta
2747 3640 3028 3701 anitnalia,
3064 3640 3423 3709 frequentium
3458 3643 3674 3709 nuptia-

2092 3749 2211 3788 rum
2256 3734 2507 3788 dedecori
2557 3741 2919 3802 anteponatur
2965 3732 3246 3787 viduitatis
3291 3734 3546 3801 pudicitia
3580 3736 3678 3788 ho-

2093 3834 2406 3894 nestasque.
2453 3824 2643 3891 Aquila
2693 3826 2745 3878 in
2797 3825 3078 3879 educanda
3131 3825 3282 3893 prole
3335 3825 3674 3895 iniquissima

2092 3928 2194 3970 est.
2233 3915 2448 3969 Etenim
2484 3917 2571 3970 ubi
2610 3918 2784 3985 pullos
2821 3919 2956 3972 duos
2996 3916 3250 3982 exclusit,
3304 3917 3494 3970 horum
3540 3916 3676 3971 alte-

2096 4024 2213 4062 rum
2266 4007 2449 4077 dejieit
2501 4008 2554 4062 in
2609 4019 2832 4073 terram,
2887 4024 2949 4064 ac
3000 4025 3300 4080 pennarum
3356 4009 3676 4065 verberibus

2093 4102 2366 4170 protrudit
2420 4117 2434 4153 :
2494 4100 2721 4154 alterum
2778 4114 2960 4157 autem
3020 4103 3284 4156 duntaxat
3338 4113 3673 4171 assumptum

2095 4207 2192 4261 pro
2237 4209 2334 4248 suo
2384 4193 2572 4259 habet;
2611 4205 2772 4263 atque
2804 4212 2962 4262 quem
2997 4196 3204 4265 genuit,
3250 4205 3469 4262 propter
3502 4196 3675 4251 victus

2094 4280 2439 4347 comparandi
2490 4280 2858 4334 dillicultatetn
2913 4281 3151 4335 abdicat.
3208 4281 3338 4344 Sed,
3391 4291 3449 4333 ut
3501 4282 3671 4340 aiunt,

2095 4371 2272 4437 perire
2313 4372 2454 4425 hunc
2489 4387 2595 4425 non
2626 4372 2753 4425 sinit
2784 4372 3046 4440 ossifraga
3083 4387 3098 4425 :
3138 4374 3244 4425 imo
3276 4374 3450 4439 ipsum
3490 4387 3673 4424 susce-

2093 4472 2242 4530 ptum
2291 4478 2394 4516 una
2444 4477 2566 4516 cum
2618 4463 2847 4531 pmpriis
2895 4464 3007 4516 suis
3053 4463 3209 4532 pullis
3252 4464 3468 4517 educat.
3515 4461 3672 4514 Tales

2095 4563 2222 4610 sunt
2269 4565 2520 4625 parentes
2560 4554 2657 4619 illi,
2687 4555 2778 4623 qui
2824 4557 3155 4625 paupertatis
3188 4567 3449 4625 praetextu
3497 4556 3671 4647 inlati.-

488 4786 600 4856 (66)
631 4785 724 4842 Sic
750 4787 996 4858 quinque
1050 4803 1180 4842 mss.
1214 4802 1244 4841 e
1290 4786 1489 4842 nostris
1521 4798 1715 4858 prteter
1741 4787 1987 4858 Combel'.
2021 4793 2065 4847 D
2093 4790 2235 4852 loco,
2266 4804 2374 4858 quo
2390 4790 2709 4845 Ambrosius
2724 4790 2789 4845 de
2811 4790 2911 4844 hac
2936 4790 3051 4857 ipsa
3086 4789 3462 4856 aveloquitur,
3496 4785 3667 4843 levem

414 4857 553 4929 Editi
578 4872 705 4929 vero
735 4857 993 4929 βρέξασα.
1049 4858 1201 4924 Quod
1234 4857 1510 4925 aliquanto
1552 4871 1678 4913 ante
1708 4861 1784 4913 ait
1831 4857 1987 4914 Basi-

414 4928 788 4988 lius,ciconiis
840 4931 1086 4985 cornices
1113 4929 1608 4999 peregrinationum
1652 4930 1883 4984 comites
1932 4940 1989 4984 et

414 5009 672 5068 tanquam
715 4999 975 5055 satellites
1002 4998 1336 5068 adjungi,’de
1354 5013 1433 5068 eo
1459 4998 1616 5053 aliter
1637 4999 1839 5053 sentire
1867 5001 1989 5053 Ari-

414 5066 661 5122 stotelem
685 5069 842 5138 docet
873 5068 1012 5122 idem
1040 5069 1126 5122 ille
1165 5066 1457 5138 quetnjatn
1490 5069 1759 5123 nominavi
1793 5068 1988 5124 Petrus

413 5138 639 5261 ﬁnitus.
680 5137 852 5208 Legas
899 5138 1056 5193 velim
1108 5137 1225 5210 ejus
1263 5143 1578 5208 opusculum
1615 5140 1709 5193 lib.
1752 5154 1826 5206 tv,
1863 5154 1983 5208 cap.

487 5277 599 5345 (67)
648 5277 801 5350 Coll).
849 5279 1116 5334 secundus
1155 5279 1370 5350 φύσεως
1397 5277 1659 5350 ἰατρείαν.
1692 5278 1814 5335 Mox
1852 5277 1985 5348 Reg.

414 5359 597 5420 Sestus
624 5349 703 5420 εἰς
735 5366 963 5420 κακουρ.

629 5419 767 5495 Erg.
789 5416 1047 5495 sex-tussi
1080 5416 1509 5495 ﬁnemve”
1543 5420 1844 5495 χαρίζεται.

493 5487 602 5555 (69)
634 5487 807 5544 Editio
860 5489 1022 5543 Basil.
1056 5487 1177 5544 cum
1226 5490 1405 5543 multis
1457 5487 1586 5545 mss.
1615 5487 1983 5546 ’νοσσεύειν...

2093 4862 2310 4929 quidem
2349 4861 2515 4924 illam,
2549 4863 2641 4915 sed
2664 4876 2784 4929 qua:
2820 4870 2995 4913 tamen
3030 4861 3225 4927 negotii
3256 4859 3465 4929 aliquid
3493 4858 3667 4911 laces-

2090 4927 2213 4999 sere
2245 4931 2415 4999 possit
2446 4927 2775 4986 rndiorib'us.
2832 4929 2928 4985 Ubi
2984 4945 3114 4999 ergo
3157 4929 3382 4999 legimus
3415 4927 3508 4999 lib.
3548 4943 3576 4980 v
3612 4929 3669 4983 in

2091 4997 2349 5054 Hexaem.
2393 5016 2513 5070 cap.
2568 5001 2655 5064 15,
2701 5016 2845 5070 num.
2892 5000 2987 5061 40,
3038 4997 3314 5051 Placidum
3359 4997 3518 5070 ventis
3564 5008 3667 5050 stat

2091 5085 2257 5133 mare,
2294 5069 2570 5125 donecom
2590 5073 2756 5139 foveat
2787 5069 3039 5138 halcyone
3066 5087 3184 5129 sua,
3214 5069 3496 5139 legendum
3532 5082 3666 5139 ceu-

2088 5153 2201 5209 seo,
2238 5140 2401 5193 donec
2417 5157 2509 5195 ora
2540 5138 2709 5209 [event
2740 5141 2963 5209 Italcyon
2986 5158 3105 5193 sua.
3141 5138 3268 5209 Illud
3302 5138 3505 5209 Basilii,
3536 5138 3667 5209 ήσυτ

2089 5208 2242 5278 χάζει
2274 5209 2331 5262 δὲ
2364 5210 2514 5281 κῦμα
2540 5206 3009 5263 θαλάσσιονϐταν
3046 5207 3259 5263 ἀλκυὼν
3307 5206 3567 5279 ὲπωάζῃ,
3598 5207 3665 5261 ad

2095 5284 2337 5339 vernum,
2363 5294 2420 5333 ut
2459 5282 2641 5335 vident
2674 5297 2886 5345 omnes,
2924 5281 3191 5348 expressit
3218 5281 3555 5332 Ambrosius.

2164 5350 2274 5420 (7|)
2295 5349 2541 5404 Nonnulli
2575 5366 2706 5404 mss.
2736 5350 3106 5415 ἀλκυονίτιδας
3143 5351 3261 5412 τάς.

2159 5420 2270 5491 (72)
2295 5421 2446 5491 Culb.
2478 5423 2745 5475 secundus
2768 5421 3024 5491 γαλήνην
3042 5421 3207 5491 ἔχειν.

2162 5490 2274 5561 (75)
2329 5490 2552 5544 Codices
2608 5509 2711 5545 non
2773 5488 2928 5558 pauci
2966 5488 3209 5560 ἐξάγων.
3272 5488 3471 5544 Ibidem
3528 5488 3662 5561 Reg.

413 5556 678 5631 νοσσεύει.
711 5558 1071 5631 ΕιΙῙῑῘοξΡΜὶδ.
1106 5560 1478 5614 νεοσσεύειν...
1508 5561 1803 5615 νεοσσεύει.
1840 5560 1985 5616 lul'ra
2089 5556 2524 5631 quiutusihspov
2549 5561 2696 5628 ἄγων
2725 5556 2824 5624 εἰς.

416 5626 567 5697 Bodl.
606 5627 794 5697 μόναις
816 5630 1035 5682 ἐκλέπει
1062 5631 1210 5694 τούς.

487 5695 842 5774 (70)(ξούξιοεξε
864 5701 967 5753 duo
996 5701 1157 5764 ἄλλας
1183 5700 1321 5774 ἑπτά
1352 5701 1582 5774 ἡμέρας.
1619 5701 1844 5768 Quando
1872 5718 1983 5757 ser-

419 5783 504 5823 tno
528 5778 610 5823 est
638 5770 701 5822 de
733 5768 1015 5838 lmlcyone,
1047 5773 1307 5827 maculam
1349 5768 1533 5828 tollere
1567 5774 1801 5829 conabor
1827 5789 1892 5828 ex
1920 5789 1985 5827 eo

2156 5630 2268 5700 (Ἡ)
2298 5630 2441 5701 Reg.
2470 5632 2692 5699 quintus
2724 5631 3199 5701 ἁποσπασάμενος.

2161 5698 2272 5772 (75)
2298 5698 2433 5754 Editi
2462 5698 2581 5772 cum
2606 5701 2757 5772 Colb.
2802 5698 3038 5755 secundo
3082 5701 3283 5769 γονέων
3318 5702 3367 5754 οἰ
3416 5698 3659 5769 σκληροί,

2093 5770 2184 5828 sed
2220 5772 2368 5839 illud,
2402 5773 2450 5824 oi
2479 5770 2724 5842 σκληροί,
2752 5773 2900 5829 deest
2932 5774 2982 5826 itt
3009 5783 3214 5842 septem
3253 5788 3408 5836 mss,
3436 5789 3532 5826 nec
3563 5772 3650 5825 dn-
