4082 6218
378 268 485 326 179

1691 269 1751 326 s.
1792 267 2039 325 BASILII
2065 248 2305 324 Mitem

3537 269 3644 323 180

384 398 470 440 tt-s
498 390 795 451 exponunt,
836 391 929 436 aut
955 381 1122 437 etiam
1156 382 1207 436 iu
1232 381 1561 452 patrimonio
1590 379 1965 437 distribuendo

2084 379 2231 449 ράσει
2264 396 2455 444 πενιας
2501 379 2835 451 ἐκτιθέμενοι
2880 379 2947 434 τὰ
2991 381 3184 453 νήπια·
3243 380 3275 453 ἢ
3325 382 3419 435 καὶ
3459 385 3519 436 ὲν
3571 387 3638 456 τῇ

382 472 707 541 iniquissimi
742 482 867 528 sunt
903 487 1029 542 erga
1065 471 1280 525 liberos.
1313 471 1775 538 Quemadmodum
1814 469 1960 525 enim

380 566 596 636 cuique,
636 573 881 631 ut-esset,
910 580 974 619 ex
1009 582 1165 634 aequo
1193 566 1450 630 tribuere,
1505 566 1580 620 ita
1612 579 1824 635 aequum
1855 571 1960 628 est,

383 668 443 712 ut
478 659 559 713 eis
597 660 719 712 vita:
758 659 981 729 agendae
1022 658 1330 713 facultatem
1368 659 1485 728 pari
1529 658 1831 727 mqnalique
1870 670 1961 710 ra-

387 756 533 809 tione
565 750 926 819 suppeditent.
969 750 1112 806 Cave
1149 751 1381 806 imiteris
1409 766 1597 805 earum
1627 750 1807 804 avium
1837 748 1963 818 qui-

387 839 490 895 bus
540 826 746 910 ungues
796 840 990 895 adunci
1048 851 1194 905 sunt,
1251 841 1674 896 crudelitatem:
1715 854 1835 909 quae
1872 839 1964 894 ubi

387 928 624 984 viderint
672 944 801 985 suos
853 930 994 986 fetus
1032 929 1257 1002 jamjam
1312 930 1508 985 volatui
1556 939 1814 993 maturos,
1864 930 1966 983 alis

387 1036 483 1077 eos
510 1023 877 1085 verberantes.
905 1040 968 1079 ac
994 1024 1342 1095 expellentes,
1373 1039 1438 1080 ex
1475 1024 1601 1077 nido
1630 1023 1871 1093 ejiciuut,
1902 1036 1968 1076 ac

391 1116 648 1184 deinceps
678 1116 879 1170 nullam
914 1131 1099 1172 eorum
1139 1133 1325 1189 curam
1364 1116 1680 1186 suscipiunt.
1717 1113 1968 1168 Laudan-

391 1209 492 1264 dus
518 1221 602 1262 est
634 1210 867 1265 cornicis
900 1210 951 1264 in
983 1226 1110 1265 suos
1143 1211 1320 1279 pullos
1347 1224 1517 1270 amor.
1549 1223 1669 1278 quae
1693 1208 1836 1276 ipsos
1853 1205 1967 1274 jam

395 1303 645 1357 volantes
697 1302 1008 1365 comitatur,
1058 1302 1478 1371 alimoniamque
1526 1299 1964 1365 subministrans,

394 1393 515 1449 illos
546 1393 851 1450 diutissime
878 1396 1099 1448 enutrit.
1140 1392 1319 1448 Multis
1358 1394 1540 1449 avium
1575 1392 1863 1462 generibus
1902 1390 1969 1445 ad

394 1496 717 1554 conceptum
760 1483 892 1540 nihil
933 1500 1068 1554 opus
1107 1497 1191 1541 est
1232 1485 1421 1554 copula
1470 1483 1699 1538 marium
1737 1501 1750 1538 :
1789 1482 1880 1537 sed
1914 1482 1969 1536 in

396 1578 518 1632 aliis
564 1578 852 1648 generibus
902 1577 1046 1632 edita
1090 1577 1224 1631 citra
1274 1577 1473 1631 coitum
1520 1590 1645 1639 ova,
1687 1572 1971 1629 infecunda

398 1663 544 1727 Sunt.
574 1667 777 1724 Ferunt
806 1678 985 1724 autem
1025 1669 1142 1723 sine
1174 1669 1318 1723 coitu
1358 1678 1416 1722 ut
1452 1668 1742 1738 plurimum
1781 1677 1972 1734 parere

2066 469 2294 541 διανομῇ
2325 468 2421 523 τοῦ
2478 471 2681 542 κλήρου
2734 470 3058 526 άνισώτατοι
3108 473 3246 544 πρὸς
3297 473 3366 527 τὰ
3416 473 3637 544 ἔκγονα.

2067 562 2285 616 Δίκαιον
2317 564 2445 637 γὰρ,
2495 563 2685 635 ὥσπερ
2712 564 2771 630 ἐξ
2803 566 2920 619 ῐσου
2953 564 3388 636 μεταδεδώκασιν
3423 568 3640 639 ἑκάστῳ

2067 652 2162 705 τοῦ
2190 648 2351 719 εἶναι,
2385 653 2529 707 οὓτω
2567 656 2787 721 καὶτὰς
2820 656 2957 727 πρὸς
2989 655 3053 709 τὸ
3098 655 3195 728 ζῇν
3220 657 3475 728 ἀφορμὰς
3508 659 3641 724 ἴσως

2069 743 2254 807 αὐτοῖς
2297 745 2392 798 καὶ
2442 744 2720 815 ὁμοτίμως
2781 746 3065 818 παρέχειν.
3119 748 3210 818 Μὴ
3266 750 3476 821 μιμήοῃ
3530 750 3641 805 τῶν

2069 831 2453 903 γαμψωνύχων
2480 833 2709 905 ὀρνίθων
2755 836 2816 890 τὸ
2858 837 3065 906 ἀπηνές
3085 856 3100 869 ·
3127 837 3197 903 οἳ,
3232 839 3449 893 ἐπειδάν
3489 840 3640 894 ῐδωσι

2068 923 2197 987 τοὺς
2257 924 2466 978 ἑαυτῶν
2514 928 2762 992 νεοττοὺς
2796 930 3251 1000 κατατολμῶντας
3297 930 3481 986 λοιπὸν
3538 931 3643 1003 τῆς

2071 1016 2343 1085 πτήσεως,
2398 1017 2717 1072 ἐκϐάλλουσι
2763 1020 2866 1091 τῆς
2918 1022 3131 1086 καλιᾶς,
3190 1023 3483 1086 τύπτοντες
3529 1028 3645 1088 τοῖς

2073 1112 2292 1180 πτεροῖς
2354 1110 2448 1163 καὶ
2497 1109 2795 1176 ὠθοῦντες,
2851 1114 2948 1167 καὶ
3007 1115 3262 1187 οὐδεμίαν
3325 1117 3771 1197 ὲπιμέλεῃχκ.

2075 1199 2356 1254 ποιοῦνται
2389 1200 2526 1273 πρὸς
2547 1202 2609 1256 τὺ
2626 1202 2828 1258 λοιπόν.
2869 1206 3180 1260 Ἐπαινετὸν
3196 1208 3294 1279 τῆς
3319 1208 3563 1280 κορώνης
3584 1208 3648 1263 τὸ

2074 1293 2387 1363 φιλότεκνον
2408 1313 2420 1325 ·
2465 1296 2500 1365 ἢ
2534 1297 2630 1350 καὶ
2669 1302 2990 1369 πετομένοις
3037 1299 3146 1370 (76)
3176 1301 3276 1372 ήδη
3313 1302 3643 1373 παρέπεται,

2076 1385 2355 1451 σιτίζουσα
2390 1388 2586 1452 αὐτοὺς
2634 1389 2729 1444 καὶ
2777 1390 3116 1461 ἐκτρέφουσα
3164 1391 3326 1462 μέχρι
3369 1391 3643 1447 πλείστου.

2075 1477 2253 1532 Πολλὰ
2306 1478 2414 1533 τῶν
2463 1480 2693 1553 ὀρνίθων
2742 1480 2873 1551 γένη
2928 1482 3082 1537 οὐδὲν
3133 1484 3271 1554 πρὸς
3316 1482 3415 1555 τὴν
3453 1483 3648 1554 κύησιν

2073 1571 2244 1625 δεῖται
2274 1572 2371 1643 τῆς
2387 1572 2494 1627 τῶν
2524 1573 2771 1645 ἀρρένων
2800 1573 3104 1644 ἐπιπλοκῆς
3124 1590 3138 1605 ο
3168 1575 3283 1628 ἀλλ’
3306 1576 3364 1628 ὲν
3413 1575 3510 1646 μὲν
3537 1577 3649 1639 τοῖς

2076 1664 2256 1728 ἄλλοις
2283 1665 2455 1735 ᾶγονά
2477 1667 2591 1719 ἐστι
2617 1665 2688 1719 τά
2715 1667 3012 1738 ὑπηνέμια,
3038 1669 3162 1731 τοὺς
3190 1667 3247 1721 δὲ
3273 1667 3454 1736 γῦπάς
3484 1684 3650 1738 φασιν

400 1764 660 1823 vultures,
706 1760 833 1814 licet
877 1761 1110 1814 maxime
1159 1760 1430 1830 longaevos
1455 1736 1489 1815 ῆι
1538 1759 1733 1827 quippe
1775 1757 1971 1827 quibus

2084 1758 2452 1821 ivaua’wwc
2478 1759 2684 1812 τίκτειν
2703 1760 2779 1822 ὼς
2808 1736 2879 1812 τὰ
2896 1736 3092 1823 πολλὰ,
3119 1760 3213 1812 καὶ
3240 1758 3414 1814 ταῦτα
3446 1736 3652 1830 μακρο-

398 1848 508 1908 vita
537 1855 603 1908 ad
628 1860 841 1907 centum
870 1868 1039 1921 usque
1060 1867 1233 1906 annos
1258 1853 1573 1921 plerumque
1600 1850 1968 1919 protendatur.

395 1942 453 1997 ιιι
481 1944 637 1999 velim
668 1953 910 1999 notatum
938 1954 993 1997 et
1017 1944 1362 1997 observatum
1393 1958 1460 1996 ex
1490 1941 1676 1995 alitum
1708 1938 1930 1994 historia
1955 1952 1970 1991 :

399 2045 461 2088 ut
489 2036 534 2089 si
570 2036 780 2104 quando
811 2035 1096 2090 nonnullos
1127 2035 1328 2089 videris
1366 2033 1678 2105 mysterium
1729 2041 1973 2085 nostrum

409 2125 660 2190 irridere,
698 2126 852 2195 quasi
894 2126 1007 2179 ﬁeri
1050 2132 1306 2194 nequeat,
1337 2136 1390 2178 et
1421 2123 1576 2193 quasi
1608 2123 1680 2176 sit
1717 2137 1747 2175 a
1783 2131 1974 2174 natura

406 2216 664 2279 alienum,
702 2224 760 2269 ut
786 2214 959 2286 virgo,
998 2214 1310 2284 virginitate
1352 2213 1470 2282 ejus
1503 2212 1823 2267 intemerata
1852 2224 1975 2277 per-

402 2320 677 2373 manente,
713 2311 1005 2380 pepererit,
1037 2309 1219 2363 veniat
1265 2309 1318 2361 in
1359 2315 1591 2362 mentem
1631 2304 1749 2369 tibi,
1788 2303 1974 2366 Deum,

401 2403 488 2457 cui
540 2417 637 2472 per
679 2400 1077 2471 praedicationis
1126 2399 1411 2453 stultitiam
1465 2397 1747 2452 credentes
1801 2392 1980 2448 salvos

402 2492 584 2566 lacere
624 2493 841 2559 libuit“,
885 2493 1167 2547 innumera
1217 2491 1592 2551 incitamenta,
1636 2487 1705 2542 ab
1735 2486 1850 2555 ipsa
1882 2500 1980 2538 na-

405 2597 522 2640 tura
548 2586 853 2655 desumpta,
888 2586 953 2639 ad
985 2584 1143 2639 tidem
1178 2583 1341 2638 rebus
1372 2581 1654 2651 stupendis
1682 2578 1979 2635 concilian-

403 2677 526 2731 dam
557 2676 608 2730 in
641 2686 979 2731 antecessum
1011 2675 1379 2745 proposuisse.

478 2768 529 2821 7.
575 2765 877 2821 Producant
914 2783 1065 2837 aqua:
1094 2766 1301 2836 reptilia
1340 2765 1643 2819 animarum
1678 2762 1785 2833 77
1815 2762 1983 2816 viven-

404 2863 560 2926 tium,
602 2870 652 2916 et
691 2861 929 2916 volatilia
966 2848 1196 2916 vola'nlia
1241 2877 1396 2929 super
1439 2869 1656 2924 terram,
1699 2859 1983 2913 secundum

2074 1848 2366 1912 ϐιωτάτους
2394 1849 2591 1911 ὄνταςο
2623 1845 2705 1914 οἷς
2732 1867 2797 1918 γε
2831 1851 3023 1922 μέχρις
3062 1851 3255 1904 ἑκατὸν
3282 1851 3420 1904 ἑτῶν
3459 1851 3535 1913 ὡς
3581 1850 3652 1904 τὰ

2075 1934 2246 1989 πολλὰ
2282 1937 2668 2005 παρατείνεται
2705 1938 2817 2009 (77)
2853 1940 3047 2011 ήζωή.
3084 1939 3254 1992 Τοῦτό
3292 1956 3384 2009 μοι
3428 1939 3520 2010 ἔχε
3547 1957 3653 1994 πα-

2079 2031 2588 2101 ρασεσημειωμένον
2618 2034 2682 2087 ὲκ
2702 2032 2804 2102 τῆς
2837 2034 2965 2105 περὶ
2990 2036 3116 2097 τοὺς
3142 2034 3361 2106 ὄρνιθας
3389 2035 3651 2102 ἱστορίας,

2078 2122 2166 2184 ἵν’,
2222 2122 2443 2176 ἐπειδάν
2466 2139 2597 2176 ποτε
2624 2125 2741 2195 ἴδῃς
2768 2125 3043 2195 γελῶντάς
3086 2144 3238 2190 τινας
3264 2127 3326 2179 τὸ
3355 2128 3654 2198 μυστήριον

2078 2213 2253 2284 ήμῶν,
2278 2214 2355 2276 ὡς
2385 2214 2649 2269 ἀδυνάτου
2677 2216 2828 2281 ὄντος
2847 2219 2941 2271 κα)¹
2976 2218 3082 2285 ἔξω
3109 2219 3210 2289 τῆς
3251 2218 3485 2289 φύσεως,
3509 2236 3655 2290 παρ-

2078 2305 2229 2359 θένον
2266 2308 2479 2372 τεκεῖν,
2528 2309 2630 2379 τῆς
2693 2310 2988 2381 παρθενίας
3032 2311 3201 2383 αὐτῆς
3247 2311 3655 2383 φυλαττομένης

2078 2397 2373 2467 άχράντου,
2403 2398 2736 2471 ἐνθυμηθῇς,
2767 2403 2849 2455 ὅτι
2881 2404 2909 2455 ὁ
2939 2402 3239 2473 εὐδοκήσας
3284 2405 3342 2457 ὲν
3372 2406 3440 2474 τῇ
3474 2404 3656 2475 μωρίᾳ

2080 2488 2176 2542 τοῦ
2198 2488 2554 2561 κηρύγματος
2593 2492 2764 2545 σῶσαι
2788 2494 2916 2555 τοὺς
2951 2494 3324 2558 πιστεύοντας,
3361 2496 3558 2566 μυρίας
3590 2496 3656 2547 ὲκ

2080 2581 2182 2652 τῆς
2208 2582 2423 2651 φύσεως
2446 2584 2699 2658 ἀφορμὰς
2722 2586 2860 2659 πρὸς
2886 2587 2985 2658 τὴν
3007 2588 3190 2642 πίστιν
3214 2588 3322 2642 τῶν
3342 2587 3657 2656 παραδόξων

2083 2674 2373 2743 προλαϐὼν
2402 2676 2731 2730 κατεϐάλετο
2766 2677 2898 2749 (78).

2160 2766 2212 2818 7.
2251 2766 2615 2837 Ἐ’ξαγαγέτω
2636 2767 2708 2821 τὰ
2734 2767 2923 2821 ὕδατα
2939 2767 3171 2847 ,ἑρπετὰ
3196 2767 3412 2837 ψυχῶ
3434 2765 3657 2831 ζωσῶν,

2085 2858 2181 2911 καὶ
2212 2858 2454 2911 πετεινὰ
2488 2861 2784 2928 πετόμενα
2808 2859 2906 2912 ἐπὶ
2936 2857 3042 2927 τῆς
3081 2858 3213 2929 γῆς,
3249 2858 3399 2915 κατὰ
3424 2858 3491 2912 τὸ
3527 2875 3659 2913 στε-

403 2954 791 3025 ﬁrmamentum
825 2954 959 3008 caeli.
986 2953 1141 3008 Iussa
1176 2963 1302 3007 sunt
1328 2953 1492 3022 super
1529 2962 1730 3006 terram
1760 2949 1979 3017 quidem

2084 2948 2283 3018 ρέωμα
2307 2950 2415 3004 τοῦ
2443 2951 2726 3018 οὐρανοῦ.
2769 2952 2890 3004 Ἐπὶ
2939 2952 3036 3021 μὲν
3085 2955 3186 3022 τῆς
3218 2951 3323 3021 γῆς
3366 2951 3660 3022 ἐκελεύσθη

408 3045 616 3106 volare,
672 3053 957 3113 propterea
1004 3043 1146 3111 quod
1185 3042 1439 3097 omnibus
1482 3041 1798 3095 alimentum
1840 3049 1983 3093 terra

2089 3038 2378 3103 πετᾶσθαι,
2411 3039 2498 3093 διὰ
2521 3040 2582 3093 τὸ
2611 3042 2745 3094 πᾶσι
2762 3041 2858 3112 τήν
2873 3043 3077 3115 τροφὴν
3094 3043 3203 3095 ἀπὸ
3228 3042 3329 3113 τῆς
3353 3046 3456 3115 γῆς
3488 3043 3663 3115 ὑπάρ-

407 3134 783 3189 subministret
815 3153 828 3188 :
863 3134 1167 3189 Secundum
1197 3134 1586 3201 ﬁrmamentum
1628 3143 1807 3187 autem
1848 3131 1982 3195 caeli,

406 3231 692 3293 propterea
761 3224 925 3291 quod,
982 3232 1040 3277 ut
1085 3233 1209 3277 ante
1281 3223 1539 3285 diximus,
1589 3236 1683 3275 aer
1721 3221 1823 3277 hoc
1868 3221 1988 3276 loco

409 3314 707 3383 appelletur
751 3315 973 3380 caelum,
1021 3330 1118 3370 ceu
1159 3315 1413 3387 οὐρανός,
1455 3315 1704 3370 videlicet
1740 3331 1771 3369 a
1824 3317 1989 3370 verbo

409 3406 662 3480 δρᾶσθαι,
691 3408 835 3477 quod
879 3419 964 3462 est
995 3408 1177 3463 videri.
1212 3408 1351 3475 Quin
1386 3417 1440 3463 et
1474 3406 1870 3461 ﬁrmamentum
1905 3408 1989 3462 di-

412 3498 578 3563 citur,
608 3496 729 3552 ideo
753 3498 899 3567 quod
927 3512 1022 3551 aer
1054 3497 1165 3561 ille,
1193 3499 1285 3567 qui
1321 3505 1507 3552 nostro
1535 3497 1696 3566 capiti
1725 3497 1988 3563 imminet,

411 3590 652 3644 tethereo
684 3591 898 3660 corpori
942 3600 1308 3659 comparatus,
1343 3590 1738 3658 quodammodo
1770 3590 1990 3645 densio-

416 3683 496 3737 ris
551 3682 624 3735 sit
675 3682 1000 3752 coagmenti,
1059 3682 1340 3751 magisque
1382 3683 1452 3736 ob
1501 3681 1871 3736 exlialationes
1924 3680 1992 3736 ab

415 3772 541 3827 imis
570 3771 705 3826 locis
749 3772 1106 3827 ascendentes
1143 3773 1568 3842 constringatur.
1613 3772 1792 3827 Habes
1830 3773 1993 3842 igitur

414 3863 615 3918 cmlum
663 3872 1006 3927 exornatum,
1052 3872 1251 3916 terram
1296 3864 1625 3926 decoratum,
1678 3878 1825 3917 mare
1870 3878 1994 3932 pro-

416 3957 554 4026 priis
608 3955 804 4010 fetibus
853 3957 1177 4019 exuberans,
1230 3969 1409 4008 aerem
1467 3954 1657 4008 avibus
1708 3953 1987 4019 refertum,

420 4048 593 4117 iisque
636 4049 812 4117 ipsum
864 4048 1290 4117 pervolantibus.
1340 4046 1465 4100 Hzec
1507 4045 1687 4100 omnia
1738 4062 1858 4115 qua:
1900 4046 1994 4101 Dei

418 4150 688 4211 praecepto
733 4156 763 4195 e
800 4140 967 4195 niliilo
1014 4140 1066 4193 in
1110 4140 1284 4195 lucem
1331 4140 1472 4193 edita
1519 4147 1664 4202 sunt,
1697 4149 1751 4193 et
1788 4139 1993 4208 reliqua

420 4250 541 4304 quae
593 4242 779 4289 nostra
816 4234 991 4289 oratio
1022 4248 1163 4288 nunc
1196 4232 1562 4303 praetermisit,
1602 4230 1993 4285 diuturniorem

422 4330 477 4384 in
531 4328 617 4384 his
662 4343 867 4383 moram
913 4326 1212 4390 declinans,
1254 4334 1312 4380 ut
1355 4339 1422 4379 ne
1466 4325 1684 4379 modum
1732 4321 1996 4377 excedere

2088 3147 2205 3200 χειν
2227 3147 2239 3162 '
2278 3130 2441 3185 Κατὰ
2474 3132 2531 3184 δὲ
2566 3132 2633 3184 τὸ
2662 3132 2967 3202 στερέωμα
2985 3134 3091 3187 τοῦ
3116 3135 3399 3201 οὐρανοῦ,
3422 3134 3497 3198 ὡς
3528 3151 3663 3205 πρε-

2088 3221 2340 3286 λαϐόντες
2366 3223 2785 3295 ἀποδεδώκαμεν
2809 3224 2942 3295 (79),
2982 3225 3214 3297 ούρανοῦ
3252 3226 3487 3281 ἐνταῦθα
3516 3226 3665 3297 παρὰ

2088 3315 2149 3367 τὸ
2184 3314 2415 3386 ὁρᾶσθαι
2443 3315 2538 3369 τοῦ
2582 3316 2744 3389 ἀέρος
2780 3318 3242 3389 προσειρημένουο
3289 3317 3665 3389 στερεώματος

2088 3405 2167 3468 δὲ,
2225 3406 2314 3459 διὰ
2372 3406 2434 3459 τὸ
2488 3406 2822 3478 πυκνότερόν
2874 3425 2991 3470 πως
3043 3403 3203 3472 εἶναι,
3257 3407 3540 3479 συγκρίσει
3570 3406 3666 3461 τοῦ

2090 3499 2335 3571 αίθερίου
2402 3499 2674 3570 σώματος,
2737 3502 2832 3555 καὶ
2884 3501 3083 3570 μᾶλλον
3128 3501 3496 3571 πεπιλημένον
3548 3503 3668 3565 ταῖς

2092 3590 2336 3645 κάτωθεν
2378 3593 2675 3664 ἀναφοραῖς
2712 3591 2805 3645 τὸν
2840 3594 2979 3665 ὑπὲρ
3023 3592 3265 3664 κεφαλῆς
3312 3592 3470 3663 ήμῶν
3507 3591 3667 3661 ἀέρα,

2095 3685 2279 3754 Ἔχεις
2308 3679 2401 3738 οὖν
2435 3683 2662 3754 οὐρανὸν
2691 3683 3196 3754 διακεκοσμημένον
3214 3724 3228 3745 ,
3259 3683 3363 3753 γῆν
3399 3683 3671 3736 κεκαλλω-

2093 3776 2382 3847 πισμένην,
2418 3777 2691 3831 θάλασσαν
2720 3776 3121 3847 εύθηνουμένην
3150 3777 3262 3839 τοῖς
3300 3774 3519 3853 οἰκείοις
3549 3789 3671 3842 γεν-

2092 3871 2349 3939 νήμασιν,
2390 3868 2527 3941 ἀέρα
2570 3867 2749 3941 πλήρη
2784 3867 2889 3921 τῶν
2916 3868 3281 3939 διιπταμένων
3330 3868 3493 3921 αὐτὸν
3529 3865 3673 3935 ὀρνί-

2094 3960 2221 4021 θων.
2256 3962 2442 4014 Πάντα
2482 3962 2863 4033 προστάγματι
2904 3959 3039 4013 Θεοῦ
3076 3962 3140 4014 ὲκ
3171 3960 3265 4013 τοῦ
3299 3959 3375 4031 μὴ
3410 3959 3561 4020 ὄντος
3590 3960 3674 4021 εἱς

2092 4050 2154 4102 τὸ
2195 4044 2336 4103 εἶναι
2377 4048 2748 4120 παραχθέντα,
2793 4050 2887 4103 καὶ
2915 4050 3017 4104 ὅσα
3040 4052 3069 4103 ὁ
3096 4050 3253 4119 λόγος
3303 4052 3517 4120 παρῆκε
3554 4047 3745 4123 vix}?

2094 4141 2193 4213 τὴν
2218 4143 2310 4195 ἐπὶ
2350 4142 2533 4195 πλεῖον
2559 4144 2616 4195 ὲν
2653 4140 2863 4204 τούτοις
2891 4142 3175 4214 διατριϐὴν
3197 4141 3481 4206 ἐκκλίνων,
3509 4124 3674 4204 ιῖῖξᾞν

2100 4233 2176 4303 μὴ
2206 4232 2333 4305 δόξῃ
2358 4231 2791 4303 ὑπερεκπίπτειν
2814 4232 2926 4303 (80)
2957 4232 3051 4285 τοῦ
3078 4232 3298 4303 μέτρου,
3322 4230 3465 4285 κατὰ
3510 4246 3674 4282 σεαυ-

2098 4323 2189 4377 τὸν
2217 4322 2695 4393 συλλογισάμενος,
2720 4323 2815 4391 ὅγε
2845 4323 3150 4391 φιλόπονος,
3170 4322 3269 4393 τὴν
3298 4323 3357 4375 ὲν
3384 4323 3555 4375 ἆπασι
3580 4317 3674 4372 τοῦ

424 4421 690 4485 videatur,
726 4428 785 4474 tu
835 4428 1033 4485 tecum,
1081 4429 1267 4489 utpote
1299 4417 1593 4479 studiosus,
1629 4424 1906 4485 reputans,
1935 4422 1984 4467 et

2092 4414 2226 4468 Θεοῦ
2272 4414 2462 4484 σοφίαν
2494 4414 2942 4485 καταμανθάνων,
2982 4415 3055 4486 μὴ
3078 4413 3244 4484 λήξῃς
3272 4413 3401 4465 ποτὲ
3425 4410 3517 4464 τοῦ
3540 4408 3677 4463 θαύ-

424 4512 519 4609 laci
575 4514 628 4567 in
666 4512 924 4568 omnibus
967 4511 1289 4582 sapientiam
1323 4508 1631 4573 atldisceus,
1666 4520 1734 4561 ne
1756 4519 1994 4576 unquam
2012 4499 2042 4557 ἰο

494 4623 518 4656 ⁸
554 4623 575 4678 l
611 4623 737 4680 Cor.
770 4640 811 4692 l,
840 4623 931 4679 21.

424 4761 539 4816 hito
564 4761 692 4831 quin
725 4760 916 4814 melius
960 4759 1121 4820 absit,
1166 4771 1288 4831 c_um
1325 4756 1378 4809 id
1412 4770 1517 4809 non
1569 4751 1849 4831 agnoverit
1888 4749 1998 4831 Eu-

431 4821 687 4895 stathius,
707 4833 798 4899 qui
827 4831 904 4885 sic
933 4831 1093 4884 vertit
1122 4847 1135 4881 :
1171 4826 1320 4880 Tales
1348 4834 1469 4899 sunt
1503 4821 1739 4878 nonnulli
1761 4830 2002 4889 parentes

436 4903 704 4973 hominum
727 4897 820 4973 qui
849 4910 1201 4973 paupertatem
1229 4897 1452 4973 causali,
1491 4904 1596 4949 etc.

505 4972 617 5044 (76)
635 4959 781 5044 ΑΕάὶἰί
820 4959 920 5044 uel.
955 4959 1296 5039 πετομένοις.
1328 4968 1398 5020 At
1440 4959 1571 5020 mss.
1604 4972 1727 5019 octo
1772 4959 2001 5044 ⁴ξτετομέι-

429 5032 555 5096 νων.
599 5032 823 5111 Magnus
868 5040 958 5095 ille
982 5032 1227 5111 codicum
1280 5051 1409 5090 mss.
1455 5050 1750 5111 consensus
1779 5032 1999 5111 ferente

430 5114 650 5167 adducit
679 5099 737 5165 ιῖι
760 5111 976 5165 credam
1002 5108 1256 5182 Basilium
1278 5106 1612 5182 πετομένων,
1642 5120 1747 5159 non
1766 5099 2001 5182 πετομέτ

430 5199 541 5246 νοις
576 5183 880 5252 scripsisse,
908 5192 1069 5252 atque
1098 5179 1199 5231 hoc
1229 5178 1346 5252 loco
1368 5173 1682 5252 Cdl‘lligisse!
1707 5174 1849 5241 quod
1871 5173 2000 5252 alibi

435 5241 597 5321 serpe,
639 5241 701 5304 ut
732 5241 1071 5323 typograp'bi,
1106 5249 1245 5323 quod
1270 5241 1557 5323 __mendutu
1592 5246 1822 5323 subesse
1856 5241 2001 5323 arbi-

441 5311 733 5386 trarentur,
753 5311 939 5376 casum
958 5311 1201 5373 unum-in
1236 5316 1398 5371 alium
1423 5314 1851 5386 transmutariut.
1868 5311 2002 5365 Dum

443 5393 604 5460 igitur
653 5394 898 5446 viderent
952 5389 1194 5460 verbum
1224 5388 1541 5459 παρέπομαι
1593 5385 2005 5460 dativumz-non

440 5451 732 5528 g‘emtivum
761 5476 963 5531 regere.
995 5451 1320 5531 πετομένοις
1337 5451 1777 5531 μεθ-’πετομένων
1839 5451 2007 5531 Marte

439 5522 656 5600 ὗτοβτίο
676 5522 860 5602 ρουιῶ
888 5532 1043 5584 (idem
1080 5522 1206 5602 mss.
1234 5522 1478 5602 fortassis
1501 5522 1739 5581 scribere
1770 5522 2006 5602 nonntln-

442 5592 699 5655 bitarunt.
732 5601 836 5655 Sed
872 5602 915 5656 si
940 5598 1252 5673 τετομένῳν
1290 5598 1555 5673 scriptura
1585 5610 1708 5673 vera
1739 5594 1833 5673 sit:
1855 5592 2004 5673 dicas

443 5685 665 5727 necesse
686 5680 769 5727 est
798 5683 979 5727 casum
1011 5662 1127 5725 esse
1156 5662 1479 5735 absolutum,
1505 5682 1565 5722 ac
1597 5667 1639 5720 si
1665 5664 1783 5731 quis
1815 5662 2004 5717 Latine

2047 4507 2065 4567 ,'
2105 4522 2295 4577 ματος,
2323 4505 2457 4577 μηδὲ
2487 4505 2582 4559 τοῦ
2615 4505 2705 4560 διὰ
2726 4505 2905 4577 πάσης
2925 4505 3027 4576 τῆς
3059 4505 3289 4567 κτίσεως
3311 4502 3553 4571 δοξάζειν
3583 4500 3678 4554 τὸν

2108 4750 2334 4812 diceret,
2368 4746 2592 4802 Consule
2620 4745 2887 4808 Cicerone,
2904 4748 2952 4801 ei
2977 4747 3332 4802 adulabantur
3358 4764 3552 4803 omnes.
3583 4746 3675 4814 lgi-

2111 4830 2199 4873 tur
2218 4820 2375 4871 modo
2401 4833 2504 4873 nou
2529 4816 2772 4872 dissimili
2798 4818 2960 4871 verba
2979 4817 3188 4883 Graeca,
3213 4818 3258 4872 si
3274 4833 3567 4887 pronomen
3583 4819 3682 4871 αὺα

2108 4892 2225 4952 τοῖς
2252 4888 2614 4957 suppleamus,
2647 4896 2900 4954 poterunt
2927 4889 3164 4941 construi
3201 4889 3303 4942 hoc
3333 4888 3493 4942 modo
3526 4906 3541 4942 :
3577 4904 3678 4940 πε-

2108 4960 2350 5030 τομένων
2378 4957 2604 5030 τέκνων,
2626 4957 3153 5030 αὑτοίςίπαρέπεται,
3178 4957 3474 5013 volantibus
3500 4960 3683 5028 pullis,

2104 5026 2191 5083 eos
2218 5030 2517 5083 comitatur.
2552 5026 2695 5095 Lege
2723 5037 2782 5080 ut
2810 5026 3015 5082 libebit.

2179 5098 2293 5170 (77)
2326 5099 2455 5166 Reg.
2485 5108 2672 5152 sextus
2700 5097 3134 5170 παρεκτείνεται.
3163 5097 3285 5152 Mox
3307 5096 3686 5170 codicesocto

2107 5167 2198 5239 έχε
2231 5167 2846 5241 παραγσεσημειωμένον.
2880 5167 3023 5223 Editi
3062 5169 3152 5240 ἔχε
3179 5168 3332 5241 παρὰ
3352 5169 3563 5241 σεαυτῷ
3591 5186 3678 5223 σεο

2108 5256 2319 5311 σημειω
2365 5240 2503 5294 ένον.
3264 5240 3267 5241 ⁷
3536 5240 3541 5241 “

2146 5258 2433 5390 ‘(78Lsuo
2462 5321 2593 5362 mss.
2615 5306 3013 5390 κατεϐάλλετο.
3044 5308 3190 5363 lnl'ra
3221 5324 3351 5390 mss:
3384 5320 3496 5366 tres
3528 5309 3659 5363 πέτε

2108 5380 2252 5434 σθαι.
2284 5380 2424 5434 Editi
2447 5394 2567 5435 cum
2598 5380 2807 5435 duobus
2829 5380 2949 5433 aliis
2981 5394 3109 5433 mss.
3147 5380 3438 5435 πετᾶσθαι.

2176 5450 2289 5522 (79)
2321 5450 2453 5519 Reg.
2483 5459 2666 5505 sextus
2690 5448 3053 5522 προλαϐόντες
3073 5448 3456 5522 ἀπεδώκαμεν.
3480 5449 3590 5505 Nec
3614 5450 3688 5504 ita

2107 5519 2277 5576 multo
2302 5531 2421 5589 post
2448 5535 2575 5575 mss.
2610 5529 2719 5574 tres
2741 5519 2829 5573 διὰ
2859 5519 2921 5572 τὸ
2951 5519 3176 5574 πυκνόν.

2179 5588 2550 5662 (80)(ᾗοι1ἰεεε
2584 5589 2823 5662 quinque
2840 5590 3225 5662 ὑπερπίπτειν.
3257 5588 3380 5646 Mox
3407 5589 3563 5647 Colb.
3601 5603 3687 5646 se-

2107 5658 2312 5719 cundus
2337 5660 2395 5714 ἐν
2428 5660 2559 5715 πᾶσι
2583 5658 2697 5712 τοῦ.
