4082 6218
352 349 451 408 181

1471 347 1760 405 HOMILIA
1801 350 1914 405 VIII
1955 349 2021 404 IN
2061 350 2558 407 HEXAEMERON.

3501 347 3603 402 I82

353 466 607 539 ποιητήν.
645 466 830 536 Ἔχεις
858 466 917 520 ὲν
945 464 1023 537 τῷ
1077 466 1256 521 σκότει
1307 466 1376 520 τὰ
1427 469 1749 540 νυκτερόὸια
1801 470 1930 539 γένη

2039 472 2250 526 desinas
2279 472 2485 533 mirari,
2516 483 2687 538 neque
2725 468 2948 538 gloriam
2980 483 3045 523 ez
3074 465 3313 537 qualibet
3354 474 3602 519 creatura

350 561 461 614 τῶν
486 558 712 629 ὀρνίθων
731 575 746 590 ο
784 560 842 610 έν
862 557 940 628 τῷ
963 560 1102 627 φωτὶ
1121 559 1191 613 τὰ
1222 560 1575 631 ήμερόφοιτα.
1603 561 1930 632 Νυκτερίδες

356 652 458 722 μὲν
475 651 612 722 γὰρί
637 650 732 703 καὶ
755 649 1012 718 γλαῦκες,
1037 652 1132 705 καὶ
1160 652 1581 723 νυκτοκόρακες,
1609 652 1718 706 τῶν
1744 669 1928 720 νυκτιτ

353 746 534 815 νόμων
563 742 720 796 εἰσίν.
768 743 929 796 Ὥστε
962 743 1044 796 σοί
1083 761 1214 798 ποτε
1241 747 1300 796 ὲν
1341 744 1515 815 καιρῷ
1556 745 1630 815 μὴ
1665 743 1930 815 παρόντος

354 836 449 888 τοῦ
495 836 661 889 ὕπνου
691 834 944 904 ἐξαρκεῖν
962 835 1058 888 καὶ
1077 836 1176 907 τὴν
1210 839 1266 889 ὲν
1286 837 1494 899 τούτοις
1518 835 1818 907 διατριϐὴν,
1839 837 1931 888 καὶ

353 928 451 998 τὴν
476 926 584 980 τῶν
601 927 955 998 ὑπαρχόντων
974 919 1156 992 αὐτοῖς
1177 929 1479 1000 ἰδιωμάτων
1503 927 1770 992 ἐξέτασιν,
1793 927 1929 998 πρὸς

353 1019 656 1089 δοξολογίαν
677 1018 771 1072 τοῦ
801 1003 1048 1090 ποιητῦῦ.
1081 1021 1205 1083 Πῶς
1229 1020 1504 1092 ἄγρυπνον
1533 1018 1782 1091 ήὰηδὼν,
1801 1020 1930 1072 ὅταν

355 1111 601 1182 ὲπωάζῃ,
631 1109 718 1163 διὰ
744 1109 926 1180 πάσης
953 1105 1147 1174 νυκτὸς
1178 1112 1276 1180 τῆς
1312 1111 1578 1181 μελῳδίας
1613 1109 1686 1181 μὴ
1720 1108 1930 1180 ἀπολή-

356 1220 549 1272 γουσα.
583 1203 707 1266 Πῶς
730 1203 1036 1274 τετράπουν
1070 1203 1130 1255 τὸ
1152 1203 1283 1255 αὐτὸ
1310 1204 1404 1256 καὶ
1437 1201 1638 1268 πτηνὸν
1673 1203 1706 1271 ή
1743 1218 1932 1255 νυκτε-

361 1291 465 1364 ρίς.
498 1291 624 1355 Πῶς
668 1291 803 1362 μόνη
844 1291 953 1344 τῶν
993 1292 1222 1363 ὀρνίθων
1261 1293 1438 1346 ὀδοῦσι
1484 1292 1789 1364 κέχρηται,
1836 1292 1932 1344 καὶ

359 1381 615 1450 ζωογονεῖ
642 1381 752 1451 (81)
786 1382 884 1452 μὲν
915 1381 992 1445 ὡς
1009 1380 1078 1434 τὰ
1092 1382 1417 1454 τετράποδα,
1443 1382 1760 1447 ἐπιπολάζει
1774 1382 1830 1435 δὲ
1854 1380 1933 1452 τῷ

358 1472 502 1545 ἀέρι,
539 1473 661 1543 οὐχὶ
693 1472 878 1544 πτερῷ
914 1472 1306 1544 κουφιζομένη,
1342 1473 1456 1526 ἀλλ’
1489 1474 1649 1544 ὑμένι
1678 1474 1785 1526 τινὶ
1814 1473 1934 1544 δερ-

362 1563 591 1634 ματίνῳ.
612 1563 734 1627 Πῶς
766 1564 946 1633 μέντοι
969 1564 1063 1616 καὶ
1080 1561 1238 1615 τοῦτο
1252 1562 1364 1633 ἔχει
1386 1563 1448 1616 τὸ
1479 1563 1588 1633 (82)
1613 1562 1934 1633 φιλάλληλον

360 1656 419 1708 ἐν
438 1658 504 1726 τῇ
535 1654 712 1724 φύσει,
733 1655 828 1708 καὶ
857 1654 1044 1726 ὥσπερ
1063 1654 1582 1726 ὁρμαθὸς,’ἁλλήλων
1608 1657 1664 1708 αἱ
1691 1655 1936 1726 νυκτερί-

358 1749 448 1813 δες
483 1749 714 1819 ἔχονται,
753 1750 846 1802 καὶ
877 1749 975 1820 μία
1013 1749 1111 1819 τῆς
1160 1750 1289 1819 μιᾶς
1333 1750 1634 1820 ἤρτηνται·
1670 1749 1807 1818 ὅπερ
1847 1749 1933 1816 ἐφ’

359 1840 516 1911 ἡμῶν
535 1840 641 1894 τῶν
668 1839 971 1912 ἀνθρώπων
997 1840 1057 1892 ού
1083 1840 1260 1910 ῥᾴδιον
1281 1839 1707 1910 κατορθωθῆναι.
1733 1838 1806 1891 Τὸ
1825 1837 1934 1909 γὰρ

358 1932 760 2003 ἀπεσχισμένον
801 1933 894 1985 καὶ
944 1931 1142 1996 ἰδιάζον
1174 1931 1269 1984 τοῦ
1317 1931 1633 1986 κοινωνικοῦ
1665 1932 1757 1985 καὶ
1789 1932 1933 2001 ἠνω-

362 2022 524 2092 μένου
557 2026 668 2086 τοῖς
702 2023 918 2086 πολλοῖς
978 2024 1393 2094 προτιμότερον.
1423 2022 1545 2085 Πῶς
1577 2023 1788 2075 ἐοίκασι
1821 2024 1934 2084 τοῖς

357 2114 570 2185 δμμασι
621 2115 719 2184 τῆς
765 2115 1000 2182 γλαυκὸς
1044 2117 1091 2167 οἱ
1138 2115 1267 2185 περὶ
1315 2113 1413 2184 τὴν
1465 2113 1694 2184 ματαίαν
1739 2112 1934 2181 σοφίαν

359 2202 731 2273 ὲσχολακὸτες.
774 2204 883 2256 Καὶ
931 2203 1040 2274 γὰρ
1079 2203 1295 2274 ἐκείνης
1343 2205 1376 2274 ὴ
1423 2203 1543 2272 ὄψις
1594 2203 1786 2266 νυκτὸς
1836 2203 1933 2273 μὲν

358 2293 612 2365 ἔρρωται,
645 2295 798 2366 ήλίου
829 2296 884 2348 δὲ
916 2295 1229 2366 λάμψαντος
1266 2294 1624 2366 ἀμαυροῦται.
1661 2295 1772 2349 Καὶ
1803 2295 1932 2348 τού-

356 2400 465 2436 των
501 2383 598 2455 μὲν
629 2384 739 2456 (83)
774 2386 807 2455 ἡ
852 2384 1055 2437 διάνοια
1103 2382 1336 2453 ὀξυτάτη
1384 2384 1482 2454 μέν
1532 2385 1646 2436 ἐστι
1672 2383 1807 2452 πρὸς
1833 2382 1935 2453 τὴν

356 2477 456 2540 τῆς
481 2477 835 2547 ματαιότητος
873 2475 1126 2547 θεωρίαν,
1164 2477 1299 2547 πρὸς
1335 2476 1391 2528 δὲ
1423 2476 1521 2547 τὴν
1553 2474 1646 2528 τοῦ
1680 2473 1933 2544 ἀληθινοῦ

359 2567 536 2634 φωτὸς
560 2568 884 2638 κατανόησιν
909 2567 1311 2638 ὲξημαύρωται.
1344 2567 1430 2619 Ἐν
1451 2567 1636 2636 ἡμέρα
1653 2565 1710 2618 δέ
1734 2583 1814 2618 σοι
1839 2565 1932 2618 καὶ

363 2660 504 2712 πάνυ
536 2659 712 2730 ῥᾴδιον
741 2659 1074 2729 πανταχόθεν
1106 2659 1359 2726 συνάγειν
1388 2659 1500 2728 (84)
1530 2658 1590 2709 τὸ
1631 2657 1814 2728 θαῦμα
1838 2657 1934 2710 τοῦ

361 2745 666 2813 κτίσαντος.
710 2749 831 2812 Πῶς
857 2750 954 2818 μὲν
983 2751 1068 2802 ἐπ’
1095 2749 1233 2820 ἔργα
1268 2765 1328 2801 σε
1353 2748 1608 2819 διεγείρει
1633 2751 1661 2802 ὁ
1692 2748 1935 2812 σύνοικος

361 2840 529 2914 ὀρνις,
563 2840 711 2912 ὀξείᾳ
736 2843 802 2911 τῇ
835 2843 984 2912 φωνῇ
1025 2841 1238 2911 ὲμὸοῶν
1276 2841 1370 2894 καὶ
1405 2840 1770 2910 καταμηνύων
1805 2843 1936 2914 πόρ-

365 2933 539 3004 ρωθεν
570 2932 652 2985 ἔτι
687 2933 778 2985 τὸν
810 2933 960 3003 ἦλιον
993 2932 1444 3004 προσελαύνοντα,
1484 2931 1784 3002 ὁδοιπόροις
1816 2949 1937 2986 συν-

2031 562 2298 616 condilori
2324 563 2472 616 dare.
2503 560 2680 616 Habes
2711 561 2762 614 in
2790 560 3026 615 tenebris
3049 560 3291 627 quadam
3325 557 3600 611 volucrum

2031 666 2250 724 genera,
2275 666 2394 720 qua:
2424 651 2588 704 vitam
2618 660 2931 704 nocturnam
2963 651 3163 704 ducunt
3196 669 3209 704 :
3245 650 3298 702 in
3329 649 3444 702 luce
3474 648 3600 713 alia,

2030 757 2147 810 quae
2170 740 2401 795 interdiu
2427 749 2712 809 vagantur.
2743 739 3160 808 Vespertiliones
3185 741 3348 803 enim,
3373 751 3598 803 noctuae,

2031 833 2286 901 corvique
2330 831 2604 894 nocturni,
2661 841 2821 884 noctu
2880 842 3194 898 pascuntur.
3247 831 3426 896 Quare
3478 846 3601 884 cum

2031 923 2322 992 aliquando
2354 938 2449 992 per
2480 922 2694 990 aliquod
2727 933 2935 991 tempus
2977 923 3072 975 tibi
3121 938 3226 975 non
3257 924 3426 975 aderit
3451 938 3603 977 som-

2033 1029 2151 1077 nus,
2195 1013 2242 1068 si
2291 1013 2342 1066 in
2390 1012 2476 1066 his
2519 1012 2845 1078 immoraris,
2887 1021 2938 1065 et
2979 1026 3165 1064 eorum
3197 1013 3452 1079 expendis
3480 1026 3601 1080 pro-

2029 1105 2308 1177 prietates,
2343 1119 2406 1159 ea
2456 1104 2524 1158 ad
2564 1104 2900 1158 conditorem
2935 1102 3105 1172 gloria
3133 1100 3470 1156 afficiendum
3507 1102 3603 1156 tibi

2031 1197 2296 1254 suflicient
2341 1215 2354 1250 :
2407 1196 2677 1266 quomodo
2720 1195 2847 1263 vigil
2904 1196 2974 1250 sit
3019 1195 3268 1260 luscinia,
3324 1210 3445 1248 cum
3485 1195 3606 1248 ovis

2033 1291 2252 1344 incubat
2286 1307 2298 1343 :
2327 1288 2766 1358 quandoquidem
2796 1303 2894 1358 per
2924 1297 3088 1342 totam
3119 1295 3329 1340 noctem
3370 1301 3400 1339 a
3440 1295 3602 1339 cantu

2032 1394 2138 1434 non
2179 1381 2424 1446 desistit;
2457 1381 2724 1448 quomodo
2756 1381 2893 1434 idem
2930 1379 3238 1450 quadrupes
3273 1378 3343 1430 sit
3378 1385 3435 1430 et
3461 1375 3606 1428 vola-

2035 1471 2147 1536 tile,
2174 1471 2517 1538 vespertilio;
2545 1473 2814 1540 quomodo
2848 1470 2960 1524 sola
2999 1484 3063 1522 ex
3096 1467 3406 1521 volucribus
3430 1467 3606 1520 denti-

2033 1563 2135 1618 bus
2160 1571 2364 1628 utatur,
2423 1574 2475 1616 et
2511 1564 2682 1632 pariat
2712 1562 2928 1630 quidem
2959 1559 3165 1614 catulos
3194 1558 3341 1613 velut
3366 1558 3605 1625 quadru-

2036 1655 2212 1723 pedia,
2243 1663 2466 1724 vagetur
2504 1671 2630 1708 vero
2670 1654 2722 1708 in
2769 1669 2916 1720 aere,
2954 1667 3059 1706 non
3098 1651 3288 1720 pennis
3320 1650 3481 1716 elata,
3513 1648 3609 1704 sed

2037 1747 2350 1800 membrana
2378 1748 2608 1815 quadam
2643 1745 2914 1799 coriacea.
2951 1745 3229 1811 Quomodo
3267 1751 3321 1796 et
3356 1742 3457 1795 hoc
3494 1756 3608 1794 mu-

1967 1824 2008 1878 Β
2041 1846 2189 1891 tuum
2223 1851 2460 1890 amorem
2497 1847 2687 1889 natura
2722 1836 2939 1890 insitum
2981 1837 3194 1900 habeat,
3233 1834 3443 1902 sibique
3471 1831 3610 1884 invi-

359 3024 699 3096 διορθρίζων,
730 3025 1004 3095 γεωργοὺς
1035 3024 1090 3076 δὲ
1114 3023 1320 3091 ἐξάγων
1364 3023 1500 3094 πρὸς
1544 3024 1773 3094 ἀμητόν.

362 3118 639 3188 ἄγρυπνον
669 3115 728 3168 τὸ
775 3115 883 3168 τῶν
924 3115 1102 3186 χηνῶν
1155 3115 1330 3183 γένος,
1375 3115 1469 3167 καὶ
1519 3115 1654 3186 πρὸς
1693 3116 1790 3186 τὴν
1827 3115 1936 3167 τῶν

362 3210 729 3264 λανθανόντων
762 3209 1011 3278 αἴσθησιν
1038 3207 1314 3273 ὀξύτατον,
1355 3208 1407 3260 οἵ
1436 3207 1499 3276 γέ
1546 3225 1676 3260 ποτε
1715 3208 1809 3260 καὶ
1841 3206 1939 3278 τὴν

366 3303 610 3374 βασιλίδα
645 3301 797 3356 πόλιν
818 3299 1237 3372 περιεσώσαντο,
1283 3299 1576 3370 πολεμίους
1620 3299 1798 3363 τινὰς,
1835 3300 1941 3352 ὑπὸ

363 3397 468 3466 γῆς
501 3395 567 3447 δι’
609 3395 893 3477 ύπονόμων
940 3393 1052 3461 (85)
1098 3392 1317 3460 ἀφανῶν
1369 3392 1467 3463 ἤδη
1517 3392 1806 3462 μέλλοντας
1843 3391 1940 3462 τὴν

363 3484 540 3554 ἄκραν
573 3483 672 3553 τῆς
711 3483 926 3553 Ῥώμης
945 3481 1400 3551 καταλαμϐάνειν.
1431 3480 1932 3550 καταμηνύσαντες.

377 3576 466 3628 Ἐν
503 3574 638 3644 ποίῳ
684 3574 829 3642 γένει
887 3572 995 3625 τῶν
1035 3571 1261 3643 ὀρνίθων
1311 3571 1411 3623 οὒκ
1455 3571 1581 3624 ἴδιόν
1612 3588 1666 3623 τι
1700 3569 1939 3641 θαῦμαή

365 3667 529 3736 φύσις
551 3667 825 3730 δείκνυσι;
856 3663 951 3728 Τίς
987 3667 1015 3717 ὁ
1049 3664 1156 3731 (86)
1179 3666 1289 3726 τοῖς
1318 3662 1450 3732 γυψὶ
1482 3662 1943 3734 προαπαγγέλλων

362 3758 471 3811 τῶν
503 3756 805 3828 ἀνθρώπων
832 3756 922 3809 τὸν
949 3755 1195 3818 θάνατον,
1236 3755 1362 3808 ὅταν
1405 3754 1523 3806 κατ’
1547 3753 1788 3825 ἀλλήλων
1826 3755 1944 3804 ἐπι-

365 3847 804 3920 στρατεύσωσιν;
841 3846 999 3908 ἰδοις
1029 3845 1137 3916 γὰρ
1182 3844 1248 3897 ἂν
1286 3844 1485 3914 μυρίας
1524 3844 1721 3909 ἀγέλας
1755 3844 1944 3911 γυπῶν

363 3943 475 4005 τοῖς
508 3938 888 4012 στρατοπέδοις
926 3937 1335 4008 παρεπομένας,
1363 3938 1427 3989 ἐκ
1474 3938 1571 4007 τῆς
1617 3937 1723 3989 τῶν
1765 3936 1944 3988 ὃπλων

365 4034 718 4104 παρασκευῆς
765 4030 1214 4102 τεκμαιρομένων
1267 4027 1366 4100 τὴν
1404 4027 1644 4083 ἔκϐασιν.
1694 4027 1862 4080 Τοῦτο
1888 4027 1945 4081 δὲ

365 4127 426 4179 οὐ
455 4127 669 4197 μακράν
704 4125 816 4196 (87)
846 4126 962 4177 ἐστι
996 4122 1272 4192 λογισμῶν
1308 4120 1680 4193 ἀνθρωπίνων.
1711 4120 1835 4183 Πῶς
1863 4137 1944 4172 σοι

366 4219 466 4282 τὰς
497 4217 732 4288 φοϐερὰς
764 4217 1151 4288 ἐπιστρατείας
1196 4216 1294 4284 τῆς
1332 4213 1550 4285 άκρίδος
1593 4213 1940 4284 διηγήσομαι·

370 4312 428 4380 ἡ,
453 4312 541 4380 ὑφ’
584 4312 665 4364 ἑνὶ
702 4310 1002 4381 συνθήματι
1053 4310 1200 4362 πᾶσα
1246 4306 1472 4379 ἀρθεῖσα
1505 4306 1600 4359 καὶ
1649 4321 1946 4376 στρατοπε-

367 4403 671 4473 δευσαμένη
703 4402 845 4456 κατὰ
875 4403 934 4454 τὸ
967 4402 1166 4464 πλάτος
1203 4401 1302 4470 τῆς
1340 4399 1544 4470 χώρας,
1582 4397 1658 4449 ού·
1682 4396 1945 4466 πρότερον

1965 3176 2008 3236 C

2039 1943 2154 1983 cem
2191 1928 2594 1997 vespertiliones
2642 1929 2693 1981 in
2731 1929 2946 1981 modum
2980 1936 3182 1980 calente
3213 1927 3606 1986 adhaerescant,

2039 2027 2093 2072 et
2139 2031 2243 2070 una
2292 2017 2360 2070 ab
2401 2016 2568 2070 altera
2618 2017 2846 2083 pendeat
2894 2033 2908 2070 :
2949 2015 3089 2085 quod
3130 2030 3236 2068 non
3283 2014 3440 2069 facile
3490 2013 3605 2067 fieri

2039 2107 2179 2162 inter
2213 2122 2312 2161 nos
2345 2107 2590 2161 homines
2630 2107 2786 2161 solet.
2832 2104 2964 2159 Nam
3015 2107 3256 2173 sejuneta
3303 2115 3356 2159 et
3405 2105 3610 2174 privata

2039 2201 2148 2252 vita
2208 2213 2237 2251 a
2291 2198 2567 2271 plerisque
2624 2197 2866 2251 societati
2912 2196 3219 2266 praefertur,
3266 2207 3429 2265 atque
3474 2210 3610 2251 con-

2034 2288 2326 2358 junctioni.
2372 2289 2444 2344 Ut
2493 2288 2568 2342 illi
2601 2289 2694 2358 qui
2721 2303 2872 2341 vanae
2899 2288 3180 2356 sapientiae
3212 2288 3449 2352 student,
3506 2303 3608 2340 no-

2046 2390 2188 2436 ctuae
2219 2379 2390 2433 oculis
2440 2389 2567 2434 sunt
2609 2378 2844 2433 similes!
2899 2376 3031 2430 Nam
3071 2387 3130 2431 ut
3177 2377 3316 2431 illius
3363 2386 3611 2445 aspectus

2041 2481 2200 2538 noctu
2246 2472 2461 2537 quidem
2509 2471 2674 2536 valet,
2722 2471 2834 2525 sole
2859 2486 2987 2525 vero
3010 2470 3347 2524 illucescente
3379 2470 3611 2524 infusca-

2042 2572 2129 2616 tur
2174 2579 2189 2616 :
2248 2561 2323 2614 ita
2387 2563 2615 2615 istorum
2669 2576 2822 2615 mens
2875 2560 3338 2630 perspicacissima
3394 2559 3610 2628 quidem

2040 2663 2124 2706 est
2187 2655 2253 2704 ad
2312 2651 2777 2719 contemplandam
2834 2651 3149 2718 vanitatem,
3199 2643 3440 2702 hebescit
3483 2663 3612 2702 vero

2042 2744 2107 2796 ad
2141 2759 2324 2798 veram
2363 2746 2535 2797 lucem
2571 2742 2989 2812 intelligendam.
3035 2741 3172 2806 Quin
3217 2751 3272 2794 et
3313 2741 3406 2794 tibi
3448 2743 3614 2794 inter-

2041 2835 2129 2890 diu
2196 2834 2354 2889 facile
2410 2834 2695 2888 admodum
2761 2833 2922 2887 fuerit
2977 2832 3253 2886 undelibet
3308 2842 3610 2886 creatorem

2043 2928 2322 2981 admirari.
2363 2926 2435 2981 Ut
2462 2927 2527 2981 ad
2571 2941 2762 2995 operas
2806 2926 3010 2979 excitat
3057 2935 3106 2979 te
3145 2926 3259 2978 avis
3294 2923 3609 2980 domestica.

2043 3028 2161 3081 quae
2200 3027 2328 3067 voce
2354 3023 2512 3067 acuta
2560 3012 2917 3079 inclamitans,
2951 3021 3005 3066 et
3031 3013 3195 3066 solem
3227 3013 3402 3066 adhuc
3433 3028 3462 3066 e
3503 3011 3616 3066 Ion-

2045 3107 2243 3175 ginquo
2293 3107 2638 3160 accedentem
2683 3105 3077 3174 praenuntians,
3129 3105 3314 3175 vigilat
3356 3120 3459 3159 una
3489 3121 3611 3159 cum

2041 3197 2356 3264 viatoribus,
2388 3196 2549 3265 atque
2581 3197 2846 3265 agricolas
2894 3197 2959 3268 ad
3010 3212 3242 3251 messem
3292 3197 3489 3252 educit.
3545 3195 3615 3252 Ut

2041 3289 2264 3358 pervigil
2303 3299 2385 3343 est
2412 3304 2664 3343 anserum
2712 3303 2914 3358 genus;
2958 3297 3120 3356 atque
3165 3287 3218 3342 id
3265 3289 3408 3357 quod
3457 3289 3611 3353 latct,

2043 3379 2356 3432 acutissime
2381 3378 2566 3432 sentit.
2605 3376 2669 3430 Hi
2718 3378 2968 3431 videlicet
3009 3378 3208 3447 regiam
3257 3379 3444 3432 urbem
3487 3377 3614 3431 olim

2043 3479 2450 3536 conservarunt,
2488 3470 2610 3522 dum
2645 3468 2756 3538 78
2792 3469 2973 3522 hostes
3025 3468 3282 3536 quosdam
3332 3467 3431 3521 sub
3475 3475 3616 3520 terra

2045 3575 2136 3629 per
2172 3561 2400 3614 latentes
2434 3559 2713 3614 cuniculos
2741 3559 2964 3628 jamjam
2999 3560 3049 3611 in
3098 3559 3246 3612 urbis
3291 3556 3616 3624 Romae,”—

2045 3669 2160 3710 cem
2211 3666 2570 3725 occupaturos
2618 3655 2990 3723 prodiderunt.
3044 3652 3098 3706 In
3153 3667 3386 3721 quonam
3436 3654 3614 3706 avium

2044 3762 2239 3817 genere
2282 3763 2393 3802 rem
2428 3747 2714 3816 quamdam
2747 3746 3074 3814 singularem
3128 3745 3485 3799 admiratione
3533 3747 3614 3800 di-

2044 3852 2206 3908 gnam
2243 3850 2433 3893 natura
2476 3855 2580 3892 non
2599 3839 2887 3892 eostendit?
2913 3838 3044 3904 Quis
3079 3839 3399 3907 praanuntiat
3444 3837 3618 3891 vultu-

2046 3934 2195 3988 ribus
2253 3932 2528 3986 hominum
2595 3941 2821 3985 mortem
2879 3940 3014 3996 tum,
3066 3946 3190 3984 cum
3235 3931 3337 3985 sibi
3387 3929 3614 3983 invicem

2045 4026 2283 4080 inferunt
2337 4023 2571 4078 bellum?
2609 4022 2806 4078 Videas
2860 4025 3004 4078 enim
3063 4023 3370 4076 innumeros
3427 4036 3616 4091 greges

2043 4115 2321 4170 vulturum
2369 4114 2641 4168 exercitus
2691 4124 3001 4184 sequentes,
3033 4124 3087 4167 et
3121 4130 3182 4168 ex
3215 4129 3487 4168 armorum
3521 4128 3618 4182 ap-

2046 4217 2237 4278 paratu
2265 4207 2470 4261 exitum
2505 4207 2895 4277 conjectantes.
2930 4207 3041 4261 lloc
3065 4216 3240 4260 autem
3285 4221 3388 4262 non
3432 4205 3616 4275 procul

2047 4319 2075 4356 a
2106 4300 2610 4355 ratiocinationibus
2638 4301 2892 4355 humanis
2939 4300 3115 4354 abest.
3173 4301 3420 4365 Quonam
3459 4311 3616 4366 pacto

2052 4393 2324 4451 terribiles
2391 4393 2614 4447 locustae
2673 4392 3040 4461 expeditiones
3106 4391 3200 4446 tibi
3260 4405 3614 4455 enarravero,

369 4493 598 4546 ἅπτεται
626 4491 732 4544 τῶν
775 4491 1020 4561 καρπῶν,
1058 4491 1187 4570 πρὶν
1233 4487 1508 4556 ὲνδοθῆναι
1554 4487 1691 4556 αὐτῇ
1722 4485 1781 4537 τὸ
1804 4484 1937 4537 θεῖον

2048 4503 2166 4558 quae
2194 4487 2443 4540 universa
2485 4486 2586 4538 sub
2615 4499 2722 4538 uno
2751 4486 2903 4552 signo
2933 4484 3095 4546 elata,
3127 4493 3290 4553 atque
3321 4487 3614 4538 secundum

370 4583 733 4654 πρόσταγμας
795 4582 918 4645 Πῶς
969 4585 1000 4652 ὴ
1065 4579 1308 4642 σελευκὶς
1352 4579 1611 4646 ὲφέπεται
1659 4578 1792 4648 ἴαμα
1845 4577 1937 4645 τῆς

2050 4580 2290 4650 regionis
2319 4577 2655 4632 latitudinem
2689 4586 3102 4641 eastrametans,
3156 4592 3259 4629 non
3308 4577 3455 4644 prius
3502 4577 3615 4627 fru-

370 4675 605 4746 πληγῆς,
645 4674 945 4744 ἀπέραντον
979 4672 1176 4742 ἔχουσα
1198 4669 1289 4722 τοῦ
1322 4669 1519 4722 ἐσθίειν
1564 4669 1663 4738 τὴν
1696 4668 1943 4738 δύναμιν,

370 4767 464 4821 τοῦ
507 4766 890 4838 φιλανθρώπου
931 4763 1390 4833 Θεοῦὰκόρεστον
1431 4761 1603 4830 αὐτῆς
1641 4761 1738 4830 τὴν
1787 4763 1946 4831 φύσιν

370 4863 458 4914 ἐπ’
487 4861 776 4932 εὐεργεσίᾳ
803 4859 908 4912 τῶν
930 4857 1229 4929 ἀνθρώπων
1253 4854 1762 4918 κατασκευάσαντος
1793 4854 1902 4925 (88)
1930 4872 1944 4920 ;

439 5056 551 5127 (8i)
579 5055 682 5110 Sex
710 5070 843 5109 mss.
872 5053 1148 5122 ζωογονεί.
1186 5054 1627 5127 Ειίίιίζωοτοκεῖ.

440 5123 552 5197 (82)
584 5127 674 5181 Sic
700 5135 933 5197 quatuor
962 5142 1093 5181 mss.
1128 5125 1349 5197 Atediti
1365 5141 1504 5197 cum_
1520 5139 1627 5197 uno
1652 5123 1944 5197 autgaltero

370 5193 474 5268 ms.
503 5193 614 5268 ἔχει
647 5193 730 5250 τι.
779 5195 1234 5268 ΑΙίςιιιῃηιογροει
1270 5193 1650 5268 etﬁtianris.
1682 5195 1794 5268 καὶ,
1833 5193 1942 5264 γὰρ

368 5263 578 5339 ὥσπερ.
634 5268 790 5322 Deest
815 5266 925 5336 γάρ
954 5267 1004 5318 in
1036 5266 1274 5321 editione
1319 5263 1482 5322 Basil.
1526 5273 1581 5321 et
1623 5266 1673 5319 in
1706 5263 1942 5335 quinque

368 5351 499 5394 IIISS.

444 5407 556 5483 (βᾷ)
595 5405 943 5483 [taquatuor
974 5420 1104 5483 mss.
1142 5405 1308 5483 Deest
1346 5404 1527 5483 pévin
1557 5405 1790 5458 excusis.

440 5475 553 5549 (84)
587 5478 764 5549 codex
794 5475 1044 5549 Comhef.
1069 5491 1190 5531 cum
1223 5475 1344 5549 aliis
1376 5476 1613 5544 quinque
1647 5491 1936 5549 mss._c_ruv-

369 5544 546 5618 άγειν.
591 5547 730 5618 Editi
771 5562 892 5599 cum
933 5544 1088 5618 ροη).
1131 5547 1368 5618 δεριιιιιίο
1403 5548 1748 5618 συναγαγεῖν.
1789 5545 1938 5618 1131.Ιᾴ

372 5615 532 5688 longe
581 5617 708 5670 editi
759 5631 880 5670 cum
934 5615 1072 5688 Reg.
1123 5617 1284 5671 tertio
1342 5615 1780 5688 συνδιορθρίζων.
1831 5616 1935 5669 Alii

371 5684 604 5760 quatuor
635 5700 768 5738 mss.
800 5684 1185 5760 συνορθρίζων.

443 5755 557 5825 (85)
586 5754 661 5810 lta
695 5770 823 5816 mss.
858 5754 1008 5812 octo.
1040 5758 1176 5812 Editi
1212 5756 1502 5828 πολεμίους
1537 5756 1686 5818 τινὰς
1716 5756 1939 5825 ἀφανεῖς

2048 4648 2169 4727 ctus
2224 4670 2463 4738 attingit,
2511 4682 2671 4736 quam
2699 4667 2937 4720 divinum
2979 4676 3300 4734 prazceptum
3337 4665 3402 4720 sit
3434 4667 3482 4719 ei
3518 4648 3645 4718 da:

2046 4762 2209 4817 tum?
2248 4761 2526 4827 Quomodo
2572 4759 2834 4814 locustam
2885 4757 3188 4825 insequitur
3240 4757 3469 4811 seleucis
3499 4757 3616 4811 avis

2048 4872 2168 4926 qua-
2193 4854 2363 4924 plagae
2409 4849 2626 4906 inﬂictze
2674 4851 2968 4905 remedium
3015 4861 3136 4904 est:
3185 4848 3619 4920 quandoquidem

2052 5055 2121 5127 δι’
2150 5057 2456 5127 ὑπονόμων.
2491 5053 2546 5109 ld
2581 5055 2739 5109 aliter
2778 5055 2845 5111 ab
2875 5053 2997 5110 aliis
3029 5053 3298 5110 historicis
3342 5061 3613 5108 narratur.

2051 5125 2193 5191 Lege
2220 5125 2492 5182 Dircaeum.

2123 5197 2233 5267 (86)
2276 5196 2353 5251 Ita
2396 5213 2489 5251 sex
2537 5211 2664 5267 mss.
2705 5195 2867 5250 Deest
2906 5196 2935 5248 ὁ
2973 5196 3027 5248 in
3060 5195 3238 5267 editis.
3281 5194 3478 5247 Ibidem
3511 5195 3617 5246 dno

2215 5265 2676 5340 ’προσαγγέλλωψ
2716 5267 2858 5321 Editi
2912 5282 3032 5320 cum
3080 5265 3202 5320 aliis
3236 5281 3366 5319 mss.
3407 5266 3643 5336 προαγ-’

2050 5353 2082 5390 γ
2175 5356 2268 5390 ων.

2175 5356 2268 5394 ων.

2047 5353 2268 5405 γεΛΑων.

2116 5408 2226 5477 (8'7)
2267 5407 2357 5462 Sic
2386 5407 2538 5462 multi
2569 5421 2698 5461 mss.
2731 5408 2799 5461 At
2819 5407 2946 5461 editi
2967 5407 3125 5460 τοῦτο
3145 5406 3200 5459 δὲ
3222 5405 3341 5457 οὐδὲ

2117 5479 2230 5548 (88)
2263 5478 2487 5533 Codices
2534 5483 2769 5548 quatuor
2796 5494 2826 5532 e
2857 5481 3055 5531 nostris
3093 5487 3285 5546 pneter
3317 5477 3448 5548 duos
3485 5478 3615 5528 Duc.

2046 5544 2588 5619 παρασκευάσαντος.
2638 5547 2780 5602 Editi
2833 5564 2954 5602 cum
3011 5544 3117 5600 uno
3167 5556 3258 5619 aut
3309 5544 3476 5619 altero
3513 5560 3615 5619 ms2

2045 5611 2572 5682 κατασκευάσαντος.
2612 5619 2728 5673 Mox
2761 5634 2853 5673 sex
2887 5633 3016 5674 mss.
3047 5620 3140 5671 καὶ
3169 5615 3302 5680 πῶς.
3338 5615 3495 5670 Deest
3521 5611 3619 5670 κῖιε

2046 5691 2099 5745 itt
2136 5691 2315 5746 editis.

3379 5404 3614 5475 μακράν.
