4082 6218
477 340 582 395 19.3

1786 342 1845 398 S.
1889 338 2134 394 BASlLll
2174 338 2391 395 MAGNI

3629 336 3744 393 184

474 459 566 514 illa
615 468 925 528 perpetuam
987 459 1150 515 habet
1199 462 1393 517 edendi
1443 462 1778 529 facultatem,
1827 461 2057 531 benigno

2161 457 2256 520 Τίς
2276 458 2305 510 ὁ
2334 457 2532 528 τρόπος
2556 457 2656 525 τῆς
2688 453 2952 526 μελῳδίας
2980 451 3074 505 τοῦ
3107 452 3384 521 τέττιγος;
3406 467 3516 507 nat
3541 454 3659 519 πῶς
3682 458 3745 509 ἐν

475 550 587 607 Deo
623 552 987 607 insatiabilem
1016 564 1265 609 naturam
1302 556 1579 610 hominum
1608 557 1779 626 gratia
1806 556 1855 610 ei
1883 571 2052 626 appa-

476 641 672 696 rante?
717 643 847 708 Qute
896 644 967 697 sit
1008 644 1319 698 modulandi
1348 646 1485 699 ratio
1515 646 1754 700 cicadae?
1786 646 2054 715 quomodo

478 734 531 787 in
580 735 805 790 meridie
850 736 1013 790 solito
1066 736 1240 805 magis
1292 752 1507 792 canorae
1548 747 1695 798 sunt,
1741 738 1865 792 dum
1911 739 2056 791 aeris

475 823 818 891 attractione,
860 840 980 893 qua:
1033 826 1085 879 in
1135 826 1372 881 thoracis
1414 828 1738 881 distentione
1771 826 1851 889 lit,
1876 826 2055 881 editur

479 916 686 970 sonus?
719 916 789 969 At
814 917 960 971 enim
996 916 1127 969 mihi
1160 918 1349 971 videor
1372 918 1546 986 magis
1573 921 1749 986 impar
1778 932 1900 972 esse
1940 932 2055 972 ser-

481 1019 640 1058 mone
672 1004 723 1059 in
752 1005 1091 1072 explicandis
1117 1005 1415 1060 volatilium
1466 1005 1760 1069 miraculis,
1798 1021 1959 1075 quam
2007 1006 2053 1061 si

476 1095 706 1164 pedibus
731 1110 963 1151 conarer
992 1095 1336 1150 velocitatem
1365 1095 1602 1164 ipsorum
1643 1096 1879 1165 assequi.
1917 1095 2053 1151 Cum

479 1187 679 1241 videris
706 1204 767 1243 ea
807 1188 1044 1243 volatilia
1082 1204 1203 1258 quae
1246 1189 1449 1242 insecta
1498 1197 1779 1252 vocantur,
1821 1197 1880 1243 ut
1926 1203 2057 1259 apes

478 1287 531 1332 et
589 1292 817 1347 vespas:
874 1280 955 1333 sic
1007 1279 1150 1333 enim
1201 1278 1315 1347 ipsa
1363 1277 1722 1347 appellarunt,
1768 1289 2053 1349 propterea

477 1368 620 1436 quod
673 1370 935 1439 quasdam
980 1369 1217 1439 undique
1261 1369 1527 1425 incisuras
1569 1376 1679 1435 pra!
1724 1385 1783 1424 se
1828 1372 2051 1425 ferunt:

476 1459 660 1516 veniat
691 1461 785 1514 tibi
819 1460 871 1512 in
905 1470 1163 1519 mentem,
1201 1460 1618 1530 respirationem
1656 1470 1817 1530 atque
1845 1461 2055 1530 pulmo-

478 1567 603 1607 nem
631 1553 684 1607 in
715 1554 781 1607 iis
809 1567 913 1606 non
948 1552 1175 1622 reperiri
1201 1570 1215 1607 :
1240 1556 1334 1607 sed
1379 1563 1488 1608 tota
1531 1553 1750 1608 omnino
1784 1568 1909 1607 aere
1950 1569 2052 1608 nu-

481 1642 624 1699 triri.
657 1643 995 1714 Quapropter
1034 1644 1154 1699 oleo
1198 1644 1524 1709 madefacta,
1572 1645 1809 1700 occlusis
1865 1648 2054 1700 meati—

479 1738 600 1799 bus,
649 1747 911 1806 pereunt;
962 1752 1088 1790 cum
1134 1752 1263 1792 vero
1292 1740 1473 1792 statim
1504 1748 1714 1792 acetum
1738 1737 2051 1804 all‘uuditur,

2156 552 2222 620 τῇ
2261 548 2578 620 μεσημϐρίᾳ
2602 546 2813 602 ἑαυτῶν
2840 548 2977 600 εἰσιν
3005 542 3353 616 ᾡδικώτεροι,
3383 548 3450 616 τῇ
3479 546 3613 618 ὁλκῇ
3644 546 3742 602 τοῦ

2154 642 2340 712 ἀέρος,
2376 643 2444 711 ἢν
2472 642 2532 696 ὲν
2577 642 2642 710 τῇ
2700 638 2952 709 διαστολῇ
3003 635 3282 690 ποιοῦνται
3329 635 3426 690 τοῦ
3468 636 3741 709 θώρακος,

2156 734 2499 803 ὲκδιδομένου
2549 732 2647 786 τοῦ
2696 731 2969 802 φθόγγου;
3004 728 3164 782 Ἀλλά
3208 728 3317 800 γὰρ
3361 727 3513 783 ἔοικα
3557 728 3744 783 πλεῖον

2154 826 2547 881 ἀπολείπεσθαι
2571 824 2648 897 τῷ
2680 825 2824 894 λόγῳ
2851 822 2945 877 τοῦ
2987 822 3261 893 θαύματος
3303 820 3409 875 τῶν
3437 822 3677 893 πτηνῶν,
3703 824 3741 893 ἢ

2156 921 2206 973 εί
2260 921 2375 982 τοῖς
2433 918 2592 972 ποσὶν
2644 917 2826 971 αὐτῶν
2883 912 3201 986 ἐπειρώμην
3263 912 3599 981 ἐφικνεῖσθαι
3644 915 3743 967 τοῦ

2156 1012 2374 1081 τάχους.
2404 1012 2570 1065 Ὅταν
2599 1009 2714 1083 ἴδῃς
2747 1009 2816 1063 τὰ
2846 1008 3045 1078 ἔντομα
3074 1007 3339 1077 λεγόμενα
3362 1006 3472 1060 τῶν
3497 1004 3740 1077 πτηνῶν,

2156 1097 2268 1157 οἷον
2300 1103 2560 1175 μελίσσας
2585 1104 2677 1157 καὶ
2709 1102 2924 1171 σφῆκας
2949 1099 3114 1170 (οὕτω
3139 1099 3249 1171 γὰρ
3273 1098 3413 1153 αὐτὰ
3444 1098 3745 1170 προσειρή-

2157 1212 2307 1259 κασι,
2349 1192 2438 1247 διά
2485 1193 2546 1247 τὸ
2593 1191 2929 1263 πανταχόθεν
2986 1189 3219 1260 ἐντομάς
3276 1206 3427 1252 τινας
3473 1190 3742 1258 φαίνειν).

2157 1287 2414 1359 ἐνθυμοῦ,
2443 1287 2526 1340 ὅτι
2559 1284 2770 1349 τούτοις
2809 1282 3053 1354 ἀναπνοὴ
3097 1283 3197 1335 οὐκ
3229 1281 3399 1345 ἔστιν,
3427 1281 3549 1335 οὐδὲ
3578 1280 3746 1359 nisi:

3604 1337 3857 1364 ,μέρμ-

2161 1394 2296 1448 μων,
2323 1377 2438 1431 ἀλλ’
2462 1376 2558 1429 ὅλα
2593 1376 2658 1429 δι’
2691 1375 2829 1428 ὅλων
2864 1374 3124 1444 τρέφεται
3146 1372 3225 1443 τῷ
3251 1373 3393 1443 άέρι.
3422 1371 3617 1442 Διόπερ
3647 1372 3744 1426 καὶ

2158 1469 2324 1539 ἐλαίῳ
2353 1467 2768 1539 καταϐραχέντα
2802 1464 3105 1537 φθείρεται,
3135 1464 3245 1517 τῶν
3277 1464 3459 1535 πόρων
3493 1465 3746 1534 ἀποφρα-

2156 1560 2364 1629 γέντων
2383 1577 2396 1591 ·
2426 1560 2582 1626 ὄξους
2613 1559 2670 1613 δὲ
2695 1558 2855 1622 εὐθὺς
2903 1555 3287 1627 ἐπιϐληθέντος
3326 1555 3486 1610 πάλιν
3511 1555 3745 1609 ἀναϐιώ-

2158 1667 2368 1707 σκεται.
2407 1650 2514 1703 τῶν
2540 1648 2786 1715 διεξόδων
2809 1647 3196 1719 ἀνοιγομένων.
3228 1646 3393 1699 Οὐδὲν
3428 1646 3745 1717 περιττότε-

2161 1759 2252 1813 ρον
2295 1742 2395 1811 τῆς
2434 1741 2641 1812 χρείας,
2692 1738 2817 1793 οὔτε
2872 1739 2975 1811 μὴν
3034 1738 3276 1791 ὲλλεῖπόν
3320 1748 3425 1789 τινι
3471 1735 3578 1788 τῶν
3612 1736 3748 1789 ἀνα-

479 1827 702 1882 reclusis
755 1827 1110 1883 foraminibus
1162 1846 1350 1884 rursus
1395 1830 1753 1886 reviviscunt.
1800 1831 1947 1885 lnter
1990 1845 2052 1884 ea

2161 1832 2365 1899 γκαίων
2396 1833 2425 1884 ὁ
2447 1831 2580 1895 Θεὸς
2617 1830 2777 1902 ήμῶν
2810 1829 3011 1884 ἔκτισε.
3065 1828 3236 1881 Πάλιν
3268 1826 3336 1880 τά
3369 1825 3602 1897 φίλυδρα
3632 1825 3749 1879 τῶν

476 1936 598 1990 qua:
629 1920 769 1975 Deus
795 1932 981 1976 nosmr
1008 1923 1236 1985 creavit,
1285 1923 1417 1976 nihil
1465 1933 1549 1978 est
1581 1925 1717 1977 citra
1762 1924 2055 1979 necessita-

479 2021 610 2075 tem,
637 2012 769 2065 nihil
802 2014 953 2067 deest
1001 2014 1452 2068 necessariorutu.
1499 2013 1707 2069 Rursus
1758 2016 1803 2068 si
1849 2015 2057 2069 anima-

479 2104 550 2157 lia
587 2118 740 2171 aqum
771 2104 1009 2156 amantia
1045 2104 1436 2169 considerabis,
1467 2106 1627 2159 aliam
1668 2106 1719 2159 in
1752 2107 1884 2174 ipsis
1914 2114 2058 2159 stru-

477 2204 685 2247 cturam
721 2193 1058 2261 comperies:
1117 2196 1282 2262 pedes
1326 2196 1574 2251 videlicet
1624 2197 1847 2252 minime
1892 2195 2061 2252 ditiis-

478 2300 593 2349 sus,
622 2286 764 2340 velut
793 2286 1067 2340 cornicis:
1104 2303 1209 2340 non
1250 2284 1509 2352 aduncos,
1554 2288 1699 2342 velut
1738 2288 2057 2343 carnivuro—

482 2394 638 2430 rum:
681 2379 776 2432 sed
812 2377 949 2431 latos
989 2392 1053 2431 ac
1096 2378 1562 2445 membranaceos,
1603 2389 1663 2433 ut
1702 2379 1855 2436 facile
1904 2382 2059 2437 undis

483 2474 752 2534 innatent,
798 2470 993 2539 pedum
1046 2471 1378 2525 membranis
1418 2472 1564 2525 velut
1608 2473 1931 2542 quibusdam
1974 2489 2060 2528 re-

482 2562 585 2616 mis
639 2576 834 2631 aquam
899 2562 1252 2631 impellentes.
1307 2563 1534 2629 Quodsi
1574 2564 2060 2629 animadverteris,

478 2654 932 2723 quemadmolum
975 2669 1177 2725 cycnus
1219 2655 1360 2709 collo
1407 2657 1461 2709 in
1509 2657 1830 2726 profundam
1862 2673 2057 2726 aquam

478 2745 742 2811 immisso,
772 2747 840 2801 ab
870 2747 979 2799 imo
1006 2746 1186 2800 cibum
1224 2748 1328 2801 sibi
1369 2747 1594 2802 eﬂ‘erat:
1646 2758 1772 2803 tunc
1825 2748 1918 2803 Dei
1963 2749 2059 2803 de-

483 2840 852 2908 prehensurus
872 2852 932 2892 es
959 2840 1302 2908 sapientiam,
1330 2841 1420 2907 qui
1450 2841 1651 2896 scilicet
1681 2841 1875 2895 collum
1903 2841 2059 2910 pedi-

482 2930 583 2984 bus
611 2930 823 3000 longius
850 2931 969 2985 ideo
1008 2932 1219 2997 tribuit,
1271 2942 1329 2985 ut.
1376 2932 1502 2986 illud
1547 2933 1689 2988 velut
1735 2933 1929 2986 lineam
1981 2933 2062 3001 pi-

482 3025 771 3078 scatoriam
825 3024 1133 3089 ilcmittens,
1181 3038 1362 3078 escam
1410 3024 1463 3078 in
1511 3024 1621 3079 imo
1657 3026 2058 3083 delitescentem

482 3118 730 3185 exquirat
760 3131 824 3169 ac
847 3116 1116 3171 extrahat.

2158 1923 2315 1988 ζώων
2366 1923 2731 1993 καταμαθὼν,
2783 1923 2979 1993 ἑτέραν
3039 1922 3097 1973 ὲν
3157 1921 3340 1982 αὐτοῖς
3402 1919 3747 1989 κατασκευὴν

2157 2018 2411 2087 εὑρήσεις
2436 2032 2449 2046 ⁸
2498 2015 2666 2079 πόδας
2703 2014 2827 2069 οὔτε
2869 2011 3311 2084 διεσχισμένους,
3357 2009 3435 2073 ὡς
3474 2009 3600 2073 τοὺς
3645 2011 3748 2080 τῆς

2156 2106 2426 2179 κορώνης,
2454 2107 2577 2161 οὔτε
2615 2106 2907 2176 ἀγκύλους,
2935 2106 3012 2169 ὡς
3038 2105 3168 2167 τοὺς
3198 2102 3306 2155 τῶν
3340 2101 3706 2172 σαρκοφάγων
3726 2117 3744 2131 ο

2158 2200 2296 2254 ἀλλά
2319 2200 2539 2264 πλατεῖς
2574 2200 2669 2254 καὶ
2697 2198 3011 2269 ὑμενώδεις,
3040 2199 3125 2252 ἵνα
3153 2195 3350 2268 ῥᾳδίως
3380 2194 3749 2265 ὲπινήχωνται

2157 2290 2236 2361 τῷ
2274 2290 2447 2355 ύδατιζ
2482 2292 2645 2344 οἱονεὶ
2679 2289 2893 2353 κώπαις
2924 2290 3036 2343 τισὶ⁸
3071 2290 3184 2351 τοῖς
3230 2285 3337 2340 τῶν
3369 2286 3546 2339 ποδῶν
3583 2285 3749 2355 ὑμέσι

2157 2386 2218 2439 τὸ
2252 2382 2417 2454 ὑγρὸν
2469 2382 2843 2453 διωθούμενοι.
2889 2381 3015 2435 Ἐὰν
3061 2381 3119 2434 δὲ
3164 2378 3518 2450 καταμάθῃς,
3560 2380 3746 2441 ὅπως,

2159 2477 2237 2538 εἰς
2285 2475 2447 2546 βάθος
2492 2477 2521 2528 ό
2567 2474 2766 2537 κύκνος
2826 2473 3039 2537 καθιεὶς
3077 2472 3169 2525 τὸν
3220 2470 3458 2541 αὐχένα,
3503 2470 3750 2524 κάτωθεν

2161 2565 2340 2637 ἐαυτῷ
2366 2565 2464 2637 τὴν
2509 2565 2717 2637 τροφὴν
2763 2565 3051 2635 ἀναφέρει,
3085 2563 3205 2616 τότε
3248 2562 3500 2633 εὑρήσεις
3525 2563 3624 2632 τὴν
3654 2579 3748 2614 σο-

2163 2660 2291 2727 φίαν
2327 2658 2421 2712 τοῦ
2468 2658 2774 2721 κτίσαντος,
2806 2658 2888 2711 ὅτι
2933 2655 3023 2709 διὰ
3059 2654 3218 2708 τοῦτο
3269 2654 3599 2726 μακρότερον
3637 2654 3750 2708 τῶν

2161 2748 2341 2803 ποδῶν
2359 2749 2450 2802 τὸν
2466 2748 2670 2819 αὐχένα
2687 2746 3047 2819 προσέθηκεν,
3071 2746 3179 2809 ῖνα,
3201 2745 3392 2816 ῶσπερ
3406 2744 3525 2798 τινὰ
3544 2746 3750 2816 όρμιάν

2163 2842 2441 2910 κατάγων,
2497 2841 2593 2912 τὴν
2647 2843 2706 2893 ὲν
2765 2838 2842 2911 τῷ
2897 2838 3049 2910 βάθει
3105 2836 3496 2911 κεκρυμμένην
3539 2837 3751 2910 τροφὴν

2163 2935 2525 3007 ὲκπορίζηται

556 3175 612 3261 έ.
648 3205 818 3261 Verba
854 3206 1151 3273 Scriptura:
1172 3206 1220 3265 si
1248 3205 1564 3276 simpliciter
1588 3208 1855 3277 legantur,
1883 3225 2058 3279 parvae

2234 3211 2287 3267 8.
2331 3210 2542 3275 Ἀπλῶς
2575 3208 3055 3279 ἀναγινωσκόμενα
3088 3207 3155 3262 τὰ
3202 3210 3421 3279 ῥήματα
3464 3206 3563 3277 τῆς
3598 3206 3743 3277 Γρα-

484 3300 729 3366 quaedam
772 3306 898 3351 sunt
944 3298 1202 3363 syllabm:
1258 3298 1566 3352 Producant
1621 3316 1773 3368 aqua:
1826 3302 2062 3358 volatilia

483 3388 717 3442 volantia
752 3406 908 3457 super
936 3400 1133 3443 terram
1168 3392 1453 3445 secundum
1482 3390 1875 3459 ﬁrmamentum
1906 3396 2019 3447 caeli
2042 3410 2063 3449 :

484 3481 582 3534 sed
634 3495 755 3533 cum
815 3482 1103 3535 verborum
1161 3483 1552 3552 perVestigatur
1598 3485 1886 3547 sententia,
1940 3495 2064 3538 tunc

487 3586 739 3640 magnum
785 3573 1068 3642 sapientia:
1118 3575 1413 3629 conditoris
1458 3573 1779 3628 miraculum
1816 3588 2058 3644 apparet.

487 3664 629 3730 Quot
686 3664 983 3719 volatilium
1060 3666 1306 3736 praevidit
1374 3666 1734 3721 discrimina?
1796 3669 2063 3734 quomodo

484 3756 593 3809 alia
625 3756 694 3809 ab
743 3755 864 3808 aliis
906 3756 1054 3824 juxta
1104 3772 1273 3826 genus
1316 3755 1588 3826 sejunxit?
1628 3759 1899 3826 quomodo
1947 3761 2061 3812 sin-

490 3846 612 3916 gula
671 3846 947 3900 distinctis
1006 3847 1429 3915 prOprielatibus
1494 3848 1815 3915 insignivit?
1877 3850 2065 3905 Deficit

488 3953 577 3992 me
612 3940 730 3992 dies
773 3940 917 3991 aeria
944 3940 1101 3994 vobis
1130 3939 1394 3994 miracula
1436 3951 1822 4007 exponentem.
1874 3942 2064 3999 Invitat

487 4043 591 4085 nos
623 4031 734 4098 ipsa
779 4031 1067 4084 continens
1107 4033 1173 4084 ad
1219 4029 1363 4085 feras
1405 4031 1726 4101 reptiliaque
1766 4043 1820 4087 et
1866 4050 2064 4102 pecora

490 4121 546 4175 in
575 4122 811 4174 taedium
840 4120 1165 4189 proferenda
1192 4139 1204 4173 :
1229 4123 1665 4190 quandoquidem
1693 4124 1896 4194 aliquid
1923 4128 2064 4195 quod

487 4212 692 4281 plantis
719 4221 773 4266 et
802 4212 1112 4265 natatilium
1165 4214 1350 4281 generi
1392 4222 1447 4266 et
1497 4214 1706 4268 cunctis
1759 4216 2066 4274 volatilibus

489 4305 663 4372 impar
693 4318 799 4358 non
833 4304 925 4366 sit,
957 4304 1197 4358 vicissim
1241 4304 1501 4360 exhibere
1549 4317 1736 4374 parata
1780 4318 1879 4362 est.
1930 4308 2066 4364 Pro-

485 4397 643 4449 tlttcat
668 4405 811 4450 terra
843 4396 1075 4448 animant
1103 4397 1354 4449 viventem
1398 4413 1645 4464 pecorum
1685 4409 1731 4452 et
1777 4400 2065 4457 bestiarum

2164 3305 2288 3375 φῆς,
2321 3302 2581 3357 συλλαϐαί
2621 3302 2766 3365 τινές
2807 3302 2913 3354 είσι
2963 3301 3156 3372 μικραί
3194 3299 3339 3370 (89)’
3382 3298 3749 3367 Ἔξαγατέτω

2163 3397 2236 3447 τὰ
2258 3393 2446 3448 ὕδατα
2470 3392 2709 3446 πετεινὰ
2746 3393 3042 3461 πετόμενα
3068 3392 3167 3445 ἐπὶ
3216 3389 3325 3456 τῆς
3356 3388 3470 3458 γῆς
3500 3389 3649 3442 κατὰ
3676 3388 3748 3441 τὸ

2164 3485 2467 3554 στερέωμα
2493 3484 2599 3537 τοῦ
2625 3483 2886 3552 οὐρανοῦ
2909 3500 2924 3515 ’
2955 3483 3330 3555 ἐρευνωμένης
3354 3481 3413 3535 δὲ
3438 3484 3537 3552 τῆς
3557 3483 3614 3534 ὲν
3631 3483 3750 3544 τοῖς

2168 3576 2374 3647 ῥήμασι
2416 3574 2674 3638 διανοίας,
2717 3574 2840 3627 τότε
2891 3575 3210 3643 ὲκφαίνεται
3257 3573 3320 3626 τὸ
3377 3573 3519 3644 μέγα
3561 3571 3748 3642 θαῦμα

2164 3669 2262 3738 τῆς
2283 3668 2475 3735 σοφίας
2505 3666 2600 3720 τοῦ
2630 3666 2935 3729 κτίσαντος.
2970 3667 3148 3729 Πόσας
3181 3664 3459 3737 προείδετο
3485 3664 3745 3735 διαφορὰς

2166 3757 2417 3829 πτηνῶν;
2452 3758 2600 3821 ὅπως
2634 3755 2771 3809 αύτά
2806 3755 2950 3809 κατά
2989 3755 3143 3824 γένος
3189 3755 3470 3824 διέστησεν
3520 3754 3613 3807 ἀπ’
3651 3753 3749 3806 ἀλα

2166 3848 2340 3921 λήλων
2369 3866 2382 3915 ;
2416 3849 2535 3912 πῶς
2580 3848 2810 3901 ἕκαστον
2853 3845 3277 3917 κεχωρισμένοις
3317 3846 3747 3917 ὲχαρακτήρισεν

2170 3939 2486 4010 ἰδιώμασινς
2537 3937 2836 3990 Ἐπιλείπει
2868 3938 2977 4007 (9U)
3033 3952 3099 4006 με
3127 3936 3160 4005 ἡ
3188 3934 3389 4005 ἡμέρα,
3426 3934 3495 3987 τά
3527 3934 3748 4005 ὲναέρια

2166 4031 2294 4101 ὑμῖν
2325 4028 2577 4099 θαύματα
2591 4025 2966 4098 διηγούμενονζ
2994 4025 3169 4079 Καλεῖ
3190 4027 3337 4096 ήμᾶς
3357 4025 3595 4097 ήχέρσος
3612 4026 3749 4098 πρὸς

2163 4120 2394 4195 τὴντῶν
2429 4120 2634 4192 θηρίων
2665 4120 2761 4174 καὶ
2804 4118 3048 4189 ἑρπετῶν
3088 4120 3182 4172 καὶ
3230 4118 3590 4189 βοσκημάτων
3623 4119 3747 4171 έπί-

2164 4213 2349 4279 δειξιν,
2384 4213 2617 4282 ἑτοίμως
2659 4210 2857 4282 ἔχουσα
2892 4211 3129 4281 όμότιμα
3165 4212 3280 4272 τοῖς
3322 4213 3510 4279 φυτοῖς
3549 4211 3642 4265 καὶ
3671 4209 3749 4280 τῷ

2166 4304 2362 4375 πλωτῷ
2388 4304 2535 4373 γένει
2565 4302 2788 4365 καὶτοῖς
2818 4304 3042 4371 πτηνοῖς
3066 4302 3234 4354 πᾶσιν
3259 4298 3747 4365 ἀντεπιδείξασθαι.

2179 4396 2544 4467 Ἐξαγαγέτω
2588 4398 2626 4464 ἡ
2667 4394 2743 4464 γῆ
2784 4393 2999 4463 ψυχὴν
3028 4392 3224 4453 ζῶσαν
3250 4392 3488 4461 κτηνῶν
3515 4392 3612 4446 καὶ
3639 4395 3748 4461 θη-

483 4497 532 4541 et
561 4487 822 4555 reptilium
846 4487 1010 4556 juxta
1041 4503 1224 4556 genus.
1258 4487 1395 4554 Quid
1430 4488 1609 4543 dicitis
1643 4505 1736 4545 vos
1765 4494 1855 4560 qui
1898 4492 2056 4546 fidem

2161 4492 2308 4558 ρίων
2339 4489 2437 4542 καὶ
2473 4486 2736 4555 ἑρπετῶν
2772 4485 2923 4539 κατὰ
2977 4484 3170 4556 γένος.
3212 4486 3278 4538 Τί
3312 4502 3468 4555 φατε,
3522 4486 3572 4537 oi
3618 4485 3750 4575 in:

3618 4557 3797 4579 M—

486 4576 842 4635 non'babetis
870 4579 1057 4641 Paulo,
1098 4581 1243 4634 circa
1280 4596 1399 4635 eam
1429 4595 1549 4649 qua:
1574 4583 1626 4634 in
1663 4584 2058 4637 resurrectione

2164 4580 2413 4643 στοῦντες
2446 4580 2523 4650 τῷ
2566 4578 2762 4648 Παύλῳ
2797 4579 2921 4649 περὶ
2965 4577 3067 4647 τῆς
3117 4576 3260 4629 κατὰ
3302 4577 3403 4647 τὴν
3450 4576 3747 4631 ἀνάστασιν

482 4654 580 4728 lict
622 4672 1002 4737 mutationem,
1058 4688 1182 4726 cum
1231 4672 1399 4725 multa
1461 4673 1607 4727 aeria
1658 4673 1862 4728 formas
1911 4690 2063 4729 com-

484 4767 751 4819 mutantia
793 4766 1066 4819 videatis?
1104 4765 1293 4833 Qualia
1341 4767 1505 4820 etiam
1553 4768 1619 4821 de
1660 4766 1842 4823 Iudico
1878 4784 2063 4823 verme

481 4855 766 4926 cornigero
817 4864 1128 4919 narrantur,
1176 4855 1286 4925 79
1331 4857 1421 4926 qui
1451 4858 1682 4925 primum
1732 4858 1784 4911 iu
1840 4875 2059 4913 erucam

482 4956 905 5011 transmutatus,
931 4947 1127 5001 deinde
1159 4947 1419 5015 temporis
1452 4963 1735 5016 progressu
1760 4947 2063 5019 bombylius

484 5042 586 5096 tit:
622 5055 721 5095 nec
751 5041 803 5093 in
850 5039 954 5093 hac
996 5038 1167 5092 forma
1216 5048 1422 5104 manet,
1470 5039 1566 5093 sed
1614 5039 1766 5102 laxas
1814 5050 1869 5092 et
1922 5040 2059 5095 latas

483 5135 730 5187 hracteas
761 5146 858 5201 pro
905 5131 1005 5185 alis
1053 5129 1302 5199 suscipit.
1345 5129 1479 5184 Cum
1525 5131 1692 5200 igitur
1725 5147 1822 5185 vos
1865 5131 2060 5185 mulie-

485 5239 574 5278 res
599 5225 821 5285 sedetis,
850 5222 1042 5277 hormu
1091 5238 1255 5291 opera
1300 5232 1511 5285 nentes,
1556 5223 1640 5275 tila
1685 5223 1894 5277 scilicet
1936 5223 2059 5277 dico

479 5330 604 5387 quae
649 5316 716 5370 ad
758 5331 855 5370 vos
897 5315 1273 5369 transmittunt
1324 5317 1485 5370 Seres
1525 5314 1593 5369 ad
1638 5315 1827 5370 molles
1881 5325 2058 5370 vestes

553 5503 667 5574 (89)
697 5501 794 5574 Sic
825 5501 997 5556 codex
1047 5499 1291 5574 Cnmhef.
1343 5513 1466 5554 cum
1513 5498 1637 5554 aliis
1665 5507 1896 5568 quatuor
1929 5515 2063 5554 mss.

483 5571 705 5628 Alt‘tllli
738 5575 844 5626 εἰσὶ
883 5571 1111 5642 μακραί.

556 5643 665 5711 (90)
706 5643 853 5697 Unus
886 5639 1307 5709 ἰιιςξέπιλείῲει.
1340 5639 1625 5706 Aliquanto
1656 5650 1772 5706 post
1805 5656 1934 5695 mss.
1967 5656 2059 5695 scx

426 5706 433 5715 “
483 5706 817 5783 καλεῖήμᾶς
848 5716 880 5781 ή
914 5713 1125 5783 χέρσος.
1167 5706 1304 5764 Ιέἇιίιὶ
1335 5710 1482 5779 ἡμᾶς
1510 5712 1543 5780 ή
1577 5711 1817 5779 ἤπειρος.

562 5730 638 5764 ttat
668 5730 817 5834 ημας
848 5730 880 5781 η
914 5730 1125 5783 χέρσος.
1167 5730 1304 5764 ιωιιι
1335 5730 1482 5779 ημας
1510 5730 1543 5780 η
1577 5730 1817 5779 ηπειρος.

562 5782 669 5853 (9|)
735 5785 865 5852 lcgii
908 5784 1121 5844 tertius,
1164 5784 1383 5850 quintus
1414 5790 1467 5835 et
1498 5791 1718 5834 octavus
1754 5797 1874 5836 tum
1906 5781 2055 5835 Colh.

2158 4670 2515 4733 ἀλλοιώσεως,
2551 4667 2787 4739 ὁρῶντες
2832 4667 3003 4721 πολλά
3030 4667 3140 4721 τῶν
3173 4668 3374 4738 ἀερίων
3408 4667 3506 4730 τὰς
3532 4665 3747 4737 μορφάς

2161 4761 2598 4835 μεταϐάλλοντας
2646 4760 2836 4814 Ὀποῖα
2895 4761 2990 4814 καὶ
3046 4761 3174 4831 περὶ
3221 4759 3316 4812 τοῦ
3374 4758 3596 4813 Ἰνδικοῦ
3632 4757 3745 4828 (9|)

2160 4855 2441 4926 σκώληκος
2471 4856 2760 4925 ἱστορεῖται
2784 4853 2878 4908 τοῦ
2911 4854 3281 4925 κερασφόρου’
3306 4852 3386 4917 ὃς,
3414 4838 3745 4923 εἰς’κάμπην

2160 4944 2230 4998 τά
2254 4946 2449 5016 πρῶτα
2472 4938 2807 5017 μεταϐαλὼν,
2829 4942 2948 4999 εἶτα
2978 4944 3180 5018 προῖὼν
3204 4944 3491 5016 βομϐυλιὸς
3517 4944 3739 5013 γίνεται·

2163 5040 2256 5092 καὶ
2285 5041 2405 5093 οὐδὲ
2430 5041 2521 5093 ἐπὶ
2548 5038 2751 5110 ταύτης
2781 5039 2996 5092 ἵσταται
3031 5038 3134 5109 τῆς
3176 5037 3409 5110 μορφῆς,
3446 5036 3582 5090 ἀλλὰ
3610 5036 3742 5107 χαύ-

2163 5150 2273 5197 νοις
2302 5134 2397 5187 καὶ
2426 5132 2652 5185 πλατέσι
2705 5131 2958 5195 πετάλοις
3001 5130 3425 5203 ὑποπτεροῦται.
3463 5130 3629 5183 Ὅταν
3652 5124 3744 5181 οῦν

2160 5225 2464 5297 καθέζησθε
2499 5226 2595 5298 τὴν
2624 5224 2827 5278 τούτων
2864 5224 3128 5294 ἐργασίαν
3165 5223 3652 5296 ἀναπηνιζόμεναι,
3685 5224 3742 5273 αἱ

2159 5320 2434 5387 γυναῖκες,
2464 5318 2532 5371 τὰ
2559 5319 2773 5389 νήματα
2802 5317 2912 5388 (9‘2)
2943 5316 3107 5386 λέγω,
3133 5316 3169 5371 ἃ
3198 5317 3507 5388 πέμπουσιν
3539 5316 3665 5387 ὑμῖν
3690 5314 3745 5367 οἱ

2173 5502 2412 5556 secundo
2446 5501 2538 5556 τοῦ
2584 5501 2824 5559 Ἰνδικοῦ.
2864 5502 3004 5557 Editi
3035 5520 3156 5560 cum
3188 5519 3296 5555 uno
3327 5504 3611 5557 autaltcro
3638 5517 3741 5554 ms.

2169 5572 2261 5625 τοῦ
2290 5573 2474 5627 Ἰνδοῦ.
2499 5575 2629 5638 Qum
2663 5573 2912 5642 leguntur
2929 5576 2995 5629 de
3020 5590 3202 5628 verme
3235 5573 3323 5625 illo
3350 5577 3488 5641 apud
3513 5573 3743 5642 Ambro-

2168 5644 2312 5766 iqiun}
2343 5656 2397 5698 et
2430 5638 2970 5765 aptigsﬁusiathium,
2998 5646 3208 5700 mendis
3234 5660 3337 5697 non
3370 5638 3576 5700 carent.
3600 5638 3742 5712 Lege

2214 5730 2280 5765 ra'
2313 5752 2327 5766 ο
2361 5730 2507 5766 ηιηη.
2544 5750 2573 5764 ι-
2617 5754 2629 5766 .

2214 5730 2327 5766 ΙἩἸ.
2361 5730 2507 5766 "Ill".
2539 5730 2629 5766 εδ.

2240 5785 2351 5853 (υὶμ
2392 5782 2465 5837 Ita
2501 5800 2592 5839 sint
2638 5797 2765 5839 mss.
2808 5784 2944 5840 Etliti
2985 5784 3052 5837 τὰ
3082 5784 3297 5856 νήματα
3334 5781 3387 5837 ἃ.
