4082 6218
311 372 415 427 185

1331 366 1340 376 ’
1399 365 1692 422 ΗΟΜΙῌΑ
1732 363 1847 420 VIII
1887 364 1953 418 IN
2000 361 2500 417 IlEXAEM-ERON.

3473 363 3571 419 I83

307 487 480 558 Σῆρες
530 485 666 554 πρὸς
721 485 819 556 τὴν
871 484 980 538 τῶν
1038 483 1294 554 μαλακῶν
1355 483 1669 554 ἐνδυμάτων
1729 499 1880 534 κατα-

1999 481 2427 543 conciunandas,
2459 489 2570 531 tum
2615 476 2866 533 animalis
2919 478 3079 546 hujus
3119 477 3471 532 mutationem
3517 479 3572 530 iu

309 578 527 648 σκευὴν,
566 576 910 647 μεμνημέναι
942 577 1041 646 τῆς
1085 575 1227 629 κατὰ
1259 575 1319 628 τὸ
1368 574 1506 639 ζῶον
1534 574 1692 627 τοῦτο
1726 591 1894 644 μετα-

306 669 490 738 ϐολῆς,
537 670 739 740 ὲναργῆ
781 669 1086 739 λαμϐάνετε
1132 669 1230 739 τῆς
1277 667 1623 729 ἀναστάσεως
1665 666 1892 728 ἔννοιαν,

309 764 401 816 καὶ
425 761 499 833 μὴ
535 763 816 815 ἀπιστεῖτε
852 761 961 832 (95)
1003 763 1068 831 τῇ
1103 761 1311 830 ἀλλαγῇ
1352 760 1417 830 ἢν
1457 757 1670 820 Παῦλος
1723 759 1894 810 ἅπασι

308 854 823 924 κατεπαγγέλλεται.
871 854 1032 907 Ἀλλά
1077 855 1186 924 γὰρ
1227 852 1554 922 αἰσθάνομαι
1593 849 1688 903 τοῦ
1732 850 1893 916 λόγου

306 946 403 1020 τὴν
449 946 792 1018 συμμετρίαν
829 946 1189 1009 ἐκϐαίνοντος.
1222 947 1389 998 Ὅταν
1445 943 1542 1014 μὲν
1588 938 1680 996 οὖν
1718 940 1894 994 ἀπίδω

305 1037 441 1106 πρὸς
477 1036 538 1088 τὺ
575 1035 778 1107 πλῆθος
822 1035 931 1089 τῶν
974 1035 1299 1105 εἰρημένων,
1349 1033 1454 1099 ἔξω
1502 1033 1736 1103 ἐμαυτὸν
1782 1029 1894 1099 ὁρῶ

301 1127 398 1180 τοῦ
447 1129 646 1198 μέτρου
683 1128 1016 1200 φερόμενον*
1058 1128 1184 1180 ὅταν
1216 1126 1273 1179 δὲ
1308 1126 1471 1179 πάλιν
1509 1126 1645 1196 πρὸς
1679 1124 1738 1177 τὸ
1773 1139 1892 1176 ποι-

304 1219 455 1272 κίλον
483 1220 580 1289 τῆς
612 1219 668 1273 ἐν
697 1221 809 1282 τοῖς
852 1219 1298 1289 δημιουργήμασι
1340 1216 1530 1286 σοφίας
1578 1214 1890 1283 ἀποϐλέψω,

303 1311 424 1361 οὐδὲ
454 1305 652 1380 ἧρχθαι
687 1308 890 1378 νομίζω
934 1310 1033 1379 τῆς
1081 1308 1404 1380 διηγήσεως.
1440 1309 1504 1360 "A
1517 1324 1592 1376 μα
1623 1305 1680 1358 δὲ
1708 1306 1803 1357 καὶ
1832 1304 1892 1356 τὸ

307 1403 707 1472 παρακατέχειν
738 1401 881 1472 ὑμᾶς
909 1401 1002 1453 ἐπὶ
1027 1400 1208 1452 πλεῖον
1235 1399 1333 1450 οὑκ
1362 1399 1654 1468 ἄχρηστον.
1685 1396 1750 1447 Τί
1784 1395 1892 1466 γὰρ

302 1492 370 1545 ἂν
399 1509 485 1555 τις
533 1493 627 1546 καὶ
668 1495 811 1545 ποιοῖ
852 1492 942 1545 τὸν
1002 1492 1164 1562 μέχρι
1220 1491 1318 1560 τῆς
1370 1489 1610 1559 ἑσπέρας
1656 1487 1888 1557 χρόνον;

302 1585 418 1636 Οὑκ
445 1584 752 1652 ἐπείγουσιν
798 1583 943 1654 ὑμᾶς
990 1583 1040 1634 οἱ
1083 1583 1438 1652 ἑστιάτορες·
1485 1579 1584 1632 οὑκ
1631 1577 1890 1648 ἀναμένει

303 1676 450 1745 ὑμᾶς
491 1674 559 1728 τὰ
608 1675 905 1744 συμπόσια.
939 1673 1125 1738 Ὅθεν,
1177 1675 1226 1725 εἰ
1263 1673 1442 1736 δοκεῖ,
1481 1673 1546 1742 τῇ
1599 1670 1886 1739 σωματικῇ

300 1767 528 1836 νηστείᾳ
561 1766 640 1830 είς
673 1765 770 1836 τὴν
795 1765 901 1819 τῶν
941 1764 1128 1835 ψυχῶν
1173 1761 1512 1834 εὐφροσύνην
1563 1759 1889 1831 ἀποχρησώ-

305 1858 466 1929 μεΘα,
516 1857 784 1921 Πολλάκις
836 1858 1188 1928 ὑπηρετήσας
1239 1858 1304 1925 τῇ
1363 1854 1526 1926 σαρκὶ
1578 1854 1714 1924 πρὸς
1757 1853 1880 1906 ἀπό-

1994 1854 2116 1906 visti
2186 1854 2340 1908 carni
2417 1853 2482 1907 ad
2568 1854 2902 1922 voluptatem
2964 1855 3340 1922 capiendam:

299 1948 514 2015 λαυσιν,
546 1951 782 2021 σήμερον
807 1952 874 2020 τῇ
910 1949 1157 2020 διακονίᾳ
1192 1948 1527 2018 παράμεινον
1559 1947 1658 2015 τῆς
1686 1947 1882 2016 ψυχῆς.

299 2043 777 2111 Κατατρύφησον
811 2040 918 2094 τοῦ
947 2043 1188 2109 Kvplov,
1219 2038 1318 2090 καὶ
1349 2036 1526 2090 δώσει
1559 2037 1666 2107 (94)
1693 2051 1790 2090 σοι
1815 2038 1886 2091 τὰ

299 2131 595 2201 αἰτήματα
623 2131 733 2200 τῆς
757 2131 1001 2198 καρδίας
1025 2147 1160 2182 σου.
1189 2130 1250 2181 Εἰ
1278 2127 1627 2196 φιλόπλουτος
1654 2122 1723 2189 εἷ,
1743 2126 1885 2196 ἔχεις

298 2223 532 2276 πλοῦτον
570 2223 958 2292 πνευματικόν·
1003 2223 1077 2275 Τὰ
1107 2220 1361 2289 κρίματα
1386 2219 1606 2286 Κιιρίου
1643 2218 1713 2271 τὰ
1739 2219 1886 2284 ἀλη-

293 2315 454 2379 θινὰ,
509 2314 582 2368 τὰ
623 2313 1045 2384 δεδικαιωμένα
1090 2310 1438 2374 ἐπιτοαυτὸ,
1474 2311 1548 2364 τὰ
1600 2311 1885 2379 ἐπιθυμη-

293 2403 368 2457 τὰ
404 2403 518 2474 (95)
550 2403 701 2473 ὑπὲρ
724 2405 982 2474 χρυσίον
1012 2403 1110 2457 καὶ
1144 2405 1316 2458 λίθον
1342 2402 1536 2469 τίμιον
1560 2401 1776 2454 πολύν.
1819 2402 1882 2454 Εἰ

291 2495 695 2559 ἀπολαυστικὸς
724 2497 817 2549 καὶ
848 2496 1146 2567 φιλήδονος,
1171 2494 1315 2565 ἔχεις
1337 2494 1406 2546 τὰ
1433 2494 1590 2562 λόγια
1621 2494 1714 2546 τοῦ
1747 2493 1882 2546 Θεοῦ

289 2587 370 2656 τῷ
397 2585 497 2657 τὴν
529 2585 901 2656 πνευματικὴν
930 2585 1183 2655 αἴσθησιν
1217 2584 1514 2656 ἐρρωμένῳ
1551 2585 1884 2653 γλυκύτερα

293 2677 448 2730 ὄντα
472 2675 622 2744 ὑπὲρ
651 2677 791 2744 μέλι
833 2677 930 2730 καὶ
963 2678 1191 2744 κηρίον.
1228 2676 1352 2730 Ἐάν
1388 2677 1531 2746 ὑμᾶς
1562 2673 1760 2741 διαφῶ,
1790 2673 1883 2754 καί

1899 2749 1950 2756 Α

1998 571 2317 626 memoriam
2389 579 2731 634 revocantes,
2807 570 3148 624 manifestam
3210 570 3572 624 resurrectio-

1999 661 2082 715 nis
2115 663 2388 715 notionem
2437 661 2739 729 accipiatis,
2775 676 2948 730 neque
2989 663 3146 716 ﬁdem
3189 661 3238 715 ei
3283 662 3568 715 mutationi

1996 768 2157 822 quam
2226 752 2420 807 Paulus
2478 751 2732 807 omnibus
2777 756 3082 817 annuntiat,
3137 754 3436 822 denegetis.
3478 756 3574 806 At-

1995 846 2085 913 qui
2142 846 2446 898 orationem
2501 860 2676 898 meam
2729 845 2946 899 modum
2998 846 3261 901 excedere
3321 847 3569 900 adverto.

1997 937 2131 991 Cum
2167 937 2329 1006 igitur
2351 939 2415 990 ad
2451 947 2638 991 eorum
2668 953 2788 1007 quae
2827 938 2968 992 dicta
3018 947 3141 991 sunt
3187 939 3396 1006 copiam
3447 953 3573 992 ocu-

1997 1028 2077 1081 los
2109 1028 2359 1095 conjicio,
2392 1027 2528 1080 ultra
2564 1027 2696 1082 lines
2745 1036 2801 1084 et
2839 1029 3054 1081 modum
3081 1028 3208 1082 ferri
3251 1045 3337 1083 me
3376 1029 3567 1085 video:

1995 1133 2118 1171 cum
2159 1127 2337 1172 autem
2377 1117 2575 1171 iterum
2615 1119 2680 1171 ad
2712 1118 2992 1186 sapientia:
3032 1119 3084 1171 in
3117 1119 3346 1187 upiliciis
3385 1119 3566 1188 splen-

1995 1210 2266 1264 desceutis
2322 1209 2646 1263 varietatem
2693 1209 2945 1277 respicio,
3002 1223 3069 1262 ne
3121 1210 3408 1278 incmpisse
3449 1212 3571 1280 qui-

1995 1303 2114 1353 dem
2167 1301 2536 1354 narrationem
2588 1299 2849 1353 arbitror.
2912 1301 3090 1368 Atque
3148 1301 3309 1354 etiam
3369 1301 3572 1355 diutius

1993 1390 2236 1445 detinere
2291 1405 2387 1445 vos
2443 1407 2550 1446 non
2598 1392 2762 1446 fuerit
2806 1391 3016 1444 inutile.
3065 1391 3202 1457 Quid
3253 1393 3395 1446 cnim
3451 1394 3572 1462 quis

1992 1484 2059 1535 ab
2092 1483 2193 1537 hoc
2224 1493 2464 1552 tempore
2492 1485 2558 1538 ad
2599 1499 2772 1554 usque
2809 1499 3093 1553 vesperam
3133 1485 3313 1540 facere
3360 1485 3572 1552 possit?

1992 1573 2100 1628 Vos
2143 1589 2248 1628 non
2305 1584 2498 1645 urgent
2538 1577 2942 1638 convivatores,
2997 1590 3099 1629 non
3148 1593 3241 1630 vos
3297 1587 3572 1646 compota-

1994 1667 2170 1721 tiones
2198 1678 2536 1736 exspectant.
2569 1668 2746 1735 Unde,
2779 1669 2826 1723 si
2856 1669 3086 1729 videtur,
3124 1669 3390 1738 corporali
3427 1669 3569 1739 jeju-

1992 1762 2084 1814 nio
2125 1761 2191 1814 ad
2232 1761 2618 1815 exhilaraudas
2664 1763 2876 1815 animas
2920 1771 3154 1816 utemur.
3202 1761 3354 1831 Saepe
3409 1764 3572 1818 inser-

3413 1857 3572 1909 ltodie

1988 1941 2183 1996 anima:
2215 1943 2424 1996 servire
2458 1957 2764 2011 persevera.
2815 1943 3083 1998 Delectare
3127 1946 3180 1999 in
3227 1944 3475 2009 Domino,
3522 1955 3572 1998 et

1987 2033 2130 2086 dabit
2167 2034 2256 2086 tibi
2297 2035 2570 2102 petitiones
2616 2036 2789 2087 cordis
2819 2035 2892 2087 tui
2926 2037 2966 2088 ".
3005 2035 3061 2088 Si
3112 2037 3421 2090 divitiarum
3459 2048 3572 2090 stu-

1989 2125 2175 2180 diosus
2218 2142 2302 2190 es,
2356 2126 2525 2180 habes
2577 2126 2796 2179 divitias
2827 2127 3174 2195 spirituales:
3206 2129 3424 2182 Judicia
3461 2129 3572 2182 Do-

1990 2217 2123 2268 mini
2148 2233 2288 2280 vera,
2314 2217 2614 2286 justiﬁcata
2642 2217 2698 2269 in
2743 2217 2972 2286 idipsum
2997 2235 3015 2272 :
3060 2219 3436 2272 desiderabilia
3480 2237 3570 2273 su-

1985 2322 2081 2374 per
2115 2324 2305 2360 aurum
2348 2319 2394 2362 et
2440 2309 2667 2378 lapidem
2705 2311 2990 2376 pretiosum
3019 2312 3243 2364 multum
3272 2313 3312 2368 ⁸.
3351 2312 3406 2368 Si
3437 2313 3571 2368 deli-

1990 2399 2095 2452 ciis
2140 2402 2349 2453 deditus
2393 2417 2472 2463 es,
2519 2412 2574 2454 et
2618 2401 2911 2470 voluptatis
2951 2418 3140 2456 amans
3176 2418 3188 2454 :
3233 2403 3324 2456 tibi
3373 2415 3570 2473 praesto

1991 2501 2116 2542 Sunt
2150 2490 2238 2543 Dei
2280 2492 2517 2559 eloquia,
2565 2507 2686 2560 quae
2733 2495 2847 2546 viro
2891 2495 3200 2558 spirituales
3242 2511 3435 2550 sensus
3478 2512 3568 2552 sa-

1986 2595 2084 2634 nos
2136 2580 2354 2633 babenti
2410 2581 2650 2633 dulciora
2723 2591 2846 2634 sunt
2894 2599 3048 2651 super
3094 2585 3196 2637 mel
3234 2594 3283 2638 et
3318 2587 3494 2653 favum
3525 2588 3567 2642 ’.

1985 2672 2042 2726 Si
2081 2673 2356 2726 dimisero
2409 2688 2528 2737 vos,
2581 2688 2643 2726 ac
2699 2674 3014 2727 concionem
3073 2676 3392 2741 dissolvero,
3447 2690 3569 2732 sunt

293 2767 534 2820 διαλύσω
559 2767 648 2819 τὸν
682 2767 955 2836 σύλλογον,
993 2769 1039 2819 oi
1079 2768 1176 2838 μὲν
1225 2768 1319 2820 ἐπὶ
1356 2769 1483 2830 τοὺς
1522 2764 1722 2827 κύϐους
1753 2751 1880 2835 δραὲ

1984 2763 2074 2832 qui
2100 2766 2164 2817 ad
2193 2772 2428 2818 tesseras
2462 2771 2704 2819 current.
2731 2763 3047 2820 Juramenla
3090 2777 3214 2821 sunt
3257 2768 3388 2832 illic,
3442 2785 3566 2838 gra-

298 2859 526 2928 μοῦνται
563 2857 692 2927 (96).
721 2858 911 2927 Ὃρκοι
943 2859 1079 2920 ἐκεῖ,
1126 2857 1221 2909 καὶ
1276 2855 1598 2925 φιλονεικίαι
1627 2852 1879 2923 χαλεπαὶ,

293 2952 394 3003 καὶ
439 2950 874 3020 φιλοχρηματίας
923 2949 1129 3012 ὠδῖνες.
1155 2949 1376 3018 Δαίμων
1429 2945 1764 3017 παρέστηκε,
1796 2944 1883 2998 διὰ

294 3042 406 3095 τῶν
446 3042 884 3112 κατεστιγμένων
906 3041 1106 3094 ὀστέων
1133 3040 1232 3111 τὴν
1264 3039 1460 3110 μανίαν
1487 3037 1756 3102 ἐξάπτων,
1788 3040 1882 3092 καὶ

293 3133 366 3185 τὰ
397 3131 537 3185 αὑτά
581 3133 842 3203 χρήματα
877 3131 1011 3203 πρὸς
1042 3131 1301 3202 ἑκάτερον
1341 3130 1504 3200 μέρος
1549 3128 1877 3199 μετατιθεὶς,

1983 2870 2182 2924 vesque
2235 2857 2634 2921 contentiones,
2691 2867 2747 2912 et
2806 2859 3049 2912 avaritiae
3109 2860 3334 2914 stimuli.
3409 2863 3568 2916 A5tat

1983 2948 2189 3003 daemon
2246 2965 2342 3017 per
2399 2965 2522 3005 ossa
2575 2961 2898 3019 compuncta
2950 2951 3190 3008 furorem
3238 2956 3563 3019 accendens,

1980 3043 2043 3093 'et
2075 3043 2292 3094 easdem
2326 3041 2588 3111 pecunias
2630 3045 2697 3096 ad
2745 3053 3040 3112 utramque
3084 3053 3290 3114 partem
3331 3047 3565 3101 transfe-

1982 3147 2129 3187 rens.
2160 3131 2316 3187 Μοόο
2363 3134 2518 3188 eﬂ‘ert
2563 3134 2709 3188 hunc
2763 3135 3015 3200 victoria,
3063 3137 3223 3191 modo
3271 3137 3344 3191 illi
3397 3139 3566 3192 tristi-

294 3224 394 3278 νῦν
440 3224 628 3276 τοῦτον
681 3223 919 3293 ἐπαίρων
965 3226 1030 3293 τῇ
1080 3223 1235 3295 νίκῃ,
1293 3221 1528 3290 κάκείνῳ
1578 3221 1879 3291 κατήφειαν

1985 3225 2112 3278 tiam
2139 3236 2288 3280 creat
2313 3242 2327 3290 ;
2367 3241 2556 3280 rursus
2580 3237 2760 3280 autem
2790 3226 2938 3280 illum
2969 3230 3395 3297 superbientem,
3421 3231 3564 3286 hunc

297 3316 563 3386 ἐμποιῶν,
594 3315 756 3368 πάλιν
805 3315 861 3367 δὲ
909 3317 1112 3368 ἐκεῖνον
1160 3313 1469 3382 γαυριῶντα
1509 3312 1743 3375 δεικνὺς,
1788 3313 1881 3365 καὶ

296 3405 486 3459 τοῦτον
521 3405 970 3477 κατῃσχυμμένον
999 3404 1130 3475 (97).
1165 3403 1229 3454 Τί
1260 3402 1450 3471 ὄφελος
1489 3401 1770 3472 νηστεύειν
1802 3401 1881 3472 τῷ

299 3495 534 3566 σώματι,
563 3496 660 3567 τὴν
693 3496 749 3547 δὲ
784 3495 958 3566 ψυχὴν
992 3495 1198 3566 μυρίων
1233 3493 1418 3546 κακῶν
1457 3491 1877 3562 ἐμπεπλῆσθαις

309 3588 368 3641 Ὀ
399 3588 474 3658 μὴ
501 3587 766 3651 κυϐεύων,
799 3587 992 3658 σχολὴν
1019 3587 1073 3640 δὲ
1106 3585 1278 3649 ἄλλως
1313 3585 1482 3654 ἄγων,
1519 3584 1571 3637 τί
1607 3585 1668 3637 οὑ
1717 3583 1881 3653 φθέγ-

293 3696 452 3747 γεται
494 3679 601 3732 τῶν
637 3679 917 3749 ματαίων;
966 3677 1020 3729 τί
1058 3677 1158 3728 οὑκ
1211 3675 1398 3729 ἀκούει
1448 3675 1556 3728 τῶν
1619 3675 1876 3739 ἀτόπων;

292 3772 468 3843 Σχολὴ
489 3772 596 3844 γὰρ
625 3772 752 3826 ἄνευ
776 3771 937 3839 φόϐου
969 3769 1102 3822 Θεοῦ
1130 3769 1394 3840 πονηρίας
1421 3767 1738 3830 διδάσκαλος
1766 3769 1878 3831 τοῖς

292 3863 714 3936 ἀκαιρουμένοις
751 3862 887 3914 ἐστὶ.
925 3861 1078 3931 Τάχα
1130 3861 1226 3930 μὲν
1267 3855 1360 3912 οὖν
1388 3877 1441 3912 τι
1472 3859 1566 3912 καὶ
1601 3859 1791 3928 ὄφελος
1820 3862 1878 3912 ἐν

289 3957 405 4018 τοῖς
437 3955 750 4024 λεγομένοις
775 3955 1067 4025 εὑρήσεται
1095 3953 1234 4024 (98)·
1265 3954 1311 4005 εί
1338 3953 1395 4006 δὲ
1432 3951 1528 4023 μὴ,
1557 3952 1691 4006 ἀλλά
1722 3953 1784 4005 τό
1812 3969 1877 4020 γε

294 4047 372 4117 μὴ
416 4046 748 4117 ἁμαρτάνειν
797 4046 860 4098 ἐκ
907 4045 1006 4115 τῆς
1050 4042 1286 4096 ἐνταῦθα
1326 4043 1454 4113 ὑμῖν
1501 4041 1755 4112 ἀσχολίας
1782 4059 1878 4095 πε-

295 4137 518 4207 ρίεστιν.
545 4137 709 4190 ’Ὥστε
738 4137 800 4189 τὸ
828 4137 920 4188 ἐπὶ
937 4137 1100 4189 πλέον
1123 4136 1396 4206 κατέχειν,
1423 4136 1515 4187 ἐπὶ
1544 4135 1705 4187 πλέον
1729 4135 1877 4187 ἐστὶν

293 4228 439 4297 ὑμᾶς
458 4229 564 4282 τῶν
588 4229 770 4282 κακῶν
795 4227 1104 4296 ὑπεξάγειν.
1145 4228 1326 4281 Ἱκανά
1351 4228 1491 4301 [καὶ]
1522 4227 1589 4281 τὰ
1609 4229 1731 4299 είρη
1741 4229 1876 4298 μένα

293 4317 594 4387 εὐγνώμονι
624 4322 803 4388 κριτῇ,
839 4320 934 4372 ἐὰν
979 4320 1051 4390 μή
1092 4337 1176 4384 τις
1225 4319 1360 4390 πρὸς
1391 4319 1484 4371 τὸν
1523 4317 1749 4372 πλοῦτον
1777 4318 1876 4386 τῆς

293 4409 524 4471 κτίσεως
545 4410 846 4480 ἀποϐλέπῃ,
868 4410 1004 4463 ἀλλά
1033 4410 1168 4481 πρὸς
1195 4411 1254 4462 τὸ
1288 4411 1385 4480 τῆς
1412 4409 1876 4481 ἡμετέραςιδυνά-

295 4517 440 4570 μεως
474 4498 716 4563 ἀσθενὲς.
752 4501 846 4553 καὶ
877 4500 1012 4571 πρὸς
1038 4500 1098 4552 τὸ
1128 4499 1402 4569 αὑταρκες
1430 4503 1510 4563 εἰς
1531 4501 1872 4570 εὐφροσύνην

289 4590 400 4644 τῶν
434 4591 885 4662 συνεληλυθότων.
928 4592 992 4644 Ἠ
1031 4592 1104 4661 γῆ
1151 4593 1295 4661 ὑμᾶς
1334 4594 1456 4653 ταῖς
1487 4593 1712 4654 οἰκείαις
1744 4591 1870 4662 βλά-

292 4698 446 4746 σταις
482 4683 591 4754 (99)
635 4682 986 4748 ἐδεξιώσατο·
1043 4685 1078 4754 ή
1134 4683 1376 4736 Θάλασσα
1429 4686 1541 4746 τοῖς
1586 4684 1811 4753 ἰχθύσιν,
1842 4686 1870 4737 ό

290 4777 400 4848 ἀὴρ
426 4780 535 4840 τοῖς
565 4780 803 4848 πτηνοῖς.
843 4776 1064 4846 Ἑτοίμη
1101 4777 1133 4844 ἡ
1162 4775 1354 4845 χέρσος
1397 4774 1636 4845 ὁμότιμα
1662 4775 1868 4839 τούτοις

288 4868 780 4936 ἀντεπιδείξασθαι.
824 4868 983 4922 Ἀλλὰ
1015 4865 1173 4920 τοῦτο
1208 4866 1403 4937 μέτρον
1433 4865 1572 4918 έστω
1592 4867 1689 4936 τῆς
1714 4867 1868 4920 έωθι⁶

364 4981 386 5012 ⁷
409 4979 552 5034 Psal.
581 4993 768 5041 xxxvr,
801 4977 854 5032 4.
928 4977 950 5008 ⁸
979 4975 1118 5031 Psal.
1151 4989 1306 5039 xvm,
1337 4977 1423 5030 IO.
1499 4978 1520 5008 °
1562 4975 1693 5030 ibid.
1734 4977 1818 5033 Η.

358 5093 466 5166 (95)
507 5094 752 5166 Quatuor
785 5110 918 5150 mss.
963 5094 1056 5166 καὶ
1083 5095 1184 5166 Δμὴ
1237 5093 1528 5166 ἀπιστῆτε,
1567 5093 1706 5148 Editi
1740 5111 1863 5148 cum

286 5163 394 5217 uno
428 5163 520 5218 aut
563 5165 734 5218 altero
780 5181 880 5218 ms.
911 5165 1005 5218 καὶ
1036 5163 1441 5236 μὴ’ἁπιστεῖτεζ
1475 5163 1596 5219 Mox
1625 5178 1864 5233 quatuor

288 5249 419 5288 mss.
451 5234 661 5289 Παῦλος
693 5236 850 5288 πᾶσι.
885 5237 1022 5289 Editi
1058 5252 1179 5288 cum
1213 5235 1345 5289 Rea.
1377 5235 1567 5289 quinto
1594 5235 1783 5288 ἆπασι.

288 5249 419 5288 mss.
451 5249 661 5298 υαυλος
693 5249 850 5288 πασι.
885 5249 1022 5289 [sum
1058 5252 1179 5288 cum
1213 5249 1345 5299 Reg.
1377 5249 1567 5303 quinto
1594 5249 1783 5288 απασι.

359 5303 469 5425 (94)
506 5305 579 5356 Ita
617 5305 765 5374 Regii
804 5307 1010 5374 primus
1035 5315 1090 5358 et
1111 5314 1294 5358 sextus
1326 5312 1381 5358 et
1410 5305 1559 5359 Colb.
1591 5307 1862 5360 secundus

288 5388 410 5425 cum
464 5373 605 5425 .XX.
638 5374 780 5425 Editi
829 5390 957 5425 vero
1001 5392 1122 5425 cum
1159 5374 1338 5425 Reeiis
1367 5377 1530 5425 tertio
1567 5388 1622 5425 et
1672 5386 1862 5425 octavo

287 5388 410 5426 cum
445 5373 605 5427 LXX.
638 5374 780 5427 Editi
808 5373 957 5428 vero
1001 5392 1122 5430 cum
1159 5374 1338 5442 Regiis
1367 5377 1530 5429 tertio
1567 5388 1622 5428 et
1672 5386 1862 5430 octavo

284 5445 382 5496 καὶ
412 5442 521 5529 δῴη
561 5461 662 5496 σοι.
695 5445 827 5516 Reg.
857 5448 1077 5516 quintus
1100 5446 1517 5515 κατατρύφησον
1535 5445 1615 5517 τῷ
1646 5446 1858 5516 Κυρίῳ,

286 5513 382 5567 καὶ
412 5513 570 5566 δωσει
605 5531 719 5567 σου.
1510 5553 1517 5560 -

286 5530 382 5567 και
412 5530 570 5566 οωσει
605 5531 719 5569 σου.
1510 5553 1517 5560 .

359 5583 475 5654 (95),
506 5583 597 5654 Sic
630 5585 789 5638 ambo
821 5587 950 5639 Duc.
979 5595 1034 5640 et
1061 5584 1149 5639 alii
1178 5593 1412 5654 quatuor
1433 5600 1554 5639 cum
1588 5585 1753 5640 LXX.
1787 5586 1859 5654 At

286 5654 414 5706 editi
464 5651 850 5723 ἐπιθυμητικά.
895 5656 1018 5710 Mox
1065 5651 1209 5710 editi'
1242 5655 1640 5720 ἀπολαυστικός
1692 5674 1775 5719 τις
1807 5653 1861 5709 εἷ

287 5723 404 5796 καίΣ
427 5721 664 5796 δί-Ιιξιὶμτις
694 5721 764 5790 εἷ,
793 5727 1063 5780 desuntjn
1099 5740 1191 5780 sex
1218 5742 1362 5796 (mss.

359 5793 470 5863 (96)
514 5791 604 5848 Sic
647 5797 882 5863 quinque
914 5811 1041 5852 mss.
1090 5795 1232 5851 Editi
1266 5811 1390 5850 cum
1430 5794 1584 5852 Colb.
1617 5795 1858 5853 secundo

1981 3333 2114 3372 vero
2164 3319 2576 3372 erubescentem
2628 3319 2826 3373 reddit.
2883 3319 3019 3385 Quid
3069 3323 3308 3389 prodest,
3358 3337 3562 3390 quaeso,

1982 3423 2210 3476 corpore
2257 3409 2524 3478 jejunare,
2569 3411 2805 3463 animam
2864 3425 2993 3464 vero
3041 3411 3344 3466 innumeris
3403 3414 3563 3467 malis

1984 3500 2237 3554 refertam
2281 3500 2444 3554 esse?
2485 3501 2585 3565 Qui
2629 3516 2758 3556 vero
2807 3502 3024 3557 tesseris
3068 3515 3173 3555 non
3217 3501 3372 3565 ludit,
3423 3503 3560 3556 alias

1981 3577 2160 3643 autem
2204 3591 2371 3644 otium
2413 3594 2541 3660 agit,
2593 3592 2721 3660 quid
2768 3609 2874 3646 non
2925 3593 3169 3661 loquitur
3214 3595 3384 3647 vani?
3429 3595 3559 3664 quid

1983 3683 2202 3737 absurdi
2270 3699 2377 3738 non
2436 3685 2746 3739 auscultat?
2799 3685 2933 3739 Nam
2986 3687 3180 3750 otium,
3227 3686 3321 3740 Dei
3363 3688 3562 3742 timore

1979 3773 2318 3838 destitutum,
2344 3774 2432 3839 iis,
2479 3777 2570 3843 qui
2613 3786 2854 3844 tempore
2891 3776 2966 3829 uti
3018 3791 3122 3830 non
3172 3787 3390 3844 norunt,
3443 3793 3558 3831 ma-

1979 3865 2148 3933 gister
2175 3876 2260 3918 est
2289 3865 2594 3933 pravitatis.
2632 3866 2904 3919 Fortassis
2956 3866 3120 3936 igitur
3167 3867 3344 3932 aliqua
3393 3869 3554 3920 etiam

1982 3955 2191 4010 utilitas
2231 3971 2297 4010 ex
2330 3957 2397 4011 iis
2430 3973 2548 4026 qum
2574 3958 2850 4023 dicuntur,
2881 3958 3224 4027 percipienda
3250 3959 3404 4012 vobis
3432 3970 3513 4012 est
3540 3977 3554 4012 :

1981 4047 2062 4100 sin
2095 4047 2293 4111 minus,
2325 4045 2515 4100 saltem
2550 4045 2676 4100 licet
2710 4047 2865 4101 vobis
2899 4062 2995 4115 per
3031 4056 3350 4113 praesentem
3395 4064 3556 4100 occu-

1977 4135 2246 4204 pationem
2277 4150 2380 4190 non
2420 4151 2669 4205 peccare.
2708 4137 2887 4203 Quare
2921 4138 3122 4191 diutius
3152 4152 3244 4192 vos
3289 4139 3553 4200 detinere,

1977 4237 2062 4280 eat
2085 4229 2288 4282 diutius
2320 4241 2410 4282 vos
2463 4244 2491 4282 a
2546 4227 2758 4284 delictis
2801 4246 3073 4286 amovere.
3126 4233 3382 4285 Attamen
3433 4245 3553 4299 qua:

1979 4330 2275 4374 memorata
2334 4332 2480 4385 sunt,
2544 4323 2678 4376 satis
2733 4334 2857 4377 sunt
2904 4339 3058 4392 {equo
3115 4325 3449 4385 :estimatori,
3509 4325 3552 4376 si

1981 4413 2144 4465 modo
2177 4427 2285 4465 non
2320 4413 2576 4482 respiciat
2604 4413 2727 4483 quis
2755 4416 2820 4468 ad
2853 4415 3071 4470 divitias
3096 4417 3405 4481 creationis,
3458 4416 3550 4467 sed

1977 4502 2040 4553 ad
2084 4514 2393 4556 nostrarum
2444 4504 2641 4556 virium
2681 4502 3129 4564 imbecillitatem,
3160 4514 3214 4557 et
3246 4505 3312 4555 ad
3339 4519 3399 4557 ea
3432 4519 3551 4582 quze

1980 4591 2271 4660 voluptatis
2329 4609 2460 4663 ergo
2521 4593 2967 4648 cuuvenientibus
3011 4593 3258 4648 sullicerc
3304 4603 3547 4662 possunt.

1977 4681 2202 4750 Excepit
2250 4700 2346 4739 vos
2386 4685 2674 4739 continens
2713 4686 2948 4754 prepriis
3000 4685 3351 4754 germinibus,
3397 4702 3548 4740 mare

1976 4775 2234 4840 piscibus,
2266 4791 2359 4830 aer
2388 4777 2715 4831 volatilibus.
2764 4777 2962 4830 Parata
2989 4785 3072 4830 est
3107 4783 3251 4829 terra
3291 4791 3387 4830 sua
3431 4777 3549 4830 vit-e

1975 4867 2043 4923 iis
2072 4883 2174 4922 non
2206 4870 2433 4937 imparia
2472 4870 2754 4926 exhibere.
2797 4870 2906 4924 Sed
2950 4869 3040 4924 hic
3085 4867 3207 4924 ﬁnis
3249 4870 3549 4940 modusque

1963 5096 2410 5170 διαδραμοῦνται.
2445 5099 2562 5152 Mox
2596 5100 2765 5170 editio
2810 5099 2973 5154 Basil.
3025 5109 3080 5152 et
3135 5100 3371 5170 quinque
3410 5116 3542 5157 mss.

1961 5166 2173 5242 δαίμων
2191 5187 2344 5242 χιταρ.
2384 5171 2563 5242 Editio
2595 5169 2767 5242 Paris.
2799 5171 3007 5242 δαίμων
3033 5188 3116 5225 τε.

2035 5240 2146 5307 (97)
2187 5240 2326 5292 Editi
2359 5255 2479 5293 cum
2512 5240 2668 5295 Colb.
2708 5240 2945 5294 secundo
2975 5252 3029 5294 et
3061 5256 3183 5296 cum
3216 5241 3349 5308 Reg.
3378 5243 3539 5296 tertio

1962 5307 2197 5382 δεικνὺς,
2233 5310 2481 5382 κάκεῖνον
2501 5327 2662 5382 κατῃ.
2705 5313 2804 5364 Alii
2837 5322 2946 5366 tres
2979 5327 3106 5364 mss.
3143 5307 3380 5382 melioris
3406 5322 3544 5382 uota:

1959 5377 2172 5443 δεικνὺς
2205 5383 2300 5434 καὶ
2334 5380 2539 5434 τοῦτον.
2579 5377 2770 5433 Statim
2804 5385 2972 5436 codex
2994 5381 3237 5436 (Jombel‘.
3263 5397 3386 5435 cum
3407 5381 3538 5450 Reg.

1958 5462 2150 5522 octavo
2179 5451 2368 5504 κακῶν
2399 5451 2795 5522 ἐμπίπλασθαι.

2002 5520 2144 5643 ί(98)
2178 5522 2310 5592 Reg.
2345 5520 2561 5592 quintus
2606 5523 2890 5593 εὑρήσετε.
2939 5521 3092 5576 Colb.
3136 5522 3408 5578 secundus
3445 5522 3539 5578 εὑ-

2023 5607 2229 5643 σκεται.

2023 5607 2229 5646 σκεται.

1964 5607 2316 5735 ριῗξὲἷαίίες.
2342 5662 2549 5732 primus
2579 5662 2930 5735 coig‘oixsfmg
2947 5661 3225 5735 βλάστοις.
3250 5663 3542 5735 Aliquanto

1961 5745 2082 5801 pOSt
2119 5733 2270 5788 Colb.
2307 5731 2576 5790 secundus
2609 5731 2818 5797 τούτοις
2848 5731 2968 5786 τινὰ
3000 5733 3188 5786 ἀντεπ.
