4082 6218
489 354 594 410 187

1809 357 1867 411 S.
1914 355 2154 411 BASILII
2197 354 2413 410 MAGNI

3654 355 3761 410 188

485 483 607 528 esto
632 475 880 528 matutini
913 473 1072 529 istius
1117 473 1376 536 convivii,
1419 484 1480 528 ut
1529 489 1594 529 ne
1633 476 1857 530 satietas
1896 476 2060 530 nimia

2177 477 2262 546 ιῆς
2297 475 2614 536 ἑστιάσεως,
2643 476 2729 526 ἰνα
2767 472 2840 544 μὴ
2886 474 2915 526 ὁ
2953 471 3305 544 ὑπερϐάλλων
3342 471 3506 544 κόρος
3539 470 3746 543 ἀμϐλυ-

489 563 793 618 hebetiores
829 579 923 619 vos
952 565 1018 618 ad
1052 567 1388 635 vespertinas
1415 566 1603 636 epulas
1638 567 1750 637 80
1776 573 2064 626 sumendas

489 655 708 709 eﬂiciat.
735 655 905 711 Porro
933 657 1025 726 qui
1061 673 1157 711 sua
1201 659 1478 712 creatione
1527 661 1706 713 omnia
1754 661 2063 730 complevit,

491 757 656 814 atque
689 747 740 800 in
787 748 1042 803 omnibus
1082 749 1365 818 perspicua
1408 749 1792 804 miraculorum
1841 766 2062 806 suorum

488 849 845 894 monumenta
901 841 1057 895 nobis
1106 840 1363 909 reliquit,
1421 841 1627 909 repleat
1676 843 1839 898 corda
1885 854 2066 898 vestra

487 943 632 995 omni
668 941 851 995 lmtilia
881 943 1132 1011 spiritali,
1173 944 1224 997 in
1257 942 1474 996 Christo
1526 937 1652 992 Jesu
1693 939 1922 993 Domino
1960 952 2063 991 no-

490 1041 625 1097 stro,
657 1035 741 1087 cui
776 1035 944 1103 gloria
974 1045 1029 1090 et
1059 1035 1341 1105 imperium
1372 1034 1426 1087 in
1457 1031 1653 1087 saecula
1720 1029 2059 1085 saeculorum.

489 1128 682 1184 Amen.

1079 1365 1356 1422 IIOMILIA
1397 1365 1488 1419 IX.

1048 1459 1122 1511 De
1155 1460 1513 1512 terrestribus.

569 1550 615 1602 1.
647 1548 834 1615 Qualis
871 1549 1020 1605 vobis
1064 1551 1326 1603 matutina
1369 1563 1678 1604 sermonum
1735 1563 1918 1603 mensa
1958 1547 2072 1602 visa

494 1640 616 1693 est?
677 1639 808 1692 Mihi
865 1640 1116 1708 equidem
1172 1641 1320 1693 venit
1379 1641 1429 1692 in
1486 1649 1718 1693 mentem
1772 1639 2072 1692 orationem

495 1744 669 1781 meam
701 1745 822 1782 cum
864 1731 1114 1797 pauperis
1163 1729 1443 1798 cujusdam
1491 1728 1858 1784 convivatoris
1907 1729 2074 1783 bene-

493 1821 728 1874 volentia
761 1836 1078 1891 comparare
1109 1840 1120 1875 :
1155 1823 1248 1892 qui
1292 1823 1418 1875 dum
1468 1821 1610 1874 inter
1646 1835 1740 1875 eos
1782 1821 1874 1889 qui
1921 1835 2073 1874 men-
2104 1853 2146 1907 Β

494 1925 583 1964 sas
612 1911 836 1980 opipare
881 1920 1191 1976 exstruunt,
1247 1911 1519 1964 numerari
1568 1912 1733 1979 cupit,
1773 1910 1843 1964 ob
1889 1924 2070 1963 rerum

493 2011 928 2070 suinptuosarum
975 2004 1255 2070 penuriam
1302 2017 1537 2057 interore
1579 2002 1741 2056 allicit
1766 2004 2066 2058 convivas:

494 2101 716 2159 propter
783 2107 846 2146 ea
909 2094 1051 2162 quod
1117 2108 1315 2147 mensae
1394 2106 1713 2161 apparatum
1781 2107 2070 2162 pauperem

495 2183 778 2239 aliiuenter
833 2185 1018 2249 infert,
1079 2186 1213 2239 adeo
1258 2197 1316 2238 ut
1365 2188 1416 2240 in
1467 2187 1678 2255 ineptiae
1725 2186 1980 2254 probrum
2023 2185 2072 2240 ei

494 2277 614 2345 ejus
641 2277 864 2330 ambitio
889 2277 1064 2330 cedat.
1094 2277 1246 2331 Esset
1273 2287 1422 2332 certe
1449 2277 1554 2332 tale
1587 2275 1790 2344 aliquid
1833 2275 1947 2330 limc
1985 2291 2074 2329 no-

499 2377 610 2420 stra
643 2368 834 2435 agendi
865 2368 1020 2432 ratio,
1046 2367 1146 2420 nisi
1175 2383 1270 2422 vos
1287 2368 1416 2436 quid
1472 2367 1614 2421 aliud
1647 2369 1849 2424 dicitis.
1875 2367 2071 2421 Verum

497 2461 892 2532 qualiacunque
933 2463 1148 2515 tandem
1197 2463 1306 2516 sint
1363 2463 1495 2526 haec,
1551 2462 1869 2532 neutiquam
1919 2462 2074 2516 vobis

496 2563 622 2606 sunt
683 2554 1005 2623 spernenda.
1067 2553 1251 2623 Neque
1295 2555 1436 2608 enim
1484 2555 1733 2610 Elisaaum
1776 2566 1835 2610 ut
1875 2557 2072 2609 malum

496 2645 904 2699 convivatorem
930 2647 1321 2700 aversabantur
1339 2647 1412 2700 illi
1433 2648 1753 2715 quibuscum
1774 2647 2006 2708 vivebat,
2022 2655 2078 2700 et

498 2746 677 2792 tamen
703 2737 943 2793 oleribus
975 2739 1311 2794 silvestribus
1337 2741 1646 2809 excipiebat
1679 2740 1904 2795 amicos.
1938 2737 2074 2793 Novi

497 2829 644 2898 leges
668 2829 964 2897 allegorias,
986 2831 1198 2885 etiamsi
1222 2847 1317 2886 eas
1337 2847 1441 2885 non
1465 2848 1532 2886 ex
1559 2847 1646 2885 me
1668 2831 1784 2900 ipso
1803 2831 2077 2900 excogita-

496 2921 624 2986 riin,
651 2922 745 2975 sed
795 2922 848 2975 in
892 2923 1120 2976 aliorum
1170 2923 1449 2976 inciderint
1485 2923 1717 2978 labores.
1746 2921 1894 2988 Quas
1927 2921 2076 2975 Scrio

496 3023 778 3084 pturarum
812 3030 1136 3070 communes
1187 3018 1434 3069 notiones
1466 3015 1560 3084 qui
1606 3030 1709 3069 non
1752 3014 2076 3085 suscipiunt,

498 3119 694 3172 aquam
741 3120 844 3158 non
890 3119 1085 3173 aquam
1117 3105 1322 3172 dicunt,
1346 3106 1439 3160 sed
1474 3105 1634 3159 aliam
1669 3105 1958 3175 quamdam
1990 3121 2080 3159 na-

2170 563 2360 631 τέρους
2394 565 2538 634 ὑμᾶς
2563 565 2700 635 πρὸς
2729 565 2826 636 τὴν
2853 564 2961 621 τῶν
2988 563 3290 634 ἐσπερινῶν
3320 563 3624 616 ἀπόλαυσιν
3651 581 3756 616 κα-

2170 660 2435 732 ταστήσῃ.
2491 659 2548 712 ’0
2601 659 2658 712 δὲ
2709 660 2786 713 τά⁴
2831 659 3008 714 πάντα
3059 655 3353 728 πληρώσας
3398 658 3500 728 τῆς
3556 656 3758 711 ἑαυτοῦ

2173 751 2420 815 κτίσεως,
2457 752 2550 804 καὶ
2583 753 2642 804 ἐν
2670 752 2835 804 πᾶσιν
2878 753 3009 822 ἡμῖν
3054 749 3163 803 τῶν
3209 749 3425 803 οἰκείων
3458 749 3759 820 θαυμάτων

2171 842 2373 914 ἐναργῆ
2429 842 2498 895 τὰ
2549 843 2918 913 ὑπομνήματα
2974 839 3307 905 καταλιπὼν,
3353 839 3640 910 πληρούτω
3675 838 3758 908 (1)

2172 933 2326 1003 ὑμῶν
2362 932 2462 997 τὰς
2503 934 2728 1004 καρδίας
2764 934 2946 1005 πάσης
2991 933 3329 1004 εὐφροσύνης
3372 932 3759 1002 πνευματικῆς

2171 1027 2228 1079 ἐν
2261 1027 2480 1097 Χριστῷ
2521 1027 2694 1098 Ἰησοῦ
2725 1027 2802 1098 τῷ
2833 1027 3022 1100 Κυρίῳ
3051 1026 3228 1098 ἡμῶν,
3263 1019 3308 1095 ᾧ
3339 1028 3372 1098 ὴ
3413 1025 3538 1090 δόξα
3574 1027 3671 1081 καὶ⁹
3694 1025 3760 1081 τὺ

2178 1119 2378 1191 κράτος
2408 1123 2490 1184 εἰς
2515 1121 2642 1185 τοὺς
2665 1121 2864 1185 αἰῶνας
2885 1120 2992 1174 τῶν
3017 1119 3248 1174 αἰώνων.
3290 1119 3479 1190 Ἀμήν.
3555 1165 3560 1168 .

3670 1176 3746 1188 ,_.

2803 1360 3046 1412 OMIAIA
3077 1360 3154 1413 Θ’.

2671 1453 2810 1522 Περὶ
2835 1455 3130 1524 χερσαίων
3159 1455 3255 1522 (Ξ).

2245 1548 2296 1601 1.
2336 1547 2460 1610 Πῶς
2493 1547 2620 1618 ὑμῖν
2659 1548 2691 1618 ὴ
2727 1548 2920 1617 ἑωθινὴ
2957 1548 3064 1600 τῶν
3119 1548 3289 1616 λόγων
3327 1547 3575 1620 τράπεζα
3621 1565 3760 1603 κατ-

2173 1640 2388 1709 εφάνη;
2433 1640 2586 1709 Ἐμοὶ
2619 1639 2714 1710 μὲν
2747 1637 2856 1710 γὰρ
2900 1638 3134 1710 ἐπῆλθεν
3175 1640 3391 1694 εἰκάσαι
3420 1639 3756 1711 τάὶέμαυτοῦ
3847 1685 3860 1699 ,

2174 1731 2404 1802 πένητός
2432 1749 2574 1795 τινος
2615 1731 2926 1803 ἑστιάτορος
2957 1731 3343 1804 φιλοφροσύνῃ·
3390 1733 3468 1798 ὃς,
3506 1732 3616 1785 τῶν
3662 1733 3760 1786 εὐ-

2173 1823 2461 1895 τραπέλων
2515 1841 2598 1887 τις
2655 1818 2794 1877 εἶναι
2850 1822 3328 1895 φιλοτιμούμενος,
3389 1825 3592 1897 ἀπορίᾳ
3641 1823 3757 1877 τῶν

2178 1915 2646 1987 πολυτελεστέρων
2706 1915 2991 1968 ἀποκναίει
3057 1916 3182 1978 τοὺς
3239 1915 3602 1987 δαιτυμόνας,
3655 1915 3758 1986 τὴν

2177 2006 2439 2077 πενιχρὰν
2495 2007 2850 2078 παρασκευὴν
2903 2007 3138 2076 δαψιλῶς
3190 2008 3464 2079 ἐπιφέρων
3505 2011 3569 2078 τῇ
3617 2024 3757 2077 τρα-

2177 2099 2316 2173 πέζῃ
2344 2115 2356 2128 ·
2404 2099 2544 2152 ὥστε
2591 2099 2972 2171 περιίστασθαι
3030 2099 3178 2170 αὑτῷ
3239 2102 3319 2164 εἰς
3370 2099 3760 2171 ἀπειροκαλίας

2175 2191 2375 2254 ὃνειδος
2405 2190 2464 2244 τὸ
2498 2191 2800 2262 φιλότιμον.
2837 2190 3088 2244 Τοιοῦτον
3117 2191 3181 2262 δή
3231 2209 3284 2245 τι
3322 2193 3415 2244 καὶ
3453 2191 3513 2244 τὸ
3555 2191 3760 2262 ἡμέτε-

2179 2303 2291 2356 ρον,
2327 2287 2375 2337 εἰ
2413 2287 2485 2355 μή
2524 2303 2576 2338 τι
2623 2285 2782 2354 ὑμεῖς
2823 2285 2950 2338 ἄλλο
2987 2284 3192 2352 λέγετε.
3248 2283 3396 2356 Πλὴν
3433 2284 3592 2337 ὁποῖά
3634 2283 3759 2335 ποτ’

2175 2375 2242 2429 ἂν
2325 2376 2423 2444 (5),
2447 2377 2546 2429 οὐκ
2576 2374 2955 2440 ἐξουδενωτέον
2976 2376 3125 2446 ὑμῖν.
3152 2375 3287 2429 Οὐδὲ
3310 2373 3417 2445 γὰρ
3455 2374 3766 2426 Ἐλισσαῖον

2177 2468 2259 2531 ὠς
2289 2467 2489 2537 φαῦλον
2519 2468 2807 2538 ἑστιάτορα
2833 2466 3176 2538 παρῃτοῦντο
3208 2467 3257 2520 οί
3280 2466 3422 2531 τότε,
3458 2466 3552 2518 καὶ
3583 2463 3765 2517 ταῦτα

2177 2558 2428 2628 λαχάνοις
2472 2559 2683 2630 ἀγρίοις
2739 2558 3002 2612 ἑστιῶντα
3056 2560 3182 2622 τοὺς
3235 2556 3440 2626 φίλους.
3494 2551 3624 2609 Οἶδα
3667 2555 3761 2607 νό-
3823 2546 3834 2552 ’

2181 2665 2314 2718 μους
2345 2648 2692 2719 ἀλληγορίας,
2719 2649 2768 2700 εἰ
2813 2649 2908 2701 καί⁹
2951 2648 3024 2720 μὴ
3062 2646 3137 2719 (4)
3169 2647 3310 2718 ,παρ’
3339 2645 3578 2716 ἐμαυτοῦ
3600 2644 3760 2709 ἐξευ-

2183 2740 2310 2812 ρὼν,
2351 2741 2487 2794 ἀλλά
2529 2744 2640 2804 τοῖς
2674 2740 2802 2810 παρ’
2843 2740 3041 2810 ἑτέρων
3084 2737 3480 2808 πεπονημένοις
3526 2753 3762 2808 περιτυ-

2179 2832 2309 2904 χών.
2347 2835 2444 2896 "Ag
2461 2835 2508 2886 οἰ
2537 2835 2610 2904 μὴ
2627 2832 3047 2904 καταδεχόμενοι
3062 2832 3160 2894 τὰς
3179 2830 3365 2894 κοινάς
3385 2830 3492 2884 τῶν
3512 2847 3764 2902 γεγραμ-

2183 2926 2357 2997 μένων
2391 2925 2596 2988 ἐννοίας
2621 2925 2682 2977 τὸ
2708 2923 2850 2996 ὕδωρ
2880 2925 2978 2995 οὐχ
3007 2923 3151 2995 ὕδωρ
3178 2923 3444 2991 λέγουσιν·
3479 2922 3616 2976 ἀλλά
3636 2938 3766 2979 τινα

2179 3016 2343 3087 ἀλλην
2373 3015 2530 3084 φύσιν
2565 3015 2662 3086 (5),
2700 3014 2794 3068 καὶ
2827 3014 2992 3082 φυτὸν
3039 3015 3134 3068 καὶ
3172 3014 3322 3084 ἰχθὺν
3364 3014 3498 3086 πρὸς
3535 3013 3596 3066 τὸ
3623 3013 3760 3066 ἑαυ-

2179 3107 2289 3170 τοῖς
2342 3104 2530 3159 δοκοῦν
2570 3103 2952 3176 ἑρμηνεύουσι,
2992 3104 3087 3156 καὶ
3133 3101 3379 3174 ἑρπετῶν
3420 3103 3634 3170 γένεσιν
3659 3103 3763 3156 καὶ

502 3207 700 3261 turam,
744 3208 798 3251 et
827 3197 1064 3266 plantam
1099 3207 1153 3252 et
1181 3199 1382 3267 piscem
1428 3197 1722 3254 secundum
1756 3212 1907 3250 suam
1938 3197 2075 3265 ipso«

2184 3199 2387 3270 θηρίων
2421 3198 2516 3251 ἐπὶ
2541 3197 2638 3262 τὰς
2673 3197 2879 3260 οἰκείας
2908 3195 3161 3259 ὑπονοίας
3190 3195 3637 3267 παρατρέψαντες
3667 3194 3762 3260 ἑξ-

502 3306 622 3344 ruin
677 3291 1006 3345 sententiam
1054 3290 1501 3361 interpretantur.
1528 3292 1665 3358 Quin
1708 3290 1872 3344 etiam
1916 3291 2081 3358 repti-

500 3378 631 3433 lium
682 3388 734 3434 et
787 3395 1044 3450 pecorum
1095 3381 1495 3451 generationem
1539 3382 1605 3434 ad
1639 3394 1764 3434 suas
1797 3379 2081 3450 allegorias

502 3475 773 3527 detortam
815 3473 1039 3540 perinde
1069 3483 1366 3542 exponunt,
1397 3483 1455 3526 ut
1495 3474 1712 3542 quidam
1745 3486 1928 3526 rerum
1959 3486 2081 3526 sese

502 3564 876 3635 imaginationi
908 3580 1004 3635 per
1035 3580 1286 3619 somnum
1321 3565 1696 3630 objicientium
1733 3565 2077 3634 interpretes,

502 3657 596 3725 qui
629 3672 753 3712 suas
787 3657 1266 3726 interpretationes
1315 3657 1380 3712 ad
1423 3658 1702 3726 proprium
1736 3673 1958 3727 scopum
1989 3673 2081 3712 ac-

503 3751 871 3806 commodant.
922 3750 1034 3822 Ego
1085 3765 1216 3804 vero
1265 3765 1388 3804 cum
1438 3748 1621 3804 fenum
1675 3751 1856 3814 audio,
1899 3749 2078 3804 fenum

503 3841 779 3911 intelligo;
825 3849 879 3894 et
903 3840 1164 3910 plantam,
1200 3850 1253 3894 et
1285 3842 1508 3908 piscem,
1546 3849 1600 3894 et
1637 3841 1864 3894 bestiam
1901 3849 1956 3894 et
1996 3855 2084 3908 pe-

502 3948 624 3998 cus,
668 3935 851 3988 omnia
893 3933 968 3986 uti
1017 3934 1158 3988 dicta
1205 3943 1352 3997 sunt,
1385 3933 1464 3987 sic
1509 3932 1734 4000 accipio.
1781 3931 1905 3986 Non
1941 3933 2080 3986 enim

499 4025 748 4078 erubesco
788 4023 1130 4093 Evangelium
1159 4024 1226 4077 ιθ.
1261 4022 1447 4092 Neque
1479 4024 1734 4092 quoniam
1771 4024 1864 4092 qui
1899 4038 1985 4077 res
2014 4023 2080 4078 ad

503 4115 763 4166 mundum
799 4113 1134 4180 pertinentes
1174 4113 1568 4181 conscripsere,
1603 4113 1770 4166 multa
1809 4115 1876 4168 de
1923 4121 2080 4167 terra!

503 4205 693 4274 ﬁguris
746 4205 1144 4269 disseruerunt,
1186 4216 1366 4259 utrum
1419 4215 1560 4258 terra
1616 4205 1825 4273 sphwra
1882 4205 1974 4269 sit,
2011 4220 2078 4258 an

502 4296 804 4366 cylindrus,
837 4307 1016 4351 utrum
1045 4299 1117 4352 sit
1146 4297 1299 4352 disco
1328 4298 1522 4352 similis
1554 4307 1610 4351 et
1635 4313 1702 4352 ex
1729 4312 1884 4366 aequo
1911 4299 2082 4352 unde-

503 4387 635 4441 libet
677 4397 913 4452 tornata,
945 4403 1012 4442 an
1055 4389 1290 4458 speciem
1342 4389 1538 4444 habeat
1589 4389 1775 4452 vanni,
1811 4391 1987 4458 sitque
2027 4391 2078 4444 in

503 4480 682 4535 medio
719 4496 951 4535 concava
979 4482 1264 4552 (nimirum
1300 4482 1364 4535 ad
1405 4483 1502 4537 bas
1546 4497 1738 4536 omnes
1785 4483 2080 4536 sententias

2182 3291 2466 3362 ηγοῦνται,
2509 3290 2697 3362 ῶσπερ
2737 3291 2786 3343 οἰ
2831 3291 3193 3361 όνειροκρῖται
3237 3288 3346 3342 τῶν
3385 3287 3658 3357 φανέντων
3699 3289 3760 3339 ἐν

2181 3383 2303 3443 ταῖς
2334 3379 2454 3434 καθ’
2481 3378 2647 3434 ὕπνον
2685 3379 3001 3449 φαντασίαις
3032 3379 3167 3450 πρὸς
3201 3378 3294 3432 τὸν
3325 3380 3523 3434 οἰκεῖον
3555 3377 3763 3432 σκοπὸν

2181 3470 2279 3535 τὰς
2302 3470 2587 3542 ἐξηγήσεις
2615 3469 2946 3541 ποιούμενοι.
2992 3469 3132 3537 Ἐγὼ
3163 3469 3240 3533 δὲ,
3275 3469 3469 3540 χόρτον
3495 3467 3758 3531 ἀκούσας,

2183 3563 2372 3633 χόρτον
2416 3563 2541 3623 νοῶ,
2581 3562 2674 3615 καὶ
2718 3561 2901 3630 φυτὸν,
2930 3552 3044 3614 ’καὶ
3089 3559 3260 3630 ἰχθὺν,
3296 3561 3390 3613 καὶ
3417 3558 3624 3630 θηρίον,
3661 3559 3762 3612 καὶ

2182 3654 2400 3723 κτῆνος,
2455 3654 2630 3707 πάντα
2669 3653 2780 3723 (6),
2827 3651 2902 3715 ὡς
2941 3651 3176 3722 εἴρηται,
3220 3649 3392 3714 οὕτως
3441 3649 3758 3720 ἐκδέχομαι.

2182 3747 2292 3799 Καὶ
2324 3746 2432 3815 γὰρ
2471 3748 2581 3799 οὐκ
2610 3745 3048 3813 ἐπαισχύνομαι
3092 3743 3157 3795 τὸ
3185 3741 3577 3812 Εὐαγγέλιον.
3623 3740 3764 3794 Οὐδὲ

2184 3840 2369 3910 ἐπειδὴ
2424 3841 2473 3893 οἱ
2513 3839 2582 3892 τὰ
2639 3838 2770 3909 περ).
2815 3837 3021 3907 κόσμου
3063 3835 3372 3906 γράψαντες
3415 3832 3583 3886 πολλά
3630 3833 3763 3904 περὶ

2185 3935 2479 4004 σχημάτων
2511 3934 2614 4002 γῆς
2645 3930 3018 4001 διελέχθησαν,
3055 3931 3164 3983 εἴτε
3197 3929 3402 4000 σφαῖρά
3442 3929 3609 3991 ἐστιν,
3646 3929 3760 3980 εἴτε

2182 4025 2484 4097 κύλινδρος,
2527 4025 2635 4076 εἴτε
2668 4023 2763 4076 καὶ
2799 4022 2968 4093 δίσκῳ
3006 4021 3154 4077 ἐστὶν
3196 4019 3443 4093 ἐμφερὴς
3473 4022 3506 4092 ἡ
3538 4019 3761 4100 γῆ,καί

2181 4117 2360 4184 ἐξίσου
2421 4115 2682 4170 πάντοθεν
2729 4113 2806 4187 (7)
2853 4115 3326 4185 ἀποτετόρνευται,
3385 4113 3417 4184 ἢ
3456 4097 3770 4182 λικνοεῖδ-ἧξ

2181 4209 2318 4272 ἐστι,
2348 4208 2441 4261 κα)⁵
2476 4197 2985 4278 μεσόκοιλος’(πρὺς
3029 4205 3208 4268 πάσας
3253 4204 3362 4276 γὰρ
3414 4203 3617 4267 ταύτας
3657 4203 3760 4266 τάς

2183 4300 2438 4362 ὑπονοίας
2489 4301 2538 4352 οἰ
2587 4297 2656 4350 τὰ
2683 4298 2757 4369 (8)
2788 4299 2917 4368 περὶ
2951 4295 3045 4350 τοῦ
3077 4296 3280 4367 κόσμου
3311 4296 3622 4367 γράψαντες
3655 4296 3761 4348 ὑπ-

2181 4393 2504 4464 ηνέχθησαν,
2530 4391 2598 4444 τὰ
2627 4390 2867 4462 ἀλλήλων
2893 4391 3120 4453 ἕκαστος
3145 4388 3544 4457 καταλύοντες),
3568 4389 3630 4442 οὐ
3654 4405 3761 4441 πα·-

2186 4483 2253 4552 ρά
2273 4482 2430 4536 τοῦτο
2463 4482 2878 4553 προαχθήσομαι
2918 4480 3247 4551 ἀτιμοτέραν
3278 4480 3450 4532 εἰπεῖν
3496 4478 3593 4548 τὴν
3617 4479 3760 4550 ἡμε-

501 4573 556 4626 hi
587 4573 674 4642 qui
710 4574 778 4628 de
808 4574 1010 4627 mundo
1053 4575 1344 4643 scripsere,
1374 4574 1575 4644 delapsi
1618 4583 1761 4638 sunt,
1799 4574 1887 4628 alii
1937 4576 2075 4630 alio-

2181 4577 2344 4646 τέραν
2374 4575 2752 4646 κοσμοποιίαν,
2803 4573 2987 4644 ἐπειδὴ
3023 4573 3174 4626 οὐδὲν
3217 4573 3346 4644 περ).
3384 4571 3676 4642 σχημάτων
3729 4571 3760 4622 ό

501 4679 620 4718 rum
672 4665 868 4735 placita
903 4666 1306 4738 dissolventes),
1338 4667 1542 4722 idcirco
1592 4667 1830 4721 adducar
1876 4675 1934 4720 ut
1981 4683 2078 4722 no-

575 4773 618 4804 ¹⁰
642 4773 800 4828 Rom.
832 4775 986 4839 1,16.

574 4863 648 4942 (1)
687 4865 913 4942 Codices
946 4883 1039 4921 sex
1073 4866 1380 4942 πληρώσαι,
1429 4877 1523 4922 aut
1565 4865 1872 4942 πληρῶσαι.
1899 4869 2076 4942 Editio

501 4935 674 5019 Paris.
725 4936 1013 5009 πληρώτω.
1078 4935 1209 5009 Rch
1271 4942 1491 5008 quintus
1537 4935 1880 4992 καταλείπων
1937 4940 2075 5011 πλη-

502 5022 684 5077 ρωσει.

565 5075 974 5156 g2)_ln~Regiis_
1010 5089 1165 5156 se_x_to
1209 5089 1264 5134 et
1305 5089 1502 5156 octavo
1536 5083 1683 5156 yie‘st
1729 5082 1821 5136 hic
1863 5081 2072 5156 titulus,

497 5147 593 5221 τοῦ
621 5147 788 5221 αυτοῦ
812 5150 899 5221 εἰς
926 5150 1024 5221 τὴν
1054 5151 1273 5204 Γένεσιν
1295 5150 1500 5220 ὁμιλία.
1536 5152 1749 5207 Titulus
1789 5150 1970 5221 nullus
1993 5163 2076 5205 est

496 5217 552 5271 in
579 5217 1056 5295 aliisquibusdam
1089 5237 1217 5295 mss.
1243 5217 1408 5295 (Soisl.
1442 5222 1647 5295 primus
1672 5222 1864 5295 ep.th
1885 5219 2069 5292 ἐνάτη.

570 5289 645 5359 (5)
687 5288 1104 5364 Quatuor_tnss.
1147 5293 1308 5345 ὁποῖά
1353 5291 1471 5344 ποτ’
1519 5290 1585 5344 ἂν
1631 5288 1738 5364 εἴη.
1774 5293 1910 5364 Editi
1951 5288 2073 5364 euut

498 5357 639 5435 Reg.
665 5357 992 5435 sexto
1027 5363 1224 5416 Ibidem
1256 5373 1491 5435 quatuor
1518 5377 1645 5435 mss.
1677 5357 2071 5431 ἐξουδενητέον.

497 5428 641 5483 Editi
678 5445 799 5483 cum
830 5428 981 5486 Coll}.
1015 5436 1252 5486 secundo
1273 5428 1689 5498 ἐξουδενωτέον.

570 5501 645 5586 (4)
663 5501 735 5552 Ita
763 5503 930 5586 editio
949 5501 1116 5586 Rasi'l;
1138 5519 1258 5586 cum
1287 5505 1526 5586 quinque
1549 5502 1880 5586 mss.‘Editio
1895 5499 2069 5554 Paris.

498 5569 657 5654 el'pﬁ'}
690 5569 804 5625 καί.
844 5573 1038 5627 Statim
1069 5573 1221 5629 Colb.
1258 5569 1526 5628 secundus
1552 5574 1737 5646 κοινάς
1757 5573 1865 5627 τῶν
1890 5588 2072 5642 γραμ-

501 5653 705 5706 ματων.

570 5709 648 5788 (δ)
687 5710 776 5788 Sic
813 5729 940 5766 mss.
995 5729 1136 5788 cum
1163 5713 1398 5788 editione
1428 5713 1636 5788 _Basil_._
1659 5713 1842 5770 Editio
1891 5713 2071 5788 Paris.

500 5781 785 5833 oscitantia
826 5785 1142 5854 typograplti
1186 5782 1351 5854 ἀλλην
1379 5784 1552 5856 χύσιν.
1590 5783 1711 5842 Mox
1745 5799 1874 5841 mss.
1908 5783 2069 5840 Com-

2177 4666 2272 4720 τοῦ
2299 4665 2433 4719 Θεοῦ
2474 4663 2726 4736 θεράπων
2771 4663 3009 4734 Μωῡσῆς
3047 4662 3122 4734 (9)
3163 4661 3428 4733 διελέχθη,
3469 4658 3590 4713 οὐδὲ
3631 4654 3758 4712 εἷπε
3858 4676 3864 4680 ·

2179 4869 2290 4922 liel‘.
2340 4884 2461 4924 cum
2511 4867 2664 4924 Colb.
2711 4867 2949 4922 secundo
2988 4875 3043 4922 et
3085 4881 3208 4921 cum
3257 4867 3392 4937 Reg.
3435 4878 3629 4923 octavo
3657 4868 3758 4922 καὶ

2179 4941 2343 5008 φυτὸν
2390 4941 2484 4993 καὶ
2533 4939 2703 5010 ἰχθύν.
2753 4938 2915 4994 Deest
2961 4937 3126 5008 φυτόν
3161 4940 3214 4993 in
3247 4941 3405 4994 editis
3438 4949 3494 4994 et
3535 4940 3586 4993 in
3629 4942 3755 5010 qui-

2179 5014 2403 5064 busdam
2441 5026 2568 5064 mss.

2251 5082 2327 5148 (6)
2368 5081 2519 5134 Colb.
2565 5081 2830 5136 secundus
2867 5079 2964 5134 καὶ
3006 5079 3206 5135 πάντα.
3240 5077 3440 5135 Ibidem
3468 5088 3578 5136 tres
3617 5095 3753 5136 mss.

2178 5149 2366 5223 ὥσπερ
2405 5151 2639 5222 εἴρηται.

2249 5221 2345 5292 (7)
2369 5223 2480 5276 Duo
2513 5221 2641 5276 mss.
2672 5221 3028 5291 πανταχόθεν.

2247 5289 2324 5364 (8)
2364 5293 2604 5364 lta_mss.
2655 5289 2898 5361 plerique
2925 5304 3134 5364 omnes.
3182 5289 3343 5344 Deest
3381 5293 3450 5346 τά
3484 5291 3536 5345 in
3569 5291 3749 5346 editis.

2173 5362 2327 5434 [laud
2365 5362 2534 5434 multo
2569 5376 2690 5431 post
2725 5363 2969 5417 nonnulli
3005 5378 3136 5416 mss.
3165 5364 3641 5434 προσαχθήσομαι.
3699 5418 3711 5427 ,

2242 5433 2316 5500 (9)
2353 5433 2507 5488 Colb.
2559 5434 2827 5487 secundus
2881 5449 3006 5487 cum
3066 5434 3199 5501 Reg.
3260 5433 3448 5488 octavo
3499 5434 3752 5504 θεράπων

2168 5504 2430 5573 Μωῡσῆς.
2471 5504 2624 5566 Illud,
2672 5503 2938 5574 Μωῦσῆς,
2966 5505 3117 5558 deest
3149 5503 3396 5574 ineditis
3442 5513 3496 5558 et
3538 5503 3588 5556 in
3631 5505 3753 5558 aliis

2173 5588 2302 5646 mss.
2337 5574 2504 5628 Paulo
2538 5582 2658 5643 post
2690 5573 2824 5646 Reg.
2863 5584 3050 5646 sextus
3073 5573 3304 5646 σταδίων
3333 5574 3431 5646 τὴν
3462 5574 3754 5646 διάμετρον

2170 5642 2333 5713 ἐχειν.
2368 5646 2491 5718 Ῠῡυο
2538 5642 2666 5718 mss.
2710 5642 2809 5715 τὴν
2856 5644 3209 5718 περίμετρον.
3243 5642 3754 5701 Εᾱὶιιόυωιιήὺυε

2171 5729 2302 5773 mss.
2331 5717 2393 5768 τὸ
2420 5715 2774 5787 περίμετρον.
