4082 6218
390 353 491 409 189

1477 357 1762 414 HOMlLlA
1803 358 1870 412 lx
1916 359 1979 411 ΙΝ
2020 359 2518 419 ΗΕΧΑΕΜΕΒΟΝ.

3549 365 3647 419 I90

385 476 518 531 δέκα
546 481 637 529 καὶ
666 475 808 529 ὀκτὼ
834 476 1098 546 μυριάδας
1128 478 1354 532 σταδίων
1385 478 1446 530 τὸ
1468 479 1800 551 περίμετρον
1823 479 1944 550 ἔχειι

2071 495 2239 536 suam
2275 483 2340 536 de
2383 482 2564 536 mundi
2606 491 2875 538 structura
2916 484 3284 539 narrationem
3333 483 3645 540 inferiorem

382 569 483 638 τῆς
516 568 620 638 γῆς
644 585 658 599 ·
700 569 796 622 καὶ
828 569 890 621 τὸ
926 571 1020 623 ἀπ’
1047 571 1215 640 αὐτῆς
1252 572 1495 642 σκίασμα
1541 575 1599 625 ἐν
1635 575 1700 644 τῇ
1735 574 1840 625 ὑπὸ
1865 575 1967 644 γῆν

383 659 478 712 τοῦ
500 659 650 729 ἡλίου
677 661 889 730 κινήσει
926 663 1019 714 ἐπὶ
1064 662 1228 714 πόσον
1256 665 1426 732 χωρεί
1469 663 1564 715 τοῦ
1601 663 1760 734 ἀέρος
1797 664 1858 715 οὐ
1893 664 1968 716 δι·-

384 751 656 822 εμέτρησε
675 769 689 782 ·
725 753 818 805 καί⁵
852 751 968 816 πῶς
987 752 1144 806 τοῦτο
1166 757 1235 825 τῇ
1263 754 1459 826 σελήνῃ
1482 754 1842 825 προσενεχθὲν
1865 756 1964 818 τὰς

383 843 653 912 ἐκλείψεις
703 846 868 897 ποιεῖ.
927 844 1142 914 Ἐπειδὴ
1195 844 1266 896 τὰ
1317 845 1482 916 μηδὲν
1533 845 1668 917 πρὸς
1711 847 1858 916 ἡμᾶς
1890 846 1966 908 ὡς

382 935 630 1006 ἄχρηστα
661 939 794 1007 ἡμῖν
819 936 1236 1008 ἀπεσιώπησενο
1279 933 1388 1006 ἆρα
1411 937 1602 990 τούτου
1637 937 1748 1008 (10)
1779 937 1963 990 ἕνεκεν

382 1030 682 1100 ἀτιμότερα
710 1031 987 1102 ἡγήσομαι
1022 1032 1119 1100 τῆς
1156 1033 1532 1104 μωρανθείσης
1567 1032 1758 1102 σοφίας
1776 1033 1844 1086 τὰ
1867 1032 1961 1086 τοῦ

380 1122 694 1193 Πνεύματος
717 1123 908 1190 λόγια;
952 1123 985 1193 ἢ
1029 1123 1228 1193 μᾶλλον
1260 1124 1466 1188 δοξάσω
1505 1125 1594 1177 τὸν
1627 1124 1701 1194 μὴ
1729 1125 1963 1193 ἀπασχο-

379 1212 619 1284 λήσαντα
655 1215 745 1269 τὸν
773 1213 896 1268 νοῦν
935 1214 1088 1285 ἡμῶν
1117 1217 1212 1268 ἐπὶ
1246 1215 1313 1267 τά
1341 1215 1565 1285 μάταια,
1613 1213 1752 1268 ἀλλά
1783 1213 1959 1266 πάντα

381 1307 461 1369 εἰς
517 1305 801 1378 οἰκοδομὴν
844 1308 939 1361 καὶ
992 1308 1364 1379 καταρτισμὸν
1413 1306 1521 1361 τῶν
1571 1307 1760 1378 ψυχῶν
1797 1305 1958 1378 ήμῶν

381 1398 655 1468 γραφῆναι
693 1400 1161 1470 οἰκονομήσαντα;
1204 1400 1272 1452 ’Ό
1319 1417 1408 1470 μοι
1446 1399 1663 1453 δοκοῦσι
1715 1396 1789 1468 μὴ
1827 1413 1956 1448 συνο

381 1489 581 1552 ειδότες
641 1491 805 1553 τινές,
864 1494 1220 1560 παραγωγαῖς
1278 1509 1387 1544 τισι
1436 1491 1531 1544 καὶ
1573 1488 1956 1560 τροπολογίαις

381 1581 688 1650 σεμνότητά
748 1599 868 1635 τινα
927 1585 992 1635 ἐκ
1056 1583 1157 1653 τῆς
1219 1582 1421 1646 οἰκείας
1491 1580 1668 1634 αὐτῶν
1717 1580 1953 1641 διανοίας

379 1672 738 1745 ἐπεχείρησαν
787 1674 897 1745 (11)
959 1678 1072 1738 τοῖς
1134 1675 1544 1747 γεγραμμένοις
1597 1673 1948 1742 ἐπιφημίσαι.

391 1764 551 1817 Ἀλλά
578 1765 734 1819 τοῦτό
774 1768 920 1820 ἐστιν
966 1768 1157 1821 ἐαυτὸν
1197 1767 1500 1838 σοφώτερον
1539 1782 1817 1827 ποιουντος
1845 1763 1952 1817 τῶν

2019 583 2022 588 ’
2070 589 2192 629 esse
2219 575 2419 639 dicam,
2450 576 2576 644 quia
2614 576 2816 629 nullum
2847 579 2914 632 de
2943 578 3126 648 ﬁguris
3151 579 3374 632 verbum
3404 578 3497 632 Dei
3525 592 3644 633 ser-

2066 680 2166 720 vus
2201 665 2410 737 Moyses
2448 667 2574 720 fecit
2607 685 2621 720 :
2653 677 2745 719 aut
2773 669 2900 735 quia
2935 685 3036 723 non
3075 671 3209 724 dixit
3247 679 3405 724 terrae
3443 671 3644 724 circui-

2069 769 2179 812 tum
2209 770 2426 812 centum
2470 767 2526 811 et
2567 760 2838 827 octoginta
2865 761 3164 816 stadiorum
3197 761 3360 815 millia
3392 761 3595 815 habere
3623 778 3638 815 :

2064 861 2159 904 aut
2197 853 2319 919 quia
2353 866 2457 904 non
2495 851 2772 904 dimensus
2804 861 2886 905 est
2931 852 2983 904 in
3016 863 3276 921 quantum
3324 856 3466 908 aeris
3511 870 3638 922 spa-

2063 944 2195 997 tium
2243 945 2500 1011 procedat
2541 943 2658 1010 ejus
2695 946 2883 995 umbra
2938 953 3047 996 tum
3090 959 3208 998 cum
3251 945 3327 998 sol
3365 945 3462 999 sub
3493 953 3639 1000 terra

2063 1045 2312 1089 movetur
2346 1052 2360 1087 :
2394 1046 2486 1088 aut
2518 1035 2788 1102 quomodo
2836 1035 3023 1089 eadem
3075 1035 3213 1091 lunae
3258 1036 3467 1103 objecta
3513 1052 3640 1104 pro-

2067 1133 2218 1179 creet
2253 1124 2512 1193 deliquia,
2546 1124 2847 1191 prasertim
2879 1138 3001 1176 cum
3040 1139 3102 1177 ea
3131 1140 3248 1193 quae
3283 1128 3348 1179 ad
3383 1142 3479 1180 nos
3506 1125 3638 1180 nihil

2062 1217 2316 1278 attinent,
2353 1228 2608 1284 tanquam
2652 1214 2808 1268 nobis
2859 1215 3064 1268 inutilia
3102 1217 3209 1286 81
3251 1218 3467 1273 silentio
3498 1234 3638 1288 pra:-

2062 1306 2354 1361 termiserit
2386 1325 2398 1360 :
2433 1322 2557 1359 nmn
2597 1306 2742 1369 ideo,
2778 1322 2976 1374 quaeso,
3025 1307 3259 1377 Spiritus
3306 1311 3479 1365 sancti
3522 1313 3636 1366 elo-

2061 1399 2187 1464 quia
2255 1413 2519 1452 censuere
2593 1397 2854 1451 infatuata
2914 1400 3174 1468 sapientia
3233 1416 3353 1456 esse
3408 1402 3637 1456 viliora?

2059 1487 2250 1542 Nonne
2297 1490 2475 1556 ponus
2519 1489 2564 1542 ei
2612 1489 2808 1542 dedero
2855 1488 3104 1557 gloriam,
3137 1491 3225 1560 qui
3264 1502 3499 1546 mentem
3539 1508 3635 1546 no-

2059 1592 2228 1634 stram
2263 1581 2313 1632 in
2346 1595 2523 1632 rerum
2566 1594 2823 1632 vanarum
2860 1584 3213 1649 occupatione
3243 1598 3346 1636 non
3381 1583 3631 1649 detinuit,

2057 1673 2150 1726 sed
2173 1672 2352 1725 omnia
2385 1670 2449 1722 ad
2480 1671 2890 1726 aedificationem
2927 1683 2978 1728 et
3006 1674 3391 1742 perfectionem
3428 1675 3636 1728 anima-

2057 1781 2173 1817 rum
2208 1774 2513 1818 nostrarum
2561 1767 2825 1819 conscribi
2875 1769 3090 1820 sanxit?
3135 1767 3192 1822 ld
3233 1770 3373 1838 quod
3410 1769 3629 1837 quidam

377 1857 571 1925 λογίων
616 1859 710 1912 τοῦ
740 1859 1080 1931 Πνεύματος,
1130 1861 1224 1913 καὶ
1263 1861 1320 1912 ἐν
1363 1861 1720 1930 προσποιήσει
1761 1857 1944 1927 ἐξηγή-

2059 1858 2189 1911 mihi
2249 1857 2498 1912 videntur
2551 1873 2654 1910 non
2710 1858 3046 1914 intellexisse
3089 1879 3102 1914 :
3144 1862 3233 1930 qui
3289 1861 3631 1929 captionibus

379 1967 515 2013 σεως
558 1949 625 2003 τὰ
663 1952 855 2005 ἐαυτοῦ
897 1953 1344 2024 παρεισάγοντος.
1384 1951 1627 2006 Νοείσθω
1662 1949 1840 2003 τοίνυν
1877 1949 1952 2011 ὼς

375 2039 702 2110 γέγραπται.

2060 1947 2380 2016 quibusdam
2419 1959 2583 2016 atque
2621 1951 2929 2019 tropulogiis
2960 1967 3025 2004 ex
3057 1966 3155 2004 suo
3202 1953 3439 2020 ipsorum
3482 1951 3632 2018 inge-

2077 2039 2149 2092 iio
2183 2037 2383 2106 aliquid
2427 2037 2722 2109 Scripturis
2765 2042 3032 2094 asciscere
3067 2043 3406 2096 auctoritatis
3447 2041 3629 2096 conati

377 2141 521 2185 sunt.
550 2131 745 2186 Verum
779 2132 831 2187 id
857 2134 906 2188 ei
972 2134 1249 2202 competit,
1314 2134 1404 2205 qui
1454 2149 1512 2189 se
1565 2135 1743 2204 ipsum
1783 2133 2018 2203 Spiritus
2057 2131 2227 2184 sancti
2273 2127 2505 2182 oraculis
2551 2131 2831 2184 constituit
2877 2132 3284 2199 sapientiorem,
3310 2133 3510 2202 quique
3541 2134 3628 2188 in-

372 2228 778 2295 terpretationis
808 2237 1065 2296 pratequ
1097 2239 1399 2284 commenta
1436 2246 1530 2284 sua
1561 2231 1788 2286 inducit.
1829 2231 1953 2283 llaec
1989 2228 2192 2294 itaque.
2223 2233 2280 2275 ut
2308 2224 2506 2292 scripta
2534 2233 2680 2283 sunt.
2715 2224 3101 2292 intelligantur.

445 2319 497 2372 Ξ.
551 2318 916 2390 Ἐξαγαγέντω
961 2323 1000 2389 ἡ
1057 2321 1134 2391 γῆ
1193 2321 1406 2391 ψυχὴν
1467 2321 1663 2382 ζῶσαν
1714 2320 1948 2389 κτηνῶν

370 2412 468 2465 καὶ
507 2412 722 2478 θηρίων
773 2413 871 2466 καὶ
913 2414 1195 2480 ἑρπετῶν.
1249 2415 1460 2484 Νόησον
1492 2415 1641 2484 ῥῆμα
1673 2413 1806 2466 Θεοῦ
1858 2413 1946 2466 διὰ

369 2501 466 2572 τῆς
496 2502 724 2564 κτίσεως
749 2503 962 2573 τρέχον,
1007 2505 1099 2556 καὶ
1137 2505 1257 2556 τότε
1288 2504 1614 2574 ἀρξάμενον,
1655 2504 1750 2557 καὶ
1783 2504 1946 2574 μέχρι

371 2591 464 2645 νῦν
497 2592 771 2662 ἐνεργοῦν,
806 2595 899 2647 καὶ
928 2596 1007 2657 εἰς
1038 2595 1186 2658 τέλος
1218 2595 1409 2661 δεξιὸν,
1454 2596 1557 2658 ἓως
1594 2595 1660 2649 ἂν
1690 2597 1718 2647 ὁ
1743 2596 1948 2663 κόσμος

373 2678 765 2756 συμπληρωθῇ.
803 2686 889 2750 Ὠς
917 2687 1025 2758 γὰρ
1069 2689 1102 2756 ή
1139 2690 1361 2759 σφαῖρα,
1409 2688 1629 2741 ἐπειδὰν
1669 2687 1772 2740 ὑπό
1803 2704 1946 2749 τινος

371 2779 596 2848 ἀπωσΟῇ
642 2779 774 2847 (12),
829 2775 947 2832 εἷτα
993 2781 1229 2851 πρανοῦς
1276 2797 1420 2844 τινος
1467 2781 1715 2851 λάϐηται,
1753 2780 1856 2833 ὑπό
1888 2797 1944 2832 τε

369 2869 470 2938 τῆς
499 2869 705 2932 οἰκείας
731 2872 1075 2941 κατασκευῆς
1125 2871 1219 2924 καὶ
1259 2871 1356 2941 τῆς
1388 2872 1824 2944 ἐπιτηδειότητος
1851 2872 1944 2927 τοῦ

370 2961 565 3032 χωρίου
593 2961 814 3034 φέρεται
841 2963 976 3033 πρὸς
1001 2964 1062 3016 τὸ
1098 2964 1379 3028 κάταντες,
1415 2966 1475 3017 ού
1499 2965 1761 3036 πρότερον
1792 2967 1943 3020 ἱστα-

371 3055 505 3126 μένη
557 3055 685 3126 πρὶν
731 3055 796 3108 ἄν
842 3073 895 3108 τι
934 3054 1044 3108 τῶν
1080 3055 1338 3110 ἰσοπέδων
1375 3056 1544 3128 αὐτὴν
1586 3055 1939 3127 ὑποδέξηται·

2120 2316 2174 2369 2.
2219 2313 2487 2369 Producat
2537 2323 2679 2368 terra
2731 2315 2960 2368 animam
3005 2317 3258 2370 viventem
3299 2333 3541 2385 pecorum
3579 2329 3630 2373 et

2050 2405 2332 2459 bestiarum
2382 2416 2426 2457 et
2475 2404 2740 2471 reptilium
2771 2406 2835 2461 ¹¹.
2867 2406 3155 2460 Considera
3191 2408 3282 2462 Dei
3318 2423 3502 2462 vocem
3535 2426 3630 2479 per

2051 2511 2137 2550 res
2182 2504 2396 2549 creatas
2441 2499 2844 2562 pervadentem,
2878 2513 2995 2564 quae
3053 2507 3109 2552 et
3154 2507 3279 2553 tunc
3323 2501 3542 2570 incepit,
3573 2512 3629 2558 et

2051 2605 2224 2658 usque
2255 2590 2427 2643 adhuc
2461 2589 2645 2644 efﬁcax
2677 2600 2780 2654 est,
2811 2607 2875 2646 ac
2904 2593 2955 2645 in
2990 2592 3147 2647 finem
3189 2595 3478 2648 transitura
3521 2607 3624 2660 est,

2051 2683 2227 2751 quoad
2261 2692 2665 2736 consummatus
2702 2681 2863 2736 fuerit
2892 2687 3142 2738 mundus.
3166 2684 3624 2750 Quemadmodum

2051 2773 2196 2827 enim
2223 2771 2437 2841 globus,
2466 2787 2586 2827 cum
2620 2789 2650 2826 a
2676 2775 2924 2842 quopiam
2958 2773 3119 2828 fuerit
3145 2787 3344 2840 motus,
3377 2792 3440 2831 ac
3469 2778 3626 2832 dein-

2051 2878 2182 2934 ceps
2208 2864 2468 2918 declivem
2520 2863 2752 2932 aliquem
2796 2863 2968 2918 locum
3018 2873 3211 2919 nactus
3252 2864 3432 2930 fuerit,
3467 2873 3520 2918 et
3555 2881 3624 2920 ex

2050 2956 2265 3024 propria
2328 2967 2620 3020 structura,
2652 2965 2706 3010 et
2749 2971 2812 3009 ex
2865 2955 2967 3010 loci
3014 2956 3416 3025 opportunitate
3464 2957 3624 3011 dcor-

2051 3062 2170 3102 sum
2215 3047 2405 3109 fertur,
2436 3062 2538 3102 nec
2583 3047 2734 3115 prius
2774 3049 3027 3115 quiescit,
3054 3064 3215 3118 quam
3248 3048 3498 3118 planities
3529 3029 3624 3102 ali-

366 3145 507 3198 οὕτω
535 3147 567 3216 ἡ
596 3146 756 3216 φύσις
787 3147 894 3200 τῶν
915 3146 1104 3209 ὄντων,
1137 3148 1217 3200 ἐν).
1251 3149 1634 3220 προστάγματι
1659 3148 1766 3219 (15)
1801 3166 1944 3224 κίχῃς

2049 3155 2154 3208 qua
2196 3139 2369 3208 ipsum
2409 3138 2684 3207 exceperit
2714 3155 2728 3203 ;
2758 3137 2828 3191 ita
2872 3153 3050 3192 rerum
3101 3149 3292 3193 natura
3339 3154 3444 3194 uno
3481 3156 3619 3210 prm-

348 3235 541 3301 ,θεῖσα,
573 3238 669 3306 τὴν
716 3239 772 3290 ἐν
813 3241 878 3308 τῇ
919 3239 1130 3306 γενέσει
1165 3240 1257 3292 καὶ
1293 3239 1467 3311 φθορᾷ
1506 3239 1684 3292 κτίσιν
1726 3238 1946 3308 ὁμαλῶς

362 3325 718 3398 διεξέρχεται,
745 3328 842 3390 τὰς
870 3329 976 3382 τῶν
1003 3328 1175 3397 γενῶν
1202 3329 1519 3393 ἀκολουθίας
1544 3330 1610 3382 δι’
1630 3332 1946 3401 ὁμοιότητος

364 3417 745 3482 ἁποσώζουσα,
778 3419 883 3482 ’έως
915 3420 980 3473 ἂν
1016 3422 1150 3491 πρὸς
1176 3422 1307 3474 αὐτὸ
1336 3424 1649 3494 καταντήσῃ
1681 3423 1741 3475 τὸ
1767 3422 1939 3486 τέλος.

365 3508 560 3560 Ἵππον
606 3508 703 3579 μὲν
744 3511 852 3582 γὰρ
883 3511 1050 3563 ἵππου
1078 3515 1308 3565 ποιεῖται
1330 3514 1594 3583 διάδοχον,
1629 3513 1724 3567 καί¹
1755 3513 1944 3568 λέοντα

363 3597 594 3661 λέοντος,
627 3599 720 3651 καὶ
747 3600 903 3652 ἀετὸν
929 3601 1086 3653 ἀετοῦ
1109 3619 1120 3631 ·
1153 3604 1246 3656 καὶ
1266 3603 1494 3656 ἕκαστον
1513 3602 1621 3656 τῶν
1645 3602 1798 3667 ζώων
1824 3607 1942 3668 ταῖς

362 3689 556 3761 ἐφεξῆς
576 3691 840 3760 διαδοχαῖς
871 3693 1300 3764 συντηρούμενον
1327 3695 1488 3765 μέχρι
1510 3694 1609 3764 τῆς
1633 3695 1941 3758 συντελείας

357 3773 452 3834 τοῦ
485 3783 683 3846 παντὸς
711 3785 1092 3855 παραπέμπει.
1126 3786 1314 3849 Οὐδεὶς
1348 3788 1538 3857 χρόνος
1566 3787 1937 3858 διεφθαρμένα

356 3870 390 3942 ἢ
409 3871 627 3943 ἐξίτηλα
643 3877 787 3926 ποιεῖ
803 3874 914 3944 (14)
929 3874 1034 3928 τῶν
1055 3873 1207 3938 ζώων
1228 3875 1296 3928 τὰ
1314 3875 1600 3945 ἰδιώματα,
1620 3873 1733 3928 ἀλλ’
1751 3874 1939 3946 ὥσπερ

355 3964 478 4032 ἄρτι
503 3964 872 4035 καθισταμένη
910 3967 942 4036 ή
979 3965 1137 4036 φύσις
1165 3967 1251 4019 ἀεὶ
1279 3967 1448 4036 νεαρά
1479 3964 1557 4036 τῷ
1584 3965 1761 4036 χρόνῳ
1803 3982 1940 4034 συμ-

358 4057 708 4127 παρατρέχει.
753 4056 1113 4127 Ἐξαναγέτω
1148 4059 1184 4126 ἡ
1218 4057 1295 4127 γῆ
1321 4057 1536 4126 ψυχὴν
1557 4057 1769 4117 ζῶσαν.
1801 4055 1931 4108 Τοῦ-

356 4165 417 4201 το
447 4151 767 4218 ἐναπέμεινε
799 4153 866 4221 τῇ
889 4153 959 4220 γῇ
991 4149 1338 4220 πρόσταγμα,
1381 4149 1474 4201 καὶ
1497 4150 1554 4201 οὐ
1587 4147 1818 4202 παύεται
1849 4147 1937 4213 ἐξ-

360 4239 770 4309 υπηρετουμένη
809 4239 885 4310 τῷ
917 4241 1158 4293 κτίσαντι
1185 4239 1318 4309 (15).
1351 4239 1432 4292 Τά
1469 4239 1565 4309 μὲν
1599 4239 1707 4308 γὰρ
1741 4239 1804 4288 ἐκ
1836 4236 1937 4304 τῆς

355 4329 605 4400 διαδοχῆς
647 4331 752 4384 τῶν
786 4331 1243 4402 προῦπαρχόντων
1274 4331 1612 4404 παράγεται’
1647 4327 1716 4382 τά
1764 4327 1820 4380 δὲ
1856 4327 1935 4380 ἐτι

355 4422 450 4473 καὶ
488 4422 582 4474 νῦν
631 4422 690 4486 ἐξ
722 4424 890 4494 αὐτῆς
920 4424 1019 4494 τῆς
1049 4424 1153 4494 γῆς
1186 4423 1596 4494 ζωογονούμενα
1636 4421 1930 4474 δείκνυται.

2047 3241 2205 3299 cepto
2253 3231 2497 3294 incitata,
2536 3245 2624 3284 res
2670 3231 2918 3285 conditas
2952 3232 3287 3300 aequabiliter
3317 3233 3368 3285 in
3397 3249 3624 3302 genera—

2047 3323 2192 3376 tione
2221 3331 2273 3376 et
2310 3321 2362 3374 in
2397 3322 2744 3391 corruptione
2791 3332 3059 3392 penetrat,
3089 3335 3374 3394 servatque
3415 3342 3509 3394 per
3546 3329 3624 3380 si-

2044 3411 2405 3466 militudinem
2435 3413 2807 3468 successiones
2833 3429 3115 3483 generum,
3145 3416 3315 3469 donec
3346 3417 3412 3468 ad
3447 3418 3620 3486 ipsum

2045 3505 2352 3574 pervenerit
2408 3504 2590 3560 linem.
2629 3504 2762 3558 Nam
2817 3521 3014 3573 equum
3070 3507 3193 3574 equi
3247 3522 3620 3562 successorem

2044 3597 2196 3659 facit,
2232 3596 2444 3650 leonem
2491 3596 2683 3661 leonis,
2713 3597 2948 3659 aquilam
2987 3597 3180 3665 aquila:
3212 3619 3223 3651 :
3262 3597 3370 3650 imo
3411 3599 3618 3666 singula

2043 3687 2296 3741 animalia
2328 3689 2779 3756 consequentibus
2809 3689 3244 3744 successionibus
3271 3700 3615 3753 conservata.

2043 3791 2215 3844 usque
2276 3778 2343 3830 ad
2406 3777 2642 3830 universi
2701 3777 3221 3830 consummationem
3280 3779 3612 3834 transmittit.

2041 3865 2274 3934 Tempus
2318 3867 2519 3920 nullum
2564 3866 2795 3922 destruit
2841 3867 3153 3920 animalium
3201 3871 3554 3937 proprietates
3595 3916 3605 3926 .

2040 3957 2133 4011 sed
2178 3966 2432 4026 tanquam
2479 3971 2650 4026 nuper
2693 3959 2986 4012 constituta
3035 3971 3224 4012 natura
3267 3959 3358 4024 sit,
3400 3976 3613 4027 semper

2040 4062 2232 4100 recens
2278 4064 2381 4100 una
2429 4061 2549 4101 cum
2594 4056 2834 4115 tempore
2862 4048 3121 4102 excurrit.
3161 4048 3427 4102 Producal
3471 4060 3615 4104 terra

2039 4141 2268 4193 animam
2316 4142 2584 4196 viventem.
2630 4139 2740 4194 Hoc
2790 4149 3112 4209 praeceptum
3164 4149 3322 4195 terrae
3372 4143 3610 4207 inhaesit,

2038 4247 2140 4287 nec
2205 4247 2269 4285 ea
2319 4232 2562 4286 Creatori
2613 4231 2812 4287 desinit
2864 4231 3136 4285 famulari.
3188 4233 3307 4288 Alia
3354 4235 3497 4288 enim
3546 4249 3613 4288 ex

2039 4325 2386 4380 successione
2427 4338 2613 4378 eorum
2654 4338 2772 4393 quae
2805 4325 2954 4393 prius
2988 4324 3268 4388 exstitere,
3302 4327 3612 4394 producun-

2040 4426 2126 4470 tur
2157 4435 2171 4472 :
2206 4417 2313 4470 alia
2339 4433 2468 4472 vero
2501 4433 2564 4472 ex
2605 4417 2714 4485 ipsa
2761 4426 2902 4470 terra
2932 4416 3095 4470 etiam
3133 4432 3275 4472 nunc
3314 4419 3489 4473 adhuc
3529 4421 3612 4472 vi-

355 4513 430 4564 υύ
459 4513 566 4584 γάρ
599 4515 754 4583 μόνον
785 4515 1034 4583 τέττιγας
1082 4518 1139 4569 ἐν
1179 4516 1504 4587 ἐπομϐρίαις
1540 4515 1772 4584 ἀνίησιν,
1813 4513 1933 4568 ούδέ

2048 4518 2148 4565 tam
2183 4511 2430 4580 accipere
2459 4521 2793 4578 compertum
2829 4521 2929 4564 est.
2959 4509 3078 4564 Non
3107 4511 3250 4564 enim
3287 4510 3460 4565 solum
3489 4510 3606 4580 plu-

352 4603 490 4658 ἄλλα
525 4605 692 4674 μυρία
718 4607 847 4676 γένη
873 4605 978 4660 τῶν
1009 4607 1396 4679 ἐμφερομένων
1429 4605 1505 4677 τῷ
1532 4607 1653 4678 ἀέρι
1686 4605 1923 4677 πτηνῶν,

351 4692 427 4753 ὧν
453 4689 866 4769 ἀκατονόμαστά
889 4701 1003 4752 ἐστι
1024 4700 1090 4752 τὰ
1112 4699 1334 4753 πλεῖστα
1357 4700 1446 4753 διὰ
1462 4701 1786 4768 λεπτότητα,
1811 4699 1926 4752 ἀλλ’

349 4791 454 4860 ἤδη
493 4791 586 4844 καὶ
622 4791 724 4861 μῦς
771 4792 863 4844 καὶ
897 4793 1200 4863 βατράχους
1250 4791 1310 4857 ἐξ
1359 4793 1530 4864 αὐτῆς
1567 4793 1882 4846 ἀναδίδωσιν
1906 4810 1922 4824 ·

348 4883 482 4936 ὅπου
506 4901 570 4952 γε
610 4883 738 4954 περὶ
764 4884 947 4956 Θήϐας
972 4885 1069 4948 τὰς
1095 4885 1416 4954 Αἰγυπτίας,
1443 4884 1792 4955 ἐπειδὰν¹ῦσῃ
1827 4884 1923 4937 λά-

348 4973 496 5044 ϐρως
528 4976 587 5028 ἐν
618 4974 912 5046 καύμασιν,
963 4976 1124 5040 εὐθὺς
1168 4976 1477 5049 ἀρουραίων
1519 4975 1670 5047 μυῶν
1703 4977 1736 5045 ή
1769 4973 1922 5044 χώρα

344 5067 810 5140 καταπληροῦται.
873 5067 985 5135 Τάς
1032 5070 1089 5124 δὲ
1131 5070 1371 5140 ἐγχέλεις
1422 5067 1532 5141 (16)
1581 5067 1701 5122 οὐδὲ
1751 5065 1925 5128 ἄλλως

408 5227 446 5259 ¹¹
469 5228 602 5284 Gen.
634 5245 676 5296 ι,
700 5229 790 5284 24.

442 5347 527 5422 lO_)
551 5349 700 5422 Ires
730 5365 860 5405 mss.
896 5345 1005 5422 ἄρα
1028 5351 1218 5406 τούτου
1239 5369 1322 5421 γε.
1344 5351 1478 5422 Reg.
1511 5358 1696 5422 sextus
1717 5349 1907 5403 τούτου

483 5417 625 5490 Editi
663 5435 782 5474 eum
811 5417 1132 5490 quibusdam
1170 5417 1301 5477 mss.
1336 5417 1527 5475 τούτου
1559 5420 1764 5474 ἕνεκεν.

414 5486 525 5561 (11)
565 5487 670 5542 Sex
724 5486 855 5561 mss.
899 5508 1025 5547 cum
1074 5509 1177 5549 ms.
1228 5493 1469 5548 Combef.
1521 5491 1905 5561 ἐπεχείρησαν.

340 5555 871 5630 Εᾱίιίἐπιχειρῆσαι,
888 5563 1049 5617 male.

554 5626 646 5703 ξιξ
671 5626 799 5684 mss.
835 5633 1007 5703 multi.
1043 5632 1218 5688 Editio
1241 5632 1416 5687 Paris.
1450 5632 1667 5703 ἀπωθῇ.
1823 5702 1828 5703 ί
1854 5655 1863 5664 ·

407 5697 519 5766 (13)
558 5697 687 5776 Reg.
715 5711 896 5776 sextus
919 5702 1094 5776 ὄντων
1109 5705 1166 5758 ἐν
1200 5704 1600 5776 προστάγματι.
1619 5697 1758 5760 "Mox
1784 5702 1904 5774 plu-

338 5779 426 5822 res
459 5783 588 5826 mss.
619 5768 717 5840 τὴν
746 5773 803 5826 ὲν
828 5775 894 5843 τῇ
920 5791 1033 5842 γεν.
1064 5773 1224 5833 Deest
1243 5768 1324 5846 ’τῇ
1361 5768 1619 5833 ἱιίόιιὶιίε.
1784 5768 1801 5774 ”
1939 5774 1944 5778 ’

2038 4605 2126 4658 vio
2163 4614 2404 4674 tempore
2433 4605 2546 4658 edit
2575 4605 2809 4670 cicadas,
2839 4614 2930 4656 aut
2963 4605 3065 4657 alia
3105 4605 3383 4658 innumera
3411 4604 3608 4658 volati-

2035 4694 2164 4748 lium
2218 4695 2271 4747 in
2322 4710 2444 4748 aere
2490 4696 2800 4764 vagantium
2850 4710 3066 4764 genera,
3103 4710 3329 4765 quorum
3377 4696 3605 4766 plurima

2032 4797 2252 4856 propter
2307 4789 2623 4841 tenuitatem
2682 4797 2809 4841 sunt
2866 4802 3132 4858 anonyma
3191 4805 3205 4842 :
3268 4783 3380 4842 sed‘
3422 4802 3608 4841 mures

2029 4878 2192 4932 etiam
2224 4887 2277 4931 et
2312 4893 2470 4932 ranas
2500 4894 2566 4932 ex
2613 4894 2672 4934 se
2710 4880 2824 4948 ipsa
2859 4880 3086 4948 profert.
3115 4865 3252 4934 Nam
3289 4879 3434 4934 circa
3462 4878 3606 4932 Tlte-

2035 4970 2128 5023 bas
2167 4967 2473 5038 Egyptias,
2504 4970 2594 5024 ubi
2651 4970 2704 5024 in
2756 4972 2975 5026 aestibus
3036 4971 3183 5039 large
3227 4970 3384 5041 pluit,
3419 4971 3604 5025 statim

2032 5060 2425 5130 campestribus
2461 5063 2702 5118 muribus
2733 5065 2879 5135 regio
2918 5065 3237 5134 completur.
3272 5064 3412 5130 Quin
3438 5063 3603 5119 etiam

2091 5363 2204 5434 (M)
2243 5363 2320 5418 lta
2352 5365 2521 5420 codex
2567 5365 2812 5422 Combef.
2859 5383 2982 5422 cum
3024 5367 3159 5438 Reg.
3206 5379 3421 5426 octavo.
3451 5367 3598 5424 Editi

2013 5449 2298 5510 vero__cn_m
2335 5438 2544 5491 caeteris
2582 5452 2709 5510 mss.
2748 5438 2938 5508 χρόνος
2964 5439 3186 5510 ἐξίτηλα
3219 5442 3381 5494 ποιεῖ.

2086 5504 2198 5582 (15)
2223 5505 2360 5582 Reg.
2389 5517 2574 5582 sextus
2607 5504 3184 5582 egunﬁpscoupévq'up
3210 5511 3594 5582 προστάγματι

2011 5575 2116 5698 ἷοῦ.
2147 5576 2450 5641 κτίσαντος,
2491 5575 2601 5630 Nec
2635 5575 2905 5633 Creatoris
2931 5575 3167 5650 i'mpe'rio'
3188 5575 3378 5636 desinit
3411 5575 3591 5651 famu-

2033 5662 2142 5698 an.

2033 5664 2193 5787 aliis)
2231 5717 2343 5773 Duo
2373 5732 2506 5774 mss.
2540 5717 2639 5783 τὰς
2666 5718 2724 5772 δέ
2754 5719 2998 5790 ἐγχέλυς.
