4082 6218
498 341 598 398 191

1808 337 1865 393 S.
1908 333 2155 392 BASILH
2186 331 2402 391 MAGNI

3641 331 3760 388 I93

494 463 761 537 anguillas
799 462 1031 518 vidimus
1063 476 1169 517 non
1209 461 1372 517 aliter
1396 475 1560 531 quam
1597 474 1663 514 ex
1697 461 1826 514 limo
1864 460 2071 515 censu.

2172 459 2385 531 ὁρῶμεν
2416 456 2448 527 ἦ
2484 458 2547 509 ἐκ
2575 455 2674 527 τῆς
2718 453 2860 518 ἰλύος
2901 453 3328 524 συνισταμέναςο
3362 448 3440 509 ων
3477 453 3603 508 οὔτε
3640 452 3762 508 ὠὸν

496 556 608 621 tui,
660 570 724 610 ac
774 553 1020 626 generari
1074 572 1088 608 :
1145 567 1374 622 quarum
1439 554 1840 608 successionem
1895 567 2070 621 neque

493 660 677 709 ovum,
711 658 884 713 neque
927 644 1070 700 ullus
1113 644 1247 698 alius
1288 643 1479 699 modus
1531 643 1771 707 conﬁcit,
1802 644 1895 697 sed
1942 643 2071 712 ipsae

494 752 564 791 ex
615 746 755 791 terra
802 744 987 790 ortum
1037 735 1257 790 habent.
1306 732 1575 788 Producat
1625 742 1765 786 terra
1816 734 2066 787 animum.

496 827 697 883 Pecora
731 836 859 883 sunt
891 827 1190 888 terrestria,
1220 835 1275 881 et
1320 840 1508 881 versus
1541 835 1740 880 terram
1771 825 2022 880 inclinata
2052 843 2068 880 :

497 918 659 973 homo
689 932 818 972 vero
845 918 936 986 qui
965 917 1149 986 planta
1174 916 1413 971 cmlestis
1439 923 1543 979 est,
1568 924 1768 983 quanto
1801 930 2073 985 corporea:

495 1008 949 1065 conformationis
992 1006 1185 1072 forma,
1233 1015 1381 1058 tanto
1430 1004 1592 1057 etiam
1644 1003 1839 1057 anima:
1893 1004 2072 1074 digni-

496 1110 609 1156 tate
634 1106 870 1170 praestat.
898 1096 1082 1164 Qualis
1106 1105 1189 1150 est
1212 1094 1621 1164 quadrupedum
1654 1093 1870 1147 forma?
1899 1096 2091 1163 Caput

494 1190 737 1262 ipsorum
789 1190 842 1244 in
894 1199 1094 1243 terram
1149 1201 1379 1257 pronum
1424 1195 1529 1249 est,
1561 1185 1784 1255 respicit
1833 1187 1899 1240 ad
1942 1202 2072 1239 ven-

500 1295 661 1346 trem,
696 1282 921 1350 ejusque
967 1279 1376 1333 delectationem
1435 1278 1747 1333 omnimodo
1792 1278 2073 1349 prosequi-

499 1388 606 1430 tur.
643 1374 891 1428 Erectmn
925 1370 1099 1425 estad
1131 1370 1327 1423 cwlum
1378 1379 1541 1437 caput
1583 1378 1728 1424 tuum
1765 1369 1947 1424 :oculi
1993 1368 2068 1424 tui

496 1481 728 1535 superna
780 1465 1076 1517 intuentur.
1109 1461 1262 1529 Quod
1316 1461 1361 1515 si
1413 1476 1649 1529 unquam
1693 1471 1748 1516 et
1791 1470 1846 1515 tu
1890 1462 2071 1517 carnis

499 1556 873 1611 aﬂ‘ectionibus
910 1566 961 1609 te
993 1555 1103 1624 ipse
1138 1554 1576 1617 dedccoraveris,
1606 1553 1890 1623 ventrique
1923 1563 1979 1608 et
2006 1554 2072 1610 iis

496 1663 616 1715 quae
660 1647 761 1701 sub
817 1656 1006 1700 ventre
1055 1655 1203 1709 sunt,
1243 1646 1499 1700 servieris
1546 1663 1560 1700 :
1607 1644 1955 1715 Comparatus
2011 1661 2070 1702 es

493 1739 741 1809 iumentis
794 1737 1181 1806 insipientibus,
1227 1749 1275 1791 et
1317 1737 1507 1791 similis
1554 1737 1826 1806 factus-es
1870 1737 2066 1795 illis".

2170 548 2291 605 οὔτε
2318 566 2402 613 τις
2431 547 2588 611 ἄλλος
2614 547 2813 619 τρόπος
2854 545 2954 617 τὴν
2979 544 3226 615 διαδοχὴν
3261 546 3594 618 συνίστησιν,
3629 544 3758 599 ἀλλ’

2169 642 2237 695 ὲκ
2267 641 2366 710 τῆς
2394 641 2498 711 γῆς
2526 640 2673 692 ἐστιν
2705 638 2889 701 αὐτοῖς
2917 639 2949 708 ή
2980 638 3192 705 γένεσις
3214 637 3349 707 (17).
3387 637 3760 708 Ἐξαγαγέτω

2170 735 2210 796 ’ἦ
2241 732 2317 803 Τῆ
2342 731 2573 802 ψυχήν·
2602 728 2683 785 Τά
2713 731 2884 801 κτήνη
2904 733 3069 802 γήινα
3096 732 3191 784 καὶ
3212 730 3347 803 πρὸς
3366 730 3471 801 γῆν
3500 730 3762 784 νενευκό-

2169 842 2237 878 τα
2255 840 2270 856 ·
2301 823 2437 877 ἀλλά
2455 822 2515 876 τὸ
2536 824 2787 895 οὐράνιον
2818 823 2981 891 φυτὸν
3005 824 3033 875 6
3053 821 3341 893 ἄνθρωπος
3367 822 3490 875 ὅσον
3512 821 3588 892 τῷ
3614 824 3759 893 σχή-

2174 932 2303 987 ματι
2347 917 2445 987 τῆς
2488 917 2801 987 σωματικῆς
2848 915 3210 979 διαπλάσεως,
3245 913 3494 968 τοσοῦτον
3539 914 3634 967 καὶ
3670 914 3760 985 τῷ

2169 1006 2441 1079 ἀξιώματι
2474 1009 2574 1079 τῆς
2612 1007 2791 1077 ψυχῆς
2828 1007 3121 1078 διενήνοχε.
3156 1005 3275 1059 Τῶν
3311 1006 3653 1077 τετραπόδων
3687 1009 3758 1061 τὸ

2172 1099 2358 1169 σχῆμα
2391 1097 2668 1163 ποταπόν;
2710 1097 2774 1149 Ἡ
2803 1095 3012 1167 κεφαλὴ
3046 1095 3225 1150 αὐτῶν
3262 1096 3355 1148 ἐπὶ
3387 1095 3490 1164 γῆν
3519 1095 3757 1166 προσνέ-

2169 1208 2359 1245 νευκεν
2383 1190 2517 1261 (i8),
2546 1189 2638 1243 ἐπὶ
2664 1189 2905 1261 γαστέρα
2933 1188 3140 1259 βλέπει,
3176 1189 3270 1241 καὶ
3306 1188 3370 1240 τὸ
3410 1186 3611 1258 ταύτης
3646 1189 3753 1258 ἡδὺ

2170 1285 2234 1336 ὲκ
2256 1282 2456 1345 παντὸς
2478 1282 2681 1352 τρόπου
2703 1280 2906 1334 διώκει.
2943 1280 3004 1333 Ἦ
3036 1280 3103 1351 σὴ
3127 1278 3335 1349 κεφαλὴ
3362 1277 3498 1350 πρὸς
3519 1279 3579 1332 οὐ
3589 1278 3755 1349 ρανδν

2169 1373 2518 1445 διανέστηκεν
2537 1390 2550 1403 ·
2582 1373 2632 1426 οἱ
2655 1370 2921 1443 ὀφθαλμοί
2941 1388 3035 1424 σου
3065 1370 3132 1424 τὰ
3161 1372 3273 1424 ἄνω
3299 1370 3751 1450 βλέπουσιν

2167 1466 2264 1532 ὡς,
2297 1466 2393 1520 ἐάν
2428 1482 2557 1519 ποτε
2591 1466 2686 1519 καὶ¹
2719 1467 2782 1519 σὺ
2812 1467 2925 1528 τοῖς
2951 1462 3146 1517 πάθεσι
3192 1463 3294 1532 τῆς
3330 1462 3531 1535 σαρκὸς
3556 1462 3751 1515 ἑαυτὸν

2170 1558 2462 1631 ἀτιμάσῃς,
2497 1558 2696 1630 γαστρὶ
2742 1555 3006 1610 δουλεύων
3066 1557 3161 1610 καὶ
3204 1558 3317 1619 τοῖς
3352 1554 3456 1609 ὑπὸ
3483 1556 3747 1626 γαστέρα,

2168 1649 2716 1719 Παρασυνεϐλήθης
2746 1648 2871 1715 τοῖς
2902 1647 3149 1715 κτήνεσι
3171 1646 3296 1712 τοῖς
3318 1645 3613 1713 ἀνοήτοις,
3642 1648 3749 1701 καὶ

2169 1742 2471 1812 ὡμοιώθης
2494 1741 2716 1808 αὐτοῖς.
2742 1740 2911 1810 Ἀλλη
2950 1757 3030 1794 σοι
3078 1739 3317 1812 μέριμνα
3350 1740 3653 1812 πρέπουσα,
3675 1739 3752 1793 τὰ

497 1834 659 1886 Decet
690 1840 742 1884 te
775 1831 878 1883 alia
908 1845 1060 1896 cura,
1087 1843 1331 1898 quaerere
1365 1829 1621 1882 nimirum
1671 1843 1734 1882 ea
1777 1828 1909 1894 Qua,
1952 1845 2072 1882 sur-

2172 1832 2293 1887 ἇνω
2340 1831 2542 1904 ζητεῖν,
2575 1827 2646 1888 οὗ
2676 1831 2787 1903 (20)
2809 1835 2840 1886 ὀ
2873 1832 3126 1900 Χριστός
3156 1832 3345 1897 ἐστιν,
3375 1832 3514 1902 ὑπὲρ
3534 1830 3603 1884 τά
3624 1833 3753 1901 γήι-

495 1937 611 1976 sum
642 1930 784 1984 sunt,
822 1922 907 1973 ubi
939 1920 1181 1974 Christus
1207 1930 1282 1973 est
1314 1919 1379 1983 ¹³,
1410 1933 1473 1972 ac
1502 1925 1733 1973 mentem
1765 1932 1928 1987 super
1961 1928 2072 1972 ter-

495 2013 687 2067 restria
742 2012 1036 2082 surrigere.
1076 2009 1146 2065 Ut
1193 2009 1565 2065 conformatus
1622 2024 1717 2073 es,
1780 2009 1854 2063 ita
1909 2009 2072 2063 etiam

495 2107 719 2174 dispone
750 2115 901 2160 tuam
948 2104 1117 2175 ipsius
1162 2104 1353 2156 vitam.
1388 2100 1743 2157 Couversatio
1780 2109 1870 2154 tua
1908 2101 1980 2155 sit
2019 2100 2074 2154 in

494 2199 648 2253 catlis
680 2198 724 2228 “
760 2216 773 2250 :
803 2211 930 2250 vera
979 2205 1067 2250 tua
1108 2195 1283 2264 patria
1338 2201 1422 2248 est
1460 2207 1692 2262 superna
1736 2190 2068 2255 Jerusalem;

494 2291 642 2345 cives
679 2298 735 2343 et
785 2287 1029 2354 tribules,
1067 2285 1411 2357 primogeniti
1463 2284 1561 2353 ipsi
1598 2302 1612 2339 :
1651 2281 1757 2349 Qui
1794 2281 2074 2349 conscripti

495 2392 617 2439 sunt
647 2383 700 2436 in
726 2380 866 2435 costis
902 2381 968 2437 “’.

567 2476 678 2547 82
708 2477 761 2531 5.
792 2473 1059 2527 Producat
1091 2482 1229 2527 terra
1257 2471 1487 2523 animam
1514 2469 1786 2523 viventem.
1809 2464 1939 2531 Quae
1969 2464 2073 2535 igi-

501 2578 588 2622 tur
616 2570 897 2622 brutorum
946 2565 1124 2618 anima
1169 2562 1416 2625 emersit,
1448 2575 1511 2615 ea
1556 2576 1660 2614 non
1691 2569 1809 2614 erat
1843 2560 1895 2612 in
1929 2566 2072 2612 terra

500 2658 801 2722 recondita;
838 2656 929 2710 sed
963 2653 1123 2709 simul
1169 2668 1291 2706 cum
1339 2660 1607 2720 praecepto
1650 2659 1831 2703 ortum
1866 2648 2069 2702 habuit.

502 2750 616 2803 Una
645 2760 824 2802 autem
861 2755 945 2801 est
982 2748 1263 2801 brutorum
1298 2744 1517 2808 anima;
1548 2740 1812 2810 siquidem
1847 2738 2075 2793 rationis

495 2842 745 2911 privatio,
780 2839 922 2894 illius
950 2840 1239 2892 character
1264 2846 1350 2890 est
1375 2852 1389 2888 :
1415 2834 1647 2889 diversis
1673 2846 1801 2885 vero
1830 2829 2073 2899 proprie-

498 2934 696 2987 tatibus
745 2931 950 3000 siugula
1006 2929 1411 2997 distinguuntur
1457 2923 1733 2978 animalia.
1787 2922 1880 2975 Est
1925 2921 2079 2975 enim-

497 3023 596 3077 bos
622 3032 879 3076 constans
909 3030 963 3075 et
996 3018 1207 3082 ﬁrmus,
1239 3018 1424 3072 asinus
1457 3015 1626 3085 piger,
1660 3014 1858 3068 ardens
1902 3026 2073 3080 equus

497 3115 564 3166 ad
620 3111 972 3182 appetendam
1023 3109 1311 3171 feminam,
1370 3107 1556 3175 nequit
1604 3105 1833 3159 cicurari
1883 3101 2070 3171 lupus,

498 3178 683 3256 dolosa
708 3212 790 3254 est
812 3199 1019 3267 vulpes,
1044 3199 1264 3252 timidus
1291 3212 1503 3259 cervus,
1526 3194 1747 3249 formica
1779 3192 2068 3259 labori03a,
2099 3178 2141 3234 Ο

495 3295 650 3351 canis
679 3303 868 3363 gratus
896 3301 999 3358 est,
1031 3304 1085 3346 et
1124 3291 1376 3346 amicitiae
1419 3303 1651 3344 memor.
1680 3287 1970 3342 Enimvero
1999 3285 2073 3338 si-

500 3387 775 3455 mulatque
823 3385 1100 3454 quodlibet
1146 3384 1345 3450 animal
1400 3390 1638 3437 creatqu
1685 3388 1805 3446 est,
1857 3379 2072 3433 inducta

498 3487 581 3532 est
612 3478 660 3532 ei
694 3488 901 3531 natura:
928 3492 1039 3532 sua:
1060 3483 1386 3547 proprietas.
1410 3476 1676 3530 Producta
1706 3483 1788 3529 est
1814 3489 1917 3528 una
1950 3488 2072 3529 cum

506 3567 660 3621 leone
693 3567 1034 3621 vehementia
1065 3567 1255 3631 animi,
1280 3565 1493 3620 vivendi
1529 3565 1664 3619 ratio
1696 3563 1958 3627 solitaria,
1987 3563 2072 3616 in-

503 3658 654 3714 doles
677 3659 922 3728 quwdam
947 3673 1067 3712 cum
1096 3659 1209 3713 suis
1239 3658 1527 3712 tribulibus
1556 3654 1908 3711 insociabilis.
1938 3651 2071 3707 Nam

505 3752 652 3806 velut
702 3752 919 3821 quidam
971 3753 1250 3807 brutarum
1304 3752 1655 3805 animantium
1698 3760 1979 3820 tyrannus,
2006 3748 2075 3801 ob

513 3852 718 3896 natura:
753 3842 1080 3910 superbiam,
1117 3843 1314 3896 multos
1342 3842 1442 3895 sibi
1475 3854 1632 3910 pares
1657 3853 1777 3893 esse
1803 3847 1856 3893 et
1888 3851 2073 3906 aequa-

507 3931 587 3986 les
616 3947 720 3986 non
751 3932 897 3989 sinit.
927 3932 1027 3999 Qui
1058 3946 1188 3986 sane
1216 3946 1388 4001 neque
1421 3931 1732 3985 hesternum
1761 3930 2072 3984 alimentum

499 4026 756 4087 admittit,
793 4040 967 4094 neque
1009 4026 1073 4078 ad
1109 4041 1220 4079 sum
1248 4025 1441 4093 praeda:
1486 4023 1742 4092 reliquias
1774 4023 1915 4077 redit
1943 4042 1956 4076 :
1987 4020 2070 4075 cui

498 4116 663 4168 etiam
707 4123 854 4168 tanta
901 4116 1048 4169 vocis
1091 4130 1295 4185 organa
1346 4114 1537 4169 indidit
1576 4122 1790 4177 natura,
1823 4123 1881 4167 ttt
1921 4112 2072 4183 plura

497 4205 751 4259 animalia
787 4206 943 4275 longe
974 4207 1090 4276 ipso
1118 4207 1409 4265 velociora,
1438 4205 1554 4261 solo
1594 4219 1737 4274 saepe
1784 4204 1958 4273 rugitu
1988 4218 2073 4258 ca-

496 4299 732 4367 piantur.
765 4297 1069 4353 Vehemens
1101 4310 1184 4353 est
1222 4299 1507 4368 panthera,
1537 4308 1594 4352 et
1619 4300 1686 4352 ad
1721 4297 1957 4366 impetus
1987 4311 2072 4350 re-

497 4388 746 4453 pentinos
786 4388 1033 4457 expedita
1066 4408 1081 4444 :
1117 4405 1313 4458 corpus
1353 4389 1583 4460 agilitati
1629 4398 1686 4444 et
1724 4388 1930 4442 levitati
1965 4388 2073 4442 ido-

2175 1943 2241 1979 να
2268 1919 2406 1979 εἶναι
2452 1928 2518 1996 τῇ
2546 1924 2773 1995 διανοίᾳ.
2810 1924 2898 1988 Ὠς
2932 1923 3411 1995 διεσχηματίσθης,
3451 1923 3595 1976 οὕτω
3631 1922 3752 1975 διά-

2176 2016 2268 2069 θου
2297 2016 2524 2070 σεαυτοῦ
2556 2016 2648 2069 καὶ
2667 2015 2756 2068 τὸν
2785 2013 2918 2084 βίον.
2950 2012 3022 2067 Τὸ
3053 2013 3352 2083 πολίτευμα
3378 2013 3466 2084 ἔχε
3494 2015 3552 2066 ὲν
3588 2014 3753 2084 ούραο

2175 2114 2303 2175 νοῖς.
2342 2111 2591 2182 Ἀληθινή
2628 2126 2721 2163 σου
2752 2109 2949 2181 πατρὶς
2973 2110 3006 2178 ή
3040 2108 3152 2162 ἀνω
3194 2106 3570 2180 Ἰερουσαλὴμ,
3602 2107 3752 2160 πολῖ-

2173 2220 2264 2256 ται
2288 2203 2382 2257 καὶ
2404 2202 2743 2274 συμφυλέται
2766 2204 2816 2255 οἱ
2846 2200 3196 2272 πρωτότοκοι,
3219 2204 3285 2256 Οἱ
3307 2198 3753 2271 ἀπογεγραμμ-

2174 2313 2267 2350 νοι
2296 2297 2367 2350 ἐν
2394 2295 2691 2364 οὐρανοῖς.
2750 2312 2761 2322 ’

2245 2479 2297 2533 3.
2347 2476 2704 2547 Ἐξαγαγέτω
2753 2479 2793 2546 ἡ
2838 2476 2913 2548 γῆ
2946 2477 3160 2547 ψυχὴν
3188 2476 3403 2539 ζῶσαν.
3455 2479 3540 2532 Οὑ’
3568 2479 3754 2532 τοίνυν

2175 2571 2571 2641 ἐναποκειμένη
2613 2572 2679 2641 τῇ
2710 2573 2780 2642 γῇ
2829 2573 2863 2642 ή
2911 2570 3057 2642 ψυχὴ
3097 2569 3207 2624 τῶν
3239 2570 3447 2640 ἀλόγων
3480 2570 3716 2643 ἐξεφάνη
3738 2588 3750 2601 ·

2174 2659 2287 2713 ἀλλ’
2309 2658 2442 2730 ὁμοῦ
2475 2657 2553 2729 τῷ
2583 2659 2968 2731 προστάγματι
2998 2661 3323 2731 συνυπέστη.
3367 2661 3480 2714 Μία
3518 2660 3576 2714 δὲ
3604 2661 3756 2732 ψυχὴ

2173 2750 2281 2802 τῶν
2308 2750 2538 2820 ἀλόγων.
2577 2751 2673 2803 Ἐν
2705 2750 2815 2821 γὰρ
2841 2749 3009 2822 αὐτὴν
3055 2749 3115 2803 τὸ
3146 2749 3548 2823 χαρακτηρίζον
3579 2751 3753 2815 ἐστὶν,

2172 2844 2205 2911 ἡ
2242 2841 2453 2911 ἀλογία.
2499 2840 2771 2913 Ἰδιώμασι
2805 2841 2859 2895 δὲ
2885 2841 3160 2913 διαφόροις
3193 2841 3423 2897 ἕκαστον
3455 2842 3563 2895 τῶν
3594 2841 3755 2907 ζώων

2175 2935 2423 3006 κέκριται
2459 2934 2589 3005 (21).
2622 2933 2905 3006 Εὑσταθὴς
2937 2935 3034 3006 μὲν
3066 2934 3174 3006 γάρ
3196 2934 3226 2985 6
3257 2934 3405 3005 βοῦς,
3438 2934 3613 3006 νωθὴς
3638 2936 3699 2989 δὲ
3727 2939 3759 2989 ὀ

2173 3027 2312 3091 δνος,
2361 3027 2561 3100 θερμὸς
2603 3027 2662 3080 δὲ
2699 3029 2728 3081 ὁ
2782 3027 2947 3090 ἵππος
2994 3027 3130 3097 πρὸς
3180 3027 3475 3098 ἐπιθυμίαν
3518 3028 3612 3081 τοῦ
3650 3027 3774 3100 θή-.

2174 3118 2292 3182 λεος
2316 3118 2449 3190 (22),
2480 3118 2867 3181 ἀτιθάσσευτος
2903 3120 2931 3172 ὁ
2959 3117 3144 3182 λύκος,
3177 3119 3272 3171 καὶ
3296 3117 3512 3188 δολερὸν
3541 3121 3573 3190 ή
3611 3118 3760 3173 ἀλώ-

2174 3211 2303 3282 πηξ,
2339 3211 2508 3265 δειλὸν
2537 3213 2565 3264 6
2597 3210 2814 3281 ἔλαφος,
2851 3210 2881 3262 6
2924 3210 3144 3282 μύρμηξ
3192 3211 3495 3280 φιλόπονος,
3533 3211 3758 3283 εύχάρι·

2175 3319 2299 3358 στον
2327 3306 2355 3357 6
2388 3305 2532 3359 κύων
2575 3304 2670 3358 καὶ
2700 3304 2840 3375 πρὸς
2871 3303 3051 3372 φιλίαν
3084 3304 3435 3374 μνημονικόν.
3474 3305 3642 3376 ’Θμοῦ
3683 3321 3751 3359 τε

2172 3392 2281 3465 γάρ
2317 3394 2540 3465 ἐκτίσθη
2568 3392 2820 3457 ἕκαστον,
2852 3393 2947 3446 καὶ
2976 3392 3385 3464 συνεπηγάγετο
3416 3391 3527 3465 (~23)
3573 3393 3754 3464 ἑαυτῷ

2171 3486 2271 3557 τῆς
2300 3487 2515 3557 φύσεως
2558 3486 2857 3557 τδίδίωμα.
2901 3486 3350 3558 Συναπεγεννήθη
3400 3488 3428 3539 6
3470 3484 3641 3556 θυμὸς
3669 3485 3754 3555 τῷ

2172 3578 2368 3643 λέοντι,
2403 3579 2463 3633 τὸ
2500 3579 2822 3650 μοναστικὸν
2854 3578 3018 3632 αὐτοῦ
3042 3576 3144 3649 τῆς
3167 3578 3331 3649 ζωῆς,
3358 3579 3420 3631 τὸ
3446 3577 3754 3649 ἀκοινώνη-

2171 3686 2263 3723 τον
2310 3669 2447 3740 πρὸς
2496 3669 2557 3723 τὸ
2593 3668 2882 3740 ὁμόφυλον.
2922 3665 3048 3722 Οἶον
3084 3670 3194 3741 γάρ
3226 3686 3311 3732 τις
3344 3668 3607 3740 τύραννος
3641 3668 3756 3722 τῶν

2173 3760 2410 3830 ἀλόγων,
2441 3761 2529 3815 διά
2554 3762 2653 3832 τὴν
2681 3764 2746 3815 ἐκ
2764 3761 2977 3831 φύσεως
3002 3760 3302 3831 ὑπεροψίαν
3333 3760 3431 3831 τὴν
3466 3761 3602 3832 πρὸς
3624 3760 3756 3827 τοῦς

2174 3853 2400 3916 πολλοὺς
2421 3852 2710 3925 όμοτιμίαν
2747 3854 2809 3906 οὐ
2840 3851 3213 3921 καταδέχεται.
3255 3852 3354 3913 "0;
3380 3869 3444 3921 γε
3475 3852 3595 3905 ούδὲ
3635 3852 3755 3923 χθι-

2172 3947 2271 4016 ζὴν
2298 3946 2502 4017 τροφὴν
2530 3962 2832 4017 προσίεται,
2860 3944 2971 3998 οὐδ’
3000 3943 3067 3998 ἂν
3091 3942 3161 3997 τά
3186 3942 3412 4014 λείψανα
3437 3946 3537 4015 τῆς
3557 3942 3752 3996 ἑαυτοῦ

2172 4038 2345 4110 θήρας
2367 4038 2611 4092 ἐπέλθοι·
2711 4039 2803 4092 καλ⁵
2823 4037 3125 4109 τηλικαῦτα
3148 4037 3248 4106 τῆς
3276 4036 3462 4107 φωνῆς
3484 4036 3553 4089 τά
3581 4035 3753 4106 ὄργα-

2170 4148 2238 4185 να
2282 4134 2315 4203 ή
2351 4130 2513 4201 φύσις
2541 4131 2819 4201 ἐνέθηκεν,
2853 4129 3016 4192 ὥστε,
3050 4128 3223 4181 πολλὰ
3258 4127 3368 4181 τῶν
3397 4127 3549 4192 ζώων
3575 4127 3750 4199 ὕπερ-

2171 4221 2433 4277 6άλλοντα
2462 4226 2526 4295 τῇ
2553 4220 2833 4293 ταχύτητι,
2886 4223 3034 4293 μόνῳ
3081 4221 3342 4285 πολλάκις
3367 4219 3643 4274 ἁλίκεσθαι
3672 4217 3753 4290 τῷ

2173 4312 2504 4385 βρυχήματι.
2545 4312 2826 4381 Ῥαγδαῖον
2874 4314 2907 4382 ὴ
2959 4311 3245 4384 πάρδαλις,
3302 4311 3398 4365 καὶ
3450 4311 3753 4384 ὀξύρροπον

2169 4405 2288 4465 ταῖς
2316 4403 2547 4473 ὁρμαῖς·
2594 4401 2899 4471 ἐπιτήδειον
2926 4402 3065 4472 αὐτῇ
3103 4400 3165 4454 τὸ
3203 4400 3365 4472 σῶμα
3398 4400 3752 4465 συνέζευκται

496 4496 680 4545 neum,
711 4481 964 4551 quodque
1003 4483 1197 4537 animat
1247 4485 1480 4538 motibus
1530 4484 1799 4548 convenit,
1835 4481 1884 4535 ei
1931 4496 2065 4535 cou-

2172 4495 2234 4564 τῇ
2261 4493 2517 4563 ὑγρότητι
2548 4494 2644 4546 καὶ
2677 4491 2757 4563 τῷ
2782 4492 2991 4563 κούφῳ,
3018 4494 3130 4556 τοῖς
3158 4493 3256 4563 τῆς
3283 4491 3460 4562 ψυχῆς
3486 4492 3752 4562 κινήμασι

488 4570 731 4640 junctum
758 4584 859 4627 est.
884 4573 1043 4642 Pigra
1072 4584 1155 4630 est
1187 4582 1572 4643 ursazuatura,
1599 4572 1806 4627 indoles
1836 4571 2066 4641 peculia-

492 4665 589 4731 ris,
626 4681 806 4720 mores
852 4666 1081 4731 subdoli,
1111 4677 1166 4733 et
1211 4666 1318 4720 alte
1357 4666 1506 4721 tecti.
1543 4665 1730 4720 Induta
1776 4676 1861 4720 est
1901 4669 2062 4720 etiam

2174 4583 2562 4653 συνεπόμενον.
2585 4583 2788 4655 Νωθρά
2813 4585 2847 4656 ἡ
2874 4584 3034 4652 φύσις
3064 4584 3164 4655 τῆς
3193 4585 3417 4656 ἄρκτου,
3454 4583 3855 4663 ίδιότροτεοίγίρ.

2172 4675 2266 4728 καὶ
2293 4674 2355 4727 τδ
2384 4670 2537 4744 ἦθος,
2567 4673 2818 4741 ὕπουλον,
2862 4674 3000 4745 βαθὺ
3034 4674 3316 4740 ἐνδεδυκός
3354 4674 3487 4745 (24).
3524 4673 3753 4744 Ὅμοιον

576 4860 1093 4931 “Psal.xx.vttt,15.
1128 4866 1171 4896 "
1190 4865 1395 4920 Coloss.
1438 4881 1518 4931 ut,
1561 4864 1612 4918 1.
1691 4864 1736 4897 ’δ
1768 4864 1996 4934 Philipp.
2040 4878 2073 4917 ιι

2172 4864 2244 4920 ΞΟ.
2323 4869 2367 4899 ¹¹⁸
2395 4867 2563 4924 llebr.
2599 4884 2702 4935 xu,
2725 4870 2819 4936 22,
2848 4869 2920 4926 25

572 5005 869 5080 (17)-Ῑῖες..Δ
900 5005 1122 5080 quintus
1165 5006 1348 5080 αὐτοῖς
1393 5006 1427 5074 ἡ
1471 5004 1744 5080 γέννησις.
1779 5004 2068 5080 Aliquanto

492 5072 613 5145 post
640 5072 821 5129 ﬁtiiliU‘
842 5072 1001 5128 Basil.
1033 5092 1154 5147 cum
1176 5078 1357 5129 multis
1381 5072 1510 5129 mss.
1531 5077 1557 5128 6
1576 5072 1880 5147 ἄνθρωπος.
1908 5072 2070 5128 Deest

492 5149 755 5200 articulus
786 5147 838 5198 in
870 5147 1106 5198 editione
1139 5145 1316 5199 Paris.

561 5216 672 5287 (l8)
713 5216 893 5270 Codex
925 5216 1169 5271 Combci‘.
1202 5215 1674 5287 cumquibusdatn
1712 5229 1843 5266 mss.
1877 5213 2060 5287 νένευέ-

490 5283 605 5338 κεν.
638 5283 773 5340 Ιίιίὶιὶ
803 5302 924 5340 cum
949 5287 1268 5354 quibusdam
1299 5283 1419 5338 aliis
1441 5283 1857 5356 προσνένευκεν.
1877 5284 2060 5356 [(3οιιῆ

491 5356 762 5411 biiab-tium
799 5357 849 5409 in
891 5353 1130 5409 Crameri
1167 5357 1421 5408 Anecdot.
1462 5353 1498 5407 ιζ
1522 5356 1602 5411 ΙΙΙ,
1629 5353 1779 5425 p.7.]

565 5427 924 5501 (i9)_Vete_res
953 5426 1342 5501 quinquelibri
1382 5424 1687 5501 βλέπουσιν.
1717 5424 1848 5492 ιιες.
1879 5433 2064 5478 sextus

450 5512 453 5515 '
489 5497 782 5549 σκοποῦσιν
814 5498 918 5560 ἕως
952 5496 1037 5550 ἄν.
1062 5495 1235 5560 'Editi
1259 5495 1638 5548 σκοπεύουσιν.

564 5567 673 5637 (‘20)
713 5567 866 5637 Colb.
900 5557 1168 5637 secundus
1220 5557 1402 5636 ζητεῖν
1432 5567 1566 5619 ὅπου
1613 5567 1661 5618 ὁ.
1694 5564 1887 5619 Statim
1929 5563 2062 5634 Reg.

492 5636 710 5701 quintus
741 5636 911 5700 οὕτως
938 5636 1119 5689 διάθου
1152 5637 1397 5690 σεαυτόν.

564 5706 672 5778 (ξι)
705 5707 856 5778 Colb.
895 5709 1161 5778 secundus
1196 5706 1349 5770 ζώων
1378 5706 1744 5778 διακέκριται.

565 5775 677 5844 (ει)
718 5776 895 5831 Ediliu
942 5775 1101 5829 Basil.
1155 5793 1276 5831 cum
1320 5793 1411 5832 sex
1442 5775 1591 5831 tussﬁ
1623 5776 1915 5847 ἐπιθυμίαν
1970 5775 2063 5829 τοῦ

2176 5005 2386 5077 θήλεος.
2430 5008 2536 5062 Sed
2577 5011 2893 5078 typographi
2927 5008 3283 5073 Parisienses,
3317 5008 3458 5078 quod
3493 5009 3636 5064 lumc
3669 5008 3749 5063 lo-

2176 5093 2298 5129 cum
2338 5080 2588 5133 vitiosum
2625 5094 2745 5134 esse
2789 5088 3062 5147 putarent,
3107 5081 3487 5147 scripserunt:
3516 5079 3617 5148 τῆς
3646 5079 3748 5203 6i;-

2176 5145 2316 5203 λεος.
2350 5151 2442 5201 sed
2474 5164 2776 5203 neruoram.
2801 5147 2972 5203 Graeci
3001 5150 3146 5203 enim
3178 5150 3359 5202 dicunt
3383 5151 3413 5202 6
3442 5149 3608 5203 θῆλυς
3632 5150 3689 5202 ὲλ
3725 5181 3748 5191 -

2175 5145 2316 5211 λεος,
2350 5151 2442 5220 sed
2474 5145 2972 5220 perperam.'Grteci
3001 5145 3146 5220 enim
3178 5145 3359 5202 dicunt
3383 5151 3413 5202 6
3442 5145 3608 5220 θῆλυς
3632 5145 3751 5203 ἐλέ-

2171 5234 2298 5285 φας,
2356 5217 2549 5284 {emiua
2603 5220 2811 5289 elephas
2837 5235 2855 5272 :
2881 5222 2908 5272 6
2942 5219 3107 5289 θῆλυς
3160 5220 3348 5283 ἵππος,
3398 5217 3550 5287 eque.
3583 5220 3750 5289 Igitur

2169 5299 2293 5413 post
2322 5289 2417 5339 has
2459 5303 2635 5352 voces,
2688 5288 2783 5341 τοῦ
2826 5288 3039 5360 θήλεος,
3070 5291 3321 5356 suppleas
3355 5291 3512 5343 velim
3556 5288 3747 5345 ἵππου.

2197 5360 2368 5411 bidem
2400 5357 2548 5413 Regii
2581 5369 2765 5411 sextus
2791 5370 2845 5413 et
2878 5372 3104 5413 octavus
3150 5359 3563 5413 ἀτιθάσσευτον.
3607 5361 3747 5413 Editi

2197 5360 2368 5411 bidem
2400 5357 2548 5427 Regii
2581 5369 2765 5411 sextus
2791 5370 2845 5413 et
2878 5357 3104 5413 Octavus
3150 5359 3563 5413 ἀτιθάσσευτον.
3607 5361 3749 5413 Editi

2172 5443 2293 5481 cum
2318 5428 2438 5480 aliis
2470 5443 2595 5483 mss.
2619 5427 3026 5492 (iudicesumq.
3058 5428 3200 5483 Nihil
3234 5431 3401 5483 refert
3434 5432 3532 5484 hoc
3557 5447 3624 5483 an
3658 5429 3750 5484 illo

2177 5497 2334 5571 modo
2380 5497 2547 5571 legas.
2598 5499 2805 5571 ibidem
2835 5501 2986 5552 multi
3026 5515 3157 5554 mss.
3195 5500 3290 5571 καὶ
3323 5499 3560 5571 δολερόν.
3588 5499 3751 5554 Deest

2174 5566 2266 5641 καί
2303 5568 2352 5641 i_u
2389 5569 2570 5641 editis.
2619 5566 2738 5621 Mox
2779 5569 2911 5637 Reg.
2950 5577 3133 5641 sextus
3176 5567 3403 5641 μύρμηξ
3433 5566 3744 5640 φιλόπονον.

2246 5637 2357 5707 (‘25)
2389 5635 2519 5705 Reg.
2562 5650 2745 5693 Sl‘xlus
2781 5635 3215 5707 συναπηγάγετο.

2245 5706 2357 5779 (ﬁt)
2403 5707 2498 5758 Ms.
2532 5707 2774 5762 (lombef.
2819 5726 2938 5763 cum
2984 5706 3114 5779 lieg.
3145 5720 3339 5764 octavo
3368 5709 3504 5779 βαθὺ
3537 5707 3632 5765 καὶ
3656 5706 3747 5765 tv-

2174 5777 2411 5841 δεδυκός.
2450 5780 2535 5832 De:
2556 5789 2601 5833 sl
2636 5779 2729 5831 καί
2765 5783 2817 5834 itt
2848 5780 3008 5836 editis
3036 5777 3087 5835 el
3120 5780 3174 5835 in
3205 5781 3325 5835 aliis
3357 5777 3483 5836 mss.
