4082 6218
468 353 568 410 191

1778 349 1835 405 S.
1878 346 2124 404 BASILH
2156 344 2372 403 MAGNI

3611 344 3723 400 192

465 474 731 548 anguillas
769 473 1001 530 vidimus
1034 487 1140 529 non
1179 472 1341 529 aliter
1365 487 1530 543 quam
1567 487 1633 526 ex
1666 473 1796 526 limo
1834 472 2041 527 consti-

2142 471 2355 543 δρῶμεν
2386 468 2418 539 ἢ
2454 470 2517 521 ἐκ
2545 466 2644 539 τῆς
2688 464 2830 530 ἰλύος
2870 465 3297 538 συνισταμένας·
3332 461 3410 520 ων
3447 466 3571 520 οὒτε
3610 465 3724 521 ὡδν

466 567 578 633 ιιιί,
630 582 694 621 ae
744 565 990 637 generari
1044 584 1058 620 :
1116 579 1344 633 quarum
1408 566 1810 621 successionem
1865 579 2040 633 neque

463 672 647 721 ovum,
681 670 854 725 neque
897 655 1040 711 ullus
1083 656 1217 709 alius
1258 655 1449 711 modus
1501 655 1741 719 conﬁcit,
1772 656 1865 708 sed
1912 655 2041 724 ipsae.

464 764 533 803 ex
585 758 724 802 terra
772 756 957 802 ortum
1007 747 1227 802 habent.
1275 744 1544 800 Producat
1595 754 1734 798 terra
1785 746 2037 799 anima-nt.

466 839 667 895 Pecora
701 849 829 895 sunt
860 838 1160 901 terrestria,
1189 847 1245 892 et
1290 852 1479 893 versus
1511 847 1709 892 terram
1741 837 1991 892 inclinata
2022 855 2038 892 :

467 931 629 984 homo
659 944 788 983 vero
816 930 906 998 qui
935 929 1119 998 planta
1144 928 1383 983 cmlestis
1408 935 1513 991 est,
1537 937 1738 995 quanto
1770 942 2042 997 corporea:

465 1020 919 1077 conformationis
962 1018 1155 1083 forma,
1203 1027 1351 1070 tanto
1400 1016 1562 1069 etiam
1613 1016 1808 1069 animae
1862 1016 2042 1086 digni-

466 1122 578 1168 tate
604 1119 840 1182 praestat.
867 1108 1052 1177 Qualis
1075 1117 1158 1162 est
1183 1106 1590 1176 quadrupedum
1624 1105 1839 1159 forma?
1869 1108 2042 1174 Caput

464 1202 707 1273 ipsorum
759 1202 812 1255 in
865 1211 1064 1255 terram
1118 1213 1348 1269 pronum
1393 1208 1499 1262 est,
1532 1198 1752 1268 respicit
1803 1199 1869 1252 ad
1911 1214 2041 1251 ven-

469 1306 631 1359 trem,
666 1294 891 1362 ejusque
937 1291 1345 1345 delectationetn
1404 1290 1716 1345 omnimodo
1762 1291 2042 1361 prosequi-

469 1399 577 1442 tur.
612 1386 861 1440 Erectutn
895 1391 977 1437 est
1005 1383 1069 1435 ad
1100 1382 1296 1435 cwlunt
1348 1391 1510 1449 caput
1553 1389 1698 1436 tuum
1734 1381 1915 1436 :oculi
1962 1381 2038 1436 ttti

466 1492 698 1546 superna
751 1477 1046 1530 intuentur.
1078 1472 1232 1540 Quod
1285 1473 1330 1527 si
1382 1488 1618 1541 unquam
1663 1483 1717 1527 et
1760 1482 1815 1527 tu
1859 1474 2040 1528 carnis

468 1567 844 1622 all'ectionibus
881 1577 931 1620 te
962 1567 1074 1635 ipse
1108 1566 1546 1629 dedecoraveris,
1576 1565 1860 1635 ventrique
1892 1574 1948 1621 et
1976 1566 2042 1622 iis

466 1674 586 1727 qua:
631 1658 731 1712 sub
787 1667 975 1712 ventre
1025 1666 1173 1721 sunt,
1213 1657 1469 1712 servieris
1515 1674 1530 1712 :
1576 1655 1925 1726 Compar-atus
1980 1673 2040 1714 es

463 1750 712 1820 iumentis
764 1748 1151 1817 insipientibus,
1197 1760 1245 1802 et
1287 1749 1477 1803 similis
1524 1748 1796 1817 factus-es
1838 1749 2035 1806 illis“.

2140 561 2261 616 οὔτε
2288 579 2372 625 τις
2400 559 2557 623 ἄλλος
2583 558 2783 631 τρόπος
2824 557 2923 629 τὴν
2949 557 3197 627 διαδοχὴν
3230 557 3564 629 συνίστησιν,
3599 556 3720 612 ἀλλ’

2139 655 2206 706 ἐκ
2237 652 2335 723 τῆς
2365 653 2468 723 γῆς
2496 653 2642 704 ἐστιν
2674 651 2859 713 αὐτοῖς
2886 651 2919 721 ἡ
2950 649 3162 718 γένεσις
3184 648 3317 720 (l7).
3358 648 3721 721 Ἐξαγατέτω

2139 747 2180 809 ’ἡ
2210 745 2287 815 γῆ
2313 744 2543 814 ψυχήν.
2572 740 2653 797 Τά
2683 742 2854 813 κτήνη
2874 745 3039 814 γήινα
3066 743 3160 796 καὶ
3182 742 3317 814 πρὸς
3336 742 3440 813 γῆν
3470 743 3723 796 νενευκό-

2139 854 2207 890 τα
2225 852 2240 867 ο
2271 835 2407 889 ἀλλά
2425 834 2484 888 τὸ
2507 836 2756 907 οὐράνιον
2788 835 2951 904 φυτὸν
2975 836 3003 887 6
3024 834 3311 906 ἄνθρωπος
3337 834 3460 887 ὅσον
3482 833 3558 904 τῷ
3584 837 3720 905 σχή-

2144 945 2273 999 ματι
2316 929 2414 999 τῆς
2457 928 2771 998 σωματικῆς
2817 926 3180 990 διαπλάσεως,
3215 924 3465 980 τοσοῦτον
3510 927 3604 979 καὶ
3638 928 3722 998 τῷ

2139 1018 2411 1090 ἀξιώματι
2443 1020 2543 1091 τῆς
2581 1019 2761 1090 ψυχῆς
2798 1019 3092 1090 διενήνοχε.
3126 1017 3245 1071 Τῶν
3281 1019 3622 1090 τετραπόδων
3654 1023 3719 1074 τὸ

2142 1110 2328 1182 σχῆμα
2361 1109 2637 1175 ποταπόν;
2680 1110 2743 1161 Ἠ
2774 1107 2982 1179 κεφαλὴ
3016 1107 3195 1162 αὐτῶν
3233 1108 3325 1160 ἐπὶ
3357 1107 3461 1177 γῆν
3489 1107 3719 1179 προσνέ-

2138 1219 2329 1257 νευκεν
2352 1202 2486 1273 (18),
2515 1202 2608 1255 ἐπὶ
2634 1202 2875 1272 γαστέρα
2903 1200 3111 1271 βλέπει.
3145 1201 3239 1253 καὶ
3276 1200 3340 1253 τὸ
3381 1199 3581 1270 ταύτης
3615 1200 3714 1269 ἡδὺ

2139 1297 2205 1348 ἐκ
2226 1294 2425 1357 παντὸς
2448 1293 2651 1364 τρόπου
2673 1292 2876 1346 διώκει.
2913 1293 2974 1345 Ἦ
3007 1293 3073 1363 σὴ
3097 1291 3305 1361 κεφαλὴ
3333 1289 3470 1362 πρὸς
3488 1291 3549 1344 ού
3559 1290 3715 1361 ρανδν

2138 1385 2487 1458 διανέστηκεν
2506 1402 2520 1415 ⁸
2552 1385 2602 1438 οἱ
2624 1383 2890 1455 ὀφθαλμοί
2911 1400 3005 1436 σου
3034 1383 3102 1436 τὰ
3131 1384 3243 1437 ἄνω
3269 1382 3713 1462 βλέπουσιν

2136 1478 2234 1545 t'og,
2267 1478 2362 1533 ἐάν
2397 1494 2527 1532 ποτε
2561 1478 2656 1531 καὶ
2689 1479 2752 1530 σὺ
2782 1480 2894 1540 τοῖς
2921 1475 3116 1529 πάθεσι
3162 1474 3264 1545 τῆς
3300 1474 3501 1548 σαρκὸς
3525 1474 3721 1527 ἑαυτὸν,

2139 1571 2432 1643 ἀτιμάσῃς,
2466 1570 2666 1643 γαστρὶ
2712 1567 2977 1622 δουλεύων
3036 1569 3130 1623 καὶ
3173 1570 3286 1631 τοῖς
3322 1567 3427 1620 ὑπὸ
3453 1568 3712 1638 γαστέρα,

2138 1661 2686 1731 Παρασυνεϐλήθης
2716 1661 2840 1727 τοῖς
2872 1659 3119 1727 κτήνεσι
3141 1659 3266 1725 τοῖς
3287 1657 3584 1725 ἀνοήτοις,
3612 1660 3716 1713 καί

2139 1754 2441 1825 ὡμοιώθης
2463 1754 2685 1820 αὐτοῖς.
2711 1752 2881 1823 ’Ἄλλη
2919 1769 3000 1806 σοι
3048 1751 3287 1824 μέριμνα
3321 1752 3622 1824 πρέπουσα,
3644 1751 3721 1805 τὰ

467 1845 628 1898 Decet
660 1851 712 1896 te
745 1842 848 1894 alia
877 1856 1030 1907 cura,
1056 1855 1300 1909 quaerere
1334 1841 1591 1894 nimirum
1641 1855 1705 1894 ea
1747 1839 1878 1905 Qum
1921 1856 2041 1894 sur-

2142 1844 2263 1899 ᾰνω
2309 1844 2512 1916 ζητεῖν,
2545 1840 2616 1900 οὗ
2646 1844 2756 1915 (20)
2779 1847 2810 1898 ό
2844 1846 3096 1913 Χριστός
3126 1845 3315 1910 ἑστιν,
3344 1844 3484 1914 ὑπὲρ
3505 1842 3573 1897 τά
3594 1845 3723 1913 γήι-

465 1949 580 1986 sum
613 1942 754 1995 sunt,
791 1934 876 1984 ubi
909 1931 1150 1985 Christus
1178 1941 1252 1984 est
1284 1931 1348 1994 ¹³,
1379 1944 1443 1984 ac
1472 1936 1702 1985 mentem
1734 1944 1898 1999 super
1930 1940 2041 1985 ler-

464 2025 657 2078 restria
712 2023 1006 2093 surrigere.
1045 2021 1115 2076 Ut
1162 2020 1534 2076 conformatus
1593 2035 1687 2084 es,
1749 2021 1823 2074 ita
1879 2020 2041 2074 etiam

465 2118 689 2185 dispone
721 2127 870 2171 tuam
918 2115 1087 2187 ipsius
1131 2116 1322 2167 vitam.
1357 2112 1713 2168 Couversatio
1750 2120 1838 2165 tua
1878 2112 1949 2166 sit
1989 2112 2043 2166 in

464 2209 618 2264 caelis
651 2208 694 2239 ιδ
730 2227 742 2261 :
773 2222 899 2261 vera
949 2216 1036 2261 tua
1078 2206 1252 2275 patria
1307 2213 1392 2259 est
1430 2218 1661 2273 superna
1706 2201 2038 2266 Jerusalem;

463 2302 611 2355 cives
649 2309 704 2353 et
755 2298 999 2365 tribules,
1037 2296 1380 2368 printogeniti
1433 2295 1531 2365 ipsi
1568 2313 1581 2350 :
1621 2292 1726 2361 Qui
1764 2292 2044 2361 conscripti

464 2403 587 2449 sunt
617 2395 670 2447 in
696 2392 836 2446 cmlis
872 2392 938 2448 “’.

537 2488 648 2559 82
678 2487 731 2541 ’5.
762 2484 1028 2538 Producat
1060 2493 1199 2537 terra
1227 2482 1457 2535 animam
1484 2481 1756 2533 viventem.
1779 2476 1909 2542 Quae
1938 2475 2043 2546 igi-

471 2588 558 2633 tttr
586 2580 866 2633 brutorum
916 2576 1094 2629 anima
1139 2573 1385 2637 emersit,
1418 2586 1481 2626 ea
1526 2586 1630 2625 non
1660 2580 1779 2624 erat
1813 2571 1865 2623 in
1898 2578 2041 2623 terra

470 2669 770 2732 recondita;
807 2667 899 2721 sed
933 2664 1093 2719 simul
1139 2679 1260 2717 cum
1308 2671 1577 2731 praecepto
1620 2670 1801 2715 ortum
1836 2660 2039 2713 habuit.

472 2761 585 2815 Una
615 2772 794 2814 autem
830 2766 915 2811 est
953 2758 1233 2812 brutorqu
1268 2754 1487 2819 anima;
1518 2751 1782 2821 siquidem
1817 2749 2044 2804 rationis

464 2853 715 2922 privatio,
750 2850 891 2904 illius
920 2851 1208 2903 character
1233 2857 1319 2901 est
1344 2863 1359 2899 :
1385 2845 1616 2900 diversis
1643 2856 1771 2896 vero
1799 2841 2042 2910 proprie-

468 2946 665 2998 tatibus
714 2942 920 3011 singula
975 2940 1380 3008 distinguuntur
1427 2934 1702 2989 animalia.
1755 2933 1849 2986 Est
1895 2932 2049 2986 enim

468 3034 565 3088 bos
592 3043 848 3087 constans
879 3040 933 3085 et
966 3029 1176 3093 ﬁrmus,
1208 3029 1394 3083 asinus
1426 3026 1596 3096 piger,
1629 3026 1827 3079 ardens
1871 3037 2043 3091 equus

467 3125 534 3177 ad
589 3122 942 3192 appetendam
993 3120 1281 3181 feminam,
1340 3118 1525 3186 nequit
1573 3116 1802 3169 cicurari
1852 3113 2039 3181 lupus,

467 3189 653 3266 dolosa
678 3222 759 3264 est
782 3210 989 3278 vulpes,
1013 3209 1235 3263 timidus
1261 3222 1472 3270 cervus,
1496 3205 1717 3260 iormica
1749 3203 2038 3270 laboriosi,
2069 3189 2110 3245 C

464 3306 619 3361 canis
649 3313 837 3374 gratus
866 3312 968 3369 est,
1001 3314 1055 3357 et
1093 3301 1345 3356 amicitiae
1388 3314 1619 3355 memor.
1650 3298 1939 3353 Enimvero
1967 3297 2043 3349 si-

469 3398 745 3466 mulatque
793 3395 1070 3464 quodlibet
1116 3395 1314 3461 animal
1369 3401 1607 3448 creatum
1654 3399 1776 3457 est,
1826 3389 2042 3444 inducta

467 3498 550 3542 est
581 3489 630 3542 ei
664 3498 871 3541 natura:
897 3503 1008 3542 suae
1030 3494 1354 3557 preprietas.
1379 3487 1645 3541 Producta
1675 3494 1757 3540 est
1783 3501 1887 3539 una
1920 3499 2041 3540 eum

475 3578 630 3632 leone
663 3577 1013 3632 vehementia.
1035 3578 1225 3641 animi,
1249 3576 1462 3631 vivendi
1498 3576 1633 3629 ratio
1666 3573 1928 3639 solitaria,
1957 3574 2041 3627 in-

472 3669 623 3725 doles
646 3671 891 3738 qlla’dalll
917 3684 1037 3723 cum
1065 3670 1178 3724 suis
1209 3669 1497 3723 tribulibus
1525 3665 1877 3722 insociabilis.
1907 3662 2041 3718 Nam

474 3762 621 3817 velut
671 3763 888 3832 quidam
940 3763 1220 3817 brutarttm
1273 3763 1625 3816 animantium
1667 3771 1948 3831 tyrannus,
1975 3758 2044 3812 ob

480 3863 688 3907 naturae
722 3853 1049 3921 superbiam,
1085 3854 1283 3906 multos
1312 3852 1411 3906 sibi
1444 3865 1602 3921 pares
1627 3864 1746 3904 esse
1772 3858 1826 3904 et
1857 3862 2042 3917 aequa-

477 3942 557 3997 les
584 3958 690 3997 non
720 3943 866 3998 sinit.
896 3942 996 4009 Qui
1027 3958 1157 3998 sane
1186 3957 1357 4012 neque
1390 3943 1701 3996 hesternum
1730 3940 2041 3995 alimentum

469 4036 724 4098 admittit,
762 4051 935 4104 neque
978 4036 1042 4089 ad
1078 4051 1189 4090 sua:
1218 4036 1411 4104 paeda:
1454 4033 1711 4103 reliquias
1743 4034 1925 4089 redit:
1956 4032 2039 4087 cui

467 4126 632 4179 etiam
676 4135 823 4178 tanta
871 4127 1018 4180 vocis
1061 4141 1264 4196 organa
1314 4126 1506 4179 indidit
1546 4132 1759 4189 natura,
1792 4135 1850 4178 ut
1890 4124 2041 4194 plura

466 4216 720 4269 animalia
756 4216 912 4286 longe
943 4218 1059 4287 ipso
1086 4217 1379 4277 velociora,
1407 4216 1524 4271 solo
1563 4230 1707 4285 saepe
1753 4216 1927 4284 rugitu
1957 4230 2042 4269 ea-

465 4311 701 4377 piantur.
732 4307 1037 4364 Vehemens
1070 4320 1153 4363 est
1191 4310 1476 4379 panthera,
1507 4320 1563 4363 et
1589 4310 1655 4363 ad
1691 4308 1926 4377 impetus
1956 4322 2041 4361 re-

466 4399 715 4465 pentinos
754 4399 1001 4467 expedita
1036 4419 1050 4455 :
1086 4416 1282 4468 corpus
1323 4399 1552 4471 agilitati
1599 4409 1656 4455 et
1694 4399 1898 4453 levitati
1934 4399 2042 4453 ido-

2144 1955 2210 1990 να
2237 1931 2376 1991 εἶναι
2422 1939 2487 2009 τῇ
2517 1936 2742 2007 διανοίᾳ.
2780 1936 2868 2000 Ὡς
2901 1936 3381 2008 διεσχηματίσθης,
3421 1935 3565 1988 οὕτω
3602 1934 3723 1988 διά-

2145 2028 2237 2081 θου
2267 2028 2493 2082 σεαυτοῦ
2525 2027 2726 2081 καὶτὸν
2755 2025 2888 2097 βίον.
2920 2024 2993 2079 T6
3023 2025 3322 2096 πολίτευμα
3348 2026 3436 2096 ἔχε
3464 2027 3522 2078 ἐν
3557 2027 3725 2096 ούρα-

2145 2125 2272 2187 νοῖς.
2312 2122 2560 2193 Ἀληθινή
2597 2139 2691 2175 σου
2722 2122 2918 2193 πατρὶς
2943 2123 2976 2191 ἡ
3010 2120 3122 2174 ἀνω
3164 2118 3540 2191 Ἰερουσαλὴμ,
3572 2119 3724 2172 πολῖ-

2142 2231 2233 2267 ται
2257 2214 2352 2268 καὶ
2374 2214 2713 2285 συμφυλέται
2736 2216 2786 2267 oi
2816 2212 3166 2284 πρωτότοκοι,
3189 2216 3254 2267 οἱ
3276 2211 3726 2283 ἀπογεγραμμ-

2143 2324 2236 2361 νοι
2265 2309 2336 2362 ἐν
2363 2307 2661 2376 οὐρανοῖς.
2721 2325 2731 2335 ·

2214 2491 2267 2545 5.
2316 2488 2674 2559 Ἐξαγαγέτω
2722 2490 2763 2558 ἡ
2807 2489 2883 2560 γῆ
2916 2489 3129 2559 ψυχὴν
3158 2488 3372 2550 ζῶσαν.
3424 2491 3510 2544 Οὐ·
3538 2491 3727 2544 τοίνυν

2145 2582 2541 2653 ἐναποκειμένη
2583 2584 2649 2653 τῇ
2680 2585 2750 2654 γῇ
2799 2584 2833 2655 ὴ
2881 2582 3026 2654 ψυχὴ
3066 2581 3177 2636 τῶν
3210 2582 3417 2652 ἀλόγων
3449 2582 3688 2655 ἐξεφάνη
3710 2600 3723 2613 ·

2143 2670 2256 2724 ἀλλ’
2278 2670 2411 2741 ὁμοῦ
2445 2669 2523 2741 τῷ
2552 2671 2938 2743 προστάγματι
2967 2672 3292 2744 συνυπέστη.
3337 2673 3450 2726 Μία
3488 2672 3545 2725 δὲ
3573 2673 3729 2744 ψυχὴ

2142 2761 2250 2815 τῶν
2278 2762 2508 2832 ἀλόγων.
2547 2762 2643 2814 Ἓν
2675 2762 2785 2833 γὰρ
2811 2761 2978 2833 αὐτὴν
3024 2760 3085 2815 τὸ
3116 2761 3517 2834 χαρακτηρίζον
3548 2763 3726 2827 ἐστὶν,

2142 2856 2175 2923 ἡ
2211 2852 2422 2922 ἀλογία.
2468 2852 2741 2924 ’ἰδιώμασι
2774 2852 2829 2906 δὲ
2854 2853 3130 2925 διαφόροις
3163 2853 3392 2909 ἕκαστον
3424 2854 3533 2907 τῶν
3563 2853 3727 2919 ζώων

2144 2946 2392 3017 κέκριται
2428 2946 2558 3017 (21).
2591 2946 2875 3018 Εύσταθὴς
2906 2947 3004 3017 μὲν
3036 2946 3144 3018 γάρ
3167 2946 3196 2997 6
3227 2945 3374 3016 βοῦς,
3406 2946 3583 3018 νωθὴς
3608 2947 3668 3001 δὲ
3697 2951 3730 3001 ὁ

2142 3039 2283 3103 δνος,
2330 3038 2530 3112 θερμὸς
2572 3038 2631 3092 δὲ
2668 3040 2698 3092 6
2752 3038 2917 3102 ἵππος
2963 3039 3100 3109 πρὸς
3150 3039 3445 3110 ἐπιθυμίαν
3488 3039 3581 3093 τοῦ
3620 3039 3745 3112 θή-.

2143 3130 2262 3193 λεος
2285 3130 2419 3201 (22),
2450 3129 2837 3193 ἀτιθάσσευτος
2872 3131 2902 3183 6
2928 3128 3114 3193 λύκος,
3146 3130 3242 3183 κα)⁵
3266 3129 3482 3201 δολερὸν
3509 3132 3543 3202 ἡ
3580 3130 3730 3185 ἀλώ-

2143 3222 2272 3293 πηξ,
2308 3223 2478 3276 δειλὸν
2506 3224 2534 3276 6
2567 3222 2783 3293 ἔλαφος,
2821 3222 2851 3274 6
2894 3221 3114 3294 μύρμηξ
3162 3220 3465 3292 φιλόπονος,
3502 3223 3730 3295 εύχάρι·

2145 3331 2268 3369 στον
2296 3318 2324 3369 6
2357 3316 2501 3370 κύων
2545 3316 2640 3369 καὶ
2670 3315 2810 3387 πρὸς
2840 3314 3020 3384 φιλίαν
3052 3316 3404 3386 μνημονικόν.
3443 3316 3612 3387 ’Θμοῦ
3650 3332 3724 3371 τε

2142 3404 2251 3476 γὰρ
2286 3405 2510 3476 ἐκτίσθη
2537 3404 2789 3469 ἕκαστον,
2821 3405 2917 3458 καὶ
2945 3404 3355 3475 συνεπηγάγετο
3385 3404 3496 3477 (-25)
3542 3404 3727 3476 ἐαυτῷ

2140 3497 2240 3568 τῆς
2269 3498 2484 3569 φύσεως
2527 3498 2589 3552 τδ
2613 3497 2827 3568 ἰδίωμα.
2870 3498 3319 3570 Συναπεγεννήθη
3369 3500 3398 3551 6
3439 3495 3611 3568 θυμὸς
3639 3497 3726 3567 τῷ

2142 3589 2337 3654 λέοντι,
2372 3591 2432 3644 τὺ
2469 3590 2791 3662 μοναστικὸν
2824 3590 2987 3643 αὐτοῦ
3011 3588 3113 3660 τῆς
3137 3591 3301 3661 ζωῆς,
3327 3589 3390 3642 τὸ
3415 3589 3725 3659 ἀκοινώνη-

2141 3697 2233 3735 τον
2279 3681 2417 3751 πρὸς
2465 3681 2526 3733 τὸ
2563 3680 2852 3751 ὁμόφυλον.
2891 3676 3017 3734 Οίον
3054 3681 3163 3752 γάρ
3195 3698 3280 3744 τις
3314 3680 3576 3752 τύραννος
3610 3680 3727 3734 τῶν

2142 3772 2380 3841 ἀλόγων,
2410 3773 2498 3827 διὰ
2524 3773 2623 3844 τὴν
2650 3775 2715 3826 ἐκ
2734 3773 2947 3843 φύσεως
2972 3772 3272 3843 ὑπεροψίαν
3303 3772 3400 3843 τὴν
3436 3772 3570 3844 πρὸς
3592 3772 3727 3837 τοὺς

2143 3864 2370 3928 πολλοὺς
2391 3864 2678 3936 όμοτιμίαν
2716 3866 2778 3918 οὐ
2809 3863 3182 3934 καταδέχεται.
3224 3863 3323 3925 '0;
3350 3878 3413 3932 γε
3444 3863 3564 3917 οὐδὲ
3604 3864 3725 3935 χθι-

2141 3958 2241 4028 ζὴν
2267 3958 2472 4029 τροφὴν
2500 3973 2802 4028 προσιεται,
2829 3956 2940 4010 οὐδ’
2970 3954 3036 4010 ἂν
3061 3954 3130 4009 τὰ
3156 3954 3382 4026 λείψανα
3406 3957 3506 4026 τῆς
3526 3954 3723 4008 ἐαυτοῦ

2141 4050 2315 4121 θήρας
2336 4049 2580 4104 ἐπέλθοι·
2604 4043 2648 4118 ᾧ
2680 4050 2773 4103 κα)⁸
2792 4049 3094 4121 τηλικαῦτα
3116 4049 3217 4119 τῆς
3244 4048 3431 4119 φωνῆς
3454 4047 3523 4101 τὰ
3551 4046 3724 4118 ὄργα-

2139 4160 2207 4197 να
2251 4145 2284 4215 ὴ
2321 4143 2482 4212 φύσις
2510 4142 2788 4212 ἐνέθηκεν,
2822 4140 2986 4205 ὥστε,
3020 4141 3192 4193 πολλὰ
3228 4139 3338 4192 τῶν
3365 4138 3518 4204 ζώων
3545 4139 3721 4211 ύπερ-

2140 4232 2403 4288 ϐάλλοντα
2431 4237 2495 4306 τῇ
2522 4234 2802 4305 ταχύτητι,
2855 4235 3003 4304 μόνῳ
3051 4233 3311 4297 πολλάκις
3336 4232 3612 4287 ἀλίκεσθαι
3643 4229 3725 4302 τῷ

2142 4323 2473 4396 βρυχήματι.
2514 4324 2795 4393 Ῥαγδαῖον
2843 4326 2877 4394 ἡ
2928 4324 3215 4396 πάρδαλις,
3271 4323 3367 4378 καὶ
3418 4323 3723 4396 ὀξύρροπον

2138 4416 2258 4476 ταῖς
2285 4414 2516 4484 ὁρμαῖς·
2563 4412 2869 4484 ἐπιτήδειον
2897 4414 3035 4485 αὐτῇ
3073 4413 3134 4466 τὸ
3172 4412 3333 4483 σῶμα
3368 4412 3724 4476 συνέζευκται

466 4506 649 4556 neum,
681 4492 933 4562 quodque
972 4494 1166 4547 anima!
1216 4495 1450 4548 motibus
1500 4495 1768 4557 convenit,
1805 4492 1854 4546 ei
1900 4506 2034 4546 eon-

2142 4506 2202 4576 τῇ
2231 4504 2486 4574 ὑγρότητι
2517 4506 2613 4558 καὶ
2646 4503 2726 4575 τῷ
2752 4503 2960 4575 κούφῳ,
2987 4506 3099 4568 τοῖς
3128 4505 3225 4576 τῆς
3253 4503 3429 4574 ψυχῆς
3456 4503 3723 4574 κινήμασι

457 4581 699 4650 junctum
727 4594 828 4639 est.
852 4583 1012 4653 Pigra
1041 4595 1123 4640 est
1155 4600 1295 4638 ursa:
1314 4593 1542 4655 natura,
1568 4583 1776 4638 indoles
1805 4582 2035 4652 peculia-

461 4676 558 4742 ris,
595 4691 774 4731 mores
821 4676 1050 4741 subdoli,
1080 4687 1135 4743 et
1180 4677 1287 4731 alte
1327 4677 1475 4732 tecti.
1512 4676 1699 4732 lnduta
1745 4686 1830 4731 est
1870 4679 2031 4731 etiam

2144 4594 2530 4665 συνεπόμενον.
2553 4595 2757 4668 Νωθρά
2782 4597 2816 4667 ἡ
2843 4596 3004 4664 φύσις
3033 4597 3133 4667 τῆς
3161 4596 3386 4668 ἄρκτου,
3422 4595 3823 4675 ίδιότροπρχπ.

2141 4687 2236 4740 καὶ
2263 4685 2324 4739 τὸ
2353 4681 2506 4755 ἦθος,
2536 4685 2788 4752 ὓπουλον,
2831 4686 2969 4757 βαθὺ
3004 4686 3285 4751 ἐνδεδυκός
3323 4686 3456 4757 (24).
3493 4685 3723 4756 Ὅμοιον

546 4871 742 4930 “Psal.
763 4891 950 4943 XLVIII,
979 4876 1062 4930 15.
1097 4876 1364 4932 "Coluss.
1407 4892 1487 4943 ιιι,
1530 4876 1581 4930 1.
1660 4875 1704 4907 ³⁸
1737 4875 1965 4945 Philipp.
2009 4890 2042 4928 ιι

2142 4875 2213 4931 ΞΟ.
2293 4880 2336 4910 ιδ
2364 4878 2533 4935 llehr.
2568 4896 2670 4947 xu,
2694 4881 2788 4948 22,
2817 4881 2889 4938 25

541 5016 839 5091 (l7)AR_eg.__
870 5016 1091 5091 quintus
1134 5016 1317 5091 αὐτοῖς
1362 5017 1395 5086 ἡ
1440 5015 1712 5091 γέννησις.
1750 5015 2037 5091 Aliquanto

461 5084 581 5156 pns't
609 5084 789 5139 editio
811 5084 970 5140 Basil.
1003 5102 1122 5158 euut
1145 5090 1326 5158 multts
1350 5084 1478 5140 mss.
1499 5088 1525 5140 6
1545 5084 1849 5158 ἄνθρωπος.
1876 5084 2040 5140 Deest

461 5158 724 5211 articulus
755 5158 807 5209 in
839 5158 1075 5210 editione
1108 5157 1285 5210 Paris.

530 5226 641 5298 (l8)
682 5227 862 5281 Codex
894 5227 1138 5282 Comhul‘.
1172 5226 1642 5298 C|lllliqllibllSdaln
1681 5240 1811 5279 mss.
1847 5225 2029 5298 νένευτ-

460 5295 573 5349 κεν.
607 5295 742 5351 Ιλᾷιίίιι
772 5313 893 5351 cum
918 5298 1237 5365 quihusdam
1268 5297 1387 5350 alits
1410 5295 1825 5367 προσνένευκεν.
1846 5295 2029 5367 [(Σοιιί.

460 5368 731 5421 Μεινιίιιιιι
768 5367 818 5420 ἰιι
860 5367 1099 5421 Crattteri
1136 5367 1391 5419 Anecdot.
1430 5365 1467 5437 ιζ
1490 5367 1571 5423 ΙΙΙ.
1598 5365 1747 5437 p.7.]

534 5436 659 5512 (19)~
675 5439 894 5512 Veteres
922 5437 1311 5512 quitiqttelibri
1351 5436 1656 5512 βλέπουσιν.
1685 5436 1816 5504 lleg.
1847 5445 2033 5490 sextus

458 5508 751 5561 σκοποῦσιν
783 5508 887 5571 ἕως
920 5507 1006 5561 ἄν.
1031 5507 1203 5571 Editi
1229 5507 1607 5560 σκοπεύουσιν.

533 5578 643 5648 (‘20)
681 5578 835 5632 Colb.
870 5569 1137 5648 secundus
1189 5569 1371 5647 ζητεῖν
1401 5579 1534 5630 ὅπου
1582 5578 1629 5629 ὁ.
1662 5575 1855 5631 Statim
1897 5574 2031 5645 Reg.

461 5650 679 5712 quintus
710 5647 879 5712 οὕτως
907 5647 1088 5700 διάθου
1121 5649 1365 5702 σεαυτόν.

534 5716 641 5789 (ξι)
675 5718 825 5789 Colb.
863 5720 1130 5789 secundus
1164 5718 1318 5782 ζώων
1347 5718 1713 5789 διακέκριται.

534 5785 646 5855 (22)
687 5788 864 5841 Edilio
910 5787 1069 5840 Bastl.
1124 5804 1245 5842 cum
1289 5804 1379 5844 sex
1410 5785 1560 5843 tttssf
1592 5787 1884 5858 ἐπιθυμίαν
1939 5787 2031 5841 τοῦ

2145 5017 2355 5088 θήλεος.
2400 5020 2505 5073 Sed
2546 5022 2862 5090 typograplti
2896 5020 3253 5084 Parisienses,
3286 5020 3428 5090 quod
3461 5021 3605 5076 hunc
3639 5020 3717 5076 Io-

2146 5103 2267 5141 cum
2307 5092 2557 5144 vitiosum
2593 5106 2713 5145 esse
2758 5100 3032 5159 putarent,
3076 5093 3415 5159 scripserunt
3442 5107 3456 5143 :
3485 5091 3587 5160 τῆς
3615 5092 3717 5215 011-

2146 5156 2285 5215 λεος.
2319 5162 2411 5213 sed
2443 5175 2745 5215 nerneram.
2770 5159 2941 5215 Graeci
2971 5162 3115 5214 enim
3147 5162 3327 5214 dicunt
3351 5163 3381 5215 6
3411 5161 3577 5215 θῆλυς
3600 5161 3659 5214 ὲλ
3692 5192 3717 5203 -

2145 5156 2285 5222 λεος,
2319 5162 2411 5232 sed
2438 5156 2941 5232 perperatnﬁGraaci
2971 5156 3115 5232 enim
3147 5156 3327 5214 dicunt
3351 5163 3381 5215 6
3411 5156 3577 5232 θῆλυς
3600 5156 3718 5215 ὲλέ-

2140 5245 2267 5296 φας,
2293 5300 2299 5302 Α
2325 5229 2518 5296 femina
2572 5231 2779 5302 elephas
2805 5233 2877 5302 .‘6
2912 5231 3076 5301 θῆλυς
3129 5232 3317 5296 ἵππος,
3367 5229 3520 5300 equo.
3554 5232 3718 5302 Igitur

2176 5310 2261 5353 nst
2292 5300 2398 5371 has
2427 5315 2603 5364 Voces,
2657 5299 2751 5352 τοῦ
2796 5299 3009 5371 θήλεος,
3040 5303 3290 5368 suppleas
3323 5299 3481 5355 velim
3526 5299 3713 5357 ἵππου.

2166 5371 2337 5423 bidem
2370 5368 2517 5438 Regii
2550 5381 2734 5423 sextus
2760 5382 2814 5424 et
2847 5368 3073 5425 octavus
3119 5371 3532 5425 ἀτιθάσσευτον.
3577 5373 3716 5426 Edili

2141 5454 2262 5492 cum
2287 5439 2406 5492 aliis
2439 5455 2564 5494 mss.
2588 5438 2995 5504 ἀτιθάσσευτος.
3028 5440 3169 5495 Nihil
3204 5443 3370 5495 refert
3403 5445 3501 5496 hoc
3526 5459 3594 5496 an
3626 5441 3717 5495 illo

2145 5509 2303 5583 modo
2348 5508 2515 5583 legas.
2568 5511 2775 5583 ibidem
2804 5513 2955 5564 mulli
2995 5526 3126 5565 tnss.
3164 5513 3260 5583 καὶ
3292 5511 3528 5583 δολερόν.
3558 5511 3718 5567 Deest

2143 5578 2321 5653 mihi
2358 5580 2538 5653 editis.
2589 5579 2706 5633 Mox
2748 5581 2879 5649 Reg.
2919 5589 3102 5653 sextus
3145 5580 3372 5653 μύρμηξ
3402 5578 3711 5652 φιλόπονον.

2216 5649 2325 5719 (‘25)
2358 5646 2488 5717 Reg.
2531 5661 2715 5704 St'xltts
2750 5646 3184 5719 συναπηγὰγετο.

2214 5718 2325 5791 (24)
2371 5719 2467 5770 Ms.
2500 5720 2743 5774 (lmnhel'.
2787 5737 2906 5774 cum
2953 5718 3083 5791 licg.
3114 5731 3309 5777 octavo
3338 5722 3473 5791 βαθὺ
3505 5720 3601 5777 καὶ
3625 5718 3714 5778 ἐν·

2143 5789 2380 5852 δεδυκὸς.
2418 5791 2570 5844 υυιδι
2605 5791 2698 5843 καί
2734 5795 2786 5846 itt
2817 5792 2977 5847 editis
3005 5789 3056 5846 ei
3089 5791 3142 5846 itt
3173 5794 3295 5847 aliis
3326 5789 3451 5849 mss.
