4082 6218
371 341 478 399 195

1461 316 1743 379 llOMlLlA
1780 312 1849 375 IX
1889 316 1955 372 IN
1995 306 2491 372 llEXAEMERON.

3520 302 3620 359 194

371 454 670 530 ἠμφίεσται
714 445 809 502 καὶ
851 443 911 498 τὸ
945 442 1122 515 σῶμα,
1161 439 1320 512 βαρὺ,
1359 434 1737 530 συμπεπηγδ-ς,
1760 431 1948 530 ἀδγάρ-

2075 427 2228 482 imile
2279 439 2494 494 corpus,
2539 436 2723 493 gravi»,
2774 427 3135 491 compactum,
3184 417 3426 475 articulis
3480 419 3622 474 haud

372 525 579 622 θ-ρωτον
609 541 745 610 (25).
790 538 997 607 πρέπον
1038 534 1116 605 τῷ
1147 534 1258 587 ὄντι
1300 529 1501 602 φωλάδι
1532 525 1942 622 κατεψυγμένη.

385 615 509 694 Ἓάν
547 628 909 704 ὲπερχώμεθα
944 625 1027 696 τῷ
1057 624 1201 694 λόγῳ
1236 625 1377 693 πόση
1415 623 1526 682 τοῖς
1577 618 1793 685 ἀλόγοις
1828 615 1953 668 τού-

372 745 484 790 τοις
524 722 817 792 ἐνυπάρχει
871 717 1155 779 ἀδίδακτος
1204 714 1303 768 καὶ
1357 711 1561 781 φυσικὴ
1615 709 1712 778 τῆς
1744 705 1949 760 ἑαυτῶν

377 815 518 884 ζωῆς
554 810 856 880 ἐπιμέλεια,
903 807 936 877 ἢ
992 804 1127 876 πρὸς
1172 803 1272 874 τὴν
1306 801 1462 873 ἡμῶν
1495 798 1672 854 αὐτῶν
1706 795 1952 866 φυλακὴν

378 906 472 960 καὶ
498 904 597 973 τῆς
628 901 736 955 τῶν
774 899 963 970 ψυχῶν
992 896 1266 967 σωτηρίας
1301 894 1559 964 πρόνοιαν
1586 889 1950 961 κινηθησόμε-

379 992 448 1047 θα
473 990 665 1063 (‘26),ﬂ
703 987 958 1042 ἐπιπλέον
994 981 1529 1057 κατακριθησόμεθα,
1553 982 1680 1034 ὅταν
1718 978 1955 1051 εὑρεθῶ·

381 1098 480 1155 μεν
516 1082 611 1136 καὶ
649 1081 747 1151 τῆς
785 1079 1068 1149 μιμήσεως
1110 1074 1218 1129 τῶν
1258 1073 1465 1141 ἀλόγων
1512 1068 1950 1138 ἀπολειπόμενοι.

382 1176 618 1248 ΙἈρκτος
654 1171 934 1233 πολλάκις,
986 1167 1312 1238 βαθυτάταις
1354 1161 1767 1235 κατατρωθεῖσα
1813 1159 1952 1230 πλη-

379 1271 522 1338 γαῖς,
551 1264 749 1336 ἑαυτὴν
781 1260 1014 1335 ίατρεύει
1042 1259 1175 1330 (27),
1209 1258 1412 1321 πάσαις
1440 1257 1709 1326 μηχαναῖς
1729 1251 1806 1322 τῷ
1830 1250 1956 1322 φλό-

384 1376 468 1429 μῳ
495 1355 665 1426 τούτῳ
700 1353 866 1425 ξηρὰν
896 1351 992 1424 τὴν
1027 1349 1187 1420 φύσιν
1215 1348 1389 1418 ἔχοντι
1414 1346 1512 1408 τὰς
1532 1341 1760 1406 ὠτειλὰς
1789 1357 1955 1413 παρα·

381 1448 604 1502 ϐύουσα.
640 1447 796 1508 ’Ἱδοις
817 1444 858 1496 δ’
889 1443 953 1496 ἂν
986 1443 1081 1496 καὶ
1108 1439 1366 1517 ἀλώπεκα
1396 1436 1473 1508 τῷ
1497 1435 1718 1507 δακρύῳ
1740 1434 1839 1504 τῆς
1868 1431 1957 1485 πί-

380 1557 508 1603 τυος
554 1538 752 1607 ἑαυτὴν
797 1535 1051 1604 ίωμένην.
1094 1529 1317 1601 Χελώνη
1365 1528 1443 1592 δὲ,
1482 1526 1701 1599 σαρκῶν
1746 1524 1958 1596 ἐχίδνης

383 1626 775 1701 ὲμφορηθεῖσα,
808 1624 896 1677 διὰ
919 1624 1016 1694 τῆς
1038 1621 1132 1675 τοῦ
1165 1620 1418 1691 ὀριγάνου
1450 1615 1801 1678 ἀντιπαθείας
1824 1613 1956 1682 φεύ-

384 1736 469 1788 γει
514 1718 611 1788 τὴν
647 1715 847 1786 βλάϐην
884 1712 978 1767 τοῦ
1016 1711 1241 1765 ἱοϐόλου,
1287 1710 1398 1762 Καὶ
1453 1708 1574 1777 ὄφις
1611 1705 1709 1777 τὴν
1748 1706 1806 1758 ὲν
1845 1706 1958 1766 τοῖς

2051 520 2387 584 distinctum,
2425 516 2550 571 ferae
2600 514 2805 585 frigidae
2858 514 2912 569 in
2966 512 3156 570 lustris
3201 513 3418 583 degenti
3464 512 3624 583 plane

2053 608 2542 666 accommodatum.
2602 605 2757 672 Quod
2823 604 2864 660 si
2935 619 3187 661 sermone
3243 618 3624 673 percurramus

2052 711 2256 772 quanta
2302 700 2453 755 hisce
2496 697 2671 752 brutis
2714 695 3042 751 animalibus
3082 695 3148 750 ad
3192 695 3621 751 conservandam

2054 808 2207 848 suam
2234 792 2402 847 vitam
2439 790 2572 845 insit
2612 788 2911 859 diligentia,
2938 802 3098 856 quam
3125 787 3315 842 educta
3345 801 3452 842 non
3478 775 3645 850 sunt,‘

2054 886 2148 942 sed
2179 898 2340 954 quam
2382 888 2576 937 natura
2621 880 2844 941 habent,
2875 889 2969 933 aut
3010 885 3078 934 ad
3126 893 3225 934 nos
3271 878 3415 949 ipsos
3446 887 3621 934 custo.

2056 976 2301 1042 diendos,
2332 982 2385 1029 et
2414 974 2481 1028 ad
2511 972 2739 1027 salutem
2770 972 3074 1025 animarum
3111 971 3405 1024 curandam
3440 970 3626 1038 impel.

2056 1068 2251 1133 lemur,
2272 1077 2365 1121 aut
2386 1065 2616 1135 amplius
2636 1062 3139 1126 condemnabimur,
3156 1077 3277 1116 cum
3305 1062 3626 1132 deprehensi

2058 1161 2318 1215 fuerimus
2375 1159 2540 1214 etiam
2598 1159 2665 1213 ab
2723 1156 3026 1211 imitatione
3089 1169 3345 1225 pecorum
3412 1154 3627 1210 abesse.

2018 1251 2202 1311 ,Ursa
2248 1265 2620 1321 saepenumero
2669 1248 3105 1320 profundissimis
3152 1248 3321 1318 plagis
3363 1250 3631 1315 sauciata,

2058 1344 2162 1399 sibi
2192 1344 2305 1414 ipsa
2336 1343 2601 1408 medetur,
2629 1342 2753 1398 dum
2777 1344 2924 1395 omni
2953 1352 3071 1396 arte
3097 1343 3358 1396 herhasco
3385 1349 3635 1395 naturam

2058 1436 2256 1491 siccam
2307 1434 2543 1488 habente
2591 1433 2815 1489 vulnera
2867 1434 3099 1490 obturat.
3145 1431 3371 1499 Vulpem
3420 1446 3635 1502 quoque

2059 1524 2161 1580 sibi
2198 1523 2300 1594 ipsi
2337 1522 2451 1593 pini
2491 1523 2749 1593 lacrymis
2800 1523 3157 1579 medicantem
3204 1523 3388 1579 videre
3434 1524 3635 1593 possis.

2061 1617 2298 1673 Testudo
2354 1629 2485 1671 vero
2535 1615 2734 1686 vipera:
2787 1615 3039 1670 carnibus
3097 1617 3388 1680 exsatiata,
3435 1629 3635 1671 noxam

2062 1712 2164 1768 sibi
2194 1727 2224 1765 a
2255 1718 2519 1766 venenata
2566 1709 2740 1764 bestia
2781 1708 3181 1777 impendentem
3218 1725 3313 1781 per
3340 1711 3637 1766 adversam

383 1809 678 1880 ὀφθαλμοῖς
720 1805 920 1877 βλάϐην
958 1805 1164 1869 satam
1192 1801 1479 1874 βοσκηθεὶς
1511 1798 1792 1872 μάραθρον
1819 1795 1952 1867 (28).

2075 1802 2274 1875 )rigani
2329 1813 2579 1857 naturam
2624 1801 2815 1855 evitat.
2856 1799 2992 1867 Quin
3042 1810 3095 1857 et
3138 1816 3363 1870 serpens
3400 1800 3639 1858 feniculu

385 1904 450 1955 Αἱ
478 1902 535 1954 δὲ
567 1896 904 1972 προγνώσεις
925 1895 1025 1967 τῆς
1054 1894 1181 1966 περὶ
1196 1893 1287 1947 τδν
1304 1893 1441 1965 ἀέρα
1469 1888 1773 1963 μεταϐολῆς
1797 1887 1956 1941 ποίαν

384 1991 503 2061 οὐχὶ
530 1989 741 2043 σύνεσιν
770 1986 993 2054 λογικὴν
1019 1983 1490 2055 ἁποκρύπτουσιν;
1518 1982 1652 2034 ὅπου
1682 1996 1746 2049 γε
1772 1976 1835 2031 τὸ
1860 1978 1957 2048 μὲν

387 2080 674 2152 πρόϐατον,
714 2076 982 2150 χειμῶνος
1013 2076 1345 2149 προσιόντος,
1373 2073 1589 2145 λάϐρως
1627 2072 1726 2143 τὴν
1755 2069 1959 2141 τροφὴν

384 2172 803 2245 ὲπεμϐάλλεται,
834 2169 1023 2241 ὥσπερ
1048 2167 1480 2238 ἐπισιτιζόμενον
1524 2165 1662 2237 πρὸς
1701 2163 1798 2234 τὴν
1828 2162 1956 2234 μέλι

382 2265 581 2322 λουσαν
629 2263 864 2317 ἔνδειαν·
905 2261 1023 2332 βόες
1063 2260 1139 2325 δὲ,
1178 2256 1700 2327 κατακεκλεισμένοι
1733 2253 1961 2326 χρονίως

383 2358 443 2413 ἐν
483 2356 602 2429 ὥρᾳ
635 2357 939 2428 χειμερινῇ,
977 2353 1079 2425 ἤδη
1113 2352 1243 2405 ποτὲ
1287 2350 1382 2403 τοῦ
1420 2349 1580 2419 ἔαρος
1624 2347 1958 2418 προσιόντος,

383 2452 451 2521 τῇ
494 2451 693 2519 ,ρυσικῇ
727 2447 977 2517 αἰσθήσει
1016 2443 1114 2515 τὴν
1156 2441 1459 2513 μεταϐολὴν
1489 2439 1853 2511 ἐκδεχόμενοι,
1899 2440 1964 2491 ἐκ

272 2572 285 2591 ι
385 2542 494 2597 τῶν
529 2540 853 2611 βοοστασίων
884 2537 994 2610 (29)
1026 2536 1159 2607 πρὸς
1185 2535 1282 2597 τὰς
1316 2533 1525 2601 ἐξόδους
1552 2531 1741 2605 ὁρῶσι,
1766 2532 1966 2593 πάντες

388 2634 479 2704 ὑφ’
510 2633 590 2687 ἐνί
613 2631 914 2701 συνθήματι
938 2626 1329 2699 μεταϐαλόντες
1357 2625 1420 2678 τὸ
1451 2625 1637 2696 σχῆμα
1665 2625 1801 2694 ('50).
1828 2618 1965 2695 ’Ἤδη

387 2726 449 2781 δέ
477 2742 619 2787 τινες
644 2724 750 2777 τῶν
779 2721 1075 2793 φιλοπόνων
1108 2722 1202 2774 καὶ
1230 2720 1320 2773 τὸν
1350 2720 1599 2789 χερσαῖον
1637 2718 1813 2787 ἐχῖνον
1842 2716 1967 2788 ἐτή-

394 2835 565 2893 ρησαν
602 2817 794 2880 διπλᾶς
826 2813 1097 2877 ἀναπνοὰς
1128 2815 1195 2885 τῇ
1223 2810 1417 2865 ἑαυτοῦ
1452 2809 1746 2865 καταδύσει
1787 2826 1958 2880 μηχα-

393 2914 716 2985 νησάμενον,
763 2909 857 2963 καὶ
897 2908 1179 2980 μέλλοντος
1226 2904 1323 2976 μὲν
1366 2903 1553 2975 βορέου
1607 2905 1784 2965 πνεῖν,
1831 2903 1970 2955 ἀπο-

394 3006 705 3079 φράσσοντα
727 3004 824 3073 τὴν
855 3000 1109 3074 ἀρκτῴαν
1125 3015 1139 3029 ο
1180 2998 1334 3051 νότου
1357 2998 1412 3051 δὲ
1439 2996 1598 3050 πάλιν
1623 2994 1970 3066 μεταλαμϐά-

394 3112 575 3161 νοντος
604 3094 737 3167 (51),
767 3096 846 3157 είς
888 3096 986 3163 τὴν
1045 3090 1374 3161 προάρκτιον
1440 3086 1857 3159 μεταϐαίνοντα.
1906 3085 1971 3137 Τί

395 3189 485 3245 διὰ
523 3188 727 3242 τούτων
775 3187 905 3257 ἡμῖν
953 3182 1331 3236 ύποδείκνυται
1368 3182 1479 3244 τοῖς
1517 3178 1861 3251 ἀνθρώποις;
1897 3178 1973 3230 Οὐ

400 3283 559 3356 μόνον
585 3281 646 3335 τὸ
674 3279 762 3334 διὰ
794 3251 1012 3332 πάντων
1039 3276 1247 3346 διήκειν
1269 3273 1363 3327 τοῦ
1389 3274 1675 3336 κτίσαντος
1706 3272 1852 3342 ἡμᾶς
1864 3251 2029 3341 “TV

400 3372 740 3443 ἐπιμέλειαν,
774 3368 910 3423 ἀλλὰ
942 3367 1037 3420 καὶ
1060 3366 1122 3419 τὸ
1143 3364 1293 3438 παρά
1320 3367 1431 3429 τοῖς
1455 3364 1672 3433 ἀλόγοις
1695 3359 1832 3417 εἷναί
1854 3377 1977 3416 τινα

399 3462 494 3518 τοῦ
529 3462 810 3533 μέλλοντος
837 3458 1109 3530 αἴσθησιν,
1145 3456 1286 3510 ὥστε
1320 3456 1414 3510 καὶ
1448 3458 1596 3526 ἡμᾶς
1630 3455 1705 3528 μὴ
1733 3458 1798 3527 τῇ
1835 3472 1979 3525 παρ-

401 3554 533 3625 ούσῃ
569 3552 682 3623 ζωῇ
716 3547 1161 3621 προστετηκέναι,
1203 3545 1318 3599 ἀλλ’
1368 3546 1508 3618 ὑπὲρ
1551 3545 1645 3599 τοῦ
1695 3545 1979 3617 μέλλοντος

401 3647 596 3708 αἰῶνος
644 3643 742 3715 τὴν
784 3643 961 3696 πᾶσαν
1001 3640 1146 3710 ἔχειν
1198 3638 1453 3709 σπουδήν.
1497 3640 1571 3692 Ού
1603 3637 1981 3710 φιλοπονήσεις

401 3738 532 3810 περὶ
577 3734 830 3798 σεαυτοῦ,
872 3732 1166 3805 ἀνθρωπε;
1214 3731 1313 3784 οὐκ
1352 3731 1410 3784 ὲν
1452 3729 1530 3801 τῷ
1564 3730 1793 3802 παρόντι
1825 3730 1982 3784 αἰῶνι

400 3827 809 3906 προαποθήσεις
859 3825 959 3888 τὰς
998 3823 1091 3877 τού
1124 3822 1410 3894 μέλλοντος
1451 3820 1805 3888 ἀναπαύσεις,
1846 3822 1983 3893 πρὸς

402 3922 465 3976 τὸ
497 3920 798 3989 ὑπόδειγμα
823 3917 917 3971 τοῦ
949 3915 1236 3987 μύρμηκος
1265 3912 1609 3983 ἀποϐλέψας;
1638 3915 1732 3977 Ὃς
1752 3914 1811 3967 ὲν
1836 3913 1983 3984 θέρει

402 4012 500 4083 τὴν
533 4011 811 4082 χειμέριον
849 4006 1053 4079 τροφὴν
1084 4004 1264 4077 ἐαυτῷ
1292 4003 1631 4075 θησαυρίζει,
1659 4004 1752 4057 καὶ
1779 4005 1878 4073 οὐχ
1903 4004 1984 4057 ὅτι

410 4105 575 4175 μήπω
609 4101 839 4172 πάρεστι
871 4099 979 4170 (52)
1016 4097 1085 4151 τὰ
1107 4097 1202 4151 τοῦ
1225 4095 1489 4168 χειμῶνος
1519 4094 1757 4165 λυπηρὰ,
1782 4094 1869 4148 διὰ
1896 4097 1989 4166 ρᾳ-

408 4196 606 4265 θυμίας
660 4193 1016 4264 παραπέμπει
1066 4191 1156 4243 τὸν
1205 4191 1428 4261 χρόνον⁸
1463 4188 1599 4243 ἀλλά
1645 4187 1847 4258 σπουδῇ
1880 4204 1987 4240 τινι

409 4284 769 4356 ἀπαραιτήτῳ
813 4283 947 4353 πρὸς
985 4282 1083 4354 τὴν
1122 4281 1387 4353 ἐργασίαν
1437 4281 1629 4335 ἑαυτὸν
1659 4280 1986 4341 κατατείνει.

410 4374 518 4439 ἕως
562 4374 628 4428 ἂν
665 4375 762 4442 τὴν
804 4372 1079 4444 ἀρκοῦσαν
1117 4373 1322 4442 τροφὴν
1365 4371 1695 4441 ἐναπόθηται
1738 4373 1851 4435 τοῖς
1892 4387 1991 4423 ταοι

2065 1905 2250 1966 pastus
2283 1895 2566 1950 oculorum
2614 1892 2821 1947 laesioni
2861 1892 3155 1946 remedium
3189 1893 3426 1950 adhibet.
3462 1893 3638 1961 Quam

2068 1987 2390 2042 rationalem
2422 1985 2766 2055 prudentiam
2812 2000 2917 2039 non
2964 1992 3224 2054 superant
3254 1999 3426 2040 aerea:
3460 1997 3606 2040 muta

2068 2078 2232 2136 tionis
2264 2078 2662 2146 praenmiones?
2696 2077 3140 2146 Quandoquidem
3177 2076 3313 2143 ovis,
3350 2076 3643 2131 accedente

2069 2172 2270 2239 hieme,
2303 2178 2517 2240 pastum
2549 2170 2705 2226 avide
2734 2178 2925 2237 vorat;
2953 2169 3106 2238 quasi
3138 2184 3236 2239 pro
3265 2168 3445 2224 futura
3469 2185 3642 2239 peuuu

2070 2264 2150 2318 ria
2200 2264 2404 2319 victum
2451 2264 2554 2319 sibi
2603 2273 2838 2335 pararet.
2870 2263 3043 2320 Boves
3085 2274 3266 2320 autem
3311 2265 3399 2320 diu
3449 2265 3645 2321 hiemis

2072 2365 2316 2424 tempore
2365 2356 2581 2424 inclusi,
2610 2355 2719 2425 jam
2758 2356 2973 2412 tandem
3018 2358 3277 2411 redeunte
3305 2370 3448 2425 vere,
3482 2365 3642 2411 natu-

2074 2447 2171 2501 rali
2212 2462 2375 2503 sensu
2420 2448 2775 2503 mutationem
2822 2447 3199 2517 percipientes,
3233 2456 3286 2502 et
3321 2447 3550 2504 stabulis
3578 2448 3646 2501 ad

2071 2540 2251 2595 exitus
2281 2549 2528 2609 spectant
2553 2547 2607 2595 et
2633 2554 2822 2595 omnes
2848 2554 2945 2595 ceu
2978 2556 3084 2594 uno
3113 2541 3266 2611 signo
3299 2541 3428 2597 dato
3451 2540 3645 2595 faciem

2072 2638 2419 2687 convertunt.
2451 2628 2572 2685 Jam
2605 2645 2735 2686 vero
2765 2630 3008 2686 nonnulli
3054 2647 3119 2686 ex
3168 2631 3253 2700 iis,
3287 2632 3379 2701 qui
3418 2634 3675 2688 studiosi.

2076 2732 2224 2790 sunt,
2250 2732 2564 2779 terrestrem
2602 2724 2948 2779 herinaceum
2997 2706 3354 2782 observarunt
3399 2726 3651 2797 spiramiu

2076 2830 2145 2869 na
2169 2814 2381 2885 gemina
2414 2813 2587 2868 lustro
2611 2828 2711 2870 suo
2738 2814 3023 2877 struxisse,
3055 2814 3166 2886 83
3197 2824 3358 2884 atque
3397 2817 3652 2887 aquilone

2077 2904 2368 2974 spiraturo,
2402 2903 2735 2974 aquilonium
2770 2905 3041 2973 spiramen
3075 2912 3357 2961 obstruere
3392 2923 3407 2961 :
3438 2918 3649 2973 contra,

2080 3005 2273 3050 austro
2308 2997 2504 3051 iterum
2540 2996 2888 3062 succedente,
2924 2999 2987 3050 ad
3021 2997 3437 3066 septentrionale
3471 3008 3652 3052 transit

2082 3086 2181 3141 ire.
2217 3085 2354 3152 Quid
2389 3100 2484 3154 per
2518 3086 2633 3142 hac
2669 3087 2823 3141 nobis
2857 3086 3165 3142 hominibus
3206 3087 3511 3143 indicatur?
3537 3087 3654 3144 Non

2079 3177 2252 3233 solum
2285 3178 2579 3233 edocemur
2626 3179 2924 3232 conditoris
2976 3179 3146 3233 nostri
3194 3177 3527 3248 diligentiam
3560 3194 3656 3233 eu-

2079 3284 2307 3340 ramque
2336 3271 2519 3326 omnia
2565 3271 2880 3339 pervadere,
2912 3271 3005 3325 sed
3048 3271 3210 3324 etiam
3239 3271 3524 3339 quemdam
3566 3270 3655 3326 fu-

2079 3363 2184 3419 turi
2218 3378 2435 3418 sensum
2465 3363 2751 3432 pecoribus
2778 3362 2959 3417 inesse
2987 3378 3003 3417 :
3033 3371 3090 3416 ut
3126 3378 3223 3417 nos
3250 3365 3503 3433 praesenti
3535 3365 3659 3420 vitm

2080 3471 2187 3510 non
2222 3457 2393 3511 simus
2423 3456 2644 3520 addicti,
2672 3458 2767 3510 sed
2814 3454 2881 3510 ad
2929 3455 3164 3510 futurum
3204 3456 3459 3512 saeculum
3499 3469 3660 3511 omne

2082 3547 2317 3602 studium
2350 3542 2716 3602 conferamus.
2744 3545 2858 3601 Non
2889 3547 2983 3601 tibi
3013 3548 3126 3613 ipsc
3153 3562 3480 3617 magnopere
3516 3546 3662 3603 labo-

2085 3641 2253 3703 rabis,
2285 3655 2319 3694 ο
2360 3640 2553 3694 homo?
2597 3655 2704 3695 non
2750 3640 2804 3695 in
2847 3641 3097 3711 praesenti
3153 3640 3350 3695 saeculo
3400 3642 3662 3697 recondes

2083 3746 2203 3802 qua:
2231 3734 2301 3807 ad
2331 3732 2431 3786 aevi
2473 3730 2638 3785 futuri
2678 3733 2916 3802 requiem
2946 3742 3213 3803 spectant,
3247 3732 3337 3788 ubi
3369 3733 3436 3788 ad
3468 3732 3661 3789 formi-

2086 3837 2161 3879 cae
2187 3822 2494 3894 exemplum
2537 3823 2885 3893 respexeris?
2930 3824 3059 3891 Quae
3089 3824 3142 3878 in
3171 3831 3362 3880 testate
3403 3824 3506 3881 sibi
3556 3825 3662 3897 ipsi

2085 3914 2331 3970 recondit
2382 3913 2616 3969 hiemale
2667 3913 3022 3981 alimentum,
3078 3923 3132 3969 et
3182 3925 3467 3987 propterea
3519 3920 3663 3987 quod

2087 4007 2326 4062 nondum
2381 4006 2578 4061 adsunt
2623 4006 2966 4060 incommoda
3031 4007 3260 4074 hiemis,
3321 4022 3664 4079 nequaquam

2088 4097 2330 4166 segniter
2382 4104 2596 4165 tempus
2630 4095 2864 4152 traducit
2892 4113 2908 4151 :
2936 4104 2992 4151 at
3038 4097 3237 4153 invicta
3278 4100 3512 4168 quadam
3553 4101 3667 4156 dili«

2088 4186 2268 4257 gentia
2303 4188 2371 4241 ad
2407 4200 2625 4255 operam
2656 4200 2714 4240 se
2742 4186 2856 4256 ipsa
2884 4196 3064 4257 urget,
3094 4187 3269 4246 donec
3307 4190 3663 4246 suiiieientem

2088 4279 2143 4333 in
2195 4277 2401 4334 cellulis
2449 4279 2753 4349 reposuerit
2800 4278 3112 4335 alimoniam
3145 4298 3159 4336 :
3187 4296 3363 4352 neque
3409 4282 3463 4337 id
3501 4284 3667 4354 neglia

2091 4369 2449 4441 genter:sed
2494 4369 2656 4425 edicit
2709 4370 2940 4440 sapienti
2998 4374 3231 4441 quadam
3290 4372 3507 4428 solertia
3537 4412 3554 4437 ,
3607 4384 3669 4429 ut

415 4466 639 4540 μιείοις⁸
696 4465 790 4519 καὶ¹
827 4465 947 4519 οὐδὲ
991 4464 1149 4516 τοῦτο
1191 4463 1470 4534 ῥᾳθύμως,
1528 4463 1666 4516 ἀλλά
1712 4465 1848 4532 σοφῇ
1882 4479 1970 4515 τιν

2092 4464 2268 4533 ipsum
2337 4462 2657 4517 alimentum
2708 4476 2873 4532 quam
2933 4462 3235 4519 diutiSsime
3294 4474 3664 4521 conservetur.

414 4557 629 4629 ἐπινοίᾳ
658 4557 758 4629 τὴν
785 4554 989 4627 τροφὴν
1019 4554 1366 4607 ὲπιπλεῖστον
1398 4554 1642 4626 διαρκεῖν
1666 4556 1776 4625 (55)
1809 4574 1985 4626 μηχα-

489 4671 603 4741 (Ξὸ)
645 4670 793 4741 Reg._
825 4668 1449 4741 quintusddatépilwcov.
1500 4669 1601 4741 Alii
1673 4685 1800 4724 mss.
1861 4686 1980 4725 cum

416 4738 592 4797 editis
616 4739 1002 4811 ἀδιάρθρωτον.
1049 4738 1165 4811 illex
1198 4738 1375 4811 editio
1419 4739 1585 4811 Basil.
1629 4754 1753 4811 cum
1804 4743 1986 4799 multis

418 4827 550 4865 mss.
583 4821 637 4865 et
675 4807 1010 4863 cuiubodice
1061 4807 1301 4861 Combel‘.
1339 4808 1541 4877 φωλάδι
1572 4810 1981 4884 κατεψυγμένη.

423 4882 597 4929 Editio
632 4880 802 4929 l‘aris.
834 4879 928 4929 καὶ
960 4877 1365 4929 κατεψυγμένη.

419 4882 597 4937 Editio
632 4880 802 4934 l‘aris.
834 4879 928 4931 καὶ
960 4879 1365 5000 κατεὲυγμένη,
1722 4879 1727 4880 γ
1826 4879 1835 4881 -
1931 4879 1960 4884 --

422 4951 602 5030 ,,(26)
629 4949 928 5030 ’μίξει-ευτ’
966 4967 1090 5019 κινη
1129 4934 1421 5018 ησόμεθα,ι
1448 4948 1590 5009 Ε.ιίιὶ
1629 4952 1981 5030 κιχησόμεθα,

422 5020 538 5075 Mox
577 5018 744 5072 editio
785 5018 950 5071 Basil.
997 5018 1118 5072 cum
1153 5034 1247 5071 sex
1286 5034 1416 5073 mss.
1453 5031 1647 5086 pra-tur
1690 5018 1842 5076 Bodl.
1891 5026 1983 5076 καὶ

421 5094 517 5162 τῆς
549 5091 832 5162 μιμήσεως
864 5088 991 5142 τῶν.
1032 5089 1206 5143 Editio
1247 5088 1418 5144 Paris.
1457 5090 1597 5144 locat
1634 5092 1773 5145 hanc
1820 5095 1987 5161 parti-

421 5163 593 5213 culam
627 5159 719 5212 καί
753 5172 877 5213 ante
905 5159 1034 5211 τῶν.

421 5172 593 5215 cutam
627 5172 719 5212 και
753 5172 877 5213 aute
905 5177 1034 5211 των.

432 5300 442 5302 4
494 5232 602 5300 (‘27)
648 5230 1163 5302 _Colb.Aseeuudu_sA
1193 5229 1391 5301 ἑαυτὴν
1447 5229 1789 5302 θεραπεύειν.
1848 5233 1990 5301 Lege

423 5298 739 5373 θεραπεύει,
771 5298 1069 5373 vel_sup_ple
1106 5298 1345 5367 λέγεται.

496 5369 605 5443 λεδ)
639 5369 823 5443 lﬂdilio
864 5370 1029 5443 Basil.
1082 5385 1202 5422 cum
1260 5369 1443 5443 multis
1495 5387 1621 5426 mss.
1684 5371 1988 5443 μάραθρον.

428 5438 604 5511 Editio
632 5439 804 5511 Paris.
841 5438 1103 5511 μάραθον,
1135 5441 1408 5494 mendose.

500 5508 852 5581 (29i_Code_x'
877 5508 1118 5581 Cbmbel‘.
1155 5524 1274 5563 cum
1319 5526 1411 5565 sex
1462 5510 1584 5565 aliis
1621 5526 1748 5566 mss.
1779 5511 1995 5581 βοοστα-

430 5577 582 5633 σίων.
623 5579 756 5647 Editi
788 5577 1136 5647 βουστασίων.

500 5647 611 5717 (50)
650 5646 751 5702 Ms.
787 5646 1027 5720 Comhef.
1075 5661 1128 5704 et.
1182 5650 1334 5717 Regii
1384 5650 1617 5717 primus,
1667 5651 1891 5720 quintus
1942 5663 1995 5705 et

429 5727 652 5775 octavus
678 5732 798 5772 cum
825 5719 975 5773 Colb.
1014 5730 1248 5774 secundo
1278 5719 1671 5789 μεταϐαλόντες
1690 5719 1759 5774 τὸ
1792 5723 1981 5793 σχῆμα.

708 5810 979 5872 Ριτιιοι.
1010 5811 1105 5873 Ge
1158 5813 1397 5875 XXIX.

2097 4555 2341 4610 Dissecat
2367 4554 2513 4608 enim
2547 4554 2666 4608 suis
2698 4552 2911 4623 ungulis
2943 4554 3151 4610 medios
3179 4553 3409 4622 fructus,
3438 4569 3507 4610 ne
3538 4570 3667 4625 ger-

2090 4672 2232 4743 Editi
2286 4670 2476 4743 saltem
2527 4685 2650 4726 cum
2708 4669 2843 4741 Reg.
2886 4670 3071 4743 _tertio
3123 4672 3521 4743 μεταϐαλόντες
3568 4674 3667 4738 τὰς

2089 4742 2260 4812 ὄψεις.
2298 4742 2442 4797 Idem
2491 4752 2575 4797 est
2616 4755 2837 4812 sensus.
2883 4741 3081 4812 lhidem
3125 4741 3234 4796 Tms.
3262 4742 3505 4797 Cmubet‘.
3544 4760 3666 4800 cum

2092 4810 2274 4883 Regiis
2298 4813 2461 4885 tertio
2485 4821 2541 4865 et
2569 4821 2760 4885 octavo
2784 4810 2885 4883 ἤδη
2918 4810 2976 4864 δέ
3005 4829 3243 4885 τινες....
3276 4813 3574 4885 ἐτήρησαν.
3597 4815 3670 4868 At

2091 4880 2376 4956 ver-pediti
2400 4897 2521 4936 cum
2549 4880 2819 4956 aliquibus
2850 4880 2980 4956 mss.
3006 4882 3188 4956 ἤδη-δέ
3208 4880 3392 4947 τις...’ζ
3408 4880 3665 4956 ἐτήρησε.

2165 4951 2274 5023 (51)
2316 4951 2429 5005 Duo
2465 4967 2594 5023 mss.
2631 4950 3057 5023 μεταλαϐόντος.
3099 4950 3239 5019 Reg.
3270 4950 3501 5009 octavus
3512 4950 3668 5022 'opti-

2094 5020 2196 5094 me».
2246 5020 2834 5094 notgzps'raé’aldwog.
2891 5021 3044 5076 Colh.
3085 5025 3354 5094 secundus
3398 5020 3671 5094 μεταϐάλ⁴

2093 5091 2531 5167 λοντος.-ῌ›ἰιὶθιιι
2563 5091 2695 5161 Reg.
2741 5092 2963 5167 quintus
3007 5094 3088 5167 εἰς
3130 5092 3229 5167 τὴν
3270 5091 3668 5167 προσαρκτίαν.

2166 5162 2276 5232 (52)
2318 5161 2449 5229 Reg.
2483 5171 2668 5233 sextus
2692 5162 2787 5233 καὶ
2804 5162 2901 5233 οὐχ
2922 5162 3004 5215 δτι
3024 5161 3084 5215 οὐ
3107 5161 3358 5233 πάρεστι.
3378 5161 3671 5232 Aliquanto

2095 5231 2218 5303 post
2264 5233 2433 5286 codex
2460 5231 2624 5303 idem
2652 5232 2872 5303 Αὲαυτὸν
2935 5231 3253 5303 κατεπείγει
3305 5233 3432 5297 ἓως,
3488 5234 3671 5289 Lectio

2097 5300 2300 5373 optima
2334 5318 2346 5354 :
2379 5301 2473 5373 sed
2505 5316 2610 5373 non
2630 5300 2827 5373 lavent
2854 5304 3031 5373 caeteri
3063 5300 3216 5370 mss.,
3256 5304 3307 5357 in
3336 5306 3536 5373 quibus
3558 5304 3669 5359 sic—

2098 5370 2158 5427 ut
2183 5381 2238 5425 et
2265 5370 2511 5446 in_editis
2540 5371 2733 5446 legitur
2777 5372 2969 5425 ἑαυτὸν
3002 5374 3331 5428 κατατείνει.
3355 5370 3481 5430 Mox
3502 5374 3671 5446 aliqui

2102 5457 2233 5497 mss.
2265 5442 2377 5512 τοῖς
2402 5441 2669 5512 ταμείοις.

2174 5512 2289 5581 (55)
2316 5511 2705 5586 Reg._sextus
2730 5512 2825 5566 ἐπὶ
2862 5513 3131 5586 πλεῖστον
3178 5514 3506 5586 διαρκέσειν.
3563 5513 3669 5586 Alii

2105 5590 2317 5659 mss..et
2344 5582 2473 5659 editi
2504 5581 2770 5652 διαρκεῖν.
2812 5583 3100 5654 Aliquanto
3136 5581 3436 5656 pOSt'Bodl.
3458 5583 3670 5659 τροφὴν

2104 5650 2267 5705 αὐτοῦ
2303 5651 2560 5721 γένοιντο.

3353 5822 3392 5880 7
