4048 6220
386 370 486 429 195
1187 389 1192 392 ·
1683 360 1739 414 S.
1783 353 2024 411 BASILII
2061 347 2277 407 MAGNI
3520 329 3632 385 {96

387 493 653 542 minantes
692 483 794 540 sibi
840 483 905 538 ad
951 480 1339 536 nutrimentum
1375 475 1592 532 inutiles
1629 474 1944 530 reddantur.
1977 515 1985 531 ε

2077 466 2310 537 ὡμενος.
2363 461 2651 516 Διακόπτει
2710 457 2816 529 γὰρ
2871 456 2992 518 ταῖς
3037 449 3229 507 ἐαυτοῦ
3276 448 3467 520 χηλαῖς
3516 448 3675 542 τῶνὶ

385 579 616 634 Eosdem
645 575 806 630 etiam
837 572 1092 637 exsiccat,
1127 580 1258 635 tum,
1287 584 1410 624 cum
1443 582 1538 624 eos
1567 567 1730 621 sentit
1775 563 1952 618 made-

2082 535 2289 624 capm‘bv
2333 554 2393 606 τὸ
2432 553 2774 624 μεσαίτατον,
2809 548 2882 610 ὡς
2919 547 2986 600 ἂν
3023 546 3098 616 μὴ
3140 542 3430 648 ἐκφυέντες
3465 535 3680 644 ﬁxa-li

389 669 561 724 factos
594 686 606 720 :
640 680 736 721 nec
777 664 921 718 omni
974 672 1214 732 tempore
1252 675 1346 715 eos
1385 657 1670 728 expromit,
1705 655 1794 710 sed
1832 667 1955 708 cum

2082 665 2177 701 πτοι
2209 646 2344 718 πρὸς
2376 645 2579 716 τροφὴν
2611 641 2758 712 αὐτῷ
2794 641 3054 709 γένοιντο.
3099 635 3209 689 Καὶ
3234 631 3481 702 διαψύχει
3507 631 3640 682 τού-

391 774 569 814 aerem
602 758 654 811 in
691 770 882 811 sereno
910 762 1050 808 statu
1084 765 1394 808 mansurum
1428 765 1549 806 esse
1591 743 1950 817 praesenserit.

2086 759 2206 806 τους,
2260 740 2386 793 ὅταν
2430 736 2683 808 αἴσθηται
2715 733 2892 787 αὐτῶν
2933 728 3265 800 διαϐρόχων·
3315 726 3409 821 καὶ
3440 725 3541 776 οὐκ

392 849 510 905 Νοη
543 847 727 917 utique
759 847 945 900 videas
976 845 1203 898 imbrem
1244 857 1312 897 ex
1355 841 1583 897 nubibus
1613 837 1953 901 deﬂuentem,

2089 831 2228 886 totch
2261 828 2551 902 προϐάλλει
2585 825 2780 899 καιρῷ,
2819 823 2932 877 ἀλλ’
2973 822 3101 874 ὅταν
3136 814 3509 917 προαίσθηται,
3533 811 3637 865 τοῦ
3668 811 3687 848 τ’

392 949 592 1010 quanto
644 947 887 1007 tempore
936 950 966 990 a
1012 933 1251 989 formicis
1283 933 1584 1005 expositum
1625 929 1956 986 frumentum

2063 924 2222 994 ἀέρος
2277 923 2335 974 ἐν
2399 920 2576 990 εὐδινῇ
2639 917 2751 988 (54)
2810 912 3142 969 καταστάσει
3205 905 3635 1015 φυλαττομένου.

393 996 495 1086 est.
531 1030 664 1097 Quis
713 996 890 1084 sermo
943 1030 1055 1083 haec
1106 1027 1276 1096 possit
1331 1024 1581 1094 assequi?
1614 1023 1733 1092 quis
1783 1021 1959 1090 capiet

2077 1013 2292 1085 Ἀμέλει
2339 1013 2438 1065 οὐκ
2477 1011 2543 1064 ἂν
2578 1010 2705 1072 ἴδοις
2735 1006 2938 1079 ὄμϐρον
2985 1007 3049 1058 ἐκ
3090 1001 3265 1072 νεφῶν
3305 996 3640 1097 ἐπιρρυέντα.

393 1087 650 1178 auditus?
690 1121 960 1191 quodnam
1004 1087 1210 1188 tempus
1241 1117 1372 1171 satis
1400 1087 1503 1170 erit
1532 1087 1770 1169 dicendis
1799 1087 1958 1166 enar-

2066 1107 2196 1178 παρ’
2221 1107 2343 1159 ὅσον
2371 1103 2560 1175 χρόνον
2602 1101 2667 1153 ἐκ
2704 1098 2809 1153 τῶν
2846 1098 3150 1170 μυρμήκων
3194 1095 3223 1146 ὁ
3263 1094 3406 1198 σῖτος
3437 1087 3637 1198 προϐέ-

395 1213 690 1282 randisque
733 1212 941 1282 opificis
983 1211 1256 1265 miraculis
1297 1208 1581 1265 omnibus?
1614 1208 1864 1261 Dicamus
1904 1213 1962 1260 et

2067 1197 2277 1268 6ληται.
2337 1195 2432 1258 Τίς
2481 1193 2736 1263 ἐφίκηται
2782 1190 2894 1262 (55)
2941 1189 3133 1256 λόγος;
3200 1184 3329 1238 ποία
3395 1181 3637 1282 χωρήσει

396 1319 495 1358 nos
538 1317 660 1359 cum
708 1300 1020 1372 Propheta:
1053 1302 1222 1368 Quam
1270 1301 1602 1369 magniﬁcam
1642 1308 1758 1353 sunt
1803 1313 1959 1363 opera

2065 1289 2238 1359 ἀκοῆς
2264 1287 2344 1351 τίς
2381 1285 2664 1358 ὲξοιρκὲσει
2700 1283 2890 1355 χρόνος
2919 1281 3095 1336 πάντα
3123 1279 3295 1332 εἰπεῖν
3328 1275 3421 1329 καὶ
3448 1274 3643 1345 διηγή-

395 1405 508 1460 tua,
547 1394 765 1448 Domine
791 1369 829 1447 1⁷
847 1394 1017 1448 omnia
1065 1396 1121 1447 in
1162 1393 1416 1460 sapientia
1461 1392 1630 1461 fecisti
1658 1391 1723 1444 ¹⁶.
1779 1389 1962 1457 Itaque

2068 1380 2258 1434 σασθαι
2287 1379 2378 1433 τοῦ
2394 1379 2636 1449 τεχνίτου
2657 1377 2726 1430 τὰ
2754 1375 3042 1446 θαύματα;
3068 1371 3326 1442 Εἴπωμεν
3353 1369 3447 1423 καὶ
3475 1369 3638 1438 ἡμεῖς

398 1459 542 1540 haud
575 1485 820 1541 excusari
851 1486 1164 1555 poterimus,
1189 1459 1330 1554 quod
1360 1499 1422 1538 ea
1451 1459 1571 1553 quae
1601 1479 1958 1538 conducibilia

2073 1470 2209 1542 μετά
2237 1470 2331 1525 τοῦ
2365 1471 2644 1541 προφήτου
2665 1485 2678 1498 ·
2721 1468 2813 1533 Ὡς
2838 1465 3224 1555 ἐμεγαλύνθη
3239 1461 3309 1555 τὰ
3333 1459 3474 1555 ἔργα

399 1586 545 1642 sunt,
573 1576 766 1630 litteris
812 1591 914 1630 non
966 1589 1149 1630 sumus
1195 1576 1368 1630 edocti
1401 1593 1414 1628 :
1446 1573 1878 1644 quandoquidem
1908 1573 1961 1625 id

2068 1564 2272 1631 Κύριε·
2307 1561 2502 1615 πάντα
2524 1561 2593 1613 ἐν
2631 1558 2818 1627 σοφίᾳ
2849 1557 3159 1624 ἐποίησας.
3197 1551 3273 1606 Οὐ
3321 1550 3500 1644 τοίνυν
3525 1546 3637 1644 (τε)

400 1639 542 1733 quod
586 1664 716 1719 utile
761 1675 862 1730 est,
899 1681 994 1737 per
1032 1667 1202 1737 legem
1249 1639 1618 1720 naturae-citra
1659 1639 1960 1720 doctrinam

2069 1656 2200 1725 ἡμῖν
2227 1653 2362 1723 πρὸς
2389 1650 2682 1719 ἀπολογίαν
2724 1647 2994 1719 αὐταρκες
3036 1645 3095 1700 τὺ
3128 1644 3202 1716 μὴ
3230 1643 3520 1714 γράμμασι
3561 1639 3640 1744 δὲ-

401 1756 556 1810 nobis
587 1757 784 1824 eligere
812 1735 956 1810 licet.
991 1735 1112 1813 Scis
1141 1758 1266 1827 quid
1305 1772 1336 1811 a
1367 1767 1419 1812 te
1441 1757 1566 1812 boni
1597 1755 1960 1827 praastandum
1992 1828 1999 1832 _

2069 1745 2330 1815 δαχθῆναι
2383 1743 2451 1796 τὰ
2514 1742 2880 1814 συμφέροντα,
2934 1739 3010 1810 τῷ
3062 1735 3329 1806 ἀδιδάκτῳ
3375 1735 3500 1832 151'};-
3537 1735 3640 1832 φιξ-

399 1848 470 1901 sit
520 1823 802 1916 proximo?
852 1847 1004 1914 Quod
1054 1823 1173 1903 tibi
1202 1849 1300 1917 ipsi
1351 1849 1419 1902 ab
1471 1823 1642 1904 altero
1687 1847 1768 1902 vis
1821 1829 1997 1901 ﬁeri.1

2064 1853 2202 1900 σεως
2248 1836 2397 1906 νόμῳ
2445 1835 2542 1906 τὴν
2587 1835 2682 1887 τοῦ
2715 1831 3117 1894 λυσιτελοῦντος
3159 1828 3368 1900 αἵρεσιν
3413 1823 3639 1894 δεξαμέ-

400 1936 554 1990 Nosti
583 1936 708 2004 quid
746 1937 816 1990 sit
847 1937 1081 1991 malum?
1113 1937 1264 2003 Quod
1290 1938 1402 2007 ipse
1431 1936 1567 1992 nolis
1600 1937 1668 1991 ab
1700 1936 1804 1990 alio
1835 1936 1963 2004 pali.

2070 1945 2197 1990 νοις.
2258 1923 2418 1990 Οἶδας
2482 1926 2533 1979 τί
2595 1926 2838 1997 ποιήσεις
2897 1923 2976 1994 τῷ
3033 1921 3258 1992 πλησίον
3321 1918 3519 1981 καλόν;
3573 1918 3638 1969 Ὃ

402 2026 555 2083 Nulla
589 2029 942 2083 secandarum
997 2029 1236 2082 radicum
1288 2044 1400 2093 ars,
1438 2027 1641 2082 nullum
1677 2026 1966 2082 herbarum

2072 2018 2280 2089 σεαυτῷ
2339 2018 2515 2088 βούλει
2570 2019 2697 2088 παρ’
2752 2017 2937 2087 ἐτέρου
2986 2013 3256 2081 γενέσθαι.
3311 2007 3469 2074 Οἶδας
3511 2011 3539 2062 ὃ
3587 2007 3643 2063 τί

402 2118 835 2186 experimentum
883 2118 1054 2171 brutis
1100 2117 1426 2173 animalibus
1459 2117 1669 2171 utilium
1713 2117 1969 2186 cognitio-

2071 2111 2201 2165 ποτέ
2268 2111 2383 2163 ἐστι
2448 2111 2509 2163 τὸ
2561 2109 2777 2173 κακόν;
2833 2109 2897 2160 "O
2947 2107 3046 2159 οὐκ
3102 2105 3169 2158 ἂν
3223 2104 3384 2166 αὐτὸς
3450 2101 3642 2186 inde}!

407 2182 528 2262 nem
557 2206 786 2264 contulit
811 2226 825 2262 :
855 2209 949 2263 sed
979 2208 1293 2262 naturaliter
1321 2209 1740 2279 unumquodque
1771 2182 1971 2262 animal

2069 2203 2210 2258 ἕλοιο
2237 2202 2363 2274 παρ’
2397 2201 2603 2273 ἐτέρου.
2655 2200 2890 2271 Οὐδεμία
2934 2195 3249 2269 ῥιζοτομικὴ
3290 2195 3475 2265 τέχνη,
3521 2182 3643 2246 οἶδδὲ

407 2302 596 2355 salutis
642 2300 1015 2370 comparanda:
1063 2301 1328 2356 rationem
1381 2301 1652 2372 cognovit,
1698 2301 1969 2369 habetque

2071 2294 2332 2366 ἐμπειρία
2393 2293 2646 2364 βοτανικὴ
2711 2291 2820 2344 τῶν
2890 2290 3180 2360 ὠφελίμων
3247 2291 3359 2350 τοῖς
3427 2286 3644 2354 ἀλόγοις

408 2389 822 2445 inenarrabilem
868 2391 1154 2458 quamdam
1205 2403 1324 2446 cum
1374 2402 1438 2446 eo
1488 2391 1628 2460 quod
1676 2389 1970 2446 secundum

2070 2385 2167 2458 τὴν
2199 2383 2538 2440 διδασκαλίαν
2566 2383 2781 2455 ἐξεῦρεν
2804 2401 2817 2413 ·
2852 2382 2988 2437 ἀλλά
3013 2379 3254 2451 φυσικῶς
3282 2380 3511 2431 ’ἑκαστον
3533 2377 3643 2429 τῶν

405 2489 655 2533 naturam
684 2491 766 2535 est
795 2481 1264 2536 necessitudinem.

2073 2477 2228 2542 ζώων
2254 2479 2354 2550 τῆς
2380 2478 2587 2540 οίκείας
2615 2477 2732 2530 ἐστὶ
2762 2475 3033 2546 σωτηρίας
3062 2471 3396 2545 ποριστικὸν,
3423 2471 3516 2524 καὶ
3544 2469 3645 2541 ἀῤ-

2076 2571 2238 2641 ῥητόν
2283 2586 2403 2623 τινα
2445 2568 2705 2638 κέκτηται
2742 2567 2839 2637 τὴν
2883 2566 3017 2638 πρὸς
3067 2565 3126 2618 τὸ
3169 2561 3308 2616 κατὰ
3352 2562 3512 2630 φύσιν
3565 2561 3650 2613 oi-

2074 2678 2135 2714 κε
2144 2662 2314 2717 ίωσιν.

477 2754 530 2808 4.
571 2751 811 2808 Insident
856 2753 1033 2806 autem
1082 2758 1138 2806 et
1191 2750 1346 2807 nobis
1397 2751 1626 2806 virtutes
1675 2750 1969 2807 secundum

2142 2753 2202 2809 4.
2231 2753 2350 2806 Εἰσὶ
2389 2752 2447 2804 δὲ
2491 2752 2585 2805 καὶ
2618 2749 2748 2822 παρ’
2783 2752 2915 2820 ἡμῖν
2953 2751 3007 2803 αἱ
3053 2746 3245 2819 ἀρεταὶ
3280 2743 3420 2800 κατὰ
3458 2743 3639 2812 φύσιν,

409 2852 676 2910 naturam,
700 2858 822 2898 cum
847 2826 1040 2912 quibus
1064 2843 1206 2898 inest
1227 2843 1420 2898 animai
1459 2841 1690 2896 affinitas
1719 2841 1968 2912 quaedam

2073 2845 2211 2916 πρὸς
2243 2845 2309 2908 ἃς
2342 2845 2376 2916 ἡ
2405 2843 2675 2906 οἰκείωσις
2701 2843 2800 2912 τῆς
2824 2841 3002 2914 ψυχῆς
3031 2841 3141 2912 (57)
3169 2840 3268 2893 οὐκ
3297 2839 3361 2890 ἐκ
3386 2835 3644 2890 διδασκα-

411 2952 520 2992 non
567 2951 635 2992 ex
678 2935 924 2990 doctrina
972 2934 1290 3000 hominum,
1339 2934 1434 2989 sed
1481 2949 1548 2989 ex
1593 2934 1707 3003 ipsa
1759 2941 1969 2987 natura.

2075 2936 2193 3000 λίας
2219 2933 2538 3007 ἀνθρώπων,
2574 2933 2689 2989 ἀλλ’
2723 2931 2783 2998 ἐξ
2816 2934 2983 3004 αὐτῆς
3017 2932 3117 3002 τῆς
3155 2931 3366 3000 φύσεως
3409 2928 3648 2998 ἐνυπάρ-

409 3028 870 3096 Quemadmodum
920 3027 1063 3081 enim
1121 3027 1269 3080 nulla
1314 3025 1596 3095 disciplina
1640 3039 1740 3081 nos
1786 3027 1975 3081 edocet

2076 3045 2182 3098 χει.
2231 3025 2317 3089 Ὠς
2358 3024 2467 3095 γὰρ
2501 3023 2676 3088 οὐδεὶς
2722 3025 2869 3094 ἡμᾶς
2904 3023 3058 3091 λόγος
3094 3021 3334 3076 διδάσκει
3365 3019 3462 3091 τὴν
3490 3019 3647 3072 νόσον

409 3121 662 3173 morbum
708 3119 909 3184 odisse,
944 3117 1038 3172 sed
1085 3133 1148 3172 ex
1191 3117 1591 3188 nobismetipsis
1622 3133 1683 3173 ea
1715 3135 1837 3189 quae
1867 3135 1973 3173 mo-
2003 3181 2007 3189 Α

2082 3120 2277 3189 μισεῖν,
2314 3118 2426 3170 ἀλλ’
2455 3115 2757 3186 αὐτόματον
2781 3113 2974 3185 ἔχομεν
3001 3113 3100 3185 τὴν
3127 3113 3261 3183 πρὸς
3288 3111 3356 3164 τὰ
3377 3109 3648 3164 λυποῦντα

411 3169 661 3173 ---ν-η--
948 3169 1037 3172 η-
1720 3169 1834 3189 τ.--
1869 3169 1946 3173 --η

411 3211 621 3264 lestiam
672 3217 889 3274 creant,
943 3223 1257 3264 aversamur
1286 3225 1302 3263 :
1333 3210 1406 3263 ita
1455 3219 1509 3263 et
1559 3212 1737 3264 anima
1770 3226 1800 3265 a
1835 3179 2009 3265 malo‘

2075 3169 2343 3283 διαϐολήν
2377 3209 2517 3263 οὕτω
2557 3169 2651 3262 καὶ
2678 3210 2746 3278 τῇ
2777 3169 2920 3279 ψ’ὐχῇ
2961 3169 3073 3277 (58)
3113 3169 3348 3267 soften;
3367 3203 3648 3266 ἀδίδακτος

413 3299 647 3354 declinat
670 3299 804 3354 citra
837 3299 1162 3354 doctrinam.
1189 3297 1362 3353 Omne
1391 3307 1568 3354 autem
1603 3301 1791 3354 vitium
1818 3302 1975 3372 aegri-

2077 3303 2316 3366 ἔκκλισις
2340 3301 2434 3354 τοῦ
2463 3299 2652 3354 κακοῦ.
2682 3299 2866 3353 Κακὸν
2901 3299 2959 3352 δέ
2989 3299 3097 3351 πᾶν
3126 3296 3404 3369 ὰρῤωστία
3429 3294 3607 3366 ψυχῆς
3628 3310 3642 3324 ο

414 3389 541 3444 tudo
563 3397 649 3443 est
674 3388 866 3442 animae
897 3405 912 3442 :
946 3388 1118 3444 virtus
1141 3403 1268 3444 vero
1295 3388 1560 3444 rationem
1592 3391 1798 3445 obtinet
1838 3391 1976 3446 sani-

2076 3397 2109 3465 ή
2136 3393 2193 3447 δὲ
2224 3392 2392 3464 ἀρετὴ
2440 3391 2595 3460 λόγον
2634 3390 2841 3460 ὑγιείας
2883 3389 3088 3460 ἐπέχει.
3137 3387 3333 3452 Καλῶς
3361 3387 3469 3460 γὰρ
3511 3385 3645 3457 ὡρί-

412 3481 558 3536 tatis.
591 3479 814 3545 Quidam
847 3479 989 3534 enim
1015 3480 1104 3548 qui
1135 3481 1421 3535 sanitatem
1456 3490 1600 3536 recte
1629 3481 1970 3546 deﬁnierunt,

2080 3485 2238 3540 σαντό
2265 3501 2407 3548 τινες
2443 3483 2649 3551 ὑγίειαν
2685 3479 2822 3536 εἶναι
2872 3482 2969 3554 τὴν
3013 3480 3331 3536 εὐστάθειαν
3371 3480 3479 3534 τῶν
3505 3476 3649 3533 κατά

416 3573 604 3626 dixere
627 3583 742 3625 eam
772 3585 893 3625 esse
925 3571 1194 3625 actionum
1232 3571 1556 3626 naturalium
1602 3573 1796 3628 bonam
1825 3574 1977 3627 habi-

2080 3578 2239 3648 φύσιν
2272 3575 2578 3646 ἐνεργειῶν.
2619 3576 2684 3628 Ὃ
2707 3575 2799 3627 καὶ
2825 3575 2915 3627 ἐπὶ
2938 3574 3038 3644 τῆς
3063 3573 3204 3627 κατὰ
3231 3572 3408 3643 ψυχὴν
3436 3569 3650 3636 εὐεξίας

418 3663 676 3715 tudinem.
711 3660 862 3728 Quod
892 3662 1032 3716 idem
1055 3662 1099 3716 si
1126 3663 1247 3731 quis
1277 3677 1492 3732 quoque
1523 3663 1590 3718 de
1615 3663 1755 3719 bono
1785 3664 1977 3718 animae

2079 3665 2266 3730 εἰπὼν,
2301 3666 2397 3736 οὐχ
2425 3667 2727 3736 ἁμαρτήσει
2760 3664 2852 3718 τοῦ
2885 3664 3204 3736 πρέποντος.
3241 3663 3402 3716 Ὅθεν
3433 3662 3648 3733 ὀρεκτι-

417 3755 607 3809 liabitu
639 3753 860 3821 dixerit,
901 3769 930 3806 a
967 3753 1161 3808 decoro
1194 3768 1298 3808 non
1331 3754 1624 3810 aberrabit.
1657 3754 1834 3821 Quare
1858 3756 1978 3809 ani-

2080 3758 2150 3826 κὴ
2185 3756 2276 3809 τοῦ
2312 3757 2510 3809 οἰκείου
2549 3757 2642 3809 καὶ
2673 3755 2812 3809 κατά
2839 3755 2997 3824 φύσιν
3041 3757 3174 3826 αὐτῇ
3207 3753 3317 3826 (59)
3350 3753 3649 3817 ἀδιδάκτως

418 3861 503 3900 ma
556 3845 691 3899 citra
747 3843 1048 3898 doetrinam
1097 3844 1150 3897 id
1206 3846 1347 3914 quod
1400 3846 1501 3901 sibi
1548 3848 1821 3916 proprium
1872 3859 1976 3909 est,

2080 3849 2282 3918 ὲστὶνή
2312 3848 2478 3919 ψυχή.
2515 3848 2605 3900 Διὸ
2630 3848 2884 3918 ἐπαινετὴ
2913 3849 3075 3901 πᾶσιν
3105 3850 3137 3918 ή
3167 3849 3485 3920 σωφροσύνη
3505 3866 3519 3880 ο
3553 3847 3649 3900 καὶ

416 3937 667 4004 quodque
696 3935 795 3990 sibi
827 3943 1018 3988 natura
1049 3936 1317 4000 convenit,
1347 3938 1567 4005 appetit.
1605 3937 1741 3992 Hinc
1772 3947 1976 4006 tempe-

2081 3939 2348 4011 ἀποδεκτὴ
2401 3942 2434 4010 ἡ
2489 3941 2834 4009 δικαιοσύνῃ’
2881 3940 2974 3993 καὶ
3014 3939 3296 4010 θαυμαστὴ
3337 3938 3644 4010 ἡάνδρεία·

414 4027 590 4080 rantia
632 4026 703 4080 ab
737 4025 988 4081 omnibus
1039 4026 1304 4092 laudatur,
1350 4029 1677 4097 approbatur
1716 4031 1927 4100 justitia
1962 4050 1974 4084 :

2081 4034 2174 4086 καὶ
2213 4035 2246 4103 ή
2277 4033 2535 4104 φρόνησις
2567 4033 3046 4102 περισπούδαστος.
3095 4032 3162 4083 Ἃ
3189 4029 3492 4101 οίκειότερά
3532 4030 3647 4084 ἐστι

417 4117 678 4172 fortitudo
710 4126 792 4172 est
825 4118 1166 4173 admirationi
1198 4136 1212 4173 :
1242 4121 1525 4189 prudentia
1557 4123 1713 4176 valde
1751 4132 1977 4192 exopta-

2081 4123 2315 4194 τῇψυχῇ
2349 4121 2548 4193 μᾶλλον
2599 4122 2631 4193 ἢ
2677 4122 2752 4193 τῷ
2803 4122 3011 4193 σώματι
3059 4126 3092 4194 ἠ
3139 4122 3314 4190 ὑγεία.
3349 4120 3432 4174 Τὰ
3463 4121 3645 4186 τέκνα,

417 4220 525 4265 tur.
574 4209 704 4276 Quae
747 4208 974 4264 virtutes
1016 4210 1186 4279 magis
1232 4211 1447 4280 proprie
1477 4211 1590 4283 84
1633 4214 1698 4267 ad
1743 4215 1977 4267 animam

2083 4215 2330 4280 ἀγαπᾶτε
2345 4213 2469 4274 τοὺς
2500 4212 2740 4283 πατέρας
2762 4212 2892 4282 (40).
2931 4216 2994 4266 Οἱ
3019 4211 3240 4282 ’γονεῒᾳ
3264 4209 3351 4280 μὴ
3382 4210 3651 4280 παροργί-

415 4303 710 4374 pertinent,
739 4316 898 4371 quam
941 4303 1007 4356 ad
1052 4317 1247 4372 corpus
1291 4304 1513 4359 sanitas.
1550 4305 1818 4374 νοεᾞΙίἰ,
1855 4308 1977 4360 dili-

2082 4304 2204 4365 ζετε
2230 4305 2302 4357 τὰ
2327 4303 2526 4357 τέκνα.
2555 4304 2646 4374 Μὴ
2679 4305 2824 4373 καὶὴ
2857 4301 3015 4371 φύσις
3043 4301 3214 4355 ταῦτα
3241 4302 3300 4355 οὐ
3333 4301 3518 4371 λέγει;
3546 4301 3651 4353 Οὐ-

422 4393 529 4460 gite
573 4401 841 4461 parentes.
886 4389 985 4443 Vos
1023 4400 1283 4459 parentes,
1322 4391 1478 4446 nolite
1533 4391 1600 4445 ad
1648 4392 1977 4446 iracundiam

2082 4401 2168 4453 δὲν
2208 4399 2388 4452 καινὸν
2411 4399 2668 4468 παραινεῖ
2695 4394 2922 4458 Παῦλος,
2952 4393 3088 4447 ἀλλὰ
3116 4393 3184 4448 τὰ
3213 4393 3388 4464 δεσμὰ
3416 4393 3516 4462 τῆς
3548 4391 3650 4460 φύ-

419 4498 697 4551 provocare
729 4481 865 4550 ﬁlios
899 4481 963 4536 ³⁷.
999 4479 1248 4552 Nunquid
1305 4483 1419 4538 haec
1467 4497 1573 4537 non
1621 4483 1749 4539 dicit
1784 4495 1839 4538 et
1883 4499 1981 4538 na-
2011 4514 2017 4524 ε

2050 4505 2222 4560 ,σεως
2277 4488 2612 4556 ἐπισφίγγει.
2661 4486 2723 4538 Εἰ
2769 4487 2802 4555 ἡ
2849 4484 3030 4536 λέαινα
3080 4483 3296 4555 στέργει
3345 4483 3413 4536 τὰ
3454 4481 3515 4546 ἐξ
3557 4482 3648 4536 αὐ-

415 4582 538 4628 tura
573 4573 724 4643 ipsa?
762 4571 904 4627 Nihil
954 4573 1078 4628 novi
1131 4583 1312 4630 monet
1351 4573 1550 4630 Paulus
1581 4575 1727 4630 :rscd
1776 4585 1980 4630 naturae

2084 4578 2184 4649 τῆς
2210 4577 2342 4648 (41),
2378 4577 2470 4630 καὶ
2516 4576 2676 4639 λύκος
2713 4575 2852 4645 ὑπὲρ
2881 4575 3164 4628 σκυλάκων
3197 4576 3448 4646 μάχεται,
3480 4573 3534 4626 τί
3570 4572 3648 4625 εἷ-

416 4666 628 4721 vincula
665 4665 1003 4735 constringit.
1048 4662 1107 4720 Si
1152 4664 1316 4721 leaena
1359 4676 1504 4721 amat
1552 4666 1691 4724 fetus
1744 4683 1894 4726 suos.
1928 4679 1980 4722 et

2087 4689 2162 4742 πῃ
2194 4670 2303 4742 (42)
2334 4670 2618 4742 ἅνθρωπος
2666 4669 2759 4722 καὶ
2807 4668 2907 4738 τῆς
2949 4668 3166 4740 ἐντολῆς
3194 4668 3519 4740 παρακούων
3555 4667 3648 4720 καὶ

501 4783 546 4813 ¹⁶
576 4782 718 4836 Psal.
749 4798 867 4847 cui,
896 4781 987 4836 2i.
1066 4781 1106 4812 "’
1140 4781 1334 4850 pres.
1370 4796 1443 4845 νι,
1475 4783 1526 4836 4.

489 4900 886 4973 (5})_Nonmi_lli
921 4903 1150 4973 mss._év
1177 4901 1426 4973 εὐδιεινῇ.
1466 4900 1583 4956 Mox
1619 4917 1713 4958 sex
1741 4919 1868 4959 mss.
1909 4905 1972 4957 ἐκ

2153 4903 2263 4973 (59)
2297 4901 2395 4956 Ms.
2416 4901 2657 4973 Combef.
2683 4915 2804 4973 cum
2839 4901 3028 4973 Regiis,
3047 4901 3244 4973 primo,
3267 4903 3478 4971 quinto,
3495 4910 3647 4956 sexto

415 4969 591 5042 νεφῶν
612 4970 957 5042 ἐπιρρυέντα.
996 4970 1133 5024 Εόίιὶ
1163 4969 1524 5042 ἀπορρυέντα.
1638 5041 1645 5042 7

2078 4982 2132 5026 et
2158 4969 2349 5027 Octavo
2387 4971 2710 5040 κατὰφύσιν
2745 4971 2905 5042 αὐτή.
2928 4969 3083 5026 Ἐᾱίιί
3122 4987 3250 5026 vero
3285 4969 3409 5027 cum
3438 4973 3645 5026 duobus

491 5037 601 5110 (55)
641 5037 780 5112 [ξος.-
823 5049 1046 5112 octavus
1080 5056 1200 5112 cum
1251 5037 1685 5112 Colbasecundo
1738 5043 1820 5106 τίς
1873 5045 1971 5112 ἐφ·
2082 5060 2089 5094 l

823 5049 1046 5112 octavus
1080 5056 1200 5112 cum
1251 5037 1685 5112 Colbasecundo
1738 5043 1820 5106 τίς
1873 5045 1971 5112 ἐφ-
2082 5059 2215 5096 mss.
2241 5044 2402 5112 αὐτῇ.

425 5108 616 5181 ίκοιτ-ο.
639 5108 783 5181 Ειιὶιῆ
823 5124 945 5181 cum
972 5109 1238 5181 aliquibus
1260 5124 1389 5166 mss.
1419 5109 1691 5181 ἐφίκηται.
1916 5108 1925 5112 ⁷

2151 5113 2262 5181 (40)
2291 5108 2504 5180 Legitur
2550 5111 2746 5177 Eplies.
2779 5126 2850 5175 v1,
2885 5111 2934 5177 1,
2972 5110 3275 5165 ὑπακούετε
3317 5114 3429 5175 τοῖς
3461 5110 3646 5181 γονεῦ-

473 5177 599 5248 (56)
638 5177 787 5248 Regii
835 5179 1059 5247 primus,
1121 5179 1329 5240 tertius,
1360 5177 1578 5246 quintus
1625 5189 1678 5231 et
1729 5192 1971 5242 octavus,
2083 5177 2393 5238 σιξθῦειίὶιέ
2429 5182 2752 5248 parentibus.

419 5247 655 5321 itemque
681 5247 1455 5321 Colbtsecundusemiqcag'
1493 5249 1553 5301 οὐ
1587 5249 1786 5321 τοίνυν.
1829 5250 1970 5303 Ειιίιί

2152 5251 2262 5319 (Μ)
2297 5250 2435 5303 Etliti
2473 5266 2591 5302 cum
2628 5250 2774 5321 Reg.
2829 5251 2987 5321 tertio
3017 5250 3083 5304 τὰ
3127 5251 3185 5318 ἐξ
3244 5252 3414 5321 αὐτῆς
3459 5252 3641 5304 τέκνα.

418 5318 679 5389 ἐποίησας
697 5333 726 5389 Ἀ
754 5316 856 5370 ποῦ
894 5317 1092 5389 τοίνυν.
1133 5316 1423 5389 Aliquanto
1459 5329 1577 5389 post
1618 5317 1750 5387 Reg.
1788 5329 1974 5373 sextus

2080 5316 2534 5375 Colhﬁsecumlus
2582 5319 2652 5372 τὰ
2697 5316 2895 5389 ἑαυτῆς
2939 5322 3125 5374 τέκνα.
3170 5316 3278 5375 Sed
3324 5316 3425 5373 vox
3483 5322 3647 5374 τέκνα

418 5386 650 5459 φύσεως
668 5386 810 5457 λόγῳ
840 5388 980 5459 :Ased
1009 5386 1424 5459 genuina’lectio
1480 5388 1674 5454 legitur
1709 5386 1765 5442 in
1827 5405 1972 5442 inar-
2087 5393 2236 5443 deest
2270 5391 2320 5442 in
2351 5389 2499 5441 Bmll.
2530 5398 2583 5441 et
2619 5391 2675 5459 Vin
2711 5386 2987 5444 codicibus
3039 5392 3280 5445 melioris
3327 5399 3485 5444 notae.
3541 5390 3649 5444 Nec

419 5457 800 5530 εἰιιξθύσεως
828 5457 1033 5530 νόμως
1122 5526 1132 5530 _
1221 5526 1245 5530 _
1339 5525 1379 5530 _
1402 5527 1435 5530 __
1469 5528 1478 5530 ᾼ
1833 5527 1860 5530 __
1902 5527 1930 5530 μ
2085 5460 2239 5530 valde
2278 5459 2564 5530 admodum
2597 5458 2782 5530 dubito
2812 5461 2940 5526 quin
2966 5461 3154 5513 melius
3178 5462 3339 5523 absit,
3372 5471 3483 5513 tum
3503 5461 3647 5530 quod

491 5525 1062 5599 (57)lllulti_niss.'cﬁg
1106 5526 1305 5598 ψυχῆς.
1337 5525 1481 5581 Editi
1510 5541 1640 5581 vero
1661 5541 1782 5582 cum
1821 5527 1973 5582 Colb.
2084 5528 2287 5594 ellipsis
2322 5530 2422 5580 hoc
2449 5525 2881 5599 loco‘elegantiie
2906 5530 3106 5597 aliquid
3144 5532 3342 5584 habere
3370 5525 3648 5592 videatur,

385 5598 749 5672 secundam
777 5596 944 5666 ψυχῇ·
1019 5595 1251 5672 ’-μί
1300 5665 1322 5672 -
1531 5667 1541 5672 -
1616 5666 1627 5672 .
1714 5665 1739 5672 η
1856 5665 1903 5672 --

2086 5607 2197 5672 tum
2228 5599 2368 5666 quod
2395 5612 2493 5650 vox
2526 5595 2701 5648 τέκνα
2727 5614 2757 5650 a
2796 5595 3032 5663 quolibet
3062 5599 3221 5654 facile
3261 5601 3495 5670 suppleri
3525 5614 3649 5672 pos-

493 5665 601 5734 (58)
642 5665 1023 5740 ιωεοτίιηεε.
1076 5666 1215 5740 Editi
1267 5665 1409 5740 οὕτω
1461 5665 1798 5740 καὶσψυχῆς.
1856 5665 1977 5723 Mox
2085 5669 2174 5722 sit.

421 5732 555 5805 Reg.
584 5732 772 5790 'scxtus
803 5734 1135 5806 ἀρρώστημα
1171 5736 1369 5806 ψυχῆς,
1576 5732 1626 5740 --
1679 5732 1709 5738 τ-
1737 5732 1746 5737 .

1740 5732 1746 5737 ’
2167 5735 2268 5804 (ίὲ)
2303 5735 2522 5792 Codices
2563 5740 2798 5809 quinque
2823 5737 2971 5808 εἴπῃ.
3005 5739 3144 5794 Editi
3172 5739 3338 5794 εἴποι.
