4048 6220
431 301 532 360 197

1518 293 1797 353 HOMILIA
1843 297 1907 352 IX
1953 298 2018 351 IN
2063 297 2559 358 llEX.\EMERON.

3580 299 3683 355 198

432 423 530 495 τήν
565 422 724 490 φύσιν
753 421 1214 492 παραχαράσσων,
1246 422 1371 475 ὅταν
1407 420 1439 492 ἢ
1470 426 1596 485 παῖς
1634 422 1876 495 ἀτιμάζῃ
1908 424 2006 492 γῆ-

2115 422 2265 492 lupus
2322 440 2418 492 pro
2469 424 2583 479 suis
2632 424 2822 479 catulis
2878 432 3115 493 pugnat,
3167 423 3424 493 quidnam
3486 423 3684 476 dixerit

437 530 537 589 ρας
569 513 789 584 πατρὸς,
829 512 861 583 ἢ
894 512 1076 584 πατὴρ
1103 512 1190 566 διά
1219 513 1485 584 δευτέρων
1517 514 1709 583 γάμων
1739 512 1846 566 τῶν
1880 521 2009 584 προι

432 606 606 677 τέρων
654 605 853 659 παίδων
895 605 1356 676 ἐπιλανθάνηται;
1421 605 1726 675 Ἀμήχανός
1774 607 1921 657 ἐστιν
1973 608 2006 673 ἡ

437 694 637 766 στοργὴ
662 697 776 757 τοῖς
805 694 1020 764 ἀλόγοις
1042 696 1245 750 τέκνων
1275 697 1368 750 καὶ
1401 696 1604 764 γονέων
1628 696 1764 767 πρὸς
1788 697 2007 766 ἄλληλα,

433 783 566 837 διότι
594 787 621 838 ὁ
644 785 1054 856 δημιουργήσας
1077 787 1216 840 αὐτά
1243 787 1376 850 Θεὸς
1399 787 1498 858 τὴν
1527 786 1619 839 τοῦ
1650 786 1807 855 λόγου
1839 787 2009 840 ἔλλει-

432 873 522 943 ψιν
559 874 647 927 διὰ
673 876 769 945 τῆς
797 875 905 927 τῶν
941 874 1308 947 αἰσθητηρίων
1334 877 1651 948 περιουσίας
1691 878 2011 949 παρεμυθή-

435 982 583 1019 σατο.
628 965 797 1019 Πόθεν
828 967 937 1038 γάρ
979 968 1036 1020 ὲν
1084 968 1297 1037 μυρίοις
1334 968 1627 1039 προϐάτοις
1662 969 1876 1040 ἀρνειὸς
1902 969 2010 1023 τῶν

434 1056 616 1129 σηκῶν
650 1057 999 1129 ἐξαλλόμενος
1022 1055 1129 1112 οἶδε
1156 1059 1254 1131 μὲν
1275 1061 1372 1131 τὴν
1393 1061 1580 1133 χροιὰν
1604 1062 1773 1133 αὐτὴν
1794 1064 1889 1115 καὶ
1913 1062 2010 1133 τὴν

434 1152 618 1220 φωνὴν
653 1152 762 1221 (45)
786 1154 883 1223 τῆς
913 1153 1136 1224 μητρὸς,
1181 1154 1273 1207 καὶ
1316 1156 1452 1225 πρὸς
1491 1156 1662 1225 αὐτὴν
1705 1143 2065 1224 ἐπείγεταιᾙ

434 1241 684 1314 ἐπιζητεῖ
723 1242 779 1295 δὲ
832 1243 932 1305 τὰς
975 1244 1177 1307 οἰκείας
1210 1244 1392 1313 πηγὰς
1432 1244 1525 1297 τοῦ
1554 1245 1860 1313 γάλακτος;
1892 1245 2010 1299 Κάν

436 1334 717 1402 πενιχραῖς
745 1335 863 1396 ταῖς
888 1334 1171 1405 μητρῴαις
1205 1336 1470 1407 περιτύχῃ
1493 1336 1605 1407 (44)
1639 1337 1844 1407 θηλαῖς,
1869 1337 2011 1390 ὲκεί-

434 1439 553 1485 ναις
573 1424 843 1493 ἀρκεῖται,
875 1425 1043 1479 πολλά
1076 1426 1448 1498 παραδραμὼν
1482 1426 1685 1480 οὔθατα
1710 1429 2010 1499 βαρυνόμε-

436 1531 521 1569 να.
553 1514 717 1585 Καὶή
748 1516 926 1589 μήτηρ
966 1518 1021 1569 ὲν
1056 1517 1269 1587 μυρίοις
1301 1519 1526 1589 ἀρνάσιν
1562 1520 1916 1589 ἐπιγινώσκει
1949 1520 2011 1573 τὸ

437 1602 592 1671 ἴδιον;
621 1609 775 1679 Φωνὴ
812 1609 929 1679 μία,
966 1611 1101 1680 χρόα
1222 1610 1381 1682 αὑτὴ,
1413 1612 1556 1681 ὀσμὴ
1605 1613 1755 1684 παρὰ
1795 1614 2010 1667 πάντων

432 1697 614 1766 ὁμοία,
660 1698 781 1752 ὅσον
811 1703 877 1770 τῇ
914 1701 1156 1771 ἡμετέρᾳ
1196 1702 1459 1773 ὀσφρήσει
1493 1704 1859 1773 παρίσταται·
1896 1704 2009 1757 ἀλλ’

433 1788 582 1858 ὅμως
630 1790 746 1843 ἔστι
778 1810 861 1855 τις
904 1793 1086 1857 αὐτοῖς
1119 1794 1370 1865 αἴσθησις
1406 1796 1506 1866 τῆς
1541 1798 1815 1867 ἡμετέρας
1844 1815 2008 1850 κατα-

434 1879 645 1950 λήψεως
697 1881 943 1954 ὀξυτέρα,
992 1885 1112 1938 καθ’
1163 1886 1229 1957 ἣν
1279 1888 1494 1957 ἑκάστῳ
1532 1889 1795 1958 πάρεστιν
1841 1891 1874 1959 ή
1918 1889 2009 1942 τοῦ

434 1974 632 2026 οἰκείου
665 1974 951 2043 διάγνωσις
981 1977 1112 2048 (45).
1142 1977 1307 2032 Οὔπω
1338 1982 1385 2032 οί
1418 1979 1627 2042 ὀδόντες
1656 1979 1734 2049 τῷ
1759 1981 2007 2042 σκύλακι,

434 2066 527 2117 καὶ
574 2066 722 2136 ὅμως
769 2066 858 2120 διὰ
909 2067 1003 2120 τοῦ
1061 2069 1325 2139 στόματος
1378 2070 1645 2140 ἀμύνεται
1694 2072 1787 2123 τὸν
1835 2071 2010 2140 λυπή-

436 2175 623 2212 σαντα.
679 2156 844 2212 Οὔπω
887 2158 957 2213 τὰ
1014 2159 1221 2230 κέρατα
1264 2160 1341 2231 τῷ
1378 2161 1584 2232 μόσχῳ,
1624 2163 1718 2216 καὶ
1756 2158 1863 2215 οἶδε
1910 2164 2009 2217 ποῦ

429 2250 500 2303 τὰ
540 2252 683 2305 ὅπλα
727 2251 874 2322 αὐτῷ
927 2254 1285 2325 ὲμφυήσεται.
1344 2254 1543 2324 Ταῦτα,
1579 2255 1855 2322 ἀπόδειξιν
1900 2256 2012 2327 ἔχει

428 2341 524 2394 τοῦ
556 2341 867 2405 ἀδιδάκτους
899 2339 1037 2396 εἶναι
1063 2345 1159 2408 τὰς
1187 2344 1377 2413 φύσεις
1402 2344 1681 2408 ἁπάντων,
1714 2347 1808 2399 καὶ
1846 2348 2011 2417 μηδὲν

431 2430 566 2488 εἶναι
617 2433 848 2488 ἄτακτον
894 2435 1027 2507 μηδὲ
1081 2435 1331 2507 ἀόριστον
1380 2438 1437 2489 ἐν
1489 2440 1601 2501 τοῖς
1651 2434 1821 2500 οὖσιν,
1877 2438 2011 2492 ἀλλὰ

433 2526 610 2579 πάντα
661 2526 780 2597 ἴχνη
839 2527 1027 2598 φέρειν
1062 2528 1161 2598 τῆς
1201 2528 1295 2581 τοῦ
1333 2529 1657 2599 ποιήσαντος
1693 2532 1901 2599 σοφίας,
1954 2536 2011 2586 ἐν

431 2614 643 2679 ἑαυτοῖς
689 2615 991 2681 δεικνύντα,
1041 2616 1122 2668 ὅτι
1158 2616 1553 2686 ἐμπαράσκευα
1600 2616 1734 2687 πρὸς
1774 2618 1872 2687 τὴν
1916 2636 2013 2686 φυ-

431 2708 604 2780 λακὴν
649 2709 747 2778 τῆς
786 2708 990 2771 οἰκείας
1031 2709 1209 2763 αὐτῶν
1270 2710 1543 2780 σωτηρίας
1585 2711 1864 2783 παρήχθη.
1911 2712 2012 2765 Λό-

433 2816 531 2867 γου
564 2799 662 2870 μὲν
692 2799 915 2870 ἄμοιρος
943 2800 971 2851 ὁ
1004 2800 1169 2865 κύων,
1215 2799 1635 2871 ίσοδυναμοῦσαν
1676 2800 1733 2852 δὲ
1762 2802 1910 2870 ὅμως
1935 2800 2012 2871 τῷ

434 2892 577 2962 λόγῳ
598 2892 697 2963 τὴν
720 2892 971 2963 αἴσθησιν
1004 2892 1138 2963 ἔχει.
1168 2894 1236 2945 "A
1276 2894 1382 2965 γὰρ
1426 2892 1640 2946 οἱκατὰ
1662 2892 1859 2963 πολλὴν
1892 2911 2012 2963 σχο-

434 2980 530 3054 λὴν
563 2982 657 3035 τοῦ
705 2982 819 3052 βίου
859 2982 1212 3053 καθεζόμενοι
1247 2984 1399 3055 μόλις
1437 2983 1659 3056 ἐξεῦρον
1709 2987 1757 3036 οἱ
1787 2984 1879 3037 τοῦ
1915 2985 2010 3037 κό-

438 3093 572 3145 σμου
598 3077 769 3145 σοφοὶ,
786 3077 885 3139 τὰς
906 3078 1015 3131 τῶν
1039 3078 1409 3150 συλλογισμῶν
1433 3080 1574 3148 λέγω
1590 3080 1813 3146 πλοκὰς,
1840 3080 2011 3134 ταῦτα

435 3165 706 3220 δείκνυται
754 3168 905 3240 παρὰ
946 3170 1045 3239 τῆς
1077 3170 1291 3239 φύσεως
1317 3173 1344 3224 ό
1381 3170 1526 3224 κύων
1560 3172 2005 3242 πεπαιδευμένος.

436 3259 510 3312 Τὸ
537 3260 642 3332 γάρ
682 3262 824 3330 ἴχνος
856 3262 949 3315 τοῦ
980 3262 1167 3332 θηρίου
1197 3263 1633 3335 διερευνώμενος,
1667 3264 1889 3317 ἐπειδὰν
1921 3263 2010 3316 εὖ-

439 3367 506 3421 ρῃ
533 3349 644 3419 (46)
671 3351 802 3403 αὐτὸ
829 3351 1179 3422 πολυτρόπως
1204 3352 1537 3423 σχιζόμενον,
1574 3353 1671 3417 τὰς
1707 3355 2009 3424 ἑκασταχοῦ

438 3441 706 3513 φερούσας
737 3443 1006 3513 ἐκτροπὰς
1035 3444 1297 3509 ἐπελθὼν,
1328 3446 1609 3517 μονονουχὶ
1637 3447 1734 3518 τὴν
1769 3446 2010 3517 συλλογι-

441 3533 628 3602 στικὴν
654 3533 833 3604 φωνὴν
867 3534 1055 3604 ἀφίησι
1089 3535 1154 3587 δι’
1188 3531 1262 3589 ῶν
1304 3535 1569 3605 πράσσει·
1602 3538 1672 3591 Ἢ
1702 3538 1878 3608 τήνδε,
1910 3555 2012 3610 φη-

408 3672 416 3681 .
441 3629 544 3691 σὶν,
577 3628 789 3700 ἐτράπη
820 3629 879 3681 τὸ
912 3629 1119 3699 θηρίον,
1145 3630 1376 3701 ἣτήνδε,
1411 3631 1443 3700 ἢ
1468 3631 1560 3684 ἐπὶ
1584 3632 1776 3684 τόδετὸ
1808 3632 1973 3703 μέρος
1993 3649 2008 3664 ο

438 3719 573 3773 ἀλλά
624 3720 730 3792 μὴν
775 3720 895 3774 οὔτε
929 3722 1107 3793 τήνδε,
1164 3721 1289 3774 οὔτε
1329 3723 1504 3794 τήνδε,
1539 3724 1855 3794 λειπόμενόν
1896 3727 2013 3778 ἐστι

438 3812 561 3882 τῇδε
604 3811 893 3884 ὡρμῆσθαι
922 3814 1029 3884 (47)
1063 3814 1227 3867 αὑτόο
1288 3815 1383 3867 καὶ
1419 3814 1592 3878 οὕτως
1629 3818 1693 3887 τῇ
1736 3816 2013 3887 ἀναιρέσει

435 3904 543 3957 τῶν
565 3904 773 3976 ψευδῶν
792 3906 1032 3977 εὑρίσκει
1054 3907 1113 3959 τὸ
1134 3906 1422 3976 ἀληθές.Τί
1440 3909 1822 3981 περισσότερον
1840 3908 2016 3963 ποιοῦ-

440 4013 523 4051 σιν
555 3998 603 4049 οί
638 3997 729 4050 ἐπὶ
767 3996 872 4051 τῶν
903 3998 1333 4070 διαγραμμάτων
1379 4000 1591 4070 σεμνῶς
1634 4000 2009 4071 καθεζόμενοι,

440 4090 533 4144 καὶ
564 4090 661 4159 τὴν
714 4090 859 4145 κόνιν
896 4091 1423 4162 καταχαράσσοντες,
1465 4091 1633 4162 τριῶν
1700 4093 2012 4162 προτάσεων

440 4181 790 4252 ἀναιροῦντες
842 4182 940 4246 τὰς
966 4182 1077 4252 (48)
1113 4182 1226 4246 δύο,
1277 4183 1371 4236 καὶ
1413 4185 1471 4237 ἐν
1508 4186 1572 4252 τῇ
1608 4184 1907 4257 λειπομένη
1954 4185 2015 4237 τὸ

442 4273 635 4341 ἀληθὲς
658 4272 1058 4342 ἐξευρίσκοντες
1081 4289 1095 4337 ;
1132 4273 1204 4325 Τὸ
1230 4272 1285 4325 δὲ
1315 4273 1649 4344 μνημονικὸν
1670 4272 1767 4343 τῆς
1790 4274 2013 4344 χάριτος

442 4362 535 4416 τοῦ
555 4362 689 4427 ξὼου
708 4364 825 4417 τίνα
846 4364 952 4417 τῶν
987 4364 1296 4435 ἀχαρίστων
1318 4364 1453 4436 πρὸς
1483 4364 1777 4435 εὐεργέτας
1804 4366 1863 4417 οὐ
1891 4382 2016 4442 κατ-

2111 514 2298 579 homo,
2332 515 2421 583 qui
2468 524 2522 570 et
2565 527 2832 585 praecepto
2884 533 2988 571 non
3018 518 3377 584 obtemperat,
3408 525 3463 568 et
3509 512 3681 582 ipsam

2114 607 2385 661 adulterat
2419 616 2689 672 naturam,
2719 623 2838 662 cum
2873 617 2965 662 aut
3000 609 3140 663 filius
3171 608 3481 661 inhonestat
3510 603 3683 675 patris

2111 707 2467 763 senectutem,
2524 709 2617 753 aut
2675 710 2827 769 pater
2877 710 3095 769 propter
3151 701 3416 754 secundas
3466 696 3683 765 nuptias

2112 789 2350 857 priorum
2379 791 2609 843 filiorum
2658 790 3034 846 obliviscitur?
3076 791 3329 846 Summus
3356 799 3438 845 est
3468 790 3520 843 in
3558 789 3684 843 bru-

2116 883 2181 933 tis
2215 882 2579 935 animantibus
2613 881 2810 936 sobolis
2848 896 2911 936 ac
2942 893 3225 951 parentum
3253 883 3391 936 inter
3421 896 3478 935 se
3506 894 3679 943 amor,

2117 972 2259 1038 quod
2294 970 2435 1025 Deus
2473 971 2712 1039 ipsorum
2748 970 2949 1039 cpifex,
2985 971 3211 1024 rationis
3256 969 3523 1024 defectum
3558 983 3682 1022 cum

2117 1060 2321 1128 majore
2350 1063 2614 1116 sentiendi
2649 1060 2905 1116 facultate
2942 1060 3329 1130 compensavit.
3358 1060 3509 1114 Unde
3536 1058 3683 1112 enim

2115 1151 2252 1205 inter
2302 1152 2615 1205 innumeras
2666 1167 2794 1206 oves
2850 1166 3017 1221 agnus
3069 1166 3099 1204 e
3147 1148 3373 1204 stabulis
3426 1147 3684 1202 exsiliens

2113 1242 2287 1309 ipsum
2321 1242 2510 1297 matris
2542 1242 2776 1297 colorem
2810 1241 3305 1311 vocemquenovit,
3330 1252 3384 1294 et
3412 1241 3476 1294 ad
3509 1240 3681 1308 ipsam

2114 1330 2354 1398 festinat,
2389 1340 2442 1384 et
2473 1333 2720 1401 proprios
2760 1331 2916 1386 lactis
2962 1331 3137 1384 fontes
3176 1329 3437 1398 inquirit?
3486 1329 3598 1382 lmo
3635 1327 3682 1382 si

2114 1423 2166 1476 in
2198 1438 2398 1492 egenas
2428 1424 2617 1478 matris
2657 1439 2919 1479 mammas
2950 1422 3223 1486 inciderit,
3257 1432 3433 1474 tamen
3465 1428 3549 1474 est
3578 1418 3683 1474 illis

2113 1523 2420 1580 contentus,
2461 1514 2627 1568 multa
2656 1514 2812 1582 plena
2844 1525 2898 1568 et
2926 1515 3110 1583 gravia
3144 1513 3309 1568 ubera
3339 1518 3683 1582 przetergres-

2113 1620 2224 1659 sus.
2266 1604 2419 1660 Unde
2450 1606 2634 1660 itidem
2667 1616 2841 1661 mater
2870 1608 3009 1660 inter
3038 1621 3204 1675 agnos
3232 1619 3392 1673 quam
3424 1602 3684 1672 plurimos

2116 1699 2389 1768 proprium
2447 1700 2726 1769 agnoscit?
2777 1701 2884 1753 Vox
2934 1715 3059 1765 una,
3111 1699 3251 1754 idem
3288 1697 3455 1760 color,
3488 1694 3685 1752 similis

2115 1793 2353 1845 omnium
2385 1796 2539 1857 odor,
2582 1804 2842 1862 quantum
2876 1793 3119 1848 odoratui
3159 1802 3345 1846 nostro
3379 1790 3630 1861 objicitur
3666 1806 3680 1844 ι

2112 1885 2204 1937 sed
2259 1894 2439 1939 tamen
2492 1885 2709 1953 quidam
2773 1887 2913 1940 inest
2957 1887 3009 1939 in
3063 1885 3193 1956 ipsis
3242 1898 3454 1948 sensus,
3497 1891 3685 1937 nostra

2112 1976 2598 2045 comprehensione
2643 1978 2872 2041 acutior,
2927 1993 3033 2046 quo
3085 1978 3277 2045 cuique
3330 1973 3474 2045 quod
3525 1987 3683 2028 suum

2111 2076 2193 2119 est
2224 2068 2539 2134 dignoscere
2568 2068 2717 2123 licet.
2741 2068 2987 2123 Nondum
3021 2078 3147 2123 sunt
3176 2068 3366 2122 dentes
3397 2066 3593 2132 catulo,
3629 2073 3687 2119 et

2114 2166 2290 2212 tamen
2337 2160 2598 2214 adversus
2648 2175 2740 2215 eos
2786 2161 2877 2228 qui
2930 2160 3231 2214 molestiam
3277 2158 3379 2213 sibi
3431 2157 3682 2221 afferunt,

2112 2266 2230 2305 sese
2272 2268 2368 2321 per
2408 2267 2468 2307 os
2523 2264 2723 2308 tuetur.
2776 2254 3023 2310 Nondum
3059 2267 3261 2307 cornua
3302 2259 3429 2306 sunt
3464 2249 3627 2306 vitulo
3667 2264 3682 2304 ι

2114 2355 2290 2399 tamen
2337 2348 2484 2401 novit
2531 2349 2620 2402 ubi
2677 2348 2778 2403 sibi
2826 2364 2974 2402 arma
3020 2356 3361 2402 enascentur.
3395 2345 3473 2399 Ex
3508 2346 3593 2401 his
3623 2345 3688 2400 lia

2115 2446 2266 2506 quet,
2298 2453 2404 2508 quo
2437 2441 2487 2493 in
2518 2440 2769 2495 omnibus
2801 2441 2941 2496 inest
2968 2451 3185 2505 natura,
3218 2440 3269 2494 id
3299 2439 3541 2495 doctrina
3580 2453 3685 2494 non

2114 2532 2441 2600 comparari,
2471 2532 2713 2601 nihilque
2741 2532 2791 2586 in
2826 2533 2985 2587 rebus
3015 2548 3136 2588 esse
3168 2541 3260 2586 aut
3294 2532 3683 2599 inordinatum,

2112 2630 2205 2675 aut
2251 2622 2654 2691 improvidum:
2698 2623 2793 2678 sed
2847 2638 2932 2678 res
2987 2638 3176 2678 omnes
3228 2623 3509 2692 sapientiae
3556 2637 3688 2680 con-

2112 2711 2303 2766 ditoris
2333 2712 2412 2766 sui
2441 2713 2667 2782 vestigia
2704 2729 2813 2781 pra:
2844 2729 2904 2769 se
2934 2712 3075 2769 ferre
3102 2731 3117 2779 ;
3144 2730 3264 2769 cum
3289 2728 3348 2770 se
3384 2714 3457 2768 ita
3482 2714 3685 2783 produ-n

2112 2814 2227 2862 ctas
2259 2822 2379 2863 esse
2403 2807 2695 2873 declarent,
2726 2817 2784 2861 ut
2813 2808 2923 2862 sint
2948 2817 3151 2876 parata:
3180 2807 3248 2862 ad
3274 2822 3429 2863 suam
3450 2806 3682 2862 salutem

2111 2900 2449 2955 servandam.
2486 2899 2551 2953 Et
2601 2900 2815 2968 quidem
2862 2901 3014 2955 canis
3048 2914 3242 2970 expers
3287 2900 3512 2954 rationis
3556 2910 3683 2955 eet:

2114 2998 2349 3043 attamen
2393 3004 2610 3043 sensum
2648 2989 2841 3043 rationi
2867 2990 3007 3043 haud
3047 2990 3309 3059 imparem
3339 2988 3524 3045 habet.
3555 2988 3686 3057 Qua:

2112 3081 2257 3135 enim
2292 3079 2473 3133 mundi
2504 3079 2772 3149 sapientes
2799 3094 2895 3150 per
2918 3079 3144 3134 multum
3174 3081 3297 3135 vitae
3334 3080 3505 3134 otium
3541 3080 3687 3136 desit

2114 3169 2301 3224 dentes
2359 3171 2449 3225 vix
2515 3171 2878 3236 invenerunt,
2917 3170 3167 3225 videlicet
3215 3170 3688 3226 ratiocinationum

2112 3260 2386 3329 ambages,
2413 3259 2528 3314 haec
2566 3261 2634 3314 ab
2674 3260 2789 3329 ipsa
2824 3268 3021 3314 natura
3056 3261 3280 3315 edoctus
3315 3260 3467 3316 canis
3506 3260 3691 3329 perhi-

2110 3351 2289 3409 betur.
2316 3350 2448 3406 Cum
2481 3351 2623 3405 enim
2656 3350 2785 3405 ferae
2820 3352 3034 3420 indagat
3057 3352 3365 3420 vestigium,
3390 3350 3479 3406 ubi
3510 3350 3690 3422 ipsum

2112 3442 2479 3513 multipliciter
2528 3443 2713 3498 fissum
2769 3445 3068 3513 repererit,
3110 3442 3427 3499 diverticula
3470 3458 3690 3513 quoquo

2112 3550 2329 3590 versum
2372 3534 2597 3589 ferentia
2664 3534 2909 3599 rimatus,
2950 3543 3158 3587 tantum
3207 3550 3313 3588 non
3353 3535 3691 3590 ratiocinati‘

2112 3642 2235 3681 vam
2264 3640 2450 3681 vocem
2477 3641 2573 3694 per
2610 3640 2671 3679 ea
2700 3640 2819 3695 quae
2849 3625 2977 3698 agit,
3011 3625 3247 3679 emittit:
3288 3625 3448 3691 Fera,
3490 3626 3688 3696 inquit,

2114 3725 2205 3772 aut
2257 3719 2379 3784 hac,
2435 3726 2527 3770 aut
2584 3716 2703 3771 illac
2740 3717 2981 3781 divertit,
3015 3726 3110 3771 aut
3152 3716 3207 3770 in
3238 3715 3379 3771 hanc
3426 3728 3633 3788 partem
3669 3736 3686 3773 :

2114 3811 2262 3879 atqui
2297 3824 2471 3878 neque
2525 3808 2651 3873 hac,
2678 3823 2851 3878 neque
2890 3809 3013 3862 illac
3052 3824 3066 3862 :
3107 3809 3372 3880 reliquum
3402 3818 3505 3875 est,
3538 3819 3596 3864 ut
3622 3826 3689 3867 ea
3738 3870 3743 3871 ,

2114 3901 2249 3954 istac
2281 3900 2517 3967 digressa
2552 3899 2713 3953 fuerit
2741 3915 2753 3951 :
2796 3909 2960 3968 atque
2982 3900 3077 3967 ita,
3113 3899 3265 3955 falsis
3292 3899 3563 3965 rescissis,
3596 3915 3691 3957 ve-

2117 4006 2234 4044 rum
2270 3990 2493 4045 invenit.
2521 3988 2660 4056 Quid
2711 3989 2937 4058 amplius
2968 3989 3195 4055 faciunt,
3252 3990 3341 4058 qui
3375 3989 3429 4043 in
3467 3990 3688 4044 theore-

2117 4082 2349 4137 matibus
2385 4082 2821 4137 demonstrandis
2852 4097 2972 4137 cum
2994 4084 3257 4152 gravitate
3280 4082 3544 4149 desident,
3567 4083 3689 4153 quia

2117 4188 2221 4241 que
2257 4172 2412 4225 lineis
2456 4172 2660 4241 pulveri
2693 4172 2998 4240 insculptis,
3031 4186 3098 4227 ex
3150 4173 3323 4230 tribus
3362 4174 3689 4244 propositio-

2116 4264 2274 4318 nibus
2307 4264 2438 4317 duas
2465 4264 2785 4332 rejicientes,
2814 4263 2864 4316 in
2894 4277 2955 4317 ea
2990 4278 3107 4331 quae
3132 4262 3337 4335 reliqua
3368 4276 3468 4329 est,
3501 4280 3691 4321 verum

2118 4356 2397 4410 inveniunt
2424 4355 2447 4408 ?
2473 4354 2641 4409 Porro
2666 4354 2910 4409 beneficii
2942 4358 3198 4410 memoria
3232 4357 3299 4411 ab
3327 4357 3429 4411 hoc
3464 4356 3688 4410 animali

443 4454 719 4523 αισχύνει;
778 4456 910 4507 ὅπου
954 4472 1017 4523 γε
1081 4456 1175 4507 καὶ
1223 4456 1526 4523 φονευθεῖσι
1566 4456 1851 4519 δεσπόταις
1886 4456 2012 4513 ,κατ’

2120 4457 2460 4513 conservata,
2493 4448 2578 4501 cui
2613 4448 2726 4500 viro
2779 4447 2831 4499 in
2870 4448 3139 4503 beneﬁcos
3192 4448 3401 4517 ingrato
3428 4449 3687 4516 pudorem

444 4547 678 4617 ἐρημίαν
734 4545 917 4598 πολλοὶ
958 4545 1063 4598 τῶν
1106 4546 1284 4599 κυνῶν
1334 4545 1771 4608 ὲπαποθανόντες
1810 4562 2015 4616 μνημο-

445 4639 855 4708 νεύονται.Ἤδη
871 4638 926 4691 δέ
944 4656 1087 4701 τινες
1105 4639 1197 4690 ἐπὶ
1219 4637 1406 4709 θερμῷ
1425 4638 1502 4708 τῷ
1529 4638 1688 4691 πάθει
1717 4640 1810 4692 καὶ
1830 4639 2014 4709 ὁδηγοὶ

445 4735 556 4795 τοῖς
581 4730 866 4800 ὲκζητοῦσι
910 4730 1035 4794 τοὺς
1081 4729 1276 4797 φονέας
1323 4729 1589 4797 ἐγένοντο,
1636 4732 1729 4783 καὶ
1763 4731 1866 4782 ὑπὸ
1916 4730 2016 4800 τὴν

445 4825 598 4894 δίκην
626 4823 854 4893 ἀχθῆναι
875 4823 997 4885 τοὺς
1023 4822 1362 4893 κακούργους
1385 4821 1667 4891 ἐποίησαν.
1700 4822 1764 4873 Τί
1790 4821 2015 4874 εἴπωσιν

446 4916 493 4967 οἱ
522 4914 612 4967 τὸν
634 4914 932 4984 ποιήσαντα
961 4914 1154 4976 αὐτοὺς
1182 4914 1275 4965 καὶ
1300 4911 1565 4983 τρέφοντα
1588 4911 1791 4983 Κύριον
1819 4914 1877 4964 ού
1917 4912 2016 4981 μό-

452 5024 531 5062 νον
561 5008 661 5061 ούκ
694 5006 1014 5075 ἀγαπῶντες
1044 5005 1176 5075 (49),
1206 5002 1341 5057 ἀλλά
1364 5003 1456 5056 καὶ
1490 5002 1660 5071 φίλοις
1688 5003 2016 5074 κεχρημένοι

519 5275 631 5346 (45)
667 5274 761 5328 Sic
787 5267 1365 5346 niss._§]ombef..cum
1414 5263 1547 5346 Reg.
1606 5273 1817 5319 octavo.
1876 5263 2020 5318 Editi

446 5336 569 5401 curn
591 5336 709 5399 aliis
738 5358 866 5397 mss.
903 5337 1014 5395 οἶδε
1043 5339 1139 5409 μὲν
1177 5336 1272 5407 τὴν
1296 5338 1495 5409 φωνήν.

521 5415 631 5486 (Mi
670 5404 1203 5486 lta_sex_mss.'Editi
1231 5404 1539 5477 περιτύχοι.
1583 5405 1705 5462 Mox
1741 5404 1891 5459 Colb.
1935 5418 2019 5459 se-

450 5479 659 5540 cundus
681 5483 849 5536 πολλὰ
872 5482 926 5534 δὲ
950 5479 1150 5551 παραδ.

524 5552 633 5623 (45)
686 5554 812 5608 Mss.
862 5543 1101 5623 quinque
1150 5549 1458 5617 διάγνωσις.
1511 5546 1656 5601 Editi
1705 5543 2019 5612 ἐπίγνωσις.

450 5623 585 5691 Reg.
616 5622 802 5678 Sextus
832 5622 1051 5691 γνῶσις.

444 5706 450 5761 7
523 5686 635 5761 (46)
671 5694 779 5748 Sex
811 5686 935 5747 mss.
973 5690 1190 5761 ὲπειδάν
1224 5688 1377 5761 εὕρῃ.
1402 5687 1552 5761 Editi
1594 5686 1763 5761 super.

546 5696 635 5760 46)
671 5696 779 5748 Sex
811 5709 935 5747 mss.
973 5696 1190 5743 ὲπειδάν
1224 5696 1377 5761 εὒρῃ.
1411 5696 1552 5742 Editt
1594 5696 1763 5757 ευροι.

523 5696 637 5838 ξω)
670 5765 802 5833 Reg.
851 5774 1031 5819 sextus
1065 5760 1221 5831 τήνδε
1268 5758 1575 5831 ὡρμῆσθαι.
1634 5757 1768 5827 Reg.
1830 5757 2023 5813 tertius

2121 4557 2230 4596 non
2261 4539 2497 4594 incutit?
2530 4538 2803 4607 Siquidem
2847 4554 3008 4595 canes
3044 4540 3217 4605 multi,
3249 4540 3480 4595 dominis
3511 4540 3563 4592 in
3591 4540 3688 4594 de-

2119 4642 2266 4693 serto
2305 4633 2419 4687 loco
2466 4632 2782 4696 interfectis,
2811 4640 2864 4685 et
2890 4632 2991 4701 ipsi
3040 4632 3312 4686 immortui
3370 4631 3536 4687 fuisse
3576 4645 3692 4685 me‘

2121 4734 2418 4781 morantur.
2458 4721 2594 4787 Quin
2622 4721 2783 4775 etiam
2832 4736 2996 4775 canes
3044 4721 3311 4788 nonnulli,
3343 4724 3468 4777 dum
3498 4736 3693 4780 recens

2119 4826 2267 4872 esset
2318 4815 2525 4881 credes,
2562 4813 2629 4868 iis
2683 4813 2774 4883 qui
2823 4813 3118 4869 homicidas
3165 4813 3543 4884 inquirebant,
3592 4819 3694 4870 viae

2121 4909 2283 4962 etiam
2316 4910 2481 4961 duces
2506 4906 2851 4970 exstiterunt,
2882 4906 2991 4977 85
3028 4915 3189 4975 atque
3216 4907 3271 4962 in
3324 4921 3487 4961 causa
3518 4906 3690 4971 fuere,

2122 5018 2217 5057 cur
2263 5001 2330 5056 ad
2374 5008 2589 5070 pmnam
2640 4999 2869 5055 malefici
2922 5008 3257 5056 raperentur.
3305 4998 3444 5066 Quid
3497 4999 3693 5055 dicturi

2123 5261 2277 5331 τήνδε
2305 5257 2598 5331 ὁρμᾶσθαι.
2630 5259 2751 5313 Mox
2793 5256 2923 5331 Reg.
2961 5259 2986 5311 l
3045 5259 3135 5311 ἐπὶ
3175 5258 3290 5331 τῶν.
3330 5259 3691 5331 γραμμάτων.

2195 5332 2304 5401 (48)
2340 5328 2475 5411 Reg.
2511 5338 2696 5411 sextus
2721 5328 3075 5411 καθεζόμενοι
3089 5330 3199 5408 ’καὶ
3225 5328 3326 5411 γῆν
3347 5328 3695 5410 κατἀχαράσν

2125 5398 2307 5463 σοντες
2330 5398 2497 5470 τριῶν
2528 5398 2846 5469 προτάσεων
2892 5398 3197 5470 ἀναιροῦσι
3233 5398 3351 5463 τάς,
3388 5398 3584 5453 terram
3616 5401 3694 5453 εἰ·

2158 5483 2358 5525 nantes.

2123 5490 2606 5612 gnaléiséicitegii
2641 5549 2824 5612 sextus
2858 5547 2927 5612 et
2958 5547 3200 5612 octavus.
3242 5538 3533 5612 Editi_cum
3574 5538 3696 5612 aliis

2128 5628 2258 5666 mss.
2290 5609 2614 5679 Simpliciter
2644 5609 2850 5680 Κύριον
2877 5611 2977 5662 οὐκ
3004 5609 3349 5677 ἀγαπῶντες.
3383 5610 3504 5663 Mox
3544 5609 3695 5663 multi

2130 5698 2258 5736 mss.
2289 5680 2390 5749 τῆς
2418 5680 2585 5751 αὐτῆς
2613 5681 2796 5751 αὐτοῖς
2826 5680 3135 5751 τραπέζης·
3170 5696 3291 5751 quae
3328 5682 3488 5737 verba
3539 5681 3695 5737 aliter

2133 5755 2492 5823 disponuntur
2524 5750 2579 5805 in
2605 5750 2794 5806 editis.
