4048 6220
346 335 447 392 l99
1643 326 1700 382 S.
1743 324 1986 381 BASlLll
2025 323 2241 380 MAGNI
3472 314 3580 372 200

340 462 487 519 sunt,
515 454 604 524 qui
640 453 916 509 Dominum
946 450 1276 505 conditorem
1306 462 1369 502 ac
1401 448 1720 503 nutritorem
1754 461 1890 501 suun

2007 447 2117 508 τοῖς
2154 441 2377 497 λαλοῦσι
2412 440 2552 495 κατά
2589 439 2682 494 τοῦ
2725 437 2861 493 Θεοῦ
2894 438 3128 503 ἀδικίαν,
3171 436 3265 490 καὶ
3290 436 3389 507 τῆς
3411 435 3580 506 αὐτῆς

341 558 445 598 non
479 544 649 599 solum
694 557 797 598 non
837 540 1084 608 diligunt,
1110 540 1205 595 sed
1254 538 1442 594 amicis
1486 539 1652 593 etiam
1683 548 1890 593 utuntul

2009 534 2191 596 αὐτοῖς
2222 530 2498 604 τραπέζης
2557 530 2891 601 μετέχοντες,
2922 530 3018 582 καὶ
3065 529 3197 599 παρ’
3246 526 3413 597 αὐτὴν
3480 525 3579 597 τὴν

338 636 426 700 iis,
452 635 543 704 qui
565 634 821 688 adversus
852 631 1020 687 Deum
1047 630 1341 700 loquuntur
1363 627 1722 698 iniquitatem,
1747 637 1890 697 atqut

2006 624 2211 697 τροφὴν
2239 623 2346 677 τῶν
2372 620 2515 676 κατά
2552 621 2646 675 τοῦ
2687 621 2979 683 τρέφοντος
3010 618 3365 690 βλασφημιῶν
3394 617 3581 687 ἀνεχό-

335 727 576 796 ejusdem
601 740 723 781 cum
758 724 888 795 ipsis
942 737 1142 778 mensa:
1175 721 1466 790 participes
1509 728 1656 785 sunt,
1680 734 1742 773 ac
1767 719 1908 773 inter

335 819 509 886 ipsum
542 818 862 871 sumendum
890 814 1067 869 cibum
1107 812 1271 882 impia
1323 821 1377 865 et
1420 810 1806 866 contumeliosa
1850 809 1905 863 in

335 910 654 963 nutritorem
681 906 845 962 verba
875 903 1148 960 tolerant?

403 1000 454 1055 5.
491 1001 562 1055 At
613 1015 740 1056 vero
773 999 840 1053 ad
893 1012 1073 1053 rerum
1117 1002 1424 1050 creatarum
1470 993 1751 1048 redeamus
1779 1006 1907 1047 con-

334 1094 758 1163 templationem.
818 1090 1081 1145 Animalia
1138 1101 1260 1156 qua:
1318 1085 1529 1141 facilius
1583 1084 1900 1153 capiuntur,

332 1196 459 1240 sunt
488 1183 823 1238 fecundiora.
857 1182 1118 1249 Quocirca
1140 1182 1350 1252 lepores
1377 1187 1433 1232 et
1456 1188 1695 1248 agrestes
1727 1188 1904 1244 capra:

333 1275 532 1330 multos
558 1283 847 1344 procreant
873 1273 1046 1341 fetus,
1074 1286 1308 1343 ovesque
1350 1268 1628 1325 silvestres
1659 1266 1903 1338 geminos

330 1374 520 1436 partus
543 1365 728 1430 edunt,
757 1373 814 1419 ut
841 1380 908 1419 ne
939 1379 1108 1436 genus
1146 1364 1214 1420 ab
1240 1361 1565 1417 animalibus
1587 1360 1751 1415 cruda
1782 1374 1904 1414 car-

332 1472 400 1512 ne
428 1457 768 1513 vescentibus
817 1464 1192 1525 consumptum
1215 1494 1231 1520 ,
1270 1452 1508 1508 deticiat.
1538 1450 1644 1505 Sed
1668 1464 1746 1505 eae
1776 1448 1903 1505 ferae

331 1563 451 1617 qua:
485 1558 708 1604 caeteras
756 1558 968 1613 vorant,
1006 1561 1195 1616 parum
1231 1554 1358 1600 sunt
1408 1542 1673 1599 fecundas.
1722 1541 1903 1608 Quare

330 1633 497 1689 leaena
540 1634 629 1688 vix
678 1635 838 1690 unius
875 1633 1047 1690 leonis
1112 1643 1286 1688 mater
1340 1631 1589 1687 ellicitur.
1630 1629 1792 1695 Nam,
1844 1637 1904 1685 ut

331 1724 502 1789 aiunt,
532 1724 767 1779 lacerato
797 1723 1052 1794 unguium
1089 1724 1208 1779 acie
1243 1731 1417 1787 utero,
1445 1721 1625 1791 prodit
1660 1736 1673 1772 :
1704 1706 1900 1788 vip'erzc

326 1830 560 1886 quoque,
590 1831 747 1873 eroso
773 1826 949 1886 utero,
973 1820 1288 1881 nascuntur,
1319 1816 1564 1870 meritam
1592 1815 1894 1868 mercedem

325 1910 534 1979 parenti
584 1908 957 1979 rependentes.
1004 1909 1154 1963 Adeo
1198 1906 1336 1961 nihil
1367 1920 1475 1961 non
1521 1905 1804 1974 providum
1840 1904 1892 1957 in

328 2003 490 2057 rebus
509 2011 611 2063 est,
640 2000 775 2054 nihil
805 2009 890 2055 est
938 2014 1083 2055 curae
1137 1998 1218 2054 eis
1258 1998 1453 2053 debitae
1498 2009 1712 2066 expers.
1744 1994 1895 2061 Quod

323 2094 369 2148 si
400 2094 512 2162 ipsa
537 2092 851 2146 animalium
888 2091 1129 2146 membra
1166 2088 1614 2155 consideraveris,
1638 2086 1771 2141 nihil
1801 2101 1893 2140 su-

324 2180 584 2252 perﬂuum
615 2197 644 2235 a
674 2181 968 2235 Conditore
1010 2178 1300 2247 adjectum,
1354 2178 1490 2232 nihil
1531 2177 1893 2233 necessarium

322 2275 624 2329 detractum
655 2272 821 2326 fuisse
865 2270 1186 2342 comperies.
1226 2268 1541 2325 Carnivoris
1573 2267 1895 2323 animalibus

323 2371 515 2420 acutos
550 2362 759 2431 aptavit
806 2361 996 2417 dentes
1033 2378 1048 2417 :
1082 2360 1277 2415 talibus
1322 2359 1467 2413 enim
1512 2372 1646 2427 opus
1671 2366 1788 2413 erat
1824 2358 1895 2412 ob

323 2451 566 2507 alimenti
590 2450 844 2521 speciem.
871 2449 1003 2518 Quae
1024 2462 1153 2505 vero
1181 2447 1403 2504 dimidia
1434 2462 1501 2501 ex
1534 2455 1688 2517 parte
1717 2446 1893 2502 denti-

323 2543 423 2599 bus
443 2549 652 2597 armata
701 2551 846 2607 sunt,
889 2555 952 2596 ea
1002 2539 1184 2596 multis
1218 2548 1273 2594 ct
1319 2539 1485 2593 variis
1517 2538 1894 2595 alimentorum

322 2632 679 2703 receptaculis
707 2632 979 2687 instruxit.
1011 2629 1146 2686 Nam
1177 2631 1300 2701 quia
1335 2630 1508 2699 prima
1536 2630 1651 2683 vice
1678 2643 1780 2683 non
1808 2644 1893 2684 sar

320 2724 392 2781 tis
413 2724 483 2781 ab
516 2722 650 2795 ipsis
681 2722 1066 2779 comminuitur
1099 2720 1436 2786 alimentum,
1473 2721 1552 2776 eis
1573 2722 1697 2776 data
1720 2720 1893 2775 facul-

321 2825 405 2873 tas
424 2825 510 2872 est
539 2815 719 2872 cibum
752 2815 1067 2885 deglutitum
1117 2814 1311 2870 iterum
1356 2813 1667 2880 revocandi,
1695 2822 1754 2867 ut
1798 2828 1891 2867 ru-

323 2907 620 2964 minatione
659 2907 946 2974 contritus,
976 2906 1027 2962 ei
1059 2907 1202 2975 quod
1244 2905 1408 2961 alitur
1455 2904 1892 2961 accommodatus

321 2999 410 3056 sit.
448 2999 654 3067 Quibus
680 2999 1005 3056 animalibus
1027 2998 1188 3069 gulae,
1216 3011 1423 3064 omasa,
1452 2997 1675 3052 reticula
1700 3006 1755 3051 et
1780 3012 1892 3050 ma-

321 3108 426 3163 gna
452 3092 708 3150 intestina
734 3092 938 3158 insunt,
965 3104 1030 3147 ea
1060 3091 1116 3145 in
1151 3090 1344 3146 iisdem
1374 3105 1480 3145 non
1514 3089 1779 3144 inutiliter
1810 3103 1893 3142 re-
1919 3128 1959 3185 ϐ

321 3184 627 3240 conduntur
656 3197 671 3234 :
697 3181 794 3238 sed
830 3182 1256 3251 unumquodque
1288 3195 1440 3236 usum
1471 3196 1534 3235 ac
1574 3195 1770 3235 munus
1792 3195 1890 3235 ne-

320 3274 617 3331 cessarium
638 3273 836 3344 explet.
861 3272 1103 3343 Longum
1128 3281 1211 3328 est
1227 3271 1417 3328 cameli
1445 3271 1667 3336 collum,
1708 3281 1767 3324 ut
1794 3285 1891 3340 par

319 3367 393 3423 sit
423 3366 670 3436 pedibus,
698 3373 752 3423 et
794 3380 914 3422 eam
960 3380 1065 3435 qua
1110 3366 1346 3421 vescitur
1389 3365 1889 3434 herbamattingat.

322 3460 496 3526 Ursae,
514 3459 708 3526 leonis,
725 3459 932 3530 tigridis
945 3466 998 3515 ct
1022 3467 1338 3515 cazterarum
1356 3457 1514 3525 hujus
1537 3458 1749 3529 generis
1773 3458 1890 3511 ani-

321 3552 538 3608 malium
573 3551 766 3607 collum
799 3553 962 3607 breve
989 3561 1093 3618 est,
1121 3560 1177 3607 et
1205 3551 1444 3606 humeris
1476 3551 1693 3606 insitum
1720 3568 1735 3603 ι
1768 3564 1892 3620 pro-

321 3653 501 3715 pterea
536 3644 678 3723 quod
726 3644 890 3700 herba
939 3644 1072 3714 ipsis
1125 3644 1443 3699 alimentum
1497 3658 1607 3698 non
1655 3652 1758 3707 est,
1791 3656 1892 3696 nec

322 3751 544 3792 necesse
570 3736 804 3792 habeant
829 3735 1089 3791 inclinare
1132 3751 1192 3791 se
1225 3736 1291 3791 ad
1323 3745 1542 3800 terram,
1570 3750 1691 3790 cum
1720 3735 1892 3789 carni-

320 3842 450 3883 vora
477 3827 610 3893 sint,
636 3842 700 3883 ac
735 3840 856 3885 sese
899 3840 966 3883 ex
1002 3828 1315 3881 animalium
1350 3826 1526 3897 prada
1563 3836 1886 3881 sustentem.

319 3919 454 3986 Quid
481 3920 583 3976 sibi
616 3920 729 3975 vult
756 3920 1038 3990 proboscis
1068 3919 1118 3975 in
1147 3917 1478 3989 elephanto?
1509 3918 1648 3986 Quia
1689 3918 1887 3972 animal

320 4023 593 4079 magnum,
624 4016 678 4064 et
703 4011 1041 4066 terrestrium
1085 4011 1404 4074 maximum,
1429 4009 1496 4063 ad
1532 4008 1883 4077 injiciendum

319 4100 731 4157 occurrentibus
753 4110 1013 4157 terrorem
1039 4103 1386 4170 productum,
1412 4101 1624 4155 carnosi
1655 4109 1709 4155 et
1734 4100 1883 4155 obesi

319 4191 560 4262 corporis
603 4206 724 4248 esse
764 4194 1067 4262 oportebat.
1116 4192 1251 4246 Huic
1293 4194 1338 4248 si
1375 4192 1570 4247 collum
1610 4208 1883 4261 magnum,

318 4293 374 4340 et
398 4284 623 4354 pedibus
652 4298 752 4352 par
785 4285 1042 4339 tributum
1073 4284 1281 4349 fuisset,
1309 4284 1397 4337 vix
1431 4294 1615 4354 posset
1638 4287 1881 4350 tractari,

319 4385 500 4445 utpote
525 4376 666 4445 quod
696 4374 764 4431 ob
786 4392 817 4428 n
848 4374 1006 4429 miam
1039 4376 1357 4445 gravitatem
1385 4390 1597 4445 semper
1631 4375 1879 4430 deorsum

2010 730 2157 785 μενοι
2179 730 2193 777 ;

2075 983 2127 1037 5.
2177 982 2315 1034 Ἀλλ’
2351 983 2442 1034 ἐπὶ
2473 982 2573 1053 τὴν
2605 979 2837 1051 θεωρίαν
2856 978 2956 1049 τῆς
2984 977 3214 1039 κτίσεως
3238 974 3572 1045 ἐπανίωμεν.

2005 1073 2085 1126 Τά
2118 1072 2491 1143 εὐαλωτότερα
2518 1071 2625 1125 τῶν
2660 1069 2813 1134 ζώων
2836 1054 3267 1137 πολυγονώτερα.
3303 1064 3403 1118 Διά
3420 1064 3579 1118 τοῦτο

2005 1163 2287 1218 πολυτόκοι
2315 1164 2538 1232 λαγωοὶ,
2583 1164 2679 1216 κα)⁵
2730 1158 2885 1230 αἶγες
2940 1160 3149 1232 ἄγριαι,
3196 1158 3292 1212 καὶ
3327 1156 3578 1229 πρόϐατα

2002 1256 2169 1327 ἄγρια
2199 1254 2543 1327 διδυμοτόκα,
2581 1255 2668 1308 ἵνα
2700 1255 2774 1327 μὴ
2800 1253 3054 1324 ἐπιλείπῃ
3073 1251 3133 1304 τὸ
3161 1250 3317 1320 γένος
3339 1250 3442 1303 ὑπὸ
3467 1249 3577 1303 τῶν

2001 1348 2296 1420 ὠμοϐόρων
2319 1349 2429 1419 (50)
2461 1346 2930 1417 ἐκδαπανὼμενον.
2971 1345 3050 1398 Τά
3082 1344 3139 1397 δὲ
3168 1342 3439 1415 φθαρτικὰ
3469 1341 3576 1395 τῶν

2003 1439 2202 1505 ἄλλων,
2240 1439 2547 1509 ὀλιγοτόκα.
2572 1438 2735 1492 Ὅθεν
2761 1437 2971 1498 λέοντος
2999 1434 3117 1498 ἐνὸς
3149 1434 3301 1506 μόλις
3329 1435 3361 1504 ἡ
3390 1432 3581 1485 λέαινα

2004 1532 2187 1603 μήτηρ
2224 1531 2449 1600 γίνεται.
2497 1531 2631 1593 Ταῖς
2667 1529 2775 1601 γὰρ
2826 1528 3029 1599 ἀκμαῖς
3061 1526 3169 1580 τῶν
3213 1525 3420 1595 ὀνύχων
3461 1525 3579 1578 δια-

2002 1621 2285 1695 σπαράξας
2310 1623 2411 1694 τὴν
2441 1623 2676 1694 μήτραν,
2708 1620 2850 1675 οὕτω
2892 1620 3153 1691 πρόεισιν,
3177 1617 3251 1681 ὥς
3281 1634 3412 1686 φασι
3436 1633 3450 1647 ο
3484 1617 3578 1671 καὶ

2000 1715 2205 1786 ἔχιδναι
2248 1715 2347 1779 τὰς
2389 1717 2602 1787 μήτρας
2636 1714 2972 1785 ἐκφαγοῦσαι
3012 1713 3390 1784 προέρχονται,
3447 1709 3579 1781 πρέ-

1929 1790 1974 1847 B
1998 1825 2198 1872 ποντας
2243 1811 2309 1879 τῇ
2354 1808 2734 1881 γεννησαμένη
2777 1808 2904 1870 τοὺς
2941 1805 3164 1877 μισθοὺς
3205 1803 3580 1857 ἐκτιννύουσαι

1999 1900 2134 1970 (51).
2172 1898 2361 1963 Οὕτως
2405 1900 2555 1953 οὐδὲν
2593 1899 2926 1971 ἀπρονόητον
2977 1900 3035 1952 ἐν
3080 1899 3191 1960 τοῖς
3228 1892 3398 1959 οὖσιν,
3456 1894 3576 1948 οὐδὲ

1995 1992 2096 2062 τῆς
2118 1991 2482 2063 ἐπιϐαλούσης
2507 1992 2689 2057 αὐτοῖς
2723 1989 3038 2062 ἐπιμελείας
3059 1989 3263 2061 ἄμοιρα
3293 1988 3424 2059 (52).
3454 1988 3577 2040 Κᾶν

1996 2082 2136 2138 αὐτὰ
2172 2083 2242 2136 τὰ
2279 2084 2413 2154 μέλη
2446 2082 2553 2136 τῶν
2600 2082 2753 2147 ζώων
2796 2080 3137 2152 καταμάθῃς,
3176 2080 3446 2150 εὑρήσεις,
3493 2077 3579 2130 ὅτι

1996 2177 2121 2231 οὔτε
2145 2176 2396 2249 περιττόν
2424 2193 2475 2228 τι
2508 2177 2535 2228 ὁ
2577 2175 2769 2238 κτίσας
2817 2171 3177 2243 προσέθηκεν,
3217 2170 3340 2223 οὕτε
3386 2169 3575 2236 ἀφεῖλε

1993 2268 2101 2325 τῶν
2131 2270 2239 2341 (55)
2284 2268 2615 2338 ἀναγκαίων.
2666 2269 2790 2331 Τοῖς
2838 2267 3207 2338 σαρκοφάγοις
3242 2263 3401 2330 ζώοις
3433 2262 3574 2329 ὀξεῖς

1993 2364 2120 2426 τοὺς
2147 2362 2364 2424 ὀδόντας
2394 2362 2662 2432 ἐνήρμοσε
2683 2378 2697 2390 σ
2738 2358 2993 2412 τοιούτων
3017 2357 3127 2428 γὰρ
3157 2352 3225 2428 ἦν
3257 2357 3415 2427 χρεία
3439 2355 3576 2426 πρὸς

1994 2453 2055 2506 τὸ
2115 2453 2213 2524 τῆς
2259 2452 2466 2525 τροφῆς
2520 2449 2678 2514 εἶδος.
2714 2450 2781 2503 Ἃ
2825 2450 2881 2503 δέ
2915 2448 2974 2514 ἐξ
3019 2449 3275 2520 ἡμισείας
3309 2446 3577 2501 ὥπλισται

1994 2548 2107 2609 τοῖς
2156 2542 2357 2610 ὀδοῦσι,
2416 2544 2638 2607 πολλαῖς
2675 2544 2768 2596 καὶ
2811 2542 3081 2606 ποικίλαις
3122 2541 3428 2611 ἀποθήκαις
3466 2538 3575 2591 τῶν

1996 2636 2107 2707 (54)
2132 2636 2345 2708 τροφῶν
2367 2636 2762 2708 παρεσκεύασε.
2788 2634 2887 2688 Διά
2910 2633 3017 2706 γὰρ
3039 2634 3099 2687 τὸ
3119 2632 3269 2705 παρά
3298 2632 3395 2702 τὴν
3427 2631 3577 2703 πρώ-

1993 2746 2093 2800 την
2145 2729 2221 2801 μὴ
2271 2728 2583 2800 ἀρκούντως
2637 2726 3142 2782 καταλεπτύνεσθαι
3189 2724 3288 2797 τὴν
3343 2723 3572 2797 τροφὴν,

1995 2822 2192 2877 ἔδωκεν
2233 2822 2416 2886 αὐτοῖς
2440 2822 2500 2875 τὸ
2533 2819 2840 2875 καταποθὲν
2871 2819 3030 2873 πάλιν
3057 2816 3570 2888 ἀναπεμπάζεσθαι,

1993 2912 2135 2967 ὥστε
2164 2912 2531 2967 καταλεανοέν
2566 2911 2675 2985 (ὗὸ)
2719 2911 2797 2982 τῷ
2829 2910 3161 2983 μηρυκισμῷ
3194 2907 3571 2982 προσοικειοῢ-

1997 3003 2119 3056 σθαι
2143 3003 2221 3074 τῷ
2234 3003 2571 3074 τρεφομένῳ.
2602 3002 2893 3073 Στόμαχοι,
2922 3000 3015 3055 καὶ
3036 3003 3221 3072 ἐχῖνοι,
3249 3001 3342 3054 καὶ
3374 2999 3575 3070 κεκρύ-

1995 3095 2171 3163 φαλοι,
2208 3097 2302 3148 καὶ
2338 3095 2594 3166 ἔνυστρα,
2634 3095 2735 3147 οὐκ
2787 3093 2972 3167 ἀργῶς
3017 3093 3260 3161 ἔγκειται
3303 3090 3414 3163 (56)
3462 3090 3570 3145 τῶν

1998 3185 2150 3251 ζώων
2178 3190 2289 3251 τοῖς
2337 3187 2568 3257 ἔχουσιν,
2609 3186 2722 3239 ἀλλ’
2756 3186 3068 3256 ἀναγκαίων
3101 3185 3288 3256 χρείαν
3343 3170 3653 3239 {saw

1996 3280 2278 3351 ἐκπληροῖ.
2315 3280 2532 3350 Μακρός
2559 3280 2587 3331 ὁ
2616 3279 2885 3350 τράχηλος
2909 3279 3010 3349 τῆς
3042 3278 3311 3349 καμήλου,
3341 3278 3429 3331 ἵνα
3459 3279 3572 3342 τοῖς

1997 3372 2154 3424 ποσὶν
2185 3369 2497 3441 ἐξισάζηται
2528 3370 2620 3423 καὶ
2651 3370 2937 3441 ἐφικνῆται
2967 3368 3076 3440 (57)
3113 3368 3211 3439 τῆς
3251 3368 3479 3440 βοτάνης
3512 3367 3570 3436 ἐξ

1994 3457 2061 3534 ἧς
2086 3463 2284 3534 ἀποζῇ.
2333 3462 2549 3533 Βραχὺς
2579 3462 2673 3515 καὶ
2705 3464 2814 3526 τοῖς
2846 3460 3016 3532 ὤμοις
3049 3460 3341 3524 ἐνδεδυκὼς
3372 3464 3401 3513 ὀ
3432 3461 3568 3532 τρά-

1989 3553 2151 3625 χηλος
2176 3554 2277 3625 τῆς
2308 3553 2512 3627 ἄρκτου
2533 3572 2547 3585 ·
2583 3554 2679 3608 καὶ
2711 3555 2925 3618 λέοντος
2959 3554 3037 3621 δὲ,
3066 3553 3161 3607 καὶ
3192 3553 3449 3625 τίγριδος,
3473 3554 3569 3606 καὶ

1987 3647 2094 3699 τῶν
2127 3644 2348 3709 λοιπῶν,
2398 3646 2497 3698 ὅσα
2525 3645 2714 3698 τούτου
2744 3645 2839 3698 τοῦ
2866 3645 3087 3713 γένουςο
3126 3645 3209 3697 ὅτι
3241 3646 3342 3697 οὐκ
3371 3645 3436 3697 ἐκ
3468 3643 3569 3715 τῆς

1987 3737 2121 3800 πόας
2149 3739 2333 3802 αὐτοῖς
2360 3740 2392 3810 ἡ
2421 3738 2616 3811 τροφὴ,
2650 3739 2769 3791 οὐδὲ
2798 3739 3006 3809 ἀνάγκη
3043 3737 3180 3809 πρὸς
3210 3737 3307 3808 τὴν
3338 3738 3440 3808 γῆν
3472 3754 3570 3790 κα-

1984 3829 2298 3895 τακόπτειν,
2342 3831 2710 3902 σαρκοφάγοις
2739 3825 2879 3894 οὖσι,
2913 3830 3007 3883 καὶ
3038 3831 3101 3883 ἐκ
3131 3829 3228 3899 τῆς
3248 3828 3425 3898 ἄγρας
3455 3827 3567 3880 τῶν

1991 3919 2143 3985 ζώων
2175 3922 2603 3994 διαρκουμένοις.
2660 3924 2727 3976 Τί
2784 3922 3030 3993 βούλεται
3059 3923 3093 3992 ή
3140 3920 3441 3993 προνομαία
3488 3918 3567 3991 τῷ

1986 4013 2268 4082 ἐλέφαντι;
2309 4015 2430 4068 Ὅτι
2467 4015 2612 4086 μέγα
2639 4014 2701 4068 τὸ
2737 4014 2895 4080 ζῶον,
2938 4014 3031 4068 καὶ
3060 4013 3169 4067 τῶν
3213 4013 3480 4084 χερσαίων
3504 4011 3567 4064 τὸ

1987 4106 2259 4176 μέγιστον,
2286 4107 2365 4170 είς
2395 4106 2494 4176 τὴν
2524 4106 2632 4162 τῶν
2659 4107 3095 4176 ἐντυγχανόντων
3126 4104 3389 4176 ἔκπληξιν
3417 4123 3562 4177 παρ-

1985 4195 2167 4265 αχθέν,
2212 4195 2550 4267 πολύσαρκον
2600 4196 2766 4266 ἐχρῆν
2815 4192 2953 4249 εἶναι
3005 4197 3099 4249 καὶ
3135 4194 3564 4267 συμπεφορημέ-

1987 4303 2077 4339 νον
2102 4288 2163 4340 τὸ
2187 4287 2362 4359 σῶμα.
2396 4287 2581 4359 Τούτῳ
2611 4290 2659 4340 εί
2687 4288 2861 4358 μέγας
2892 4289 2988 4342 καὶ
3017 4288 3291 4355 ἀναλογῶν
3327 4292 3440 4351 τοῖς
3464 4304 3562 4341 πο-

1991 4378 2074 4430 σὶν
2112 4378 2140 4429 ὁ
2164 4378 2431 4450 τράχηλος
2470 4380 2791 4451 προσετέθη,
2822 4380 3331 4452 δυσμεταχείριστος
3362 4381 3428 4433 ἂν
3467 4375 3558 4451 ἦν,

392 4558 526 4632 (50)
564 4557 715 4628 Regii
750 4559 965 4632 “tertius
1008 4567 1285 4632 et_sexlns
1336 4557 1441 4611 ὑπὸ
1504 4558 1611 4613 τῶν
1658 4558 1884 4630 αἱμοϐό-

1991 4561 2137 4625 ὅντα,
2165 4560 2308 4632 nullo
2333 4561 2551 4632 negotio
2575 4570 2743 4632 pOSSll
2762 4559 3017 4630 suppleri.
3043 4561 3213 4632 Legas
3236 4561 3394 4614 velim
3420 4577 3554 4615 con-

355 4628 450 4695 ων,
476 4630 538 4681 ab
562 4629 874 4683 animalibus
903 4628 1205 4697 sanguinem
1225 4640 1530 4697 cu'lerarnm
1557 4628 1878 4695 sugentibus.

355 4646 450 4695 ων,
476 4646 538 4681 av
562 4646 874 4683 ammmwus
903 4646 1205 4697 sanguinem
1225 4646 1530 4681 camerarum
1557 4646 1877 4695 sugemwus.

319 4646 519 4753 fbidem
550 4700 681 4768 Reg.
710 4708 895 4769 sextus
925 4697 994 4751 τὰ
1013 4698 1069 4750 δὲ
1097 4697 1370 4769 φθαρτικὰ
1404 4696 1511 4769 τῷν
1557 4698 1710 4764 ζώων
1739 4700 1877 4769 ὀλιγ.

319 4770 470 4825 Colb.
501 4766 764 4822 secundus
788 4767 1187 4840 φθαωικάτῶν
1208 4766 1384 4821 ἄλλων
1410 4766 1584 4833 ζώων.
1619 4769 1719 4822 Alii
1746 4766 1876 4825 mss.

316 4849 373 4893 et
408 4840 539 4894 editi
566 4848 625 4892 ut
660 4840 712 4891 iu
748 4837 1021 4892 contextu.
1050 4837 1165 4891 Non
1210 4849 1295 4891 est
1322 4839 1462 4906 quod
1509 4840 1877 4908 scrupulosius

316 4909 404 4963 his
442 4909 693 4962 munibus
730 4908 885 4962 [idem
911 4909 1284 4971 adhibeamus,
1318 4923 1440 4962 cum
1471 4925 1578 4962 non
1607 4926 1774 4977 pauca
1809 4925 1873 4963 ex

318 4979 461 5049 vulgi
507 4978 762 5047 opinione
797 4989 1108 5032 narrentur.
1150 4978 1555 5049 iNcquetatuen
1609 4992 1878 5046 repertum

320 5049 381 5101 iri
413 5044 558 5118 puto
585 5062 910 5116 quemquam
950 5058 1057 5102 tam
1088 5044 1472 5117 iniquum,'qui
1508 5052 1620 5101 lucc
1661 5044 1754 5106 aut
1802 5051 1879 5102 si—

320 5120 462 5172 milia
496 5131 709 5172 summo
731 5119 847 5171 viro
871 5119 1031 5173 rebus
1062 5118 1404 5189 gravioribus
1445 5119 1652 5173 intento
1677 5123 1869 5174 condo.

316 5203 447 5243 nare
468 5189 622 5243 nolit.

350 5258 701 5334 _(51)(_Io_t_lex
732 5256 981 5334 (ἔθαψεν.
1004 5272 1127 5311 cum
1163 5256 1345 5334 multis
1387 5258 1663 5334 aliis_mss.
1703 5258 1881 5334 ἐκτιν-

315 5328 495 5384 ﬂeat.
525 5329 663 5381 Editi
693 5346 814 5383 cum
844 5328 1007 5384 Cnisl.
1056 5328 1290 5379 secundo
1321 5329 1714 5385 ἐκτιννύουσαι.
1761 5331 1876 5382 Sta-

318 5402 410 5450 tim
439 5402 545 5453 duo
572 5415 700 5453 mss.
734 5398 853 5452 οὐδέ
883 5398 980 5468 τῆς
1015 5396 1429 5469 ἐπιϐαλλούσης.

388 5470 498 5537 (52)
536 5471 758 5522 Codices
792 5478 994 5535 septeni
1039 5468 1262 5538 ἄμοιρα.
1319 5468 1457 5522 Editi
1488 5479 1542 5523 et
1572 5470 1737 5524 Coisl.
1772 5469 1884 5537 pri-

320 5554 438 5609 mus
468 5540 713 5609 ἄμοιρον.
747 5540 813 5594 Ει
846 5541 935 5593 bit:
964 5553 1178 5609 quoque
1212 5539 1421 5593 librarii
1463 5544 1531 5595 ob
1566 5557 1758 5594 vanum
1796 5556 1883 5591 so-

318 5607 547 5681 loecismi
586 5607 788 5681 metum
824 5607 1322 5681 videnturt'ipmpov
1375 5626 1469 5677 pro
1507 5611 1711 5681 ἄμοιρα
1745 5611 1881 5681 seri:

317 5680 516 5752 psisse,
547 5693 612 5732 eo
653 5679 1198 5752 videlicet_cons_ilto,
1249 5690 1303 5731 ut
1347 5696 1445 5733 vox
1499 5679 1727 5752 ἄμοιρον
1766 5679 1880 5752 voci

316 5746 468 5803 οὐδέν
512 5749 879 5816 respuuderct.
911 5749 1015 5804 Sed
1047 5749 1179 5802 nihil
1207 5762 1450 5815 necesse,
1477 5746 1599 5808 cuiu
1635 5746 1789 5816 illud,
1815 5746 1884 5802 τά

1993 4645 2220 4684 textum.
2282 4631 2475 4682 Statim
2539 4631 2686 4700 Regii
2728 4633 2954 4695 primus,
3005 4631 3195 4685 tertius
3241 4642 3294 4685 et
3332 4641 3559 4685 octavus

1987 4717 2108 4755 cum
2135 4700 2284 4753 Colb.
2308 4703 2543 4755 secundo
2566 4700 2635 4773 τὰ
2663 4701 2819 4772 μέλη.
2851 4701 2989 4756 Editi
3004 4717 3124 4755 cum
3151 4717 3256 4755 uno
3272 4711 3365 4755 aut
3386 4703 3559 4756 altero

1987 4786 2088 4822 ms.
2117 4768 2187 4822 τὰ
2223 4769 2387 4822 ιιέοη.

1986 4786 2088 4823 ms.
2117 4786 2187 4822 τα
2222 4786 2387 4840 μερη.

2434 4839 2682 4912 βοηιὺεί.
2724 4857 2846 4896 cum
2900 4841 3022 4897 aliis
3063 4841 3303 4912 quinque
3354 4840 3549 4908 ἀφεῖλε

1983 4910 2111 4964 τῶν.
2149 4911 2287 4963 Editi
2317 4910 2567 4979 ἀφείλετο
2593 4912 2722 4968 τῶν.

2054 4979 2737 5053 (54)(Σοιιθκῄβοιιιῡεΐαει
2763 4981 2898 5053 Reg.
2924 4991 3160 5053 octavus
3193 4979 3400 5044 τούτοις
3436 4981 3559 5034 πολ-

1981 5049 2080 5114 λὰς
2110 5050 2205 5122 καὶ
2246 5050 2496 5114 ποικίλας
2543 5051 2831 5121 ἀποθήκας
2851 5049 3005 5117 ⁷τῶν,
3039 5062 3145 5107 etc.
3193 5054 3328 5122 Reg.
3364 5064 3554 5107 sextus

1983 5120 2375 5194 ποικίλας-ταῖς
2398 5125 2625 5192 τροφαῖς
2658 5120 3114 5194 παρεσκεύασεν.-

2054 5191 2168 5262 (55)
2226 5190 2451 5262 (lodices
2514 5190 2763 5259 quatuor
2833 5204 3029 5262 praeter
3110 5191 3354 5247 Combef.
3412 5191 3555 5244 ὥστε

1984 5259 2348 5331 καταλεανθὲν
2379 5259 2476 5330 τῷ.
2515 5262 2667 5316 Colb.
2708 5259 2976 5316 secundus
2997 5279 3117 5317 cum
3160 5264 3290 5331 Reg.
3323 5274 3475 5317 sexto
3500 5272 3555 5315 et

1980 5347 2103 5452 agni
2130 5329 2281 5386 Bodl.
2309 5329 2449 5383 ὥστε
2482 5331 2914 5385 καταλεανθέντα
2940 5332 3035 5404 τῷ.
3072 5333 3210 5388 Editi
3233 5329 3558 5387 καταλειαν-

2042 5418 2155 5452 ντα.

2042 5418 2135 5453 ντα
2144 5440 2155 5452 .

2052 5471 2179 5543 (56)
2200 5471 2423 5543 codices
2451 5473 2690 5543 quinque
2724 5473 2987 5542 ἔγκειται.
3024 5473 3167 5528 Editi
3218 5488 3342 5528 cum
3393 5472 3552 5531 Colb.

1979 5542 2220 5595 secundo
2248 5540 2545 5609 ἕγκεινται.

2054 5611 2336 5688 (57)_(_.‘.olb.
2370 5616 2638 5688 secundus
2664 5616 2769 5688 οὐκ
2802 5614 3079 5688 ἐφίκηται.
3115 5614 3399 5688 Aliquanto
3429 5618 3554 5683 post

1981 5696 2117 5756 mss.
2144 5682 2348 5756 aliquot
2377 5684 2460 5735 ὅτι
2490 5685 2609 5755 οὐχ).
2656 5687 2722 5739 ἐκ
2767 5682 2887 5756 τῆς.
2926 5682 3066 5741 Editi
3112 5682 3235 5742 cuni
3264 5684 3415 5739 Colb.
3436 5682 3439 5683 ⁷
3460 5698 3548 5738 se-

1980 5753 2157 5808 cundo
2185 5753 2263 5806 ὅτι
2293 5754 2412 5807 οὐκ.
