4048 6220
461 337 559 392 201

1551 338 1834 395 HOMILIA
1870 340 1941 395 IX
1979 338 2046 396 IN
2082 339 2574 397 [‘IEXAEMERON.

3601 345 3706 405 202

460 454 539 526 τῷ
561 453 947 525 ὑπερϐάλλοντι
977 454 1130 528 βάρει
1158 459 1520 531 καταρρέπων
1552 461 1639 514 ἀεὶ
1675 462 1812 532 πρὸς
1846 462 1909 514 τὸ
1937 460 2035 516 κά-

2146 472 2408 532 vergeret.
2454 460 2607 518 Nunc
2658 472 2835 518 autem
2891 472 3055 535 caput
3101 464 3315 535 quidem
3376 478 3470 534 per
3509 478 3708 534 paucas

460 562 557 599 τω.
592 544 705 598 Νῦν
730 544 787 598 δὲ
818 547 850 612 ὴ
897 544 994 615 μὲν
1047 546 1257 620 κεφαλὴ
1304 548 1371 602 δι’
1391 548 1586 619 ὀλίγων
1618 551 1725 604 τῶν
1747 551 1841 605 τοῦ
1872 551 2033 622 αὐχέ-

462 653 550 699 νος
595 635 897 705 σφονδύλων
923 637 1059 707 πρὸς
1096 637 1194 709 τὴν
1233 641 1389 711 ῥάχιν
1416 642 1782 697 συνάπτεταιο
1816 642 1929 714 ἔχει
1977 643 2035 696 δὲ

460 724 557 795 τὴν
596 726 954 796 προνομαίαν,
994 727 1094 798 τὴν
1118 728 1212 782 τοῦ
1246 732 1522 803 τραχήλου
1562 733 1752 804 χρείαν
1785 732 2034 803 ἀποπλη-

464 815 683 886 ρούσαν,
726 815 793 870 δι’
822 812 891 888 ἧς
919 817 1013 872 καὶ
1063 819 1163 891 τὴν
1202 824 1410 894 τροφὴν
1456 840 1811 897 προσαγεται,
1850 825 1944 877 καὶ
1976 823 2038 878 τὸ

461 909 623 963 ποτὸν
644 909 924 980 ἀνιμᾶται.
970 910 1132 966 Ἀλλὰ
1164 914 1258 966 καὶ
1303 913 1662 986 ἀδιάρθρωτοι
1692 916 1839 987 αὐτῷ
1863 918 1912 968 οἱ
1941 917 2035 968 πό-

459 999 569 1064 δες,
598 1001 760 1055 οἱονεὶ
797 1002 974 1067 κίονες
1017 1004 1306 1075 ἡνωμένοι,
1340 1006 1401 1059 τὸ
1451 1006 1615 1078 βάρος
1647 1007 2037 1077 ὑποστηρίζου-

464 1108 569 1146 σιν.
610 1094 674 1146 Ei
701 1092 809 1165 γὰρ
836 1094 1008 1164 χαῦνα
1036 1095 1185 1168 αὐτῷ
1210 1098 1304 1150 καὶ
1336 1098 1530 1169 δίυγρα
1564 1098 1801 1170 ὑπετέθη
1833 1099 1943 1168 (58)
1966 1099 2035 1153 τὰ

463 1183 641 1266 κῶλα,
656 1187 895 1254 συνεχεῖς
928 1185 993 1239 ἂν
1018 1187 1257 1255 ἐγίνοντο
1281 1186 1391 1243 τῶν
1416 1189 1634 1260 ἄρθρων
1653 1190 1710 1243 αἱ
1750 1191 2034 1258 ἐκτροπαὶ,

463 1276 888 1342 συνοκλάζοντος
914 1278 1010 1332 καὶ
1045 1279 1450 1352 διανιπαμένου
1484 1282 1762 1351 κουφίζειν
1780 1282 1842 1335 τὸ
1872 1282 2038 1353 βάρος

465 1368 540 1439 μὴ
558 1368 925 1440 ἐξαρκούντων
945 1370 1076 1443 (59).
1108 1372 1222 1426 Νῦν
1242 1373 1298 1426 δὲ
1317 1374 1520 1443 βραχὺς
1548 1372 1886 1444 ἀστράγαλος
1909 1373 2040 1429 ὑπό,

464 1474 640 1510 κειται
662 1457 738 1528 τῷ
766 1459 887 1513 ποδ)⁵
912 1458 1005 1513 τοῦ
1039 1459 1328 1528 ἐλέφαντος
1355 1476 1369 1490 ·
1400 1459 1524 1514 οὔτε
1557 1460 1739 1531 μέντοι
1764 1461 1843 1523 είς
1868 1459 2038 1527 ἀγκύο

464 1547 564 1617 λην
598 1548 718 1601 οὔτε
748 1549 828 1613 είς
860 1550 988 1617 γόνυ
1019 1548 1370 1621 διήρθρωται.
1409 1550 1482 1603 Οὐ
1513 1549 1622 1622 γὰρ
1662 1549 1727 1603 ἂν
1761 1550 2038 1620 ὑπήνεγκε

461 1640 526 1693 τὸ
553 1640 660 1693 τῶν
690 1639 907 1711 ἄρθρων
933 1641 1217 1713 ὀλισθηρὸν
1248 1642 1346 1714 τὴν
1375 1641 1744 1714 πολυσαρκίαν
1764 1640 1857 1694 τοῦ
1898 1640 2037 1704 (dion

465 1731 665 1802 πολλὴν
733 1731 880 1803 αὐτῷ
941 1733 1379 1805 περικεχυμένην
1438 1735 1534 1788 καὶ
1581 1734 2034 1806 περιτρέμουσαν.

469 1824 631 1878 Ὅθεν
661 1824 818 1897 χρεία
844 1824 1033 1895 γέγονε
1070 1824 1165 1878 τοῦ
1207 1825 1480 1896 μυκτῆρος
1508 1826 1715 1878 ἐκείνου
1749 1826 1908 1897 μέχρι
1942 1844 2033 1879 πο·
2070 1810 2111 1864 Β

464 1915 569 1968 δῶν
597 1915 940 1986 καθιεμένου.
981 1916 1095 1987 Οὐχ
1126 1918 1255 1987 ὁρᾷς
1284 1918 1341 1969 ἐν
1378 1911 1491 1981 τοῖς
1510 1916 1798 1987 πολέμοις,
1848 1918 1930 1970 ὅτι
1960 1918 2040 1969 oi-

468 2008 582 2062 ονεὶ
606 2008 803 2079 πύργοι
826 2008 969 2072 τινὲς
988 2007 1216 2079 ἔμψυχοι
1232 2009 1329 2079 τῆς
1348 2008 1624 2077 φάλαγγος
1640 2009 2002 2081 προηγοῦνται
2022 2027 2037 2074 ;

465 2099 501 2171 ἢ
533 2099 711 2170 βουνοί
730 2117 873 2163 τινες
906 2099 1172 2171 σάρκινοι,
1203 2098 1571 2153 ἀνυπόστατον
1595 2099 1809 2170 ἔχοντες
1835 2099 1934 2171 τὴν
1953 2102 2061 2170 ὁρ-,

402 2255 407 2261 ,
470 2205 598 2261 μην,
632 2190 740 2243 τῶν
787 2189 1046 2243 ἐναντίοιν
1084 2189 1174 2242 τὸν
1215 2189 1586 2261 συνασπισμὸν
1620 2190 2038 2256 διακόπτουσιν;

465 2274 563 2343 Οἷς
589 2282 638 2335 εί
673 2281 748 2352 μὴ
787 2276 853 2352 ἦν
882 2280 1538 2353 ἀναλογοῦντα-Μάτω,
1581 2281 1718 2353 πρὸς
1759 2281 1947 2335 οὐδένα
1977 2282 2042 2335 ἂν

466 2375 659 2448 χρόνον
690 2376 752 2428 τὸ
785 2374 920 2440 ζῶον
947 2358 1367 2449 διήρκεσε.ῘΝῦν
1398 2376 1455 2430 δὲ
1487 2377 1587 2449 ἤδη
1609 2378 1752 2442 τινὲς
1773 2358 2085 2448 ίστορὸῖσῗ

466 2468 563 2522 καὶ
591 2462 877 2539 τριακόσια
914 2468 1010 2538 ἐτη
1044 2467 1137 2521 καὶ⁵
1172 2462 1341 2521 πλείω
1374 2469 1578 2523 τούτων
1609 2468 1754 2540 βιοῦν
1792 2471 1882 2524 τὸν
1931 2470 2045 2523 ἐλέ-

468 2576 682 2632 φαντας
713 2560 801 2614 διὰ
826 2560 984 2613 τοῦτο
1023 2560 1383 2632 συμπεπηγὸς
1414 2560 1525 2632 (60)
1555 2562 1648 2615 καὶ
1686 2562 1746 2614 οὐ
1774 2562 2043 2634 διηρθρω-

472 2654 633 2724 μένον
662 2652 730 2706 τὰ
757 2652 926 2706 κῶλα.
956 2652 1066 2724 Τὴν
1117 2652 1175 2705 δὲ
1222 2653 1449 2724 τροφὴν,
1507 2652 1696 2725 ὥσπερ
1739 2652 1971 2724 ἔφαμεν,
2008 2656 2040 2724 ή

472 2744 779 2818 προνομαία
804 2744 1040 2816 χαμόθεν
1071 2744 1163 2797 ἐπὶ
1189 2744 1250 2797 τὸ
1283 2744 1413 2814 ὕψος
1448 2744 1773 2815 διακομίζει,
1809 2745 2043 2817 ὀφιῶδης

472 2856 556 2902 τις
579 2833 713 2892 οὖσα
744 2839 839 2891 καὶ
879 2836 1147 2908 ὑγροτέρα
1194 2837 1293 2906 τὴν
1349 2836 1528 2906 φύσιν.
1575 2836 1759 2900 Οὕτως
1789 2836 1992 2909 ἀληθὴς
2017 2839 2045 2889 ὁ

471 2928 647 2997 λόγος,
682 2928 763 2981 ὅτι
791 2926 945 2980 οὐδὲν
978 2925 1231 2999 περιττὸν
1264 2926 1381 2978 οὐδὲ
1418 2925 1660 2979 ἐλλεῖπον
1686 2927 1745 2979 ἐν
1776 2929 1888 2989 τοῖς
1928 2943 2045 2979 κτι-

474 3019 646 3074 σθεῖσι
675 3019 903 3073 δυνατὸν
935 3017 1246 3090 εὑρεθῆναι.
1282 3017 1451 3071 Τοῦτο
1493 3017 1674 3090 μέντοι
1705 3018 1956 3072 τοσοῦτον
1985 3017 2044 3071 ὃν

2137 554 2366 608 cervicis
2415 566 2701 623 compages
2743 568 2866 610 cum
2920 555 3068 613 dorsi
3109 556 3263 627 spina
3308 556 3702 627 coniungitur:

2102 684 2105 689 .
2136 644 2299 699 habet
2328 657 2457 699 vero
2489 645 3023 714 proboscidem,eolli
3054 646 3229 704 oﬂicio
3252 662 3318 704 ac
3338 663 3560 709 munere
3588 649 3710 703 fun-

2136 745 2485 807 gentem,per
2510 751 2670 805 quam
2693 747 2749 793 et
2789 737 3102 794 alimentum
3149 740 3395 804 assumit,
3434 749 3490 794 et
3521 749 3704 809 potum

2134 827 2403 882 exhaurit.
2449 826 2555 883 Sed
2596 837 2652 883 et
2676 829 2840 898 pedes
2868 830 3036 898 ipsius
3080 831 3322 886 articulis
3347 831 3568 886 minime
3595 830 3709 885 dis-

2137 920 2309 984 tincti,
2364 919 2514 976 velut
2557 919 2819 975 columnae
2855 921 3172 992 conjunctae,
3205 936 3342 977 onus
3371 922 3704 977 suﬂ'ulciunt.

2136 1009 2348 1064 Etenim
2379 1012 2425 1065 si
2454 1011 2559 1065 laxi
2588 1020 2642 1067 et
2677 1010 2939 1067 ﬂexibiles
2965 1011 3129 1080 pedes
3151 1012 3201 1067 ei
3248 1011 3477 1068 fuissent
3504 1026 3701 1081 suppo«

2132 1102 2220 1158 siti
2245 1143 2261 1169 ,
2279 1103 2484 1158 crebrae
2509 1103 2663 1159 facta:
2689 1103 2914 1159 fuissent
2930 1103 3280 1159 articulorum
3299 1118 3329 1159 e
3349 1104 3462 1160 suis
3486 1103 3706 1159 sedibus

2135 1195 2400 1250 motiones
2436 1214 2450 1249 :
2487 1195 2921 1266 quandoquidem
2948 1196 3077 1250 dum
3118 1195 3272 1252 ﬂexis
3309 1196 3533 1267 genibus
3567 1209 3703 1251 con-

2135 1286 2353 1351 sideret,
2382 1296 2476 1341 aut
2527 1294 2862 1357 exsurgeret,
2895 1286 3118 1344 ferendo
3157 1286 3382 1356 ponderi
3410 1299 3566 1355 pares
3594 1300 3702 1340 non

2137 1391 2337 1435 essent.
2370 1380 2521 1437 Nunc
2548 1396 2678 1437 vero
2696 1395 2893 1450 parvus
2925 1380 3064 1435 talus
3095 1378 3380 1450 subjicitur
3404 1378 3706 1446 elephantis

2136 1472 2255 1540 pedi
2286 1490 2301 1526 :
2336 1473 2447 1544 86
2481 1487 2655 1543 neque
2700 1483 2876 1527 tamen
2906 1473 2973 1528 ad
3015 1481 3382 1537 curvaturam,
3425 1485 3601 1540 neque
3641 1471 3708 1525 ad

2138 1578 2275 1632 genu
2303 1574 2617 1633 compactus
2660 1563 2903 1620 articulis
2938 1572 3041 1619 est.
3069 1562 3203 1617 Nam
3236 1562 3586 1618 articulorum
3620 1562 3706 1616 in-

2138 1650 2437 1710 constantia
2460 1668 2523 1708 ac
2559 1654 2826 1708 mobilitas
2853 1652 3076 1709 multam
3131 1652 3383 1709 animalis
3427 1652 3708 1721 corpulen-

2142 1744 2289 1809 tiam,
2323 1745 2420 1814 ipsi
2458 1744 2841 1799 circumfusam
2874 1760 2940 1802 ac
2969 1745 3314 1811 titubantem,
3332 1742 3475 1799 ferre
3503 1756 3709 1813 nequa-

2138 1852 2298 1905 quam
2347 1836 2626 1906 potuisset.
2667 1835 2819 1892 Unde
2861 1852 3028 1894 nasus
3078 1836 3169 1893 ille
3218 1836 3286 1892 ad
3328 1834 3493 1906 pedes
3537 1847 3710 1902 usque

2140 1927 2426 1992 demissus,
2476 1927 2578 1982 fuit
2605 1927 2963 1984 necessarius.
3003 1926 3190 1984 Nonne
3235 1926 3386 1983 vides
3426 1926 3481 1980 in
3530 1924 3706 1993 hellis,

2140 2016 2283 2086 quod
2321 2017 2469 2071 velut
2503 2017 2757 2071 animatae
2788 2018 3036 2088 quaedam
3087 2025 3264 2072 turres
3298 2015 3471 2071 aciem
3507 2029 3708 2086 praece-

2143 2108 2269 2162 dant
2295 2107 2318 2160 ?
2342 2117 2431 2162 aut
2462 2108 2606 2177 quod
2657 2107 2801 2163 velut
2836 2108 3019 2163 carnei
3054 2107 3271 2178 quidam
3297 2106 3483 2175 colles,
3512 2105 3708 2162 intole-

2144 2200 2298 2256 rabili
2317 2202 2517 2270 impetu
2548 2199 2783 2272 impulsi,
2816 2202 3040 2257 densata
3064 2200 3299 2257 hostium
3334 2199 3549 2271 agmina
3582 2214 3707 2270 per-

2145 2301 2398 2360 rumpant
2424 2291 2447 2346 ?
2477 2290 2685 2358 Quibus
2710 2293 2814 2349 nisi
2841 2301 3022 2363 partes
3044 2291 3267 2348 infernae
3299 2291 3708 2362 responderent,

2144 2392 2385 2454 tempore
2419 2382 2527 2438 ullo
2553 2383 2844 2453 persistere
2873 2382 3072 2439 animal
3100 2382 3230 2439 illud
3254 2382 3475 2439 minime
3507 2391 3710 2453 posset.

2142 2473 2296 2530 Nunc
2350 2481 2529 2529 autem
2564 2473 2808 2530 referunt
2864 2474 3106 2530 nonnulli
3161 2475 3417 2531 trecentis
3456 2474 3614 2529 armis
3658 2480 3714 2528 et

2144 2566 2372 2635 amplius
2413 2565 2597 2620 vivere
2638 2564 3024 2635 elephantem:
3068 2574 3354 2637 propterea
3391 2565 3556 2637 pedes
3596 2562 3713 2632 ejus

2144 2657 2408 2727 compacti
2442 2665 2587 2724 sunt,
2641 2671 2742 2713 nec
2777 2656 2902 2713 ullis
2947 2656 3190 2713 articulis
3237 2656 3562 2715 dividuntur.
3597 2655 3713 2713 Cae-

2147 2759 2342 2815 terum,
2377 2750 2454 2804 uti
2482 2750 2735 2813 diximus,
2766 2749 3046 2820 proboscis
3067 2763 3099 2804 e
3131 2758 3273 2805 terra
3299 2764 3511 2804 sursum
3557 2746 3714 2804 effert

2145 2845 2456 2897 alimentum
2490 2860 2504 2897 :
2536 2856 2600 2897 ea
2622 2855 2813 2910 nempe
2851 2841 3119 2911 serpentis
3152 2841 3315 2896 habet
3337 2840 3594 2910 speciem,
3624 2848 3721 2893 at-.

2144 2948 2249 3003 que
2277 2949 2341 2988 ex
2372 2947 2469 2989 sua
2501 2941 2692 2987 natura
2727 2930 2937 2986 facilius
2980 2929 3231 2985 ﬂectitur.
3270 2930 3418 2986 Adeo
3459 2943 3584 2984 vera
3621 2928 3711 2983 illa

2147 3024 2412 3079 sententia
2440 3032 2547 3090 est,
2575 3020 2707 3076 nihil
2732 3021 2875 3090 quod
2905 3029 2997 3075 aut
3032 3019 3311 3084 redundet,
3346 3026 3439 3073 aut
3473 3016 3709 3081 deﬂciat,

469 3111 550 3183 τῷ
608 3111 851 3183 μεγέθει,
892 3110 1200 3182 ὑποχείριον
1258 3112 1391 3181 ἡμῖν
1449 3109 1784 3179 κατέστησεν
1830 3111 1858 3162 ὁ
1912 3109 2044 3174 Θεὸς

2149 3118 2201 3170 in
2254 3114 2414 3170 rebus
2453 3113 2650 3169 creatis
2679 3111 2908 3167 inveniri
2958 3125 3137 3180 posse.
3177 3110 3342 3180 Atqui
3386 3108 3517 3165 illud
3550 3117 3714 3164 tanta:

472 3202 637 3275 (ὥστε
689 3204 784 3257 καὶ
826 3202 1207 3274 διδασκόμενον
1258 3202 1519 3265 συνιέναι,
1570 3203 1664 3255 καὶ
1709 3202 2041 3272 τυπτόμενον

472 3294 904 3367 καταδέχεσθαι),
934 3294 1176 3366 ἐναργῶς
1202 3296 1350 3365 ἡμᾶς
1376 3295 1728 3359 ἐκδιδάσκων,
1755 3295 1836 3348 ὅτι
1864 3295 2041 3349 πάντα

475 3386 739 3454 ὑπέταξεν
770 3388 921 3458 ἡμῖν,
955 3387 1043 3441 διὰ
1069 3387 1131 3440 τὸ
1157 3389 1277 3440 κατ’
1305 3387 1487 3441 εἰκόνα
1531 3389 1680 3457 ἡμᾶς
1715 3386 2042 3458 πεποιῆσθαι

474 3477 587 3550 (61)
615 3479 709 3532 τοῦ
736 3479 1038 3543 κτίσαντος.
1070 3479 1144 3535 Οὐ
1171 3478 1328 3550 μόνον
1351 3478 1408 3531 δὲ
1441 3480 1499 3533 ἐν
1525 3482 1635 3543 τοῖς
1654 3479 1908 3550 μεγάλοις
1936 3478 2044 3532 τῶν

475 3568 631 3637 ζώων
651 3570 747 3642 τὴν
781 3570 1178 3641 ἀνεξιχνίαστον
1206 3570 1396 3640 σοφίαν
1420 3570 1597 3636 ἔξεστι
1625 3571 1881 3634 κατιδεῖν,
1910 3569 2044 3627 ἀλλὰ

472 3661 569 3716 καὶ
596 3664 654 3716 ἐν
682 3665 795 3726 τοῖς
823 3660 1168 3734 μικροτάτοις
1200 3661 1350 3714 οὐδὲν
1385 3661 1597 3715 ἔλαττον
1629 3664 1945 3732 συναγεῖραι
1984 3661 2046 3714 τὸ

474 3752 679 3825 θαῦμα.
714 3755 925 3825 Ὥσπερ
962 3752 1070 3825 γὰρ
1110 3754 1170 3807 οὐ
1215 3753 1413 3825 μᾶλλον
1447 3751 1843 3824 θαυμάζω’τὰς
1879 3753 2047 3824 μεγά-

472 3846 575 3912 λας
600 3848 709 3901 τῶν
729 3847 870 3919 ὀρῶν
902 3845 1166 3917 κορυφὰς,
1207 3846 1263 3899 αἳ
1292 3844 1371 3915 τῷ
1409 3846 1635 3917 πλησίον
1655 3841 1793 3898 εἶναι
1818 3846 1926 3899 τῶν
1959 3864 2038 3899 νε-

475 3942 593 4014 φῶν
621 3944 687 4012 τῇ
717 3942 929 4011 συνεχεῖ
952 3938 1242 4011 περιπνοίᾳ
1276 3936 1600 4003 διασώζουσι
1640 3937 1702 3990 τὸ
1749 3937 2045 4008 χειμέριον,

475 4032 510 4105 ἢ
535 4034 634 4105 τὴν
669 4034 727 4085 ἐν
758 4034 879 4096 ταῖς
917 4031 1155 4103 φάραγξι
1193 4029 1498 4100 κοιλότητα,
1522 4030 1582 4081 οὐ
1606 4028 1765 4099 μόνον
1791 4027 1850 4080 τὸ
1883 4028 2046 4099 δυσή-

476 4141 639 4193 νεμον
672 4122 779 4176 τῶν
809 4122 1027 4194 ὑψηλῶν
1056 4121 1469 4191 διαφεύγουσαν,
1501 4118 1636 4173 ἀλλὰ
1686 4119 1779 4173 καὶ
1811 4118 2049 4172 ἀλεεινὸν

478 4211 567 4264 ἀεὶ
620 4212 710 4265 τὸν
752 4212 889 4284 ἀέρα
924 4212 1280 4283 συνέχουσανο
1333 4211 1505 4276 οὕτως
1548 4211 1642 4264 καὶ
1685 4212 1743 4262 ἐν
1790 4212 1904 4271 ταῖς
1944 4208 2051 4261 τῶν

480 4302 633 4368 ζώων
677 4306 1039 4368 κατασκευαῖς
1069 4305 1129 4358 οὐ
1168 4304 1367 4376 μᾶλλον
1412 4302 1622 4372 ἄγαμαι
1660 4301 1765 4361 τὸν
1788 4299 2052 4368 ἐλέφαντα

479 4394 573 4448 τοῦ
609 4388 865 4466 μεγέθους
888 4395 921 4465 ἢ
944 4396 1033 4449 τὸν
1069 4396 1191 4466 μῦν,
1223 4397 1303 4449 ὅτι
1336 4393 1563 4465 φοϐερός
1586 4390 1801 4462 ἐστιτῷ
1830 4391 2052 4458 ἐλέφαν-

2147 3205 2530 3278 magnitudinis
2561 3204 2764 3259 animal
2802 3203 2956 3258 nobis
3006 3202 3146 3258 Deus
3190 3201 3465 3257 subdidit:
3495 3200 3629 3256 adeo
3656 3209 3716 3254 ut

2144 3300 2188 3351 si
2217 3300 2496 3360 doceatur,
2525 3294 2825 3364 intelligat;
2851 3293 2896 3347 si
2937 3291 3302 3362 percutiatur,
3327 3290 3584 3362 perferat.
3621 3288 3715 3345 Ni-

2145 3390 2342 3445 mirum
2371 3387 2516 3442 clare
2551 3401 2650 3441 nos
2700 3386 2890 3441 edocet
2916 3383 3058 3454 quod
3098 3383 3165 3437 ad
3196 3380 3470 3439 Creatoris
3516 3381 3710 3451 imag'i-

2146 3495 2266 3534 nem
2324 3476 2523 3533 conditi
2579 3488 2804 3537 sumus,
2838 3473 2908 3529 ob
2966 3471 3020 3526 id
3058 3470 3215 3526 nobis
3263 3468 3432 3524 fuisse
3475 3467 3713 3535 subjecta

2144 3571 2343 3627 omnia.
2378 3567 2493 3622 Non
2516 3566 2689 3622 solum
2729 3573 2905 3619 autem
2931 3567 2986 3618 in
3019 3562 3227 3632 magnis
3253 3559 3576 3616 animalibus
3615 3561 3717 3614 im-

2146 3657 2613 3731 pervestigabilem
2642 3656 2961 3726 sapientiam
2991 3653 3178 3707 videre
3210 3660 3327 3716 est,
3354 3651 3447 3705 sed
3469 3649 3632 3705 etiam
3660 3649 3717 3705 in

2148 3753 2385 3807 minimis
2449 3749 2619 3804 nihilo
2672 3748 2875 3801 minora
2931 3744 3190 3800 miracula
3258 3742 3514 3811 colligere
3565 3740 3713 3796 licet.

2147 3842 2601 3912 Quemadmodum
2657 3840 2798 3894 enim
2851 3851 3045 3905 magna
3095 3834 3354 3888 montium
3405 3832 3714 3898 cacumina,

2148 3951 2265 4005 qua:
2299 3935 2367 3990 ob
2398 3932 2621 3987 nubium
2653 3930 2982 3984 vicinitatem
3015 3942 3109 3997 per
3131 3926 3415 3982 continuos
3448 3922 3609 3979 ﬂatus
3629 3922 3714 3977 hi-

2148 4029 2371 4082 hernum
2402 4024 2572 4095 frigus
2602 4028 2943 4086 conservant,
2978 4034 3081 4073 non
3124 4018 3291 4073 miror
3318 4016 3527 4088 magis,
3552 4029 3718 4085 quam

2151 4118 2367 4172 vallium
2411 4130 2673 4180 concava,
2709 4127 2827 4183 quae
2854 4128 2959 4167 non
3006 4109 3179 4165 solum
3217 4117 3504 4165 ventorum
3552 4106 3719 4162 subli-

2151 4211 2315 4263 mium
2336 4206 2595 4262 stevitiem
2629 4202 2918 4267 declinant,
2950 4202 3043 4255 sed
3081 4199 3244 4255 etiam
3274 4198 3511 4269 tepidum
3537 4210 3720 4251 aerem

2151 4311 2361 4366 semper
2389 4295 2628 4351 retinent
2662 4308 2682 4348 :
2718 4292 2796 4347 sic
2822 4290 2986 4345 etiam
3022 4287 3072 4342 in
3116 4286 3428 4343 animalium
3456 4286 3719 4343 constitu-

2154 4391 2323 4454 tione,
2360 4402 2465 4442 non
2506 4384 2677 4454 magis
2730 4381 2970 4454 admiror
3020 4379 3357 4448 elephantem
3395 4377 3464 4433 ob
3510 4373 3722 4445 magni-

479 4500 568 4539 τι·
597 4484 711 4555 ἢτὸ
735 4484 1058 4539 λεπτότατον
1087 4485 1178 4539 τοῦ
1207 4486 1468 4557 σκορπίου
1497 4484 1741 4555 κέντρον,
1766 4482 1883 4546 πῶς
1912 4483 2046 4535 ἐκοί-

2159 4481 2416 4546 tudinem,
2446 4492 2607 4548 quam
2638 4490 2865 4538 murem,
2897 4474 2988 4544 qui
3017 4471 3338 4527 metuendus
3365 4477 3449 4525 est
3474 4466 3723 4538 elephan-

479 4574 639 4630 λανεν
671 4574 857 4646 ὥσπερ
889 4576 1049 4628 αὐλὸν
1097 4577 1124 4628 ὁ
1182 4576 1451 4645 τεχνίτης,
1499 4573 1639 4625 ὥστε
1666 4573 1731 4626 δι’
1766 4571 1929 4625 αὑτοῦ
1959 4572 2049 4624 τὸν

484 4667 563 4725 ίὸν
604 4670 719 4730 τοῖς
742 4664 1030 4739 τρωθεῖσιν
1073 4666 1328 4720 ἐνίεσθαι.
1383 4667 1508 4724 Καὶ.
1527 4666 1710 4736 μηδεὶς
1751 4663 2051 4733 ἐγκαλείτω

479 4759 673 4815 τούτου
699 4758 882 4812 ἕνεκεν
908 4757 986 4828 τῷ
1019 4760 1237 4828 ποιητῇ,
1272 4759 1353 4811 ὅτι
1390 4757 1569 4810 ἰοϐόλα
1596 4755 1711 4820 ζῶα
1750 4757 1843 4809 καὶ
1880 4756 2052 4826 φθαρ-

478 4852 608 4908 τικὰ
633 4852 725 4906 καὶ
753 4850 985 4922 πολέμια
1010 4853 1077 4922 τῇ
1107 4850 1219 4922 ζωῇ
1246 4849 1403 4921 ἡμῶν
1433 4851 1794 4919 ἐπεισήγαγεν
1815 4864 1828 4878 ο
1854 4847 1886 4918 ἢ
1908 4846 2051 4900 οὕτω

552 5102 666 5175 (58)
699 5100 832 5172 Reg.
896 5098 1104 5170 primus
1145 5095 1398 5168 ἐπετέθη.
1456 5095 1587 5165 Reg.
1643 5104 1829 5151 sextus
1882 5108 2055 5164 προσ-

481 5172 661 5227 ετέθηζ

695 5240 848 5310 Regii
883 5239 1110 5310 primus,
1139 5237 1362 5305 quintus
1409 5244 1464 5290 et
1502 5243 1728 5310 octavus
1766 5233 2063 5310 ἐξαρκοῦν-

482 5305 577 5365 ταζ
604 5305 747 5365 Etliti
778 5305 898 5365 eum
940 5309 1060 5378 aliis
1082 5323 1213 5361 mss.
1245 5322 1349 5360 non
1378 5306 1568 5378 paucis
1600 5305 2000 5378 ἐξαρκούντων.

556 5381 665 5451 (60)
692 5382 804 5445 Illa,
840 5380 929 5435 διὰ
958 5377 1120 5431 τοῦτο
1142 5375 1539 5451 συμπεπηγός,
1576 5375 1714 5451 etc.,
1745 5378 1817 5429 ita
1854 5376 2066 5451 reddita

486 5444 612 5503 sunt
643 5444 671 5503 ἐι
695 5444 862 5505 veteri
896 5444 1292 5515 interprete,ut
1314 5444 1465 5501 dicas
1493 5447 1833 5510 elephantem
1860 5444 2070 5498 idcirco

489 5528 570 5573 tot
591 5535 853 5574 annorum
894 5518 1071 5588 spatio
1096 5519 1302 5588 vivere,
1324 5517 1473 5588 quod
1495 5517 1659 5588 pedes
1686 5515 1882 5588 habeat
1918 5527 2069 5567 com-

487 5598 696 5658 pactos,
731 5606 830 5645 nec
856 5584 1100 5643 articulis
1134 5587 1265 5658 ullis
1283 5584 1587 5658 distinctos.
1610 5584 1718 5639 Sed
1756 5597 1953 5658 canon
1984 5590 2069 5658 est

486 5652 779 5713 verborum
808 5658 993 5713 Basilii
1034 5657 1326 5711 sententia.
1366 5654 1480 5709 Hoc
1517 5666 1696 5708 autem
1738 5655 1892 5717 dicit,
1940 5652 2069 5705 inde

491 5738 748 5805 constare
796 5726 1322 5805 pedes.el_ephantis
1374 5724 1670 5805 compingi,
1705 5735 1761 5778 et
1792 5722 2066 5805 particulis

493 5798 733 5867 destitui,
758 5799 903 5855 auod
946 5797 1166 5868 elephas
1205 5805 1354 5852 tanto
1386 5797 1651 5867 temporis
1686 5797 1863 5866 spatio
1888 5797 2053 5848 vivat.

2158 4585 2214 4630 to
2240 4592 2253 4628 :
2279 4572 2385 4637 vel,
2420 4585 2584 4641 quam
2634 4567 3003 4631 tenuissimum
3053 4561 3249 4631 sdarpii
3282 4560 3547 4626 aculeum,
3587 4572 3723 4628 quo-

2157 4666 2315 4720 modo
2336 4679 2457 4718 eum
2485 4659 2680 4715 artifex
2719 4659 2835 4728 ipse
2880 4668 3131 4725 tanquam
3173 4652 3359 4708 tibiam
3405 4649 3640 4716 cavavit,
3664 4659 3724 4705 ut

2156 4770 2254 4827 per
2276 4754 2421 4809 illum
2466 4736 2616 4807 virus
2642 4750 2900 4805 sauciatis
2930 4746 3270 4803 immittatur.
3298 4742 3414 4799 Nec’
3439 4742 3723 4814 quisquam

2145 4845 2369 4900 vincuset
2393 4841 2760 4904 Conditorem,
2786 4840 2927 4909 quod
2962 4836 3211 4891 animalia
3246 4841 3509 4890 venenata
3536 4831 3729 4888 exitio-

2175 5088 2408 5143 Putabat
2436 5086 2579 5141 enim
2622 5084 2862 5141 futurum
2896 5081 3083 5150 fuisse,
3119 5091 3174 5135 ut
3206 5089 3373 5138 tanta:
3411 5079 3567 5135 molis
3608 5079 3729 5133 ani-

2177 5159 2283 5213 mal
2324 5173 2429 5211 non
2470 5156 2735 5224 potuisset
2770 5165 2916 5210 stare
2953 5162 3008 5208 et
3042 5152 3361 5224 consistere,
3410 5151 3515 5224 nisi
3564 5150 3730 5217 pedes
3780 5165 3784 5168 ‘

2176 5228 2292 5303 ejus
2321 5220 2566 5303 articulis
2589 5226 2940 5303 caruissent:
2968 5222 3062 5278 sed
3092 5220 3580 5303 statimsuoipsius
3597 5234 3730 5303 ppu-

2172 5288 2302 5352 d'ere
2338 5298 2629 5352 ruiturum.
2672 5295 2746 5349 Ita
2776 5296 2992 5365 quidem
3025 5294 3264 5365 sensisse
3292 5288 3729 5365 Basiliumarbi-

2167 5378 2283 5422 tror
2311 5383 2324 5419 :
2356 5382 2531 5437 neque
2555 5378 2731 5437 tamen
2767 5359 3025 5437 continuo
3053 5363 3212 5437 velim
3255 5363 3392 5437 hanc
3417 5359 3727 5437 opinionem

2163 5453 2266 5506 pro
2289 5452 2417 5492 vera
2443 5427 2669 5506 'haberi,
2691 5434 3040 5506 Probeenirn
3073 5432 3186 5485 scio
3215 5427 3594 5506 gravissimum
3625 5427 3726 5482 Pa-

2168 5500 2329 5573 irem,
2367 5507 2455 5562 cui
2507 5521 2597 5560 res
2625 5504 2888 5573 ejusmodi
2934 5500 3240 5573 diligentef
3267 5500 3578 5573 expendere
3617 5512 3726 5553 non

2165 5570 2417 5640 vacabat,
2443 5591 2538 5630 eas
2561 5570 2681 5642 quae
2709 5588 2808 5628 sua
2830 5582 2992 5628 aetate
3024 5570 3275 5640 vigebant
3295 5570 3580 5638 opiniones
3616 5583 3725 5624 non

2165 5662 2291 5701 raro
2324 5649 2376 5700 in
2410 5647 2495 5700 his
2527 5645 2680 5699 libris
2715 5643 2986 5698 incautius
3012 5651 3255 5695 secutum
3285 5654 3427 5695 esse.

2237 5715 2349 5786 (61)
2384 5715 2517 5783 Reg.
2549 5715 2757 5786 primus
2790 5713 2941 5786 ἡμᾶς
2961 5711 3250 5786 ποιεῖσθαι.
3275 5710 3426 5764 Coll).
3460 5708 3731 5766 secundus

2164 5780 2253 5841 διὰ
2277 5780 2340 5841 τὸ
2371 5780 2492 5839 κατ’
2518 5780 2701 5840 είκὸνα
2738 5780 2992 5854 γενέσθαι
3020 5780 3113 5836 τοῦ
3146 5781 3448 5844 κτίσαντος.
