4048 6220
457 351 565 408 305

1579 349 1861 405 ΗΟΜΙΙΛΑ
1903 350 1966 402 IX
2013 349 2077 404 IN
2118 347 2608 404 HEXAEMERON.

3588 344 3693 400 206

460 462 917 519 κατασπεύδοντα.
961 463 1098 515 Ἀλλ’
1128 464 1275 535 ὅμως
1314 467 1363 518 οἱ
1404 466 1562 519 αὑτὸν
1599 467 1687 519 τὸν
1714 467 1913 537 Κύριον
1946 486 2018 518 συ-

2144 468 2214 521 sit
2243 468 2366 533 subi,
2413 475 2573 537 atque
2629 463 2829 519 domini
2884 476 3033 518 more
3080 462 3423 518 vehementer
3472 477 3530 517 se
3582 464 3697 534 ipse

458 551 790 620 κοφαντῆσαι
816 550 889 622 μὴ
918 552 1371 623 κατοκνήσαντες,
1406 554 1460 606 τί
1487 556 1585 608 ούκ
1611 557 1676 609 ἂν
1710 556 1910 609 εἴποιεν
1933 574 2027 625 γε-

457 639 840 710 γυμνασμένην
879 640 1016 710 πρὸς
1041 641 1101 695 τὸ
1131 643 1326 711 ψεῦδος
1374 644 1471 716 τὴν
1505 646 1752 715 γλῶσσαν
1782 648 2026 717 ἕχοντες;

470 730 531 781 Ἠ
560 730 740 799 μέντοι
771 730 1021 800 παροῦσα
1050 732 1201 802 φωνὴ
1234 732 1511 797 παντελῶς
1537 735 1713 788 αὐτῶν
1755 737 2031 807 ἀποφράσ-

456 832 539 872 σει
577 820 635 872 τὸ
672 821 864 891 στόμα·
900 823 1011 876 Καὶ
1050 820 1218 877 εἶπεν
1260 829 1291 878 ό
1323 828 1496 892 Θεός·
1538 828 1886 897 Ποιήσωμεν
1921 828 2026 881 ἄν·

456 913 706 977 θρωπο-ν.
727 912 818 982 Μὴ
847 914 941 967 καὶ
970 913 1087 978 νῦν,
1118 915 1239 968 εἰπέ
1268 934 1377 987 μοι,
1402 918 1784 988 μεμονωμένον
1822 919 1938 971 ἐστὶ
1970 920 2028 972 τὸ

455 1002 745 1073 πρόσωπον
765 1020 780 1068 ;
803 1004 877 1056 Ού
908 1004 1013 1077 γὰρ
1040 1006 1377 1077 γέγραπται·
1406 1008 1693 1080 Γενηθήτω
1721 1009 2024 1081 ἄνθρωπος,

457 1089 611 1156 ἀλλὰ,
639 1091 987 1162 Ποιήσωμεν
1010 1093 1341 1164 ἄνθρωπον.
1366 1097 1508 1162 Ἕως
1540 1097 1692 1151 οὔπω
1722 1101 1749 1152 ὁ
1781 1099 2026 1152 διδασκό-

457 1198 615 1251 μενος
649 1184 1035 1254 παρεφαίνετο,
1068 1188 1125 1239 ὲν
1160 1186 1311 1255 βάθει
1351 1188 1692 1242 έκεκάλυπτο
1718 1192 1815 1261 τῆς
1849 1188 2025 1243 θεολο-

455 1272 580 1341 γίας
606 1274 666 1327 τὸ
690 1274 798 1345 (69)
828 1276 1119 1347 κήρυγμα’
1154 1278 1242 1331 ὅτε
1276 1278 1461 1333 λοιπὸν
1493 1278 1778 1350 ἀνθρώπου
1813 1280 2025 1349 γένεσις

453 1365 833 1436 προσδοκᾶται,
855 1369 1305 1441 παραγυμνοῦται
1327 1372 1359 1441 ἡ
1378 1370 1576 1434 πίστις,
1598 1371 2025 1443 καὶτρανότερον

454 1470 530 1507 πα
539 1456 855 1527 ραδηλοῦται
875 1460 975 1529 τῆς
989 1461 1244 1532 ἀληθείας
1259 1462 1319 1515 τὸ
1338 1462 1532 1533 δόγμα.
1547 1462 1895 1532 Ποιήσωμεν
1925 1463 2025 1515 ἄν·

454 1549 707 1615 θρωπον.
725 1551 987 1615 Ἀκούεις,
1010 1546 1433 1625 ὧΧριστομάχε,
1458 1555 1538 1608 ὅτι
1554 1552 1631 1625 τῷ
1653 1555 1893 1626 κοινωνῷ
1912 1555 2022 1625 (70)

451 1641 551 1710 τῆς
567 1642 923 1714 δημιουργίας
948 1645 1413 1716 προσδιαλέγεται,
1432 1646 1509 1699 Δι’
1528 1642 1597 1701 οὗ
1617 1648 1712 1699 καὶ
1738 1646 1877 1712 τοὺς
1894 1646 2025 1700 αἰῶ-

450 1745 563 1795 νας
591 1731 879 1800 ἐποίησεν
898 1751 910 1763 ’
944 1734 1010 1800 ὃς
1037 1734 1201 1803 φέρει
1241 1736 1313 1788 τὰ
1343 1736 1665 1804 σύμπαντα
1696 1735 1776 1800 τῷ
1806 1738 2024 1804 ῥήματι

2137 566 2344 626 urgeat.
2392 557 2773 611 Verumtamen
2809 554 2901 623 qui
2942 555 3115 625 ipsum
3159 554 3440 610 Dominum
3493 554 3697 611 calum-
3734 602 3739 619 η

2136 647 2273 701 uiari
2303 646 2459 701 veriti
2488 661 2593 699 non
2624 656 2769 709 sunt,
2798 644 2925 711 quid
2964 644 3143 698 dicere
3184 657 3292 698 non
3322 641 3561 711 possint,
3590 639 3698 697 liu~

2133 754 2289 809 gnam
2347 737 2611 791 habentes
2676 736 2749 790 ad‘
2794 734 3133 791 mendacium
3190 734 3580 789 exercitatam?
3627 735 3698 788 At

2134 843 2367 898 prazsens
2395 844 2497 883 vox
2530 827 2753 882 omnino
2799 841 2861 881 os
2913 826 3150 895 ipsorum
3196 824 3415 895 oppilat.
3466 823 3533 877 Et
3561 825 3694 878 dixit

2131 923 2269 977 Deus
2300 938 2318 975 :
2341 920 2630 975 Faciamus
2659 920 2937 973 hominem.
2962 917 3110 972 Nunc
3121 917 3254 986 jam,
3278 917 3363 971 dic
3389 916 3541 982 mihi,
3563 931 3694 969 nun-

2131 1013 2259 1083 quid
2301 1013 2455 1067 unica
2502 1018 2583 1067 est
2630 1009 2893 1079 persona?
2926 1008 3039 1063 Non
3080 1009 3224 1062 enim
3272 1008 3531 1077 scrimm
3563 1015 3687 1062 est:

2131 1105 2249 1159 Fiat
2312 1106 2515 1167 homo,
2578 1102 2712 1164 sed,
2770 1098 3055 1152 Faciamus
3125 1098 3409 1151 hominem.
3444 1097 3695 1163 Quandiu

2132 1197 2363 1249 nondum
2390 1194 2680 1264 apparebat
2717 1192 2809 1261 qui
2840 1191 3146 1251 doceretur,
3195 1189 3253 1242 in
3302 1189 3569 1256 profundo
3600 1202 3693 1243 oc-

2130 1283 2269 1336 culta
2314 1290 2432 1336 erat
2478 1279 2757 1349 theologia:
2807 1278 3119 1349 praedicatio
3157 1296 3169 1330 :
3215 1292 3337 1331 cum
3388 1287 3563 1331 autem
3598 1277 3694 1330 Iro-

2129 1374 2287 1427 minis
2307 1381 2644 1442 exspectatur
2658 1370 2952 1440 generatio,
2972 1370 3268 1424 denudatur
3290 1368 3440 1431 ﬁdes,
3463 1367 3691 1422 clarius-

2127 1477 2228 1531 que
2268 1462 2533 1517 revelatur
2565 1460 2809 1516 veritatis
2845 1460 3058 1530 dogma.
3082 1458 3369 1512 Faciamus
3408 1458 3690 1512 hominem.

2126 1554 2316 1619 Audis,
2360 1569 2392 1608 o
2425 1532 2627 1608 Christi
2675 1560 3036 1622 oppugnator,
3080 1551 3257 1619 ipsum
3307 1551 3375 1608 ad
3410 1549 3570 1606 ollicii
3603 1565 3692 1604 so—

2126 1647 2267 1701 cium
2305 1645 2449 1714 loqui
2481 1661 2495 1698 :
2529 1642 2635 1698 Per
2676 1660 2826 1714 quem
2876 1642 2997 1711 fecit
3035 1652 3084 1696 et
3118 1641 3350 1707 saecula;
3391 1643 3481 1712 qui
3520 1653 3691 1711 portat

2126 1734 2297 1792 omnia
2340 1738 2490 1791 verbo
2525 1737 2727 1791 virtutis
2765 1751 2877 1789 sua:
2915 1735 2982 1785 ’³.
3021 1733 3127 1789 Sed
3174 1748 3280 1789 non
3322 1734 3485 1789 tacite
3528 1732 3691 1789 verba

450 1821 562 1892 τῆς
594 1823 898 1894 δυνάμεως
924 1828 1131 1883 αὑτοῦ.
1178 1827 1318 1880 Ἀλλ’
1351 1828 1411 1881 ού
1438 1828 1545 1899 γὰρ
1572 1830 1748 1900 ἡσυχῆ
1783 1829 2018 1901 παραδέ·

2127 1831 2328 1899 excipit
2365 1828 2582 1897 pietatis
2611 1847 2623 1881 :
2656 1839 2712 1884 at
2741 1826 3191 1897 quemadmodum
3233 1825 3419 1881 bestia:
3448 1838 3566 1895 qua:
3593 1826 3692 1882 bo-

450 1931 603 1985 χεται
624 1915 713 1968 τὸν
741 1915 895 1984 λόγον
916 1917 1013 1986 τῆς
1042 1916 1319 1979 εὐσεϐείας
1340 1935 1352 1946 ·
1385 1916 1574 1989 ὥσπερ
1603 1918 1660 1971 δὲ
1684 1917 1790 1970 τῶν
1822 1917 2024 1988 θηρίων

448 2004 517 2057 τά
562 2005 1084 2075 μισανθρωπὸτατα,
1135 2006 1353 2059 ἐπειδὰν
1396 2010 1507 2070 τοῖς
1549 2006 1780 2075 ζώγροις
1832 2009 2026 2061 ἐναπο-

449 2090 691 2164 κλεισθῇ,
741 2094 1130 2165 περιδρύχεται
1168 2095 1279 2165 (71)
1324 2098 1433 2159 τοῖς
1479 2095 1796 2167 κυλίνδροις,
1826 2096 1887 2148 τὸ
1928 2097 2024 2166 μὲν

447 2183 645 2254 πικρὸν
674 2186 768 2238 καὶ
793 2186 1067 2257 ἀνήμερον
1108 2185 1207 2255 τῆς
1248 2186 1460 2255 φύσεως
1494 2187 1895 2259 ἐνδεικνύμενα,
1930 2190 2023 2241 ὲκ-

447 2273 734 2345 πληρῶσαι
786 2276 842 2329 δὲ
880 2278 978 2347 τὴν
1025 2278 1223 2346 μανίαν
1263 2279 1365 2330 οὐκ
1408 2277 1631 2347 ἔχοντα·
1673 2277 1816 2331 οὕτω
1853 2278 1944 2331 καὶ
1963 2279 2025 2330 τὸ

448 2365 638 2437 ἐχθρὸν
666 2367 765 2437 τῆς
786 2366 1044 2437 ἀληθείας
1072 2368 1229 2437 γένος
1259 2370 1307 2420 οἱ
1346 2368 1608 2433 Ἰουδαῖοι,
1659 2368 2023 2438 στενοχωρού-

446 2475 598 2531 μενοι
632 2459 764 2530 (72),
800 2459 997 2525 Πολλὰ,
1023 2460 1205 2529 φασὶν,
1240 2461 1355 2512 ἔστι
1380 2460 1446 2513 τὰ
1473 2460 1738 2531 πρόσωπα
1765 2460 1901 2530 πρὸς
1931 2459 2025 2527 οὓς

442 2550 472 2603 ὁ
518 2549 675 2618 λόγος
729 2550 921 2619 γέγονε
959 2551 1052 2605 τοῦ
1086 2550 1241 2604 Θεοῦ.
1286 2553 1409 2615 Τοῖς
1446 2551 1697 2619 ἀγγέλοις
1728 2551 1836 2621 γὰρ
1877 2550 2021 2618 λέγει

442 2641 555 2703 τοῖς
580 2640 922 2711 παρεστῶσιν
949 2641 1096 2711 αὐτῷ
1116 2659 1128 2671 ·
1158 2640 1511 2710 Ποιήσωμεν
1532 2641 1862 2710 ἄνθρωπον.
1893 2641 2023 2694 Ἰου-

443 2730 629 2785 δαϊκὸν
659 2732 719 2784 τὸ
745 2731 991 2803 πλάσμα,
1022 2733 1121 2803 τῆς
1153 2733 1361 2786 ἐκεῖθεν
1406 2733 1654 2797 εὐκολίας
1696 2734 1756 2787 τὸ
1799 2734 2023 2804 μυθολὸ-

443 2840 616 2894 γημα·
675 2824 762 2877 ἵνα
788 2824 877 2877 τὸν
908 2826 1021 2895 (75)
1071 2825 1166 2879 ἕνα
1212 2824 1285 2895 μὴ
1316 2825 1747 2896 παραδέξωνται,
1790 2826 2020 2895 μυρίους

444 2913 743 2981 εἰσάγουσι.
777 2915 887 2967 Καὶ
924 2915 1014 2968 τὸν
1044 2915 1173 2968 Υίὸν
1206 2915 1542 2980 ἀθετοῦντες,
1578 2916 1819 2991 οἰκέταις

444 2933 743 2981 εισαγουσι.
777 2933 887 2967 nat
924 2933 1014 2968 τον
1052 2933 1173 2968 ιιον
1206 2933 1542 2980 αυετουντες,
1578 2933 1783 2969 οικεται
1839 2933 2019 2991 τσεης

444 3002 773 3072 συμϐουλίας
790 3004 1006 3075 ἀξίωμα
1025 3005 1385 3076 περιάπτουσι
1405 3023 1417 3036 ·
1444 3006 1537 3058 καὶ
1555 2933 2019 3093 τοὺςίῷἲδούλους

443 3093 599 3164 ἡμῶν
640 3096 862 3167 κυρίους
911 3096 1125 3150 ποιοῦσι
1171 3097 1270 3166 τῆς
1318 3097 1590 3167 ἡμετέρας
1640 3098 2015 3169 δημιουργίας.

2130 1923 2261 1975 mini
2287 1929 2414 1976 sunt
2444 1919 2840 1985 infensissimae,
2875 1934 2995 1973 cum
3028 1920 3079 1973 in
3113 1918 3291 1973 caveis
3324 1917 3687 1983 includuntur,

2128 2015 2331 2068 circum
2390 2012 2686 2080 sepimenta
2734 2009 3005 2076 frendent,
3069 2018 3229 2080 atque
3278 2008 3689 2064 amaritudinem

2128 2104 2345 2173 quidem
2377 2116 2441 2157 ac
2472 2101 2739 2156 feritatem
2772 2109 2977 2156 naturae
3015 2102 3337 2165 ostendunt,
3378 2115 3478 2155 nec
3508 2109 3691 2155 tamen

2130 2194 2362 2249 furorem
2388 2208 2541 2247 suum
2571 2200 2797 2261 possunt
2820 2189 3038 2260 explere
3069 2208 3082 2244 :
3115 2190 3187 2243 ita
3217 2198 3269 2243 et
3292 2204 3423 2260 gens
3445 2190 3690 2245 veritatis

2127 2281 2375 2346 inimica,
2408 2279 2575 2335 Judaei
2618 2281 2683 2334 ad
2728 2281 3003 2349 angustias
3042 2280 3273 2343 redacti,
3302 2278 3497 2333 multas
3539 2280 3691 2337 aiunt

2125 2386 2244 2427 esse
2295 2384 2584 2440 personas,
2638 2369 2705 2424 ad
2755 2383 2890 2438 quas
2928 2366 3021 2422 Dei
3067 2382 3247 2422 sermo
3299 2368 3533 2421 directus
3585 2376 3689 2421 est.

2125 2458 2263 2513 Dicit
2306 2459 2447 2512 enim
2496 2456 2795 2512 astantibus
2846 2457 2944 2511 sibi
2974 2457 3208 2527 angelis:
3248 2454 3533 2510 Faciamus
3584 2456 3684 2509 ho-

2122 2551 2312 2603 minem
2330 2548 2393 2600 “.
2411 2546 2688 2603 .Iudaicum
2720 2556 3079 2603 commentum
3120 2558 3201 2601 est
3223 2588 3236 2612 ,
3261 2556 3422 2617 atque
3449 2548 3685 2603 levitatis

2125 2641 2248 2695 inde
2294 2640 2548 2708 profecta:
2593 2640 2905 2694 inventum:
2946 2647 3103 2693 utne
3143 2654 3306 2692 unum
3351 2638 3684 2707 suscipiant,

2125 2732 2432 2785 innumeros
2464 2731 2745 2785 inducunt.
2768 2730 2834 2784 Et
2858 2730 3052 2784 Filium
3082 2732 3451 2799 reprobantes,
3475 2729 3690 2785 famulis

2122 2820 2435 2887 dignitatem
2461 2819 2761 2874 attribuunt
2791 2819 3021 2883 consilii,
3051 2827 3104 2872 et
3132 2833 3421 2873 conservos
3457 2827 3675 2873 nostros

2121 2910 2357 2965 elIiciunt
2390 2910 2678 2965 creationis
2729 2918 2928 2964 nostrae
2960 2910 3222 2964 dominos.
3272 2907 3445 2965 Homo
3504 2910 3687 2979 perfe-

2122 3012 2242 3055 ctus
2276 3002 2343 3056 ad
2379 3000 2690 3071 angelorum
2728 3000 2976 3056 evehitur
3005 3000 3337 3069 dignitatem.
3372 3000 3542 3067 Quale
3592 3016 3687 3053 au-

2126 3100 2231 3145 tem
2259 3091 2533 3160 opiﬁcium
2574 3105 2670 3159 par
2698 3103 2819 3145 esse
2854 3098 3030 3158 potest
3061 3090 3174 3160 88
3201 3091 3500 3145 conditori?
3541 3092 3687 3147 Con-

444 3186 660 3240 Τελειού
670 3205 830 3257 μενος
859 3189 1143 3261 ἄνθρωπος
1172 3190 1305 3260 πρὸς
1341 3190 1439 3261 τὴν
1467 3189 1573 3243 τῶν
1596 3190 1841 3258 ἀγγέλων
1865 3190 2018 3257 ἀξίαν

2124 3184 2301 3237 sidera
2329 3193 2507 3237 autem
2541 3193 2593 3237 et
2620 3196 2737 3250 qua:
2780 3189 3119 3249 sequuntur:
3155 3182 3234 3235 Ad
3275 3184 3552 3252 imaginem
3593 3200 3687 3237 no-

443 3276 722 3346 ἀνάγεται.
758 3281 916 3332 Ποῖον
959 3279 1015 3332 δὲ
1052 3279 1443 3351 δημιούργημα
1486 3282 1598 3334 ἴσον
1625 3281 1845 3334 δύναται
1875 3277 2014 3335 εἶναι

440 3365 522 3437 τῷ
567 3368 849 3435 κτίσαντι;
890 3369 1085 3423 Σκόπει
1128 3370 1184 3423 δὲ
1241 3372 1427 3425 καὶτὰ
1465 3372 1575 3443 (74)
1615 3373 1847 3444 ἐφεξῆς·
1876 3376 2015 3429 Κατ’

443 3461 647 3517 εἰκόνα
676 3462 988 3532 ἡμετέραν.
1021 3464 1085 3515 Τί
1115 3462 1291 3532 λέγεις
1325 3464 1459 3535 πρὸς
1476 3464 1668 3531 τοῦτο;
1698 3465 1787 3535 Μὴ
1821 3467 1914 3518 καὶ
1942 3468 2018 3518 εἰ-

441 3551 557 3607 κὼν
587 3552 683 3624 μία
729 3554 864 3608 Θεοῦ
901 3556 995 3608 καὶ
1033 3556 1315 3624 ἀγγέλων;
1354 3556 1484 3610 Υἱοῦ
1519 3558 1617 3627 μὲν
1653 3557 1759 3629 γὰρ
1789 3558 1881 3610 καὶ
1914 3559 2017 3611 Πα-

440 3641 570 3713 τρδς
603 3644 755 3696 πᾶσα
785 3644 995 3715 ἀνάγκη
1021 3644 1120 3715 τὴν
1148 3644 1316 3716 αὐτὴν
1339 3641 1477 3699 εἶναι
1519 3647 1733 3717 μορφήν
1754 3666 1765 3677 ·
1800 3647 2017 3716 θεοπρε-

441 3734 561 3799 πῶς
586 3735 826 3807 δηλονότι
852 3736 953 3807 τῆς
984 3738 1193 3808 μορφῆς
1228 3738 1541 3809 νοουμένης,
1573 3738 1671 3791 οὐκ
1700 3740 1757 3791 ἐν
1780 3741 2015 3808 σχήματι

441 3827 762 3899 σωματικῷ,
794 3828 910 3881 ἀλλ’
936 3829 992 3880 ὲν
1024 3828 1101 3900 τῷ
1138 3828 1387 3899 ἰδιώματι
1416 3830 1516 3897 τῆς
1539 3829 2015 3899 θεότητος.”Ακουε

438 3920 533 3973 καί
568 3919 632 3971 σὺ
663 3920 691 3971 ὁ
730 3919 793 3983 ἐκ
820 3919 918 3989 τῆς
950 3920 1074 3983 νέας
1122 3920 1434 3990 κατατομῆς
1481 3920 1624 3989 (75),
1677 3922 1704 3973 ὁ
1746 3920 1837 3973 τὸν
1884 3922 2014 3973 Ἰου-

436 4008 664 4080 δαῖσμόν
699 4009 1016 4082 πρεσϐεύων
1066 4012 1123 4063 ὲν
1157 4010 1585 4082 Χριστιανισμοῦ
1606 4010 1610 4013 ⁷
1634 4013 2010 4082 προσποιήσει.

437 4100 555 4152 Τίνι
584 4100 748 4170 λέγει’
801 4102 941 4157 Κατ’
970 4103 1171 4155 εἰκόνα
1199 4102 1521 4171 ήμετέραφτ
1554 4103 1670 4155 Τίνι
1704 4102 1848 4172 ἄλλῳ
1890 4119 1951 4170 γε
1978 4103 2011 4172 ἢ

436 4188 515 4258 τῷ
545 4190 935 4261 ἀπαυγάσματι
964 4192 1063 4261 τῆς
1083 4192 1259 4262 δόξης,
1293 4194 1385 4245 καὶ
1408 4194 1712 4263 χαρακτῆρι
1749 4193 1848 4263 τῆς
1879 4193 2013 4244 ὑπο-

439 4281 682 4345 στάσεως
728 4283 891 4336 αύτοῦ
945 4284 1080 4355 (76),
1117 4285 1174 4347 ὃς
1227 4286 1373 4338 ἐστιν
1420 4285 1582 4338 εἰκὼν
1623 4285 1714 4338 τοῦ
1748 4285 1881 4338 Θεοῦ
1920 4284 2013 4338 τοῦ

435 4370 706 4443 ἀοράτου;
738 4374 815 4444 Τῇ
847 4375 952 4446 ἰδίᾳ
991 4378 1166 4431 τοίνυν
1203 4378 1372 4430 εἰκόνι
1406 4381 1471 4447 τῇ
1506 4376 1687 4450 ζώσῃ,
1725 4381 1786 4447 τῇ
1829 4378 2012 4429 είπού-

508 4570 555 4603 ’³
585 4551 751 4627 Hebr.
785 4588 828 4637 ι,
857 4572 912 4637 2,
941 4574 996 4627 δ.
1074 4576 1119 4606 υ
1157 4574 1289 4630 Gen.
1334 4591 1371 4639 ι,
1406 4572 1494 4627 eo.

510 4723 622 4795 (69)
644 4724 882 4808 Ital‘mss.
930 4735 1158 4808 septem.
1189 4726 1331 4808 Editi
1374 4728 1653 4808 cu_m_aliis_
1677 4729 1996 4808 quibusdam
2032 4739 2075 4793 Ι)

437 4810 579 4867 mss.)
591 4794 903 4867 κεκάλυπτο
926 4796 1024 4867 τῆς
1047 4796 1372 4864 θεογνωσίας
1387 4798 1468 4850 τό.
1490 4794 1793 4866 Theologim
1820 4808 1998 4853 autem

435 4865 875 4936 praedicationem
915 4865 1042 4920 dicit
1072 4867 1371 4922 doctrinam
1427 4882 1567 4931 eam,
1607 4882 1712 4934 qua
1756 4882 1999 4936 personze

435 4934 1101 5018 sancti‘ssinmter'l‘rinitatis
1132 4947 1315 5005 aperte
1338 4938 1716 5018 praedicantur.

508 5002 624 5126 (70)
677 5004 767 5058 Sic
801 5004 950 5075 Regii
989 5002 1213 5072 primus,
1261 5002 1449 5060 ter—tius
1503 5017 1558 5059 et
1615 5009 1835 5074 quintus
1874 5022 1995 5060 cum

432 5073 587 5146 Cob.
650 5076 908 5146 secundo.
950 5074 1089 5128 Editi
1141 5092 1262 5130 cum
1305 5090 1409 5146 uno
1437 5086 1528 5129 aut
1580 5077 1885 5146 alterogmrs.
1920 5077 1996 5146 τῷ

434 5143 614 5230 κοινῷ.
651 5144 793 5199 Infra
826 5143 959 5214 Reg.
985 5155 1167 5200 sextus
1197 5146 1341 5200 solus
1382 5144 1537 5213 λόγον
1576 5146 1677 5215 τῆς
1718 5143 1992 5215 ἀληθείας·

432 5231 787 5365 wﬁiﬁtgg.
815 5285 1018 5365 prim-us
1046 5285 1276 5357 ζώγροις
1304 5285 1703 5355 ὲναποσκιασθῇ
1724 5284 2002 5365 ἠπεριὸρύ-

433 5371 607 5432 χετα-ι.
637 5355 815 5432 ξάὶιίο
844 5354 1009 5432 Βειεὶιἐ
1046 5354 1176 5432 cuiu
1227 5366 1368 5411 sext.
1418 5373 1548 5411 mss.
1587 5354 1997 5426 περιϐρύχεται.

434 5424 611 5497 Editio
641 5424 810 5497 Euris.
846 5426 1266 5497 περιϐρυχᾶται.

377 5526 380 5529 λ
446 5494 623 5567 “(72)
653 5492 789 5567 Reg.
846 5492 1053 5567 pri-nuis
1085 5492 1238 5549 ὀὕτω
1268 5499 1361 5549 καί
1408 5497 1466 5550 τὸ
1515 5496 1622 5549 τῶν
1664 5496 1877 5567 ἐχθρῶν
1902 5497 2000 5565 τῆς

435 5561 714 5638 ἀληθείας
740 5561 1005 5638 Ἰουδαίων
1070 5566 1244 5633 γένος,
1297 5561 1808 5638 στενοχωρούμενοι.
1848 5561 1999 5638 Reg.

438 5634 629 5709 tertius
659 5633 800 5686 οὕτω
828 5636 920 5687 καὶ
956 5636 1015 5709 τὸ
1065 5638 1256 5709 ἐχθρὸν
1306 5639 1405 5707 τῆς
1435 5633 1710 5707 ,ἀληθείας
1736 5633 2003 5709 Ἰουδαίῴν

436 5702 609 5823 γένος,
636 5702 1318 5821 1στενοχιιυρούμενοι.ἸξιΙὶιὶ
1343 5702 1462 5763 cum
1499 5702 1671 5763 tribus
1703 5722 1833 5763 mss.
1868 5717 1923 5760 ut
1950 5707 2000 5759 in

436 5788 538 5823 C0"
565 5788 627 5823 CX
660 5790 710 5823 II.

436 5782 710 5827 COINCXHI.

1607 4576 1651 4604 ³⁵
1686 4572 1838 4627 Joan.
1873 4589 1936 4639 Χ,
1965 4573 2053 4627 50.

2117 3286 2300 3329 stram.
2354 3273 2487 3340 Quid
2537 3273 2671 3327 dicis
2717 3272 2781 3326 ad
2830 3272 2961 3325 hoc?
3010 3271 3147 3326 Num
3171 3282 3225 3327 et
3254 3272 3346 3326 Dei
3383 3284 3437 3327 et
3470 3274 3687 3344 angelo-

2118 3382 2237 3420 rum
2268 3381 2371 3419 una
2410 3374 2494 3418 est
2516 3363 2733 3432 imago?
2764 3362 2882 3417 Filii
2911 3363 3128 3430 quidem
3154 3372 3209 3418 et
3240 3362 3416 3419 Patris
3442 3366 3684 3419 eamdem

2116 3472 2236 3513 esse
2273 3456 2498 3511 formam
2536 3455 2756 3509 omnino
2800 3468 3025 3517 necesse
3051 3463 3169 3521 est;
3202 3454 3372 3510 forma
3414 3456 3684 3523 videlicet,

2118 3548 2193 3602 uti
2227 3547 2392 3602 Deum
2420 3548 2596 3613 decet,
2625 3544 2920 3612 intellecta,
2964 3560 3074 3601 non
3110 3545 3164 3600 in
3201 3561 3461 3615 corporea
3490 3548 3683 3617 ﬁgura,

2117 3639 2211 3694 sed
2235 3640 2288 3693 in
2320 3638 2619 3692 divinitatis
2648 3637 2994 3706 proprietate.
3015 3636 3156 3692 Audi
3178 3646 3234 3693 et
3261 3644 3317 3691 tu
3340 3638 3429 3707 qui
3453 3652 3516 3692 ex
3547 3653 3682 3693 nova

2115 3732 2423 3788 concisione
2454 3746 2537 3796 es,
2563 3732 2655 3801 qui
2698 3732 3097 3788 Christianismi
3141 3732 3359 3787 nomine
3402 3744 3563 3802 atque
3608 3736 3684 3790 si-

2118 3825 2413 3881 mulatione
2450 3825 2660 3879 stabilis
2694 3823 3049 3879 Judaismum.
3088 3823 3184 3880 Cui
3219 3825 3347 3878 dicit
3386 3843 3397 3879 :
3436 3827 3516 3879 Ad
3549 3827 3683 3880 ima-

2117 3919 2287 3987 ginem
2337 3919 2611 3972 nostram?
2657 3916 2774 3980 Cui,
2814 3930 3029 3985 quaeso,
3086 3916 3247 3971 alteri
3293 3926 3456 3985 quam
3501 3917 3685 3985 gloriae

2118 4009 2388 4079 Splendori
2411 4048 2427 4074 ,
2459 4018 2515 4063 et
2562 4009 2877 4065 substantiis
2906 4008 3074 4078 ipsius
3101 4008 3403 4063 characteri
3430 4048 3444 4072 ,
3482 4008 3571 4077 qui
3598 4018 3683 4063 est

2120 4099 2215 4154 Dei
2241 4098 2525 4153 invisibilis
2571 4098 2791 4167 imago?
2828 4097 3013 4166 Itaque
3055 4097 3275 4167 imagini
3315 4111 3426 4152 suae
3456 4098 3679 4163 viventi,

2116 4206 2235 4261 qua:
2269 4192 2403 4245 dixit
2435 4210 2447 4244 :
2483 4189 2595 4261 Ego
2649 4201 2695 4244 et
2737 4190 2900 4245 Pater
2938 4206 3099 4243 unum
3137 4206 3315 4244 sumus
3344 4191 3389 4221 ’⁵
3412 4206 3426 4254 ;
3453 4199 3541 4245 et:
3575 4189 3679 4255 Qui

2118 4298 2195 4336 me
2240 4282 2392 4345 vidit,
2445 4284 2572 4336 vidit
2610 4280 2822 4336 Patrem
2854 4283 2931 4343 ²⁸ς
2990 4285 3114 4339 huic
3165 4285 3337 4339 dicit:
3396 4283 3678 4338 Faciamus

2118 4375 2382 4427 hominem
2408 4373 2476 4426 ad
2507 4376 2787 4443 imaginem
2813 4386 3065 4430 nostram.
3103 4376 3203 4431 Ubi
3240 4386 3322 4432 cst
3350 4378 3522 4445 imago
3546 4391 3675 4441 una,

2130 4574 2175 4603 ’θ
2212 4573 2365 4626 Joan.
2402 4589 2509 4632 xlv,
2540 4575 2588 4625 9.

2177 4728 2289 4800 (75)
2321 4728 2471 4800 Golb.
2508 4730 2776 4783 secundus
2829 4729 2913 4783 ἵνα
2934 4729 3041 4800 γὰρ
3088 4730 3197 4783 τόν.
3256 4729 3405 4784 Bodl.
3455 4730 3540 4784 ἵνα
3580 4732 3674 4786 τὸν

2106 4798 2204 4852 ἕνα
2230 4797 2303 4868 μὴ
2332 4797 2609 4869 δέξωνται.
2644 4800 2835 4853 Statim
2886 4797 3025 4853 idem
3063 4814 3187 4853 mss.
3242 4800 3467 4869 μυρίους
3502 4802 3675 4855 ἐπεισ-

2108 4869 2354 4942 άγουσιν.
2402 4868 2640 4923 Subinde
2678 4879 2910 4942 quatuor
2951 4884 3080 4942 mss.
3113 4869 3178 4942 TD»
3214 4868 3668 4942 τῆςσυμδουλῆς.

2108 4938 2246 4991 Editi
2277 4954 2396 5008 cum
2426 4954 2531 4992 uno
2554 4948 2646 4992 aut
2669 4940 2839 4993 altero
2875 4953 3002 4991 mss.
3028 4939 3089 4990 τὸ
3119 4938 3593 5008 τῆςίσυμϐουλίας.

2178 5008 2288 5078 (74)
2314 5007 2440 5061 Mss.
2476 5008 2721 5077 plerique
2757 5024 2943 5063 omnes
2977 5009 3069 5078 καὶ
3095 5007 3183 5062 τά.
3216 5007 3358 5078 Editi
3401 5011 3493 5063 καὶ
3518 5012 3598 5064 τό.

2177 5077 2287 5147 (75)
2315 5078 2691 5146 Κατατομῆς.
2732 5078 2848 5147 Vox
2896 5088 2979 5132 est
3020 5077 3189 5142 Pauli,
3216 5077 3450 5147 Philipp.
3486 5094 3571 5147 ιιι,
3613 5082 3669 5145 2,

2105 5146 2329 5219 βλέπετε
2381 5151 2710 5219 κατατομήν,
2746 5146 2930 5219 Cavete
2960 5150 3324 5201 concisionem.
3359 5146 3450 5202 Sic
3488 5161 3667 5204 autem

2104 5217 2394 5287 Apostolus
2420 5217 2880 5273 vocabatludaeus
2906 5232 3001 5285 per
3031 5228 3418 5285 contemptum,
3453 5232 3668 5272 corum-

2104 5304 2208 5356 que
2236 5287 2597 5356 concisiOnem
2639 5288 2689 5341 in
2741 5301 2905 5341 carne
2958 5289 3187 5355 positam
3242 5297 3405 5342 totam
3469 5301 3670 5343 nostrae

2106 5355 2505 5413 circumcisioni
2533 5355 2689 5425 plane
2715 5358 2984 5425 spirituali
3014 5358 3340 5425 opponebat.

2201 5426 2287 5496 76)
2320 5426 2459 5479 Editi
2484 5436 2551 5496 et,
2574 5425 2737 5481 Coisl.
2770 5427 2977 5495 primus
3010 5437 3066 5479 et
3111 5427 3242 5495 Reg.
3276 5436 3496 5480 octavus
3535 5426 3669 5479 ὑπο-

2108 5495 2349 5558 στάσεως
2403 5495 2587 5549 αὐτοῦ.
2654 5496 2767 5550 Nec
2813 5496 2969 5549 aliter
3020 5496 3213 5565 legitur
3262 5496 3316 5566 in
3376 5496 3546 5566 Epist.
3598 5496 3667 5551 ad

2105 5567 2269 5620 Hebr.
2301 5582 2337 5638 ι,
2363 5566 2414 5617 5.
2444 5569 2703 5638 ‘Atgdeest
2730 5566 2893 5618 αὐτοῦ
2928 5568 2980 5619 in
3006 5581 3098 5638 sex
3122 5581 3246 5619 mss.
3275 5565 3665 5638 Quzeg’scquunj

2108 5647 2194 5689 tur
2228 5636 2412 5699 verba,
2442 5635 2497 5706 ὃς
2535 5636 2697 5703 ἐστιν,
2728 5645 2855 5702 etc.,
2894 5636 3233 5705 reperiuntur
3285 5639 3337 5690 in
3379 5635 3547 5706 Epist.
3596 5635 3665 5691 ad

2106 5706 2307 5761 Coioss.
2335 5720 2371 5771 ι,
2406 5705 2486 5759 15.
