4048 6220
336 346 439 406 207

1651 345 1711 403 Β.
1751 343 1997 401 BASILU
2038 345 2251 402 MAGNI

3478 340 3597 403 είς

332 456 606 532 quomodo
653 455 817 513 fuerit
865 456 1283 514 dissimilitudo?
1326 456 1394 513 Et
1432 458 1556 530 fecit
1608 458 1747 515 Dens
1804 460 1903 512 ho—

2013 476 2081 535 σῃ
2099 460 2212 528 (77)
2227 476 2242 491 ο
2260 456 2400 527 Ἐγὼ
2414 455 2512 510 καί
2534 459 2566 510 ό
2581 452 2784 524 Πατὴρ
2800 452 2869 508 ἓν
2886 452 3093 521 ἐσμεν,
3108 450 3221 513 καὶ,
3240 450 3301 505 '0
3316 451 3591 522 ἑωρακὼς

242 586 255 599 ι
330 554 522 611 minem
574 551 641 605 ’⁷.
687 548 833 615 Non,
886 549 1173 607 Fecerunt.
1219 551 1418 607 Vitavit
1458 554 1563 607 hoc
1613 554 1731 607 loco
1779 567 1903 622 per-

332 658 589 700 sonarum
650 640 1068 698 multitudinem.
1115 642 1408 714 Postquam
1461 653 1642 699 autem
1688 658 1786 713 per
1817 643 1905 698 illa

331 731 851 798 erudivitludaeum,
886 747 982 803 per
1025 734 1139 789 haec
1184 750 1311 790 vero
1359 750 1600 791 errorem
1628 734 1905 807 gentilium

332 824 602 889 exclusit,
660 833 775 878 tuto
833 825 1066 879 recurrit
1107 825 1174 880 ad
1223 826 1510 891 unitatem,
1541 836 1681 882 utet
1712 826 1904 881 Filium

335 926 457 967 cum
483 911 641 966 Patre
665 911 957 982 intelligas,
983 922 1038 967 et
1060 914 1359 983 periculum
1388 915 1744 972 multitudinis
1782 918 1909 971 deo-

329 1021 451 1061 rum
476 1002 722 1075 eil'ugias.
760 1002 830 1058 In
862 1006 1090 1075 imagine
1128 1006 1221 1061 Dei
1258 1007 1373 1076 {ecit
1398 1008 1571 1075 ipsum
1606 1008 1670 1062 ³⁸.
1695 1007 1907 1063 Rursus

330 1109 621 1166 personam
647 1096 766 1163 ejus
805 1096 896 1166 qui
923 1111 1104 1152 secum
1150 1098 1312 1153 simul
1356 1100 1705 1167 operabatur,
1736 1101 1907 1157 intro-

329 1184 508 1243 duxit.
545 1182 661 1239 Non
694 1182 836 1239 enim
874 1184 1009 1240 dixit
1042 1206 1053 1239 :
1087 1184 1143 1240 In
1177 1186 1412 1255 imagine
1441 1187 1523 1240 sui
1553 1186 1753 1255 ipsius;
1788 1188 1903 1255 sed,

330 1275 400 1333 In
430 1275 527 1330 Dei
556 1276 811 1346 imagine.
846 1274 903 1330 In
946 1291 1053 1346 quo
1087 1286 1265 1331 autem
1315 1278 1565 1346 pricferat
1597 1278 1690 1334 Dei
1719 1278 1907 1348 imagi-

336 1384 463 1426 nem
492 1368 655 1424 bomo
676 1409 693 1434 ,
737 1377 793 1424 et
817 1384 925 1439 quo
959 1381 1116 1437 pacto
1142 1370 1517 1444 similitudinis
1538 1370 1652 1439 ejus
1685 1371 1758 1428 sit
1784 1387 1905 1441 par—

336 1457 529 1528 ticeps,
553 1458 607 1514 in
639 1459 1007 1527 sequentibus,
1038 1459 1145 1513 Deo
1168 1462 1350 1522 dante,
1377 1474 1729 1530 exponemus.
1754 1460 1906 1516 Nunc

330 1560 510 1605 autem
551 1549 603 1605 id
632 1549 804 1605 solum
831 1549 1062 1616 dicatur,
1093 1550 1139 1605 si
1174 1566 1277 1605 una
1308 1560 1392 1606 est
1415 1552 1615 1621 imago.
1649 1553 1787 1608 unde
1810 1553 1905 1608 tibi

329 1642 385 1699 in
422 1651 657 1699 mentem
688 1642 837 1697 venit
865 1643 1194 1710 impietatem
1224 1652 1331 1698 tam
1362 1643 1753 1700 intolerandam
1781 1660 1908 1714 pro-

329 1736 496 1800 literi,
524 1743 583 1789 ut
614 1733 810 1789 Filium
845 1734 993 1790 Patri
1021 1735 1335 1791 dissimilem
1362 1737 1547 1792 dicas?
1567 1736 1611 1793 Ο
1637 1737 1903 1808 ingratum

2006 550 2131 620 ἐμὲ,
2167 548 2385 619 ἑώρακε
2414 547 2520 601 τὸν
2550 545 2813 614 Πατέρα·
2843 543 3015 614 ταύτῃ
3033 541 3204 610 λέγει’
3240 542 3593 613 Ποιήσωμεν·

2007 640 2319 709 ἄνθρωπον
2341 645 2467 693 κατ’
2495 638 2697 692 εἰκόνα
2725 635 3034 705 ἡμετέραν.
3066 634 3239 687 Ὅπου
3278 634 3372 704 μία
3404 634 3585 701 εἰκὼν,

2009 732 2111 784 ποῦ
2141 732 2201 786 τὸ
2230 733 2515 802 ἀνόμοιον;
2540 734 2646 784 Καὶ
2675 729 2967 795 ἐποίησεν
2992 730 3024 780 o'
3058 725 3203 791 Θεὸς
3233 726 3340 778 τὸν
3366 726 3590 795 ἄνθρω-

2008 840 2146 880 πον.
2199 824 2364 893 Οὐχὶ,
2412 822 2723 893 Ἐποίησαν.
2764 821 3003 888 Ἔφυγεν
3048 816 3282 870 ἐνταῦθα
3327 817 3418 871 τὸν
3445 818 3586 890 πλη-

2009 914 2214 985 θυσμὸν
2242 915 2351 966 τῶν
2383 911 2709 985 προσώπων.
2734 911 2811 964 Δι’
2845 908 3068 968 ἐκείνων
3096 909 3191 979 μὲν
3228 909 3317 961 τὸν
3335 909 3589 963 Ἰουδαῖον

2008 1006 2295 1071 παιδεύων,
2322 1005 2410 1059 διὰ
2435 1005 2639 1058 τούτων
2669 1004 2726 1058 δὲ
2754 1002 2844 1056 τὸν
2879 1000 3229 1072 Ἐλληνισμδν
3262 1001 3588 1069 ἀποκλείων,

2009 1096 2267 1166 ἀσφαλῶς
2312 1098 2619 1168 ἀνέδραμεν
2664 1096 2756 1148 ἐπὶ
2793 1095 2891 1165 τὴν
2935 1093 3166 1165 μονάδα,
3202 1094 3288 1147 ’ίνα
3336 1094 3430 1146 καὶ
3462 1094 3591 1147 Υίὸν

2007 1190 2134 1258 νοῇς
2168 1186 2307 1257 μετά
2351 1187 2584 1257 Πατρδς,
2613 1187 2708 1239 καὶ
2751 1186 2849 1256 τῆς
2904 1183 3189 1246 πολυθεῒας
3237 1184 3483 1256 ἐκφύγῃς
3529 1184 3594 1238 τὸ

2006 1278 2365 1333 ἐπικίνδυνον.
2427 1279 2529 1331 Ἐν
2570 1277 2759 1331 εἰκόνι
2798 1276 2946 1329 Θεοῦ
2988 1275 3101 1346 (78)
3144 1274 3434 1339 ἐποίησεν
3481 1277 3594 1330 αὑ-

2007 1372 2132 1423 τόν.
2162 1370 2331 1423 Πάλιν
2354 1368 2447 1422 τοῦ
2474 1367 2735 1439 συνεργοῦ
2756 1368 2816 1421 τὸ
2842 1367 3130 1437 πρόσωπον
3163 1367 3589 1438 παρεισήγαγεν.

2008 1462 2082 1515 Οὐ
2105 1461 2210 1533 γὰρ
2232 1457 2507 1527 εἶπεν,Ἐν
2531 1460 2696 1514 εἰκόνι
2711 1458 2926 1524 ἑαυτοῦ,
2951 1458 3200 1538 ἀλλ’,Ὲν
3219 1461 3403 1512 εἰκόνι
3422 1458 3590 1518 Θεοῦ.

2021 1553 2107 1605 Ἐν
2128 1553 2233 1606 τίνι
2277 1553 2375 1623 μὲν
2405 1548 2497 1605 οὖν
2542 1551 2654 1623 ἔχει
2695 1551 2757 1604 τὸ
2789 1552 2908 1604 κατ’
2945 1551 3126 1603 εἰκόνα
3158 1548 3292 1602 Θεοῦ
3329 1550 3358 1601 6
3386 1548 3596 1622 ἄνθρω-

2009 1662 2129 1711 πος,
2171 1646 2267 1700 καὶ
2309 1645 2427 1709 πῶς
2474 1644 2878 1716 μεταλαμϐάνει
2915 1641 3011 1696 τοῦ
3040 1641 3161 1695 καθ’
3205 1641 3486 1712 ὁμοίωσιν,
3536 1642 3596 1695 ὲν

2008 1741 2120 1801 τοῖς
2144 1738 2363 1808 ἐφεξῆς,
2394 1736 2531 1790 Θεοῦ
2560 1736 2812 1800 διδόντος,
2842 1736 3120 1807 εἰρήσεται
3140 1750 3153 1764 ·
3191 1733 3287 1787 νῦν
3312 1733 3368 1786 δὲ
3400 1732 3594 1786 τοσοῦ-

329 1826 609 1883 animum!
643 1826 1081 1897 quandoquidem
1115 1828 1525 1883 similitudinem
1571 1844 1713 1895 eam,
1750 1829 1903 1900 cujus

2010 1841 2095 1878 τον
2122 1825 2381 1894 λεγέσθω,
2416 1826 2497 1879 ὅτι
2553 1826 2601 1878 εἰ
2662 1825 2762 1895 μία
2800 1823 2998 1889 εἰκὼνς
3051 1824 3215 1877 πόθεν
3248 1841 3329 1878 σοι
3361 1823 3597 1895 ἐπῆλθεν

327 1915 507 1978 [actus
532 1930 592 1973 es
615 1917 885 1985 particeps
908 1954 925 1980 ,
955 1916 1202 1971 beneficii
1234 1919 1440 1972 auctori
1485 1934 1593 1973 non
1631 1919 1904 1988 rependis,

327 2019 383 2069 et
408 2023 473 2066 ea
501 2024 621 2081 qua:
643 2008 782 2065 dono
808 2023 1064 2065 concessa
1097 2018 1246 2075 sunt,
1280 2011 1375 2066 tibi
1410 2011 1508 2079 ipsi
1538 2013 1755 2078 quidem
1780 2027 1906 2081 pro-

325 2086 459 2173 pria
499 2114 720 2155 manere
764 2110 923 2171 putas
949 2140 965 2168 ,
1014 2102 1108 2155 sed
1159 2117 1263 2156 non
1300 2103 1435 2158 sinis
1470 2105 1670 2159 habere
1708 2104 1903 2159 Filium

333 2210 457 2248 cum
504 2194 750 2265 genitore
796 2200 1077 2261 acceptam
1131 2208 1162 2248 a
1224 2204 1416 2248 natura
1475 2195 1902 2253 similitudinem.

328 2283 529 2339 Verum
576 2284 732 2339 nobis
776 2283 1050 2339 silentium
1101 2286 1291 2340 indicit
1330 2296 1539 2355 tempus
1584 2286 1908 2356 advespera—

327 2391 513 2441 sccns,
537 2375 736 2445 quippe
761 2377 905 2446 quod
932 2375 1254 2447 jamdudum
1296 2378 1464 2432 solem
1485 2378 1550 2432 ad
1573 2379 1907 2434 occidentem

329 2468 627 2524 demiserit.
665 2469 764 2524 llic
798 2470 963 2541 igitur
1002 2479 1058 2525 et
1085 2485 1184 2525 nos
1212 2469 1372 2525 dictis
1407 2471 1685 2534 contenti,
1707 2471 1908 2526 oratio-

334 2574 459 2615 nem
513 2561 912 2631 consopiamus.
955 2560 1110 2617 Nunc
1153 2562 1371 2633 quidem
1420 2573 1680 2632 quantum
1728 2564 1909 2620 studio

328 2659 516 2708 Vestro
562 2651 854 2707 excitando
885 2655 1019 2709 satis
1063 2653 1199 2721 fuit,
1249 2667 1553 2709 sermonem
1586 2655 1903 2726 attigimus:

329 2743 426 2797 sed
456 2743 839 2813 perfectiorem
868 2759 1048 2802 rerum
1080 2746 1475 2817 propositarum
1502 2746 1907 2817 inquisitionem

330 2833 387 2893 in
414 2836 892 2907 consequentibus,
932 2837 1134 2906 Spiritu
1174 2846 1365 2893 sancto
1397 2838 1717 2906 adiuvante,
1749 2840 1907 2894 adhi-

328 2926 601 2983 bebimus.
630 2928 791 2984 Abite
830 2931 1199 2995 exsultantes,
1232 2944 1424 2984 amans
1449 2929 1647 2985 Christi
1680 2931 1907 2999 concio,

327 3026 385 3075 et
408 3020 587 3077 omnis
614 3019 827 3076 obsonii
864 3020 1166 3091 sumptuosi
1193 3029 1248 3074 et
1272 3018 1546 3073 variorum
1595 3020 1911 3077 condimen-

330 3119 509 3167 torum
540 3111 679 3179 loco,
713 3126 902 3167 eorum
936 3126 1056 3181 quae
1083 3111 1320 3166 diximus
1356 3111 1616 3165 memoria
1654 3113 1908 3168 honestas

332 3213 547 3259 vestras
572 3188 803 3260 mensas.
837 3204 1106 3259 instruite.
1138 3202 1517 3257 Confundatur
1549 3202 1639 3271 qui
1670 3203 1906 3258 dissimi-

331 3292 615 3353 litudinem
645 3293 892 3350 inducit:
926 3294 1131 3365 pudere
1163 3291 1429 3347 alliciatur
1465 3291 1722 3349 Judzeus:
1771 3294 1907 3366 gau4

332 3385 456 3440 deat
481 3384 603 3455 pius
652 3386 993 3457 dogmatibus
1021 3384 1268 3441 veritatis
1304 3403 1317 3439 ι
1349 3384 1681 3453 gloriﬁcetur
1723 3385 1907 3442 Domi-

330 3490 437 3537 nus
461 3515 478 3543 ,
512 3477 598 3532 cui
637 3477 807 3548 gloria
838 3489 893 3534 et
927 3479 1210 3549 imperium
1247 3476 1300 3533 in
1334 3476 1532 3531 saecula
1563 3478 1884 3535 saeculorum

330 3569 527 3634 Amen.

2006 1920 2256 1991 ἀφόρητα
2298 1919 2600 1983 δυσσεϐεῖν,
2652 1920 2905 1989 ἀνόμοιον
2952 1918 3164 1987 λέγοντι
3207 1917 3297 1971 τὸν
3347 1918 3474 1971 Υἰὸν
3517 1916 3597 1988 τῷ

2006 2011 2212 2083 Πατρί;
2247 2012 2309 2063 Ὤ
2332 2012 2429 2081 τῆς
2451 2011 2811 2082 ἀχαριστίαςι
2839 2006 2907 2082 ἧς
2931 2008 3223 2081 μετέλαϐες
3254 2010 3595 2079 ὁμοιότητος,

2005 2101 2208 2174 ταύτης
2232 2103 2293 2155 οὐ
2343 2102 2636 2173 μεταδίδως
2670 2101 2746 2172 τῷ
2789 2101 3085 2176 εὐεργέτῃ;
3128 2101 3222 2155 καὶ
3270 2099 3451 2171 σαυτῷ
3496 2100 3598 2171 μὲν

2008 2195 2172 2268 κύρια
2206 2196 2389 2267 μένειν
2419 2195 2487 2247 τά
2520 2197 2585 2248 ὲκ
2616 2194 2717 2264 τῆς
2762 2194 2986 2266 χάριτος
3032 2193 3450 2266 παρασχεθέντα
3483 2193 3595 2262 (79)

2007 2282 2269 2357 νομίζεις,
2295 2283 2373 2355 τῷ
2404 2283 2461 2336 δὲ
2498 2282 2613 2354 Υἰῷ
2646 2282 2744 2354 τὴν
2782 2285 2846 2341 ἐκ
2872 2282 3089 2352 φύσεως
3132 2283 3425 2353 ὁμοιότητα
3460 2283 3597 2357 πρὸς

2008 2377 2097 2433 τὸν
2126 2378 2466 2447 γεννήσαντα
2490 2375 2635 2447 ἔχειν
2669 2376 2768 2429 οὐκ
2791 2377 3144 2447 ὲπιτρέπεις;
3188 2376 3350 2430 Ἀλλά
3384 2362 3595 2445 σιωῖξῖᾓ

2007 2470 2118 2541 γὰρ
2144 2472 2273 2541 ἡμῖν
2308 2472 2590 2523 ἐπιτάσσει
2620 2468 2805 2523 λοιπὸν
2835 2471 2867 2539 ἡ
2899 2469 3108 2539 ἑσπέρα
3134 2467 3302 2521 πάλαι
3338 2467 3476 2539 πρὸς
3504 2467 3597 2520 δυ-

2010 2559 2156 2631 σμὰς
2183 2560 2274 2613 τὸν
2299 2559 2451 2631 ἥλιον
2491 2557 2930 2630 παραπέμψασα.
2971 2556 3235 2611 Ἐνταῦθα
3277 2556 3340 2628 δὴ
3372 2553 3464 2609 οὖν
3502 2556 3596 2609 τὸν

2008 2651 2166 2721 λόγον
2223 2653 2318 2706 καὶ
2364 2653 2526 2722 ἡμεῖς
2574 2652 2996 2721 κατευνάσωμεν
3051 2650 3185 2722 (80),
3236 2648 3599 2722 ἀρκεσθέντες

2008 2749 2120 2811 τοῖς
2148 2746 2479 2818 εἰρημένοις.
2505 2743 2618 2798 Νῦν
2644 2744 2741 2815 μὲν
2768 2739 2860 2797 οὖν
2885 2744 3007 2797 ὅσον
3030 2742 3291 2816 διεγεῖραι
3324 2742 3476 2814 ὑμῶν
3506 2740 3598 2798 τὸν

2012 2835 2174 2907 ζῆλον
2211 2833 2305 2888 τοῦ
2362 2834 2522 2903 λόγου
2567 2831 2960 2904 παρηῲάμεθα·
2992 2832 3093 2903 τὴν
3146 2832 3203 2885 δὲ
3257 2832 3598 2901 τελειοτέραν

2012 2926 2141 2997 περὶ
2172 2924 2280 2979 τῶν
2311 2925 2689 2997 προκειμένων
2726 2924 2973 2989 ἐξέτασιν
3000 2925 3056 2977 ὲν
3094 2927 3206 2987 τοῖς
3233 2924 3359 2995 ἑξῆς
3387 2922 3600 2976 ἀποδω-ι

2012 3035 2178 3090 σομεν
2208 3022 2274 3090 τῇ
2312 3018 2574 3089 συνεργίᾳ
2604 3017 2700 3071 τοῦ
2741 3017 3079 3091 Πνεύματος.
3116 3017 3309 3070 Ἀπιτέ
3350 3017 3461 3088 (81)
3505 3034 3599 3088 μοι

2011 3110 2313 3182 χαίροντες,
2339 3113 2372 3182 ή
2410 3110 2751 3181 φιλόχριστος
2782 3111 3065 3181 ἐκκλησία,
3092 3111 3209 3164 ἀντὶ
3239 3109 3440 3173 παντὸς
3457 3110 3594 3181 ὕψου

2015 3201 2340 3267 πολυτελοῦς
2366 3204 2460 3257 καὶ
2481 3221 2591 3256 των
2622 3203 2883 3257 ποικίλων
2912 3204 3343 3274 καρυκευμάτων
3365 3206 3433 3275 τῇ
3461 3204 3599 3274 μνή-

2010 3311 2084 3365 μῃ
2114 3293 2221 3348 τῶν
2254 3294 2558 3365 εἰρημένων
2608 3294 2707 3357 τὰς
2751 3294 2955 3364 σεμνὰς
2996 3294 3149 3365 ὑμῶν
3181 3293 3595 3364 κατακοσμοῦν-

2006 3403 2097 3450 τες
2121 3386 2418 3457 τραπέζας.
2464 3386 2925 3456 Καταισχυνέσθω
2970 3388 2997 3438 6
3030 3386 3301 3455 ἀνόμοιος,
3342 3384 3597 3458 ἐντρεπέφ

2009 3479 2121 3531 σθω
2151 3480 2179 3532 6
2231 3476 2499 3541 Ἰουδαῖος,
2539 3477 2856 3547 ἀγαλλέσθω
2884 3481 2996 3541 τοῖς
3044 3477 3275 3548 δόγμασι
3316 3477 3418 3547 τῆς
3463 3476 3597 3546 ἀλη-

2008 3569 2159 3634 θείας
2183 3572 2211 3624 6
2243 3568 2355 3640 (8'2)
2386 3569 2636 3642 εὐσεϐὴς,
2670 3569 2976 3635 δοξαζέσθω
3008 3572 3036 3623 6
3071 3570 3296 3640 Κύριος,
3327 3562 3371 3638 ᾧ
3413 3571 3447 3639 ἠ
3475 3565 3599 3633 δόξα

2015 3662 2109 3719 καὶ
2134 3661 2194 3714 τὸ
2225 3662 2426 3733 κράτος
2451 3664 2531 3726 εἰς
2556 3663 2683 3727 τοὺς
2717 3662 2921 3726 αἰῶνας
2943 3661 3053 3717 τῶν
3088 3661 3319 3717 αἰώνων.
3362 3661 3557 3734 Ἀμήν.

1630 4064 2250 4159 MONITUM.

1915 4294 1988 4313 -Ρ

404 4503 520 4576 89
553 4502 742 4560 Basilii
795 4503 853 4559 in
887 4502 1132 4558 Psalmos
1180 4502 1459 4559 orationes
1509 4514 1637 4573 post
1678 4504 1829 4576 Opus
1861 4520 1959 4562 sex
2005 4507 2214 4561 dierum
2263 4505 2500 4562 edendas
2537 4521 2658 4563 esse
2698 4507 3083 4578 judicavimus.
3114 4505 3299 4561 Visum
3329 4513 3411 4560 est
3454 4504 3599 4558 enim

341 4597 681 4670 Scripturam
716 4612 747 4654 a
779 4596 1061 4668 Scriptura
1087 4612 1193 4652 non
1224 4612 1502 4669 separare.
1528 4597 1683 4666 Quod
1715 4599 1764 4656 si
1787 4609 2047 4670 utrasque
2078 4600 2353 4655 orationes
2386 4610 2439 4654 et
2464 4602 2517 4653 in
2545 4599 2911 4657 Hexaemeron
2933 4612 2988 4657 et
3007 4603 3060 4655 in
3094 4597 3338 4653 Psalmos
3373 4596 3511 4651 inter
3539 4610 3601 4650 se

344 4704 668 4762 comparare
708 4691 959 4748 volumus
982 4730 1000 4756 ,
1035 4705 1142 4748 non
1177 4691 1386 4760 negabo
1419 4692 1636 4762 quidem
1680 4693 1894 4764 priores
1925 4693 2321 4765 posterioribus
2352 4693 2513 4764 longe
2554 4696 2695 4765 apud
2728 4696 2984 4764 antiquos
3024 4694 3192 4751 fuisse
3224 4692 3546 4748 celebriores
3579 4706 3595 4742 :

345 4783 438 4842 sed
472 4798 579 4838 non
617 4782 776 4840 facile
819 4783 1116 4847 concedam
1158 4784 1406 4840 utiliores
1443 4798 1588 4842 esse.
1612 4784 1680 4841 Et
1712 4795 1775 4840 ut
1816 4786 1983 4841 semel
2021 4787 2196 4841 dicam
2236 4784 2379 4856 quod
2430 4787 2643 4854 sentio,
2675 4786 2984 4858 eloquentia
3028 4786 3073 4842 si
3118 4792 3394 4858 spectetur
3439 4792 3602 4851 atque

344 4875 586 4934 Varietas
610 4875 937 4946 argumenti,
969 4878 1147 4944 patiar
1174 4874 1543 4930 Hexaemeron
1564 4878 1857 4946 anteponi;
1887 4878 1931 4931 si
1973 4875 2183 4932 fructus
2208 4888 2369 4947 atque
2394 4879 2617 4943 utilitas,
2652 4893 2757 4933 non
2782 4880 2944 4935 item.

408 4967 657 5024 Psalmos
690 4983 893 5038 paucos
915 4970 1305 5037 interpretatus
1327 4978 1409 5025 est
1431 4967 1686 5035 Basilius,
1711 4978 1807 5025 aut
1831 4979 1980 5025 certe
2004 4984 2301 5039 paucorum
2330 4971 2834 5040 interpretationem
2861 4972 2927 5026 ad
2957 4987 3055 5027 nos
3086 4985 3257 5041 usque
3280 4963 3604 5044 pervenisse

409 5125 455 5167 "’
482 5123 620 5185 Gen.
638 5140 679 5194 1,
712 5121 801 5184 27.
843 5123 889 5161 ³⁸
923 5123 1054 5183 ibid.

412 5287 525 5359 (77)
552 5285 644 5343 Sic
685 5285 903 5359 codices
928 5295 1057 5341 tres.
1077 5283 1240 5359 _Editi
1270 5283 1419 5357 ζώσῃ
1450 5301 1505 5338 τε
1532 5284 1628 5339 καὶ
1661 5284 1915 5357 simoen-

356 5356 588 5419 Ἐγώτε
619 5357 716 5412 καὶ
741 5356 790 5408 6.
830 5356 1114 5410 Consentit
1153 5366 1330 5409 textus
1355 5371 1512 5408 sacer
1533 5371 1653 5409 cum
1686 5372 1813 5409 mss.

2035 5285 2357 5357 παύσωμεν.
2387 5284 2527 5339 Editi
2555 5301 2674 5340 cum
2702 5285 2970 5357 aliquibus
2996 5303 3124 5357 mss.
3155 5298 3211 5341 ut
3238 5287 3289 5340 in
3324 5297 3494 5345 textu.

2102 5356 2391 5427 (81)⁷Ει1ἰιί
2420 5356 2581 5410 ἄπιτε
2628 5356 2777 5425 γοῦν.
2818 5357 2974 5413 Deest
3002 5356 3132 5426 γοῦν
3170 5358 3220 5410 in
3256 5360 3459 5427 nostris
3502 5373 3596 5411 sex

410 5428 524 5499 (78)
591 5429 681 5499 Ἑν
721 5425 906 5499 Αείκρνι
956 5425 1117 5481 Θεοῦ⁶
1180 5427 1269 5479 ubi
1327 5425 1472 5480 LXX
1526 5426 1905 5496 signiﬁcantiut

2028 5425 2163 5481 mss.
2189 5425 2242 5479 et
2268 5428 2318 5481 in
2360 5427 2511 5480 Bodl.
2550 5428 2625 5499 Et
2656 5427 2871 5494 quidem
2903 5430 3161 5499 particula
3184 5426 3316 5494 γοῦν
3337 5444 3401 5480 «ιο
3428 5433 3597 5493 magis

339 5495 461 5552 κατ’
493 5495 682 5553 εἰκόνα
709 5495 867 5552 Θεοῦ.

2028 5506 2277 5563 suspecta
2324 5499 2493 5552 videri
2530 5498 2717 5563 debet,
2748 5499 2889 5565 quod
2922 5498 3119 5551 Basilio
3151 5513 3491 5567 nequaquam
3521 5498 3599 5550 fa-

409 5569 522 5637 (79)
544 5569 725 5640 “Reg.
763 5569 986 5640 quintus
1041 5584 1125 5621 σοι
1173 5565 1611 5640 παρασχεθέντα.
1650 5565 1905 5640 __Su_1bin_dt

2027 5569 2376 5640 miliarisAsit.

340 5640 469 5718 editi
499 5636 578 5718 eg»
601 5638 661 5697 δὲ
683 5638 875 5718 κυρίῳ
905 5638 1044 5718 τῂνἱ
1068 5641 1139 5693 At
1169 5636 1267 5718 sei
1295 5636 1427 5698 mss.
1460 5636 1536 5709 τῷ
1567 5637 1624 5691 δὲ
1650 5636 1765 5708 Υἱῴ
1796 5638 1918 5708 τήν.

339 5706 479 5769 Infra
519 5706 650 5777 Reg.
676 5706 883 5777 primus
915 5706 995 5770 εἰς
1015 5708 1246 5777 δυσμάς.

411 5777 523 5853 (80)
550 5774 691 5848 Regi
714 5777 936 5851 quintus
965 5774 1467 5850 καταπαυσώμεθα.
1502 5776 1636 5851 Reg.
1678 5779 1713 5835 '5
1742 5793 1911 5839 καταε-

2100 5638 2215 5710 (82)
2243 5634 2395 5693 Colb.
2432 5636 2971 5710 secundus66ypact
3019 5636 3121 5710 τῆς
3165 5636 3497 5710 Ἐκκλησίας
3545 5636 3595 5690 6.

2030 5707 2223 5791 Statim
2260 5710 2401 5766 idem
2429 5709 2595 5766 codex
2625 5707 2847 5783 κράτος,
2878 5709 2911 5780 ἡ
2948 5708 3083 5780 τιμὴ
3109 5709 3203 5761 καὶ
3232 5707 3603 5780 προσκύνησις

2023 5795 2123 5848 τις.
