4048 6220
414 291 523 347 9.09
1628 286 1916 345 HOMILIA
1932 324 1933 327 η
1950 287 2019 344 ΙΝ
2060 288 2395 346 PSALMUM
2435 291 2477 347 1.
3564 281 3671 336 9.10

415 412 650 459 constat.
692 402 818 457 Mihi
853 402 1070 472 quidem
1097 402 1321 458 dubium
1355 418 1462 459 non
1494 411 1598 468 est,
1635 404 1763 473 quin
1797 404 2150 473 gravissimus
2192 403 2354 459 Pater
2375 416 2430 459 et
2460 405 2597 460 alios
2627 404 2863 475 psalmos
2890 405 3276 473 interpretatus
3300 400 3398 462 sit,
3423 413 3547 452 cum
3582 399 3668 449 vix

416 502 592 571 possit
625 499 805 554 afferri
836 499 997 565 ratio,
1028 515 1128 554 cur
1168 501 1266 555 hos
1288 513 1427 570 quos
1457 499 1722 554 habemus
1749 501 2094 569 exposuisset
2121 515 2259 555 unos
2289 518 2304 554 :
2347 501 2444 555 sed
2475 510 2654 555 tamen
2686 501 2753 555 iis
2781 502 3029 555 assentiri
3054 515 3161 554 non
3193 511 3354 566 queo,
3388 495 3665 565 qul'argu-

418 607 664 652 mentum
689 596 1054 649 certissimum
1087 603 1249 666 atque
1277 596 1743 650 evidentissimum
1774 611 1839 651 ex
1872 597 2324 665 interpretatione
2356 597 2546 666 psalmi
2579 596 2793 665 septimi
2825 605 2880 648 et
2907 591 3166 648 tricesimi
3200 589 3307 658 peti
3341 601 3499 657 posse
3523 582 3671 636 arbi-

417 699 650 746 trantur.
675 690 825 756 Quod
855 690 998 745 enim
1015 689 1317 761 aiunt(85),
1347 691 1504 744 citari
1531 690 1581 744 in
1612 691 1715 745 bac
1739 691 2185 758 interpretatione
2214 692 2648 760 explanationem
2671 692 2862 763 psalmi
2883 690 3044 752 sexti,
3073 702 3174 741 nec
3222 694 3399 739 tamen
3427 696 3545 734 eam
3578 696 3670 733 us-

422 795 585 851 quam
619 797 957 852 comparere,
992 783 1043 837 id
1077 782 1231 838 futile
1258 792 1343 839 est
1373 784 1596 841 omnino
1620 794 1672 838 et
1698 785 1877 839 inane.
1905 785 2001 839 Illa
2028 787 2171 840 enim
2198 787 2390 855 psalmi
2419 787 2680 841 tricesimi
2718 785 2931 854 septimi
2962 780 3357 849 interpretatio,
3383 777 3459 830 uti
3488 784 3672 830 osten-

415 877 624 938 demus,
664 876 882 931 Eusebii
932 877 1074 932 fetus
1106 886 1225 942 est,
1257 892 1364 933 non
1397 876 1609 931 Basilii.
1637 876 1839 932 Praeter
1873 878 1973 932 hos
2004 893 2141 948 quos
2177 879 2441 934 habemus
2470 879 2741 949 psalmos,
2776 875 2930 932 citari
2971 884 3026 928 et
3056 873 3193 927 alios
3235 886 3264 924 a
3296 867 3669 937 Metaphrasta
3750 864 3761 877 ‘

414 969 561 1023 haud
590 969 900 1040 ignoramus
931 987 945 1023 :
980 970 1076 1024 sed
1110 970 1490 1042 Metaphrastaa
1518 973 1570 1025 in
1600 972 1796 1028 litteris
1828 974 2127 1028 auctoritas
2149 989 2211 1029 ea
2251 991 2356 1029 non
2382 986 2488 1042 est,
2523 992 2684 1044 quam
2719 990 2863 1028 caeco
2900 975 3102 1042 impetu
3140 969 3292 1037 sequi
3321 981 3599 1036 cogamur.

485 1061 955 1118 Circumferuntur
981 1062 1198 1115 nomine
1224 1061 1407 1115 Basilii
1436 1062 1620 1117 decem
1656 1070 1710 1116 et
1746 1071 1952 1131 septem
1988 1060 2266 1117 Orationes
2299 1064 2355 1116 in
2385 1061 2650 1121 Psalmos.
2690 1063 2795 1118 Sed
2836 1062 2948 1116 fere
2981 1059 3233 1115 convenit
3268 1059 3408 1112 inter
3449 1059 3668 1121 doctos,

415 1162 646 1217 alteram
686 1161 741 1214 in
771 1159 1086 1214 vicesimum
1133 1170 1382 1213 octavum
1405 1158 1688 1228 'psalmnm
1720 1158 1998 1213 homiliam
2031 1160 2095 1211 ad
2120 1173 2243 1213 eum
2285 1159 2508 1215 minime
2551 1161 2825 1228 pertinere
2868 1178 2884 1214 :
2919 1159 3012 1214 sed
3058 1159 3192 1225 opus
3230 1169 3353 1209 esse
3384 1153 3626 1223 plagiarii
3652 1191 3669 1216 ,

416 1256 503 1310 vel
535 1254 714 1324 petius
740 1251 971 1307 studiosi
1019 1249 1347 1321 cnjuspiam,
1385 1250 1475 1319 qui
1506 1265 1563 1305 se
1602 1265 1859 1305 exercere
1886 1290 1901 1315 ,
1938 1258 1994 1304 et
2020 1248 2278 1304 Basilium
2310 1250 2509 1305 imitari
2549 1249 2800 1305 voluerit.
2841 1251 3028 1308 Oratio
3057 1257 3271 1323 quoque
3301 1252 3352 1305 in
3384 1252 3670 1319 septimum

415 1358 471 1403 et
502 1347 833 1403 tricesimum
879 1344 1149 1417 psalmum
1179 1355 1430 1416 suspecta
1467 1344 1683 1413 quidem
1712 1342 1828 1398 visa
1869 1352 1954 1399 est
1979 1343 2346 1399 Combelisio:
2385 1344 2480 1399 sed
2540 1344 2710 1398 noluit
2764 1346 3058 1416 quidquam
3113 1356 3377 1405 statuere,
3409 1353 3501 1396 aut
3550 1358 3674 1412 pro-

415 1444 690 1499 nuntiare.
717 1442 987 1497 Potuisset
1016 1450 1220 1508 tamen,
1254 1456 1377 1496 cum
1410 1439 1585 1494 oratio
1617 1439 1726 1507 illa,
1762 1450 1821 1495 ut
1853 1439 2194 1503 monuimus,
2228 1448 2508 1493 auctorem
2540 1439 2733 1519 habeat
2772 1456 2876 1495 non
2911 1439 3170 1495 Basiliam
3198 1480 3213 1503 ,
3240 1438 3333 1491 sed
3363 1436 3671 1490 Eusebium.

415 1536 493 1590 De
526 1535 607 1589 his
631 1535 805 1589 fusius
824 1535 875 1588 in
900 1534 1245 1589 Prml‘atione.
2289 1529 2293 1532 ’
2611 1517 2627 1527 ’

487 1624 728 1693 Reliqua:
750 1624 1058 1694 quindecim
1092 1626 1367 1681 orationes
1396 1640 1494 1694 pro
1522 1626 1757 1695 genuino
1794 1625 1980 1680 Basilii
2014 1626 2123 1681 fetu
2160 1625 2433 1679 habentur
2459 1625 2527 1678 ab
2554 1624 2826 1679 omnibus.
2865 1623 2948 1679 Me
2986 1625 3204 1693 quidem
3243 1636 3567 1691 magnopere
3596 1628 3675 1672 tot

414 1717 749 1769 eruditorum
780 1716 1022 1770 virorum
1046 1727 1352 1771 commovet
1383 1719 1716 1772 auctoritas:
1754 1717 1847 1770 sed
1873 1734 1939 1771 ne
1965 1716 2021 1771 in
2043 1730 2229 1771 eorum
2261 1715 2586 1768 sententiam
2614 1717 2932 1780 concedam,
2962 1715 3253 1784 prohibent
3288 1713 3477 1777 multa,
3504 1724 3678 1780 eaque

416 1807 762 1879 gravissima.
800 1807 907 1862 Res
935 1820 1114 1863 autem
1154 1809 1562 1879 inquisitionem
1606 1808 1900 1879 longiorem
1940 1810 2449 1881 diligentioremque
2492 1823 2613 1861 cum
2647 1806 2915 1875 postulet,
2965 1807 3016 1861 id
3047 1807 3383 1861 connnodins
3415 1804 3585 1857 multo
3618 1803 3673 1857 in

423 1899 744 1969 prtrfatione
769 1900 1003 1970 generali
1030 1902 1422 1968 prtestabimus.
1452 1901 1637 1957 Dicam
1663 1902 1860 1966 obiter,
1893 1902 2194 1967 orationes,
2219 1918 2337 1972 qua:
2372 1915 2497 1955 vere
2522 1899 2703 1952 Basilii
2736 1906 2884 1963 sunt,
2910 1899 2976 1954 ad
3011 1899 3265 1968 pepulum
3290 1898 3499 1952 habitas
3526 1910 3670 1950 esse,

415 1983 577 2060 inque
602 2001 868 2047 conventu
903 1991 1118 2061 publico
1147 1995 1549 2063 pronuntialas,
1586 2005 1643 2050 et
1680 2011 2019 2065 quaecunque
2048 1996 2190 2050 hanc
2228 2003 2409 2048 notam
2447 2008 2555 2061 pra:
2586 2007 2643 2046 se
2674 2008 2778 2043 non
2812 1989 2935 2055 fert,
2964 2006 3083 2045 eam
3113 1995 3183 2045 ob
3212 1991 3263 2044 id
3296 1990 3465 2044 solum
3494 2001 3678 2056 suspe-

411 2096 555 2140 ctam
583 2086 754 2140 videri
785 2086 1000 2141 debere.

484 2176 703 2248 Legenti
731 2179 858 2234 mihi
895 2180 945 2233 id
968 2193 1124 2250 Opus,
1166 2180 1307 2249 quod
1350 2178 1616 2234 edendum
1659 2181 1869 2233 curavit
1896 2179 1979 2233 vir
2014 2178 2361 2234 doctissimus
2400 2174 2681 2229 Balthasar
2721 2173 3047 2240 Corderius,
3109 2175 3348 2229 occurrit
3389 2174 3676 2229 difﬁcultas

411 2270 555 2329 haud
589 2272 805 2340 exigua.
839 2270 971 2326 Nam
999 2272 1292 2325 maximam
1329 2282 1536 2340 partem
1562 2286 1748 2325 eorum
1782 2286 1901 2341 quae
1924 2272 1977 2324 in
2002 2270 2420 2325 Commentario
2451 2267 2719 2323 Theodori
2756 2265 3089 2322 Heracleota:
3112 2267 3352 2337 legebam
3373 2310 3387 2335 ,
3435 2272 3676 2338 comperi

412 2366 548 2421 nihil
570 2367 711 2421 aliud
743 2382 865 2423 esse
889 2410 902 2433 ,
945 2368 1045 2422 nisi
1077 2368 1247 2434 ipsam
1284 2367 1467 2421 Basilii
1504 2368 1559 2419 in
1594 2364 1838 2421 Psalmos
1884 2365 2322 2436 explanationem
2345 2405 2361 2432 ,
2393 2364 2555 2433 idque
2587 2363 2652 2417 ad
2693 2363 2939 2417 verbum.
2972 2359 3215 2417 Verebar
3240 2378 3342 2416 una
3381 2376 3445 2415 ex
3483 2372 3674 2431 parte,

416 2462 879 2528 Cotnmentarium
917 2464 1064 2518 illum
1092 2463 1376 2520 Theodoro
1406 2465 1666 2524 adimere,
1697 2464 1767 2519 ob
1797 2475 2038 2518 veterum
2069 2463 2331 2519 librorum
2357 2463 2760 2528 auctoritatem,
2782 2464 2860 2543 _ad
2886 2477 3116 2531 quorum
3145 2460 3305 2517 ﬁdem
3331 2462 3433 2517 hoc
3461 2461 3509 2516 ei
3539 2476 3677 2531 opus

416 2559 676 2611 tributum
713 2570 796 2614 est
823 2578 835 2614 :
872 2575 936 2613 ex
965 2560 1156 2626 altera,
1191 2570 1470 2615 oratorum
1499 2560 1764 2628 optimum
1790 2559 2049 2614 Basilium
2074 2559 2201 2614 furti
2227 2559 2493 2614 dedecore
2521 2566 2683 2629 atque
2710 2556 2930 2611 infamia
2960 2572 3250 2626 aspergere
3278 2572 3385 2610 non
3409 2566 3672 2625 poteram.

418 2650 527 2706 Sed
562 2667 668 2706 non
699 2653 786 2706 diu
818 2670 1111 2724 suspensus
1143 2655 1215 2708 fni
1244 2665 1297 2710 et
1337 2655 1596 2710 incertus.
1629 2653 1763 2709 Nam
1789 2657 1972 2710 statim
2000 2657 2196 2725 agnovi
2222 2654 2682 2711 Commentarium
2715 2670 2836 2708 eum
2867 2656 2957 2724 qui
3004 2655 3224 2709 nomine
3269 2654 3536 2708 Theodori
3568 2653 3675 2706 cir-

419 2744 741 2812 cumlertur,
765 2745 1035 2801 Theodori
1074 2749 1232 2801 unius
1259 2764 1395 2816 opus
1433 2764 1540 2803 non
1567 2764 1710 2812 esse,
1742 2751 1835 2803 sed
1865 2749 2181 2814 multorum,
2210 2748 2480 2818 Origenis,
2511 2748 2747 2813 Eusebii,
2782 2747 2966 2803 Basilii
3002 2748 3192 2817 ipsius,
3226 2748 3476 2816 Didymi,
3508 2745 3673 2800 Joan-

415 2833 501 2887 nis
528 2834 922 2907 Clirysostmni,
958 2836 1307 2903 Theodoreti,
1343 2849 1449 2894 etc.
1476 2838 1594 2895 Uno
1619 2840 1805 2905 verbo,
1836 2841 2110 2895 constabit
2132 2854 2195 2893 ex
2221 2840 2538 2909 praefatione
2559 2880 2574 2903 ,
2610 2838 3073 2893 Commentarinm
3101 2838 3363 2892 hactenus
3389 2836 3674 2890 Theodom

417 2921 750 2979 lleracleotze
781 2927 1098 2983 attributum
1127 2929 1178 2982 in
1202 2927 1526 2984 Cateuarum
1553 2945 1777 2985 numero
1804 2933 1989 3000 reponi
2018 2932 2210 2987 merito
2238 2946 2415 3001 posse.
2442 2932 2520 2986 Ex
2544 2948 2653 3002 quo
2687 2932 2766 2997 fit,
2806 2941 2864 2987 ut
2888 2930 3122 2986 Basilius
3152 2941 3335 2987 noster
3361 2930 3674 3003 longissime

415 3012 484 3067 ab
511 3016 655 3070 omni
682 3018 1023 3086 expilationis
1049 3020 1288 3090 furtique
1314 3021 1623 3090 suspicione
1648 3022 1839 3078 abesse
1862 3023 2073 3078 debeat.

485 3104 602 3158 1am
636 3107 679 3160 si
710 3108 977 3177 quispiam
1009 3121 1235 3176 quaerat,
1262 3126 1368 3179 quo
1392 3120 1656 3181 tempore,
1689 3127 1798 3182 quo
1823 3113 1943 3168 loco
1965 3114 2161 3168 habitae
2188 3115 2296 3169 sint
2324 3115 2425 3169 illa:
2456 3110 2640 3169 Basilii
2669 3116 2721 3168 in
2754 3114 2996 3170 Psalmos
3026 3129 3312 3180 orationes,
3346 3124 3674 3186 respondere

416 3207 722 3267 promptum
754 3215 859 3253 non
895 3200 1019 3254 erit.
1056 3202 1152 3255 Vix
1185 3203 1328 3261 enim
1360 3218 1421 3257 ea
1448 3203 1515 3257 de
1544 3218 1604 3258 re
1626 3204 1762 3259 certi
1794 3205 2090 3275 quidquam
2123 3207 2288 3259 statui
2333 3221 2493 3277 posse
2523 3207 2878 3261 arbitramur.
2906 3206 3172 3260 Malumus
3198 3215 3378 3260 autem
3413 3207 3480 3261 de
3513 3209 3675 3265 rebus

416 3290 598 3355 silere,
632 3305 791 3360 quam
820 3292 1011 3348 falsum
1048 3294 1250 3362 aliquid
1278 3306 1371 3349 aut
1399 3296 1666 3351 incertum
1699 3301 2075 3366 pronuntiare.

488 3382 660 3439 Nemo
697 3387 859 3456 paulo
890 3389 1174 3444 humanior
1202 3390 1397 3458 nescit,
1433 3390 1799 3457 Ambrosium,
1825 3407 1949 3446 cum
1975 3408 2102 3447 suos
2128 3392 2181 3446 in
2209 3391 2579 3447 Hexaemeron
2624 3392 2794 3448 libros
2824 3393 3123 3456 scriberet,
3166 3393 3430 3461 permulta
3462 3394 3528 3448 ad
3557 3408 3675 3448 ver.

416 3476 542 3532 bum
576 3493 606 3532 e
630 3479 829 3535 Basilio
854 3483 1172 3550 sumpsisse.
1206 3482 1314 3539 Sed
1345 3498 1448 3538 non
1474 3485 1547 3539 ita
1582 3493 1767 3539 notum
1798 3496 1904 3549 est,
1936 3502 2057 3541 eum
2087 3486 2187 3540 hoc
2211 3486 2350 3540 idem
2379 3486 2592 3553 fecisse,
2624 3502 2748 3540 cum
2774 3485 3013 3555 psalmos
3047 3487 3310 3555 quosdam
3346 3489 3675 3558 interprets.

418 3582 586 3626 retur.
618 3571 726 3626 Nec
758 3574 1006 3642 cuiquam
1036 3575 1086 3629 id
1120 3576 1311 3629 mirum
1346 3576 1513 3631 videri
1539 3576 1720 3641 debet,
1754 3592 1878 3632 cum
1907 3578 2226 3632 Ambrosius
2256 3578 2305 3631 in
2334 3578 2688 3647 explauandis
2720 3577 2948 3633 Psalmis
2972 3595 3079 3634 non
3115 3580 3282 3633 multa
3314 3580 3602 3634 admodum
3641 3596 3673 3636 a

417 3667 618 3723 Basilio
646 3678 921 3724 mutuatus
957 3670 1046 3725 sit.
1089 3672 1355 3737 Quoniam
1398 3683 1575 3727 tamen
1607 3689 1715 3728 non
1741 3675 1933 3729 desunt
1972 3674 2168 3743 quibus
2207 3674 2505 3741 jucundum
2554 3675 2625 3728 sit
2665 3684 2719 3728 et
2753 3684 2965 3741 gratum
2999 3686 3326 3739 cognoscere
3366 3671 3493 3737 quid
3528 3671 3670 3727 alius

416 3762 648 3830 scriptor
672 3762 739 3816 ab
769 3763 877 3817 alio
908 3764 1219 3833 sumpserit,
1251 3764 1341 3819 illa
1374 3755 1647 3822 Ambrosii
1680 3765 1823 3830 loca,
1860 3767 2336 3835 quantulacunque
2365 3778 2511 3831 sunt,
2545 3783 2645 3821 suo
2676 3766 2795 3821 loco
2825 3767 3090 3819 adnotare
3119 3777 3228 3818 non
3262 3762 3486 3833 pigebit.

488 3851 686 3909 Videre
714 3864 797 3909 est
819 3854 870 3908 in
904 3855 1111 3910 Latinis
1134 3857 1465 3912 editiouibus
1501 3859 1745 3929 quaedam
1772 3862 1827 3913 in
1857 3856 2098 3914 Psalmos
2137 3860 2383 3924 Scholia,
2415 3877 2534 3930 quae
2571 3862 2767 3916 Basilio
2795 3861 3136 3924 tribuuntur;
3164 3859 3258 3913 sed
3282 3858 3349 3913 de
3371 3859 3439 3914 iis
3467 3859 3674 3930 longius

417 3942 690 4009 disserere
719 3961 938 4001 necesse
965 3963 1072 4002 non
1100 3949 1332 4004 videtur.
1366 3947 1563 4007 Notum
1591 3961 1676 4005 est
1706 3950 1850 4005 enim
1886 3964 1950 4005 ea
1983 3951 2256 4013 epitomeu
2288 3967 2409 4007 esse
2445 3971 2476 4007 e
2500 3952 2871 4025 Chrysostomi
2906 3963 2962 4007 et
2990 3951 3315 4007 Theodoreti
3343 3951 3497 4007 libris
3529 3951 3673 4007 male

416 4039 871 4098 consarcinatam.
900 4042 1033 4099 Cum
1062 4060 1191 4116 ergo
1221 4061 1285 4101 ea
1318 4045 1537 4102 Scholia
1572 4048 1625 4102 in
1667 4047 1869 4117 spuriis
1895 4057 2059 4115 atque
2098 4048 2417 4104 adulterinis
2448 4051 2571 4118 poni
2600 4061 2852 4119 Oportere
2883 4050 3157 4105 fateantur
3189 4063 3402 4114 omnes,
3428 4049 3478 4104 id
3508 4048 3675 4104 semel

415 4136 633 4184 notasse
654 4132 786 4186 satis
820 4134 1164 4202 habebimus,
1196 4153 1295 4192 nec
1336 4153 1561 4208 usquam
1600 4138 1832 4207 amplius
1860 4139 1926 4193 de
1948 4137 2016 4194 iis
2042 4140 2368 4196 mentionem
2411 4142 2574 4198 ullam
2604 4141 2883 4198 faciemus.
2918 4142 3051 4197 Nam
3092 4143 3147 4199 in
3190 4144 3351 4201 rebus
3374 4143 3676 4215 perspicuis

420 4228 659 4289 tempore
688 4224 1011 4282 abutendum
1045 4237 1101 4284 et
1125 4232 1458 4299 argumentis
1490 4246 1595 4285 non
1631 4241 1881 4301 putamus
1914 4228 2049 4301 (84).

1997 4373 2065 4390 .-

696 4493 832 4548 ΤΟΥ
853 4496 942 4550 EN
957 4497 1180 4552 ΑΓΙΟῙΣ
1211 4500 1484 4555 ΠΑΤΡΟΣ
1518 4503 1719 4559 ΗΜΩΝ

1706 4505 1719 4558 l
2481 4496 2732 4564 SANC'TI
2764 4506 3017 4566 PATRIS
3053 4505 3304 4566 NOSTRI

890 4687 1500 4790 ΒΑΣΙΛΕΙΟΥ,

2574 4726 2583 4734 ·
2680 4707 3098 4800 BASILII,

553 4893 1006 4967 Ἀρχιεπισκόπου
1054 4899 1392 4970 Καισαρείας
1430 4901 1845 4969 Καππαδοκίας,

1830 4944 1845 4969 ι
2349 4910 2608 4967 Caesareae
2633 4912 2987 4985 Cappadociae
3016 4914 3428 4985 archiepiscopi,

517 5060 768 5113 omam
800 5062 925 5113 ΕΙΣ
952 5062 1086 5116 ΊὈΝ
1111 5064 1404 5119 ΠΡΩΤΟΝ
1421 5065 1878 5134 mammas).
2016 5079 2066 5137 Α

2016 5079 2066 5137 Α
2274 5068 2598 5126 nonth
2641 5070 2731 5126 IN
2774 5071 3127 5129 PSALMUJI
3168 5053 3494 5136 PRIMUM.

480 5191 530 5246 i.
562 5194 721 5247 Πᾶσα
766 5193 956 5264 Γραςρὴ
1012 5193 1368 5259 θεόπνευστος
1418 5197 1511 5251 καὶ
1553 5195 1845 5267 ὠφέλιμος,
1900 5196 1989 5251 διὰ

2162 5202 2272 5272 90
2306 5204 2358 5257 1.
2399 5203 2589 5258 Omnis
2633 5203 2912 5275 Scriptura
2953 5217 3035 5263 est
3080 5208 3335 5264 divinitus
3368 5211 3626 5280 inspirata

324 5346 335 5363 ν
408 5282 567 5336 τοῦτο
599 5289 974 5356 συγγραφεῖσα
1008 5286 1160 5357 παρὰ
1190 5286 1282 5339 τοῦ
1310 5287 1647 5358 Πνεύματος,
1683 5289 1769 5355 ἵν’,
1800 5289 1922 5343 ὥσπ

2090 5300 2255 5359 atque
2285 5292 2429 5346 utilis
2459 5293 2527 5357 ”,
2561 5294 2683 5347 ideo
2709 5308 2740 5347 a
2773 5294 2976 5364 Spiritu
3012 5304 3200 5351 sancto
3229 5300 3534 5369 conscripta
3562 5342 3575 5361 ,
3607 5320 3657 5357 U‘v

413 5374 471 5426 ὲν
495 5375 657 5445 κοινῷ
684 5376 792 5429 τῶν
835 5377 1024 5449 ψυχῶν
1093 5379 1332 5451 ἰατρείῳ,
1382 5379 1584 5443 πάντες
1616 5379 1891 5453 ἄνθρωποι
1925 5382 1987 5435 τὸ

2093 5384 2239 5436 velut
2272 5385 2327 5437 in
2374 5386 2649 5440 communi
2688 5385 2991 5439 animarum
3027 5388 3390 5442 cnraudarum
3425 5388 3663 5456 oﬂicina,

412 5467 551 5537 ῐαμα
576 5467 666 5520 τοῦ
696 5469 898 5523 οἰκείου
921 5470 1125 5534 πάθους
1147 5471 1377 5534 ἕκαστος
1399 5469 1771 5543 ὲκλεγώμεθα.
1808 5472 1860 5527 '1
1867 5458 1989 5544 ἁμα

2092 5488 2189 5526 nos
2239 5489 2429 5529 omnes
2483 5484 2747 5545 quotquot
2788 5491 2977 5531 sumus
3023 5476 3269 5534 homines
3304 5479 3373 5534 ad
3413 5489 3659 5537 nostrum

486 5582 529 5614 ³⁹
554 5580 596 5634 ll
630 5581 771 5636 Tim.
808 5599 906 5650 tu,
936 5584 1023 5640 16.

484 5674 595 5819 £83)
621 5676 834 5733 Tillem.
865 5694 987 5749 pag.
1014 5681 1140 5737 290.

508 5746 600 5819 84)
625 5746 709 5804 Cf.
739 5762 857 5806 cat).
896 5749 958 5807 41
1008 5750 1139 5810 Vitta
1168 5749 1228 5808 S.
1264 5750 1456 5809 Basilii
1494 5760 1624 5809 tom.
1654 5750 1694 5808 l.
1741 5751 1900 5811 Ευιτ.

2085 5682 2396 5819 ψαὲῗιέὖξὶε
2432 5700 2561 5744 mss.
2589 5683 2659 5740 At
2686 5684 2818 5742 editi
2852 5686 2931 5750 εἰς
2968 5685 3067 5756 τὴν
3109 5684 3283 5758 ἀρχὴν
3312 5684 3406 5740 τοῦ
3439 5703 3659 5759 πρωτου

508 5746 600 5819 84)
625 5746 709 5804 Cf.
739 5746 962 5807 caui“
1008 5750 1139 5810 Vitta
1168 5749 1228 5808 S.
1264 5750 1456 5809 Basilii
1494 5760 1624 5809 tom.
1654 5750 1694 5808 l.
1741 5751 1900 5811 Ευιτ.
2085 5752 2322 5828 ψαλμοῦ.
