4048 6220
409 299 509 356 2M

1717 308 1772 362 S.
1818 308 2060 363 BASILII
2103 306 2315 363 MAGNI

3547 304 3661 361 212

413 424 658 476 morbum
711 425 1005 479 sanandum
1069 427 1331 481 medelam
1403 429 1633 492 seligere
1690 431 1972 498 possimus.

2083 431 2212 498 γὰρ,
2245 429 2398 500 φησι,
2438 428 2811 482 καταπαύσει
2845 427 3128 498 ἁμαρτίας
3160 426 3444 496 μεγάλας.
3482 425 3658 481 Ἕλλα.

413 513 679 568 Medicina
726 517 899 578 enim,
935 518 1111 585 inquit
1161 517 1440 589 Scriptura
1467 561 1481 584 ,
1516 520 1714 574 sedabit
1766 533 1974 588 peccata

410 621 602 674 magna
635 606 702 659 ³ο.
737 607 894 662 Aliud
934 609 1094 678 igitur
1130 611 1400 679 propheta:
1438 613 1662 669 docent,
1709 612 1848 664 aliud
1881 612 1961 664 hi-

409 697 622 760 storici,
653 698 797 751 aliud
828 698 910 753 lex
934 741 949 762 ,
987 701 1130 754 aliud
1158 703 1363 770 species
1388 703 1503 769 ejus
1527 719 1644 772 quae
1678 705 1727 756 iu
1760 704 1978 757 Prover-

410 786 514 840 biis
541 786 811 842 invenitur
836 792 1247 847 exhortationis.
1278 794 1347 845 At
1388 794 1645 863 quidquid
1677 795 1727 848 in
1764 796 1974 848 lecl‘is

412 881 543 932 utile
575 889 692 944 est,
727 883 815 935 hic
860 899 996 938 unus
1027 883 1362 939 Psalmorum
1402 886 1540 940 liber
1582 886 1976 954 complectitur.

413 969 748 1028 Vaticinatur
777 975 978 1040 futura,
1012 977 1221 1032 animos
1251 989 1468 1032 revocat
1510 979 1574 1032 ad
1603 980 1842 1033 ltiStorize
1867 995 1978 1032 mc-

410 1064 638 1119 moriam
661 1107 675 1131 ,
712 1069 1016 1136 pra-scribit
1047 1070 1169 1123 vitae
1207 1070 1546 1124 instituenda:
1575 1071 1788 1124 modum
1817 1089 1830 1125 :
1859 1085 1978 1137 quze

409 1166 536 1209 sunt
568 1159 771 1226 agenda
821 1164 1080 1230 suggerit.
1111 1163 1178 1217 Et
1207 1180 1312 1218 uno
1338 1164 1526 1229 verbo,
1551 1166 1684 1219 liber
1716 1167 1800 1219 hic
1829 1181 1974 1219 com-

414 1261 576 1302 mune
602 1251 869 1319 quoddam
907 1263 988 1306 est
1026 1257 1176 1307 bonae
1210 1256 1466 1310 doctrinae
1505 1257 1929 1325 promptuarium
1961 1274 1975 1310 :

412 1339 504 1407 qui
531 1341 788 1411 quidquid
827 1345 1046 1398 cuilibet
1081 1346 1416 1413 profuturum
1448 1349 1551 1412 sit,
1585 1349 1869 1418 diligenter
1893 1349 1976 1402 of-

410 1426 534 1480 fert.
562 1427 693 1482 Nam
734 1432 972 1500 antiquis
1004 1435 1312 1489 animarum
1338 1437 1650 1491 vulneribus
1684 1440 1923 1492 medetur
1961 1458 1973 1492 :

408 1525 711 1588 promptam
754 1536 920 1588 nuper
949 1522 1224 1578 vulnerato
1260 1527 1548 1580 sanitatem
1585 1530 1759 1581 reddit
1796 1531 1977 1597 :quod

411 1618 610 1674 aegrum
644 1619 727 1662 est
755 1611 928 1675 fovet,
961 1615 1101 1683 quod
1148 1632 1275 1670 vero
1309 1617 1575 1672 incolume
1599 1628 1652 1671 et
1679 1619 1970 1688 integrum,

410 1709 713 1751 conservat.
745 1701 810 1755 Et
833 1704 1046 1757 tandem
1078 1706 1164 1759 hic
1195 1707 1347 1770 liber,
1385 1712 1558 1776 quoad
1592 1709 1706 1776 ejus
1737 1710 1849 1764 ﬁeri
1876 1725 1975 1780 po-

410 1795 518 1840 test
544 1829 557 1849 ,
591 1805 784 1858 pravos
817 1804 1030 1849 coercet
1061 1796 1302 1860 all‘ectus,
1341 1801 1431 1867 qui
1465 1815 1560 1868 per
1584 1801 1858 1854 hominum
1899 1801 1976 1854 vi-

411 1887 517 1931 tam
557 1879 608 1933 in
640 1883 848 1937 animos
879 1886 1024 1940 varie
1059 1897 1408 1954 grassantur:
1440 1899 1600 1958 atque
1631 1890 1681 1942 id
1704 1905 1824 1943 cum
1848 1905 1978 1944 cou-

407 1967 563 2020 cinna
607 1974 834 2036 quadam
878 1975 1144 2030 suavitate
1184 1987 1344 2046 atque
1394 1978 1669 2047 voluptate
1695 2019 1709 2042 ,
1741 1994 1861 2047 qua:
1889 1981 1979 2034 ho-

409 2069 591 2113 neslas
628 2061 908 2127 ingenerat
955 2066 1330 2133 cogitationes.
1372 2068 1582 2122 Etenim
1621 2069 1708 2122 ubi
1747 2069 1978 2139 Spiritus

409 2159 626 2203 Sanctus
675 2169 842 2221 genus
882 2153 1159 2209 hominum
1205 2159 1476 2228 perspexit
1516 2159 1580 2212 ad
1625 2159 1974 2214 excolendam

407 2238 659 2294 virtutem
685 2245 873 2298 adduci
902 2247 987 2299 vix
1025 2263 1204 2314 posse,
1235 2261 1286 2304 et
1308 2268 1335 2303 a
1376 2252 1530 2306 nobis
1564 2253 1633 2306 ob
1657 2261 1893 2306 nostram
1922 2253 1974 2306 in

414 2330 745 2400 voluptatem
792 2339 1204 2404 propensionem
1250 2341 1388 2395 viam
1434 2355 1640 2397 rectam
1668 2344 1973 2409 contemni,

411 2424 540 2490 quid
581 2424 727 2494 agit?
754 2426 1028 2498 Dogmatis
1074 2431 1368 2488 immiscuit
1409 2437 1702 2491 harmonia:
1746 2437 1976 2492 dulcedi-

411 2525 558 2576 nem,
606 2524 663 2568 ut
699 2531 880 2572 rerum
916 2522 1217 2575 auditarum
1243 2523 1575 2591 iucunditate
1606 2543 1669 2581 ac
1697 2528 1975 2583 dulcedine

407 2604 739 2675 eloquiorum
793 2611 1076 2668 utilitatem
1146 2617 1449 2672 nescientes
1519 2621 1971 2690 perciperemus:

407 2695 550 2751 haud
577 2699 735 2755 aliter
776 2711 938 2773 atque
982 2705 1254 2774 sapientes
1291 2710 1482 2764 medici
1506 2751 1520 2778 ,
1552 2711 1644 2779 qui
1711 2727 1976 2767 nausean-

405 2790 549 2846 tibus
579 2794 848 2861 potionem
888 2799 1206 2853 amariorem
1251 2801 1460 2867 daturi,
1500 2805 1696 2872 saepius
1743 2805 1971 2860 calicem

405 2884 565 2940 melle
597 2885 1028 2946 circumliniunt.
1058 2892 1183 2946 Ideo
1226 2894 1479 2948 concinni
1516 2895 1592 2949 illi
1641 2897 1970 2965 psalmorum

406 2986 704 3035 concentus
753 2981 1044 3051 excogitati
1097 2983 1253 3038 nobis
1297 2993 1452 3049 sunt,
1485 2994 1544 3039 ut
1588 2986 1626 3040 ii
1679 2987 1770 3056 qui
1819 2989 1970 3056 pueri

2011 1765 2051 1820 Β

403 3079 530 3122 Sunt
551 3078 726 3134 mtate,
757 3073 1036 3125 autetiam
1060 3075 1279 3127 omnino
1312 3074 1552 3130 moribus
1579 3079 1967 3146 suntjuvenes,
1998 3098 2040 3155 α

405 3159 533 3213 dum
565 3160 617 3212 in
639 3162 872 3229 speciem
913 3164 1130 3231 quidem
1154 3173 1371 3218 cantant
1392 3207 1406 3230 ,
1437 3167 1610 3236 reipsa
1644 3177 1818 3223 tamen
1853 3171 1967 3223 ani-

410 3265 529 3304 mas
557 3251 810 3308 erudiant
841 3268 987 3308 suas.
1023 3253 1122 3309 Vix
1161 3257 1307 3310 enim
1344 3273 1575 3325 unquam
1611 3275 1746 3314 unus
1781 3261 1974 3330 aliquis

403 3356 435 3396 e
463 3342 644 3397 multis
679 3354 735 3398 et
781 3359 847 3399 ex
889 3345 1164 3401 desidibus
1213 3349 1490 3414 discessit,
1527 3351 1616 3419 qui
1649 3362 1971 3422 praeceptum

407 3437 763 3504 apostolicum
797 3449 890 3492 aut
918 3440 1287 3508 propheticum
1320 3444 1578 3497 memoria
1615 3443 1845 3499 retineat
1874 3463 1887 3498 :
1920 3455 1976 3499 at

404 3529 733 3598 psalmorum
757 3530 973 3585 oracula
1000 3542 1052 3585 et
1085 3532 1227 3586 domi
1258 3533 1615 3597 modulantur,
1648 3545 1702 3589 et
1725 3535 1778 3590 in
1798 3534 1972 3591 forum

405 3622 820 3678 circumferunt.
848 3623 914 3676 Et
935 3623 1146 3676 etiamsi
1177 3625 1297 3692 quis
1334 3625 1385 3677 in
1420 3625 1545 3680 fera:
1580 3627 1796 3680 modum
1819 3627 1974 3682 valde

407 3721 624 3779 aestuet,
659 3713 748 3767 ubi
781 3713 1000 3782 psalmis
1030 3714 1321 3769 demulceri
1354 3718 1600 3784 cmperit,
1634 3719 1814 3773 statim
1840 3733 1970 3774 con-

401 3805 576 3873 sopita
601 3817 696 3871 per
722 3803 1002 3857 melodiam
1027 3805 1187 3857 animi
1217 3803 1427 3859 feritate
1453 3805 1587 3860 abit.

472 3895 528 3949 2.
569 3894 816 3950 Psalmus
871 3893 1228 3963 tranquillitas
1292 3907 1374 3948 est
1425 3897 1762 3961 animarum,
1820 3899 1989 3968 pacis.

343 4036 350 4043 .
404 3986 630 4050 arbiter,
701 3985 1055 4039 tumultuosas
1122 3985 1567 4054 turbulentasque
1618 3989 1972 4059 cogitationes

403 4077 720 4147 compescit.
773 4077 840 4132 Ut
867 4080 1113 4148 reprimit
1152 4081 1656 4134 excandescentiam
1700 4091 1754 4135 et
1805 4082 1968 4136 animi

403 4170 844 4232 concitationem,
903 4169 975 4223 ita
1037 4170 1316 4224 lasciviam
1387 4169 1642 4226 refrenat.
1691 4171 1972 4227 Amicitias

405 4262 657 4319 conciliat
690 4262 956 4331 psalmus:
1000 4263 1273 4317 consociat
1307 4262 1628 4316 dissidentes
1655 4301 1670 4327 ,
1704 4262 1843 4317 inter
1873 4264 1971 4316 ini-

405 4356 577 4410 micos
629 4355 858 4426 gratiam
921 4354 1215 4424 componit.
1246 4352 1378 4418 Quis
1431 4353 1572 4406 enim
1616 4353 1791 4408 adhuc
1845 4370 1966 4409 eum

2083 523 2181 591 μὲν
2210 518 2302 574 οὖν
2339 522 2612 590 προφῆται
2675 521 3003 584 παιδεύουσι,
3048 520 3141 573 καὶ
3184 519 3316 574 ἄλλα
3367 521 3653 589 ἱστορικοὶ,

2081 614 2174 665 καὶ
2205 615 2234 665 ό
2261 613 2423 682 νόμος
2456 613 2639 682 ἔτερα,
2671 613 2765 665 καὶ
2797 612 2931 666 ἄλλα
2957 612 3018 664 τὸ
3053 608 3192 676 εἶδος
3221 615 3318 682 τῆς
3362 630 3658 683 παροιμια-

2081 704 2183 772 κῆς
2207 703 2599 776 παραινέσεως.
2655 705 2718 755 Ἡ
2751 704 2806 756 δὲ
2838 703 2944 756 τῶν
2987 702 3229 774 Ψαλμῶν
3273 702 3450 772 βίϐλος
3489 702 3549 755 τὸ
3591 703 3654 756 ἐκ

2081 795 2298 848 πάντων
2349 795 2620 865 ὠφέλιμον
2662 795 3000 866 περιείληφε.
3045 793 3379 866 Προφητεύει
3425 793 3491 846 τά
3523 793 3653 863 μέλ-

2079 888 2273 940 λοντα·
2312 887 2549 956 ἱστορίας
2585 887 3020 957 ὑπομιμνήσκει·
3071 884 3349 954 νομοθετεῖ
3391 883 3468 954 τῷ
3517 883 3650 954 βίῳο

2081 977 2390 1031 ὑποτίθεται
2423 979 2490 1032 τὰ
2523 978 2770 1047 πρακτέα
2793 995 2805 1008 ⁸
2845 979 2940 1030 καὶ
2988 975 3323 1040 ἁπαξαπλῶς
3359 977 3532 1029 κοινὸν
3558 994 3656 1029 τα-

2084 1069 2253 1140 μιεῖόν
2288 1072 2432 1123 ἐστιν
2455 1070 2674 1138 ἀγαθῶν
2698 1069 3040 1140 διδαγμάτων
3059 1108 3072 1131 ,
3095 1068 3153 1121 τὸ
3182 1068 3394 1138 ἑκάστῳ
3423 1067 3657 1138 πρόσφο-

2082 1179 2173 1233 ρον
2217 1161 2360 1215 κατά
2409 1162 2506 1232 τὴν
2537 1162 2850 1231 ἐπιμέλειαν
2880 1161 3287 1232 ἐξευρίσκουσα.
3321 1161 3400 1212 Τά
3438 1176 3498 1211 τε
3543 1158 3654 1230 γὰρ

2081 1251 2286 1305 παλαιά
2318 1251 2603 1323 τραύματα
2653 1253 2760 1306 τῶν
2801 1253 2985 1322 ψυχῶν
3019 1251 3256 1318 ἐξιᾶται,
3304 1251 3397 1304 καὶ
3429 1250 3506 1320 τῷ
3539 1266 3653 1301 νεο-

2079 1342 2271 1414 τρώτῳ
2295 1345 2515 1414 ταχεῖαν
2541 1345 2734 1412 ἐπάγει
2766 1344 2875 1414 (86)
2906 1343 3002 1414 τὴν
3028 1343 3398 1414 ἐπανόρθωσιν
3419 1383 3435 1408 ,
3467 1342 3560 1395 καὶ
3592 1343 3654 1394 τὸ

2079 1434 2365 1503 νενοσηκὸς
2407 1439 2802 1506 περιποιεῖται,
2853 1437 2946 1488 καὶ
2991 1435 3052 1486 τὸ
3083 1435 3338 1506 ἀκέραιον
3370 1431 3648 1496 διασώζειο

2079 1526 2171 1576 καὶ
2201 1525 2336 1588 ὅλως
2365 1525 2573 1596 ἐξαιρεῖ
2599 1527 2666 1580 τὰ
2694 1527 2860 1597 πάθη,
2889 1526 3008 1580 καθ’
3035 1528 3158 1580 ὅσον
3190 1520 3300 1578 οἷόν
3337 1544 3418 1589 τε,
3449 1525 3518 1578 τὰ
3542 1542 3656 1579 ποι-

2078 1615 2244 1679 κίλως
2268 1621 2387 1680 ταῖς
2410 1619 2609 1688 ψυχαῖς
2638 1619 2695 1670 ἐν
2723 1619 2798 1689 τῷ
2835 1618 2932 1689 βίῳ
2965 1618 3072 1672 τῶν
3106 1617 3406 1689 ἀνθρώπων
3435 1617 3650 1672 ἐνδυνα-

2082 1708 2340 1761 στεύοντα
2369 1725 2381 1739 ο
2412 1710 2506 1762 καὶ
2537 1709 2693 1763 τοῦτο
2741 1709 2878 1780 μετά
2908 1726 3052 1771 τινος
3078 1709 3433 1778 ψυχαγωγίας
3477 1711 3651 1778 ἐμμε-

2079 1799 2204 1861 λοῦς
2259 1801 2350 1852 καὶ
2411 1801 2604 1872 ἡδονῆς
2667 1800 2920 1872 σώφρονα
2979 1800 3235 1870 λογισμὸν
3298 1797 3650 1869 ἐμποιούσης.

2091 1889 2309 1961 Ἐπειδὴ
2367 1890 2476 1963 γὰρ
2525 1887 2631 1945 εἶδε
2679 1891 2740 1945 τὸ
2788 1890 3011 1962 Πνεῦμα
3047 1891 3108 1943 τὸ
3148 1891 3297 1960 ἆγιον
3338 1888 3653 1956 δυσάγωγον

2080 1978 2215 2048 πρὸς
2235 1980 2434 2049 ἀρετὴν
2463 1979 2524 2031 τὸ
2549 1980 2704 2048 γένος
2728 1979 2833 2034 τῶν
2861 1981 2957 2033 ἀνθ
2965 1979 3182 2051 ρώπων,
3202 1981 3294 2034 καὶ
3322 1978 3409 2032 διὰ
3432 1978 3492 2030 τὸ
3514 1977 3654 2049 πρὸς

2077 2069 2268 2140 ἡδονὴν
2329 2071 2627 2142 ἐπιρῤεπὲς
2678 2072 2770 2126 τοῦ
2821 2071 2982 2142 ὀρθοῦ
3046 2072 3159 2142 βίου
3215 2058 3654 2141 καταμελοῦψτας

2077 2163 2258 2231 ἡμᾶς·
2320 2163 2371 2214 τί
2405 2166 2580 2228 ποιεῖς
2614 2163 2686 2216 Τὺ
2737 2167 2801 2218 ἐκ
2836 2166 2934 2236 τῆς
2963 2164 3226 2236 μελῳδίας
3270 2162 3500 2234 τερπνὸν
3541 2163 3653 2224 τοῖς

2075 2250 2336 2322 δόγμασιν
2373 2253 2748 2324 ἐγκατέμιξεν,
2785 2254 2870 2307 ἵνα
2895 2253 2971 2324 τῷ
3001 2254 3259 2325 προσηνεῖ
3285 2253 3379 2305 καὶ
3406 2250 3531 2320 λείῳ
3551 2252 3654 2320 τῆς

2076 2343 2243 2414 ἀκοῆς
2272 2345 2331 2398 τὸ
2359 2345 2422 2398 ἐκ
2451 2345 2558 2399 τῶν
2592 2346 2765 2415 λόγων
2801 2346 3071 2416 ὠφέλιμον
3112 2344 3477 2405 λανθανόντως
3516 2342 3650 2393 ὑπο-

2075 2434 2350 2505 δεξὼμεθα
2370 2452 2381 2463 ·
2405 2435 2546 2489 κατά
2567 2438 2693 2500 τοὺς
2716 2437 2911 2504 σοφοὺς
2932 2436 3040 2489 τῶν
3063 2436 3277 2507 ἰατρῶν,
3299 2436 3370 2494 οἳ.
3392 2434 3498 2486 τῶν
3520 2448 3654 2504 φαρ-

2079 2527 2264 2594 μάκων
2288 2527 2357 2578 τὰ
2390 2527 2766 2598 αὐστηρά-τερα
2801 2528 2973 2580 πίνειν
3006 2527 3237 2589 διδόντες
3275 2529 3387 2589 τοῖς
3424 2523 3651 2578 κακοσί-

2073 2631 2208 2677 τοις,
2241 2615 2414 2685 μέλιτι
2462 2616 2720 2679 πολλάκις
2769 2616 2865 2686 τὴν
2907 2615 3103 2669 κύλικα
3144 2614 3502 2686 περιχρίουσι.
3552 2610 3653 2664 Διά

2073 2703 2230 2756 τοῦτο
2258 2703 2326 2757 τὰ
2364 2706 2658 2777 ἐναρμόνια
2698 2705 2871 2760 ταῦτα
2925 2706 3059 2776 μέλη
3094 2705 3202 2758 τῶν
3249 2703 3476 2774 ψαλμῶν
3520 2702 3651 2772 ἡμῖν

2074 2793 2434 2865 ἐπινενόηται,
2465 2795 2550 2848 ἵνα
2596 2797 2646 2847 οἱ
2683 2796 2806 2867 ⁸(87)
2855 2795 3041 2858 παῖδες
3073 2795 3171 2866 τὴν
3198 2795 3442 2866 ἡλικίαν,
3477 2795 3512 2865 ἢ
3557 2795 3652 2846 καὶ

2073 2883 2209 2948 ὅλως
2249 2887 2296 2938 οἱ
2324 2887 2504 2957 νεαροὶ
2531 2887 2589 2939 τὸ
2616 2882 2770 2958 ἦθος,
2788 2886 2865 2958 τῷ
2899 2887 2996 2957 μὲν
3029 2887 3203 2940 δοκεῖν
3239 2885 3547 2957 μελῳδῶσι,
3581 2886 3649 2955 τῇ

2071 2975 2129 3029 δὲ
2154 2976 2380 3048 ἀληθείᾳ
2401 2977 2498 3041 τὰς
2526 2977 2702 3048 ψυχὰς
2727 2977 3172 3031 ἐκπαιδεύωνται.
3204 2976 3343 3033 Οὕτε
3380 2975 3488 3047 γὰρ
3513 2977 3652 3027 ἀπο-

2075 3068 2318 3122 στολικόν
2339 3087 2420 3133 τις
2450 3068 2572 3122 οὔτε
2600 3071 2934 3140 προφητικὸν
2973 3069 3341 3141 παράγγελμα
3369 3069 3476 3122 τῶν
3517 3068 3649 3120 πολ-

2078 3156 2183 3210 λῶν
2239 3158 2334 3210 καὶ
2387 3158 2644 3229 ῥᾳθύμων
2699 3159 2896 3229 ῥᾳδίως
2947 3158 3076 3212 ποτὲ
3130 3163 3194 3228 τῇ
3245 3161 3434 3231 μνήμῃ
3478 3175 3649 3211 κατα·

2077 3246 2218 3317 σχὼν
2265 3247 2375 3318 (88)
2435 3247 2675 3318 ἀπῆλθε’
2722 3249 2791 3301 τὰ
2833 3248 2890 3302 δὲ
2938 3248 3046 3302 τῶν
3082 3249 3309 3319 ψαλμῶν
3363 3249 3515 3316 λόγια
3553 3247 3650 3298 καὶ

2073 3342 2194 3392 κατ’
2228 3335 2374 3392 οἷκον
2409 3339 2723 3410 μελῳδοῦσι,
2778 3341 2873 3393 καὶ
2906 3341 2999 3394 ἐπὶ
3030 3341 3130 3411 τῆς
3170 3342 3374 3412 ἀγορᾶς
3421 3337 3648 3410 περιφέ-

2075 3447 2230 3500 ρουσι
2249 3447 2262 3460 ·
2301 3431 2393 3483 καί
2417 3430 2518 3482 πού
2549 3448 2630 3495 τις
2661 3430 2768 3484 τῶν
2803 3430 3008 3502 σφόδρα
3035 3430 3518 3502 ἐκτεθηριωμένων
3545 3423 3651 3480 ὑπὸ

2074 3521 2269 3592 θυμοῦ,
2303 3522 2520 3576 ἐπειδὰν
2565 3522 2794 3595 ἄρξηται
2848 3522 2931 3593 τῷ
2970 3522 3169 3595 ψαλμῷ
3223 3518 3648 3594 κατεπᾴδεσθαι,

2074 3614 2312 3686 ἀπῆλθεν
2364 3614 2551 3679 εὐθὺς,
2579 3615 2639 3666 τὸ
2669 3616 2917 3686 ἀγριαῖον
2962 3615 3062 3684 τῆς
3100 3615 3275 3686 ψυχῆς
3311 3617 3378 3686 τῇ
3415 3610 3650 3684 μελῳδίᾳ

2075 3705 2472 3777 κατακοιμίσας
2501 3705 2630 3776 (89).

2139 3890 2195 3943 2.
2224 3889 2455 3960 Ψαλμὸς
2487 3887 2694 3960 γαλήνη
2727 3887 2943 3958 ψυχῶν,
2973 3887 3272 3959 βραδευτὴς
3315 3888 3557 3959 εἰρήνης,
3586 3888 3650 3941 τὸ

2072 3982 2334 4052 θορυϐοῦν
2358 3985 2451 4036 καὶ
2498 3984 2758 4054 κυμαῖνον
2791 3982 2897 4034 τῶν
2937 3980 3210 4052 λογισμῶν
3249 3980 3646 4036 καταστέλλων.

2071 4073 2355 4126 Μαλάσσει
2392 4073 2490 4143 μὲν
2536 4072 2644 4142 γὰρ
2671 4070 2770 4141 τῆς
2795 4070 2971 4142 ψυχῆς
3013 4071 3072 4123 τὸ
3101 4071 3472 4142 θυμούμενον,
3502 4072 3562 4124 τὸ
3590 4071 3649 4124 δὲ

2070 4164 2366 4218 ἀκόλαστον
2407 4163 2745 4234 σωφρονίζει.
2789 4162 3020 4232 Ψαλμὸς
3076 4162 3257 4231 φιλίας
3313 4162 3646 4231 συναγωγὸς,

2070 4257 2263 4319 ἓνωσις
2300 4255 2624 4320 διεστώτων,
2659 4254 3049 4326 ἐχθραινόντων
3093 4253 3518 4326 διαλλακτήριον.
3551 4254 3649 4317 Τίς

2071 4347 2182 4416 γὰρ
2209 4345 2289 4398 ἔτι
2314 4345 2504 4417 ἐχθρὸν
2527 4343 2776 4415 ήγεῖσθαι
2807 4343 3029 4397 δύναται
3066 4343 3182 4414 μεθ’
3212 4336 3274 4396 οὗ
3307 4343 3434 4414 μίαν
3463 4342 3644 4412 ἀφῆκε

405 4462 636 4518 quocum
672 4462 833 4501 unam
867 4446 934 4500 ad
970 4445 1135 4499 Deum
1171 4461 1354 4500 vocem
1385 4446 1587 4508 emisit,
1614 4445 1730 4500 loco
1768 4446 1970 4500 inimici

2077 4437 2212 4509 πρὸς
2234 4438 2364 4490 Θεὸν
2397 4438 2493 4508 τὴν
2535 4439 2756 4508 φωνήν;
2807 4437 2969 4489 Ὥστε
3002 4439 3094 4489 καὶ
3138 4437 3198 4489 τὸ
3251 4433 3508 4507 μέγιστον
3538 4436 3647 4488 τῶν

403 4543 606 4598 habere
635 4540 836 4609 possit?
863 4538 1047 4607 Itaque
1077 4547 1131 4592 et
1171 4538 1432 4592 bonorum
1467 4538 1757 4591 maximum
1799 4538 1972 4592 chari-

406 4643 570 4689 tatem
612 4630 865 4686 conciliat
893 4628 1219 4696 psalmorum
1257 4637 1446 4683 cantus
1469 4669 1485 4694 ,
1527 4628 1618 4696 qui
1649 4638 1968 4683 concentum

409 4739 510 4780 ceu
536 4722 800 4792 quoddam
841 4720 947 4791 91
975 4721 1248 4774 vinculum
1283 4719 1348 4772 ad
1394 4719 1735 4774 concordiam
1785 4721 1970 4774 ineun-

401 4817 526 4872 dam
556 4814 824 4870 adinvenit
849 4853 865 4878 ,
913 4813 1275 4882 populumque
1313 4811 1381 4865 ad
1422 4811 1570 4864 chori
1619 4810 1777 4865 unius
1821 4827 1965 4882 sym-

399 4909 658 4980 phoniam
693 4916 1002 4975 congregat.
1061 4903 1340 4958 Dtetnones
1390 4903 1630 4970 psalmus
1665 4903 1834 4973 fugat,
1874 4919 1964 4959 ac-

403 4998 572 5056 cersit
639 4995 949 5064 angelorum
1023 4991 1409 5061 patrocinium;
1473 4990 1745 5063 ministrat
1815 5004 1964 5044 arma

400 5099 592 5148 contra
620 5094 914 5142 nocturnos
961 5084 1209 5146 timores,
1258 5081 1570 5135 diurnorum
1622 5081 1858 5136 laborum
1886 5093 1966 5137 est

401 5177 664 5248 requies:
715 5172 999 5228 infantium
1053 5171 1335 5236 securitas,
1387 5180 1764 5225 ornamentum
1811 5169 1964 5239 juve-

459 5312 699 5369 "Eccle.
729 5327 796 5376 ι,
823 5309 878 5364 4.

621 5448 755 5521 Reg.
787 5444 1604 5521 secunduséﬁqvéyst.ibidem
1647 5444 1965 5521 iri-utraque

406 5511 644 5575 editione
679 5511 843 5572 Basil.
869 5529 923 5570 et
965 5517 1133 5570 Paris.
1186 5517 1254 5568 ita
1282 5511 1516 5580 legitur,
1562 5511 1957 5582 ἐπανόρθωσιν·

403 5589 503 5644 καὶ
527 5587 586 5641 τὸ
606 5588 890 5657 νενοσηκὸς
912 5589 1292 5656 περιποιεῖται.
1336 5584 1576 5657 Sedilla,
1609 5584 1701 5657 καὶ
1721 5582 1800 5657 τό,
1833 5593 1964 5657 e_tc.,

411 5660 468 5714 in
497 5659 697 5711 nostris
727 5653 857 5711 mss.
882 5653 995 5710 non
1036 5659 1390 5725 reperiuntur.
1422 5655 1572 5706 Unde
1607 5655 1649 5707 si
1689 5653 1772 5725 cui
1823 5653 1969 5704 vide-

414 5734 604 5784 rentur
634 5727 995 5782 additamenta
1024 5721 1144 5783 esSe
1189 5726 1554 5788 librariorum,
1589 5725 1639 5776 iu
1687 5721 1800 5791 ejus
1841 5737 1967 5776 sen-

2078 4527 2297 4596 ἀγαθῶν
2342 4529 2441 4600 τὴν
2473 4529 2693 4600 ἀγάπην
2725 4530 2758 4599 ή
2789 4528 3081 4599 ψαλμῳδία
3126 4528 3442 4600 παρέχεται,
3485 4529 3647 4580 οἱονεὶ

2078 4618 2370 4690 σύνδεσμόν
2417 4637 2535 4672 τινα
2564 4620 2700 4693 πρὸς
2737 4619 2833 4691 τὴν
2866 4620 3056 4674 ἕνωσιν
3093 4620 3190 4690 τὴν
3227 4620 3484 4691 συνῳδίαν
3524 4621 3644 4672 ἐπι·

2074 4712 2332 4782 νοήσασα,
2393 4712 2488 4765 καὶ
2539 4713 2619 4775 είς
2667 4711 2784 4775 ἐνὸς
2815 4711 2976 4782 χοροῦ
3026 4712 3340 4780 συμφωνίαν
3387 4711 3478 4764 τὸν
3517 4710 3645 4764 λαὸν

2077 4801 2509 4872 συναρμόζουσα.
2558 4802 2788 4873 Ψαλμὸς
2846 4803 3112 4874 δαιμόνων
3183 4803 3643 4873 φυγαδευτήριον,

2069 4893 2168 4963 τῆς
2197 4893 2304 4946 τῶν
2335 4893 2580 4962 ἀγγέλων
2604 4895 2852 4965 βοηθείας
2873 4896 3134 4965 ἐπαγωγή
3152 4911 3164 4923 ⁸
3188 4894 3348 4948 ὅπλον
3375 4897 3432 4947 ἐν
3461 4897 3645 4966 φόϐοις

2073 4988 2426 5054 νυκτερινοῖς,
2474 4985 2779 5049 ἀνάπαυσις
2832 4987 3014 5040 κόπων
3063 4989 3645 5062 ἡμερινῶνῂνηπίοις

2072 5079 2337 5148 ἀσφάλεια
2358 5121 2374 5146 ,
2401 5081 2739 5150 ἀκμάζουσιν
2765 5081 3191 5152 ἐγκαλλώπισμα
3209 5123 3226 5148 ,
3251 5082 3644 5154 πρεσϐυτέροις

2074 5171 2410 5242 παρηγορία,
2444 5174 2656 5242 γυναιξὶ
2678 5175 2877 5243 κόσμος
2906 5173 3326 5243 ἀρμοδιὼτατος.
3373 5173 3483 5236 Τὰς
3514 5176 3644 5244 ἐρη-

2075 5442 2292 5496 tentiam
2321 5439 2477 5493 facile
2502 5437 2874 5491 concederem.

2147 5511 2257 5579 (8'7)
2288 5509 2511 5563 Codices
2535 5509 2647 5579 duo
2671 5506 2747 5568 ὼς
2774 5506 2844 5579 οἱ.

2145 5574 2256 5646 (88)
2292 5579 2441 5634 Unus
2462 5594 2491 5630 e
2519 5577 2844 5630 Colbertinis
2892 5574 3353 5646 παρακατασχὼν.

2147 5650 2258 5721 (89)
2295 5649 2475 5705 Codex
2504 5664 2639 5703 unus
2663 5647 3085 5715 κατακοιμήσας.
