4048 6220
411 365 523 423 215

1630 372 1919 431 HOMILIA
1955 375 2023 430 IN
2061 377 2394 444 PSALMUM
2426 390 2467 445 l.

3502 397 3515 408 ‘
3556 394 3661 448 214

415 481 549 552 μίας
594 480 808 545 οἰκίζει,
872 480 971 545 τὰς
1026 482 1228 553 ἀγορὰς
1291 486 1649 558 σωφρονίζει·
1708 493 1965 563 εἰσαγομέ

2069 550 2071 554 _
2100 516 2251 569 num,
2282 519 2470 559 senum
2499 507 2796 563 consolatio
2817 549 2831 574 ,
2864 511 3429 565 convenientissimum
3465 512 3659 566 mulie-

412 591 527 635 νοις
548 572 656 643 (90)
680 574 1030 644 στοιχείωσις,
1055 579 1470 646 προκοπτόντων
1491 581 1735 654 αὔξησις,
1761 586 1992 639 τελειου-

416 664 591 734 μένων
615 660 905 734 στήριγμα,
924 664 1247 737 Ἐκκλησίας
1275 672 1444 740 φωνή.
1478 667 1646 737 Οὗτος
1675 675 1770 738 τὰς
1800 677 1992 747 ἑορτὰς

412 753 692 825 φαιδρύνει
717 796 731 819 ,
758 750 910 819 οὗτος
945 756 1044 828 τὴν
1087 759 1227 812 κατὰ
1264 761 1396 813 Θεὸν
1437 763 1609 835 λύπην
1650 766 1986 839 δημιουργεῖ.

408 846 639 916 Ψαλμὺς
666 848 773 921 γὰρ
806 851 899 902 καὶ
924 853 987 903 ὲκ
1009 849 1216 922 λιθίνης
1249 853 1357 924 (91)
1387 857 1615 926 καρδίας
1643 858 1875 931 δάκρυον
1900 862 1991 914 ὲκ-

414 938 687 992 καλεῖται·
720 940 938 1013 ψαλμὸς
976 942 1035 995 τὸ
1078 944 1187 997 τῶν
1232 947 1477 1015 ἀγγέλων
1509 949 1687 1020 ἔργον,
1732 953 1792 1004 τὸ
1821 953 1987 1024 οὐρά-

406 1046 523 1083 νιον
554 1030 889 1102 πολίτευμα,
924 1035 984 1086 τὸ
1034 1039 1399 1106 πνευματικὸν
1449 1040 1718 1113 θυμίαμα.
1781 1045 1843 1095 Ὠ
1890 1046 1989 1115 τῆς

408 1122 584 1191 σοφῆς
612 1124 852 1187 ἐπινοίας
883 1126 976 1178 τοῦ
1010 1126 1350 1195 διδασκάλου,
1385 1132 1518 1201 ὁμοῦ
1548 1150 1607 1187 τε
1657 1134 1803 1205 ᾅδειν
1838 1138 1987 1206 ἡμᾶς

406 1214 508 1267 κα).
552 1216 620 1268 τὰ
645 1216 894 1289 λυσιτελῆ
938 1220 1227 1288 μανθάνειν
1261 1225 1685 1293 μηχανωμένουί
1734 1227 1852 1281 ὅθεν
1894 1230 1985 1281 καὶ

409 1304 611 1375 μᾶλλόν
636 1325 750 1370 πως
770 1308 1088 1363 ἐντυποῦται
1106 1310 1214 1383 (92)
1228 1316 1347 1376 ταῖς
1369 1313 1565 1385 ψυχαῖς
1576 1317 1642 1370 τὰ
1659 1318 1979 1388 διδάγματα.

404 1396 593 1451 Βίαιον
639 1400 735 1469 μὲν
793 1400 901 1471 γὰρ
950 1403 1179 1474 μάθημα
1228 1406 1289 1457 οὐ
1346 1407 1555 1476 πέφυκε
1620 1413 1978 1482 παραμένειν,

404 1490 476 1543 τὰ
504 1490 560 1543 δὲ
590 1492 725 1562 μετὰ
755 1494 996 1566 τέρψεως
1026 1498 1117 1549 καὶ
1161 1499 1379 1570 χάριτος
1408 1502 1725 1572 εἰσδυόμενα
1757 1505 1864 1576 (95)
1893 1523 1984 1578 μο-

403 1582 706 1653 νιμώτερόν
745 1602 862 1649 πως
898 1590 1017 1650 ταῖς
1049 1587 1246 1659 ψυχαῖς
1291 1591 1448 1661 ήμῶν
1492 1593 1743 1658 ὲνιζάνει.
1781 1597 1844 1648 Τί
1875 1598 1983 1669 γὰρ

399 1674 503 1724 οὐκ
548 1672 613 1726 ἂν
665 1675 854 1744 μάθοις
919 1678 1193 1745 ἐντεῦθεν;
1252 1682 1311 1734 οὐ
1364 1683 1464 1753 τῆς
1516 1684 1734 1756 ἀνδρίας
1779 1686 1840 1739 τὸ
1884 1705 1982 1757 με-

397 1764 773 1836 γαλοπρεπές;
825 1770 884 1821 οὐ
924 1770 1024 1840 τῆς
1084 1771 1426 1844 δικαιοσύνης
1490 1774 1550 1828 τὺ
1618 1777 1876 1847 ἀκριϐἐς;
1916 1780 1976 1832 ού

2094 610 2209 647 rum
2242 598 2425 662 decus,
2465 597 2771 667 frequentat
2795 602 3145 670 solitudines,
3182 602 3353 658 forum
3387 604 3655 657 emendat.

2094 681 2342 741 Psalmus
2389 688 2771 759 incipientibus
2819 692 3027 746 initium
3086 702 3205 759 est,
3269 694 3656 748 incrementum

2093 776 2523 847 proﬁcientibus,
2562 783 2816 851 perfectis
2840 784 3237 841 ﬁrmamentum
3268 803 3283 852 ;
3321 802 3423 842 vox
3448 796 3530 841 est
3558 786 3661 839 Ec-

2090 870 2269 925 clesia:
2304 891 2317 926 :
2354 872 2588 927 lmtiﬁcat
2633 875 2748 928 dies
2780 874 2945 931 festos
2975 895 2989 930 :
3035 892 3154 933 eam
3193 894 3314 948 qum
3364 879 3656 934 secundum

2088 959 2255 1016 Deum
2277 973 2377 1028 est,
2396 964 2666 1019 tristitiam
2685 977 2854 1021 creat.
2878 968 3170 1025 Enimvero
3190 971 3430 1039 psalmus
3450 985 3479 1025 e
3496 970 3659 1025 corde

2090 1053 2300 1122 lapideo
2323 1057 2430 1111 ciet
2464 1056 2747 1128 lacrymas.
2778 1059 3022 1113 Psalmus
3049 1062 3358 1131 angelorum
3387 1076 3521 1129 opus
3549 1070 3654 1125 est,

2091 1144 2331 1199 caelestis
2358 1150 2722 1213 conversatio,
2748 1150 3027 1218 spirituale
3052 1152 3365 1221 thymiama.
3382 1151 3658 1222 Osapiens

2094 1238 2335 1307 magistri
2364 1241 2667 1307 inventum,
2696 1243 2785 1309 qui
2810 1253 2982 1297 artem
3007 1259 3113 1314 qua
3136 1245 3293 1299 simul
3317 1260 3655 1310 caneremus,

2086 1336 2138 1381 et
2184 1330 2331 1384 utilia
2370 1331 2725 1397 disceremus,
2780 1335 3139 1404 excogitavit;
3199 1337 3339 1390 unde
3389 1346 3442 1390 et
3487 1334 3657 1407 magis

2083 1422 2479 1490 quodammodo
2534 1425 2729 1481 animis
2782 1438 3045 1497 praecepta
3099 1429 3500 1498 imprimuntur.
3556 1427 3656 1484 Vix

2088 1512 2233 1564 enim
2266 1512 2463 1566 durare
2489 1513 2623 1569 solet
2648 1516 2789 1583 quod
2820 1515 3017 1569 invitus
3044 1516 3301 1572 didiceris
3335 1535 3348 1571 :
3393 1518 3534 1586 quod
3561 1532 3656 1571 au-

2086 1607 2191 1655 tem
2224 1602 2461 1671 jucunde
2492 1604 2833 1675 suaviterque
2866 1618 3146 1676 acceptum
3175 1617 3291 1672 est,
3337 1609 3577 1663 tenacius
3601 1610 3653 1663 in

2086 1693 2279 1749 animis
2334 1697 2534 1751 nostris
2584 1696 2799 1753 insidet.
2858 1696 2997 1763 Quid
3059 1700 3235 1753 enim‘
3272 1701 3397 1754 inde
3445 1701 3655 1755 discere

2088 1799 2192 1839 non
2286 1788 2489 1855 queas?
2562 1804 2739 1844 nonne
2821 1788 3159 1845 fortitudinis
3240 1791 3655 1847 claritudinem?

397 1857 757 1941 σωφροσύνης
804 1860 863 1912 τὸ
924 1862 1148 1932 σεμνόν;
1204 1865 1264 1918 ού
1307 1843 1520 1935 τὸτῆς
1562 1843 1873 1939 φρονήσεως
1890 1870 1965 1922 τέ-

2080 1890 2260 1931 nonne
2269 1877 2493 1947 iustitia
2514 1881 2897 1951 integritatem,
2919 1886 3235 1954 gravitatem
3257 1886 3647 1954 temperantiae,

393 1944 576 2013 λειον;
610 1951 669 2003 ού
717 1954 1001 2023 μετανοίας
1044 1956 1272 2027 τρόπον;
1314 1959 1411 2029 οὐχ
1453 1960 1727 2030 ὑπομονῆς
1771 1958 1973 2033 μετρα;

395 2041 499 2111 οὐχ
550 2042 578 2095 ὃ
605 2060 657 2095 τι
691 2043 757 2097 ἂν
787 2045 959 2110 εἴποις
985 2047 1093 2117 (94)
1123 2049 1232 2103 τῶν
1278 2051 1533 2118 άγαθῶν;
1584 2054 1847 2134 Ἑνταύθα
1897 2056 1974 2111 ἔνι

398 2129 649 2200 θεολογία
680 2134 883 2202 τελεία,
917 2138 1219 2209 πρόρρησις
1262 2140 1362 2209 τῆς
1404 2140 1493 2194 διὰ
1538 2129 1972 2218 σαρκὸςὲπιδη-

394 2222 531 2293 μίας
571 2225 827 2295 Χριστοῦ,
871 2229 1063 2301 ἀπειλὴ
1106 2231 1358 2302 κρίσεως,
1404 2234 1751 2300 ἀναστάσεως
1795 2236 1969 2300 ἐλπὶς,

391 2316 560 2386 φόϐος
592 2317 884 2385 κολάσεως,
917 2322 1239 2390 ἐπαγγελίαι
1270 2324 1448 2395 δόξης,
1485 2328 1798 2401 μυστηρίων
1832 2330 1970 2383 ἀπο-

390 2406 688 2477 καλύψεις·
727 2409 925 2475 πάντα,
960 2411 1147 2484 ῶσπερ
1176 2415 1233 2466 ὲν
1269 2415 1489 2487 μεγάλῳ
1520 2418 1629 2470 τινὶ
1676 2420 1769 2471 καὶ
1808 2419 1971 2491 κοινῷ

388 2499 643 2570 ταμιείῳ,
678 2504 743 2572 τῇ
783 2502 947 2573 βίϐλῳ
981 2503 1087 2556 τῶν
1115 2504 1368 2575 ,Ψαλμῶν
1398 2508 1842 2581 τεθησαύρισται,
1878 2512 1966 2582 ἢν,

389 2589 603 2645 πολλῶν
644 2591 809 2646 ὄντων
842 2594 1087 2663 ὀργάνων
1123 2598 1418 2666 μουσικῶν,
1468 2600 1605 2670 πρὸς
1638 2601 1699 2654 τὸ
1741 2602 1969 2677 λεγόμε-

387 2699 481 2738 νον
522 2683 816 2755 ψαλτήριον
856 2686 1098 2757 ἥρμοσεν
1146 2692 1175 2742 ό
1222 2694 1546 2764 προφήτης,
1591 2694 1694 2766 τὴν
1737 2696 1963 2760 ἄνωθεν,

388 2776 514 2844 ἐμοὶ
554 2775 730 2835 δοκεῖν
760 2776 893 2847 (95),
937 2779 1235 2850 ἐνηχοῦσαν
1292 2783 1441 2855 αύτῷ
1477 2785 1637 2857 χάριν
1680 2786 1831 2858 παρά
1871 2789 1963 2841 τοῦ

387 2866 703 2937 Πνεύματος
754 2869 1184 2941 ἐνδεικνύμενος,
1242 2874 1374 2928 διότι
1427 2877 1585 2931 τοῦτο
1640 2881 1801 2950 μόνον
1854 2881 1964 2935 τῶν

391 2958 665 3027 μουσικῶν
694 2958 938 3029 ὀργάνων
971 2963 1065 3033 τὴν
1098 2954 1278 3018 αἰτίαν
1310 2966 1417 3021 τῶν
1448 2969 1698 3037 φθόγγων
1742 2974 1807 3026 ἐκ
1854 2975 1962 3028 τῶν

386 3044 592 3101 ἄνωθεν
622 3047 753 3117 ἔχει.
784 3051 860 3121 Τῇ
893 3050 1095 3125 κιθάρᾳ
1124 3056 1222 3124 μὲν
1250 3057 1359 3129 γὰρ
1389 3059 1483 3112 καὶ
1514 3063 1579 3132 τῇ
1608 3060 1746 3133 λύρᾳ
1779 3066 1959 3118 κάτω-

2077 1968 2376 2036 prudentiae
2400 1969 2782 2038 perfectionem
2805 1972 2829 2025 ?
2857 1987 3032 2029 nonne
3056 1975 3385 2043 paenitentiae
3406 1976 3649 2040 modum,

2076 2069 2172 2112 aut
2230 2060 2500 2129 patientiae
2559 2065 2907 2117 mensuram?
2961 2080 3139 2120 nonne
3197 2067 3411 2121 tandem
3467 2068 3651 2123 omnia

2078 2165 2410 2220 quaecunque
2462 2152 2691 2221 proferri
2750 2167 2974 2223 possunt
3026 2156 3209 2211 bona?
3263 2156 3361 2211 Hic
3411 2157 3650 2227 perfecta

2074 2243 2361 2312 theol0gia,
2392 2244 2480 2298 hic
2510 2244 2574 2298 dc
2606 2245 2807 2300 Christi
2840 2246 2893 2302 in
2933 2262 3153 2302 carnem
3197 2249 3428 2303 adventu
3459 2248 3650 2302 vatici—

2074 2336 2244 2401 nium,
2282 2336 2370 2389 hic
2406 2336 2753 2393 comminatio
2787 2339 2997 2409 judicii,
3042 2341 3457 2396 resurrectionis
3498 2356 3642 2411 spes,

2074 2428 2237 2480 timor
2272 2427 2545 2497 supplicii,
2589 2427 2769 2497 gloriae
2813 2432 3219 2499 promissiones,
3262 2433 3645 2504 mysteriorum

2070 2519 2362 2583 revelatio;
2407 2521 2585 2574 omnia
2631 2522 2682 2574 in
2715 2520 3050 2577 Psalmorum
3088 2524 3227 2578 libro
3256 2524 3399 2578 velut
3436 2525 3486 2579 in
3528 2540 3646 2579 ma-

2068 2624 2172 2679 gno
2198 2610 2429 2679 quodam
2456 2622 2509 2664 et
2538 2613 2808 2666 communi
2850 2617 3219 2684 promptuario
3258 2618 3641 2673 reconduntur.

2068 2701 2236 2767 Quem
2288 2702 2504 2769 librum,
2560 2706 2773 2758 tametsi
2829 2706 3039 2761 diversa
3103 2716 3230 2761 sunt
3288 2708 3642 2763 instrumenta

2068 2795 2303 2859 musica,
2362 2795 2429 2848 ad
2488 2796 2833 2863 psalterium,
2888 2800 3031 2867 quod
3088 2809 3309 2861 vocant,
3374 2799 3641 2868 Propheta

2065 2873 2285 2954 aptavit.
2337 2885 2544 2955 Quippe
2598 2887 2850 2956 gratiam,
2905 2898 2963 2943 ut
3012 2890 3138 2942 mihi
3195 2890 3431 2955 videtur,
3482 2892 3533 2944 in
3578 2904 3645 2945 eo

2065 2979 2297 3048 desuper
2342 2993 2371 3031 a
2425 2988 2612 3032 sancto
2654 2977 2857 3047 Spiritu
2908 2994 3164 3035 resonare
3212 2981 3466 3045 ostendit,
3518 2996 3643 3051 pro-

2061 3079 2246 3138 pterea
2300 3071 2441 3139 quod
2501 3070 2603 3135 hoc
2646 3069 2818 3124 solum
2872 3085 2935 3124 ex
2992 3071 3213 3126 musicis
3266 3071 3641 3126 instrumentis

387 3136 477 3191 θεν
508 3141 534 3193 ό
568 3140 768 3210 χαλκὸς
808 3142 1008 3214 ὑπηχεῖ
1041 3146 1176 3217 πρὸς
1207 3148 1268 3201 τὸ
1296 3149 1576 3222 ’πλῆκτρον
1597 3171 1609 3184 ·
1646 3154 1706 3207 τὸ
1750 3155 1956 3228 ψαλτή-

2069 3136 2190 3217 editi
2234 3163 2349 3216 soni
2392 3176 2609 3215 causam
2664 3165 2731 3216 ab
2778 3162 2969 3216 altiore
3005 3161 3124 3217 loco
3168 3164 3349 3218 habet.
3392 3163 3526 3217 Nam
3561 3165 3638 3218 ci-

389 3247 499 3302 ριον
544 3232 600 3285 δὲ
638 3233 796 3287 τοῦτο
831 3235 939 3290 τῶν
978 3237 1289 3309 ἁρμονικῶν
1325 3242 1550 3314 ῥυθμῶν
1591 3246 1795 3301 ἄνωθεν
1843 3249 1957 3320 ἔχει

383 3323 483 3387 τὰς
514 3326 766 3397 ἀφορμάς
788 3344 799 3356 ’
838 3328 922 3382 ἵνα
952 3331 1044 3383 καὶ
1077 3332 1239 3402 ἡμεῖς
1266 3333 1334 3386 τὰ
1360 3334 1472 3387 ἀνω
1503 3334 1687 3409 ζητεῖν
1723 3341 1958 3411 μελετῶ-

387 3432 508 3485 μεν,
544 3419 636 3470 καὶ
670 3418 742 3490 μὴ
774 3423 839 3489 τῇ
875 3421 1033 3493 ἡδονῇ
1066 3422 1156 3476 τοῦ
1191 3424 1383 3495 μέλους
1408 3428 1499 3479 ἐπὶ
1533 3430 1600 3482 τά
1625 3431 1725 3501 τῆς
1755 3433 1957 3505 σαρκὸς

382 3509 531 3581 πάθη
560 3513 1014 3584 καταφερὼμεθα.
1058 3518 1292 3571 Κάκεῖνο
1318 3519 1374 3575 δὲ
1412 3516 1563 3590 οἶμαι
1608 3524 1698 3576 τὸν
1740 3543 1956 3600 προφη-

382 3602 531 3658 τικὸν
559 3604 712 3672 λόγον
746 3605 953 3675 βαθέως
983 3609 1111 3678 ἡμῖν
1139 3610 1229 3662 καὶ
1247 3611 1424 3680 σοφῶς
1444 3612 1532 3665 διὰ
1548 3615 1644 3685 τῆς
1666 3617 1758 3669 τοῦ
1786 3620 1954 3690 ὀργά-

380 3714 472 3753 νου
490 3700 835 3769 κατασκευῆς
874 3700 1216 3771 ἐνδεδεῖχθαι,
1239 3703 1319 3756 ὅτι
1350 3707 1398 3756 οί
1434 3707 1693 3777 ἐμμελεῖς
1736 3713 1830 3764 καὶ
1859 3714 1953 3765 εύ-

380 3789 641 3861 άρμοστοι
659 3792 940 3862 τὰςψυχάς
962 3794 1149 3865 ῥᾳδίαν
1168 3794 1350 3865 ἔχουσι
1378 3798 1486 3868 (96)
1522 3799 1618 3871 τὴν
1647 3804 1726 3866 εἰς
1754 3805 1823 3857 τὰ
1842 3806 1954 3874 ἄνω

377 3884 623 3956 πορείαν.
636 3885 861 3956 Ἴδωμεν
874 3886 929 3938 δὲ
946 3874 1131 3941 λοιπὸν
1150 3890 1240 3941 καὶ
1253 3889 1351 3961 τὴν
1368 3891 1542 3961 ἀρχὴν
1558 3894 1666 3947 τῶν
1683 3897 1950 3968 Ψαλμῶν.

2066 3256 2235 3309 ιίιθταξ
2293 3270 2356 3309 ac
2397 3254 2524 3323 lyrae
2561 3268 2635 3308 aes
2673 3268 2738 3307 ex
2784 3253 3027 3308 inferiori
3077 3267 3232 3324 parte
3262 3258 3494 3311 sonitum
3529 3258 3640 3312 edit

2063 3348 2130 3401 ad
2186 3345 2480 3416 plectrum;
2534 3346 2849 3414 psalterium
2907 3362 3038 3401 vero
3089 3362 3116 3399 a
3169 3358 3322 3417 parte
3369 3351 3637 3419 superiori

2062 3439 2343 3493 concinna:
2388 3451 2497 3490 sua:
2538 3436 2921 3491 modulationis
2960 3437 3220 3505 originem
3258 3439 3398 3494 ducit
3434 3456 3448 3493 :
3489 3450 3549 3492 ut
3581 3448 3638 3495 et

2061 3545 2161 3585 nos
2207 3544 2325 3597 quae
2368 3542 2580 3582 sursum
2617 3538 2741 3581 sunt
2785 3543 3026 3597 qumrere
3066 3530 3398 3591 Studeamus,
3430 3538 3486 3584 et
3530 3546 3634 3584 non

2062 3631 2358 3679 concentus
2399 3621 2681 3675 dulcedine
2730 3623 2796 3675 ad
2838 3621 3015 3675 carnis
3054 3622 3343 3691 spurcitias
3390 3623 3637 3677 devolvar

2062 3730 2200 3769 mur.
2256 3714 2395 3780 Quin
2462 3722 2515 3766 et
2568 3713 2879 3782 prophetica
2933 3713 3095 3767 verba
3145 3727 3240 3782 per
3290 3714 3631 3768 instrumenti

2062 3807 2220 3875 hujus
2250 3814 2582 3859 structuram
2618 3804 2725 3856 alta
2764 3803 2997 3871 quadam
3043 3813 3097 3857 et
3144 3802 3376 3871 sapienti
3421 3804 3633 3859 ratione

2061 3900 2215 3964 illud,
2250 3898 2461 3966 opinor,
2505 3896 2660 3949 nobis
2698 3894 3009 3961 ostendunt,
3042 3895 3210 3964 quod,
3247 3910 3473 3964 quorum
3516 3896 3631 3949 ani-

376 3993 497 4035 mus
534 3981 820 4049 aequabilis
859 3991 962 4046 est,
1023 3983 1267 4054 beneque
1311 3988 1665 4056 compositus,
1729 3992 1795 4048 iis
1853 3997 2162 4067 expeditum
2211 3993 2315 4047 iter
2369 3991 2435 4045 ad
2488 3990 2769 4061 superiora
2826 3998 3028 4060 pateat.
3082 3988 3352 4045 Caeterum
3413 3990 3628 4046 initium

377 4069 713 4127 Psalmurum
756 4074 1057 4130 videamus.

449 4164 498 4216 5.
530 4165 830 4235 Μακάριος
871 4168 1045 4238 ἀνὴρ,
1094 4170 1163 4236 ὃς
1189 4174 1300 4226 οὐκ
1337 4174 1628 4245 ἐπορεύθη
1662 4178 1955 4251 ἑνβουλῄ

2124 4181 2179 4236 5.
2230 4180 2389 4235 Vens.
2423 4180 2474 4234 1.
2514 4179 2712 4233 Beatus
2742 4178 2839 4243 vir,
2873 4180 2962 4249 qui
3006 4194 3109 4232 non
3148 4178 3275 4231 abiit
3320 4178 3374 4233 in
3408 4177 3626 4233 consilio

375 4254 627 4312 ἀσεϐῶν.
662 4258 945 4329 Οἰκοδόμοι
978 4261 1075 4331 μὲν
1104 4258 1197 4316 οὖν
1242 4266 1447 4338 μεγέοη
1496 4272 1957 4343 κατασκευασμά-

2069 4276 2353 4346 ιηρίονωη.
2410 4272 2552 4327 Sane
2603 4272 2883 4327 architecti
2936 4287 3055 4326 cum
3105 4272 3156 4325 in
3205 4272 3369 4325 altum
3415 4272 3627 4342 erigunt

373 4360 481 4399 των
526 4349 605 4409 εἰς
644 4347 774 4418 ὕψος
820 4352 1083 4420 αἴροντες,
1113 4355 1511 4424 άναλογοῦντας
1540 4362 1618 4432 τῷ
1665 4361 1789 4432 ὕψει
1823 4366 1952 4429 τοὺς

2069 4366 2243 4420 nolem
2295 4365 2667 4429 aediﬁciorum,
2718 4365 3064 4419 fundamenta
3110 4362 3379 4418 altitudini
3429 4378 3625 4417 conve-

374 4434 652 4505 θεμελίους
696 4441 1119 4498 ὑποϐάλλονται·
1150 4447 1243 4499 καὶ
1287 4453 1577 4521 ναυπηγοὶ,
1617 4457 1944 4529 μυριοφόρον

2069 4458 2249 4512 tientia
2308 4456 2556 4525 iaciunt;
2621 4456 2857 4526 itemque
2920 4456 3137 4509 navium
3201 4456 3438 4511 artiﬁces
3497 4472 3621 4511 cum

374 4532 789 4602 συμπηγνύντες
820 4534 1040 4600 ὁλκάδα,
1079 4539 1479 4609 συμϐαίνουσαν
1514 4544 1591 4615 τῷ
1637 4545 1791 4617 βάρει
1835 4548 1943 4601 τῶν

372 4622 668 4694 ἀγωγίμων
705 4626 801 4697 τὴν
832 4628 1025 4697 τρόπιν
1057 4632 1378 4701 πήγνυνται.
1410 4635 1521 4687 Καὶ
1551 4637 1609 4689 ὲν
1639 4640 1704 4708 τῇ
1734 4640 1944 4707 γενέσει

369 4713 478 4769 τῶν
505 4714 658 4779 ζώων
692 4718 723 4787 ἡ
753 4720 949 4789 καρδία
982 4720 1169 4793 πρώτη
1207 4724 1606 4797 καταϐληθεῖσα
1648 4730 1799 4801 παρὰ
1845 4733 1943 4803 τῆς

369 4803 603 4872 φύσεως,
634 4807 1005 4876 ἀναλογοῦσαν
1036 4808 1113 4880 τῷ
1160 4812 1402 4881 μέλλοντι
1447 4816 1795 4873 συνίστασθαι
1820 4820 1942 4892 ζώῳ

365 4895 463 4968 τὴν
504 4898 654 4970 παρὰ
705 4900 802 4969 τῆς
847 4901 1061 4968 φύσεως
1103 4901 1367 4973 λαμϐάνει
1420 4906 1747 4979 καταϐολήψ
1804 4911 1939 4964 διότι

365 4990 694 5061 συμμέτρως
711 4995 831 5055 ταῖς
851 4994 1079 5057 οίκείαις
1106 4996 1303 5066 ἀρχαῖς
1335 5002 1823 5072 περιυφαινομένου
1846 5006 1939 5058 τοῦ

362 5079 633 5150 σώματος,
669 5085 725 5135 αί
775 5084 917 5137 κατὰ
965 5086 1033 5140 τὰ
1084 5088 1287 5159 μεγέθη
1330 5090 1584 5163 διαφοραὶ
1628 5095 1735 5149 τῶν
1787 5097 1939 5161 ζώων

361 5171 768 5230 ἀποτελοῦνται.
807 5177 983 5248 Ὅπερ
1014 5173 1108 5233 οὖν
1139 5179 1250 5249 (97)
1280 5180 1524 5253 θεμέλιος
1563 5187 1620 5239 ὲν
1653 5189 1805 5258 οἴκῳ,
1842 5190 1935 5241 καὶ

433 5352 714 5431 (90)_Editi
746 5364 800 5431 et
830 5356 1066 5425 quinque
1105 5372 1238 5412 mss.
1273 5359 1666 5431 εἰσαγομένοις.
1692 5362 1796 5418 Alii
1820 5366 1926 5419 duo

361 5436 489 5495 mss.
515 5425 902 5495 εἰσαγομένων.

455 5494 541 5558 91)
572 5494 794 5548 CodiCes
819 5497 924 5551 duo
952 5499 1059 5550 ἀπὸ
1091 5498 1319 5568 λιθίνης.

429 5494 541 5633 (92)
559 5564 658 5618 Alii
683 5581 810 5619 mss.
829 5583 946 5620 cum
961 5573 1047 5622 Oti.
1068 5571 1319 5622 ὲντυποῦτ

453 5564 541 5633 92)
559 5564 658 5618 Alii
683 5581 810 5619 mss.
829 5583 946 5620 cum
961 5573 1047 5622 Oti.
1068 5564 1407 5625 ὲντυποῦται.
1428 5572 1527 5627 Alii
1550 5574 1921 5628 ὲντυποῦνται.

433 5634 545 5701 (95)
576 5634 665 5687 Sic
712 5637 878 5700 major
904 5654 1027 5703 pars
1082 5656 1209 5693 mss.
1254 5643 1323 5694 Al
1346 5644 1472 5696 editi
1512 5655 1565 5699 et
1610 5662 1739 5698 mss.
1788 5663 1923 5698 uou-

361 5704 489 5755 nulli
521 5703 581 5777 τὸ
611 5705 731 5758 δὲ...
767 5707 1126 5777 εἰσδυόμενον.

434 5773 541 5843 (91)
582 5775 733 5828 (Iulli.
758 5794 891 5828 unus
922 5773 1095 5852 εἴπῃς,
1134 5781 1237 5831 Nec
1276 5787 1345 5837 ita
1400 5785 1569 5839 multo
1614 5795 1728 5851 post
1785 5784 1915 5853 Reg.

2051 4548 2421 4619 praegrandem
2457 4557 2511 4601 et
2541 4548 2848 4601 onerariam
2883 4561 3073 4600 navem
3104 4556 3444 4613 construunt,
3482 4549 3621 4602 cari-

2050 4654 2172 4693 nam
2203 4656 2325 4709 quaa
2356 4639 2722 4695 vehendarum
2763 4639 3021 4694 mercium
3061 4639 3211 4693 oneri
3258 4655 3355 4708 par
3386 4640 3455 4693 sit
3486 4654 3617 4710 sup-

2047 4738 2272 4798 ponunt.
2336 4729 2474 4796 Quin
2520 4738 2574 4783 et
2626 4729 2677 4783 in
2728 4728 3081 4784 animantium
3138 4732 3485 4800 generatione
3522 4747 3619 4787 cor

2047 4820 2190 4889 quod
2247 4821 2479 4889 primum
2541 4820 3225 4885 naturalitcr'formatur,
3287 4832 3612 4877 structuram

2046 4913 2264 4967 animali
2312 4913 2590 4983 ﬁgurando
2632 4915 2879 4969 idoneam
2914 4930 2943 4969 a
2986 4924 3175 4968 natura
3218 4915 3429 4983 accipit.
3471 4916 3615 4982 Qua-

2044 5013 2263 5072 propter
2286 5020 2407 5061 cum
2433 5020 2633 5077 corpus
2665 5008 3054 5062 convenienter
3078 5008 3311 5078 propriis
3337 5009 3614 5077 principiis

2042 5096 2394 5152 constitutum
2426 5107 2531 5163 est,
2561 5108 2671 5153 tum
2710 5099 3024 5153 animalium
3063 5099 3373 5169 magnitudo
3399 5098 3610 5153 diversa

2037 5190 2286 5246 eﬁicitur.
2317 5189 2434 5258 Quo
2458 5192 2621 5262 igitur
2651 5192 2810 5247 modo
2841 5192 2909 5247 ad
2937 5190 3153 5247 domum
3193 5205 3251 5247 se
3284 5190 3445 5246 habet
3483 5190 3607 5245 fun-

2035 5367 2302 5439 sccundus
2334 5368 2691 5439 ἀποκάλυψις.

2107 5436 2215 5505 (95)
2248 5437 2389 5509 Editi
2411 5448 2466 5493 et
2496 5436 2627 5495 mss.
2652 5440 2855 5509 aliquot
2881 5439 3004 5508 ἐμοὶ
3026 5436 3223 5492 δοκεῖν.
3252 5439 3355 5493 Alii
3387 5440 3605 5508 quidam

2034 5520 2165 5560 mss.
2200 5508 2325 5577 ἐμοὶ
2351 5507 2516 5563 δοκεῖ.

2105 5577 2217 5646 (96)
2248 5578 2388 5631 Editi
2418 5595 2539 5633 cum
2573 5579 2745 5633 tribus
2792 5594 2923 5634 mss.
2954 5578 3033 5632 ὅτι
3069 5579 3187 5635 οί...

2034 5656 2317 5719 trcstnss.
2338 5649 2423 5700 ἵνα
2448 5650 2566 5703 οἱ...
2598 5650 2781 5719 ἔχωσι.

2040 5787 2057 5797 η
2104 5715 2214 5785 (97)
2246 5716 2384 5802 ἰξόίιί
2436 5730 2483 5771 et
2546 5715 2777 5788 quatuor
2836 5736 2961 5775 mss.
3013 5722 3147 5789 ὅπερ
3206 5716 3317 5773 οὖν.
3355 5720 3457 5775 Alii
3495 5724 3599 5775 duo

2029 5803 2213 5858 (υῧττῗρ
2240 5803 2347 5841 Ου’).

3241 5578 3444 5649 ἔχουσι.
3498 5580 3601 5635 Alii
