4048 6220
386 354 492 411 215

1688 350 1746 406 S.
1786 346 2031 404 BASILII
2071 342 2287 400 MAGNI

3527 340 3634 395 2l6

386 478 719 537 damentum,
747 480 803 526 et
839 471 905 526 ad
941 471 1120 527 navim
1151 472 1357 539 carina,
1382 480 1438 528 et
1463 472 1526 528 ad
1559 472 1810 527 animalis
1835 486 1958 525 cor—
1987 520 1992 529 .

2094 484 2119 519 ν
2150 463 2319 534 πλοίῳ
2347 463 2559 535 τρόπις,
2594 459 2689 513 καὶ
2736 461 2795 511 ὲν
2838 457 3048 529 σώματι
3082 455 3219 521 ξώου
3256 459 3469 530 καρδία,
3503 458 3637 513 ταύ-

387 582 488 637 pus
524 580 637 631 cor,
678 565 865 618 eodem
906 563 972 617 ad
1005 563 1343 617 Psalmorum
1386 563 1637 634 generale
1666 577 1958 633 argumen-

390 668 500 710 tum
525 670 583 710 se
610 654 768 708 habet
790 655 951 709 etiam
982 655 1090 724 92
1115 655 1277 710 breve
1300 654 1428 708 illud
1452 655 1797 723 prommium.
1824 653 1958 707 Nam

390 763 512 801 cum
559 746 725 800 David
770 745 837 801 ad
887 746 1076 809 multa,
1122 760 1297 816 eaque
1339 747 1527 811 ardua,
1573 757 1629 800 et
1666 743 1963 798 innumeris

391 835 793 890 sudoribusac
844 836 1117 890 laboribus
1172 833 1368 889 referta
1422 835 1472 887 iu
1516 834 1660 893 serie
1701 832 1965 886 orationis

391 938 536 982 esset
581 929 988 991 exhortaturus,
1040 924 1092 977 in
1144 933 1481 979 antecessum
1538 921 1700 976 linem
1750 922 1963 975 beatum

392 1017 609 1086 pietatis
642 1015 1128 1086 propugnatoribus
1162 1015 1643 1079 commonstravit;
1689 1020 1746 1066 ut
1791 1015 1963 1067 bono-

393 1119 513 1157 rum
564 1105 719 1158 nobis
757 1103 1118 1173 repositorum
1167 1119 1260 1172 spe
1305 1104 1578 1158 molestias
1620 1103 1744 1157 vitae
1787 1104 1967 1156 animo

391 1210 549 1263 teque
578 1194 1027 1263 perferamus.Sic
1050 1196 1211 1249 etiam
1236 1210 1484 1263 asperum
1509 1209 1574 1249 ac
1596 1193 1965 1249 diﬁieillimutn

398 1290 502 1343 iter
537 1287 862 1342 facientibus
904 1288 970 1340 ad
1014 1287 1364 1342 sustinendos
1410 1286 1622 1341 labores
1666 1288 1970 1341 levamento

395 1390 481 1433 est
529 1379 872 1433 commodum
931 1388 1316 1446 speratumque
1371 1376 1762 1440 diversorium;
1810 1383 1971 1444 atque

396 1469 790 1524 mercatoribus
840 1471 905 1522 ad
957 1469 1348 1538 peragrandum
1396 1481 1545 1521 mare
1591 1468 1798 1520 animos
1846 1464 1974 1519 facit

398 1561 764 1629 parandarum
796 1560 1054 1613 mercium
1085 1558 1410 1613 desiderium
1438 1576 1452 1612 :
1480 1556 1609 1627 quin
1639 1566 1693 1611 et
1720 1556 1973 1626 agricolis

401 1654 645 1706 laborum
684 1667 901 1707 sensum
943 1650 1339 1721 quodammodo
1376 1664 1501 1720 spes
1535 1649 1726 1704 messis
1764 1648 1973 1702 adimit.

400 1743 761 1809 Quamobrem
798 1753 853 1796 et
896 1741 1202 1796 communis
1245 1741 1367 1795 vitae
1412 1741 1748 1805 emendator,
1789 1738 1975 1793 doctor

2060 574 2160 629 την
2195 573 2283 627 μοι
2325 556 2472 608 δοκεῖ
2501 553 2598 622 τὴν
2627 552 2855 621 δύναμιν
2884 550 3027 621 ἔχειν
3056 549 3191 621 πρὸς
3228 548 3324 621 τὴν
3356 551 3483 622 ὃλην
3526 551 3639 606 τῶν

2062 647 2309 717 Ψαλμῶν
2360 645 2702 715 κατασκευὴν
2731 641 2870 715 [καὶ]
2923 642 2985 694 τὸ
3033 640 3205 713 βραχῦ
3256 641 3411 695 τοῦτο
3448 642 3638 714 προοί-

2068 757 2208 810 μιον.
2259 737 2476 808 Ἐπειδὴ
2525 737 2634 807 γὰρ
2678 734 2846 788 πολλά
2890 734 2985 787 καὶ
3030 735 3260 788 ἐπίπονα
3302 733 3394 787 καὶ
3429 735 3640 804 μυρίων

2069 830 2306 902 ἱδρώτων
2327 831 2417 882 καὶ
2440 828 2618 882 πόνων
2638 828 2874 898 γέμοντα
2896 828 3180 897 παραινεῖν
3208 824 3409 896 μέλλει,
3427 826 3642 896 προῖόν-

2067 940 2157 984 τος
2188 919 2283 973 τοῦ
2315 920 2498 985 λόγου,
2544 921 2657 981 τοῖς
2686 919 2786 987 τῆς
2830 917 3110 980 εὐσεϐείας
3138 918 3466 985 ἀγωνισταῖς
3500 932 3639 988 προ-

2066 1013 2244 1067 λαϐὼν
2276 1011 2520 1079 ὑπέδειξε
2546 1011 2605 1064 τὸ
2629 1009 2897 1083 μακάριον
2924 1009 3097 1072 τέλος,
3126 1008 3212 1061 ἴνα
3237 1011 3303 1082 τῇ
3332 1008 3505 1061 ἐλπίδι
3530 1007 3643 1062 τῶν

2068 1103 2441 1175 ἀποκειμένων
2492 1101 2710 1171 ἀγαθῶν
2763 1101 2983 1163 ἀλύπως
3025 1099 3119 1153 τοῦ
3161 1100 3277 1171 βίου
3321 1099 3391 1152 τὰ
3419 1098 3646 1169 ἀλγεινά

2069 1199 2411 1270 διαφέρωμεν
2439 1196 2570 1267 (98).
2597 1196 2784 1259 Οῦτως
2807 1198 2901 1248 καὶ
2930 1194 3226 1264 ὁδοιπόροις
3246 1196 3502 1264 τραχεῖαν
3525 1192 3647 1246 ὁδὸν

2071 1290 2454 1362 πορευομένοις
2488 1289 2580 1343 καὶ
2613 1287 2874 1342 δύσϐατον
2902 1286 3146 1355 κουφίζει
3179 1286 3269 1340 τὸν
3302 1285 3497 1356 μόχθον
3527 1286 3651 1337 ὲπι-

2070 1385 2279 1454 τήδειον
2322 1383 2506 1445 αὑτοῖς
2544 1379 2913 1453 προσδοκηθὲν
2946 1378 3287 1448 καταγώγιον
3308 1394 3321 1409 ο
3356 1380 3449 1431 καὶ
3478 1374 3651 1449 ἐμπό-

2078 1487 2201 1541 ρους
2232 1472 2375 1524 ποιεῖ
2398 1470 2495 1541 τῆς
2521 1469 2795 1539 θαλάσσης
2817 1468 3162 1539 κατατολμᾷν
3192 1469 3224 1539 ή
3255 1467 3519 1538 ἐπιθυμία
3539 1465 3649 1520 τῶν

2075 1560 2404 1631 ἀγωγίμων·
2444 1560 2537 1614 καὶ
2582 1558 2843 1629 γεωργῶν
2891 1557 3343 1627 ὑποκλέπτει(99)
3379 1558 3504 1620 τοὺς
3548 1555 3651 1610 πά-

2076 1671 2200 1718 νους
2246 1657 2279 1726 ἡ
2321 1654 2421 1725 τῆς
2459 1652 2802 1724 ’ἐπικαρπίας
2836 1651 3009 1715 ἐλπίς.
3051 1651 3143 1704 Διὸ
3180 1654 3273 1704 καί¹
3297 1652 3325 1702 6
3349 1650 3527 1714 κοινὸς
3554 1647 3650 1703 τοῦ

2082 1745 2195 1815 βίου
2228 1745 2539 1818 διορθωτὴς,
2574 1747 2603 1798 ὁ
2637 1745 2810 1815 μέγας
2845 1743 3182 1808 διδάσκαλος,
3212 1743 3272 1795 τὸ
3309 1742 3524 1813 πνεῦμα
3555 1743 3657 1814 τῆς

400 1851 648 1907 magnus,
680 1836 901 1904 spiritus
928 1835 1195 1901 veritatis,
1225 1826 1499 1907 sapienter
1530 1850 1593 1890 ac
1627 1834 1765 1889 scite
1797 1833 1976 1888 statim

2094 1811 2356 1910 Ξιληθείας.
2399 1811 2577 1909 σοςρῶς
2603 1811 2698 1891 καὶ
2722 1811 2990 1908 έντέχνως
3016 1837 3143 1898 τοὺς
3175 1835 3399 1907 μισθοὺς
3423 1811 3658 1906 προεϐά-

401 1933 471 1984 ab
512 1929 666 1984 initio
702 1930 1001 1985 mercedem
1046 1928 1349 1998 proposuit,
1388 1937 1443 1980 ut
1481 1942 1640 1997 supra
1686 1934 1981 1995 praesentes

403 2020 616 2074 labores
640 2018 835 2083 evecti,
863 2018 1048 2071 animo
1079 2020 1145 2070 ad
1182 2024 1510 2070 aeternorum
1550 2017 1811 2069 bonorum
1852 2029 1983 2083 gau-

403 2111 493 2165 dia
531 2125 898 2180 properemus.
935 2107 1128 2163 Beatus
1163 2107 1258 2172 vir,
1290 2108 1380 2176 qui
1420 2123 1523 2160 non
1562 2106 1691 2159 abiit
1724 2107 1777 2159 in
1806 2106 1982 2159 comi-

406 2202 479 2255 lio
516 2202 818 2270 impiorum.
854 2201 1007 2266 Quod
1044 2214 1174 2267 ergo
1205 2214 1327 2253 vere
1367 2198 1567 2251 bonum
1616 2196 1849 2262 exsistit,
1887 2197 1981 2250 im-

406 2294 599 2365 primis
624 2308 687 2346 ac
710 2292 979 2362 praecipue
1024 2291 1238 2345 beatum
1287 2289 1684 2360 praedicandum
1724 2298 1827 2342 est.
1871 2288 1985 2342 Hoc

407 2395 587 2440 autem
618 2385 758 2438 Dens
800 2390 903 2437 est.
946 2379 1095 2436 Unde
1122 2391 1176 2434 et
1224 2379 1422 2433 Paulus
1464 2379 1532 2432 de
1559 2377 1775 2432 Christo
1823 2390 1978 2430 men-

411 2478 611 2530 tionem
661 2473 929 2536 facturus,
982 2471 1104 2526 ait:
1161 2468 1461 2525 Secundum
1510 2467 1987 2536 manifestationem

416 2567 553 2621 beati
586 2568 703 2632 Dei,
737 2575 785 2620 et
818 2563 1111 2621 Saluatoris
1149 2563 1317 2616 nostri
1363 2561 1494 2616 Jesu
1525 2559 1722 2615 Christi
1746 2561 1814 2616 “.
1848 2561 1987 2616 Bea—

413 2673 526 2714 tum
556 2659 700 2716 enim
730 2672 856 2714 vere
876 2664 977 2723 est,
1009 2657 1152 2727 quod
1183 2670 1279 2726 per
1305 2669 1364 2711 se
1384 2658 1583 2710 bonum
1617 2663 1724 2721 est,
1752 2654 1819 2709 ad
1847 2655 1990 2723 quod

416 2751 711 2820 respiciunt
736 2749 940 2814 omnia,
967 2748 1111 2818 quod
1145 2748 1399 2803 universa
1422 2745 1760 2811 desiderant,
1791 2755 1989 2799 natura

413 2844 790 2909 immutabilis,
814 2842 999 2898 herilis
1019 2842 1270 2912 dignitas,
1295 2841 1404 2894 vita
1442 2838 1838 2909 perturbatioiii
1864 2838 1995 2893 nulli

413 2940 666 3003 obnoxia,
691 2936 884 2992 hilaris
902 2935 1113 2990 vivendi
1137 2934 1298 3002 ratio,
1314 2933 1668 3003 quaealterari
1696 2941 1787 2985 aut
1812 2932 1998 2986 immu-

419 3029 520 3083 tari
539 3029 742 3097 nequit,
758 3026 879 3082 fons
896 3027 1221 3090 scaturiens,
1240 3025 1510 3079 uberrima
1528 3024 1723 3092 gratia,
1744 3023 2001 3078 inexhau-

421 3134 541 3177 stus
580 3124 885 3175 thesaurus.
943 3118 1106 3188 Atqui
1154 3117 1401 3173 homines
1440 3116 1614 3187 ignari
1648 3105 1664 3182 ,
1705 3115 1999 3184 mundique

420 3211 802 3281 amantes,qui
822 3211 946 3265 boni
976 3211 1144 3280 ipsius
1174 3209 1423 3279 ignorant
1449 3213 1720 3272 naturam,
1745 3222 1831 3261 res
1847 3206 1998 3259 nihili

419 3305 615 3374 saepius
640 3304 932 3372 aestimant,
965 3303 1204 3368 divitias,
1241 3302 1547 3367 sanitatem,
1574 3300 1697 3354 vita:
1748 3300 2002 3369 splendo-

421 3413 571 3455 rem:
603 3412 829 3469 quarum
857 3412 1036 3453 rerum
1074 3398 1207 3451 nihil
1236 3406 1320 3452 est
1346 3411 1440 3451 sua
1476 3396 1642 3466 ipsius
1674 3405 1865 3450 natura
1899 3395 1998 3450 bo-

424 3506 551 3544 num
581 3506 597 3552 ;
627 3502 730 3543 non
768 3486 940 3543 solum
972 3490 1115 3557 quod
1141 3486 1298 3541 facile
1330 3500 1380 3540 in
1408 3484 1680 3540 contraria
1704 3491 2001 3546 mutentur,

425 3585 519 3639 sed
549 3582 692 3653 quod
722 3598 790 3638 ne
837 3582 1007 3638 bonos
1033 3582 1245 3651 quidem
1283 3579 1491 3634 valeant
1518 3592 1858 3649 possessores
1879 3591 2004 3632 suos

426 3676 671 3731 reddere.
707 3674 840 3740 Quis
866 3675 1010 3729 enim
1033 3674 1103 3728 ob
1131 3674 1350 3729 divitias
1374 3671 1597 3741 justus?
1628 3670 1751 3741 quis
1780 3677 2004 3739 propter

426 3767 712 3821 sanitatem
767 3765 1116 3835 temperans?
1169 3764 1281 3819 lmo
1310 3779 1440 3819 sane
1481 3764 1595 3818 haec
1623 3763 1803 3817 omnia
1864 3761 2006 3815 male

429 3858 704 3911 utentibus
748 3857 814 3911 ad
856 3857 1187 3924 peccandum
1236 3869 1380 3924 saepe
1412 3853 1740 3908 inserviunt.
1806 3853 2005 3907 Beatus

430 3950 595 4017 igitur
655 3948 763 4016 ille,
823 3949 916 4019 qui
973 3964 1036 4003 ea
1094 3964 1215 4019 qua:
1276 3946 1679 4016 plurimi‘sunt
1737 3946 2003 4009 habenda,

428 4041 689 4114 possidet,
716 4040 919 4110 quique
946 4054 1157 4104 eorum,
1189 4055 1308 4109 quae
1342 4048 1622 4108 nequeunt
1661 4038 1882 4101 auferri,
1913 4038 2009 4092 ho-

431 4148 623 4189 norum
678 4132 949 4203 particeps
996 4142 1099 4188 est.
1132 4132 1238 4187 Sed
1268 4147 1376 4203 quo
1408 4141 1568 4202 pacto
1618 4133 1763 4187 hunc
1814 4145 2011 4201 cogno-

430 4223 684 4279 scemus?
744 4222 849 4289 Qui
883 4240 988 4278 non
1056 4224 1184 4277 abiit
1247 4224 1305 4276 in
1360 4222 1577 4277 consilio
1612 4223 1911 4293 impiorum.
1941 4221 2011 4276 Et

433 4316 745 4385 priusquam
776 4330 1040 4383 exponam
1076 4314 1203 4384 quid
1233 4316 1307 4368 sit
1333 4330 1437 4369 non
1468 4316 1669 4371 abiisse
1696 4315 1751 4368 iu
1781 4312 2010 4368 consilio

434 4408 750 4478 impiorum,
768 4407 872 4464 loci
899 4406 1059 4476 hujus
1082 4406 1434 4477 qumstionem
1457 4406 1611 4462 vobis
1634 4407 1843 4462 solvere
1865 4408 2006 4461 volo.

2080 1931 2202 1984 λετο
2235 1931 2331 2003 (l),
2375 1932 2483 1996 ἵνα,
2516 1929 2954 2002 ὑπερκύπτοντες
2998 1930 3123 1992 τοὺς
3154 1930 3211 1982 ἐν
3238 1929 3395 2000 χερσὶ
3439 1928 3656 1993 πόνους,

2081 2026 2147 2094 τῇ
2193 2023 2401 2094 διανοίᾳ
2442 2022 2578 2091 πρδς
2617 2023 2717 2092 τὴν
2761 2021 3062 2074 ἀπόλαυσιν
3107 2020 3213 2074 τῶν
3247 2021 3480 2074 αἰωνίων
3523 2020 3662 2088 ἀγα-

2084 2114 2191 2169 θῶν
2221 2114 2296 2185 (2)
2328 2113 2697 2184 ἐπειγώμεθα.
2739 2112 3043 2180 Μακάριος
3071 2111 3246 2180 ἀνὴρ,
3288 2111 3355 2178 ὃς
3383 2113 3493 2166 οὐκ
3517 2112 3661 2166 ἐπο-

2082 2212 2262 2279 ρεύθη
2294 2210 2363 2262 ἐν
2386 2208 2592 2277 βουλῇ
2615 2206 2867 2263 ἀσεϐῶν.
2906 2208 3063 2260 Ἔστι
3099 2207 3194 2278 μὲν
3228 2203 3320 2260 οὖν
3360 2207 3422 2260 τὸ
3459 2207 3665 2279 κυρίως

2085 2303 2181 2355 καὶ
2210 2301 2441 2373 πρώτως
2476 2301 2832 2372 μακαριστὸν,
2863 2296 2925 2352 τὸ
2957 2297 3225 2370 ἀληθινῶς
3250 2299 3470 2368 ἀγαθόν.
3494 2297 3667 2351 Τοῦτο

2087 2396 2143 2448 δέ
2170 2397 2317 2447 ἐστιν
2348 2396 2377 2447 ό
2427 2393 2578 2457 Θεός.
2627 2393 2791 2446 Ὅθεν
2837 2391 2931 2445 καὶ
2979 2391 3211 2455 Παῦλος,
3258 2390 3664 2462 ὑπόμνησιν’(5)

2093 2486 2299 2558 μέλλων
2332 2485 2600 2539 ποιεῖσθαι
2648 2483 2908 2558 Χριστοῦ,
2953 2484 3113 2539 Κατὰ
3147 2482 3263 2550 τὴν
3291 2482 3664 2552 ἐπιφάνειαν,

2092 2578 2244 2648 φησὶ,
2274 2577 2380 2630 τοῦ
2398 2577 2694 2646 μακαρίου
2727 2575 2895 2641 Θεοῦ,
2926 2575 3025 2628 καὶ
3051 2575 3324 2644 Σωτῆρος
3358 2573 3525 2642 ἡμῶν
3562 2574 3669 2641 Ἰη.

2092 2669 2207 2723 σοῦ
2240 2669 2516 2737 Χριστοῦ.
2552 2669 2840 2739 Μακάριον
2869 2666 2979 2740 γάρ
3008 2667 3085 2739 τῷ
3117 2667 3229 2720 ὖντι
3261 2666 3321 2720 τὸ
3350 2665 3668 2728 αὑτὸκαλον,

2094 2759 2231 2831 πρὸς
2249 2760 2277 2813 ὃ
2302 2759 2480 2814 πάντα
2508 2758 2826 2821 ἀποϐλέπει,
2853 2751 2914 2811 οῦ
2945 2759 3120 2812 πάντα
3145 2758 3377 2828 ἐφίεται,
3423 2760 3456 2829 ἡ
3513 2757 3674 2827 ἄτρε-

2096 2869 2228 2915 πτος
2258 2851 2442 2922 φύσις,
2469 2851 2529 2904 τὸ
2557 2850 2875 2906 δεσποτικὸν
2903 2850 3141 2921 ἀξίωμα,
3190 2853 3223 2921 ἡ
3251 2850 3509 2922 ἀόχλητος
3534 2848 3671 2920 ζωὴ,

2095 2947 2129 3014 ἡ
2159 2945 2360 3008 ἄλυπος
2399 2943 2722 3016 διεξαγωγὴ,
2770 2943 2900 3013 περὶ
2930 2944 2997 3014 ἢν
3029 2944 3129 2997 οὐκ
3174 2942 3318 2997 ἔστιν
3347 2943 3629 3005 ἀλλοίωσις
3655 2980 3672 3005 ,

2098 3029 2167 3105 ἧς
2200 3035 2299 3106 οὑχ
2321 3034 2550 3088 ἅπτεται
2578 3032 2845 3104 μεταδολή
2864 3049 2880 3064 ο
2905 3035 2938 3105 ἠ
2973 3033 3211 3104 βρύουσα
3245 3034 3415 3104 πηγὴ,
3445 3035 3478 3104 ἡ
3508 3033 3675 3102 ἀφθο-

2028 3146 2071 3204 c
2103 3143 2191 3189 νος
2248 3126 2426 3197 χάρις,
2484 3126 2513 3178 6
2570 3124 2912 3196 ἁδαπάνητος
2963 3124 3255 3195 θησαυρός.
3316 3122 3571 3194 Ἀμαθεῖς
3617 3123 3677 3177 δὲ

2103 3217 2198 3271 ἀνο
2208 3234 2378 3288 ρωποι
2399 3217 2492 3270 καὶ
2516 3216 2854 3287 φιλόκοσμοι,
2887 3216 3207 3286 ἀγνοοῦντες
3234 3213 3398 3269 αὑτοῦ
3422 3214 3516 3268 τοῦ
3541 3215 3679 3283 ἀγά-

2103 3308 2197 3362 θοῦ
2251 3309 2349 3380 τὴν
2402 3308 2582 3377 φύσιν,
2641 3309 3004 3382 μακαρίζουσι
3047 3308 3308 3373 πολλάκις
3350 3306 3419 3360 τὰ
3455 3306 3679 3378 μηδενὸς

2102 3401 2246 3467 ἄξια,
2297 3400 2544 3467 πλοῦτον,
2593 3402 2824 3471 ὑγίειαν,
2858 3402 3211 3475 περιφάνειαν
3244 3400 3359 3471 βίου
3379 3416 3393 3430 ’
3424 3392 3501 3454 ὧν
3527 3398 3681 3453 οὐδέν

2104 3495 2249 3546 ἐστιν
2278 3491 2480 3561 ἀγαθὸν
2513 3496 2579 3564 τῇ
2615 3491 2809 3547 ἑαυτοῦ
2847 3493 3041 3564 φύσει·
3076 3495 3136 3548 οὑ
3173 3493 3332 3564 μόνον
3369 3490 3559 3545 καθότι
3583 3492 3682 3562 ρᾳ-

2102 3586 2221 3640 δίαν
2263 3585 2373 3655 ἔχει
2403 3585 2501 3657 τὴν
2531 3587 2669 3658 πρὸς
2698 3588 2767 3642 τὰ
2814 3587 3031 3641 ἐναντία
3064 3586 3421 3658 περιτροπὴν,
3460 3584 3573 3638 ἀλλ’
3601 3584 3682 3637 ὅτι

2109 3677 2240 3749 μηδὲ
2272 3676 2506 3745 ἀγαθοὺς
2538 3677 2761 3732 δύναται
2812 3680 2938 3743 τοὺς
2982 3678 3350 3750 κεκτημένους
3380 3675 3681 3731 ἀποτελεῖν.

2105 3772 2201 3834 Τίς
2253 3769 2362 3843 γὰρ
2425 3771 2629 3834 δίκαιος
2681 3771 2770 3824 διὰ
2817 3772 3113 3842 χρήματα;
3171 3770 3255 3832 τίς
3311 3766 3541 3840 σώφρων
3593 3765 3684 3819 διά

2107 3863 2345 3932 ὑγίειαν;
2377 3865 2696 3918 Τοὺναντίον
2739 3862 2836 3934 μὲν
2865 3859 2977 3926 οὖν,
3013 3863 3106 3915 καὶ
3128 3860 3397 3932 ὑπηρεσία
3425 3857 3686 3919 πολλάκις

2108 3954 2245 4026 πρὸς
2272 3956 2549 4027 ἁμαρτίαν
2586 3957 2700 4018 τοῖς
2731 3953 2917 4016 κακῶς
2959 3952 3264 4024 χρωμένοις
3301 3950 3504 4003 τούτων
3554 3949 3687 4002 ἕκα-

2110 4065 2234 4101 στον
2253 4048 2478 4117 γίνεται.
2503 4049 2790 4119 Μακάριος
2805 4044 2898 4101 οῦν
2923 4047 3033 4100 ὁτά
3059 4046 3311 4099 πλείστου
3340 4045 3463 4108 ἀξια
3487 4059 3690 4113 κεκτη-

2112 4139 2290 4210 μένος,
2325 4142 2354 4193 ὁ
2379 4140 2487 4195 τῶν
2532 4139 2910 4212 ἀναφαιρέτων
2942 4138 3164 4208 ἀγαθῶν
3200 4137 3445 4208 μέτοχος.
3486 4134 3689 4189 Τοῦτον

2108 4232 2165 4286 δὲ
2197 4232 2310 4296 πῶς
2336 4232 2780 4303 ὲπιγνωσόμεθα;
2815 4234 2921 4296 Ὃς
2948 4233 3059 4286 οὐκ
3086 4230 3378 4296 ἐπορεύθη
3406 4223 3689 4293 ὲνβουλῇ

2108 4324 2363 4380 ἀσεϐῶν.
2399 4326 2509 4380 Καὶ
2550 4326 2681 4397 πρίν
2727 4342 2790 4393 γε
2828 4326 3022 4389 εἰπεῖν,
3053 4324 3106 4377 τί
3149 4322 3208 4376 τὸ
3241 4321 3314 4393 μὴ
3357 4319 3688 4391 πορευθῆναι

2111 4418 2168 4468 ὲν
2199 4415 2359 4487 βουλῇ
2395 4415 2632 4481 ἀσεϐῶν,
2665 4415 2922 4487 βούλομαι
2957 4416 3084 4485 ὑμῖν
3110 4414 3173 4467 τὸ
3215 4414 3272 4465 ὲν
3302 4411 3381 4481 τῷ
3412 4411 3563 4480 τόπῳ
3592 4408 3691 4478 ζη-

437 4500 546 4555 Cur
592 4498 883 4570 Propheta,
943 4499 1143 4569 inquis,
1185 4503 1356 4554 solum
1407 4499 1679 4554 hominem
1734 4498 1901 4569 eligit,
1942 4515 1992 4552 at

2111 4507 2372 4577 τούμενον
2413 4507 2683 4562 διαλῦσαι.
2730 4507 2831 4560 Διά
2873 4507 2949 4570 τί,
2982 4506 3166 4577 φησιν,
3210 4506 3238 4557 6
3286 4502 3569 4574 προφήτης
3600 4498 3693 4551 τὸν

439 4591 699 4662 praedicat
751 4591 1034 4659 meatum?
1098 4608 1225 4646 num
1282 4592 1534 4647 mulieres
1586 4605 1617 4644 a
1676 4591 2008 4645 beatitudine

438 4684 710 4739 exclusit?
742 4686 897 4740 Absit
924 4686 937 4741 !
962 4685 1249 4741 Enimvero
1280 4686 1381 4739 viri
1414 4695 1469 4739 et
1521 4683 1765 4739 mulieris
1794 4700 1897 4738 una
1926 4693 2010 4738 est

441 4778 613 4832 virtus
637 4790 653 4830 :
681 4777 1118 4847 quandoquidem
1147 4780 1428 4846 utriusque
1453 4777 1662 4831 creatio
1685 4776 1888 4831 honore
1914 4792 2011 4845 par

438 4884 545 4936 est.
576 4888 641 4927 ac
664 4875 889 4942 proinde
915 4873 1198 4943 utriusque
1226 4888 1440 4943 quoque
1466 4887 1671 4927 merces
1687 4882 1772 4926 est
1796 4872 2006 4926 eadem.

440 4964 576 5022 Audi
622 4963 914 5020 Genesim:
957 4948 1101 5019 Fecit
1155 4966 1293 5019 Deus
1342 4965 1639 5028 hominem,
1695 4964 1904 5033 inquit;
1942 4963 2009 5015 ad

514 5124 556 5155 "
583 5124 688 5179 Tit.
717 5140 777 5187 ιι,
811 5125 896 5181 15.

406 5282 449 5327 δ,
519 5259 629 5327 (98)
662 5261 1002 5314 (Ζοιιιριλῐῐιιιις
1032 5258 1167 5311 um'is
1197 5258 1580 5327 ὑποφέρωμεν.

423 5320 449 5347 ⁸
521 5320 630 5394 (99)
656 5330 756 5383 Pro
780 5330 1110 5383 ὑποκλέπτει
1145 5320 1405 5384 ειτιίηὶιιίδ
1441 5320 1760 5394 δίιιψιίρίῐυι*
1802 5324 1855 5378 in
1882 5324 2018 5379 duo-

450 5403 551 5457 bus
583 5418 710 5454 mss.
741 5401 984 5454 κλέπτει.

518 5471 594 5542 (1)
625 5472 803 5542 Codex
830 5488 972 5542 unus
996 5469 1377 5542 προεϐάλλετο.
1412 5537 1423 5542 _
1576 5537 1587 5542 _
1680 5534 1743 5542 __
1782 5499 1798 5510 -

526 5534 601 5604 (ἓξ)
626 5541 801 5594 Editio
829 5540 1000 5595 Paris.
1033 5534 1140 5594 τῶν
1161 5537 1534 5609 ἀποκειμένων
1565 5534 1805 5609 ἀγαθῶν.
1840 5539 1908 5589 At
1937 5549 2023 5609 v_a-

458 5611 599 5664 riant
627 5611 747 5663 libri
776 5627 936 5664 manu
969 5611 1196 5671 exarati,
1223 5604 1448 5676 quorum
1476 5612 1525 5659 in
1559 5610 1678 5659 aliis
1706 5608 1898 5675 legitur
1914 5604 2024 5656 τῶν

457 5680 835 5761 ἀποκειμένων
861 5681 1093 5761 αἰωνίων
1108 5679 1363 5761 ἀγαθῶν
1421 5678 1472 5731 in
1517 5676 2026 5761 aliisvero‘situpli-

460 5753 576 5801 cius
607 5746 713 5801 τῶν
739 5750 969 5803 αἰωνίων
994 5746 1230 5818 ἀγαθῶνο
1277 5760 1330 5802 et
1354 5749 1422 5800 ila
1460 5749 1743 5813 scripsisse
1771 5746 2025 5818 Basilluiu

462 5828 734 5888 putamus,
775 5835 840 5872 ne
865 5833 1021 5874 voces
1043 5813 1114 5873 'in
1140 5835 1215 5871 ων
1249 5818 1557 5874 desinentes
1589 5819 1788 5872 lrustra
1842 5813 2023 5870 multi-

2113 4598 2282 4670 ἄνδρα
2333 4599 2493 4670 μόνον
2545 4598 2907 4670 ἐκλεξάμενος
2950 4595 3278 4668 μακαρίζει;
3323 4590 3431 4665 ἆρα
3483 4591 3555 4662 μὴ
3596 4587 3693 4641 τοῦ

2118 4690 2469 4762 μακαρισμοῦ
2512 4691 2610 4754 τάς
2648 4692 2913 4758 γυναῖκας
2965 4686 3286 4750 ἀπέκλεισε;
3325 4682 3417 4753 Μὴ
3450 4680 3690 4749 γένοιτοξ

2116 4785 2230 4838 Μία
2274 4786 2382 4857 γὰρ
2413 4786 2582 4859 ἀρετὴ
2627 4774 2820 4855 ἀνδρὸς
2852 4784 2944 4837 καὶ
2983 4780 3260 4851 γυναικὸς,
3304 4776 3489 4846 ἐπειδὴ
3533 4773 3627 4827 καὶ
3656 4774 3693 4844 ἡ

2115 4874 2291 4938 κτίσις
2320 4876 2649 4947 ἀμφοτέροις
2676 4873 2959 4944 ὁμότιμος,
2986 4871 3125 4925 ὥστε
3153 4871 3245 4922 καὶ
3273 4870 3301 4920 6
3327 4865 3515 4938 μισθὸς
3543 4865 3570 4915 6
3600 4861 3698 4913 αὐ-

2115 4964 2205 5026 τὸς
2242 4965 2589 5037 ἀμφοτέροις.
2643 4965 2844 5018 Ἀκουε
2895 4964 2995 5033 τῆς
3037 4963 3075 5015 Γ
3079 4960 3326 5024 ενέσεως·
3390 4955 3696 5021 Ἐποίησε,

2145 5256 2479 5308 ilicareutur.

2145 5275 2157 5305 l
2218 5273 2246 5305 ‘:
2312 5272 2361 5304 ξι
2397 5272 2423 5304 ιι
2467 5295 2479 5305 .

2126 5272 2622 5395 ll'(LI'3‘)nllntilruohus
2671 5336 2800 5395 mss.
2851 5332 2947 5395 pro
2994 5314 3300 5384 ὑπόμνησιν
3349 5310 3547 5377 legitur
3583 5306 3701 5390 ἐπί-

2131 5388 2347 5468 μνὴσιν.
2385 5394 2479 5446 llic
2510 5395 2678 5455 locus,
2710 5392 2760 5468 id
2796 5388 2936 5457 quod
2971 5398 3350 5468 t‘i‘ouuunquain
3392 5396 3487 5433 usu
3524 5388 3705 5468 venit,

2129 5456 2393 5520 lion-[latus
2445 5474 2524 5513 est
2580 5478 2644 5515 ex
2700 5456 2928 5515 duobus.
2979 5456 3157 5508 Prima
3213 5468 3339 5520 pars
3379 5459 3589 5520 sumpta
3635 5464 3701 5520 ex

2130 5518 2299 5590 Ευίέι.
2328 5534 2345 5586 l
2370 5536 2434 5584 ad
2466 5532 2704 5585 Timoth.
2735 5546 2774 5589 ι,
2814 5528 2873 5581 ti
2918 5543 2931 5578 ε
2964 5523 3122 5579 Κατὰ
3147 5518 3223 5575 τδή
3249 5519 3581 5587 Εὑαγγέλιον
3605 5518 3704 5590 τῆς

2127 5588 2283 5677 δόξής
2310 5603 2402 5657 τοῦ
2428 5601 2694 5677 μακαρίοὺ
2712 5628 2715 5631 ν
2735 5597 2895 5677 Θεοῦ)
2951 5597 3117 5648 altera
3132 5608 3279 5677 lteri}
3322 5607 3388 5644 cx
3416 5588 3702 5677 ,Ειξυίειξίιδιι

2131 5659 2311 5730 Τίῖιῖἶιι
2346 5690 2403 5731 ιι.
2428 5659 2503 5727 ’15
2536 5689 2549 5725 :
2583 5659 2692 5726 Καὶ
2716 5668 3107 5737 ἐπιφάνειαν...
3132 5663 3383 5734 Σωτῆρος
3407 5659 3561 5731 ἡμῶν
3600 5659 3711 5728 Ἰη-

2134 5747 2227 5801 σοῦ
2255 5743 2510 5816 Χριστοῦ.
