4048 6220
376 343 484 400 217

1582 351 1865 410 llOMlLIA
1901 341 1967 411 IN
2009 353 2337 412 PSALMUM
2379 358 2421 413 ι.

3519 380 3627 442 218

374 461 529 532 φησὶ,
575 462 608 513 ὀ
642 461 786 525 Θεος
834 459 945 515 τὸν
992 461 1322 533 ἄνθρωπον·
1377 467 1503 518 κατ’
1561 468 1768 521 εἰκόνα
1801 469 1920 522 Θεο.

2053 470 2333 540 imaginem
2369 470 2467 524 Dei
2489 472 2614 541 fecit
2641 475 2832 545 illum;
2854 481 3147 538 masculum
3176 495 3225 540 et
3250 488 3503 557 feminam
3544 499 3626 567 fc-

371 548 658 615 ἐποίησεν
699 549 917 602 αὐτόν·
963 550 1152 620 ἄρσεν
1184 553 1283 607 καὶ
1323 552 1479 626 θῆλυ
1524 556 1810 625 ἐποίησεν
1841 563 1946 612 αι)-

372 639 532 702 τούς.
568 632 665 690 ’Ὧν
691 639 747 692 δὲ
777 641 808 705 ἠ
851 642 1013 710 φύσις
1055 646 1175 716 μία,
1214 647 1420 700 τούτων
1457 651 1551 702 καὶ
1590 651 1859 721 ἐνέργειαι
1887 655 1943 706 αἱ

371 728 644 813 αὐταί
677 726 750 784 ὧν
772 733 829 785 δὲ
856 734 917 787 τὸ
949 735 1106 807 ἔργον
1142 739 1274 800 ἴσον,
1299 741 1497 793 τούτων
1526 742 1615 794 καὶ
1643 745 1671 795 6
1701 743 1889 813 μισθὸς
1917 747 1945 798 6

368 824 546 885 αὑτός.
587 810 689 876 Διά
732 825 787 878 τί
836 822 950 892 οὖν,
1006 828 1197 900 ἀνδρὸς
1247 831 1523 903 μνησθεὶς,
1575 834 1675 904 τὴν
1703 810 1945 903 ⁷γυναῖκα

366 913 783 986 ἀπεσιώπησεν;
829 919 949 972 Ὅτι
978 920 1168 992 ἀρκεῖν
1197 924 1463 993 ἡγήσατο,
1500 927 1627 995 μιᾶς
1654 925 1820 999 οὔσης
1843 929 1941 999 τῆς

368 1003 599 1072 φύσεως,
628 1008 691 1060 ὲκ
714 1005 808 1061 τοῦ
850 1012 1319 1084 ἡγεμονικωτέρου
1349 1014 1410 1067 τὸ
1438 1016 1557 1068 ὅλον
1585 1017 1936 1081 ἐνδείξασθαι.

364 1094 665 1162 Μακάριος
675 1093 787 1151 οὖν
796 1100 971 1168 ἀνὴρ,
989 1100 1055 1168 ὃς
1067 1104 1177 1157 οὐκ
1194 1104 1488 1175 ἐπορεύθη
1504 1108 1743 1172 ἐνβουλ
1752 1109 1789 1178 ᾖ
1799 1112 1941 1165 ἀσε-

365 1185 501 1240 ϐῶν.
523 1188 719 1243 Σκόπει
740 1191 847 1245 τῶν
878 1195 1137 1265 ῥημάτων
1156 1196 1215 1249 16
1240 1198 1464 1270 ἀκριϐὲς
1482 1201 1578 1271 (5),
1597 1203 1712 1266 πῶς
1732 1204 1935 1277 ἑκάστη

363 1277 509 1345 λέξις
545 1280 828 1351 δογμάτων
869 1286 1243 1358 πεπλήρωται.
1274 1292 1386 1344 Οὐκ
1412 1287 1584 1357 εἶπεν,
1626 1296 1722 1359 Ὃς
1751 1297 1811 1348 οὐ
1843 1313 1938 1349 πο·-

366 1373 580 1441 ρεύεται
613 1374 669 1426 ὲν
700 1374 857 1448 βουλῇ
886 1377 1119 1444 ἀσεϐῶν,
1165 1380 1300 1446 ἀλλ’,
1347 1384 1443 1449 Ὃς
1483 1386 1593 1438 οὐκ
1623 1385 1931 1456 ἐπορεύθη.

333 1478 337 1483 '
375 1459 434 1514 Ὁ
469 1463 568 1532 μὲν
598 1464 706 1535 γὰρ
750 1468 807 1519 ὲν
844 1467 934 1547 τῷ.
966 1468 1064 1540 βίῳ
1090 1473 1371 1543 τυγχάνων
1400 1473 1551 1529 οὔπω
1579 1480 1930 1550 μακαριστὸς,

361 1553 449 1607 διὰ
480 1554 541 1608 16
581 1556 773 1628 ἄδηλον
800 1561 898 1632 τῆς
940 1561 1244 1628 ἐκϐάσεως·
1275 1567 1303 1618 6
1341 1567 1397 1619 δὲ
1432 1569 1838 1641 συμπληρώσας
1866 1573 1934 1626 τὰ

359 1647 732 1735 ἐπιϐάλλοντα,
760 1653 854 1705 καὶ
892 1655 1267 1729 ἀναντιρῤἡτῳ
1298 1658 1440 1712 τέλει
1462 1661 1560 1732 τὴν
1592 1660 1736 1735 ζωὴν
1760 1682 1930 1717 κατα-

357 1738 596 1802 κλείσας,
627 1734 780 1805 οὗτος
814 1744 912 1816 ⁴ἤδη
943 1746 1198 1815 ἀσφαλῶς
1230 1749 1610 1822 μακαρίζεται.
1639 1755 1736 1809 Διά
1759 1757 1812 1809 τί
1840 1754 1931 1811 οὖν

2050 562 2121 614 cit
2178 578 2264 615 eos
2285 562 2350 615 ³².
2390 561 2629 629 Quorum
2689 579 2867 625 autem
2921 583 3118 631 natura
3171 594 3300 648 una,
3330 582 3520 640 horum
3544 561 3623 644 vet

2046 653 2290 708 actiones
2316 656 2514 709 eaedem
2544 675 2558 723 ;
2588 673 2818 728 quorum
2857 674 2939 718 est
2967 670 3175 736 aequale
3223 687 3381 743 Opus,
3425 682 3619 736 horum

2046 750 2101 795 et
2128 757 2337 799 merces
2360 747 2572 801 eadem.
2604 750 2783 815 Quare
2808 767 2959 823 ergo,
2990 758 3089 811 viri
3126 760 3266 816 facta
3317 769 3616 835 mentione,

2046 833 2324 889 mulierem
2375 840 2874 907 tacuitiQuoniam
2910 850 3046 904 satis
3097 866 3217 908 esse
3263 833 3616 927 existimavit,

2042 941 2164 980 cum
2184 942 2286 981 una
2310 931 2381 983 sit
2404 940 2597 986 natura
2617 933 2919 1001 amborum,
2949 953 3047 1007 per
3071 944 3390 1014 pracipuam
3407 962 3614 1016 partem

2043 1025 2212 1072 totum
2240 1019 2566 1089 signiﬁcare.
2589 1023 2783 1080 Beatus
2806 1026 2914 1098 93
2939 1030 3101 1099 igitur
3129 1035 3222 1098 vir,
3248 1039 3337 1107 qui
3362 1054 3463 1093 non
3488 1043 3614 1097 abiit

2038 1111 2095 1165 in
2119 1114 2343 1168 consilio
2388 1115 2692 1184 impiorum.
2732 1118 3024 1177 Considera
3061 1127 3347 1183 verborum
3390 1146 3615 1188 accura-

2041 1203 2243 1258 tionem
2279 1224 2294 1263 :
2334 1208 2599 1273 quomodo
2624 1211 2877 1279 qttmlibel
2906 1213 3073 1272 dictio
3096 1221 3381 1277 sententiis
3411 1225 3609 1280 referta

2037 1294 2131 1350 sit.
2166 1295 2282 1350 Non
2308 1297 2464 1365 dixit,
2497 1298 2597 1365 Qui
2635 1316 2740 1355 non
2776 1304 2890 1357 abit
2937 1304 2990 1360 in
3021 1309 3249 1364 consilio
3278 1311 3564 1381 impiorum
3594 1308 3615 1386 ;’

2039 1389 2157 1453 sed,
2194 1388 2297 1454 Qui
2327 1407 2431 1444 non
2463 1393 2614 1446 abiit.
2661 1394 2761 1460 Qui
2795 1396 2936 1451 enim
2967 1398 3019 1453 in
3064 1400 3166 1457 hac
3194 1403 3302 1458 vita
3342 1420 3611 1475 versatur,

2037 1479 2273 1559 nondum
2306 1491 2527 1551 propter
2558 1486 2822 1539 incertum
2868 1490 3073 1545 exitum
3117 1494 3305 1550 beatus
3336 1506 3421 1551 est
3464 1515 3607 1568 pra:-

2037 1556 2337 1626 dicandus:
2371 1574 2460 1642 qui
2488 1589 2617 1629 vero
2642 1590 2796 1631 suum
2821 1580 3390 1654 expleveritoﬂicium,
3418 1592 3612 1647 vitam-

2033 1677 2138 1731 que
2167 1675 2316 1718 certo
2356 1665 2462 1721 fine
2492 1666 2771 1736 clauserit,
2805 1673 2848 1726 is
2887 1673 2998 1741 jam
3028 1676 3216 1732 beatus
3252 1690 3365 1737 tuto
3389 1684 3607 1739 dicitur.

2033 1752 2145 1808 Cur
2174 1755 2338 1826 igitur
2369 1757 2512 1813 beati
2551 1760 2640 1827 qui
2665 1762 3023 1819 ambulant-in
3055 1767 3172 1838 lege
3202 1769 3460 1828 Domini?
3500 1792 3605 1831 non

358 1828 616 1898 μακάριοι
664 1832 711 1882 οξ
757 1833 1111 1904 πορευόμενοι
1155 1839 1212 1890 ὲν
1243 1838 1391 1910 νόμῳ
1443 1842 1679 1912 Κυρίου,
1728 1846 1787 1898 οὐ
1819 1847 1920 1921 γὰρ

2029 1846 2172 1899 enim
2201 1848 2289 1902 hic
2339 1847 2619 1918 Scriptura
2653 1866 2748 1907 eos
2776 1856 2865 1922 qui
2910 1858 3343 1930 ambulaverunt,
3376 1867 3470 1919 sed
3512 1882 3607 1923 eos

352 1919 480 1981 τοὺς
509 1922 873 1992 πορευθέντας
915 1928 1049 1991 ἐκεῖ,
1083 1929 1224 1982 ἀλλὰ
1248 1932 1374 1995 τοὺς
1413 1931 1492 1986 ἔτι
1532 1939 1928 2007 πορευομένους

355 2016 724 2081 μακαριστοὺς
771 2018 800 2069 6
844 2017 997 2086 λόγος
1030 2020 1237 2093 τίθεται
1266 2039 1280 2053 ·
1313 2023 1396 2076 ὅτι
1429 2027 1476 2078 oi
1505 2027 1567 2079 16
1602 2029 1804 2097 ἀγαθὸν
1837 2032 1929 2103 ἐρ-

350 2103 662 2176 γαζόμενοι,
690 2111 746 2163 ἐν
794 2111 940 2182 αὐτῷ
970 2112 1048 2183 τῷ
1083 2112 1229 2185 ἔργῳ
1262 2115 1323 2168 τὸ
1360 2117 1654 2173 ἀπόδεκτον
1678 2120 1889 2191 ἔχουσιν
1909 2141 1924 2156 ο

349 2197 398 2248 οἱ
426 2195 483 2249 δὲ
516 2198 575 2251 τὸ
603 2201 770 2255 κακὸν
800 2202 1090 2272 φεύγοντες
1117 2206 1237 2271 οὐκ,
1266 2207 1358 2261 ἐὰν
1384 2208 1530 2276 ἅπαξ
1563 2228 1662 2264 που
1691 2213 1723 2284 ἧ
1747 2213 1927 2266 δεύτε-

353 2306 443 2360 ρον
473 2291 759 2346 ὲκκλίνωσι
805 2295 906 2366 τὴν
959 2298 1254 2369 ἁμαρτίαν,
1308 2303 1602 2370 ὲπαινετοὶ,
1662 2305 1777 2358 ἀλλ’
1828 2306 1925 2361 ἐὰν

342 2378 611 2453 δυνηθῶσι
637 2384 730 2437 τοῦ
760 2387 931 2440 κακοῦ
961 2390 1059 2459 τὴν
1089 2393 1282 2461 πεῖραν
1315 2394 1396 2456 εἰς
1422 2393 1483 2446 16
1512 2396 1773 2460 παντελὲς
1796 2398 1916 2451 δια-

342 2473 553 2545 δρᾶναι.
596 2477 690 2531 Ἐκ
717 2478 773 2532 δὲ
800 2481 896 2551 τῆς
912 2481 1005 2534 τοῦ
1030 2482 1187 2553 λόγου
1239 2485 1555 2551 ἀκολουθίας
1605 2490 1699 2543 καὶ
1739 2491 1922 2562 ἕτερον

342 2571 476 2639 ἡμῖν
506 2570 709 2643 ἄπορον
731 2574 973 2645 ἀνεφάνη
990 2576 1090 2647 (6).
1106 2578 1203 2631 Διά
1223 2579 1276 2630 τί
1294 2578 1415 2649 οὐχ).
1428 2580 1521 2635 τὸν
1558 2583 1923 2654 κατορθοῦντα

344 2660 441 2732 τὴν
472 2662 672 2734 ἀρετὴν
700 2666 1016 2737 μακαρίζει,
1042 2669 1179 2723 ἀλλά
1202 2671 1292 2723 τὸν
1330 2672 1405 2744 μὴ
1432 2674 1767 2744 πεποιηκότα
1823 2675 1921 2746 τὴν

343 2752 652 2823 ἁμαρτίαν;
687 2754 871 2820 Οὕτως
897 2757 1005 2829 γὰρ
1028 2760 1122 2812 καὶ
1152 2761 1336 2828 ἵππος,
1368 2764 1460 2816 καὶ
1480 2762 1628 2833 βοῦς,
1658 2764 1751 2817 καὶ
1776 2763 1921 2829 λίθος

344 2846 833 2918 μακαρισθήσεται.
850 2851 1006 2905 Ποῖον
1029 2852 1138 2924 γάρ
1159 2853 1363 2924 ἄψυχον
1382 2855 1510 2926 ἔστη
1534 2859 1592 2910 ἐν
1613 2856 1716 2926 ὀδῷ
1742 2859 1919 2929 ἀμαρ-

337 2937 525 2991 τωλῶν
547 2960 561 3005 ,
578 2942 777 3011 ῆ-ποῖον
790 2941 980 3010 ἄλογον
994 2945 1085 2997 ἐπὶ
1100 2944 1337 3018 καθέδρᾳ
1353 2947 1426 3019 (7)
1446 2946 1646 3018 λοιμῶν
1665 2950 1884 3003 ἐκάθισε
1898 2969 1913 3017 ;

338 3030 547 3102 Μικρὸν
580 3031 678 3102 μὲν
706 3028 797 3086 οὖν
845 3034 1140 3104 ἀναμείνας
1162 3080 1174 3095 ,
1222 3037 1472 3109 εὑρήσεις
1507 3039 1563 3092 16
1593 3039 1747 3111 ἴαμα.
1795 3042 1918 3094 Ἐπ-

336 3120 458 3189 άγει
486 3123 612 3194 γάρ’
634 3122 785 3178 Ἀλλ’
804 3124 839 3194 ἣ
866 3126 935 3179 ἐν
958 3126 1031 3197 (8)
1053 3126 1131 3191 τῷ
1164 3126 1324 3197 νόμῳ
1350 3130 1572 3197 Κυρίου
1598 3133 1663 3185 τὸ
1686 3131 1914 3202 θέλημα

2030 1935 2120 2005 qui
2149 1937 2327 2017 adhuc
2352 1937 2650 2003 ambulant,
2679 1942 2933 2008 praedicat
2964 1945 3150 2002 beatos
3182 1966 3197 2003 :
3232 1953 3483 2019 quoniam
3511 1956 3604 2025 qui

2032 2027 2233 2084 faciunt
2261 2031 2481 2099 bonum,
2510 2033 2564 2087 in
2592 2033 2706 2102 ipsa
2736 2036 2947 2091 actione
2978 2054 3383 2110 consequuntur
3410 2061 3607 2118 appzo'

2026 2119 2342 2187 bationem;
2380 2122 2477 2176 sed
2547 2123 2639 2192 qui
2694 2125 2867 2180 vitant
2918 2129 3137 2195 malum,
3194 2133 3446 2191 laudandi
3495 2156 3602 2195 non

2026 2222 2171 2277 sunt,
2201 2213 2246 2267 si
2280 2214 2422 2269 forte
2438 2216 2605 2270 semel
2626 2229 2719 2271 aut
2743 2220 2937 2274 iterum
2960 2234 3238 2292 peccaturo
3257 2229 3601 2298 evitaverint,

2023 2304 2117 2358 sed
2151 2306 2195 2358 si
2222 2308 2444 2362 omnino
2479 2310 2605 2363 mali
2635 2312 3027 2379 experientiam
3055 2317 3329 2375 declinare
3368 2324 3598 2389 possint.

2023 2390 2200 2459 Atque
2230 2393 2390 2446 etiam
2417 2393 2585 2449 altera
2618 2396 2907 2454 dillicultas
2930 2414 2994 2455 ex
3019 2403 3280 2460 orationis
3306 2411 3447 2463 serie
3479 2424 3601 2465 sese

2023 2481 2181 2537 nobis
2229 2483 2476 2539 obtulit:
2513 2485 2623 2541 Cur
2666 2502 2790 2543 eum
2837 2492 2925 2560 qui
2980 2493 3110 2549 colit
3161 2496 3439 2565 virtutem,
3488 2516 3596 2556 non

2026 2569 2170 2624 dicat
2199 2571 2437 2641 beatum,
2466 2578 2562 2630 sed
2603 2591 2747 2644 eum,
2789 2581 2879 2650 qui
2906 2594 3185 2646 peccatum
3226 2603 3334 2642 non
3358 2591 3593 2648 admisit.

2019 2657 2134 2715 Hac
2163 2664 2307 2717 enim
2333 2668 2546 2722 ratione
2563 2681 2754 2739 equus,
2774 2672 2870 2728 bos
2897 2682 2951 2727 et
2982 2674 3117 2745 lapis
3142 2675 3323 2734 felices
3347 2691 3598 2750 poterunt

2019 2754 2300 2823 appellari.
2347 2758 2479 2826 Quae
2529 2762 2674 2816 enim
2724 2777 2811 2818 res
2861 2765 3155 2822 inanimata
3209 2773 3359 2826 stetit
3410 2774 3460 2825 in
3506 2775 3593 2829 via

2016 2852 2401 2917 peccatorum?
2422 2861 2653 2921 antqua;
2676 2870 2764 2911 res
2789 2858 3014 2912 rationis
3036 2874 3231 2930 expers
3255 2862 3307 2916 in
3333 2865 3591 2922 cathedra

2015 2942 2333 3010 pestilentiae
2358 2946 2539 3001 sedit?
2569 2946 2819 3004 Profecto
2843 2951 2887 3005 si
2921 2952 3196 3020 paululum
3235 2966 3596 3024 exspectave-

2016 3031 2111 3098 ris,
2146 3034 2442 3090 remedium
2466 3035 2729 3093 invenies.
2764 3037 2932 3094 Infert
2964 3041 3108 3096 enim
3142 3042 3335 3114 (vus.
3362 3045 3451 3115 2):
3482 3047 3588 3102 Sed

2014 3121 2069 3175 in
2126 3124 2236 3194 lege
2291 3124 2511 3184 Domini
2563 3128 2808 3184 voluntas
2853 3131 2986 3201 ejus.
3037 3130 3207 3188 Porro
3233 3135 3427 3191 divinae
3456 3137 3589 3208 legis

335 3213 541 3268 αὐτοῦ.
558 3216 712 3270 Θείου
727 3218 782 3271 δὲ
798 3220 960 3289 νόμου
981 3220 1175 3290 μελέτη
1194 3220 1286 3272 ἐπὶ
1316 3221 1407 3274 τόν
1431 3222 1644 3290 λογικὸν
1663 3224 1819 3294 μόνον
1838 3224 1912 3297 (9)
1942 3202 1983 3258 C
2018 3213 2297 3271 ωεδίιίηίο
2320 3217 2370 3271 εί
2398 3217 2522 3284 5°“:
2564 3219 2657 3289 (ἰοί
2684 3221 2954 3291 Ρλνιίθθβε
2978 3223 3206 3278 rationis
3237 3235 3343 3293 35":
3382 3241 3585 3281 ⁰⁰¹⁸νθ⁶

337 3306 545 3363 πίπτει.
569 3308 758 3379 Ἡμεῖς
781 3310 836 3364 δὲ
860 3314 1078 3366 κάκεῖνο
1097 3313 1205 3386 (10)
1228 3314 1474 3385 λέγομεν,
1506 3316 1587 3369 ὅτι
1620 3315 1760 3387 ἀρχὴ
1779 3319 1913 3389 πρὸς

333 3395 431 3467 τὴν
469 3398 731 3469 ἀνάληψιν
760 3403 866 3455 τῶν
896 3400 1094 3470 καλῶν,
1135 3405 1167 3475 ἡ
1203 3404 1546 3475 ἀναχώρησις
1572 3406 1678 3461 τῶν
1704 3408 1908 3462 κακῶν.

336 3490 664 3546 Ἕκκλινον
697 3494 825 3568 γὰρ,
862 3498 1048 3569 φησιν,
1089 3499 1208 3554 ἀπὸ
1261 3500 1472 3565 κακοῦ,
1508 3503 1608 3557 καὶ
1649 3505 1912 3572 ποίησον

331 3581 577 3650 ἀγαθόν.

399 3669 452 3722 4.
472 3671 656 3741 Σοφῶς
672 3670 763 3728 οὖν
790 3676 881 3728 καὶ
912 3678 1174 3749 ἐντέχνως
1193 3685 1485 3754 προσάγων
1514 3687 1659 3756 ἡμᾶς
1690 3689 1771 3750 εἰς
1796 3688 1906 3759 (Η)

327 3760 547 3833 ἀρετὴν,
578 3765 675 3836 τὴν
700 3768 1048 3841 ἀναχώρησιν
1070 3774 1169 3843 τῆς
1194 3775 1394 3839 κακίας
1418 3777 1591 3848 ἀρχὴν
1614 3778 1908 3849 ἐποιήσατο

332 3849 434 3903 τῶν
483 3852 681 3907 καλῶν.
726 3856 789 3908 Εἰ
819 3857 927 3928 γὰρ
966 3858 1126 3922 εὐθὺς
1179 3861 1447 3931 προέϐαλέ
1484 3880 1565 3915 σοι
1601 3864 1671 3917 τά
1702 3864 1903 3931 τέλεια,

323 3941 657 4015 ἀπώκνησας
697 3947 762 4001 ἂν
789 3949 925 4020 πρὸς
967 3950 1064 4021 τὴν
1096 3953 1436 4024 ἐγχείρησινο
1474 3953 1568 4007 νῦν
1595 3954 1651 4007 δὲ
1681 3958 1792 4018 τοῖς
1823 3957 1908 4009 εὐ-

327 4033 672 4106 ληπτοτέροις
725 4055 784 4091 σε
823 4041 1154 4110 προσεθίζει,
1203 4044 1289 4096 ἵνα
1335 4045 1753 4119 κατατολμήσῃς
1794 4047 1903 4101 τῶν

326 4123 537 4194 ἑφεξῆς.
573 4128 814 4198 Κλίμακι
854 4131 961 4202 γὰρ
1011 4135 1389 4205 προσεοικέναι
1422 4137 1587 4206 φαίην
1620 4135 1684 4191 ἂν
1728 4136 1902 4206 ἔγωγε

323 4225 420 4293 τῆς
448 4226 725 4292 εὐσεϐείας
765 4238 863 4302 την
892 4231 1122 4302 ἄσκησιν
1147 4251 1160 4263 ⁸
1212 4233 1440 4304 κλίμακι
1466 4233 1671 4307 ἐκείνῃ,
1696 4233 1764 4305 ἣν
1788 4232 1897 4288 εἶδέ

2015 3303 2114 3358 nit.
2138 3303 2247 3360 Nos
2277 3315 2458 3361 autem
2492 3317 2547 3363 et
2575 3309 2705 3364 illud
2758 3311 3006 3379 dicimus,
3044 3314 3367 3384 principium
3408 3317 3584 3371 bono-

2015 3411 2131 3449 rum
2162 3398 2637 3466 acquirendorum,
2666 3417 2938 3457 recessum
2968 3418 3090 3460 esse
3117 3421 3148 3461 a
3175 3407 3335 3463 malo.
3366 3408 3585 3465 Declina

2011 3505 2043 3541 α
2077 3488 2240 3555 malo,
2271 3490 2463 3562 inquit,
2493 3503 2540 3548 et
2569 3494 2655 3563 [ac
2683 3495 2874 3549 bonum
2894 3496 2958 3549 ³³.

2078 3685 2353 3758 4.1ιιι‹ιιιθ
2393 3704 2517 3744 cum
2569 3692 2639 3746 ad
2693 3694 2946 3749 virtutem
2980 3711 3078 3750 nos
3132 3697 3429 3763 induceret,
3486 3715 3577 3755 sa-

2008 3776 2225 3846 pienter
2247 3794 2308 3833 ac
2343 3779 2479 3836 scite
2503 3781 2758 3836 vitiorum
2808 3782 3010 3855 fugam,
3046 3787 3308 3841 bonorum
3355 3790 3566 3844 initium

2008 3869 2168 3923 fecit.
2200 3869 2413 3925 Etenim
2449 3873 2493 3927 si
2525 3875 2705 3929 statim
2753 3890 2815 3932 ea
2859 3891 2981 3946 quae
3026 3885 3149 3931 sunt
3192 3878 3449 3947 perfecta,
3481 3879 3574 3934 tibi

2003 3963 2389 4031 proposuisset,
2440 3965 2510 4020 ad
2536 3981 2598 4021 ea
2653 3970 2904 4023 tentanda
2961 3969 3156 4025 fuisses
3192 3970 3570 4038 cunctantior;

2004 4069 2147 4108 nunc
2172 4068 2300 4110 vero
2338 4056 2405 4110 ad
2428 4071 2492 4111 ea
2520 4072 2640 4127 quae
2667 4069 2823 4130 captu
2857 4048 3095 4116 faciliora
3126 4070 3268 4126 sunt,
3305 4072 3355 4118 te
3388 4078 3574 4119 assue-

2004 4143 2151 4210 facit,
2183 4154 2242 4200 ut
2261 4161 2324 4201 ea
2341 4162 2458 4217 quas
2475 4158 2792 4219 sequuntur.
2818 4152 3154 4222 aggrediare.
3187 4151 3298 4222 Ego
3321 4155 3571 4224 equidem

2004 4237 2219 4305 pietatis
2248 4240 2696 4296 exercitationem
2729 4242 2890 4297 scalae
2921 4245 3256 4299 consimilem
3286 4259 3406 4300 esse
3446 4261 3569 4300 cre-

331 4347 451 4383 ποτε
485 4333 513 4383 6
542 4334 807 4404 μακάριος
847 4335 1060 4395 Ἰακὼϐ.
1088 4333 1156 4408 ἦς
1182 4338 1252 4391 τὰ
1292 4338 1391 4408 μὲν
1439 4332 1507 4408 ἦν
1533 4336 1802 4408 πρόσγειά
1840 4354 1898 4390 τε

2021 4329 2253 4395 liderim,
2296 4332 2543 4388 videlicet
2564 4336 2720 4389 scalae
2744 4335 2838 4399 illi,
2869 4352 3031 4406 quam
3051 4336 3239 4392 beatus
3254 4336 3419 4393 Iacob
3438 4338 3567 4393 olim

324 4434 419 4485 καὶ
448 4435 558 4504 (l2)
592 4436 925 4508 χαμαίζηλα,
950 4440 1017 4493 τά
1050 4441 1107 4493 δὲ
1135 4442 1277 4513 ὑπὲρ
1308 4442 1470 4495 αὐτὸν
1493 4442 1593 4512 ἤδη
1631 4441 1721 4497 τὸν
1745 4443 1900 4495 οὐοα-

2021 4420 2153 4489 ridit,
2206 4423 2361 4494 cujus
2404 4425 2621 4495 quidem
2671 4442 2798 4495 pars
2840 4440 3044 4483 terram
3103 4430 3377 4498 tangebat,
3429 4438 3570 4482 erat-

318 4533 408 4585 v6v
438 4535 758 4591 ἀνετείνετο.
788 4537 949 4591 Ὥστε
973 4537 1053 4591 δεῖ
1075 4542 1201 4603 τοὺς
1229 4542 1615 4613 εἰσαγομένους
1646 4543 1783 4614 πρὸς
1805 4543 1895 4597 τὸν
1927 4558 1970 4611 ι)
1999 4527 2107 4582 que
2160 4514 2308 4569 humi
2341 4517 2619 4620 {'epressa’
2674 4532 2800 4586 pars
2831 4534 2960 4573 vero
2998 4520 3168 4573 altera
3208 4520 3346 4573 "ma

319 4635 439 4679 κατ.
479 4635 678 4679 dum,“
706 4636 817 4679 mm
848 4640 960 4679 mf,
989 4637 1225 4679 “dm”
1254 4640 1482 4679 annm?!
1510 4642 1900 4679 ,mﬁfmemd
1998 4605 2191 4660 etelum
2220 4609 2615 4675 porrigebatur.
2653 4607 2831 4675 Quare
2862 4625 3083 4666 necesse
3123 4618 3229 4674 est,
3278 4619 3338 4665 ut
3392 4626 3428 4665 ll
3470 4626 3564 4679 qm

2371 4648 2584 4675 ,μω-...ι
2601 4648 2615 4661 .

1995 4704 2123 4748 sunt
2189 4697 2257 4749 ad
2309 4698 2565 4752 virtutem
2629 4699 2995 4767 instituendi,
3050 4702 3241 4770 primis
3308 4702 3565 4771 gradibus

1992 4785 2316 4841 admoveant
2344 4789 2654 4861 vestigium,
2680 4790 2913 4862 indeque
2935 4796 3003 4849 ad
3051 4804 3340 4864 sequentes
3366 4796 3563 4865 gradus

318 4850 454 4922 πρὸς
480 4851 542 4905 16
580 4852 800 4923 ἐφικτὸν
830 4853 964 4923 ὕψος
1001 4857 1068 4925 τῇ
1113 4854 1424 4927 ἀνθρωπίνῃ
1472 4855 1630 4925 φύσει
1675 4855 1761 4910 διά
1792 4856 1891 4926 τῆς

2021 4892 2202 4947 empcr
2224 4850 2516 4950 progressi:
2544 4850 2758 4939 tandem
2787 4850 3040 4954 paulatim
3063 4850 3470 4958 progredienydo,
3494 4889 3559 4942 ad

314 4959 432 5011 κατ’
464 4958 642 5029 ὀλίγον
668 4961 952 5033 προκοπῆς
981 4961 1273 5015 ἀναϐῶσιν.
1311 4962 1521 5034 Ὥσπερ
1548 4958 1640 5015 οὖν
1669 4963 1759 5015 ἐπὶ
1791 4962 1889 5031 τῆς

2023 4965 2324 5024 ltitudinem
2365 4970 2615 5028 humanae
2659 4985 2865 5031 natura:
2912 4992 3017 5031 non
3062 4978 3321 5047 imparem
3369 4993 3558 5048 perve-

381 5096 425 5125 ³²
464 5095 658 5151 Genes.
681 5113 736 5162 .t,
760 5097 851 5153 27.
927 5098 972 5130 ³³
1010 5096 1154 5153 Psal.
1188 5112 1379 5163 xxxvr,
1412 5097 1504 5151 27.

319 4635 439 4686 κατ’
479 4635 678 4707 ἀρετὴν
704 4636 817 4706 βίον
848 4640 960 4701 τοῖς
989 4637 1225 4710 πρώτοις
1253 4640 1482 4712 βαθμοῖς
1509 4642 1819 4697 ἐπιϐάλλειν
1837 4644 1900 4697 τὸ

319 4740 485 4810 ἴχνος,
517 4741 770 4797 κάκεῖθεν
797 4744 886 4798 ἀεὶ
916 4743 1026 4799 τῶν
1066 4746 1263 4817 ἑφεξῆς
1307 4748 1630 4812 ἐπιϐαίνειν,
1681 4748 1788 4813 ἕως
1828 4749 1895 4803 ἂν

2053 5239 2129 5318 _(9)
2157 5240 2721 5318 Rek._se_cundus_ér:t
2765 5244 2875 5298 τῶν
2905 5244 3138 5315 λογικῶν
3189 5248 3369 5318 μόνον.
3402 5248 3551 5304 Colb.

1982 5311 2188 5380 primus
2218 5311 2311 5365 ἐπὶ
2339 5312 2400 5365 τὸ
2427 5312 2661 5380 λογικόν.

2053 5378 2165 5451 (10)
2196 5380 2323 5436 Post
2356 5378 2538 5437 vocent
2574 5386 2797 5439 κάκεῖνο
2839 5386 2890 5439 in
2936 5387 3109 5444 tribus
3157 5403 3288 5442 mss.
3337 5389 3555 5442 additur

2027 5449 2166 5502 όνον.

1986 5467 2166 5595 Ἒωόοἶῇ
2193 5519 2465 5595 scriptum
2514 5522 2786 5595 invenitur
2835 5526 2890 5579 in
2937 5526 3109 5580 tribus
3147 5542 3275 5581 mss.
3315 5527 3553 5595 εἰσάγων

1979 5591 2125 5667 ἡμᾶς
2147 5590 2302 5667 πρός.
2336 5592 2536 5667 Ibidem
2566 5594 2694 5667 Reg.
2725 5597 2916 5667 tertius
2941 5594 3286 5667 ἀναχώρησιν
3314 5597 3423 5651 τῶν
3451 5590 3551 5653 κα.-

1977 5659 2090 5738 κῶν
2106 5659 2280 5738 316566
2290 5678 2470 5738 μενος,
2495 5659 2668 5734 ἀρχὴν
2688 5665 2798 5738 τῶν
2827 5666 3007 5738 καλῶν
3037 5659 3251 5738 εὕρατο.
3564 5704 3569 5709 ε

2044 5729 2155 5852 (1ὶὲ
2177 5729 2316 5788 Editi
2344 5729 2607 5804 πρόσγεια
2626 5729 2827 5795 Statim
2855 5736 2985 5794 mss.
3015 5729 3253 5795 nonnulli
3285 5738 3552 5811 πρόσγειά

2063 5817 2131 5852 κα
2159 5839 2173 5852 .

1974 5817 2031 5854 τε
2063 5817 2173 5854 και.

410 5236 459 5302 ι)
491 5236 582 5290 Sic
610 5253 740 5290 mss.
766 5237 1028 5307 plerique.
1054 5239 1216 5292 Abest
1253 5238 1514 5291 articulus
1546 5238 1612 5291 ab
1632 5240 1869 5295 excusis.

382 5234 457 5364 {5)
489 5306 663 5360 Edilio
693 5309 863 5363 Paris.
896 5308 1086 5362 σκόπει
1110 5307 1218 5362 τῶν
1247 5307 1503 5364 ῥημάτων
1537 5308 1597 5361 16
1626 5310 1869 5364 ἀκριϐὲς.

405 5305 457 5367 5)
489 5306 663 5380 Editio
693 5305 1503 5380 Paris.Acx6net16wpqpét1tuv
1537 5308 1597 5361 16
1626 5310 1871 5379 ἀκριϐὲς,

309 5375 500 5445 σκόπει
527 5377 665 5441 πῶς,
712 5391 819 5433 etc.
867 5376 971 5432 Sed
1004 5395 1101 5432 vox
1145 5375 1334 5433 σκόπει
1384 5379 1558 5445 primo
1612 5375 1875 5432 duntaxat

306 5441 425 5498 loco
456 5446 506 5517 in
538 5461 663 5500 mss.
699 5446 915 5517 legitur,
935 5463 1033 5502 nec
1062 5449 1254 5502 mirum
1283 5449 1333 5502 id
1354 5441 1523 5502 videri
1553 5449 1729 5512 debet,
1752 5464 1871 5502 cum

306 5516 544 5586 secundo
573 5519 688 5569 loco
718 5530 940 5586 prorsus
971 5520 1253 5575 redundet.

377 5582 454 5660 ἐξ)
483 5582 667 5660 Pedes
701 5582 838 5643 ιῐηυε
870 5587 1064 5660 ἐφάνη-

376 5651 449 5730 ςςι)
481 5654 617 5730 Editj
649 5666 705 5709 et
743 5672 876 5713 mss.
905 5651 1111 5727 aliquot
1141 5656 1544 5730 καθέδρᾳ.ΑΙίί,
1577 5656 1863 5729 καθέδρας.

303 5718 745 5809 Αιίξέξεθέδραν.
855 5797 888 5809 η
994 5718 1027 5809 ’,
1451 5718 1672 5809 πῄ...

370 5790 447 5863 (8)
476 5794 567 5849 Sic
593 5790 750 5867 uiss.,
780 5797 973 5868 quibus
1000 5796 1185 5856 favent
1221 5797 1410 5854 Biblia.
1451 5797 1591 5853 Editi
1620 5797 1756 5852 ἀλλὰ
1782 5800 1860 5855 ἐν.
