4048 6220
429 261 532 322 219

1730 264 1789 321 S.
1829 260 2076 319 BASlLll
2108 260 2328 320 MAGNI

3573 261 3686 319 220

431 381 605 436 niant.
635 378 1102 447 Quemadmodum
1126 380 1291 453 igitur
1307 380 1361 436 in
1379 380 1526 437 scala
1560 381 1765 453 primus
1785 383 2003 454 gradus,

2115 381 2372 452 κλίμακος
2403 378 2593 452 πρώτη
2647 376 2912 442 ἀνάϐασις
2945 376 2979 448 ἡ
3022 375 3123 447 τῆς
3164 374 3269 448 γῆς
3314 374 3685 449 ἀναχώρησις,

426 484 677 527 recessus
725 470 794 525 ab
828 470 994 525 humo
1040 478 1169 527 est:
1214 460 1289 527 ita
1338 471 1393 527 in
1428 474 1553 528 vita:
1582 472 1829 529 instituto
1858 472 2001 542 quod

427 561 723 618 secundum
754 561 919 617 Deum
950 561 1043 629 sit,
1070 563 1348 633 profectus
1400 564 1638 628 initium,
1670 564 1944 620 discessus
1969 578 2000 618 a

431 651 574 706 maio
595 658 702 707 est.
733 650 964 708 Prorsus
994 664 1176 709 autem
1207 653 1422 710 facilius
1447 664 1532 711 est
1560 657 1786 711 omnino
1814 654 2000 719 otiari,

429 753 590 808 quam
607 738 830 809 quodvis
857 756 991 810 opus
1004 741 1183 798 facere
1199 761 1210 795 :
1233 744 1382 800 verbi
1400 745 1605 815 gratia:
1631 743 1750 799 Non
1762 745 2004 810 occides;

430 846 536 885 non
579 831 948 898 machaberis;
985 850 1087 888 non
1115 835 1375 901 iuraberis
1398 836 1463 891 ".
1498 835 1696 891 Horum
1730 836 2007 906 quodlibet

431 934 637 975 meram
686 923 919 978 actionis
956 933 1011 978 et
1046 932 1224 980 motus
1268 925 1625 995 privationem
1657 926 1908 997 postulat.
1940 926 2007 980 ll-

433 1010 524 1065 lud
551 1026 699 1079 vero,
718 1012 918 1083 Diliges
945 1017 1241 1085 proximum
1269 1026 1416 1070 tuum
1443 1017 1576 1071 sicut
1604 1018 1894 1086 teipsum”;
1919 1026 2001 1072 et:

443 1101 619 1159 Vende
647 1122 764 1176 quia
784 1107 966 1172 habes,
998 1118 1046 1162 et
1075 1109 1143 1160 da
1166 1108 1480 1177 pauperibus
1496 1109 1561 1175 ³⁶;
1594 1119 1648 1163 et
1674 1127 1687 1162 :
1711 1108 1773 1164 Si
1805 1110 1923 1180 quis
1957 1118 2006 1162 te

433 1197 783 1265 angariaverit
817 1198 961 1252 mille
981 1216 1189 1269 passus,
1215 1203 1343 1256 uade
1369 1218 1487 1256 cum
1515 1199 1606 1255 illo
1632 1202 1737 1255 duo
1753 1201 1819 1267 ³⁷,
1846 1201 2003 1268 digna

435 1287 653 1344 athletis
695 1304 858 1359 opera
901 1300 1061 1357 sunt,
1108 1292 1303 1362 quibus
1356 1293 1633 1363 patrandis
1690 1293 2003 1363 animojam

436 1379 562 1434 forti
600 1391 655 1436 et
685 1392 904 1438 strenuo
933 1398 1068 1454 opus
1096 1394 1198 1439 est.
1229 1385 1412 1451 Quare
1462 1385 1608 1440 illius
1661 1386 1861 1441 mirare
1913 1401 2006 1442 sa-

436 1471 716 1539 pientiam,
747 1475 838 1544 qui
886 1490 980 1545 per
1034 1490 1098 1530 ea
1137 1491 1257 1546 quae
1289 1474 1535 1532 faciliora
1586 1487 1641 1532 et
1673 1477 2009 1547 expeditiora

437 1572 586 1629 sunt,
618 1564 683 1618 ad
711 1564 1094 1634 perfectionem
1139 1582 1237 1622 nos
1271 1567 1511 1623 deducit.
1547 1567 1673 1621 Tria
1706 1578 1888 1623 autem
1912 1583 2010 1624 no—

435 1663 522 1720 bis
557 1666 837 1733 proposuit
859 1667 1054 1723 merito
1082 1668 1345 1735 cavenda,
1378 1683 1448 1724 ne
1478 1668 1730 1724 videlicet
1754 1669 2009 1727 abeamus

434 1755 491 1810 in
524 1756 749 1812 consilio
772 1756 1084 1828 impiorum,
1109 1773 1178 1814 ne
1198 1768 1404 1815 stemus
1428 1760 1482 1815 in
1519 1761 1600 1815 via
1633 1771 2004 1829 peccatorum,
2040 1742 2083 1798 Β

433 1858 507 1901 ne
530 1847 583 1902 in
615 1849 874 1904 cathedra
907 1850 1231 1920 pestilentia:
1264 1854 1571 1908 sedeamus.
1611 1852 1814 1909 Rerum
1853 1865 2010 1910 natu-

438 1952 556 1992 ram
583 1949 822 2004 secutus,
837 1939 1114 2012 θάμνοι-θα
1138 1943 1240 1999 hoc
1258 1943 1447 1998 ordine
1468 1944 1751 2013 disposuit.
1769 1945 2007 2002 Primum

436 2032 581 2087 enim
607 2031 1004 2100 deliberamus;
1027 2033 1221 2088 deinde
1242 2033 1684 2090 deliberationem
1706 2037 2007 2106 ﬁrmamus;

437 2131 712 2192 postremo
742 2123 903 2178 rebus
941 2123 1255 2179 deliberatis
1284 2124 1611 2183 insistimus.
1634 2126 1777 2185 Ante
1823 2118 2006 2183 omnia

440 2214 608 2284 igitur
633 2216 829 2271 mentis
847 2225 1044 2271 nostrae
1059 2215 1322 2272 munditia
1347 2217 1669 2274 declaranda
1693 2234 1812 2277 erat
1828 2221 2008 2287 beata,

439 2306 695 2374 quoniam
764 2307 967 2367 {cordis
1021 2310 1376 2378 {propositum
1457 2311 1734 2367 actionum
1816 2327 2009 2382 corpo-

440 2410 659 2452 rearum
746 2399 900 2453 radix
990 2401 1224 2457 exsistit.
1297 2400 1642 2457 Adulterium
1731 2404 1876 2460 enim
1956 2404 2009 2459 in

437 2486 740 2559 voluptuosi
808 2489 984 2545 anima
1052 2491 1228 2562 primo
1308 2492 1589 2548 incensum
1645 2532 1664 2560 ,
1740 2495 1816 2549 ita
1890 2509 2011 2550 eam

440 2582 844 2651 corruptionem
909 2599 1029 2655 quae
1101 2600 1198 2656 per
1247 2600 1446 2656 corpus
1529 2586 1627 2653 ﬁt,
1681 2588 1839 2657 parit.
1898 2586 2010 2643 Un-

443 2669 510 2725 de
565 2679 621 2725 et
667 2672 928 2726 Dominus
978 2673 1124 2728 intus
1171 2690 1294 2730 esse
1350 2676 1425 2730 ait
1485 2690 1606 2745 qua
1664 2678 2016 2748 coinquinant

444 2760 718 2817 hominem
745 2761 810 2818 ³⁸.
856 2762 1119 2829 Quoniam
1179 2776 1359 2820 autem
1408 2765 1701 2822 admissum
1756 2767 1809 2821 in
1847 2768 2013 2822 Deum

442 2864 760 2923 peccatum,
809 2854 1059 2923 impietas
1096 2855 1316 2924 proprie
1360 2855 1582 2921 dicitur,
1618 2857 1760 2911 absit
1808 2867 1865 2911 ut
1915 2873 2018 2912 un-

445 2960 607 3016 quam
647 2947 714 3002 de
760 2946 872 3003 Deo
915 2961 1013 3014 per
1054 2946 1481 3002 incredulitatem
1523 2949 1863 3005 dubitemus!
1901 2950 2015 3005 Hoc

2101 470 2272 535 οὕτως
2289 469 2382 523 ἐπὶ
2405 469 2506 541 τῆς
2533 468 2675 524 κατὰ
2703 468 2835 523 Θεὸν
2860 466 3156 535 πολιτείας,
3183 465 3326 538 ἀρχὴ
3344 466 3454 538 (13)
3481 485 3689 540 προκο-

2102 563 2210 635 πῆς
2243 564 2271 616 6
2295 562 2570 634 χωρισμὸς
2598 562 2693 615 τοῦ
2722 559 2917 616 κακοῦ.
2944 559 3121 624 Ὅλως
3148 558 3206 612 δὲ
3231 560 3380 614 πᾶσα
3396 559 3561 632 ἀργία
3588 564 3691 619 καὶ

2103 656 2203 727 τῆς
2229 656 2499 727 τυχούσης
2525 653 2780 727 πράξεώς
2807 656 2956 707 ἐστιν
2978 651 3361 724 εὐμαρεστέρα
3379 667 3394 682 ⁸
3430 647 3562 720 οἷον,
3597 654 3686 707 Οὐ

2103 748 2450 818 φονεύσεις-ο
2477 748 2550 801 οὐ
2582 747 2958 817 μοιχεύσειςο
3010 745 3083 799 οὐ
3140 743 3408 813 κλέψεις.
3464 743 3690 816 ’Δργίας

2103 839 2304 892 τούτων
2320 837 2547 892 ἕκαστον
2568 837 2664 892 καὶ
2680 838 2971 909 ἀκινησίας
2988 835 3181 891 δεῖται.
3209 834 3556 905 Ἀγαπήσεις
3571 835 3689 907 (14)

2104 933 2210 986 τὸν
2241 932 2510 1001 πλησίον
2541 946 2658 986 σου
2684 932 2767 998 ὡς
2792 930 3056 985 σεαυτόν
3081 945 3096 959 ο
3121 928 3236 996 καὶ,
3253 927 3547 999 Πὼλῄσόν
3566 943 3692 985 σου

2104 1024 2177 1079 τὰ
2203 1022 2571 1093 ὑπάρχοντα,
2620 1024 2721 1078 καὶ
2782 1021 2887 1089 δὸς
2937 1020 3194 1092 πτωχοῖς
3216 1039 3229 1053 ·
3264 1021 3379 1088 καὶ,
3427 1021 3561 1076 Ἐάν
3591 1021 3691 1090 τις

2106 1131 2180 1170 σε
2209 1116 2576 1185 ἀγγαριεύσῃ
2601 1115 2809 1185 μίλιον
2846 1114 2934 1181 ἓν,
2958 1114 3149 1185 ὕπαγε
3184 1115 3310 1185 μετ’
3337 1115 3522 1169 αὐτοῦ
3553 1114 3688 1180 δύο,

2106 1205 2456 1277 ὲνεργήματά
2479 1206 2626 1259 ἐστιν
2655 1204 2915 1276 ἀθληταῖς
2942 1205 3239 1277 πρέποντα,
3266 1205 3361 1258 καὶ
3387 1203 3563 1275 ψυχῆς
3585 1205 3688 1276 ῆδη

2107 1297 2365 1367 νεανικῆς
2391 1297 2622 1366 δεόμενα
2657 1296 2795 1366 πρὸς
2820 1295 3176 1367 κατόρθωσιν.
3217 1294 3379 1348 Ὥστε
3410 1294 3692 1366 θαύμασον

2106 1391 2206 1461 τὴν
2236 1389 2428 1459 σοφίαν
2454 1390 2547 1443 τοῦ
2599 1390 2688 1445 διά
2719 1389 2828 1444 τῶν
2856 1388 3278 1462 εὐμαρεστέρων
3306 1388 3400 1442 καὶ
3427 1387 3686 1459 εύληπτοο

2108 1480 2167 1534 τέ
2176 1497 2281 1552 ρων
2292 1480 2576 1548 ἐνάγοντος
2588 1483 2622 1551 ὴ
2632 1481 2736 1551 μᾶς
2752 1480 2888 1553 πρὸς
2904 1480 3000 1552 τὴν
3011 1478 3452 1551 τελείωσιν.Τρία
3475 1478 3533 1532 δὲ
3564 1496 3692 1550 προ-

2110 1571 2299 1626 έϐαλεν
2318 1573 2448 1643 ἡμῖν
2464 1573 2533 1628 τά
2554 1570 2801 1642 φυλακῆς
2817 1570 2962 1639 ἄξια,
2989 1571 3063 1644 μὴ
3086 1570 3417 1644 πορευθῆναι
3441 1572 3498 1625 ὲν
3524 1570 3689 1643 βουλῇ

2109 1663 2341 1729 ἀσεϐῶν,
2375 1664 2449 1737 μὴ
2482 1667 2673 1736 στῆναι
2717 1666 2775 1717 ἐν
2803 1663 2907 1735 όδῷ
2934 1662 3293 1736 ἁμαρτωλῶν,
3331 1662 3407 1733 μὴ
3430 1661 3693 1731 καθεσθῆ-

2111 1772 2199 1811 ναι
2237 1756 2330 1809 ἐπὶ
2372 1755 2637 1828 καθέδρας
2671 1755 2783 1827 (15)
2816 1755 3040 1827 λοιμῶν.
3087 1755 3166 1826 Τῇ
3212 1753 3372 1824 φύσει
3409 1753 3519 1806 τῶν
3557 1770 3697 1823 πρα-

2111 1848 2337 1919 γμάτων
2358 1846 2644 1919 ἑπόμενος,
2688 1846 2788 1918 τὴν
2816 1845 2968 1912 τάξιν
3000 1844 3201 1916 ταύτην
3230 1846 3340 1908 τοῖς
3382 1842 3694 1915 εἰρημένοις

2112 1939 2399 2011 ἐπέθηκεν.
2434 1937 2806 2010 Βουλευόμεθα
2833 1937 2941 2010 γάρ
2982 1937 3276 2009 πρότερον,
3309 1931 3429 1990 εἶτα
3456 1934 3692 2004 ἱστῶμεν

2112 2034 2173 2087 τὸ
2205 2033 2476 2104 βούλευμα
2497 2073 2512 2097 ,
2545 2029 2664 2086 εἶτα
2710 2034 2823 2095 τοῖς
2863 2030 3225 2102 βουλευθεῖσιν
3260 2028 3688 2100 ὲναπομένομεν.

2115 2120 2476 2197 Πρώτωςοῦν
2520 2122 2856 2196 μακαριστὸν
2888 2121 2949 2175 τὸ
2978 2125 3037 2175 ὲν
3080 2124 3147 2193 τῇ
3175 2121 3384 2192 διανοίᾳ
3413 2119 3571 2191 ήμῶν
3598 2136 3695 2173 και

2115 2216 2299 2290 θαρὸν,
2329 2215 2516 2287 ἐπειδὴ
2551 2215 2676 2287 ῥίζα
2714 2214 2823 2268 τῶν
2861 2213 2949 2267 διὰ
2979 2212 3073 2266 τοῦ
3109 2211 3361 2284 σώματος
3400 2211 3693 2283 ἐνεργειῶν

2115 2310 2175 2363 τὸ
2199 2311 2255 2362 ὲν
2292 2307 2489 2379 καρδία
2520 2307 2811 2377 βούλευμα.
2857 2306 2921 2359 Ἡ
2951 2305 3059 2377 γὰρ
3087 2303 3321 2376 μοιχεία,
3367 2304 3423 2357 ὲν
3446 2305 3511 2374 τῇ
3542 2303 3691 2375 ψυχῇ

2114 2382 2208 2454 τοῦ
2232 2399 2340 2472 (16)
2378 2399 2658 2471 φιληδόνου
2694 2396 2909 2470 πρῶτον
2954 2395 3370 2467 ἀναφλεχθεῖσα,
3410 2393 3552 2448 οὕτω
3592 2394 3695 2466 τὴν
3730 2394 3737 2402 ’

2115 2491 2202 2545 διά
2241 2489 2335 2544 τοῦ
2371 2490 2621 2562 σώματος
2667 2488 2873 2559 φθορὰν
2912 2487 3305 2560 ἀπεργάζεται.
3339 2486 3502 2540 Ὅθεν
3538 2486 3635 2540 καὶ
3664 2488 3694 2540 6

2116 2582 2318 2654 Κύριός
2337 2599 2499 2653 φησιν
2519 2581 2728 2635 ἔνδοθεν
2748 2576 2970 2635 εἶναιτὰ
2987 2580 3267 2635 κοινοῦντα
3280 2580 3370 2633 τὸν
3385 2578 3480 2635 άνθ
3489 2595 3690 2651 ρωπον.

2129 2673 2345 2747 Ἐπειδὴ
2368 2674 2425 2728 δὲ
2447 2673 2670 2729 ἀσέϐεια
2685 2673 2888 2747 κυρίως
2905 2673 3118 2742 λέγεται
3134 2675 3167 2745 ἡ
3190 2673 3270 2737 είς
3281 2671 3412 2726 Θεὸν
3427 2671 3694 2744 ἁμαρτία⁹

2123 2767 2199 2840 μὴ
2214 2767 2424 2837 γένοιτο
2438 2766 2693 2835 δέξασθαι
2709 2769 2743 2839 ἡ
2753 2769 2858 2839 μᾶς
2876 2766 2936 2831 ἐξ
2952 2766 3207 2830 ἀπιστίας
3224 2764 3353 2819 ποτὲ
3366 2764 3695 2836 ἀμφιϐολίαν

2123 2859 2252 2930 περὶ
2281 2858 2416 2912 Θεοῦ
2444 2860 2456 2913 !
2486 2858 2658 2912 Τοῦτο
2678 2860 2787 2930 γάρ
2811 2860 2926 2912 ἐστι
2944 2858 3004 2912 τὸ
3028 2856 3389 2926 πορευθῆναι
3408 2854 3698 2926 ὲνβουλῇ

2120 2949 2376 3015 ἀσεϐῶν,
2415 2949 2511 3004 ὲάν
2559 2952 2720 3024 εἴπῃς
2767 2951 2827 3002 ὲν
2876 2951 2943 3020 τῇ
2990 2948 3189 3022 καρδίᾳ
3219 2966 3347 3002 σουο
3386 2943 3536 3020 Ἀρα
3578 2947 3698 3001 ἔστι

449 3053 685 3108 namque
717 3048 801 3094 est
846 3039 1038 3093 abiisse
1077 3040 1134 3094 in
1171 3039 1388 3094 consilio
1425 3041 1725 3110 impiorum,
1764 3044 1807 3096 si
1841 3042 1891 3096 in
1925 3051 2013 3098 tuo

2120 3041 2253 3107 Θεὸς
2283 3042 2561 3115 κυϐερνῶν
2592 3043 2663 3097 τά
2696 3043 3025 3114 σύμπαντα;
3054 3038 3166 3113 ἆρα
3197 3040 3312 3095 ἔστι
3339 3039 3472 3105 Θεὸς
3514 3041 3573 3093 ἐν
3612 3040 3698 3093 ού-

449 3132 617 3187 corde
640 3130 840 3186 dixeris
865 3148 879 3185 :
905 3130 1040 3185 Num
1072 3131 1211 3187 Deus
1231 3141 1336 3198 est,
1363 3131 1455 3200 qui
1489 3132 1740 3188 universa
1774 3132 2018 3189 modere-

450 3229 544 3278 tur
568 3231 623 3277 et
649 3221 947 3294 gubernet?
972 3221 1109 3278 Num
1133 3223 1275 3278 Deus
1299 3225 1353 3278 in
1378 3223 1531 3280 caelis
1556 3232 1658 3290 est,
1683 3225 1775 3295 qui
1803 3225 2019 3296 dispen-

453 3322 540 3370 set
566 3312 813 3385 singula?
835 3322 990 3370 estne
1021 3312 1324 3383 judicium?
1349 3314 1488 3370 Num
1516 3315 1807 3387 unicuique
1826 3331 2019 3372 secun-

450 3405 580 3461 dum
612 3420 778 3474 opera
823 3420 920 3461 sua
965 3406 1310 3462 retribuenda
1344 3416 1429 3463 est
1465 3409 1712 3464 merces?
1744 3409 1851 3464 Cur
1880 3424 2012 3481 ergo

445 3494 576 3565 justi
616 3502 795 3565 egent,
844 3504 1157 3565 peccatores
1201 3513 1332 3554 vero
1387 3497 1666 3553 abundant
1705 3498 1934 3568 opibus?
1962 3498 2017 3553 hi

448 3600 614 3657 aegra,
647 3587 721 3641 illi
761 3585 919 3641 ﬁrma
958 3599 1084 3643 sunt
1120 3586 1467 3643 valetudine?
1494 3588 1549 3643 hi
1581 3587 1907 3654 inhonorati,
1943 3588 2018 3642 illi

365 3699 373 3705 ’
448 3686 576 3734 sunt
602 3679 837 3733 maximo
862 3679 916 3733 in
935 3679 1173 3734 honore?
1194 3677 1442 3748 Nunquid
1475 3678 1697 3735 fortuito
1731 3680 1905 3734 fertur
1930 3679 2020 3736 hic

450 3771 705 3836 mundus,
741 3781 796 3826 et
828 3771 1106 3829 temerarii
1140 3771 1357 3841 quidam
1401 3786 1561 3827 casus
1599 3772 2020 3843 uniuscujusque

450 3864 621 3919 vitam
651 3873 853 3919 temere
874 3865 1217 3934 partiuntur?
1247 3866 1371 3921 Haec
1391 3864 1438 3919 si
1459 3865 1807 3936 cogitaveris,
1835 3865 2020 3920 abiisti

451 3954 507 4011 in
540 3956 771 4011 consilio
821 3957 1132 4027 impiorum.
1181 3958 1380 4014 Beatus
1418 3957 1607 4029 igitur,
1647 3958 1738 4027 qui
1790 3959 1857 4014 de
1909 3956 2019 4013 Deo

454 4046 594 4102 nihil
622 4046 808 4102 habuit
830 4047 1204 4115 dubitationis,
1230 4048 1322 4117 qui
1345 4048 1485 4102 circa
1509 4047 1797 4117 praesentia
1826 4046 2021 4117 pusillo

451 4158 559 4199 non
590 4153 674 4198 est
696 4143 898 4208 animo,
933 4143 1027 4198 sed
1056 4152 1336 4214 exspectat
1379 4143 1556 4199 futura
1581 4160 1597 4209 ;
1628 4144 1714 4199 cui
1747 4143 2020 4200 incredula

451 4236 522 4291 de
549 4249 634 4302 eo,
652 4236 744 4304 qui
776 4250 876 4289 nos
900 4235 1129 4299 creavit,
1157 4235 1394 4304 suspicio
1431 4249 1538 4290 non
1576 4233 1793 4290 insedit.
1823 4234 2020 4289 Beatus

452 4337 633 4383 autem
665 4337 721 4382 et
756 4326 863 4393 ille,
888 4328 977 4395 qui
1013 4330 1067 4381 in
1091 4327 1176 4381 via
1198 4336 1541 4398 peccatorum
1569 4341 1674 4382 non
1703 4326 1870 4382 stetit.
1898 4325 2016 4380 Vita

2121 3134 2287 3205 ρανῷ,
2301 3134 2596 3206 οίκονομῶν
2611 3135 2680 3189 τά
2693 3136 2805 3207 (17)
2819 3135 2941 3190 καθ’
2953 3134 3182 3188 ἕκαστον
3197 3150 3212 3200 ;
3234 3128 3342 3206 ἆρα
3358 3132 3536 3206 κρίσις
3550 3149 3565 3195 ;
3586 3127 3698 3204 ἆρα

2120 3223 2476 3288 άνταπόδοσις
2509 3224 2724 3295 ἑκάστῳ
2744 3224 2887 3279 κατά
2916 3224 2977 3278 τὸ
2996 3223 3155 3295 ἔργον
3179 3221 3379 3289 αὐτοῦ;
3408 3224 3505 3276 Διὰ
3528 3222 3582 3275 τί
3602 3217 3697 3276 οὖν

2123 3314 2324 3369 δίκαιοι
2360 3315 2634 3384 πένονται,
2680 3317 2774 3370 καὶ
2827 3315 3144 3388 ἁμαρτωλοὶ
3172 3314 3524 3380 πλουτοῦσιν;
3551 3308 3696 3368 οὗτοι

2120 3401 2681 3466 ἀσθενοῦσι,κάκεῑνοι
2711 3403 3015 3478 ἔρῤωνται;
3051 3399 3194 3458 οὗτοι
3226 3403 3428 3476 ἄτιμοι,
3456 3404 3713 3458 κάκεῖνοι·

2119 3492 2354 3560 ἒνδοξοι;
2389 3496 2615 3566 Μήποτε
2643 3495 2963 3567 αὐτομάτως
2987 3496 3016 3548 6
3056 3496 3261 3568 κόσμος
3307 3495 3556 3568 φέρεται,
3599 3493 3695 3550 καὶ

2124 3585 2406 3656 συντυχίαι
2456 3587 2602 3651 τινὲς
2657 3586 2841 3655 ἄλογοι
2894 3586 3144 3652 ἀτάκτως
3191 3587 3406 3657 ἑκάστῳ
3455 3585 3698 3658 ἀποκληο-

2122 3676 2276 3751 ροῦσι
2321 3678 2432 3750 (18)
2476 3680 2603 3742 τοὺς
2637 3678 2815 3749 βίους;
2852 3679 2978 3733 Ἐάν
3008 3677 3182 3733 ταῦτα
3224 3677 3535 3750 διανοηθῇς,
3567 3680 3695 3732 επο-

2125 3768 2321 3840 ρεύθης
2350 3772 2407 3823 ὲν
2439 3768 2599 3841 βουλῇ
2623 3768 2856 3824 ἀσεϐῶν.
2888 3768 3175 3841 Μακάριος
3206 3764 3299 3823 οὖν
3330 3769 3390 3831 ὃς
3407 3770 3508 3822 οὐκ
3536 3767 3695 3823 ἔλαϐε

2121 3862 2250 3933 περὶ
2302 3860 2438 3914 Θεοῦ
2471 3860 2789 3932 δισταγμὸν,
2829 3861 2858 3913 6
2892 3860 2968 3932 μὴ
3000 3858 3418 3933 μικροψυχήσας
3452 3860 3584 3931 περὶ
3622 3858 3695 3916 τὰ

2121 3952 2384 4023 παρόντα,
2417 3951 2531 4005 ἀλλ’
2564 3952 2850 4024 ἀναμένων
2877 3951 2947 4005 τά
2977 3952 3437 4025 προσδοκώμενα’
3488 3953 3548 4017 ὃς
3593 3952 3694 4008 οὐκ

2120 4046 2246 4116 ἔσχε
2301 4045 2430 4117 περὶ
2477 4043 2571 4098 τοῦ
2619 4044 2905 4109 κτίσαντος
2935 4046 3083 4117 ἡμᾶς
3129 4045 3395 4117 ὑπόληψιν
3441 4044 3690 4099 ἄπιστον.

2119 4138 2406 4209 Μακάριος
2438 4135 2495 4190 δὲ
2532 4136 2806 4201 κάκεῖνος,
2860 4134 2921 4200 ὃς
2954 4138 3012 4192 ὲν
3063 4134 3168 4208 όδῷ
3212 4135 3549 4209 ἁμαρτωλῶν
3593 4136 3692 4190 οὐκ

2120 4228 2272 4301 έστη.
2321 4227 2469 4291 Ὁδὸς
2494 4228 2592 4300 μὲν
2624 4222 2717 4282 οὖν
2748 4231 2777 4283 6
2809 4227 2923 4299 βίος
2970 4227 3186 4301 εἴρηται
3218 4228 3305 4282 διὰ
3332 4229 3432 4300 τὴν
3466 4230 3603 4300 πρὸς
3632 4228 3692 4282 τὸ

2118 4321 2272 4385 τέλος
2291 4320 2521 4374 ἑκάστου
2549 4318 2656 4375 τῶν
2695 4319 3063 4391 γεννηθέντων
3082 4317 3309 4385 ἕπειξιν.
3341 4321 3556 4393 ’Ὠσπερ
3582 4319 3695 4392 γὰρ

451 4420 642 4491 utique
685 4419 880 4475 dicitur
917 4420 1027 4486 via,
1059 4420 1202 4491 quod
1239 4419 1467 4490 quilibet
1503 4419 1556 4472 in
1591 4418 1752 4472 vitam
1804 4417 2013 4483 ingres-

2118 4413 2168 4466 οί
2213 4415 2270 4465 ἐν
2313 4413 2425 4477 τοῖς
2456 4410 2663 4475 πλοίοις
2702 4410 3054 4477 καθεύδοντες
3095 4411 3417 4483 αὐτομάτως
3449 4411 3555 4466 ὑπὸ
3595 4409 3691 4465 τοῦ

451 4528 568 4580 sus,
614 4513 680 4568 ad
717 4513 878 4568 linem
919 4521 1187 4582 properet.
1231 4510 1691 4579 Quemadmodum
1738 4509 1882 4562 enim
1926 4507 2019 4576 qui

453 4606 508 4663 in
538 4606 767 4678 navigiis
794 4608 1088 4673 dormiunt,
1115 4614 1363 4676 sponte_a
1397 4612 1559 4659 vento
1603 4603 1656 4656 in
1705 4610 1896 4670 portus
1926 4600 2019 4654 de-

452 4700 742 4767 ducuntur,
803 4707 861 4755 et
905 4698 1155 4767 quamvis
1208 4697 1308 4768 ipsi
1355 4709 1694 4768 nequaquam
1755 4694 2016 4759 sentiant,

450 4808 643 4849 cursus
692 4801 869 4847 tamen
911 4805 1004 4847 eos
1049 4791 1118 4846 ad
1156 4789 1443 4846 terminum
1492 4787 1797 4858 urget:sic
1834 4795 1892 4842 et
1918 4800 2018 4841 nos

452 4884 727 4942 dimuente
754 4884 878 4938 vitae
900 4894 1100 4939 nostra:
1127 4889 1387 4951 tempore,
1427 4877 1728 4935 insensibili
1764 4878 1892 4933 vitae
1917 4891 2013 4932 no-

455 4960 583 5036 atrae~
627 4993 790 5034 cursu
838 4977 987 5032 velut
1036 4974 1295 5030 continuo
1338 4971 1568 5042 quodam
1622 4981 1677 5029 et
1718 4969 2016 5041 irrequieto

464 5083 613 5129 motu
662 5070 1026 5140 unusquisque
1065 5068 1133 5123 ad
1175 5067 1454 5137 proprium
1481 5065 1641 5119 tinem
1676 5063 2013 5121 festinamus.

2122 4505 2429 4577 πνεύματος
2444 4506 2537 4559 ἐπὶ
2567 4504 2792 4577 λιμένας
2825 4504 3067 4575 ἄγονται,
3102 4504 3206 4560 κάν
3231 4506 3386 4560 αὐτοὶ
3409 4505 3484 4577 μὴ
3509 4503 3696 4558 αἰσθά-

2121 4618 2340 4663 νωνται,
2367 4598 2482 4653 ἀλλ’
2505 4600 2534 4652 6
2569 4598 2768 4671 δρόμος
2794 4599 2992 4662 αὐτοὺς
3014 4599 3152 4671 πρὸς
3173 4597 3233 4651 τὸ
3257 4597 3409 4661 τέλος
3441 4595 3651 4666 ἐπείγει
3675 4613 3690 4628 ’

2121 4693 2262 4749 οὕτω
2297 4692 2391 4746 καὶ
2419 4694 2598 4763 ἡμεῖς,
2622 4691 2717 4745 τοῦ
2745 4691 2938 4764 χρόνου
2967 4691 3068 4762 τῆς
3100 4690 3246 4761 ζωῆς
3287 4689 3447 4761 ἡμῶν
3475 4692 3694 4762 παραρ-

2125 4785 2356 4858 ρέοντος,
2375 4781 2484 4837 οἷόν
2534 4800 2639 4837 τινι
2667 4783 2879 4853 κινήσει
2908 4783 3123 4852 συνεχεῖ
3153 4781 3246 4835 καὶ
3268 4778 3530 4851 ἀπαύστῳ
3558 4779 3697 4850 πρὸς

2124 4877 2183 4931 τὸ
2227 4878 2424 4930 οἰκεῖον
2451 4875 2680 4938 ἕκαστος
2721 4874 2895 4944 πέρας
2929 4872 3007 4944 τῷ
3044 4872 3359 4927 λανθάνοντι
3388 4871 3574 4943 δρόμῳ
3595 4871 3693 4942 τῆς

2122 4967 2265 5038 ζωῆς
2302 4966 2458 5038 ἡμῶν
2499 4964 2956 5035 κατεπειγόμεθα.
2997 4956 3152 5029 Οἷον,
3190 4961 3495 5027 καθεύδεις,
3538 4960 3632 5014 καὶ
3664 4958 3695 5013 6

2123 5063 2312 5133 χρόνος
2344 5076 2404 5112 σε
2437 5057 2768 5129 παρατρέχει
2793 5074 2808 5089 ο
2862 5058 3201 5129 ὲγρήγορας,
3253 5056 3355 5110 καὶ
3389 5053 3615 5125 ἄσχολος
3645 5047 3698 5106 εί

529 5235 574 5267 ³⁸
612 5232 783 5290 Exod.
816 5249 887 5288 xx
917 5272 931 5297 ,
988 5232 1056 5287 15
1082 5259 1110 5273 -
1142 5228 1230 5285 15.
1306 5228 1350 5262 ³⁵
1399 5227 1587 5283 Matth.
1621 5243 1710 5281 xu.
1744 5268 1760 5295 ,
1809 5226 1896 5281 19.
1972 5224 2013 5257 ⁸⁸

2117 5223 2188 5278 id.
2212 5223 2301 5279 2L
2378 5222 2421 5253 ³⁷
2445 5219 2635 5275 Matth.
2661 5235 2713 5287 v,
2736 5218 2826 5274 41.
2867 5219 2912 5252 ³⁸
2940 5216 3131 5274 Matth.
3156 5216 3340 5285 xv,18.

528 5377 645 5448 (15)
672 5376 805 5448 Beg.
826 5374 1094 5448 secundus
1128 5373 1371 5448 quem,

530 5442 642 5518 (M)
671 5442 821 5518 Bai.
839 5445 1107 5501 secundus
1128 5443 1188 5518 τὸ
1308 5442 1676 5518 ΊᾹγαπήσεις.

529 5508 640 5584 (15)
677 5516 744 5570 Et
758 5508 860 5570 hic
890 5530 1105 5584 quoque
1134 5515 1189 5569 in
1225 5508 1494 5583 aliquibus
1525 5508 1665 5566 'tnss.
1692 5508 1891 5584 legitur
1919 5508 2013 5584 ξπ).

456 5577 743 5654 καθέδραν.
774 5585 883 5638 Nec
910 5577 1000 5639 ita'
1019 5577 1185 5639 inulto
1212 5577 1335 5653 posi
1384 5597 1518 5654 mss.
1548 5577 1801 5654 nonnulli
1835 5577 2014 5649 βουλό-

460 5650 664 5726 μεθα...
701 5654 1018 5726 βούλημα...
1039 5650 1402 5726 βουληθεῖσιν.
1428 5650 1667 5709 Subinde
1719 5651 1850 5720 Reg.
1899 5659 2012 5705 ter-

459 5723 566 5779 tius
592 5725 654 5777 τὸ
685 5723 967 5796 ἐγκάρδιον
999 5723 1265 5795 βούλημα.

2184 5363 2297 5435 (itii
2330 5361 2681 5435 Codexunus
2712 5359 2770 5435 έν
2808 5359 2875 5429 τῇ
2921 5355 3120 5428 καρδία
3167 5352 3286 5408 τοῦ.
3330 5350 3473 5407 Infra
3522 5350 3692 5406 codex

2112 5428 2251 5491 unus
2274 5428 2607 5503 ἀμφιϐολίαν
2632 5429 2771 5483 τινά.

2185 5490 2498 5575 (17)’(ὶιξιῐ›.
2566 5509 2753 5575 sextus
2888 5494 3189 5575 οἰκονομῶν
3222 5493 3304 5547 τό.
3340 5490 3693 5575 Statim‘au?

2114 5557 2243 5630 ms‘s.
2278 5557 2567 5634 ἀντίδοσις.
2621 5567 2864 5623 Subinde
2896 5570 3001 5623 duo
3032 5557 3215 5621 itidem
3271 5578 3403 5619 mss.
3439 5557 3584 5615 κατὰ
3618 5557 3689 5609 τά

2113 5640 2460 5717 ἔργαᾼαίιτοῦ.
2678 5709 2691 5717 _
2895 5706 2929 5717 Α
2972 5707 3003 5717 __
3192 5715 3198 5717 Α
3317 5705 3344 5717 _
3440 5703 3458 5717 ι
3552 5696 3603 5717 __

2186 5703 2297 5788 (18)
2321 5712 2454 5785 Reg.
2492 5709 2758 5770 secundus
2806 5718 2858 5767 et
2889 5706 3045 5765 Colb.
3087 5715 3272 5764 sextus
3316 5703 3687 5774 διακληροῦσι.
