4048 6220
383 387 479 444 221

1573 387 1853 444 HOMILlA
1896 389 1958 444 IN
2001 389 2328 444 PSALMUM
2361 389 2398 444 Ι.

3514 386 3627 444 29.2

379 503 481 574 τὴν
510 501 744 555 διάνοιαν
765 517 778 530 °
811 499 924 554 ἀλλ’
970 500 1119 570 ὅμως
1151 502 1184 571 ἡ
1227 500 1339 571 ζωὴ
1374 500 1696 563 δαπανᾶταί,
1729 501 1832 555 κᾶν
1854 501 1953 572 τὴν

2058 502 2300 571 Exempli
2349 517 2535 564 causa,
2582 501 2809 568 dormis,
2853 511 3061 571 tempus
3099 511 3149 556 te
3200 501 3369 572 fugit;
3412 502 3625 570 vigilas,

385 591 636 663 αἴσθησιν
660 590 817 660 ἡμῶν
868 589 1155 660 διαφεύγῃ.
1193 590 1402 662 Δρόμον
1426 586 1517 643 οὖν
1543 609 1660 644 τινα
1689 593 1955 663 τρέχομεν

387 684 587 747 πάντες
637 683 912 755 ἄνθρωποι
953 721 967 747 ,
998 682 1134 755 πρὸς
1191 681 1252 735 τὸ
1310 685 1505 737 οἰκεῖον
1549 685 1700 747 τέλος
1730 685 1957 748 ἕκαστος

385 775 724 844 ἐπειγόμενοι
773 774 917 845 (19)·
949 773 1039 826 διὰ
1074 773 1232 826 τοῦτο
1265 773 1466 839 πάντες
1520 776 1687 846 ἐσμὲν
1727 777 1782 828 ἐν
1827 774 1952 846 ὁδῷ.

385 867 490 921 Καὶ
503 865 642 918 οὕτω
656 866 700 918 δ’
715 865 778 919 ἂν
797 865 982 929 λάϐοις
1003 866 1102 937 τῆς
1131 865 1252 919 ὀδοῦ
1272 867 1368 936 τὴν
1385 867 1610 921 ἔννοιαν.
1648 867 1956 940 Ὀδοιπόρος

380 958 687 1030 ἐφέστηκας
703 959 779 1029 τῷ
797 958 896 1030 βίῳ
911 961 1082 1030 τούτῳ
1101 977 1116 988 ’
1141 959 1318 1013 πάντα
1339 960 1608 1032 παρέρχῃ,
1629 960 1807 1014 πάντα
1835 979 1957 1014 κατ-

384 1048 606 1102 ύπινσου
638 1050 865 1117 γίνεται.
904 1045 1057 1113 Εἶδες
1085 1051 1175 1103 ἐπὶ
1200 1051 1296 1121 τῆς
1322 1049 1440 1103 ὀδοῦ
1472 1052 1656 1120 φυτὸν,
1689 1051 1720 1122 ἦ
1751 1053 1887 1105 πόαν
1918 1051 1952 1122 ἦ

386 1139 549 1211 ὕδωρ,
563 1141 596 1213 ἢ
609 1142 637 1193 ὃ
649 1159 700 1194 τι
717 1141 782 1195 ἂν
798 1141 933 1213 τύχῃ
945 1142 1050 1194 τῶν
1067 1141 1253 1210 ἀξίωνμ
1268 1141 1556 1213 θεάματοςο
1582 1143 1775 1214 μικρὸν
1801 1144 1928 1216 ἐτέρ
1943 1175 1954 1184 -

389 1232 550 1301 φθης,
587 1229 707 1285 εἶτα
760 1233 1122 1305 παρέδραμες.
1156 1233 1323 1287 Πάλιν
1354 1234 1602 1305 ἐνέτυχες
1636 1236 1822 1303 λίθοις,
1863 1238 1957 1291 καὶ

386 1324 644 1394 φάραγξι,
673 1325 768 1377 καὶ
797 1327 1078 1396 κρημνοῖς,
1102 1326 1196 1378 καὶ
1227 1326 1534 1392 σκοπέλοις,
1563 1328 1655 1380 καὶ
1682 1329 1954 1398 σκόλοψιν,

386 1415 496 1484 (9.0)
528 1416 678 1486 ἦπου
705 1416 796 1469 καὶ
813 1415 1040 1488 θηρίοις,
1059 1418 1152 1470 καὶ
1174 1417 1442 1488 ἑρπετοῖς,
1464 1419 1555 1472 καὶ
1567 1419 1846 1484 ἀκάνθαις,
1862 1422 1956 1474 καί

384 1523 526 1560 τισιν
540 1506 717 1570 ἄλλοις
731 1507 838 1560 τῶν
851 1506 1114 1578 ὀχληρῶν·
1135 1509 1328 1580 μικρὸν
1348 1509 1595 1581 ὴνιάθης,
1613 1507 1729 1564 εἶτα
1747 1512 1956 1565 κατέλι-

391 1615 505 1661 πες.
536 1600 787 1664 Τοιοῦτος
827 1604 854 1654 6
898 1601 1042 1672 βίος,
1080 1600 1203 1654 οὔτε
1241 1601 1310 1655 τὰ
1333 1603 1539 1674 τερπνά
1584 1604 1804 1674 μόνιμοι,
1831 1604 1952 1656 οὔτε

384 1692 452 1743 τὰ
491 1691 710 1764 λυπηρά
762 1694 961 1766 διαρκῆ
1007 1694 1365 1766 κεκτημένος.
1410 1695 1474 1746 ἸΙ
1525 1695 1640 1759 ὁδὸς
1688 1696 1786 1748 ούκ
1840 1695 1953 1748 ἔστι

389 1782 474 1854 σὴ,
519 1783 632 1836 ἀλλ’
670 1785 791 1838 οὐδέ
836 1785 904 1840 τὰ
943 1787 1186 1859 παρόντα
1218 1787 1308 1844 σά.
1355 1786 1477 1840 Ἐπὶ
1511 1785 1618 1839 τῶν
1639 1787 1949 1854 ὁδευόντων,

2056 603 2110 647 et
2146 593 2320 662 agitas
2358 591 2557 663 aliquid
2616 603 2827 659 mente;
2873 594 3222 648 nihilominus
3274 603 3451 648 tamen
3493 594 3621 658 vita,

2056 684 2268 738 etiamsi
2316 699 2420 738 non
2463 684 2780 752 sentiamus,
2827 685 3148 741 absumitur.
3176 684 3374 741 Omnes
3403 700 3532 756 ergo
3556 683 3623 738 ad

2056 777 2332 846 propriam
2397 778 2626 848 quisque
2693 787 2890 832 metam
2961 787 3342 848 properantes,
3404 793 3622 832 cursum

2057 870 2343 938 quemdam
2374 868 2667 934 currimus,
2701 871 3055 938 quamobrem
3081 885 3265 924 smnus
3304 871 3354 924 in
3386 869 3472 924 via
3510 885 3619 923 0m-

2060 976 2175 1015 nes.
2210 959 2323 1014 Hoc
2348 961 2511 1014 etiam
2542 961 2699 1014 modo
2727 963 2869 1014 viam
2903 961 3198 1031 intelligere
3230 962 3422 1038 possis.
3446 963 3501 1016 ln
3527 962 3629 1016 hac

2058 1050 2165 1103 vita
2197 1051 2375 1104 viator
2401 1066 2493 1116 es;
2526 1052 2703 1104 omnia
2745 1061 3046 1120 transeunt,
3076 1062 3197 1122 post
3237 1065 3443 1123 tergum
3477 1064 3624 1108 tuum

2063 1140 2439 1208 relinquuntur
2465 1139 2668 1193 omnia.
2699 1139 2964 1204 Plantam,
3000 1143 3244 1206 herbam,
3282 1159 3498 1212 aquam,
3536 1150 3628 1196 aut

2058 1232 2271 1300 quidvis
2309 1232 2452 1286 aliud
2503 1213 2719 1302 aspectu
2772 1233 2990 1303 dignum
3032 1235 3084 1287 in
3122 1234 3203 1286 via
3239 1234 3415 1287 vidisti
3449 1253 3461 1287 :
3494 1249 3628 1303 pau-

2063 1322 2171 1374 lum
2213 1321 2532 1387 ohlectatus,
2584 1337 2709 1374 mox
2763 1323 3030 1390 prmteris.
3071 1323 3278 1375 Rursus
3320 1322 3369 1374 in
3399 1321 3624 1388 lapides,

2059 1413 2360 1477 convalles,
2402 1413 2719 1482 praecipitia,
2752 1413 3000 1482 scopulos
3026 1424 3079 1469 et
3113 1414 3283 1481 palos,
3319 1423 3411 1466 aut
3462 1413 3626 1467 etiam

2059 1505 2111 1557 in
2144 1503 2312 1568 feras,
2335 1504 2397 1556 in-
2429 1505 2682 1558 animalia
2715 1505 2976 1573 repentia,
3009 1507 3060 1558 in
3092 1506 3293 1574 spinas,
3325 1513 3379 1561 et
3407 1505 3458 1559 in
3482 1503 3628 1557 aliud

2057 1596 2284 1664 quodvis
2323 1595 2678 1650 infortunium
2732 1598 2966 1652 incidisti
2995 1614 3008 1650 :
3036 1612 3316 1668 posmuam
3345 1613 3403 1653 es
3439 1597 3631 1667 paulu-

2057 1687 2166 1740 lum
2197 1687 2450 1755 aﬂlictus,
2481 1704 2604 1743 mox
2636 1690 2736 1744 ista
2763 1689 3048 1760 reliquisti.
3077 1689 3198 1744 Vita
3221 1701 3302 1746 est
3325 1687 3582 1758 ejusmodi
3609 1703 3624 1740 :

2061 1796 2236 1850 neque
2272 1781 2388 1849 ejus
2422 1782 2628 1837 delicia:
2657 1797 2830 1852 neque
2867 1783 3122 1839 molestia:
3168 1793 3479 1838 constanter
3504 1796 3628 1852 per:

385 1875 519 1946 ὁμοῦ
549 1894 606 1928 τε
629 1877 658 1929 6
685 1875 898 1948 πρῶτος
925 1877 984 1931 τὸ
1015 1855 1157 1949 ῖχνος
1181 1879 1420 1950 ἐκίνησε,
1452 1878 1546 1932 καὶ
1587 1878 1748 1942 εὐθὺς
1776 1882 1803 1934 6
1835 1883 1950 1951 μετ’

2056 1881 2326 1927 severant.
2361 1871 2473 1926 Tua
2502 1889 2610 1927 non
2644 1882 2728 1929 est
2753 1875 2866 1929 haec
2895 1875 3000 1938 via,
3040 1889 3214 1944 neque
3257 1883 3360 1929 tuae
3385 1885 3513 1929 sunt
3541 1891 3627 1931 res

387 1968 548 2020 αὑτὸν
589 1975 686 2042 τὴν
729 1969 884 2040 βάσιν
919 1972 1137 2042 ἤνεγκε,
1173 1972 1268 2026 καὶ
1314 1971 1431 2043 μετ’
1455 1973 1660 2025 ἐκεῖνον
1697 1974 1726 2025 6
1755 1973 1953 2043 ἐφεπόο

389 2074 562 2129 μενος.

455 2237 508 2293 5.
540 2239 734 2292 Σκόπει
775 2240 831 2292 δὲ
864 2241 956 2293 καὶ
995 2239 1062 2294 τὰ
1101 2239 1194 2294 τοῦ
1234 2241 1348 2313 βίου
1383 2243 1431 2295 εἰ
1466 2242 1539 2314 μὴ
1578 2241 1950 2314 παραπλήσια.

383 2329 629 2402 Σήμερον
657 2330 754 2401 τὴν
783 2331 885 2402 γῆν
921 2332 984 2384 σὺ
1009 2331 1379 2404 ὲγεώργῃσας,
1422 2333 1514 2386 καὶ
1554 2332 1739 2404 αὔριον
1775 2333 1950 2399 ἄλλος,

385 2422 479 2474 καὶ
508 2423 625 2493 μετ’
653 2424 856 2476 ἐκεῖνον
886 2423 1092 2495 ἔτερος.
1135 2424 1295 2495 Ὁρᾷς
1334 2406 1458 2488 τοὺς
1501 2425 1700 2497 ἀγροὺς
1734 2425 1955 2490 τούτους

385 2516 478 2566 καὶ
521 2516 618 2578 τὰς
661 2515 969 2580 πολυτελεῖς
1001 2517 1206 2582 οίκίας;
1258 2517 1406 2570 Πόσα
1439 2518 1536 2589 ἤδη
1581 2520 1815 2591 ὀνόματα
1862 2521 1954 2590 ἀφ’

385 2599 446 2660 οὗ
491 2609 681 2676 γέγονε
719 2609 923 2663 τούτων
949 2610 1057 2680 (21)
1095 2610 1323 2663 ἕκαστον
1365 2612 1602 2682 ἦμειψεὲ
1639 2613 1745 2666 Τοῦ
1785 2613 1956 2678 δεῖνος

389 2700 605 2768 ἐλέγετο
625 2742 640 2766 ,
691 2695 809 2754 εἶτα
852 2701 1242 2774 μετωνομάσθη
1278 2703 1414 2774 πρὸς
1452 2703 1636 2775 ἓτερον
1661 2720 1674 2735 ⁸
1706 2704 1842 2776 πρὸς
1865 2705 1954 2758 τὸν

386 2791 533 2844 δεῖνα
562 2791 844 2863 μετῆλθεν,
875 2788 993 2846 εἶτα
1022 2793 1116 2846 νῦν
1149 2792 1306 2846 ἄλλου
1334 2794 1570 2862 λέγεται.
1589 2791 1819 2866 Ἀρόὖν
1842 2795 1953 2867 (9‘2)

387 2883 485 2952 οὐχ
515 2882 630 2946 ὁδὸς
676 2883 831 2954 ἡμῶν
869 2885 897 2935 ὁ
928 2882 1061 2952 βίος,
1088 2883 1273 2938 ἄλλοτε
1308 2885 1463 2938 ἄλλον
1503 2887 1952 2957 μεταλαμϐάνων,

388 2975 482 3027 καὶ
505 2975 710 3038 πάντας
744 2975 880 3046 ἔχων
909 2975 1156 3046 ἀλλήλοις
1194 2977 1603 3048 ἐφεπομένουςς
1650 2977 1956 3046 Μακάριος

387 3061 480 3119 οὖν
527 3065 596 3132 ὃς
636 3067 732 3120 ἐπὶ
766 3065 872 3135 τῆς
909 3067 1053 3121 ὀδοῦ
1083 3065 1202 3120 τῶν
1232 3069 1590 3137 ἁμαρτωλῶν
1627 3073 1737 3124 οὐκ
1779 3071 1950 3141 ἕστη.

388 3158 460 3210 Τὸ
493 3157 570 3224 δὲ,
612 3160 732 3211 Οὐκ
760 3158 931 3226 ἔστη,
962 3160 1013 3212 τί
1061 3162 1246 3224 ἐστιν;
1297 3161 1414 3214 Ἔτι
1449 3161 1540 3214 ἐπὶ
1585 3163 1683 3232 τῆς
1731 3161 1954 3234 πρώτης

388 3249 601 3320 ἡλικίας
628 3250 778 3313 ὄντες
807 3251 856 3304 οἱ
885 3249 1182 3323 ἄνθρωποι,
1214 3251 1334 3304 οὔτε
1365 3253 1422 3305 ἐν
1446 3253 1613 3325 κακίᾳ
1630 3255 1814 3324 ἐσμὲν,
1833 3253 1954 3306 οὔτε

387 3343 447 3394 ἐν
481 3344 646 3414 ἀρετῇ
677 3342 1044 3413 (ἀνεπίδεκτος
1080 3344 1189 3416 γὰρ
1222 3345 1254 3414 ή
1289 3345 1471 3416 ἡλικία
1503 3345 1602 3414 τῆς
1628 3345 1792 3410 ἕξεως
1825 3347 1955 3398 ἐκα-

388 3430 570 3503 τέρας)
598 3449 611 3462 ·
641 3433 860 3486 ἐπειδὰν
906 3433 963 3486 δὲ
991 3435 1019 3486 6
1052 3433 1207 3502 λόγος
1227 3434 1384 3506 ἡμῶν
1413 3435 1806 3508 συμπληρωθῇ,
1836 3437 1954 3490 τότε

387 3521 594 3591 γίνεται
621 3522 679 3575 τὸ
709 3524 1087 3598 γεγραμμένον
1107 3541 1122 3555 ο
1180 3526 1508 3592 Ἐλθούσης
1535 3524 1603 3578 δὲ
1645 3525 1755 3595 τῆς
1798 3527 1958 3582 ἐντο-

386 3613 537 3684 λῆς,
594 3618 632 3684 ἡ
680 3616 933 3685 ἁμαρτία
984 3618 1304 3687 ἀνέζησεν,
1353 3618 1467 3688 ἐγὼ
1514 3617 1583 3671 δὲ
1630 3618 1952 3674 ἀπέθανον.

399 3706 846 3760 Ἐπανατέλλουσι
875 3709 981 3780 γὰρ
998 3709 1246 3780 λογισμοὶ
1271 3709 1519 3779 πονηροὶ,
1540 3710 1603 3763 ἐκ
1623 3710 1729 3762 τῶν
1770 3710 1956 3765 παθῶν

385 3798 482 3868 τῆς
514 3799 712 3869 σαρκὸς
743 3803 861 3864 ταῖς
882 3800 1080 3870 ψυχαῖς
1105 3801 1260 3872 ἡμῶν
1298 3800 1683 3871 ἐντικτόμενοι.
1729 3802 1820 3874 Τῷ
1841 3803 1956 3857 ὄντι

385 3891 492 3961 γὰρ
535 3889 762 3944 ἐλθοῦσα
791 3892 824 3962 ἡ
853 3892 1061 3963 ἐντολὴ,
1116 3891 1392 3946 τουτέστιν
1435 3895 1468 3963 ἡ
1517 3892 1815 3960 διάγνωσις
1845 3893 1955 3946 τῶν

387 3981 586 4048 καλῶν,
623 3983 719 4036 ἐὰν
752 3983 826 4054 μὴ
855 3985 1247 4056 κατακρατὴσῃ
1277 3983 1370 4036 τοῦ
1406 3983 1644 4054 χείρονος
1672 3983 1954 4056 λογισμοῦ,

389 4071 522 4125 ἀλλὰ
556 4075 885 4146 συγχωρήσῃ
921 4075 1024 4128 ὑπὸ
1051 4075 1158 4128 τῶν
1193 4074 1379 4129 παθῶν
1403 4075 1956 4147 ἐξανδραποδισθῆναι

388 4165 476 4215 τὸν
503 4164 757 4236 λογισμόν
777 4183 790 4194 ·
815 4167 1046 4238 ἀνέζησε
1083 4167 1181 4239 μὲν
1215 4170 1248 4238 ἡ
1291 4167 1554 4238 ἁμαρτία,
1581 4168 1816 4221 ἀπέθανε
1844 4169 1900 4223 δὲ
1929 4171 1957 4223 6

389 4247 531 4314 νοῦς,
559 4252 746 4320 νεκρὸς
782 4255 1067 4324 γενόμενος
1092 4259 1204 4319 τοῖς
1227 4258 1651 4330 παραπτώμασι.
1673 4260 1957 4331 Μακάριος

388 4336 479 4392 οὖν
502 4343 528 4393 6
556 4341 629 4412 μὴ
659 4344 972 4415 ἐγχρονίσας
996 4349 1062 4417 τῇ
1085 4345 1188 4416 ὁδῷ
1214 4347 1321 4400 τῶν
1367 4349 1790 4420 ἁμαρτανόντων
1819 4351 1954 4422 (2⁵5),

388 4433 524 4486 ἀλλὰ
558 4434 800 4506 λογισμῷ
839 4437 1067 4507 βελτίονι
1124 4439 1261 4509 πρὸς
1305 4439 1402 4511 τὴν
1441 4441 1638 4512 εὐσεϐῆ
1680 4442 1955 4495 πολιτείαν

2055 1975 2373 2034 praesentes.
2422 1963 2567 2018 Inter
2604 1965 2859 2034 viatores,
2900 1966 3062 2021 simul
3094 1976 3153 2021 ut
3200 1967 3408 2037 primus
3437 1967 3625 2037 pedem

2055 2059 2242 2120 movit,
2278 2059 2400 2111 huic
2451 2057 2725 2126 proximus
2759 2058 2920 2112 inl'ert
2950 2059 3196 2128 gradum,
3226 2066 3279 2111 et
3325 2069 3447 2128 post
3482 2061 3624 2114 hunc

2055 2145 2192 2199 alter
2218 2147 2306 2215 qui
2343 2147 2604 2215 sequitur.

2125 2237 2178 2291 5.
2222 2238 2396 2292 Velim
2437 2247 2614 2292 autem
2646 2239 2916 2302 attendas,
2951 2254 3078 2292 num
3127 2239 3292 2294 etiam
3319 2239 3440 2294 vita:
3471 2253 3629 2294 casus

2061 2327 2172 2381 sint
2198 2327 2486 2382 assimiles.
2526 2325 2698 2383 Hodie
2727 2337 2782 2382 tu
2806 2328 3016 2383 coluisti
3050 2339 3270 2398 terram,
3310 2346 3432 2385 cras
3467 2332 3625 2394 alter,

2055 2427 2176 2488 post
2206 2418 2345 2472 hunc
2373 2418 2513 2474 colet
2543 2428 2596 2474 et
2631 2419 2790 2475 alius.
2831 2422 2994 2477 Vides
3038 2437 3199 2491 agros
3229 2423 3326 2479 hos
3354 2432 3407 2478 et
3441 2422 3629 2478 domos

2056 2510 2434 2578 sumptuosas?
2487 2510 2711 2578 Quoties
2763 2513 2993 2581 singula,
3055 2530 3123 2569 ex
3177 2532 3283 2586 quo
3337 2517 3626 2580 exsistunt,

2056 2615 2251 2655 nomen
2291 2600 2402 2670 jam
2439 2604 2741 2658 mutavere!
2777 2603 3104 2659 Dicebantur
3130 2605 3288 2675 hujus
3317 2623 3456 2672 esse,
3479 2616 3630 2676 post-

2055 2705 2120 2744 ea
2161 2692 2292 2760 ipsis
2354 2692 2662 2762 impositum
2707 2703 2792 2749 est
2836 2709 3032 2750 nomen
3087 2697 3329 2765 alterius,
3366 2701 3432 2753 ad
3461 2699 3627 2753 alium

2057 2789 2432 2854 transierunt,
2467 2798 2580 2844 tum
2619 2791 2831 2844 demum
2900 2789 3124 2846 alterius
3173 2807 3293 2848 esse
3351 2793 3624 2849 dicuntur.

2057 2879 2246 2936 Nonne
2281 2896 2408 2952 ergo
2441 2882 2546 2936 vita
2591 2892 2770 2937 nostra
2799 2883 2885 2938 via
2914 2893 3020 2950 est,
3051 2884 3157 2940 alio
3197 2895 3436 2955 tempore
3461 2886 3626 2942 alium

2057 2973 2354 3043 excipiens,
2386 2983 2440 3028 et
2470 2975 2520 3027 in
2551 2989 2652 3043 qua
2683 2975 2784 3029 sibi
2816 2975 3043 3029 invicem
3072 2977 3370 3030 succedunt
3401 2976 3629 3032 omnes?

2058 3062 2252 3118 Beatus
2291 3065 2464 3133 itaque
2497 3065 2589 3134 qui
2617 3064 2674 3117 in
2705 3064 2785 3118 via
2817 3073 3153 3132 peccatorum
3177 3062 3285 3134 95
3321 3079 3423 3117 non
3459 3064 3625 3118 stetit.

1981 3194 2026 3253 ο
2060 3155 2192 3209 Illud
2240 3166 2442 3219 autem,
2488 3155 2611 3210 Non
2669 3156 2830 3222 stetit,
2883 3156 3013 3225 quid
3069 3156 3171 3210 sibi
3225 3155 3377 3208 vult?
3407 3154 3542 3210 Dum
3571 3155 3629 3211 in

2058 3248 2228 3318 prima
2262 3249 2436 3302 adhuc
2472 3249 2816 3304 consistimus
2866 3257 3046 3312 astate,
3083 3261 3184 3303 nec
3229 3247 3483 3317 improbi,
3530 3260 3631 3302 nec

2057 3341 2256 3392 virtute
2289 3339 2498 3408 praediti
2534 3355 2720 3394 sumus
2750 3337 2835 3410 (ea
2859 3339 3003 3392 enim
3036 3348 3167 3393 aetas
3197 3338 3414 3392 habitus
3433 3338 3633 3392 utrius-

2057 3446 2163 3500 que
2200 3445 2369 3500 capax
2416 3447 2522 3486 non
2561 3433 2700 3502 est);
2732 3431 2824 3487 sed
2859 3441 3212 3501 posteaquam
3262 3433 3398 3485 ratio
3439 3443 3627 3486 nostra

2057 3523 2294 3592 perlecta
2321 3532 2405 3578 est
2423 3531 2586 3592 atque
2615 3523 2906 3588 cumulata,
2939 3536 3069 3578 tunc
3103 3523 3163 3576 ﬁt
3196 3523 3337 3592 quod
3366 3527 3628 3594 scriptum

2060 3625 2144 3671 est
2173 3629 2186 3668 :
2213 3614 2279 3666 At
2317 3630 2432 3667 cum
2467 3613 2686 3667 venisset
2729 3613 3054 3679 mandatum,
3107 3622 3374 3682 peccatum
3423 3612 3631 3681 revixit,

2059 3725 2152 3777 ego
2202 3716 2377 3760 autent
2406 3717 2645 3758 mortuus
2677 3721 2792 3758 sum
2815 3704 2882 3758 ”.
2907 3703 3168 3759 Oriuntnr
3187 3705 3328 3758 enim
3365 3703 3518 3758 malae
3539 3719 3631 3759 co-

2057 3801 2360 3871 gitationes,
2403 3814 2520 3868 quae
2561 3813 2626 3853 ex
2672 3797 2854 3853 carnis
2884 3795 3277 3866 cupiditatibus
3329 3796 3382 3848 in
3425 3795 3627 3850 animis

2060 3891 2256 3945 nostris
2293 3899 2641 3958 generantur.
2683 3887 2814 3942 Nam
2862 3889 3043 3956 reipsa
3091 3887 3180 3942 ubi
3215 3887 3359 3941 venit
3407 3884 3631 3940 manda-

2060 3993 2194 4046 tum,
2225 3982 2330 4037 hoc
2362 3989 2465 4045 est,
2500 3979 2626 4035 boni
2667 3981 2986 4050 honestique
3020 3978 3304 4047 judicium,
3336 3976 3379 4031 si
3423 3978 3630 4046 cogita-

2060 4075 2260 4128 tionem
2296 4073 2533 4143 pcjorem
2566 4086 2670 4126 non
2713 4071 2928 4138 vicerit,
2964 4070 3056 4125 sed
3089 4084 3117 4123 a
3143 4067 3321 4140 pravis
3353 4065 3632 4123 affectibus

2058 4169 2294 4221 animum
2341 4166 2393 4220 in
2428 4165 2741 4220 servitutem
2776 4164 2946 4234 redigi
2991 4163 3222 4217 siverit:
3265 4161 3460 4215 revixit
3502 4161 3630 4231 qui-

2057 4261 2176 4314 dem
2202 4267 2506 4330 pcccatum,
2541 4272 2690 4312 mens
2733 4271 2861 4310 vero
2891 4254 3122 4326 peccatis
3159 4253 3479 4322 interempta
3513 4268 3631 4307 mo-

2060 4353 2216 4406 ritur.
2254 4351 2450 4406 Beatus
2487 4350 2670 4420 igitur,
2721 4349 2810 4419 qui
2864 4348 2917 4402 in
2971 4347 3060 4401 via
3122 4355 3466 4416 peccatorum
3519 4359 3629 4400 non

2060 4443 2376 4498 immoratus
2415 4451 2522 4507 est,
2565 4443 2658 4496 sed
2700 4439 2916 4496 saniore
2961 4437 3187 4494 consilio
3218 4437 3284 4490 ad
3317 4438 3458 4507 piam
3493 4451 3628 4490 con-

389 4526 795 4598 μεταπηδήσας.
832 4527 936 4581 Δύο
956 4529 1064 4600 γάρ
1097 4531 1235 4585 εἰσιν
1259 4531 1368 4584 ὁδοὶ
1408 4533 1647 4586 ἐναντίαι
1680 4533 1953 4605 ἀλλήλαις·

2062 4535 2421 4589 versationem
2454 4547 2514 4588 se
2559 4533 2783 4601 recepit.
2818 4531 2944 4584 Duae
2992 4543 3224 4597 namque
3262 4537 3389 4582 sunt
3422 4526 3524 4582 vite
3554 4527 3633 4582 in-

385 4615 422 4686 ἡ
458 4617 554 4688 μὲν
587 4617 814 4672 πλατεῖα
829 4622 920 4672 καὶ
940 4620 1270 4692 εὐρύχωρος,
1302 4624 1336 4694 ἠ
1357 4622 1412 4675 δὲ
1436 4623 1596 4694 στενὴ
1625 4626 1718 4678 καὶ
1738 4624 1955 4696 τεθλιμ-

389 4711 546 4780 μένη.
593 4711 704 4764 Καὶ
742 4711 834 4764 δύο
873 4712 1076 4784 ὁδηγοὶ,
1113 4714 1372 4785 ἑκάτερος
1418 4715 1553 4786 πρὸς
1604 4716 1794 4769 ἑαυτὸν
1830 4718 1953 4769 ἐπι-

389 4803 640 4874 στρέφειν
674 4804 785 4875 (24)
818 4806 1130 4878 ἐπιχειρῶν.
1161 4808 1310 4877 Ἔχει
1353 4803 1446 4860 οὖν
1478 4809 1511 4878 ή
1551 4807 1648 4878 μὲν
1689 4808 1806 4862 λεία
1837 4808 1954 4872 ὁδὸς

386 4898 478 4949 καὶ
510 4896 721 4968 πρανὴς
754 4896 865 4969 (25)
897 4898 1086 4970 ὁδηγὸν
1116 4899 1411 4971 ἀπατηλὸν,
1440 4899 1667 4969 δαίμονα
1695 4902 1948 4971 πονηρὸν,

380 4988 448 5040 δι’
481 4988 676 5058 ἡδονῆς
709 4989 846 5060 πρὸς
875 4989 972 5061 τὴν
1015 4990 1289 5044 ἀπώλειαν
1329 4990 1456 5054 τοὺς
1505 4991 1802 5060 ἑπομένους
1833 4992 1950 5044 ὲπι-

383 5081 705 5151 συρόμενον·
739 5083 773 5152 ἡ
803 5082 859 5135 δὲ
891 5085 1120 5154 τραχεῖα
1159 5083 1255 5137 καὶ
1295 5081 1530 5154 ἀνάντης
1558 5081 1788 5150 ἄγγελον
1815 5084 1950 5150 ἀγα-

381 5171 491 5231 θὸν.
520 5173 607 5226 διὰ
625 5174 735 5226 τῶν
765 5174 1035 5230 ἐπιπόνων
1067 5176 1166 5246 τῆς
1198 5175 1402 5247 ἀρετῆς
1430 5173 1566 5245 πρὸς
1598 5174 1658 5226 τὸ
1682 5173 1949 5244 μακάριον

453 5319 496 5352 ³⁸
529 5319 688 5376 Rom.
714 5335 811 5387 vn,
845 5320 900 5377 9.

453 5497 566 5566 (19)
602 5497 740 5552 Editi
765 5496 1134 5570 ἐπειγόμενοι.
1169 5493 1241 5552 A1
1285 5510 1418 5553 mss.
1453 5506 1688 5567 quatuor
1732 5492 1947 5561 ἐπειγό-

385 5582 566 5705 μεὲδδ
606 5635 696 5691 Sic
715 5638 880 5694 editio
906 5637 1068 5693 Basil.
1103 5651 1224 5693 cum
1260 5637 1430 5692 tribus
1477 5651 1606 5691 mss.
1637 5633 1770 5689 Illud
1793 5675 1808 5702 ,
1851 5633 1946 5686 καὶ

386 5707 656 5776 σκόλοψιν,
682 5708 734 5761 iu
764 5709 997 5764 editione
1026 5707 1198 5763 Paris.
1226 5707 1660 5776 desiderabatur.

413 5773 568 5896 Οςεη·
593 5777 683 5833 Sic
745 5793 875 5836 mss.
923 5787 1175 5850 quatuor.
1231 5777 1406 5833 Editio
1462 5773 1638 5833 Paris.
1685 5773 1944 5845 ὀνόματα,

385 5859 410 5906 δέ
444 5863 600 5903 υτων.

2063 4636 2145 4680 ter
2185 4640 2244 4682 se
2287 4624 2612 4682 contrariae:
2645 4638 2747 4678 una
2779 4623 2888 4677 lata
2935 4629 2991 4677 et
3038 4621 3293 4691 spatiosa,
3325 4619 3493 4674 altera
3532 4633 3630 4674 an-

2061 4730 2214 4788 guSIa
2239 4728 2294 4772 et
2320 4725 2612 4772 coarctata.
2657 4717 2771 4771 Duo
2817 4716 2980 4769 etiam
3012 4723 3139 4769 sunt
3161 4713 3259 4768 vite
3287 4713 3630 4783 duces,quo-

2063 4823 2182 4862 rum
2237 4817 2466 4876 uterque
2515 4807 2778 4860 viatorem
2795 4797 2805 4814 ”
2834 4806 2900 4858 ad
2963 4817 3022 4859 se
3067 4802 3340 4857 attrahere
3377 4811 3624 4856 conatur.

2062 4899 2225 4954 Plana
2259 4899 2474 4969 quidem
2493 4909 2547 4954 et
2571 4897 2792 4954 declivis
2821 4898 2908 4950 via
2941 4897 3106 4951 habet
3133 4894 3376 4949 fallacem
3410 4893 3627 4959 ducem,

2057 4988 2258 5043 malum
2304 4988 2602 5044 daemonem
2634 4989 2723 5057 qui
2757 5002 2850 5042 eos
2889 4986 2978 5056 qui
3017 5001 3077 5041 se
3103 4995 3425 5055 sequuntur,
3453 4984 3506 5038 in
3543 4983 3629 5038 in-

2058 5081 2274 5134 teritum
2313 5095 2411 5150 per
2456 5079 2783 5150 voluptatem
2836 5079 3044 5132 trahit:
3073 5093 3261 5148 aspera
3296 5092 3423 5133 vero
3453 5085 3510 5133 et
3541 5092 3622 5131 ar-

2059 5171 2160 5225 dua
2187 5171 2296 5236 via,
2333 5173 2530 5226 bonum
2562 5171 2833 5240 angelum,
2860 5172 2951 5242 qui
2975 5184 3234 5240 sequaces
3265 5185 3390 5226 suos
3418 5184 3515 5241 per
3549 5169 3630 5224 la-

2139 5491 2229 5564 ‘22)
2262 5491 2352 5564 Sic
2378 5507 2507 5547 mss.
2538 5491 2953 5564 plurimiLDeest
2984 5489 3158 5564 οὖν-ὴ]
3190 5491 3422 5546 editione
3452 5489 3624 5548 Paris.

2140 5561 2232 5632 ‘23)
2265 5563 2400 5632 Reg.
2429 5561 2700 5616 secundus
2725 5561 2833 5632 τῶν
2858 5562 3220 5632 ἁμαρτωλῶν.

2138 5631 2228 5703 24)
2282 5631 2476 5686 Nostra
2535 5634 2701 5686 editio
2738 5631 2909 5686 Paris.
2965 5632 3301 5702 ἐπιτρέψειν.
3365 5632 3433 5684 At
3491 5647 3620 5686 mss.

2043 5703 2417 5774 ἐπιστρέφειν.

2117 5770 2229 5844 (‘15)
2265 5770 2440 5828 Editio
2467 5778 2697 5844 utraque
2721 5770 2896 5844 Basil.
2927 5781 2980 5828 et
3014 5772 3189 5844 Paris.
3210 5771 3326 5844 όδὸς
3357 5771 3451 5844 καὶ
3481 5772 3621 5828 πλα-

2042 5848 2162 5901 τεῖα
2187 5839 2279 5899 καὶ
2309 5843 2538 5912 πρανής.
2577 5839 2802 5900 Brevius
2838 5859 2965 5901 utss.
2996 5843 3111 5908 ὁδὸς
3140 5843 3233 5898 καὶ
3259 5843 3492 5913 πρανὴς.
