4048 6220
412 338 521 394 225

1721 328 1779 386 S.
1822 328 2069 385 BASILII
2112 323 2332 382 MAGNI

3549 317 3656 373 224

412 451 629 505 boriosa
660 446 875 500 virtutis
910 442 1169 499 exercitia
1219 443 1284 497 ad
1341 442 1554 497 beatum
1592 441 1749 495 tinem
1787 443 1981 512 perdu—

2083 439 2235 502 τέλος
2270 437 2396 500 τοὺς
2440 436 2736 507 ἑπομένους
2778 435 3002 504 ἄγοντα.
3034 435 3179 497 Ἕως
3214 432 3311 504 μὲν
3341 430 3436 488 οὖν
3465 434 3658 506 νήπιός

406 542 505 597 cit.
533 543 664 594 Dum
700 539 865 606 igitur
900 537 1126 606 quisque
1161 544 1407 589 nostrum
1442 547 1576 603 puer
1603 545 1706 596 εει,
1740 548 1979 603 praesen-

409 642 491 687 tes
525 631 867 699 persequitur
892 629 1215 697 voluptates,
1252 640 1427 696 neque
1456 626 1618 679 habet
1647 626 1809 677 ullam
1842 635 1980 678 tem-

408 723 558 792 poris
597 720 759 772 futuri
807 720 1071 772 rationem
1099 759 1114 785 ,
1158 732 1333 785 neque
1381 728 1564 769 curam
1601 716 1750 784 :jam
1799 725 1980 767 autem

412 816 497 868 vir
532 814 727 878 factus,
759 813 1082 882 postjudicii
1128 813 1537 881 perfectionem,
1564 810 1744 863 videre
1770 808 1869 863 sibi
1904 808 1983 861 vi-

408 907 565 960 detur
600 906 763 958 vitam
803 906 852 958 in
886 909 1143 958 virtutem
1187 914 1242 957 et
1288 903 1475 957 vitium
1523 900 1783 963 divisam;
1815 910 1982 968 atque

406 997 578 1052 oculis
612 997 778 1049 animi
818 998 868 1048 in
904 1006 1200 1064 utrumque
1236 1009 1378 1061 saepe
1421 992 1701 1060 conjectis,
1734 991 1980 1060 proprie-

410 1096 548 1140 tates
600 1086 882 1153 utriusqne
945 1085 1088 1137 inter
1126 1098 1184 1137 se
1242 1082 1526 1151 aequaliter
1574 1082 1817 1135 diversas
1862 1094 1983 1134 esse

401 1175 628 1243 judicat.
664 1176 729 1229 Et
771 1176 990 1244 quidem
1025 1184 1372 1243 peccatorum
1422 1173 1530 1227 vita
1571 1173 1808 1227 ostendit
1844 1188 1981 1226 cun-

406 1276 525 1320 ctas
578 1267 858 1335 praesentis
910 1264 1090 1319 saeculi
1152 1264 1453 1333 voluptates
1499 1280 1514 1318 :
1539 1263 1807 1333 jnstorum
1854 1278 1982 1317 vero

407 1359 544 1421 vita,
585 1357 697 1411 sola
745 1357 909 1411 futuri
963 1356 1061 1410 :evi
1099 1358 1238 1411 bona
1283 1366 1692 1411 commonstrat.
1729 1355 1795 1409 Et
1837 1365 1982 1411 certe

407 1452 786 1506 salvandorum
835 1452 919 1504 via
968 1461 1172 1519 quanto
1230 1450 1538 1519 pulchriora
1586 1450 1872 1520 pollicetur
1899 1451 1983 1503 fu-

411 1553 551 1604 tura,
588 1550 736 1595 tanto
787 1540 1137 1594 lahoriosiora
1186 1541 1409 1594 exhibet
1469 1541 1798 1608 praesentia:
1832 1540 1984 1594 volu-

407 1633 581 1701 ptaria
609 1642 787 1685 autem
815 1641 867 1683 et
899 1630 1106 1701 impura
1136 1631 1243 1684 vita
1279 1646 1385 1685 non
1407 1632 1460 1685 in
1494 1640 1768 1700 posterum
1792 1630 1986 1700 exspe-

408 1725 655 1799 ctandas,
687 1723 780 1777 sed
825 1722 936 1790 jam
971 1733 1264 1790 praesentes
1316 1722 1537 1777 delicias
1571 1723 1841 1792 pr0ponit.
1880 1722 1986 1777 lta-

2084 531 2231 582 ἐστιν
2261 526 2492 589 ἕκαστος
2532 524 2707 595 ἡμῶν,
2742 523 2804 577 τὸ
2835 526 2893 577 έν
2925 524 3004 594 τῷ
3029 524 3257 595 παρόντι
3286 522 3382 594 ἡδὺ
3423 522 3654 588 διώκων,

2083 617 2339 688 οὐδεμίαν
2379 615 2474 669 τοῦ
2521 615 2807 686 μέλλοντος
2844 612 3169 684 κηδεμονίαν
3212 616 3481 667 ποιεῖται*
3519 615 3657 685 ἀνὴρ

2082 708 2138 761 δὲ
2160 709 2258 779 ήδη
2292 706 2601 777 γενόμενος,
2628 705 2766 777 μετά
2788 704 2879 758 τὸν
2904 703 3250 775 ἀπαρτισμὸν
3277 704 3383 757 τῶν
3413 704 3655 768 ἐννοιῶν,

2082 795 2194 852 οἷον
2230 798 2362 869 ὀρᾷν
2404 798 2551 851 δοκεῖ
2574 797 2663 851 τὸν
2695 798 2809 867 βίον
2835 795 2983 866 αὐτῷ
3015 796 3330 866 σχιζόμενον
3359 797 3494 867 πρὸς
3528 798 3658 867 ἀρε-

2082 890 2180 961 τὴν
2225 891 2317 943 καὶ
2362 891 2582 954 κακίαν,
2628 891 2722 943 καὶ
2756 890 2936 944 πυκνά
2970 889 3080 960 (26)
3135 890 3265 961 πρὸς
3309 890 3563 961 ἑκάτερον
3594 889 3657 940 τὺ

2083 981 2239 1051 ὄμμα
2270 982 2368 1052 τῆς
2392 980 2572 1051 ψυχῆς
2604 982 3013 1053 μεταστρέφων,
3050 980 3366 1052 παράλληλα
3395 982 3656 1047 κρίνειτά

2085 1073 2333 1144 ἐκατέρῳ
2368 1073 2659 1143 προσόντα.
2706 1073 2813 1127 Καὶ
2849 1077 2877 1127 ὁ
2915 1074 3014 1144 μὲν
3036 1073 3145 1126 τῶν
3182 1073 3517 1145 ἁμαρτωλῶν
3544 1073 3656 1144 βίος

2086 1165 2262 1218 πάντα
2286 1164 2614 1218 δείκνυσι.τά
2633 1165 2727 1218 τοῦ
2754 1166 3018 1235 παρόντος
3052 1166 3242 1229 αἰῶνος
3279 1166 3512 1235 τερπνά·
3541 1168 3568 1218 ό
3596 1165 3655 1218 δὲ

2082 1254 2192 1308 τῶν
2204 1254 2449 1323 δικαίων,
2491 1255 2629 1326 μόνα
2650 1256 3017 1325 ὑποφαίνειτὰ
3037 1256 3127 1309 τοῦ
3160 1256 3440 1327 μέλλοντος
3455 1254 3650 1324 ἀγαθά,

2084 1347 2194 1400 Καὶ
2227 1349 2261 1418 ἡ
2299 1347 2398 1418 μὲν
2422 1346 2531 1399 τῶν
2574 1346 2893 1416 σωζομένων
2918 1346 3034 1409 όδός
3058 1348 3180 1399 ὅσον
3213 1345 3352 1399 καλά
3380 1347 3657 1416 ὑπισχνεῖ-

2082 1438 2272 1491 ταιτά
2322 1438 2604 1509 μέλλοντα,
2651 1438 2905 1492 τοσοῦτον
2955 1438 3187 1492 ἐπίπονα
3243 1437 3539 1507 παρέχεται
3585 1437 3656 1489 τά

2082 1532 2329 1605 παρόντα
2349 1548 2361 1560 ·
2397 1532 2426 1583 ὁ
2450 1531 2505 1583 δὲ
2528 1531 2656 1602 ἡδὺς
2688 1531 2781 1585 καὶ
2812 1532 3106 1593 ἀκόλαστος
3143 1530 3255 1599 βίος
3284 1530 3404 1599 οὐχὶ
3436 1528 3660 1598 προσδοι

2084 1624 2341 1695 κωμένην
2384 1624 2464 1686 είς
2502 1622 2751 1693 ὕστερον,
2789 1622 2902 1676 ἁλλ’
2934 1622 3034 1693 ἤδη
3080 1621 3357 1693 παροῦσαν
3383 1620 3661 1692 προτείνε-

2082 1733 2171 1768 ται
2197 1716 2309 1786 (‘27)
2336 1715 2435 1784 τὴν
2463 1714 2783 1768 ἀπόλαυσιν.
2829 1713 3055 1785 Ἰλιγγιᾷ
3081 1709 3171 1767 οὖν
3197 1715 3346 1767 πᾶσα
3372 1713 3537 1783 ψυχὴ,
3561 1711 3660 1765 καὶ

407 1829 513 1882 que
534 1813 794 1883 vertigine
826 1814 1035 1866 laborat
1067 1814 1245 1866 anima
1274 1813 1473 1878 omnis,
1512 1823 1675 1881 atque
1710 1812 1982 1867 titubanti-

2088 1807 2411 1876 μετοκλάζει
2457 1810 2571 1887 τοῖς
2615 1807 2916 1878 λογισμοῖς,
2969 1808 3095 1860 ὅταν
3129 1807 3227 1878 μὲν
3271 1806 3547 1877 ὲνθυμηθῇ
3588 1804 3658 1859 τὰ

405 1905 510 1960 bus
563 1905 980 1975 cogitationibus
1044 1906 1466 1975 agitaturzcnm
1527 1904 1742 1974 quidem
1799 1920 1981 1959 secum

408 1998 639 2053 revolvit
672 2008 894 2062 :eterna,
940 1999 1091 2065 eligit
1133 2000 1408 2061 virtutem,
1451 2013 1571 2051 cum
1602 2013 1729 2050 vero
1762 1999 1983 2066 respicit

408 2090 475 2143 ad
497 2092 804 2160 praesentia,
844 2090 1174 2158 voluptatem
1212 2090 1450 2156 praefert.
1482 2090 1577 2143 llic
1620 2091 1815 2145 bonam
1850 2106 1975 2145 cor-

411 2185 557 2253 poris
589 2183 956 2238 habitudinem
985 2184 1269 2253 conspicit,
1304 2183 1376 2237 ibi
1400 2185 1582 2239 carnis
1617 2186 1932 2241 servitutem
1964 2205 1977 2241 :

410 2276 499 2331 hic
519 2276 863 2338 ebrietatem,
903 2275 974 2329 ibi
1005 2275 1267 2345 jejunium
1304 2290 1318 2326 :
1349 2274 1440 2330 hic
1462 2277 1759 2332 cachinnos
1789 2278 1984 2331 immo-

409 2365 580 2431 dicos,
603 2366 670 2420 ibi
699 2366 964 2435 plurimas
998 2367 1306 2436 lacrymas:
1338 2368 1426 2422 hic
1473 2367 1839 2435 saltationem,
1873 2369 1983 2425 illic

355 2527 363 2537 δ
411 2459 823 2525 precationem:
855 2458 944 2513 hic
987 2458 1170 2524 tibias,
1211 2458 1322 2513 illic
1365 2461 1598 2529 gemitus
1624 2480 1637 2515 :
1663 2461 1752 2517 hic
1776 2474 1983 2516 scorta-

413 2550 639 2615 tionem,
670 2548 780 2603 illic
804 2550 1188 2621 virginitatem.
1220 2549 1484 2616 Quoniam
1514 2553 1675 2622 igitur
1690 2555 1832 2623 quod
1858 2568 1983 2607 vere

339 2655 345 2663 ‘
408 2639 608 2695 bunum
641 2649 743 2701 est,
768 2640 840 2694 'id
885 2641 1147 2695 duntaxat
1179 2645 1391 2696 ratione
1418 2658 1515 2713 per
1545 2644 1700 2698 [idem
1734 2660 1983 2712 compre-

411 2730 570 2784 bendi
625 2740 801 2800 potest
848 2730 1027 2801 (longe
1053 2731 1195 2785 enim
1240 2733 1414 2795 abest,
1452 2747 1551 2786 nec
1603 2732 1736 2786 vidit
1768 2733 1982 2796 oculus,

411 2835 512 2875 nec
556 2822 707 2874 auris
741 2820 1051 2892 audivit“),
1079 2824 1283 2891 peccati
1335 2836 1463 2875 vero
1514 2823 1754 2876 suavitas
1802 2838 1984 2891 prom-

411 2918 582 2976 ptam,
610 2919 664 2962 et
692 2924 786 2978 per
809 2923 1000 2964 omnes
1034 2924 1226 2964 sensus
1256 2910 1504 2963 liuentem
1532 2912 1854 2979 voluptatem
1886 2913 1983 2966 ha-

411 3000 532 3065 bet;
575 3000 779 3055 idcirco
826 3002 1051 3065 beatus,
1086 3001 1176 3071 qui
1228 3012 1447 3070 propter
1478 3003 1762 3071 voluptatis
1803 3004 1983 3058 illece-

410 3091 536 3146 bras
565 3106 669 3144 non
699 3090 961 3147 deductus
986 3100 1070 3145 est
1096 3092 1163 3147 ad
1208 3092 1508 3159 interitum,
1542 3095 1637 3149 sed
1668 3110 1818 3164 spem
1847 3097 1983 3149 salu-

2084 1900 2299 1967 αἰώνια,
2333 1899 2432 1971 τὴν
2465 1900 2668 1970 ἀρετὴν
2720 1898 3038 1971 αἱρουμένη,
3091 1900 3219 1952 ὅταν
3260 1898 3322 1951 δὲ
3376 1898 3658 1970 auocat-sep

2086 1993 2219 2062 πρὸς
2246 1994 2313 2046 τὰ
2344 1995 2613 2065 παρόντα,
2644 1992 2739 2064 τὴν
2767 1993 2961 2064 ἡδονὴν
2992 1990 3330 2062 προτιμῶσα.
3357 1986 3485 2042 Ὧδε
3534 1989 3659 2059 βλέ-

2083 2103 2175 2137 πει
2231 2087 2434 2156 σαρκδς
2484 2085 2802 2149 εὐπάθειαν,
2852 2086 2970 2138 ἐκεῖ
3019 2083 3387 2152 δουλαγωγίαν
3421 2089 3653 2154 σαρκός·

2080 2171 2183 2230 ὧδε
2233 2179 2422 2248 μέθην,
2471 2181 2588 2231 ἐκεῖ
2619 2177 2905 2247 νηστείανο
2942 2171 3045 2230 ὦδε
3090 2176 3331 2244 γέλωτας
3371 2177 3649 2245 ἀκρατεῖς,

2081 2268 2199 2320 ἐκεῖ
2226 2268 2459 2339 δάκρυον
2492 2268 2710 2337 δαψιλές
2736 2288 2749 2299 ·
2779 2266 3012 2321 ἐνταῦθα
3039 2267 3284 2338 ὄρχησιν,
3319 2267 3478 2322 κάκεῖ
3497 2282 3661 2337 προσ-δ

2082 2362 2280 2431 ευχήν·
2325 2361 2521 2424 αὐλοὺς
2569 2355 2692 2422 ὧδε,
2747 2362 2909 2414 κάκεῖ
2961 2359 3331 2430 στεναγμούς·
3381 2351 3483 2412 ὦδε
3517 2375 3655 2429 πορ-

2082 2453 2250 2518 νείαν,
2287 2455 2450 2506 κάκεῖ
2487 2454 2803 2525 παρθενίαν.
2849 2452 3000 2506 Ἐπεί⁸
3022 2448 3125 2505 ὀὖν
3162 2452 3223 2504 τὺ
3259 2452 3357 2522 μὲν
3389 2448 3659 2520 ἀληθινῶς

2081 2545 2283 2614 ἀγαθὸν
2329 2545 2574 2617 λογισμῷ
2614 2545 2817 2615 ληπτόν
2857 2548 2972 2598 ἐστι
3004 2545 3091 2599 διὰ
3138 2545 3374 2607 πίστεως
3412 2542 3656 2613 (μακρὰν

2082 2636 2189 2708 γὰρ
2222 2637 2554 2707 ἀπῴκισται,
2585 2639 2678 2691 καὶ
2713 2636 2987 2708 ὀφθαλμὸς
3031 2637 3131 2690 οὐκ
3160 2632 3287 2701 εἶδε,
3310 2637 3403 2689 καὶ
3434 2632 3525 2698 οὖς
3555 2635 3661 2689 οὐκ

2082 2729 2325 2800 ἤκουσε),
2351 2730 2412 2783 τὸ
2441 2730 2498 2783 δὲ
2529 2729 2627 2800 τῆς
2657 2730 2929 2801 ἁμαρτίας
2969 2728 3064 2800 ἡδὺ
3099 2729 3387 2800 πρόχειρον
3425 2727 3537 2798 ἔχει
3562 2725 3660 2779 καὶ

2081 2819 2170 2873 διὰ
2198 2820 2376 2891 πάσης
2407 2819 2713 2891 αἰσθήσεως
2744 2821 2971 2892 ῥέουσαν
2994 2821 3093 2893 τὴν
3115 2821 3440 2874 ἀπόλαυσιν·
3480 2820 3660 2889 μακά-

2085 2929 2196 2982 ριος
2231 2915 2259 2966 ὁ
2298 2914 2374 2984 μὴ
2415 2916 2778 2986 περιτραπεὶς
2811 2916 2874 2968 ὲκ
2930 2913 3040 2985 (28)
3072 2912 3178 2966 τῶν
3214 2913 3313 2984 τῆς
3353 2911 3545 2984 ἡδονῆς
3569 2911 3658 2963 δε-

2081 3004 2405 3074 λεασμάτων
2436 3005 2574 3076 πρὸς
2621 3006 2720 3077 τὴν
2754 3004 3053 3065 ἀπώλειαν,
3105 3003 3243 3058 ἀλλά
3284 3005 3350 3057 δι’
3385 3003 3661 3073 ὑπομονῆς

2081 3094 2179 3165 τὴν
2212 3095 2402 3148 ἐλπίδα
2440 3097 2538 3167 τῆς
2567 3096 2839 3167 σωτηρίας
2881 3095 3336 3166 ἀπεκδεχόμενος,
3370 3094 3464 3148 xui.
3500 3096 3558 3147 ὲν
3587 3096 3656 3165 τῇ

414 3182 486 3237 tis
514 3192 789 3253 exspectat
815 3199 909 3252 per
943 3184 1276 3252 patientiam,
1311 3199 1375 3237 ac
1436 3187 1488 3239 in
1527 3198 1756 3256 utraque
1780 3187 1866 3240 via
1898 3203 1981 3243 se-

2083 3187 2280 3259 ὲκλογῇ
2314 3186 2420 3239 τῶν
2454 3186 2586 3240 ὁδῶν
2605 3189 2879 3259 ἑκατέρων
2903 3188 2976 3260 μὴ
3003 3186 3198 3250 ἐπιϐὰς
3221 3190 3321 3259 τῆς
3344 3185 3464 3239 ὀδοῦ
3497 3184 3662 3255 ἀγού-

409 3275 680 3329 cernenda
708 3275 850 3328 viam
873 3276 940 3328 ad
974 3275 1240 3329 deteriora
1279 3276 1564 3331 ducentem
1598 3294 1701 3331 non
1743 3281 1906 3349 capit.

484 3365 537 3420 6.
586 3364 749 3420 Vens.
788 3369 839 3422 l.
870 3366 938 3421 Et
967 3368 1023 3421 in
1049 3367 1302 3422 cathedra
1332 3370 1644 3435 ρρδιὶιεηιὶω
1675 3387 1779 3425 non
1824 3374 1979 3426 sedit.

411 3457 550 3513 Num
581 3461 699 3517 illas
728 3462 855 3516 dicit
884 3463 1194 3529 cathedras,
1224 3463 1276 3516 in
1306 3465 1504 3532 quibus
1538 3474 1726 3520 nostra
1751 3481 1980 3535 corpora

413 3550 579 3619 quieti
620 3551 844 3605 damus?
877 3551 1055 3620 Ecqua
1097 3560 1180 3605 est
1219 3551 1345 3621 ligni
1379 3566 1501 3606 cum
1542 3561 1768 3619 peccato
1817 3555 1985 3609 socie-

384 3648 520 3704 .tas,
551 3648 609 3693 ut
647 3640 961 3694 cathedram
1001 3656 1029 3693 a
1068 3648 1358 3711 peccatore
1409 3653 1835 3713 praeoccupatatn
1865 3653 1984 3698 tan-

412 3746 573 3801 quam
602 3732 872 3788 exitialem
923 3732 1109 3801 fngere
1154 3734 1419 3789 debeam?
1451 3734 1646 3790 Nonne
1678 3736 1888 3790 ﬁrmam
1920 3751 1983 3792 ac

413 3821 662 3876 stabilem
687 3822 740 3877 in
764 3824 878 3876 vitii
899 3825 1293 3893 approbatione
1317 3840 1523 3879 moram
1536 3826 1648 3898 96
1668 3827 1980 3882 cathedram

413 3913 520 3968 dici
562 3914 715 3969 nobis
741 3918 1035 3983 putandtnn
1071 3916 1197 3972 est?
1228 3915 1379 3983 Quod
1407 3930 1701 3974 caveamus
1743 3928 1980 3987 oportet,

415 4015 702 4076 pr0pterea
738 4009 881 4076 quod
924 4010 1162 4064 studiosa
1195 4011 1248 4064 in
1287 4012 1523 4079 peccatis
1559 4027 1709 4068 tnora
1740 4013 1983 4069 habitum

416 4099 700 4169 quemdam
736 4099 827 4168 qui
861 4100 950 4154 vix
994 4102 1172 4155 excuti
1218 4113 1413 4171 potest,
1440 4104 1491 4158 in
1534 4106 1732 4160 animis
1768 4107 1986 4176 ingene-

416 4201 520 4245 rat.
553 4189 650 4244 Vix
705 4191 845 4245 enim
880 4203 1101 4248 sanatur
1134 4193 1466 4250 inveteratus
1508 4197 1676 4251 animi
1740 4199 1982 4262 morbus,

415 4285 649 4352 malique
680 4284 999 4340 exercitatio
1035 4297 1275 4356 tempore
1333 4290 1651 4343 conﬁrmata
1679 4304 1693 4341 :
1721 4290 1827 4344 imo
1858 4305 1985 4343 vero

415 4377 597 4435 sanari
654 4376 876 4431 omnino
907 4391 1011 4430 non
1061 4386 1261 4446 potest,
1295 4378 1338 4432 si
1377 4379 1710 4434 consuetudo
1741 4379 1795 4433 in
1830 4389 1984 4432 natu-

2085 3295 2182 3348 σης
2217 3279 2309 3331 ἐπὶ
2338 3278 2405 3332 τὰ
2426 3278 2665 3351 χείρονα.

2152 3371 2205 3423 6.
2232 3370 2343 3424 Καὶ
2373 3370 2471 3423 ἐπὶ
2490 3370 2778 3440 καθέδρας
2802 3370 3028 3437 λοιμῶν
3055 3374 3167 3427 οὐκ
3194 3369 3494 3425 ἐκάθισεν.
3513 3364 3662 3440 τΑριι

2080 3463 2284 3528 ταύτας
2346 3463 2492 3533 λέγει
2547 3464 2647 3528 τὰς
2701 3464 3006 3536 καθέδρας,
3056 3466 3141 3535 ἐφ’
3188 3459 3263 3517 ὧν
3311 3462 3663 3532 ἀναπαύομεν

2080 3554 2238 3625 ἡμῶν
2257 3555 2326 3609 τὰ
2356 3555 2615 3626 adipata;
2640 3556 2747 3610 Καὶ
2778 3557 2862 3620 τίς
2887 3559 2919 3629 ή
2943 3557 3049 3610 ἀπὸ
3080 3556 3174 3610 τοῦ
3205 3556 3361 3621 ξύλου
3391 3556 3500 3626 (29)
3525 3554 3660 3626 πρὸς

2084 3646 2358 3718 ἁμαρτίαν
2389 3648 2698 3718 μετάδοσις,
2729 3646 2871 3701 ὥστε
2903 3667 2969 3719 με
3002 3651 3100 3720 τὴν
3132 3649 3237 3703 ὑπὸ
3266 3648 3360 3702 1:06
3401 3649 3661 3719 ἁμαρτω-

2081 3735 2176 3789 λοῦ
2217 3737 2764 3809 προκαταληφθεῖσαν
2805 3738 3073 3813 καθέδραν
3103 3740 3178 3804 ὡς
3211 3738 3479 3811 βλαϐερὰν
3525 3740 3664 3793 ἀπο-

2084 3827 2348 3898 φεύγειν;
2381 3830 2452 3882 Ἢ
2493 3830 2733 3901 νομίζειν
2779 3832 2926 3901 ἡμᾶς
2967 3831 3072 3903 χρὴ
3107 3831 3374 3904 καθέδραν
3408 3830 3661 3899 λέγεσθαι

2081 3918 2182 3990 τὴν
2226 3920 2447 3991 ἑδραίαν
2493 3922 2589 3974 καὶ
2635 3921 2861 3992 μόνιμον
2893 3922 2950 3975 ἐν
2985 3925 3051 3994 τῇ
3100 3922 3276 3993 κρίσει
3332 3923 3430 3993 τῆς
3465 3920 3662 3984 κακίας

2082 4011 2396 4083 διατριϐήνς
2441 4014 2505 4066 Ὃ
2553 4012 2853 4081 φυλακτέον
2893 4015 3042 4084 ἡμῖν,
3073 4013 3206 4066 διότι
3250 4013 3311 4066 τὸ
3361 4012 3662 4081 φιλοπόνως

2084 4103 2521 4175 προσδιατρίϐειν
2553 4106 2674 4168 ταῖς
2716 4105 3011 4176 ἁμαρτίαις
3043 4106 3154 4169 ἕξιν
3187 4104 3305 4158 τι.νά
3346 4103 3661 4172 δυσκίνητον

2081 4200 2202 4260 ταῖς
2233 4197 2432 4268 ψυχαῖς
2475 4199 2714 4267 ἐμποιεῖ.
2765 4195 3078 4250 Παλαιωθὲν
3108 4196 3216 4266 γὰρ
3252 4195 3426 4258 πάθος
3456 4194 3658 4265 ψυχῆς,

2084 4291 2180 4343 καὶ
2193 4289 2366 4344 κακοῦ
2394 4289 2593 4360 μελέτη
2623 4289 2800 4361 χρόνῳ
2826 4288 3182 4359 βεϐαιωθεῖσα
3207 4287 3458 4351 δυσίατός
3480 4289 3651 4349 ἐστιν,

2083 4381 2116 4450 ἦ
2153 4383 2247 4435 καὶ
2275 4383 2492 4446 ἀνίατος
2515 4381 2816 4446 παντελῶς,
2847 4384 2926 4445 εἰς
2950 4380 3133 4451 φύσιν,
3158 4380 3317 4444 ὡςτά
3349 4379 3540 4445 πολλὰ,
3564 4378 3659 4433 τοῦ

413 4485 530 4527 ram
558 4478 818 4532 transeat,
847 4469 898 4523 id
932 4470 1074 4538 quod
1098 4470 1414 4541 plerumque
1446 4471 1648 4526 evenit.
1674 4471 1979 4542 Optandum

2086 4472 2240 4537 ἔθους
2295 4474 2710 4544 μεθισταμένου.
2744 4474 2922 4544 Εύχῆς
2957 4474 3055 4544 μὲν
3082 4468 3174 4526 οὖν
3201 4471 3345 4539 ἄξιον
3380 4472 3455 4544 μὴ
3489 4488 3662 4542 προσ-

415 4561 578 4632 igitur
614 4559 798 4628 fuerit,
831 4571 888 4617 ut
913 4576 983 4617 ne
1010 4564 1340 4630 attingamus
1365 4562 1585 4617 malum.
1610 4563 1863 4618 Attamen
1897 4580 1982 4618 se-

314 4681 321 4691 ι
414 4654 587 4709 cunda
636 4664 880 4723 superest
922 4656 1217 4725 navigatio,
1247 4666 1306 4710 ut
1331 4656 1514 4710 statim
1546 4665 1667 4726 post
1695 4657 1985 4725 experien-

418 4747 545 4801 tiam
589 4746 719 4801 illud
753 4755 1006 4815 tanquam
1034 4747 1222 4803 bestiae
1260 4759 1538 4803 venenata;
1581 4747 1790 4817 plagam
1816 4746 1984 4801 decli-

416 4853 627 4904 nemus,
658 4841 954 4894 secundum
986 4839 1331 4894 Salomonem
1369 4840 1436 4894 de
1480 4839 1718 4908 improba
1756 4837 1984 4890 muliere

415 4930 738 4987 scribentem
767 4947 782 4984 :
818 4929 900 4985 Ne
929 4931 1137 5000 injicias
1174 4931 1386 4985 oculum
1419 4941 1567 4986 tuum
1614 4932 1671 4985 in
1720 4947 1859 4994 eam,
1892 4930 1982 4984 sed

415 5022 594 5085 rasili;
621 5038 682 5076 ne
709 5023 924 5075 moreris
939 5020 1008 5074 δι.
1038 5021 1101 5075 Et
1128 5036 1255 5076 vero
1281 5021 1546 5091 quosdam
1583 5019 1734 5084 novi,
1764 5020 1855 5089 qui
1887 5033 1983 5089 per

486 5175 573 5231 “l
600 5175 728 5233 Cor.
763 5191 827 5241 ιι,
857 5174 911 5231 9.
995 5175 1040 5207 “
1064 5175 1224 5231 Prov.
1255 5174 1450 5243 ix,18.

417 5339 597 5462 κνὲῗϐ)
649 5338 752 5394 Pro
792 5337 972 5391 πυκνά
1020 5336 1214 5408 legitur
1262 5338 1314 5394 in
1375 5337 1644 5407 aliquibus
1694 5353 1821 5392 mss.
1881 5355 1983 5391 πυ-

487 5481 597 5550 (27)
628 5479 767 5535 Edit.
804 5477 1094 5548 προτείνει.
1127 5479 1196 5532 At
1224 5493 1354 5533 mss.
1404 5494 1511 5533 non
1556 5478 1711 5548 pauci
1768 5479 1985 5549 προτεί-

416 5564 600 5690 νεῖἓέ)
629 5619 721 5674 Sic
747 5634 877 5675 mss.
907 5618 1145 5688 plurimi.
1178 5617 1383 5675 Vocula
1412 5621 1477 5671 ὲκ
1505 5618 1556 5672 in
1583 5617 1744 5672 editis
1770 5617 1985 5672 deside-

419 5699 600 5829 raltgg.)
631 5757 773 5814 Editi
797 5758 906 5812 ἀπὸ
929 5756 1107 5814 ἓύλου.
1133 5761 1200 5815 At
1230 5774 1365 5817 mss.
1393 5759 1500 5813 ἀπὸ
1534 5758 1627 5812 τοῦ
1662 5757 1837 5823 ξύλου.
1926 5714 1929 5723 Α

2093 4562 2331 4633 ἅψασθαι
2381 4564 2475 4617 τοῦ
2516 4564 2729 4618 κακοῦ.’
2748 4564 3009 4630 Δεύτερος
3036 4565 3092 4617 δὲ
3122 4563 3305 4628 πλοῦς,
3333 4563 3494 4627 εὐθὺς
3523 4562 3662 4634 μετά

2090 4652 2189 4723 τὴν
2217 4655 2411 4724 πεῖραν
2437 4653 2626 4726 ὥσπερ
2651 4654 2853 4707 ίοὸόλου
2892 4654 3107 4726 πληγὴν
3131 4653 3486 4724 ἀποφεύγειν,
3521 4654 3665 4707 κατά

2083 4744 2145 4797 τὸ
2172 4746 2556 4817 γεγραμμένον
2584 4747 2735 4819 παρά
2764 4747 2856 4801 τοῦ
2891 4748 3251 4819 Σολομῶντος,
3274 4747 3403 4819 περὶ
3428 4747 3529 4817 τῆς
3560 4763 3662 4815 γυ-

2084 4838 2271 4902 ναικὸς
2302 4840 2400 4908 τῆς
2432 4839 2664 4910 φαύλης,
2712 4841 2793 4894 ὅτι
2830 4840 2927 4909 Μὴ
2965 4839 3302 4909 ἐπιστήσῃς
3351 4839 3469 4894 σὸν
3505 4839 3661 4909 ὄμμα

2086 4930 2235 4998 πρὸς
2246 4932 2460 5000 αὐτὴν,
2473 4934 2609 4987 ἀλλ’
2625 4932 3043 5003 ἀποπήδησον·
3054 4933 3141 5002 μὴ
3153 4932 3511 5003 ἐγχρονίσῃς
3525 4931 3658 5003 (50).

2086 5021 2201 5075 N6v
2246 5023 2304 5076 δὲ
2348 5020 2467 5079 οἷδά
2508 5042 2663 5091 τινας
2701 5027 2759 5078 ὲν
2799 5027 3010 5097 νεότητι
3056 5025 3192 5097 πρὸς
3222 5024 3293 5079 τὰ
3321 5025 3421 5096 τῆς
3463 5023 3661 5096 σαρκὸς

2157 5337 2266 5409 (50)
2295 5336 2472 5409 Editio
2518 5337 2689 5392 Paris.
2728 5337 2802 5409 μὴ
2831 5338 3087 5409 χρονίσῃς
3123 5338 3182 5390 ἐν
3220 5337 3300 5407 τῷ
3328 5338 3499 5408 τόπῳ.
3551 5337 3658 5393 Sed

2084 5408 2329 5469 illud,év
2366 5408 2444 5478 τῷ
2470 5410 2642 5479 τόπῳ,
2680 5408 2737 5461 in
2762 5408 3000 5462 editione
3036 5411 3199 5461 Basil.
3240 5424 3292 5460 et
3362 5412 3413 5462 in
3462 5410 3660 5461 nostris

2083 5494 2174 5532 s~x
2213 5492 2343 5531 mss.
2378 5482 2545 5532 deest.
2592 5481 2666 5532 Ex
2719 5492 2825 5547 quo
2877 5482 2953 5541 lit,
3013 5489 3068 5531 ut
3106 5496 3169 5531 ex
3204 5479 3393 5534 Bihliis
3421 5480 3657 5530 additum

2085 5548 2251 5600 fuisse
2314 5549 2458 5601 credi
2516 5552 2710 5602 merito
2740 5549 2924 5615 possit.
2964 5549 3025 5601 Et
3060 5552 3161 5602 huc
3216 5550 3538 5611 notandum,
3568 5563 3663 5617 pro

2084 5617 2337 5689 χρονίσῃς
2366 5618 2464 5686 legi
2506 5619 2558 5673 in
2591 5620 2827 5674 editione
2858 5617 3019 5673 Basil.
3077 5632 3130 5672 et
3179 5620 3232 5674 in
3274 5622 3476 5689 aliquot
3530 5632 3656 5673 mss.

2084 5689 2425 5760 ὲγχρονίσῃς.
