4048 6220
376 285 484 343 9’35

1572 285 1857 336 IIUMILIA
1895 287 1957 369 ιςι
2000 284 2331 336 ι’δΑιΑίυΜ
2372 284 2411 334 Ι.

3505 282 3610 340 2‘26

376 402 523 473 πάθη
563 400 1079 472 κατολισθήσαντας,
1104 402 1199 454 καὶ
1229 399 1390 473 μέχρι
1414 399 1605 464 πολιᾶς
1638 399 1751 471 ίόι)
1780 398 1952 469 αὐτῆς

2055 413 2205 452 suam
2231 397 2571 466 iuventutem
2617 399 2671 453 in
2720 400 2899 454 carnis
2929 399 3057 454 vitia
3087 382 3315 471 delapsi,
3349 401 3416 456 ad
3446 401 3616 472 ipsam

373 494 463 549 διὰ
489 492 777 564 συνήθειαν
805 493 900 546 τοῦ
935 491 1108 546 κακοῦ
1130 495 1250 555 ταῖς
1277 491 1575 564 ἁμαρτίαις
1605 491 1952 565 παραμένον-

372 603 491 650 τας.
540 586 627 649 Ὠς
673 584 782 656 γὰρ
834 585 883 638 οἱ
946 586 1007 639 ὲν
1082 583 1327 655 βορϐόρῳ
1375 582 1783 653 καλινδούμενοι
1835 581 1949 652 (52)

372 680 543 748 χοῖροι
565 677 651 729 ἀεὶ
674 675 1142 746 προσπλάττουσιν
1174 675 1505 739 ἑαυτοῖςττὸν
1545 673 1714 744 πηλόν
1733 691 1747 705 ·
1775 671 1950 736 οὕτως

372 763 517 823 οὗτοι
545 767 605 820 τὸ
626 770 690 821 ὲκ
721 768 819 838 τῆς
852 767 1047 838 ἡδονῆς
1077 763 1267 838 αἶσχος
1307 766 1430 820 καθ’
1465 765 1701 837 ἑκάστην
1738 765 1952 836 ἡμέραν

373 860 941 930 προσαναμάσσονται.
994 859 1280 930 Μακάρων
1337 858 1436 929 μὲν
1480 852 1574 910 οῦν
1605 857 1665 910 τὸ
1714 856 1790 928 μὴ
1838 856 1953 909 δια-

373 951 628 1021 νοηθῆναι
659 950 722 1004 τὸ
766 949 1034 1020 πονηρόν·
1078 950 1127 1002 εί
1181 949 1237 1002 δὲ
1281 949 1423 1004 κατά
1456 948 1812 1020 συναρπαγὴν
1854 946 1950 1000 τοῦ

372 1039 565 1111 ἐχθροῦ
598 1040 766 1106 ἐδέξω
788 1044 854 1112 τῇ
876 1041 1021 1113 ψυχῇ
1053 1040 1393 1111 βουλεύματα
1419 1039 1696 1103 ἀσεϐείας,
1724 1037 1799 1111 μὴ
1821 1041 1952 1108 στῇς

372 1135 466 1188 ἐπὶ
498 1135 595 1205 τῆς
643 1136 937 1206 ἁμαρτίας.
976 1135 1039 1188 Εἰ
1080 1134 1137 1187 δὲ
1178 1134 1274 1187 καὶ
1316 1132 1473 1186 τοῦτο
1518 1132 1814 1195 πέπονθας,
1874 1129 1949 1201 μὴ

372 1225 685 1298 ἐνιδρυνθῇς
712 1227 790 1296 τῷ
821 1226 994 1296 κακῷ.
1024 1226 1114 1298 Μὴ
1146 1225 1325 1279 τοίνυν
1357 1224 1628 1294 καθεσθῇς
1665 1224 1757 1276 ἐπὶ
1807 1222 1942 1275 καο-

373 1317 533 1388 ἕδρας
550 1318 650 1389 τῆς
679 1317 787 1371 τῶν
812 1318 1037 1389 λοιμῶν.
1063 1319 1125 1371 Ei
1151 1316 1262 1387 (55)
1290 1316 1519 1387 ἐνόησας
1549 1315 1811 1387 καθέδραν
1828 1314 1974 1394 τίνα

374 1410 771 1481 φησὶνὸλόγος,
801 1411 884 1465 ὅτι
927 1410 1027 1480 τὴν
1047 1409 1244 1479 διαρκῆ
1269 1409 1416 1476 λέγει
1445 1406 1538 1461 τοῦ
1566 1406 1739 1461 κακοῦ
1779 1422 1946 1478 προσ-

374 1501 576 1572 εδρίαν,
605 1500 860 1565 ἐξέτασον
883 1501 1070 1555 λοιπὸν
1093 1501 1252 1564 τίνας
1281 1498 1533 1569 ὠνόμασε
1559 1498 1687 1560 τοὺς
1707 1495 1944 1567 λοιμούς.

372 1593 508 1645 Φασὶ
546 1593 609 1663 δὴ
646 1592 737 1646 τὸν
783 1592 973 1663 λοιμὸν
1017 1593 1067 1645 οἱ
1112 1591 1243 1662 περὶ
1285 1592 1459 1645 ταῦτα
1509 1588 1695 1652 δεινοὶ,
1731 1587 1950 1642 ἐπειδάν

374 1683 492 1748 ἑνὸς
514 1683 799 1755 ἀνθρώπου
832 1685 865 1756 ἢ
893 1686 1121 1755 κτήνους
1155 1683 1381 1753 ἅψηται,
1412 1681 1555 1736 κατὰ
1591 1681 1825 1734 διάδοσιν
1858 1680 1950 1733 ἐπὶ

374 1778 583 1842 πάντας
632 1780 759 1843 τοὺς
805 1777 1121 1848 ὲγγίζοντας
1180 1775 1566 1844 διανέμεσθαι·
1618 1774 1781 1844 φύσιν
1838 1772 1948 1846 γὰρ

373 1866 511 1923 εἶναι
544 1870 644 1941 τῆς
668 1869 825 1923 νόσου
850 1869 1127 1941 τοιαύτην,
1151 1867 1212 1922 τὸ
1243 1867 1302 1933 se
1325 1865 1570 1939 ἀλλήλων
1594 1865 1802 1929 πάντας
1828 1866 1951 1919 ἀνα-

372 1961 681 2033 πιμπλάναι
709 1962 808 2032 τῆς
836 1962 1164 2034 ἀρρωστίας.
1201 1958 1443 2014 Τοιοῦτοι
1471 1958 1528 2012 δέ
1548 1958 1693 2023 τινές
1726 1959 1831 2012 είσι
1858 1958 1950 2011 καὶ

371 2054 421 2107 oi
463 2053 691 2125 ἐργάται
711 2053 814 2124 τῆς
835 2053 1086 2124 ἀνομίας.
1126 2053 1321 2115 ⁸Ἄλλος
1350 2052 1460 2123 γὰρ
1485 2052 1631 2123 ἄλλῳ
1657 2052 1758 2122 τῆς
1786 2051 1945 2106 νόσου

374 2146 743 2218 μεταδιδόντες
776 2144 1119 2200 συννοσοῦσιν
1143 2145 1397 2217 ἀλλήλοις
1417 2185 1433 2210 ,
1461 2145 1559 2198 καὶ
1588 2144 1951 2199 συναπόλλυν-

368 2257 476 2293 ται.
516 2240 588 2292 ’Ἡ
610 2240 708 2310 οὐχ
747 2241 880 2311 ὁρᾷς
908 2241 1033 2302 τοὺς
1068 2238 1300 2310 πόρνους
1330 2239 1455 2301 τοὺς
1484 2238 1576 2290 ἐπὶ
1614 2237 1712 2308 τῆς
1746 2238 1952 2308 ἀγορᾶς

369 2331 734 2404 καθημένους,
776 2332 871 2385 κα)⁸
914 2331 1334 2400 καταγελῶντας
1366 2329 1475 2384 τῶν
1508 2329 1950 2401 σωφρονούντων,

369 2424 465 2478 καὶ
495 2424 884 2496 διηγουμένους
917 2424 1129 2478 ἑαυτῶν
1157 2423 1226 2477 τὰ
1250 2425 1349 2495 τῆς
1381 2423 1645 2493 αἰσχύνης
1677 2422 1842 2495 ἔργα,
1884 2424 1954 2477 τά

369 2515 463 2568 τοῦ
490 2516 714 2578 σκότους
735 2515 1169 2586 ἐπιτηδεύματα,
1210 2516 1306 2568 καὶ
1330 2515 1398 2569 τὰ
1422 2515 1565 2588 πάθη
1596 2516 1696 2587 τῆς
1730 2517 1953 2587 ἀτιμίας

372 2608 889 2680 άπαριθμουμένους
910 2608 985 2672 ὡς
1010 2609 1312 2679 ἀριστείας,
1342 2609 1375 2680 ἦ
1397 2626 1551 2672 τινας
1580 2609 1748 2673 ἄλλας
1766 2610 1958 2682 ἀνδρα-

371 2702 600 2770 γαθίας;
637 2694 796 2754 Οὗτοί
826 2703 963 2755 εἰσιν
991 2704 1039 2755 οἱ
1070 2701 1249 2772 λοιμοὶ
1280 2703 1329 2754 οἱ
1364 2701 1427 2754 τὸ
1469 2702 1601 2755 ι’διον
1645 2701 1812 2755 κακὸν
1861 2700 1956 2754 ἐπὶ

374 2793 581 2857 πάντας
596 2793 747 2862 ἄγειν
764 2791 1213 2863 φιλονεικοῦντες,
1243 2794 1338 2846 καὶ
1354 2792 1583 2858 πολλοὺς
1608 2795 1822 2858 ἑαυτοῖς
1841 2793 1955 2865 (54)

372 2884 787 2959 παραπλησίους
815 2883 1071 2954 γενέσθαι
1123 2883 1591 2956 φιλοτιμούμενοι,
1638 2885 1726 2938 ἵνα
1779 2887 1837 2940 ὲν
1887 2888 1953 2956 τῇ

372 2978 627 3049 κοινωνίᾳ
648 2977 757 3030 τῶν
785 2976 971 3032 κακῶν
1001 2975 1309 3046 διαφύγωσι
1338 2977 1407 3031 τά
1432 2976 1631 3048 ὀνείδη.
1675 2975 1813 3032 Οὔτε
1848 2976 1956 3047 γὰρ

372 3068 484 3141 πῦρ
511 3070 964 3141 εύκαταπρήστου
989 3068 1121 3139 ὓλης
1146 3068 1424 3139 ἁψάμενον
1450 3067 1677 3122 δυνατὸν
1727 3066 1802 3139 μὴ
1833 3067 1955 3138 οὐχὶ

372 3163 464 3215 ἐπὶ
514 3164 695 3218 πᾶσαν
743 3163 914 3232 αὐτὴν
951 3161 1224 3231 διαϐῆναι,
1269 3150 1444 3224 ἄλλως
1476 3177 1537 3213 τε
1570 3159 1671 3215 κᾶν
1722 3159 1953 3231 ἐπιτύχῃ

372 3256 682 3327 πνεύματος
709 3255 968 3326 ὲπιφόρου
996 3255 1097 3326 τὴν
1124 3253 1299 3324 φλόγα
1353 3252 1766 3323 διακομίζοντος
1787 3269 1800 3281 ο
1828 3251 1952 3305 οὔτε

371 3348 470 3420 τὴν
513 3348 806 3419 ἁμαρτίαν,
845 3348 964 3410 ἐνὸς
1004 3347 1312 3418 ἁψαμένην,
1361 3345 1435 3417 μὴ
1465 3345 1586 3415 οὐχὶ
1620 3345 1713 3398 ἐπὶ
1746 3343 1956 3407 πάντας

371 3439 498 3500 τοὺς
542 3437 858 3506 ἐγγίζοντας
914 3435 1163 3501 διελθεῖν,
1220 3435 1563 3503 ὲξαπτόντων
1619 3433 1790 3504 αὐτὴν
1846 3433 1956 3487 τῶν

375 3529 700 3600 πνευμάτων
758 3530 858 3600 τῆς
920 3529 1207 3601 πονηρίας.
1259 3527 1334 3580 Τὸ
1383 3526 1495 3598 γὰρ
1544 3526 1644 3596 τῆς
1700 3524 1955 3597 πορνείας

377 3622 593 3693 πνεῦμα
618 3623 719 3677 οὐκ
744 3622 993 3693 ἀνέχεται
1020 3623 1078 3675 ἐν
1115 3620 1193 3692 τῷ
1222 3620 1303 3673 ἐνὶ
1347 3620 1539 3691 στῆναι
1571 3616 1682 3690 (55)
1719 3617 1819 3689 τὴν
1840 3616 1957 3681 ἁτιπ

377 3712 527 3783 μίαν,
546 3713 659 3767 ἀλλ’
680 3713 842 3776 εὐθὺς
862 3712 1148 3784 ἡλικιῶται
1166 3727 1229 3764 συ
1238 3709 1724 3782 μπαρελήφθησαν·
1757 3706 1953 3778 κῶμοι,

373 3806 470 3861 καὶ
486 3806 668 3878 μέθαι,
696 3807 791 3861 καὶ
812 3804 1012 3877 αἰσχρὰ
1041 3806 1375 3876 διηγήματα⁹
1404 3802 1596 3874 ἑταίρα
1620 3800 1736 3872 (56)
1756 3799 1957 3871 συμπί-

373 3917 559 3965 νουσα,
592 3900 767 3971 τούτῳ
798 3897 1228 3971 προσμειδιῶσα,
1266 3899 1519 3951 κάκεῖνον
1555 3894 1954 3967 διερεθίξουσα,

373 3994 470 4046 καὶ
494 3994 705 4057 πάντας
736 3993 873 4065 πρὸς
897 3993 1000 4062 τὴν
1021 3992 1191 4060 αὐτὴν
1217 3989 1497 4060 ἁμαρτίαν
1546 3987 1953 4057 συμφλέγουσα.

378 4070 521 4146 ’δρα
562 4084 757 4154 μικρὸς
780 4086 808 4136 ὁ
836 4082 1022 4153 λοιμὸς
1050 4075 1224 4144 οὗτος,
1261 4079 1294 4151 ἢ
1322 4078 1496 4151 μικρὰ
1542 4079 1575 4148 ἡ
1604 4077 1839 4140 διάδοσις
1861 4075 1957 4130 τοῦ

381 4171 585 4235 κακοῦ,
611 4175 677 4228 Τί
715 4175 792 4240 δὲ,
833 4175 861 4226 ὁ
906 4174 997 4227 τὸν
1039 4172 1369 4241 πλεονέκτην
1404 4168 1666 4241 ζηλῶν,ἣ
1702 4168 1731 4219 ὁ
1762 4167 1852 4220 τὸν
1899 4167 1958 4232 ἐξ

384 4258 548 4329 ἄλλης
570 4260 714 4323 τινὸς
738 4258 1003 4336 πονηρίας
1034 4264 1308 4336 περιφανῆ
1334 4279 1458 4316 τινα
1498 4260 1782 4330 πολιτικὴν
1805 4258 1960 4312 δυνα-

385 4349 566 4402 στείαν
621 4350 1098 4425 περιϐεϐλημένον,
1143 4354 1178 4426 ἢ
1239 4353 1407 4408 ὲθνῶν
1463 4352 1765 4423 ἡγεμονίαν
1811 4350 1960 4422 ἔχον-

2055 504 2227 559 usque
2267 490 2519 544 canitiem
2552 490 2605 543 in
2637 492 2876 559 peccatis
2910 500 3129 562 propter
3169 493 3296 547 mali
3329 503 3618 549 consuetu-

2053 584 2233 637 dinem
2278 593 2785 653 perseveraverant.
2819 583 3280 651 Quemadmodum
3317 584 3459 641 enim
3494 598 3619 641 sues

2054 678 2145 745 qui
2184 690 2307 731 sese
2338 676 2391 731 in
2424 690 2582 731 coeno
2630 676 2939 743 obvolvunt,
2980 691 3193 748 semper
3214 677 3383 748 magis
3410 691 3475 733 ac
3503 693 3620 732 ma-

2055 768 2135 838 gis
2163 767 2275 823 luto
2301 776 2704 838 asperguntur;
2736 769 2818 824 sic
2847 769 2883 824 ii
2933 770 3173 839 quotidie
3205 770 3375 841 magis
3400 785 3465 827 ac
3505 785 3620 824 ina-

2055 858 2137 927 gis
2168 859 2461 928 voluptatis
2492 859 2595 914 sibi
2617 860 2850 915 dedecus
2877 860 3122 916 inurunt“.
3145 860 3429 918 Beatitudo
3456 862 3621 934 igitur

2051 957 2135 1003 est
2164 949 2366 1004 malum
2420 966 2527 1004 non
2578 954 2891 1021 cogitasse:
2925 952 2970 1007 si
3022 961 3200 1007 tamen
3247 952 3451 1008 inimici
3498 955 3621 1009 dolo

2052 1037 2276 1092 consilia
2326 1037 2614 1108 impietatis
2663 1040 2930 1109 receperis
2970 1040 3024 1095 in
3072 1044 3273 1106 anima,
3309 1057 3378 1098 ne
3404 1045 3620 1101 steteris

2054 1129 2103 1182 in
2131 1139 2374 1200 peccato.
2413 1130 2565 1198 Quod
2612 1132 2656 1187 si
2686 1132 2852 1187 etiam
2899 1132 2952 1186 id
2981 1132 3074 1187 tibi
3104 1134 3354 1204 contigit,
3387 1135 3440 1190 in
3476 1137 3620 1191 malo

2053 1237 2119 1275 nc
2150 1236 2487 1291 permaneas.
2520 1222 2596 1278 Ne
2634 1223 2801 1294 igitur
2828 1223 3036 1280 sederis
3065 1225 3117 1279 in
3166 1222 3422 1282 cathedra
3454 1231 3621 1298 pesti-

2052 1314 2364 1370 lentiarum.
2407 1316 2465 1370 Si
2506 1316 2820 1372 intellexisti
2862 1332 3152 1387 quamnam
3191 1320 3508 1376 cathedram
3534 1321 3617 1376 di-

2050 1417 2139 1461 cat
2164 1408 2466 1478 Scriptura,
2498 1408 2751 1464 nimirum
2770 1409 2997 1481 iongam
3026 1411 3079 1465 in
3107 1411 3249 1467 malo
3273 1427 3609 1484 perseveran.

2052 1500 2201 1565 tiam,
2232 1500 2299 1555 de
2347 1510 2546 1563 caetero
2591 1501 2848 1572 exquiras
2893 1503 3054 1558 velim
3107 1519 3241 1574 quas
3283 1505 3613 1575 pestilentias

2053 1592 2315 1646 nominet.
2360 1592 2526 1647 Aiunt
2558 1592 2816 1650 harumce
2849 1608 3029 1650 rerum
3070 1586 3227 1667 periti
3273 1604 3500 1666 pestem,
3527 1597 3619 1651 ubi

2052 1697 2215 1737 unum
2249 1683 2545 1749 hominem,
2572 1693 2665 1738 aut
2685 1684 2988 1753 iumentum
3011 1687 3270 1758 attigerit,
3298 1688 3351 1743 in
3376 1703 3621 1760 quosque

2051 1776 2325 1844 proximos
2377 1790 2471 1842 per
2514 1776 2662 1831 vices
2699 1790 2946 1848 serpere;
3000 1780 3334 1835 contendunt
3381 1795 3619 1851 namque

2053 1865 2210 1933 hujus
2265 1867 2436 1922 morbi
2487 1877 2738 1922 naturam
2798 1869 2955 1924 talem
3015 1884 3158 1936 esse,
3190 1881 3247 1927 ut
3279 1886 3465 1929 omnes
3499 1888 3619 1929 sese

2052 1969 2239 2014 mutuo
2282 1960 2603 2030 aegritudine
2643 1963 2906 2032 repleant.
2939 1963 3100 2021 Tales
3143 1966 3327 2036 itaque
3369 1975 3497 2023 sunt
3525 1968 3623 2023 ini-

2053 2052 2282 2123 quitatis
2328 2053 2584 2123 operarii.
2627 2052 2763 2108 Nam
2791 2055 2931 2110 alter
2966 2056 3120 2112 alteri
3145 2058 3389 2113 morbum
3422 2058 3620 2129 imper-

2056 2146 2254 2201 tientes
2299 2153 2566 2217 aegrotant
2608 2145 2788 2212 simul,
2836 2146 3106 2218 simulque
3153 2160 3400 2220 pereunt.
3432 2149 3620 2207 Nonne

2052 2237 2285 2292 cinaedos
2315 2234 2584 2307 conspicis
2612 2238 2664 2292 in
2689 2236 2811 2293 foro
2839 2240 3113 2302 sedentes,
3148 2239 3238 2311 qui
3272 2250 3455 2297 castos
3486 2256 3621 2312 quo-

2052 2343 2159 2397 que
2193 2328 2443 2396 irrident,
2469 2331 2669 2400 quique
2696 2346 2792 2385 sua
2825 2331 3171 2401 turpitudinis
3203 2347 3364 2404 opera
3393 2347 3620 2388 narran-

2056 2430 2159 2487 tes,
2206 2421 2555 2476 tenebrarum
2601 2423 2777 2478 studia
2807 2434 2862 2478 et
2891 2424 3211 2494 cupiditates
3238 2425 3622 2495 ignominiosas

2056 2521 2310 2582 tanquam
2347 2513 2613 2581 praeclare
2652 2523 2824 2584 gesta,
2861 2523 2955 2570 aut
2997 2514 3103 2569 alia
3136 2516 3382 2585 quaedam
3407 2517 3623 2587 egregia

2056 2601 2295 2659 facinora
2324 2603 2788 2660 commemorant?
2816 2603 3003 2661 Pestes
3032 2616 3160 2662 sunt
3198 2607 3256 2675 ii,
3281 2607 3374 2679 qui
3419 2607 3476 2663 in
3507 2624 3624 2665 om-

2056 2712 2153 2753 nes
2186 2697 2566 2752 transfundere
2593 2707 2856 2751 conantur
2885 2699 3158 2767 proprium
3198 2698 3465 2766 morbum,
3490 2700 3627 2753 mul-

2058 2796 2247 2856 tosque
2278 2785 2378 2840 sibi
2414 2785 2624 2841 similes
2652 2786 2768 2841 fieri
2800 2802 3128 2858 magnOpere
3151 2788 3397 2858 cupiunt,
3425 2798 3485 2844 ut
3530 2806 3627 2860 per

2063 2873 2203 2930 hanc
2238 2875 2502 2930 malorum
2535 2877 3079 2933 communicationem
3114 2877 3389 2934 infamiam
3431 2881 3641 2941 vitent;

2058 2962 2193 3017 Nam
2245 2978 2420 3034 neque
2472 2964 2613 3035 ignis
2665 2967 2951 3022 materiam
2987 2968 3345 3039 suscipiendae
3396 2967 3627 3026 ﬂamma:

2061 3056 2304 3111 idoneam
2340 3065 2552 3125 nactus,
2588 3056 2833 3113 cohiberi
2881 3069 3077 3128 potest,
3108 3060 3400 3131 quominus
3449 3062 3629 3118 subsi-

2057 3146 2155 3200 liat
2195 3146 2261 3201 ad
2309 3148 2617 3203 universam
2648 3170 2662 3205 :
2699 3148 2959 3215 maxime,
3004 3149 3056 3206 si
3094 3150 3388 3208 vehemens
3439 3162 3628 3209 ventus

2059 3237 2405 3293 transfundat
2423 3235 2699 3291 ﬂammam
2728 3254 2744 3293 :
2777 3252 2955 3308 neque
2978 3240 3097 3295 fieri
3124 3249 3318 3311 potest,
3351 3252 3411 3298 ut
3437 3257 3629 3314 pecca-

2058 3343 2192 3400 tum,
2230 3330 2374 3401 quod
2405 3344 2572 3384 unum
2606 3330 2841 3401 aliquem
2890 3333 3154 3403 attigerit,
3189 3333 3257 3388 ad
3282 3348 3471 3390 omnes
3500 3335 3633 3392 vici-

2056 3440 2156 3480 nos
2186 3439 2291 3480 non
2328 3432 2584 3489 transeat,
2633 3423 2678 3478 si
2731 3424 2986 3494 nequitiae
3012 3426 3236 3494 spiritus
3273 3426 3403 3480 illud
3438 3440 3632 3483 accen-

2055 3518 2205 3572 dant.
2244 3514 2462 3571 Manere
2501 3515 2644 3570 enim
2695 3516 2749 3570 in
2804 3531 2911 3571 uno
2959 3517 3294 3587 iniquitatem
3345 3533 3451 3573 non
3503 3519 3633 3575 sinit

2056 3608 2281 3675 spiritus
2329 3605 2528 3675 stupri,
2576 3606 2671 3661 sed
2742 3607 2926 3662 statim
2978 3608 3146 3662 coaevi
3212 3608 3629 3678 consociantur;

2057 3699 2480 3771 comessationes
2509 3737 2525 3766 ,
2601 3699 2937 3764 ebrietates,
3021 3713 3308 3755 sermones
3374 3701 3630 3767 obsceni;

2057 3801 2299 3843 scortum
2351 3796 2711 3858 compotans,
2748 3786 2874 3842 huic
2917 3788 3185 3856 arridens,
3243 3788 3394 3846 illum
3444 3805 3633 3860 provo-

2059 3897 2211 3947 cans,
2257 3882 2323 3936 ad
2374 3881 2515 3936 idem
2546 3889 2831 3949 peccatum
2880 3882 3192 3946 accendens
3227 3897 3441 3941 omnes.
3486 3883 3627 3939 Num

2061 3989 2226 4044 parva
2278 3975 2395 4028 haec
2447 3974 2790 4042 pestilentia,
2840 3987 2971 4028 num
3022 3974 3234 4030 modica
3276 3974 3464 4033 isthaec
3508 3993 3635 4047 pec-

2060 4068 2165 4121 cati
2219 4066 2510 4138 contagio?
2542 4065 2681 4134 Quid
2725 4079 2877 4135 vero,
2904 4066 3151 4137 quisquis
3204 4083 3425 4125 avarum
3468 4085 3636 4125 armu-

2060 4159 2221 4223 latur,
2269 4168 2362 4211 aut
2423 4172 2595 4221 eum,
2662 4157 2909 4226 qui.per
2981 4157 3198 4229 aliquod
3247 4161 3391 4216 aliud
3457 4162 3636 4218 scelus

2060 4249 2409 4317 conspicuam
2460 4250 2752 4317 quamdam
2831 4264 2896 4305 ac
2973 4249 3188 4304 civilem
3255 4250 3634 4308 auctoritatem

2062 4341 2290 4407 adeptus
2330 4348 2447 4406 est,
2502 4350 2597 4393 aut
2646 4340 2888 4407 gentium
2952 4340 3119 4395 habet
3187 4341 3496 4411 imperium,
3542 4348 3637 4397 aut

383 4460 473 4504 τα,
528 4442 562 4513 ἢ
623 4446 995 4514 στρατοπέδων
1044 4447 1299 4518 ἄρχοντα,
1340 4441 1461 4499 εἶτα
1500 4447 1614 4509 τοίς
1659 4444 1954 4514 αἰσχίστοις

2063 4433 2399 4486 exercituum
2439 4431 2544 4484 tlux
2577 4440 2683 4495 est,
2711 4431 2906 4486 deinde
2952 4432 2998 4485 si
3050 4429 3333 4489 affectibus
3388 4434 3638 4503 turpissi-

384 4536 611 4589 πάθεσιν
676 4537 1081 4608 ἑμφυρόμενον,
1137 4541 1257 4610 οὐχὶ
1323 4540 1461 4610 αύτῇ
1518 4541 1582 4609 τῇ
1657 4538 1803 4607 ψυχῇ
1863 4535 1954 4588 τὸν

382 4624 565 4694 λοιμὸν
636 4625 967 4696 παρεδέξατο
998 4667 1013 4691 ,
1079 4628 1140 4680 τὸ
1201 4627 1296 4681 τοῦ
1376 4625 1708 4698 ζηλουμένου
1788 4624 1953 4678 κακὸν

382 4719 577 4771 οἰκεῖον
632 4716 995 4787 ποιούμενος;
1035 4720 1101 4771 Αἱ
1148 4718 1257 4790 γάρ
1309 4717 1451 4771 κατὰ
1500 4717 1592 4770 τὸν
1647 4716 1762 4784 βίον
1812 4715 1954 4785 λαμ-

384 4809 649 4880 πρότητες
702 4810 1185 4877 συναναφαίνουσιν
1240 4811 1352 4880 (57)
1412 4810 1636 4870 ἑαυταῖς
1692 4807 1957 4869 καὶτοὺς

386 4902 530 4973 βίους
556 4900 664 4953 τῶν
698 4900 1099 4972 περιϐλέπτων·
1146 4904 1242 4956 καὶ
1283 4900 1612 4973 στρατιῶται
1658 4900 1754 4970 μὲν
1787 4898 1863 4962 ὡς
1893 4898 1963 4951 τὰ

385 4993 552 5049 πολλὰ
590 4995 701 5055 τοῖς
741 4994 1238 5065 στρατοπεδάρχαις
1270 4992 1676 5064 ὲξομοιοῦνταν
1720 4993 1769 5044 οἰ
1812 4990 1868 5044 δὲ
1903 4992 1961 5045 ἐν

451 5152 562 5236 t3!)
596 5148 736 5203 Editi
762 5147 923 5219 μέχρι
942 5147 1220 5220 τελευτῆς.
1247 5151 1317 5204 At
1347 5165 1476 5205 mss.
1524 5158 1758 5219 quatuor
1789 5144 1954 5217 μέχρι

382 5238 735 5360 ποξξέῖῐὶθς.
789 5292 977 5343 tertius
1030 5300 1089 5343 et
1129 5289 1292 5343 Coisl.
1353 5287 1799 5360 κυλινδούμενοι.
1835 5285 1954 5360 Yox

382 5355 555 5432 χοῖροι
594 5355 747 5415 deest
804 5362 859 5432 in
916 5375 1048 5432 mss.
1084 5360 1415 5432 nonnullis.
1449 5355 1741 5432 Aliquanto
1789 5355 1951 5432 infra,

387 5427 525 5503 £13de
559 5431 911 5503 συναρπαγὴν
946 5428 1039 5482 τοῦ
1078 5427 1305 5503 ἐχθροῦ,
1353 5429 1418 5484 ad
1468 5431 1712 5503 verbum,
1752 5428 1953 5503 _stihi-e-
1999 5436 2010 5450 '

385 5501 554 5580 ptione
583 5496 786 5555 inimici
815 5496 833 5554 ἐ
866 5496 966 5554 hoc
994 5496 1344 5568 est,']'a‘llucia
1398 5508 1445 5552 et
1488 5499 1626 5551 malo
1672 5496 1795 5551 dolo
1844 5496 1952 5548 iui-

358 5579 568 5700 ίῃῃῗέδ)
595 5634 683 5689 Sic
706 5651 833 5690 mss.
870 5639 1056 5692 nostri.
1095 5640 1163 5691 At
1186 5638 1312 5691 editi
1347 5633 1559 5690 ὲπεὶεί.

459 5637 548 5700 (35
595 5636 683 5689 Sic
706 5651 833 5690 mss.
870 5639 1056 5692 nostri.
1095 5640 1163 5691 At
1186 5638 1312 5691 editi
1347 5637 1468 5690 ἐπεὶ
1489 5636 1559 5689 εἰ.

459 5636 571 5779 154i
600 5708 690 5760 Sic
741 5716 868 5759 mss.
904 5711 967 5761 At
1024 5724 1151 5763 vero
1180 5708 1309 5762 editi
1356 5708 1657 5772 αὐτοῖςωμ
1682 5704 1951 5777 γίνεσθαι.

702 5799 971 5860 Parnm.
1019 5798 1137 5860 Gn.
1184 5799 1424 5859 XXIX.

2065 4524 2168 4577 mis
2212 4522 2613 4578 contaminatus
2665 4522 2852 4587 fuerit,
2902 4538 3083 4578 nonne
3133 4523 3186 4578 in
3214 4524 3394 4585 animo
3421 4526 3638 4595 excepit

2061 4616 2168 4686 97
2191 4625 2417 4684 pestem,
2444 4623 2578 4681 tum,
2609 4629 2733 4668 cum
2766 4615 2967 4669 malum
2998 4614 3115 4684 ejus
3137 4630 3297 4684 quem
3327 4615 3633 4681 aemulatur,

2063 4709 2339 4777 proprium
2390 4707 2494 4763 sibi
2553 4707 2822 4762 reddidit?
2855 4706 2992 4762 Nam
3028 4717 3081 4763 et
3127 4707 3295 4762 vitam
3323 4722 3511 4764 eorum
3543 4709 3636 4778 qui

2064 4800 2289 4866 clarent,
2315 4812 2500 4854 secum
2525 4799 2820 4855 ostendunt
2847 4798 2954 4854 illa:
2987 4798 3122 4870 ipsa:
3146 4779 3442 4869 dignitates
3467 4800 3588 4855 vitae
3617 4818 3633 4855 :

2065 4901 2121 4946 et
2151 4890 2349 4946 milites
2385 4890 2599 4960 quidem
2638 4890 2953 4960 plerumque
2977 4891 3288 4947 consimiles
3322 4899 3448 4947 sunt
3477 4891 3633 4947 duci-

2023 5022 2031 5033 .
2068 4984 2203 5052 bus;
2237 4981 2421 5053 populi
2458 4996 2590 5038 vero
2618 4981 2671 5037 in
2701 4981 3015 5039 civitatibus
3037 4983 3320 5038 imitantur
3347 4982 3636 5053 magistra-

2059 5140 2180 5196 Mox
2214 5141 2319 5196 duo
2346 5153 2477 5196 mss.
2504 5136 2861 5208 διαφεύγωσι.

2131 5210 2243 5289 (55)
2272 5209 2437 5264 Coisl.
2460 5206 2617 5289 cum
2645 5206 2779 5289 Qeg.
2843 5209 3001 5264 tertio
3056 5210 3270 5289 στῇναι.
3325 5206 3468 5289 Editi
3512 5225 3636 5289 cum

2058 5278 2179 5352 aliis
2227 5278 2362 5335 tnss.
2395 5279 2610 5352 στῆσαι.
2657 5278 2894 5352 -Ιιῐιηεε,
2932 5278 3201 5352 nonnullis
3253 5293 3360 5352 pro
3393 5279 3638 5352 emittat;

2058 5351 2261 5420 legitur
2280 5348 2567 5421 idpapsiav
2601 5365 2616 5403 :
2655 5348 2708 5421 in
2736 5348 2861 5421 aliis
2888 5350 3209 5421 quibusdam
3239 5350 3493 5421 ἀνομίαν.

2131 5417 2243 5491 ζὸθ)
2278 5417 2421 5488 Reg.
2450 5419 2639 5491 tertius
2678 5417 2873 5491 ἑταίρα
2908 5417 3092 5489 τούτῳ
3139 5417 3502 5491 συμπίνουσα,
3540 5421 3639 5474 κά-

2058 5487 2234 5561 κείνω
2255 5487 2683 5561 προσμειδιῶσα,
2720 5487 2893 5559 τούτῳ
2951 5487 3358 5561 προσομιλοῦσα
3380 5530 3396 5557 ,
3453 5491 3638 5546 κάκεῖ-

2058 5574 2169 5625 νον,
2207 5570 2315 5614 etc.

2136 5631 2249 5699 (57)
2299 5629 2390 5687 Sic
2447 5644 2578 5686 mss.
2619 5626 2862 5700 plerique
2919 5643 3129 5686 omnes.
3172 5629 3642 5705 Εάίιίσυνεμφαί-

2064 5716 2266 5760 νουσιν.
2388 5734 2394 5740 ·
