4048 6220
337 358 433 421 ἓὸι

1648 357 1703 410 S.
1753 357 1991 410 BASlLll
2036 358 2179 410 MAG
2194 360 2254 409 Nl

3497 358 3605 412 232

337 483 496 552 igitur
522 480 715 534 mirum
743 475 906 529 videri
939 475 1115 537 debet.
1148 474 1193 528 si
1228 488 1372 527 nunc
1404 486 1619 541 quoque
1649 474 1911 540 corpora:

2025 474 2142 538 γὰρ.
2186 487 2369 539 φησιν,
2400 472 2436 536 ’ἡ
2460 469 2644 537 σοφία
2670 467 2788 521 ἀπὸ
2820 466 2938 521 τῶν
2963 468 3191 522 τέκνων
3222 468 3417 537 αὐτῆς
3440 486 3453 498 ·
3491 470 3604 535 καὶ,

340 574 404 629 lis
452 572 568 642 ejus
625 578 778 640 paler
827 577 1089 629 taceatur,
1142 565 1449 634 prmcipuus
1506 578 1638 619 vero
1699 563 1917 618 Davidis

340 665 547 717 amicus
569 660 886 715 vocatus‘sit
910 661 1143 712 dextera:
1171 655 1336 720 ﬁlius,
1359 655 1559 725 quippe
1586 654 1678 724 qui
1704 672 1733 708 a
1759 654 1918 709 factis

338 755 438 809 sibi
469 767 766 822 congruum
809 764 1110 821 cognomen
1143 748 1480 819 acquisierit.

410 1027 464 1081 2.
497 1027 659 1082 Vens.
698 1027 750 1080 2.
791 1026 1009 1080 Domine
1040 1024 1180 1079 Deus
1202 1040 1367 1089 meus,
1396 1024 1452 1078 in
1477 1032 1525 1079 te
1552 1039 1782 1094 speravi,
1809 1023 1920 1078 sat-

340 1150 456 1187 vum
488 1148 567 1185 me
590 1130 694 1200 fac.
720 1131 947 1185 Putatur
970 1128 1195 1198 simplex
1225 1127 1485 1198 quiddam
1519 1140 1661 1192 esse,
1698 1136 1752 1181 et
1780 1124 1921 1194 quod

340 1234 592 1303 a'quovis
633 1243 781 1287 recte
811 1232 984 1301 possit
1018 1228 1275 1299 proferri,
1314 1227 1443 1283 illud
1474 1228 1726 1285 videlicet
1762 1246 1777 1282 :
1819 1227 1924 1281 Do-

342 1336 480 1388 mine
513 1333 649 1390 Deus
682 1350 846 1398 meus,
874 1334 1004 1386 inte
1041 1334 1274 1400 speravi,
1303 1330 1505 1385 salvum
1537 1346 1619 1384 me
1647 1329 1753 1399 fac.
1786 1322 1923 1384 For-

345 1434 508 1489 tassis
540 1451 643 1490 non
676 1434 749 1489 ita
785 1450 841 1489 se
873 1449 959 1487 res
995 1433 1178 1486 habet.
1213 1430 1317 1497 Qui
1354 1443 1587 1500 namque
1622 1428 1674 1482 in
1706 1428 1924 1483 homine

345 1546 543 1606 sperat.
566 1546 659 1591 aut
687 1536 774 1605 qui
805 1536 873 1589 ob
905 1534 1105 1603 aliquid
1137 1532 1283 1587 aliud
1311 1530 1641 1586 mundanum
1674 1528 1921 1594 effertur,

344 1646 494 1707 puta,
526 1636 595 1691 ob
647 1644 1003 1706 potestatem,
1048 1634 1132 1689 vel
1179 1634 1248 1688 ob
1278 1633 1524 1697 divitias,
1555 1631 1640 1686 vel
1667 1632 1737 1687 ob
1769 1632 1922 1701 quid-

345 1738 488 1806 piam
516 1736 658 1792 aliud
685 1750 893 1798 eorum,
919 1750 1039 1806 quae
1065 1735 1206 1790 inter
1238 1749 1325 1790 res
1353 1735 1531 1789 claras
1557 1750 1587 1789 a
1616 1734 1807 1789 multis
1842 1750 1925 1789 re-

2033 563 2173 616 Ἐὰν
2198 557 2258 633 ᾖ,
2286 561 2468 632 φησιν,
2495 559 2624 613 ἐκεῖ
2642 561 2774 626 υἱὸς
2801 558 3064 628 εἰρήνης.
3095 559 3261 613 Οὐδὲν
3285 555 3377 614 οὖν
3407 560 3606 631 θαυμαο

2025 652 2147 704 στὸν
2192 652 2286 705 καὶ
2314 652 2407 704 νῦν
2450 649 2793 721 σιωπηθηῖψαι
2830 651 2929 720 μὲν
2960 649 3125 704 αὐτοῦ
3160 650 3250 703 τὸν
3297 651 3601 722 σωματικὸν

2024 744 2264 814 πατέρα,
2309 743 2489 808 δεξιᾶς
2533 742 2589 796 δὲ
2632 743 2745 795 υἱὸν
2795 742 2886 794 τὸν
2930 742 3277 814 ἀρχιεταῖρον
3320 743 3414 795 τοῦ
3444 743 3606 796 Δαϐὶδ

2022 834 2423 905 ὀνομασθῆναι,
2460 833 2567 886 ἀπὸ
2602 833 2703 902 τῆς
2731 831 2981 903 πράξεως
3008 832 3286 904 πρέποντα
3311 831 3489 904 ἐαυτῷ
3512 832 3606 886 τὸν

2024 925 2409 997 χρηματισμὸν
2443 925 2692 979 λαϐόντα.

2092 1019 2146 1073 2.
2184 1020 2360 1087 Κύριε
2393 1023 2425 1073 ό
2454 1018 2597 1083 Θεός
2633 1036 2786 1087 μου,
2821 1017 2919 1071 ἐπὶ
2960 1017 3060 1070 σοί
3098 1017 3366 1087 ἤλπισα,
3400 1017 3608 1072 σῶσόν

2019 1126 2115 1180 με.
2158 1108 2529 1180 Νομιζόμενον
2562 1108 2765 1160 ἁπλοῦν
2793 1104 2933 1162 εἷναι
2963 1107 3058 1161 καὶ
3091 1108 3196 1161 ὑπὸ
3226 1106 3322 1161 τοῦ
3353 1109 3607 1178 τυχόντος

2027 1202 2190 1272 ὑγιῶς
2222 1200 2587 1272 ἀναφέρεσθαι
2614 1199 2959 1259 δύνασθαιτὸ
2983 1238 3001 1267 ,
3029 1200 3208 1267 Κύριε
3235 1203 3266 1253 ό
3295 1200 3438 1264 Θεός
3459 1216 3601 1269 μου,

2025 1296 2120 1348 ἐπὶ
2138 1296 2237 1348 σοὶ
2265 1294 2519 1364 ἤλπισα,
2551 1291 2758 1346 σῶσόν
2777 1310 2876 1362 με,
2904 1292 3045 1363 τάχα
3075 1294 3136 1345 οὺ
3166 1291 3408 1346 τοιοῦτόν
3434 1294 3601 1345 ἐστιν.

2037 1388 2095 1439 '0
2123 1385 2228 1458 γὰρ
2276 1386 2360 1437 ἐπ’
2395 1382 2679 1456 ἄνθρωπον
2727 1382 2996 1450 ἐλπίζων,
3029 1382 3062 1454 ἢ
3117 1383 3203 1435 ἐπ’
3234 1381 3362 1437 ἄλλο
3402 1399 3452 1435 τι
3498 1381 3606 1434 τῶν

2026 1478 2167 1533 κατά
2200 1477 2288 1532 τὸν
2324 1476 2436 1547 βίον
2468 1473 2960 1548 μετεωριζόμενος,
3008 1469 3118 1529 οἷον
3150 1475 3242 1528 ἐπὶ
3268 1472 3603 1539 δυναστείαν,

2025 1572 2058 1644 ἢ
2095 1572 2369 1643 χρήματα,
2393 1571 2427 1641 ἡ
2457 1587 2509 1623 τι
2536 1569 2643 1623 τῶν
2676 1566 2830 1638 παρά
2850 1570 2963 1632 τοῖς
2996 1567 3210 1631 πολλοῖς
3233 1565 3607 1639 νομιζομένων

2027 1661 2166 1717 εἶναι
2212 1662 2512 1734 λαμπρῶν,
2566 1663 2624 1715 οὐ
2672 1661 2893 1715 δύναται
2947 1663 3153 1714 εἰπεῖν’
3189 1661 3365 1729 Κύριε
3403 1663 3436 1715 o'
3463 1660 3608 1726 Θεός

2022 1776 2162 1827 μου,
2196 1756 2292 1810 ἐπὶ
2335 1756 2433 1810 σοὶ
2462 1755 2714 1836 ἤλπισα.
2768 1753 3142 1826 Παράγγελμα
3186 1752 3293 1824 γάρ
3341 1755 3456 1806 ἐστι
3481 1791 3495 1817 ,
3530 1750 3610 1823 μὴ

342 1850 619 1911 putantur,
657 1856 761 1895 non
801 1847 981 1909 potest
1018 1838 1202 1893 dicere
1246 1854 1261 1890 :
1297 1836 1520 1891 Domine
1566 1835 1704 1891 Deus
1750 1851 1916 1900 meus,

2025 1853 2260 1917 ἐλπίζειν
2285 1854 2369 1906 ἐπ’
2403 1834 2703 1923 ἄρχοντας·
2748 1848 2861 1915 καὶ,
2906 1847 3372 1917 Ἐπικατάρατος
3394 1844 3606 1912 ἄνθρω-

342 1945 400 1998 in
428 1953 478 1998 te
508 1944 711 2008 speravi
737 1942 804 1998 ⁸⁸.
836 1940 1172 2008 Praeceptum
1201 1938 1344 1995 enim
1381 1947 1486 2003 est,
1523 1953 1631 1992 non
1667 1947 1919 2004 oportere

344 2035 399 2087 in
432 2031 767 2102 principibus
794 2044 1019 2100 sperare
1045 2028 1122 2093 ";
1155 2036 1232 2091 et,
1269 2025 1584 2080 Maledictus
1618 2024 1794 2087 homo,
1824 2023 1915 2091 qui

346 2123 564 2194 conﬁdit
610 2123 664 2176 in
695 2122 923 2176 homine.
969 2119 1430 2186 Quemadmodum
1481 2130 1582 2170 nec
1626 2115 1917 2184 quidquam

325 2210 487 2267 aliud
513 2219 727 2280 oportet
752 2220 945 2281 praeter
976 2209 1142 2262 Deum
1182 2207 1362 2262 colere
1392 2225 1404 2259 :
1441 2205 1519 2261 sic
1551 2221 1650 2261 nec
1697 2206 1750 2259 in
1782 2204 1913 2267 alio,

344 2318 505 2372 quam
533 2304 587 2356 in
616 2301 725 2356 Deo
755 2299 869 2372 99
894 2299 1136 2354 omnium
1177 2297 1406 2354 Domino
1450 2311 1599 2361 spem
1633 2310 1914 2366 reponere.

344 2396 473 2462 Spes
506 2395 643 2450 enim
675 2410 809 2457 mea,
844 2392 1035 2462 inquit,
1067 2400 1117 2446 et
1147 2391 1378 2445 cantatio
1417 2407 1533 2444 mea
1569 2389 1830 2444 Dominus
1849 2389 1916 2441 ⁵ο.

344 2488 450 2543 Sed
480 2486 749 2556 quomodo
779 2494 970 2555 rogat,
1010 2494 1068 2538 ut
1099 2485 1332 2555 primum
1374 2494 1622 2538 servetur
1656 2497 1686 2537 a
1731 2496 1916 2552 perse-

344 2577 636 2648 quentibus
657 2615 671 2641 ,
702 2575 896 2631 deinde
918 2614 933 2641 ,
977 2582 1036 2629 ut
1076 2574 1375 2629 liberetur?
1406 2572 1608 2628 Puncti
1642 2573 1920 2629 distinetio

345 2670 548 2725 claram
574 2669 761 2723 reddet
779 2667 1126 2738 sententiam.
1154 2666 1370 2722 Salvum
1387 2683 1468 2720 me
1494 2666 1577 2731 {ac
1600 2683 1664 2722 ea:
1680 2667 1920 2722 omnibus

344 2775 642 2832 persequem
656 2763 770 2813 ibus
794 2776 909 2824 me,
934 2769 981 2814 et
1012 2759 1177 2813 libera
1198 2775 1301 2822 me,
1327 2756 1513 2829 (Vens.
1543 2759 1598 2831 5)
1626 2776 1688 2813 ne
1715 2761 1922 2830 quando

345 2856 517 2922 rapiat
548 2864 605 2908 ut
636 2855 714 2909 leo
751 2855 982 2909 animam
1010 2868 1201 2906 meam.
1240 2849 1370 2917 Quae
1416 2852 1580 2922 igitur
1620 2852 1923 2908 differentia

346 2948 488 3003 inter
527 2948 732 3002 servari
775 2956 829 3000 et
875 2944 1136 2999 liberari?
1175 2943 1442 2997 Nimirum
1488 2944 1706 3014 proprie
1748 2944 1921 3000 salute

346 3055 482 3112 opus
513 3050 597 3095 est
624 3038 892 3095 debilibus
922 3055 937 3093 :
975 3038 1068 3108 qui
1098 3053 1229 3092 vero
1254 3036 1567 3092 detinentur
1600 3038 1654 3092 in
1697 3039 1923 3108 captivi-

351 3142 480 3197 tate,
506 3134 745 3202 indigent
769 3142 827 3186 ut
850 3131 1165 3187 liberentur.
1195 3130 1488 3201 Propterea
1519 3130 1565 3186 is
1586 3131 1801 3200 quidem
1827 3131 1916 3202 qui

348 3238 444 3292 per
473 3240 531 3279 se
553 3222 745 3278 debilis
774 3231 876 3290 est,
910 3230 965 3276 et
995 3230 1173 3276 tamen
1208 3220 1261 3275 in
1290 3236 1349 3277 se
1378 3222 1576 3277 retinet
1605 3220 1793 3288 tidem,
1824 3237 1919 3289 per

347 3312 620 3384 propriam
684 3312 844 3368 tidem
912 3312 980 3366 ad
1035 3311 1264 3367 salutem
1334 3321 1694 3382 praeparatur.
1755 3310 1919 3365 Fides

347 3407 516 3472 enim,
550 3405 754 3476 inquit,
800 3415 891 3459 tua
934 3413 982 3459 te
1025 3406 1226 3459 salvam
1257 3404 1379 3474 fecit
1413 3404 1495 3470 l”;
1523 3412 1597 3469 et.
1648 3402 1775 3458 Fiat
1828 3404 1919 3458 tibi

348 3497 481 3550 sicut
507 3494 772 3547 credidisti
796 3494 863 3548 δ’.
897 3491 997 3560 Qui
1034 3509 1164 3548 vero
1198 3493 1507 3550 liberandus
1558 3502 1660 3556 est.
1684 3494 1918 3564 pretium

349 3602 447 3657 pro
476 3601 535 3641 se
566 3585 781 3641 aliunde
825 3584 1235 3656 persolvendum
1280 3593 1578 3655 exspectat.
1612 3584 1801 3655 itaque
1832 3586 1920 3640 cui

350 3680 593 3733 imminet
621 3688 677 3733 et
708 3677 986 3747 impendet
1014 3694 1181 3741 mors,
1215 3678 1259 3732 is
1293 3693 1415 3733 cum
1445 3679 1547 3733 sibi
1577 3679 1826 3733 conscius
1854 3679 1922 3732 sit

348 3771 673 3837 Salvatorem
706 3785 825 3826 esse
849 3786 1035 3837 unum,
1054 3780 1215 3840 atque
1237 3786 1398 3824 unum
1420 3771 1788 3833 liberatorem,
1809 3769 1918 3823 air:

351 3860 416 3914 In
446 3869 493 3915 te
513 3862 739 3930 speravi,
765 3862 968 3916 salvum
997 3877 1077 3915 me
1105 3862 1191 3931 [ac
1213 3861 1280 3916 ab
1308 3861 1649 3927 inﬁrmitate,
1681 3872 1728 3914 et
1757 3861 1919 3914 libera

349 3969 429 4007 me
477 3967 508 4006 a
558 3954 893 4023 captivitate.
948 3953 1216 4017 Existimo
1271 3964 1474 4019 autem,
1522 3962 1774 4008 strenuos
1830 3954 1921 4006 Dei

350 4045 604 4111 athletas,
634 4047 726 4114 qui
763 4061 884 4100 cum
911 4045 1276 4100 invisibilibus
1306 4045 1542 4100 inimicis
1577 4060 1673 4115 per
1705 4060 1921 4100 omnem

351 4150 503 4191 suam
533 4137 699 4189 vitam
740 4136 893 4206 valde
919 4137 1194 4190 colluctati
1227 4146 1372 4202 sunt,
1416 4145 1698 4206 postquam
1735 4151 1920 4189 eorum

350 4244 540 4284 omnes
588 4229 971 4284 insectationes
1021 4227 1341 4299 ell‘ugerint,
1395 4243 1560 4296 prope
1606 4227 1729 4281 vita:
1762 4226 1921 4281 [iuetn

352 4321 695 4384 constitutos,
724 4334 753 4373 a
790 4319 969 4375 saeculi
1005 4320 1246 4388 principe
1291 4319 1617 4380 examinari,
1657 4329 1714 4370 ιιι
1747 4320 1790 4371 si
1836 4333 1922 4370 re-

353 4411 633 4479 periantur
663 4420 758 4465 aut
795 4410 1018 4465 vulnera
1049 4425 1114 4464 ex
1148 4410 1567 4472 certaminibus,
1597 4418 1692 4463 aut
1716 4410 1926 4478 aliquas

2021 1957 2133 2008 πος
2155 1983 2169 2005 ,
2215 1941 2282 2007 ὃς
2327 1939 2442 2008 τὴν
2485 1937 2707 1993 ἐλπίδα
2739 1937 2865 2008 ἔχει
2901 1936 2995 1991 ἐπ’
3030 1938 3362 2006 ἄνθρωπον.
3395 1935 3609 2005 ’Ὠσπερ

2021 2034 2142 2087 οὐδὲ
2174 2033 2354 2086 σέϐειν
2384 2032 2511 2086 ἄλλο
2552 2048 2606 2083 τι
2637 2031 2789 2101 παρά
2819 2030 2909 2083 τὸν
2940 2028 3072 2083 Θεὸν
3102 2028 3399 2100 προσῆκεν,
3434 2025 3607 2090 οὕτως

2021 2125 2142 2179 οὐδὲ
2174 2126 2265 2178 ἐπὶ
2320 2124 2476 2180 ἄλλον
2538 2120 2779 2188 ἐλπίζειν
2829 2122 2862 2193 ἢ
2912 2123 3005 2174 ἐπὶ
3048 2122 3140 2173 τὸν
3171 2120 3303 2174 Θεὸν
3329 2119 3438 2174 τῶν
3465 2119 3605 2175 πάδ-

2020 2234 2128 2270 των
2160 2217 2382 2287 Κύριον.
2426 2216 2624 2281 Ἐλπὶς
2663 2213 2773 2285 γάρ
2807 2230 2926 2282 μου
2948 2253 2964 2277 ,
3000 2212 3168 2283 φησι,
3200 2211 3299 2266 καὶ
3339 2210 3606 2280 ὔμνησίς

2016 2328 2135 2379 μου
2164 2309 2274 2378 (Si)
2309 2312 2342 2363 ὀ
2367 2308 2599 2378 Κύριος.
2640 2306 2765 2370 Πῶς
2790 2306 2846 2358 δὲ
2880 2304 3095 2376 πρῶτον
3129 2304 3366 2374 σωθῆναι
3389 2300 3605 2373 εὔχετέι

2022 2402 2086 2454 ὲκ
2112 2400 2219 2454 τῶν
2243 2400 2567 2463 διωκόντων,
2601 2393 2718 2450 εἶτα
2740 2396 2999 2469 ρυσθῆναι
3025 2413 3039 2461 ;
3079 2394 3140 2448 'H
3168 2394 3420 2464 διαστολὴ
3459 2394 3607 2463 σαφῆ

2023 2493 2238 2563 ποιήσει
2273 2491 2361 2545 τὸν
2393 2490 2570 2559 λόγον.
2606 2487 2818 2542 Σῶσον
2848 2489 2956 2560 γάρ
2991 2505 3069 2558 με
3111 2486 3180 2541 ἐκ
3221 2485 3461 2540 πάντων
3487 2481 3607 2538 τῶν

2022 2584 2355 2638 διωκόντων
2375 2599 2471 2652 με,
2496 2581 2594 2635 καὶ
2613 2581 2803 2650 ῥῦσαί
2823 2597 2931 2650 με,
2968 2579 3054 2650 μή
3089 2594 3233 2633 ποτε
3257 2576 3500 2647 ἁρπάσῃ
3525 2576 3609 2643 ὡς

2020 2676 2177 2730 λέων
2211 2674 2326 2744 τὴν
2349 2672 2560 2744 ψυχήν
2581 2692 2721 2743 μου.
2770 2672 2865 2736 Τίς
2898 2668 2991 2726 οὖν
3025 2672 3057 2742 ὴ
3094 2670 3326 2743 διαφορά
3371 2668 3465 2722 τοῦ
3502 2666 3608 2720 σὼ-

2024 2767 2209 2833 ζεσθαι
2253 2768 2348 2821 καὶ
2388 2766 2482 2821 τοῦ
2540 2766 2763 2839 ῥύεσθαι
2822 2765 2966 2837 (52);
3016 2766 3136 2819 Ὅτι
3184 2765 3282 2834 τῆς
3329 2759 3607 2833 σωτηρίας

2027 2861 2123 2931 μὲν
2151 2858 2354 2931 κυρίως
2379 2861 2425 2912 οἱ
2456 2857 2808 2920 ἀσθενοῦντες
2832 2855 3112 2928 χρῄζουσι,
3139 2854 3233 2907 τοῦ
3261 2851 3523 2925 ῥυσθῆναι
3545 2848 3603 2904 δὲ

2024 2953 2073 3007 οἱ
2110 2953 2167 3006 ὲν
2190 2955 2256 3023 τῇ
2289 2950 2634 3023 αἰχμαλωσίᾳ
2678 2950 3053 3022 κατεχόμενοι.
3104 2946 3203 3000 Διά
3247 2943 3403 2998 τοῦτο
3430 2943 3459 2995 ὁ
3507 2940 3606 3013 μὲν

2024 3046 2081 3098 ἐν
2120 3043 2297 3114 ἐαυτῷ
2343 3043 2481 3114 ἔχων
2518 3042 2615 3113 τὴν
2653 3042 2967 3114 ἀσθένειαν,
3026 3041 3082 3092 ὲν
3121 3035 3299 3107 ἑαυτῷ
3337 3034 3395 3088 δὲ
3424 3031 3607 3086 λαϐὰν

2024 3136 2121 3209 τὴν
2154 3137 2371 3200 πίστιν,
2421 3136 2525 3190 ὑπὸ
2565 3136 2664 3207 τῆς
2711 3113 2915 3199 οἰκείας
2963 3134 3197 3196 πίστεως
3244 3131 3606 3200 οἰκονομεῖται

2024 3229 2160 3300 πρὸς
2190 3229 2250 3282 τὸ
2276 3227 2532 3298 σωθῆναι.
2572 3228 2633 3282 Ἡ
2659 3228 2863 3292 πίστις
2883 3224 2993 3295 γάρ
3016 3239 3156 3289 σου,
3189 3221 3340 3293 φησι,
3371 3213 3607 3273 σέσωκὶ

2022 3338 2126 3375 σε·
2180 3323 2307 3385 καὶ,
2353 3320 2672 3390 Γενηθήτω
2725 3335 2823 3373 σοι
2865 3319 2945 3383 ὡς
3001 3317 3389 3379 ἐπίστευσας.
3446 3310 3503 3362 Ὁ
3548 3305 3608 3360 δὲ

2021 3413 2249 3483 ὀφείλων
2276 3412 2386 3485 (55)
2425 3412 2687 3485 ρυσθῆναι
2716 3410 2879 3482 τιμὴν
2912 3408 3111 3474 ἔξωθεν
3143 3406 3281 3479 ὑπὲρ
3315 3400 3478 3457 αὐτοῦ
3509 3416 3609 3453 κα-

2021 3504 2311 3574 τατεθῆναι
2353 3488 2672 3571 ὀφείλουσαν
2716 3499 2999 3572 ἀναμένει.
3052 3497 3109 3550 '0
3141 3494 3321 3549 τοίνυν
3364 3490 3469 3545 ὑπὸ
3516 3489 3611 3544 τὸν

2023 3595 2253 3650 θάνατον
2283 3593 2379 3656 ῶν,
2409 3593 2587 3659 εἰδὼς,
2622 3594 2706 3648 ὅτι
2735 3588 2816 3657 εἷς
2840 3595 2869 3647 ὁ
2902 3590 3110 3657 σώζων,
3142 3584 3221 3652 εἷς
3255 3589 3283 3641 ὁ
3307 3582 3611 3659 λυτρούμε-

2022 3705 2129 3751 νος,
2173 3686 2304 3740 Ἐπὶ
2337 3685 2472 3750 σοὶ,
2509 3686 2671 3757 φησιν
2691 3726 2706 3750 ,
2735 3683 2973 3754 ἤλπισα
2992 3725 3005 3749 ,
3036 3683 3242 3738 σῶσόν
3272 3695 3349 3749 με
3380 3676 3487 3730 ἀπὸ
3510 3675 3611 3747 τῆς

2024 3780 2345 3842 ἀσθενείας,
2395 3778 2494 3832 καὶ
2544 3778 2733 3848 ῥῦσαί
2771 3795 2849 3848 με
2896 3777 3004 3831 ἀπὸ
3052 3778 3152 3847 τῆς
3212 3771 3610 3845 αἰχμαλωσίας.

2024 3868 2190 3944 Οἶμαι
2224 3872 2280 3924 δὲ
2304 3911 2319 3936 ,
2348 3872 2428 3925 ὃτι
2460 3873 2509 3924 οἱ
2538 3874 2772 3940 γενναῖοι
2804 3871 2897 3923 τοῦ
2925 3869 3058 3923 Θεοῦ
3104 3866 3367 3938 ἀθληταὶ,
3412 3860 3611 3924 ἱκανῶς

2025 3964 2176 4034 παρὰ
2222 3964 2401 4017 πάντα
2431 3963 2521 4016 τὸν
2556 3961 2763 4016 ἑαυτῶν
2807 3961 2918 4032 βίον
2960 3963 3071 4024 τοῖς
3117 3959 3369 4030 ἀοράτοις
3398 3954 3612 4025 ἐχθροῖς

2026 4051 2550 4125 προσπαλαίσαντες,
2577 4049 2798 4104 ἐπειδὰν
2824 4050 3002 4111 πάσας
3047 4047 3225 4102 αὐτῶν
3255 4042 3613 4113 ύπεκφύγωσι

2024 4148 2123 4210 τὰς
2149 4145 2378 4209 διώξεις,
2407 4145 2543 4215 πρὸς
2581 4142 2659 4214 τῷ
2690 4143 2834 4195 τέλει
2859 4141 2952 4194 τοῦ
2978 4141 3097 4212 βίου
3125 4139 3425 4211 γενόμενοι,
3464 4137 3611 4203 ἐρευ-

2025 4235 2222 4289 νῶνται
2258 4235 2362 4287 ὑπὸ
2395 4235 2487 4287 τοῦ
2525 4234 2784 4303 ἄρχοντος
2831 4232 2923 4286 τοῦ
2967 4232 3191 4296 αἰῶνος,
3235 4231 3357 4293 ἵνα,
3399 4225 3464 4278 ἂν
3511 4221 3609 4292 μὲν

2027 4327 2319 4399 εὑρεθῶσιν
2353 4328 2567 4396 ἔχοντες
2597 4326 2885 4398 τραύματα
2913 4325 3021 4378 ἀπὸ
3046 4323 3155 4377 τῶν
3194 4315 3608 4386 παλαισμάτων.

2027 4416 2060 4487 ἣ
2093 4416 2313 4479 σπίλους
2346 4416 2518 4479 τινὰς,
2556 4417 2651 4469 καὶ
2674 4416 2877 4479 τύπους
2900 4415 2999 4485 τῆς
3025 4413 3317 4485 ἁμαρτίας,
3346 4421 3613 4473 κατασχε-

352 4502 611 4566 maculas,
645 4512 735 4556 aut
775 4502 980 4572 peccati
1014 4500 1241 4570 vestigia
1277 4501 1568 4555 retinuisse
1596 4541 1612 4566 ,
1643 4502 1921 4555 detinean-

2029 4508 2195 4561 θῶσιν
2221 4526 2234 4539 ο
2274 4508 2369 4561 ἐὰν
2399 4508 2456 4561 δὲ
2503 4508 2737 4579 ἄτρωτοι
2790 4507 3055 4578 εύρεθῶσι
3112 4504 3205 4558 καὶ
3246 4498 3481 4562 ἄσπιλοι,
3535 4495 3612 4557 t'og

350 4602 480 4647 tur:
512 4594 593 4647 sin
628 4605 807 4649 autent
848 4594 1191 4648 inveniantur
1224 4593 1553 4648 invulnerati
1593 4602 1647 4647 et
1696 4593 1928 4647 inteme-

355 4681 483 4749 rati,
510 4699 538 4737 a
568 4684 785 4738 Christo
809 4695 1068 4753 tanquam
1103 4684 1288 4737 invicti
1324 4692 1379 4737 et
1403 4682 1559 4737 liberi
1596 4684 1650 4736 in
1680 4684 1922 4752 requiem

357 4776 770 4831 transferantur.
807 4774 940 4831 Orat
979 4775 1144 4844 igitur
1191 4790 1288 4844 pro
1314 4774 1420 4829 vita
1457 4777 1709 4845 praesenti
1742 4788 1796 4831 et
1842 4776 1925 4829 fn-

425 4932 471 4963 ⁸⁸
503 4932 698 4987 Psalm.
725 4947 889 4994 cxvu,
917 4931 968 4984 9.
1049 4928 1094 4960 δ’
1116 4928 1314 4984 Jercm.
1342 4944 1470 4993 xvu,
1498 4930 1549 4983 5.

431 5093 541 5167 (5i)
567 5093 697 5167 Yon
716 5109 815 5163 μου
846 5092 1027 5167 addita
1055 5100 1136 5146 est
1166 5106 1232 5167 ex
1268 5090 1401 5167 licg.
1428 5090 1668 5167 secundo
1692 5091 1924 5167 el_Cuii_t.

357 5160 532 5222 scito.
589 5160 789 5216 Ibidem
839 5163 1106 5216 editiones
1168 5160 1369 5215 Paris.’
1396 5170 1451 5215 et
1496 5160 1657 5215 Basil.
1687 5162 1805 5225 m2);
1846 5164 1925 5218 δέ.

361 5240 517 5290 Deest
545 5233 602 5286 δέ
632 5234 858 5304 iutnss.
884 5231 1036 5304 liattd
1070 5232 1226 5304 longe
1258 5232 1369 5304 illa,
1406 5232 1480 5303 μὴ
1515 5232 1930 5304 ὅντος-λυτρου-

360 5308 545 5378 μένου,
591 5303 724 5375 μηδὲ
790 5301 1101 5378 σώζοντος,
1164 5301 1438 5378 adduntur
1470 5301 1534 5356 'iu
1603 5301 1928 5378 Collieritttis

357 5372 553 5445 quarto
586 5372 894 5441 ct'septimo
922 5382 1043 5442 post
1081 5388 1239 5445 voces
1266 5372 1444 5443 ψυχήν
1477 5387 1578 5443 μου
1615 5388 1648 5445 '_
1677 5373 1770 5426 sed
1801 5389 1924 5427 cum

358 5442 535 5500 desint
569 5447 620 5498 in
642 5445 761 5498 aliis
793 5461 887 5498 sex
924 5458 1057 5497 mss.
1095 5442 1488 5511 videanturque
1518 5460 1548 5496 e
1599 5442 1925 5511 glossemate

359 5518 599 5574 ﬂuxisse,
642 5516 845 5569 idcirco
871 5516 1116 5567 inserere
1144 5528 1204 5566 ea
1237 5515 1513 5567 contextui
1551 5513 1843 5565 noluimus.

431 5586 543 5653 (52)
573 5586 800 5639 Codices
822 5585 1029 5655 aliquot
1054 5583 1340 5655 ρυσθῆναι.
1375 5583 1697 5655 Subindein
1749 5584 1924 5655 tribus

361 5671 492 5709 mss.
515 5655 706 5737 legitur
742 5653 1124 5737 oiuooop'effatt.
1155 5653 1297 5737 Editi
1329 5663 1540 5737 νεα),οι
1569 5653 1660 5737 alii
1705 5653 1923 5736 quidam

362 5741 492 5778 mss.
551 5722 935 5791 οἰκονομεῖται.
983 5723 1103 5775 Mox
1152 5722 1318 5777 editio
1364 5722 1536 5777 Paris.
1593 5722 1806 5791 Σέσωκέ
1838 5739 1920 5784 σε,

364 5791 594 5862 πορεύου
620 5794 698 5854 εἰς
730 5790 971 5863 εἰρήνην,
1014 5794 1106 5846 καὶ
1138 5792 1440 5862 γενηθήτω,
1481 5804 1588 5849 ctc.
1625 5790 1721 5847 Ubi
1773 5803 1925 5847 notat

1630 4930 1675 4961 ⁵ο
1706 4932 1843 4986 Psal.
1874 4952 1997 5001 Lxx,
2036 4939 2090 5001 ὃ,
2123 4940 2173 4990 ὕ.

2032 4601 2329 4673 ἀκράτητοι
2365 4602 2538 4665 ὅντες,
2573 4601 2650 4663 ὡς
2677 4599 2951 4670 ἐλεύθεροι
2980 4598 3086 4651 ὑπὸ
3110 4592 3345 4667 Χριστοῦ
3371 4586 3612 4645 ἀναπαύ-

2035 4708 2252 4746 σωνται.
2293 4691 2524 4764 Εὔχεται
2559 4688 2653 4745 οὖν
2679 4692 2805 4764 περί
2840 4709 2900 4744 τε
2943 4692 3043 4762 τῆς
3076 4686 3307 4742 ἐνταῦθα
3343 4682 3486 4751 ζωῆς
3518 4678 3614 4731 καὶ

2034 4784 2162 4854 περὶ
2198 4785 2294 4854 τῆς
2325 4784 2642 4855 μελλούσης.
2671 4785 2880 4839 Σῶσον
2907 4783 3014 4855 γάρ
3035 4798 3132 4852 με,
3165 4780 3350 4851 φησιν,
3381 4770 3612 4827 ἐνταῦθα

2253 4940 2294 4969 δι
2338 4938 2468 4993 Luc.
2498 4955 2590 5004 \‘tt,
2631 4938 2721 4993 50.
2798 4939 2845 4969 δ’
2887 4935 3076 4991 Matth.
3124 4947 3243 4997 vnt,
3282 4930 3368 4984 15.

2037 5098 2118 5149 vir
2148 5098 2553 5152 eruditissimus
2579 5096 2807 5150 Ducaaus
2839 5095 2951 5157 illa,
2986 5089 3220 5162 πορεύου
3245 5089 3326 5150 εἰς
3367 5085 3610 5163 εὲρήγηνε

2034 5168 2217 5221 addita
2255 5167 2423 5223 fuisse
2473 5184 2538 5222 ex
2576 5168 2800 5239 Qiiv.»_et
2822 5156 3072 5233 Anglicis
3104 5178 3118 5211 :
3156 5174 3277 5239 quae
3299 5158 3462 5239 verba
3506 5156 3612 5223 legi

2031 5252 2248 5308 quoque
2280 5240 2330 5291 iu
2362 5239 2570 5293 duobus
2602 5236 2786 5306 Regiis
2828 5226 2961 5308 mss.
3015 5248 3145 5308 non.
3174 5226 3610 5308 dissi't‘uulamus.

2033 5297 2139 5361 Sed
2162 5297 2380 5370 'tatnen,
2409 5324 2533 5361 cum
2580 5297 2891 5360 inec'verba
2933 5304 2987 5357 in
3018 5302 3256 5356 editione
3307 5297 3609 5375 Basileensi

2033 5379 2237 5443 desint,
2265 5388 2321 5432 et
2344 5379 2399 5431 in
2429 5377 2676 5445 plurimis
2701 5391 2858 5439 mss.,
2877 5389 3111 5439 cttmque
3128 5378 3388 5439 prmterea
3412 5379 3613 5445 seriem

2033 5438 2297 5502 orationis
2357 5438 2759 5516 interrumpere
2797 5438 3104 5504 videantur,
3130 5438 3493 5508 expungeuda
3545 5447 3613 5489 ea

2033 5533 2362 5573 CGIISIIIIIIUS.

2105 5587 2220 5659 (5.3)
2257 5589 2348 5643 Sic
2377 5596 2583 5655 septem
2621 5602 2750 5640 mss.
2783 5598 2938 5659 aeque
2960 5598 3024 5636 ac
3055 5579 3325 5659 editiones
3344 5574 3524 5659 Paris:
3551 5580 3610 5659 (ἐξ.

2034 5640 2571 5715 maturasin
2817 5640 3043 5686 υτ
3132 5649 3169 5671 "
3262 5651 3461 5704 leriana
3501 5640 3609 5698 an

2032 5727 2200 5783 θέλων
2211 5772 2222 5783 .
