4048 6220
458 348 562 403 233

1641 344 1928 401 IIOMILIA
1961 344 2028 399 IN
2067 345 2396 403 PSALMUM
2436 347 2545 404 VII.

3603 340 3708 396 254

455 459 577 517 ἀπὸ
613 457 729 512 τῶν
764 459 1102 513 διωκόντων
1135 458 1247 531 (54)
1267 476 1282 492 ν
1322 459 1511 529 ῥῦσαι
1548 458 1608 512 δέ
1637 476 1714 530 με
1738 460 1854 513 ἐκεῖ
1880 463 1937 514 ὲν
1962 458 2032 530 τῷ

2147 471 2293 519 tura.
2326 462 2541 518 Salvum
2564 465 2731 529 enim,
2765 462 2958 533 inquit,
2986 478 3063 516 me
3087 461 3196 530 fac,
3234 457 3324 513 hic
3351 474 3381 512 a
3403 472 3711 528 persequen-

458 549 635 621 καιρῷ
667 550 765 621 τῆς
793 548 1040 621 ἐρεύνης,
1067 549 1153 620 μή
1183 567 1328 606 ποτε
1364 551 1609 621 ἁρπάσῃ
1642 552 1722 617 ὡς
1751 552 1908 605 λέων
1929 552 2043 620 τὴν

457 642 668 713 ψυχήν
687 660 829 711 μου.
865 642 976 697 Καὶ
1002 642 1176 697 ταῦτα
1221 643 1412 715 μάθοις
1443 642 1509 697 ἂν
1536 643 1593 709 ἐξ
1627 643 1791 696 αὑτοῦ
1816 642 1911 697 τοῦ
1933 645 2042 697 Κυ-

459 736 574 807 ρίου
611 735 861 803 λέγοντος
907 735 1036 805 περὶ
1067 735 1159 789 τὸν
1200 734 1389 807 καιρὸν
1431 733 1525 788 τοῦ
1567 734 1771 798 πάθους
1796 753 1807 765 ·
1846 734 1978 788 Νῦν
2010 738 2042 789 ό

455 825 655 896 ἅρχων
693 826 799 881 τοῦ
829 827 1061 896 κόσμου
1091 827 1307 881 τούτου
1352 826 1620 896 ἔρχεται,
1673 826 1772 878 καὶ
1813 826 1882 878 ἐν
1912 825 2040 896 ἐμοὶ

453 917 576 978 ἕξει
623 916 822 972 οὐδέν.
888 917 1028 971 Ἀλλ’
1062 920 1091 971 6
1146 918 1275 988 μὲν,
1333 918 1407 988 μὴ
1465 918 1694 989 ποιήσας
1744 918 2036 990 ἁμαρτίαν,

456 1010 640 1079 ἔλεγεν
663 1010 805 1081 ἔχειν
834 1009 987 1064 οὐδέν
1009 1028 1022 1038 ·
1053 1008 1327 1080 ἀνθρώπῳ
1354 1009 1411 1062 δὲ
1445 1007 1714 1079 αὔταρκες
1740 1048 1753 1069 ,
1793 1009 1888 1063 ἐὰν
1916 1008 2039 1060 τολ-

460 1105 610 1176 μήσῃ
638 1106 810 1158 εἰπεῖν
835 1142 850 1167 ,
883 1104 964 1157 ὃτι
991 1102 1244 1174 Ἔρχεται
1274 1102 1304 1153 6
1335 1102 1516 1171 ἄρχων
1543 1100 1638 1154 τοῦ
1675 1100 1879 1171 κόσμου
1919 1099 2041 1153 τού-

455 1214 574 1263 του,
605 1196 700 1251 καὶ
728 1197 785 1249 ὲν
828 1195 951 1267 ἐμοὶ
999 1192 1109 1259 ἕξει
1149 1193 1306 1262 ὀλίγα
1338 1192 1434 1246 καὶ
1478 1190 1670 1263 μικρά.
1696 1190 1952 1255 Κίνδυνος
1984 1191 2039 1245 δὲ

457 1287 630 1343 ταῦτα
662 1287 872 1351 παθεῖν,
903 1285 998 1339 ἐὰν
1028 1285 1102 1357 μὴ
1125 1284 1337 1355 ἔχωμεν
1360 1283 1452 1337 τὸν
1482 1282 1843 1354 λυτρούμενον
1867 1283 2035 1354 ἡμᾶς,

461 1380 595 1452 μηδὲ
626 1380 718 1433 τὸν
750 1377 1009 1441 σώζοντα.
1060 1376 1206 1447 Πρὸς
1233 1376 1303 1429 τά
1329 1374 1422 1428 δύο
1461 1374 1529 1428 τὰ
1572 1374 1903 1445 προκείμενα
1946 1368 2038 1427 δύο

458 1472 575 1524 ἐστὶ
602 1469 674 1523 τὰ
702 1468 1047 1539 ὲπαγόμενα·
1077 1465 1288 1521 Σῶσόν
1300 1482 1377 1534 με
1398 1465 1467 1518 ἐκ
1496 1464 1600 1518 τοῦ
1628 1462 1899 1531 πλήθους
1920 1462 2038 1517 τῶν

458 1558 795 1614 διωκόντων
818 1574 916 1627 με,
948 1556 1047 1610 καὶ
1066 1555 1253 1624 ῥῦσαι
1284 1554 1397 1626 (55)
1422 1595 1437 1619 ,
1473 1554 1561 1607 ἴνα
1590 1553 1664 1625 μή
1694 1569 1824 1606 ποτε
1854 1554 2034 1623 ἁρπα-

461 1650 594 1714 σθῶ,
621 1650 697 1713 ὡς
723 1649 798 1721 μὴ
823 1648 974 1712 ὄντος
997 1647 1389 1719 λυτρουμένου.

527 1741 580 1795 3.
602 1742 776 1808 Κύριε
793 1742 827 1795 ό
849 1739 993 1805 etch
1008 1756 1147 1809 μου,
1179 1740 1230 1794 si
1260 1737 1523 1805 ἐποίησα
1556 1736 1750 1801 τοῦτο,
1777 1740 1829 1792 ει
1864 1738 2034 1792 ἐστιν

456 1830 658 1885 ἀδικία
687 1830 757 1885 ἐν
799 1832 972 1900 χερσί
1007 1847 1147 1900 μου,
1178 1832 1231 1884 ει
1277 1827 1665 1884 ἁνταπέδωκα
1700 1828 1823 1894 τοῖς
1852 1830 2032 1884 ἀντα-

458 1921 779 1976 ποδιδοῦσί
803 1940 906 1992 μοι
963 1922 1138 1987 κακὰ,
1190 1919 1550 1990 ἀποπέσοιμι
1603 1921 1716 1989 ἄρα
1756 1921 1873 1975 ἀπὸ
1919 1920 2035 1975 τῶν

454 2011 684 2082 ἐχθρῶν
699 2030 820 2083 μου
864 2012 1057 2079 κενός.
1088 2009 1453 2074 Καταδιάκῖαι
1485 2010 1601 2078 ἄρα
1630 2013 1662 2063 ό
1690 2010 1902 2079 ἐχθρὸς
1921 2010 2036 2079 τὴν

456 2102 669 2172 ψυχήν
686 2120 826 2173 μου,
860 2102 958 2157 καὶ
981 2100 1326 2157 καταλάϐοι.
1365 2100 1601 2172 ξύνηθες
1629 2102 1695 2172 τῇ
1744 2101 1932 2172 Γραφῇ
1975 2100 2036 2155 τὸ

453 2195 556 2266 τῆς
597 2196 1003 2260 ἀνταποδόσεως
1039 2195 1209 2266 δνομα
1234 2193 1336 2246 οὐκ
1369 2194 1461 2246 ἐπὶ
1498 2192 1607 2247 τῶν
1638 2193 2031 2264 νομιζομένων.

453 2286 530 2351 ὡς
556 2287 900 2360 ὑπάρξαντός
924 2304 1070 2351 τινος
1098 2284 1305 2355 ἀγαθοῦ
1336 2285 1370 2356 ἢ
1400 2283 1595 2349 κακοῦ,
1640 2285 1798 2355 μόνον
1830 2284 2038 2356 λαμϐά-

452 2395 583 2444 νειν,
613 2378 752 2433 ἀλλὰ
797 2380 891 2434 καὶ
944 2376 1175 2433 ἐπὶτῶν
1224 2375 1770 2451 προκαταρχομένων·
1821 2376 1897 2440 ὼς
1941 2377 2036 2429 ἐπὶ

450 2471 567 2536 τοῦ,
608 2470 963 2537 Ἅνταπόδος
986 2469 1067 2536 τῷ
1092 2470 1290 2537 δούλῳ
1312 2486 1449 2524 σου.
1491 2468 1637 2521 Ἀντὶ
1681 2468 1790 2539 γάρ
1827 2468 1920 2522 τοῦ
1955 2470 2035 2522 εἰ-

453 2563 597 2625 πεῖν,
631 2562 751 2625 Δὸς,
778 2560 1017 2633 εἴρηται,
1056 2560 1432 2625 Ἀνταπόδος.
1460 2558 1616 2622 Δόσις
1641 2559 1739 2629 μὲν
1758 2554 1853 2613 οὖν
1890 2561 2037 2614 ἐστιν

452 2652 488 2723 ἡ
520 2652 768 2723 καταρχὴ
811 2653 909 2722 τῆς
942 2650 1210 2715 εὐποιίας,
1236 2649 1489 2713 ἀπόδοσις
1512 2649 1620 2720 δὲὴ
1648 2649 1744 2704 τοῦ
1786 2651 1900 2704 ῐσου
1939 2652 2035 2705 άν-

451 2744 773 2816 τιμέτρησις
795 2742 946 2816 παρὰ
974 2742 1068 2797 τοῦ
1096 2737 1154 2798 εὖ
1178 2740 1504 2805 πεπονθότος
1527 2741 1656 2812 (56)·
1688 2742 2037 2807 άνταπόδοσις

452 2836 511 2890 δὲ
542 2837 773 2907 δευτέρα
798 2853 883 2900 τις
913 2835 1056 2908 ἀρχὴ
1090 2834 1186 2889 καὶ
1212 2833 1461 2906 περίοδος
1493 2833 1601 2886 τῶν
1632 2833 2037 2905 καταὸαλλομὲ-

452 2946 559 2983 νων
584 2930 664 2993 είς
690 2947 841 2994 τινας
876 2929 1096 2998 ἀγαθῶν
1128 2930 1161 2999 ἢ
1193 2927 1398 2982 κακῶν.
1445 2923 1609 2998 Οἶμαι
1648 2927 1727 2991 δὲ,
1759 2928 1885 2980 ὅταν
1916 2929 2037 2982 ἀντὶ

450 3020 551 3090 τῆς
574 3021 840 3092 αἰτήσεως
879 3021 1045 3074 οἱονεὶ
1070 3019 1367 3089 ἀπαίτησίν
1405 3036 1525 3072 τινα
1553 3017 1874 3088 ποιούμενος
1904 3019 1932 3071 6
1959 3019 2038 3071 λό-

2147 555 2287 608 tibus
2313 571 2394 609 me
2411 572 2431 620 ;
2459 555 2624 610 libera
2659 572 2738 609 me
2771 560 2899 611 vero
2926 553 3038 610 illic
3064 564 3306 623 tempore
3330 549 3618 615 examinis,
3646 568 3711 605 ne

2146 650 2355 715 quando
2378 649 2547 715 rapiat
2580 656 2638 701 ut
2659 648 2738 702 leo
2778 647 3007 701 animam
3041 661 3233 700 meam.
3262 644 3329 698 Et
3352 643 3469 697 hinc
3495 658 3562 698 ex
3593 645 3709 713 ipso

2147 738 2372 793 Domino
2418 738 2627 793 discere
2668 750 2842 807 potes,
2873 739 3018 792 circa
3056 750 3166 791 suae.
3197 734 3464 804 passionis
3498 742 3709 801 tempus

2142 830 2355 883 dicente
2382 849 2396 884 :
2429 828 2587 883 Nunc
2617 829 2856 898 princeps
2883 828 3042 897 hujus
3074 828 3253 883 mundi
3278 828 3437 894 venit,
3468 836 3515 881 et
3546 826 3599 879 in
3626 842 3709 880 me

2148 938 2255 974 non
2272 921 2476 975 habebit
2492 922 2777 991 quidquam
2789 920 2856 975 ⁸³.
2879 920 3166 974 Enimvero
3181 919 3270 988 qui
3294 927 3572 988 peccatum
3599 932 3705 971 non

2140 1013 2461 1079 admiserat,
2492 1013 2628 1067 nihil
2673 1012 2877 1067 habere
2906 1011 3155 1076 dicebat;
3184 1011 3316 1065 satis
3339 1019 3520 1065 autem
3543 1007 3707 1062 fuerit

2143 1103 2380 1167 homini,
2426 1103 2469 1157 si
2513 1104 2710 1158 audeat
2745 1103 2926 1157 dicere
2972 1122 2985 1156 :
3038 1103 3198 1157 Venit
3238 1103 3489 1171 princeps
3520 1101 3706 1155 mundi

2143 1193 2323 1263 hujus.
2358 1204 2412 1250 et
2441 1196 2492 1249 in
2525 1209 2612 1250 me
2641 1194 2858 1249 habebit
2903 1208 3069 1262 pauca
3104 1203 3159 1248 et
3184 1208 3366 1263 parva.
3397 1194 3464 1246 At
3494 1191 3706 1259 pericu-

2141 1286 2248 1340 lum
2286 1295 2370 1341 est
2392 1300 2460 1340 ne
2506 1286 2619 1340 haic
2651 1285 2927 1349 accidant,
2960 1285 3062 1340 nisi
3092 1285 3232 1339 adsit
3253 1284 3343 1353 qui
3371 1284 3619 1347 redimat,
3652 1289 3707 1335 et

2140 1377 2317 1431 salvos
2343 1392 2440 1432 nos
2471 1376 2651 1431 faciat.
2694 1375 2912 1431 Duobus
2936 1378 3222 1446 propositis
3246 1376 3348 1431 duo
3370 1376 3705 1445 subjungiin-

2140 1478 2246 1521 tnr.
2270 1467 2490 1522 Salvum
2511 1483 2591 1520 me
2618 1469 2710 1537 [ac
2730 1484 2796 1521 ea:
2813 1468 3149 1522 multitudine
3171 1466 3583 1537 persequentium
3602 1480 3702 1529 me,

2138 1567 2189 1611 et
2221 1558 2386 1612 libera
2435 1575 2537 1621 me,
2585 1574 2651 1613 ne
2679 1562 2895 1617 quando
2929 1560 3125 1631 rapiar,
3160 1559 3313 1627 quasi
3346 1571 3451 1611 non
3493 1556 3565 1610 sit
3610 1554 3704 1624 qui

2138 1651 2382 1704 redimat.

2207 1743 2261 1796 5.
2303 1741 2469 1798 Vens.
2498 1743 2613 1798 4-6.
2655 1742 2872 1800 Domine
2905 1744 3043 1798 Deus
3070 1760 3236 1807 meus,
3268 1745 3314 1796 si
3343 1741 3439 1811 feci
3476 1740 3641 1801 istud,
3658 1739 3704 1791 si

2137 1846 2209 1888 est
2240 1835 2493 1905 iniquitas
2522 1837 2579 1890 in
2621 1836 2864 1891 manibus
2888 1836 3038 1903 meis,
3066 1835 3111 1890 si
3144 1835 3348 1889 reddidi
3372 1833 3706 1887 retribuenti-

2138 1927 2232 1981 bus
2256 1926 2387 1980 mihi
2417 1928 2581 1991 mala,
2606 1928 2841 1982 decidam
2864 1944 2985 1997 ergo
3013 1928 3077 1981 ab
3107 1927 3334 1980 inimicis
3358 1925 3482 1978 meis
3503 1924 3700 1977 inanis.

2145 2018 2495 2089 Persequatur
2538 2037 2659 2089 ergo
2688 2021 2935 2074 inimicus
2975 2022 3204 2074 animam
3245 2034 3443 2079 meam,
3476 2024 3523 2070 et
3557 2030 3702 2069 com-

2135 2112 2443 2180 pre/tendat.
2484 2109 2767 2180 Scriptura
2806 2126 2914 2165 non
2961 2109 3133 2164 solum
3181 2119 3399 2179 recepto
3427 2121 3574 2163 more
3612 2122 3702 2161 re-

2137 2203 2443 2258 tributionis
2468 2217 2662 2257 nomen
2688 2216 2951 2272 usurpare
2991 2201 3149 2265 solet,
3180 2216 3300 2254 cuin
3334 2200 3580 2254 videlicet
3610 2197 3705 2251 hoc

2136 2308 2263 2348 num
2313 2293 2528 2363 aliquod
2564 2301 2660 2349 aut
2708 2292 2909 2346 malum
2950 2292 3260 2360 praecessit,
3310 2290 3403 2346 sed
3447 2292 3499 2342 in
3549 2288 3706 2344 initio

2135 2384 2296 2439 etiam
2341 2386 2650 2449 actionum;
2703 2382 2848 2437 utin
2893 2382 2998 2438 hoc
3040 2381 3159 2438 loco
3202 2399 3214 2434 :
3273 2378 3517 2434 Iteiribue
3556 2393 3705 2433 servo

2137 2487 2223 2530 tuo
2250 2474 2316 2531 “.
2348 2475 2482 2530 Cum
2510 2474 2651 2530 enim
2680 2473 2862 2529 dicere
2891 2473 3200 2539 debuisset,
3255 2471 3467 2527 tribue:
3501 2470 3702 2525 dictum

2136 2578 2236 2633 est,
2268 2566 2540 2622 Retribue.
2574 2567 2711 2620 Dare
2736 2565 2923 2637 igitur,
2947 2565 3163 2631 initium
3186 2574 3270 2621 est
3289 2563 3702 2620 benefaciendi:

2138 2659 2360 2714 reddere
2384 2672 2532 2724 vero,
2559 2658 2699 2712 actio
2727 2656 2843 2726 ejus
2862 2655 2957 2725 qui
2996 2655 3312 2712 beneﬁcium
3342 2653 3573 2722 accepit,
3606 2666 3707 2723 par

2136 2754 2249 2821 pari
2302 2751 2622 2817 referentis;
2660 2750 2945 2806 retributio
2985 2758 3162 2803 autem
3195 2746 3491 2802 secundum
3528 2745 3704 2814 quod-

2137 2848 2257 2901 dam
2306 2855 2389 2899 est
2435 2844 2780 2913 principium,
2825 2857 2889 2898 ac
2938 2840 3255 2895 vicissitudo
3302 2839 3565 2892 bonorum
3611 2843 3705 2890 aut

2137 2938 2398 2992 malorum
2438 2935 2598 3007 100
2627 2936 2678 2990 in
2703 2934 2963 3006 quosdam
2988 2932 3324 2989 collaturum.
3349 2929 3460 2985 Mea
3485 2929 3703 2998 quidem

2135 3028 2425 3094 sententia,
2459 3043 2585 3082 cum
2614 3041 2795 3082 sermo
2832 3040 2931 3096 pro
2965 3023 3227 3094 petitione
3260 3036 3456 3077 nomen
3481 3019 3704 3073 adhibet

450 3130 546 3184 γος
567 3114 666 3186 τὴν
694 3115 1048 3170 ἀνταπόδοσιν
1065 3114 1319 3185 ὲπιζητῇ,
1346 3112 1582 3168 τοιοῦτόν
1601 3130 1723 3167 τινα
1745 3112 1870 3167 νοῦν
1889 3131 2032 3187 παρ-

2138 3119 2291 3186 quasi
2317 3117 2652 3188 repetitionis
2675 3116 2923 3185 alicujus,
2940 3126 2993 3171 et
3015 3115 3425 3170 retributionem
3454 3111 3701 3180 requirit,

453 3208 594 3278 ιστᾷ·
625 3208 726 3273 ὅτι,
771 3208 844 3261 Τὸ
883 3209 1036 3280 παρὰ
1075 3210 1174 3281 τῆς
1213 3210 1427 3278 φύσεως
1478 3206 1791 3274 ἀναγκαίως
1823 3207 2034 3277 ὀφειλό-

454 3314 613 3369 μενον
646 3300 743 3370 τῆς
775 3301 1088 3372 ἐπιμελείας
1113 3301 1270 3374 χρέος
1303 3302 1417 3363 τοῖς
1448 3300 1691 3368 ἐγγόνοις
1726 3299 1877 3367 παρὰ
1926 3300 2033 3354 τῶν

449 3393 853 3461 γεννησάντων,
886 3393 1046 3447 τοῦτό
1075 3411 1160 3464 μοι
1201 3393 1505 3464 παράσχου.
1531 3392 1897 3463 Χρεωστείται
1924 3393 2033 3462 γὰρ

448 3486 660 3551 τέκνοις
689 3487 839 3559 παρὰ
873 3488 1077 3559 πατρὸς
1127 3486 1269 3541 κατὰ
1300 3487 1398 3557 τὴν
1443 3485 1677 3557 φυσικὴν
1731 3484 1962 3557 στοργήν
1998 3488 2031 3556 ἡ

450 3576 580 3647 περὶ
624 3577 720 3630 τοῦ
749 3577 865 3648 βίον
921 3580 1166 3651 πρόνοια.
1214 3577 1517 3651 Ὀφείλουσι
1559 3577 1688 3649 γὰρ,
1753 3578 1935 3648 φησὶν,
1984 3579 2032 3630 οἱ

448 3672 628 3739 γονεῖς
646 3672 760 3733 τοῖς
793 3669 1005 3734 τέκνοις
1037 3670 1408 3741 θησαυρίζειν,
1444 3670 1531 3723 ῖνα
1565 3668 1701 3741 πρὸς
1729 3668 1806 3739 τῷ
1829 3667 1927 3740 ζῇν
1953 3668 2032 3722 ἔτι

448 3763 543 3816 καὶ
568 3761 665 3826 τὰς
694 3761 838 3815 κατὰ
864 3762 955 3816 τὸν
988 3760 1101 3832 βίον
1124 3763 1307 3824 αὐτοῖς
1338 3760 1591 3833 ἀφορμὰς
1619 3760 2029 3831 παράσχωνται.

447 3851 700 3906 Τοιοῦτόν
735 3854 852 3906 ἐστι
882 3851 1141 3915 πολλάκις
1172 3850 1380 3921 ὲπὶτῆς
1406 3850 1629 3922 Γραφῆς
1660 3853 1717 3903 ὲν
1747 3854 1866 3915 ταῖς
1896 3868 2031 3922 προ-

446 3945 842 4014 καταρκτικαῖς
858 3942 1160 4013 ἐνεργείαις
1177 3942 1238 3995 τὸ
1263 3941 1565 4013 ἀπόδομαῆ
1596 3942 1658 3995 τὸ
1686 3942 2032 4015 ἀνταπόδομα

447 4034 1035 4107 παραλαμϐανόμενον.
1062 4035 1176 4088 Νῦν
1213 4035 1270 4088 δὲ
1302 4033 1445 4088 ἔοικε
1470 4034 1690 4108 θαρρεῖν
1707 4036 1736 4087 6
1766 4035 1938 4103 λέγων
1954 4036 2032 4107 τῷ

452 4126 526 4198 μὴ
560 4127 967 4182 ἀντιδεδωκέναι
1010 4131 1122 4191 τοῖς
1157 4126 1569 4181 ἀνταποδιδοῦσι
1599 4125 1766 4195 κακά,
1798 4126 1872 4198 μὴ
1906 4129 2031 4182 ἀντ-

449 4218 840 4273 αποδίδωκέναι
860 4219 930 4273 τὰ
946 4220 1206 4291 ὄμοια.Εὶ
1228 4216 1341 4273 οὖν
1370 4220 1630 4285 ἐποίησα
1658 4218 1857 4281 τοῦτο,
1871 4218 1966 4271 καὶ
1980 4222 2033 4274 ει

448 4306 836 4364 ἀνταπέδωκα
858 4310 981 4375 τοῖς
996 4310 1469 4365 ἀνταποδιδοῦσί
1488 4327 1590 4379 μοι
1614 4308 1787 4375 κακὰ,
1808 4310 2033 4365 ἀποπέ-

448 4411 611 4466 σοιμι
643 4397 757 4467 ἄρα
786 4401 903 4454 ἀπὸ
925 4400 1043 4455 τῶν
1069 4400 1300 4471 ἐχθρῶν
1322 4418 1440 4470 μου
1465 4401 1659 4465 κενός.
1700 4401 1871 4464 Κενὸς
1898 4402 2032 4454 ἀπορ

448 4487 638 4582 πίπτει
691 4490 800 4544 ἀπὸ
828 4490 936 4582 τῶν
993 4492 1203 4563 ἐχθρῶν
1251 4493 1278 4544 ὁ
1324 4493 1421 4562 τῆς
1463 4492 1682 4563 χάριτος
1715 4493 1815 4563 τῆς
1846 4495 1909 4546 ἐκ
1932 4494 2025 4547 τοῦ
2059 4523 2103 4582 D

448 4576 810 4650 πληρώματος
835 4581 928 4635 τοῦ
946 4584 1185 4654 Χριστοῦ
1220 4583 1488 4639 ἐκπεσών.
1522 4583 1887 4649 Καταδιώξαι
1913 4583 2028 4652 ἄρα

447 4673 481 4723 ό
502 4671 714 4742 ἐχθρὸς
739 4673 854 4744 τὴν
877 4675 1089 4745 ψυχήν
1109 4694 1249 4745 μου,
1283 4677 1380 4731 καὶ
1407 4676 1753 4742 καταλάϐοι,
1786 4678 1885 4731 καὶ
1917 4695 2025 4730 κα-

445 4764 784 4831 ταπατῆσαι
815 4770 902 4831 εἰς
928 4768 1046 4838 γῆν
1070 4768 1185 4837 τὴν
1203 4768 1355 4835 ζωήν
1379 4787 1519 4839 μου,
1549 4769 1655 4823 Τοῦ
1690 4770 1786 4841 μὲν
1814 4770 2020 4824 δικαίου

445 4854 481 4925 ἡ
526 4853 694 4925 ψυχὴ,
752 4859 1094 4930 χωριζομένη
1141 4860 1241 4930 τῆς
1294 4861 1431 4932 πρὸς
1482 4862 1541 4915 τὸ
1599 4860 1755 4932 σῶμα
1804 4879 2022 4934 συμπα-

446 4942 593 5010 θείας
625 4946 760 5018 (57),
790 4950 887 5021 τὴν
911 4949 1054 5022 ζωὴν
1084 4949 1197 5021 ἔχει
1240 4951 1630 5023 κεκρυμμένην
1664 4953 1760 5007 σὺν
1782 4953 1861 5025 τῷ
1887 4955 2023 5025 Χρι-

410 5020 427 5134 ξ
513 5062 560 5094 ⁵³
595 5060 751 5116 Joan.
799 5079 910 5131 xw,
951 5020 1041 5118 ὅθ.
1134 5020 1182 5097 1⁵⁸
1222 5020 1363 5119 Psal.
1409 5020 1600 5131 crviii,
1649 5067 1734 5121 17.
1822 5020 1870 5100 ⁸1⁵
1908 5020 1951 5123 II
1979 5069 2103 5123 Cor.

416 5138 430 5218 ἦ
514 5155 630 5223 (54)
655 5154 747 5209 Sic
773 5156 1013 5225 quinque
1044 5170 1174 5211 mss.
1205 5155 1335 5225 Reg.
1370 5172 1510 5211 unus
1551 5167 1605 5213 et
1646 5159 1799 5214 Colb.
1833 5170 2019 5214 sextus

441 5226 907 5279 καταδιωκόντων.
937 5228 1215 5282 Editiones
1243 5225 1409 5280 Basil.
1442 5236 1498 5280 et
1518 5228 1693 5281 Paris.
1728 5238 1786 5281 et
1810 5230 2013 5284 Catena

414 5283 664 5367 ftiorder.
699 5296 1146 5350 καταδιωκόντων
1182 5313 1249 5367 με
1278 5297 1408 5351 :sed
1444 5296 1598 5367 illud,
1642 5316 1733 5367 με,
1769 5283 1835 5352 in,
1870 5299 2016 5353 nullo

396 5358 544 5440 itus,
572 5370 856 5440 reperitur,
886 5368 989 5421 nisi
1030 5358 1259 5440 forte'iii
1292 5382 1421 5422 uno.
1475 5358 1595 5424 Moti
1642 5358 1781 5440 Reg.
1824 5371 2017 5423 tertius

403 5433 617 5508 νηοί-ἰ
632 5436 875 5508 εὑρίσκει
907 5453 1003 5506 pro
1027 5437 1159 5504 ἕξει.

505 5503 627 5582 ,(55)
688 5503 1113 5582 (Iolb._qiiartii§
1164 5507 1504 5582 διωκόντων,
1549 5510 1643 5562 καὶ
1704 5508 1865 5580 ῥῦσαί
1926 5527 2015 5580 με.

444 5569 644 5648 Ibide-iii
698 5569 966 5648 reperitur
1011 5578 1103 5630 τοῦ
1164 5579 1217 5631 in
1260 5569 1532 5648 aliquibus
1577 5569 1715 5633 mss:
1764 5594 1889 5635 ante
1920 5569 2014 5632 λυ-

443 5643 774 5717 τρουμένουί
798 5646 939 5699 Infra
982 5649 1032 5717 iii
1072 5665 1179 5701 uno
1211 5665 1313 5703 uis.
1349 5643 1570 5717 perinde
1598 5667 1659 5701 ac
1697 5652 1747 5701 in
1810 5652 2016 5703 Catena

442 5709 664 5831 (luridum
733 5731 829 5785 pro
882 5716 1253 5787 νομιζομένων
1316 5709 1515 5789 legitur
1573 5719 1980 5777 ἁντιδιδομένων

444 5796 526 5831 nia
553 5796 598 5831 c.

444 5796 598 5834 Iiléllc.

2140 3210 2300 3264 talem
2327 3209 2613 3279 quemdam
2638 3224 2873 3275 sensum
2920 3209 3141 3278 praefert
3186 3224 3199 3261 :
3255 3202 3706 3260 Providentiaeac

2135 3317 2281 3356 cura:
2311 3301 2575 3368 debitum,
2606 3301 2748 3369 quod
2780 3307 2971 3354 natura
3005 3297 3313 3354 necessario
3334 3312 3360 3349 a
3386 3295 3704 3365 parentibus

2136 3393 2259 3447 liliis
2285 3392 2529 3458 debetur,
2554 3392 2655 3447 hoc
2680 3390 2810 3446 mihi
2838 3390 3056 3446 exhibe.
3088 3390 3296 3445 Liberis
3321 3389 3466 3445 enim
3493 3404 3521 3442 a
3552 3396 3706 3456 patre

2135 3465 2428 3539 secundum
2456 3483 2752 3539 naturalem
2784 3496 3028 3538 amorem
3056 3482 3279 3536 debetur
3307 3495 3484 3535 rerum
3517 3479 3585 3533 ad
3621 3478 3703 3530 vi-

2136 3588 2244 3630 tam
2264 3572 2645 3644 pertinentium
2675 3589 2825 3627 cura.
2858 3571 3062 3627 Debent
3088 3571 3254 3635 enim,
3287 3569 3481 3639 inquit,
3509 3582 3706 3637 paren-

2136 3676 2217 3721 tcs
2251 3664 2375 3720 ﬁliis
2418 3664 2785 3718 tliesaurizare
2811 3665 2879 3729 ⁵⁸,
2909 3673 2968 3718 ιιι
2992 3673 3188 3732 praeter
3210 3662 3407 3721 vitam,
3438 3661 3614 3714 adhuc
3651 3666 3708 3712 et

2132 3758 2345 3813 vivendi
2376 3758 2613 3813 subsidia
2648 3757 2729 3811 eis
2761 3757 3197 3811 subministrent.
3228 3752 3286 3808 In
3319 3753 3506 3824 primis
3535 3752 3703 3806 actio-

2137 3851 2293 3905 nibus
2321 3865 2461 3919 saepe
2489 3850 2555 3903 ad
2588 3850 2731 3905 hunc
2758 3850 2975 3903 modum
3007 3848 3061 3902 in
3094 3846 3378 3916 Scriptura
3416 3853 3705 3913 usurpatur

2136 3939 2390 4004 redditio,
2419 3954 2511 3994 seu
2544 3939 2846 3993 retributio.
2882 3937 3034 3992 Nunc
3066 3947 3243 3991 autem
3273 3934 3532 4004 propheta
3560 3934 3611 3987 in
3638 3948 3704 3987 eo

2132 4032 2343 4086 videtur
2371 4031 2668 4097 conﬁdere,
2703 4031 2846 4101 quod
2888 4045 2988 4084 nec
3028 4029 3325 4084 reddiderit
3355 4026 3703 4081 retribtienti--

2135 4125 2237 4179 bus
2273 4123 2444 4189 mala,
2494 4137 2593 4178 nec
2638 4123 2836 4177 similia
2879 4120 3191 4177 reddiderit.
3242 4118 3454 4189 Itaque,
3504 4115 3562 4172 Si
3603 4117 3704 4177 feci

2134 4217 2297 4280 istud,
2321 4226 2369 4271 et
2396 4218 2443 4271 si
2466 4217 2670 4270 reddidi
2691 4217 3098 4271 retribuentibus
3120 4215 3248 4267 mihi
3272 4214 3437 4279 mala,
3466 4211 3704 4267 decidam

2133 4326 2258 4379 ergo
2293 4311 2357 4362 ab
2393 4310 2626 4364 inimicis
2660 4310 2785 4363 meis
2817 4311 3013 4363 inanis.
3046 4307 3226 4361 Inanis
3258 4310 3322 4360 ab
3352 4303 3586 4359 inimicis
3611 4306 3706 4357 de-

2133 4402 2263 4456 cidit
2289 4403 2365 4466 is,
2400 4402 2489 4471 qui
2532 4416 2597 4456 ex
2631 4402 2827 4471 gratia,
2859 4417 2980 4471 quae
3014 4416 3081 4455 ex
3130 4399 3465 4469 plenitudine
3496 4396 3703 4453 CIII'ISII

2133 4504 2245 4556 est,
2292 4493 2513 4547 excidit.
2572 4491 2929 4561 Persequatur
2978 4493 3143 4561 igitur
3174 4492 3419 4544 inimicus
3471 4490 3704 4542 animam

2135 4602 2326 4647 nteant,
2364 4595 2413 4638 et
2445 4584 2844 4651 comprehendat
2888 4593 2936 4637 et
2976 4583 3242 4637 conculcet
3276 4585 3329 4636 in
3372 4594 3513 4634 terra
3542 4580 3704 4633 vitam

2135 4694 2326 4733 meam.
2358 4676 2495 4733 Justi
2526 4677 2745 4745 quidem
2773 4677 2951 4730 anima
2986 4677 3053 4729 ab
3090 4674 3372 4729 alieciibus
3401 4685 3454 4727 et
3483 4686 3706 4726 consor-

2134 4773 2209 4825 tio
2248 4771 2497 4837 corporis
2517 4780 2740 4823 secreta
2764 4808 2778 4832 ,
2808 4769 2968 4822 vitam
3009 4757 3314 4821 habetcum
3343 4765 3560 4820 Christo
3584 4764 3703 4818 abs-

2131 4863 2406 4917 conditam
2455 4861 2509 4914 iii
2546 4862 2691 4926 Deo,
2730 4871 2789 4915 ut
2825 4876 2947 4914 cum
2992 4857 3247 4927 Apostolo
3279 4857 3458 4912 dicere
3497 4863 3702 4924 queat:

2149 4952 2271 5007 Vico
2297 4962 2472 5006 autem
2507 4952 2624 5021 jam
2646 4968 2748 5006 non
2771 4967 2885 5019 ego,
2908 4951 3029 5004 vivit
3059 4965 3178 5003 vero
3195 4949 3250 5001 iu
3275 4964 3353 5001 me
3376 4946 3617 5002 Christus
3634 4946 3701 5011 ⁸⁸;

2142 5083 2240 5133 ιιι,
2274 5066 2361 5120 M.
2437 5066 2483 5098 “
2518 5065 2637 5121 Gal.
2671 5081 2729 5130 ιι,
2759 5063 2848 5118 20.

2199 5157 2313 5229 (56)
2349 5158 2439 5213 Sic
2476 5158 2775 5213 Culbertini
2803 5164 3030 5225 quartus
3047 5163 3102 5209 et
3123 5155 3383 5229 septimus
3414 5169 3545 5229 cum
3569 5154 3700 5229 Iieg.

2124 5224 2304 5282 serito;
2349 5231 2452 5283 Alii
2506 5237 2741 5297 quatuor
2795 5224 2924 5280 niss.
2977 5240 3097 5297 cum
3154 5226 3313 5297 editis
3347 5224 3700 5289 πεπονθότος.

2124 5298 2290 5352 Paulo
2321 5310 2443 5368 post
2476 5293 2629 5353 Gulb.
2663 5308 2893 5368 quartus
2916 5293 3178 5368 ἐπιζητεῖ.
3218 5295 3414 5368 Ibidem
3441 5297 3489 5346 in
3514 5298 3700 5368 eodem

2125 5385 2226 5423 ins.
2259 5363 2458 5440 legitur
2490 5363 2844 5440 παριστάναι.
2880 5367 3000 5421 Mox
3037 5363 3142 5440 duo
3177 5363 3543 5440 (EISS'.“EéXV(:J.
3590 5365 3704 5422 Hoc

2124 5440 2243 5509 ipso
2277 5434 2337 5492 iii
2359 5440 2473 5493 loco
2508 5434 2663 5493 (Lolli.
2695 5438 2961 5509 septimus
2989 5437 3117 5506 περὶ
3148 5435 3256 5487 τῶν
3278 5434 3415 5503 βίου.

2192 5510 2305 5577 (57)
2338 5510 2434 5562 IIic
2467 5509 2675 5561 variant
2707 5519 2920 5560 veteres
2954 5505 3074 5559 libri
3098 5515 3237 5577 inter
3269 5523 3347 5560 se.
3375 5509 3429 5559 ιιι
3452 5505 3699 5577 liis_|cgi-

2127 5573 2215 5631 tiii'
2243 5573 2577 5647 συναφείαςε
2637 5579 2689 5630 in
2724 5578 2847 5637 illis,
2881 5579 2955 5630 uti
2996 5578 3046 5628 in
3101 5576 3282 5636 editis,
3332 5573 3696 5647 συμπαθείας.

2128 5648 2328 5701 Iliidcni
2373 5651 2542 5701 editio
2573 5647 2747 5700 Paris.
2807 5647 2918 5716 ἔχει
2950 5648 3049 5717 τήν
3092 5665 3104 5699 :
3150 5648 3243 5699 S't-d
3301 5647 3388 5699 illa
3451 5650 3704 5715 repetitio

2129 5719 2345 5771 articuli
2384 5736 2486 5769 iimi
2541 5720 2808 5785 rcpci'ittii'
2865 5722 2915 5772 in
2964 5734 3094 5773 iiiss.
3147 5718 3200 5770 lii
3249 5718 3516 5787 aliquibus
3565 5733 3696 5772 ins-3.

2131 5790 2329 5857 legitur
2363 5790 2458 5840 σὺν
2500 5791 2538 5840 Χ
2552 5788 2717 5859 picti}
