4048 6220
341 346 445 405 235

1657 349 1715 405 S.
1760 348 2007 405 BASiLll
2043 348 2257 405 MAGNI

3487 348 3593 403 236

341 471 426 529 et,
466 464 621 528 Quod
655 472 827 519 autent
864 480 1000 519 nunc
1030 464 1140 519 vivo
1172 464 1228 519 in
1258 482 1445 532 carne,
1474 467 1529 522 in
1566 466 1671 535 ﬁde
1703 468 1814 520 vivo
1843 466 1904 519 ⁸⁷.

2013 464 2123 536 στῷ
2152 465 2210 516 ἐν
2235 462 2313 534 τῷ
2332 464 2471 535 Θεῳ·
2502 463 2644 517 ὥστε
2659 462 2917 518 δύνασθαι
2947 462 3125 531 λέγειν
3157 461 3298 517 κατὰ
3334 462 3595 518 τδνἈπό-

342 554 654 610 Peccatoris
689 565 889 619 autem,
927 565 983 611 et
1024 555 1178 626 ejus,
1219 558 1309 628 qui
1358 559 1653 614 secundum
1691 573 1907 614 carnem

339 645 498 713 vivit,
531 646 918 717 corporeisque
948 645 1308 717 voluptatibus
1340 650 1670 720 inquinatur,
1705 650 1905 715 anima,

339 737 398 795 lu
431 740 615 794 carnis
639 739 1029 809 cupiditatibus
1062 751 1316 811 tanquam
1350 743 1402 797 in
1447 742 1558 797 luto
1597 742 1905 797 volutatur:

340 842 501 899 quam
547 829 915 886 conculcatam
951 832 1122 903 magis
1150 847 1214 887 ac
1255 834 1426 902 magis
1466 833 1716 888 inimicus
1761 848 1910 888 com-

341 920 634 986 maculare,
670 929 725 976 et
754 921 918 976 veluti
952 922 1115 980 humo
1151 921 1356 993 ingesta
1386 925 1617 979 obruere
1654 934 1901 989 conatur,

340 1010 554 1067 irruens
591 1012 646 1066 in
671 1011 960 1082 iacentem,
991 1024 1045 1069 et
1074 1014 1188 1069 suis
1226 1015 1453 1081 pedibus
1498 1014 1648 1068 illum
1680 1014 1734 1069 in
1762 1023 1905 1070 terra

340 1113 645 1174 proterens,
669 1106 773 1160 hoc
796 1114 897 1166 est.
936 1106 988 1160 in
1022 1106 1138 1176 ipso
1161 1119 1387 1174 corpore
1417 1106 1741 1161 conculcans
1765 1106 1905 1176 ejus,

338 1194 433 1264 qui
457 1195 639 1264 lapsus
665 1206 769 1262 est,
801 1197 985 1252 vitam.
1016 1197 1081 1249 Et
1108 1196 1330 1267 gloriam
1369 1212 1536 1250 meam
1562 1196 1621 1250 in
1644 1196 1907 1264 pulverem

341 1286 585 1344 deducat.
621 1285 943 1342 Sanctorum
971 1288 1115 1343 enim
1163 1290 1253 1357 qui
1296 1287 1347 1341 in
1388 1287 1543 1342 caelis
1577 1301 1904 1342 conversan-

318 1357 450 1441 'tur,
490 1387 547 1432 et
591 1378 695 1433 sibi
740 1379 793 1432 in
842 1379 1109 1433 thesauris
1150 1377 1495 1447 sempiternis
1535 1377 1674 1433 bona
1710 1393 1908 1447 conge-

341 1476 489 1536 runt,
514 1468 684 1537 gloria
707 1471 760 1523 in
787 1470 926 1525 caelo
946 1484 1064 1535 est;
1100 1483 1435 1526 terrenarum
1467 1486 1595 1526 vero
1623 1480 1677 1525 et
1709 1486 1906 1526 secun-

339 1558 468 1612 dum
494 1575 708 1615 carnem
754 1540 1046 1616 vivéutium
1089 1564 1260 1632 gloria
1285 1564 1338 1618 in
1376 1562 1597 1635 pulvere
1634 1562 1906 1620 demorari

340 1651 557 1707 dicitur.
600 1651 700 1718 Qui
747 1656 890 1709 enim
935 1654 988 1708 in
1024 1657 1218 1726 opibus
1265 1657 1495 1711 terrenis
1525 1655 1809 1726 gloriatur,
1854 1664 1910 1711 et

340 1743 619 1797 hominum
645 1744 903 1800 honorem
940 1746 1088 1801 brevi
1132 1757 1375 1816 tempore
1421 1747 1740 1802 duraturum
1782 1762 1909 1815 pro-

340 1834 606 1903 sequitur,
635 1850 700 1891 ac
737 1851 918 1891 rerum
950 1826 1309 1908 corporalium
1359 1839 1514 1908 copia
1560 1836 1817 1902 conlidit,
1858 1837 1907 1892 is
1938 1823 1984 1884 Β

338 1924 444 1981 sibi
476 1926 700 1996 gloriam
743 1928 1032 1998 conciliat,
1076 1946 1183 1985 non
1232 1930 1286 1985 in
1334 1930 1531 1986 etclam
1567 1932 1903 1994 tendentem,

337 2018 430 2076 sed
460 2018 512 2073 in
541 2019 762 2088 pulvere
790 2034 1214 2086 permanentem.

407 2296 574 2356 Vens.
613 2300 666 2353 7.
709 2300 972 2373 Exsurge,
1006 2302 1248 2367 Domine,
1280 2303 1337 2356 in
1381 2304 1461 2357 ira
1491 2314 1581 2358 tua
1616 2318 1636 2358 :
1668 2305 1906 2360 exaltare

284 2452 297 2465 κ
335 2391 393 2446 in
418 2390 611 2461 ﬁnibus
640 2392 971 2449 inimicorum
995 2411 1250 2452 meorum.
1298 2395 1610 2467 Mysterium
1655 2411 1905 2453 resurre-

334 2482 534 2539 ctionis
567 2482 678 2553 jam
706 2484 963 2556 compleri
995 2494 1217 2558 exoptat
1255 2486 1543 2558 PrOpheta,
1585 2489 1651 2543 ad
1696 2490 1904 2557 peccati

333 2588 523 2630 eorum
550 2576 931 2643 abolitionem;
960 2591 1051 2632 aut
1078 2594 1193 2634 eam
1220 2580 1271 2633 in
1306 2596 1467 2635 cruce
1493 2581 1900 2649 exaltationem,

332 2681 453 2737 qua:
484 2666 659 2724 futura
695 2679 849 2735 erat,
886 2680 1167 2741 postquam
1214 2672 1281 2725 ad
1324 2672 1569 2727 uilimmn
1615 2676 1901 2730 terminum

331 2768 483 2814 esset
528 2760 866 2816 inimicorum
909 2762 1112 2818 malitia
1151 2776 1357 2819 evecta.
1393 2764 1499 2818 Aut
1523 2767 1687 2821 etiam
1724 2770 1905 2823 verbis

334 2847 462 2915 illis,
497 2848 752 2905 Exaltare
777 2853 834 2905 in
871 2852 1067 2920 ﬁnibus
1108 2855 1444 2908 inimicorum
1475 2872 1739 2925 meorum,
1782 2859 1904 2915 talis

330 2940 577 3008 quaedam
602 2942 845 3012 subjecta
874 2956 959 2999 est
981 2946 1129 3001 notio
1154 2965 1168 2999 :
1202 2948 1479 3012 nimirum,
1503 2950 1903 3017 quantumlibet

330 3031 637 3087 ascenderit
672 3034 896 3101 malitia,
930 3036 1147 3089 etiamsi
1180 3038 1244 3091 ad
1281 3038 1604 3093 immensum
1636 3056 1900 3110 pervene-

334 3121 426 3187 rit,
458 3137 625 3193 seque
668 3124 721 3179 in
753 3126 1024 3184 inﬁnitum
1051 3128 1323 3195 eﬂuderit,
1351 3146 1412 3186 ea
1448 3149 1552 3201 qua
1588 3134 1756 3203 polles
1786 3135 1898 3189 vir-

329 3214 463 3271 tutis
505 3217 833 3273 abundantia
855 3259 871 3284 ,
904 3231 1053 3290 potes
1085 3232 1139 3277 tu
1162 3262 1178 3289 ,
1221 3196 1675 3292 quemadmodum
1728 3228 1900 3284 bonus
1927 3196 1967 3250 Ο

327 3304 573 3362 medicus
614 3307 955 3376 depascentis
979 3311 1151 3365 morbi
1188 3313 1446 3369 terminos
1477 3331 1857 3386 pra-occupans
1882 3360 1897 3381 ,

326 3394 522 3450 sistere
566 3399 814 3452 morbum
861 3413 1196 3467 grassantem
1242 3419 1306 3457 ae
1341 3418 1669 3475 serpentem,
1692 3421 1745 3463 et
1779 3410 1899 3479 ejus

326 3485 736 3543 continuitatem
765 3489 936 3560 plagis
962 3492 1068 3547 tuis
1095 3492 1475 3564 objurgatoriis
1502 3499 1841 3555 exscindere.

397 3576 454 3633 4.
495 3576 564 3633 Et
601 3596 859 3652 exsurge,
894 3582 1112 3639 Domine
1156 3584 1294 3640 Deus
1342 3603 1507 3654 meus,
1542 3590 1597 3644 in
1638 3605 1898 3660 pra'cepto

323 3673 465 3739 quod
495 3674 778 3728 mandasti.
822 3674 1002 3731 Potest
1049 3678 1133 3732 hic
1166 3692 1346 3733 sermo
1414 3693 1472 3736 et
1542 3683 1608 3737 ad
1654 3700 1897 3740 resurre-

324 3761 524 3818 ctionis
545 3765 862 3834 mysterium
889 3766 1108 3822 referri:
1134 3770 1268 3824 adeo
1289 3779 1348 3824 ut
1371 3770 1636 3839 Propheta
1656 3773 1894 3844 judicem

323 3855 661 3921 exhortetur,
687 3868 745 3912 ut
776 3871 1035 3929 exsurgat
1065 3861 1132 3915 ad
1174 3863 1544 3934 cujuscunque
1577 3871 1781 3935 peccati
1817 3871 1896 3924 ul-

327 3950 527 4003 tionem
552 3990 567 4015 ,
595 3958 651 4003 et
683 3950 748 4004 ad
778 3952 1025 4007 mandata
1059 3969 1178 4023 qua:
1217 3956 1370 4008 nobis
1408 3967 1535 4011 ante
1570 3960 1897 4030 praescripsit

322 4040 673 4108 perﬁcienda.
710 4042 862 4116 101
892 4042 1077 4099 Potest
1110 4060 1325 4115 quoque
1359 4057 1413 4103 et
1446 4049 1511 4102 de
1541 4060 1685 4106 statu
1715 4069 1893 4109 rerum

322 4126 629 4197 Prophetas,
655 4142 715 4184 ut
746 4142 872 4185 tunc
896 4143 1035 4199 erat,
1058 4135 1252 4203 accipi,
1276 4151 1340 4189 ac
1370 4137 1414 4191 si
1447 4138 1612 4192 Demu
1637 4153 1807 4213 roget,
1839 4155 1896 4198 ut

321 4221 390 4276 ad
419 4223 709 4278 vindictam
775 4226 1023 4297 praecepti
1070 4229 1210 4296 quod
1261 4231 1555 4296 mandavit,
1617 4246 1891 4306 exsurgat.

322 4311 657 4385 Praeceptum
675 4325 853 4369 autem
885 4326 1050 4371 erata
1082 4319 1187 4373 Deo
1204 4318 1385 4373 datum
1412 4338 1426 4374 :
1453 4320 1671 4377 Honora
1693 4337 1895 4395 patrem

322 4414 473 4460 tuum
500 4418 551 4461 et
578 4418 798 4462 matrem
816 4409 884 4476 3°;
913 4411 1053 4478 quod
1079 4411 1252 4480 ipsum
1270 4411 1388 4479 ejus
1421 4412 1560 4467 lilius
1585 4416 1694 4485 jam
1719 4417 1896 4475 fuerat

2014 556 2215 621 στολον,
2249 557 2329 610 ὅτι
2357 556 2448 609 Ζῶ
2485 556 2553 609 δὲ
2589 557 2791 611 οὐκέτι
2820 557 2954 627 ἐγὼ,
2980 554 3046 625 ζῇ
3083 556 3152 609 δὲ
3183 558 3252 610 ἐν
3277 557 3403 626 ἐμοὶ
3456 559 3589 626 Χρε-

2012 649 2175 713 στός’
2214 648 2328 710 καὶ,
2390 649 2459 700 ‘0
2489 647 2558 701 δὲ
2582 649 2700 703 νῦν
2729 647 2801 708 ζῶ
2821 648 2892 700 ἐν
2920 647 3124 716 σαρκὶ,
3163 648 3234 700 ἐν
3261 649 3461 701 πίστει
3495 647 3586 709 ζῶ.

2011 736 2117 789 Τοῦ
2137 737 2194 789 δὲ
2224 736 2553 809 ἁμαρτωλοῦ
2584 738 2679 791 καὶ
2711 737 2854 791 κατὰ
2899 737 3076 808 σάρκα
3106 736 3306 801 ζῶντος
3331 739 3423 793 καὶ
3454 755 3591 810 συμο

2011 828 2360 900 πεφυρμένου
2385 831 2505 892 ταῖς
2526 828 2616 882 τοῦ
2640 828 2888 899 σώματος
2927 828 3140 899 ἡδοναῖς
3160 829 3193 899 ἡ
3226 828 3369 900 ψυχὴ
3392 822 3501 883 οἷον
3530 831 3589 882 ἐν

2014 919 2261 991 βορϐόρῳ
2315 922 2428 983 τοῖς
2465 920 2661 974 πάθεσι
2703 920 2804 989 τῆς
2850 920 3051 991 σαρκὸς
3086 920 3486 988 ἐγκεκύ).ισται·
3521 920 3588 992 ἣν

2010 1012 2103 1064 καὶ
2163 1010 2496 1075 καταπατῶν
2528 1012 2556 1063 ὁ
2594 1011 2787 1083 ἐχθρὸς
2819 1011 2911 1065 ἐπὶ⁵
2946 1011 3109 1065 πλέον
3136 1011 3454 1083 ἐκμολύνειν
3495 1014 3590 1066 καὶ

2007 1103 2173 1156 οἱονεὶ
2203 1103 2602 1173 καταχωννύειν
2631 1104 2942 1173 φιλονεικεῖ,
2957 1104 3251 1159 ἐπιϐαίνων
3272 1104 3348 1175 τῷ
3380 1122 3591 1158 πεπτω-

2008 1196 2143 1259 κότι,
2165 1197 2260 1249 καὶ
2285 1198 2395 1259 τοῖς
2424 1195 2616 1249 ἐαυτοῦ
2644 1195 2769 1248 ποσὶ
2805 1195 3132 1249 καταπατῶν
3156 1197 3235 1259 εἰς
3274 1195 3401 1266 γῆν,
3434 1213 3590 1249 τουτ-

2008 1288 2174 1350 έστιν,
2208 1290 2286 1352 είς
2313 1287 2374 1341 τὸ
2404 1287 2563 1358 σῶμα
2616 1285 2712 1357 τὴν
2745 1286 2888 1358 ζωὴν
2925 1286 3017 1342 τοῦ
3051 1287 3452 1357 ὀλισθήσαντος.
3476 1289 3586 1342 Καὶ

2007 1380 2122 1448 τὴν
2147 1379 2336 1442 δόξαν
2362 1398 2482 1449 μου
2512 1382 2598 1445 εὶς
2625 1379 2777 1448 χοῦν
2817 1378 3299 1447 κατασκηνὼσαι.
3334 1379 3456 1433 Τῶν
3488 1380 3591 1451 μὲν

2007 1470 2175 1539 ἁγίων
2201 1471 2262 1523 τὸ
2297 1470 2597 1540 πολίτευμα
2623 1469 2854 1540 ἐχόντων
2877 1470 2935 1523 ἐν
2967 1470 3233 1541 οὐρανοῖς,
3271 1470 3366 1524 καὶ
3395 1471 3590 1542 θησαυ-

2009 1560 2268 1633 ριζόντων
2302 1563 2517 1625 ἑαυτοῖς
2546 1562 2603 1616 ἐν
2625 1564 2737 1625 τοῖς
2769 1562 3007 1626 αἰωνίοις
3037 1562 3331 1635 θησαυροῖς
3358 1565 3426 1618 τὰ
3458 1566 3590 1635 ἀγα-

2008 1654 2097 1717 θὰ,
2126 1657 2158 1725 ἠ
2183 1653 2310 1718 δόξα
2330 1655 2475 1707 ἐστὶν
2505 1655 2563 1708 ἐν
2588 1658 2703 1718 τοῖς
2719 1654 2987 1727 οὐρανοῖς·
3042 1656 3150 1711 τῶν
3186 1655 3243 1709 δέ
3271 1655 3469 1727 χοῖκῶν
3493 1657 3590 1711 καὶ

2008 1746 2150 1799 κατὰ
2179 1746 2355 1817 σάρκα
2392 1744 2629 1810 ζώντων,
2662 1748 2695 1818 ἠ
2733 1747 2860 1813 δόξα
2894 1747 3073 1802 αὐτῶν
3103 1748 3477 1819 κατασκηνοῦν
3508 1751 3589 1812 είς

2010 1838 2100 1890 τὸν
2133 1836 2259 1908 χοῦν
2280 1837 2517 1905 λέγεται.
2565 1837 2623 1889 'U
2653 1836 2763 1909 γὰρ
2789 1838 2880 1891 ἐπὶ
2903 1838 2982 1910 τῷ
3008 1838 3174 1910 χοῖκῷ
3199 1838 3411 1909 πλούτῳ
3435 1838 3590 1906 δοξα-

2010 1930 2255 2001 ζόμενος,
2291 1930 2424 1984 καὶὸ
2450 1931 2549 2001 τὴν
2572 1930 2929 2002 ὀλιγοχρόνιον
2945 1932 3109 2003 τιμὴν
3147 1931 3255 1984 τῶν
3285 1931 3592 2003 ἀνθρώπων

2010 2023 2306 2095 περιέπων,
2342 2022 2436 2077 καὶ
2464 2024 2492 2075 ὁ
2517 2023 2608 2075 ἐπὶ
2627 2025 2738 2086 τοῖς
2784 2026 3115 2095 σωματικοῖς
3153 2024 3588 2095 πλεονεκτήμασι

2012 2113 2307 2181 πεποιθὼς,
2356 2115 2515 2180 δόξαν
2568 2115 2747 2186 ἐαυτῷ
2780 2114 2913 2186 ἔχει,
2954 2115 3053 2168 οὐκ
3104 2115 3465 2169 ἀνανεύουσαν
3505 2117 3589 2180 είς

2007 2207 2253 2277 οὐρανὸν,
2280 2206 2393 2260 ἀλλ’
2419 2209 2499 2267 είς
2524 2208 2614 2262 τὸν
2647 2206 2775 2277 χοῦν
2809 2208 3266 2277 ἐναπομένουσαν.

2090 2300 2416 2368 Ἀνάστηθι,
2440 2301 2635 2368 Κύριε,
2678 2300 2746 2353 ἐν
2785 2296 2932 2368 ὀργῆ
2976 2315 3110 2354 σου·
3164 2298 3431 2368 ὑψώθητι
3469 2298 3588 2369 (58)

2006 2392 2076 2444 έν
2102 2389 2224 2456 τοῖς
2251 2391 2466 2459 πέρασι
2487 2390 2607 2444 τῶν
2631 2389 2862 2459 ἐχθρῶν
2884 2406 3022 2459 μου.
3056 2390 3130 2443 Τὸ
3171 2392 3466 2460 μυστήριον
3487 2390 3588 2460 τῆς

2006 2481 2356 2545 ἀναστάσεως
2378 2482 2479 2553 ἤδη
2521 2480 2858 2552 ἐνεργεῖσθαι
2889 2479 3104 2552 εὔχεται
3129 2483 3157 2534 ὁ
3190 2481 3480 2551 Προφήτης
3506 2481 3588 2542 εἰς

2007 2573 2261 2646 ἀθέτησιν
2288 2573 2388 2643 τῆς
2417 2572 2690 2644 ἁμαρτίας
2718 2571 2915 2625 αὐτῶν·
2946 2571 3093 2643 ἢτὴν
3118 2572 3211 2624 ἐπὶ
3230 2570 3323 2624 τοῦ
3350 2570 3583 2642 σταυροῦ

2007 2667 2234 2737 ῦψωσιν,
2263 2666 2385 2736 ἥτις
2410 2664 2738 2736 γενήσεσθαι
2760 2664 2952 2736 ἔμελλε
2985 2664 3121 2736 μετὰ
3136 2664 3197 2716 τὸ
3222 2664 3302 2727 εἰς
3315 2663 3406 2716 τὸν
3424 2662 3586 2733 ἔσχα-

2004 2777 2095 2813 τον
2125 2760 2248 2832 ὅρον
2275 2758 2371 2830 τὴν
2401 2758 2600 2812 κακίαν
2640 2758 2747 2811 τῶν
2790 2757 2999 2829 ἐχθρῶν
3045 2756 3345 2826 ὑψωθῆναι.
3383 2756 3451 2808 Ἦ
3487 2755 3583 2809 καὶ

2003 2852 2084 2917 τὸ,
2145 2850 2426 2920 Ὑψὼθητι
2475 2852 2546 2904 ἐν
2594 2850 2719 2918 τοῖς
2765 2851 2982 2919 πέρασι
3027 2849 3144 2904 τῶν
3192 2846 3420 2919 ἐχθρῶν
3438 2866 3581 2918 μου,

2004 2942 2241 2997 τοιοῦτόν
2268 2961 2393 2997 τινα
2418 2942 2707 2999 ὑποϐάλλει
2734 2942 2877 2998 νοῦνο
2896 2943 2977 2996 ὅτι
3005 2942 3127 2995 ὅσον
3154 2942 3215 2995 Ξιν
3234 2940 3522 3012 κορυφωθῇ
3540 2943 3574 3009 ἡ

2005 3036 2192 3101 κακία,
2218 3036 2313 3090 καὶ
2330 3035 2566 3109 προέλθῃ
2588 3036 2680 3089 ἐπὶ
2713 3036 2773 3089 τὸ
2797 3034 3033 3107 ἄμετρον
3066 3035 3160 3087 καὶ
3189 3032 3571 3104 άπεριόριστον

2006 3128 2250 3200 χυθεῖσα,
2284 3131 2350 3198 τῇ
2401 3127 2689 3199 περιουσίᾳ
2736 3127 2836 3197 τῆς
2871 3126 3150 3196 δυνάμεως
3195 3124 3419 3177 δύνασαι
3447 3122 3581 3193 (59),

2002 3220 2191 3291 ὥσπερ
2223 3220 2427 3289 ἀγαθὸς
2483 3220 2666 3291 ἰατρὸς
2696 3216 3125 3290 προκαταλαϐὼν
3156 3217 3256 3287 τῆς
3302 3216 3470 3287 νομῆς
3511 3213 3582 3267 τά

2002 3311 2237 3381 πέρατα,
2276 3311 2472 3379 στῆσαι
2494 3311 2590 3381 τὴν
2623 3309 2776 3362 νόσον
2817 3308 3124 3379 νεμομένην
3160 3306 3251 3360 καὶ
3283 3305 3577 3377 ἐρπουσαν,

2002 3405 2097 3457 καὶ
2134 3403 2387 3473 διακόψαι
2422 3404 2591 3473 αὐτῆς
2629 3403 2728 3473 τὴν
2756 3403 3036 3473 συνέχειαν
3072 3403 3191 3463 ταῖς
3216 3398 3581 3461 παιδευτικαῖς

2001 3513 2093 3549 σου
2125 3497 2379 3567 πληγαῖς.

2070 3588 2124 3641 4.
2160 3589 2269 3643 Καὶ
2298 3586 2662 3657 ἑξεγέρθητι,
2693 3589 2870 3654 Κίιριε
2906 3589 2938 3640 ό
2963 3587 3107 3652 Θεὸς
3135 3603 3275 3654 μου,
3301 3586 3371 3638 ἐν
3392 3596 3579 3653 προσ-

1999 3680 2243 3751 τάγματι
2266 3673 2315 3746 ᾧ
2334 3679 2630 3734 ἐνετείλω.
2667 3679 2899 3732 Δύναται
2931 3679 3028 3750 μὲν
3055 3679 3149 3731 καὶ
3172 3677 3263 3729 ἐπὶ
3292 3675 3354 3728 τὸ
3378 3675 3583 3746 μυστή-

2001 3792 2113 3845 ριον
2139 3774 2241 3844 τῆς
2275 3772 2624 3834 ἀναστάσεως
2652 3773 2680 3825 ὁ
2713 3771 2869 3840 λόγος
2909 3767 3302 3841 ἀναφέρεσθαι,
3331 3784 3583 3838 παρακα-

1996 3867 2213 3929 λοῦντος
2240 3864 2332 3919 τοῦ
2367 3866 2653 3936 Προφήτου
2676 3863 3026 3934 ἐξεγερθῆναι
3050 3861 3140 3914 τὸν
3171 3860 3365 3932 κριτὴν
3387 3861 3466 3923 εἰς
3487 3860 3601 3911 ἐκο.

1997 3960 2211 4030 δίκῃσιν
2253 3959 2455 4022 παντὸς
2497 3959 2912 4028 ἁμαρτήματος,
2950 3956 3045 4009 καὶ
3097 3954 3195 4017 τὰς
3225 3953 3581 4026 προδιατετα-

1998 4052 2205 4122 γμένας
2230 4054 2362 4123 ἡμῖν
2408 4050 2629 4114 ἐντολὰς
2659 4049 2994 4120 τελεσθῆναι·
3025 4047 3248 4102 δύναται
3276 4046 3334 4099 δέ
3365 4047 3460 4098 καὶ
3487 4044 3581 4097 ἐπὶ

1996 4145 2095 4215 τὴν
2124 4144 2245 4197 τότε
2273 4144 2605 4196 κατάστασιν
2650 4140 2759 4194 τῶν
2805 4142 3145 4213 πραγμάτων
3168 4138 3261 4191 τοῦ
3288 4138 3581 4209 Προφήτου

1999 4235 2389 4307 λαμϐάνεσθαι,
2442 4234 2887 4307 παρακαλοῦντος
2916 4232 3265 4304 ἐξεγερθῆναι
3303 4231 3395 4285 τὸν
3449 4226 3579 4281 Θεὸν

1997 4331 2079 4394 είς
2107 4329 2385 4400 ἐκδίκησιν
2405 4327 2499 4381 τοῦ
2529 4326 2950 4399 προστάγματος
2977 4322 3036 4380 οὗ
3061 4323 3382 4377 ἐνετείλατο.
3400 4319 3578 4391 Πρόσ-

1998 4439 2183 4493 ταγμα
2231 4421 2289 4474 δὲ
2318 4416 2407 4492 ἦν,
2446 4420 2589 4488 Τίμα
2617 4419 2727 4472 τὸν
2757 4417 2984 4486 πατέρα
3015 4434 3131 4471 σου
3153 4414 3253 4468 καί
3274 4413 3389 4481 τὴν
3408 4408 3581 4481 μητέο

320 4505 714 4569 tranSgressus.
754 4500 877 4557 ideo
911 4501 1079 4557 Deum
1123 4504 1463 4571 adhortatur,
1516 4517 1573 4562 ut
1614 4524 1718 4566 non
1757 4527 1893 4567 cun-

2004 4531 2075 4582 ριι
2101 4513 2237 4585 (60),
2268 4510 2419 4587 παρὰ
2458 4510 2593 4564 Θεοῦ
2643 4510 2946 4581 δεδομένον,
2990 4509 3126 4578 ὅπερ
3173 4504 3388 4578 παρέϐη
3417 4502 3579 4596 όυίὸς

319 4599 533 4647 ctanter
576 4603 633 4647 et
687 4592 833 4649 illum
911 4596 1083 4665 ipsum
1142 4598 1398 4667 corrigat,
1449 4609 1502 4655 et
1548 4603 1745 4659 multos
1800 4619 1889 4660 re-

318 4682 498 4739 frenet
530 4703 547 4741 :
577 4686 670 4742 sed
714 4699 973 4775 exsurgat
1027 4691 1080 4745 in
1129 4690 1233 4758 ira,
1285 4702 1340 4746 et
1396 4709 1715 4765 exsurgens,
1772 4713 1901 4767 pro-

316 4776 494 4845 prium
544 4779 780 4835 vindicet
814 4787 1149 4840 mandatum.
1183 4784 1300 4840 Non
1348 4789 1539 4851 enim,‘
1572 4790 1768 4859 inquit,
1809 4806 1897 4847 me

316 4868 629 4936 ulcisceris,
661 4873 757 4928 sed
801 4886 1124 4944 praeceptum
1164 4886 1313 4931 tuum
1359 4884 1666 4949 neglectum
1696 4920 1713 4947 ,
1752 4883 1897 4951 quod

317 4958 433 5028 ipse
493 4963 783 5018 mandasti.
825 4964 988 5027 Vens.
1037 4966 1093 5021 8.
1148 4967 1219 5022 Et
1272 4987 1538 5040 synagoga
1589 4973 1897 5041 populorum

317 5053 667 5109 circumdabit
696 5066 764 5111 te.
800 5055 1025 5113 Constat
1048 5059 1194 5116 enim
1222 5061 1359 5127 fore,
1387 5073 1467 5126 ut,
1492 5066 1760 5136 castigato
1795 5065 1898 5119 im-

314 5147 487 5219 probo
504 5163 631 5217 uno,
664 5149 819 5205 multi
838 5162 1250 5210 convertantur.
1281 5155 1465 5224 Itaque
1490 5157 1609 5227 ejus
1632 5157 1894 5212 malitiam

391 5268 435 5301 ⁸⁷
475 5266 595 5323 Gal.
632 5285 690 5333 ιι,
721 5269 811 5324 20.
887 5270 933 5303 ⁸⁸
968 5271 1137 5328 Exod.
1166 5290 1258 5335 xx.
1304 5275 1389 5330 l2.

390 5387 509 5510 (5%
556 5387 651 5444 Sic
704 5388 1011 5472 Coibertini
1072 5401 1301 5472 quartus
1352 5401 1407 5445 et
1455 5392 1739 5476 septimus.
1785 5390 1903 5473 illa,

392 5457 478 5510 ὡω
514 5477 627 5510 τιτι.
667 5470 799 5510 etc..
864 5460 1247 5510 desiderantur
1288 5478 1340 5510 in
1382 5461 1565 5510 editis-
1599 5461 1903 5510 Theodotm

328 5456 627 5541 ξΥιὶιώθητι,
659 5470 799 5541 ρκ’...
864 5456 1247 5541 desiderantur
1288 5462 1340 5541 i_n
1382 5456 1565 5541 editis.
1599 5461 1904 5541 Theodotio

314 5529 559 5613 tta-Ouum
587 5530 681 5583 ἐπὶ
699 5531 837 5613 Eoi);
876 5529 1107 5601 ἐχθρούς
1142 5549 1265 5613 μου,
1293 5532 1357 5613 (η
1379 5532 1578 5613 furore
1604 5548 1761 5613 super
1810 5532 1907 5613 ini-

282 5604 291 5615 '
316 5602 477 5653 micas
506 5598 835 5672 meostReg.
870 5598 1077 5672 sextus,
1104 5598 1212 5654 τῶν
1234 5602 1444 5672 ἐχθρῶν
1474 5620 1591 5672 σου.
1618 5598 1906 5669 Aliquanto

312 5679 437 5739 post
460 5671 634 5744 _e_di_tio
673 5671 849 5727 Paris.
878 5681 934 5744 et
961 5670 1095 5741 Reg.
1134 5670 1324 5726 sextus
1358 5671 1571 5744 ἐχθρῶν
1606 5689 1697 5725 σου
1729 5672 1905 5725 τοιοῦ-

313 5738 426 5791 τον.
460 5738 745 5807 vulgatam
778 5752 833 5794 ct
864 5741 1000 5794 alios
1023 5738 1155 5794 mss.
1182 5743 1351 5795 sccuti
1380 5738 1587 5796 sumus.

389 5809 499 5880 (iiii)
533 5804 628 5862 Hic
662 5810 811 5864 locus
845 5820 954 5864 tum
995 5812 1044 5865 in
1076 5813 1255 5879 editis,
1287 5823 1397 5868 tmn
1426 5814 1478 5868 in
1516 5815 1718 5871 Catena
1769 5815 1905 5872 Cor~

1999 4603 2184 4659 αὑτοῦ.
2215 4603 2305 4655 Διὸ
2338 4601 2647 4673 παρακαλεῖ
2686 4604 2764 4664 εἰς
2797 4599 2960 4654 αὑτοῦ
2991 4616 3051 4652 τε
3100 4599 3308 4652 ἐκείνου
3350 4594 3579 4664 ἐπανόρ-

2004 4701 2170 4753 θωσιν
2204 4698 2299 4750 καὶ
2324 4696 2701 4768 σωφρονισμὸν
2726 4695 2834 4748 τῶν
2857 4693 3066 4746 πολλῶν
3103 4694 3175 4763 μὴ
3206 4689 3577 4761 μακροθυμεῖν

1993 4791 2085 4842 τὸν
2117 4788 2269 4851 Θεὸν,
2313 4788 2428 4841 ἀλλ’
2474 4788 2765 4859 ἐγερθῆναι
2813 4789 2869 4839 ἐν
2894 4788 3052 4857 ὀργῇ,
3099 4784 3194 4837 καὶ
3223 4780 3579 4837 διαναστάντα

1995 4880 2284 4949 ἐκδικῆσαι
2312 4880 2411 4949 τὴν
2441 4879 2578 4933 ἰδίαν
2605 4878 2846 4951 ἐντολήν.
2883 4877 2958 4931 Οὐ
2986 4876 3092 4946 γὰρ
3127 4875 3249 4946 ἐμὲ,
3278 4874 3461 4945 φησιν,
3486 4873 3577 4925 ἐκ·

1994 4973 2259 5044 δικήσεις,
2295 4971 2432 5024 ἀλλὰ
2457 4972 2520 5025 τὸ
2550 4972 2879 5044 πρόσταγμα
2916 4970 2978 5022 τὸ
3026 4968 3116 5021 σὺν
3148 4961 3575 5035 καταφρονηθέν,

1996 5065 2025 5118 ὃ
2058 5066 2220 5128 αὐτὸς
2250 5065 2517 5119 ἐνετείλω.
2565 5063 2674 5117 Kal
2722 5060 3045 5132 συναγωγὴ
3076 5058 3244 5114 λαῶν
3278 5053 3578 5111 κυκλώσει

1996 5172 2089 5211 σε.
2130 5156 2298 5227 Δῆλον
2326 5157 2384 5210 δὲ
2420 5158 2522 5221 ὅτι,
2547 5157 2665 5220 ἐνὸς
2689 5155 2873 5208 ἀδίκου
2897 5150 3377 5225 σωφρονισθέντος,
3396 5146 3579 5202 πολλοὶ

2005 5391 2137 5462 derii
2186 5392 2325 5448 male
2368 5393 2794 5462 interpungitur.
2849 5389 2980 5443 Nam
3031 5388 3160 5462 illa,
3212 5387 3497 5459 δυνάμεως
3523 5395 3580 5439 et

2003 5461 2254 5526 δύνασαι,
2310 5461 2529 5532 virgula
2569 5476 2598 5514 a
2638 5461 2697 5516 Se
2753 5462 2980 5514 invicem
3013 5461 3433 5528 disjunguntur:
3460 5472 3578 5524 qua:

2006 5543 2187 5588 tamen
2223 5534 2341 5587 sine
2392 5532 2498 5585 ulla
2529 5532 2750 5602 virgula’
2786 5532 2928 5584 inter
2954 5546 3034 5602 ise
3099 5532 3383 5599 conjuncta
3414 5542 3576 5597 θριπ-

2007 5612 2205 5657 luerat.
2234 5603 2564 5658 Collocauda
2597 5604 2771 5655 luerat
2796 5601 2999 5668 virgula
3047 5610 3168 5668 post
3218 5602 3444 5653 verbum
3477 5613 3571 5668 χυ-

2005 5672 2183 5726 θεῖςα.
2214 5673 2578 5742 Interpunctio
2610 5674 2773 5739 mala,
2808 5672 2946 5739 thtl
2979 5673 3057 5733 lit,
3082 5670 3274 5722 malam
3305 5671 3573 5737 interpre-

2006 5745 2267 5798 tationem
2304 5744 2534 5811 peperit.

2090 5760 2267 5796 Ionem
2341 5760 2534 5811 (ενοι-ιι.

2080 5813 2191 5885 (60)
2224 5760 2372 5870 Cori).
2417 5823 2639 5884 quartus
2666 5813 2873 5884 μητέρα
2920 5829 3032 5864 σοι).
