4048 6220
389 371 497 426 237

1601 375 1889 432 HOMILIA
1929 377 2365 452 INJ’SALMUM
2404 383 2514 438 VII.

3546 389 3652 448 938

389 485 792 555 ἐπιστρέψουσι.
823 485 934 556 Τὴν
962 478 1054 540 οῦν
1088 486 1277 541 τούτου
1312 490 1574 561 πονηρίαν
1609 491 1856 556 κόλασον,
1886 492 1934 545 ἵν

2041 543 2046 552 .
2080 495 2229 562 puni,
2267 505 2326 550 ut
2361 497 2525 552 multa
2568 499 2885 570 populorum
2927 516 3196 574 synagoga
3219 513 3291 582 te
3328 508 3648 567 circumdet.

391 577 557 648 πολλὴ
592 579 883 648 συναγωγὴ
912 579 1056 632 λαῶν
1090 580 1343 653 κυκλώσῃ
1375 599 1454 636 σε.
1500 586 1609 639 Καὶ
1645 586 1796 654 ὑπὲρ
1835 587 1970 640 ταύ-

389 688 493 738 της
516 674 601 734 εἰς
636 673 792 739 ὕψος
815 674 1208 742 ἐπίστρεψον.
1246 676 1418 748 ’Υπὲρ
1448 679 1546 748 τῆς
1574 679 1882 751 κυκλούσης
1910 697 1967 733 σε

390 762 732 832 συναγωγῆς,
771 765 835 834 ἦν
861 765 1077 836 ἐκτήσω
1097 766 1184 819 διὰ
1214 768 1309 838 τῆς
1337 769 1476 822 κατά
1508 771 1667 843 χάριν
1696 791 1969 842 συγκατα-

388 852 597 916 ϐἁσεως
630 855 722 907 καὶ
752 857 1083 927 οἰκονομίας,
1114 859 1439 930 ἐπίστρεψον
1473 863 1553 926 εἰς
1600 863 1661 916 τὸ
1707 864 1840 934 ὕψος
1868 865 1968 936 τῆς

385 943 560 1014 δόξης,
583 945 648 1017 ἦν
681 942 822 1018 εἶχες
856 949 961 1020 πρὸ
989 949 1083 1002 τοῦ
1108 951 1199 1005 τὸν
1219 936 1432 1024 ’κόσμον
1463 955 1734 1024 γενέσθαι.
1754 959 1967 1027 Κύριος

384 1036 578 1102 κρινεῖ
590 1039 796 1104 λαούς.
823 1040 1098 1112 Πολλαχοῦ
1132 1044 1229 1114 τῆς
1259 1045 1482 1118 Γραφῆς
1511 1049 1538 1101 ὁ
1573 1049 1699 1119 περὶ
1723 1050 1821 1120 τῆς
1849 1053 1967 1123 κρί-

387 1143 524 1190 σεως
581 1131 1023 1204 ἐγκατέσπαρται
1075 1134 1250 1204 λόγος,
1281 1138 1355 1201 ὡς
1403 1139 1829 1208 ἀναγκαιότατος
1874 1147 1966 1198 καὶ

386 1220 847 1288 συνεκτικώτατος
899 1226 979 1289 είς
1011 1226 1360 1283 διδασκαλίαν
1407 1232 1689 1297 εὐσεϐείας
1729 1237 1839 1297 τοῖς
1886 1239 1964 1299 εἰς

381 1310 514 1364 Θεὸν
539 1313 626 1367 διὰ
669 1316 840 1386 Ἰησοῦ
874 1319 1112 1390 Χριστοῦ
1159 1325 1601 1378 πεπιστευκόσιν.
1662 1328 1877 1401 Ἐπειδὴ
1907 1329 1962 1382 δὲ

380 1402 734 1476 πολυτρόπως
760 1409 787 1460 ό
821 1411 948 1480 περὶ
973 1411 1072 1482 τῆς
1105 1414 1336 1484 κρίσεως
1365 1416 1736 1488 ἐγγέγραπται
1784 1419 1958 1488 λόγος.

377 1493 517 1560 δόξῑι
570 1499 692 1553 τινα
744 1501 836 1554 καὶ
867 1501 1127 1572 σύγχυσιν
1157 1505 1302 1577 ἔχειν
1351 1511 1463 1572 τοῖς
1499 1511 1574 1581 μὴ
1613 1512 1855 1584 ἀκριϐῶς
1891 1516 1958 1570 τά

381 1589 755 1660 σημαινόμενα
792 1593 1211 1652 διαστέλλουσιν.
1280 1599 1341 1651 '0
1379 1603 1679 1656 πιστεύων
1728 1605 1835 1674 γὰρ
1873 1608 1959 1671 είς

375 1677 480 1746 ἐμὲ
506 1683 576 1734 οὺ
615 1685 895 1750 κρίνεται·
934 1692 968 1741 ό
1004 1689 1072 1742 δὲ
1103 1689 1377 1745 ἀπιστῶν
1416 1691 1531 1760 ἤδη
1575 1694 1854 1763 κέκριται.
1893 1701 1956 1752 Ei

373 1769 429 1821 δὲ
460 1773 487 1824 ό
535 1773 608 1844 μὴ
646 1778 917 1833 πιστεύων
946 1781 1131 1852 ὅμοιός
1183 1782 1294 1854 (61)
1324 1785 1438 1837 ἐστι
1476 1785 1553 1856 τῷ
1600 1789 1805 1854 ἀσεϐεῖ,
1837 1793 1954 1858 πῶς

2085 583 2152 640 Ει
2206 598 2417 658 propter
2464 590 2598 645 hanc
2660 594 2713 646 in
2748 595 2910 649 altum
2961 598 3246 665 regredere.
3277 597 3504 670 Propter
3537 603 3648 656 clr-

2076 681 2416 736 cumdantem
2456 693 2508 738 te
2542 699 2890 757 synagogam,
2928 703 3111 756 quam,
3148 691 3436 748 demittens
3464 702 3517 748 te
3551 709 3650 764 per

2074 773 2325 840 gratiam,
2350 784 2403 828 et
2427 789 2644 830 carnem
2668 777 2912 847 induens,
2950 781 3257 851 possedisti,
3288 786 3571 852 regredere
3590 786 3642 840 in

2072 864 2405 922 altitudinem
2437 867 2641 938 gloritc,
2661 883 2820 939 quam
2839 881 2963 928 ante
2981 875 3160 929 mundi
3186 884 3362 930 ortum
3381 876 3640 933 habebas.

2079 955 2238 1012 Vens.
2269 957 2323 1014 9.
2341 958 2598 1015 Dominus
2608 961 2868 1031 judicabit
2894 965 3129 1034 populos.
3147 965 3323 1022 Multis
3349 967 3642 1038 Scriptura:

2068 1049 2200 1104 locis
2259 1051 2323 1106 de
2361 1052 2564 1122 judicio
2589 1055 2866 1124 inspersos
2895 1067 2980 1112 est
3027 1073 3226 1126 sermo,
3263 1069 3519 1130 tanquam
3547 1061 3640 1131 qui

2071 1143 2301 1196 maxime
2327 1147 2666 1201 necessarius
2692 1147 2782 1214 sit,
2841 1159 3127 1220 servetque
3161 1153 3395 1208 maxime
3423 1153 3474 1207 in
3522 1155 3639 1224 pie-

2067 1231 2190 1285 tatis
2213 1233 2456 1289 doctrina
2485 1250 2599 1301 eos,
2635 1239 2724 1305 qui
2756 1237 2808 1292 in
2843 1239 3006 1294 Deum
3033 1253 3128 1310 per
3147 1240 3327 1298 Jesum
3361 1243 3635 1298 Christum

2061 1327 2428 1382 crediderunt.
2492 1331 2758 1396 Quoniam
2819 1343 2996 1388 autem
3042 1335 3254 1390 diverse
3313 1336 3379 1391 de
3428 1336 3634 1407 judicio

2063 1417 2298 1486 scriptus
2328 1429 2411 1475 est
2440 1435 2643 1488 sermo,
2673 1423 3041 1481 confusionem
3070 1427 3356 1497 quamdam
3390 1428 3455 1482 iis
3488 1427 3634 1483 vide-

2059 1509 2208 1562 bitur
2249 1525 2462 1578 parere,
2507 1514 2597 1581 qui
2639 1515 2816 1572 minus
2863 1530 3118 1575 accurate
3152 1521 3252 1577 has
3297 1521 3632 1592 distinguunt

2061 1598 2504 1668 signiﬁcationes.
2534 1601 2787 1667 Quienim
2806 1609 2969 1660 credit
2995 1609 3048 1662 in
3075 1627 3174 1677 me,
3197 1629 3300 1664 non
3315 1610 3631 1680 judicatur:

2057 1691 2146 1758 qui
2178 1700 2352 1744 autem
2403 1708 2506 1746 non
2543 1694 2732 1760 credit,
2755 1695 2871 1767 jam
2886 1697 3162 1767 judicatus
3192 1704 3270 1755 est
3286 1701 3354 1754 δί’.
3390 1700 3542 1768 Quod
3583 1703 3630 1756 si

2056 1781 2124 1845 is,
2160 1781 2251 1850 qui
2284 1796 2390 1837 non
2426 1787 2617 1854 credit,
2654 1788 2847 1844 similis
2871 1799 2954 1845 est
2981 1792 3166 1860 impio,
3210 1794 3480 1874 quopiodo
3510 1794 3627 1848 dic-

373 1861 587 1934 εἵρηται
609 1866 668 1919 τὸ
699 1869 772 1940 μὴ
810 1871 1211 1944 ἀναστήσεσθαι
1266 1877 1483 1941 ἀσεϐεῖς
1520 1879 1576 1932 ἐν
1603 1882 1810 1950 κρίσει;
1843 1885 1937 1938 Καί

2057 1880 2164 1924 tum
2200 1882 2284 1928 εει
2321 1874 2512 1942 impios
2551 1877 2602 1931 in
2623 1876 2830 1946 judicio
2865 1896 2970 1936 non
3008 1896 3126 1939 esse
3151 1859 3634 1942 resuriecturos“?

373 1953 422 2004 εί
467 1956 516 2006 oi
543 1958 886 2024 πιστεύοντες
904 1963 1008 2015 uio!
1031 1963 1164 2017 Θεοῦ
1188 1965 1276 2018 διὰ
1293 1969 1392 2038 τῆς
1408 1969 1644 2033 πίστεως
1673 1973 1947 2040 γεγόνασι,

372 2045 465 2097 καὶ
479 2045 566 2100 διὰ
591 2049 748 2102 τοῦτο
792 2051 930 2115 ἄξιοί
958 2056 1063 2107 είσι
1104 2054 1197 2108 τοῦ
1229 2058 1321 2110 καὶ
1349 2059 1502 2112 αὐτοὶ
1541 2060 1654 2113 θεοὶ
1683 2065 1950 2134 χρηματί-

370 2134 502 2202 ζειν,
541 2138 659 2203 πῶς
682 2141 813 2205 Θεὸς
843 2143 970 2216 ἔστη
1019 2147 1077 2199 ἐν
1125 2153 1412 2221 συναγωγῇ
1444 2151 1602 2218 θεῶν,
1631 2154 1688 2206 ἐν
1721 2156 1871 2227 μέσῳ
1894 2157 1950 2210 δὲ

368 2229 521 2294 θεοὺς
550 2233 846 2304 διακρινεί;
902 2237 1041 2291 Ἀλλ’
1075 2240 1217 2293 ἔοικε
1244 2241 1305 2294 τὸ
1358 2244 1634 2314 κρίνεσθαι
1672 2248 1802 2300 ποτέ
1851 2249 1948 2319 μὲν

366 2321 458 2374 ἐπὶ
499 2325 593 2377 τοῦ
627 2325 736 2399 (62)
789 2327 1202 2399 δοκιμάζεσθαι
1249 2335 1354 2388 ὑπὸ
1395 2336 1493 2405 τῆς
1526 2337 1749 2409 Γραφῆς
1775 2359 1949 2412 παρα-

363 2413 753 2486 λαμϐάνεσθαι,
804 2423 932 2475 ποτέ
957 2423 1014 2475 δέ
1047 2425 1139 2488 ἐπὶ
1185 2426 1279 2480 τοῦ
1334 2431 1809 2499 κατακρίνεσθαιο
1856 2436 1947 2489 ἐπὶ

368 2505 468 2572 μὲν
491 2506 585 2560 τοῦ
621 2508 1055 2579 δοκιμάζεσθαι,
1087 2515 1161 2578 ὼς
1191 2517 1273 2580 τὸ,
1293 2515 1341 2568 Κ
1337 2517 1512 2584 ρῖνόν
1524 2537 1621 2588 με,
1645 2523 1838 2590 Κύριε,
1858 2522 1946 2576 ὅτι

362 2595 475 2664 ἐγὼ
505 2598 576 2650 ἐν
597 2601 812 2670 dataqu
846 2623 964 2673 μου
1013 2607 1364 2676 ἐπορεύθην*
1415 2612 1608 2680 ἐπάγει
1650 2615 1758 2686 γὰρ
1807 2617 1940 2670 ἐκεῖ·

361 2689 698 2757 Δοκίμασόν
707 2711 804 2761 με,
839 2697 1036 2764 Κύριε,
1069 2699 1169 2752 καὶ
1204 2703 1496 2769 πείρασόν
1520 2721 1618 2775 με’
1649 2707 1744 2761 ἐπὶ
1773 2709 1828 2762 δὲ
1848 2710 1941 2762 τοῦ

361 2782 801 2852 κατακρίνεσθαι,
830 2786 904 2850 ὡς
938 2788 1048 2859 (65)
1077 2790 1154 2857 τὸ,
1181 2794 1250 2845 El
1297 2795 1405 2863 γὰρ
1437 2796 1689 2866 ἑαυτοὺς
1714 2801 1943 2869 ἐκρίνο-

353 2888 489 2938 μεν,
521 2875 632 2928 οὐκ
651 2874 728 2928 ἂν
742 2877 1110 2949 ἐκρινόμεθα’
1141 2885 1187 2936 εἰ
1207 2885 1313 2956 γὰρ
1339 2889 1562 2954 ἑαυτοὺς
1584 2892 1936 2966 ἐξητάζομεν,

359 2962 542 3030 φησὶν,
578 2966 677 3019 οὐκ
707 2968 771 3022 ἂν
817 2973 1140 3044 κατακρίσει
1178 2977 1610 3051 ὑπεϐαλλόμεθα.
1666 2962 1836 3039 Πάλιν
1866 2989 1939 3042 ετ-

360 3070 517 3123 ρηται
545 3057 898 3130 κριθήσεσθαι
916 3063 1005 3116 τὸν
1023 3065 1226 3136 Κύριον
1249 3069 1384 3140 πρὸς
1416 3073 1594 3127 πᾶσαν
1608 3075 1786 3147 σάρκα
1802 3078 1933 3149 (64)·

352 3145 649 3212 τουτέστιν,
686 3151 744 3203 ἐν
770 3152 846 3223 τῷ
885 3152 1168 3228 ἐξετασμῴ
1191 3159 1298 3213 τῶν
1334 3161 1679 3234 βεϐιωμένων
1725 3169 1938 3241 ἑκάστῳ

353 3235 545 3292 ἐαυτὸν
591 3241 881 3299 ὑποϐάλλει
919 3251 984 3319 τῇ
1014 3251 1214 3321 κρίσει,
1252 3254 1344 3307 καὶ
1373 3255 1440 3308 τὰ
1479 3258 1672 3312 ἐαυτοῦ
1701 3265 1932 3334 προστά-

351 3343 539 3398 γματα
592 3333 1014 3407 ἀντιπαρεξάγει
1071 3345 1182 3405 τοῖς
1208 3348 1620 3416 πεπραγμένοις
1676 3352 1781 3405 ὑπὸ
1826 3355 1932 3408 τῶν

350 3421 769 3494 ἡμαρτηκότων,
812 3431 1245 3504 ἀπολογούμενος
1289 3437 1427 3507 μετά
1461 3440 1804 3508 ἀποδείξεων,
1849 3447 1931 3500 ὅτι

352 3511 528 3564 πάντα
549 3513 618 3567 τὰ
659 3518 740 3580 είς
771 3519 932 3572 αὐτὸν
962 3522 1162 3592 ἥκοντα
1199 3527 1294 3580 ἐπὶ
1333 3531 1578 3601 σωτηρίᾳ
1607 3533 1715 3585 τῶν
1751 3553 1930 3607 κρινο-

353 3601 529 3671 μένων
553 3607 870 3678 πεποίηκεν,
899 3612 984 3666 ἵνα
1010 3615 1320 3687 πειθόμενοι
1355 3621 1400 3671 οἱ
1427 3623 1808 3693 ἡμαρτηκότες
1855 3629 1931 3693 ὡς

349 3693 519 3765 ἔνοχοι
540 3700 651 3761 τοῖς
680 3700 1096 3774 ἁμαρτήμασιν,
1129 3709 1515 3781 ἀποδεχόμενοι
1547 3713 1643 3786 τὴν
1674 3717 1824 3773 θείαν
1850 3720 1928 3773 δί-

349 3803 470 3855 κην,
492 3789 708 3855 ἐκόντες
742 3795 1052 3864 προσῶνται
1080 3799 1190 3870 (65)
1213 3802 1272 3854 τὸ
1305 3804 1590 3860 ἐπιϐάλλον
1615 3809 1796 3875 αὐτοῖς
1819 3814 1930 3867 ἐπι-

347 3878 548 3949 τίμιον.

417 3970 468 4024 5.
498 3974 652 4028 Ἔστι
690 3977 747 4030 δέ
800 3981 894 4033 καὶ
925 3981 1054 4035 ἄλλο
1104 3987 1501 4057 σημαινόμενον
1550 3993 1654 4045 ὑπὸ
1703 3997 1802 4066 τῆς
1832 3997 1922 4050 τοῦ

346 4063 623 4131 κρίνεσθαι
652 4070 857 4141 φωνῆς,
888 4073 1031 4128 καθὰ
1069 4092 1233 4145 φησιν
1263 4080 1292 4131 ό
1322 4079 1546 4151 Κύριος
1579 4063 1925 4141 Βασίνίισσα

345 4159 522 4212 νότου
564 4162 942 4231 ἐγερθήσεται
987 4170 1056 4222 ἐν
1097 4170 1172 4238 τῇ
1208 4173 1418 4240 κρίσει,
1456 4174 1555 4228 καὶ
1592 4180 1932 4245 κατακρινεῖ

345 4247 462 4344 chi?
487 4254 698 4318 γενεὰν
719 4260 961 4326 ταύτην.
994 4262 1131 4326 Τοὺς
1157 4265 1264 4336 γὰρ
1291 4267 1800 4340 ἀποστρεφομένους
1826 4273 1923 4344 τὴν

347 4333 495 4388 θείαν
546 4340 908 4411 διδασκαλίαν,
951 4352 1047 4404 καὶ
1092 4333 1480 4424 ἀφιλοκάλους,
1504 4333 1619 4411 καὶ.
1644 4333 1922 4428 παντελίῦς

344 4427 831 4503 ἀπεστραμμένους
867 4440 934 4493 τὰ
963 4444 1284 4501 παιδευτικὰ
1312 4449 1408 4520 τῆς
1437 4451 1627 4518 σοφίας
1651 4452 1916 4523 δόγματα,

2052 1963 2119 2018 Et
2158 1964 2201 2018 si
2241 1967 2544 2035 credentes,
2590 1981 2684 2038 per
2726 1969 2886 2026 ﬁdem
2928 1972 3056 2030 facti
3103 1988 3229 2031 sunt
3267 1976 3360 2032 ﬁlii
3398 1975 3523 2043 Dei,
3563 1995 3628 2035 ac

2052 2069 2336 2129 propterea
2365 2060 2510 2131 digni
2544 2069 2670 2117 sunt
2692 2065 2782 2133 qui
2822 2074 2876 2119 et
2913 2066 3013 2135 ipsi
3035 2079 3294 2124 vocentur
3328 2071 3429 2136 dii',
3485 2087 3625 2141 quo-

2051 2152 2210 2205 modo
2256 2150 2398 2206 Deus
2434 2154 2596 2209 stabit
2626 2155 2681 2209 in
2730 2172 3001 2228 synagoga
3056 2159 3303 2227 deorum,
3343 2161 3398 2216 in
3447 2163 3625 2218 medio

2052 2253 2231 2297 autem
2259 2243 2387 2300 deos
2408 2244 2725 2312 dijudicabit
2747 2249 2831 2302 "1’
2868 2247 3061 2304 Verum
3091 2251 3303 2307 videtur
3332 2252 3623 2324 aliquando

2043 2334 2286 2402 judicare
2320 2353 2416 2406 pro
2456 2339 2678 2408 probare
2706 2354 2736 2394 a
2770 2340 3047 2412 Scriptura
3095 2345 3264 2414 accipi
3293 2363 3306 2399 :
3333 2344 3622 2415 aliquando

2048 2438 2179 2478 vero
2210 2440 2306 2494 pro
2332 2427 2696 2483 condemnare.
2733 2429 2978 2487 Sumitur
3007 2434 3222 2504 quidem
3251 2451 3348 2505 pro
3375 2435 3618 2504 probare,

2047 2516 2203 2571 verbi
2237 2518 2430 2586 gratia,
2482 2521 2821 2589 Judicame,
2854 2523 3098 2591 Domine,
3129 2528 3379 2596 quoniam
3418 2545 3513 2600 ego
3564 2530 3619 2581 in

2045 2609 2346 2664 innocentia
2376 2628 2491 2666 mea
2527 2614 2794 2683 ingressus
2818 2633 2972 2672 sum:
3015 2619 3087 2674 ibi
3115 2621 3260 2675 enim
3294 2622 3572 2693 subiungit
3601 2642 3615 2679 :

2046 2698 2226 2755 Proba
2260 2719 2360 2766 me,
2387 2703 2628 2771 Domine,
2664 2715 2714 2761 et
2739 2712 3059 2766 tentante".
3093 2711 3338 2768 Sumitur
3363 2729 3493 2770 vero
3518 2728 3617 2786 pro

2044 2794 2408 2860 condemnare,
2437 2805 2494 2850 ut
2527 2798 2581 2852 in
2611 2793 2702 2854 illo
2727 2819 2742 2855 :
2768 2800 2921 2866 Quod
2959 2804 3006 2857 si
3036 2807 3376 2876 nosmetipsos
3392 2808 3617 2877 judica-

2042 2901 2237 2952 remus,
2273 2903 2376 2941 non
2415 2889 2592 2960 utique
2621 2892 3074 2953 iudicaremur”:
3111 2898 3154 2952 si
3190 2899 3358 2965 enim,
3416 2900 3612 2970 inquit,

2042 2989 2141 3031 nos
2159 2977 2304 3046 ipsos
2321 2991 2801 3050 perscrutaremur,
2819 2985 3250 3043 condetnnationi
3275 3004 3614 3059 nequaquam

2043 3066 2449 3136 subjiceremur.
2490 3070 2944 3130 Rursus-dictum
3017 3087 3102 3133 est
3157 3078 3444 3134 Dominum
3489 3095 3611 3135 cum

2039 3158 2185 3212 omni
2220 3173 2384 3214 carne
2410 3160 2673 3231 judicium
2722 3167 3062 3236 subiturum;
3095 3167 3148 3222 id
3177 3178 3279 3236 est,
3329 3171 3384 3224 in
3418 3171 3612 3240 exqui—

2040 3249 2206 3305 renda
2232 3251 2447 3308 ratione
2471 3267 2656 3309 eorum
2686 3272 2804 3326 quae
2830 3259 3024 3329 cuique
3054 3261 3179 3314 dum
3231 3261 3458 3326 viveret,
3491 3271 3613 3318 acta

2035 3350 2178 3406 sunt,
2213 3341 2417 3411 judicio
2463 3359 2522 3400 se
2551 3346 2664 3415 ipse
2695 3347 2934 3419 subjicit,
2977 3359 3032 3405 et
3069 3366 3166 3406 sua
3192 3363 3462 3423 praecepta
3513 3367 3610 3422 op-

2035 3433 2182 3502 ponit
2214 3433 2370 3490 factis
2406 3447 2776 3506 peccatorum,
2811 3444 3143 3512 argumentis
3176 3460 3240 3501 ac
3272 3447 3611 3504 demonstra-

2035 3528 2268 3584 tionibus
2288 3546 2554 3587 excusans
2583 3549 2660 3599 se,
2687 3534 2829 3603 quod
2853 3534 2906 3588 in
2939 3535 3166 3591 salutem
3191 3537 3607 3606 iudicandorum

2031 3620 2207 3673 omnia
2236 3635 2355 3689 quae
2384 3621 2450 3674 ad
2483 3637 2540 3678 se
2583 3623 2904 3690 attinebant,
2943 3625 3153 3692 fecerit,
3201 3635 3259 3680 ut
3298 3627 3335 3682 ii
3361 3627 3450 3697 qui
3479 3643 3608 3704 pec-

2032 3723 2312 3779 caverunt,
2352 3713 2436 3766 ubi
2465 3729 2781 3784 persuasum
2817 3715 2982 3770 fuerit
3018 3716 3120 3772 sibi
3152 3732 3212 3772 se
3243 3719 3485 3787 peccatis
3509 3718 3606 3774 ob-

2031 3805 2221 3858 noxios
2273 3819 2412 3866 esse,
2461 3807 2869 3864 convenientem
2910 3809 3010 3862 sibi
3039 3823 3273 3876 poenam,
3306 3811 3604 3880 approbato

2023 3897 2227 3967 judicio
2257 3896 2462 3963 divino,
2496 3897 2639 3952 haud
2671 3897 2824 3951 inviti
2851 3899 3142 3967 perferant.

2099 3990 2152 4043 5.
2194 3989 2309 4045 Vox
2367 3998 2547 4044 autem
2592 3989 2841 4058 judicare
2895 3990 3056 4047 habet
3101 4001 3157 4047 et
3191 3992 3350 4048 aliam
3386 4009 3620 4064 quoque

2026 4081 2511 4152 signiﬁcationem,
2565 4092 2624 4137 ut
2669 4099 2790 4138 cum
2842 4083 2971 4139 dicit
3044 4084 3344 4140 Dominus:
3403 4071 3601 4158 Regina

2025 4177 2194 4230 austri
2211 4183 2386 4241 surget
2422 4174 2474 4227 in
2496 4173 2724 4244 judicio,
2747 4187 2792 4229 et
2820 4177 3183 4230 condemnabit
3213 4179 3600 4248 generationem

2026 4263 2254 4318 istam“.
2285 4263 2385 4330 Qui
2417 4265 2557 4318 cnim
2590 4265 2826 4320 divinam
2851 4277 3170 4321 aversantur
3187 4269 3511 4334 doctrinam,
3544 4280 3602 4324 et

2025 4359 2278 4412 decorum
2316 4357 2713 4427 honestumque
2739 4358 2862 4413 odio
2892 4359 3110 4425 habent,
3135 4369 3188 4413 et
3207 4361 3485 4428 sapientia:
3502 4362 3601 4414 do-

2023 4457 2202 4518 gmata
2227 4449 2292 4502 ad
2323 4448 2624 4503 docendum
2660 4450 2856 4504 idonea
2892 4451 3048 4521 102
3073 4467 3294 4521 prorsus
3326 4453 3596 4507 detestan-

345 4523 626 4590 συγκρίσει
649 4527 739 4578 καὶ
769 4529 1190 4603 ἀντιπαραθέσει
1217 4538 1322 4593 τῶν
1356 4542 1496 4593 κατὰ
1525 4543 1620 4614 τὴν
1659 4545 1792 4598 ίδίαν
1825 4565 1916 4615 γε-

2048 4555 2132 4605 ur,
2158 4549 2438 4608 postquam
2485 4538 2664 4594 collati
2689 4540 2889 4596 fuerint
2917 4553 2971 4596 et
3001 4545 3298 4612 comparati
3329 4561 3450 4598 cum
3481 4545 3593 4599 suis

341 4610 465 4663 νεάν
489 4615 580 4666 ἐπὶ
609 4619 671 4687 τῇ
710 4621 838 4690 περὶ
866 4623 934 4674 τὰ
975 4625 1112 4678 καλὰ
1170 4630 1370 4701 σπουδῇ
1401 4631 1801 4702 διενεγκόντων,
1830 4639 1919 4708 βα-

341 4702 574 4771 ρυτέραν
606 4710 739 4779 φησὶ
785 4712 1082 4783 λαμϐάνειν
1106 4718 1202 4789 τὴν
1248 4722 1341 4774 ἐπὶ
1371 4726 1482 4788 τοῖς
1514 4727 1795 4797 παρεθείσι
1819 4748 1917 4783 κα-

412 4816 856 4897 "_{oan.ttt,18.
970 4831 1014 4861 ⁶⁰
1038 4831 1181 4888 Psal.
1217 4851 1256 4897 ι,
1289 4835 1340 4889 5.

337 4903 432 4951 xu,
453 4888 542 4943 42.

309 4998 322 5072 ι
405 4999 516 5071 (61)
540 5000 1028 5084 Colb.___qyartn_s6
1075 5009 1238 5071 αὑτός
1288 5026 1384 5079 pro
1430 5013 1634 5084 ὅμοιος.
1668 5016 1906 5072 Subinde

312 5071 743 5144 :Inss_.__no_nnulli
779 5073 1062 5144 διακρίνει.

312 5139 674 5213 ξη(-62)ᾼΝυη
729 5139 1053 5199 conveniunt
1098 5149 1238 5202 inter
1280 5165 1338 5204 se
1385 5168 1513 5206 mss.
1544 5155 1630 5207 hic
1653 5168 1708 5209 et
1738 5159 1896 5213 infra.

408 5189 513 5205 \-_,
562 5189 674 5193 -.-η
733 5189 1053 5199 -.----ν--.--.--
1099 5189 1225 5202 ..ι-υ-
1280 5189 1338 5204 ου
1387 5189 1513 5206 suoa-
1545 5189 1708 5209 ιιιι-Ιῖι
1739 5189 1896 5213 Hlllil.

293 5189 431 5334 JAlii
461 5211 662 5263 habent
693 5213 785 5264 ἐπὶ
815 5213 894 5267 τό.
949 5217 1052 5270 Alii
1083 5220 1174 5271 ἐπὶ
1212 5219 1308 5290 τῷ.
1349 5222 1450 5274 ΑΙίἰ
1496 5226 1725 5294 iii-mque
1781 5246 1902 5281 cum

333 5279 490 5334 editis
544 5282 636 5334 ἐπὶ
672 5282 787 5334 τοῦ.
835 5284 1036 5334 Ibidem
1090 5291 1217 5334 mliti
1267 5295 1687 5334 κατανηῖυρρτίιηι
1745 5314 1757 5326 -
1810 5302 1900 5334 cmi

333 5279 490 5334 editis
544 5282 636 5362 ἐπὶ
672 5282 787 5336 τοῦ.
835 5284 1036 5364 Ibidem
1090 5291 1217 5341 editi
1260 5279 1757 5364 'nataxpivsoﬁatu

333 5351 749 5431 IIISS::‘SLl.int|£|
771 5355 1032 5431 excipias,
1070 5362 1441 5431 κατακρίνειν.

387 5419 514 5495 ,(65)
551 5419 641 5474 Sic
675 5421 842 5495 _Colb.
885 5419 1133 5492 quartus.
1184 5419 1342 5484 oc'est
1372 5432 1448 5494 ὡς
1489 5433 1538 5486 in
1569 5437 1729 5490 editis
1759 5449 1812 5489 et
1851 5441 1900 5492 in

330 5485 450 5576 aliis
486 5485 613 5570 mss.
674 5491 838 5546 Paulo
897 5485 1014 5561 post
1049 5500 1215 5552 editio
1256 5485 1848 5576 Ριπξξξδιεξητάξομεν
1887 5527 1896 5560 :

330 5558 430 5641 scil
464 5561 630 5625 major
670 5578 794 5628 pars
847 5558 976 5619 mss.
1013 5584 1116 5620 una
1151 5588 1271 5623 cuin
1316 5558 1901 5649 θιΙὶιὶυιιοἮαεῖΙίέξη-

327 5642 580 5694 ταςομεν.

400 5697 522 5777 (64).
577 5697 753 5752 Monet
792 5705 1155 5781 po-_r_ilissimus
1210 5713 1293 5763 vir
1349 5713 1573 5765 Ducibus
1623 5714 1723 5781 legi
1757 5720 1896 5779 apud

325 5764 615 5852 .lcremiaiii
665 5787 796 5833 xxv,
842 5774 944 5852 ξι,
1016 5778 1254 5847 κρίνεται
1324 5783 1483 5842 αὐτὸς
1541 5764 1899 5852 πρὸςβπᾱίσαν

332 5837 524 5903 σάρκα.
554 5838 688 5894 llinc
719 5837 987 5901 concludit
1011 5837 1094 5902 hic
1137 5850 1364 5906 fortasse
1399 5837 1594 5908 melius“
1645 5839 1742 5924 lit-gi
1778 5857 1896 5925 xpf~

1449 4838 1487 4869 ⁶¹
1521 4837 1663 4894 Psal.
1704 4858 1886 4908 LXXXI,
1918 4846 1966 4898 l.

2017 4631 2341 4702 aequalibus,
2376 4631 2466 4701 qui
2497 4647 2676 4686 rerum
2702 4634 2964 4686 bonarum
2996 4635 3175 4688 studio
3214 4637 3588 4704 excelluerint,

2018 4726 2116 4778 hos
2153 4723 2286 4777 dicit
2316 4723 2385 4778 ob
2430 4737 2492 4777 ea
2538 4738 2656 4791 qua:
2682 4719 2981 4778 omiserunt
3019 4741 3231 4795 poenam
3285 4727 3589 4797 graviorem

2076 4843 2119 4873 θ’
2143 4839 2283 4892 Psal.
2332 4853 2457 4901 xxv,
2494 4838 2544 4903 Ι,
2575 4838 2629 4892 2.
2738 4839 2781 4869 ⁸³
2814 4838 2829 4891 Ι
2858 4839 2980 4895 Cor.
3025 4857 3100 4906 χι,
3131 4842 3217 4896 3i.
3285 4849 3300 4871 '
3326 4843 3370 4873 δδ
3398 4841 3585 4898 Matth.

2015 5020 2222 5073 νεσθαι.
2264 5021 2370 5074 Sed
2419 5022 2604 5090 religio
2649 5024 2802 5079 nobis
2845 5025 2946 5079 fuit
2991 5035 3191 5080 textum
3248 5036 3586 5084 commutare

2015 5102 2208 5168 cotitra
2227 5090 2382 5168 ﬁdem
2402 5093 2641 5168 omnium
2659 5109 2789 5168 mss.
2811 5097 2899 5164 qui
2919 5105 3231 5168 constanter
3246 5097 3447 5168 habent
3465 5115 3584 5168 κρι-

2013 5159 2294 5235 θήσεσθαι.
2327 5161 2597 5235 Fortassis
2629 5179 2734 5216 non
2775 5159 2954 5232 inepte
2982 5166 3204 5221 verbum
3224 5167 3431 5235 κρίνειν
3455 5159 3582 5235 pos-

2014 5233 2082 5284 sit
2114 5235 2212 5284 hoc
2235 5233 2390 5304 Aloco_
2418 5234 2560 5285 sumi
2587 5248 2685 5302 pro
2716 5249 2780 5288 eo
2822 5238 2963 5304 quod
2992 5247 3095 5299 est,
3124 5233 3580 5304 comparare—hac

2013 5302 2278 5354 sententia
2311 5322 2323 5355 :
2359 5302 2565 5373 Dictum
2592 5313 2664 5356 est
2685 5302 2870 5358 iterum
2908 5307 3020 5373 fore
3064 5316 3119 5358 ut
3156 5302 3406 5359 Dominus
3438 5323 3577 5361 eom-

2011 5384 2225 5437 paretur
2251 5373 2306 5423 in
2351 5372 2556 5440 judicio
2591 5390 2708 5427 cum
2739 5377 2881 5428 omni
2909 5372 3084 5430 carne.
3129 5375 3196 5428 Et
3226 5391 3354 5430 vero
3404 5376 3579 5431 Domi-

2013 5457 2114 5494 nus
2145 5442 2194 5492 in
2222 5442 2423 5512 judicio
2451 5459 2508 5496 se
2533 5443 2647 5509 ipse
2677 5445 3073 5511 quodaminodo
3095 5449 3425 5512 comparabit
3452 5464 3572 5502 cum

2013 5513 2296 5585 creaturis.
2325 5511 2437 5566 Hoc
2461 5524 2544 5585 est
2574 5529 2586 5563 :
2631 5527 2894 5582 pricccpta
2945 5533 3037 5569 sua
3068 5511 3402 5585 comparabit
3449 5534 3572 5572 eum

2012 5579 2076 5633 iis
2097 5597 2217 5656 qua:
2246 5583 2302 5656 in
2331 5598 2425 5634 sua
2452 5579 2682 5650 quisque
2699 5579 2820 5656 fita—
2842 5587 3091 5656 gesserit.

2081 5651 2192 5717 (6'5)
2241 5651 2328 5704 Sic
2367 5661 2473 5726 tres
2523 5667 2653 5726 mss.
2698 5651 2864 5708 Editi'
2888 5672 3016 5707 vero
3065 5655 3365 5726 πρόσοιντο.
3416 5657 3567 5713 Coll).

2009 5731 2232 5784 quartus
2253 5721 2542 5795 προῶνται.
2571 5724 2700 5792 licg.
2742 5737 2964 5790 quartus
3005 5721 3270 5795 πρόοιντο.
3320 5727 3429 5780 Vox
3470 5731 3569 5781 αύ-

2008 5792 2118 5851 τοῖς
2141 5792 2288 5869 deest
2316 5795 2365 5843 in
2401 5793 2578 5857 editis,
2621 5797 2712 5846 sed
2748 5799 3010 5862 reperitur
3043 5792 3114 5869 in_
3140 5798 3412 5869 IIISS.~MOX
3451 5815 3568 5853 ven

2009 5861 2069 5911 ba
2105 5859 2213 5928 illa,
2248 5862 2301 5914 ἐν
2337 5866 2400 5932 τῇ
2441 5859 2951 5932 κρίσει,;ιι1]θςῖιηυδ
2980 5882 3054 5924 cx_
3077 5867 3224 5923 Coll).
3254 5859 3464 5939 (inurit).
