4048 6220
414 257 523 317 9.59

1734 254 1793 311 S.
1835 253 2081 309 BASILII
2113 254 2329 311 MAGNI

3559 251 3672 307 240

417 389 537 433 esse
567 373 813 431 daturos.
842 371 1095 429 Arbitror
1127 378 1308 428 autem
1333 386 1547 438 omnes,
1580 382 1846 444 quotquot
1876 374 1980 429 hoc

2092 374 2358 445 τάκρισιν.
2381 373 2547 443 Οιμαι
2575 372 2652 437 δὲ,
2693 372 2775 425 ὅτι
2810 371 2909 442 οὺχ
2932 370 3131 443 ὁμοίως
3164 369 3512 442 κριθήσονται
3534 372 3677 425 πάν-

418 471 681 524 terrestre
730 476 924 532 corpus
972 476 1248 531 recepere,
1293 463 1409 533 pari
1456 463 1612 519 modo
1634 465 1673 534 fa
1710 466 1856 536 justo
1893 465 1983 520 ilio

410 555 595 624 judice
637 568 741 609 non
787 567 907 609 esse
943 551 1291 622 iudicandos,
1333 554 1476 624 quod
1513 569 1632 623 quae
1681 553 1982 610 forinsecus

417 644 710 711 unicuique
753 653 998 697 nosuum
1036 643 1309 708 accidunt,
1337 652 1517 712 utpote
1560 643 1717 710 longe
1743 644 1884 697 inter
1927 658 1985 697 se

413 735 663 798 diversa,
702 732 1127 803 uniuscujusque
1167 733 1433 805 judicium
1479 736 1688 789 variant
1725 733 1981 790 elﬁciant.

413 827 549 882 Nam
578 840 765 882 earum
810 840 990 883 rerum
1035 839 1354 891 concursus,
1397 841 1517 896 qua:
1559 826 1611 880 in
1658 836 1839 881 nostra
1879 841 1983 881 non

414 927 540 973 sunt
571 925 860 986 potestate,
909 916 1001 972 sed
1036 932 1137 973 nos
1167 918 1506 974 circumdant
1533 917 1615 973 vel
1652 919 1867 984 invitos,
1894 927 1988 972 aut

415 1019 672 1079 aggravat
716 1016 935 1079 peccata
974 1019 1180 1073 nostra,
1225 1020 1317 1065 aut
1348 1008 1509 1065 elﬁcit
1546 1010 1769 1065 leviora.
1812 1009 1989 1065 Ponas

412 1100 557 1155 enim
604 1100 671 1155 de
710 1109 898 1171 stupro
937 1100 1067 1157 ferri
1096 1100 1378 1169 judicium.
1404 1101 1510 1157 Sed
1541 1103 1632 1171 qui
1682 1102 1732 1156 id
1773 1101 1991 1156 admisit

420 1191 651 1261 peccati,
688 1192 870 1262 pravis
911 1202 1028 1247 erat
1079 1193 1146 1246 ab
1181 1193 1335 1247 initio
1373 1193 1657 1247 institutus
1702 1193 1941 1248 moribus
1972 1211 1986 1247 :

418 1281 687 1352 siquidem
716 1297 783 1337 ex
810 1278 1099 1353 impudicis
1146 1282 1464 1352 parentibus
1515 1291 1676 1337 natus
1706 1280 1906 1346 fuerat,
1938 1294 1989 1336 et

416 1372 472 1427 in
486 1371 810 1443 ﬂagitiorum
830 1374 1217 1430 consuetudine
1235 1375 1521 1441 educatus,
1541 1375 1593 1427 in
1617 1372 1990 1437 ebrietatibus,

416 1464 470 1518 in
488 1466 990 1533 comessationibus,
1025 1467 1076 1520 in
1103 1465 1354 1521 obscenis
1380 1467 1741 1521 sermonibus.
1767 1464 1989 1530 Contra,

418 1554 618 1625 aliquis
657 1557 796 1611 alius
840 1571 1000 1626 quem
1037 1557 1268 1627 plurima
1322 1557 1386 1612 ad
1418 1558 1618 1626 optima
1651 1572 1879 1626 quaeque
1906 1570 1992 1610 se-

415 1648 610 1701 ctanda
658 1648 991 1714 invitabant,
1042 1649 1325 1715 educatio,
1380 1649 1646 1719 magistri,
1693 1648 1991 1704 diviniores

2082 479 2175 526 τες
2203 463 2253 515 οἱ
2286 464 2346 516 τὸ
2373 464 2559 533 γήϊνον
2597 462 2755 516 τοῦτο
2782 461 2942 534 σῶμα
2989 462 3345 525 ἀναλαϐόντες
3378 461 3527 530 παρά
3571 462 3671 515 τοῦ

2082 554 2291 607 δικαίου
2321 553 2532 626 κριτοῦ,
2562 554 2694 608 διότι
2720 555 2789 608 τὰ
2822 553 3020 619 ἔξωθεν
3047 552 3422 623 συμπίπτοντα
3455 552 3674 624 ἑκάστῳ

2083 645 2239 717 ἡμῶν
2271 647 2423 718 παρά
2452 646 2584 699 πολὺ
2611 647 2936 717 διαφέροντα
2964 645 3375 717 παραλλαγῆναι
3405 645 3675 714 ποιεῖτὴν

2085 738 2315 791 ἑκάστου
2338 737 2518 809 κρίσιν
2540 737 2671 809 (66).
2718 739 2788 790 Ἢ
2822 737 2929 809 γὰρ
2971 736 3191 808 βαρύνει
3224 737 3354 806 ἡμῖν
3386 735 3454 787 τά
3488 735 3675 805 ἀμαρ-

2085 829 2382 901 τὴματα,ἢ
2421 830 2515 884 xui
2565 828 2813 898 κουφίζει
2844 832 2903 900 ,ἡ
2956 829 3064 881 τῶν
3113 829 3213 881 οὐκ
3248 827 3330 894 ἐφ’
3354 828 3503 897 ἡμῖν,
3549 825 3673 880 ἀλλ’

2086 921 2356 985 ἀκουσίως
2380 921 2819 993 περιϊσταμένων
2845 922 2990 992 ἡμᾶς
3013 919 3303 990 συνδρομή.
3333 917 3674 971 ’Υποκείσθω

2087 1013 2196 1084 γὰρ
2224 1014 2478 1084 πορνείαν
2535 1008 2675 1065 εἶναι
2720 1012 2781 1064 τὺ
2835 1012 3175 1083 κρινόμενον.
3226 1009 3382 1063 Ἀλλά
3414 1009 3614 1080 ταύτην
3642 1012 3675 1062 6

2093 1106 2192 1176 μέν
2235 1123 2318 1169 τις
2368 1106 2607 1176 ἥμαρτε,
2665 1106 2924 1175 πονηροῖς
2957 1103 3113 1175 nam
3138 1102 3197 1154 τὸ
3224 1100 3283 1166 ἐξ
3325 1100 3496 1173 ἀρχῆς
3523 1102 3675 1153 ἐντε-

2090 1196 2421 1267 θραμμένος-
2464 1198 2558 1251 xui
2586 1196 2695 1268 γάρ
2715 1197 2808 1249 xui
2848 1196 2951 1248 ὑπὸ
2977 1195 3179 1264 γονέων
3204 1194 3446 1263 ἀσελγῶν
3471 1194 3548 1255 εἰς
3574 1192 3673 1245 τὸν

2093 1284 2206 1356 βίον
2238 1286 2517 1357 παρήχθη,
2555 1286 2649 1338 xui
2685 1284 3062 1355 συνανετράφη
3101 1286 3168 1354 τῇ
3210 1284 3338 1353 περὶ
3373 1282 3441 1335 τά
3489 1280 3674 1349 φαῦλα

2093 1377 2367 1449 συνηθείᾳ,
2406 1379 2594 1448 μέθαις
2637 1378 2731 1431 καὶ
2756 1376 2964 1446 κώμοις
3011 1376 3106 1428 xui
3141 1377 3383 1446 αἰσχροῖς
3409 1372 3675 1441 διηγήμαο

2094 1486 2196 1523 σιν.
2242 1469 2434 1533 Ἄλλος
2484 1469 2542 1522 δέ
2575 1485 2679 1531 τις,
2735 1466 2905 1521 πολλά
2957 1466 3096 1537 ἔχων
3148 1464 3214 1519 τὰ
3256 1464 3675 1535 προκαλούμενα

2093 1559 2256 1612 αὐτὸν
2316 1557 2408 1611 ἐπὶ
2469 1557 2537 1611 τὰ
2584 1556 2865 1620 κάλλιστα,
2917 1553 3248 1626 ἀνατροφὴν,
3300 1552 3671 1616 διδασκάλους,

2096 1649 2358 1722 ἀκρόασιν
2381 1648 2550 1718 λόγων
2577 1649 2687 1719 (67)
2727 1647 3032 1718 θειοτέρων.
3075 1643 3471 1715 ἀναγνώσματα
3502 1644 3676 1713 σωτή-

415 1749 693 1797 sermones
734 1736 801 1792 ab
840 1738 1130 1811 eo‘auditi,
1171 1738 1429 1794 lectiones
1460 1737 1746 1804 salutares,
1788 1739 1989 1794 monita

2098 1761 2209 1815 ρια,
2240 1742 2557 1812 νουθέτησιν
2604 1741 2820 1810 γονέων,
2865 1741 3177 1811 διηγήματα
3204 1740 3339 1811 πρὸς
3374 1738 3678 1809 σεμνότητα

414 1837 716 1897 parentum,
749 1828 1016 1900 colloquia
1056 1833 1122 1886 ad
1152 1833 1473 1903 gravitatem
1505 1842 1559 1887 et
1586 1832 1653 1887 ad
1678 1832 1989 1902 pudicitiam

415 1917 786 1985 iul‘ormantia,
823 1926 999 1978 victus
1044 1925 1357 1980 moderatus
1394 1942 1407 1977 :
1454 1924 1500 1977 is
1545 1923 1590 1978 si
1632 1923 1886 1991 deinceps
1928 1922 1982 1977 in

414 2011 591 2068 simile
632 2024 916 2084 peccatum
945 2024 1108 2085 atque
1159 2014 1298 2070 alius
1348 2015 1603 2086 delapsus
1653 2023 1757 2080 est,
1813 2029 1992 2069 noilne

414 2104 538 2161 vitae
568 2116 801 2177 peracta:
836 2107 1100 2162 rationem
1134 2106 1463 2171 redditurus,
1496 2120 1686 2176 poenas
1714 2104 1993 2177 graviores

414 2212 578 2268 quam
604 2199 741 2255 alter
762 2198 883 2270 jure
915 2199 1120 2269 optimo
1147 2198 1331 2254 dabit?
1363 2196 1456 2254 llle
1485 2198 1629 2253 enim
1660 2200 1727 2254 ob
1751 2199 1803 2251 id
1820 2197 1991 2253 solum

414 2291 780 2357 accusabitur,
807 2292 948 2360 quod
1007 2291 1336 2346 salutaribus
1393 2290 1647 2346 subsidiis
1696 2290 1879 2345 animo
1910 2290 1994 2343 in-

414 2383 617 2451 spersis
652 2387 798 2438 recte
848 2396 982 2440 usus
1018 2396 1122 2437 non
1159 2384 1232 2438 sit
1265 2401 1280 2436 :
1326 2383 1415 2438 hic
1446 2398 1574 2438 vero
1602 2394 1887 2452 praeterea,
1924 2381 1993 2437 ob

415 2473 470 2531 id
494 2474 680 2541 etiam,
714 2474 856 2544 quod
887 2476 1054 2532 multa
1084 2474 1150 2529 ad
1180 2474 1408 2531 salutem
1438 2475 1747 2546 adjumenta
1776 2484 1989 2538 nactus,

415 2574 634 2636 propter
685 2566 1157 2635 intemperantiam
1223 2577 1279 2621 et
1343 2566 1602 2636 temporis
1680 2567 1991 2621 brevissimi

417 2656 683 2718 incuriam
709 2672 769 2711 se
796 2657 911 2726 ipse
949 2657 1268 2726 prodiderit.
1295 2656 1558 2713 Similiter
1589 2669 1770 2711 autem
1806 2668 1860 2711 et
1894 2658 1988 2726 qui

412 2750 486 2803 ab
546 2748 698 2803 initio
771 2749 823 2802 in
879 2749 1081 2818 pietate
1145 2748 1249 2803 fuit
1314 2744 1613 2815 institutus,
1669 2763 1992 2819 omnemque

416 2839 468 2892 in
534 2838 629 2894 Dei
694 2840 962 2908 dogmatis
1039 2841 1232 2895 vitavit
1275 2841 1730 2909 perversitatem,
1800 2851 1853 2895 et
1898 2842 1992 2910 qui

413 2929 797 2987 enutritus-est
827 2931 878 2985 in
916 2929 1006 2985 Dei
1034 2929 1168 2999 lege,
1202 2944 1504 3000 quteomne
1547 2938 1767 2986 accusat
1795 2945 1988 2999 pecca-

2095 1837 2189 1890 xui
2226 1835 2578 1906 σωφροσύνην
2605 1834 2897 1897 τυποῦντα,
2956 1833 3163 1886 δίαιταν
3210 1829 3671 1900 κατεσταλμένην,

2094 1924 2210 1981 εἶτα
2246 1925 2562 1997 ὑπενεχθεὶς
2594 1928 2674 1989 είς
2702 1925 2800 1997 τὴν
2833 1925 3024 1996 ὁμοίαν
3057 1922 3331 1994 ἁμαρτίαν
3368 1920 3446 1992 τῷ
3480 1919 3675 1991 ἑτέρῳ,

2094 2020 2188 2072 xui
2215 2018 2390 2082 διδοὺς
2421 2018 2578 2086 λόγον
2603 2017 2711 2069 τῶν
2748 2017 3114 2087 βεϐιωμένων,
3154 2015 3272 2078 πῶς
3302 2015 3425 2084 ούχὶ
3446 2010 3677 2085 βαρυτέ-

2098 2127 2195 2180 ρας
2224 2108 2377 2182 παρά
2422 2110 2512 2163 τὸν
2564 2109 2753 2180 ἕτερον
2784 2111 2813 2162 ὁ
2863 2107 3104 2172 τοιοῦτος
3151 2108 3372 2170 δικαίως
3409 2105 3678 2176 τιμωρίας

2094 2202 2489 2275 ἀξιωθήσεται;
2537 2203 2595 2256 '0
2641 2203 2738 2273 μὲν
2788 2202 2897 2272 γὰρ
2925 2200 3324 2271 ὲγκληθήσεται
3357 2200 3449 2252 ἐπὶ
3486 2199 3676 2268 μόναις

2092 2301 2209 2361 ταῖς
2242 2296 2792 2367 ἐγκατεσπαρμέναις
2830 2295 2969 2349 κατὰ
2996 2295 3094 2359 τὰς
3129 2294 3336 2357 ἐννοίας
3389 2288 3679 2364 σωτηρίοις

2092 2389 2387 2458 ἀφορμαῖς,
2419 2387 2495 2450 ὡς
2513 2387 2574 2439 οὐ
2600 2387 2944 2459 χρησάμενος
2969 2387 3154 2448 αὐταῖς
3188 2384 3375 2454 ὑγιῶς
3401 2383 3429 2435 6
3452 2383 3507 2436 δὲ
3539 2380 3676 2452 πρὸς

2092 2479 2266 2550 τούτῳ
2302 2481 2395 2532 xui
2443 2480 2519 2543 ὼς
2551 2478 2752 2547 πολλῆς
2778 2478 2953 2549 τυχὼν
2988 2479 3068 2541 εἰς
3115 2477 3175 2530 τὸ
3220 2475 3455 2544 σωθῆναι
3491 2489 3679 2542 συνερ-

2092 2569 2268 2639 γείας,
2307 2570 2403 2624 xui
2430 2571 2496 2623 δι’
2525 2569 2793 2641 ἀκρασίαν
2826 2571 2920 2623 xui
2936 2568 3032 2640 τὴν
3064 2570 3119 2622 ὲν
3154 2566 3474 2638 βραχυτάτῳ
3500 2561 3678 2634 καιρῷ

2092 2662 2421 2735 ἀπροσεξίαν
2449 2660 2800 2734 προδεδωκὼς
2829 2660 3040 2714 ἑαυτόν,
3073 2659 3302 2730 Ὁμοίως
3327 2658 3384 2710 δὲ
3421 2657 3514 2710 xui
3539 2658 3568 2709 6
3597 2658 3679 2708 ὲν-

2090 2756 2421 2827 τρεφόμενος
2437 2753 2675 2826 ἀρχῆθεν
2707 2757 2774 2824 τῇ
2796 2753 3066 2823 εὐσεϐείᾳ,
3099 2752 3193 2805 xui
3223 2752 3402 2804 πᾶσαν
3430 2749 3677 2818 διαστροο

2092 2845 2198 2915 φὴν
2231 2843 2486 2914 ἐκφυγὼν
2513 2845 2571 2896 ὲν
2605 2844 2720 2905 τοῖς
2759 2842 2888 2912 περὶ
2934 2841 3069 2894 Θεοῦ
3105 2841 3384 2911 δόγμασιν,
3422 2837 3677 2909 ἐντρεφό-

2097 2953 2258 3007 μενος
2287 2935 2344 2988 δὲ
2369 2935 2464 2988 xui
2486 2935 2636 3004 νόμῳ
2664 2933 2796 2987 Θεοῦ
2830 2932 3165 2987 διαϐάλλοντι
3197 2934 3373 2983 πᾶσαν
3402 2928 3678 3000 ἁμαρτίαν

417 3035 552 3089 tum,
597 3029 652 3077 et
710 3022 777 3076 ad
836 3023 1105 3078 contraria
1157 3032 1460 3092 provocat,
1507 3021 1554 3078 is
1607 3039 1711 3078 non
1757 3024 1987 3079 similem

2094 3028 2189 3082 xui
2214 3026 2642 3099 προκαλουμένῳ
2670 3028 2762 3079 ἐπὶ
2810 3025 2877 3079 τὰ
2909 3024 3146 3087 ἐναντία,
3196 3025 3294 3094 οὐχ
3331 3023 3521 3093 ὁμοίαν
3562 3021 3675 3085 ἕξει

418 3114 637 3169 habebit
672 3114 992 3171 idololatriae
1029 3117 1456 3179 excusationem,
1485 3125 1649 3186 atque
1696 3116 1806 3183 ille,
1835 3119 1923 3185 qui
1957 3135 1987 3173 a

416 3205 730 3272 parentibus
781 3204 1065 3275 exlegibus
1096 3206 1358 3261 educatus
1412 3213 1518 3272 est,
1553 3217 1609 3260 et
1657 3222 1685 3260 a
1739 3209 1990 3277 gentibus

417 3295 776 3351 idololatriam
841 3298 911 3351 ab
979 3297 1205 3353 exordio
1266 3296 1370 3352 fuit
1434 3298 1681 3354 edoctus.
1737 3299 1990 3354 Dominus

410 3388 674 3458 judicabit
711 3391 952 3460 popu'os.
994 3389 1167 3445 Aliter
1206 3389 1473 3455 Judaeum,
1518 3393 1677 3447 aliter
1706 3391 1987 3465 Scytltatn.

418 3480 508 3535 llie
539 3484 683 3536 enim
706 3483 762 3537 in
798 3483 913 3553 lege
947 3485 1245 3554 acquiescit
1281 3492 1336 3539 et
1375 3486 1426 3538 in
1456 3485 1564 3541 Deo
1601 3487 1889 3557 gloriatur,
1928 3502 1992 3541 ac

415 3573 610 3644 probat
633 3573 879 3630 meliora.
898 3573 1034 3630 Cum
1059 3576 1202 3631 enim
1234 3591 1301 3631 ex
1328 3576 1449 3646 lege
1479 3578 1550 3633 sit
1579 3578 1901 3643 instructus,
1930 3595 1993 3632 ac

427 3679 629 3739 praeter
658 3686 972 3728 communes
1026 3673 1271 3728 notiones
1319 3675 1636 3744 prophetica
1685 3685 1742 3730 et
1798 3675 1991 3745 legalia

421 3763 621 3833 scripta
680 3765 729 3819 ei
771 3779 987 3835 semper
1030 3776 1356 3832 cantentur,
1417 3768 1717 3838 eademque
1769 3770 1837 3823 ab
1874 3769 1993 3838 ipso

425 3853 762 3921 ediscantur,
790 3858 835 3911 si
866 3858 1139 3929 quidpiam
1179 3871 1375 3928 prtetcr
1400 3859 1487 3929 jus
1532 3860 1817 3917 admisisse
1845 3862 1993 3915 inve-

417 3948 620 4014 niatur,
684 3948 943 4018 imputata
991 3949 1095 4005 sibi
1150 3962 1371 4020 peccata
1428 3953 1774 4009 habebuntur
1838 3955 1993 4024 longe

416 4035 687 4106 graviora.
721 4038 794 4090 At
828 4035 1043 4107 Scythae
1070 4037 1339 4094 Nomades
1381 4041 1683 4110 agrestibus
1732 4051 1788 4096 et
1844 4043 1993 4097 inltu-

419 4126 596 4180 ntanis
625 4127 836 4183 educati
863 4128 1123 4195 moribus,
1145 4132 1347 4201 rapinis
1362 4142 1415 4188 et
1436 4134 1781 4189 contumeliis
1796 4136 1994 4191 mutuis

417 4215 642 4281 assueti,
687 4215 783 4272 ira:
814 4218 1270 4288 impotentissimi,
1309 4232 1362 4277 et
1396 4223 1449 4277 in
1494 4239 1553 4279 se
1578 4224 1811 4279 invicem
1844 4225 1994 4280 facil-

418 4306 545 4361 lime
574 4307 852 4363 iracundia
883 4309 1316 4377 eﬂ'ervescentes,
1346 4314 1493 4371 soliti
1525 4329 1739 4371 omnem
1770 4326 1993 4372 conten-

2093 3120 2534 3191 είδωλολατρείας
2568 3117 2863 3185 ἀπολογίαν
2904 3116 2981 3187 τῷ
3020 3116 3126 3170 ἀπὸ
3164 3116 3414 3185 πατέρων
3459 3113 3673 3183 ἀνόμων

2093 3210 2584 3280 ἀνατεθραμμένῳ,
2619 3207 2715 3260 xui
2749 3206 2918 3259 ἐθνῶν
2967 3204 3206 3278 ἀρχῆθεν
3246 3203 3356 3273 (68)
3392 3200 3675 3256 εἰδωλολα-

2092 3304 2241 3375 τρεῖν
2265 3301 2683 3371 δεδιδαγμένων.
2733 3300 2949 3367 Κύριος
2994 3296 3189 3366 κρινεῖ
3218 3296 3425 3362 λαούς.
3466 3293 3673 3356 Ἀλλως

2092 3393 2184 3447 τὸν
2247 3380 2517 3455 Ἰουδαῖον,
2552 3391 2646 3445 καὶ
2698 3389 2872 3453 ἄλλως
2906 3387 2997 3441 τὸν
3044 3386 3276 3458 Σκύθην.
3317 3387 3373 3439 Ὀ
3411 3385 3506 3455 μὲν
3563 3383 3674 3453 γὰρ

2094 3481 2503 3537 ὲπαναπαύεται
2530 3483 2701 3553 νόμῳ,
2725 3481 2820 3534 xui
2853 3479 3122 3550 καυχᾶται
3155 3479 3211 3530 ἐν
3233 3476 3373 3547 Θεῷ,
3411 3475 3503 3529 xui
3530 3474 3674 3526 δοκι-

2098 3572 2258 3646 μάζει
2288 3575 2354 3628 τὰ
2388 3574 2731 3644 διαφέροντα.
2781 3571 3202 3642 Κατηχούμενος
3235 3571 3309 3623 ὢν
3346 3571 3410 3623 ἐκ
3445 3567 3537 3621 τοῦ
3581 3566 3667 3619 νό-

2098 3682 2222 3735 μου,
2255 3664 2349 3717 xui
2380 3664 2516 3735 πρὸς
2539 3666 2656 3726 ταῖς
2691 3664 2895 3724 κοιναῖς
2923 3661 3010 3713 ἀεὶ
3038 3660 3267 3721 ἐννοίαις
3301 3655 3670 3726 κατε-καδόμε-

2094 3774 2203 3822 νος,
2255 3758 2350 3811 xui
2394 3755 2783 3826 παιδευόμενος
2832 3755 2900 3808 τὰ
2964 3751 3275 3824 προφητικά
3330 3749 3423 3802 xui
3476 3745 3673 3816 νομικὶι

2093 3851 2418 3923 γράμματα,
2450 3851 2545 3904 saw
2594 3849 2790 3922 εὑρεθῇ
2820 3849 3054 3912 πταίσας
3109 3844 3463 3917 παρανόμως,
3493 3838 3674 3910 πολλῷ

2097 3940 2373 4013 βαρύτερα
2402 3938 2511 4005 ἕξει
2539 3938 2896 4010 λελογισμένα
2940 3939 3009 3991 τὰ
3046 3939 3432 4008 ἁμαρτήματα.
3471 3929 3675 3985 Σκύθαι

2094 4033 2149 4085 δὲ
2183 4031 2452 4101 Νομάδες,
2486 4030 2784 4100 ἀνημέροις
2809 4029 2903 4082 xui
2931 4015 3316 4097 ἀπανθρώπως
3347 4020 3676 4093 συντραφέν-

2093 4140 2183 4188 τες
2214 4122 2423 4194 ἤθεσιν,
2471 4124 2753 4195 ἁρπαγαῖς
2800 4122 2893 4175 xui
2924 4122 3065 4191 βίαις
3118 4121 3236 4182 ταῖς
3282 4118 3402 4170 κατ’
3433 4113 3673 4183 ἀλλήλων

2094 4214 2454 4287 ὲνειθισμένοι
2485 4214 2622 4283 (69),
2671 4212 2926 4285 ἀκρατῶς
2973 4212 3070 4283 μὲν
3102 4211 3317 4281 ἔχοντες
3352 4205 3545 4277 θυμοῦ,
3577 4206 3672 4256 καὶ.

2093 4304 2329 4367 εὐκόλως
2347 4305 2427 4367 εἰς
2452 4305 2578 4367 τοὺς
2604 4306 2723 4356 κατ’
2755 4302 2998 4373 ἀλλήλων
3022 4301 3401 4372 παροξυσμοὺς
3431 4292 3672 4367 ἐρεθιξάο

419 4397 624 4454 tionem
652 4399 798 4458 ferro
830 4404 1107 4471 dirimere,
1159 4407 1529 4478 sanguineque
1585 4407 1771 4477 praelia
1832 4407 1989 4464 ﬁnire

2097 4412 2271 4465 μενοι,
2311 4395 2492 4449 πᾶσαν
2538 4394 2595 4448 δὲ
2624 4394 2956 4464 φιλονεικίαν
3006 4393 3213 4464 σιδήρῳ
3254 4390 3461 4462 κρίνειν
3502 4403 3671 4439 συνει-

415 4490 614 4559 edocti,
665 4496 709 4550 si
765 4511 928 4566 quam
979 4497 1366 4553 humanitatem
1418 4509 1512 4554 aut
1555 4500 1852 4555 bonitatem
1887 4500 1988 4554 sibi

2097 4484 2359 4555 θισμένοι,
2390 4485 2486 4538 καὶ
2527 4485 2721 4555 αἵματι
2766 4484 2867 4547 τὰς
2902 4483 3076 4555 μάχας
3112 4484 3256 4536 λύειν
3286 4481 3671 4551 δεδιδαγμένοι,

423 4583 659 4640 invicem
712 4588 1088 4656 ostenderint,
1143 4604 1238 4660 per
1281 4592 1541 4661 prmclara
1591 4606 1689 4646 sua
1742 4591 1988 4648 facinora

413 4677 706 4735 vindictam
763 4682 1094 4737 acerbiorem
1149 4683 1304 4739 nobis
1341 4672 1573 4754 'parant.
1623 4682 1822 4739 Judica
1874 4701 1987 4752 me,

418 4767 657 4837 Domine,
713 4772 999 4827 secundum
1063 4773 1333 4845 justitiam
1381 4792 1572 4840 meam,
1627 4788 1674 4829 et
1703 4776 1987 4830 secundum

414 4862 770 4916 innocentiam
836 4881 1006 4919 meam
1069 4881 1225 4935 super
1275 4882 1377 4921 me.
1410 4865 1536 4921 Haec
1575 4871 1740 4920 verba
1771 4866 1986 4934 superbi

414 4950 639 5021 aliquid,
670 4962 721 5008 et
745 4957 886 5023 quod
912 4957 1207 5025 precationi
1247 4956 1504 5012 Pharisaei
1528 4972 1647 5011 sese
1677 4957 1989 5013 extollentis

415 5042 652 5097 assimile
689 5044 782 5111 sit,
814 5045 1135 5102 videbuntur
1186 5048 1387 5103 habere
1421 5067 1434 5105 :
1470 5034 1704 5102 attamen
1761 5048 1990 5103 candide

417 5134 951 5205 intuenti,Pr0plteta
966 5139 1033 5192 ab
1064 5138 1166 5193 hoc
1188 5141 1367 5193 animo
1396 5141 1579 5207 procul
1612 5139 1769 5210 103
1799 5141 1989 5194 abesse

412 5224 763 5294 iudicabitur.
811 5229 1008 5283 Iudico
1044 5244 1146 5296 me,
1185 5229 1424 5296 Domine,
1466 5232 1659 5300 inquit,
1701 5232 1985 5285 secundum

488 5387 598 5464 (66)
626 5387 759 5457 Reg.
790 5388 980 5464 tertius
1007 5389 1169 5464 habet
1190 5390 1415 5464 γνώμην
1438 5405 1535 5458 pro
1552 5392 1752 5464 κρίσιν.
1783 5393 1984 5448 Ibidem

416 5457 471 5510 in
493 5457 680 5529 eodem
710 5460 897 5512 codice
927 5459 1119 5528 legitur
1144 5457 1416 5529 ἡμῶντά.
1440 5457 1451 5458 ί
1593 5457 1605 5464 ’
1777 5483 1781 5488 ·

488 5528 600 5593 (67)
628 5527 757 5597 Reg.
781 5527 997 5600 tertius
1027 5527 1292 5600 ἀκρόασιν
1329 5530 1545 5598 λογίων.
1588 5530 1779 5586 Statim
1812 5533 1980 5588 codex

418 5592 557 5665 idem
584 5592 882 5665 σωτηρίας.

492 5663 602 5733 (68)
631 5663 1030 5735 Col’b..quartus
1066 5668 1235 5723 ἐθνῶν
1271 5668 1329 5734 ἐξ
1361 5669 1555 5741 ἀρχῆς.
1589 5671 1788 5728 ibidem
1817 5671 1979 5728 editio

2096 4577 2191 4631 ὲάν
2220 4596 2273 4631 τι
2303 4575 2441 4648 πρὸς
2468 4577 2733 4647 ἀλλήλους
2759 4574 3141 4647 φιλάνθρωπον
3179 4576 3272 4628 καὶ
3297 4573 3531 4646 χρηστὸν
3562 4573 3669 4625 ἐπι.

2093 4668 2392 4734 δείξωνται,
2417 4672 2548 4741 ἡμῖν
2574 4668 2878 4740 βαρυτέραν
2908 4668 2996 4720 διὰ
3017 4667 3123 4721 τῶν
3149 4667 3292 4720 ἰδίων
3316 4664 3669 4736 κατορθωμά-

2093 4778 2201 4815 των
2227 4762 2327 4832 τὴν
2354 4761 2624 4832 τιμωρίαν
2663 4759 3160 4831 παρασκευάζουσι.
3200 4757 3421 4827 Κρῖνόν
3438 4774 3536 4825 με,
3565 4756 3663 4809 Κύ-

2082 4868 2199 4919 ριε,
2231 4850 2380 4904 κατὰ
2418 4849 2535 4918 τὴν
2574 4850 2973 4915 δικαιοσύνην
3021 4866 3164 4916 μου,
3210 4847 3308 4901 καὶ
3358 4846 3506 4900 κατὰ
3559 4844 3661 4912 τὴτ-

2091 4945 2350 4998 ἁκακίιιν
2375 4961 2496 5012 μου
2528 4944 2621 4997 ἐπ’
2667 4945 2818 5013 ἐμοί.
2853 4942 3002 5008 Δόξει
3043 4960 3096 4995 τι
3121 4946 3148 4995 6
3175 4941 3329 5010 λόγος
3356 4939 3658 5003 ἀλαζονικὸν

2095 5033 2238 5103 ἔχειν
2277 5033 2373 5085 καὶ
2399 5032 2779 5104 παραπλήσιον
2803 5034 2867 5101 τῇ
2899 5033 3029 5100 εύχῇ
3066 5030 3158 5083 τοῦ
3190 5026 3451 5100 uocum;
3483 5026 3651 5081 έαυτὸπ

2092 5124 2406 5196 Φαρισαίου’
2442 5124 2798 5194 εὐγνωμόνως
2837 5121 2893 5175 δὲ
2933 5121 3218 5175 σκοποῦντι
3260 5119 3475 5192 μακρὰν
3502 5117 3630 5186 γενή

2093 5233 2245 5270 σεται
2268 5219 2369 5286 τῆς
2395 5216 2650 5285 τοιαύτης
2699 5214 2990 5277 διαθέσεως
3040 5216 3069 5267 ὁ
3114 5217 3417 5285 προφήτης.
3454 5208 3644 5279 Κρῖνόν

2096 5393 2267 5447 Paris.
2295 5391 2714 5460 δεδιδαγμένων.
2740 5390 2917 5444 Editio
2938 5389 3101 5460 Basil.
3121 5403 3241 5460 cun:
3266 5387 3449 5460 Regiis
3469 5386 3660 5455 primo.

2093 5465 2329 5517 secundo
2395 5472 2449 5514 et
2488 5457 2707 5525 ’ἐπειπιο
2765 5459 3147 5529 δεδιδαγμένῳ.
3214 5457 3451 5529 Subinde
3533 5470 3652 5529 mss.

2090 5550 2279 5585 munus
2316 5520 2723 5600 κατηχούμενος
2768 5528 2862 5583 ὥν.
2903 5520 3040 5580 Editi
3088 5520 3490 5650 κατηχούὲενος
3546 5520 3658 5578 οὖν.

2162 5601 2272 5650 nam
2324 5602 2498 5650 Editiu
2550 5598 3053 5650 l’:ti-is.'h0tauévoa.
3103 5599 3278 5650 Ediuo
3381 5597 3497 5650 asil.
3534 5596 3658 5650 ὲνη·

2162 5601 2272 5671 (69)
2323 5596 2498 5655 Editiu
2550 5596 3053 5671 [ναι-ἰν.ἠθισμένωεΓ
3103 5596 3278 5653 Εὐίιίῡ
3335 5596 3497 5652 Basil.
3534 5596 3659 5668 ὲνη·

2089 5667 2354 5746 θισμένοι.
2384 5671 2451 5728 At
2482 5685 2610 5726 mss.
2643 5680 2748 5725 tres
2775 5667 3157 5738 ἐνειθισμένοι.
