  <div class='ocr_page' id='page_1' title='image "/cluster/home/n/w/nwhite01/storage/ocr_20150623/29/mdp.39015012934371/530.png"; bbox 0 0 4048 6220; ppageno 0'>
   <div class='ocr_carea' id='block_1_1' title="bbox 391 290 490 391">
    <p class='ocr_par' dir='ltr' id='par_1_1' title="bbox 391 290 490 391">
     <span class='ocr_line' id='line_1_1' title="bbox 391 290 490 391; baseline 0.051 -4"><span class='ocrx_word' id='word_1_1' title='bbox 391 290 490 391; x_wconf 58' lang='lat' dir='ltr'><strong>«in</strong></span> 
     </span>
    </p>
   </div>
   <div class='ocr_carea' id='block_1_2' title="bbox 1601 335 2499 396">
    <p class='ocr_par' dir='ltr' id='par_1_2' title="bbox 1601 335 2499 396">
     <span class='ocr_line' id='line_1_2' title="bbox 1601 335 2499 396; baseline 0.008 -8"><span class='ocrx_word' id='word_1_2' title='bbox 1601 335 1886 392; x_wconf 70' lang='lat' dir='ltr'><strong>llOMlLIA</strong></span> <span class='ocrx_word' id='word_1_3' title='bbox 1931 339 1996 392; x_wconf 77' lang='lat' dir='ltr'><strong>IN</strong></span> <span class='ocrx_word' id='word_1_4' title='bbox 2033 341 2360 396; x_wconf 76' lang='lat' dir='ltr'><strong>PSALML‘M</strong></span> <span class='ocrx_word' id='word_1_5' title='bbox 2389 342 2499 396; x_wconf 82' lang='lat' dir='ltr'><strong>Vll.</strong></span> 
     </span>
    </p>
   </div>
   <div class='ocr_carea' id='block_1_3' title="bbox 3536 347 3638 402">
    <p class='ocr_par' dir='ltr' id='par_1_3' title="bbox 3536 347 3638 402">
     <span class='ocr_line' id='line_1_3' title="bbox 3536 347 3638 402; baseline 0.01 -1"><span class='ocrx_word' id='word_1_6' title='bbox 3536 347 3638 402; x_wconf 62' lang='grc'><strong>249</strong></span> 
     </span>
    </p>
   </div>
   <div class='ocr_carea' id='block_1_4' title="bbox 383 445 1950 530">
    <p class='ocr_par' dir='ltr' id='par_1_4' title="bbox 383 445 1950 519">
     <span class='ocr_line' id='line_1_4' title="bbox 383 445 1950 519; baseline 0.003 -19"><span class='ocrx_word' id='word_1_7' title='bbox 383 465 480 517; x_wconf 83' lang='grc' dir='ltr'><strong>με,</strong></span> <span class='ocrx_word' id='word_1_8' title='bbox 503 451 702 514; x_wconf 85' lang='grc' dir='ltr'>Κύριε,</span> <span class='ocrx_word' id='word_1_9' title='bbox 740 447 891 517; x_wconf 66' lang='grc' dir='ltr'>φησι,</span> <span class='ocrx_word' id='word_1_10' title='bbox 931 445 1084 500; x_wconf 80' lang='grc' dir='ltr'>κατὰ</span> <span class='ocrx_word' id='word_1_11' title='bbox 1112 447 1226 514; x_wconf 74' lang='grc' dir='ltr'><strong>τὴν</strong></span> <span class='ocrx_word' id='word_1_12' title='bbox 1273 449 1670 516; x_wconf 74' lang='grc' dir='ltr'>δικαιοσύνην</span> <span class='ocrx_word' id='word_1_13' title='bbox 1699 470 1840 519; x_wconf 82' lang='grc' dir='ltr'>μου.</span> <span class='ocrx_word' id='word_1_14' title='bbox 1867 453 1950 504; x_wconf 73' lang='grc' dir='ltr'>Ποι</span> 
     </span>
    </p>
   </div>
   <div class='ocr_carea' id='block_1_5' title="bbox 2055 445 3636 530">
    <p class='ocr_par' dir='ltr' id='par_1_5' title="bbox 2070 454 3636 530">
     <span class='ocr_line' id='line_1_5' title="bbox 2070 454 3636 530; baseline 0.007 -24"><span class='ocrx_word' id='word_1_15' title='bbox 2070 454 2340 523; x_wconf 78' lang='lat' dir='ltr'><strong>justitiam</strong></span> <span class='ocrx_word' id='word_1_16' title='bbox 2376 472 2562 508; x_wconf 75' lang='lat' dir='ltr'><strong>meum.</strong></span> <span class='ocrx_word' id='word_1_17' title='bbox 2602 456 2872 526; x_wconf 77' lang='lat' dir='ltr'><strong>Mnltiplex</strong></span> <span class='ocrx_word' id='word_1_18' title='bbox 2925 466 3042 526; x_wconf 90' lang='lat' dir='ltr'><strong>est,</strong></span> <span class='ocrx_word' id='word_1_19' title='bbox 3097 459 3290 530; x_wconf 89' lang='lat' dir='ltr'><strong>inquit,</strong></span> <span class='ocrx_word' id='word_1_20' title='bbox 3329 461 3394 516; x_wconf 86' lang='lat' dir='ltr'><strong>de</strong></span> <span class='ocrx_word' id='word_1_21' title='bbox 3427 460 3636 528; x_wconf 85' lang='lat' dir='ltr'><strong>justitia</strong></span> 
     </span>
    </p>
   </div>
   <div class='ocr_carea' id='block_1_6' title="bbox 387 539 1972 611">
    <p class='ocr_par' dir='ltr' id='par_1_6' title="bbox 387 539 1972 611">
     <span class='ocr_line' id='line_1_6' title="bbox 387 539 1972 611; baseline 0.001 -18"><span class='ocrx_word' id='word_1_22' title='bbox 387 539 503 603; x_wconf 80' lang='grc' dir='ltr'>λὺς,</span> <span class='ocrx_word' id='word_1_23' title='bbox 531 541 712 609; x_wconf 72' lang='grc' dir='ltr'>φησὶν,</span> <span class='ocrx_word' id='word_1_24' title='bbox 738 539 884 591; x_wconf 78' lang='grc' dir='ltr'>ἐστὶν</span> <span class='ocrx_word' id='word_1_25' title='bbox 921 540 950 590; x_wconf 90' lang='grc' dir='ltr'>ὁ</span> <span class='ocrx_word' id='word_1_26' title='bbox 988 540 1234 611; x_wconf 73' lang='grc' dir='ltr'>περὶτῆς</span> <span class='ocrx_word' id='word_1_27' title='bbox 1267 541 1612 611; x_wconf 69' lang='grc' dir='ltr'><strong>δικαιοσύνης</strong></span> <span class='ocrx_word' id='word_1_28' title='bbox 1648 541 1823 608; x_wconf 88' lang='grc' dir='ltr'>λόγος,</span> <span class='ocrx_word' id='word_1_29' title='bbox 1878 543 1972 594; x_wconf 81' lang='grc' dir='ltr'><strong>καὶ</strong></span> 
     </span>
    </p>
   </div>
   <div class='ocr_carea' id='block_1_7' title="bbox 384 629 1970 702">
    <p class='ocr_par' dir='ltr' id='par_1_7' title="bbox 384 629 1970 702">
     <span class='ocr_line' id='line_1_7' title="bbox 384 629 1970 702; baseline -0.001 -18"><span class='ocrx_word' id='word_1_30' title='bbox 384 630 683 698; x_wconf 76' lang='grc' dir='ltr'><strong>δυσέφικτα</strong></span> <span class='ocrx_word' id='word_1_31' title='bbox 715 631 812 700; x_wconf 85' lang='grc' dir='ltr'><strong>τῆς</strong></span> <span class='ocrx_word' id='word_1_32' title='bbox 843 629 1052 692; x_wconf 80' lang='grc' dir='ltr'><strong>τελείας</strong></span> <span class='ocrx_word' id='word_1_33' title='bbox 1081 630 1423 702; x_wconf 75' lang='grc' dir='ltr'><strong>δικαιοσύνης</strong></span> <span class='ocrx_word' id='word_1_34' title='bbox 1454 633 1519 683; x_wconf 89' lang='grc' dir='ltr'><strong>τά</strong></span> <span class='ocrx_word' id='word_1_35' title='bbox 1551 631 1780 701; x_wconf 86' lang='grc' dir='ltr'>πέρατα.</span> <span class='ocrx_word' id='word_1_36' title='bbox 1815 633 1970 684; x_wconf 82' lang='grc' dir='ltr'>Ἐστι</span> 
     </span>
    </p>
   </div>
   <div class='ocr_carea' id='block_1_8' title="bbox 385 723 1968 795">
    <p class='ocr_par' dir='ltr' id='par_1_8' title="bbox 385 723 1968 795">
     <span class='ocr_line' id='line_1_8' title="bbox 385 723 1968 795; baseline 0 -19"><span class='ocrx_word' id='word_1_37' title='bbox 385 723 492 794; x_wconf 83' lang='grc' dir='ltr'>γάρ</span> <span class='ocrx_word' id='word_1_38' title='bbox 512 735 555 774; x_wconf 71' lang='grc' dir='ltr'><strong>τε</strong></span> <span class='ocrx_word' id='word_1_39' title='bbox 581 771 591 784; x_wconf 71' lang='lat'><strong>,</strong></span> <span class='ocrx_word' id='word_1_40' title='bbox 613 723 708 775; x_wconf 77' lang='grc' dir='ltr'><strong>καὶ</strong></span> <span class='ocrx_word' id='word_1_41' title='bbox 733 723 980 790; x_wconf 78' lang='grc' dir='ltr'>ἀγγέλων</span> <span class='ocrx_word' id='word_1_42' title='bbox 1009 723 1320 794; x_wconf 77' lang='grc' dir='ltr'><strong>δικαιοσύνη</strong></span> <span class='ocrx_word' id='word_1_43' title='bbox 1339 724 1851 795; x_wconf 77' lang='grc' dir='ltr'>ύπεραναϐεϐηκυῖα</span> <span class='ocrx_word' id='word_1_44' title='bbox 1871 724 1968 794; x_wconf 79' lang='grc' dir='ltr'><strong>τὴν</strong></span> 
     </span>
    </p>
   </div>
   <div class='ocr_carea' id='block_1_9' title="bbox 385 813 1966 888">
    <p class='ocr_par' dir='ltr' id='par_1_9' title="bbox 385 813 1966 888">
     <span class='ocr_line' id='line_1_9' title="bbox 385 813 1966 888; baseline 0.001 -21"><span class='ocrx_word' id='word_1_45' title='bbox 385 815 492 867; x_wconf 84' lang='grc' dir='ltr'><strong>τῶν</strong></span> <span class='ocrx_word' id='word_1_46' title='bbox 525 813 851 885; x_wconf 82' lang='grc' dir='ltr'>ἀνθρώπων,</span> <span class='ocrx_word' id='word_1_47' title='bbox 910 815 1004 868; x_wconf 77' lang='grc' dir='ltr'><strong>καὶ</strong></span> <span class='ocrx_word' id='word_1_48' title='bbox 1047 816 1098 868; x_wconf 85' lang='grc' dir='ltr'><strong>εἴ</strong></span> <span class='ocrx_word' id='word_1_49' title='bbox 1125 833 1204 878; x_wconf 88' lang='grc' dir='ltr'><strong>τις</strong></span> <span class='ocrx_word' id='word_1_50' title='bbox 1236 815 1373 888; x_wconf 82' lang='grc' dir='ltr'>ὑπὲρ</span> <span class='ocrx_word' id='word_1_51' title='bbox 1419 815 1687 883; x_wconf 79' lang='grc' dir='ltr'><strong>ἀγγέλους</strong></span> <span class='ocrx_word' id='word_1_52' title='bbox 1717 816 1966 886; x_wconf 85' lang='grc' dir='ltr'>δύναμις,</span> 
     </span>
    </p>
   </div>
   <div class='ocr_carea' id='block_1_10' title="bbox 383 905 1968 976">
    <p class='ocr_par' dir='ltr' id='par_1_10' title="bbox 383 905 1968 976">
     <span class='ocr_line' id='line_1_10' title="bbox 383 905 1968 976; baseline 0.001 -19"><span class='ocrx_word' id='word_1_53' title='bbox 383 906 754 974; x_wconf 68' lang='grc' dir='ltr'>ἀναλογοῦσαν</span> <span class='ocrx_word' id='word_1_54' title='bbox 783 906 894 976; x_wconf 80' lang='grc' dir='ltr'>ἔχει</span> <span class='ocrx_word' id='word_1_55' title='bbox 915 905 992 976; x_wconf 78' lang='grc' dir='ltr'>τῷ</span> <span class='ocrx_word' id='word_1_56' title='bbox 1018 905 1235 976; x_wconf 78' lang='grc' dir='ltr'>μεγέθει</span> <span class='ocrx_word' id='word_1_57' title='bbox 1264 907 1357 958; x_wconf 74' lang='grc' dir='ltr'><strong>καὶ</strong></span> <span class='ocrx_word' id='word_1_58' title='bbox 1383 905 1480 976; x_wconf 81' lang='grc' dir='ltr'><strong>τὴν</strong></span> <span class='ocrx_word' id='word_1_59' title='bbox 1504 907 1598 975; x_wconf 78' lang='grc' dir='ltr'>τῆς</span> <span class='ocrx_word' id='word_1_60' title='bbox 1621 906 1968 975; x_wconf 78' lang='grc' dir='ltr'>δικαιοσύνης</span> 
     </span>
    </p>
   </div>
   <div class='ocr_carea' id='block_1_11' title="bbox 382 997 1952 1070">
    <p class='ocr_par' dir='ltr' id='par_1_11' title="bbox 382 997 1952 1070">
     <span class='ocr_line' id='line_1_11' title="bbox 382 997 1952 1070; baseline 0.002 -22"><span class='ocrx_word' id='word_1_61' title='bbox 382 997 674 1068; x_wconf 74' lang='grc' dir='ltr'><strong>ὑπεροχήν⁸</strong></span> <span class='ocrx_word' id='word_1_62' title='bbox 707 998 803 1050; x_wconf 72' lang='grc' dir='ltr'><strong>καὶ</strong></span> <span class='ocrx_word' id='word_1_63' title='bbox 827 997 990 1051; x_wconf 79' lang='grc' dir='ltr'>αὑτοῦ</span> <span class='ocrx_word' id='word_1_64' title='bbox 1018 998 1109 1050; x_wconf 90' lang='grc' dir='ltr'><strong>τοῦ</strong></span> <span class='ocrx_word' id='word_1_65' title='bbox 1147 997 1280 1050; x_wconf 86' lang='grc' dir='ltr'>Θεοῦ</span> <span class='ocrx_word' id='word_1_66' title='bbox 1306 1000 1338 1068; x_wconf 80' lang='grc' dir='ltr'>ὴ</span> <span class='ocrx_word' id='word_1_67' title='bbox 1369 997 1683 1069; x_wconf 79' lang='grc' dir='ltr'>δικαιοσύνη</span> <span class='ocrx_word' id='word_1_68' title='bbox 1718 1001 1750 1068; x_wconf 86' lang='grc' dir='ltr'><strong>ἡ</strong></span> <span class='ocrx_word' id='word_1_69' title='bbox 1782 1001 1952 1070; x_wconf 86' lang='grc' dir='ltr'>ὑπερ-</span> 
     </span>
    </p>
   </div>
   <div class='ocr_carea' id='block_1_12' title="bbox 378 1082 1959 1161">
    <p class='ocr_par' dir='ltr' id='par_1_12' title="bbox 378 1082 1959 1161">
     <span class='ocr_line' id='line_1_12' title="bbox 378 1082 1959 1161; baseline 0.003 -23"><span class='ocrx_word' id='word_1_70' title='bbox 378 1085 578 1156; x_wconf 85' lang='grc' dir='ltr'>έχουσα</span> <span class='ocrx_word' id='word_1_71' title='bbox 615 1089 792 1142; x_wconf 81' lang='grc' dir='ltr'>πάντα</span> <span class='ocrx_word' id='word_1_72' title='bbox 831 1089 976 1152; x_wconf 88' lang='grc' dir='ltr'>νοῦν,</span> <span class='ocrx_word' id='word_1_73' title='bbox 1015 1090 1251 1160; x_wconf 79' lang='grc' dir='ltr'>ᾰῤῥητος</span> <span class='ocrx_word' id='word_1_74' title='bbox 1281 1082 1414 1142; x_wconf 81' lang='grc' dir='ltr'>οὖσα</span> <span class='ocrx_word' id='word_1_75' title='bbox 1448 1089 1542 1142; x_wconf 75' lang='grc' dir='ltr'>καὶ</span> <span class='ocrx_word' id='word_1_76' title='bbox 1580 1089 1959 1161; x_wconf 83' lang='grc' dir='ltr'>ἀκατάληπτος</span> 
     </span>
    </p>
   </div>
   <div class='ocr_carea' id='block_1_13' title="bbox 379 1179 1187 1250">
    <p class='ocr_par' dir='ltr' id='par_1_13' title="bbox 379 1179 1187 1250">
     <span class='ocr_line' id='line_1_13' title="bbox 379 1179 1187 1250; baseline 0.001 -19"><span class='ocrx_word' id='word_1_77' title='bbox 379 1180 526 1250; x_wconf 75' lang='grc' dir='ltr'>πάσῃ</span> <span class='ocrx_word' id='word_1_78' title='bbox 550 1183 614 1250; x_wconf 82' lang='grc' dir='ltr'>τῇ</span> <span class='ocrx_word' id='word_1_79' title='bbox 634 1183 833 1250; x_wconf 83' lang='grc' dir='ltr'>γενητῇ</span> <span class='ocrx_word' id='word_1_80' title='bbox 865 1179 973 1250; x_wconf 82' lang='grc'><strong>(70)</strong></span> <span class='ocrx_word' id='word_1_81' title='bbox 1008 1179 1187 1249; x_wconf 82' lang='grc' dir='ltr'>φύσει.</span> 
     </span>
    </p>
   </div>
   <div class='ocr_carea' id='block_1_14' title="bbox 449 1260 1957 1341">
    <p class='ocr_par' dir='ltr' id='par_1_14' title="bbox 449 1260 1957 1341">
     <span class='ocr_line' id='line_1_14' title="bbox 449 1260 1957 1341; baseline 0.001 -19"><span class='ocrx_word' id='word_1_82' title='bbox 449 1272 500 1323; x_wconf 88' lang='grc'><strong>6.</strong></span> <span class='ocrx_word' id='word_1_83' title='bbox 544 1271 674 1339; x_wconf 82' lang='grc' dir='ltr'><strong>Ἐμὲ</strong></span> <span class='ocrx_word' id='word_1_84' title='bbox 712 1267 824 1324; x_wconf 73' lang='grc' dir='ltr'><strong>οὖν</strong></span> <span class='ocrx_word' id='word_1_85' title='bbox 849 1273 1074 1338; x_wconf 74' lang='grc' dir='ltr'>κρῖνον,</span> <span class='ocrx_word' id='word_1_86' title='bbox 1111 1272 1310 1339; x_wconf 80' lang='grc' dir='ltr'>Κύριε,</span> <span class='ocrx_word' id='word_1_87' title='bbox 1349 1270 1499 1324; x_wconf 83' lang='grc' dir='ltr'>κατὰ</span> <span class='ocrx_word' id='word_1_88' title='bbox 1538 1270 1654 1339; x_wconf 74' lang='grc' dir='ltr'><strong>τὴν</strong></span> <span class='ocrx_word' id='word_1_89' title='bbox 1681 1271 1836 1341; x_wconf 74' lang='grc' dir='ltr'><strong>ἐμὴν</strong></span> <span class='ocrx_word' id='word_1_90' title='bbox 1871 1260 1957 1324; x_wconf 80' lang='grc' dir='ltr'><strong>δί-</strong></span> 
     </span>
    </p>
   </div>
   <div class='ocr_carea' id='block_1_15' title="bbox 379 1360 1956 1432">
    <p class='ocr_par' dir='ltr' id='par_1_15' title="bbox 379 1360 1956 1432">
     <span class='ocr_line' id='line_1_15' title="bbox 379 1360 1956 1432; baseline 0.001 -20"><span class='ocrx_word' id='word_1_91' title='bbox 379 1363 730 1428; x_wconf 67' lang='grc' dir='ltr'>καιοσύνηνυ</span> <span class='ocrx_word' id='word_1_92' title='bbox 775 1363 1039 1424; x_wconf 79' lang='grc' dir='ltr'><strong>τουτέστι,</strong></span> <span class='ocrx_word' id='word_1_93' title='bbox 1073 1360 1170 1432; x_wconf 79' lang='grc' dir='ltr'>τὴν</span> <span class='ocrx_word' id='word_1_94' title='bbox 1210 1362 1438 1432; x_wconf 72' lang='grc' dir='ltr'>ἐφικτὴν</span> <span class='ocrx_word' id='word_1_95' title='bbox 1475 1364 1588 1424; x_wconf 88' lang='grc' dir='ltr'>τοῖς</span> <span class='ocrx_word' id='word_1_96' title='bbox 1632 1361 1956 1432; x_wconf 86' lang='grc' dir='ltr'>ἀνθρώποις,</span> 
     </span>
    </p>
   </div>
   <div class='ocr_carea' id='block_1_16' title="bbox 377 1453 1959 1524">
    <p class='ocr_par' dir='ltr' id='par_1_16' title="bbox 377 1453 1959 1524">
     <span class='ocr_line' id='line_1_16' title="bbox 377 1453 1959 1524; baseline 0.001 -18"><span class='ocrx_word' id='word_1_97' title='bbox 377 1455 470 1506; x_wconf 79' lang='grc' dir='ltr'><strong>καὶ</strong></span> <span class='ocrx_word' id='word_1_98' title='bbox 496 1453 723 1524; x_wconf 83' lang='grc' dir='ltr'>δυνατὴν</span> <span class='ocrx_word' id='word_1_99' title='bbox 753 1457 863 1517; x_wconf 85' lang='grc' dir='ltr'>τοῖς</span> <span class='ocrx_word' id='word_1_100' title='bbox 895 1456 951 1507; x_wconf 78' lang='grc' dir='ltr'><strong>ἐν</strong></span> <span class='ocrx_word' id='word_1_101' title='bbox 984 1454 1146 1524; x_wconf 73' lang='grc' dir='ltr'>σαρκὶ</span> <span class='ocrx_word' id='word_1_102' title='bbox 1179 1453 1331 1517; x_wconf 80' lang='grc' dir='ltr'>ζῶσι.</span> <span class='ocrx_word' id='word_1_103' title='bbox 1358 1453 1467 1506; x_wconf 80' lang='grc' dir='ltr'><strong>Καὶ</strong></span> <span class='ocrx_word' id='word_1_104' title='bbox 1495 1453 1646 1506; x_wconf 79' lang='grc' dir='ltr'>κατὰ</span> <span class='ocrx_word' id='word_1_105' title='bbox 1674 1453 1787 1521; x_wconf 76' lang='grc' dir='ltr'><strong>τὴν</strong></span> <span class='ocrx_word' id='word_1_106' title='bbox 1817 1455 1959 1507; x_wconf 77' lang='grc' dir='ltr'>ἀκα-</span> 
     </span>
    </p>
   </div>
   <div class='ocr_carea' id='block_1_17' title="bbox 377 1544 1953 1616">
    <p class='ocr_par' dir='ltr' id='par_1_17' title="bbox 377 1544 1953 1616">
     <span class='ocr_line' id='line_1_17' title="bbox 377 1544 1953 1616; baseline 0.001 -19"><span class='ocrx_word' id='word_1_107' title='bbox 377 1547 509 1597; x_wconf 69' lang='grc' dir='ltr'>κίαν</span> <span class='ocrx_word' id='word_1_108' title='bbox 537 1563 656 1614; x_wconf 81' lang='grc' dir='ltr'><strong>μου</strong></span> <span class='ocrx_word' id='word_1_109' title='bbox 805 1546 956 1614; x_wconf 77' lang='grc' dir='ltr'>ἐμοί.</span> <span class='ocrx_word' id='word_1_110' title='bbox 1009 1545 1165 1597; x_wconf 74' lang='grc' dir='ltr'>Οὕτω</span> <span class='ocrx_word' id='word_1_111' title='bbox 1205 1544 1314 1616; x_wconf 78' lang='grc' dir='ltr'><strong>γὰρ</strong></span> <span class='ocrx_word' id='word_1_112' title='bbox 1366 1545 1601 1615; x_wconf 82' lang='grc' dir='ltr'>μάλιστα</span> <span class='ocrx_word' id='word_1_113' title='bbox 1636 1546 1953 1598; x_wconf 73' lang='grc' dir='ltr'>συνίσταται</span> 
     </span>
    </p>
   </div>
   <div class='ocr_carea' id='block_1_18' title="bbox 373 1633 1958 1708">
    <p class='ocr_par' dir='ltr' id='par_1_18' title="bbox 373 1633 1958 1708">
     <span class='ocr_line' id='line_1_18' title="bbox 373 1633 1958 1708; baseline 0.003 -21"><span class='ocrx_word' id='word_1_114' title='bbox 373 1638 407 1704; x_wconf 82' lang='grc' dir='ltr'><strong>ἠ</strong></span> <span class='ocrx_word' id='word_1_115' title='bbox 439 1636 676 1699; x_wconf 80' lang='grc' dir='ltr'>διάθεσις</span> <span class='ocrx_word' id='word_1_116' title='bbox 712 1637 804 1689; x_wconf 87' lang='grc' dir='ltr'><strong>τοῦ</strong></span> <span class='ocrx_word' id='word_1_117' title='bbox 844 1637 1093 1705; x_wconf 84' lang='grc' dir='ltr'>λέγοντος</span> <span class='ocrx_word' id='word_1_118' title='bbox 1139 1637 1272 1689; x_wconf 80' lang='grc' dir='ltr'>πολὺ</span> <span class='ocrx_word' id='word_1_119' title='bbox 1325 1636 1541 1708; x_wconf 79' lang='grc' dir='ltr'>μακρὰν</span> <span class='ocrx_word' id='word_1_120' title='bbox 1577 1633 1711 1691; x_wconf 77' lang='grc' dir='ltr'>οὖσα</span> <span class='ocrx_word' id='word_1_121' title='bbox 1732 1639 1828 1708; x_wconf 79' lang='grc' dir='ltr'>τῆς</span> <span class='ocrx_word' id='word_1_122' title='bbox 1857 1655 1958 1706; x_wconf 78' lang='grc' dir='ltr'><strong>φα-</strong></span> 
     </span>
    </p>
   </div>
   <div class='ocr_carea' id='block_1_19' title="bbox 377 1728 1958 1800">
    <p class='ocr_par' dir='ltr' id='par_1_19' title="bbox 377 1728 1958 1800">
     <span class='ocr_line' id='line_1_19' title="bbox 377 1728 1958 1800; baseline 0.003 -22"><span class='ocrx_word' id='word_1_123' title='bbox 377 1728 632 1797; x_wconf 85' lang='grc' dir='ltr'>ρισαῑκῆς</span> <span class='ocrx_word' id='word_1_124' title='bbox 662 1728 1059 1799; x_wconf 79' lang='grc' dir='ltr'>ὑπερηφανίας.</span> <span class='ocrx_word' id='word_1_125' title='bbox 1102 1729 1360 1782; x_wconf 83' lang='grc' dir='ltr'>Ἀκακίαν</span> <span class='ocrx_word' id='word_1_126' title='bbox 1399 1729 1506 1798; x_wconf 82' lang='grc' dir='ltr'>γὰρ</span> <span class='ocrx_word' id='word_1_127' title='bbox 1538 1728 1730 1781; x_wconf 84' lang='grc' dir='ltr'>ἑαυτοῦ</span> <span class='ocrx_word' id='word_1_128' title='bbox 1761 1729 1958 1800; x_wconf 84' lang='grc' dir='ltr'>ὀνομά-</span> 
     </span>
    </p>
   </div>
   <div class='ocr_carea' id='block_1_20' title="bbox 374 1819 1957 1892">
    <p class='ocr_par' dir='ltr' id='par_1_20' title="bbox 374 1819 1957 1892">
     <span class='ocr_line' id='line_1_20' title="bbox 374 1819 1957 1892; baseline 0.001 -22"><span class='ocrx_word' id='word_1_129' title='bbox 374 1819 456 1882; x_wconf 80' lang='grc' dir='ltr'>ζει</span> <span class='ocrx_word' id='word_1_130' title='bbox 484 1819 580 1890; x_wconf 82' lang='grc' dir='ltr'>τὴν</span> <span class='ocrx_word' id='word_1_131' title='bbox 610 1820 770 1873; x_wconf 76' lang='grc' dir='ltr'>οἱονεὶ</span> <span class='ocrx_word' id='word_1_132' title='bbox 802 1819 1168 1892; x_wconf 88' lang='grc' dir='ltr'>ἀκεραιότητα</span> <span class='ocrx_word' id='word_1_133' title='bbox 1221 1820 1314 1871; x_wconf 73' lang='grc' dir='ltr'>καὶ</span> <span class='ocrx_word' id='word_1_134' title='bbox 1337 1820 1592 1890; x_wconf 79' lang='grc' dir='ltr'>ἀπειρίαν</span> <span class='ocrx_word' id='word_1_135' title='bbox 1620 1819 1728 1875; x_wconf 83' lang='grc' dir='ltr'><strong>τῶν</strong></span> <span class='ocrx_word' id='word_1_136' title='bbox 1767 1819 1957 1890; x_wconf 81' lang='grc' dir='ltr'>χρησί-</span> 
     </span>
    </p>
   </div>
   <div class='ocr_carea' id='block_1_21' title="bbox 375 1911 1957 1986">
    <p class='ocr_par' dir='ltr' id='par_1_21' title="bbox 375 1911 1957 1986">
     <span class='ocr_line' id='line_1_21' title="bbox 375 1911 1957 1986; baseline 0.004 -25"><span class='ocrx_word' id='word_1_137' title='bbox 375 1928 491 1979; x_wconf 85' lang='grc' dir='ltr'><strong>μων</strong></span> <span class='ocrx_word' id='word_1_138' title='bbox 529 1913 607 1974; x_wconf 82' lang='grc' dir='ltr'><strong>είς</strong></span> <span class='ocrx_word' id='word_1_139' title='bbox 629 1911 851 1979; x_wconf 86' lang='grc' dir='ltr'>γνῶσιν,</span> <span class='ocrx_word' id='word_1_140' title='bbox 907 1912 1047 1964; x_wconf 84' lang='grc' dir='ltr'><strong>κατά</strong></span> <span class='ocrx_word' id='word_1_141' title='bbox 1096 1913 1156 1964; x_wconf 83' lang='grc' dir='ltr'><strong>τὸ</strong></span> <span class='ocrx_word' id='word_1_142' title='bbox 1194 1913 1482 1983; x_wconf 74' lang='grc' dir='ltr'>εἰρημένον</span> <span class='ocrx_word' id='word_1_143' title='bbox 1524 1914 1581 1966; x_wconf 81' lang='grc' dir='ltr'>ὲν</span> <span class='ocrx_word' id='word_1_144' title='bbox 1617 1916 1735 1976; x_wconf 86' lang='grc' dir='ltr'>ταῖς</span> <span class='ocrx_word' id='word_1_145' title='bbox 1760 1914 1957 1986; x_wconf 82' lang='grc' dir='ltr'>Παροι-</span> 
     </span>
    </p>
   </div>
   <div class='ocr_carea' id='block_1_22' title="bbox 374 2002 1954 2075">
    <p class='ocr_par' dir='ltr' id='par_1_22' title="bbox 374 2002 1954 2075">
     <span class='ocr_line' id='line_1_22' title="bbox 374 2002 1954 2075; baseline 0.004 -22"><span class='ocrx_word' id='word_1_146' title='bbox 374 2002 542 2071; x_wconf 88' lang='grc' dir='ltr'>μίαις,</span> <span class='ocrx_word' id='word_1_147' title='bbox 571 2004 651 2055; x_wconf 76' lang='grc' dir='ltr'><strong>ὅτι</strong></span> <span class='ocrx_word' id='word_1_148' title='bbox 690 2003 947 2068; x_wconf 73' lang='grc' dir='ltr'>Ἀκαχος</span> <span class='ocrx_word' id='word_1_149' title='bbox 975 2006 1241 2058; x_wconf 77' lang='grc' dir='ltr'>πιστεύει</span> <span class='ocrx_word' id='word_1_150' title='bbox 1267 2006 1446 2058; x_wconf 79' lang='grc' dir='ltr'>παντὶ</span> <span class='ocrx_word' id='word_1_151' title='bbox 1472 2007 1649 2075; x_wconf 74' lang='grc' dir='ltr'>λόγῳ.</span> <span class='ocrx_word' id='word_1_152' title='bbox 1689 2007 1842 2059; x_wconf 77' lang='grc' dir='ltr'>Ἐπεὶ</span> <span class='ocrx_word' id='word_1_153' title='bbox 1862 2002 1954 2060; x_wconf 87' lang='grc' dir='ltr'><strong>οῦν</strong></span> 
     </span>
    </p>
   </div>
   <div class='ocr_carea' id='block_1_23' title="bbox 372 2094 1955 2169">
    <p class='ocr_par' dir='ltr' id='par_1_23' title="bbox 372 2094 1955 2169">
     <span class='ocr_line' id='line_1_23' title="bbox 372 2094 1955 2169; baseline 0.003 -23"><span class='ocrx_word' id='word_1_154' title='bbox 372 2094 587 2159; x_wconf 80' lang='grc' dir='ltr'>πολλοῖς</span> <span class='ocrx_word' id='word_1_155' title='bbox 615 2096 938 2164; x_wconf 66' lang='grc' dir='ltr'>ἀφυλάκτως</span> <span class='ocrx_word' id='word_1_156' title='bbox 973 2097 1375 2166; x_wconf 78' lang='grc' dir='ltr'>περιπίπτομεν</span> <span class='ocrx_word' id='word_1_157' title='bbox 1410 2097 1470 2162; x_wconf 79' lang='grc' dir='ltr'>ἐξ</span> <span class='ocrx_word' id='word_1_158' title='bbox 1497 2099 1752 2169; x_wconf 87' lang='grc' dir='ltr'>ἀπειρίας</span> <span class='ocrx_word' id='word_1_159' title='bbox 1777 2100 1826 2151; x_wconf 82' lang='grc' dir='ltr'>οἱ</span> <span class='ocrx_word' id='word_1_160' title='bbox 1864 2099 1955 2152; x_wconf 78' lang='grc' dir='ltr'>ἀν-</span> 
     </span>
    </p>
   </div>
   <div class='ocr_carea' id='block_1_24' title="bbox 371 2185 1953 2260">
    <p class='ocr_par' dir='ltr' id='par_1_24' title="bbox 371 2185 1953 2260">
     <span class='ocr_line' id='line_1_24' title="bbox 371 2185 1953 2260; baseline 0.003 -23"><span class='ocrx_word' id='word_1_161' title='bbox 371 2185 599 2256; x_wconf 82' lang='grc' dir='ltr'>θρωποι,</span> <span class='ocrx_word' id='word_1_162' title='bbox 633 2191 976 2257; x_wconf 84' lang='grc' dir='ltr'>παραιτεῖται</span> <span class='ocrx_word' id='word_1_163' title='bbox 1021 2189 1112 2240; x_wconf 68' lang='grc' dir='ltr'>τὸν</span> <span class='ocrx_word' id='word_1_164' title='bbox 1162 2189 1294 2242; x_wconf 79' lang='grc' dir='ltr'>Θεὸν</span> <span class='ocrx_word' id='word_1_165' title='bbox 1325 2189 1418 2242; x_wconf 66' lang='grc' dir='ltr'><strong>καὶ</strong></span> <span class='ocrx_word' id='word_1_166' title='bbox 1452 2189 1595 2254; x_wconf 77' lang='grc' dir='ltr'><strong>ἀξιοί</strong></span> <span class='ocrx_word' id='word_1_167' title='bbox 1627 2188 1953 2260; x_wconf 80' lang='grc' dir='ltr'>συγγνώμης</span> 
     </span>
    </p>
   </div>
   <div class='ocr_carea' id='block_1_25' title="bbox 368 2277 1952 2351">
    <p class='ocr_par' dir='ltr' id='par_1_25' title="bbox 368 2277 1952 2351">
     <span class='ocr_line' id='line_1_25' title="bbox 368 2277 1952 2351; baseline 0.004 -23"><span class='ocrx_word' id='word_1_168' title='bbox 368 2278 550 2347; x_wconf 74' lang='grc' dir='ltr'>τυχεῖν</span> <span class='ocrx_word' id='word_1_169' title='bbox 585 2277 677 2330; x_wconf 77' lang='grc' dir='ltr'>ἐπὶ</span> <span class='ocrx_word' id='word_1_170' title='bbox 709 2280 772 2348; x_wconf 84' lang='grc' dir='ltr'>τῇ</span> <span class='ocrx_word' id='word_1_171' title='bbox 798 2278 1020 2349; x_wconf 78' lang='grc' dir='ltr'>ἀκακία.</span> <span class='ocrx_word' id='word_1_172' title='bbox 1065 2280 1158 2332; x_wconf 87' lang='grc' dir='ltr'>Ἐκ</span> <span class='ocrx_word' id='word_1_173' title='bbox 1180 2280 1235 2332; x_wconf 81' lang='grc' dir='ltr'><strong>δὲ</strong></span> <span class='ocrx_word' id='word_1_174' title='bbox 1262 2279 1454 2332; x_wconf 89' lang='grc' dir='ltr'>τούτου</span> <span class='ocrx_word' id='word_1_175' title='bbox 1484 2280 1639 2351; x_wconf 82' lang='grc' dir='ltr'>δῆλόν</span> <span class='ocrx_word' id='word_1_176' title='bbox 1675 2284 1822 2337; x_wconf 70' lang='grc' dir='ltr'>ἐστιν</span> <span class='ocrx_word' id='word_1_177' title='bbox 1871 2283 1952 2334; x_wconf 82' lang='grc' dir='ltr'><strong>ὅτι</strong></span> 
     </span>
    </p>
   </div>
   <div class='ocr_carea' id='block_1_26' title="bbox 369 2367 1951 2440">
    <p class='ocr_par' dir='ltr' id='par_1_26' title="bbox 369 2367 1951 2440">
     <span class='ocr_line' id='line_1_26' title="bbox 369 2367 1951 2440; baseline 0.003 -22"><span class='ocrx_word' id='word_1_178' title='bbox 369 2367 874 2437; x_wconf 73' lang='grc' dir='ltr'>ταπεινοφροσύνην</span> <span class='ocrx_word' id='word_1_179' title='bbox 920 2367 1015 2420; x_wconf 88' lang='grc' dir='ltr'><strong>τοῦ</strong></span> <span class='ocrx_word' id='word_1_180' title='bbox 1057 2369 1305 2436; x_wconf 84' lang='grc' dir='ltr'>λέγοντος</span> <span class='ocrx_word' id='word_1_181' title='bbox 1336 2370 1631 2440; x_wconf 83' lang='grc' dir='ltr'>παρίστησι</span> <span class='ocrx_word' id='word_1_182' title='bbox 1671 2369 1868 2439; x_wconf 85' lang='grc' dir='ltr'>μᾶλλον</span> <span class='ocrx_word' id='word_1_183' title='bbox 1917 2369 1951 2440; x_wconf 85' lang='grc' dir='ltr'>ἢ</span> 
     </span>
    </p>
   </div>
   <div class='ocr_carea' id='block_1_27' title="bbox 370 2459 1951 2532">
    <p class='ocr_par' dir='ltr' id='par_1_27' title="bbox 370 2459 1951 2532">
     <span class='ocr_line' id='line_1_27' title="bbox 370 2459 1951 2532; baseline 0.002 -23"><span class='ocrx_word' id='word_1_184' title='bbox 370 2459 746 2529; x_wconf 75' lang='grc' dir='ltr'>ὑπερηφανίαν</span> <span class='ocrx_word' id='word_1_185' title='bbox 805 2462 874 2513; x_wconf 72' lang='grc' dir='ltr'>τὰ</span> <span class='ocrx_word' id='word_1_186' title='bbox 921 2461 1206 2532; x_wconf 81' lang='grc' dir='ltr'>εἰρημένα.</span> <span class='ocrx_word' id='word_1_187' title='bbox 1268 2461 1488 2528; x_wconf 70' lang='grc' dir='ltr'><strong>Κρῖνον</strong></span> <span class='ocrx_word' id='word_1_188' title='bbox 1531 2461 1638 2531; x_wconf 84' lang='grc' dir='ltr'><strong>γάρ</strong></span> <span class='ocrx_word' id='word_1_189' title='bbox 1667 2478 1768 2530; x_wconf 82' lang='grc' dir='ltr'><strong>με,</strong></span> <span class='ocrx_word' id='word_1_190' title='bbox 1797 2462 1951 2532; x_wconf 73' lang='grc' dir='ltr'>φησι,</span> 
     </span>
    </p>
   </div>
   <div class='ocr_carea' id='block_1_28' title="bbox 372 2550 1953 2623">
    <p class='ocr_par' dir='ltr' id='par_1_28' title="bbox 372 2550 1953 2623">
     <span class='ocr_line' id='line_1_28' title="bbox 372 2550 1953 2623; baseline 0.003 -22"><span class='ocrx_word' id='word_1_191' title='bbox 372 2551 525 2604; x_wconf 75' lang='grc' dir='ltr'>κατὰ</span> <span class='ocrx_word' id='word_1_192' title='bbox 561 2550 675 2618; x_wconf 76' lang='grc' dir='ltr'><strong>τὴν</strong></span> <span class='ocrx_word' id='word_1_193' title='bbox 699 2552 852 2620; x_wconf 80' lang='grc' dir='ltr'><strong>ἐμὴν</strong></span> <span class='ocrx_word' id='word_1_194' title='bbox 894 2552 1316 2621; x_wconf 70' lang='grc' dir='ltr'>δικαιοσύνην,</span> <span class='ocrx_word' id='word_1_195' title='bbox 1346 2552 1440 2606; x_wconf 73' lang='grc' dir='ltr'><strong>καὶ</strong></span> <span class='ocrx_word' id='word_1_196' title='bbox 1478 2553 1661 2623; x_wconf 84' lang='grc' dir='ltr'>κρῑνὸν</span> <span class='ocrx_word' id='word_1_197' title='bbox 1695 2570 1762 2622; x_wconf 92' lang='grc' dir='ltr'><strong>με</strong></span> <span class='ocrx_word' id='word_1_198' title='bbox 1803 2551 1953 2606; x_wconf 83' lang='grc' dir='ltr'>κατὰ</span> 
     </span>
    </p>
   </div>
   <div class='ocr_carea' id='block_1_29' title="bbox 367 2641 1953 2716">
    <p class='ocr_par' dir='ltr' id='par_1_29' title="bbox 367 2641 1953 2716">
     <span class='ocr_line' id='line_1_29' title="bbox 367 2641 1953 2716; baseline 0.003 -22"><span class='ocrx_word' id='word_1_199' title='bbox 367 2643 486 2708; x_wconf 75' lang='grc' dir='ltr'><strong>τὴν</strong></span> <span class='ocrx_word' id='word_1_200' title='bbox 510 2644 772 2698; x_wconf 72' lang='grc' dir='ltr'>ἀκακίαν</span> <span class='ocrx_word' id='word_1_201' title='bbox 799 2644 897 2716; x_wconf 82' lang='grc' dir='ltr'><strong>τὴν</strong></span> <span class='ocrx_word' id='word_1_202' title='bbox 931 2641 1094 2699; x_wconf 79' lang='grc' dir='ltr'>οὖσαν</span> <span class='ocrx_word' id='word_1_203' title='bbox 1144 2647 1230 2697; x_wconf 80' lang='grc' dir='ltr'>ἐπ’</span> <span class='ocrx_word' id='word_1_204' title='bbox 1260 2645 1403 2716; x_wconf 84' lang='grc' dir='ltr'>ἐμοί.</span> <span class='ocrx_word' id='word_1_205' title='bbox 1446 2645 1519 2697; x_wconf 86' lang='grc' dir='ltr'>Τὸ</span> <span class='ocrx_word' id='word_1_206' title='bbox 1555 2646 1652 2715; x_wconf 83' lang='grc' dir='ltr'><strong>μὲν</strong></span> <span class='ocrx_word' id='word_1_207' title='bbox 1676 2645 1953 2715; x_wconf 74' lang='grc' dir='ltr'>δικαίωμα</span> 
     </span>
    </p>
   </div>
   <div class='ocr_carea' id='block_1_30' title="bbox 371 2734 1953 2807">
    <p class='ocr_par' dir='ltr' id='par_1_30' title="bbox 371 2734 1953 2807">
     <span class='ocr_line' id='line_1_30' title="bbox 371 2734 1953 2807; baseline 0.001 -20"><span class='ocrx_word' id='word_1_208' title='bbox 371 2753 474 2806; x_wconf 89' lang='grc' dir='ltr'><strong>μου</strong></span> <span class='ocrx_word' id='word_1_209' title='bbox 503 2737 569 2806; x_wconf 80' lang='grc' dir='ltr'>τῇ</span> <span class='ocrx_word' id='word_1_210' title='bbox 602 2735 851 2807; x_wconf 79' lang='grc' dir='ltr'>ἀσθενείᾳ</span> <span class='ocrx_word' id='word_1_211' title='bbox 895 2735 1280 2806; x_wconf 77' lang='grc' dir='ltr'>παρεξετάζων</span> <span class='ocrx_word' id='word_1_212' title='bbox 1322 2739 1390 2806; x_wconf 78' lang='grc' dir='ltr'>τῇ</span> <span class='ocrx_word' id='word_1_213' title='bbox 1419 2736 1757 2807; x_wconf 79' lang='grc' dir='ltr'>ἀνθρωπίνῃ,</span> <span class='ocrx_word' id='word_1_214' title='bbox 1810 2734 1953 2789; x_wconf 75' lang='grc' dir='ltr'>οὕτω</span> 
     </span>
    </p>
   </div>
   <div class='ocr_carea' id='block_1_31' title="bbox 369 2825 1952 2898">
    <p class='ocr_par' dir='ltr' id='par_1_31' title="bbox 369 2825 1952 2898">
     <span class='ocr_line' id='line_1_31' title="bbox 369 2825 1952 2898; baseline 0.001 -20"><span class='ocrx_word' id='word_1_215' title='bbox 369 2825 550 2898; x_wconf 82' lang='grc' dir='ltr'>κρῖνόν</span> <span class='ocrx_word' id='word_1_216' title='bbox 598 2843 685 2896; x_wconf 77' lang='grc' dir='ltr'>με’</span> <span class='ocrx_word' id='word_1_217' title='bbox 741 2826 838 2897; x_wconf 81' lang='grc' dir='ltr'><strong>τὴν</strong></span> <span class='ocrx_word' id='word_1_218' title='bbox 870 2825 927 2879; x_wconf 83' lang='grc' dir='ltr'>δὲ</span> <span class='ocrx_word' id='word_1_219' title='bbox 957 2826 1236 2897; x_wconf 82' lang='grc' dir='ltr'>ἁπλότητα</span> <span class='ocrx_word' id='word_1_220' title='bbox 1277 2825 1386 2880; x_wconf 86' lang='grc' dir='ltr'><strong>τῶν</strong></span> <span class='ocrx_word' id='word_1_221' title='bbox 1411 2826 1625 2898; x_wconf 88' lang='grc' dir='ltr'>τρόπων</span> <span class='ocrx_word' id='word_1_222' title='bbox 1660 2845 1760 2898; x_wconf 89' lang='grc' dir='ltr'><strong>μου</strong></span> <span class='ocrx_word' id='word_1_223' title='bbox 1787 2844 1952 2880; x_wconf 84' lang='grc' dir='ltr'>κατα-</span> 
     </span>
    </p>
   </div>
   <div class='ocr_carea' id='block_1_32' title="bbox 375 2917 1952 2990">
    <p class='ocr_par' dir='ltr' id='par_1_32' title="bbox 375 2917 1952 2990">
     <span class='ocr_line' id='line_1_32' title="bbox 375 2917 1952 2990; baseline 0.001 -20"><span class='ocrx_word' id='word_1_224' title='bbox 375 2917 583 2988; x_wconf 86' lang='grc' dir='ltr'>μαθὼν,</span> <span class='ocrx_word' id='word_1_225' title='bbox 612 2918 685 2990; x_wconf 82' lang='grc' dir='ltr'>μὴ</span> <span class='ocrx_word' id='word_1_226' title='bbox 721 2919 793 2981; x_wconf 85' lang='grc' dir='ltr'>ὠς</span> <span class='ocrx_word' id='word_1_227' title='bbox 819 2918 929 2988; x_wconf 76' lang='grc'><strong>(71)</strong></span> <span class='ocrx_word' id='word_1_228' title='bbox 961 2919 1188 2990; x_wconf 78' lang='grc' dir='ltr'>ἐντρεχῆ</span> <span class='ocrx_word' id='word_1_229' title='bbox 1222 2933 1312 2989; x_wconf 85' lang='grc' dir='ltr'><strong>με,</strong></span> <span class='ocrx_word' id='word_1_230' title='bbox 1350 2918 1484 2990; x_wconf 87' lang='grc' dir='ltr'>μηδὲ</span> <span class='ocrx_word' id='word_1_231' title='bbox 1529 2919 1602 2981; x_wconf 82' lang='grc' dir='ltr'>ὡς</span> <span class='ocrx_word' id='word_1_232' title='bbox 1634 2919 1952 2990; x_wconf 76' lang='grc' dir='ltr'>εύπερίϐλε-</span> 
     </span>
    </p>
   </div>
   <div class='ocr_carea' id='block_1_33' title="bbox 368 3010 1952 3083">
    <p class='ocr_par' dir='ltr' id='par_1_33' title="bbox 368 3010 1952 3083">
     <span class='ocr_line' id='line_1_33' title="bbox 368 3010 1952 3083; baseline 0.002 -21"><span class='ocrx_word' id='word_1_233' title='bbox 368 3027 500 3063; x_wconf 83' lang='grc' dir='ltr'>πτον</span> <span class='ocrx_word' id='word_1_234' title='bbox 523 3012 602 3074; x_wconf 85' lang='grc' dir='ltr'><strong>είς</strong></span> <span class='ocrx_word' id='word_1_235' title='bbox 622 3011 690 3063; x_wconf 76' lang='grc' dir='ltr'>τὰ</span> <span class='ocrx_word' id='word_1_236' title='bbox 717 3010 808 3062; x_wconf 90' lang='grc' dir='ltr'><strong>τοῦ</strong></span> <span class='ocrx_word' id='word_1_237' title='bbox 835 3011 1039 3081; x_wconf 77' lang='grc' dir='ltr'>κόσμου</span> <span class='ocrx_word' id='word_1_238' title='bbox 1064 3011 1384 3082; x_wconf 80' lang='grc' dir='ltr'>πράγματα,</span> <span class='ocrx_word' id='word_1_239' title='bbox 1421 3011 1592 3075; x_wconf 76' lang='grc' dir='ltr'>οὕτως</span> <span class='ocrx_word' id='word_1_240' title='bbox 1618 3013 1952 3083; x_wconf 72' lang='grc' dir='ltr'>ἁμαρτάνονο</span> 
     </span>
    </p>
   </div>
   <div class='ocr_carea' id='block_1_34' title="bbox 364 3101 1954 3176">
    <p class='ocr_par' dir='ltr' id='par_1_34' title="bbox 364 3101 1954 3176">
     <span class='ocr_line' id='line_1_34' title="bbox 364 3101 1954 3176; baseline 0.003 -22"><span class='ocrx_word' id='word_1_241' title='bbox 364 3101 436 3154; x_wconf 86' lang='grc' dir='ltr'>τά</span> <span class='ocrx_word' id='word_1_242' title='bbox 467 3119 530 3171; x_wconf 88' lang='grc' dir='ltr'><strong>με</strong></span> <span class='ocrx_word' id='word_1_243' title='bbox 550 3102 940 3175; x_wconf 80' lang='grc' dir='ltr'>καταδικάσῃς.</span> <span class='ocrx_word' id='word_1_244' title='bbox 975 3103 1391 3173; x_wconf 81' lang='grc' dir='ltr'>Συντελεσθήτω</span> <span class='ocrx_word' id='word_1_245' title='bbox 1414 3103 1476 3174; x_wconf 82' lang='grc' dir='ltr'>δὴ</span> <span class='ocrx_word' id='word_1_246' title='bbox 1510 3107 1742 3175; x_wconf 84' lang='grc' dir='ltr'>πονηρία</span> <span class='ocrx_word' id='word_1_247' title='bbox 1777 3108 1954 3176; x_wconf 86' lang='grc' dir='ltr'>ἁμαρ-</span> 
     </span>
    </p>
   </div>
   <div class='ocr_carea' id='block_1_35' title="bbox 365 3193 1952 3266">
    <p class='ocr_par' dir='ltr' id='par_1_35' title="bbox 365 3193 1952 3266">
     <span class='ocr_line' id='line_1_35' title="bbox 365 3193 1952 3266; baseline 0.003 -21"><span class='ocrx_word' id='word_1_248' title='bbox 365 3193 572 3246; x_wconf 80' lang='grc' dir='ltr'>τωλῶν.</span> <span class='ocrx_word' id='word_1_249' title='bbox 621 3195 911 3265; x_wconf 78' lang='grc' dir='ltr'>Ἃντικρυς</span> <span class='ocrx_word' id='word_1_250' title='bbox 962 3195 1209 3266; x_wconf 83' lang='grc' dir='ltr'>μαθητής</span> <span class='ocrx_word' id='word_1_251' title='bbox 1263 3197 1380 3248; x_wconf 78' lang='grc' dir='ltr'>ἐστι</span> <span class='ocrx_word' id='word_1_252' title='bbox 1421 3196 1530 3249; x_wconf 84' lang='grc' dir='ltr'><strong>τῶν</strong></span> <span class='ocrx_word' id='word_1_253' title='bbox 1582 3197 1952 3266; x_wconf 79' lang='grc' dir='ltr'>εύαγγελικῶν</span> 
     </span>
    </p>
   </div>
   <div class='ocr_carea' id='block_1_36' title="bbox 367 3284 1951 3362">
    <p class='ocr_par' dir='ltr' id='par_1_36' title="bbox 367 3284 1951 3362">
     <span class='ocr_line' id='line_1_36' title="bbox 367 3284 1951 3362; baseline 0.004 -27"><span class='ocrx_word' id='word_1_254' title='bbox 367 3284 803 3355; x_wconf 81' lang='grc' dir='ltr'>προσταγμάτων</span> <span class='ocrx_word' id='word_1_255' title='bbox 823 3285 1034 3338; x_wconf 86' lang='grc' dir='ltr'>ὀταῦτα</span> <span class='ocrx_word' id='word_1_256' title='bbox 1077 3285 1390 3356; x_wconf 76' lang='grc' dir='ltr'>εὐχόμενος.</span> <span class='ocrx_word' id='word_1_257' title='bbox 1423 3286 1790 3359; x_wconf 81' lang='grc' dir='ltr'>Προσεύχεται</span> <span class='ocrx_word' id='word_1_258' title='bbox 1845 3289 1951 3362; x_wconf 77' lang='grc' dir='ltr'>γὰρ</span> 
     </span>
    </p>
   </div>
   <div class='ocr_carea' id='block_1_37' title="bbox 367 3374 1950 3452">
    <p class='ocr_par' dir='ltr' id='par_1_37' title="bbox 367 3374 1950 3452">
     <span class='ocr_line' id='line_1_37' title="bbox 367 3374 1950 3452; baseline 0.003 -26"><span class='ocrx_word' id='word_1_259' title='bbox 367 3374 508 3445; x_wconf 74' lang='grc' dir='ltr'>ὑπὲρ</span> <span class='ocrx_word' id='word_1_260' title='bbox 538 3376 644 3428; x_wconf 83' lang='grc' dir='ltr'><strong>τῶν</strong></span> <span class='ocrx_word' id='word_1_261' title='bbox 677 3375 1090 3446; x_wconf 77' lang='grc' dir='ltr'>ἐπηρεαζόντων</span> <span class='ocrx_word' id='word_1_262' title='bbox 1113 3378 1294 3442; x_wconf 77' lang='grc' dir='ltr'>αὑτὸν,</span> <span class='ocrx_word' id='word_1_263' title='bbox 1317 3377 1482 3442; x_wconf 80' lang='grc' dir='ltr'>ἀξιῶν</span> <span class='ocrx_word' id='word_1_264' title='bbox 1507 3378 1701 3449; x_wconf 84' lang='grc' dir='ltr'>πέρατι</span> <span class='ocrx_word' id='word_1_265' title='bbox 1726 3381 1818 3432; x_wconf 75' lang='grc' dir='ltr'><strong>καὶ</strong></span> <span class='ocrx_word' id='word_1_266' title='bbox 1840 3381 1950 3452; x_wconf 81' lang='grc' dir='ltr'>ὅρῳ</span> 
     </span>
    </p>
   </div>
   <div class='ocr_carea' id='block_1_38' title="bbox 365 3465 1948 3540">
    <p class='ocr_par' dir='ltr' id='par_1_38' title="bbox 365 3465 1948 3540">
     <span class='ocr_line' id='line_1_38' title="bbox 365 3465 1948 3540; baseline 0.006 -25"><span class='ocrx_word' id='word_1_267' title='bbox 365 3465 471 3516; x_wconf 76' lang='grc' dir='ltr'>τινὶ</span> <span class='ocrx_word' id='word_1_268' title='bbox 510 3465 609 3537; x_wconf 84' lang='grc' dir='ltr'><strong>τὴν</strong></span> <span class='ocrx_word' id='word_1_269' title='bbox 651 3467 913 3536; x_wconf 86' lang='grc' dir='ltr'>πονηρίαν</span> <span class='ocrx_word' id='word_1_270' title='bbox 938 3465 1043 3519; x_wconf 86' lang='grc' dir='ltr'><strong>τῶν</strong></span> <span class='ocrx_word' id='word_1_271' title='bbox 1069 3468 1490 3539; x_wconf 83' lang='grc' dir='ltr'>ἁμαρτανόντων</span> <span class='ocrx_word' id='word_1_272' title='bbox 1520 3468 1948 3540; x_wconf 68' lang='grc' dir='ltr'>περιγραφῆναι.</span> 
     </span>
    </p>
   </div>
   <div class='ocr_carea' id='block_1_39' title="bbox 369 3557 1953 3632">
    <p class='ocr_par' dir='ltr' id='par_1_39' title="bbox 369 3557 1953 3632">
     <span class='ocr_line' id='line_1_39' title="bbox 369 3557 1953 3632; baseline 0.004 -23"><span class='ocrx_word' id='word_1_273' title='bbox 369 3557 576 3629; x_wconf 84' lang='grc' dir='ltr'>’Ὠσπερ</span> <span class='ocrx_word' id='word_1_274' title='bbox 599 3557 663 3612; x_wconf 79' lang='grc' dir='ltr'>ἂν</span> <span class='ocrx_word' id='word_1_275' title='bbox 685 3559 836 3624; x_wconf 80' lang='grc' dir='ltr'>εἴτις</span> <span class='ocrx_word' id='word_1_276' title='bbox 850 3560 990 3632; x_wconf 82' lang='grc' dir='ltr'>ὑπὲρ</span> <span class='ocrx_word' id='word_1_277' title='bbox 1008 3561 1113 3613; x_wconf 84' lang='grc' dir='ltr'><strong>τῶν</strong></span> <span class='ocrx_word' id='word_1_278' title='bbox 1133 3562 1446 3632; x_wconf 83' lang='grc' dir='ltr'>καμνόντων</span> <span class='ocrx_word' id='word_1_279' title='bbox 1473 3562 1534 3614; x_wconf 84' lang='grc' dir='ltr'><strong>τὸ</strong></span> <span class='ocrx_word' id='word_1_280' title='bbox 1553 3561 1710 3632; x_wconf 83' lang='grc' dir='ltr'>σῶμα</span> <span class='ocrx_word' id='word_1_281' title='bbox 1730 3580 1953 3632; x_wconf 83' lang='grc' dir='ltr'>προσευ-</span> 
     </span>
    </p>
   </div>
   <div class='ocr_carea' id='block_1_40' title="bbox 365 3649 1949 3724">
    <p class='ocr_par' dir='ltr' id='par_1_40' title="bbox 365 3649 1949 3724">
     <span class='ocr_line' id='line_1_40' title="bbox 365 3649 1949 3724; baseline 0.004 -23"><span class='ocrx_word' id='word_1_282' title='bbox 365 3649 590 3720; x_wconf 86' lang='grc' dir='ltr'>χόμενος</span> <span class='ocrx_word' id='word_1_283' title='bbox 602 3651 769 3720; x_wconf 87' lang='grc' dir='ltr'>λέγοι·</span> <span class='ocrx_word' id='word_1_284' title='bbox 786 3652 1005 3704; x_wconf 88' lang='grc' dir='ltr'>Συντελε</span> <span class='ocrx_word' id='word_1_285' title='bbox 1013 3654 1192 3724; x_wconf 84' lang='grc' dir='ltr'>σθήτω</span> <span class='ocrx_word' id='word_1_286' title='bbox 1207 3654 1269 3722; x_wconf 85' lang='grc' dir='ltr'>δὴ</span> <span class='ocrx_word' id='word_1_287' title='bbox 1287 3657 1318 3724; x_wconf 83' lang='grc' dir='ltr'>ἡ</span> <span class='ocrx_word' id='word_1_288' title='bbox 1334 3655 1484 3717; x_wconf 81' lang='grc' dir='ltr'>νόσος</span> <span class='ocrx_word' id='word_1_289' title='bbox 1495 3654 1602 3706; x_wconf 83' lang='grc' dir='ltr'>τῶν</span> <span class='ocrx_word' id='word_1_290' title='bbox 1615 3655 1949 3724; x_wconf 82' lang='grc' dir='ltr'>καμνόντων.</span> 
     </span>
    </p>
   </div>
   <div class='ocr_carea' id='block_1_41' title="bbox 367 3742 1952 3818">
    <p class='ocr_par' dir='ltr' id='par_1_41' title="bbox 367 3742 1952 3818">
     <span class='ocr_line' id='line_1_41' title="bbox 367 3742 1952 3818; baseline 0.002 -24"><span class='ocrx_word' id='word_1_291' title='bbox 367 3742 482 3794; x_wconf 86' lang='grc' dir='ltr'>Ἵνα</span> <span class='ocrx_word' id='word_1_292' title='bbox 497 3743 604 3814; x_wconf 80' lang='grc' dir='ltr'>γὰρ</span> <span class='ocrx_word' id='word_1_293' title='bbox 625 3743 697 3814; x_wconf 80' lang='grc' dir='ltr'><strong>μὴ</strong></span> <span class='ocrx_word' id='word_1_294' title='bbox 714 3745 804 3796; x_wconf 76' lang='grc' dir='ltr'>ἐπὶ</span> <span class='ocrx_word' id='word_1_295' title='bbox 817 3745 974 3798; x_wconf 85' lang='grc' dir='ltr'>πλέον</span> <span class='ocrx_word' id='word_1_296' title='bbox 992 3745 1236 3816; x_wconf 82' lang='grc' dir='ltr'>’ἑρπουσα</span> <span class='ocrx_word' id='word_1_297' title='bbox 1253 3746 1325 3808; x_wconf 83' lang='grc' dir='ltr'><strong>ὡς</strong></span> <span class='ocrx_word' id='word_1_298' title='bbox 1340 3746 1448 3816; x_wconf 73' lang='lat'><strong>(7:2)</strong></span> <span class='ocrx_word' id='word_1_299' title='bbox 1461 3746 1770 3818; x_wconf 72' lang='grc' dir='ltr'>γάγγραινα</span> <span class='ocrx_word' id='word_1_300' title='bbox 1782 3745 1952 3816; x_wconf 80' lang='grc' dir='ltr'>νομὴν</span> 
     </span>
    </p>
   </div>
   <div class='ocr_carea' id='block_1_42' title="bbox 361 3831 1953 3907">
    <p class='ocr_par' dir='ltr' id='par_1_42' title="bbox 361 3831 1953 3907">
     <span class='ocr_line' id='line_1_42' title="bbox 361 3831 1953 3907; baseline 0.001 -23"><span class='ocrx_word' id='word_1_301' title='bbox 361 3831 658 3906; x_wconf 75' lang='grc' dir='ltr'>λαμϐάνῃή</span> <span class='ocrx_word' id='word_1_302' title='bbox 681 3835 944 3906; x_wconf 83' lang='grc' dir='ltr'>ἁμαρτία,</span> <span class='ocrx_word' id='word_1_303' title='bbox 961 3833 1179 3906; x_wconf 74' lang='grc' dir='ltr'>εὔχεται</span> <span class='ocrx_word' id='word_1_304' title='bbox 1197 3835 1348 3907; x_wconf 86' lang='grc' dir='ltr'><strong>παρά</strong></span> <span class='ocrx_word' id='word_1_305' title='bbox 1361 3836 1516 3900; x_wconf 86' lang='grc' dir='ltr'>Θεοῦ,</span> <span class='ocrx_word' id='word_1_306' title='bbox 1539 3837 1953 3906; x_wconf 75' lang='grc' dir='ltr'>στῆναικαὶόρι-</span> 
     </span>
    </p>
   </div>
   <div class='ocr_carea' id='block_1_43' title="bbox 365 3923 1953 4000">
    <p class='ocr_par' dir='ltr' id='par_1_43' title="bbox 365 3923 1953 4000">
     <span class='ocr_line' id='line_1_43' title="bbox 365 3923 1953 4000; baseline 0.003 -23"><span class='ocrx_word' id='word_1_307' title='bbox 365 3923 557 3994; x_wconf 81' lang='grc' dir='ltr'>σθῆναι</span> <span class='ocrx_word' id='word_1_308' title='bbox 572 3925 668 3996; x_wconf 81' lang='grc' dir='ltr'><strong>τὴν</strong></span> <span class='ocrx_word' id='word_1_309' title='bbox 683 3927 773 3978; x_wconf 73' lang='grc' dir='ltr'><strong>ἐπὶ</strong></span> <span class='ocrx_word' id='word_1_310' title='bbox 787 3926 947 3980; x_wconf 87' lang='grc' dir='ltr'>πλέον</span> <span class='ocrx_word' id='word_1_311' title='bbox 963 3926 1119 3997; x_wconf 89' lang='grc' dir='ltr'>χύσιν</span> <span class='ocrx_word' id='word_1_312' title='bbox 1131 3927 1230 3996; x_wconf 80' lang='grc' dir='ltr'><strong>τῆς</strong></span> <span class='ocrx_word' id='word_1_313' title='bbox 1245 3929 1278 3980; x_wconf 91' lang='grc' dir='ltr'><strong>ἀ</strong></span> <span class='ocrx_word' id='word_1_314' title='bbox 1285 3945 1358 3997; x_wconf 88' lang='grc' dir='ltr'><strong>μα</strong></span> <span class='ocrx_word' id='word_1_315' title='bbox 1367 3928 1538 4000; x_wconf 89' lang='grc' dir='ltr'>ρτίας,</span> <span class='ocrx_word' id='word_1_316' title='bbox 1554 3931 1582 3981; x_wconf 83' lang='grc' dir='ltr'>ὁ</span> <span class='ocrx_word' id='word_1_317' title='bbox 1593 3928 1817 3996; x_wconf 81' lang='grc' dir='ltr'>ἀγαπῶν</span> <span class='ocrx_word' id='word_1_318' title='bbox 1828 3929 1953 3990; x_wconf 78' lang='grc' dir='ltr'>τοὺς</span> 
     </span>
    </p>
   </div>
   <div class='ocr_carea' id='block_1_44' title="bbox 361 4016 1946 4088">
    <p class='ocr_par' dir='ltr' id='par_1_44' title="bbox 361 4016 1946 4088">
     <span class='ocr_line' id='line_1_44' title="bbox 361 4016 1946 4088; baseline 0.001 -20"><span class='ocrx_word' id='word_1_319' title='bbox 361 4016 587 4087; x_wconf 77' lang='grc' dir='ltr'>ἐχθροὺς</span> <span class='ocrx_word' id='word_1_320' title='bbox 608 4017 793 4082; x_wconf 86' lang='grc' dir='ltr'>αὐτοῦ,</span> <span class='ocrx_word' id='word_1_321' title='bbox 810 4019 902 4071; x_wconf 68' lang='grc' dir='ltr'>καὶ</span> <span class='ocrx_word' id='word_1_322' title='bbox 919 4018 1097 4081; x_wconf 83' lang='grc' dir='ltr'>καλῶς</span> <span class='ocrx_word' id='word_1_323' title='bbox 1112 4021 1283 4071; x_wconf 84' lang='grc' dir='ltr'>ποιεῖν</span> <span class='ocrx_word' id='word_1_324' title='bbox 1306 4020 1431 4081; x_wconf 77' lang='grc' dir='ltr'>τοὺς</span> <span class='ocrx_word' id='word_1_325' title='bbox 1453 4019 1742 4088; x_wconf 76' lang='grc' dir='ltr'>μισοῦντας</span> <span class='ocrx_word' id='word_1_326' title='bbox 1761 4017 1946 4088; x_wconf 85' lang='grc' dir='ltr'>βουλό-</span> 
     </span>
    </p>
   </div>
   <div class='ocr_carea' id='block_1_45' title="bbox 363 4106 1947 4179">
    <p class='ocr_par' dir='ltr' id='par_1_45' title="bbox 363 4106 1947 4179">
     <span class='ocr_line' id='line_1_45' title="bbox 363 4106 1947 4179; baseline 0.004 -23"><span class='ocrx_word' id='word_1_327' title='bbox 363 4122 544 4172; x_wconf 88' lang='grc' dir='ltr'>μενος,</span> <span class='ocrx_word' id='word_1_328' title='bbox 569 4108 662 4160; x_wconf 72' lang='grc' dir='ltr'>καὶ</span> <span class='ocrx_word' id='word_1_329' title='bbox 682 4106 768 4159; x_wconf 73' lang='grc' dir='ltr'>διὰ</span> <span class='ocrx_word' id='word_1_330' title='bbox 781 4106 939 4160; x_wconf 88' lang='grc' dir='ltr'>τοῦτο</span> <span class='ocrx_word' id='word_1_331' title='bbox 955 4109 1390 4178; x_wconf 84' lang='grc' dir='ltr'>προσευχόμενος</span> <span class='ocrx_word' id='word_1_332' title='bbox 1408 4109 1547 4179; x_wconf 81' lang='grc' dir='ltr'>ὑπὲρ</span> <span class='ocrx_word' id='word_1_333' title='bbox 1575 4107 1684 4160; x_wconf 77' lang='grc' dir='ltr'><strong>τῶν</strong></span> <span class='ocrx_word' id='word_1_334' title='bbox 1709 4109 1947 4179; x_wconf 77' lang='grc' dir='ltr'>ἐπηρεα-</span> 
     </span>
    </p>
   </div>
   <div class='ocr_carea' id='block_1_46' title="bbox 363 4195 1950 4269">
    <p class='ocr_par' dir='ltr' id='par_1_46' title="bbox 363 4195 1950 4269">
     <span class='ocr_line' id='line_1_46' title="bbox 363 4195 1950 4269; baseline 0.002 -21"><span class='ocrx_word' id='word_1_335' title='bbox 363 4195 560 4259; x_wconf 80' lang='grc' dir='ltr'>ζόντων</span> <span class='ocrx_word' id='word_1_336' title='bbox 597 4199 903 4252; x_wconf 78' lang='grc' dir='ltr'>αύτόν.Καὶ</span> <span class='ocrx_word' id='word_1_337' title='bbox 942 4199 1594 4265; x_wconf 72' lang='grc' dir='ltr'>κατευθυνεῖςδίκαιον.</span> <span class='ocrx_word' id='word_1_338' title='bbox 1625 4199 1801 4269; x_wconf 53' lang='lat' dir='ltr'><strong>eset];</strong></span> <span class='ocrx_word' id='word_1_339' title='bbox 1829 4198 1950 4252; x_wconf 80' lang='grc' dir='ltr'>ὁδί·</span> 
     </span>
    </p>
   </div>
   <div class='ocr_carea' id='block_1_47' title="bbox 2077 547 3633 620">
    <p class='ocr_par' dir='ltr' id='par_1_47' title="bbox 2077 547 3633 620">
     <span class='ocr_line' id='line_1_47' title="bbox 2077 547 3633 620; baseline 0.007 -21"><span class='ocrx_word' id='word_1_340' title='bbox 2077 561 2276 607; x_wconf 88' lang='lat' dir='ltr'><strong>sermo,</strong></span> <span class='ocrx_word' id='word_1_341' title='bbox 2307 547 2606 613; x_wconf 75' lang='lat' dir='ltr'><strong>acjustitize</strong></span> <span class='ocrx_word' id='word_1_342' title='bbox 2631 550 2876 617; x_wconf 70' lang='lat' dir='ltr'><strong>perfectae</strong></span> <span class='ocrx_word' id='word_1_343' title='bbox 2903 549 3034 604; x_wconf 80' lang='lat' dir='ltr'><strong>lines</strong></span> <span class='ocrx_word' id='word_1_344' title='bbox 3056 561 3211 620; x_wconf 89' lang='lat' dir='ltr'><strong>captu</strong></span> <span class='ocrx_word' id='word_1_345' title='bbox 3229 563 3352 606; x_wconf 90' lang='lat' dir='ltr'><strong>sunt</strong></span> <span class='ocrx_word' id='word_1_346' title='bbox 3376 552 3633 610; x_wconf 85' lang='lat' dir='ltr'><strong>dilIicilcs.</strong></span> 
     </span>
    </p>
   </div>
   <div class='ocr_carea' id='block_1_48' title="bbox 2071 636 3636 713">
    <p class='ocr_par' dir='ltr' id='par_1_48' title="bbox 2071 636 3636 713">
     <span class='ocr_line' id='line_1_48' title="bbox 2071 636 3636 713; baseline 0.007 -23"><span class='ocrx_word' id='word_1_347' title='bbox 2071 636 2168 690; x_wconf 86' lang='lat' dir='ltr'><strong>Est</strong></span> <span class='ocrx_word' id='word_1_348' title='bbox 2199 642 2342 690; x_wconf 89' lang='lat' dir='ltr'><strong>enim</strong></span> <span class='ocrx_word' id='word_1_349' title='bbox 2376 650 2429 691; x_wconf 87' lang='lat' dir='ltr'><strong>et</strong></span> <span class='ocrx_word' id='word_1_350' title='bbox 2465 639 2780 707; x_wconf 81' lang='lat' dir='ltr'><strong>angelorum</strong></span> <span class='ocrx_word' id='word_1_351' title='bbox 2803 642 3010 709; x_wconf 89' lang='lat' dir='ltr'><strong>justitia</strong></span> <span class='ocrx_word' id='word_1_352' title='bbox 3065 645 3330 711; x_wconf 69' lang='lat' dir='ltr'><strong>quaedam,</strong></span> <span class='ocrx_word' id='word_1_353' title='bbox 3378 659 3496 713; x_wconf 65' lang='lat' dir='ltr'><strong>qua:</strong></span> <span class='ocrx_word' id='word_1_354' title='bbox 3536 648 3636 700; x_wconf 77' lang='lat' dir='ltr'><strong>bu-</strong></span> 
     </span>
    </p>
   </div>
   <div class='ocr_carea' id='block_1_49' title="bbox 2072 729 3637 806">
    <p class='ocr_par' dir='ltr' id='par_1_49' title="bbox 2072 729 3637 806">
     <span class='ocr_line' id='line_1_49' title="bbox 2072 729 3637 806; baseline 0.008 -26"><span class='ocrx_word' id='word_1_355' title='bbox 2072 743 2284 780; x_wconf 84' lang='lat' dir='ltr'><strong>manam</strong></span> <span class='ocrx_word' id='word_1_356' title='bbox 2321 729 2474 797; x_wconf 76' lang='lat' dir='ltr'><strong>longe</strong></span> <span class='ocrx_word' id='word_1_357' title='bbox 2506 741 2728 799; x_wconf 88' lang='lat' dir='ltr'><strong>superat</strong></span> <span class='ocrx_word' id='word_1_358' title='bbox 2765 751 2779 787; x_wconf 92' lang='lat'>:</span> <span class='ocrx_word' id='word_1_359' title='bbox 2813 735 2936 787; x_wconf 87' lang='lat' dir='ltr'><strong>etsi</strong></span> <span class='ocrx_word' id='word_1_360' title='bbox 2972 750 3074 803; x_wconf 88' lang='lat' dir='ltr'><strong>qua</strong></span> <span class='ocrx_word' id='word_1_361' title='bbox 3111 744 3193 790; x_wconf 88' lang='lat' dir='ltr'><strong>est</strong></span> <span class='ocrx_word' id='word_1_362' title='bbox 3220 737 3389 790; x_wconf 87' lang='lat' dir='ltr'><strong>virtus</strong></span> <span class='ocrx_word' id='word_1_363' title='bbox 3433 738 3637 806; x_wconf 78' lang='lat' dir='ltr'><strong>angelis</strong></span> 
     </span>
    </p>
   </div>
   <div class='ocr_carea' id='block_1_50' title="bbox 2076 822 3636 896">
    <p class='ocr_par' dir='ltr' id='par_1_50' title="bbox 2076 822 3636 896">
     <span class='ocr_line' id='line_1_50' title="bbox 2076 822 3636 896; baseline 0.005 -22"><span class='ocrx_word' id='word_1_364' title='bbox 2076 822 2360 888; x_wconf 80' lang='lat' dir='ltr'><strong>superior,</strong></span> <span class='ocrx_word' id='word_1_365' title='bbox 2407 823 2635 890; x_wconf 66' lang='lat' dir='ltr'><strong>justitite</strong></span> <span class='ocrx_word' id='word_1_366' title='bbox 2689 827 3055 892; x_wconf 63' lang='lat' dir='ltr'><strong>praestantiam</strong></span> <span class='ocrx_word' id='word_1_367' title='bbox 3113 829 3464 896; x_wconf 77' lang='lat' dir='ltr'><strong>magnitudini</strong></span> <span class='ocrx_word' id='word_1_368' title='bbox 3525 845 3636 882; x_wconf 63' lang='lat' dir='ltr'><strong>sua;</strong></span> 
     </span>
    </p>
   </div>
   <div class='ocr_carea' id='block_1_51' title="bbox 2070 913 3664 986">
    <p class='ocr_par' dir='ltr' id='par_1_51' title="bbox 2070 913 3664 986">
     <span class='ocr_line' id='line_1_51' title="bbox 2070 913 3664 986; baseline 0.006 -22"><span class='ocrx_word' id='word_1_369' title='bbox 2070 923 2458 980; x_wconf 77' lang='lat' dir='ltr'><strong>congruentem</strong></span> <span class='ocrx_word' id='word_1_370' title='bbox 2513 913 2696 970; x_wconf 84' lang='lat' dir='ltr'><strong>habet.</strong></span> <span class='ocrx_word' id='word_1_371' title='bbox 2732 914 2870 980; x_wconf 86' lang='lat' dir='ltr'><strong>Quin</strong></span> <span class='ocrx_word' id='word_1_372' title='bbox 2917 920 3076 970; x_wconf 88' lang='lat' dir='ltr'><strong>etiam</strong></span> <span class='ocrx_word' id='word_1_373' title='bbox 3111 927 3194 971; x_wconf 86' lang='lat' dir='ltr'><strong>est</strong></span> <span class='ocrx_word' id='word_1_374' title='bbox 3225 919 3513 986; x_wconf 90' lang='lat' dir='ltr'><strong>ipsiusmet-</strong></span> <span class='ocrx_word' id='word_1_375' title='bbox 3539 919 3632 973; x_wconf 88' lang='lat' dir='ltr'><strong>Dei</strong></span> <span class='ocrx_word' id='word_1_376' title='bbox 3662 981 3664 984; x_wconf 24' lang='grc' dir='ltr'><strong><em>τ</em></strong></span> 
     </span>
    </p>
   </div>
   <div class='ocr_carea' id='block_1_52' title="bbox 2074 985 3664 1076">
    <p class='ocr_par' dir='ltr' id='par_1_52' title="bbox 2074 985 3664 1076">
     <span class='ocr_line' id='line_1_52' title="bbox 2074 985 3664 1076; baseline 0.006 -24"><span class='ocrx_word' id='word_1_377' title='bbox 2074 1002 2308 1072; x_wconf 87' lang='lat' dir='ltr'><strong>jnstitia.</strong></span> <span class='ocrx_word' id='word_1_378' title='bbox 2337 1019 2454 1071; x_wconf 73' lang='lat' dir='ltr'><strong>qua:</strong></span> <span class='ocrx_word' id='word_1_379' title='bbox 2502 1019 2716 1058; x_wconf 87' lang='lat' dir='ltr'><strong>omnem</strong></span> <span class='ocrx_word' id='word_1_380' title='bbox 2761 1007 3088 1060; x_wconf 87' lang='lat' dir='ltr'><strong>transcendit</strong></span> <span class='ocrx_word' id='word_1_381' title='bbox 3117 985 3463 1075; x_wconf 85' lang='lat' dir='ltr'><strong>intellectum,</strong></span> <span class='ocrx_word' id='word_1_382' title='bbox 3490 1023 3630 1076; x_wconf 61' lang='lat' dir='ltr'><strong>quar-</strong></span> <span class='ocrx_word' id='word_1_383' title='bbox 3660 985 3664 994; x_wconf 48' lang='grc'><em>’</em></span> 
     </span>
    </p>
   </div>
   <div class='ocr_carea' id='block_1_53' title="bbox 2066 1089 3627 1160">
    <p class='ocr_par' dir='ltr' id='par_1_53' title="bbox 2066 1089 3627 1160">
     <span class='ocr_line' id='line_1_53' title="bbox 2066 1089 3627 1160; baseline 0.001 -17"><span class='ocrx_word' id='word_1_384' title='bbox 2066 1106 2170 1159; x_wconf 89' lang='lat' dir='ltr'><strong>que</strong></span> <span class='ocrx_word' id='word_1_385' title='bbox 2206 1089 2492 1144; x_wconf 72' lang='lat' dir='ltr'><strong>inelfabilis</strong></span> <span class='ocrx_word' id='word_1_386' title='bbox 2526 1105 2633 1155; x_wconf 83' lang='lat' dir='ltr'><strong>est,</strong></span> <span class='ocrx_word' id='word_1_387' title='bbox 2665 1091 2919 1160; x_wconf 90' lang='lat' dir='ltr'><strong>omnique</strong></span> <span class='ocrx_word' id='word_1_388' title='bbox 2964 1103 3160 1146; x_wconf 72' lang='lat' dir='ltr'><strong>creata:</strong></span> <span class='ocrx_word' id='word_1_389' title='bbox 3196 1103 3400 1147; x_wconf 70' lang='lat' dir='ltr'><strong>natura:</strong></span> <span class='ocrx_word' id='word_1_390' title='bbox 3429 1093 3627 1146; x_wconf 80' lang='lat' dir='ltr'><strong>ineoru-</strong></span> 
     </span>
    </p>
   </div>
   <div class='ocr_carea' id='block_1_54' title="bbox 2066 1179 2501 1246">
    <p class='ocr_par' dir='ltr' id='par_1_54' title="bbox 2066 1179 2501 1246">
     <span class='ocr_line' id='line_1_54' title="bbox 2066 1179 2501 1246; baseline -0.002 -13"><span class='ocrx_word' id='word_1_391' title='bbox 2066 1179 2456 1246; x_wconf 82' lang='lat' dir='ltr'><strong>prebensibilis.</strong></span> <span class='ocrx_word' id='word_1_392' title='bbox 2474 1197 2501 1232; x_wconf 65' lang='grc' dir='ltr'><strong>ι.</strong></span> 
     </span>
    </p>
   </div>
   <div class='ocr_carea' id='block_1_55' title="bbox 2140 1271 3628 1344">
    <p class='ocr_par' dir='ltr' id='par_1_55' title="bbox 2140 1271 3628 1344">
     <span class='ocr_line' id='line_1_55' title="bbox 2140 1271 3628 1344; baseline 0.005 -19"><span class='ocrx_word' id='word_1_393' title='bbox 2140 1274 2192 1325; x_wconf 90' lang='grc'><strong>6.</strong></span> <span class='ocrx_word' id='word_1_394' title='bbox 2237 1271 2322 1324; x_wconf 79' lang='lat' dir='ltr'><strong>Me</strong></span> <span class='ocrx_word' id='word_1_395' title='bbox 2358 1273 2520 1340; x_wconf 81' lang='lat' dir='ltr'><strong>igitur</strong></span> <span class='ocrx_word' id='word_1_396' title='bbox 2549 1271 2756 1340; x_wconf 80' lang='lat' dir='ltr'><strong>judico,</strong></span> <span class='ocrx_word' id='word_1_397' title='bbox 2794 1271 3034 1337; x_wconf 77' lang='lat' dir='ltr'><strong>Domine,</strong></span> <span class='ocrx_word' id='word_1_398' title='bbox 3060 1276 3342 1328; x_wconf 82' lang='lat' dir='ltr'><strong>secundum</strong></span> <span class='ocrx_word' id='word_1_399' title='bbox 3363 1276 3628 1344; x_wconf 85' lang='lat' dir='ltr'><strong>justitiam</strong></span> 
     </span>
    </p>
   </div>
   <div class='ocr_carea' id='block_1_56' title="bbox 2070 1363 3628 1438">
    <p class='ocr_par' dir='ltr' id='par_1_56' title="bbox 2070 1363 3628 1438">
     <span class='ocr_line' id='line_1_56' title="bbox 2070 1363 3628 1438; baseline 0.006 -25"><span class='ocrx_word' id='word_1_400' title='bbox 2070 1378 2276 1426; x_wconf 79' lang='lat' dir='ltr'><strong>meum;</strong></span> <span class='ocrx_word' id='word_1_401' title='bbox 2307 1363 2358 1415; x_wconf 88' lang='lat' dir='ltr'><strong>id</strong></span> <span class='ocrx_word' id='word_1_402' title='bbox 2391 1373 2495 1427; x_wconf 88' lang='lat' dir='ltr'><strong>est,</strong></span> <span class='ocrx_word' id='word_1_403' title='bbox 2527 1379 2667 1426; x_wconf 85' lang='lat' dir='ltr'><strong>eam,</strong></span> <span class='ocrx_word' id='word_1_404' title='bbox 2701 1380 2818 1432; x_wconf 65' lang='lat' dir='ltr'><strong>quae</strong></span> <span class='ocrx_word' id='word_1_405' title='bbox 2847 1365 2913 1418; x_wconf 90' lang='lat' dir='ltr'><strong>ab</strong></span> <span class='ocrx_word' id='word_1_406' title='bbox 2964 1365 3268 1420; x_wconf 89' lang='lat' dir='ltr'><strong>hominibus</strong></span> <span class='ocrx_word' id='word_1_407' title='bbox 3299 1371 3502 1438; x_wconf 84' lang='lat' dir='ltr'><strong>acquiri</strong></span> <span class='ocrx_word' id='word_1_408' title='bbox 3535 1387 3628 1438; x_wconf 85' lang='lat' dir='ltr'><strong>po-</strong></span> 
     </span>
    </p>
   </div>
   <div class='ocr_carea' id='block_1_57' title="bbox 2069 1451 3625 1520">
    <p class='ocr_par' dir='ltr' id='par_1_57' title="bbox 2069 1451 3625 1520">
     <span class='ocr_line' id='line_1_57' title="bbox 2069 1451 3625 1520; baseline 0.006 -17"><span class='ocrx_word' id='word_1_409' title='bbox 2069 1459 2192 1512; x_wconf 85' lang='lat' dir='ltr'><strong>test,</strong></span> <span class='ocrx_word' id='word_1_410' title='bbox 2229 1465 2459 1518; x_wconf 70' lang='lat' dir='ltr'><strong>qutequc</strong></span> <span class='ocrx_word' id='word_1_411' title='bbox 2484 1465 2672 1505; x_wconf 86' lang='lat' dir='ltr'><strong>eorum</strong></span> <span class='ocrx_word' id='word_1_412' title='bbox 2703 1452 2794 1520; x_wconf 87' lang='lat' dir='ltr'><strong>qui</strong></span> <span class='ocrx_word' id='word_1_413' title='bbox 2833 1451 2884 1505; x_wconf 90' lang='lat' dir='ltr'><strong>in</strong></span> <span class='ocrx_word' id='word_1_414' title='bbox 2917 1467 3080 1506; x_wconf 89' lang='lat' dir='ltr'><strong>carne</strong></span> <span class='ocrx_word' id='word_1_415' title='bbox 3113 1455 3320 1519; x_wconf 91' lang='lat' dir='ltr'><strong>vivunt,</strong></span> <span class='ocrx_word' id='word_1_416' title='bbox 3351 1457 3491 1511; x_wconf 79' lang='lat' dir='ltr'><strong>vires</strong></span> <span class='ocrx_word' id='word_1_417' title='bbox 3522 1476 3625 1513; x_wconf 91' lang='lat' dir='ltr'><strong>non</strong></span> 
     </span>
    </p>
   </div>
   <div class='ocr_carea' id='block_1_58' title="bbox 2064 1538 3623 1618">
    <p class='ocr_par' dir='ltr' id='par_1_58' title="bbox 2064 1538 3623 1618">
     <span class='ocr_line' id='line_1_58' title="bbox 2064 1538 3623 1618; baseline 0.009 -28"><span class='ocrx_word' id='word_1_418' title='bbox 2064 1550 2298 1608; x_wconf 87' lang='lat' dir='ltr'><strong>superat.</strong></span> <span class='ocrx_word' id='word_1_419' title='bbox 2333 1538 2398 1592; x_wconf 82' lang='lat' dir='ltr'><strong>Et</strong></span> <span class='ocrx_word' id='word_1_420' title='bbox 2427 1543 2710 1594; x_wconf 85' lang='lat' dir='ltr'><strong>secundum</strong></span> <span class='ocrx_word' id='word_1_421' title='bbox 2745 1543 3098 1597; x_wconf 74' lang='lat' dir='ltr'><strong>innocentiam</strong></span> <span class='ocrx_word' id='word_1_422' title='bbox 3146 1563 3312 1600; x_wconf 85' lang='lat' dir='ltr'><strong>meam</strong></span> <span class='ocrx_word' id='word_1_423' title='bbox 3351 1565 3504 1618; x_wconf 81' lang='lat' dir='ltr'><strong>super</strong></span> <span class='ocrx_word' id='word_1_424' title='bbox 3525 1567 3623 1604; x_wconf 83' lang='lat' dir='ltr'><strong>me.</strong></span> 
     </span>
    </p>
   </div>
   <div class='ocr_carea' id='block_1_59' title="bbox 2063 1627 3624 1704">
    <p class='ocr_par' dir='ltr' id='par_1_59' title="bbox 2063 1627 3624 1704">
     <span class='ocr_line' id='line_1_59' title="bbox 2063 1627 3624 1704; baseline 0.008 -23"><span class='ocrx_word' id='word_1_425' title='bbox 2063 1627 2154 1682; x_wconf 89' lang='lat' dir='ltr'><strong>Sic</strong></span> <span class='ocrx_word' id='word_1_426' title='bbox 2177 1631 2318 1682; x_wconf 87' lang='lat' dir='ltr'><strong>enim</strong></span> <span class='ocrx_word' id='word_1_427' title='bbox 2353 1631 2588 1684; x_wconf 78' lang='lat' dir='ltr'><strong>maxime</strong></span> <span class='ocrx_word' id='word_1_428' title='bbox 2619 1632 2888 1699; x_wconf 73' lang='lat' dir='ltr'><strong>loquentis</strong></span> <span class='ocrx_word' id='word_1_429' title='bbox 2920 1633 3145 1690; x_wconf 76' lang='lat' dir='ltr'><strong>all&#39;ectus</strong></span> <span class='ocrx_word' id='word_1_430' title='bbox 3193 1639 3373 1704; x_wconf 87' lang='lat' dir='ltr'><strong>procul</strong></span> <span class='ocrx_word' id='word_1_431' title='bbox 3420 1655 3447 1690; x_wconf 89' lang='lat' dir='ltr'><strong>a</strong></span> <span class='ocrx_word' id='word_1_432' title='bbox 3487 1639 3624 1693; x_wconf 82' lang='lat' dir='ltr'><strong>Pha-</strong></span> 
     </span>
    </p>
   </div>
   <div class='ocr_carea' id='block_1_60' title="bbox 2061 1719 3628 1792">
    <p class='ocr_par' dir='ltr' id='par_1_60' title="bbox 2061 1719 3628 1792">
     <span class='ocr_line' id='line_1_60' title="bbox 2061 1719 3628 1792; baseline 0.004 -18"><span class='ocrx_word' id='word_1_433' title='bbox 2061 1719 2202 1774; x_wconf 71' lang='lat' dir='ltr'><strong>rismi</strong></span> <span class='ocrx_word' id='word_1_434' title='bbox 2239 1721 2546 1789; x_wconf 79' lang='lat' dir='ltr'><strong>arrogantia</strong></span> <span class='ocrx_word' id='word_1_435' title='bbox 2595 1721 2853 1792; x_wconf 84' lang='lat' dir='ltr'><strong>probatur</strong></span> <span class='ocrx_word' id='word_1_436' title='bbox 2883 1723 3101 1778; x_wconf 84' lang='lat' dir='ltr'><strong>distare.</strong></span> <span class='ocrx_word' id='word_1_437' title='bbox 3136 1724 3345 1780; x_wconf 82' lang='lat' dir='ltr'><strong>Etenim</strong></span> <span class='ocrx_word' id='word_1_438' title='bbox 3372 1728 3628 1782; x_wconf 88' lang='lat' dir='ltr'><strong>innocen-</strong></span> 
     </span>
    </p>
   </div>
   <div class='ocr_carea' id='block_1_61' title="bbox 2061 1815 3622 1886">
    <p class='ocr_par' dir='ltr' id='par_1_61' title="bbox 2061 1815 3622 1886">
     <span class='ocr_line' id='line_1_61' title="bbox 2061 1815 3622 1886; baseline 0.005 -20"><span class='ocrx_word' id='word_1_439' title='bbox 2061 1815 2188 1866; x_wconf 90' lang='lat' dir='ltr'><strong>tiam</strong></span> <span class='ocrx_word' id='word_1_440' title='bbox 2226 1829 2378 1866; x_wconf 91' lang='lat' dir='ltr'><strong>suam</strong></span> <span class='ocrx_word' id='word_1_441' title='bbox 2403 1815 2668 1878; x_wconf 81' lang='lat' dir='ltr'><strong>nominat,</strong></span> <span class='ocrx_word' id='word_1_442' title='bbox 2709 1817 2861 1882; x_wconf 89' lang='lat' dir='ltr'><strong>quasi</strong></span> <span class='ocrx_word' id='word_1_443' title='bbox 2895 1818 3316 1886; x_wconf 84' lang='lat' dir='ltr'><strong>simplicitatem,</strong></span> <span class='ocrx_word' id='word_1_444' title='bbox 3347 1835 3410 1872; x_wconf 89' lang='lat' dir='ltr'><strong>ac</strong></span> <span class='ocrx_word' id='word_1_445' title='bbox 3460 1821 3622 1874; x_wconf 88' lang='lat' dir='ltr'><strong>insci-</strong></span> 
     </span>
    </p>
   </div>
   <div class='ocr_carea' id='block_1_62' title="bbox 2061 1907 3622 1976">
    <p class='ocr_par' dir='ltr' id='par_1_62' title="bbox 2061 1907 3622 1976">
     <span class='ocr_line' id='line_1_62' title="bbox 2061 1907 3622 1976; baseline 0.004 -19"><span class='ocrx_word' id='word_1_446' title='bbox 2061 1907 2187 1958; x_wconf 86' lang='lat' dir='ltr'><strong>tiam</strong></span> <span class='ocrx_word' id='word_1_447' title='bbox 2249 1920 2435 1959; x_wconf 90' lang='lat' dir='ltr'><strong>eorum</strong></span> <span class='ocrx_word' id='word_1_448' title='bbox 2487 1920 2606 1974; x_wconf 75' lang='lat' dir='ltr'><strong>qua:</strong></span> <span class='ocrx_word' id='word_1_449' title='bbox 2657 1907 2874 1976; x_wconf 80' lang='lat' dir='ltr'><strong>cognitu</strong></span> <span class='ocrx_word' id='word_1_450' title='bbox 2940 1907 3088 1960; x_wconf 88' lang='lat' dir='ltr'><strong>utilia</strong></span> <span class='ocrx_word' id='word_1_451' title='bbox 3141 1919 3315 1962; x_wconf 90' lang='lat' dir='ltr'><strong>sunt:</strong></span> <span class='ocrx_word' id='word_1_452' title='bbox 3382 1909 3522 1963; x_wconf 89' lang='lat' dir='ltr'><strong>sicut</strong></span> <span class='ocrx_word' id='word_1_453' title='bbox 3569 1910 3622 1963; x_wconf 90' lang='lat' dir='ltr'><strong>in</strong></span> 
     </span>
    </p>
   </div>
   <div class='ocr_carea' id='block_1_63' title="bbox 2056 1999 3622 2055">
    <p class='ocr_par' dir='ltr' id='par_1_63' title="bbox 2056 1999 3622 2055">
     <span class='ocr_line' id='line_1_63' title="bbox 2056 1999 3622 2055; baseline 0.001 -3"><span class='ocrx_word' id='word_1_454' title='bbox 2056 1999 2362 2053; x_wconf 76' lang='lat' dir='ltr'><strong>Proverbiis</strong></span> <span class='ocrx_word' id='word_1_455' title='bbox 2409 1999 2606 2053; x_wconf 88' lang='lat' dir='ltr'><strong>dicitur</strong></span> <span class='ocrx_word' id='word_1_456' title='bbox 2641 2018 2652 2052; x_wconf 91' lang='lat'><strong>:</strong></span> <span class='ocrx_word' id='word_1_457' title='bbox 2684 1999 2940 2053; x_wconf 83' lang='lat' dir='ltr'><strong>Innocens</strong></span> <span class='ocrx_word' id='word_1_458' title='bbox 2990 2001 3153 2054; x_wconf 83' lang='lat' dir='ltr'><strong>credit</strong></span> <span class='ocrx_word' id='word_1_459' title='bbox 3203 2003 3341 2054; x_wconf 85' lang='lat' dir='ltr'><strong>omni</strong></span> <span class='ocrx_word' id='word_1_460' title='bbox 3389 2000 3622 2055; x_wconf 79' lang='lat' dir='ltr'><strong>verbo“.</strong></span> 
     </span>
    </p>
   </div>
   <div class='ocr_carea' id='block_1_64' title="bbox 2057 2093 3622 2160">
    <p class='ocr_par' dir='ltr' id='par_1_64' title="bbox 2057 2093 3622 2160">
     <span class='ocr_line' id='line_1_64' title="bbox 2057 2093 3622 2160; baseline 0.001 -16"><span class='ocrx_word' id='word_1_461' title='bbox 2057 2093 2321 2158; x_wconf 85' lang='lat' dir='ltr'><strong>Quoniam</strong></span> <span class='ocrx_word' id='word_1_462' title='bbox 2359 2093 2538 2160; x_wconf 77' lang='lat' dir='ltr'><strong>itaque</strong></span> <span class='ocrx_word' id='word_1_463' title='bbox 2589 2108 2686 2146; x_wconf 91' lang='lat' dir='ltr'><strong>nos</strong></span> <span class='ocrx_word' id='word_1_464' title='bbox 2719 2093 2966 2147; x_wconf 85' lang='lat' dir='ltr'><strong>homines</strong></span> <span class='ocrx_word' id='word_1_465' title='bbox 3007 2094 3059 2148; x_wconf 91' lang='lat' dir='ltr'><strong>in</strong></span> <span class='ocrx_word' id='word_1_466' title='bbox 3096 2094 3284 2148; x_wconf 84' lang='lat' dir='ltr'><strong>multis</strong></span> <span class='ocrx_word' id='word_1_467' title='bbox 3315 2094 3529 2147; x_wconf 88' lang='lat' dir='ltr'><strong>incaute</strong></span> <span class='ocrx_word' id='word_1_468' title='bbox 3556 2109 3622 2148; x_wconf 76' lang='lat' dir='ltr'><strong>ex</strong></span> 
     </span>
    </p>
   </div>
   <div class='ocr_carea' id='block_1_65' title="bbox 2058 2181 3625 2252">
    <p class='ocr_par' dir='ltr' id='par_1_65' title="bbox 2058 2181 3625 2252">
     <span class='ocr_line' id='line_1_65' title="bbox 2058 2181 3625 2252; baseline -0.001 -15"><span class='ocrx_word' id='word_1_469' title='bbox 2058 2185 2323 2252; x_wconf 86' lang='lat' dir='ltr'><strong>imperitia</strong></span> <span class='ocrx_word' id='word_1_470' title='bbox 2388 2181 2750 2249; x_wconf 65' lang='lat' dir='ltr'><strong>oﬂ‘endimus,</strong></span> <span class='ocrx_word' id='word_1_471' title='bbox 2815 2184 2981 2237; x_wconf 90' lang='lat' dir='ltr'><strong>Deum</strong></span> <span class='ocrx_word' id='word_1_472' title='bbox 3034 2195 3209 2250; x_wconf 75' lang='lat' dir='ltr'><strong>rogat,</strong></span> <span class='ocrx_word' id='word_1_473' title='bbox 3270 2185 3510 2252; x_wconf 88' lang='lat' dir='ltr'><strong>petitque</strong></span> <span class='ocrx_word' id='word_1_474' title='bbox 3567 2191 3625 2236; x_wconf 83' lang='grc' dir='ltr'><strong>ιιι</strong></span> 
     </span>
    </p>
   </div>
   <div class='ocr_carea' id='block_1_66' title="bbox 2056 2276 3624 2344">
    <p class='ocr_par' dir='ltr' id='par_1_66' title="bbox 2056 2276 3624 2344">
     <span class='ocr_line' id='line_1_66' title="bbox 2056 2276 3624 2344; baseline 0.003 -18"><span class='ocrx_word' id='word_1_475' title='bbox 2056 2279 2265 2330; x_wconf 82' lang='lat' dir='ltr'><strong>veniam</strong></span> <span class='ocrx_word' id='word_1_476' title='bbox 2303 2288 2522 2344; x_wconf 82' lang='lat' dir='ltr'><strong>prepter</strong></span> <span class='ocrx_word' id='word_1_477' title='bbox 2577 2276 2940 2329; x_wconf 82' lang='lat' dir='ltr'><strong>innocentiam</strong></span> <span class='ocrx_word' id='word_1_478' title='bbox 2978 2287 3319 2342; x_wconf 88' lang='lat' dir='ltr'><strong>asscqnatur.</strong></span> <span class='ocrx_word' id='word_1_479' title='bbox 3357 2276 3481 2329; x_wconf 88' lang='lat' dir='ltr'><strong>Inde</strong></span> <span class='ocrx_word' id='word_1_480' title='bbox 3525 2291 3624 2330; x_wconf 81' lang='lat' dir='ltr'><strong>att-</strong></span> 
     </span>
    </p>
   </div>
   <div class='ocr_carea' id='block_1_67' title="bbox 2058 2364 3626 2430">
    <p class='ocr_par' dir='ltr' id='par_1_67' title="bbox 2058 2364 3626 2430">
     <span class='ocr_line' id='line_1_67' title="bbox 2058 2364 3626 2430; baseline 0.001 -14"><span class='ocrx_word' id='word_1_481' title='bbox 2058 2375 2160 2418; x_wconf 89' lang='lat' dir='ltr'><strong>tem</strong></span> <span class='ocrx_word' id='word_1_482' title='bbox 2192 2365 2534 2419; x_wconf 81' lang='lat' dir='ltr'><strong>manifestum</strong></span> <span class='ocrx_word' id='word_1_483' title='bbox 2573 2375 2657 2418; x_wconf 89' lang='lat' dir='ltr'><strong>est</strong></span> <span class='ocrx_word' id='word_1_484' title='bbox 2685 2364 2955 2430; x_wconf 77' lang='lat' dir='ltr'><strong>loquentis</strong></span> <span class='ocrx_word' id='word_1_485' title='bbox 2977 2365 3333 2416; x_wconf 87' lang='lat' dir='ltr'><strong>humilitatem</strong></span> <span class='ocrx_word' id='word_1_486' title='bbox 3355 2365 3437 2419; x_wconf 82' lang='lat' dir='ltr'><strong>his</strong></span> <span class='ocrx_word' id='word_1_487' title='bbox 3469 2367 3626 2419; x_wconf 87' lang='lat' dir='ltr'><strong>dictis</strong></span> 
     </span>
    </p>
   </div>
   <div class='ocr_carea' id='block_1_68' title="bbox 2055 2457 3624 2529">
    <p class='ocr_par' dir='ltr' id='par_1_68' title="bbox 2055 2457 3624 2529">
     <span class='ocr_line' id='line_1_68' title="bbox 2055 2457 3624 2529; baseline -0.002 -19"><span class='ocrx_word' id='word_1_488' title='bbox 2055 2459 2224 2529; x_wconf 78' lang='lat' dir='ltr'><strong>magis</strong></span> <span class='ocrx_word' id='word_1_489' title='bbox 2262 2459 2512 2525; x_wconf 85' lang='lat' dir='ltr'><strong>indicari,</strong></span> <span class='ocrx_word' id='word_1_490' title='bbox 2553 2473 2714 2527; x_wconf 88' lang='lat' dir='ltr'><strong>quam</strong></span> <span class='ocrx_word' id='word_1_491' title='bbox 2770 2459 3098 2525; x_wconf 78' lang='lat' dir='ltr'><strong>superbiam.</strong></span> <span class='ocrx_word' id='word_1_492' title='bbox 3132 2457 3323 2510; x_wconf 73' lang='lat' dir='ltr'><strong>Jac/ica</strong></span> <span class='ocrx_word' id='word_1_493' title='bbox 3356 2474 3434 2510; x_wconf 88' lang='lat' dir='ltr'><strong>me</strong></span> <span class='ocrx_word' id='word_1_494' title='bbox 3457 2458 3624 2525; x_wconf 83' lang='lat' dir='ltr'><strong>enim,</strong></span> 
     </span>
    </p>
   </div>
   <div class='ocr_carea' id='block_1_69' title="bbox 2059 2549 3626 2620">
    <p class='ocr_par' dir='ltr' id='par_1_69' title="bbox 2059 2549 3626 2620">
     <span class='ocr_line' id='line_1_69' title="bbox 2059 2549 3626 2620; baseline -0.002 -16"><span class='ocrx_word' id='word_1_495' title='bbox 2059 2551 2255 2620; x_wconf 87' lang='lat' dir='ltr'><strong>inquit,</strong></span> <span class='ocrx_word' id='word_1_496' title='bbox 2327 2551 2611 2604; x_wconf 80' lang='lat' dir='ltr'><strong>secundum</strong></span> <span class='ocrx_word' id='word_1_497' title='bbox 2669 2549 2935 2618; x_wconf 80' lang='lat' dir='ltr'><strong>justitiam</strong></span> <span class='ocrx_word' id='word_1_498' title='bbox 2993 2566 3179 2613; x_wconf 87' lang='lat' dir='ltr'><strong>meam,</strong></span> <span class='ocrx_word' id='word_1_499' title='bbox 3218 2559 3264 2602; x_wconf 83' lang='lat' dir='ltr'><strong>et</strong></span> <span class='ocrx_word' id='word_1_500' title='bbox 3314 2549 3489 2617; x_wconf 68' lang='lat' dir='ltr'><strong>iudica</strong></span> <span class='ocrx_word' id='word_1_501' title='bbox 3541 2565 3626 2601; x_wconf 87' lang='lat' dir='ltr'><strong>me</strong></span> 
     </span>
    </p>
   </div>
   <div class='ocr_carea' id='block_1_70' title="bbox 2054 2640 3626 2709">
    <p class='ocr_par' dir='ltr' id='par_1_70' title="bbox 2054 2640 3626 2709">
     <span class='ocr_line' id='line_1_70' title="bbox 2054 2640 3626 2709; baseline -0.003 -12"><span class='ocrx_word' id='word_1_502' title='bbox 2054 2645 2338 2698; x_wconf 81' lang='lat' dir='ltr'><strong>secundum</strong></span> <span class='ocrx_word' id='word_1_503' title='bbox 2391 2643 2743 2696; x_wconf 80' lang='lat' dir='ltr'><strong>innocentiam</strong></span> <span class='ocrx_word' id='word_1_504' title='bbox 2806 2644 2856 2695; x_wconf 91' lang='lat' dir='ltr'><strong>in</strong></span> <span class='ocrx_word' id='word_1_505' title='bbox 2914 2657 2997 2694; x_wconf 92' lang='lat' dir='ltr'><strong>me</strong></span> <span class='ocrx_word' id='word_1_506' title='bbox 3045 2643 3412 2696; x_wconf 87' lang='lat' dir='ltr'><strong>exsistentcm.</strong></span> <span class='ocrx_word' id='word_1_507' title='bbox 3445 2640 3626 2709; x_wconf 82' lang='lat' dir='ltr'><strong>Itaque</strong></span> 
     </span>
    </p>
   </div>
   <div class='ocr_carea' id='block_1_71' title="bbox 2049 2735 3622 2805">
    <p class='ocr_par' dir='ltr' id='par_1_71' title="bbox 2049 2735 3622 2805">
     <span class='ocr_line' id='line_1_71' title="bbox 2049 2735 3622 2805; baseline -0.003 -16"><span class='ocrx_word' id='word_1_508' title='bbox 2049 2738 2316 2805; x_wconf 81' lang='lat' dir='ltr'><strong>justitiam</strong></span> <span class='ocrx_word' id='word_1_509' title='bbox 2350 2736 2565 2805; x_wconf 84' lang='lat' dir='ltr'><strong>quidem</strong></span> <span class='ocrx_word' id='word_1_510' title='bbox 2605 2752 2778 2788; x_wconf 66' lang='lat' dir='ltr'><strong>uit-2am</strong></span> <span class='ocrx_word' id='word_1_511' title='bbox 2831 2736 3121 2805; x_wconf 78' lang='lat' dir='ltr'><strong>fragilitate</strong></span> <span class='ocrx_word' id='word_1_512' title='bbox 3170 2737 3403 2789; x_wconf 80' lang='lat' dir='ltr'><strong>liumana</strong></span> <span class='ocrx_word' id='word_1_513' title='bbox 3435 2735 3622 2786; x_wconf 81' lang='lat' dir='ltr'><strong>adme-</strong></span> 
     </span>
    </p>
   </div>
   <div class='ocr_carea' id='block_1_72' title="bbox 2056 2829 3622 2897">
    <p class='ocr_par' dir='ltr' id='par_1_72' title="bbox 2056 2829 3622 2897">
     <span class='ocr_line' id='line_1_72' title="bbox 2056 2829 3622 2897; baseline -0.003 -13"><span class='ocrx_word' id='word_1_514' title='bbox 2056 2833 2210 2892; x_wconf 84' lang='lat' dir='ltr'><strong>tiens,</strong></span> <span class='ocrx_word' id='word_1_515' title='bbox 2248 2833 2326 2885; x_wconf 90' lang='lat' dir='ltr'><strong>sic</strong></span> <span class='ocrx_word' id='word_1_516' title='bbox 2352 2830 2532 2897; x_wconf 85' lang='lat' dir='ltr'><strong>judica</strong></span> <span class='ocrx_word' id='word_1_517' title='bbox 2568 2845 2651 2883; x_wconf 90' lang='lat' dir='ltr'><strong>me</strong></span> <span class='ocrx_word' id='word_1_518' title='bbox 2681 2849 2692 2884; x_wconf 92' lang='lat'>:</span> <span class='ocrx_word' id='word_1_519' title='bbox 2730 2847 2936 2882; x_wconf 89' lang='lat' dir='ltr'><strong>morum</strong></span> <span class='ocrx_word' id='word_1_520' title='bbox 2975 2845 3097 2884; x_wconf 73' lang='lat' dir='ltr'><strong>vero</strong></span> <span class='ocrx_word' id='word_1_521' title='bbox 3143 2845 3381 2884; x_wconf 90' lang='lat' dir='ltr'><strong>meorum</strong></span> <span class='ocrx_word' id='word_1_522' title='bbox 3416 2829 3622 2897; x_wconf 84' lang='lat' dir='ltr'><strong>simpli-</strong></span> 
     </span>
    </p>
   </div>
   <div class='ocr_carea' id='block_1_73' title="bbox 1979 2920 3622 2989">
    <p class='ocr_par' dir='ltr' id='par_1_73' title="bbox 1979 2920 3622 2989">
     <span class='ocr_line' id='line_1_73' title="bbox 1979 2920 3622 2989; baseline -0.001 -16"><span class='ocrx_word' id='word_1_523' title='bbox 1979 2930 2025 2989; x_wconf 68' lang='grc' dir='ltr'>ε</span> <span class='ocrx_word' id='word_1_524' title='bbox 2057 2922 2276 2973; x_wconf 86' lang='lat' dir='ltr'><strong>citatcm</strong></span> <span class='ocrx_word' id='word_1_525' title='bbox 2314 2920 2521 2981; x_wconf 83' lang='lat' dir='ltr'><strong>doctus,</strong></span> <span class='ocrx_word' id='word_1_526' title='bbox 2571 2933 2656 2971; x_wconf 90' lang='lat' dir='ltr'><strong>me</strong></span> <span class='ocrx_word' id='word_1_527' title='bbox 2693 2936 2796 2972; x_wconf 88' lang='lat' dir='ltr'><strong>nun</strong></span> <span class='ocrx_word' id='word_1_528' title='bbox 2830 2931 2888 2971; x_wconf 88' lang='lat' dir='ltr'><strong>ut</strong></span> <span class='ocrx_word' id='word_1_529' title='bbox 2927 2935 3198 2989; x_wconf 83' lang='lat' dir='ltr'><strong>sagacem,</strong></span> <span class='ocrx_word' id='word_1_530' title='bbox 3241 2935 3413 2987; x_wconf 80' lang='lat' dir='ltr'><strong>neque</strong></span> <span class='ocrx_word' id='word_1_531' title='bbox 3458 2929 3515 2973; x_wconf 91' lang='lat' dir='ltr'><strong>ut</strong></span> <span class='ocrx_word' id='word_1_532' title='bbox 3571 2921 3622 2973; x_wconf 90' lang='lat' dir='ltr'><strong>in</strong></span> 
     </span>
    </p>
   </div>
   <div class='ocr_carea' id='block_1_74' title="bbox 2058 3010 3620 3080">
    <p class='ocr_par' dir='ltr' id='par_1_74' title="bbox 2058 3010 3620 3080">
     <span class='ocr_line' id='line_1_74' title="bbox 2058 3010 3620 3080; baseline -0.004 -15"><span class='ocrx_word' id='word_1_533' title='bbox 2058 3011 2240 3066; x_wconf 87' lang='lat' dir='ltr'><strong>mundi</strong></span> <span class='ocrx_word' id='word_1_534' title='bbox 2330 3012 2561 3080; x_wconf 81' lang='lat' dir='ltr'><strong>negotiis</strong></span> <span class='ocrx_word' id='word_1_535' title='bbox 2614 3010 3107 3078; x_wconf 83' lang='lat' dir='ltr'><strong>cirrumspecmm,</strong></span> <span class='ocrx_word' id='word_1_536' title='bbox 3176 3011 3246 3063; x_wconf 91' lang='lat' dir='ltr'><strong>ita</strong></span> <span class='ocrx_word' id='word_1_537' title='bbox 3315 3019 3620 3079; x_wconf 86' lang='lat' dir='ltr'><strong>peccantem</strong></span> 
     </span>
    </p>
   </div>
   <div class='ocr_carea' id='block_1_75' title="bbox 2051 3102 3623 3171">
    <p class='ocr_par' dir='ltr' id='par_1_75' title="bbox 2051 3102 3623 3171">
     <span class='ocr_line' id='line_1_75' title="bbox 2051 3102 3623 3171; baseline -0.001 -15"><span class='ocrx_word' id='word_1_538' title='bbox 2051 3104 2398 3157; x_wconf 85' lang='lat' dir='ltr'><strong>condemnes.</strong></span> <span class='ocrx_word' id='word_1_539' title='bbox 2434 3103 2592 3157; x_wconf 67' lang='lat' dir='ltr'><strong>Vens.</strong></span> <span class='ocrx_word' id='word_1_540' title='bbox 2652 3102 2738 3155; x_wconf 77' lang='lat' dir='ltr'><strong>it).</strong></span> <span class='ocrx_word' id='word_1_541' title='bbox 2773 3102 3174 3156; x_wconf 71' lang='lat' dir='ltr'><strong>Consummatur</strong></span> <span class='ocrx_word' id='word_1_542' title='bbox 3214 3118 3350 3154; x_wconf 84' lang='lat' dir='ltr'><strong>nunc</strong></span> <span class='ocrx_word' id='word_1_543' title='bbox 3392 3104 3623 3171; x_wconf 77' lang='lat' dir='ltr'><strong>nequitia</strong></span> 
     </span>
    </p>
   </div>
   <div class='ocr_carea' id='block_1_76' title="bbox 2050 3193 3624 3265">
    <p class='ocr_par' dir='ltr' id='par_1_76' title="bbox 2050 3193 3624 3265">
     <span class='ocr_line' id='line_1_76' title="bbox 2050 3193 3624 3265; baseline -0.001 -17"><span class='ocrx_word' id='word_1_544' title='bbox 2050 3205 2400 3264; x_wconf 87' lang='lat' dir='ltr'><strong>peccatorum.</strong></span> <span class='ocrx_word' id='word_1_545' title='bbox 2442 3195 2564 3250; x_wconf 64' lang='lat' dir='ltr'><strong>Haac</strong></span> <span class='ocrx_word' id='word_1_546' title='bbox 2595 3198 2683 3265; x_wconf 89' lang='lat' dir='ltr'><strong>qui</strong></span> <span class='ocrx_word' id='word_1_547' title='bbox 2741 3205 3013 3263; x_wconf 83' lang='lat' dir='ltr'><strong>precatur,</strong></span> <span class='ocrx_word' id='word_1_548' title='bbox 3049 3193 3231 3261; x_wconf 87' lang='lat' dir='ltr'><strong>procul</strong></span> <span class='ocrx_word' id='word_1_549' title='bbox 3268 3195 3427 3248; x_wconf 86' lang='lat' dir='ltr'><strong>dubio</strong></span> <span class='ocrx_word' id='word_1_550' title='bbox 3455 3209 3624 3249; x_wconf 87' lang='lat' dir='ltr'><strong>evan-</strong></span> 
     </span>
    </p>
   </div>
   <div class='ocr_carea' id='block_1_77' title="bbox 2051 3284 3618 3358">
    <p class='ocr_par' dir='ltr' id='par_1_77' title="bbox 2051 3284 3618 3358">
     <span class='ocr_line' id='line_1_77' title="bbox 2051 3284 3618 3358; baseline -0.004 -15"><span class='ocrx_word' id='word_1_551' title='bbox 2051 3288 2342 3358; x_wconf 82' lang='lat' dir='ltr'><strong>gelicorum</strong></span> <span class='ocrx_word' id='word_1_552' title='bbox 2401 3297 2790 3356; x_wconf 61' lang='lat' dir='ltr'><strong>praecepturum</strong></span> <span class='ocrx_word' id='word_1_553' title='bbox 2843 3285 3136 3355; x_wconf 85' lang='lat' dir='ltr'><strong>discipulus</strong></span> <span class='ocrx_word' id='word_1_554' title='bbox 3187 3295 3287 3338; x_wconf 89' lang='lat' dir='ltr'><strong>est.</strong></span> <span class='ocrx_word' id='word_1_555' title='bbox 3319 3284 3450 3340; x_wconf 88' lang='lat' dir='ltr'><strong>Orat</strong></span> <span class='ocrx_word' id='word_1_556' title='bbox 3478 3286 3618 3339; x_wconf 87' lang='lat' dir='ltr'><strong>enim</strong></span> 
     </span>
    </p>
   </div>
   <div class='ocr_carea' id='block_1_78' title="bbox 2052 3377 3624 3448">
    <p class='ocr_par' dir='ltr' id='par_1_78' title="bbox 2052 3377 3624 3448">
     <span class='ocr_line' id='line_1_78' title="bbox 2052 3377 3624 3448; baseline -0.002 -16"><span class='ocrx_word' id='word_1_557' title='bbox 2052 3394 2148 3448; x_wconf 92' lang='lat' dir='ltr'><strong>pro</strong></span> <span class='ocrx_word' id='word_1_558' title='bbox 2176 3379 2616 3448; x_wconf 83' lang='lat' dir='ltr'><strong>persequentibus</strong></span> <span class='ocrx_word' id='word_1_559' title='bbox 2635 3379 2826 3448; x_wconf 88' lang='lat' dir='ltr'><strong>ipsum,</strong></span> <span class='ocrx_word' id='word_1_560' title='bbox 2857 3378 3090 3445; x_wconf 88' lang='lat' dir='ltr'><strong>petitque</strong></span> <span class='ocrx_word' id='word_1_561' title='bbox 3111 3387 3164 3430; x_wconf 89' lang='lat' dir='ltr'><strong>ut</strong></span> <span class='ocrx_word' id='word_1_562' title='bbox 3197 3377 3298 3431; x_wconf 88' lang='lat' dir='ltr'><strong>line</strong></span> <span class='ocrx_word' id='word_1_563' title='bbox 3321 3387 3375 3432; x_wconf 90' lang='lat' dir='ltr'><strong>et</strong></span> <span class='ocrx_word' id='word_1_564' title='bbox 3397 3378 3624 3432; x_wconf 86' lang='lat' dir='ltr'><strong>termino</strong></span> 
     </span>
    </p>
   </div>
   <div class='ocr_carea' id='block_1_79' title="bbox 2054 3468 3618 3539">
    <p class='ocr_par' dir='ltr' id='par_1_79' title="bbox 2054 3468 3618 3539">
     <span class='ocr_line' id='line_1_79' title="bbox 2054 3468 3618 3539; baseline -0.004 -16"><span class='ocrx_word' id='word_1_565' title='bbox 2054 3471 2292 3539; x_wconf 89' lang='lat' dir='ltr'><strong>quodam</strong></span> <span class='ocrx_word' id='word_1_566' title='bbox 2374 3479 2717 3536; x_wconf 85' lang='lat' dir='ltr'><strong>peccatorum</strong></span> <span class='ocrx_word' id='word_1_567' title='bbox 2791 3469 3046 3536; x_wconf 67' lang='lat' dir='ltr'><strong>inlquitas</strong></span> <span class='ocrx_word' id='word_1_568' title='bbox 3123 3468 3618 3522; x_wconf 88' lang='lat' dir='ltr'><strong>circumscribatur.</strong></span> 
     </span>
    </p>
   </div>
   <div class='ocr_carea' id='block_1_80' title="bbox 2055 3561 3623 3630">
    <p class='ocr_par' dir='ltr' id='par_1_80' title="bbox 2055 3561 3623 3630">
     <span class='ocr_line' id='line_1_80' title="bbox 2055 3561 3623 3630; baseline -0.003 -14"><span class='ocrx_word' id='word_1_569' title='bbox 2055 3563 2539 3630; x_wconf 76' lang='lat' dir='ltr'><strong>Quemadmodum,</strong></span> <span class='ocrx_word' id='word_1_570' title='bbox 2573 3562 2617 3616; x_wconf 89' lang='lat' dir='ltr'><strong>si</strong></span> <span class='ocrx_word' id='word_1_571' title='bbox 2687 3562 2808 3630; x_wconf 88' lang='lat' dir='ltr'><strong>quis</strong></span> <span class='ocrx_word' id='word_1_572' title='bbox 2865 3576 2962 3629; x_wconf 88' lang='lat' dir='ltr'><strong>pro</strong></span> <span class='ocrx_word' id='word_1_573' title='bbox 3015 3561 3082 3615; x_wconf 84' lang='lat' dir='ltr'><strong>iis</strong></span> <span class='ocrx_word' id='word_1_574' title='bbox 3139 3561 3229 3630; x_wconf 90' lang='lat' dir='ltr'><strong>qui</strong></span> <span class='ocrx_word' id='word_1_575' title='bbox 3285 3575 3432 3628; x_wconf 60' lang='lat' dir='ltr'><strong>agro</strong></span> <span class='ocrx_word' id='word_1_576' title='bbox 3497 3571 3623 3614; x_wconf 89' lang='lat' dir='ltr'><strong>sunt</strong></span> 
     </span>
    </p>
   </div>
   <div class='ocr_carea' id='block_1_81' title="bbox 2054 3652 3621 3723">
    <p class='ocr_par' dir='ltr' id='par_1_81' title="bbox 2054 3652 3621 3723">
     <span class='ocr_line' id='line_1_81' title="bbox 2054 3652 3621 3723; baseline -0.002 -14"><span class='ocrx_word' id='word_1_577' title='bbox 2054 3669 2300 3723; x_wconf 79' lang='lat' dir='ltr'><strong>corpore,</strong></span> <span class='ocrx_word' id='word_1_578' title='bbox 2353 3655 2670 3722; x_wconf 85' lang='lat' dir='ltr'><strong>deprecans,</strong></span> <span class='ocrx_word' id='word_1_579' title='bbox 2717 3653 2960 3705; x_wconf 82' lang='lat' dir='ltr'><strong>diceret:</strong></span> <span class='ocrx_word' id='word_1_580' title='bbox 3011 3652 3426 3705; x_wconf 78' lang='lat' dir='ltr'><strong>Consummetnr</strong></span> <span class='ocrx_word' id='word_1_581' title='bbox 3481 3668 3621 3706; x_wconf 86' lang='lat' dir='ltr'><strong>nunc</strong></span> 
     </span>
    </p>
   </div>
   <div class='ocr_carea' id='block_1_82' title="bbox 2053 3743 3620 3815">
    <p class='ocr_par' dir='ltr' id='par_1_82' title="bbox 2053 3743 3620 3815">
     <span class='ocr_line' id='line_1_82' title="bbox 2053 3743 3620 3815; baseline -0.001 -16"><span class='ocrx_word' id='word_1_582' title='bbox 2053 3746 2427 3815; x_wconf 80' lang='lat' dir='ltr'><strong>a-grotantium</strong></span> <span class='ocrx_word' id='word_1_583' title='bbox 2489 3747 2728 3797; x_wconf 82' lang='lat' dir='ltr'><strong>morbus.</strong></span> <span class='ocrx_word' id='word_1_584' title='bbox 2792 3743 3000 3797; x_wconf 81' lang='lat' dir='ltr'><strong>Etenim</strong></span> <span class='ocrx_word' id='word_1_585' title='bbox 3061 3759 3126 3798; x_wconf 88' lang='lat' dir='ltr'><strong>ne</strong></span> <span class='ocrx_word' id='word_1_586' title='bbox 3191 3758 3412 3810; x_wconf 83' lang='lat' dir='ltr'><strong>serpens</strong></span> <span class='ocrx_word' id='word_1_587' title='bbox 3463 3744 3620 3797; x_wconf 84' lang='lat' dir='ltr'><strong>latius</strong></span> 
     </span>
    </p>
   </div>
   <div class='ocr_carea' id='block_1_83' title="bbox 2056 3835 3620 3907">
    <p class='ocr_par' dir='ltr' id='par_1_83' title="bbox 2056 3835 3620 3907">
     <span class='ocr_line' id='line_1_83' title="bbox 2056 3835 3620 3907; baseline -0.003 -15"><span class='ocrx_word' id='word_1_588' title='bbox 2056 3849 2356 3907; x_wconf 68' lang='lat' dir='ltr'><strong>peccaturis,</strong></span> <span class='ocrx_word' id='word_1_589' title='bbox 2385 3836 2526 3890; x_wconf 90' lang='lat' dir='ltr'><strong>velut</strong></span> <span class='ocrx_word' id='word_1_590' title='bbox 2550 3851 2833 3905; x_wconf 79' lang='lat' dir='ltr'><strong>gangraena</strong></span> <span class='ocrx_word' id='word_1_591' title='bbox 2868 3835 3091 3889; x_wconf 87' lang='lat' dir='ltr'><strong>ulterius</strong></span> <span class='ocrx_word' id='word_1_592' title='bbox 3119 3839 3461 3904; x_wconf 79' lang='lat' dir='ltr'><strong>depaScatur,</strong></span> <span class='ocrx_word' id='word_1_593' title='bbox 3490 3836 3620 3902; x_wconf 81' lang='lat' dir='ltr'><strong>petit</strong></span> 
     </span>
    </p>
   </div>
   <div class='ocr_carea' id='block_1_84' title="bbox 2055 3927 3620 3995">
    <p class='ocr_par' dir='ltr' id='par_1_84' title="bbox 2055 3927 3620 3995">
     <span class='ocr_line' id='line_1_84' title="bbox 2055 3927 3620 3995; baseline -0.004 -12"><span class='ocrx_word' id='word_1_594' title='bbox 2055 3946 2084 3983; x_wconf 90' lang='lat' dir='ltr'><strong>a</strong></span> <span class='ocrx_word' id='word_1_595' title='bbox 2133 3931 2278 3993; x_wconf 89' lang='lat' dir='ltr'><strong>Deo,</strong></span> <span class='ocrx_word' id='word_1_596' title='bbox 2342 3939 2400 3981; x_wconf 89' lang='grc' dir='ltr'><strong>ιιι</strong></span> <span class='ocrx_word' id='word_1_597' title='bbox 2450 3929 2693 3992; x_wconf 87' lang='lat' dir='ltr'><strong>sistatur,</strong></span> <span class='ocrx_word' id='word_1_598' title='bbox 2747 3927 3328 3995; x_wconf 84' lang='lat' dir='ltr'><strong>circurnscribalurque</strong></span> <span class='ocrx_word' id='word_1_599' title='bbox 3391 3927 3620 3994; x_wconf 79' lang='lat' dir='ltr'><strong>ampliOr</strong></span> 
     </span>
    </p>
   </div>
   <div class='ocr_carea' id='block_1_85' title="bbox 2054 4019 3616 4092">
    <p class='ocr_par' dir='ltr' id='par_1_85' title="bbox 2054 4019 3616 4092">
     <span class='ocr_line' id='line_1_85' title="bbox 2054 4019 3616 4092; baseline -0.004 -15"><span class='ocrx_word' id='word_1_600' title='bbox 2054 4023 2262 4092; x_wconf 84' lang='lat' dir='ltr'><strong>peccati</strong></span> <span class='ocrx_word' id='word_1_601' title='bbox 2315 4021 2551 4076; x_wconf 80' lang='lat' dir='ltr'><strong>elTusio:</strong></span> <span class='ocrx_word' id='word_1_602' title='bbox 2611 4021 2810 4089; x_wconf 90' lang='lat' dir='ltr'><strong>quippe</strong></span> <span class='ocrx_word' id='word_1_603' title='bbox 2865 4019 3108 4072; x_wconf 90' lang='lat' dir='ltr'><strong>inimicos</strong></span> <span class='ocrx_word' id='word_1_604' title='bbox 3155 4033 3283 4072; x_wconf 88' lang='lat' dir='ltr'><strong>suos</strong></span> <span class='ocrx_word' id='word_1_605' title='bbox 3341 4019 3616 4085; x_wconf 83' lang='lat' dir='ltr'><strong>diligebat,</strong></span> 
     </span>
    </p>
   </div>
   <div class='ocr_carea' id='block_1_86' title="bbox 2057 4109 3619 4183">
    <p class='ocr_par' dir='ltr' id='par_1_86' title="bbox 2057 4109 3619 4183">
     <span class='ocr_line' id='line_1_86' title="bbox 2057 4109 3619 4183; baseline -0.003 -16"><span class='ocrx_word' id='word_1_606' title='bbox 2057 4116 2231 4183; x_wconf 89' lang='lat' dir='ltr'><strong>iisque</strong></span> <span class='ocrx_word' id='word_1_607' title='bbox 2261 4113 2456 4182; x_wconf 90' lang='lat' dir='ltr'><strong>quibus</strong></span> <span class='ocrx_word' id='word_1_608' title='bbox 2497 4111 2704 4166; x_wconf 90' lang='lat' dir='ltr'><strong>invisus</strong></span> <span class='ocrx_word' id='word_1_609' title='bbox 2755 4119 2894 4173; x_wconf 88' lang='lat' dir='ltr'><strong>erat,</strong></span> <span class='ocrx_word' id='word_1_610' title='bbox 2926 4110 3139 4163; x_wconf 87' lang='lat' dir='ltr'><strong>volebat</strong></span> <span class='ocrx_word' id='word_1_611' title='bbox 3191 4109 3529 4172; x_wconf 75' lang='lat' dir='ltr'><strong>benefacere,</strong></span> <span class='ocrx_word' id='word_1_612' title='bbox 3565 4122 3619 4163; x_wconf 87' lang='lat' dir='ltr'><strong>et</strong></span> 
     </span>
    </p>
   </div>
   <div class='ocr_carea' id='block_1_87' title="bbox 2055 4199 3617 4274">
    <p class='ocr_par' dir='ltr' id='par_1_87' title="bbox 2055 4199 3617 4274">
     <span class='ocr_line' id='line_1_87' title="bbox 2055 4199 3617 4274; baseline -0.004 -15"><span class='ocrx_word' id='word_1_613' title='bbox 2055 4206 2177 4260; x_wconf 87' lang='lat' dir='ltr'><strong>ideo</strong></span> <span class='ocrx_word' id='word_1_614' title='bbox 2204 4203 2528 4274; x_wconf 84' lang='lat' dir='ltr'><strong>precabatur</strong></span> <span class='ocrx_word' id='word_1_615' title='bbox 2575 4217 2671 4269; x_wconf 90' lang='lat' dir='ltr'><strong>pro</strong></span> <span class='ocrx_word' id='word_1_616' title='bbox 2699 4201 3146 4270; x_wconf 89' lang='lat' dir='ltr'><strong>persequentibus</strong></span> <span class='ocrx_word' id='word_1_617' title='bbox 3180 4201 3375 4268; x_wconf 88' lang='lat' dir='ltr'><strong>ipsum.</strong></span> <span class='ocrx_word' id='word_1_618' title='bbox 3431 4199 3498 4254; x_wconf 76' lang='lat' dir='ltr'><strong>Et</strong></span> <span class='ocrx_word' id='word_1_619' title='bbox 3532 4202 3617 4252; x_wconf 81' lang='lat' dir='ltr'><strong>di-</strong></span> 
     </span>
    </p>
   </div>
   <div class='ocr_carea' id='block_1_88' title="bbox 361 4284 1950 4365">
    <p class='ocr_par' dir='ltr' id='par_1_88' title="bbox 361 4289 1945 4363">
     <span class='ocr_line' id='line_1_88' title="bbox 361 4289 1945 4363; baseline 0.003 -25"><span class='ocrx_word' id='word_1_620' title='bbox 361 4303 511 4349; x_wconf 72' lang='grc' dir='ltr'>καιος</span> <span class='ocrx_word' id='word_1_621' title='bbox 525 4289 862 4358; x_wconf 71' lang='grc' dir='ltr'>ὀνομάζεται·</span> <span class='ocrx_word' id='word_1_622' title='bbox 898 4291 1168 4360; x_wconf 75' lang='grc' dir='ltr'>καὶεὺθὴς</span> <span class='ocrx_word' id='word_1_623' title='bbox 1191 4293 1348 4362; x_wconf 79' lang='grc' dir='ltr'><strong>ὴ(75)</strong></span> <span class='ocrx_word' id='word_1_624' title='bbox 1372 4292 1570 4363; x_wconf 86' lang='grc' dir='ltr'>καρδία</span> <span class='ocrx_word' id='word_1_625' title='bbox 1597 4293 1631 4362; x_wconf 70' lang='grc' dir='ltr'>ἡ</span> <span class='ocrx_word' id='word_1_626' title='bbox 1652 4291 1945 4361; x_wconf 69' lang='grc' dir='ltr'>κατωρθωυ</span> 
     </span>
    </p>
   </div>
   <div class='ocr_carea' id='block_1_89' title="bbox 2055 4284 3616 4365">
    <p class='ocr_par' dir='ltr' id='par_1_89' title="bbox 2057 4290 3616 4365">
     <span class='ocr_line' id='line_1_89' title="bbox 2057 4290 3616 4365; baseline -0.002 -17"><span class='ocrx_word' id='word_1_627' title='bbox 2057 4297 2195 4365; x_wconf 80' lang='lat' dir='ltr'><strong>riges</strong></span> <span class='ocrx_word' id='word_1_628' title='bbox 2224 4294 2449 4364; x_wconf 84' lang='lat' dir='ltr'><strong>justum.</strong></span> <span class='ocrx_word' id='word_1_629' title='bbox 2491 4290 2677 4346; x_wconf 81' lang='lat' dir='ltr'><strong>Justus</strong></span> <span class='ocrx_word' id='word_1_630' title='bbox 2721 4292 3030 4346; x_wconf 88' lang='lat' dir='ltr'><strong>nominatur</strong></span> <span class='ocrx_word' id='word_1_631' title='bbox 3081 4302 3258 4346; x_wconf 88' lang='lat' dir='ltr'><strong>rectus</strong></span> <span class='ocrx_word' id='word_1_632' title='bbox 3293 4311 3306 4346; x_wconf 92' lang='lat'><strong>:</strong></span> <span class='ocrx_word' id='word_1_633' title='bbox 3344 4295 3472 4346; x_wconf 87' lang='lat' dir='ltr'><strong>item</strong></span> <span class='ocrx_word' id='word_1_634' title='bbox 3501 4308 3616 4352; x_wconf 91' lang='lat' dir='ltr'><strong>cor,</strong></span> 
     </span>
    </p>
   </div>
   <div class='ocr_carea' id='block_1_90' title="bbox 365 4373 1944 4452">
    <p class='ocr_par' dir='ltr' id='par_1_90' title="bbox 365 4373 1944 4452">
     <span class='ocr_line' id='line_1_90' title="bbox 365 4373 1944 4452; baseline 0.012 -27"><span class='ocrx_word' id='word_1_635' title='bbox 365 4375 521 4444; x_wconf 69' lang='grc' dir='ltr'>μένη.</span> <span class='ocrx_word' id='word_1_636' title='bbox 537 4377 600 4428; x_wconf 94' lang='grc' dir='ltr'><strong>Τί</strong></span> <span class='ocrx_word' id='word_1_637' title='bbox 615 4373 706 4430; x_wconf 85' lang='grc' dir='ltr'><strong>οῦν</strong></span> <span class='ocrx_word' id='word_1_638' title='bbox 733 4378 975 4447; x_wconf 77' lang='grc' dir='ltr'>βούλεται</span> <span class='ocrx_word' id='word_1_639' title='bbox 989 4380 1265 4450; x_wconf 82' lang='grc' dir='ltr'>ὲνταῦθαή</span> <span class='ocrx_word' id='word_1_640' title='bbox 1284 4381 1556 4452; x_wconf 79' lang='grc' dir='ltr'>προσευχὴ</span> <span class='ocrx_word' id='word_1_641' title='bbox 1570 4379 1944 4450; x_wconf 72' lang='grc' dir='ltr'>τῷΠροφήτῃς</span> 
     </span>
    </p>
   </div>
   <div class='ocr_carea' id='block_1_91' title="bbox 363 4463 1944 4543">
    <p class='ocr_par' dir='ltr' id='par_1_91' title="bbox 363 4463 1944 4543">
     <span class='ocr_line' id='line_1_91' title="bbox 363 4463 1944 4543; baseline 0.003 -26"><span class='ocrx_word' id='word_1_642' title='bbox 363 4463 594 4536; x_wconf 80' lang='grc' dir='ltr'>Εῦχεται</span> <span class='ocrx_word' id='word_1_643' title='bbox 616 4467 724 4538; x_wconf 83' lang='grc' dir='ltr'><strong>γὰρ</strong></span> <span class='ocrx_word' id='word_1_644' title='bbox 749 4469 839 4522; x_wconf 82' lang='grc' dir='ltr'>τὸν</span> <span class='ocrx_word' id='word_1_645' title='bbox 857 4471 954 4542; x_wconf 75' lang='grc' dir='ltr'>ἤδη</span> <span class='ocrx_word' id='word_1_646' title='bbox 985 4471 1174 4542; x_wconf 78' lang='grc' dir='ltr'>ἔχοντα</span> <span class='ocrx_word' id='word_1_647' title='bbox 1191 4471 1288 4543; x_wconf 81' lang='grc' dir='ltr'><strong>τὴν</strong></span> <span class='ocrx_word' id='word_1_648' title='bbox 1318 4472 1586 4543; x_wconf 82' lang='grc' dir='ltr'>εὐθύτητα</span> <span class='ocrx_word' id='word_1_649' title='bbox 1616 4470 1944 4524; x_wconf 85' lang='grc' dir='ltr'>κατευθύνε-</span> 
     </span>
    </p>
   </div>
   <div class='ocr_carea' id='block_1_92' title="bbox 362 4552 1944 4634">
    <p class='ocr_par' dir='ltr' id='par_1_92' title="bbox 362 4552 1944 4634">
     <span class='ocr_line' id='line_1_92' title="bbox 362 4552 1944 4634; baseline 0.002 -24"><span class='ocrx_word' id='word_1_650' title='bbox 362 4557 503 4611; x_wconf 87' lang='grc' dir='ltr'>σθαι.</span> <span class='ocrx_word' id='word_1_651' title='bbox 523 4559 596 4612; x_wconf 62' lang='lat' dir='ltr'><strong>Oi»</strong></span> <span class='ocrx_word' id='word_1_652' title='bbox 615 4558 722 4630; x_wconf 84' lang='grc' dir='ltr'><strong>γάρ</strong></span> <span class='ocrx_word' id='word_1_653' title='bbox 745 4561 808 4613; x_wconf 79' lang='grc' dir='ltr'>ἄν</span> <span class='ocrx_word' id='word_1_654' title='bbox 830 4579 911 4624; x_wconf 88' lang='grc' dir='ltr'><strong>τις</strong></span> <span class='ocrx_word' id='word_1_655' title='bbox 927 4565 1069 4614; x_wconf 80' lang='grc' dir='ltr'>εἴποι</span> <span class='ocrx_word' id='word_1_656' title='bbox 1098 4552 1245 4616; x_wconf 81' lang='grc' dir='ltr'>εἷναί</span> <span class='ocrx_word' id='word_1_657' title='bbox 1267 4581 1319 4615; x_wconf 89' lang='grc' dir='ltr'><strong>τι</strong></span> <span class='ocrx_word' id='word_1_658' title='bbox 1334 4567 1390 4616; x_wconf 81' lang='grc' dir='ltr'>ἐν</span> <span class='ocrx_word' id='word_1_659' title='bbox 1425 4563 1500 4634; x_wconf 80' lang='grc' dir='ltr'>τῷ</span> <span class='ocrx_word' id='word_1_660' title='bbox 1519 4563 1712 4632; x_wconf 87' lang='grc' dir='ltr'>δικαίῳ</span> <span class='ocrx_word' id='word_1_661' title='bbox 1734 4561 1944 4614; x_wconf 79' lang='grc' dir='ltr'>σκολιὸν</span> 
     </span>
    </p>
   </div>
   <div class='ocr_carea' id='block_1_93' title="bbox 359 4650 1944 4726">
    <p class='ocr_par' dir='ltr' id='par_1_93' title="bbox 359 4650 1944 4726">
     <span class='ocr_line' id='line_1_93' title="bbox 359 4650 1944 4726; baseline 0.002 -23"><span class='ocrx_word' id='word_1_662' title='bbox 359 4650 479 4703; x_wconf 73' lang='grc' dir='ltr'>οὐδὲ</span> <span class='ocrx_word' id='word_1_663' title='bbox 494 4651 637 4704; x_wconf 87' lang='grc' dir='ltr'>διεστ</span> <span class='ocrx_word' id='word_1_664' title='bbox 645 4652 916 4722; x_wconf 89' lang='grc' dir='ltr'>ραμμένον</span> <span class='ocrx_word' id='word_1_665' title='bbox 934 4654 1054 4707; x_wconf 84' lang='grc' dir='ltr'>οὐδὲ</span> <span class='ocrx_word' id='word_1_666' title='bbox 1077 4671 1137 4706; x_wconf 91' lang='grc' dir='ltr'><strong>στ</strong></span> <span class='ocrx_word' id='word_1_667' title='bbox 1145 4655 1528 4726; x_wconf 80' lang='grc' dir='ltr'>ραγγαλιῶδες.</span> <span class='ocrx_word' id='word_1_668' title='bbox 1546 4654 1697 4724; x_wconf 82' lang='grc' dir='ltr'><strong>Τάχα</strong></span> <span class='ocrx_word' id='word_1_669' title='bbox 1711 4654 1766 4706; x_wconf 77' lang='grc' dir='ltr'>δὲ</span> <span class='ocrx_word' id='word_1_670' title='bbox 1778 4655 1944 4722; x_wconf 89' lang='grc' dir='ltr'>ἀναγ-</span> 
     </span>
    </p>
   </div>
   <div class='ocr_carea' id='block_1_94' title="bbox 361 4742 1942 4816">
    <p class='ocr_par' dir='ltr' id='par_1_94' title="bbox 361 4742 1942 4816">
     <span class='ocr_line' id='line_1_94' title="bbox 361 4742 1942 4816; baseline 0.003 -22"><span class='ocrx_word' id='word_1_671' title='bbox 361 4742 492 4795; x_wconf 86' lang='grc' dir='ltr'>καία</span> <span class='ocrx_word' id='word_1_672' title='bbox 509 4742 650 4812; x_wconf 83' lang='grc' dir='ltr'>ὑπὲρ</span> <span class='ocrx_word' id='word_1_673' title='bbox 675 4743 770 4795; x_wconf 89' lang='grc' dir='ltr'><strong>τοῦ</strong></span> <span class='ocrx_word' id='word_1_674' title='bbox 797 4743 1006 4796; x_wconf 88' lang='grc' dir='ltr'>δικαίου</span> <span class='ocrx_word' id='word_1_675' title='bbox 1029 4745 1060 4814; x_wconf 79' lang='grc' dir='ltr'>ἡ</span> <span class='ocrx_word' id='word_1_676' title='bbox 1079 4744 1312 4814; x_wconf 77' lang='grc' dir='ltr'>αἴτησις,</span> <span class='ocrx_word' id='word_1_677' title='bbox 1335 4747 1423 4799; x_wconf 87' lang='grc' dir='ltr'><strong>ἵνα</strong></span> <span class='ocrx_word' id='word_1_678' title='bbox 1439 4746 1497 4798; x_wconf 79' lang='grc' dir='ltr'>τὸ</span> <span class='ocrx_word' id='word_1_679' title='bbox 1517 4745 1662 4798; x_wconf 84' lang='grc' dir='ltr'><strong>κατά</strong></span> <span class='ocrx_word' id='word_1_680' title='bbox 1687 4745 1942 4816; x_wconf 87' lang='grc' dir='ltr'>πρόθεσιν</span> 
     </span>
    </p>
   </div>
   <div class='ocr_carea' id='block_1_95' title="bbox 361 4833 1937 4908">
    <p class='ocr_par' dir='ltr' id='par_1_95' title="bbox 361 4833 1937 4908">
     <span class='ocr_line' id='line_1_95' title="bbox 361 4833 1937 4908; baseline 0.001 -19"><span class='ocrx_word' id='word_1_681' title='bbox 361 4833 524 4889; x_wconf 73' lang='grc' dir='ltr'>αὑτοῦ</span> <span class='ocrx_word' id='word_1_682' title='bbox 559 4834 716 4898; x_wconf 60' lang='lat' dir='ltr'><strong>eoos;</strong></span> <span class='ocrx_word' id='word_1_683' title='bbox 743 4836 836 4888; x_wconf 77' lang='grc' dir='ltr'><strong>καὶ</strong></span> <span class='ocrx_word' id='word_1_684' title='bbox 851 4836 911 4888; x_wconf 74' lang='grc' dir='ltr'>τὸ</span> <span class='ocrx_word' id='word_1_685' title='bbox 933 4837 1290 4908; x_wconf 76' lang='grc' dir='ltr'>ἀδιάστροφον</span> <span class='ocrx_word' id='word_1_686' title='bbox 1310 4838 1409 4908; x_wconf 83' lang='grc' dir='ltr'>τῆς</span> <span class='ocrx_word' id='word_1_687' title='bbox 1425 4836 1669 4908; x_wconf 83' lang='grc' dir='ltr'>γνώμης,</span> <span class='ocrx_word' id='word_1_688' title='bbox 1698 4837 1854 4890; x_wconf 84' lang='grc' dir='ltr'>τοῦτο</span> <span class='ocrx_word' id='word_1_689' title='bbox 1873 4841 1937 4908; x_wconf 84' lang='grc' dir='ltr'>τῇ</span> 
     </span>
    </p>
   </div>
   <div class='ocr_carea' id='block_1_96' title="bbox 361 4929 1942 5002">
    <p class='ocr_par' dir='ltr' id='par_1_96' title="bbox 361 4929 1942 5002">
     <span class='ocr_line' id='line_1_96' title="bbox 361 4929 1942 5002; baseline 0.001 -20"><span class='ocrx_word' id='word_1_690' title='bbox 361 4930 513 5001; x_wconf 85' lang='grc' dir='ltr'><strong>παρά</strong></span> <span class='ocrx_word' id='word_1_691' title='bbox 535 4929 629 4983; x_wconf 91' lang='grc' dir='ltr'><strong>τοῦ</strong></span> <span class='ocrx_word' id='word_1_692' title='bbox 657 4929 791 4982; x_wconf 88' lang='grc' dir='ltr'>Θεοῦ</span> <span class='ocrx_word' id='word_1_693' title='bbox 818 4931 1156 5002; x_wconf 72' lang='grc' dir='ltr'>χειραγωγία</span> <span class='ocrx_word' id='word_1_694' title='bbox 1185 4931 1543 5001; x_wconf 83' lang='grc' dir='ltr'>κατευθυνθῇ,</span> <span class='ocrx_word' id='word_1_695' title='bbox 1569 4931 1644 4994; x_wconf 86' lang='grc' dir='ltr'>ὡς</span> <span class='ocrx_word' id='word_1_696' title='bbox 1681 4932 1815 5002; x_wconf 83' lang='grc' dir='ltr'>μήτε</span> <span class='ocrx_word' id='word_1_697' title='bbox 1839 4931 1942 4984; x_wconf 78' lang='grc' dir='ltr'>ὑπὸ</span> 
     </span>
    </p>
   </div>
   <div class='ocr_carea' id='block_1_97' title="bbox 361 5020 1943 5084">
    <p class='ocr_par' dir='ltr' id='par_1_97' title="bbox 361 5020 1943 5084">
     <span class='ocr_line' id='line_1_97' title="bbox 361 5020 1943 5084; baseline -0.001 -10"><span class='ocrx_word' id='word_1_698' title='bbox 361 5020 644 5084; x_wconf 82' lang='grc' dir='ltr'>ἀσθενείας</span> <span class='ocrx_word' id='word_1_699' title='bbox 677 5021 839 5074; x_wconf 72' lang='grc' dir='ltr'>αὑτὸν</span> <span class='ocrx_word' id='word_1_700' title='bbox 877 5022 1174 5075; x_wconf 81' lang='grc' dir='ltr'>ἀπονευσαί</span> <span class='ocrx_word' id='word_1_701' title='bbox 1217 5040 1345 5076; x_wconf 88' lang='grc' dir='ltr'>ποτε</span> <span class='ocrx_word' id='word_1_702' title='bbox 1391 5022 1483 5074; x_wconf 90' lang='grc' dir='ltr'><strong>τοῦ</strong></span> <span class='ocrx_word' id='word_1_703' title='bbox 1517 5023 1678 5074; x_wconf 78' lang='grc' dir='ltr'>οἱονεὶ</span> <span class='ocrx_word' id='word_1_704' title='bbox 1719 5021 1943 5084; x_wconf 86' lang='grc' dir='ltr'>κανόνος</span> 
     </span>
    </p>
   </div>
   <div class='ocr_carea' id='block_1_98' title="bbox 360 5111 1941 5185">
    <p class='ocr_par' dir='ltr' id='par_1_98' title="bbox 360 5111 1941 5185">
     <span class='ocr_line' id='line_1_98' title="bbox 360 5111 1941 5185; baseline -0.001 -21"><span class='ocrx_word' id='word_1_705' title='bbox 360 5115 459 5184; x_wconf 79' lang='grc' dir='ltr'>τῆς</span> <span class='ocrx_word' id='word_1_706' title='bbox 493 5111 751 5183; x_wconf 85' lang='grc' dir='ltr'>ἀληθείας</span> <span class='ocrx_word' id='word_1_707' title='bbox 805 5112 937 5183; x_wconf 65' lang='grc'><strong>(74),</strong></span> <span class='ocrx_word' id='word_1_708' title='bbox 968 5115 1103 5184; x_wconf 83' lang='grc' dir='ltr'>μήτε</span> <span class='ocrx_word' id='word_1_709' title='bbox 1145 5113 1250 5166; x_wconf 81' lang='grc' dir='ltr'><strong>ὑπὸ</strong></span> <span class='ocrx_word' id='word_1_710' title='bbox 1296 5113 1389 5166; x_wconf 89' lang='grc' dir='ltr'><strong>τοῦ</strong></span> <span class='ocrx_word' id='word_1_711' title='bbox 1417 5111 1613 5185; x_wconf 77' lang='grc' dir='ltr'>ἐχθροῦ</span> <span class='ocrx_word' id='word_1_712' title='bbox 1656 5115 1754 5183; x_wconf 79' lang='grc' dir='ltr'><strong>τῆς</strong></span> <span class='ocrx_word' id='word_1_713' title='bbox 1811 5113 1941 5182; x_wconf 85' lang='grc' dir='ltr'>ἀλη-</span> 
     </span>
    </p>
   </div>
   <div class='ocr_carea' id='block_1_99' title="bbox 442 5203 949 5271">
    <p class='ocr_par' dir='ltr' id='par_1_99' title="bbox 442 5203 949 5271">
     <span class='ocr_line' id='line_1_99' title="bbox 442 5203 949 5271; baseline 0 -13"><span class='ocrx_word' id='word_1_714' title='bbox 442 5207 486 5240; x_wconf 82' lang='grc'><strong>⁶⁸</strong></span> <span class='ocrx_word' id='word_1_715' title='bbox 527 5203 685 5259; x_wconf 86' lang='lat' dir='ltr'><strong>Prov.</strong></span> <span class='ocrx_word' id='word_1_716' title='bbox 715 5221 826 5271; x_wconf 78' lang='lat' dir='ltr'><strong>xiv,</strong></span> <span class='ocrx_word' id='word_1_717' title='bbox 864 5207 949 5258; x_wconf 76' lang='grc'><strong>15.</strong></span> 
     </span>
    </p>
   </div>
   <div class='ocr_carea' id='block_1_100' title="bbox 431 5293 1936 5362">
    <p class='ocr_par' dir='ltr' id='par_1_100' title="bbox 431 5293 1936 5362">
     <span class='ocr_line' id='line_1_100' title="bbox 431 5293 1936 5362; baseline -0.001 -15"><span class='ocrx_word' id='word_1_718' title='bbox 431 5293 544 5362; x_wconf 82' lang='lat'><strong>(70)</strong></span> <span class='ocrx_word' id='word_1_719' title='bbox 579 5294 800 5349; x_wconf 80' lang='lat' dir='ltr'><strong>Variant</strong></span> <span class='ocrx_word' id='word_1_720' title='bbox 854 5296 968 5350; x_wconf 75' lang='lat' dir='ltr'><strong>fere</strong></span> <span class='ocrx_word' id='word_1_721' title='bbox 1018 5299 1161 5350; x_wconf 87' lang='lat' dir='ltr'><strong>inter</strong></span> <span class='ocrx_word' id='word_1_722' title='bbox 1209 5313 1267 5351; x_wconf 89' lang='lat' dir='ltr'><strong>se</strong></span> <span class='ocrx_word' id='word_1_723' title='bbox 1327 5313 1460 5351; x_wconf 86' lang='lat' dir='ltr'><strong>mss.</strong></span> <span class='ocrx_word' id='word_1_724' title='bbox 1494 5309 1626 5359; x_wconf 89' lang='lat' dir='ltr'><strong>tum,</strong></span> <span class='ocrx_word' id='word_1_725' title='bbox 1681 5315 1801 5351; x_wconf 87' lang='lat' dir='ltr'><strong>cum</strong></span> <span class='ocrx_word' id='word_1_726' title='bbox 1841 5312 1936 5346; x_wconf 72' lang='lat' dir='ltr'><strong>vox</strong></span> 
     </span>
    </p>
   </div>
   <div class='ocr_carea' id='block_1_101' title="bbox 359 5364 1942 5434">
    <p class='ocr_par' dir='ltr' id='par_1_101' title="bbox 359 5364 1942 5434">
     <span class='ocr_line' id='line_1_101' title="bbox 359 5364 1942 5434; baseline 0.004 -20"><span class='ocrx_word' id='word_1_727' title='bbox 359 5364 618 5434; x_wconf 81' lang='grc' dir='ltr'>γεννητός</span> <span class='ocrx_word' id='word_1_728' title='bbox 643 5369 902 5420; x_wconf 78' lang='lat' dir='ltr'><strong>occnrrit.</strong></span> <span class='ocrx_word' id='word_1_729' title='bbox 936 5368 1208 5420; x_wconf 69' lang='lat' dir='ltr'><strong>scribitur</strong></span> <span class='ocrx_word' id='word_1_730' title='bbox 1229 5369 1371 5421; x_wconf 88' lang='lat' dir='ltr'><strong>enim</strong></span> <span class='ocrx_word' id='word_1_731' title='bbox 1419 5370 1468 5420; x_wconf 90' lang='lat' dir='ltr'><strong>in</strong></span> <span class='ocrx_word' id='word_1_732' title='bbox 1517 5369 1637 5420; x_wconf 87' lang='lat' dir='ltr'><strong>aliis</strong></span> <span class='ocrx_word' id='word_1_733' title='bbox 1664 5369 1942 5422; x_wconf 82' lang='lat' dir='ltr'><strong>codicibus</strong></span> 
     </span>
    </p>
   </div>
   <div class='ocr_carea' id='block_1_102' title="bbox 361 5435 1942 5500">
    <p class='ocr_par' dir='ltr' id='par_1_102' title="bbox 361 5435 1942 5500">
     <span class='ocr_line' id='line_1_102' title="bbox 361 5435 1942 5500; baseline 0.002 -16"><span class='ocrx_word' id='word_1_734' title='bbox 361 5447 484 5485; x_wconf 87' lang='lat' dir='ltr'><strong>cum</strong></span> <span class='ocrx_word' id='word_1_735' title='bbox 542 5435 735 5500; x_wconf 75' lang='lat' dir='ltr'><strong>duplici</strong></span> <span class='ocrx_word' id='word_1_736' title='bbox 761 5453 790 5486; x_wconf 89' lang='grc' dir='ltr'><strong>ν</strong></span> <span class='ocrx_word' id='word_1_737' title='bbox 823 5453 836 5488; x_wconf 89' lang='lat'><strong>:</strong></span> <span class='ocrx_word' id='word_1_738' title='bbox 866 5437 918 5489; x_wconf 91' lang='lat' dir='ltr'><strong>in</strong></span> <span class='ocrx_word' id='word_1_739' title='bbox 959 5437 1077 5491; x_wconf 88' lang='lat' dir='ltr'><strong>aliis</strong></span> <span class='ocrx_word' id='word_1_740' title='bbox 1111 5454 1230 5488; x_wconf 80' lang='lat' dir='ltr'><strong>cum</strong></span> <span class='ocrx_word' id='word_1_741' title='bbox 1266 5439 1446 5491; x_wconf 89' lang='lat' dir='ltr'><strong>unico.</strong></span> <span class='ocrx_word' id='word_1_742' title='bbox 1487 5437 1598 5490; x_wconf 86' lang='lat' dir='ltr'><strong>lloc</strong></span> <span class='ocrx_word' id='word_1_743' title='bbox 1630 5439 1746 5491; x_wconf 90' lang='lat' dir='ltr'><strong>loco</strong></span> <span class='ocrx_word' id='word_1_744' title='bbox 1777 5437 1942 5489; x_wconf 86' lang='lat' dir='ltr'><strong>editio</strong></span> 
     </span>
    </p>
   </div>
   <div class='ocr_carea' id='block_1_103' title="bbox 365 5500 1939 5582">
    <p class='ocr_par' dir='ltr' id='par_1_103' title="bbox 365 5500 1939 5582">
     <span class='ocr_line' id='line_1_103' title="bbox 365 5500 1939 5582; baseline 0.001 -28"><span class='ocrx_word' id='word_1_745' title='bbox 365 5500 530 5582; x_wconf 61' lang='lat' dir='ltr'><strong>Bas”.</strong></span> <span class='ocrx_word' id='word_1_746' title='bbox 567 5513 617 5555; x_wconf 90' lang='lat' dir='ltr'><strong>et</strong></span> <span class='ocrx_word' id='word_1_747' title='bbox 661 5504 805 5582; x_wconf 65' lang='lat' dir='ltr'><strong>li_egii</strong></span> <span class='ocrx_word' id='word_1_748' title='bbox 832 5507 1035 5574; x_wconf 89' lang='lat' dir='ltr'><strong>primus</strong></span> <span class='ocrx_word' id='word_1_749' title='bbox 1070 5517 1124 5561; x_wconf 88' lang='lat' dir='ltr'><strong>et</strong></span> <span class='ocrx_word' id='word_1_750' title='bbox 1147 5518 1337 5560; x_wconf 85' lang='lat' dir='ltr'><strong>sextus</strong></span> <span class='ocrx_word' id='word_1_751' title='bbox 1375 5511 1600 5578; x_wconf 86' lang='grc' dir='ltr'>γενητῇ.</span> <span class='ocrx_word' id='word_1_752' title='bbox 1639 5509 1817 5562; x_wconf 88' lang='lat' dir='ltr'><strong>Editio</strong></span> <span class='ocrx_word' id='word_1_753' title='bbox 1837 5505 1939 5557; x_wconf 79' lang='lat' dir='ltr'><strong>l’a-</strong></span> 
     </span>
    </p>
   </div>
   <div class='ocr_carea' id='block_1_104' title="bbox 366 5576 740 5642">
    <p class='ocr_par' dir='ltr' id='par_1_104' title="bbox 366 5576 740 5642">
     <span class='ocr_line' id='line_1_104' title="bbox 366 5576 740 5642; baseline -0.003 -18"><span class='ocrx_word' id='word_1_754' title='bbox 366 5576 472 5642; x_wconf 45' lang='lat' dir='ltr'><strong>ris.</strong></span> <span class='ocrx_word' id='word_1_755' title='bbox 488 5576 740 5642; x_wconf 82' lang='grc' dir='ltr'>γεννητῇ.</span> 
     </span>
    </p>
   </div>
   <div class='ocr_carea' id='block_1_105' title="bbox 437 5639 1935 5716">
    <p class='ocr_par' dir='ltr' id='par_1_105' title="bbox 437 5639 1935 5716">
     <span class='ocr_line' id='line_1_105' title="bbox 437 5639 1935 5716; baseline 0.005 -24"><span class='ocrx_word' id='word_1_756' title='bbox 437 5639 548 5710; x_wconf 85' lang='grc'><strong>(71)</strong></span> <span class='ocrx_word' id='word_1_757' title='bbox 589 5639 885 5716; x_wconf 61' lang='lat' dir='ltr'><strong>verborum</strong></span> <span class='ocrx_word' id='word_1_758' title='bbox 935 5643 1180 5716; x_wconf 77' lang='lat' dir='ltr'><strong>illorum,</strong></span> <span class='ocrx_word' id='word_1_759' title='bbox 1220 5646 1293 5716; x_wconf 83' lang='grc' dir='ltr'>μὴ</span> <span class='ocrx_word' id='word_1_760' title='bbox 1326 5647 1421 5709; x_wconf 79' lang='grc' dir='ltr'><strong>ὡς,</strong></span> <span class='ocrx_word' id='word_1_761' title='bbox 1458 5656 1587 5710; x_wconf 61' lang='grc' dir='ltr'>ουκ,</span> <span class='ocrx_word' id='word_1_762' title='bbox 1614 5646 1935 5714; x_wconf 74' lang='lat' dir='ltr'><strong>interpreta-</strong></span> 
     </span>
    </p>
   </div>
   <div class='ocr_carea' id='block_1_106' title="bbox 366 5713 1927 5781">
    <p class='ocr_par' dir='ltr' id='par_1_106' title="bbox 366 5713 1927 5781">
     <span class='ocr_line' id='line_1_106' title="bbox 366 5713 1927 5781; baseline 0.004 -20"><span class='ocrx_word' id='word_1_763' title='bbox 366 5719 568 5763; x_wconf 82' lang='lat' dir='ltr'><strong>tionem</strong></span> <span class='ocrx_word' id='word_1_764' title='bbox 606 5713 796 5764; x_wconf 85' lang='lat' dir='ltr'><strong>melius</strong></span> <span class='ocrx_word' id='word_1_765' title='bbox 819 5713 1107 5781; x_wconf 76' lang='lat' dir='ltr'><strong>intelliges,</strong></span> <span class='ocrx_word' id='word_1_766' title='bbox 1143 5717 1184 5769; x_wconf 85' lang='lat' dir='ltr'><strong>si</strong></span> <span class='ocrx_word' id='word_1_767' title='bbox 1213 5713 1542 5769; x_wconf 47' lang='lat' dir='ltr'><strong>ea&#39;invertas</strong></span> <span class='ocrx_word' id='word_1_768' title='bbox 1565 5758 1577 5774; x_wconf 87' lang='lat'><em>.</em></span> <span class='ocrx_word' id='word_1_769' title='bbox 1603 5717 1702 5768; x_wconf 84' lang='lat' dir='ltr'><strong>hoc</strong></span> <span class='ocrx_word' id='word_1_770' title='bbox 1732 5713 1886 5767; x_wconf 85' lang='lat' dir='ltr'><strong>modo</strong></span> <span class='ocrx_word' id='word_1_771' title='bbox 1915 5734 1927 5768; x_wconf 90' lang='lat'>:</span> 
     </span>
    </p>
   </div>
   <div class='ocr_carea' id='block_1_107' title="bbox 365 5786 1929 5854">
    <p class='ocr_par' dir='ltr' id='par_1_107' title="bbox 365 5786 1929 5854">
     <span class='ocr_line' id='line_1_107' title="bbox 365 5786 1929 5854; baseline 0.004 -22"><span class='ocrx_word' id='word_1_772' title='bbox 365 5796 568 5834; x_wconf 87' lang='lat' dir='ltr'><strong>morum</strong></span> <span class='ocrx_word' id='word_1_773' title='bbox 611 5797 720 5834; x_wconf 71' lang='lat' dir='ltr'><strong>vero</strong></span> <span class='ocrx_word' id='word_1_774' title='bbox 755 5798 983 5836; x_wconf 76' lang='lat' dir='ltr'><strong>meorum</strong></span> <span class='ocrx_word' id='word_1_775' title='bbox 1027 5786 1406 5854; x_wconf 67' lang='lat' dir='ltr'><strong>simplicitatem</strong></span> <span class='ocrx_word' id='word_1_776' title='bbox 1454 5788 1664 5849; x_wconf 69' lang='lat' dir='ltr'><strong>doctus,</strong></span> <span class='ocrx_word' id='word_1_777' title='bbox 1699 5789 1767 5838; x_wconf 87' lang='lat' dir='ltr'><strong>itu</strong></span> <span class='ocrx_word' id='word_1_778' title='bbox 1815 5804 1929 5853; x_wconf 68' lang='lat' dir='ltr'><strong>pec-</strong></span> 
     </span>
    </p>
   </div>
   <div class='ocr_carea' id='block_1_108' title="bbox 2052 4381 3616 4450">
    <p class='ocr_par' dir='ltr' id='par_1_108' title="bbox 2052 4381 3616 4450">
     <span class='ocr_line' id='line_1_108' title="bbox 2052 4381 3616 4450; baseline -0.002 -13"><span class='ocrx_word' id='word_1_779' title='bbox 2052 4387 2251 4437; x_wconf 87' lang='lat' dir='ltr'><strong>virtute</strong></span> <span class='ocrx_word' id='word_1_780' title='bbox 2279 4393 2552 4445; x_wconf 89' lang='lat' dir='ltr'><strong>ornatum,</strong></span> <span class='ocrx_word' id='word_1_781' title='bbox 2576 4391 2796 4434; x_wconf 82' lang='lat' dir='ltr'><strong>vocatur</strong></span> <span class='ocrx_word' id='word_1_782' title='bbox 2826 4388 3050 4433; x_wconf 88' lang='lat' dir='ltr'><strong>rectum.</strong></span> <span class='ocrx_word' id='word_1_783' title='bbox 3069 4381 3205 4447; x_wconf 88' lang='lat' dir='ltr'><strong>Quid</strong></span> <span class='ocrx_word' id='word_1_784' title='bbox 3229 4382 3388 4450; x_wconf 81' lang='lat' dir='ltr'><strong>igitur</strong></span> <span class='ocrx_word' id='word_1_785' title='bbox 3415 4381 3500 4435; x_wconf 85' lang='lat' dir='ltr'><strong>hic</strong></span> <span class='ocrx_word' id='word_1_786' title='bbox 3516 4382 3616 4434; x_wconf 88' lang='lat' dir='ltr'><strong>sibi</strong></span> 
     </span>
    </p>
   </div>
   <div class='ocr_carea' id='block_1_109' title="bbox 1999 4471 3618 4543">
    <p class='ocr_par' dir='ltr' id='par_1_109' title="bbox 1999 4471 3618 4543">
     <span class='ocr_line' id='line_1_109' title="bbox 1999 4471 3618 4543; baseline -0.002 -14"><span class='ocrx_word' id='word_1_787' title='bbox 1999 4487 2007 4493; x_wconf 87' lang='lat'><strong><em>&#39;</em></strong></span> <span class='ocrx_word' id='word_1_788' title='bbox 2053 4477 2163 4530; x_wconf 88' lang='lat' dir='ltr'><strong>vult</strong></span> <span class='ocrx_word' id='word_1_789' title='bbox 2182 4476 2460 4543; x_wconf 68' lang='lat' dir='ltr'><strong>Propheta:</strong></span> <span class='ocrx_word' id='word_1_790' title='bbox 2485 4473 2720 4541; x_wconf 90' lang='lat' dir='ltr'><strong>precatio</strong></span> <span class='ocrx_word' id='word_1_791' title='bbox 2739 4471 2838 4527; x_wconf 70' lang='grc' dir='ltr'><strong>ῩΟι</strong></span> <span class='ocrx_word' id='word_1_792' title='bbox 2853 4481 2906 4526; x_wconf 89' lang='lat' dir='ltr'><strong>at</strong></span> <span class='ocrx_word' id='word_1_793' title='bbox 2922 4475 3063 4526; x_wconf 89' lang='lat' dir='ltr'><strong>enim</strong></span> <span class='ocrx_word' id='word_1_794' title='bbox 3083 4485 3138 4526; x_wconf 91' lang='lat' dir='ltr'><strong>ut</strong></span> <span class='ocrx_word' id='word_1_795' title='bbox 3157 4473 3200 4526; x_wconf 91' lang='lat' dir='ltr'><strong>is</strong></span> <span class='ocrx_word' id='word_1_796' title='bbox 3221 4472 3426 4541; x_wconf 90' lang='lat' dir='ltr'><strong>quijam</strong></span> <span class='ocrx_word' id='word_1_797' title='bbox 3442 4483 3618 4526; x_wconf 86' lang='lat' dir='ltr'><strong>rectus</strong></span> 
     </span>
    </p>
   </div>
   <div class='ocr_carea' id='block_1_110' title="bbox 2052 4564 3618 4635">
    <p class='ocr_par' dir='ltr' id='par_1_110' title="bbox 2052 4564 3618 4635">
     <span class='ocr_line' id='line_1_110' title="bbox 2052 4564 3618 4635; baseline -0.003 -14"><span class='ocrx_word' id='word_1_798' title='bbox 2052 4576 2156 4632; x_wconf 89' lang='lat' dir='ltr'><strong>est,</strong></span> <span class='ocrx_word' id='word_1_799' title='bbox 2177 4569 2455 4635; x_wconf 81' lang='lat' dir='ltr'><strong>dirigatur.</strong></span> <span class='ocrx_word' id='word_1_800' title='bbox 2477 4564 2643 4619; x_wconf 84' lang='lat' dir='ltr'><strong>Nemo</strong></span> <span class='ocrx_word' id='word_1_801' title='bbox 2674 4567 2816 4618; x_wconf 89' lang='lat' dir='ltr'><strong>enim</strong></span> <span class='ocrx_word' id='word_1_802' title='bbox 2844 4566 3042 4619; x_wconf 79' lang='lat' dir='ltr'><strong>dixerit</strong></span> <span class='ocrx_word' id='word_1_803' title='bbox 3071 4580 3190 4619; x_wconf 86' lang='lat' dir='ltr'><strong>esse</strong></span> <span class='ocrx_word' id='word_1_804' title='bbox 3221 4567 3272 4618; x_wconf 91' lang='lat' dir='ltr'><strong>in</strong></span> <span class='ocrx_word' id='word_1_805' title='bbox 3296 4565 3442 4634; x_wconf 87' lang='lat' dir='ltr'><strong>justo</strong></span> <span class='ocrx_word' id='word_1_806' title='bbox 3465 4564 3618 4632; x_wconf 90' lang='lat' dir='ltr'><strong>quid-</strong></span> 
     </span>
    </p>
   </div>
   <div class='ocr_carea' id='block_1_111' title="bbox 2050 4654 3619 4728">
    <p class='ocr_par' dir='ltr' id='par_1_111' title="bbox 2050 4654 3619 4728">
     <span class='ocr_line' id='line_1_111' title="bbox 2050 4654 3619 4728; baseline -0.002 -16"><span class='ocrx_word' id='word_1_807' title='bbox 2050 4675 2209 4728; x_wconf 90' lang='lat' dir='ltr'><strong>quam</strong></span> <span class='ocrx_word' id='word_1_808' title='bbox 2227 4659 2519 4727; x_wconf 89' lang='lat' dir='ltr'><strong>obliquum,</strong></span> <span class='ocrx_word' id='word_1_809' title='bbox 2535 4666 2627 4709; x_wconf 89' lang='lat' dir='ltr'><strong>aut</strong></span> <span class='ocrx_word' id='word_1_810' title='bbox 2646 4669 3032 4721; x_wconf 86' lang='lat' dir='ltr'><strong>transversum,</strong></span> <span class='ocrx_word' id='word_1_811' title='bbox 3047 4667 3137 4710; x_wconf 86' lang='lat' dir='ltr'><strong>aut</strong></span> <span class='ocrx_word' id='word_1_812' title='bbox 3151 4666 3469 4710; x_wconf 88' lang='lat' dir='ltr'><strong>tortuosum.</strong></span> <span class='ocrx_word' id='word_1_813' title='bbox 3488 4654 3619 4709; x_wconf 83' lang='lat' dir='ltr'><strong>For-</strong></span> 
     </span>
    </p>
   </div>
   <div class='ocr_carea' id='block_1_112' title="bbox 2051 4747 3617 4818">
    <p class='ocr_par' dir='ltr' id='par_1_112' title="bbox 2051 4747 3617 4818">
     <span class='ocr_line' id='line_1_112' title="bbox 2051 4747 3617 4818; baseline -0.002 -13"><span class='ocrx_word' id='word_1_814' title='bbox 2051 4753 2212 4806; x_wconf 89' lang='lat' dir='ltr'><strong>tassis</strong></span> <span class='ocrx_word' id='word_1_815' title='bbox 2239 4760 2418 4805; x_wconf 90' lang='lat' dir='ltr'><strong>autem</strong></span> <span class='ocrx_word' id='word_1_816' title='bbox 2479 4749 2783 4802; x_wconf 85' lang='lat' dir='ltr'><strong>necessaria</strong></span> <span class='ocrx_word' id='word_1_817' title='bbox 2835 4759 2914 4802; x_wconf 90' lang='lat' dir='ltr'><strong>est</strong></span> <span class='ocrx_word' id='word_1_818' title='bbox 2951 4747 3219 4818; x_wconf 86' lang='lat' dir='ltr'><strong>projusto</strong></span> <span class='ocrx_word' id='word_1_819' title='bbox 3264 4749 3527 4816; x_wconf 86' lang='lat' dir='ltr'><strong>precatio,</strong></span> <span class='ocrx_word' id='word_1_820' title='bbox 3559 4759 3617 4802; x_wconf 90' lang='lat' dir='ltr'><strong>ut</strong></span> 
     </span>
    </p>
   </div>
   <div class='ocr_carea' id='block_1_113' title="bbox 2052 4838 3619 4908">
    <p class='ocr_par' dir='ltr' id='par_1_113' title="bbox 2052 4838 3619 4908">
     <span class='ocr_line' id='line_1_113' title="bbox 2052 4838 3619 4908; baseline -0.003 -12"><span class='ocrx_word' id='word_1_821' title='bbox 2052 4852 2259 4896; x_wconf 88' lang='lat' dir='ltr'><strong>rectum</strong></span> <span class='ocrx_word' id='word_1_822' title='bbox 2290 4839 2452 4892; x_wconf 91' lang='lat' dir='ltr'><strong>animi</strong></span> <span class='ocrx_word' id='word_1_823' title='bbox 2481 4839 2596 4908; x_wconf 86' lang='lat' dir='ltr'><strong>ejus</strong></span> <span class='ocrx_word' id='word_1_824' title='bbox 2632 4839 2989 4907; x_wconf 85' lang='lat' dir='ltr'><strong>propositum.</strong></span> <span class='ocrx_word' id='word_1_825' title='bbox 3009 4838 3619 4892; x_wconf 82' lang='lat' dir='ltr'><strong>mentisimrnulabilitas</strong></span> 
     </span>
    </p>
   </div>
   <div class='ocr_carea' id='block_1_114' title="bbox 2051 4933 3618 5001">
    <p class='ocr_par' dir='ltr' id='par_1_114' title="bbox 2051 4933 3618 5001">
     <span class='ocr_line' id='line_1_114' title="bbox 2051 4933 3618 5001; baseline -0.001 -12"><span class='ocrx_word' id='word_1_826' title='bbox 2051 4933 2144 4989; x_wconf 90' lang='lat' dir='ltr'><strong>Dei</strong></span> <span class='ocrx_word' id='word_1_827' title='bbox 2181 4935 2342 4987; x_wconf 91' lang='lat' dir='ltr'><strong>ductu</strong></span> <span class='ocrx_word' id='word_1_828' title='bbox 2376 4933 2670 5001; x_wconf 81' lang='lat' dir='ltr'><strong>dirigatur,</strong></span> <span class='ocrx_word' id='word_1_829' title='bbox 2695 4948 2762 4987; x_wconf 91' lang='lat' dir='ltr'><strong>ne</strong></span> <span class='ocrx_word' id='word_1_830' title='bbox 2783 4933 2998 5001; x_wconf 89' lang='lat' dir='ltr'><strong>quando</strong></span> <span class='ocrx_word' id='word_1_831' title='bbox 3019 4948 3127 5001; x_wconf 74' lang='lat' dir='ltr'><strong>przc</strong></span> <span class='ocrx_word' id='word_1_832' title='bbox 3145 4933 3458 4986; x_wconf 81' lang='lat' dir='ltr'><strong>inﬁrmitate</strong></span> <span class='ocrx_word' id='word_1_833' title='bbox 3477 4950 3502 4986; x_wconf 90' lang='lat' dir='ltr'><strong>a</strong></span> <span class='ocrx_word' id='word_1_834' title='bbox 3527 4949 3618 4988; x_wconf 91' lang='lat' dir='ltr'><strong>ve-</strong></span> 
     </span>
    </p>
   </div>
   <div class='ocr_carea' id='block_1_115' title="bbox 2051 5024 3614 5094">
    <p class='ocr_par' dir='ltr' id='par_1_115' title="bbox 2051 5024 3614 5094">
     <span class='ocr_line' id='line_1_115' title="bbox 2051 5024 3614 5094; baseline -0.001 -15"><span class='ocrx_word' id='word_1_835' title='bbox 2051 5026 2225 5079; x_wconf 86' lang='lat' dir='ltr'><strong>ritatis</strong></span> <span class='ocrx_word' id='word_1_836' title='bbox 2259 5027 2412 5094; x_wconf 87' lang='lat' dir='ltr'><strong>quasi</strong></span> <span class='ocrx_word' id='word_1_837' title='bbox 2437 5040 2643 5078; x_wconf 85' lang='lat' dir='ltr'><strong>canone</strong></span> <span class='ocrx_word' id='word_1_838' title='bbox 2666 5024 2935 5090; x_wconf 80' lang='lat' dir='ltr'><strong>deﬂectat,</strong></span> <span class='ocrx_word' id='word_1_839' title='bbox 2961 5040 3225 5079; x_wconf 83' lang='lat' dir='ltr'><strong>neveeum</strong></span> <span class='ocrx_word' id='word_1_840' title='bbox 3255 5026 3494 5079; x_wconf 77' lang='lat' dir='ltr'><strong>veritatis</strong></span> <span class='ocrx_word' id='word_1_841' title='bbox 3518 5026 3614 5078; x_wconf 87' lang='lat' dir='ltr'><strong>ini-</strong></span> 
     </span>
    </p>
   </div>
   <div class='ocr_carea' id='block_1_116' title="bbox 2063 5117 3614 5189">
    <p class='ocr_par' dir='ltr' id='par_1_116' title="bbox 2063 5117 3614 5189">
     <span class='ocr_line' id='line_1_116' title="bbox 2063 5117 3614 5189; baseline 0.001 -17"><span class='ocrx_word' id='word_1_842' title='bbox 2063 5121 2232 5173; x_wconf 89' lang='lat' dir='ltr'><strong>micus</strong></span> <span class='ocrx_word' id='word_1_843' title='bbox 2263 5120 2535 5189; x_wconf 86' lang='lat' dir='ltr'><strong>perversis</strong></span> <span class='ocrx_word' id='word_1_844' title='bbox 2579 5119 2842 5188; x_wconf 77' lang='lat' dir='ltr'><strong>dogmatis</strong></span> <span class='ocrx_word' id='word_1_845' title='bbox 2883 5119 3059 5173; x_wconf 63' lang='lat' dir='ltr'><strong>laedat.</strong></span> <span class='ocrx_word' id='word_1_846' title='bbox 3097 5117 3349 5173; x_wconf 71' lang='lat' dir='ltr'><strong>Scrutaris</strong></span> <span class='ocrx_word' id='word_1_847' title='bbox 3382 5123 3539 5173; x_wconf 84' lang='lat' dir='ltr'><strong>corda</strong></span> <span class='ocrx_word' id='word_1_848' title='bbox 3568 5134 3614 5174; x_wconf 83' lang='lat' dir='ltr'><strong>et</strong></span> 
     </span>
    </p>
   </div>
   <div class='ocr_carea' id='block_1_117' title="bbox 2051 5305 3612 5367">
    <p class='ocr_par' dir='ltr' id='par_1_117' title="bbox 2051 5305 3612 5367">
     <span class='ocr_line' id='line_1_117' title="bbox 2051 5305 3612 5367; baseline 0.006 -22"><span class='ocrx_word' id='word_1_849' title='bbox 2051 5307 2250 5367; x_wconf 55' lang='lat' dir='ltr'><strong>{autem</strong></span> <span class='ocrx_word' id='word_1_850' title='bbox 2280 5311 2360 5367; x_wconf 81' lang='lat' dir='ltr'><strong>me</strong></span> <span class='ocrx_word' id='word_1_851' title='bbox 2403 5305 2716 5356; x_wconf 63' lang='lat' dir='ltr'><strong>comprimes,</strong></span> <span class='ocrx_word' id='word_1_852' title='bbox 2747 5313 2848 5348; x_wconf 83' lang='lat' dir='ltr'><strong>non</strong></span> <span class='ocrx_word' id='word_1_853' title='bbox 2898 5306 2951 5347; x_wconf 87' lang='lat' dir='ltr'><strong>ut</strong></span> <span class='ocrx_word' id='word_1_854' title='bbox 3004 5312 3264 5367; x_wconf 64' lang='lat' dir='ltr'><strong>sagacem,</strong></span> <span class='ocrx_word' id='word_1_855' title='bbox 3301 5314 3479 5367; x_wconf 83' lang='lat' dir='ltr'><strong>neque,</strong></span> <span class='ocrx_word' id='word_1_856' title='bbox 3506 5308 3612 5354; x_wconf 84' lang='lat' dir='ltr'><strong>etc.</strong></span> 
     </span>
    </p>
   </div>
   <div class='ocr_carea' id='block_1_118' title="bbox 2051 5364 3267 5450">
    <p class='ocr_par' dir='ltr' id='par_1_118' title="bbox 2051 5364 3267 5450">
     <span class='ocr_line' id='line_1_118' title="bbox 2051 5364 3267 5450; baseline 0.002 -34"><span class='ocrx_word' id='word_1_857' title='bbox 2051 5365 2346 5450; x_wconf 50' lang='lat' dir='ltr'><strong>Moi‘Colb.</strong></span> <span class='ocrx_word' id='word_1_858' title='bbox 2375 5368 2632 5433; x_wconf 85' lang='lat' dir='ltr'><strong>septimus</strong></span> <span class='ocrx_word' id='word_1_859' title='bbox 2662 5367 3075 5450; x_wconf 54' lang='grc' dir='ltr'>ἐπηρεαζόντων</span> <span class='ocrx_word' id='word_1_860' title='bbox 3101 5364 3267 5450; x_wconf 60' lang='grc' dir='ltr'>αὐτῷ.</span> 
     </span>
    </p>
   </div>
   <div class='ocr_carea' id='block_1_119' title="bbox 2119 5435 3614 5510">
    <p class='ocr_par' dir='ltr' id='par_1_119' title="bbox 2119 5435 3614 5510">
     <span class='ocr_line' id='line_1_119' title="bbox 2119 5435 3614 5510; baseline 0.005 -24"><span class='ocrx_word' id='word_1_861' title='bbox 2119 5435 2230 5500; x_wconf 70' lang='lat'><strong>(7:2)</strong></span> <span class='ocrx_word' id='word_1_862' title='bbox 2270 5436 2415 5510; x_wconf 52' lang='lat' dir='ltr'><strong>licgii</strong></span> <span class='ocrx_word' id='word_1_863' title='bbox 2442 5437 2671 5510; x_wconf 77' lang='lat' dir='ltr'><strong>primus</strong></span> <span class='ocrx_word' id='word_1_864' title='bbox 2698 5435 2783 5490; x_wconf 32' lang='lat' dir='ltr'><strong>et&quot;</strong></span> <span class='ocrx_word' id='word_1_865' title='bbox 2809 5439 2996 5510; x_wconf 70' lang='lat' dir='ltr'><strong>tertius</strong></span> <span class='ocrx_word' id='word_1_866' title='bbox 3038 5435 3131 5487; x_wconf 75' lang='grc' dir='ltr'><strong>ἐπὶ</strong></span> <span class='ocrx_word' id='word_1_867' title='bbox 3175 5435 3355 5490; x_wconf 83' lang='grc' dir='ltr'>πλεῖον</span> <span class='ocrx_word' id='word_1_868' title='bbox 3417 5441 3614 5510; x_wconf 88' lang='grc' dir='ltr'>προκό-</span> 
     </span>
    </p>
   </div>
   <div class='ocr_carea' id='block_1_120' title="bbox 2047 5505 2961 5568">
    <p class='ocr_par' dir='ltr' id='par_1_120' title="bbox 2047 5505 2961 5568">
     <span class='ocr_line' id='line_1_120' title="bbox 2047 5505 2961 5568; baseline 0.003 -11"><span class='ocrx_word' id='word_1_869' title='bbox 2047 5523 2259 5557; x_wconf 87' lang='grc' dir='ltr'>πτουσα</span> <span class='ocrx_word' id='word_1_870' title='bbox 2290 5505 2384 5568; x_wconf 82' lang='grc' dir='ltr'>ὡς.</span> <span class='ocrx_word' id='word_1_871' title='bbox 2425 5508 2527 5558; x_wconf 86' lang='lat' dir='ltr'><strong>Alii</strong></span> <span class='ocrx_word' id='word_1_872' title='bbox 2567 5523 2696 5558; x_wconf 77' lang='lat' dir='ltr'><strong>mss.</strong></span> <span class='ocrx_word' id='word_1_873' title='bbox 2731 5519 2787 5559; x_wconf 88' lang='lat' dir='ltr'><strong>ut</strong></span> <span class='ocrx_word' id='word_1_874' title='bbox 2814 5508 2961 5560; x_wconf 90' lang='lat' dir='ltr'><strong>editi.</strong></span> 
     </span>
    </p>
   </div>
   <div class='ocr_carea' id='block_1_121' title="bbox 2118 5574 3605 5642">
    <p class='ocr_par' dir='ltr' id='par_1_121' title="bbox 2118 5574 3605 5642">
     <span class='ocr_line' id='line_1_121' title="bbox 2118 5574 3605 5642; baseline 0.007 -18"><span class='ocrx_word' id='word_1_875' title='bbox 2118 5575 2230 5642; x_wconf 71' lang='grc'><strong>(75)</strong></span> <span class='ocrx_word' id='word_1_876' title='bbox 2267 5574 2356 5628; x_wconf 84' lang='lat' dir='ltr'><strong>Sic</strong></span> <span class='ocrx_word' id='word_1_877' title='bbox 2408 5591 2539 5628; x_wconf 75' lang='lat' dir='ltr'><strong>mss.</strong></span> <span class='ocrx_word' id='word_1_878' title='bbox 2579 5592 2696 5627; x_wconf 74' lang='grc' dir='ltr'>οιιιιι</span> <span class='ocrx_word' id='word_1_879' title='bbox 2744 5578 2977 5631; x_wconf 74' lang='lat' dir='ltr'><strong>t‘ditiOtic</strong></span> <span class='ocrx_word' id='word_1_880' title='bbox 3030 5576 3194 5632; x_wconf 83' lang='lat' dir='ltr'><strong>Basil.</strong></span> <span class='ocrx_word' id='word_1_881' title='bbox 3226 5579 3403 5635; x_wconf 86' lang='lat' dir='ltr'><strong>Editio</strong></span> <span class='ocrx_word' id='word_1_882' title='bbox 3437 5579 3605 5636; x_wconf 80' lang='lat' dir='ltr'><strong>Paris.</strong></span> 
     </span>
    </p>
   </div>
   <div class='ocr_carea' id='block_1_122' title="bbox 2044 5647 2638 5714">
    <p class='ocr_par' dir='ltr' id='par_1_122' title="bbox 2044 5647 2638 5714">
     <span class='ocr_line' id='line_1_122' title="bbox 2044 5647 2638 5714; baseline 0 -18"><span class='ocrx_word' id='word_1_883' title='bbox 2044 5647 2203 5706; x_wconf 75' lang='grc' dir='ltr'>εὐθὺς</span> <span class='ocrx_word' id='word_1_884' title='bbox 2404 5647 2563 5708; x_wconf 74' lang='grc' dir='ltr'>εὐθὺς</span> <span class='ocrx_word' id='word_1_885' title='bbox 2585 5648 2638 5714; x_wconf 81' lang='grc' dir='ltr'>ἡ.</span> 
     </span>
    </p>
   </div>
   <div class='ocr_carea' id='block_1_123' title="bbox 2111 5717 3273 5788">
    <p class='ocr_par' dir='ltr' id='par_1_123' title="bbox 2111 5717 3273 5788">
     <span class='ocr_line' id='line_1_123' title="bbox 2111 5717 3273 5788; baseline 0.009 -25"><span class='ocrx_word' id='word_1_886' title='bbox 2111 5717 2219 5785; x_wconf 69' lang='grc' dir='ltr'><strong>(τί)</strong></span> <span class='ocrx_word' id='word_1_887' title='bbox 2245 5717 2392 5770; x_wconf 62' lang='lat' dir='ltr'><strong>(lolii.</strong></span> <span class='ocrx_word' id='word_1_888' title='bbox 2428 5729 2650 5785; x_wconf 79' lang='lat' dir='ltr'><strong>quartus</strong></span> <span class='ocrx_word' id='word_1_889' title='bbox 2673 5717 2891 5782; x_wconf 82' lang='grc' dir='ltr'>κανόνος</span> <span class='ocrx_word' id='word_1_890' title='bbox 2913 5719 3008 5788; x_wconf 74' lang='grc' dir='ltr'><strong>τῆς</strong></span> <span class='ocrx_word' id='word_1_891' title='bbox 3042 5718 3273 5783; x_wconf 80' lang='grc' dir='ltr'>εὐθείας.</span> 
     </span>
    </p>
   </div>
  </div>
