4048 6220
432 347 541 401 Si;

1748 342 1805 398 S.
1847 342 2099 399 BASILII
2133 342 2347 399 MAGNI

3585 341 3706 395 2H»

431 477 581 515 renes
613 460 750 515 Deus
778 460 945 529 juste.
1001 458 1446 529 Quandoquidem
1491 459 1770 531 Scriptura
1819 462 1987 515 mulli:

2108 461 2261 522 θείας
2321 462 2435 524 τοῖς
2493 460 2894 531 ὲνδιαστρύιροις
2953 460 3188 531 δόγμασι
3251 458 3699 531 παραϐλαϐῆναι.

433 552 487 602 in
524 550 659 605 locis
682 563 777 604 eor
805 565 902 620 pro
931 549 1217 619 principali
1255 550 1449 605 animae
1485 561 1639 622 parte
1670 552 1892 620 accipit,
1919 567 2001 607 re-

432 655 531 696 nes
561 656 692 695 vero
737 656 833 710 pro
870 643 1289 710 concupiscente
1312 682 1328 708 ,
1376 643 1465 698 hic
1493 657 1711 713 quoque
1766 643 2000 711 idipsum

430 729 698 797 significat
734 746 749 783 :
790 728 1281 797 nimirum,.fudica
1303 748 1400 794 me,
1437 732 1602 796 Deus,
1636 743 1745 786 tum
1768 747 1831 787 ex
1866 733 2001 786 meis

430 819 576 873 circa
600 820 850 888 pietatem
888 820 1175 889 dogmatis,
1214 828 1327 873 tum
1360 835 1427 875 ex
1445 822 1680 877 motibus
1709 818 1999 876 affectuum

430 924 673 963 meorum
713 927 727 963 :
766 921 822 965 tu
851 925 1086 981 namque
1111 913 1274 967 corda
1308 922 1363 967 et
1414 927 1571 968 renes
1617 914 1996 983 perscrutaris.

425 999 702 1054 Scrutatio
738 1001 956 1069 proprie
982 1012 1063 1056 est
1099 1002 1398 1071 inquisitio,
1437 1003 1722 1058 tormentis
1747 1003 2000 1059 omnibus

428 1089 701 1158 adjuncta,
732 1109 895 1163 quam
927 1096 1189 1152 adversus
1213 1098 1606 1151 examinandos
1630 1097 1892 1153 adhibent
1910 1097 2000 1166 ju-

425 1178 596 1245 dices,
631 1193 688 1235 ut
711 1184 744 1236 ii
774 1185 862 1252 qui
897 1184 949 1237 in
978 1199 1038 1239 se
1073 1194 1259 1251 tegunt
1289 1186 1578 1255 postulata,
1604 1186 1655 1240 id
1682 1188 1824 1255 quod
1859 1186 1996 1241 late-

426 1270 540 1335 bat,
581 1271 633 1324 in
683 1274 920 1327 medium
961 1276 1011 1327 vi
1043 1274 1288 1329 dolorum
1322 1274 1621 1344 proferant.
1655 1274 1904 1329 Profecto
1941 1275 1994 1330 in

422 1360 620 1431 judicis
663 1362 821 1435 ιοᾶ,
856 1366 1103 1419 ειπηιίιιε
1135 1365 1312 1419 omnis
1374 1366 1578 1420 erroris
1629 1365 1838 1433 experti
1884 1376 1994 1420 tam

424 1451 802 1520 cogitationes,
853 1468 1015 1522 quam
1070 1453 1309 1508 actiones
1340 1464 1539 1509 nostra:
1586 1455 1990 1523 expenduntur.

423 1542 593 1596 Nemo
618 1543 783 1613 igitur
812 1559 998 1599 verum
1017 1543 1254 1613 judicem
1274 1547 1593 1616 praeveniat,
1628 1556 1754 1600 ante
1784 1554 1996 1615 tempus

417 1633 623 1700 iudicet
669 1652 850 1702 nemo,
908 1637 1260 1709 Quoadusque
1308 1642 1480 1693 ueniat
1513 1639 1789 1706 Dominus,
1817 1640 1908 1708 qui
1943 1647 1995 1692 et

422 1725 743 1779 illuminabit
796 1728 1104 1783 abscondita
1149 1729 1505 1794 tenebrarum,
1553 1743 1600 1785 et
1628 1731 1992 1799 manifestabit

2124 547 2365 609 Ἐτάζων
2415 548 2666 617 καρδίας
2713 549 2811 603 καὶ
2862 548 3120 619 νεφροὺς
3161 553 3194 603 ό
3245 549 3388 615 Θεὸς
3423 549 3697 615 δικαίως.

2121 640 2339 713 Ἐπειδὴ
2363 641 2590 712 καρδίαν
2616 643 2649 712 ἡ
2683 641 2872 713 Γραφὴ
2902 641 3169 713 πολλαχοῦ
3198 642 3290 695 ἐπὶ
3313 641 3407 694 τοῦ
3431 643 3701 713 ἡγεμονι-

2108 733 2206 787 κοῦ
2254 734 2703 806 παραλαμϐάνει,
2748 736 2981 806 νεφροὺς
3032 736 3090 789 δὲ
3143 734 3411 805 πολλαχοῦ
3459 736 3551 788 ἐπὶ
3594 734 3698 788 τοῦ

2108 824 2503 896 ἐπιθυμητικοῦ
2535 826 2637 897 τῆς
2676 826 2875 898 ψυχῆς,
2909 827 3002 880 καί
3029 826 3263 880 ἐνταῦθα
3310 826 3372 879 τὸ
3420 827 3552 880 αὐτὸ
3584 844 3696 897 ση-

2109 916 2321 986 μαίνειο
2357 917 2459 983 ὅτι,
2507 916 2569 969 '0
2606 915 2769 983 Θεὸς,
2804 916 3013 985 κρῖνον
3034 933 3112 985 με
3136 916 3228 969 ὲπί
3259 933 3318 969 τε
3344 918 3457 979 τοῖς
3481 914 3697 985 δόγμα-

2108 1024 2190 1059 σιν
2219 1002 2300 1070 οἷς
2326 1006 2434 1079 ἔχω
2466 1008 2596 1079 περὶ
2644 1008 2744 1079 τῆς
2784 1006 3091 1070 εὐσεϐείας,
3119 1007 3213 1061 καὶ
3240 1007 3332 1059 ἐπὶ
3372 1008 3485 1069 τοῖς
3525 1007 3649 1077 κινή
3668 1036 3693 1046 ο

2108 1115 2240 1168 μασι
2278 1101 2392 1162 τοῖς
2423 1097 2776 1168 παθητικοῖς·
2816 1098 2880 1152 σὺ
2914 1097 3021 1170 γὰρ
3064 1091 3117 1150 εἷ
3144 1099 3172 1150 6
3200 1095 3407 1159 ὲτάζων
3455 1093 3692 1165 καρδίας

2103 1187 2199 1240 καὶ
2239 1186 2488 1257 νεφρούς.
2540 1186 2808 1257 Ἐτασμὸς
2838 1186 3043 1258 κυρίως
3070 1184 3217 1238 ἐστὶν
3260 1186 3293 1255 ἡ
3324 1183 3462 1254 μετὰ
3492 1182 3688 1235 πασῶν

2106 1274 2352 1345 βασάνων
2381 1275 2765 1346 προσαγομένη
2798 1275 2993 1347 ἔρευνα
3016 1273 3168 1345 παρά
3195 1274 3304 1326 τῶν
3334 1271 3535 1344 κριτῶν
3568 1275 3688 1335 τοῖς

2101 1364 2526 1437 ὲξεταζομένοις,
2577 1367 2665 1421 ἵνα
2715 1368 2765 1419 οἱ
2816 1366 3151 1438 κρύπτοντες
3197 1365 3326 1435 παρ’
3357 1365 3567 1427 ἑαυτοῖς
3610 1363 3686 1416 τὰ

2102 1458 2505 1529 ἐπιζητούμενα
2536 1461 2603 1529 τῇ
2636 1446 2851 1531 ἀνάγκῃ
2879 1458 2988 1511 τῶν
3028 1458 3204 1511 πόνων
3232 1459 3313 1520 εἱς
3348 1455 3409 1509 τὸ
3436 1454 3677 1526 ἐμφανὲς

2101 1550 2483 1621 καταστήσωσι
2529 1549 2589 1603 τὸ
2634 1548 2917 1603 λανθάνον.
2963 1549 3053 1603 Ἐν
3098 1547 3207 1620 γάρ
3250 1549 3364 1610 τοῖς
3397 1544 3675 1617 ἀπαραλο-

2100 1641 2305 1709 γίστοις
2338 1641 2657 1712 ὲξετασμοῖς
2694 1640 2788 1695 τοῦ
2822 1640 3010 1712 κριτοῦ
3046 1639 3327 1704 ὲτάξονται
3375 1638 3473 1710 μὲν
3516 1637 3677 1709 ήμῶν

2099 1734 2147 1784 οί
2186 1732 2466 1803 λογισμοὶ,
2514 1731 2795 1793 ὲτάζονται
2841 1733 2899 1786 δὲ
2932 1734 3028 1787 καὶ
3069 1735 3123 1786 αί
3178 1730 3425 1803 πράξεις.
3469 1727 3679 1798 Μηδεὶς

420 1816 640 1869 consilia
671 1819 907 1872 cordium
933 1819 998 1873 “.
1042 1818 1231 1889 Itaque
1266 1820 1394 1875 dum
1433 1830 1710 1876 scrutatur
1735 1800 1899 1876 corda
1936 1832 1987 1877 et

2095 1819 2188 1877 οὖν
2235 1800 2665 1895 προλαμϐανέτω
2713 1822 2826 1894 (75)
2871 1823 2963 1877 τὸν
2997 1800 3247 1895 ἀληθινὸν
3285 1819 3498 1892 κριτὴν,
3537 1816 3673 1889 μηδὲ

421 1922 578 1964 renes
604 1908 763 1973 Deus,
792 1924 943 1965 suam
970 1913 1204 1966 ostendit
1215 1912 1505 1981 justitiam.
1535 1912 1601 1966 Et
1621 1913 1838 1982 quidem
1865 1927 1992 1968 exa—

418 2000 680 2054 minatum
714 2010 800 2057 est
825 2016 921 2057 cor
947 2003 1203 2067 Abrahae,
1222 2019 1290 2057 an
1320 2005 1486 2059 Deum
1513 2018 1579 2058 ex
1610 2013 1719 2060 tota
1745 2020 1842 2059 sua
1880 2007 1995 2060 ani-

418 2107 507 2147 ma
554 2103 609 2148 et
643 2109 710 2149 ex
762 2102 876 2149 toto
917 2095 1083 2149 corde
1127 2094 1395 2165 diligeret,
1451 2099 1668 2165 quando
1697 2094 1878 2166 jussus
1910 2106 1994 2153 est

418 2185 571 2242 Isaac
606 2201 706 2256 pro
746 2186 1063 2242 bolocauslo
1100 2186 1298 2242 offerre
1330 2205 1344 2243 :
1384 2199 1444 2242 ut
1477 2196 1817 2260 compertum“
1848 2199 1995 2246 esset.

412 2277 589 2332 ﬁlium
626 2292 782 2332 suum
817 2278 885 2332 ab
929 2278 1044 2347 ipso
1089 2294 1250 2348 supra
1284 2280 1449 2333 Debm
1480 2295 1585 2335 non
1618 2281 1811 2335 amari.
1850 2281 1995 2335 Exa-

418 2378 657 2424 minatus
686 2380 769 2425 est
797 2379 978 2425 autem
1015 2378 1069 2426 et
1091 2369 1282 2436 Jacob,
1308 2370 1496 2427 fratris
1528 2373 1739 2428 insidiis
1766 2374 1990 2444 petitus,

417 2470 477 2516 nt
503 2459 743 2516 fraterna
778 2461 951 2532 ipsius
990 2463 1227 2517 charitas
1258 2464 1401 2518 inter
1426 2473 1571 2518 tanta
1596 2463 1740 2519 Esau
1770 2476 1992 2535 peccata

416 2553 587 2608 nihilo
610 2553 887 2608 remissior
915 2565 1222 2623 appareret.
1244 2553 1431 2625 Itaque
1449 2557 1639 2610 horum
1662 2558 1826 2611 corda
1855 2572 1991 2612 exa-

417 2646 551 2700 mini
581 2646 733 2701 fuere
761 2646 1023 2717 subjecta.
1051 2646 1189 2714 Quin
1218 2658 1273 2702 et
1306 2662 1465 2703 renes
1494 2646 1717 2718 Joseplii
1764 2650 1989 2719 expensi

416 2736 655 2802 fuerunt,
702 2738 942 2807 quando,
996 2738 1197 2793 lasciva
1240 2737 1459 2793 domina
1491 2753 1678 2793 amore
1701 2736 1817 2808 ejus
1844 2740 1991 2794 insa-

413 2830 618 2895 niente,
651 2829 910 2900 voluptati
936 2830 1264 2900 turpissima:
1315 2831 1656 2887 honestatem
1712 2834 1988 2902 pudicltize

411 2923 666 2993 praetulit.
695 2923 819 2979 Ideo
839 2933 1017 2978 autem
1040 2925 1296 2994 probatus
1324 2932 1427 2988 est,
1468 2934 1527 2978 ut
1558 2925 1832 2979 communi
1854 2939 1990 2979 con-

411 3030 578 3071 sensu
605 3023 939 3086 spectatores
958 3014 1148 3083 indicii
1188 3016 1279 3069 Dei
1325 3016 1626 3071 faterentur
1652 3016 1775 3083 jure
1806 3018 1855 3072 ei
1888 3018 1986 3070 de-

414 3107 544 3160 ferri
577 3108 857 3173 honorem,
884 3107 1025 3175 quod
1044 3100 1194 3161 illius
1221 3109 1446 3161 castitas
1490 3109 1542 3161 in
1588 3108 1798 3177 magnis
1832 3107 1980 3178 peri-

411 3199 549 3253 culis
583 3199 775 3252 mirutn
808 3198 862 3252 in
888 3198 1103 3252 modum
1134 3199 1413 3253 eluxisset.

2094 1915 2201 1986 πρὸ
2224 1913 2416 1986 καιροῦ
2442 1931 2526 1978 τις
2552 1914 2804 1986 κρινέτω,
2833 1915 2981 1980 Ἕως
3002 1915 3079 1969 ἂν
3107 1915 3255 1983 ἔλθῃ
3282 1916 3315 1967 ὀ
3340 1913 3570 1979 Κύριος,
3602 1909 3676 1975 ὃς

2093 2007 2191 2060 καὶ
2223 2009 2468 2075 φωτίσει
2512 2008 2586 2061 τὰ
2633 2006 2866 2075 κρυπτὰ
2902 2007 3009 2061 τοῦ
3039 2007 3322 2071 σκότους,
3360 2003 3457 2058 καὶ
3488 2017 3674 2072 φανε-

2084 2097 2270 2166 ρώσει
2294 2096 2401 2164 τὰς
2417 2098 2655 2164 βουλὰς
2679 2097 2798 2165 τῶν
2824 2098 3101 2166 καρδιῶν,
3140 2098 3226 2149 Ἐν
3253 2091 3345 2149 οὖν
3363 2094 3441 2165 τῷ
3461 2094 3674 2157 ὲτάξειν

2093 2191 2320 2262 καρδίας
2354 2192 2448 2244 καὶ
2480 2192 2712 2262 νεφροὺς
2751 2193 2779 2243 6
2812 2191 2944 2254 Θεὸς
2976 2190 3037 2243 τὸ
3069 2189 3262 2243 ἑαυτοῦ
3294 2188 3499 2241 δίκαιον
3535 2186 3672 2239 ἀνα-

2094 2284 2292 2354 φαίνει.
2348 2283 2582 2353 Ἦτάσθη
2630 2282 2729 2353 μὲν
2755 2277 2910 2353 οὖνὴ
2953 2280 3150 2352 καρδία
3180 2279 3275 2334 τοῦ
3319 2277 3589 2351 Ἀϐραὰμ,
3622 2278 3674 2331 εί

2093 2375 2287 2445 ἀγαπᾷ
2321 2373 2414 2428 τὸν
2455 2373 2591 2427 Θεὸν
2620 2372 2679 2437 ἐξ
2728 2372 2857 2443 ὅλης
2884 2373 2983 2444 τῆς
3013 2372 3190 2443 ψυχῆς
3234 2369 3398 2424 αὐτοῦ
3420 2410 3435 2432 ,
3484 2369 3578 2422 καὶ⁵
3610 2368 3673 2435 ἐξ

2091 2467 2220 2537 ὅλης
2240 2466 2338 2537 τῆς
2363 2465 2611 2534 καρδίας,
2637 2465 2726 2518 ὅτε
2748 2464 3044 2534 ἐκελεύσθη
3069 2463 3425 2532 ὁλοκαύτωμα
3450 2463 3675 2528 ἀνενεγ-

2092 2562 2208 2612 κεῖν
2253 2559 2342 2613 τὸν
2397 2558 2603 2625 Ἰσαὰκ,
2638 2558 2725 2611 ἵνα
2762 2561 2926 2628 φανῇ,
2957 2558 3036 2611 ὅτι
3074 2558 3174 2610 οὐκ
3201 2557 3391 2627 ἀγαπᾷ
3420 2555 3508 2607 τὸν
3553 2553 3673 2607 υἱὸν

2092 2651 2233 2722 ὑπὲρ
2260 2651 2353 2703 τὸν
2378 2651 2510 2703 Θεόν
2528 2668 2539 2680 ·
2567 2649 2776 2721 ἡτάσθη
2808 2649 2866 2702 δὲ
2894 2649 2990 2703 καὶ
3027 2647 3221 2702 Ἰακὼὸ
3250 2646 3673 2716 ἐπιϐουλευόμε-

2090 2760 2178 2807 νος
2205 2743 2311 2795 ὑπὸ
2336 2742 2430 2795 τοῦ
2460 2741 2688 2808 ἀδελφοῦ
2709 2781 2724 2806 ,
2759 2741 2844 2795 ἵνα
2875 2741 3068 2814 λάμψῃ
3096 2743 3153 2793 ὲν
3191 2739 3463 2802 τοσούτοις
3490 2738 3675 2808 ἀμαρ-

2088 2833 2292 2902 τήμασι
2316 2830 2408 2884 τοῦ
2448 2830 2621 2883 Ἠσαῦ
2659 2831 2733 2901 μὴ
2759 2829 3142 2901 ἀμϐλυνομένη
3173 2826 3338 2881 αὐτοῦ
3361 2829 3394 2897 ὴ
3425 2823 3673 2895 φιλαδελ-

2091 2922 2205 2991 φία.
2242 2922 2460 2976 Τούτων
2506 2923 2605 2993 μὲν
2634 2918 2728 2975 οὖν
2756 2924 2812 2976 αί
2850 2921 3068 2992 καρδίαι
3104 2918 3449 2990 ἡτάσθησαν-
3481 2915 3674 2986 νεφροὶ

2088 3013 2146 3067 δὲ
2172 3013 2487 3085 ἠτάσθησαν
2512 3012 2606 3065 τοῦ
2642 3011 2860 3082 Ἰωσὴφ,
2883 3012 2993 3073 ὅτε,
3015 3009 3371 3081 ἐπιμανείσης
3398 3004 3545 3075 αὐτῷ
3567 3004 3672 3067 εἰς

2090 3105 2387 3158 ἀκολάστου
2415 3103 2721 3174 δεσποίνης,
2750 3103 2814 3156 τὸ
2846 3102 3040 3172 σεμνὸν
3068 3101 3167 3171 τῆς
3191 3098 3540 3169 σωφροσύνης
3564 3094 3673 3165 τῆς

2010 3178 2053 3235 c
2086 3198 2396 3269 ἀσχήμονος
2432 3196 2628 3266 ἡδονῆς
2674 3194 3060 3267 προετίμησεν.
3101 3194 3196 3256 Εἰς
3240 3190 3398 3245 τοῦτο
3439 3189 3496 3243 δὲ
3550 3185 3670 3257 (76)

404 3290 639 3363 ὴτάσθη,
671 3289 757 3344 ἴνα
779 3292 827 3343 οἱ
878 3290 1067 3345 θεαταὶ
1094 3290 1196 3361 τῆς
1229 3291 1464 3362 κρίσεως
1526 3291 1621 3345 τοῦ
1685 3290 1819 3345 Θεοῦ
1876 3289 2180 3345 συνθῶνται
2213 3289 2437 3353 δικαίως
2471 3287 2884 3360 ἀπονεμομένην
2929 3286 3077 3359 αὐτῷ
3113 3286 3213 3356 τὴν
3251 3283 3446 3356 τιμὴν,
3477 3280 3564 3334 διὰ
3604 3276 3671 3332 τὸ

406 3385 467 3439 ὲν
507 3383 761 3456 μεγάλοις
801 3383 1244 3456 δοκιμαστηρίοις
1283 3384 1638 3456 ὑπερλάμψαι
1681 3384 1844 3439 αὐτοῦ
1879 3382 1978 3455 τὴν
2017 3382 2343 3454 σεμνότητα.
2560 3397 2565 3402 ’

477 3481 531 3533 7.
561 3478 725 3535 Vens.
776 3479 862 3533 ll.
896 3480 1172 3534 Auxilium
1210 3497 1380 3534 meum
1418 3498 1450 3534 a
1483 3479 1726 3535 Domino.
1762 3481 1987 3551 Proprie

406 3572 498 3641 qui
531 3582 936 3641 oppugnantur,
968 3572 1228 3627 adversus
1256 3572 1488 3642 impetus
1533 3573 1757 3628 hostiles
1786 3574 1839 3627 in
1864 3573 1987 3628 ‘bel-

405 3663 475 3715 lis
510 3660 768 3715 auxilium
799 3671 1069 3730 quaerunt.
1100 3663 1167 3717 Et
1200 3663 1290 3718 hic
1317 3664 1501 3734 itaque
1536 3663 1838 3720 invisibiles
1857 3678 1986 3719 suos

409 3754 661 3817 inimicos
689 3754 931 3809 sentiens
962 3754 1251 3824 quispiam,
1280 3755 1694 3825 periculumque
1714 3754 1858 3824 quod
1881 3755 1985 3810 sibi

407 3845 478 3900 ab
516 3845 749 3901 inimicis
771 3845 947 3916 ipsum
998 3846 1526 3902 circumsedentibus
1566 3847 1862 3917 impendet,
1900 3846 1984 3900 in-

411 3950 591 4004 tuens,
619 3938 764 3992 dicet
793 3955 806 3991 :
844 3938 1124 3991 Auxilium
1174 3954 1356 3992 meum
1385 3954 1490 3993 non
1522 3952 1590 3993 ex
1623 3939 1850 4005 divitiis,
1886 3953 1985 3993 ne-

404 4043 512 4096 que
541 4043 607 4082 ex
644 4028 753 4083 ullo
790 4028 1058 4098 corporali
1090 4028 1352 4096 subsidio,
1384 4044 1561 4099 neque
1607 4045 1674 4085 ex
1719 4030 1979 4100 potentia,

404 4128 497 4172 aut
523 4119 659 4174 meis
682 4120 910 4184 viribus,
941 4133 1116 4190 neque
1145 4136 1211 4176 ex
1240 4120 1344 4175 ulla
1368 4122 1693 4191 cognatione
1722 4123 1979 4191 humana,

406 4209 500 4264 scd
538 4209 813 4264 Auxilium
846 4227 1016 4263 meum
1047 4227 1078 4263 a
1105 4210 1352 4264 Domino.
1385 4211 1557 4279 Quale
1581 4222 1761 4266 autem
1803 4213 1983 4267 mittat

403 4301 660 4356 auxilium
690 4302 1005 4357 timentibus
1031 4318 1093 4357 se
1129 4305 1409 4369 Dominus,
1442 4304 1569 4360 alibi
1601 4320 1630 4358 a
1662 4305 1872 4374 psalmo
1897 4305 1983 4361 di-

402 4392 635 4447 dicimus
686 4392 937 4448 dicente:
997 4391 1252 4448 Immittet
1273 4400 1490 4466 angelus
1535 4394 1749 4450 Domini
1780 4397 1835 4451 in
1870 4397 1979 4450 cir-

402 4485 548 4538 cuitu
577 4485 870 4539 timentium
900 4500 1041 4551 eum,
1067 4496 1115 4540 et
1147 4488 1335 4555 eripiet
1361 4504 1446 4542 eos
1478 4488 1542 4546 ⁸⁷.
1576 4488 1640 4542 Et
1669 4489 1794 4544 alibi
1823 4509 1835 4544 :
1872 4489 1982 4542 An-

402 4578 547 4646 gelus
570 4579 660 4649 qui
689 4579 825 4632 eruit
856 4595 939 4633 me
965 4579 1033 4634 ‘°.
1056 4578 1169 4651 {Qui
1196 4580 1371 4634 salvos
1418 4581 1549 4650 facit
1594 4592 1765 4636 rectos
1798 4581 1977 4638 corde.

411 4667 611 4723 Rectus
647 4668 815 4724 corde
850 4669 897 4725 is
933 4679 1035 4735 est,
1063 4671 1217 4741 cujus
1240 4672 1456 4727 animus
1482 4688 1654 4743 neque
1691 4674 1756 4727 ad
1791 4688 1980 4728 exces—

2160 3478 2213 3533 7.
2269 3477 2342 3532 Ἡ
2364 3475 2617 3544 βοήθειά
2641 3493 2761 3546 μου
2795 3473 2954 3543 παρὰ
2995 3471 3101 3527 τοῦ
3136 3470 3306 3526 Θεοῦ.
3353 3466 3572 3538 Κυρίως
3605 3466 3670 3518 ὲν

2087 3569 2344 3640 πολέμοις
2383 3569 2524 3623 κατὰ
2566 3568 2665 3631 τὰς
2712 3567 2933 3636 ἐφόδους
2964 3564 3072 3618 τῶν
3112 3563 3366 3618 ἐναντίων
3407 3560 3505 3622 τὰς
3536 3557 3666 3629 βοη-

2085 3664 2236 3728 θείας
2264 3663 2611 3737 ὲπιζητοῦσιν
2636 3664 2684 3715 οἱ
2711 3659 3126 3731 πολεμούμενοι.
3159 3658 3270 3711 Καὶ
3297 3653 3529 3709 ἐνταῦθα
3550 3651 3665 3704 τοί-

2084 3774 2179 3810 νυν
2215 3757 2243 3808 ὁ
2273 3755 2381 3809 τῶν
2417 3755 2666 3828 ἀοράτων
2699 3752 2910 3825 ἐχθρῶν
2942 3750 3135 3805 ἑαυτοῦ
3180 3746 3664 3815 ἐπαισθανόμενος,

2084 3849 2179 3903 καὶ
2204 3849 2295 3901 τὸν
2322 3847 2605 3917 ἐφεστῶτα
2634 3844 2783 3915 αὐτῷ
2806 3843 3047 3898 κίνδυνον
3070 3839 3221 3913 παρά
3241 3838 3347 3892 τῶν
3372 3849 3667 3908 περιστρα-

2082 3940 2521 4011 τοπεδευομένων
2557 3938 2717 3992 αὑτὸν
2745 3936 3019 4008 πολεμίων
3051 3933 3212 4005 ὁρῶν,
3247 3931 3363 4001 ἐρεῖ
3383 3946 3397 3959 ο
3449 3927 3515 3980 Ἠ
3543 3924 3669 3995 βοή-

2084 4029 2207 4084 θειά
2242 4046 2342 4101 μου
2371 4029 2472 4082 οὐκ
2502 4031 2566 4082 ὲκ
2596 4027 2847 4091 πλούτου,
2877 4025 2998 4079 οὐδὲ
3029 4027 3091 4077 ὲκ
3126 4018 3450 4093 σωματικῶν
3488 4017 3664 4086 ἀφορ-

2086 4123 2224 4193 μῶν,
2268 4121 2388 4174 ούδὲ
2443 4123 2506 4174 ὲκ
2546 4120 2826 4191 δυνάμεως
2870 4117 2964 4171 καὶ
2995 4115 3183 4186 ἰσχύος
3227 4112 3389 4184 ὲμῆς,
3435 4108 3555 4163 οὐδὲ
3598 4109 3666 4159 ἐκ

2085 4198 2404 4284 συγγενείας
2437 4211 2807 4284 ἀνθρωπίνης,
2835 4209 2947 4264 ἀλλ’
2991 4209 3063 4263 Ἡ
3086 4203 3338 4272 ,βοήθειά
3357 4220 3474 4273 μου
3505 4197 3665 4267 παρὰ

2082 4307 2188 4361 τοῦ
2223 4307 2391 4360 Θεοῦ.
2431 4305 2688 4376 Ποταπὴν
2733 4302 2790 4356 δὲ
2834 4300 3151 4372 συμμαχίαν
3192 4294 3508 4352 ἀποστέλλει
3546 4292 3664 4353 τοῖς

2082 4399 2438 4470 φοϐουμένοις
2469 4398 2630 4452 αὐτὸν
2658 4400 2686 4452 ὁ
2726 4396 2930 4468 Κύριος
2949 4439 2962 4461 ,
2994 4392 3229 4463 ἀλλαχοῦ
3263 4389 3663 4462 μεμαθήκαμεν

2080 4491 2176 4544 τοῦ
2207 4489 2422 4560 ψαλμοῦ
2457 4488 2734 4557 λέγοντος
2770 4484 3142 4556 Παρεμϐαλεῖ
3163 4483 3414 4554 ἅγγελος
3442 4478 3661 4545 Κυρίου

2081 4583 2286 4645 κύκλῳ
2319 4580 2438 4637 τῶν
2474 4579 2861 4649 φοϐουμένων
2890 4577 3107 4639 αὐτὸν,
3139 4575 3236 4627 καὶ
3264 4574 3517 4641 ῥύσεται
3550 4570 3659 4622 αὺ-

2080 4674 2256 4739 τούς·
2295 4672 2388 4726 καὶ
2431 4670 2700 4742 ἀλλαχοῦο
2752 4671 2816 4723 ’0
2847 4668 3102 4740 ἄγγελος
3148 4669 3181 4719 ὁ
3221 4662 3515 4733 ῥυόμενος
3559 4676 3655 4728 με.

401 4776 543 4825 sum,
577 4775 749 4830 neque
775 4761 841 4816 ad
871 4761 1138 4817 defectum
1175 4764 1368 4832 vergit,
1400 4766 1494 4820 sed
1522 4766 1588 4820 ad
1617 4767 1850 4821 medium
1868 4767 1979 4820 vir-

2090 4765 2201 4819 Τοῦ
2256 4762 2548 4831 σώζοντος
2602 4763 2746 4830 τοὺς
2808 4761 3002 4827 εὐθεῖς
3064 4757 3137 4827 τῇ
3196 4755 3428 4825 καρδίᾳ.
3484 4751 3660 4815 Εύθύς

401 4852 534 4906 ιιιῑίε
566 4852 837 4924 dirigitur.
889 4852 990 4920 Qui
1046 4856 1192 4909 enim
1236 4871 1264 4910 a
1298 4856 1611 4912 fortitudine
1648 4859 1716 4913 ad
1766 4859 1975 4914 minora

401 4940 655 5006 deﬂectit,
712 4944 1002 4999 timiditate
1047 4946 1414 5015 pervertitur;
1467 4949 1557 5016 qui
1587 4963 1718 5004 vero
1747 4952 1814 5004 ad
1858 4965 1975 5005 ma-

396 5034 516 5100 jora
553 5033 927 5104 progreditur,
982 5034 1253 5090 delabitur
1308 5036 1361 5090 in
1413 5037 1720 5097 audaciam.
1769 5038 1972 5105 Quanto

400 5125 590 5179 obrem
620 5124 992 5195 hujuscemodi
1026 5126 1273 5182 homines
1314 5128 1406 5197 qni
1438 5145 1466 5183 a
1501 5129 1678 5184 medio
1718 5130 1978 5186 aberrant

401 5217 485 5273 vel
519 5231 768 5281 excessu,
805 5217 890 5272 vel
921 5218 1158 5284 defectu,
1192 5219 1440 5288 obliquos
1464 5230 1519 5273 et
1544 5220 1791 5276 obtortos
1827 5222 1976 5276 Scri-

401 5320 556 5379 ptura
584 5311 827 5364 nominat
855 5309 921 5362 “.
969 5310 1432 5378 Quemadmodum
1485 5312 1628 5366 enim
1670 5314 1808 5368 linea
1840 5314 1976 5368 obli—

473 5469 518 5500 “
543 5470 562 5523 Ι
587 5469 711 5523 Cor.
739 5487 812 5530 Iv.
837 5471 889 5526 5.
972 5472 1014 5501 ⁸⁷
1044 5471 1184 5526 Psal.
1216 5487 1407 5528 xum.
1428 5472 1477 5525 8.

479 5600 587 5675 (Z5)
615 5602 764 5675 Qtilb.
797 5616 1023 5673 quartus
1049 5604 1382 5675 προλαῆἐτω,

628 5671 759 5741 Rl'g.
802 5669 995 5727 {cuius
1022 5669 1103 5736 εἰέ
1132 5678 1381 5726 τοςοῦτον
1420 5675 1493 5726 δέ.
1541 5676 1826 5741 Aliqnaulti
1863 5687 1979 5744 pnxl

408 5740 560 5795 ιῑυιι).
597 5740 823 5810 quartus
881 5744 1130 5813 βοηθ;ίας
1189 5746 1456 5814 ζητοῦσιν.
1503 5746 1619 5800 Mox
1650 5740 1653 5741 ν
1681 5749 1816 5800 idem
1864 5740 1977 5801 ius.

2083 4858 2200 4910 ἐστι
2236 4856 2350 4927 (.77)
2378 4859 2444 4928 τῇ
2480 4856 2677 4928 καρδίᾳ⁵
2703 4857 2732 4909 6
2754 4854 2846 4908 τὸν
2873 4852 3131 4923 λογισμὸν
3164 4850 3237 4921 μὴ
3262 4848 3400 4920 ἔχων
3429 4846 3660 4918 ῥέποντα

2083 4949 2220 5021 πρὸς
2253 4948 2556 5021 ὑπερϐολὴν
2602 4948 2735 5020 μηδὲ
2773 4945 3039 5017 ἔλλειψιν,
3069 4944 3184 4998 ἀλλ’
3227 4939 3657 5010 ἀπευθυνόμενος

2084 5041 2219 5113 πρὸς
2251 5041 2313 5094 τὸ
2345 5042 2508 5112 μέσον
2550 5042 2646 5112 τῆς
2676 5040 2896 5112 ἀρετῆς.
2945 5039 3002 5092 '0
3030 5037 3138 5109 γὰρ
3169 5034 3276 5090 ἀπὸ
3312 5034 3410 5104 τῆς
3441 5032 3657 5103 ἀνδρίας

2083 5132 2176 5186 ἐπὶ
2203 5132 2264 5185 τὸ
2290 5132 2510 5186 ἔλαττον
2550 5131 2921 5203 παρεκκλίνας
2947 5127 3088 5183 κατὰ
3114 5126 3314 5180 δειλίαν
3339 5122 3655 5193 διαστρέφε-

2081 5241 2172 5277 ται
2193 5241 2206 5253 ·
2241 5226 2270 5279 ὁ
2297 5225 2354 5278 δὲ
2388 5226 2480 5279 ἐπὶ
2523 5225 2682 5278 πλέον
2725 5222 3051 5295 ὑπερταθεὶς
3091 5220 3183 5272 ἐπὶ
3213 5217 3311 5289 τὴν
3345 5217 3657 5289 θρασύτητα

2083 5315 2385 5370 ἀποκλίνει.
2419 5316 2617 5388 Διόπερ
2649 5314 2872 5378 τούτους
2901 5312 3145 5374 σκολιοὺς
3172 5312 3205 5382 ή
3238 5309 3427 5380 Γραφὴ
3463 5304 3655 5375 ὀνομά-

1559 5471 1601 5499 ⁶⁸
1625 5470 1760 5525 Gen.
1790 5489 1976 5537 ιιΑτιιι,
2019 5475 2106 5530 lli.
2186 5477 2227 5509 ⁸⁸
2261 5476 2433 5531 Levit.
2471 5490 2616 5539 xxvr,
2646 5475 2734 5529 ιιι.

2089 5608 2503 5676 ἐπαισθόμενος.
2536 5607 2676 5661 infra
2707 5606 2838 5675 Reg.
2870 5605 3061 5661 tertius
3094 5603 3200 5657 τῶν
3234 5601 3653 5673 στρατοπεδευο-

2137 5681 2156 5715 ἐ

2092 5696 2434 5817 μζίὲἒνλιῖυε.
2481 5748 2672 5802 tertius
2696 5757 2747 5802 ct
2778 5745 2926 5803 Colb.
2960 5754 3184 5816 quartus
3216 5741 3377 5814 εὐοής
3400 5743 3533 5795 ἐστι.
