4048 6220
276 309 385 367 245

1484 305 1769 364 HOMILIA
1809 309 1877 364 ΙΝ
1918 312 2246 369 PSALMUM
2283 313 2392 369 V'll.

3437 317 3536 372 216

279 427 385 494 ζει,
419 430 544 492 τοὺς
578 431 694 492 ταῖς
731 429 1058 501 ὑπερϐολαῖς
1091 433 1184 486 καὶ
1234 431 1503 502 enatam;
1549 433 1645 486 τοῦ
1695 434 1849 502 μέσοι

1965 451 2068 504 qua
2097 436 2174 502 ﬁt,
2205 452 2326 491 cum
2345 435 2460 504 ejus
2487 437 2756 491 rectitudo
2773 435 2999 492 modoin
3025 428 3346 498 convexum,
3379 439 3538 493 modo

277 521 764 594 διαμαρτάνοντας.
806 524 1018 593 ’Ὠσπερ
1061 526 1170 596 γὰρ
1218 526 1407 580 σκολιά
1443 526 1678 598 γραμμὴ
1716 527 1859 594 γίνε⁸

279 633 388 677 ται,
426 616 554 668 ποτὲ
587 617 683 686 μὲν
719 616 813 670 ἐπὶ
852 617 913 670 τὸ
955 619 1174 690 κυρτὸν,
1209 620 1338 673 ποτὲ
1371 620 1428 674 δὲ
1461 622 1554 674 ἐπὶ
1581 622 1644 674 τὸ
1683 621 1860 676 κοῖλον

279 710 376 780 τῆς
405 709 618 772 εὐθείας
646 709 1091 783 διακλασθείσης·
1126 713 1266 766 οὕτω
1297 713 1387 768 καὶ
1425 713 1614 767 σκολιὰ
1642 714 1856 786 καρδία,

278 798 373 853 νῦν
414 800 514 870 μὲν
547 800 825 874 ὑψουμένη
863 803 930 856 δι’
961 804 1298 868 ἀλαζονείαν,
1337 807 1432 860 νῦν
1475 807 1532 859 δὲ
1575 825 1858 861 ταπεινου-

281 893 414 965 μένη
444 894 530 947 διὰ
563 895 738 960 λύπας
766 898 861 950 καὶ
895 899 1174 962 συστολάς.
1217 901 1417 970 Διόπερ
1459 901 1622 970 φησὶν
1662 903 1690 953 6
1733 889 1854 954 Ἐκ-

279 987 628 1060 κλησιαστὴς.
661 990 740 1042 ὅτι
772 991 1250 1061 Διεστραμμένον
1281 993 1392 1063 (78)
1425 995 1497 1047 οὺ
1529 997 1855 1048 κατευθυν-

276 1079 543 1147 θήσεται.
583 1083 634 1133 '0
674 1083 817 1148 Θεὸς
841 1085 1049 1152 κριτὴς
1077 1084 1306 1150 δίκαιος
1342 1085 1439 1139 καὶ
1469 1085 1716 1154 ἰσχυρὸς
1755 1087 1854 1139 καὶ

270 1175 672 1242 μιικρόθυμος,
699 1176 797 1229 καὶ
825 1175 910 1244 μὴ
944 1177 1129 1244 ὁρτὴν
1160 1176 1398 1246 ἐπάγων
1427 1177 1554 1230 καθ’
1584 1176 1856 1245 ἑκάστην

275 1264 504 1333 ’ἡμέραν
536 1265 668 1336 (79).
699 1267 867 1320 Τοῦτο
896 1268 1070 1322 ἔοικεν
1100 1269 1515 1338 ἀποτεινόμενος
1556 1269 1691 1339 πρὸς
1730 1269 1856 1332 τούς

278 1373 410 1409 ποτε
442 1358 552 1429 (80)
585 1359 1100 1430 ταραχθησομένους
1130 1361 1224 1413 ἐπὶ
1255 1363 1368 1424 τοῖς
1399 1361 1798 1431 συμϐεὸηκόσιν
1825 1363 1854 1414 ὁ

279 1447 570 1518 Προφήτης
602 1449 965 1518 διαλέγεσθαι,
995 1451 1160 1503 οἱονεὶ
1206 1450 1582 1504 καταστέλλων
1619 1450 1727 1504 τῶν
1759 1451 1854 1504 ἀν-

279 1535 511 1605 θρώπων
544 1538 641 1609 τὴν
673 1539 936 1611 ταραχὴν,
993 1542 1202 1612 μήποτε
1269 1541 1610 1612 ἀπιστήσωσι
1640 1541 1751 1612 (8|)
1783 1544 1850 1611 τῇ

277 1644 342 1678 πε
353 1627 404 1697 ρ).
430 1627 537 1682 τῶν
568 1629 704 1683 ὅλων
735 1633 979 1704 προνοίᾳ.
1003 1633 1236 1703 ὁρῶντες
1261 1633 1612 1704 ἀνεκδίκητον
1638 1633 1851 1705 πατέρα

277 1719 368 1770 ἐπὶ
400 1718 516 1772 υίοῦ
544 1720 929 1787 ἐπαναστάσει,
964 1724 1058 1775 καὶ
1090 1724 1188 1794 τὴν
1224 1723 1490 1795 πονηρίαν
1521 1724 1616 1778 τοῦ
1663 1724 1850 1778 Ἀϐεσ-

1964 526 2016 580 in
2040 541 2335 582 concavum
2379 523 2708 596 diﬂ'ringitur
2742 543 2755 579 :
2813 526 2892 582 sic
2939 526 3102 580 etiam
3141 527 3419 596 obliquum
3443 541 3538 582 cor

1962 627 2064 683 est,
2096 621 2239 687 quod
2290 635 2434 674 nunc
2481 633 2576 687 per
2597 619 2916 689 jactantiam
2949 619 3425 688 arrogantiamque
3453 618 3536 672 ef-

1963 710 2154 775 fertur,
2191 727 2333 766 nunc
2386 721 2565 764 autem
2604 725 2700 779 per
2751 710 3032 766 molestias
3053 719 3108 765 et
3145 711 3310 764 animi
3336 710 3538 764 demis-

1961 800 2167 854 sionem
2197 799 2470 868 dejicitur.
2500 799 2625 854 Ideo
2674 799 3039 854 Ecclesiastes
3067 799 3145 853 ait
3171 818 3186 854 :
3229 799 3537 853 Perversum

1962 907 2065 944 non
2093 892 2350 961 dirigetur
2375 892 2443 946 "°.
2473 891 2635 946 Vnus.
2668 889 2756 944 12.
2779 890 2918 945 Deus
2939 891 3111 960 judea:
3124 890 3324 960 justus,
3352 902 3398 944 et
3425 891 3532 959 for-

1959 989 2048 1052 tis,
2083 997 2130 1040 et
2159 986 2498 1056 longanimis,
2525 997 2574 1042 et
2609 1003 2713 1041 non
2737 986 2872 1039 iram
2899 986 3166 1038 adducens
3186 1001 3278 1053 per
3295 983 3534 1053 singulos

1961 1079 2093 1133 dies.
2121 1079 2230 1133 ﬂos
2260 1080 2352 1148 qui
2387 1079 2678 1148 aliquando
2706 1079 2776 1133 ob
2809 1092 2990 1133 rerum
3016 1086 3242 1133 eventus
3284 1075 3533 1132 turbandi

1958 1181 2115 1226 erant
2139 1170 2512 1226 vehementius
2553 1169 2808 1225 adoriens
2847 1168 3154 1239 Propheta,
3201 1169 3302 1223 hoc
3353 1169 3536 1223 dicere

1961 1261 2192 1325 videtur,
2223 1261 2385 1315 veluti
2415 1261 2612 1317 sedans
2642 1261 2924 1316 hominum
2957 1260 3440 1331 perturbationem,
3467 1274 3536 1313 ne

1958 1353 2174 1420 quando
2203 1353 2558 1422 providentia:
2585 1355 2838 1408 universa
2891 1352 3197 1407 moderanti
3245 1349 3488 1406 diﬂidant
3516 1390 3531 1415 ,

1958 1456 2081 1495 cum
2113 1442 2344 1496 viderint
2367 1451 2599 1512 patrem,
2632 1442 2744 1496 ﬁlio
2778 1443 2830 1496 in
2855 1457 2978 1496 eum
3026 1443 3361 1511 insurgente,
3395 1439 3536 1494 inul-

1960 1543 2070 1587 tum
2100 1534 2351 1603 relinqui,
2391 1543 2445 1588 et
2485 1535 2784 1604 nequitiam
2821 1533 2979 1604 105
3023 1534 3311 1588 Absalonis
3363 1534 3414 1588 in
3469 1533 3535 1587 iis

1956 1638 2080 1691 qua:
2119 1636 2476 1694 preposuerat
2502 1624 2738 1680 feliciter
2780 1628 3095 1695 procedere.
3155 1626 3341 1694 itaque
3374 1623 3532 1678 stoli-

1958 1714 2057 1770 das
2085 1730 2273 1770 eorum
2303 1716 2664 1785 cogitationes
2694 1717 2996 1786 corrigens,
3035 1717 3086 1772 id
3122 1718 3204 1771 eis
3237 1717 3530 1771 testimonii

277 1810 467 1882 σαλὼμ
493 1813 850 1885 εὐοδου-μένην
875 1817 931 1868 έν
958 1811 1038 1878 οἷς
1061 1815 1338 1886 προέθετο.
1361 1815 1746 1888 Διορθούμενος
1764 1812 1849 1870 οὖν

1963 1808 2111 1862 dedit
2147 1829 2158 1863 :
2187 1806 2332 1861 Deus
2353 1808 2526 1876 judex
2554 1807 2735 1878 justus
2756 1818 2806 1861 et
2836 1808 3014 1877 fortis,
3047 1817 3095 1862 et
3127 1807 3463 1877 longanimis,
3481 1814 3532 1860 et

275 1897 455 1956 αὖτῶν
494 1904 554 1957 τὸ
593 1905 651 1958 ἐν
691 1909 804 1970 τοῖς
844 1907 1122 1978 λογισμοῖς
1166 1907 1412 1980 ἀνόητον,
1458 1908 1858 1981 διεμαρτύρατο

274 1992 456 2058 αὐτοῖς
481 2013 494 2024 ο
547 1996 608 2049 '0
643 1997 786 2062 Θεὸς
815 1998 1022 2066 κριτὴς
1065 1999 1296 2066 δίκαιος
1337 1999 1436 2053 καὶ
1480 2001 1729 2075 ἰσχυρὸς
1758 2001 1857 2054 καὶ

267 2090 672 2156 μακρόθυμος,
707 2089 806 2142 καὶ
830 2089 917 2158 μὴ
953 2090 1140 2159 ὀργὴν
1163 2092 1403 2160 ἐπάγων
1428 2095 1556 2148 καθ’
1587 2093 1858 2163 ἑκάστην

274 2177 519 2246 ἡμέραν.
571 2181 684 2234 υὺκ
730 2182 970 2253 ἀκρίτως
1009 2201 1060 2236 τι
1113 2184 1322 2252 γίνεται
1376 2183 1484 2238 τῶν
1531 2186 1852 2256 γινομένων,

273 2269 409 2324 ἀλλὰ
452 2274 565 2334 τοῖς
598 2272 832 2326 ἑκάστου
878 2274 1098 2346 μέτροις
1145 2277 1464 2346 ἀντιμετρεῖ
1506 2279 1534 2329 6
1570 2277 1723 2341 Θεὸς,
1775 2273 1856 2342 οἷς

274 2359 558 2430 προλαϐὼν
599 2363 953 2434 ἀπεμέτρησε
999 2364 1098 2427 τὰς
1136 2365 1276 2419 κατά
1317 2367 1408 2420 τὸν
1449 2367 1562 2437 βίον
1606 2368 1852 2438 πράξεις.

285 2451 440 2504 Ἐπεὶ
487 2447 580 2506 οὖν
631 2455 945 2526 πέπρακταί
997 2456 1085 2526 μοί
1118 2474 1202 2519 τις
1250 2458 1516 2528 ἁμαρτία,
1567 2461 1705 2512 κατὰ
1758 2459 1856 2530 τὴν

271 2545 426 2611 ἀξίαν
450 2546 544 2617 τὴν
571 2549 806 2618 ἐμαυτοῦ
832 2550 1233 2620 ἁντιλαμϐἀνω.
1262 2551 1358 2620 Μὴ
1382 2556 1590 2607 τοίνυν
1615 2556 1856 2609 λαλεῖτε

271 2639 422 2690 κατὰ
471 2639 575 2691 τοῦ
615 2640 760 2692 Θεοῦ
809 2641 1080 2695 Cicindela“
1128 2646 1156 2696 6
1213 2643 1321 2715 γὰρ
1359 2645 1492 2708 θεὸς
1543 2647 1735 2717 κριτὴς
1778 2647 1856 2700 δί-

272 2745 426 2791 καιος
478 2729 608 2800 (8‘2).
664 2733 814 2802 Μηδὲ
864 2732 1006 2786 οὓτω
1055 2737 1328 2800 ταπεινῶς
1375 2738 1670 2792 διανοεῖσθε
1726 2741 1854 2811 περὶ

271 2817 430 2882 Θεοῦ,
472 2819 611 2873 ὥστε
649 2822 854 2877 οἴεσθαι
899 2823 1060 2877 αὐτὸν
1097 2826 1306 2880 ἀτονείν
1337 2829 1474 2898 πρὸς
1511 2829 1611 2900 τὴν
1637 2830 1856 2901 ἐκδίκη-

274 2928 390 2964 σιν·
422 2912 514 2964 καὶ
546 2913 654 2984 γὰρ
695 2915 787 2966 καὶ
820 2916 1038 2987 ἰσχυρός
1073 2919 1208 2970 ἐστι.
1246 2919 1342 2983 Τίς
1377 2916 1468 2973 οὖν
1506 2923 1538 2992 ἡ
1580 2923 1727 2975 αἰτία
1761 2923 1852 2976 τοῦ

274 3000 348 3072 μὴ
392 3004 614 3072 ταχεῖαν
644 3004 946 3072 ἐπάγεσθαι
976 3009 1092 3070 τοῖς
1133 3009 1506 3080 ἁμαρτάνουσι
1540 3012 1639 3083 τὴν
1677 3029 1852 3083 τιμω-

274 3093 428 3162 ρίαν;
471 3096 616 3149 Διύτι
652 3097 1003 3170 μακρόθυμός
1052 3100 1188 3166 ἐστι,
1236 3101 1333 3171 Μὴ
1389 3104 1576 3173 ὀργὴν
1615 3105 1853 3176 ἐπάγων

269 3188 398 3238 καθ’
425 3186 693 3257 ἑκάστην
723 3190 964 3258 ἡμέραν.
1012 3193 1152 3246 Ἐὰν
1169 3193 1254 3262 μὴ
1279 3195 1702 3265 ἐπιστραφῆτε,
1737 3197 1852 3264 τὴν

265 3279 568 3347 ῥομφαίαν
597 3283 783 3336 αὐτοῦ
813 3284 1152 3340 στιλϐώσει.
1198 3286 1574 3357 Ἀπειλητικὸς
1608 3291 1636 3342 6
1671 3289 1846 3358 λόγος,

269 3372 350 3432 εἰς
395 3372 727 3446 ἐπιστροφὴν
762 3377 970 3446 ἐνάγων
1007 3379 1133 3443 τοὺς
1173 3379 1385 3452 βραδεῖς
1422 3384 1501 3445 εἰς
1539 3383 1844 3452 μετάνοιαν.

268 3465 381 3516 Οὐκ
411 3465 573 3530 εὐθὺς
604 3469 817 3522 ἀπειλεῖ
847 3471 916 3522 τὰ
947 3471 1238 3542 τραύματα
1265 3474 1358 3527 καὶ
1389 3475 1483 3537 τὰς
1515 3476 1729 3545 πληγὰς
1755 3477 1851 3530 καὶ

266 3557 392 3620 τοὺς
423 3557 707 3626 θανάτους,
735 3562 871 3616 ἀλλά
895 3565 1182 3620 στίλϐωσιν
1207 3568 1405 3628 ὃπλων,
1433 3567 1527 3620 καὶ
1555 3569 1715 3621 οἱονεὶ
1745 3586 1842 3622 πα·

269 3649 538 3719 ρασκευήν
585 3669 703 3704 τινα
757 3654 890 3720 πρὸς
941 3655 1038 3726 τὴν
1095 3656 1327 3728 ἄμυναν.
1385 3659 1596 3730 ’Ὠσπερ
1641 3659 1752 3730 γὰρ
1802 3658 1850 3710 οἱ

264 3735 656 3809 διασμήχοντες
698 3741 766 3795 τὰ
801 3743 940 3797 ὅπλα
972 3745 1071 3816 τὴν
1112 3747 1206 3799 ἐπὶ
1256 3747 1348 3800 τὸν
1396 3747 1631 3817 πόλεμον
1674 3747 1848 3819 ὁρμὴν

264 3826 350 3879 διὰ
401 3828 589 3883 τούτου
640 3833 1068 3905 παραδηλοῦσιν,
1111 3835 1254 3889 οὕτω
1305 3837 1397 3889 καὶ
1434 3835 1527 3888 τοῦ
1573 3835 1706 3898 Θεοῦ
1749 3837 1848 3906 τὴν

264 3919 356 3971 ἐπὶ
385 3922 444 3973 τὸ
479 3922 588 3992 (85)
622 3925 982 3996 τιμωρεῖσθαι
1008 3927 1224 3998 κίνησιν
1253 3927 1494 3996 ἐμφῆναι
1529 3925 1850 3996 βουλόμενος

264 4012 292 4062 ὁ
324 4013 499 4080 λόγος,
545 4016 794 4072 στιλϐοῢν
842 4018 1046 4091 ἔφησεν
1080 4019 1247 4074 αὐτοῦ
1291 4019 1388 4091 τὴν
1441 4019 1736 4090 ῥομφαίαν.
1773 4019 1842 4072 Τὸ

263 4103 442 4168 τόξον
461 4109 644 4164 αὑτοῦ
661 4110 936 4177 ἐνέτεινε,
969 4112 1067 4166 καὶ
1085 4113 1418 4181 ἡτοίμασεν
1441 4112 1611 4174 αὐτὸ,
1654 4111 1751 4164 καὶ
1781 4111 1850 4164 ἐν

335 4243 578 4300 "Fcele.
616 4261 668 4310 ι,
719 4249 807 4304 15.
881 4250 925 4280 ’ί
964 4249 1110 4308 Psal.
1140 4265 1322 4315 Lxxtv,
1373 4248 1428 4303 6.

341 4355 449 4429 (78)
481 4360 974 4430 Διεστραμμένον,
1003 4373 1108 4417 etc.
1169 4364 1427 4430 Respexit
1484 4360 1839 4430 Basilinsﬁad

268 4443 486 4482 sensum
545 4429 910 4489 Ecclesiasne.
947 4449 1050 4485 non
1091 4435 1207 4500 ejus
1239 4429 1402 4486 verba
1459 4432 1664 4485 retulit.
1716 4429 1842 4485 llaec

269 4507 599 4573 autem‘sttnt
629 4501 760 4573 t,_15
791 4516 804 4550 :
835 4504 1275 4573 Διεστραμμένον
1304 4504 1366 4556 οὐ
1399 4503 1687 4572 δυνήσεται
1715 4504 1838 4554 ἐπι-

268 4567 634 4640 κοσμηθῆναι,
664 4568 964 4624 Perversum
995 4567 1098 4625 non
1119 4567 1305 4636 poterit
1328 4567 1602 4626 adornari.

342 4638 452 4710 (79)
491 4638 938 4710 phrySostomus,
983 4643 1012 4693 6
1061 4643 1120 4694 δὲ
1153 4643 1420 4710 Ἐϐραῖος,
1474 4641 1617 4696 κατά
1670 4643 1848 4694 πᾶσαν

342 4660 452 4706 μιν)
502 4660 938 4710 unrySUStomns,
983 4660 1012 4693 ο
1061 4660 1120 4694 οε
1173 4660 1242 4694 uo
1285 4660 1420 4706 αιος,
1474 4660 1617 4696 κατα
1670 4660 1848 4694 πασαν

269 4709 449 4780 ζωήν.)
485 4708 589 4762 Sed
635 4711 819 4764 aliter.
847 4710 1077 4778 legimus
1124 4711 1176 4766 in
1235 4660 1489 4780 fiexaplis
1533 4729 1551 4766 .'
1597 4711 1848 4780 Ἐϐραῖος

269 4778 505 4852 ςωωνήηε
538 4781 750 4842 melius,
781 4780 970 4851 ζωώμ.
997 4783 1158 4835 Addit
1187 4778 1606 4852 Chrysostomns
1638 4778 1844 4846 εᾶλλος,

267 4848 679 4920 ἀπειλούμενος.
715 4852 893 4904 Alium
911 4848 1102 4921 :autem
1134 4852 1276 4905 illum
1301 4848 1662 4921 interpretem
1678 4852 1848 4919 Aqui-

267 4921 371 4972 lam
393 4934 534 4984 esse,
569 4935 634 4974 ex
669 4921 859 4975 iisdem
897 4920 1151 4986 Hexaplis
1186 4920 1469 4977 discimus.
1511 4920 1847 4975 Montiauco-

267 4990 388 5043 nius
429 5000 614 5044 noster
647 4991 830 5044 laudat
852 4991 1144 5060 Agellium,
1177 4993 1267 5060 qui
1301 4993 1375 5045 ita
1412 4992 1464 5045 in
1489 4991 1633 5044 hunc
1668 4991 1843 5045 locum

244 5061 534 5114 .edisserit.
581 5078 601 5111 ι
636 5061 774 5114 Deus
816 5061 988 5130 judex
1035 5063 1238 5129 justus.
1287 5061 1438 5130 fartis
1482 5070 1532 5114 et
1586 5061 1789 5125 patiens
1824 5074 1842 5111 :

266 5132 502 5200 nunquid
538 5132 789 5186 irascitur
819 5147 911 5196 per
950 5132 1184 5200 singulos
1220 5133 1373 5185 dies?
1416 5131 1715 5186 Obscurior
1763 5141 1845 5184 est

269 5198 356 5250 hic
393 5215 608 5266 versus,
643 5198 1108 5255 etobsenritatem
1133 5201 1284 5264 fecit,
1325 5203 1426 5255 nisi
1459 5201 1637 5262 fallor,
1664 5201 1842 5252 diver-

269 5283 451 5340 sarum
487 5273 1024 5339 interpretationum,
1054 5272 1193 5340 quod
1224 5272 1276 5325 in
1309 5273 1548 5326 editione
1582 5268 1720 5324 LXX
1747 5285 1838 5323 so-

267 5336 341 5389 let
373 5336 647 5408 accidere,
685 5336 1168 5408 congesti0.Nam
1217 5345 1464 5403 verbum,
1510 5341 1688 5407 fortis,
1734 5356 1838 5392 non

268 5416 352 5479 est
373 5406 535 5479 LXX,
569 5406 832 5479 nusquam
872 5412 1014 5465 enim
1042 5413 1092 5465 in
1129 5411 1360 5466 Psalmis
1401 5413 1477 5465 sic
1507 5406 1686 5464 solent
1719 5413 1839 5463 red-

266 5476 398 5550 dere
427 5476 706 5533 Hebr-tenui
749 5497 943 5534 nomen
968 5483 1048 5546 el;
1107 5485 1200 5535 sed
1235 5498 1302 5535 ex
1342 5481 1550 5550 Aquila:
1575 5482 1840 5547 interpre-

270 5547 470 5622 tatione
515 5560 811 5622 sumptum,
851 5553 942 5618 qui
988 5553 1116 5606 solet
1168 5547 1838 5622 icxurxiv'lortemiuter-

268 5619 489 5691 pretari.
515 5615 779 5691 Przeterea
823 5615 1050 5674 alterum
1083 5615 1449 5691 nomen'qnod
1496 5620 1760 5686 sequitur,
1788 5629 1838 5672 et

266 5687 494 5751 patiens,
527 5705 588 5742 ex
633 5689 800 5744 altera
832 5691 1278 5759 interpretatione
1309 5687 1567 5750 manavit,
1594 5705 1836 5756 compre-

269 5760 506 5814 bendens
531 5761 634 5815 duo
671 5759 893 5816 Hebrzea‘
929 5764 1084 5818 verba
1135 5764 1179 5816 el
1222 5778 1388 5829 τοίνυν,
1435 5777 1536 5815 non
1583 5761 1834 5828 irascens,

1957 1917 2063 1954 non
2095 1899 2230 1952 iram
2263 1899 2529 1954 adducens
2577 1916 2669 1968 per
2702 1899 2936 1969 singulos
2985 1900 3119 1952 dies.
3152 1897 3296 1952 Nihil
3329 1908 3532 1951 temere

1957 1993 2017 2045 ﬁt
2037 2005 2224 2046 eorum
2249 2007 2371 2060 qua:
2400 2002 2664 2062 geruntur
2696 2010 2707 2044 :
2745 1993 2835 2045 sed
2865 1993 3084 2046 cuilibet
3118 1992 3258 2045 Deus
3290 2007 3350 2044 ea
3382 2005 3533 2044 men-

1957 2096 2080 2138 sura
2110 2083 2389 2150 rependet,
2423 2098 2528 2150 qua
2555 2081 2702 2151 prior
2735 2082 2786 2136 in
2825 2083 2923 2137 bac
2974 2083 3081 2136 vita
3132 2083 3372 2137 actiones
3405 2097 3532 2138 suas

1957 2173 2123 2229 fuerit
2149 2175 2449 2230 dimensus.
2486 2174 2754 2240 Quoniam
2786 2175 2953 2246 igitur
2993 2183 3273 2245 peccaturo
3305 2190 3403 2244 ego
3433 2174 3531 2227 ad-

1957 2268 2102 2332 misi,
2150 2283 2248 2338 pro
2303 2283 2425 2322 meo
2481 2267 2676 2320 merito
2718 2267 2892 2321 vicem
2927 2267 3145 2336 recipio.
3195 2267 3376 2320 Nolite
3408 2283 3532 2337 ergo

1956 2358 2097 2428 loqui
2131 2360 2382 2413 adversus
2414 2358 2582 2412 Deum
2604 2360 2936 2428 iniquitatem
2964 2360 3008 2389 τι
3047 2377 3060 2412 :
3096 2359 3236 2413 Deus
3274 2359 3418 2412 enim
3448 2369 3533 2414 est

1950 2449 2334 2520 judexjustus.
2353 2449 2537 2520 Neque
2565 2452 2639 2505 ita
2667 2452 2877 2521 abjccte
2908 2453 2974 2505 de
3006 2450 3116 2504 Deo
3139 2451 3530 2520 cogitaveritis,

1955 2542 2130 2612 ipsum
2183 2544 2249 2597 ad
2290 2543 2547 2598 ultionem
2597 2543 2917 2598 sumendam
2967 2542 3262 2596 invalidum
3313 2557 3435 2598 esse
3476 2550 3534 2596 ut

1957 2635 2296 2689 arbitremini
2328 2653 2341 2689 :
2393 2651 2517 2689 nam
2549 2647 2632 2690 est
2663 2645 2719 2690 et
2769 2634 2948 2689 fortis.
2981 2633 3120 2697 Ouid
3153 2633 3316 2704 igitur
3354 2649 3529 2688 causa

1955 2738 2058 2789 est,
2093 2725 2238 2794 quod
2271 2740 2376 2778 non
2411 2725 2596 2779 statim
2629 2740 2844 2795 pinnam
2895 2725 3094 2794 intligat
3133 2723 3534 2792 peccantibus?

1955 2816 2221 2882 Quoniam
2276 2799 2604 2884 longanimis
2659 2829 2763 2881 εει,
2797 2813 2920 2868 Νοη
2967 2817 3101 2868 iram
3147 2815 3414 2868 adducens
3441 2830 3535 2884 per

1953 2910 2191 2978 singulos
2228 2910 2362 2963 dies.
2397 2911 2562 2965 Vens.
2602 2909 2687 2964 15.
2721 2910 2839 2964 Nisi
2871 2911 3103 2964 conversi
3143 2909 3374 2978 fueritis,
3417 2909 3534 2980 gla-

1954 3000 2099 3053 dium
2130 3017 2285 3054 suum
2327 3002 2572 3055 vibrabit.
2626 3002 2804 3056 Minax
2836 3014 2918 3057 est
2948 3002 3037 3057 ille
3066 3017 3270 3065 sermo,
3303 3002 3367 3056 ad
3398 3017 3532 3056 cnti-

1954 3090 2255 3146 versionem
2311 3093 2572 3148 inducens
2624 3095 2804 3148 tardos
2850 3096 2916 3148 ad
2981 3094 3380 3164 paenitentiam.
3413 3091 3532 3148 Non

1957 3182 2141 3237 statim
2175 3184 2415 3238 minatur
2443 3185 2663 3240 vulnera
2685 3225 2700 3250 ,
2753 3185 2961 3255 plagas,
3015 3195 3252 3240 mortes:
3316 3185 3411 3240 sed
3444 3199 3534 3238 ar-

1957 3289 2167 3329 morum
2199 3277 2558 3332 vibratiouem
2588 3277 2735 3332 velut
2783 3289 3098 3348 apparatum
3136 3280 3424 3348 quemdam
3465 3277 3534 3331 ad

1959 3369 2241 3423 ultionem.
2299 3369 2764 3436 Quemadmodum
2800 3371 2942 3424 enim
2989 3372 3079 3440 qui
3115 3381 3330 3437 tergunt
3361 3385 3531 3432 arma,

1958 3478 2112 3516 smuu
2147 3461 2214 3516 ad
2259 3463 2457 3516 bellum
2500 3463 2755 3531 impetmn
2799 3478 2894 3530 per
2931 3463 3033 3516 hoc
3067 3463 3416 3531 signiﬁcant:
3455 3464 3534 3515 sic.

1958 3566 2012 3608 et
2042 3553 2318 3622 Scriptura
2351 3556 2438 3609 ubi
2471 3555 2559 3609 Dei
2585 3555 2650 3609 ad
2677 3554 2932 3609 ultionem
2966 3564 3168 3608 motum
3211 3553 3322 3606 vult
3349 3562 3533 3607 osten-

1957 3647 2108 3709 dere,
2162 3647 2230 3700 ab
2277 3648 2393 3716 ipso
2448 3648 2644 3702 vibrari
2676 3647 2909 3716 gladium
2937 3647 3074 3699 dixit
3106 3663 3119 3701 :
3148 3647 3346 3700 Arcum
3377 3662 3531 3698 suum

1958 3740 2198 3800 tetendit,
2223 3750 2269 3792 et
2306 3741 2508 3805 paravit
2536 3738 2706 3802 illum,
2741 3737 2926 3807 (Vens.
2976 3738 3060 3810 Μ)
3079 3749 3124 3792 et
3153 3737 3207 3790 in
3240 3755 3299 3790 eo
3325 3737 3530 3806 paravit

1955 3848 2079 3884 vasa
2113 3832 2315 3883 mortis.
2367 3829 2482 3884 Non
2544 3847 2741 3885 nervus
2795 3830 3062 3900 quispiam
3108 3841 3192 3884 est
3219 3829 3310 3898 qui
3345 3846 3529 3883 arcum

1956 3924 2140 3977 tendat
2164 3921 2279 3987 Dei,
2311 3923 2404 3976 sed
2428 3923 2683 3991 puniendi
2714 3923 2980 3992 potentia,
3005 3937 3124 3991 quae
3141 3923 3430 3992 aliquando
3457 3921 3532 3974 in-

1956 4026 2104 4069 tensa
2136 4028 2238 4076 est,
2271 4015 2562 4085 aliquando
2609 4030 2738 4069 vero
2777 4016 3024 4069 remissa.
3066 4014 3315 4069 Peccanti
3368 4014 3532 4081 igitur

1958 4107 2240 4177 Scriptura
2295 4110 2535 4164 minatur
2573 4107 2755 4164 futura
2799 4109 3064 4179 supplicia
3094 4109 3197 4165 sibi
3229 4117 3531 4179 praeparate

1949 4361 2090 4434 quod
2121 4373 2263 4434 .uer_n
2295 4369 2377 4434 est
2405 4373 2466 4416 ac
2490 4368 2728 4434 patiens,
2759 4361 2852 4430 qui
2886 4360 3072 4434 Graece
3109 4361 3310 4434 dicitur
3328 4364 3531 4434 μακρό-

1951 4429 2141 4500 θυμος.
2205 4429 2388 4484 Tertia
2435 4429 2650 4499 quoque
2705 4429 3085 4499 interpretatio
3132 4429 3340 4500 adjecta
3395 4429 3525 4487 est:

1946 4499 2201 4569 Nunquid
2235 4501 2482 4554 irascitur
2505 4516 2593 4569 per
2624 4501 2853 4565 singulos
2875 4503 2986 4553 dies
3002 4503 3027 4553 1’
3047 4499 3208 4569 quod,
3231 4503 3343 4556 sive
3365 4501 3526 4564 LXX,

1954 4571 2071 4623 sive
2104 4571 2241 4623 alius
2267 4571 2534 4639 quispiam
2568 4570 2952 4640 interpretatus
2977 4573 3068 4634 sit,
3109 4585 3210 4624 non
3249 4577 3400 4638 quasi
3432 4590 3528 4640 per

1954 4640 2432 4710 interrogationem
2468 4639 2751 4710 intellexit,
2793 4642 2884 4693 sed
2910 4639 3523 4708 peruegationem,sic:

1949 4719 1998 4761 et
2027 4725 2127 4761 non
2157 4709 2404 4762 irascitur
2437 4725 2528 4776 per
2554 4709 2788 4777 singulos
2816 4711 2949 4772 dies,
2983 4719 3038 4762 et
3064 4714 3181 4764 sine
3226 4713 3528 4779 interroga-

1953 4781 2099 4831 tione
2136 4780 2436 4845 intelligere
2471 4779 2722 4832 videnlur
2766 4779 3017 4842 Basilius,
3055 4779 3374 4835 Theodorus
3414 4788 3523 4835 Au-

1952 4849 2256 4912 tioehenus,
2319 4849 2715 4912 Theodoretus,
2773 4862 2830 4904 et
2879 4853 2946 4904 de
3007 4851 3209 4906 nostris
3269 4853 3525 4922 Angusti-

1951 4934 2074 4976 nus.
2113 4937 2132 4968 ι
2175 4930 2281 4972 etc.
3004 4963 3018 4978 .

2021 4988 2133 5058 (80)
2167 4988 2316 5042 Coll).
2349 4996 2577 5058 quartus
2608 4987 2744 5056 πρὸς
2773 4988 2900 5052 τούς
2939 5006 3088 5043 ποτε.
3132 4989 3271 5045 Editi
3310 5001 3364 5046 et
3397 4993 3523 5047 reli-

1947 5060 2038 5126 qui
2067 5073 2253 5111 omnes
2281 5073 2410 5112 mss.
2462 5057 2598 5128 πρὸς
2623 5060 2749 5120 τοὺς
2788 5060 2927 5112 τότε.

2021 5129 2132 5198 (8-1)
2167 5129 2320 5200 Culb.
2353 5131 3016 5200 quartusamaracinum.
3064 5129 3182 5183 Mox
3223 5131 3350 5184 editi
3401 5147 3520 5184 rum

1944 5200 2096 5274 Coll).
2153 5199 2384 5267 septimo
2415 5198 2734 5274 προσέθετο.
2777 5198 3015 5274 Aliost-it
3062 5217 3192 5255 tnss.
3237 5201 3518 5274 προέθετο.

1946 5270 2246 5337 Aliquanto
2295 5278 2418 5336 post
2467 5271 2595 5322 editi
2639 5285 2762 5322 cum
2811 5270 2997 5334 majori
3041 5285 3192 5337 parte
3234 5270 3361 5325 niss.
3410 5275 3522 5335 τοῖς

1943 5339 2453 5412 ἑκάστου-(μέτροις.
2482 5339 2594 5391 Duo
2625 5355 2756 5412 mss.
2785 5342 2898 5412 τοῖς
2928 5340 3143 5412 ἑκάστῳ
3176 5341 3414 5412 μέτροις.

2017 5411 2129 5479 (82)
2177 5395 2288 5482 lilia,
2323 5395 2428 5462 ¹καὶ
2464 5409 2702 5482 -ὶσχυρὸς
2760 5411 2854 5464 καὶ
2879 5395 3298 5482 ’μακροθυμοςξ
3341 5395 3520 5466 addita

1943 5491 2069 5532 Sltnl
2101 5482 2152 5532 in
2180 5480 2506 5534 Colbcrtinis
2537 5489 2731 5547 quarto
2755 5491 2808 5534 et
2837 5480 3068 5548 septimo
3097 5480 3216 5551 poSt
3237 5498 3418 5536 vocem
3445 5482 3520 5535 δί-

1942 5566 2110 5612 καιος.

2013 5620 2126 5686 (85)
2176 5619 2301 5672 Mss.
2369 5635 2472 5672 non
2529 5621 2683 5686 pauci
2742 5621 2835 5672 ἐπὶ
2881 5620 2977 5690 τῷ.
3036 5622 3208 5675 Verba
3271 5622 3380 5688 illa,
3422 5625 3516 5677 καὶ

1943 5691 2233 5759 ἡτοίμασεν
2293 5690 2445 5751 αὐτὸ,
2479 5691 2678 5764 καὶᾼὲν
2718 5692 2866 5760 αὑτῷ
2912 5694 3172 5762 ἡτοίμασε
3219 5695 3386 5764 σκεύη
3422 5690 3517 5748 θα-

1942 5762 2120 5826 νάτου,
2155 5763 2455 5818 addidimus
2491 5778 2554 5818 ex
2584 5761 2910 5819 Golbertinis
2952 5761 3145 5833 quarto
3184 5775 3236 5818 ct
3260 5761 3519 5835 septimo.
