4048 6220
505 357 609 415 Si?

1822 360 1879 415 S.
1922 357 2169 413 BASlLll
2206 357 2419 414 MAGNI

3656 353 3779 410 2-53

504 492 648 544 esse,
675 478 721 532 si
747 476 802 531 in
837 483 1059 547 peccato
1085 477 1467 547 permanserit.
1484 476 1678 533 Parata
1702 484 1826 530 sunt
1853 475 1996 530 enim
2025 474 2076 527 in

2188 472 2339 537 αὐτῷ
2357 474 2645 542 ἡτοίμασε
2661 469 2856 535 σκεύη
2873 469 3151 521 θανατου.
3171 470 3244 520 Ou
3261 481 3428 539 νευρα
3452 468 3534 531 τίς
3555 469 3710 520 ἐστιν
3738 469 3777 539 ἡ

505 585 635 624 arcu
664 583 788 623 vasa
822 568 1035 624 mortis.
1063 567 1206 624 Vasa
1227 581 1409 626 autem
1433 571 1643 633 mortis,
1664 562 2074 630 virtutes‘sunl,

418 718 423 727 ,
507 674 628 729 qua
661 660 751 715 Dei
784 660 1031 716 inimicos
1085 663 1475 717 exterminant.
1522 660 1766 731 Sagittae
1811 673 1938 713 suae
1982 673 2075 708 ar-

422 778 427 785 ~
465 778 471 785 ι
506 751 744 804 dentibus
777 751 972 818 effecit.
1011 750 1248 807 Utenim
1275 753 1419 823 ignis
1447 752 1519 806 ob
1559 750 1843 805 materiam
1877 745 2077 800 nstioni

505 845 753 898 idoneam
789 858 819 896 a
844 842 1100 899 Creatore
1131 845 1382 900 conditus
1403 851 1487 899 est
1507 859 1523 908 ;
1547 859 1653 897 non
1683 842 1829 897 enim
1858 848 2077 908 propter

505 936 848 990 adatnautem
880 936 972 1005 qui
998 935 1065 991 ab
1094 937 1216 1006 igne
1246 951 1350 991 non
1384 935 1706 997 absumitur,
1729 934 1823 988 sed
1859 941 2078 1002 propter

504 1025 649 1095 ligna
682 1024 911 1082 ﬂamina:
968 1027 1325 1096 suscipienda:
1371 1035 1519 1095 apta,
1570 1035 1789 1080 creatus
1813 1033 1945 1079 est:
1999 1023 2074 1075 ita

505 1126 561 1171 et
590 1119 799 1186 sagitta
828 1117 920 1172 Dei
947 1117 1017 1173 ob
1042 1134 1136 1173 eas
1168 1120 1397 1185 animas,
1415 1134 1534 1186 quae
1559 1118 1714 1173 facile
1744 1118 1919 1187 ignem
1945 1130 2077 1170 con-

507 1207 737 1276 cipiunt,
777 1209 1112 1279 multumque
1157 1209 1494 1280 collegerunt
1535 1208 1655 1278 ejus
1709 1206 2029 1263 substantiae
2057 1243 2074 1271 ,

506 1314 628 1367 qua:
686 1310 899 1356 terrena
956 1312 1058 1367 est,
1095 1312 1149 1358 et
1173 1304 1239 1357 ad
1273 1304 1548 1358 interitum
1601 1303 1814 1366 idonea,
1863 1301 1931 1356 ab
1962 1303 2078 1369 ipso

507 1391 717 1448 elfecta
749 1407 896 1448 sunt.
924 1392 1025 1459 Qui
1050 1395 1214 1464 igitur
1238 1395 1434 1466 iguitas
1462 1395 1662 1449 diaboli
1682 1396 1907 1465 sagittas
1927 1396 2077 1464 prius

508 1483 799 1550 recipiunt,
827 1498 893 1538 ac
922 1485 1061 1538 intra
1090 1501 1148 1540 se
1183 1487 1436 1551 retinent,
1475 1487 1510 1540 ii
1551 1487 1643 1542 Dei
1677 1488 1959 1555 excipiunt
1989 1501 2079 1541 sa-

507 1574 690 1643 gittas.
728 1573 931 1631 Idcirco
984 1578 1103 1631 ait:
1158 1578 1398 1649 Sagittae
1432 1596 1556 1634 suae
1600 1582 1717 1650 jam
1770 1580 2078 1633 ardentibus

2178 564 2517 618 διατείνουσα
2548 565 2607 618 τὸ
2629 564 2785 628 τόξον
2812 559 2903 612 τοῦ
2933 559 3089 624 Θεοῦ,
3123 559 3257 613 ἀλλὰ
3285 559 3579 631 κολαστικὴ
3598 558 3777 613 δύνα-

2183 674 2294 727 μις,
2320 657 2451 709 ποτὲ
2483 657 2579 726 μὲν
2606 654 2971 726 ἐντεινομένη,
3000 652 3130 706 ποτέ
3155 652 3212 704 δὲ
3238 651 3518 723 ἀνιεμένη.
3548 652 3641 721 Τῷ
3670 648 3778 705 οὖν

2179 750 2547 819 ἁμαρτάνοντι
2591 752 2809 804 ἀπειλεῖ
2835 753 2863 805 6
2898 749 3077 816 λόγος.
3113 747 3195 799 ὅτι
3236 746 3429 817 ἕτοιμα
3468 746 3615 817 αὐτῷ
3646 750 3776 799 ἐστι

2181 839 2246 892 τὰ
2276 840 2533 911 μέλλοντα
2559 844 2638 905 είς
2668 843 2889 895 κόλασιν
2918 836 3366 908 ἀποπέμπεσθαι,
3400 836 3495 891 ἐὰν
3525 838 3777 909 ἐπιμένῃ

2178 936 2244 1005 τῇ
2283 935 2547 1007 ἁμαρτίᾳ.
2587 935 2944 1007 Ἠτοίμασται
2972 935 3085 1007 γάρ
3114 934 3172 986 ἐν
3194 931 3271 1002 τῷ
3300 931 3438 1002 τόξῳ
3470 931 3636 999 σκεύη
3666 929 3778 982 θα-

2179 1027 2363 1080 νάτου.
2396 1027 2571 1098 Σκεύη
2601 1028 2657 1081 δὲ
2690 1027 2919 1082 θανάτου
2950 1030 3213 1099 δυνάμεις
3245 1023 3381 1077 εἰσὶν
3409 1023 3771 1091 ἀφανιστικαὶ

2179 1118 2288 1172 τῶν
2314 1118 2524 1190 ἐχθρῶν
2547 1120 2638 1172 τοῦ
2663 1119 2818 1174 Θεοῦ.
2845 1120 2926 1173 Τά
2956 1120 3083 1191 βέλη
3112 1115 3280 1173 αὑτοῦ
3311 1117 3426 1179 τοῖς
3452 1113 3775 1184 καιομένοις

2179 1209 2555 1281 ἐξειργάσατο.
2589 1212 2799 1283 ’Ὠσπερ
2824 1211 2887 1265 τὸ
2921 1212 3030 1283 πῦρ
3059 1216 3123 1283 τῇ
3166 1196 3437 1279 καιομένῃ
3478 1205 3576 1278 ὕλῃ
3608 1203 3772 1275 παρὰ

2176 1301 2272 1356 τοῦ
2306 1301 2593 1367 κτίσαντος
2623 1302 2970 1376 ἐξειργάσθη·
3002 1305 3063 1357 οὑ
3092 1304 3199 1376 γὰρ
3231 1304 3320 1357 διὰ
3355 1300 3445 1355 τὸν
3477 1297 3771 1367 ἀδάμαντα

2178 1396 2403 1467 ἐκτίσθη
2439 1395 2533 1450 τὸν
2580 1397 2655 1467 μὴ
2684 1397 2984 1467 τηκόμενον
3015 1397 3122 1450 ὑπὸ
3149 1396 3242 1449 τοῦ
3272 1395 3463 1466 πυρὸς.
3502 1390 3636 1443 ἀλλά
3671 1389 3770 1443 διὰ

2176 1490 2246 1545 τὰ
2296 1490 2427 1557 ξύλα
2467 1490 2537 1542 τὰ
2574 1490 3010 1559 κατακαιόμενω
3054 1489 3197 1542 οὕτω
3243 1506 3336 1542 και
3379 1487 3447 1541 τὰ
3488 1482 3582 1540 τοῦ
3622 1480 3768 1535 Θεοῦ

2181 1583 2310 1654 βέλη
2343 1585 2462 1646 ταῖς
2501 1582 2973 1652 εὐκαταπρήστοις
2999 1582 3218 1652 ψυχαῖς,
3254 1574 3329 1633 ὦν
3365 1579 3499 1633 πολὺ
3542 1578 3602 1631 τὸ
3646 1564 3772 1630 ὑλι-

507 1665 701 1732 εθεεὶι.
737 1665 988 1722 Adurunt
1012 1679 1190 1723 autem
1225 1672 1460 1723 animam
1493 1685 1708 1725 amores
1751 1672 1817 1724 ad
1856 1685 2075 1724 carnem

2188 1672 2275 1726 κὸν
2314 1673 2409 1726 καὶ
2445 1670 2507 1724 τὸ
2535 1670 2672 1741 πρὸς
2711 1670 3017 1740 ἀφανισμὸν
3049 1668 3354 1740 ἐπιτήδειον
3395 1668 3768 1729 συνείλεκται,

507 1764 831 1822 spectantes,
866 1772 1030 1827 opum
1072 1762 1346 1830 cupiditas
1370 1801 1385 1825 ,
1437 1763 1531 1817 ira:
1583 1771 1895 1826 aestuantes,
1932 1772 1988 1817 et
2012 1776 2076 1816 ea

2188 1767 2313 1836 παρ’
2361 1762 2527 1817 αὑτοῦ
2580 1761 2975 1834 κατειργάσθη.
3014 1762 3077 1815 Οἱ
3115 1756 3207 1815 οὖν
3259 1759 3620 1833 προλαϐόντες
3665 1759 3769 1811 καὶ

508 1861 629 1910 (ωε
665 1848 903 1903 animum
945 1851 1053 1905 urit
1082 1828 1428 1921 ab'sutuitque
1458 1854 1699 1918 tristitia,
1737 1865 1791 1909 et
1835 1854 1996 1909 alieni
2047 1869 2076 1908 a

2188 1828 2397 1925 ἔχοντες
2429 1855 2487 1907 ἐν
2517 1828 2832 1917 ἑαυτοῖς-τὰ
2871 1828 3243 1923 πεπυρωμένα
3288 1828 3414 1922 βέλη
3456 1850 3547 1904 τοῦ
3580 1850 3768 1905 διαϐό-

510 1934 618 1991 Deo
649 1939 889 1995 timores.
924 1939 1024 2006 Qui
1063 1952 1242 1998 autem
1277 1954 1360 2000 est
1385 1947 1452 1999 ab
1480 1945 1683 2000 inimici
1712 1946 1922 2015 sagittis
1952 1946 2081 2000 illa:-

2188 1947 2272 1999 λου
2306 1945 2436 2017 (84),
2468 1938 2615 1998 οὗτοι
2644 1944 2890 2013 δέχονται
2919 1942 2987 1996 τά
3021 1942 3146 2013 βέλη
3170 1942 3264 1995 τοῦ
3293 1941 3449 1995 Θεοῦ.
3476 1941 3573 1994 Διά
3604 1939 3769 1992 τοῦτό

507 2042 620 2092 sus,
652 2026 857 2099 Deique
899 2030 1119 2088 indutus
1163 2045 1247 2090 est
1292 2047 1648 2101 armaturam,
1676 2051 1706 2090 a
1739 2036 1963 2092 letiferis
1990 2054 2081 2091 sa-

2188 2056 2317 2110 φησι
2338 2058 2350 2072 ·
2390 2039 2469 2093 Τὰ
2499 2037 2657 2104 βέλη
2687 2034 2875 2089 αὑτοῦ
2908 2035 3032 2101 τοῖς
3067 2034 3184 2104 ἤδη
3208 2034 3539 2104 καιομένοις
3573 2032 3770 2100 ἐξειρ-

504 2119 656 2188 gittis
685 2120 919 2175 intactus
938 2136 1236 2191 permanet.
1603 2193 1610 2200 ,

2188 2130 2439 2201 τάσατο.
2484 2130 2717 2183 Καίουσι
2766 2129 2823 2181 δὲ
2862 2127 3038 2199 ψυχὴν
3086 2127 3287 2197 ἔρωτες
3341 2125 3623 2198 σαρκικοί,
3668 2124 3770 2176 καὶ

507 2211 793 2283 ἐπιθυμίαι
822 2214 1140 2285 χρημάτων,
1177 2220 1270 2273 καὶ
1301 2218 1551 2288 διάπυροι
1613 2220 1794 2291 ὀργαὶ,
1858 2222 1951 2275 καὶ
1982 2221 2149 2275 λύπαι
2192 2222 2484 2292 φλέγουσαι
2529 2221 2623 2273 καὶ
2661 2221 2988 2289 ἐκτήκουσαι
3019 2217 3117 2289 τὴν
3144 2215 3343 2287 ψυχὴν,
3377 2218 3470 2269 καὶ
3513 2214 3668 2284 φόϐοι
3711 2218 3768 2270 οἱ

504 2304 774 2375 ἀλλότριοι
804 2303 899 2358 τοῦ
930 2305 1088 2361 Θεοῦ.
1132 2310 1189 2364 '0
1223 2311 1403 2381 μέντοι
1434 2310 1674 2383 ἄτρωτος
1740 2312 1844 2365 ὑπὸ
1908 2312 2015 2366 τῶν
2058 2313 2150 2366 τοῦ
2190 2313 2386 2383 ἐχθροῦ
2420 2312 2608 2382 βελῶν,
2658 2312 2752 2365 καὶ
2798 2310 3143 2381 ἐνδεδυμένος
3181 2309 3280 2380 τὴν
3329 2306 3629 2363 πανοπλίαν
3664 2309 3768 2363 τοῦ

502 2398 663 2466 Θεοῦ,
686 2403 794 2457 τῶν
823 2404 1209 2476 θανατηφόρων
1241 2403 1412 2473 βελῶν
1447 2406 1743 2477 ἀπείρατος
1776 2407 2041 2477 διαμένει.

578 2497 633 2551 8.
666 2497 832 2553 Vens.
863 2499 951 2555 15.
987 2499 1124 2554 Ecce
1160 2501 1412 2568 parturiit
1447 2501 1797 2571 injustitiam,
1844 2505 2080 2571 concepit

507 2586 767 2653 dolorem,
796 2600 845 2642 et
899 2592 1096 2659 peperit
1127 2592 1482 2661 iniquitatem.
1517 2593 1582 2647 Et
1620 2595 1839 2662 quidem
1867 2635 1881 2659 ,
1936 2595 2076 2663 quod

511 2676 580 2731 ad
626 2679 870 2734 ordinem
929 2681 1184 2750 pertinet,
1234 2682 1455 2738 confusa
1518 2683 1766 2739 videntur
1810 2699 1931 2740 esse
1964 2686 2079 2741 haec

513 2770 699 2826 verba.
734 2770 869 2827 Nam
898 2775 1130 2843 primum
1153 2777 1467 2847 concipiunt
1507 2785 1863 2848 przegnantcs,
1890 2779 2083 2834 deinde

511 2862 861 2930 parturiunt,
908 2876 1185 2935 postremo
1243 2868 1480 2937 pariunt.
1533 2868 1632 2923 Hic
1686 2885 1815 2924 vero
1844 2871 2078 2938 primum

510 2955 779 3023 puerperii
811 2956 1025 3012 dolores
1067 2959 1218 3023 liunt,
1270 2960 1463 3014 deinde
1519 2965 1824 3029 conceptio,
1873 2972 2082 3030 postre-

510 3058 657 3097 tuum
692 3053 898 3113 partus.
934 3048 1002 3101 At
1052 3048 1167 3103 bzec
1213 3050 1397 3105 cordis
1445 3053 1853 3122 conceptionem
1887 3053 2086 3123 signiti-

508 3136 824 3192 cautissime
862 3140 1156 3209 explicant.
1182 3142 1525 3198 lrrationales
1564 3146 1709 3198 enim
1740 3145 2085 3200 incontinen-

512 3227 646 3282 tium
681 3230 933 3300 impetus,
985 3233 1292 3301 insanamque
1341 3250 1404 3291 ac
1451 3235 1693 3292 furentes
1720 3238 1880 3309 103
1908 3237 2085 3293 libidié

511 3333 634 3385 nes,
667 3320 923 3377 dicuntur
952 3326 1220 3392 puerperii
1262 3327 1495 3393 dolores,
1523 3344 1587 3383 eo
1621 3330 1762 3398 quod
1791 3345 1912 3383 cum
1943 3329 2086 3385 velo-

509 3410 676 3466 citate
708 3420 765 3466 et
810 3412 996 3468 dolore
1030 3415 1289 3469 inanima
1326 3418 1696 3472 innascuntur.
1743 3417 1846 3486 Qui
1902 3431 2083 3474 autem

509 3496 584 3551 ub
612 3496 770 3552 talem
798 3498 1056 3569 impetum
1088 3503 1268 3571 pravis
1294 3506 1579 3560 succubuit
1621 3508 2043 3577 cogitationibus
2068 3548 2083 3573 ,

510 3586 561 3644 is
583 3588 820 3645 dolorem
846 3594 1094 3663 concepit
1124 3614 1137 3649 :
1175 3605 1229 3649 et
1250 3596 1342 3666 qui
1370 3600 1550 3652 cordis
1576 3599 1833 3654 malitiam
1864 3615 1960 3670 per
1982 3602 2087 3656 ini‘

510 3694 648 3748 quas
678 3682 923 3739 actiones
950 3685 1208 3754 incendit,
1242 3688 1287 3742 is
1313 3689 1518 3757 peperit
1548 3691 1903 3760 iniquitatem.
1930 3693 2087 3748 Vide-

514 3780 601 3824 tur
620 3781 801 3826 autem
827 3773 943 3828 haec
975 3775 1173 3842 dicere,
1203 3780 1344 3848 quod
1370 3795 1493 3833 eum
1529 3784 1729 3849 pudeat
1759 3797 1881 3838 esse
1916 3784 2084 3856 iniqui

515 3861 610 3914 lilii
654 3871 886 3931 patrem.
918 3864 1033 3920 Non
1066 3883 1236 3930 meus,
1270 3869 1462 3937 inquit,
1503 3871 1644 3927 tilins
1671 3883 1787 3935 est,
1832 3877 1926 3930 sed
1970 3877 2086 3945 ejus

514 3954 684 4019 patris
731 3955 905 4013 factus
939 3968 1024 4014 est
1074 3961 1216 4015 lilius
1243 4001 1258 4026 ,
1314 3961 1401 4016 cui
1436 3978 1495 4016 se
1523 3964 1576 4016 in
1620 3965 1958 4035 adoptionem
1992 3984 2087 4039 per

514 4059 796 4115 peccatum
853 4052 1199 4120 ntancipavit.
1255 4052 1389 4108 Nam
1442 4058 1736 4111 secundum
1774 4057 2080 4118 Joannem:

514 4137 621 4204 Qui
647 4139 773 4209 facit
801 4154 1096 4211 peccatum,
1120 4161 1186 4198 ea:
1207 4145 1417 4200 diabolo
1450 4158 1606 4201 natus
1621 4160 1696 4203 est
1722 4149 1793 4205 τ’.
1825 4150 1966 4207 Ecce
1990 4153 2087 4221 igi-

517 4242 607 4288 tur
633 4249 759 4289 eum
783 4237 1041 4306 parturiit
1064 4237 1311 4291 diabolus
1342 4252 1438 4306 per
1468 4239 1827 4310 iniquitatem,
1873 4253 1928 4298 et
1959 4260 2088 4301 con-

512 4327 658 4396 cepit
686 4328 858 4398 ipsum
895 4346 910 4383 :
947 4330 1049 4384 hoc
1070 4340 1173 4397 eSt,
1207 4330 1259 4384 in
1295 4331 1645 4400 penitissimis
1683 4335 1766 4389 sui
1808 4338 1979 4407 ipsius
2002 4352 2088 4392 re-

517 4420 763 4476 cessibus
796 4420 1068 4476 detentum
1107 4425 1207 4477 sub
1233 4424 1442 4479 viscera
1472 4426 1673 4496 pr0prii
1706 4426 1931 4484 aﬂ‘ectus
1964 4446 2088 4500 per-

516 4512 701 4576 traxit,
727 4526 792 4567 ac
825 4528 890 4568 eo
910 4513 1184 4585 gravidus,
1226 4526 1337 4569 tum
1358 4518 1575 4572 demum
1614 4520 1840 4589 peperit,
1867 4537 1992 4576 cum
2031 4523 2085 4576 in

514 4612 761 4671 apertum
789 4603 931 4659 illius
960 4605 1183 4672 protulit
1233 4607 1576 4672 iniquitatem
1611 4627 1625 4662 :
1663 4610 1932 4680 siquidem
1968 4613 2086 4680 ejus

513 4695 570 4749 itt
599 4707 803 4764 patrem
832 4697 1053 4753 rebellio
1091 4699 1406 4753 denuntiata
1439 4701 1691 4754 omnibus
1719 4710 1801 4756 est
1831 4717 1926 4771 per
1956 4719 2090 4772 prae-

515 4798 728 4839 conem.
756 4784 917 4841 Vens.
948 4788 1034 4841 lli.
1054 4786 1254 4841 Locum
1279 4790 1507 4857 aperuit,
1537 4801 1583 4842 et
1611 4791 1793 4860 effodit
1818 4808 1955 4845 eum.
1980 4792 2090 4849 No-

523 4893 648 4932 tnen
690 4879 838 4936 lacus
889 4881 942 4935 in
980 4882 1174 4938 divinis
1225 4882 1520 4949 Scripturis
1557 4899 1660 4937 non
1714 4887 2000 4943 admodum
2031 4886 2084 4939 in

514 4967 712 5023 bonam
764 4983 969 5040 partem
1002 4974 1305 5030 invenimus
1337 4985 1655 5044 acceptum;
1715 4976 1857 5031 sicut
1910 4993 2085 5048 neque

591 5085 638 5119 τ’
667 5084 690 5141 1
721 5083 877 5141 Joan.
914 5102 997 5147 ut,
1030 5087 1084 5143 8.

578 5180 702 5305 3'84)
723 5178 877 5233 Colb.
897 5180 1157 5246 septimus
1173 5181 1334 5237 habet
1349 5181 1588 5253 πονηροῦ
1619 5198 1715 5250 pro
1733 5182 2003 5236 διαϐόλου.
2028 5181 2097 5235 11-

621 5293 632 5305 .
652 5250 1031 5305 ἐξειργάσατο.
1059 5252 1211 5305 tlcest
1230 5255 1281 5304 in
1303 5255 1493 5305 editis:
1526 5254 1616 5305 sed
1653 5255 1892 5305 additum
1917 5265 1997 5305 est
2027 5269 2092 5305 ex

516 5250 632 5309 iud.
652 5250 1031 5320 ἐξειργάσατο,
1059 5252 1211 5305 deest
1230 5255 1281 5304 in
1303 5250 1503 5307 editis?
1526 5254 1616 5307 sed
1653 5255 1892 5306 additum
1917 5265 1997 5307 est
2027 5269 2092 5307 ex

524 5323 697 5375 tribus
734 5336 866 5375 mss.
912 5320 1114 5376 Ibidem
1160 5323 1352 5391 legitur
1389 5325 1441 5375 in
1478 5324 1638 5377 editis
1660 5334 1711 5376 ct
1739 5324 1791 5375 in
1821 5323 2096 5376 nontmllis

523 5408 654 5445 mss.
682 5390 946 5461 ἐπιθυμία
978 5410 993 5445 :
1022 5392 1113 5445 sed
1140 5390 1334 5461 legitur
1364 5394 1416 5445 in
1442 5394 1630 5461 majori
1656 5404 1805 5461 parte
1828 5407 1957 5445 mss.
1979 5394 2098 5444 ἐπι-

521 5461 735 5532 θυμίαι.
788 5463 957 5516 Paulo
1008 5471 1128 5531 post
1162 5479 1291 5515 mss.
1327 5465 1571 5532 plerique
1605 5478 1792 5517 euntes
1833 5462 1884 5513 οί
1940 5462 2096 5516 ἀλλό-

521 5548 683 5601 τριοι.
708 5531 867 5601 Deest
895 5533 1154 5601 articulus
1189 5533 1241 5585 in
1266 5531 1502 5587 excusis.

597 5599 707 5681 (δῦ)
728 5600 899 5681 Etiitio
928 5600 1092 5655 Basil.
1122 5614 1476 5681 etsexntnss.
1520 5603 1599 5655 sic
1630 5602 1827 5681 [tabent
1859 5616 1872 5655 :
1900 5600 2093 5681 ἐπειδὴ

526 5670 741 5739 πρῶτον
758 5671 1054 5739 αίκύουσαι
1085 5673 1537 5739 συλλαμϐάνουσι,
1568 5671 1876 5724 τελευταῖον
1895 5670 1951 5723 δὲ
1974 5671 2093 5722 ὠδί-

524 5736 725 5811 νουσιν,
746 5736 1177 5811 εἷτα-τίκτουσιν.
1200 5736 1375 5796 Editiu
1397 5742 1571 5796 Paris.
1591 5752 1643 5795 et
1674 5742 1804 5811 Reg.
1829 5742 2020 5794 tertius
2038 5751 2094 5811 ut

528 5807 584 5861 in
621 5817 790 5863 textu.
822 5809 962 5863 Infra
1007 5814 1135 5867 editi
1163 5821 1218 5867 et
1266 5811 1417 5879 Regii
1473 5813 1677 5881 primus
1709 5807 1981 5867 ct'scxtus
2017 5810 2091 5880 μὴ

2258 2502 2310 2555 8.
2376 2499 2521 2553 Ἰδοὺ
2554 2498 2852 2566 ἀβίνησεν
2895 2498 3167 2560 ἀδικίαν,
3202 2497 3501 2551 συνέλαϐε
3548 2500 3767 2560 πόνον,

2185 2595 2279 2647 καὶ
2315 2594 2520 2647 ἔτεκεν
2545 2592 2820 2661 ἀνομίαν.
2872 2591 2961 2655 Ὧς
2997 2592 3094 2661 μὲν
3122 2589 3259 2662 πρὸς
3300 2591 3399 2662 τὴν
3427 2590 3577 2655 τάξιν
3614 2590 3774 2643 δοκεῖ

2191 2685 2617 2755 συγκεχυμένως
2672 2686 2705 2754 ἡ
2763 2684 2907 2749 λέξις
2965 2683 3145 2755 ἔχειν·
3205 2684 3389 2754 ἐπειδὴ
3439 2684 3655 2755 πρῶτον
3709 2687 3767 2737 αἱ

2187 2778 2415 2831 κύουσαι
2456 2776 2940 2848 συλλαμϐάνουσιν,
2974 2772 3094 2830 εἶτα
3136 2775 3414 2841 ὠδίνουσι,
3455 2775 3769 2828 τελευταῖον

2187 2871 2243 2923 δὲ
2272 2870 2545 2923 τίκτουσιν
2586 2869 2699 2937 (85)
2718 2885 2731 2899 '
2764 2868 2995 2923 ἐνταῦθα
3023 2869 3079 2921 δὲ
3105 2855 3317 2939 πρῶτον
3341 2870 3373 2937 ή
3404 2866 3549 2931 ὠδὶν,
3582 2861 3703 2919 εἶτα

2188 2961 2469 3033 σύλληψις,
2506 2956 2625 3013 εἶτα
2649 2962 2677 3013 6
2699 2959 2952 3023 τοκετός’
2996 2958 3134 3031 πρὸς
3168 2958 3225 3011 δὲ
3260 2957 3359 3029 τὴν
3400 2957 3499 3027 τῆς
3536 2954 3770 3027 καρδίας

2186 3052 2446 3123 σύλληψιν
2493 3050 2949 3123 ἐμφαντικώτατα
2993 3050 3125 3121 ἔχει.
3175 3051 3241 3102 Αἱ
3284 3048 3391 3120 γὰρ
3433 3049 3612 3116 ἄλογοι
3654 3046 3771 3099 τῶν

2184 3146 2502 3200 ἀκολάστων
2530 3143 2698 3215 ὁρμαὶ
2740 3143 2834 3196 καὶ
2871 3144 2925 3195 αἱ
2972 3141 3198 3213 μανικαὶ
3235 3141 3328 3193 καὶ
3357 3137 3769 3210 παροιστρῶσαι

2185 3239 2473 3310 ἐπιθυμίαι
2516 3238 2704 3301 ὠδῖνες
2741 3234 3059 3308 ἐλέχθησαν,
3102 3234 3190 3289 διὰ
3242 3234 3304 3288 τὸ
3344 3233 3479 3304 μετὰ
3508 3231 3770 3300 ὀξύτητος

2186 3332 2280 3385 καὶ
2310 3331 2471 3384 πόνου
2515 3328 2825 3398 ἐγγίνεσθαι
2856 3331 2923 3399 τῇ
2967 3327 3135 3398 ψυχῇ.
3177 3326 3333 3380 Κατά
3376 3326 3432 3379 δὲ
3463 3324 3560 3396 τὴν
3589 3322 3771 3377 rotati-

2184 3439 2284 3492 την
2312 3423 2508 3494 ὁρμὴν,
2538 3424 2566 3473 6
2592 3419 2930 3492 περικρατὴς
2957 3418 3065 3470 τῶν
3096 3417 3346 3489 πονηρῶν
3376 3417 3450 3487 μὴ
3476 3415 3772 3486 γενόμενος

2189 3514 2572 3584 βουλευμάτων
2613 3510 2872 3564 συνέλαϐε
2902 3509 3098 3577 πόνονῇ
3140 3508 3234 3563 καὶ¹
3268 3511 3295 3561 6
3324 3507 3423 3578 τὴν
3451 3509 3507 3561 ἐν
3529 3508 3598 3577 τῇ
3628 3523 3769 3575 καρ-

2185 3607 2275 3678 δίᾳ
2306 3604 2501 3659 κακίαν
2528 3602 2615 3656 διὰ
2646 3602 2755 3654 τῶν
2784 3600 3034 3672 πονηρῶν
3060 3598 3312 3670 πράξεων
3339 3598 3613 3659 ἐκκαύσας
3652 3595 3769 3666 (86)

2188 3698 2342 3751 ἔτεκε
2387 3695 2487 3766 τὴν
2517 3694 2767 3764 ἀνομίαν.
2807 3694 2990 3745 Ἐοικε
3014 3691 3071 3744 δὲ
3112 3690 3282 3743 ταῦτα
3307 3689 3484 3757 λέγειν
3520 3687 3773 3757 αἰσχυνό-

2190 3806 2349 3862 μενος
2389 3788 2481 3840 ἐπὶ
2520 3786 2598 3857 τῷ
2635 3785 2818 3855 πατὴρ
2865 3779 3003 3837 εἶναι
3043 3781 3228 3845 παιδὸς
3273 3780 3610 3852 παρανόμου.
3652 3780 3771 3833 Οὐκ

2187 3880 2340 3950 ἐμὸς,
2384 3879 2567 3948 φησιν,
2599 3879 2628 3930 6
2660 3878 2808 3939 παῖς,
2838 3874 2973 3927 ἀλλὰ
3018 3872 3111 3926 τοῦ
3147 3872 3353 3943 πατρδς
3380 3871 3600 3939 γέγονεν
3629 3871 3768 3933 υἱὸς,

2186 3967 2230 4042 ᾧ
2269 3972 2357 4025 διὰ
2392 3971 2493 4040 τῆς
2536 3967 2809 4039 ἁμαρτίας
2848 3965 3036 4019 ἑαυτὸν
3075 3963 3406 4034 εἰσεποίησε.
3448 3963 3593 4014 Διότι
3625 3963 3771 4015 κατά

2187 4065 2277 4117 τὸν
2313 4062 2586 4131 Ἰωάννην,
2631 4062 2692 4113 ’0
2722 4057 2908 4113 ποιῶν
2945 4057 3062 4125 τὴν
3094 4057 3385 4125 ἁμαρτίαν
3411 4056 3478 4108 ἐκ
3506 4055 3613 4107 τοῦ
3650 4053 3772 4106 δια-

2188 4155 2371 4208 ϐόλου
2401 4153 2767 4223 γεγέννηται.
2806 4148 2936 4202 Ἰδοὺ
2961 4144 3056 4201 οὖν
3085 4146 3347 4217 ὠδίνησεν
3371 4146 3529 4200 αὑτὸν
3550 4144 3639 4198 διὰ
3667 4145 3766 4214 τῆς

2194 4244 2429 4308 ἀδικίας,
2465 4244 2558 4296 καὶ
2584 4240 2873 4294 συνέλαϐεν
2899 4239 3082 4304 αὑτὸν,
3115 4239 3275 4291 οἱονεὶ
3297 4241 3353 4291 ἐν
3376 4240 3487 4301 τοῖς
3512 4238 3771 4292 οἰκειοτά-

2192 4355 2307 4402 τοις
2342 4334 2531 4389 ὲαυτοῦ
2574 4334 2681 4387 ὑπὸ
2712 4332 2781 4385 τά
2823 4333 3105 4402 σπλάγχνα
3146 4332 3244 4401 τῆς
3294 4330 3428 4393 ἰδίας
3477 4328 3770 4393 διαθέσεως

2193 4432 2368 4501 ἤγαγε
2402 4428 2497 4482 καὶ
2523 4427 2888 4496 ὲκυοφόρησεν
2919 4424 3080 4477 αὐτὸν
3117 4425 3146 4475 6
3177 4422 3419 4484 διάϐολος
3438 4439 3450 4451 ·
3488 4417 3608 4475 εἷτα
3663 4423 3771 4475 ἀπ-

2195 4521 2481 4591 εγέννησεν
2503 4516 2687 4581 αὑτὸν,
2708 4516 2917 4585 ἐκφανῆ
2933 4514 3032 4586 τὴν
3056 4513 3285 4585 ἀνομίαν
3310 4511 3471 4566 αὐτοῦ
3495 4513 3771 4579 καταστή-

2198 4628 2317 4674 σας,
2365 4610 2499 4663 διότι
2549 4608 2685 4660 «ac:
2731 4604 3121 4678 προεκηρύχθη
3169 4606 3201 4675 ἡ
3250 4604 3389 4656 κατά
3424 4602 3518 4655 τοῦ
3563 4603 3771 4674 πατρὸς

2192 4704 2580 4765 ἐπανάστασις.
2619 4698 2862 4754 Λάκκον
2892 4697 3103 4766 ὤρυξε,
3148 4695 3245 4749 καὶ
3284 4693 3635 4762 ἀνέσκαψεν
3658 4696 3769 4747 αὐ-

2191 4796 2318 4847 τόν.
2365 4795 2440 4848 Οὐ
2484 4793 2624 4847 πάνυ
2670 4790 2764 4843 ἐπὶ
2799 4787 2964 4844 καλοῦ
3013 4788 3338 4859 εὑρίσκομεν
3378 4784 3439 4837 τὸ
3471 4783 3637 4854 ὄνομα
3671 4783 3769 4836 τοῦ

2193 4885 2396 4938 λάκκου
2428 4884 2759 4954 τεταγμένον
2792 4884 2850 4934 ἐν
2886 4883 3005 4944 ταῖς
3035 4879 3208 4942 θείαις
3236 4878 3478 4949 Γραφαῖς
3497 4891 3511 4906 ⁸
3543 4874 3618 4938 ὡς
3645 4875 3771 4928 οὐδὲ

2196 4979 2256 5031 τὸ
2290 4979 2466 5050 φρέαρ
2495 4977 2683 5041 ὓδατος
2715 4975 2807 5029 ἐπὶ
2828 4975 3085 5047 χείρονος.
3116 4973 3331 5034 Λάκκος
3361 4969 3460 5041 μὲν
3485 4969 3591 5038 γάρ
3619 4970 3770 5022 ἐστιν

2201 5182 2512 5253 γενόμενος.
2540 5176 2808 5253 Particulo
2838 5176 2911 5247 μή
2941 5175 3185 5253 ἀθρξῑηῑιι
3221 5172 3350 5253 aliis
3379 5181 3608 5253 quatuor
3634 5183 3764 5252 mss.

2275 5237 2386 5324 (ὃῖὶ)
2414 5237 2503 5304 Si}:
2530 5249 2745 5324 codices
2767 5237 2991 5324 septem.
3031 5244 3203 5324 Editio
3232 5237 3766 5324 Ρῆτίεῐοοεὶεηέγκαύ-

2205 5308 2321 5385 σας.
2347 5308 2537 5375 Censet
2568 5321 2650 5371 vir
2687 5308 2877 5388 lingua:
2902 5315 3101 5388 Graeca:
3115 5313 3509 5388 scientissimus
3537 5308 3768 5388 CUIItI-le-

2205 5380 2353 5446 lisi'ns
2384 5391 2660 5461 ἐγκυήσας
2702 5380 2789 5439 hic
2823 5385 3103 5453 legendum
3136 5397 3274 5461 esse.
3302 5381 3407 5461 ﬁeri
3434 5380 3547 5461 ejus
3579 5380 3764 5461 conj-e—

2202 5473 2406 5518 cturaut
2424 5449 2554 5512 'uon'
2580 5449 3166 5526 sequimurfnonquod
3189 5451 3490 5526 displiceat,
3529 5450 3632 5526 imo
3652 5449 3765 5526 pla-

2203 5544 2281 5585 (οι-ι
2326 5531 2576 5586 maxime.
2608 5523 2700 5580 sed
2735 5528 2877 5592 quod
2911 5523 3103 5592 nullius
3138 5538 3237 5574 tus.
3271 5524 3590 5592 auctoritate
3619 5523 3761 5592 inpi-

2204 5578 2686 5667 {ui-'{Ztti‘qdinim
2717 5578 3040 5667 postgeditio
3072 5591 3244 5667 Paris.
3278 5586 3633 5667 υἱὸς-ἐκείνου
3665 5578 3709 5649 ᾧ
3746 5602 3759 5636 :

2201 5674 2293 5725 sed
2328 5686 2452 5723 mss.
2477 5656 2665 5723 o'nmcs
2694 5656 2805 5726 υἱὸς
2837 5657 2899 5729 ᾧ,
2933 5663 3086 5715 bene.
3115 5660 3351 5714 Subinde
3393 5658 3522 5729 ch.
3556 5656 3765 5726 primus

2200 5755 2251 5795 ct
2282 5741 2431 5797 Coll).
2461 5739 2719 5808 septimus
2747 5733 2989 5787 διαϐόλου
3017 5731 3301 5800 γεγένηται
