4048 6220
300 376 405 429 9.29

1474 369 1752 425 llOMlLIA
1794 369 1814 423 l
1858 369 1922 423 IN
1966 370 2287 425 PSALMUM
2332 373 2466 428 XIV.

3451 379 3555 434 250

302 494 381 553 είς
406 489 463 542 ὃν
493 486 691 557 ἐϐλήθη
737 485 841 538 ὑπὸ
878 483 987 537 τῶν
1035 483 1278 553 ἀδελφῶν
1313 483 1476 537 αὑτοῦ
1522 485 1738 555 Ἰωσήφ.
1771 485 1874 537 Καὶ

1988 495 2177 553 puteus
2207 502 2357 556 aquae
2385 488 2437 541 in
2474 488 2689 542 malam.
2719 488 2894 544 Lacus
2921 490 3063 544 enim
3089 498 3192 558 est,
3237 491 3288 545 in
3323 506 3483 561 quem
3522 510 3551 547 ιι

300 582 390 635 ὅτε
422 580 751 633 πατάσσεται
792 576 905 646 (87)
952 575 1096 629 Ἀπὸ
1127 576 1502 643 πρωτοτόκου
1537 574 1744 643 Φαραὼ
1770 574 1881 640 ἕως

301 674 676 741 πρωτοτόκου
707 669 818 738 τῆς
848 667 1281 738 αἰχμαλώτιδος
1309 667 1416 736 τῆς
1448 669 1518 721 ὲν
1548 666 1627 732 τῷ
1652 667 1876 735 λάκκῳ.

302 767 412 820 Καὶ
454 767 512 817 ὲν
552 765 665 826 τοῖς
700 760 952 832 Ψαλμοῖς
971 778 984 791 °
1028 762 1525 829 Προσελογίσθην
1566 762 1717 831 μετὰ
1763 760 1882 813 τῶν

302 856 779 910 καταϐαινόντων
827 853 911 917 εἰς
954 850 1204 904 λάκκον.
1249 852 1359 904 Καὶ
1395 853 1454 903 ὲν
1502 851 1579 922 τῷ
1642 851 1879 924 Ἱερεμίᾳ

302 950 496 1020 φησίν·
543 944 681 1016 Ἐμὲ
718 943 1111 1014 ἐγκατέλιπον
1150 942 1355 1013 πηγὴν
1393 944 1608 1010 ὕδατος
1642 943 1873 1010 ζῶντος,

298 1038 397 1093 καὶ
429 1037 669 1107 ὤρυξαν
715 1033 950 1101 ἑαυτοῖς
994 1033 1263 1101 λάκκους
1312 1037 1873 1105 συντετριμμένους,

298 1130 355 1183 οἵ
383 1132 455 1183 οὐ
480 1126 851 1194 δυνήσονται
888 1125 1043 1194 ὕδωρ
1083 1125 1192 1197 (88)
1227 1125 1527 1195 συνέχειν.
1584 1126 1743 1180 Ἀλλά
1784 1129 1877 1181 καὶ

298 1223 356 1274 ὲν
390 1220 468 1291 τῷ
496 1219 692 1291 Δανιὴλ
719 1218 921 1283 λάκκος
950 1219 1179 1272 λεόντων
1215 1216 1629 1288 ἀναγέγραπται
1646 1231 1681 1283 ,·
1707 1221 1787 1282 είς
1817 1219 1876 1272 ὃν

300 1312 548 1382 ῥίπτεται
583 1310 796 1382 Δανιὴλ.
828 1309 1009 1381 Φρέαρ
1036 1308 1092 1361 δὲ
1134 1307 1356 1379 ὀρύσσει
1394 1307 1646 1379 Ἀϐραάμ
1666 1324 1678 1336 ·
1707 1309 1803 1362 καὶ
1826 1309 1875 1361 oi

298 1402 486 1467 παῖδες
510 1401 604 1455 τοῦ
643 1401 826 1456 Ἰσαάκ
846 1418 858 1430 ·
888 1401 982 1454 καὶ
1002 1401 1093 1452 ἐπὶ
1119 1399 1294 1470 φρέαρ
1323 1398 1555 1463 ἐξελθὼν
1576 1400 1877 1454 ἀνεπαύετο

299 1495 558 1565 Μωῦσῆς.
590 1494 698 1546 Καὶ
722 1492 938 1563 ἐντολὴν
971 1491 1319 1563 λαμϐάνομεν
1349 1491 1456 1544 ἀπὸ
1484 1491 1578 1545 τοῦ
1602 1492 1876 1564 Σολομῶν-

298 1603 385 1649 τος
435 1585 609 1640 πίνειν
660 1585 829 1639 ὕδατα
878 1584 985 1638 ἀπὸ
1038 1583 1320 1654 ἡμετέρων
1371 1582 1608 1652 ἀγγείων
1642 1585 1737 1638 καὶ
1767 1587 1876 1639 ἀπὸ

298 1677 582 1748 ἡμετέρων
630 1677 879 1749 φρεάτων
931 1677 1133 1746 πηγῆς.
1174 1677 1285 1730 Καὶ
1316 1678 1343 1729 ὁ
1375 1675 1566 1747 Σωτὴρ
1609 1677 1758 1749 παρὰ
1798 1679 1877 1749 τῷ

299 1767 493 1839 φρέατι
523 1771 588 1839 τῇ
633 1768 984 1840 Σαμαρείτιδι
1016 1767 1145 1839 περὶ
1174 1765 1333 1820 θείων
1366 1768 1676 1839 μυστηρίων
1705 1768 1878 1823 διαλέ-

1984 579 2097 632 suis
2130 578 2393 633 fratribus
2417 579 2695 646 conjectus
2730 594 2812 636 est
2843 580 3059 652 Ioseph.
3107 584 3169 637 Et
3219 599 3338 637 cum
3376 585 3551 641 caedes

1985 668 2128 721 facta
2163 678 2242 722 est
2277 670 2316 722 Α
2369 670 2713 739 primogenita
2748 670 3069 738 Pharaonis,
3105 689 3270 742 usque
3321 674 3389 726 ad
3440 675 3541 741 prio

1982 760 2296 824 mogenitum
2332 761 2548 827 captiva:
2579 776 2696 829 qua:
2723 763 2775 812 in
2810 762 2930 814 laru
2959 762 3023 814 ⁷³.
3055 760 3120 815 Ει
3170 762 3225 816 in
3245 750 3256 761 ’
3278 763 3503 817 Psalmis
3534 780 3551 815 :

1981 850 2302 906 Estimatus
2322 867 2437 904 sum
2455 868 2571 905 cum
2598 852 3023 907 descendentibus
3043 856 3095 906 iu
3127 853 3377 907 locum“.
3402 854 3467 908 Et
3495 854 3550 907 in

1980 942 2211 998 Jeremia
2248 960 2261 997 :
2292 943 2378 997 Me
2406 945 2600 1013 [autent
2643 960 2793 1015 aqua:
2826 946 2971 1006 uivtr,
3001 945 3173 1013 inquit
3194 985 3208 1005 ,
3255 946 3549 1016 derelique-

1982 1046 2126 1101 ruut,
2156 1046 2204 1089 et
2236 1034 2485 1104 foderunt
2513 1036 2609 1089 sibi
2658 1035 2802 1090 lacus
2833 1038 3105 1100 contritot,
3143 1038 3232 1107 qui
3275 1053 3374 1091 non
3399 1048 3547 1105 pole-

1979 1133 2101 1178 ruut
2140 1126 2405 1178 continere
2438 1140 2626 1194 aquam
2649 1124 2717 1179 ’⁸.
2746 1128 2921 1194 Atque
2949 1123 3109 1176 etiam
3140 1126 3191 1177 in
3223 1123 3441 1179 Dauiele
3473 1125 3549 1177 li-

1978 1232 2073 1272 ciis
2103 1217 2314 1271 leonum
2352 1216 2656 1283 descriptus
2677 1223 2779 1280 est,
2807 1216 2859 1269 in
2897 1231 3055 1284 quem
3089 1214 3340 1283 dejicitur
3363 1216 3547 1272 Daniel

1981 1308 2115 1375 ipse.
2146 1307 2372 1362 Pnteum
2402 1318 2580 1361 autem
2616 1305 2803 1361 ellodit
2854 1306 3131 1361 Abraham
3166 1323 3181 1360 :
3240 1308 3365 1362 item
3396 1309 3544 1377 pueri

1979 1397 2126 1452 Isaac
2162 1416 2176 1450 :
2212 1407 2267 1451 et
2312 1398 2375 1452 ad
2419 1406 2635 1468 puteum
2679 1412 2998 1469 progressus
3036 1399 3405 1468 requiescebat
3432 1399 3547 1455 Mo-

1978 1504 2085 1544 ses.
2119 1488 2186 1543 Et
2212 1486 2465 1558 jubeuiur
2515 1504 2544 1541 a
2577 1487 2863 1544 Salomone
2894 1504 3086 1559 aquam
3124 1486 3311 1545 bib'ere
3338 1506 3403 1544 ex
3449 1507 3547 1545 no-

1978 1582 2106 1634 stris
2128 1582 2360 1642 vasis,et
2385 1595 2450 1634 ex
2497 1589 2778 1649 puteorum
2806 1589 3114 1635 nostrorum
3143 1580 3290 1636 fonte.
3310 1583 3378 1638 ⁷⁸.
3409 1582 3549 1649 Quin

1979 1671 2143 1723 etiam
2179 1668 2428 1723 Salvator
2456 1670 2567 1739 ipse
2587 1671 2741 1737 juxta
2774 1679 2991 1739 puteum
3037 1686 3161 1726 cum
3205 1672 3546 1727 Samaritana

1980 1762 2046 1815 tle
2074 1761 2274 1815 divinis
2299 1763 2576 1831 mysteriis
2607 1763 2844 1817 disserit.
2873 1763 3101 1817 Causam
3133 1779 3260 1818 vero
3283 1780 3382 1818 cur
3406 1765 3552 1820 lacus

296 1875 472 1927 γεται.
510 1859 619 1930 Τὴν
644 1860 701 1913 δὲ
727 1839 905 1912 αἰτίαν
932 1858 1027 1912 τοῦ
1061 1857 1156 1911 ἐπὶ
1189 1857 1447 1929 χειρόνων
1477 1859 1575 1929 μὲν
1602 1860 1727 1923 τοὺς
1748 1861 1874 1914 λάκ-

1981 1853 2032 1906 in
2062 1853 2233 1922 pejus,
2263 1853 2409 1923 putei
2434 1869 2564 1909 vero
2600 1853 2652 1907 in
2679 1855 2868 1909 melius
2902 1866 3253 1925 usurpentur,
3274 1857 3411 1910 hanc
3433 1873 3555 1914 esse

297 1966 426 2015 κους
468 1950 747 2021 τετάχθαι,
781 1951 877 2004 ἐπὶ
916 1950 1241 2022 κρειττόνων
1267 1949 1325 2002 δὲ
1354 1948 1422 2003 τὰ
1460 1950 1690 2021 φρέατα,
1722 1953 1877 2023 νομί-

297 2042 460 2112 ζομεν
492 2042 693 2112 ταύτην
732 2043 997 2115 ὑπάρχειν
1019 2059 1033 2072 ·
1061 2041 1350 2113 ἐπίκτητον
1380 2042 1441 2095 τὸ
1482 2040 1625 2112 ὕδωρ
1662 2044 1720 2095 ὲν
1766 2047 1879 2107 τοῖς

296 2127 537 2190 λάκκοις,
566 2129 762 2180 πῖπτον
794 2127 852 2194 ἐξ
878 2126 1107 2199 οὐρανοῦ
1124 2143 1137 2156 ·
1169 2128 1226 2179 ὲν
1250 2126 1305 2178 δὲ
1325 2129 1437 2189 τοῖς
1463 2127 1658 2198 φρέασι
1683 2125 1879 2196 φλέϐες

298 2212 506 2265 ὑδάτων
541 2212 904 2281 κεχωσμέναι,
959 2210 1088 2283 πρὶν
1137 2210 1434 2282 ὀρυχθῆναι
1485 2211 1612 2274 τοὺς
1654 2209 1875 2273 τόπους,

298 2304 689 2376 φανεροῦνται,
739 2303 1196 2376 περιαιρεθέντων
1241 2301 1350 2355 τῶν
1399 2301 1877 2356 ὲπικαλυπτόντων

295 2396 583 2465 χωμάτων,
620 2396 713 2448 καὶ
749 2395 1071 2466 οἱασδήποτε
1105 2393 1293 2456 οὐσίας
1336 2392 1709 2463 ἐπικειμένης,
1755 2392 1878 2463 ἥτις

295 2486 445 2539 πᾶσά
471 2488 587 2539 ἐστι
613 2488 704 2559 γῆ.
734 2487 844 2541 Καὶ
869 2490 926 2540 ἐν
955 2488 1077 2550 ταῖς
1099 2485 1298 2555 ψυχαῖς
1325 2485 1502 2537 τοίνυν
1536 2484 1684 2537 ἐστὶν
1715 2486 1876 2538 οἱονεὶ

293 2580 532 2650 ὖρυγμα,
578 2581 636 2632 ὲν
681 2573 770 2642 αἶς
803 2578 1139 2631 καταπίπτει
1176 2575 1247 2628 τὰ
1283 2574 1569 2646 κρείττονα
1602 2574 1875 2645 μεταϐάλ-

294 2670 455 2723 λοντα
496 2671 591 2729 καὶ
623 2668 1182 2741 παραχαραττόμενα,
1213 2668 1303 2721 ὅτε
1342 2684 1425 2731 τις
1463 2667 1562 2731 τὰς
1604 2667 1734 2739 περὶ
1768 2667 1876 2721 τῶν

298 2761 479 2815 καλῶν
517 2762 724 2824 ἑννοίας
771 2760 1040 2824 πεσούσας
1083 2761 1164 2823 είς
1214 2759 1376 2813 αὐτὸν
1416 2759 1642 2830 τρέπει,
1677 2758 1770 2813 ἐπὶ
1815 2759 1877 2812 τὸ

295 2853 730 2924 κακουργότερον
752 2851 942 2915 ἀὐτὰς
973 2851 1339 2923 διαστρέφων,
1376 2851 1471 2904 καὶ
1500 2851 1592 2904 ἐπὶ
1623 2851 1692 2903 τὰ
1724 2852 1878 2905 ὲναν-

293 2942 384 2996 τία
407 2945 472 3014 τῇ
498 2942 744 3014 ἀληθείᾳ,
771 2942 922 2996 οὐδὲν
942 2943 1140 2995 οἰκεῖον
1168 2940 1592 3013 βεϐουλευμένος
1615 2941 1758 3012 ἔχειν
1779 2959 1877 2995 κα-

292 3034 399 3088 λόν.
440 3035 549 3087 Καὶ
598 3034 757 3088 πάλιν
809 3034 1044 3105 φρέατα,
1085 3034 1193 3098 ὅτε,
1253 3032 1712 3104 περιαιρεθέντων
1761 3033 1873 3105 (89)

291 3125 399 3178 τῶν
438 3127 914 3182 ὲπικαλυπτόντων
953 3126 1234 3198 χειρόνων,
1282 3125 1594 3195 ἀναλάμπει
1626 3125 1742 3194 φῶς
1781 3127 1874 3180 καὶ

291 3216 443 3289 πηγὴ
472 3217 660 3283 ὓδατος
687 3220 744 3272 ὲν
770 3218 912 3290 λόγῳ
936 3221 1031 3272 καὶ
1056 3219 1284 3290 δόγμασι
1309 3218 1562 3289 ποτίμου.
1588 3219 1687 3271 Διὰ
1713 3218 1871 3272 τοῦτο

290 3307 520 3364 ἕκαστον
549 3310 725 3381 ἑαυτῷ
760 3312 939 3383 φρέαρ
974 3310 1378 3364 κατασκευάσαι
1416 3311 1732 3379 ἀναγκαῖον,
1782 3311 1869 3365 ἵνα

288 3402 502 3473 τηρήσῃ
549 3401 647 3474 τὴν
698 3404 1102 3474 προειρημένην
1157 3402 1377 3474 ἐντολὴν
1427 3402 1525 3474 τὴν
1574 3402 1869 3472 λέγουσαν·

290 3494 435 3547 Πίνε
464 3492 651 3548 ὕδατα
675 3493 794 3547 ἀπὸ
827 3490 956 3546 σῶν
975 3493 1246 3563 ἀγγείων,
1281 3493 1380 3547 καὶ
1407 3492 1525 3547 ἀπὸ
1552 3491 1681 3547 σῶν
1700 3492 1870 3562 φρεά-

289 3600 407 3637 των
432 3582 647 3655 πηγῆς.
681 3584 838 3639 Οὖτω
857 3584 966 3655 γάρ
992 3586 1400 3655 χρηματίσομεν
1427 3583 1593 3638 τέκνα
1614 3582 1721 3637 τῶν
1744 3584 1869 3655 ὀρυ-

289 3674 495 3741 ξάντων
521 3675 591 3729 τὰ
617 3676 848 3749 φρέατα,
893 3676 1145 3749 Ἀϐραάμ
1170 3678 1265 3730 καὶ
1305 3676 1490 3730 Ἰσαὰκ
1515 3677 1609 3730 καὶ
1653 3677 1865 3731 Ἰακώϐ.

285 3767 500 3821 Λάκκον
528 3768 586 3822 δὲ
618 3770 680 3822 οὐ
724 3768 975 3841 ποιητέον
997 3809 1011 3834 ,
1040 3768 1127 3822 ἵνα
1162 3769 1238 3839 μὴ
1270 3768 1601 3839 ἐμπέσωμεν
1648 3765 1757 3839 (90)
1788 3769 1868 3832 εἰς

284 3859 346 3913 τὸ
385 3860 620 3933 ὄρυγμα,
653 3860 795 3915 κατά
822 3861 882 3915 τὸ
908 3860 1094 3915 ἐνθάδε
1125 3860 1436 3933 εἰρημένον,
1466 3859 1600 3931 μηδὲ
1625 3859 1869 3915 ἀκούσω-

286 3971 385 4023 μεν
419 3957 488 4007 τά
518 3956 575 4008 ὲν
608 3955 687 4027 τῷ
734 3956 977 4027 Ἱερεμίᾳ
1020 3956 1106 4009 ἐπ’
1138 3953 1426 4024 ὀνειδισμῷ
1469 3953 1577 4006 τῶν
1618 3955 1867 4025 ἁμαρτα-

283 4047 478 4101 νόντων
503 4048 990 4121 ἀναγεγραμμένα,
1022 4047 1113 4101 τοῦ
1156 4047 1291 4101 Θεοῦ
1323 4046 1568 4115 λέγοντος
1599 4046 1728 4116 περὶ
1764 4046 1833 4099 αὐ
1853 4077 1864 4084 -

280 4138 388 4191 τῶν
417 4138 450 4191 ἆ
481 4141 576 4193 καὶ
608 4143 714 4213 πρὸ
754 4141 1002 4213 βραχέως
1041 4139 1393 4213 παρεθέμεθα
1416 4157 1429 4169 ·
1470 4136 1608 4207 Ἐμὲ
1629 4136 1867 4206 ἐγκατέ-

1978 1943 2392 2010 existimamus;
2426 1945 2571 2013 qttod
2602 1960 2738 2015 aqua
2785 1946 2837 1999 in
2875 1946 3101 2002 lacubus
3134 1947 3206 2003 sit
3232 1949 3548 2012 atlveutitia,

1979 2033 2178 2103 quippe
2207 2048 2326 2101 qua:
2351 2049 2382 2088 c
2410 2033 2549 2089 Lmlo
2581 2036 2738 2088 cadat
2770 2054 2783 2090 :
2820 2038 2871 2090 in
2914 2037 3091 2107 puteis
3119 2053 3249 2093 vero
3286 2054 3549 2108 aquarum

1979 2135 2150 2185 vente,
2182 2130 2472 2191 antequam
2502 2120 2617 2176 loca
2634 2120 2977 2190 ell‘odiantur,
3006 2138 3230 2197 aggesta
3263 2130 3430 2183 humo
3454 2132 3554 2183 oli—

1980 2223 2134 2275 rutae,
2164 2211 2278 2283 jam
2311 2228 2371 2267 se
2409 2214 2657 2282 prodant,
2694 2216 2738 2269 si
2773 2219 2930 2270 modo
2964 2232 3189 2289 aggeres
3235 2234 3330 2274 eas
3363 2229 3549 2290 legen-

1979 2311 2081 2367 tes,
2132 2315 2225 2359 aut
2281 2305 2383 2359 alia
2428 2307 2633 2376 qumvis
2688 2308 3006 2365 incumbens
3032 2313 3374 2380 substantia,
3431 2328 3559 2384 qua:

1980 2396 2208 2466 ipsamet
2249 2408 2356 2452 tota
2400 2406 2547 2453 terra
2591 2407 2694 2467 est,
2718 2400 3160 2457 submoveantur.
3193 2402 3259 2457 Et
3291 2418 3421 2459 vero
3456 2419 3551 2460 re-

1978 2484 2073 2539 luti
2110 2485 2252 2541 fossa
2278 2496 2360 2542 est
2389 2489 2442 2542 in
2480 2490 2788 2555 animabus,
2818 2491 2871 2544 in
2896 2507 3033 2562 quas
3062 2494 3265 2550 cadunt
3299 2496 3503 2565 optima
3531 2539 3553 2566 ,

1978 2591 2098 2645 qua:
2121 2587 2396 2632 mutantur
2420 2589 2475 2634 et
2518 2581 2919 2649 adulterantur,
2955 2597 3089 2652 tmn,
3115 2601 3235 2640 cum
3281 2589 3549 2657 quispiam

1978 2667 2190 2722 honesti
2221 2672 2464 2739 rectique
2489 2673 2845 2742 cogitationes
2873 2676 2975 2730 sibi
3004 2675 3224 2747 illapsas
3258 2680 3429 2748 pellit,
3457 2697 3557 2737 eas

1977 2761 2043 2813 ad
2069 2761 2272 2830 pejora,
2297 2773 2351 2817 et
2380 2763 2446 2817 ad
2485 2778 2548 2818 ea
2572 2779 2692 2834 qua:
2712 2767 2926 2822 veritati
2953 2768 3330 2835 adversantur,
3363 2773 3554 2828 distor-

1977 2864 2151 2918 quens
2178 2869 2190 2905 :
2225 2852 2421 2924 quippe
2447 2854 2649 2909 nullum
2679 2856 2878 2911 bonum
2902 2858 3167 2915 familiare
3192 2876 3256 2915 ac
3275 2863 3550 2933 proprium

1978 2940 2181 2997 habere
2210 2945 2418 3000 statuit.
2459 2945 2685 3011 Contra,
2728 2948 2873 3018 putei
2910 2957 3036 3004 sunt
3083 2951 3133 3005 in
3185 2955 3393 3020 anima,
3426 2971 3549 3012 cum

1978 3035 2095 3101 lux,
2128 3036 2275 3090 vitiis
2307 3051 2424 3102 qua:
2452 3036 2766 3107 integebant
2803 3039 3020 3109 ablatis,
3072 3040 3312 3114 aliulget,
3345 3056 3399 3101 et
3430 3045 3552 3103 fons

1979 3144 2134 3197 aquae
2161 3143 2281 3197 quae
2314 3144 2407 3197 per
2435 3143 2739 3193 sermonem
2766 3138 2821 3184 et
2851 3132 3102 3202 dogmata
3133 3136 3281 3203 potui
3309 3136 3426 3191 dari
3451 3153 3548 3209 po-

1979 3231 2102 3276 test.
2136 3220 2480 3290 Quapropter
2500 3225 2892 3293 estunicuique
2923 3242 3168 3293 necesse,
3194 3229 3297 3283 sibi
3332 3242 3550 3299 puteum

1979 3327 2313 3382 prmparare,
2350 3323 2408 3366 ut
2446 3316 2759 3368 mandatum
2794 3328 3148 3372 memoratum
3181 3332 3378 3386 servet,
3440 3337 3548 3392 quc

1977 3403 2175 3457 dicitur
2203 3419 2218 3456 :
2245 3401 2375 3457 Bibe
2407 3420 2572 3471 aqua:
2606 3406 2670 3459 de
2715 3407 2820 3459 tuis
2865 3409 3027 3472 rasis,
3078 3420 3124 3462 et
3166 3410 3231 3463 de
3276 3423 3551 3479 puteorum

1974 3507 2185 3547 (uorum
2209 3494 2355 3563 {ante
2400 3495 2468 3550 ⁷⁷.
2511 3494 2602 3551 Sic
2655 3496 2799 3550 enim
2842 3501 2990 3566 prius
3022 3501 3416 3570 appellabimur
3455 3504 3551 3559 ﬁlii

1974 3595 2164 3655 puteos
2212 3585 2615 3650 eﬂ'odientium,
2666 3587 2920 3656 Abrahae,
2962 3600 3017 3645 et
3056 3592 3224 3655 Isaac,
3261 3602 3316 3647 et
3356 3592 3545 3651 Jacob.

1974 3675 2152 3732 Lacus
2178 3687 2354 3733 autem
2388 3678 2668 3734 faciendus
2700 3696 2802 3735 non
2834 3691 2935 3747 est,
2971 3697 3038 3738 ne
3088 3684 3138 3737 iu
3181 3683 3379 3739 fossam
3416 3689 3553 3743 inci-

1972 3774 2162 3825 damus
2196 3772 2292 3838 ita,
2327 3782 2383 3825 ut
2411 3773 2500 3827 hic
2524 3773 2741 3839 dicitur,
2779 3790 2914 3829 neve
2946 3776 3228 3832 audiamus
3256 3794 3318 3834 ea
3350 3781 3542 3849 quaeiu

1969 3857 2201 3914 Jeremia
2226 3862 2277 3913 in
2303 3870 2646 3931 peccatorum
2697 3866 2955 3934 probrum
2994 3875 3050 3920 et
3076 3867 3308 3922 dedecus
3332 3872 3548 3941 scripta

1970 3964 2119 4018 sunt,
2159 3954 2267 4008 Deo
2288 3955 2355 4009 de
2378 3955 2507 4024 ipsis
2534 3957 2750 4012 dicente
2789 3960 2932 4026 quod
2974 3959 3137 4029 paulo
3180 3972 3305 4016 ante
3363 3964 3551 4018 retuli-

1973 4062 2093 4101 mus
2127 4065 2141 4101 :
2181 4045 2267 4100 Me
2301 4051 2499 4115 [autem
2529 4066 2678 4118 aqua:
2711 4051 2836 4104 viva:
2864 4051 3275 4123 dereliqtteruut,
3317 4064 3364 4108 et
3394 4055 3546 4123 fode-

1973 4147 2093 4190 runt
2123 4138 2222 4191 sibi
2261 4136 2407 4191 lacus
2431 4142 2705 4206 contritas,
2729 4143 2817 4212 qui
2848 4157 2951 4194 nou
2982 4152 3224 4211 poterunt
3264 4144 3393 4213 ipsis
3419 4162 3547 4201 cou-

281 4232 461 4282 λιπον
489 4232 690 4301 πηγὴν
716 4233 934 4299 ὓδατος
968 4232 1207 4298 ζῶντος,
1243 4231 1341 4285 καί
1369 4229 1609 4298 ὤρυξαν
1631 4227 1864 4293 ἑαυτοῖς

1977 4229 2139 4281 tinere
2164 4246 2374 4298 aquam.

280 4318 547 4388 λάκκους
604 4324 1170 4394 συντετριμμένους,
1230 4324 1286 4376 οἳ
1351 4325 1422 4377 οὺ
1478 4322 1856 4390 δυνήσονται
1894 4320 2049 4390 ὕδωρ
2088 4323 2293 4388 αὐτοῖς
2332 4324 2635 4394 συνέχειν.

694 4526 802 4578 ΕΙΣ
839 4527 975 4580 TUN
1014 4527 1090 4579 ΙΔ¹
1118 4526 1439 4580 ΨΑΛΜΟΝ.

2361 4522 2424 4576 IN
2464 4521 2791 4579 PSALMUM
2845 4525 2959 4579 xuv
3003 4527 3101 4596 (a).

280 4620 476 4687 Κύριε,
508 4618 599 4683 τίς
640 4618 996 4685 παροικήσει
1034 4620 1105 4673 ὲν
1132 4618 1212 4683 τῷ
1264 4615 1613 4687 σκηνώματι
1638 4631 1776 4681 σου,
1812 4615 1850 4684 ἢ

1977 4612 2203 4677 Domine,
2236 4614 2350 4682 quis
2394 4615 2810 4687 peregriuabitur
2836 4618 2892 4670 in
2936 4618 3275 4687 tabernacqu
3315 4632 3422 4686 tuo,
3449 4631 3551 4677 aut-

454 4689 545 4753 τίς
575 4688 1029 4756 κατασκηνώσει
1061 4689 1133 4742 ἐν
1170 4688 1291 4755 ὄρει
1321 4689 1465 4757 ἁγίῳ
1489 4703 1605 4740 σου
1630 4702 1649 4750 ;

350 4781 402 4835 1.
442 4781 546 4833 Τὸν
590 4780 796 4834 τέλειον
829 4782 959 4851 ἡμῖν
1005 4784 1034 4834 ὁ
1064 4781 1221 4849 λόγος
1253 4778 1565 4850 ὑπογράψαι
1596 4766 1861 4848 βουλόμε-Δ
1907 4779 1918 4790 ⁸

2137 4700 2253 4752 quis
2293 4686 2571 4750 requiescet
2593 4686 2703 4755 (9i)
2744 4689 2797 4738 iu
2833 4701 3003 4741 monte
3034 4704 3213 4742 sancto
3236 4694 3370 4744 tuo?

2036 4779 2087 4833 1.
2118 4780 2420 4849 Scriptura,
2450 4781 2576 4836 dum
2606 4782 2778 4837 virum
2808 4783 3106 4852 perfectum
3153 4788 3309 4842 nobis
3333 4788 3541 4843 descri-

370 4894 417 4925 ⁷³
455 4893 621 4949 Exod.
654 4908 729 4947 xu
759 4933 775 4958 ,
819 4892 909 4948 29.
989 4892 1035 4924 ⁷⁸⁵
1065 4892 1205 4947 Psal.
1235 4890 1554 4959 Lxxxvn,5.
1630 4889 1683 4921 "
1701 4888 1874 4943 Jcreni

1977 4892 2104 4956 .15.
2184 4893 2231 4925 ⁷⁸
2260 4891 2423 4949 Prov.
2461 4894 2622 4958 v,l5.
2700 4896 2743 4926 ⁷⁷
2781 4895 2912 4950 ibid.

346 5013 457 5086 (87)
489 5012 595 5065 Kal
623 5010 723 5064 ὅτε
742 5010 1140 5086 πατάσσεται.
1186 5007 1298 5062 Hoc
1329 5005 1684 5086 loco_ellipsis
1735 5016 1839 5058 cst.

2026 5004 2137 5084 (89)
2172 5005 2299 5084 Mss.
2342 5009 2581 5084 quinque
2627 5008 2809 5084 καλόνο
2841 5010 2935 5063 καὶ
2972 5009 3157 5083 ἕτερα,
3191 5013 3302 5077 ὅτε,
3328 5032 3543 5084 περιαι-

273 5074 475 5153 Supple
507 5096 690 5136 vocem
720 5082 1027 5153 ᾼῐγυπτος,
1050 5088 1100 5133 et
1124 5096 1244 5132 cum
1266 5077 1556 5147 percutitur
1583 5074 1658 5127 1E
1662 5092 1854 5144 gyptus

1977 5074 2241 5153 ιεθέντων.
2271 5074 2831 5153 at‘lectiuueanulli.
2856 5086 3035 5153 quarti
3069 5074 3431 5149 prie-tulimus.
3483 5098 3540 5140 et

270 5174 303 5210 a
333 5150 675 5240 περιοριεηὶιο
710 5150 1027 5233 Pharaonis.
1279 5217 1314 5240 ⁸.
1516 5216 1528 5233 θ
1605 5218 1628 5240 τ
1682 5213 1742 5231 μ

343 5223 455 5295 (88)
487 5216 782 5295 Colbertiui
822 5231 1061 5295 quartus
1085 5217 1441 5295 et_septimus
1470 5216 1656 5295 aberit;

275 5287 383 5350 Sed
402 5287 501 5347 vox
520 5292 705 5355 αὐτοῖς
724 5309 826 5347 non
841 5287 908 5344 Vin
927 5288 1068 5343 LXX
1086 5289 1281 5351 solum,
1302 5288 1394 5342 sed
1420 5287 1586 5339 etiam
1614 5290 1666 5340 in
1690 5288 1850 5338 editis

271 5375 325 5419 et
349 5366 400 5416 in
429 5363 546 5415 aliis
577 5379 710 5416 tuss.
741 5363 911 5416 deest.
932 5360 1095 5413 Paulo
1113 5367 1231 5426 post
1259 5357 1414 5411 Colh.
1444 5366 1667 5425 quartus
1699 5356 1850 5426 ἔρρι-

270 5448 426 5486 πται.
453 5431 690 5487 Subiude
721 5432 859 5485 idem
887 5430 1053 5484 codex
1083 5427 1422 5499 ὀρόσσουσιν.

1955 5148 2247 5268 οιὲξιςιτιιηι.
2276 5148 2421 5202 lnlra
2454 5164 2582 5204 tuss.
2609 5150 2680 5204 τὰ
2712 5148 2943 5221 φρέατα.
2979 5148 3143 5207 Deest
3185 5158 3444 5209 articulus
3483 5174 3541 5209 in

1956 5230 2003 5268 et
2027 5226 2137 5268 itis.

1956 5226 2137 5269 θιιιιις.

2024 5285 2136 5361 (90)
2170 5285 2299 5361 Mss.
2342 5289 2448 5341 duo
2495 5290 2916 5361 καταπέσωμεν.
2967 5292 3068 5346 Alii
3103 5303 3214 5347 tres
3252 5293 3532 5354 πέσωμεν.

1950 5353 2151 5433 Necita
2181 5356 2357 5433 multo
2381 5370 2501 5433 post
2526 5376 2654 5433 mss.
2681 5353 2886 5433 aliquot
2914 5362 2942 5415 ὃ
2976 5364 3069 5416 καὶ
3097 5364 3221 5433 πρό.

2024 5426 2136 5496 (91)
2181 5426 2405 5497 Vulgata
2461 5429 2742 5483 habitabit.
2774 5426 3536 5503 'Augustiuus'ueregrinabi-

329 5545 404 5657 δα)
431 5545 508 5593 De
530 5546 622 5594 hac
647 5545 865 5603 humilia,
890 5556 1000 5604 qum
1021 5542 1277 5604 hucusque
1301 5547 1531 5603 tanquam
1584 5541 1835 5612 supposita
1857 5541 1908 5613 in
1927 5539 2219 5602 Appendice
2249 5542 2528 5614 legebatur,
2554 5544 2660 5594 hac
2682 5543 2831 5595 habet
2857 5547 2985 5610 Aug.
3017 5548 3136 5596 Mar.
3164 5550 3438 5601 Bandinius
3457 5554 3530 5616 [ad

367 5646 377 5655 .
401 5605 531 5657 Vill.
554 5606 676 5657 plut.
708 5606 786 5657 IV.
812 5612 847 5654 t.
874 5603 910 5657 Ι,
939 5618 985 5657 p.
1012 5605 1103 5652 552
1126 5618 1137 5651 :
1171 5619 1189 5650 ι
1223 5604 1297 5652 Ex
1315 5604 1473 5650 nostri
1494 5602 1675 5650 codicis
1698 5604 2015 5657 antiquitate,
2041 5605 2225 5651 saeculo
2251 5618 2301 5652 χι
2330 5609 2612 5657 conscripti.
2637 5610 2722 5657 aui
2756 5610 2884 5657 forte
2923 5611 3067 5657 alicui
3108 5610 3387 5657 Graecorum
3425 5630 3529 5657 nm-

268 5602 531 5663 cod.'VllI,
554 5606 676 5667 plut.
708 5606 786 5666 IV,
812 5602 857 5654 ιζ
874 5602 921 5661 Ι,“
939 5618 985 5665 ρ.
1012 5605 1103 5652 552
1122 5618 1149 5669 γε-
1171 5602 1297 5669 (Et:
1315 5602 1473 5669 nostri
1494 5602 1675 5669 codicis
1698 5604 2015 5669 antiquitate,
2039 5605 2225 5669 saeculo
2251 5602 2722 5669 xrfconscripti.iqui
2756 5610 2884 5657 forte
2923 5602 3067 5658 alicui
3108 5610 3387 5661 Graecorum
3425 5602 3529 5665 uio:

268 5673 491 5720 nasterlo
513 5662 794 5733 procorum
815 5662 1089 5727 temporum
1120 5664 1319 5733 liturgia
1342 5662 1662 5733 inserviebat.
1683 5662 1833 5733 argui
1847 5670 2017 5725 posset
2038 5665 2435 5733 homiliamhanc
2460 5662 2578 5733 ante
2603 5662 2727 5717 illud
2749 5677 2944 5733 tempus
2966 5674 3115 5721 etiam
3150 5674 3201 5722 S.
3234 5662 3530 5727 llasilioiad-

264 5724 722 5794 judicatauifuisse.
748 5729 894 5788 eique
919 5724 1364 5794 proptercajocum
1386 5724 1731 5788 assignandum
1748 5724 1869 5775 ante
1893 5733 2208 5788 sequentem,
2234 5728 2374 5791 cujus
2402 5730 2575 5781 titulus
2600 5743 2656 5781 ac
2683 5724 3011 5794 prima'verba
3041 5737 3185 5786 aliam
3226 5738 3275 5786 in
3296 5724 3530 5791 eumdem

269 5788 511 5857 psalmum
532 5788 781 5843 homiliam
801 5788 1098 5851 supponunt.
1126 5803 1144 5837 ›
1174 5789 1307 5839 Ευιτ.
