4048 6220
481 332 584 389 231
1793 319 1852 373 S.
1893 313 2139 372 BASILII
2173 310 2390 368 MAGNI
3627 294 3745 350 252

484 447 614 501 bere
647 444 780 507 vult,
807 455 929 496 eum
956 438 1238 502 videlicet.
1269 436 1360 507 qui
1398 435 1687 504 adepturus
1716 432 1785 487 sit
1826 431 2055 487 beatitu-

2174 443 2266 491 ρος,
2319 425 2410 478 τὸν
2459 422 2569 476 τῶν
2624 414 2990 491 μαωρισμῶν
3034 408 3412 480 ὲπιτυγχάνειν
3451 403 3744 507 μέλλοντα,

483 534 689 598 dinem,
742 532 935 587 ordine
987 529 1220 600 quodam
1276 541 1343 582 ac
1386 525 1471 579 via
1519 523 1571 578 in
1625 523 1713 589 iis,
1743 534 1862 591 quae
1908 520 2051 574 circa

2174 519 2311 585 τάξει
2357 517 2462 571 τινὶ
2516 515 2611 569 καὶ
2666 510 2770 583 ὁδῷ
2821 510 2929 563 τῶν
2976 507 3102 578 περὶ
3135 503 3294 557 αὑτὸν
3345 496 3748 607 θεωρουμένων

487 593 684 694 ipsum-
710 593 1145 686 considerantur,
1175 634 1295 684 usa,
1323 618 1391 672 ab
1421 617 1485 671 iis
1530 629 1649 685 quae
1680 613 1850 681 magis
1898 611 2054 666 obvia

2174 610 2523 683 (ρησάμενος,
2580 606 2689 660 ἀπὸ
2737 603 2845 657 τῶν
2892 594 3332 671 προσεχεστέρων
3377 593 3471 696 καὶ
3503 593 3751 696 πρώτωξ

486 686 613 767 sunt
633 721 688 766 et
714 712 908 781 prima,
938 709 1151 764 initium
1181 707 1352 763 duxit.
1390 705 1551 758 Vens.
1585 705 1637 757 1.
1672 704 1908 768 Domine,
1939 700 2055 771 quis

2174 705 2260 776 τὴν
2278 701 2453 774 ἀρχὴν
2487 698 2797 769 πεποίηται.
2830 695 3027 763 Κύριε,
3057 691 3149 757 τίς
3181 686 3533 781 παροικήσει
3559 686 3629 737 ἐν
3659 686 3751 781 τῷ

486 773 906 873 peregririabitur
953 800 1007 855 in
1041 798 1378 853 tabernaculo
1415 798 1547 851 tuo?
1580 793 1945 866 Peregrinatio
1974 795 2069 849 est'

2174 773 2506 865 σκηνώματι
2534 807 2692 855 σου;
2731 790 2797 843 Ἠ
2835 786 3097 858 παροικία
3134 784 3252 838 ἐστὶ
3287 773 3753 873 διαγωγὴ

484 895 842 950 commoratio
892 896 1237 964 temporaria,
1282 908 1401 961 quae
1445 893 1611 946 vitam
1657 905 1760 943 non
1787 887 2056 955 stabilem,

2174 904 2371 959 καιρός,
2398 887 2496 957 οὐχ
2525 882 2815 955 ἱδρυμένην
2845 880 3010 953 ζωὴν,
3033 878 3170 934 ἀλλά
3200 873 3518 946 παροδικὴν,
3547 871 3633 964 ἐπ’
3663 866 3751 919 ὲλ-
3823 954 3834 964 ⁸

486 984 581 1035 sed
615 981 978 1036 transitoriam
1004 962 1073 1035 ob
1102 997 1251 1050 spem
1279 982 1343 1034 ad
1380 980 1598 1035 meliora
1644 977 1938 1048 emigrandi
1975 977 2058 1030 in-

2174 980 2277 1034 πίδι
2305 980 2401 1050 τῆς
2427 978 2522 1031 ἐπὶ
2550 977 2618 1030 τὰ
2646 976 2931 1049 κρείττονα
2963 970 3362 1046 μεταστάσεως,
3404 962 3746 1032 ὑποφαίνου-

487 1069 645 1124 dicat.
700 1069 796 1127 Est
827 1081 1004 1127 autem
1058 1071 1161 1126 viri
1209 1073 1404 1136 sancti,
1434 1072 1573 1126 hanc
1626 1071 1842 1140 quidem
1891 1069 2058 1123 vitam

2174 1086 2255 1126 σα.
2293 1072 2475 1141 Ἀγίου
2521 1074 2578 1128 δὲ
2621 1067 2836 1141 ἀνδρὸς,
2870 1063 3190 1136 παροδεύειν
3218 1059 3317 1131 μὲν
3356 1055 3448 1110 τὸν
3478 1053 3591 1124 βίον
3615 1050 3745 1104 τοῦ·

489 1165 742 1229 transire,
799 1166 865 1220 ad
909 1164 1135 1220 alteram
1162 1181 1290 1221 vero
1320 1165 1597 1221 festinare.
1634 1163 1762 1219 Ideo
1797 1174 1848 1218 et
1897 1161 2061 1216 David

2174 1184 2276 1232 τον,
2310 1164 2621 1235 ἐπείγεσθαι
2648 1164 2705 1218 δὲ
2738 1160 2874 1234 πρὸς
2896 1157 3088 1229 ἑτέραν
3111 1154 3275 1223 ζωήν.
3302 1148 3391 1202 Διὸ
3414 1147 3506 1201 καὶ
3525 1148 3553 1199 6
3573 1142 3751 1235 Δαϐὶδ

486 1253 554 1308 de
582 1270 643 1312 se
665 1256 780 1326 ipso
818 1257 895 1312 ait
922 1276 936 1312 :
965 1257 1152 1312 lucola
1193 1274 1287 1328 ego
1320 1274 1435 1312 sum
1480 1257 1621 1327 apud
1648 1269 1717 1324 te,
1748 1265 1796 1309 et
1835 1255 2062 1324 peregri-

2174 1259 2295 1332 περὶ
2357 1232 2549 1311 ἑαυτοῦ
2619 1232 2803 1325 φησι)
2875 1247 3166 1317 Πάροικος
3228 1239 3341 1311 ἐγώ
3400 1240 3516 1307 εἰμι
3577 1232 3751 1332 παρὰ

489 1365 609 1412 rtus.
631 1350 767 1403 sicut
795 1365 968 1403 omnes
994 1361 1167 1418 patres
1187 1349 1362 1403 mei".
1394 1349 1569 1405 lncola
1597 1352 1739 1404 enim
1771 1346 1869 1402 fuit
1889 1345 2064 1401 Abra-

2174 1328 2266 1406 σοί
2300 1349 2391 1421 (92
2417 1349 2528 1416 93),
2565 1347 2664 1402 καὶ
2697 1340 3129 1432 παρεπίδημος.
3376 1333 3431 1385 ol
3483 1328 3748 1432 fatiges;

490 1442 636 1506 ham,
667 1444 758 1513 qui
812 1459 878 1497 ne
927 1417 1140 1511 passum
1174 1441 1388 1510 quidem
1433 1440 1583 1511 pedis
1641 1450 1797 1495 terra:
1833 1440 2065 1511 pr0priae

2174 1417 2603 1514 μουίΠόιροικος
2630 1439 2738 1508 γάρ
2775 1430 3043 1503 Ἀϐραὰμ,
3079 1426 3199 1481 οὐδὲ
3232 1424 3381 1495 βῆμα
3409 1420 3565 1482 ποδὸς
3602 1417 3748 1514 ἰδίας

490 1511 725 1601 possedit
747 1551 765 1596 ;
790 1536 882 1587 sed
935 1534 1023 1586 ubi
1050 1547 1185 1601 opus
1222 1533 1268 1587 ei
1324 1531 1573 1601 sepulcro
1602 1530 1722 1595 fuit,
1754 1531 1806 1586 id
1840 1540 2065 1602 argento

2174 1511 2272 1609 γῆς
2309 1511 2666 1606 κεκτημένος,
2710 1528 2824 1583 ἀλλ’
2853 1527 2941 1579 ὅτε
2964 1522 3139 1592 ταφῆς
3172 1514 3588 1611 αύτῷᾼὲδέησεν,
3635 1511 3748 1611 dp:

490 1636 759 1703 mercatus
778 1625 941 1679 fuisse
957 1620 1423 1695 perhibetur"°°°.
1441 1622 1685 1679 Ostendit
1702 1624 1909 1678 scilicet
1926 1621 2069 1678 Scri-

2174 1604 2361 1703 γυρίου
2390 1604 2732 1697 κτησάμενος
2769 1618 2973 1687 ταύτην
2999 1614 3245 1684 φαίνεται
3264 1627 3276 1639 ’
3312 1604 3613 1666 δεικνύντος
3629 1604 3749 1703 ’τοῦ

491 1725 643 1786 ptura
668 1755 684 1780 ,
721 1702 771 1770 in
808 1730 971 1771 carne
1008 1716 1318 1795 viventem,‘
1351 1714 1580 1770 incolam
1631 1730 1752 1771 esse
1796 1727 2065 1784 oportere,

2174 1690 2352 1791 λόγου,
2404 1690 2491 1773 ὅτι
2540 1690 2717 1781 ζιῖιντα
2756 1712 2852 1785 μὲν
2897 1712 2953 1764 ἐν
2996 1710 3062 1779 τῇ
3104 1702 3264 1795 σαρκὶ
3306 1700 3565 1795 πάροικον
3596 1690 3750 1795 εἶναι

492 1810 808 1873 migrantem
855 1819 984 1860 vero
1012 1819 1080 1860 ex
1134 1804 1238 1858 hac
1268 1786 1399 1867 vita,
1436 1803 1489 1857 in
1535 1803 1666 1858 locis
1708 1802 1941 1871 propriis
1979 1816 2067 1855 re-

2174 1786 2456 1890 προσήκει,
2515 1807 2907 1882 μεταϐαίνοντα
2949 1800 3006 1855 δὲ
3050 1797 3157 1853 ἀπὸ
3193 1792 3470 1890 τῆςζωῆξ
3510 1786 3749 1890 ταύτης,

489 1900 789 1966 quiescere.
821 1896 1113 1966 Propterea
1136 1896 1189 1950 in
1217 1896 1319 1950 hac
1341 1894 1446 1948 vita
1477 1894 1650 1948 incola
1679 1902 1898 1949 estcum
1929 1892 2063 1947 alie-

491 1989 698 2059 nigenis
730 2004 743 2041 :
785 1988 836 2041 in
868 1986 1142 2057 sepultura
1173 2000 1304 2040 vero
1329 1987 1602 2055 propriam
1639 1993 1837 2037 terram
1866 1997 2065 2052 corpus

490 2091 646 2130 suum
673 2084 1018 2143 excepturum
1058 2072 1162 2128 sibi
1196 2075 1309 2144 ipse
1352 2073 1704 2142 comparavit.
1735 2070 1903 2127 Porro
1938 2074 2066 2127 bea-

492 2176 603 2219 tum
659 2165 816 2234 plane
864 2162 1055 2227 fuerit,
1093 2164 1256 2219 rebus
1311 2164 1538 2219 terrenis
1586 2179 1695 2218 non
1738 2173 1795 2218 ut
1834 2162 2067 2233 propriis

491 2255 763 2310 addictum
795 2268 935 2322 esse,
970 2270 1142 2324 neque
1195 2256 1355 2310 rebus
1406 2255 1759 2324 prmsentibus
1813 2263 2066 2325 tanquam

494 2348 724 2403 naturali
750 2348 963 2404 cuidam
997 2349 1184 2419 patria:
1211 2349 1521 2403 adhmrere:
1548 2349 1641 2402 sed
1672 2364 1829 2404 nosse
1862 2347 2065 2418 lapsum

494 2449 547 2494 te
576 2455 696 2495 esse
733 2455 766 2495 ιι
812 2439 1154 2503 melioribus,
1188 2449 1347 2509 teque
1385 2456 1451 2496 ex
1496 2441 1658 2494 multa
1702 2442 1756 2495 in
1818 2441 1919 2496 hac
1967 2441 2067 2496 ista

491 2530 601 2584 vita
634 2529 944 2584 aillictatum
978 2531 1200 2600 perinde
1247 2533 1599 2602 peregrinari,
1637 2541 1795 2601 atque
1832 2533 2070 2603 peregri-

493 2632 693 2677 nantur
728 2621 824 2685 illi,
849 2623 941 2691 qui
973 2623 1043 2678 ob
1084 2622 1261 2692 aliqua
1291 2623 1483 2678 delicta
1525 2639 1555 2677 a
1584 2624 1853 2692 judicibus
1880 2639 1946 2679 ex
1976 2640 2071 2693 pa-

494 2716 597 2766 tria
628 2712 764 2781 pulsi
792 2723 921 2778 sunt
955 2711 1007 2766 in
1033 2714 1308 2769 exsilium.
1341 2714 1522 2770 Rarus
1558 2727 1735 2769 autem
1766 2716 1812 2771 is
1840 2724 1943 2780 est,
1977 2716 2066 2785 qui

493 2805 846 2872 praesentibus
873 2818 976 2858 non
1010 2813 1068 2859 ut
1108 2806 1341 2875 prapriis
1370 2808 1604 2873 studeat,
1639 2807 1729 2876 qui
1761 2807 2069 2861 divitiarum

495 2909 649 2949 usum
680 2895 818 2950 sciat
841 2898 907 2950 ad
960 2907 1172 2967 tempus
1219 2910 1338 2952 esse
1387 2913 1729 2963 concessum,
1752 2899 1842 2968 qui
1872 2899 2067 2955 bonam

493 2985 736 3054 corporis
783 2986 1153 3041 habitudinem
1196 2987 1490 3043 arbitretur
1528 2989 1677 3044 brevi
1707 3000 1946 3059 tempore
1969 2991 2070 3045 du-

496 3089 759 3146 raturam,
795 3080 887 3150 qui
932 3078 1185 3135 humana:
1231 3081 1415 3152 gloriae
1455 3081 1638 3138 ﬂorem
1676 3084 2067 3138 inconstantem

493 3186 613 3227 esse
650 3182 927 3242 agnoscat.
958 3173 1087 3239 Quis
1117 3175 1280 3244 igitur
1305 3178 1725 3248 pereqrinabitur
1744 3178 1797 3231 in
1827 3175 2072 3232 taberna-

493 3262 613 3316 culo
670 3273 757 3318 tuo
792 3263 818 3317 Ρ
853 3264 1277 3323 Tabernaculum
1314 3268 1409 3323 Dei
1461 3284 1589 3324 caro
1638 3269 1858 3332 dicitur,
1909 3284 2071 3338 quam

498 3358 616 3428 ipse
671 3357 867 3414 anima:
915 3359 1149 3416 hominis
1190 3360 1340 3416 dedit
1376 3360 1725 3417 habitationis
1762 3360 1899 3416 loco.
1943 3360 2075 3428 Quis

497 3448 624 3502 huic
661 3449 811 3503 carni
857 3459 915 3504 ut
942 3449 1132 3506 alienae
1164 3451 1450 3507 attendet?
1479 3451 1938 3520 Quemadmodum
1993 3452 2076 3506 in-

496 3542 629 3596 colae
659 3542 831 3597 aliena
865 3553 1008 3598 terra
1044 3544 1332 3610 conducta,
1355 3543 1538 3598 colunt
1564 3559 1750 3613 agrum
1779 3545 1846 3598 ad
1873 3544 2076 3600 locato-

498 3634 575 3689 ris
608 3635 934 3690 voluntatem
971 3653 986 3689 :
1017 3634 1090 3689 ita
1144 3643 1202 3690 et
1244 3635 1399 3691 nobis
1451 3648 1519 3689 ex
1569 3636 1877 3706 syngrapha
1922 3649 2073 3689 com—

500 3727 665 3781 missa
704 3735 791 3781 est
819 3726 1003 3782 carnis
1044 3740 1210 3793 cura;
1233 3736 1292 3781 ut
1319 3741 1438 3781 eam
1461 3726 1715 3781 decenter
1745 3724 2073 3793 exeoientes,

497 3815 740 3885 largitori
768 3814 1085 3886 frugiferam
1125 3816 1433 3872 reddamus.
1488 3815 1640 3882 Quod
1674 3816 1719 3871 si
1770 3815 1880 3871 Deo
1914 3815 2074 3886 digna

498 3917 584 3962 est
612 3921 760 3972 caro,
795 3922 983 3961 revera
1020 3907 1110 3962 Dei
1148 3909 1550 3963 tabernaculum
1577 3907 1803 3963 eiiicitur
1822 3945 1837 3971 ,
1863 3908 1929 3962 ad
1954 3920 2076 3962 eum

501 3997 745 4063 modum,
794 4012 901 4067 quo
958 3998 1171 4053 habitat
1215 4000 1270 4052 in
1316 4000 1537 4054 sanctis.
1568 3996 1685 4053 Jam
1721 4013 1851 4054 vero
1887 3996 2079 4053 incolae

499 4104 628 4144 caro
671 4099 756 4145 est
795 4090 1078 4160 ejusmodi.
1106 4089 1311 4146 Idcirco
1345 4091 1419 4145 ait
1450 4105 1464 4143 :
1498 4090 1735 4157 Domine,
1762 4091 1880 4162 quis
1929 4106 2077 4160 pere-

499 4180 796 4250 grinabitur
815 4180 869 4234 in
901 4180 1239 4234 tabernaculo
1268 4191 1358 4234 tuo
1386 4182 1410 4235 Ρ
1434 4182 1635 4236 Deinde
1660 4181 1933 4250 profectus
1958 4183 2080 4251 qui-

502 4272 623 4326 dam
651 4279 705 4325 et
732 4272 1037 4342 progressio
1065 4272 1135 4327 ad
1162 4274 1414 4341 quiddam
1438 4273 1729 4343 perfectius
1746 4274 1837 4330 sit.
1866 4274 1932 4328 Et
1960 4276 2079 4344 quis

503 4363 786 4433 requiescet
813 4363 867 4417 in
896 4373 1070 4419 monte
1099 4375 1280 4419 sancto
1309 4375 1398 4419 tuo
1421 4365 1447 4419 .9
1474 4362 1689 4420 Judaeus
1719 4366 1937 4435 quidem
1973 4374 2079 4421 ter-

2162 1877 2275 1970 τόῖς
2294 1877 2724 1967 οίκείοιςῂτόποις
2745 1890 3200 1950 ὲναναπαύεσθαι.
3242 1884 3341 1938 Διά
3365 1881 3523 1936 τοῦτο
3552 1881 3611 1932 ὲν

2164 2001 2229 2069 τῇ
2257 1968 2382 2068 ⁷ζωῇ
2423 1994 2595 2067 ταύτῃ
2631 1990 2740 2063 (94)
2775 1985 3031 2059 παροικεῖ
3065 1982 3177 2044 τοῖς
3204 1974 3541 2069 ἀλλοφύλοις,
3587 1974 3650 2069 ὲν
3684 1968 3750 2021 δὲ

2253 2061 2398 2159 ταφπῇ
2431 2061 2837 2151 οἰκείαν-ἑαυτῷ
2867 2080 2964 2148 τὴν
2987 2072 3281 2166 δεξομένην
3310 2065 3473 2166 αὐτοῦ
3494 2064 3555 2117 τὸ
3580 2061 3751 2166 cubita

2166 2151 2268 2251 γῆν
2309 2151 2822 2248 ἐπραγματεύσατο.
2864 2167 3149 2237 Μακάρων
3182 2162 3237 2215 δὲ
3276 2159 3354 2230 τῷ
3384 2157 3519 2251 ὄντι,
3560 2151 3638 2251 μὴ
3666 2151 3753 2213 ὡς

2167 2244 2397 2334 οἰκείοις.
2430 2244 2859 2340 προστετηκέναι
2897 2262 3011 2322 τοῖς
3055 2258 3113 2309 ἐν
3150 2256 3218 2324 τῇ
3247 2254 3341 2323 γῇ.
3383 2244 3751 2340 “sese?

2168 2362 2426 2435 πατρίδος
2450 2334 2594 2424 τινὸς
2616 2334 2849 2429 φυσικῆς
2880 2345 3190 2420 ἀντέχεσθαι
3223 2344 3329 2398 τῶν
3354 2338 3604 2401 ἐνταῦθα,
3628 2334 3749 2435 ἀλλ’

2168 2427 2368 2508 εἰδέναι
2397 2452 2496 2523 τὴν
2531 2427 2641 2522 (95)
2671 2447 2781 2504 ἀπὸ
2810 2445 2917 2499 τῶν
2958 2438 3240 2513 βελτιόνων
3278 2434 3615 2493 ἀπόπτωσιν,
3648 2427 3754 2523 καὶ

2167 2544 2266 2617 τὴν
2296 2545 2359 2597 ὲκ
2386 2520 2683 2612 καταδίκης
2709 2537 2894 2593 ἐνθάδε
2914 2533 3188 2603 διαγωγὴν
3228 2527 3613 2617 βαρυνόμενον,
3647 2520 3750 2573 οὖ-

2167 2614 2248 2691 τω
2280 2638 2586 2708 παροικεῖν,
2639 2633 2715 2695 ὡς
2766 2632 2816 2685 oi
2863 2628 2968 2682 ὑπὸ
3017 2624 3285 2680 δικαστῶν
3317 2634 3477 2673 τινων
3521 2614 3752 2668 ὲπίτισι

2171 2707 2466 2800 πλημμελή
2477 2742 2640 2798 μασιν
2672 2726 2753 2788 είς
2771 2723 2870 2794 τὴν
2897 2718 3191 2790 ὑπερορίαν
3216 2717 3278 2768 ὲκ
3302 2713 3401 2783 τῆς
3418 2707 3751 2800 ὲνεγκούςης

2170 2798 2553 2883 ἀπελαθέντες.
2587 2818 2822 2879 Σπάνιος
2861 2813 2920 2867 δὲ
2953 2815 2981 2865 ὁ
3020 2809 3279 2873 τοιοῦτος,
3318 2806 3348 2859 6
3383 2802 3457 2875 μὴ
3487 2801 3562 2864 ὡς
3595 2798 3753 2859 ἰδίοις

2172 2910 2453 2984 προσέχων
2484 2911 2598 2973 τοῖς
2630 2904 2894 2978 παροῦσιν
2914 2922 2927 2934 ·
2963 2905 2992 2957 6
3023 2902 3115 2956 τοῦ
3152 2899 3381 2953 πλούτου
3422 2894 3516 2966 τὴν
3548 2891 3754 2984 χρῆσιν

2173 2982 2506 3070 πρόσκαιρον
2537 2995 2895 3065 ἐπιστάμενος
2913 3010 2926 3023 ·
2956 2994 2984 3045 ὁ
3006 2990 3097 3045 τοῦ
3134 2989 3383 3059 σώματος
3412 2984 3508 3055 τὴν
3529 2982 3750 3047 εὐεξίαν

2172 3088 2530 3161 ὀλιγοχρόνιον
2562 3086 2730 3150 τιθείς
2754 3103 2767 3117 ο
2800 3088 2828 3139 6
2856 3083 3136 3155 γνωρίζων
3169 3081 3268 3152 τῆς
3298 3076 3641 3150 ἀνθρωπίνης
3661 3073 3754 3127 δό-

2175 3182 2271 3254 ξης
2301 3181 2411 3253 (96)
2435 3181 2497 3235 τὸ
2529 3179 2690 3244 ἄνθος
2726 3178 2999 3232 ἀϐέϐαιον.
3051 3176 3146 3241 Τίς
3166 3170 3279 3228 οὖν
3297 3168 3649 3241 παροικήσει
3678 3166 3756 3219 ἐν

2174 3273 2254 3339 τῷ
2281 3273 2626 3343 σκηνώματι
2652 3287 2768 3325 σου
2797 3288 2817 3335 ;
2846 3269 3116 3341 Σκήνωμα
3144 3266 3236 3320 τοῦ
3265 3264 3401 3319 Θεοῦ
3427 3266 3461 3336 ἡ
3493 3262 3622 3334 παρ’
3653 3262 3755 3314 αῦ-

2172 3364 2269 3417 τοῦ
2298 3364 2554 3435 δεδομένη
2598 3362 2735 3434 σὰρξ
2771 3365 2838 3433 τῇ
2878 3360 2970 3415 τοῦ
3000 3357 3285 3431 ἀνθρώπου
3325 3355 3469 3428 ψυχῇ
3503 3356 3582 3418 είς
3611 3352 3754 3406 ἐνοί-

2175 3471 2334 3527 κησιν
2363 3453 2702 3525 ὀνομάζεται.
2750 3452 2847 3516 Τίς
2883 3452 2958 3515 ὡς
2990 3449 3244 3521 ἀλλοτρίᾳ
3288 3451 3356 3520 τῇ
3385 3446 3547 3519 σαρκὶ
3576 3446 3756 3516 ταύτῃ

2177 3546 2464 3619 προσέξει;
2503 3547 2714 3616 Ὥσπερ
2750 3547 2798 3598 οἱ
2838 3544 3110 3616 πάροικοι,
3139 3541 3422 3613 ἀλλοτρίαν
3459 3537 3751 3610 ὲκμισθού-

2179 3652 2328 3706 μενοι
2372 3634 2481 3706 (97)
2531 3635 2655 3707 γῆν,
2691 3634 2827 3705 πρὸς
2866 3634 2927 3686 τὸ
2962 3631 3208 3704 βούλημα
3251 3629 3347 3683 τοῦ
3398 3629 3755 3691 ἐκδεδωκότος

2175 3727 2484 3799 γεωργοῦσι
2511 3727 2609 3799 τὴν
2644 3725 2827 3799 χώραν
2849 3743 2860 3758 ·
2898 3726 3039 3780 οὕτω
3064 3727 3155 3779 καὶ
3188 3726 3319 3796 ἡμῖν
3349 3723 3491 3778 κατά
3516 3738 3759 3792 συγγρα-

2178 3819 2282 3889 φὴν
2303 3822 2336 3890 ἡ
2369 3821 2468 3891 τῆς
2490 3820 2693 3892 σαρκὸς
2720 3818 3007 3890 ἐπιμέλεια
3028 3816 3406 3889 παραδέδοται,
3433 3814 3571 3868 ὥστε
3593 3830 3760 3884 προσ-

2177 3912 2417 3983 ηκόντως
2450 3912 2620 3984 αὐτὴν
2665 3912 3149 3982 φιλοπονήσαντας,
3203 3908 3479 3979 ἔγκαρπον
3523 3906 3758 3959 ἀποδοῦο

2178 4020 2265 4056 ναι
2287 4002 2364 4073 τῷ
2388 4002 2659 4056 δεδωκότι.
2703 4002 2825 4056 Ἐὰν
2845 4002 2901 4056 δὲ
2984 4001 3117 4054 Θεοῦ
3149 3996 3275 4065 ἀξία
3304 4000 3338 4069 ἡ
3365 3997 3520 4069 σὰρξ,
3546 3997 3759 4066 γίνεται

2176 4094 2254 4165 τῷ
2279 4096 2393 4149 ὄντι
2416 4096 2551 4149 Θεοῦ
2588 4098 2852 4168 σκήνωμα
2883 4094 3022 4148 κατὰ
3040 4093 3138 4165 τὴν
3164 4092 3434 4161 ἐνοίκησιν
3461 4089 3624 4145 αὑτοῦ
3655 4088 3758 4160 τὴν

2179 4187 2259 4250 είς
2287 4187 2413 4249 τοὺς
2453 4186 2661 4255 ἁγίους.
2696 4185 2932 4257 Τοιαύτη
2965 4185 3023 4238 δέ
3051 4186 3199 4238 ἐστιν
3241 4185 3276 4255 ἡ
3306 4182 3400 4236 τοῦ
3432 4180 3749 4251 παροικοῦν-

2178 4295 2288 4342 τος.
2315 4279 2414 4332 Διά
2448 4279 2624 4340 τοῦτο.
2662 4280 2862 4348 Κύριε,
2895 4279 2988 4344 τίς
3016 4276 3371 4346 παροικήσει
3397 4276 3467 4328 ἐν
3490 4272 3569 4339 τῷ
3601 4289 3755 4338 σκη-

2179 4367 2403 4440 νώματι
2426 4384 2580 4435 σου;
2612 4366 2746 4424 Εἶτα
2768 4371 3017 4442 προκοπὴ
3044 4370 3137 4423 καὶ
3160 4368 3382 4439 πρόοδος
3401 4371 3433 4437 ἡ
3465 4366 3557 4419 ἐπὶ
3578 4364 3639 4418 τὸ
3661 4381 3756 4418 τε·-

502 4463 674 4508 rester
706 4468 827 4508 cum
851 4466 1086 4509 montem
1118 4455 1286 4521 audit,
1313 4455 1380 4511 ad
1401 4455 1529 4512 Sion
1562 4457 1811 4511 recurrit.
1839 4456 1968 4522 Quis
1994 4472 2076 4511 re-

2179 4457 2471 4529 λειότερον.
2519 4460 2629 4512 Καὶ
2684 4458 2776 4525 τίς
2818 4455 3271 4525 κατασκηνώσει
3321 4456 3393 4509 ἐν
3436 4455 3555 4523 ὄρει
3609 4453 3757 4523 ἁτίφ

501 4545 723 4614 quiescet
742 4545 799 4598 in
832 4556 1006 4601 monte
1036 4556 1217 4600 sancto
1241 4556 1331 4600 tuo
1358 4548 1384 4601 γ
1412 4547 1511 4614 Qui
1547 4547 1599 4602 in
1630 4563 1792 4604 carne
1820 4557 2076 4618 tanquam

501 4634 819 4705 peregrinus
838 4636 1126 4701 habitavit,
1143 4636 1196 4690 in
1220 4646 1403 4693 monte
1423 4646 1613 4693 sancto
1636 4647 1727 4693 tuo
1748 4640 2073 4710 requiescet.

2181 4565 2335 4613 σου;
2377 4550 2628 4614 Ἰουδαῖος
2660 4549 2758 4620 μὲν
2794 4551 2823 4603 6
2852 4550 3057 4620 γήϊνος,
3091 4549 3218 4601 ὅταν
3239 4546 3364 4618 ὅρος
3389 4545 3497 4617 (98)
3523 4544 3753 4615 ἀκούσῃ,

2182 4639 2321 4710 πρὸς
2355 4638 2455 4711 τὴν
2500 4638 2638 4692 Σιὼν
2690 4637 3000 4711 ἀποτρέχει.
3051 4638 3148 4703 Τις
3188 4634 3641 4703 κατασκηνώσει
3687 4634 3758 4687 ἐν

573 4792 617 4823 ⁷⁸
636 4791 1132 4857 Psal.xxxvm,i3.
1206 4794 1326 4836 "-°°
1370 4793 1501 4850 Gen.
1530 4794 1809 4860 xxm,l6;
1842 4770 2183 4859 Act.vn,tii.
2224 4862 2231 4870 _

508 4960 652 5021 tur;_
682 4961 780 5021 nec
820 4950 977 5021 aliter
1014 4961 1291 5021 exponunt
1328 4951 1514 5006 Patres
1542 4952 1736 5008 Graeci.
1769 4950 1911 5005 lul‘ra
1947 4967 2079 5007 mss.

505 5023 611 5074 duo
632 5018 779 5088 ὁσίου
808 5035 908 5088 pro
937 5018 1113 5088 ἀγίουζ

578 5086 787 5164 girl-95)
806 5086 1120 5164 lllud,»rrapdt
1142 5092 1244 5164 σοί,
1263 5091 1411 5145 deest
1428 5092 1480 5164 in
1499 5089 1765 5164 aliquibus
1774 5091 2082 5164 msssApud

506 5157 650 5233 LXX
705 5157 870 5233 paulo
896 5157 1105 5233 aliter,
1136 5163 1398 5233 πάροικος
1437 5159 1553 5233 εγῲ
1590 5157 1744 5233 εἰμι-
1770 5162 1933 5233 ὲνᾼτῇ
1979 5157 2074 5231 γῇ,

507 5228 622 5302 καί,
641 5237 749 5282 etc.
779 5229 1019 5302 $ubiude
1045 5226 1404 5286 editio'Paris.
1436 5226 1683 5302 Ἀϐραὰμ
1715 5226 1807 5302 ἦν.
1836 5226 1942 5302 Sel]
1973 5226 2077 5302 vox

508 5294 577 5369 ἦν
600 5297 847 5370 nequein
874 5314 1006 5370 mss.
1042 5301 1327 5370 reperitur,
1358 5294 1545 5369 neque'
1564 5302 1615 5354 in
1644 5294 1879 5355 ediiioue
1914 5299 2075 5355 Basil.

582 5367 691 5450 (94)
747 5368 862 5422 Vox
909 5367 1116 5450 ταύτῃ’
1144 5372 1296 5450 d_ee_st
1347 5371 1399 5450 ξι]
1443 5367 1709 5450 plurimis
1766 5386 1896 5426 mss.
1925 5370 2071 5450 _M_ox

509 5438 905 5512 quinque_mss_.
941 5438 1139 5512 habent
1167 5438 1487 5512 δεξαμένην.
1518 5440 1621 5512 Alii
1663 5438 2073 5512 qualum-76550-

512 5508 703 5579 μένην.
736 5508 922 5579 Lectio
944 5511 1092 5579 prior
1115 5508 1535 5567 favere'videtur
1563 5510 1652 5576 iis,
1680 5511 1770 5576 qui
1792 5510 1843 5565 id
1868 5510 2069 5579 dictum

510 5586 703 5699 ﬂutant
744 5582 811 5634 de
855 5578 1203 5637 Abrahamo:
1251 5582 1515 5651 posterior
1548 5581 1637 5644 iis,
1666 5580 1756 5648 qui
1779 5578 2074 5649 quemlibet

550 5648 782 5699 ominem
803 5648 886 5699 uie
911 5660 964 5699 et
986 5653 1231 5699 religioso.
1251 5654 1518 5699 viventem
1549 5651 1650 5699 hoc
1667 5648 1785 5699 loco
1802 5649 2072 5699 desimiari

513 5648 782 5773 gamma:
803 5648 886 5717 pie
911 5660 964 5705 et
986 5653 1231 5721 religiose
1251 5648 1518 5708 viventem
1548 5651 1650 5708 hoc
1667 5648 1785 5707 loco
1800 5648 2072 5720 designari

616 5733 630 5771 ι
661 5732 753 5773 ran
784 5733 866 5772 ur.

616 5732 866 5773 lll‘allllﬂ'.

2260 4950 2372 5017 (95)
2405 4950 2557 5021 Regii
2585 4949 2776 5006 tertius
2813 4957 2868 5003 et
2907 4960 3093 5004 sextus
3121 4948 3318 5003 εἰδέναι
3354 4949 3531 5004 πάντα
3568 4949 3756 5004 πιστὸν

2186 5021 2552 5161 τήῖθόῖἓὲίὺ.
2573 5090 2819 5161 ξηιιειυιιιε
2853 5086 3069 5161 φύσεως
3098 5104 3196 5161 pro
3218 5088 3400 5161 δόξης.
3442 5087 3557 5143 Non
3590 5088 3757 5142 multo

2187 5157 2308 5230 post
2327 5157 2459 5282 Rea.
2489 5169 2546 5213 et
2562 5158 2716 5213 Colb.
2748 5167 2975 5223 quartus
2998 5160 3082 5221 τίς
3113 5157 3170 5212 δὲ
3200 5158 3296 5221 ὡς.
3339 5157 3348 5161 ⁷

2259 5230 2369 5282 (97)
2456 5245 2539 5282 ea.
2564 5227 2831 5282 secundus
2858 5236 2912 5279 et
2936 5228 3090 5282 Colb.
3122 5238 3308 5282 sextus
3331 5228 3641 5282 ἐκμισθωσὰ

2259 5230 2369 5308 (θῖ)
2390 5227 2539 5308 _l_{cg.
2559 5227 2831 5308 secundus
2858 5236 2912 5308 et
2936 5228 3090 5308 Cplb.
3122 5238 3308 5284 sextus
3331 5228 3756 5308 εκμισθωσάμε-

2188 5297 2289 5353 νοιζ
2331 5297 2528 5371 Ibidem
2559 5297 2753 5371 legitur
2779 5297 2831 5371 in
2871 5297 3079 5371 duobus
3108 5297 3752 5371 mss._<pt)toirovﬁoav1:;.

2179 5372 2281 5443 Alii
2318 5384 2450 5423 mss.
2488 5363 2688 5422 habent
2716 5363 3205 5443 φιλοπονήσαντας.
3228 5363 3340 5424 Hoc
3381 5372 3495 5438 ipso
3521 5363 3588 5423 'in
3639 5369 3755 5443 loco

2179 5440 2417 5517 quiqqu
2434 5453 2560 5493 mss.
2594 5436 3088 5509 napaBoDvahAlii
3120 5450 3231 5496 tres
3270 5436 3414 5494 mss.
3441 5454 3563 5494 cum
3591 5438 3754 5493 editis

2178 5508 2489 5562 ἀποδοῦναι.
2683 5508 2689 5509 “

2178 5648 2192 5655 _
2249 5578 2362 5649 (98)
2388 5577 2538 5655 Multi
2568 5592 2700 5634 mss.
2728 5589 2783 5655 et
2810 5579 2939 5655 editi
2962 5576 3111 5655 690;:
3137 5578 3244 5655 Alii
3266 5579 3593 5655 tresépouc.
3618 5575 3755 5655 Ppu-

2178 5648 2229 5702 lo
2259 5645 2400 5715 ‘po'st
2443 5648 2549 5706 duo
2580 5665 2709 5709 mss.
2761 5652 2790 5704 6
2816 5649 2873 5703 δὲ
2926 5645 3013 5717 τῇζ
3076 5650 3315 5707 Subinde
3352 5645 3472 5722 duo
3522 5645 3755 5711 mssftbc

2179 5716 2452 5787 ἀλλοτρίᾳ.
