4048 6220
337 317 457 374 255

1500 318 1787 374 HOMILIA
1822 319 1838 372 l
1879 318 1942 372 IN
1982 287 2312 374 PSALMUM
2345 321 2485 375 xw.

3509 329 3614 386 9.56

334 434 428 500 τῷ
462 436 581 503 ὄρει
619 435 698 499 τῷ
726 434 871 504 ᾀγίῳ
891 450 1044 498 σου;
1091 436 1148 489 '0
1187 440 1252 508 τῇ
1298 440 1464 508 σαρκὶ
1506 439 1847 508 παροικήσας
1880 440 1903 489 ὲ

2009 492 2011 500 ,
2043 437 2193 492 Mons
2228 437 2317 491 ille
2368 439 2542 491 locum
2584 439 2888 504 cmlestem,
2925 438 3257 508 splendidum
3309 451 3360 496 et
3399 445 3614 512 conspi-

335 524 424 595 τῷ
482 526 620 594 ἁγίῳ
673 525 789 594 ὅρει
855 526 1289 598 κατασκηνώσει.
1343 530 1508 599 Ὄρος
1575 530 1772 590 ἐκεῖνο,
1830 529 1930 598 τὴν

335 615 736 688 ὑπερθυράνιον
783 615 986 686 χώραν,
1032 617 1132 687 τὴν
1179 619 1452 688 περιφανῆ
1500 619 1594 672 καὶ
1625 619 1883 690 λαμπράν
1909 635 1921 648 ⁶

334 708 476 777 περὶ
523 701 584 761 οὗ
633 707 662 758 6
717 707 1038 770 Ἀπόστολος
1089 707 1258 776 λέγει,
1301 709 1383 761 ὃτι
1428 710 1927 776 Προσεληλύθατε

2037 543 2194 581 cmun
2233 528 2521 597 signiﬁcat,
2554 528 2619 581 dc
2671 544 2776 598 quo
2824 529 3114 598 Apostolus
3157 532 3232 585 ait
3264 549 3276 584 :
3310 533 3613 589 Accessistis

2037 620 2106 672 ad
2140 619 2272 673 Sion
2329 630 2576 686 montem,
2603 630 2652 673 et
2703 622 2963 675 civitatem
2991 622 3088 676 Dei
3119 624 3332 677 viventis
3354 666 3365 685 ,
3402 624 3614 678 Jerusa-

2034 710 2134 763 lem
2173 711 2446 775 caelestem,
2486 713 2537 764 in
2583 728 2685 780 qua
2727 722 2813 766 est
2851 713 3137 769 celebritas
3185 717 3529 784 angelorum,
3558 726 3611 770 et

331 799 498 852 Σιὼν
524 799 664 866 ὄρει,
715 800 814 852 καὶ
854 801 1029 852 πόλει
1070 799 1218 853 Θεοῦ
1259 799 1494 866 ζῶντος,
1539 800 1903 869 Ἰερουσαλὴι

2036 801 2272 856 Ecclesia
2291 804 2698 871 primitivorum,
2727 804 2816 874 qui
2843 807 3126 875 conscripti
3156 819 3274 861 sunt
3307 810 3360 861 in
3387 809 3608 866 cretis“.

331 893 704 961 éztovpart'q),
763 893 821 944 ἐν
1003 894 1313 964 πανήγυρις
1373 892 1650 960 ἀγγέλων,
1715 893 1810 945 καὶ
1883 893 2174 965 Ἐκκλησία
2248 897 2634 964 πρωτοτόκων
2691 897 3232 968 ἀπογεγραμμένων
3289 901 3360 953 ἐν
3429 902 3606 968 οὐρα-

323 1004 490 1051 ννοις.

406 1079 463 1134 2.
528 1078 696 1131 Ἐπάν
761 1074 853 1130 οὖν
904 1096 984 1141 τις
1049 1077 1292 1148 παρέλθῃ
1347 1077 1444 1148 τὴν
1495 1078 1672 1149 σάρκα
1719 1078 1924 1148 ταύτην

327 1172 710 1244 ἀπροσπαθῶς
747 1172 821 1235 ὡς
854 1171 1139 1242 ἀλλοτρίαν
1183 1170 1484 1240 παροικῶν,
1535 1175 1631 1225 καὶ
1673 1170 1781 1241 (99)
1823 1172 1922 1242 οὐχ

325 1265 412 1329 ὡς
449 1266 582 1328 ἰδίας
614 1263 999 1335 ἐξηρτημένος,
1032 1258 1204 1329 οὗτος,
1239 1264 1326 1318 διὰ
1358 1264 1419 1317 τὸ
1455 1263 1728 1334 νεκρῶσαι
1752 1263 1919 1317 αὐτοῦ

326 1354 404 1406 τὰ
433 1353 571 1424 μέλη
606 1352 674 1405 τὰ
699 1355 791 1406 ἐπὶ
819 1354 920 1422 τῆς
955 1354 1077 1424 γῆς,
1105 1355 1194 1406 τὸν
1229 1355 1501 1423 ὰγιασμὸν
1543 1354 1916 1426 κατορθώσας,

327 1445 486 1509 ἄξιός
523 1447 637 1498 ἐστι
667 1445 768 1512 τῆς
799 1447 856 1498 ἐν
890 1445 966 1515 τῷ
994 1446 1132 1516 ἁγίῳ
1161 1445 1275 1516 ὄρει
1301 1444 1799 1516 κατασκηνώσεωςο
1851 1441 1918 1517 ἧς

328 1536 622 1607 ἐπιθυμῶν
650 1537 678 1588 6
725 1536 1026 1608 Ψαλμῳδὸς
1069 1537 1273 1606 ἔλεγεν,
1313 1537 1394 1590 ὅτι
1433 1539 1824 1606 Διελεύσομαι
1849 1539 1919 1591 ἐν

327 1627 497 1691 τόπῳ
528 1627 766 1698 σκηνῆς
809 1625 1188 1695 θαυμαστῆς·
1240 1627 1334 1679 καὶ
1364 1627 1445 1692 τὸ,
1508 1627 1602 1692 Ὦς
1642 1628 1918 1696 ἀγαπητὰ

328 1719 406 1772 τὰ
445 1719 807 1788 σκηνώματά
837 1735 973 1782 σου,
1010 1719 1187 1786 Κύριε
1231 1717 1350 1770 τῶν⁴
1389 1718 1722 1787 δυνάμεων.
1773 1721 1918 1772 Ἐκεῖ

2095 1074 2148 1128 2.
2183 1073 2472 1143 Postquam
2507 1076 2671 1146 igitur
2703 1077 2973 1146 quispiam
3028 1080 3129 1134 hac
3164 1095 3327 1134 carne
3367 1085 3517 1149 quasi
3551 1086 3604 1140 in

2023 1173 2338 1220 transcursu
2383 1167 2516 1220 citra
2543 1166 2795 1222 all‘ectum
2826 1183 2955 1222 usus
2991 1181 3092 1232 est,
3132 1186 3250 1224 eam
3283 1184 3341 1224 ut
3376 1174 3605 1230 alienam

2022 1253 2284 1318 incolens,
2325 1269 2425 1310 nec
2473 1256 2523 1310 ei
2561 1267 2618 1310 ut
2661 1258 2892 1328 prepria:
2935 1260 3184 1325 deditus,
3230 1263 3276 1316 is
3321 1276 3604 1333 propterea

2023 1344 2167 1412 quod
2197 1360 2294 1398 sua
2324 1347 2588 1411 membra,
2623 1362 2741 1416 qua:
2769 1359 2895 1404 sunt
2921 1365 3082 1426 super
3109 1362 3338 1417 terram,
3380 1357 3607 1411 mortill-

2024 1435 2248 1502 cavit“,
2280 1438 2629 1508 exercuitque
2657 1440 3094 1505 sanctimoniam,
3113 1443 3308 1514 dignus
3333 1456 3415 1500 est
3436 1450 3524 1516 qui
3551 1449 3603 1502 in

2024 1534 2204 1579 monte
2234 1538 2423 1581 sancto
2454 1529 2777 1596 requiescat,
2798 1529 2947 1598 cujus
2975 1533 3175 1601 requiei
3208 1536 3432 1604 cupidus
3454 1537 3606 1591 Psal—

2023 1617 2182 1670 mista
2213 1617 2460 1672 dicebat:
2497 1618 2752 1674 Transibo
2787 1622 2840 1675 in
2879 1623 3049 1676 locum
3077 1625 3402 1679 tabernaculi
3435 1629 3604 1681 admi-

2026 1708 2205 1762 rabilis
2223 1710 2302 1774 88;
2329 1720 2414 1764 et:
2444 1711 2612 1775 Quam
2645 1713 2835 1767 dilecta
2869 1717 3205 1770 tabernacula
3239 1729 3350 1784 tua,
3387 1719 3605 1776 Domine

323 1813 484 1882 ἡμᾶς
513 1811 606 1864 καὶ
634 1813 666 1881 ἠ
698 1811 833 1880 πρὸς
874 1812 998 1873 τοὺς
1037 1810 1261 1882 πλησίον
1291 1809 1366 1881 τῷ
1392 1811 1533 1882 λόγῳ
1567 1811 1783 1882 ἐκείνης
1815 1813 1903 1884 τῆς

2016 1802 2261 1854 virtutum
2287 1801 2361 1854 8‘*!
2385 1802 2494 1858 lllic
2543 1806 2696 1860 nobis
2718 1816 2772 1859 et
2807 1808 3036 1876 proximi
3073 1825 3263 1876 amor,
3300 1813 3388 1880 qui
3439 1827 3600 1867 causa

325 1907 388 1957 ἐν
413 1903 494 1975 τῷ
522 1905 637 1971 ὄρει
669 1901 1160 1973 κατασκηνώσεως,
1204 1902 1299 1955 καὶ
1340 1903 1373 1973 ἡ
1402 1904 1465 1954 ἐκ
1492 1901 1586 1954 τοῦ
1631 1904 1914 1972 μαμμωνᾶ

322 1997 434 2066 τῆς
472 1995 686 2060 ἀδικίας
726 1996 982 2066 γινομένη
1019 1994 1170 2063 φιλία
1213 1993 1288 2065 (1)
1335 1996 1686 2064 κατασκηνοῖ.
1737 1993 1914 2059 Ποιή-

330 2105 490 2142 σατε
523 2089 632 2159 γὰρ
666 2087 900 2152 ἑαυτοῖς
932 2087 1151 2156 φίλους
1195 2087 1263 2140 ἐκ
1307 2087 1414 2140 τοῦ
1463 2084 1755 2155 μαμμωνᾶ
1801 2085 1913 2153 τῆς

328 2182 596 2248 ἀδικίας,
645 2183 764 2244 ἵνα,
830 2181 974 2234 ὅταν
1030 2180 1347 2247 ἐκλίπητε,
1406 2177 1692 2241 δέξωνται
1756 2176 1912 2246 ὑμᾶς

322 2277 417 2341 εὶς
467 2274 573 2341 τὰς
627 2273 902 2338 αἰωνίους
940 2271 1195 2339 σκηνάς.
1237 2271 1372 2341 Περὶ
1404 2269 1617 2338 ἐκείνης
1659 2269 1756 2340 τῆς
1798 2270 1912 2323 δια-

322 2367 522 2437 γωγῆς
553 2368 581 2419 6
613 2364 816 2435 Κύριος
850 2367 908 2418 ἐν
949 2365 1111 2434 εὐχῆς
1143 2363 1271 2416 εἴδει
1315 2362 1468 2430 ἔλεγε
1508 2361 1568 2414 τὸ
1602 2361 1700 2431 (‘2),
1730 2361 1910 2432 Πάτερ

323 2462 477 2530 ἆγιε,
510 2459 599 2522 δὸς
635 2459 740 2521 ἵνα,
775 2457 908 2510 ὅπου
939 2454 1046 2524 ἐγώ
1066 2457 1200 2525 εἰμι,
1230 2455 1324 2506 καὶ
1353 2453 1506 2507 αὐτοὶ
1529 2447 1650 2505 ὦσι.
1679 2452 1910 2515 Σπάνιος

321 2555 424 2608 καί
467 2553 497 2604 6
523 2549 798 2623 παροικῶν
826 2550 884 2601 ἐν
907 2547 986 2618 τῷ
1011 2546 1244 2618 σώματι,
1287 2546 1383 2600 καὶ
1410 2549 1438 2600 6
1465 2545 1822 2615 κατασκηνῶν
1851 2546 1909 2597 ἐν

320 2645 404 2715 τῷ
440 2645 575 2714 ὄρει.
629 2642 727 2694 Διά
769 2639 926 2693 τοῦτο
971 2639 1046 2701 ὡς
1087 2637 1307 2710 ἀπορῶν
1347 2638 1375 2690 ὁ
1404 2637 1560 2713 λόγος
1602 2637 1773 2706 φησί·
1815 2639 1910 2703 Τίς

323 2734 719 2804 παροικήσει;
768 2733 882 2795 καὶ,
937 2731 1030 2794 Τίς
1050 2727 1544 2796 κατασκηνώσει;
1575 2728 1648 2790 ὡς
1699 2727 1779 2792 τὸ,
1814 2728 1909 2794 Τίς

323 2831 481 2897 ἔγνω
508 2825 658 2879 γοῦν
692 2822 950 2890 Κυρίου;
985 2819 1079 2872 καὶ
1117 2818 1196 2879 τὸ,
1251 2819 1344 2883 Τίς
1385 2816 1706 2887 ἀναγγελεῖ
1745 2817 1904 2884 ὑμῖν,

324 2921 420 2974 ὅτι
443 2919 560 2988 πῦρ
590 2919 850 2978 καίετιιι;
898 2915 990 2967 καὶ
1026 2913 1107 2978 τὸ,
1153 2914 1249 2976 Τίς
1281 2911 1600 2982 ἀναγγελεῖ
1629 2910 1772 2980 ὑμῖν
1800 2910 1908 2963 τὸν

322 3015 514 3068 τόπον
537 3012 643 3064 τὸν
669 3007 938 3070 αὶώνιον;
978 3005 1072 3057 καὶ
1113 3002 1194 3067 τὸ,
1235 3003 1332 3068 Τίς
1361 3001 1476 3070 ἄρα
1501 3005 1532 3055 ό
1562 3002 1774 3067 πιστὸς
1807 3003 1903 3054 καὶ

321 3105 612 3173 φρόνιμος
641 3101 993 3168 aiatait-duae;
1051 3095 1204 3166 Τάχα
1251 3095 1307 3148 δὲ
1361 3095 1456 3147 καὶ
1493 3094 1906 3164 ἐρωτηματικόν

2021 1893 2220 1959 requiei
2249 1894 2389 1949 illius
2421 1897 2472 1950 in
2524 1907 2702 1951 monte
2737 1897 2974 1954 fruenda?
3021 1903 3329 1969 exhibetur,
3373 1913 3604 1961 etamor

2019 1985 2108 2051 qui
2137 2001 2200 2038 ex
2231 2001 2535 2042 mammona
2581 1989 2880 2059 iniquitatis
2913 1993 3170 2058 nascitur,
3211 1996 3599 2053 habitationem

2019 2076 2239 2143 praebet.
2275 2076 2459 2131 Facite
2487 2080 2626 2132 enim
2654 2079 2796 2133 vobis
2832 2084 3030 2137 amicos
3067 2085 3130 2138 de
3164 2103 3462 2142 mammona
3494 2091 3600 2143 ini-

2016 2170 2267 2237 quitatis,
2301 2183 2355 2223 ut
2388 2188 2504 2224 cum
2553 2173 2863 2240 defeceritis,
2900 2176 3149 2243 recipiant
3199 2194 3284 2231 vos
3316 2180 3370 2232 in
3405 2191 3600 2234 arterna

2018 2259 2357 2313 tabernacula
2389 2260 2456 2313 ³⁵.
2523 2262 2596 2314 De
2670 2263 2768 2317 hac
2841 2267 3266 2321 commoratione
3344 2269 3600 2325 Dominus

2016 2366 2112 2422 per
2136 2354 2350 2406 modum
2405 2356 2655 2422 precandi
2705 2358 2780 2408 ait
2811 2374 2823 2409 :
2850 2355 3010 2411 Pater
3061 2369 3268 2426 sancte,
3301 2363 3388 2429 da,
3423 2371 3480 2415 ut
3507 2363 3596 2418 ubi

2016 2459 2136 2498 sum
2181 2459 2302 2513 ego,
2353 2455 2407 2498 et
2445 2445 2518 2498 illi
2575 2446 2685 2500 siut
2719 2446 2784 2500 ⁸⁸.
2821 2449 2993 2503 Rarus
3047 2460 3224 2504 autem
3270 2461 3381 2506 tum
3414 2454 3504 2523 qui
3543 2455 3596 2510 in

2015 2549 2241 2604 corpore
2271 2545 2525 2604 tanquam
2574 2537 2747 2590 incola
2799 2539 3027 2604 habitat,
3073 2553 3183 2596 tum
3210 2544 3298 2612 qui
3333 2545 3384 2598 in
3417 2556 3598 2601 monte

2018 2628 2324 2694 requiescit.
2351 2627 2638 2694 Propterea
2667 2629 2946 2699 Scriptura
2979 2643 3037 2685 ut
3059 2633 3308 2688 dubitans
3337 2636 3444 2689 ait:
3467 2637 3597 2702 Quis

2011 2715 2472 2784 peregrinabitur?
2501 2726 2575 2778 et,
2614 2717 2744 2783 Quis
2784 2721 3114 2788 requiescet?
3159 2724 3336 2794 107'
3396 2727 3596 2792 Quent-

2013 2805 2299 2859 admodum
2346 2807 2510 2860 illud:
2553 2808 2680 2873 Quis
2710 2813 2946 2880 cognovit
2997 2825 3217 2868 mentem
3257 2816 3466 2871 Domini
3505 2819 3598 2873 3'?

2013 2895 2141 2950 Item
2177 2897 2344 2950 illud:
2377 2898 2507 2964 Quis
2541 2902 2874 2956 annuntiabit
2926 2905 3066 2957 vobis
3117 2907 3256 2974 quod
3309 2907 3444 2977 ignis
3501 2925 3594 2962 ar-

2011 2987 2095 3040 det
2112 2987 2156 3018 ⁸⁸
2186 2987 2208 3040 ?
2242 2988 2304 3042 Et
2332 2989 2457 3043 illud
2492 3005 2505 3040 :
2539 2991 2672 3056 Quis
2711 2995 3042 3048 annuntiabit
3071 2997 3210 3050 vobis
3242 2997 3413 3050 locum
3442 3012 3595 3053 teter—

2014 3092 2136 3129 num
2164 3077 2209 3108 5’
2240 3078 2262 3130 ?
2298 3088 2370 3143 et,
2405 3077 2557 3144 Quis,
2587 3091 2765 3148 putas,
2805 3081 2979 3149 ﬁdelis
3011 3092 3127 3148 est,
3158 3093 3205 3136 et
3249 3085 3475 3153 prudens
3509 3088 3592 3139 di-

321 3200 443 3248 ἐστι
485 3195 564 3259 τὸ,
611 3195 724 3258 Τίς,
767 3191 842 3255 ὼς
874 3191 1164 3262 ἀπόκρισιν
1207 3186 1592 3258 ἐπιζητοῦντος
1625 3187 1779 3258 παρὰ
1811 3188 1903 3242 τοῦ

2009 3189 2387 3258 spensalor"?
2429 3189 2683 3247 Fortasse
2730 3203 2907 3247 autem
2946 3205 3000 3249 et
3049 3195 3199 3261 illud,
3238 3197 3391 3262 Quis,
3427 3198 3594 3255 inter-

319 3284 528 3356 Κυρίου
558 3282 651 3336 τοῦ
687 3281 863 3350 ἁγίου,
899 3274 943 3348 ᾧ
973 3279 1298 3348 διαλέγεται.
1323 3279 1466 3348 Πρὸς
1493 3277 1551 3331 ὃν
1582 3280 1615 3349 ἡ
1641 3278 1760 3330 θεία
1789 3293 1903 3344 φω-

317 3379 410 3449 νὴ,
446 3377 643 3430 λύουσα
687 3375 748 3427 τὸ
794 3372 1148 3444 ἐπερώτημα,
1183 3372 1235 3424 τί
1270 3388 1433 3442 φησι;
1487 3372 1895 3440 Πορευόμενος

318 3470 579 3540 ἄμωμος,
619 3467 716 3519 καὶ
750 3464 1137 3534 ἐργαζόμενος
1173 3465 1588 3530 δικαιοσύνην.
1639 3464 1702 3515 Εἰ
1745 3465 1903 3533 ἄμω-

321 3561 426 3631 μός
455 3561 600 3611 ἐστιν
632 3558 659 3609 6
715 3555 940 3628 μηδενὸς
978 3554 1086 3607 τῶν
1118 3553 1340 3622 ἀγαθῶν
1373 3552 1620 3623 ἐλλιπὴς,
1664 3552 1771 3606 ἀπὸ
1797 3552 1902 3605 πά-

321 3671 424 3724 σης
447 3651 646 3713 κακίας
674 3649 986 3711 ἀπταίστως
1017 3648 1106 3700 τὸν
1141 3647 1251 3716 βίον
1286 3646 1478 3700 ἑαυτοῦ
1511 3645 1794 3714 διεξάγων,
1822 3645 1902 3698 τί-

315 3765 384 3800 να
405 3741 532 3816 ἔχει’
545 3744 680 3816 πρὸς
703 3743 792 3796 τὸν
814 3740 1068 3795 ποιοῦντα
1091 3739 1432 3809 δικαιοσύνην
1456 3738 1747 3810 διαφοράν;
1774 3734 1898 3808 *Δρ*

311 3837 409 3894 οὖν
446 3838 536 3892 τὸν
573 3837 734 3891 αὐτὸν
767 3835 890 3890 νοῦν
922 3837 979 3888 ἐν
1003 3833 1209 3896 διπλοῖς
1243 3834 1481 3905 ῥήμασιν
1526 3831 1858 3900 ἀπαγγέλλει
1883 3848 1898 3863 ο

313 3933 727 4001 Πορευόμενος
754 3928 1012 3997 ἄμωμος,
1037 3926 1135 3979 καὶ
1168 3924 1555 3995 ἐργαζόμενος
1585 3925 1657 3994 (5)
1679 3924 1900 3977 δικαιο-

309 4027 548 4092 enimn;
586 4025 655 4075 Ἥ
690 4021 826 4076 ἰδίαν
863 4021 984 4074 τινὰ
1021 4019 1258 4073 διάνοιαν
1292 4019 1552 4090 ἑκάτερον
1590 4017 1700 4070 τῶν
1744 4019 1896 4088 εἰρη-

315 4115 494 4186 μένων
524 4113 887 4183 παρίστησιν;
924 4111 1012 4164 ἵνα
1117 4112 1144 4163 ὁ
1177 4110 1274 4180 μὲν
1309 4109 1538 4179 ἄμωμος
1580 4109 1608 4161 6
1636 4107 1778 4161 κατά
1806 4107 1896 4160 τὸν

311 4203 370 4253 ἐν
423 4199 651 4270 κρυπτῷ
692 4199 978 4270 ἄνθρωπον
1024 4199 1104 4261 εἰς
1151 4199 1331 4253 πᾶσαν
1374 4197 1654 4251 τελείωσιν
1694 4197 1896 4269 ἀρετῆς

310 4289 737 4360 ἀπηρτισμένος,
793 4289 821 4339 6
869 4286 925 4338 δὲ
979 4285 1344 4357 ἐργαζόμενος
1384 4283 1730 4353 δικαιοσύνην
1777 4285 1804 4335 ὁ
1835 4288 1895 4336 τὸ

311 4380 617 4452 πρακτικὸν
650 4378 844 4432 ἑαυτοῦ
877 4377 966 4431 διὰ
993 4378 1102 4432 τῶν
1129 4375 1455 4445 σωματικῶν
1487 4373 1775 4445 ἐνεργειῶν
1802 4391 1890 4426 τε-

309 4470 489 4523 λειῶν.
526 4471 616 4521 Δεῖ
648 4468 755 4539 γὰρ
787 4469 848 4521 οὐ
891 4468 1047 4537 μόνον
1079 4469 1252 4519 ποιεῖν
1292 4465 1390 4537 τὴν
1417 4465 1632 4518 δικαίαν
1671 4464 1888 4535 πρᾶξιν,

2009 3281 2250 3349 rogative
2310 3282 2546 3347 dicitur,
2595 3285 2747 3353 quasi
2811 3300 3126 3354 responsum
3196 3289 3504 3358 exquireret
3558 3307 3588 3346 a

2005 3369 2235 3426 Domino
2267 3381 2476 3438 sancto,
2504 3373 2570 3427 ad
2603 3388 2760 3442 quem
2792 3374 3047 3445 loquitur.
3072 3377 3168 3432 Cui
3203 3381 3329 3448 quid
3365 3397 3586 3450 respon-

2005 3461 2094 3516 det
2127 3463 2308 3517 diviua
2336 3479 2461 3529 vox,
2490 3467 2843 3534 quaestionem
2883 3469 3098 3526 solvens
3139 3471 3162 3522 ?
3195 3470 3358 3527 Vens.
3398 3473 3451 3531 2.
3475 3473 3578 3539 Qui

2001 3559 2298 3627 ingreditur
2344 3561 2456 3613 sine
2510 3561 2741 3627 macula,
2773 3572 2820 3615 et
2865 3564 3418 3634 operaturjuslitiam.
3449 3568 3503 3623 Si
3543 3571 3587 3624 is

2003 3645 2093 3713 qui
2126 3645 2272 3699 nullo
2295 3647 2436 3700 bono
2464 3657 2631 3711 caret,
2655 3656 2709 3702 et
2731 3664 2884 3703 suam
2910 3651 3074 3718 ipsius
3099 3655 3261 3706 vitam
3287 3656 3404 3708 sine
3429 3657 3575 3712 nullo

1999 3745 2222 3804 peccato
2253 3736 2516 3792 lnolfense
2542 3740 2812 3808 transigit,
2851 3741 2968 3796 sine
3007 3743 3214 3798 macula
3239 3756 3354 3808 est;
3384 3747 3434 3799 in
3481 3763 3588 3817 quo

2001 3827 2068 3881 ab
2093 3843 2159 3883 eo
2187 3829 2276 3897 Qui
2307 3829 2574 3899 justitiam
2605 3830 2754 3898 facit,
2800 3833 2976 3887 diﬂert
3007 3835 3029 3888 ?
3055 3834 3189 3889 Num
3236 3838 3399 3908 igitur
3429 3857 3582 3893 emu-

1998 3919 2120 3972 dem
2175 3933 2391 3977 sensum
2437 3920 2682 3975 enuntiat
2732 3923 3032 3991 duplicibus
3081 3926 3260 3980 verbis
3298 3945 3311 3981 :
3346 3926 3450 3992 Qui
3497 3929 3581 3980 in-

1996 4013 2236 4080 greditur
2255 4012 2365 4065 sine
2405 4013 2703 4076 macula,et
2734 4025 2979 4082 operatur
3001 4017 3315 4085 justitiam?
3348 4019 3428 4071 Au
3463 4035 3583 4087 pro-

1998 4104 2168 4171 priam
2219 4105 2508 4172 quamdam
2543 4107 2990 4176 signiﬁcationem
3022 4110 3245 4164 verbum
3280 4119 3569 4181 utrumque

1997 4192 2410 4262 praefert?adeo
2437 4206 2494 4249 ut
2521 4197 2566 4251 is
2590 4197 2663 4250 sit
2690 4198 2807 4252 sine
2837 4199 3066 4264 macula,
3102 4201 3192 4270 qui
3235 4201 3380 4255 omni
3410 4202 3580 4255 virtu-

1996 4286 2064 4339 tis
2089 4287 2420 4353 perfectione
2445 4288 2721 4343 absolutus
2753 4300 2836 4344 est
2873 4293 3169 4346 secundum
3203 4295 3578 4346 absconditum

1995 4376 2291 4439 hominem.
2330 4377 2418 4433 ille
2461 4394 2588 4434 vero
2635 4393 2889 4448 operetur
2922 4382 3218 4452 justitiam,
3258 4385 3352 4453 qui
3389 4380 3576 4452 agendi

1998 4469 2106 4521 vim
2145 4485 2241 4538 per
2273 4472 2584 4539 corporales
2631 4473 2871 4527 actiones
2922 4475 3154 4542 perlicit.
3182 4474 3402 4544 Oportet
3435 4477 3576 4528 enim

307 4562 446 4616 ἀλλὰ
490 4562 583 4614 καὶ
609 4559 718 4612 ἀπὸ
757 4558 1052 4620 διαθέσεως
1095 4557 1310 4619 δικαίας
1358 4555 1722 4627 ἐργάζεσθαιο
1760 4557 1901 4610 κατὰ

2009 4574 2112 4613 non
2141 4560 2310 4615 solum
2345 4563 2541 4615 bonum
2571 4577 2705 4629 opus
2733 4561 2935 4627 facere,
2955 4566 3045 4619 sed
3076 4566 3238 4619 etiam
3274 4566 3397 4619 illud
3431 4567 3579 4634 justo

307 4655 368 4708 τὸ
421 4653 732 4725 εἰρημένον,
785 4651 866 4703 ὃτι
927 4650 1172 4711 Ama.in
1232 4648 1297 4700 τὸ
1336 4647 1571 4701 δίκαιον
1621 4647 1889 4714 διώξεις·
1940 4692 1947 4697 .

387 4832 430 4862 εί
463 4831 622 4884 llebr.
673 4845 770 4890 xu,
822 4829 913 4884 ‘22.
988 4828 1034 4859 ⁸³
1071 4826 1279 4880 Coloss.
1333 4841 1429 4885 tn,
1463 4824 1517 4878 5.

304 4918 414 4964 xw,
448 4903 501 4954 5.
577 4901 619 4931 ⁸⁷
651 4900 753 4956 Isa.
784 4915 868 4962 XL,
903 4898 987 4953 l5.
1063 4897 1109 4930 ⁸⁸
1137 4897 1240 4950 lsa.
1268 4911 1457 4961 xxxttt,
1488 4894 1572 4950 l4.
1649 4895 1694 4925 ⁸³
1726 4897 1856 4950 ibid.

371 5076 484 5147 (99)
533 5076 825 5150 §ic_|||8§_._
878 5073 1118 5150 plerique
1152 5088 1382 5150 pinges.
1448 5072 1604 5150 Deest
1663 5073 1758 5150 καί
1821 5075 1871 5150 i_u

297 5140 478 5200 editis;
530 5145 722 5198 Statim
776 5140 892 5206 illa,
932 5140 1042 5206 ἓως
1085 5142 1179 5194 τοῦ
1234 5140 1382 5194 οἴκου
1428 5141 1522 5194 τοῦ
1568 5142 1727 5205 Θεοῦ,
1777 5145 1874 5195 ad-

296 5217 436 5283 jecta
501 5226 625 5269 sunt
705 5215 757 5267 in
822 5214 952 5282 Reg.
1009 5215 1166 5266 tertio
1225 5221 1594 5283 postﬂvocem
1652 5211 1871 5283 θαυμα-

1619 4825 1663 4856 ⁸³
1695 4825 1835 4880 Psal.
1867 4842 1978 4888 xu,
2014 4827 2066 4881 5.
2144 4827 2190 4859 3"
2231 4826 2372 4879 Psal.
2410 4842 2634 4891 Lxsxul,
2665 4826 2720 4879 2.

1950 4899 1996 4930 9°
2033 4898 2164 4952 Luc.
2192 4913 2286 4960 xu,
2320 4897 2406 4950 Ili.

2001 4659 2259 4720 rectoque
2278 4653 2459 4706 animo
2484 4667 2662 4722 agere,
2690 4651 2842 4720 juxta
2873 4654 2921 4709 id
2943 4658 3082 4723 quod
3104 4657 3305 4710 dictum
3334 4669 3415 4712 est
3441 4675 3454 4709 :
3478 4659 3576 4711 Ju-

2823 4829 2868 4859 ⁸¹⁵
2894 4827 3026 4882 Luc.
3081 4844 3190 4891 xw,
3217 4830 3270 4883 9.
3348 4830 3569 4884 8“Joau.

2055 5073 2130 5143 (2)
2179 5073 2306 5127 Mss.
2340 5084 2573 5143 quatuor
2604 5088 2711 5128 uno
2760 5074 2924 5126 verbo
2982 5073 3271 5140 διελέγετο.
3306 5075 3406 5127 Alii
3438 5091 3566 5130 mss.

1982 5131 2301 5197 cum'etlitis
2335 5131 2487 5211 ἔλεγε
2519 5143 2600 5196 τό.
2645 5143 3018 5213 Colb._sextus
3043 5154 3094 5196 et
3129 5131 3258 5213 Reg.
3301 5145 3570 5199 secundus

1983 5213 2299 5279 simpliciter
2343 5213 2518 5280 ἔλεγε,
2553 5215 2759 5282 Πάτερ.
2813 5211 2955 5282 lufra
3006 5214 3136 5280 Reg.
3193 5211 3463 5268 secundus
3513 5227 3569 5268 et

300 5281 432 5354 στῆς
468 5302 480 5336 :
529 5287 624 5339 sed
677 5285 778 5338 hoc
822 5281 1033 5337 videtur
1064 5298 1268 5336 merum
1297 5282 1719 5354 additamentum
1749 5281 1869 5335 esse

2009 5283 2131 5354 olb.’
2177 5296 2362 5354 sextus
2387 5283 2589 5354 λύουσα
2636 5281 3016 5353 τὸλέρώτημα.
3059 5283 3259 5338 Ibidem
3295 5284 3426 5354 Reg.
3461 5295 3570 5337 ter-

300 5351 455 5408 otiosi
489 5355 767 5420 cujusdam
796 5353 1032 5417 librarii;
1069 5369 1242 5421 eoque
1261 5351 1452 5420 magis,
1489 5354 1628 5418 quod
1654 5368 1714 5405 ea
1750 5368 1870 5418 qua:

299 5425 684 5492 exscripsimus
728 5423 888 5476 verba
942 5425 995 5476 in
1043 5422 1164 5475 aliis
1212 5432 1418 5492 septem
1472 5435 1603 5473 mss.
1666 5423 1865 5492 desint.

302 5492 450 5544 llaud
485 5490 666 5563 longe
725 5494 777 5546 in
829 5493 1037 5547 duobus
1093 5508 1221 5546 mss.
1281 5490 1497 5543 additur
1546 5491 1712 5559 φησίν
1749 5502 1870 5559 post

300 5563 529 5624 ἑαυτοῖς.

369 5631 444 5705 (l)
475 5631 583 5705 Kal
607 5633 714 5700 ἡ...
738 5633 934 5705 φιλία.
975 5631 1166 5705 Verte.
1185 5639 1230 5682 et
1261 5638 1566 5705 comparata
1601 5646 1666 5684 ea:
1702 5645 1867 5705 mam-

301 5700 455 5754 mona
487 5703 774 5770 iniquitatis
809 5704 1065 5764 amicitia,
1118 5701 1169 5752 id
1203 5711 1304 5761 est,
1332 5701 1489 5770 amici
1527 5716 1662 5768 quos
1709 5700 1862 5755 uobis

304 5773 524 5828 lacimus
554 5768 620 5825 cx
653 5788 954 5828 mammona
981 5771 1303 5841 iniquitatis.
1331 5768 1540 5824 MABAN.

1975 5494 2137 5562 μενός
2167 5509 2299 5562 φησι
2330 5511 2342 5545 :
2387 5495 2480 5546 sed
2541 5509 2642 5546 vox

1975 5561 2109 5614 mss.
2168 5561 2237 5614 et
2279 5563 2331 5615 iu
2369 5564 2607 5618 editione
2658 5561 2825 5616 Basil.
2888 5561 3005 5615 Mox
3050 5562 3182 5630 Reg.
3235 5561 3432 5617 tertius
3457 5581 3562 5618 κα-

1970 5632 2037 5685 τὰ
2068 5632 2157 5685 τὸν
2208 5631 2466 5701 κρυπτάν.
2509 5632 2653 5686 infra
2709 5647 2834 5686 mss.
2867 5630 3082 5702 aliquot
3100 5631 3314 5696 δεικνύς
3346 5650 3441 5702 pro
3467 5651 3559 5687 τε-

1969 5701 2149 5776 λειῶν,
2178 5699 2273 5756 sed
2303 5703 2378 5757 ita
2439 5712 2638 5773 tamen,
2689 5712 2744 5757 ut
2778 5699 2950 5772 major
2998 5717 3125 5770 pars
3184 5721 3314 5759 mss.
3347 5699 3560 5776 italu-at

1968 5773 2210 5825 τελειῶν.

1973 5354 2092 5424 tiusi
2112 5352 2422 5424 ἀκολούθως
2441 5353 2495 5406 τί
2517 5370 2671 5424 φησι.

2046 5422 2123 5495 (3)
2157 5423 2334 5476 Editio
2369 5423 2540 5478 Paris.
2579 5421 2704 5478 cum
2735 5437 2843 5495 uno
2871 5431 2966 5495 aut
2999 5421 3170 5495 altero
3197 5438 3297 5495 ms.
3333 5423 3566 5495 ἐργαζό-

2700 5491 2834 5562 (pnt
2871 5492 3022 5562 tleest
3077 5494 3126 5544 in
3184 5493 3304 5546 aliis
3359 5491 3561 5562 septem
