4048 6220
450 301 553 355 ὶὲἰδ

1766 296 1824 352 S.
1866 295 2109 351 BASlLll
2150 296 2367 351 MAGNI

3614 301 3731 357 956

447 427 522 470 sle
549 417 685 485 quod
720 415 921 483 justum
953 418 1028 464 est
1056 410 1443 480 persequeris"
1469 425 1484 475 ;
1516 410 1619 465 hoc
1654 419 1755 473 est,
1788 425 1910 465 cum
1950 426 2026 464 ra-

2141 413 2405 475 τουτέστι,
2445 412 2581 482 μετά
2614 410 2708 464 τοῦ
2736 411 2894 479 λόγου
2929 413 3029 482 τῆς
3062 412 3410 482 δικαιοσύνης
3452 415 3720 471 ὲπιτελεῖι

448 511 594 561 tione
640 505 863 576 iustitiae
903 502 1290 558 absolvendum
1327 514 1411 558 est
1441 519 1598 573 Opus.
1655 502 1843 569 ldiota,
1888 504 2017 560 verb

448 598 640 668 gratia,
660 596 979 650 medicinam
1009 596 1226 664 quidem
1251 597 1489 667 aliquam
1511 595 1747 662 coniicit,
1769 596 1834 649 ad
1862 610 2033 666 aegro-

448 691 677 743 tantium
706 688 991 743 utilitatem
1028 690 1361 755 tendentem,
1396 689 1490 743 sed
1525 689 1573 743 is
1610 690 1711 742 hoc
1751 705 1855 742 nott
1905 689 2031 742 item

448 781 776 837 medicorum
814 794 964 833 more
994 780 1269 848 praestitit,
1305 779 1448 848 quod
1495 778 1628 883 nihil
1668 779 1802 832 artis
1832 785 2032 841 teneat,

446 875 590 944 quod
639 888 774 941 opus
822 872 1132 927 cemitetur.
1172 870 1358 942 Itaque
1408 871 1499 940 qui
1561 869 1861 940 ingreditur
1914 869 2034 924 sine

449 965 679 1031 macula,
731 975 911 1019 mente
964 966 1237 1035 perfectus
1283 975 1411 1019 est:
1454 964 1547 1033 qui
1602 978 1732 1018 vero
1780 971 2034 1032 operatur

442 1057 733 1127 justitiam,
760 1058 1052 1110 secundum
1106 1072 1293 1110 vocem
1329 1055 1569 1126 Apostoli
1592 1095 1607 1121 ,
1636 1055 2033 1111 incont'usibilis

448 1159 531 1201 est
563 1147 769 1201 Domini
802 1147 1155 1216 operarius".

517 1238 573 1293 3.
613 1239 869 1292 Attendas
907 1238 1064 1292 velim
1091 1246 1397 1293 accuratam
1439 1237 1753 1292 dictionem.
1794 1235 1911 1290 Non
1947 1237 2032 1291 die

448 1331 550 1394 xit,
602 1329 701 1397 Qui
756 1329 1033 1399 ingressus
1084 1341 1164 1385 cst
1205 1331 1320 1385 sine
1368 1328 1598 1393 macula,
1643 1328 1760 1395 sed,
1803 1327 1909 1394 Qui
1950 1329 2037 1382 iu-

449 1419 686 1489 greditur
706 1421 816 1474 sine
841 1421 1083 1485 macula;
1105 1435 1298 1489 neque,
1329 1419 1429 1487 Qui
1458 1429 1719 1490 operatus
1757 1429 1836 1475 est
1871 1419 2031 1490 justi-

453 1511 604 1578 tiam,
633 1512 745 1576 sed,
774 1511 875 1577 Qui
922 1521 1187 1581 aperatur.
1227 1510 1343 1565 Non
1378 1512 1521 1566 enim
1554 1512 1695 1566 actio
1724 1527 1827 1565 una
1859 1511 2030 1564 virum

453 1606 675 1677 probum
705 1603 933 1671 perﬁcit,
967 1604 1062 1658 sed
1087 1604 1151 1658 ad
1176 1618 1388 1657 omnem
1417 1602 1581 1656 vitam
1614 1602 1829 1657 extendi
1865 1616 2028 1671 opor-

454 1706 528 1750 tet
557 1696 769 1750 virtutis
802 1710 993 1763 opera.
1027 1693 1184 1748 Vsus.
1212 1695 1264 1747 5.
1290 1693 1395 1760 Qui
1418 1695 1654 1763 loquitur
1682 1696 1948 1747 veritatem
1976 1693 2031 1745 in

2131 503 2230 571 τὴν
2262 503 2480 574 πρᾶξιν.
2522 497 2649 555 Οἷον
2699 505 2845 555 ποιεῖ
2900 505 2998 573 μὲν
3050 507 3157 573 γάρ
3202 521 3256 556 τι
3300 504 3540 574 ἰατρικὸν
3583 506 3725 577 πρὸς

2133 593 2405 663 ὠφέλειαν
2462 594 2627 665 φέρον
2670 593 2779 647 τῶν
2830 595 3199 649 ἀσθενούντων
3242 597 3271 647 ὁ
3322 593 3555 666 ἰδιώτης.
3600 596 3723 650 ἀλλ’

2133 685 2256 755 οὐχὶ
2319 684 2412 739 καὶ
2480 684 2741 755 ἰατρικῶς
2798 685 3052 755 εποίησεν
3108 688 3137 739 ό
3192 685 3454 751 τοιοῦτος,
3511 686 3590 758 τῷ
3642 687 3725 759 μὴ

2134 776 2279 845 ἔχειν
2328 776 2405 846 (4)
2459 793 2512 829 τι
2573 776 2676 845 τῆς
2735 774 2933 847 τέχνης
2992 779 3058 848 τῇ
3110 778 3361 848 ἐνεργείᾳ
3420 778 3726 849 συνεπόμε-

2134 883 2244 920 νον.
2309 868 2684 939 Πορευόμενος
2749 865 2844 922 οὖν
2905 868 3136 939 ἄμωμος
3189 870 3217 922 ό
3258 868 3403 922 κατά
3441 869 3564 923 νοῦν
3622 870 3720 923 τὲ-

2134 958 2277 1023 λειος
2297 976 2310 990 ·
2350 959 2715 1031 ἐργαζόμενος
2752 961 2810 1015 δὲ
2852 961 3198 1033 δικαιοσύνην
3237 963 3266 1014 ὁ
3307 960 3450 1015 κατά
3492 962 3589 1034 τὴν
3618 960 3720 1016 τοῦ

2147 1049 2473 1104 Ἀποστόλου
2519 1051 2703 1123 φωνὴν
2759 1052 3184 1123 ἀνεπαίσχυντος
3241 1052 3336 1106 τοῦ
3384 1054 3586 1125 Κυρίου
3624 1056 3722 1125 ὲρ-

2138 1142 2333 1212 γάτης-

2202 1234 2257 1288 5.
2294 1233 2537 1305 Πρόσχες
2567 1233 2623 1287 δὲ
2647 1236 2715 1306 τῇ
2752 1234 3007 1306 ἀκριϐείᾳ.
3038 1236 3138 1306 τῆς
3167 1234 3385 1302 λέξεως.
3419 1239 3534 1291 Οὐκ
3564 1254 3713 1302 ειπε,

2134 1323 2428 1395 Πορευθεὶς
2483 1324 2731 1395 ἀμωμος,
2780 1325 2937 1390 ἀλλὰ,
2980 1329 3389 1397 Πορευόμενος
3434 1327 3674 1397 ἄμωμος
3696 1345 3712 1358 °

2132 1416 2272 1479 οὐδὲ,
2310 1416 2716 1487 Ἐργασάμενος
2760 1416 3131 1489 δικαιοσύνην,
3185 1419 3323 1485 ἀλλ’,
3385 1419 3717 1489 Ἐρταζόμε-

2132 1526 2260 1575 νος.
2292 1509 2367 1561 Οὐ
2392 1508 2506 1580 γάρ
2537 1509 2636 1579 μία
2669 1509 2868 1580 πρᾶξις
2890 1510 3089 1565 τελειοῖ
3113 1512 3202 1565 τὸν
3240 1512 3544 1576 σπουδαῖον,
3580 1513 3717 1565 ἀλλά

2134 1598 2297 1653 παντὶ
2351 1600 2598 1670 προσῆκε
2637 1600 2718 1670 τῷ
2750 1600 2849 1671 βίῳ
2888 1602 2988 1665 τὰς
3027 1606 3146 1655 κατ’
3188 1601 3387 1674 ἀρετὴν
3435 1603 3716 1674 ἐνεργείας

2136 1691 2691 1763 συμπαρατείνεσθαι.
2756 1692 2975 1747 Λαλῶν
3035 1694 3323 1761 ἀλήθειαν
3380 1696 3451 1749 ἐν
3497 1694 3715 1763 καρδίᾳ

451 1788 606 1841 corde
633 1803 749 1851 suo,
781 1787 870 1856 qui
892 1801 993 1838 non
1019 1786 1123 1855 egit
1168 1785 1344 1837 dolum
1372 1785 1427 1837 in
1478 1786 1657 1853 lingua
1682 1799 1799 1836 sua.
1821 1781 2026 1835 Rursus

2131 1781 2335 1845 αὐτοῦ,
2362 1781 2430 1848 ὃς
2456 1784 2567 1837 οὐκ
2600 1782 2907 1838 ἐδόλωσεν
2942 1785 3014 1837 ἐν
3032 1783 3281 1855 γλώσσῃ
3306 1784 3514 1840 αὐτοῦ.
3545 1786 3719 1839 Πάλιν

450 1885 505 1931 et
538 1878 839 1933 bicisthaac
857 1879 1039 1940 verba,
1068 1877 1209 1946 loqui
1239 1877 1523 1931 veritatem
1555 1878 1606 1930 itt
1628 1876 1811 1939 corde,
1836 1885 1891 1928 et
1922 1889 2026 1927 nou

2131 1872 2224 1925 καὶ
2259 1871 2495 1926 ἐνταῦθα
2526 1874 2624 1945 τὴν
2650 1876 2822 1947 αὐτὴν
2854 1875 2968 1949 ἔχει
3002 1878 3290 1933 κοινωνίαν
3340 1880 3476 1950 πρὸς
3510 1878 3719 1950 ἄλληλα

450 1982 612 2039 agere
636 1969 814 2022 dolum
855 1969 906 2021 in
943 1968 1123 2038 lingua
1150 1981 1269 2030 sua,
1293 1967 1536 2021 eamdem
1568 1967 1707 2020 inter
1746 1979 1806 2020 se
1832 1965 2026 2019 habent

2131 1961 2189 2014 τὸ
2234 1960 2416 2015 λαλεῖν
2461 1963 2719 2035 ἀλήθειαν
2765 1968 2823 2019 ἐν
2854 1966 3071 2040 καρδίᾳ,
3107 1968 3202 2021 καὶ
3250 1967 3311 2021 τὸ
3341 1968 3417 2039 μὴ
3443 1968 3625 2023 δολοῦν
3656 1971 3717 2023 ὲν

449 2060 844 2130 cognationem,
881 2073 1001 2127 qua:
1054 2069 1173 2113 erat
1201 2058 1344 2111 inter
1372 2057 1773 2111 immaculatum
1798 2070 1939 2122 esse,
1975 2066 2028 2111 et

450 2153 660 2222 operari
686 2151 973 2219 justitiam.
1006 2150 1468 2217 Quemadmodum
1497 2149 1641 2203 enim
1677 2147 1785 2202 illic
1812 2156 1866 2202 et
1905 2161 2027 2201 eum

451 2245 544 2314 qui
583 2245 635 2298 in
666 2243 985 2299 abscondito
1022 2243 1294 2312 perleCtus
1343 2248 1533 2306 est,.et
1559 2254 1681 2295 eum
1709 2239 1798 2309 qui
1840 2240 2029 2309 agendi

450 2335 701 2390 l‘acuhate
734 2343 876 2389 recte
898 2335 1087 2399 utitur,
1128 2333 1405 2402 Scriptura
1443 2332 1663 2386 exhibet
1693 2332 1804 2385 :ita
1825 2344 1882 2385 et
1919 2332 2028 2394 hic,

451 2430 702 2499 qttoniam
754 2428 804 2482 id
837 2429 978 2496 quod
1028 2427 1321 2495 loquimur,
1371 2439 1436 2477 ex
1483 2425 1662 2478 cordis
1699 2423 2028 2477 abundantia

449 2519 788 2589 provenit”,
820 2533 1068 2575 sermone
1113 2534 1179 2572 ex
1226 2518 1438 2572 interno
1475 2515 1670 2571 atl‘ectu
1707 2526 1962 2585 tanquam
1999 2530 2032 2571 e

450 2610 600 2667 fonte
632 2610 864 2677 ﬂuente;
903 2612 1049 2682 prius
1085 2612 1307 2680 protulit
1330 2612 1611 2665 veritatem
1649 2610 1700 2664 in
1723 2611 1890 2664 corde
1923 2623 2031 2663 ma-

450 2712 691 2766 nentem,
727 2702 922 2757 deinde
959 2702 1073 2772 ejus
1105 2702 1194 2771 qui
1239 2716 1336 2771 per
1364 2701 1599 2771 linguam
1624 2701 1888 2756 emittitur
1916 2715 2032 2755 ser-

450 2794 628 2847 monis
652 2793 1040 2848 sinceritatem.
1075 2792 1216 2847 Duas
1253 2803 1432 2846 autem
1465 2792 1840 2863 intelligentias
1871 2807 2028 2862 repe—

450 2885 619 2939 rimus
669 2886 961 2939 veritatis:
1004 2876 1205 2947 unam,
1247 2899 1425 2937 rerum
1476 2882 1542 2937 ad
1603 2883 1815 2937 beatam
1865 2883 2029 2936 vitam

449 2977 859 3033 conducentium
909 2976 1449 3045 comprehensionem
1494 2991 1509 3040 ;
1551 2975 1776 3029 alteram
1840 2991 2027 3029 sanam

449 3068 823 3138 cujuscunque
862 3069 938 3122 rei
983 3069 1050 3120 ad
1103 3067 1263 3119 vitam
1309 3068 1590 3122 attinentis
1641 3067 2022 3139 cognitionem.

2128 2051 2349 2128 γλώσσῃ
2379 2056 2543 2110 αὑτοῦ
2566 2075 2578 2088 ·
2617 2057 2808 2111 ὁποίαν
2837 2055 2949 2130 εἶχε
2976 2061 3036 2113 τὸ
3060 2054 3198 2114 εἶναι
3229 2060 3458 2133 ἄμωμον
3487 2062 3625 2133 πρὸς
3652 2061 3719 2116 τὸ

2129 2146 2457 2217 ἐργάζεσθαι
2500 2148 2867 2221 δικαιοσύνην.
2934 2151 3024 2215 Ὠς
3078 2152 3188 2223 γὰρ
3231 2153 3347 2206 ἐκεῖ
3379 2153 3474 2207 καὶ
3514 2153 3605 2207 τὸν
3651 2156 3718 2209 ὲν

2128 2237 2358 2309 κρυπτῷ
2383 2239 2614 2304 τέλειον,
2665 2242 2755 2294 καὶ
2784 2242 2877 2295 τὸν
2915 2243 2973 2296 ὲν
3000 2242 3077 2313 τῷ
3106 2242 3392 2315 πρακτικῷ
3425 2243 3719 2315 εὐοδούμε-

2128 2346 2218 2381 νον
2250 2333 2279 2383 ό
2309 2330 2468 2399 λόγος
2495 2332 2847 2404 παρίστησιν,
2868 2333 3014 2388 οὕτω
3034 2336 3129 2388 καὶ
3163 2334 3398 2389 ἐνταῦθα
3415 2334 3719 2408 (5),ὲπειδὴ

2128 2421 2189 2474 τὸ
2216 2420 2544 2493 λαλούμενον
2593 2425 2656 2476 ὲκ
2695 2423 2788 2476 τοῦ
2834 2424 3269 2497 περισσεύματός
3306 2427 3422 2478 ἐστι
3451 2425 3548 2496 τῆς
3575 2443 3718 2497 καρ-

2129 2512 2263 2576 δίας,
2293 2508 2406 2567 οἷον
2439 2514 2548 2569 ἀπὸ
2589 2516 2768 2585 πηγῆς
2806 2516 2905 2585 τῆς
2941 2516 3087 2570 ἔνδον
3112 2516 3403 2579 διαθέσεως
3430 2515 3523 2569 τοῦ
3555 2516 3719 2585 λόγου

2133 2606 2371 2677 ῥέοντος,
2401 2598 2670 2677 πρότερον
2702 2602 2827 2660 εἶπε
2863 2607 2961 2679 τὴν
2986 2609 3044 2661 ὲν
3069 2609 3265 2681 καρδίᾳ
3288 2608 3561 2680 ἀλήθειαν,
3596 2604 3721 2663 εἶτα

2128 2699 2190 2752 τὸ
2208 2699 2266 2752 ὲν
2298 2698 2376 2770 τῷ
2400 2699 2545 2769 λόγῳ
2569 2700 2754 2755 ἄδολον
2779 2698 2856 2770 τῷ
2877 2700 2964 2754 διὰ
2984 2701 3083 2771 τῆς
3103 2701 3356 2772 γλώσσης
3389 2703 3475 2754 ὲνε
3485 2700 3720 2771 ργουμέ-

2130 2809 2225 2861 νῳ.
2255 2790 2360 2844 Δύο
2388 2791 2447 2846 δὲ
2474 2790 2544 2845 τὰ
2574 2791 2950 2863 σημαινόμενα
2975 2792 3071 2863 τῆς
3099 2792 3355 2862 ἀληθείας
3374 2792 3680 2862 εὑρήσομεν
3698 2806 3717 2823 ο

2131 2882 2189 2936 ἓν
2230 2883 2329 2953 μὲν
2354 2883 2455 2954 τὴν
2486 2883 2615 2954 περὶ
2638 2882 2746 2935 τῶν
2772 2882 3113 2953 πραγμάτων
3151 2882 3261 2935 τῶν
3301 2882 3393 2935 ἐπὶ
3425 2882 3516 2935 τὸν
3547 2883 3722 2952 μακά-

2135 2991 2247 3046 ριον
2297 2972 2410 3043 βίον
2462 2974 2737 3044 φερόντων
2770 2974 3100 3045 κατάληψιν,
3144 2974 3331 3045 ἕτερον
3370 2973 3428 3025 δὲ
3459 2974 3556 3044 τὴν
3589 2975 3721 3044 περὶ

2131 3066 2442 3137 οίουδήποιε
2468 3065 2577 3118 τῶν
2602 3065 2745 3119 κατὰ
2774 3066 2867 3120 τὸν
2902 3065 3014 3136 βίον
3044 3065 3250 3136 εἴδησιν
3275 3065 3425 3135 ὑγιῆ.
3470 3065 3719 3135 Ἐκείνην

449 3162 595 3216 lllam
625 3161 786 3228 igitur
809 3161 1117 3227 veritatem,
1142 3161 1331 3215 salutis
1355 3159 1698 3227 adjutricem,
1718 3161 1769 3212 in
1795 3159 2026 3214 hominis

2137 3158 2234 3228 μὲν
2262 3153 2354 3210 οὖν
2382 3157 2481 3228 τὴν
2510 3157 2785 3229 ἀλήθειαν,
2815 3159 2915 3229 τὴν
2948 3158 3208 3229 συνεργὸν
3232 3157 3332 3227 τῆς
3358 3157 3627 3230 σωτηρίας
3657 3158 3719 3210 ἐν

449 3251 669 3323 perfecti
709 3253 870 3306 corde
900 3251 1241 3317 insidentem,
1274 3259 1487 3321 oportet
1524 3250 1640 3304 sine
1666 3248 1788 3304 dolo
1816 3249 1870 3303 in
1902 3264 2025 3303 om-

448 3344 607 3398 nibus
640 3345 882 3413 proximo
913 3341 1193 3396 exhibere.
1230 3341 1429 3396 Verum
1477 3340 1531 3395 in
1561 3339 1763 3395 saeculi.
1792 3340 1953 3394 rebus
1977 3341 2024 3394 si

448 3435 587 3491 forte
613 3451 643 3490 a
671 3437 897 3490 veritate
932 3434 1147 3489 excidat
1175 3435 1258 3488 vir
1283 3436 1504 3502 probus,
1527 3432 1662 3487 nihil
1705 3432 1829 3487 inde
1853 3432 2028 3501 impe-

334 3516 339 3519 ⁷
447 3529 645 3594 dietur,
684 3526 973 3598 quominus
1020 3526 1299 3596 proposita
1338 3533 1678 3594 assequatnr.
1707 3524 1850 3592 Quot
1880 3524 2026 3578 enim

448 3617 626 3675 stadia
650 3618 760 3672 sint
787 3627 943 3673 terra:
962 3657 978 3682 ,
1002 3616 1085 3671 vel
1113 3618 1299 3684 maris,
1333 3625 1536 3687 quotve
1564 3615 1735 3671 stellae
1773 3630 2028 3670 movean-

436 3718 557 3772 tur,
589 3719 643 3762 et
685 3717 945 3777 quantum
988 3707 1159 3762 altera
1204 3707 1359 3761 alteri
1394 3705 1673 3761 celeritate
1705 3714 1940 3776 praestet,
1977 3705 2024 3760 si

449 3800 502 3855 itt
540 3800 605 3855 iis
653 3800 962 3870 ignoremus
1013 3801 1294 3855 veritatem
1318 3840 1333 3863 ,
1365 3799 1496 3853 nihil
1549 3799 1857 3869 prohibebit
1894 3799 2024 3867 quin

451 3894 765 3962 promissam
795 3896 847 3948 in
884 3894 1191 3964 Evangeliis
1215 3893 1604 3947 beatitudinem
1640 3892 2022 3960 adipiscamur.

449 3984 702 4040 Fortasse
723 3995 899 4039 autem
927 3995 981 4038 et
1003 3986 1108 4040 tale
1131 3985 1255 4054 quid
1281 3984 1560 4053 Scriptura
1587 3983 1739 4037 nobis
1764 3983 2022 4048 declarat,

449 4075 589 4135 quod
616 4090 677 4127 ea
705 4090 822 4143 qua:
850 4076 915 4129 ad
946 4076 1223 4130 veritatem
1253 4082 1518 4144 spectant,
1536 4075 1635 4128 hoc
1660 4084 1745 4127 est
1774 4074 2022 4144 mystica,

450 4174 555 4214 non
586 4164 832 4216 omnibus
864 4163 1044 4217 dicere
1073 4162 1343 4225 convenit,
1369 4163 1461 4217 sed
1503 4162 1750 4230 proximo
1791 4180 1805 4216 :
1844 4165 1894 4216 id
1920 4170 2022 4225 est,

452 4264 555 4305 non
582 4251 739 4321 vulgo
768 4254 1016 4320 prodere,
1063 4254 1157 4307 sed
1213 4253 1592 4323 mysteriorum
1645 4254 2020 4322 participibus.

449 4341 600 4408 Quod
616 4343 659 4396 si
680 4343 878 4397 veritas
905 4354 988 4399 est
1010 4343 1266 4401 Dominus
1290 4343 1551 4406 noster“,
1578 4346 1716 4399 hanc
1741 4346 2022 4400 veritatem

2132 3252 2199 3320 τῇ
2232 3247 2431 3320 καρδίᾳ
2455 3245 2621 3302 οὖσαν
2642 3249 2736 3302 τοῦ
2766 3249 2991 3314 τελείου,
3022 3248 3127 3322 χρὴ
3152 3248 3353 3311 ἀδόλως
3392 3251 3450 3303 ἐν
3474 3249 3607 3301 πᾶσι
3636 3247 3718 3318 τῷ

2135 3340 2359 3410 πλησίον
2386 3340 2739 3411 παραδιδόναι
2766 3357 2780 3371 ⁸
2812 3342 2872 3394 ὲν
2901 3341 2958 3394 δὲ
2978 3344 3093 3405 τοῖς
3130 3341 3271 3395 κατὰ
3304 3341 3395 3394 τὸν
3430 3341 3543 3411 βίον
3571 3341 3717 3412 πρά-

2133 3447 2361 3500 γμασιν,
2383 3430 2479 3483 ὲάν
2514 3447 2617 3482 που
2651 3430 2747 3483 καὶ
2779 3430 3044 3503 διαπίπτῃ
3076 3433 3174 3503 τῆς
3197 3431 3454 3503 ἀληθείας
3488 3433 3518 3485 ό
3551 3448 3717 3485 σπου-

2132 3520 2299 3583 δαῖος,
2339 3520 2494 3574 οὐδὲν
2523 3521 2780 3590 ἐμπόδιον
2809 3521 2957 3593 αὐτῷ
2985 3525 3066 3587 είς
3090 3522 3160 3576 τά
3186 3523 3516 3596 προκείμενα
3537 3523 3711 3578 ἔσται.

2133 3614 2299 3667 Πόσοι
2336 3612 2446 3685 γὰρ
2485 3613 2689 3667 στάδιοι
2743 3616 2846 3686 γῆς
2893 3616 2925 3685 ἦ
2967 3615 3261 3686 θαλάσσης,
3309 3617 3404 3671 καὶ
3448 3617 3598 3670 πόσοι
3629 3633 3715 3670 κι-

2133 3704 2347 3760 νοῦνται
2394 3706 2501 3760 τῶν
2541 3707 2806 3778 ἀστέρων,
2850 3708 2944 3760 καὶ
2979 3706 3143 3761 πόσον
3171 3707 3355 3778 ἔτερος
3387 3706 3481 3760 τοῦ
3524 3707 3713 3776 ἑτέρου

2133 3798 2355 3869 προέχει
2398 3798 2476 3869 τῷ
2509 3799 2685 3870 τάχει,
2721 3799 2817 3852 ἐὰν
2867 3800 2941 3870 μὴ
2990 3800 3219 3872 εἰδῶμεν
3261 3801 3360 3871 τὴν
3408 3802 3466 3854 ὲν
3502 3800 3713 3864 τούτοις

2134 3890 2412 3961 ἀλήθειαν,
2465 3891 2617 3944 οὐδὲν
2661 3894 2792 3963 ἡμῖν
2828 3893 3108 3963 ὲμποδίσει
3155 3893 3290 3965 πρὸς
3328 3893 3389 3946 τὸ
3435 3894 3712 3963 ἐπιτυχεῖν

2131 3982 2233 4052 τῆς
2274 3983 2333 4037 ἐν
2375 3983 2729 4052 ἐπαγγελίαις
2770 3984 3188 4055 μακαριότητος.
3228 3984 3381 4055 Τάχα
3427 3984 3484 4036 δέ
3515 4001 3569 4036 τι
3615 3984 3712 4036 καὶ

2131 4073 2370 4127 τοιοῦτον
2395 4076 2527 4146 ἡμῖν
2568 4075 2596 4125 ὁ
2618 4074 2785 4143 ,λόγος
2822 4075 3173 4146 παρίστησιν,
3203 4076 3285 4128 ὅτι
3321 4075 3388 4129 τά
3416 4075 3545 4146 περὶ
3577 4075 3712 4142 ἀλη-

2132 4165 2299 4231 θείας,
2350 4165 2615 4231 τουτέστι,
2664 4166 2734 4219 τά
2791 4168 3046 4236 μυστικὰ,
3086 4167 3266 4221 λαλεῖν
3305 4167 3581 4238 προσῆκεν
3644 4168 3706 4219 οὑ

2132 4258 2316 4320 παντὶ,
2352 4257 2488 4310 ἀλλά
2526 4257 2603 4329 τῷ
2648 4258 2878 4328 πλησίον
2897 4276 2909 4288 ·
2937 4260 3058 4312 ἀντὶ
3098 4259 3214 4321 τοῦ.
3248 4261 3348 4313 οὐκ
3369 4261 3449 4322 είς
3470 4261 3596 4322 τοὺς
3624 4276 3711 4311 τυ-

2132 4349 2326 4418 χόντας
2382 4350 2684 4419 ἐκφαίνειν,
2733 4350 2869 4404 ἀλλά
2912 4353 3038 4415 τοὺς
3088 4353 3552 4423 κεκοινωνηκότας
3601 4350 3710 4404 τῶν

451 4433 788 4502 impressam,
803 4444 858 4490 et
877 4436 1270 4505 quodammodo
1297 4437 1634 4505 obsignatam
1655 4438 2024 4507 unusquisque

2135 4440 2466 4509 μυστηρίων.
2498 4442 2561 4494 Ei
2592 4441 2649 4494 δὲ
2679 4442 2753 4511 (6)
2781 4442 3007 4513 ἀλήθεια
3044 4444 3073 4494 ὁ
3112 4443 3314 4514 Κύριος
3350 4441 3506 4514 ἡμῶν
3537 4444 3704 4502 ἐστιν.

450 4526 503 4578 itt
546 4526 708 4578 corde
764 4538 948 4580 nOStro
1002 4528 1371 4582 retineamus:
1416 4529 1482 4582 de
1510 4544 1616 4598 qua
1663 4528 1939 4582 nobiscum
1970 4528 2020 4581 itt

2131 4504 2574 4605 ἐντετυπωμένην
2618 4504 2712 4589 καί
2738 4504 2903 4588 οἱονεὶ
2928 4504 3475 4607 ἐσφραγισμένηνητῇ
3512 4535 3705 4588 ἑαυτοῦ

448 4613 702 4669 cotdibus
735 4614 1036 4684 loquentes,
1067 4632 1133 4672 ne
1170 4620 1388 4671 verbum
1420 4617 1711 4688 Evangelii,
1742 4617 1866 4671 dum
1894 4617 2021 4672 illud

450 4715 634 4760 nostro
664 4706 910 4775 proximo
944 4709 1317 4776 praedicamus,
1346 4709 1468 4762 dolo
1507 4709 1616 4764 ullo
1645 4724 2014 4779 aspergamus.

2127 4624 2325 4695 καρδίᾳ
2367 4625 2571 4697 ταύτην
2612 4625 2711 4696 τὴν
2753 4626 3010 4697 ἀλήθειαν
3041 4627 3269 4689 ἕκαστος
3294 4626 3505 4697 ἔχωμεν
3529 4642 3544 4656 ⁸
3580 4626 3709 4695 περὶ

2125 4712 2193 4790 ἧς
2234 4717 2520 4782 λαλοῦντες
2564 4722 2623 4773 ὲν
2655 4722 2777 4783 ταῖς
2809 4720 3055 4793 καρδίαις
3084 4721 3317 4782 ἑαυτοῖς,
3367 4718 3440 4789 μὴ
3468 4717 3709 4787 δολῶμεν

451 4796 551 4862 Qui
602 4815 704 4852 non
731 4800 834 4869 egit
868 4800 1046 4854 dolum
1086 4803 1141 4854 in
1176 4801 1357 4871 lingua
1396 4819 1517 4856 sua.
1548 4801 1710 4857 Dolus
1751 4803 1803 4858 in
1840 4804 2020 4859 multis

2131 4809 2215 4862 τὸν
2257 4809 2414 4878 λόγον
2466 4810 2562 4863 τοῦ
2606 4812 2938 4880 Εὑαγγελίου
2983 4812 3041 4864 ὲν
3081 4810 3160 4881 τῷ
3201 4810 3550 4879 ἀναγγέλλειν
3596 4811 3708 4872 τοῖς

449 4890 741 4960 Scriptura:
764 4891 893 4947 locis
914 4902 971 4947 ut
992 4893 1239 4948 inimicus
1263 4893 1355 4947 Dei
1379 4894 1695 4947 traducitur.
1717 4893 2015 4963 Dispertlut,

450 4983 641 5053 inquit,
672 4982 920 5039 Dominus
943 4987 1183 5040 universa
1203 4986 1344 5038 labia
1371 4986 1631 5040 dolosa".
1654 4985 1880 5052 Rursus,
1908 4986 2016 5039 Do-

2126 4900 2351 4970 πλησίον
2384 4901 2541 4972 ἡμῶν
2576 4903 2636 4955 τὸ
2679 4905 2959 4974 κήρυγμα.
3015 4904 3111 4969 Ὃς
3149 4904 3260 4956 οὐκ
3298 4901 3599 4955 ἐδόλωσεν
3638 4898 3710 4952 ἐν

2123 4990 2372 5060 γλώσσῃ
2405 4991 2612 5046 αὐτοῦ.
2640 4992 2915 5063 Πολλαχοῦ
2944 4992 3021 5064 (7)
3050 4992 3124 5055 ὡς
3146 4992 3340 5064 ἐχθρὸς
3374 4990 3468 5044 τοῦ
3508 4989 3644 5044 Θεοῦ
3676 4992 3709 5045 ὁ

518 5141 559 5173 ⁸⁸
593 5140 746 5200 Deut.
787 5160 897 5210 xvt,
932 5144 1024 5201 20.
1097 5150 1141 5182 ⁹²
1174 5148 1214 5205 ll
1236 5148 1376 5209 Tim.
1413 5168 1471 5216 tl,
1521 5150 1603 5205 15.
1680 5152 1725 5185 ³³
1758 5152 1941 5206 Matth.
1975 5168 2026 5206 κι

2131 5153 2190 5207 14.
2267 5151 2310 5185 ⁸⁸
2345 5151 2500 5207 Joan.
2531 5169 2642 5218 xw,
2673 5152 2725 5206 6.
2801 5154 2847 5187 ’⁸
2875 5152 3014 5208 Psal.
3051 5154 3182 5218 “,5.

518 5301 593 5372 (Ἃ.)
624 5300 715 5373 Τῷ
743 5302 818 5374 μὴ
844 5301 1006 5375 ἔχειν.
1032 5300 1155 5375 Hoc
1178 5313 1282 5367 est,
1315 5306 1438 5373 quia
1467 5305 1517 5360 id
1551 5305 1675 5359 facit
1711 5308 1932 5361 fortuito
1963 5321 2026 5361 ac

448 5380 673 5446 temere,
699 5390 815 5446 non
849 5374 1074 5446 exyartis
1098 5388 1398 5446 pra'ceptts.
1420 5377 1581 5431 Paulo
1612 5389 1731 5446 post
1759 5392 1887 5431 mss.
1917 5389 2026 5432 tres

447 5441 671 5517 babent_
698 5443 939 5517 Χριστοῦ
984 5441 1353 5517 μςοΚυρίου.
1406 5441 1625 5500 Ιὺίιίοιιῖ
1666 5446 1818 5517 Colh.
1861 5464 2024 5515 quar-

447 5520 533 5587 tus
568 5512 823 5587 πρόσεχε.
854 5512 997 5587 lttl‘ra
1025 5513 1155 5587 Reg.
1199 5512 1381 5587 Sextus
1432 5512 2017 5587 συμπαρεκτείνεσθαι.

2128 5323 2259 5378 tttss.
2296 5307 2468 5372 οὕτως
2500 5309 2754 5363 ἐνταῦθα.
2802 5309 2996 5365 Ibidem
3033 5319 3267 5378 quatuor
3300 5325 3428 5365 mss.
3468 5310 3699 5368 ἔνδοθεν.

2126 5377 2267 5432 Editi
2304 5396 2433 5449 cum
2480 5382 2718 5449 quinque
2761 5397 2890 5433 mss.
2943 5377 3111 5435 ἔνδον.
3173 5380 3341 5435 Pattlo
3384 5394 3505 5448 post
3547 5384 3700 5439 Colb.

2125 5459 2350 5532 quartus
2379 5448 2638 5573 eumipsa).
2678 5449 2817 5503 Infra
2856 5451 2995 5503 ident
3035 5468 3145 5532 ρης.
3179 5451 3522 5533 εντυχόντας.

2197 5516 2275 5573 (ω
2301 5518 2478 5572 Edttto
2553 5534 2685 5573 arts.
2720 5521 2769 5571 εἰ
2806 5519 2863 5571 δὲ
2890 5521 2943 5573 ἡ.
2985 5519 3082 5573 lltc
3108 5524 3368 5573 arttculus
3407 5538 3514 5573 non

2446 5534 2478 5572 0
2508 5534 2662 5574 l’al'IS

2197 5516 2275 5589 (ti)
2301 5516 2478 5572 Editio
2504 5516 2685 5593 Paris.
2720 5521 2769 5593 εἰ
2806 5519 2863 5571 δὲ
2890 5521 2943 5591 ἡ.
2985 5519 3082 5573 llic
3108 5516 3368 5593 articulus
3407 5516 3514 5577 non
3546 5539 3701 5593 repe-

448 5579 559 5633 Hoc
603 5579 1023 5657 i'psutitAverbum
1052 5579 1251 5657 legitur
1293 5579 1516 5654 quidem
1558 5579 1792 5643 in'Colb.
1827 5600 2019 5656 quarto
2123 5579 2268 5641 ritnr'
2296 5602 2471 5657 neque
2503 5592 2553 5642 in
2587 5592 2784 5644 nostris
2821 5579 2948 5643 mss.
2979 5605 3151 5657 neque
3187 5592 3237 5643 in
3270 5593 3505 5646 editione
3530 5579 3695 5650 Basil.

446 5665 679 5721 quoque,
712 5654 803 5708 sed
839 5654 890 5706 itt
929 5655 1171 5721 margine
1215 5657 1491 5712 duntaxat.

2299 5657 2472 5712 Editio
2502 5658 2674 5734 l'aris.
2706 5670 2760 5714 ct
2785 5675 2915 5713 mss.
2937 5656 3170 5734 quintius
3196 5663 3495 5734 πανταχοῦ.
3520 5664 3696 5719 Editio

515 5718 595 5789 15)
647 5720 773 5778 Mss.
824 5718 1071 5792 quinque
1102 5723 1243 5777 οὕτω
1277 5724 1390 5778 καί.
1452 5725 1593 5781 Editi
1621 5741 1753 5786 cum
1791 5734 2017 5797 quatuor

2131 5718 2283 5785 Basil.
2335 5730 2668 5802 cunt-tribus
2726 5744 2854 5786 mss.
2898 5718 3186 5801 πολλαχοῦ.
3241 5718 3692 5805 Ιιυοιῖὺύιι·ιιιιιιε
