4048 6220
473 252 581 310 239
1786 248 1843 304 S.
1885 245 2131 304 BASlLll
2172 245 2391 302 MAGNI
3618 240 3741 295 260

473 370 616 424 enim
652 368 802 424 nobis
830 367 1146 439 contingunt
1182 374 1379 437 praeter
1440 366 1792 433 voluntatem,
1846 382 1907 423 ea
1937 383 2042 422 non

2147 364 2269 419 σθαι
2303 364 2501 436 μᾶλλον
2531 364 2562 435 ἢ
2592 362 3011 435 καθυϐρίζεσθαι
3042 365 3166 428 τοὺς
3199 359 3531 433 ἀτυχοῦντας
3562 375 3739 432 προσ-

475 467 599 513 sunt
646 458 966 513 voluntaria.
1008 458 1169 527 Atqui
1209 457 1451 514 infelices
1498 457 1620 514 illos
1670 457 1739 513 ob
1787 456 1919 511 vitia
1960 456 2040 511 ci-
2150 456 2304 527 ἧκεν.

474 564 555 610 tra
605 555 769 619 animi
824 556 1144 611 sententiam
1204 555 1501 611 accidentia
1547 555 1718 611 satius
1759 566 1845 610 est
1881 552 2158 620 miserari,
2216 567 2378 622 quam
2438 566 2531 607 eos
2587 553 2913 608 contumelia
2963 551 3197 607 allicere.

546 647 599 702 5.
656 647 817 701 Vens.
845 646 900 699 4.
933 644 1014 699 Ad
1049 645 1270 701 nihilum
1298 648 1548 701 deductus
1583 648 1738 701 estin
1764 655 2039 713 conspectu

2219 644 2269 698 5.
2324 643 2741 709 Ἐξουδένωται
2793 643 3049 699 ἐνώπιον
3094 643 3281 698 αὑτοῦ
3332 644 3730 713 πονηρευόμε-

473 738 587 805 ejus
631 736 934 806 malignus:
968 736 1204 791 timentes
1239 747 1412 791 autem
1441 735 1722 790 Dominum
1754 736 2034 806 gloriﬁcat.

2144 753 2276 801 νος·
2312 736 2455 802 τοὺς
2497 734 2565 788 δὲ
2596 735 3005 805 φοϐουμένους
3042 735 3153 789 τὸν
3196 737 3417 803 Κύριον
3470 734 3723 801 δοξάζει.

478 828 569 883 Est
601 829 765 882 animi
807 842 1026 897 prorsus
1050 828 1250 896 magni,
1287 837 1341 883 et
1393 828 1532 884 inter
1564 842 1910 897 quascunque
1940 827 2041 881 hu-

2144 826 2531 897 Μεγαλοφυοῦς
2551 827 2785 891 διανοίας
2804 828 2896 880 καὶ
2921 828 3055 899 πρὸς
3076 828 3228 882 οὐδὲν
3254 827 3726 899 κατακλινομένης

475 937 757 978 manarum
782 937 960 976 rerum
986 921 1334 976 necessitates
1367 920 2040 990 immoti,viriquejustitite

2144 920 2253 976 τῶν
2292 920 2649 993 ἀνθρωπίνων
2701 921 2862 993 χρείᾳ
2911 920 3054 991 (12),
3114 922 3208 974 καὶ
3242 920 3435 993 ἀνδρὸς
3472 919 3568 993 τὴν
3619 919 3727 991 τῆς

476 1017 663 1069 habitu
691 1030 898 1069 summe
918 1015 1139 1082 exculti,
1163 1012 1555 1081 unicuiquejus
1583 1014 1852 1079 tribuere;
1880 1023 2040 1083 atque

2141 1014 2485 1085 δικαιοσύνης
2533 1014 2644 1081 ἕξιν
2678 1016 2757 1078 είς
2809 1014 2976 1085 ἄκρον
3028 1013 3484 1085 κατωρθωκότος,
3518 1013 3577 1066 τὸ
3607 1013 3725 1067 δια-

479 1106 548 1160 ad
581 1105 802 1161 nihilum
839 1105 1103 1160 deducere
1134 1107 1417 1176 malignos,
1455 1106 1667 1161 tametsi
1708 1106 2040 1176 principatus

2142 1107 2324 1177 νέμειν
2366 1106 2581 1177 ἑκάστῳ
2602 1106 2682 1160 ντά
2716 1106 2852 1179 πρὸς
2880 1105 3037 1170 ἀξίαν
3057 1122 3071 1135 ο
3104 1105 3230 1168 τούς
3260 1122 3320 1158 τε
3354 1104 3724 1176 πονηρευομέ-

478 1210 697 1265 magnos
751 1195 1014 1258 obtinent,
1060 1195 1270 1248 tametsi
1302 1195 1503 1249 divitiis
1544 1193 1790 1259 afﬂuunt,
1825 1194 2038 1251 tametsi

2139 1216 2261 1263 νους
2292 1197 2622 1265 ὲξουδενοῦν,
2653 1197 2757 1251 κᾶν
2781 1197 2879 1261 τὰς
2906 1195 3145 1268 μεγάλας
3173 1195 3376 1265 τύχωσι
3408 1196 3720 1260 δυναστείας

477 1288 735 1341 natalium
782 1285 1066 1355 splendore
1093 1296 1216 1341 sunt
1238 1286 1532 1356 conspicui,
1566 1286 1776 1341 tametsi
1806 1286 1906 1341 sibi
1938 1287 2037 1355 ipsi

2138 1288 2608 1361 περιϐεϐλημένοι,
2646 1288 2751 1342 κᾶν
2808 1287 3025 1358 πλούτῳ
3081 1286 3360 1358 κομῶντες
3415 1287 3517 1340 κᾶν
3565 1303 3721 1355 περι-

475 1377 1179 1441 vindicantclaritudinem,
1214 1383 1453 1431 attamen
1486 1378 1529 1430 si
1557 1378 1813 1445 iniquitas
1845 1376 1957 1432 sola
1985 1377 2040 1433 in

2141 1382 2338 1452 φανείᾳ
2390 1381 2598 1450 γένους,
2645 1378 2746 1433 κᾶν
2794 1379 3159 1451 λαμπρότητα
3200 1379 3412 1441 ἑαυτοῖς
3456 1378 3719 1447 ἐπιφημί-

478 1468 606 1537 ipsis
653 1467 1068 1536 deprehenditur
1100 1504 1115 1530 ,
1161 1465 1294 1520 tales
1355 1472 1421 1519 ad
1470 1466 1692 1520 nihilum
1755 1466 2041 1530 deducere,

2142 1473 2348 1538 ζοντες,
2376 1472 2611 1543 πονηρία
2631 1471 2686 1524 δὲ
2713 1470 2844 1541 μόνη
2869 1470 3246 1541 ἐνυπάρχουσα
3264 1471 3447 1532 αὐτοῖς
3467 1468 3714 1540 φωραθῇ,

476 1559 579 1612 hoc
630 1565 732 1622 est,
776 1556 927 1612 nihili
976 1556 1269 1619 aestimare,
1323 1555 1522 1625 magni,
1580 1558 1821 1625 inquam,
1872 1556 2042 1610 animi

2138 1564 2446 1629 ὲξουδενοῦν
2480 1565 2605 1627 τοὺς
2656 1561 2964 1625 τοιούτους,
2998 1561 3273 1615 τουτέστιν
3347 1561 3460 1614 ἀντ’
3504 1560 3716 1624 οὐδενὸς

474 1660 578 1706 est.
604 1650 825 1714 Contra,
864 1648 1111 1703 timentes
1144 1648 1449 1712 Dominum,
1486 1650 1730 1717 quamvis
1759 1648 1869 1704 sint
1909 1664 2042 1719 pau-

2140 1656 2468 1725 λογίςεσθαι.
2502 1653 2775 1725 Ἔμπαλιν
2804 1652 2882 1717 δὲ,
2925 1653 3050 1716 τοὺς
3080 1652 3444 1723 φοϐουμένους
3478 1653 3568 1705 τὸν
3601 1653 3714 1707 Κύ-

473 1756 653 1813 pcres,
673 1741 916 1810 quamvis
949 1740 1192 1794 obscuris
1244 1739 1354 1794 sint
1387 1742 1489 1794 orti
1521 1741 1810 1805 natalibus,
1846 1754 2040 1808 quam—

2113 1765 2275 1821 ξριον,
2317 1747 2419 1801 κᾶν
2454 1748 2682 1816 πένητες
2729 1740 2853 1810 ὦσι,
2903 1744 3009 1798 κᾶν
3054 1744 3302 1811 ἀγενεῖς,
3353 1744 3456 1798 κᾶν
3506 1744 3711 1798 ἰδιῶται

473 1832 556 1885 vis
603 1831 709 1885 sint
767 1831 1033 1885 sermonis
1083 1832 1340 1899 imperiti,
1394 1841 1485 1888 aut
1536 1846 1762 1901 corpore
1817 1832 2039 1899 inﬁrmi,

2138 1839 2217 1911 τῷ
2248 1841 2412 1910 λόγῳ,
2463 1837 2566 1892 κᾶν
2613 1837 2860 1899 ἀσθενεῖς
2906 1837 2986 1908 τῷ
3039 1835 3281 1906 σώματι,
3327 1837 3567 1903 δοξάζειν
3618 1838 3715 1892 καὶ

473 1922 641 1992 gloria
683 1922 981 1988 cumulare,
1044 1923 1404 1992 maximisque
1458 1923 1703 1979 laudibus
1753 1923 2038 1990 extollere,

2139 1932 2455 2004 ὑπεραίρειν
2524 1930 2617 1984 καί¹
2692 1929 2994 2001 μακαρίους
3062 1929 3345 2001 ἡγεῖσθαι,
3403 1928 3717 1999 δεδιδαγμέ-

472 2026 529 2069 ει
588 2015 774 2069 beatos
825 2014 1183 2079 existimare,
1240 2029 1360 2068 cum
1401 2014 1663 2085 ejusmodi
1717 2015 1859 2070 viros
1904 2030 2044 2086 pra:-

2136 2041 2228 2080 νον
2258 2022 2368 2095 (15)
2398 2021 2549 2093 παρά
2575 2020 2670 2074 τοῦ
2699 2018 3018 2091 Πνεύματος
3049 2019 3371 2091 μακαρίζειν
3392 2019 3519 2082 τοὺς
3546 2017 3716 2071 τοιού-

475 2106 660 2159 dicare
711 2105 898 2159 beatos
943 2104 1014 2158 sit
1066 2120 1093 2157 a
1139 2105 1342 2174 Spiritu
1389 2106 1631 2160 edoctus.
1687 2104 1838 2159 Beati
1876 2107 2035 2172 enim,

2136 2133 2276 2180 τους.
2304 2113 2594 2183 Μακάριοι
2622 2112 2753 2183 γὰρ,
2800 2112 2954 2182 φησὶ,
3001 2111 3223 2178 πάντες
3257 2115 3310 2165 οί
3359 2111 3713 2180 φοϐούμενοι

477 2196 671 2266 inquit,
697 2212 872 2250 omnes
897 2195 986 2265 qui
1009 2195 1189 2249 timent
1221 2194 1574 2252 Dominum".
1603 2195 1769 2251 Porro
1794 2196 2032 2267 ejusdem

2138 2205 2244 2259 τὸν
2281 2205 2518 2273 Κύριον.
2562 2204 2674 2274 Τῆς
2701 2202 2871 2272 αὐτῆς
2899 2202 2956 2255 δέ
2993 2203 3107 2255 ἐστι
3137 2200 3373 2265 διανοίας
3408 2200 3500 2253 τόν
3522 2216 3581 2251 τε
3614 2214 3717 2251 πο-

480 2288 648 2342 aninii
715 2299 799 2343 est
827 2328 842 2351 ,
886 2298 940 2342 et
994 2287 1282 2357 malignum
1325 2288 1714 2357 quantumlibet
1759 2288 1827 2343 ob
1877 2289 2037 2343 clari-

2135 2296 2493 2369 νηρευόμενον
2520 2292 2893 2359 ὲξουδενῶσαι,
2935 2292 3036 2346 κᾶν
3070 2293 3436 2364 ὑπεραίρηται
3461 2289 3710 2362 λαμπρό-

477 2380 716 2433 tudinem
766 2378 963 2434 elatum
1006 2380 1072 2432 ad
1116 2379 1340 2434 nihilum
1397 2381 1686 2445 deducere,
1741 2390 1793 2435 et
1829 2380 2037 2434 timenti

2135 2405 2278 2459 τητι,
2318 2389 2413 2440 καὶ
2440 2386 2532 2439 τὸν
2574 2384 2903 2455 φοϐούμενον
2947 2385 3037 2439 τὸν
3067 2385 3272 2456 Κύριον
3314 2383 3574 2448 δοξάζειν,
3604 2381 3711 2436 κᾶν

481 2470 785 2534 Dominum,
841 2484 1149 2540 quanquam
1204 2470 1381 2525 tenuis
1438 2480 1520 2524 est
1552 2510 1567 2536 ,
1618 2484 1924 2540 quanquam
1981 2471 2036 2525 in

2137 2479 2359 2549 εὐτελὴς
2385 2474 2440 2551 ᾖ,
2471 2476 2574 2531 κᾶν
2603 2476 2771 2547 πένης
2803 2476 2860 2537 ὲν
2893 2474 2970 2545 τῷ
3008 2474 3126 2546 βίῳ,
3164 2473 3265 2528 κᾶν
3298 2471 3711 2544 εὐκαταφρόνη-

475 2565 584 2617 vita
643 2578 862 2634 pauper,
910 2577 1215 2632 quanquam
1276 2562 1670 2633 aspernabilis,
1725 2578 2032 2634 quanquam

2136 2587 2247 2634 τος,
2283 2569 2384 2623 κᾶν
2426 2568 2589 2640 μηδὲν
2627 2566 2734 2620 τῶν
2765 2566 2919 2629 tm;
2961 2565 3417 2637 προκαλουμένων
3460 2567 3538 2628 είς
3571 2565 3712 2618 ἀπο-

475 2656 611 2710 nihil
647 2667 955 2720 externum,
1007 2670 1113 2723 quo
1146 2657 1543 2711 commendatio
1587 2658 1873 2723 excitetur,
1907 2672 2035 2727 pos—

2135 2661 2293 2732 δοχὴν
2326 2659 2679 2731 κεκτημένος.
2710 2658 2762 2710 '0
2807 2658 3043 2727 ὀμνύων
3089 2656 3168 2722 τῷ
3200 2657 3466 2726 πλησίον
3495 2653 3705 2719 αὐτοῦ,

476 2746 657 2809 sidet,
712 2748 936 2816 gloriam
988 2746 1140 2799 dare.
1192 2747 1295 2811 Qui
1337 2747 1489 2815 jurat
1534 2748 1772 2814 proximo
1819 2764 1936 2812 suo,
1986 2757 2037 2801 et

2138 2753 2237 2806 καὶ
2268 2754 2379 2806 οὐκ
2409 2749 2651 2805 ἀθετῶν.
2685 2749 2748 2801 Τί
2781 2748 2844 2820 δή
2870 2766 2998 2802 ποτε
3025 2747 3259 2803 ἐνταῦθα
3292 2748 3391 2819 μὲν
3417 2749 3451 2820 η
3483 2746 3707 2818 εὐορκία

476 2856 579 2893 non
614 2839 823 2908 decipit.
843 2839 952 2894 Cur
983 2840 1197 2894 tandem
1235 2839 1321 2893 hic
1357 2838 1722 2908 juramentum
1752 2840 1894 2896 inter
1915 2855 2032 2906 eas,

2141 2842 2501 2912 συγχωρεῖται
2553 2841 2611 2892 ὲν
2662 2841 2773 2900 τοῖς
2814 2836 2893 2907 τῷ
2928 2837 3118 2907 τελείῳ
3173 2837 3471 2908 πρέπουσιν
3514 2834 3708 2906 ἀνδρα-

478 2944 598 2996 quae
657 2929 828 2982 virum
888 2927 1189 2998 perlectum
1236 2928 1446 2994 decent,
1471 2928 1696 2983 virtutes
1728 2928 1902 2984 locum
1935 2931 2035 2985 ob-

2138 2933 2468 3003 γαθήμασιν,
2511 2933 2568 2984 ὲν
2603 2929 2659 2983 δὲ
2702 2928 2779 2999 τῷ
2816 2928 3132 2998 Εὐαγγελίῳ
3174 2927 3451 2991 παντελῶς
3500 2926 3710 2993 emus.

479 3023 634 3084 tinet,
694 3020 746 3073 in
794 3019 1087 3089 Evangelio
1120 3034 1249 3075 vero
1299 3033 1520 3089 prorsus
1556 3019 1886 3089 prohibitum
1914 3022 2037 3075 est?

2142 3041 2364 3095 ρευται;
2429 3025 2522 3090 Τίς
2583 3021 2971 3092 παροικήσει,
3022 3021 3120 3074 καὶ
3179 3023 3272 3086 τίς
3328 3017 3711 3097 κατασκηνώ-

476 3114 608 3180 Quis
656 3113 1074 3182 peregrinabitnr
1111 3123 1160 3167 et
1233 3113 1351 3184 quis
1383 3115 1699 3184 requiescet?
1746 3113 1851 3180 Qui
1884 3115 2074 3186 juratt

2139 3131 2234 3169 σει
2271 3114 2411 3185 (id);
2459 3115 2522 3166 Ὀ
2554 3114 2791 3183 ὀμνύων
2826 3111 2906 3177 τῷ
2937 3112 3203 3178 πλησίον
3227 3109 3433 3176 αὑτοῦ,
3466 3108 3564 3163 καὶ
3597 3110 3710 3162 οὐκ

473 3206 710 3273 proximo
751 3220 867 3270 suo,
914 3214 960 3259 et
1009 3220 1111 3258 non
1149 3205 1361 3275 decipit.
1389 3205 1500 3261 Illic
1534 3220 1683 3271 vero,
1718 3205 1834 3276 Ego
1859 3218 2035 3262 autem

2137 3207 2380 3262 ἀθετῶν.
2419 3206 2564 3258 Ἐκεῖ
2604 3205 2680 3269 δὲ,
2722 3202 2861 3269 Ἐγὼ
2890 3202 2959 3255 δὲ
3004 3202 3162 3273 λέγω
3192 3202 3336 3272 ὑμῖν
3361 3202 3448 3271 μὴ
3493 3201 3706 3269 ὀμόσαι

475 3299 593 3350 dico
643 3295 804 3361 vobis,
854 3305 911 3349 ut
960 3311 1025 3349 ne
1074 3296 1268 3366 juretis
1311 3298 1522 3350 omnino
1546 3297 1613 3351 ³³.
1663 3297 1800 3364 Quid
1867 3299 2036 3368 igitur

2137 3297 2311 3364 ὅλως.
2338 3298 2402 3350 Τί
2427 3293 2519 3352 οὖν
2548 3312 2760 3368 φαμεν;
2789 3294 2911 3348 Ὅτι
2948 3293 3223 3365 πανταχοῦ
3255 3291 3350 3347 τοῦ
3384 3291 3547 3347 αὐτοῦ
3581 3307 3708 3344 σκοσ

477 3388 755 3445 dicemus?
810 3387 1095 3443 Dominum
1154 3403 1317 3458 scopo
1377 3389 1553 3445 eidem
1623 3390 1823 3460 ubique
1869 3392 2038 3446 inhae-

2136 3388 2238 3442 ποῦ
2265 3390 2443 3459 ἔχεται
2472 3392 2500 3443 ὀ
2527 3388 2750 3460 Κύριος,
2790 3386 3190 3459 προλαμϐάνων
3229 3385 3335 3439 τῶν
3382 3382 3707 3456 ἁμαρτημά-

469 3497 602 3536 rere
637 3501 651 3536 :
683 3483 878 3552 quippe
927 3491 1269 3550 peccatorum
1331 3484 1571 3537 occurrit
1615 3481 1918 3549 eil‘ectibus,
1982 3494 2038 3540 et

2133 3495 2240 3531 των
2268 3479 2338 3531 τὰ
2387 3478 2973 3549 ἀποτελέσματα,,καὶ
3007 3479 3070 3531 ὲκ
3116 3477 3216 3547 τῆς
3263 3471 3486 3547 πρώτης
3532 3474 3708 3545 ἀρχῆς

479 3571 868 3641 malignitatem
921 3586 950 3626 a
1007 3571 1180 3642 prima
1235 3572 1445 3642 origine
1490 3574 1779 3629 exscindit.
1836 3574 2034 3642 Quem-

2134 3568 2410 3640 ἐκτέμνων
2452 3569 2549 3641 τὴν
2602 3571 2885 3640 πονηρίαν.
2942 3568 3029 3632 Ὠς
3083 3567 3192 3639 γὰρ
3235 3569 3263 3620 ὁ
3319 3568 3416 3638 μὲν
3481 3564 3707 3627 παλαιὸς

474 3663 760 3716 admodum
816 3663 960 3716 enim
1019 3663 1230 3718 dicebat
1286 3663 1370 3717 lex
1420 3665 1690 3735 antiqua:
1736 3663 1861 3720 Non
1910 3682 2035 3721 mae-

2133 3659 2285 3729 ἔλεγε
2318 3661 2500 3731 νόμος,
2534 3663 2615 3714 Οὐ
2628 3662 2996 3731 μοιχεύσεις
3020 3662 3048 3713 ὀ
3076 3660 3133 3712 δὲ
3154 3659 3376 3729 Κύριος,
3402 3656 3554 3711 Οὐδὲ
3583 3656 3708 3709 ἐπι-

472 3753 784 3819 chaberis“,
838 3754 1095 3810 Dominus
1139 3769 1287 3822 vero,
1321 3754 1446 3810 Non
1477 3757 1865 3827 concupisces"
1896 3776 1909 3812 :
1947 3758 2034 3813 illa

2134 3751 2423 3822 θυμήσεις
2448 3770 2460 3782 ·
2496 3754 2746 3816 κάκεῖνος
2771 3753 2889 3823 μὲν,
2922 3754 3003 3806 Οὐ
3037 3752 3375 3821 φονεύσεις·
3397 3750 3426 3801 ὁ
3443 3750 3499 3802 δὲ
3525 3747 3594 3801 τά
3620 3763 3709 3800 τε-

472 3845 689 3913 quidem
724 3863 739 3900 :
775 3844 897 3899 Non
929 3846 1212 3910 occides”,
1266 3847 1354 3902 hic
1391 3862 1520 3903 vero
1546 3849 1867 3918 perfectiora
1895 3864 2034 3918 prte-

2132 3843 2377 3916 λειότερα
2405 3843 2729 3915 νομοθετῶν,
2761 3842 2914 3897 Οὐδὲ
2939 3842 3271 3913 ὀργνσθήσῃ
3290 3859 3305 3872 ·
3340 3840 3482 3894 οὕτω
3509 3840 3575 3911 δὴ
3612 3838 3709 3892 καὶ

471 3935 748 3998 scribens,
773 3935 892 3990 Non
940 3938 1240 3993 irasceris"
1271 3954 1285 3992 :
1318 3938 1396 3993 sic
1429 3954 1561 3994 sane
1602 3941 1764 3995 etiam
1792 3940 1894 3996 hoc
1919 3942 2036 3997 loco

2133 3933 2363 3988 ἐνταῦθα
2386 3933 2415 3984 ὀ
2451 3933 2549 4004 μὲν
2590 3933 2842 4004 ἀρκεῖται
2877 3934 2943 4003 τῇ
2974 3932 3218 4003 εὐορκίᾳ,
3248 3933 3277 3984 ὁ
3301 3930 3359 3984 δὲ
3398 3931 3499 4001 τῆς
3532 3932 3711 4002 ἐπιορ-

472 4025 567 4079 illa
625 4026 841 4095 quidem
909 4036 1163 4082 contenta
1218 4038 1301 4083 est
1336 4037 1484 4083 recto
1547 4028 1856 4097 iuramento
1898 4031 2035 4086 :bic

2133 4025 2257 4089 κίας
2287 4024 2385 4094 τὴν
2428 4025 2678 4095 ἀφορμὴν
2723 4023 3022 4078 διακόπτει.
3061 4024 3118 4076 ὐ
3166 4023 3264 4095 μὲν
3292 4023 3401 4094 γάρ
3434 4020 3698 4093 εὺορκῶν,

471 4129 603 4170 vero
623 4114 846 4186 periurii
896 4116 1169 4172 exscindit
1194 4120 1556 4173 occasionem.
1581 4117 1683 4187 Qui
1712 4120 1858 4174 enim
1887 4129 2034 4175 recte

2133 4117 2292 4188 τυχὸν
2317 4116 2383 4170 ἄν
2410 4116 2522 4187 (15)
2553 4133 2683 4169 ποτε
2712 4117 2807 4169 καὶ
2841 4115 3222 4187 παρασφαλείη
3260 4114 3437 4168 ἄκων·
3469 4116 3499 4167 ὁ
3534 4113 3591 4166 δὲ
3632 4112 3707 4184 μὴ

471 4215 528 4260 ει
577 4220 705 4262 vere
772 4207 941 4276 jurat,
992 4196 1224 4264 fortaSse
1271 4210 1432 4265 etiam
1481 4211 1591 4265 falli
1648 4227 2032 4281 nonnunquam

2134 4209 2372 4280 ὀμνύων,
2401 4210 2490 4263 τὸν
2515 4209 2614 4279 τῆς
2636 4209 2919 4279 ἐπιορκίας
2950 4208 3191 4261 κίνδυνον
3223 4206 3574 4276 διαπέφευγε.
3605 4203 3707 4258 Τὸν

471 4304 648 4364 potest
698 4294 901 4351 invitus
932 4315 946 4355 :
978 4298 1069 4367 qui
1130 4314 1258 4355 vero
1312 4315 1420 4356 non
1460 4299 1628 4368 iurat,
1686 4301 1909 4372 perjurii
1957 4303 2033 4356 vi-

2137 4303 2299 4373 ὅρκον
2326 4302 2384 4354 δὲ
2413 4299 2679 4370 πολλαχοῦ
2705 4299 2798 4352 καὶ
2820 4300 2918 4369 τὴν
2946 4297 3279 4369 ἀμετάθετον
3311 4299 3441 4369 περ)⁵
3478 4296 3706 4350 ἑκάστω

474 4385 606 4439 tavit
649 4387 967 4455 periculum.
1018 4388 1135 4445 Jam
1181 4404 1309 4447 vero
1368 4391 1531 4445 etiam
1568 4392 1751 4446 multis
1793 4392 1846 4446 in
1898 4391 2072 4464 locis.

2135 4394 2456 4464 πράγματος
2493 4390 2879 4445 διαϐεϐαίωσιν
2917 4386 3172 4459 ὀνομάζει
3193 4405 3207 4419 '
3238 4389 3314 4451 ὡς
3341 4387 3424 4452 τὸ,
3456 4388 3704 4456 Ὠμοσα,

472 4478 688 4532 ﬁrmum
743 4491 798 4535 et
848 4481 1179 4538 immutabile
1234 4483 1301 4537 de
1360 4498 1681 4554 unaquaque
1713 4498 1772 4538 re
1832 4458 2070 4554 propo-1

2112 4457 2234 4538 κιιὶ
2262 4457 2505 4551 eamea
2536 4482 2642 4537 τοῦ
2670 4457 3057 4552 φυλάξασθαι
3092 4480 3166 4534 τὰ
3203 4480 3457 4549 κρίματα
3488 4477 3595 4547 τῆς
3623 4478 3710 4531 δι-

471 4572 724 4640 positum,
771 4570 1139 4639 juramentum
1191 4582 1387 4629 vocat:
1418 4585 1476 4629 ut
1517 4585 1602 4630 est
1648 4575 1800 4642 illud,
1823 4576 2031 4643 Juraui,

2138 4574 2467 4641 καιοσύνης
2502 4588 2653 4627 σου⁶
2700 4572 2795 4626 καὶ
2836 4571 2918 4637 τὸ,
2948 4572 3168 4642 Ὠμοσε
3205 4571 3455 4639 Κύριος,
3491 4569 3591 4626 καὶ
3636 4570 3710 4622 οὐ

566 4792 609 4824 ι’
660 4791 804 4846 Psal.
859 4808 1080 4862 cxxvn,
1139 4797 1188 4852 1.
1298 4797 1342 4829 ¹⁸
1386 4797 1572 4853 Matth.
1611 4815 1665 4867 ν,
1710 4799 1801 4854 34.
1914 4801 2070 4857 ¹¹⁵Ειε

472 4863 518 4897 ³⁷
547 4862 735 4918 Matth.
761 4877 813 4928 ν,
847 4863 937 4915 εε.

2108 4805 2154 4857 d.
2192 4818 2289 4869 xx,
2333 4801 2421 4856 14.
2545 4797 2592 4830 ¹⁸
2624 4794 2811 4852 Matth.
2850 4811 2906 4865 ν,
2950 4792 3043 4849 28.
3144 4795 3189 4826 ¹⁶
3237 4791 3410 4849 Exod.
3465 4806 3576 4859 xx,
3618 4792 3706 4849 i3.

548 5042 658 5116 (12)
711 5056 803 5097 me
853 5043 1067 5116 codices
1103 5057 1198 5097 sex
1231 5057 1350 5116 cum
1386 5041 1622 5116 editione
1649 5041 1814 5116 Basil.
1859 5040 2036 5116 Editio
2141 5052 2392 5115 pretatur
2423 5043 2717 5116 Didymus:
2752 5042 3120 5116 lui-amentum
3161 5039 3301 5113 quod
3337 5041 3577 5110 proximo
3628 5039 3713 5109 fa-

471 5111 649 5170 Paris.
662 5127 780 5182 cum
794 5114 1110 5182 quibusdam
1131 5128 1260 5170 mss.
1274 5112 1373 5182 τῆς
1383 5111 1489 5166 τῶν
1504 5113 1600 5166 ἀνθ
1610 5112 1802 5182 ρώπων
1822 5114 2032 5182 χρείας,

1389 5111 1802 5182 τῶνάνθρώπων
1822 5114 2032 5182 χρείας,
2139 5111 2279 5168 cium
2307 5125 2405 5177 est,
2436 5111 2645 5167 irritum
2670 5130 2775 5166 non
2797 5115 2987 5170 reddit.

474 5186 632 5256 male.
666 5178 904 5256 iNec—ita
952 5181 1118 5235 multo
1158 5192 1277 5251 post
1312 5178 1874 5256 tres_tttss.'tobg__6§'
1910 5200 2030 5236 πον.

2198 5182 2324 5256 ,(14)
2353 5185 2503 5245 lllud,
2538 5185 2596 5236 ὲν
2624 5183 2738 5256 δρει
2765 5182 2905 5252 ἁγίῳ
2935 5199 3050 5256 σου,
3080 5179 3605 5256 sequitur_nr_oxime
3654 5178 3709 5232 in

474 5253 710 5307 Subinde
736 5266 865 5306 mss.
892 5250 1393 5324 quatuortpmpaeﬁ.
1419 5253 1555 5324 Editi
1582 5268 1703 5324 cum
1729 5252 1848 5307 aliis
1876 5256 2035 5324 quin-

2140 5250 2316 5309 trihus
2352 5269 2481 5309 mss.
2509 5250 2689 5324 vocem
2716 5250 3149 5324 ιειατοισκηνιξισειἶ
3181 5250 3308 5324 Item
3332 5250 3487 5324 Qolh.
3516 5265 3711 5324 secun-

472 5337 577 5394 que
614 5318 1075 5394 mss._<pmpaiesiq.
1104 5318 1214 5377 Hoc
1235 5318 1420 5394 ipso'in
1449 5322 1568 5378 loco
1596 5322 1748 5378 multi
1784 5318 1914 5379 mss}
1941 5323 2034 5376 dw-

2139 5325 2241 5379 dus
2289 5321 2697 5392 κατασκηνώσει
2733 5324 2791 5394 ὲν
2827 5318 3044 5394 ὀρειτῷ
3058 5321 3197 5391 ἁγίῳ
3218 5320 3403 5394 αὐτοῦ.
3433 5318 3563 5387 Reg.
3597 5320 3709 5394 pri-

471 5390 527 5445 τὶ
553 5392 646 5445 τοῦ
672 5390 916 5463 μηδενός.
1043 5390 1049 5391 ⁷
1255 5390 1272 5394 “

2140 5409 2261 5447 ιιιιιε
2311 5390 2725 5463 habetiquoque
2759 5390 3026 5462 ert-"épst‘
3071 5390 3188 5457 σου,
3229 5392 3323 5463 sed
3378 5393 3428 5443 in
3463 5390 3711 5463 margine

2144 5464 2419 5516 duntaxat.
2477 5458 2662 5516 Facile
2709 5470 2885 5515 autem
2932 5458 3263 5516 "crediderim
3308 5458 3424 5514 hzec
3462 5460 3711 5514 habenda

546 5529 657 5603 (il’g)
690 5530 819 5600 Reg.
858 5530 1056 5603 tertius
1080 5531 1478 5603 διδασκομενον.
1511 5531 1662 5603 υοιι).
1682 5539 1924 5603 quartus
1941 5531 2032 5585 δε-

1600 5531 1662 5585 lb.
1682 5531 2032 5603 quartusSe-
2146 5547 2272 5587 esse
2299 5547 2398 5603 pro
2422 5531 2805 5603 additamentis
2834 5532 3198 5603 librariorum.

472 5597 752 5677 §9Ypé_li0v_.
774 5597 930 5677 'lnfra
959 5601 1109 5677 βεδε..
1140 5597 1325 5677 tertius
1357 5597 1872 5677 προσκαλουμένων.Δ
1894 5600 2038 5657 Sub-

2220 5597 2328 5673 (15)
2353 5602 2441 5677 sic
2464 5610 2595 5677 mets.
2623 5600 2766 5655 Editi
2790 5616 2915 5658 vero
2943 5600 3083 5672 τάχα
3096 5601 3182 5657 ἄν.
3205 5598 3372 5658 Paulo
3397 5608 3519 5672 post
3544 5600 3712 5671 aliqui

474 5668 766 5736 indeillud,
802 5671 895 5723 καὶ
920 5671 1019 5723 οὐκ
1049 5668 1274 5739 ἀθετῶν,
1306 5682 1353 5726 et
1380 5668 1480 5726 rion
1513 5668 1723 5743 decipit,
1758 5675 1828 5728 ita
1861 5673 2037 5729 inter-

1097 5670 1274 5739 θετῶν,
1306 5682 1353 5726 et
1380 5668 1480 5726 rion
1513 5668 1723 5743 decipit,
1758 5675 1828 5728 ita
1861 5673 2037 5729 inter-
2151 5668 2281 5730 mss.
2312 5668 2447 5742 μηδὲ
2464 5668 2695 5743 ὀμνύων.
