4048 6220
476 353 574 407 261

1612 336 1895 404 HOMILIA
1925 345 1942 400 1
1967 346 2031 400 IN
2071 344 2400 401 PSALMUM
2441 343 2584 402 XIV.

3608 344 3709 400 2:33

476 472 1037 544 μεταμεληθήσεται.
1064 470 1174 540 Οὐχ
1198 470 1280 522 ὅτι
1321 468 1451 522 Θεὸν
1477 469 1555 532 εἰς
1587 469 1890 540 μαρτυρίαν
1932 469 2038 521 τῶν

2145 480 2190 521 et
2232 470 2394 522 statui
2446 469 2708 522 custodire
2763 467 2966 538 judicia
3021 467 3246 535 justitite
3300 457 3500 531 tum“;
3555 466 3705 531 item,

477 565 813 635 λαλουμένων
853 561 1330 632 πιστοποιούμενον
1371 561 1532 614 αὐτοῦ
1576 562 1674 633 τὴν
1718 561 2044 631 ἀμφιϐολίαν

476 659 816 728 παρήγαγεν,
863 655 975 708 ἀλλ’
1023 655 1104 707 ὅτι
1144 654 1432 724 ἀτρέπτοις
1484 654 1577 706 καὶ
1628 654 1902 723 ἀκινήτοις
1958 653 2042 705 δό-

475 750 645 823 γμασι
677 752 774 822 τὴν
802 751 901 820 τῆς
930 748 1260 819 ἐπαγγελίας
1299 749 1458 819 χάριν
1492 747 1568 817 τῷ
1600 749 1762 802 Δαϐὶδ
1789 748 2045 802 ἐϐεϐαίω-

477 859 584 896 σεν.
624 841 810 904 Οὕτως
846 834 938 893 οὖν
971 840 1066 893 καὶ
1111 838 1340 892 ἐνταῦθα
1381 837 1601 890 δυνατὸν
1647 838 1931 909 εἰρῆσθαιο
1984 838 2044 889 '0

475 936 710 1003 ὀμνύων
739 932 818 999 τῷ
860 934 1127 1000 πλησίον
1157 931 1343 986 αὑτοῦ
1363 949 1376 962 ·
1417 931 1681 994 τουτέστι,
1713 929 2046 984 διαϐεϐαιού-

478 1040 636 1092 μενος
657 1020 735 1092 τῷ
764 1021 1007 1092 πλησίον,
1035 1021 1129 1073 καὶ
1156 1021 1255 1072 οὐκ
1284 1019 1490 1074 ἀθετῶν
1511 1037 1524 1050 ·
1565 1020 1650 1072 ἵνα
1755 1019 2042 1089 σύμφωνον

474 1115 550 1185 τῷ
583 1114 732 1184 παρά
767 1112 865 1176 τοῦ
899 1113 1103 1184 Κυρίου
1136 1111 1429 1182 εἰρημένῳ,
1471 1109 1570 1180 τῷ,
1604 1111 1793 1162 Ἔστω
1833 1106 1942 1178 (16)
1977 1107 2044 1160 δὲ

472 1206 641 1277 ὑμῶν
667 1210 698 1260 ὁ
735 1209 937 1274 λόγος,
967 1203 1065 1257 ναὶ
1096 1202 1215 1264 ναὶ,
1244 1202 1339 1254 καὶ
1367 1200 1436 1254 οὓ
1471 1201 1561 1256 οὐ.
1587 1201 1721 1270 Περὶ
1747 1200 1854 1253 τῶν
1880 1200 2045 1254 τοιού-

472 1317 582 1353 των
616 1296 948 1368 πραγμάτων
972 1291 1277 1346 διαϐεϐαιού
1287 1308 1444 1362 μενος
1473 1291 1734 1343 κατάνευε
1753 1306 1767 1319 ο
1797 1290 1889 1342 καὶ
1917 1292 2044 1361 περὶ

472 1391 581 1445 τῶν
616 1390 688 1460 μὴ
720 1389 906 1450 ὄντων,
953 1385 1055 1438 κᾶν
1104 1384 1303 1445 πάντες
1336 1380 1608 1450 ἄνθρωποι
1652 1379 2038 1450 παρακαλῶσι,

478 1482 550 1551 μὴ
584 1477 920 1549 συμπεισθῇς
947 1493 1076 1527 ποτε
1115 1473 1263 1545 παρά
1293 1472 1389 1543 τὴν
1420 1472 1518 1542 τῆς
1549 1471 1762 1539 φύσεως
1784 1471 2041 1543 ἀλήθειαν

473 1568 982 1624 διαϐεὒαιὼσασθαι.
1029 1567 1105 1618 Οὐ
1158 1565 1345 1634 γέγονε
1397 1566 1458 1617 τὸ
1505 1566 1763 1637 πρᾶγμα,
1813 1566 2041 1636 ἄρνησις

473 1659 932 1715 ἐπακολουθείτωο
981 1658 1170 1726 γέγονε
1214 1657 1274 1708 τὸ
1326 1657 1587 1726 πρᾶγμα,
1647 1657 2040 1723 συγκατάθεσις

471 1749 861 1804 διαϐεϐαιούτω
890 1746 1222 1817 (17).·Χωρὶς
1250 1745 1348 1815 τῆς
1373 1745 1508 1814 πρθις
1538 1744 1723 1816 ’έτερον
1740 1745 2040 1816 ἐπιπλοκῆς

475 1843 642 1912 αὐτὴν
687 1841 808 1893 καθ’
846 1841 1040 1909 ἑαυτὴν
1085 1837 1256 1910 πειρῶ
1303 1839 1401 1907 τὴν
1452 1837 1708 1907 ἀλήθειαν
1750 1841 2039 1910 παριστᾷν,
2075 1815 2116 1872 Β

474 1933 656 2002 ψιλαῖς
699 1935 817 1991 ταῖς
861 1928 1271 1982 διαϐεϐαιὼσεσι
1318 1930 1673 1998 κεχρημένος.
1714 1929 1770 1982 ’0
1817 1931 2043 1992 ἄπιστος

472 2029 643 2100 ἑλέτω
686 2027 782 2096 τὴν
831 2024 1031 2095 βλάϐην
1063 2025 1160 2092 τῆς
1192 2023 1468 2084 ἀπιστίας.
1513 2021 1744 2092 Αίσχρὸν
1773 2021 1878 2093 γάρ
1911 2039 2045 2073 παν-

471 2120 640 2182 τελῶς
675 2118 768 2171 καὶ
814 2118 1040 2187 ἀνόητον
1085 2114 1275 2168 ἑαυτοῦ
1327 2116 1653 2187 κατηγορεῖν
1699 2113 1774 2176 ὡς
1824 2114 2041 2176 ἀναξίου

472 2213 725 2273 πίστεως,
767 2211 859 2263 καὶ
909 2209 1006 2280 τὴν
1037 2209 1100 2261 ὲκ
1141 2208 1248 2262 τῶν
1283 2209 1458 2279 ὅρκων
1507 2205 1805 2274 ἀσφάλειαν
1849 2205 2042 2271 ὲπιιρέυ

473 2303 676 2374 ρεσθαι.
722 2303 842 2354 Εἰσὶ
891 2300 947 2353 δέ
978 2317 1118 2362 τινες
1166 2300 1345 2366 λόγοι,
1396 2298 1654 2368 σχήματα
1709 2295 1808 2365 μὲν
1863 2296 2042 2366 ὅρκων

470 2395 715 2465 ἔχοντες,
759 2395 854 2462 οὐχ
905 2395 1057 2464 ὅρκοι
1092 2393 1148 2444 δὲ
1193 2391 1375 2455 ὅντες,
1422 2388 1557 2442 ἀλλά
1591 2388 1856 2459 θεραπεία
1907 2386 2043 2456 πρὸς

471 2490 595 2549 τοὺς
625 2486 940 2548 ἀκούοντας.
980 2485 1066 2549 Ὠς
1085 2485 1112 2536 ὁ
1149 2483 1347 2553 Ἰωσὴφ
1380 2481 1469 2534 τὸν
1500 2479 1794 2548 Αίγύπτιον
1814 2477 2046 2532 οἰκειού-

476 2595 654 2647 μενος,
697 2577 762 2646 νὴ
803 2576 900 2644 τὴν
945 2575 1154 2642 ὑγίεια)
1203 2572 1384 2643 ῶμνυε
1424 2570 1640 2640 Φαραώ.
1685 2570 1794 2622 Καὶ
1826 2572 1854 2623 ό
1891 2569 2048 2622 Ἀπό-

472 2669 656 2730 στολος
688 2668 786 2738 τὴν
838 2665 973 2737 πρὸς
1024 2665 1345 2736 Κορινθίους
1381 2662 1601 2733 ἀγάπην
1650 2661 1844 2714 ἑαυτοῦ
1901 2678 2044 2732 παρ-

475 2760 661 2819 ιστῶν,
689 2759 818 2829 ἔφη’
853 2759 942 2825 Νὴ
969 2759 1082 2824 τὴν
1125 2755 1414 2825 ὑμετέραν
1441 2754 1760 2820 καύχησιν,
1801 2750 1881 2818 ’ἢν
1927 2751 2046 2819 ἔχω

470 2854 540 2906 ἐν
573 2851 801 2921 Χρισῖῷ
839 2849 1031 2915 Ἰησοῦ
1062 2849 1140 2913 τῷ
1176 2848 1368 2916 Κυρίῳ
1412 2845 1600 2913 ἡμῶν.
1640 2845 1713 2896 Οὐ
1763 2845 1871 2914 γὰρ
1904 2859 2044 2913 παρ-

469 2946 667 3017 ήκουσε
701 2945 798 3015 τῆς
827 2942 1180 3011 εὐαγγελικῆς
1213 2939 1555 3018 διδασκαλίας
1584 2939 1611 2988 ό
1632 2938 1691 2990 τὸ
1710 2936 2044 3006 Εὐαγγέλιον

478 3039 938 3108 πεπιστευμένος,
976 3034 1111 3090 ἀλλά
1139 3035 1294 3102 λόγον
1345 3032 1496 3102 ψιλὸν
1529 3033 1584 3084 ὲν
1621 3033 1858 3102 σχήματι
1903 3047 2044 3100 παρ-

2144 559 2353 615 Juravit
2409 560 2702 617 Dominus:
2741 571 2789 616 et
2847 579 2949 616 non
2997 561 3262 630 paenitebit
3317 577 3433 615 eum
3457 563 3526 614 ‘°.
3584 559 3702 614 Non

2145 653 2286 721 quod
2356 655 2520 708 Deum
2579 655 2644 708 ad
2705 654 2965 708 dictorum
3037 652 3401 707 testimonium
3464 651 3712 706 introduc

2145 745 2325 810 xerit,
2370 745 2606 814 107‘“
2649 745 2814 798 veluti
2845 743 3229 798 dubitationem
3277 742 3376 810 ipsi
3423 741 3707 810 ademptu-

2147 852 2302 900 rum,
2341 837 2431 890 sed
2457 837 2596 904 quod
2628 837 2770 890 Deus
2801 834 3136 889 inconcussis
3175 833 3706 902 immutabilibusque

2147 927 2380 982 decretis
2437 926 2815 996 promissionis
2859 927 3088 994 gratiam
3119 924 3302 978 Davidi
3341 923 3702 978 conﬁrmavit.

2145 1016 2311 1085 Igitur
2345 1015 2460 1070 ﬁeri
2514 1025 2712 1085 potest,
2759 1023 2820 1069 ut
2862 1015 2950 1069 hic
3007 1015 3172 1068 etiam
3219 1016 3284 1069 ad
3315 1015 3564 1069 eumdem
3598 1031 3708 1070 mo-'

2146 1109 2268 1163 dum
2323 1109 2523 1163 dictum
2579 1108 2694 1163 sit:
2754 1106 2857 1172 Qui
2900 1107 3055 1178 jurat
3111 1109 3345 1176 proximo
3417 1124 3550 1171 suo;
3605 1108 3710 1164 hoc

2145 1212 2247 1267 εει,
2287 1200 2378 1268 qui
2432 1214 2538 1254 non
2585 1199 2867 1254 conﬁrmat
2909 1199 3178 1269 proximo,
3225 1207 3280 1253 et
3331 1213 3436 1252 non
3486 1200 3704 1270 decipit;

2145 1308 2250 1363 quo
2295 1293 2348 1347 id
2408 1292 2588 1348 verbis
2638 1291 2848 1346 Domini
2896 1291 3218 1346 conveniat:
3264 1291 3346 1346 Sit
3391 1303 3564 1346 autem
3601 1309 3709 1346 sera-

2144 1401 2228 1439 mo
2277 1395 2476 1439 uester:
2527 1383 2661 1450 Est,
2704 1393 2812 1447 est;
2852 1382 2998 1450 Non,
3040 1382 3232 1438 non”.
3287 1383 3393 1439 Res
3443 1383 3705 1453 ejusmodi

2143 1486 2276 1530 nutu
2352 1485 2410 1531 et
2460 1489 2686 1530 ascensu
2743 1483 2834 1528 tuo
2884 1474 3187 1530 conﬁrma:
3245 1490 3364 1544 quae
3420 1490 3549 1530 vero
3597 1490 3706 1532 non

2144 1567 2217 1621 ita
2279 1581 2340 1622 se
2393 1566 2614 1632 habent,
2661 1566 2910 1635 quamvis
2956 1581 3144 1621 omnes
3206 1567 3450 1623 homines
3501 1569 3704 1623 adhor-

2145 1667 2427 1722 tarentur,
2477 1668 2530 1711 et
2587 1657 2971 1722 obsecrarent;
3021 1671 3088 1711 ne
3157 1658 3428 1712 inducaris
3482 1668 3540 1714 ut
3604 1676 3708 1713 un-

2144 1764 2302 1818 quam
2336 1757 2530 1818 praeter
2570 1750 2815 1804 veritatis
2866 1759 3115 1805 naturam
3145 1750 3396 1807 aﬁirmes.
3423 1752 3538 1808 Non
3565 1753 3706 1810 facta

2143 1849 2226 1894 est
2281 1854 2387 1905 res,
2446 1839 2658 1909 negatio
2707 1849 2968 1908 sequatur
2995 1859 3007 1893 :
3038 1839 3176 1895 facta
3206 1851 3292 1896 est
3320 1857 3428 1905 res,
3460 1841 3708 1898 ﬁrmetur

2144 1945 2418 1985 assensus.
2459 1930 2707 1996 Studeto,
2752 1932 2885 1985 citra
2934 1931 3096 1985 ullam
3144 1947 3265 1986 cum
3317 1935 3419 1989 alia
3492 1950 3550 1990 re
3606 1935 3708 1991 im-

2143 2023 2512 2093 plicationem,
2571 2023 2742 2091 ipsam
2790 2037 2886 2092 per
2927 2037 2984 2076 se
3038 2024 3321 2080 veritatem
3378 2027 3708 2097 exprimere,

2144 2115 2375 2182 simplici
2433 2129 2496 2168 ac
2563 2117 2700 2169 nuda
2761 2113 3121 2171 aﬁirmatione
3194 2133 3344 2172 usus.
3398 2120 3710 2188 lucredulus

2145 2208 2546 2262 incredulitatis
2608 2210 2859 2262 damnum
2898 2208 3153 2278 perferat.
3193 2209 3372 2278 Turpe
3414 2213 3556 2264 enim
3593 2227 3710 2265 om-

2144 2300 2272 2353 nino
2321 2309 2372 2353 et
2429 2299 2651 2354 stultum
2697 2310 2781 2355 est
2843 2302 3081 2371 seipsum
3141 2311 3198 2355 ut
3262 2302 3367 2356 ﬁde
3431 2303 3704 2375 indignum

2145 2404 2441 2453 accusare,
2485 2405 2545 2445 ac
2607 2391 3038 2460 juramentorum
3086 2392 3432 2446 securitatem
3482 2394 3534 2447 in
3594 2407 3710 2446 tne-

2146 2480 2291 2534 dium
2344 2479 2606 2549 proferre.
2679 2481 2818 2536 Sunt
2878 2493 3056 2537 autem
3109 2499 3389 2539 sermones
3463 2487 3706 2554 quidam,

2145 2572 2237 2640 qui
2281 2573 2514 2639 speciem
2562 2573 2775 2641 quidem
2801 2574 3228 2643 jurameutorum
3263 2592 3372 2644 prae
3403 2591 3462 2630 se
3507 2577 3708 2642 ferunt,

2145 2679 2245 2716 nec
2300 2673 2474 2718 tamen
2523 2662 2834 2733 juramenta
2890 2674 3059 2730 sunt,
3117 2670 3210 2720 sed
3273 2668 3511 2736 qumdam
3583 2684 3709 2736 erga

2146 2757 2421 2811 auditores
2495 2758 2856 2812 observantia.
2917 2757 3009 2813 Sic
3063 2757 3262 2830 Joseph
3335 2771 3393 2814 ut
3466 2761 3706 2833 [Egyptii

2146 2850 2244 2904 sibi
2297 2849 2523 2917 gratiam
2587 2849 2945 2918 conciliaret,
2995 2851 3200 2920 juravit
3255 2866 3349 2920 per
3396 2851 3708 2909 Pharaonis

2145 2941 2510 2996 sanitatem".
2559 2939 2690 2995 Item
2741 2941 3028 3010 Apostolus
3069 2957 3217 2997 suam
3275 2945 3327 2998 in
3399 2943 3709 3000 Corinthios

2144 3032 2476 3087 charitatem
2505 3017 2910 3098 commendans,
2949 3035 3024 3087 ait
3050 3051 3063 3087 :
3103 3033 3206 3088 Per
3225 3035 3592 3104 gloriatiouem
3622 3053 3710 3092 tte-'-

469 3131 669 3184 έδωκεν
697 3130 804 3200 (18)
847 3130 1030 3200 ὅρκου,
1069 3127 1166 3197 τὴν
1200 3127 1285 3177 ἐπ’
1320 3127 1503 3187 αὐτοῖς
1545 3123 1811 3193 καύχησιν
1843 3122 1918 3186 ὡς
1944 3119 2038 3174 τοῦ

2143 3133 2307 3175 stram
2358 3136 2513 3190 quam
2574 3122 2735 3176 habeo
2811 3125 2866 3176 in
2920 3121 3128 3178 Christo
3169 3123 3297 3178 Jesu
3347 3126 3570 3181 Domino
3619 3145 3712 3183 no-

471 3220 670 3281 παντὸς
720 3219 867 3289 αὐτῴ
905 3218 1060 3285 ἀξίαν
1092 3212 1254 3270 οὖσαν
1291 3215 1377 3268 διά
1410 3213 1503 3268 τοῦ
1548 3213 1789 3267 τοιούτου
1833 3213 2036 3285 τρόπου

468 3311 702 3374 δεικνύς.

2145 3215 2337 3266 stro".
2385 3211 2500 3268 Non
2533 3216 2675 3269 enim
2721 3216 3082 3286 evangelicam
3123 3216 3422 3271 doctrinam
3475 3217 3711 3288 neglexit

2145 3302 2214 3368 is,
2266 3305 2352 3358 cui
2401 3308 2770 3362 concreditum
2823 3318 2907 3363 est
2965 3309 3312 3378 Evangelium
3376 3327 3391 3364 :
3443 3309 3548 3367 sed
3581 3313 3712 3366 sim-

471 3405 596 3474 plici
647 3417 896 3458 sermone
939 3402 992 3455 in
1017 3400 1308 3471 juramenti
1360 3399 1575 3453 modum
1607 3411 1886 3466 expresso,
1942 3395 2342 3468 gloriationem,
2405 3415 2568 3470 quam
2596 3402 2649 3456 in
2715 3402 2849 3472 ipsis
2908 3403 3159 3470 habebat,
3189 3416 3442 3475 tanquam
3470 3412 3709 3462 omnium

471 3499 572 3550 sibi
624 3496 1067 3564 pretiosissimam
1114 3495 1230 3548 hoc
1272 3493 1428 3547 modo
1489 3491 1729 3546 exhibet.

538 3592 591 3645 6.
639 3589 720 3656 Ίῷ
748 3589 1012 3643 αἰτοῦντί
1057 3604 1129 3642 σε
1157 3587 1292 3654 δός*
1327 3587 1424 3640 καὶ
1471 3585 1587 3641 ἀπὸ
1618 3586 1724 3640 τοῦ
1766 3585 2044 3654 θέλοντος

467 3682 860 3736 δανείσασθαι
885 3679 970 3749 μὴ
1000 3673 1393 3746 ἀποστραφῇς
1431 3676 1564 3746 (19).
1599 3676 1721 3728 Ἐπὶ
1758 3676 1820 3728 τὸ
1853 3693 2042 3730 κοινω-

467 3776 634 3839 νικὸν,
670 3776 761 3826 καὶ
805 3771 1141 3842 φιλάλληλον,
1171 3771 1262 3823 καὶ
1301 3771 1366 3840 τῇ
1403 3767 1560 3836 φύσει
1599 3770 1796 3820 οἰκεῖον
1824 3770 1851 3820 ό
1879 3768 2036 3836 λόγος

464 3868 611 3936 ἡμᾶς
647 3864 1018 3936 προκαλεῖται.
1059 3860 1339 3915 Πολιτικὸν
1373 3859 1480 3930 γὰρ
1511 3856 1649 3926 ζῶον
1681 3861 1773 3912 καὶ
1814 3876 2040 3928 συναγε-

465 3957 719 4010 λαστικδν
762 3957 789 4006 ὁ
835 3954 1138 4024 ἄνθρωπος.
1179 3953 1267 4004 Ἐν
1299 3951 1353 4004 δὲ
1385 3954 1449 4021 τῇ
1484 3953 1633 4020 κοινῇ
1675 3949 1915 4022 πολιτεία
1946 3951 2037 4004 καὶ

463 4053 530 4120 τῇ
566 4051 679 4119 μετ’
723 4047 964 4118 ἀλλήλων
1003 4046 1312 4116 ἀναστροφῇ
1357 4043 1650 4110 ἀναγκαῖον
1691 4043 1752 4094 τὸ
1799 4042 2034 4112 εὐμετά-

465 4141 610 4192 δοτον
654 4143 733 4203 εἰς
773 4138 1139 4210 ἐπανόρθωσιν
1181 4135 1276 4189 τοῦ
1316 4134 1586 4197 ἐνδέοντος
1635 4134 1767 4205 (20).
1827 4133 1909 4199 Τῷ
1952 4137 2040 4188 αὶ-

466 4232 669 4282 τοῖνντί
698 4247 770 4283 σε
798 4232 919 4296 δός.
953 4229 1209 4281 Βούλεταί
1241 4245 1298 4280 σε
1337 4227 1423 4280 διὰ
1466 4228 1562 4297 μὲν
1595 4228 1693 4299 τὴν
1724 4227 1940 4297 ἀγάπην
1983 4227 2040 4280 ὲν

465 4322 724 4390 ἁπλότητι
771 4321 1048 4391 ἀνειμένον
1095 4316 1234 4372 εἶναι
1269 4319 1403 4391 πρὸς
1431 4321 1556 4382 τοὺς
1587 4317 1905 4394 αἰτοῦντας,
1951 4316 2034 4369 λο-

2221 3585 2272 3640 6.
2306 3585 2408 3651 Qui
2448 3587 2576 3654 petit
2628 3604 2661 3639 a
2700 3593 2770 3649 te,
2809 3587 2878 3639 da
2899 3588 2967 3653 ei,
2996 3598 3044 3641 et
3080 3589 3269 3643 volenti
3323 3591 3553 3644 mutuari
3582 3609 3614 3645 a
3636 3603 3707 3666 te.

2148 3693 2212 3732 ne
2253 3679 2580 3732 averteris”.
2633 3677 2714 3733 Ad
2764 3680 3333 3749 communicationem,
3378 3692 3431 3736 et
3482 3683 3546 3738 ad
3589 3701 3711 3739 mu-

2149 3779 2294 3825 tuam
2321 3771 2667 3836 charitatem,
2725 3779 2782 3825 et
2833 3772 2900 3825 ad
2935 3773 2985 3826 id
3039 3776 3180 3842 quod
3227 3785 3435 3830 natura:
3482 3791 3711 3832 consen-

2147 3876 2365 3921 taneum
2405 3877 2459 3920 et
2489 3864 2762 3935 proprium
2796 3878 2900 3932 est,
2943 3865 3057 3920 haec
3110 3867 3270 3921 verba
3305 3883 3403 3923 nos
3459 3868 3707 3924 invitant.

2145 3956 2316 4012 Homo
2367 3959 2510 4012 enim
2563 3967 2647 4013 est
2703 3958 2898 4012 animal
2947 3958 3148 4023 civile,
3197 3968 3250 4013 et
3303 3959 3578 4015 sociabile.
3650 3961 3710 4015 In

2142 4047 2286 4100 civili
2346 4057 2525 4102 autem
2600 4057 2654 4102 et
2707 4049 2977 4102 communi
3033 4050 3156 4103 vitae
3211 4050 3493 4116 instituto,
3545 4060 3603 4105 et
3653 4051 3708 4104 in

2143 4145 2329 4192 mutua
2377 4139 2765 4193 consuetudine
2795 4179 2810 4203 ,
2862 4138 3156 4195 liberalitas
3199 4140 3265 4194 ad
3324 4141 3709 4196 sublevandum

2144 4227 2355 4296 inopem
2391 4229 2690 4284 necessaria
2737 4237 2837 4284 est.
2877 4227 3080 4283 Petenti
3137 4247 3170 4284 a
3228 4241 3296 4297 te,
3344 4233 3433 4285 da.
3473 4232 3598 4286 Vult
3653 4242 3711 4286 ut

2145 4317 2213 4372 ob
2270 4319 2590 4373 charitatem
2655 4321 2869 4389 quidem
2935 4322 2986 4375 in
3055 4323 3398 4391 simplicitate
3467 4323 3710 4392 praebeas

465 4411 645 4483 γισμῷ
685 4412 741 4464 δὲ
777 4413 936 4464 πάλιν
974 4412 1266 4482 διακρίνειν
1307 4412 1538 4463 ἑκάστου
1567 4409 1666 4480 τὴν
1696 4409 1884 4480 χρείαν
1927 4408 2035 4462 τῶν

2147 4419 2197 4464 te
2246 4424 2373 4480 erga
2439 4421 2683 4478 petentes
2733 4411 2946 4468 facilem
2978 4455 2992 4479 ,
3047 4425 3099 4468 et
3150 4427 3180 4467 ο
3241 4415 3514 4469 contrario
3552 4452 3567 4478 ,
3615 4428 3707 4466 ra-

617 4604 760 4682 Psal.
814 4621 1000 4682 cxvm,
1067 4607 1187 4660 106.
1295 4607 1337 4637 ¹⁹
1369 4605 1512 4663 Psal.
1565 4621 1675 4671 Ctx,
1737 4606 1789 4660 4.
1893 4607 1936 4638 ²⁰
1964 4606 2038 4662 Ma

2140 4651 2150 4664 .
2199 4628 2252 4675 ν,
2305 4609 2393 4664 57.
2494 4613 2533 4642 ²¹
2566 4612 2701 4666 Gen.
2758 4630 2895 4681 XLII,
2949 4615 3034 4671 15.
3137 4615 3182 4647 ³²
3215 4613 3237 4669 Ι
3274 4615 3396 4670 Cor.
3462 4631 3553 4682 xv,
3613 4611 3701 4673 51.

457 4674 505 4707 ν
535 4673 723 4729 Matth.
750 4691 801 4740 ν,
848 4676 932 4728 42.

526 4849 640 4924 (16)
690 4849 814 4924 Mss.
853 4858 961 4905 tres
994 4849 1296 4924 σύμφωνον
1331 4850 1396 4924 to
1414 4851 1566 4924 παρά
1589 4848 1682 4924 τοῦ
1704 4849 1921 4924 Κυρίου
1936 4853 2025 4924 λεῖ-

455 4920 707 4990 ρημένον·
744 4921 941 4990 Ἔστω.
994 4920 1256 4974 Particula
1307 4921 1397 4973 καί
1444 4920 1694 4989 adjicitur
1740 4920 1806 4975 in
1860 4922 2023 4976 editis

453 4987 578 5043 ante
621 4987 680 5041 οὓ
717 4988 808 5043 οΰ⁶
855 4992 949 5044 sed
995 4991 1144 5045 deest
1173 4990 1224 5044 in
1256 4992 1438 5047 multis
1487 4987 1616 5046 mss.
1652 5005 1805 5060 anque
1850 5006 1916 5046 ac
1968 4992 2021 5046 in

449 5066 596 5112 textu
631 5075 804 5112 sacro.

521 5129 630 5200 (t7)
691 5129 859 5200 Editio
890 5127 1078 5200 Paris.
1118 5129 1523 5184 διαδεὸαιούτω.
1564 5131 1672 5186 Sed
1723 5144 1855 5200 mss:
1899 5128 2009 5184 fere

448 5196 636 5271 omnes
669 5198 1000 5271 ﬂammeam.
1041 5200 1238 5254 Ibidem
1268 5203 1502 5270 quinque
1525 5217 1662 5271 .mss.
1696 5196 2006 5271 αὑτὴν-κατ’

449 5217 636 5251 omnes
687 5217 1000 5267 ρεοαιουτω.
1041 5217 1238 5254 tument
1268 5217 1502 5270 qumque
1525 5217 1662 5271 .mss.
1696 5217 1796 5253 αυτ
1836 5218 1862 5251 ν
1887 5217 2005 5266 κατέ

449 5267 634 5339 αὐτήν.
668 5268 786 5322 ΜοΧ
836 5270 964 5337 Ιὶες.
1029 5271 1214 5322 tertius
1253 5272 1410 5325 habet
1464 5271 1635 5332 λιταῖς
1684 5287 1777 5339 pro
1799 5217 2006 5338 ltlaig.

447 5337 586 5409 Infra
651 5355 774 5392 mss.
829 5350 934 5391 tres
969 5339 1186 5408 ἀγάπην
1215 5341 1399 5395 αὑτοῦ,
1457 5341 1652 5394 Ibidem
1685 5337 1838 5393 'etliti
1871 5341 2009 5409 ἠμε-

447 5405 626 5480 τέραν.
657 5411 723 5480 At
759 5423 885 5480 mss.
928 5405 1032 5461 una
1083 5405 1202 5480 cum
1235 5420 1381 5480 textu
1409 5426 1563 5464 sacro
1602 5405 1895 5480 ὑμετέραν.

519 5475 628 5550 (i_8)
655 5478 797 5550 Multi
818 5479 1318 5550 γηιεε.ίπαρέδωκεν.
1339 5479 1466 5535 Mox
1497 5475 1736 5540 nonnulli
1773 5475 1898 5532 mss.
1919 5479 2010 5530 ἐπ’

446 5544 646 5605 αὐτοῖς.
681 5548 781 5598 Alii
811 5548 895 5598 ἐπ’
919 5544 1116 5600 αὐτῶν.

517 5614 627 5688 (19)
663 5615 865 5688 Totum
883 5617 1146 5688 illud,Tt§i
1172 5618 1408 5671 αἰτοῦντί
1432 5636 1489 5670 σε
1525 5618 1631 5688 δόςο
1674 5617 1767 5669 καὶ
1787 5616 1894 5669 ἀπὸ
1914 5616 2008 5669 τοῦ

445 5681 690 5759 θ-έλοντρς
723 5686 1065 5759 δανείσασθαι
1201 5684 1580 5759 ἀποστραφῇς,
1619 5689 1769 5759 deest
1807 5689 1856 5739 in
1880 5688 2011 5759 edi-

445 5753 592 5809 tione
627 5753 820 5821 Puris.,
854 5753 1274 5827 prozquo'verba
1319 5753 1429 5829 illa,
1460 5753 1522 5812 τό
1544 5757 1808 5829 ἀργύριον
1833 5757 2002 5810 αὐτοῦ

2133 4852 2233 4931 οὐκ
2279 4851 2610 4931 ξδωκενᾼὲπὶ
2637 4857 2801 4931 τόκῳ,
2849 4873 3127 4928 perperam
3177 4857 3388 4915 fuerant
3420 4870 3476 4916 et
3523 4861 3704 4931 inepte

2135 4924 2444 4998 substituta.
2472 4924 2961 4998 Quomodo'aut'em'
2981 4931 3032 4984 id
3064 4932 3370 4998 contigerit,
3407 4924 3698 4988 nescimus.

2134 4991 2266 5071 Nam
2303 5007 2490 5071 nov_e_m
2547 4996 2717 5071 nostri
2767 5013 2896 5054 mss.
2945 4999 3149 5071 habent
3178 4991 3366 5071 ῥῖψαί
3408 5003 3706 5071 edidimus;

2134 5060 2236 5143 nisi
2265 5063 2407 5143 quod
2439 5062 2490 5116 in
2530 5060 2766 5143 quinque
2813 5083 2941 5143 mss.
2973 5085 3090 5143 “pro
3135 5061 3222 5132 δός
3264 5060 3489 5143 Ἰεειιιιιι
3525 5060 3703 5130 δίδουί

2131 5129 2272 5207 Μοιι⁸
2286 5131 2448 5207 Reg.“
2466 5129 2561 5207 teri
2573 5136 2654 5189 ius
2680 5129 3102 5207 ’προσ-καλεῖται.

2189 5199 2302 5283 (29)
2350 5199 2534 5283 Editio
2566 5199 2754 5283 nostra
2792 5206 2972 5283 _Pa_ris_.
3008 5208 3116 5283 cuii
3133 5207 3422 5283 ἐνδέοντος.
3454 5209 3531 5265 Οὐ
3564 5213 3703 5283 (lege

2116 5269 2168 5337 ὁ)
2336 5267 2427 5324 οὖν
2458 5273 2659 5358 Κιόριος
2677 5275 3072 5400 ἐναργῶςηήδιτῖν
3096 5278 3372 5346 διετάξατο
3385 5267 3592 5350 ’λέγων’

2117 5341 2352 5393 αίτουντί
2378 5358 2436 5392 σε
2464 5343 2571 5400 ὅσς’
2610 5345 2702 5397 καὶ
2726 5347 2833 5400 απὸ
2860 5365 2953 5399 του
3010 5349 3218 5400 έλοντος
3248 5349 3592 5400 δανείσασθαι
3630 5363 3703 5400 mh

2117 5341 2352 5432 αἰτοῦντί
2378 5358 2444 5428 σε
2464 5341 2586 5432 δός
2608 5345 2702 5432 καὶ
2726 5341 2833 5432 diro
2860 5341 3218 5432 τρῦθέλοντος
3248 5341 3592 5432 δανείσασθαι
3628 5341 3705 5432 μῆ

2118 5411 2506 5483 ἀποστραφῇς.
2545 5415 2726 5468 Editio
2761 5413 2926 5470 Basil.
2964 5427 3019 5471 et
3068 5433 3195 5471 mss.
3245 5423 3371 5472 utin
3419 5411 3699 5481 contexiu:

2122 5479 2683 5559 aege‘lfrtel‘ationem.
2718 5483 2916 5539 Ibidem
2944 5487 3108 5542 editio
3135 5489 3305 5543 Paris.
3339 5489 3586 5559 βούλεται

2123 5549 2524 5624 νοχ-δὲ-ιιιιεειλ
2551 5564 2603 5606 et
2645 5570 2673 5606 a
2709 5569 2836 5608 mss.
2866 5565 2921 5608 et
2966 5559 3034 5611 ab
3069 5559 3304 5612 editione
3339 5549 3512 5615 'Basil.
3561 5549 3705 5624 miri

2119 5620 2478 5740 gditiofParis.
2507 5621 2798 5679 διακρῖναι.
2827 5624 3004 5683 Editio
3022 5625 3191 5684 Basil.
3231 5631 3462 5699 perinde
3494 5620 3705 5693 utmss:

2155 5705 2278 5740 ιακο
2304 5707 2433 5740 νειν.

2155 5705 2433 5762 ιακρινειν.
