4048 6220
335 316 442 372 265

1649 320 1705 378 S.
1749 321 1993 377 BASlLll
2030 320 2243 378 MAGNI

3488 316 3595 376 261

340 437 486 492 tione
534 443 910 498 necessitatem
955 442 1382 514 uniuscujusque
1415 445 1652 514 petentis
1698 446 1907 501 discer-

2012 442 2466 517 προσαιτούντων.
2531 443 2642 497 Καὶ
2693 438 2853 494 τοῦτο
2913 438 3316 511 μεμαθήκαμεν
3363 438 3421 491 ὲν
3469 441 3593 501 ταῖς

336 543 456 583 nas.
512 529 793 597 Quomodo
832 544 1014 590 autem
1070 535 1124 590 id
1175 534 1365 606 perﬁci
1417 545 1581 608 queat
1618 539 1687 594 ab
1723 537 1791 593 iis
1815 539 1905 607 qui

336 621 476 675 scito
499 623 716 692 pietatis
744 628 1080 696 propositum
1131 629 1441 700 explebant,
1477 646 1542 686 ex
1579 631 1731 687 Actis
1765 631 1907 687 didi-

336 713 548 769 cimus:
587 717 850 784 Quotquot
909 719 1071 784 enim,
1133 719 1230 784 ait,
1281 735 1607 788 possessores
1662 735 1908 791 agrarnm

336 811 428 856 aut
479 804 754 858 domorum
810 819 1005 872 erant,
1063 810 1342 864 uendentes
1399 809 1688 879 offerebant
1740 810 1909 878 pretia

334 909 513 946 eorum
563 910 679 963 quo:
706 897 1014 962 vendebant,
1049 910 1094 952 et
1131 901 1387 970 ponebant
1417 909 1538 954 ante
1574 900 1730 969 pedes
1781 916 1909 967 apo-

335 985 612 1038 stolarum.
649 985 995 1042 Dividebatur
1032 997 1208 1042 autem
1238 989 1486 1058 singulis,
1534 999 1690 1058 prout
1723 989 1910 1056 cuique

336 1091 464 1145 Opus
497 1089 608 1132 erat
630 1078 719 1132 '3‘.
754 1079 890 1134 Cum
920 1081 1066 1134 enim
1107 1080 1446 1144 mendicitas,
1486 1077 1669 1132 multis
1715 1091 1908 1132 neces-

336 1167 604 1223 sariorum
639 1186 792 1225 usum
848 1172 1254 1239 excedentibus,
1288 1172 1668 1242 negotiationis
1690 1171 1908 1225 occasio

334 1259 426 1327 sit,
459 1271 514 1315 et
540 1262 788 1317 obscenae
829 1263 1117 1332 voluptatis
1161 1264 1434 1318 materia:
1484 1261 1791 1318 necessario
1840 1262 1909 1316 ab

336 1350 386 1404 is
429 1349 628 1420 quibus
674 1368 968 1422 pauperum
1018 1370 1148 1409 cura
1195 1353 1510 1409 concredita
1566 1363 1708 1418 erat,
1756 1353 1909 1408 colli-

335 1442 604 1512 gebantur
653 1445 914 1514 pecunia},
962 1453 1023 1500 ut
1072 1459 1142 1499 ex
1189 1444 1292 1498 boc
1333 1458 1475 1513 penu
1521 1443 1817 1510 prudenter
1844 1456 1909 1495 ac

333 1536 559 1605 provide
609 1551 707 1605 pro
740 1535 1006 1604 cujusque
1046 1535 1375 1590 necessitate
1423 1533 1732 1590 distributio
1755 1533 1910 1588 ﬁeret

334 1628 788 1682 necessariorum.
835 1626 1296 1694 Quemadmodum
1335 1628 1479 1682 enim
1523 1627 1909 1697 agrotantibus

334 1718 652 1788 plerumque
701 1720 1066 1774 necessarium
1098 1729 1181 1774 est
1215 1720 1401 1776 vinum
1421 1757 1438 1785 ,
1482 1734 1585 1774 nec
1617 1729 1795 1774 tamen
1826 1725 1910 1771 est

2012 533 2252 605 Πράξεσι
2303 533 2445 604 (21),
2498 533 2619 587 τίνα
2673 534 2871 606 τρόπον
2921 531 3145 584 δυνατὸν
3198 527 3594 601 κατορθοῦσθαι

2009 625 2159 698 παρὰ
2202 625 2311 679 τῶν
2363 625 2746 696 ἐπιστημόνως
2787 623 2880 678 τὸν
2913 624 3013 695 τῆς
3059 622 3341 685 εὐσεϐείας
3393 619 3592 674 σκοπὸν

2009 719 2461 789 ἐκπληρούντων⁸
2489 718 2658 772 Ὅσοι
2696 718 2828 788 γὰρ,
2862 717 3017 787 φησι,
3050 715 3336 785 κτήτορες
3363 714 3594 783 χωρίων

2008 810 2048 880 ἣ
2087 811 2290 865 οἰκιῶν
2321 810 2618 880 ὑπῆρχον,
2647 810 2996 876 πωλοῦντες
3031 808 3249 879 ἔφερον
3281 808 3387 872 τὰς
3419 805 3590 874 τιμὰς

2009 899 2128 954 τῶν
2186 899 2709 969 πιπρασκομένων,
2773 899 2870 954 καί
2929 899 3168 953 ἐτίθουν
3220 897 3381 965 παρὰ
3447 893 3592 963 τοὺς

2008 991 2200 1058 πόδας
2224 991 2344 1046 τῶν
2362 993 2739 1047 ἀποστόλων.
2767 991 3061 1046 Διεδίδοτο
3084 989 3151 1043 δὲ
3171 989 3424 1054 ἑκάστῳ,
3454 991 3591 1042 καθ-

2008 1084 2099 1136 ότι
2125 1081 2203 1135 ἆν
2237 1099 2326 1148 τις
2357 1082 2568 1150 χρείαν
2590 1078 2772 1151 εἶχεν.
2809 1080 3027 1152 Ἐπειδὴ
3065 1079 3175 1152 γὰρ
3217 1079 3401 1133 πολλοὶ
3431 1080 3592 1150 ὑπερ-

2010 1173 2288 1236 ϐαίνοντες
2323 1172 2422 1244 τὴν
2459 1174 2656 1243 χρῆσιν
2689 1171 2796 1226 τῶν
2826 1173 3165 1241 ἀναγκαίων,
3206 1171 3460 1242 ἀφορμὴν
3492 1172 3594 1240 έμ-

2010 1267 2205 1338 πορίας
2232 1265 2327 1319 καὶ
2360 1265 2616 1319 ὑπόθεσιν
2654 1265 2867 1336 τρυφῆς
2893 1263 3155 1334 ἀσελγοῦς
3187 1263 3464 1318 ποιοῦνται
3491 1261 3594 1332 τὴν

2010 1355 2248 1426 αἴτησιν,
2294 1355 2609 1423 ἀναγκαίως
2643 1355 2794 1425 παρά
2842 1357 2957 1418 τοῖς
2987 1355 3086 1426 τὴν
3127 1354 3445 1425 ἐπιμέλειαν
3483 1353 3593 1408 τῶν

2009 1446 2241 1517 πτωχῶν
2278 1446 2789 1516 πεπιστευμένοιςή
2821 1446 3120 1518 συγκομιδὴ
3155 1444 3264 1498 τῶν
3291 1445 3592 1516 χρημάτων

2009 1538 2238 1606 ἐγίνετο,
2275 1536 2417 1590 ῶστε
2450 1536 2658 1589 ἐκεῖθεν
2689 1538 3070 1609 ἐπιστημόνως
3101 1537 3196 1590 καὶ
3235 1535 3592 1607 οἰκονομικῶς

2009 1631 2128 1692 ταῖς
2167 1627 2398 1681 ἑκάστου
2435 1627 2646 1698 χρείαις
2687 1626 2784 1698 τὴν
2831 1627 3092 1699 διανομὴν
3123 1627 3232 1680 τῶν
3279 1626 3592 1696 ἀναγκαίων

2010 1717 2276 1788 γίνεσθαι.
2309 1718 2520 1790 ’Ὠσπερ
2559 1717 2668 1789 γὰρ
2708 1717 2801 1771 ἐπὶ
2841 1717 2950 1772 τῶν
2977 1717 3400 1791 ἀρρωστούντων
3433 1718 3592 1788 χρεία

335 1811 570 1882 cujusvis
621 1821 854 1881 tempus,
912 1827 1242 1875 mensuram,
1273 1821 1328 1866 et
1370 1811 1688 1882 qualitatem
1720 1811 1907 1865 decer-

2012 1811 2110 1882 μὲν
2144 1809 2404 1874 πολλάκις
2442 1810 2610 1875 οἴνου,
2650 1810 2766 1864 ἀλλ’
2793 1811 2854 1864 οὐ
2886 1813 3086 1874 παντός
3120 1813 3236 1864 ἐστι
3268 1809 3461 1880 καιροῦ
3497 1811 3592 1864 καὶ

333 1919 492 1969 nere;
539 1913 595 1958 at
628 1905 836 1958 medico
864 1906 930 1958 ad
968 1904 1378 1973 praeﬁniendum
1423 1903 1532 1958 vini
1559 1912 1744 1974 potum
1771 1916 1907 1972 opus

333 2004 455 2050 est:
481 1995 558 2050 ita
596 2005 744 2051 certe
775 2004 830 2051 et
859 1996 1194 2065 dispensatio
1221 2011 1342 2065 quae
1371 1996 1438 2050 ad
1471 2010 1762 2066 egenorum
1786 2009 1910 2062 per-

333 2086 470 2142 tinet
503 2102 709 2149 curam.
751 2102 857 2142 non
913 2088 981 2143 ab
1027 2087 1279 2142 omnibus
1323 2096 1503 2156 potest
1533 2087 1736 2142 utiliter
1765 2087 1903 2142 ﬁeri.

333 2177 436 2243 Qui
477 2179 620 2233 enim
662 2178 908 2248 lugubria
962 2179 1201 2234 carmina
1249 2179 1317 2232 ad
1362 2177 1709 2234 mulierculas
1757 2179 1907 2234 deci-

332 2268 560 2338 piendas
592 2275 956 2338 componunt,
1010 2275 1065 2323 et
1113 2267 1298 2322 mutila
1338 2269 1582 2338 corporis
1639 2268 1903 2336 membra,

334 2373 402 2414 ac
457 2359 638 2415 ulcera
702 2360 770 2414 ad
832 2369 1070 2430 quaestus
1126 2360 1470 2416 occasionem
1526 2359 1905 2414 inveniendam

333 2459 646 2515 oSIentant,
697 2451 765 2505 iis
813 2449 1022 2522 largum
1077 2461 1133 2506 et
1159 2451 1382 2506 liberale
1429 2450 1730 2506 subsidium
1762 2451 1904 2506 nulla

339 2543 548 2598 ratione
602 2542 939 2612 profuturum
991 2551 1095 2598 est.
1131 2541 1266 2597 Nam
1318 2543 1542 2614 largitas
1598 2543 1730 2612 ipsis
1790 2561 1906 2598 max-

337 2635 468 2690 litiaa
503 2637 608 2690 erit
647 2636 861 2691 occasio
890 2643 946 2690 et
997 2637 1244 2692 materia.
1292 2634 1495 2690 Horum
1528 2644 1706 2690 tamen
1746 2636 1908 2691 latra-

339 2739 426 2784 tus
481 2729 688 2783 modica
741 2728 1056 2799 erogatione
1107 2727 1374 2783 arcendus
1417 2735 1541 2780 est:
1585 2728 1678 2782 sed
1716 2728 1806 2796 qui
1853 2727 1905 2782 in

333 2822 501 2886 viros,
544 2821 633 2888 qui
688 2835 774 2875 res
818 2820 1072 2875 adversas
1113 2819 1385 2889 patienter
1424 2817 1666 2888 perferre
1702 2818 1908 2873 didice-

335 2923 487 2977 runt,
518 2911 940 2968 misericordiam
964 2922 1019 2966 et
1043 2911 1340 2966 fraternam
1367 2911 1692 2966 cbaritatem
1723 2920 1908 2965 osten-

225 3034 229 3040 ν
336 3006 533 3068 derint,
589 3003 656 3058 iis
701 3013 982 3072 propterea
1029 2997 1284 3057 dicetur:
1322 3000 1538 3056 Esurivi
1591 3012 1638 3055 et
1686 3002 1906 3057 dedistis

334 3097 466 3149 mihi
517 3094 914 3161 manducare";
955 3103 1010 3149 et
1061 3109 1181 3163 quae
1215 3103 1537 3164 sequuntur.
1589 3092 1660 3147 Et
1712 3094 1904 3149 uolenti

2017 1902 2218 1972 μέτρου
2264 1903 2359 1956 καὶ
2409 1904 2698 1974 ποιότητος
2742 1904 3285 1975 καταστοχάσασθαι·
3329 1903 3486 1975 χρεία
3531 1902 3592 1955 δὲ

2016 1991 2201 2064 ἰατροῦ
2248 1993 2386 2065 πρὸς
2421 1994 2520 2066 τὴν
2570 1994 2716 2048 δόσιν
2758 1994 2853 2048 τοῦ
2902 1996 3079 2049 οἴνου·
3135 1995 3277 2048 οὕτω
3308 1995 3370 2068 δὴ
3426 1993 3520 2048 καὶ
3552 1996 3588 2066 ὴ

2014 2085 2141 2156 περὶ
2169 2086 2266 2157 τὴν
2297 2085 2592 2159 θεραπείαν
2619 2086 2726 2140 τῶν
2750 2087 3018 2158 δεομένων
3045 2087 3325 2158 οἰκονομία
3349 2086 3409 2139 οὐ
3438 2083 3594 2156 παρά

2014 2177 2232 2231 πάντων
2279 2177 2571 2250 ὠφελίμως
2622 2177 2964 2250 ἐνεργεῖσθαι
3011 2178 3254 2232 δύναται.
3302 2178 3430 2240 Τοῖς
3479 2177 3592 2247 γὰρ

2012 2266 2076 2339 δὴ
2106 2266 2174 2320 τὰ
2217 2267 2463 2340 θρηνώδη
2510 2268 2644 2340 μέλη
2684 2269 2824 2340 πρὸς
2855 2269 2955 2341 τὴν
2983 2269 3090 2323 τῶν
3131 2268 3405 2338 γυναικῶν
3445 2265 3593 2320 ἀπά-

2012 2376 2112 2430 την
2148 2361 2460 2424 συντιθεῖσι,
2489 2361 2584 2414 καὶ
2616 2361 2685 2415 τὰ
2715 2360 3024 2432 πηρώματα
3051 2361 3144 2414 τοῦ
3186 2359 3458 2431 σώματος,
3495 2357 3591 2412 καὶ

2012 2450 2082 2504 τὰ
2115 2450 2248 2522 ἕλκη
2291 2452 2427 2524 πρὸς
2470 2453 2739 2524 ἐμπορίας
2778 2452 3032 2524 ἀφορμὴν
3081 2452 3412 2526 προτιθεῖσιν
3454 2450 3592 2521 (22),

2013 2542 2074 2596 οὐ
2133 2544 2351 2608 πάντως
2393 2545 2454 2598 τὸ
2509 2544 2732 2615 δαψιλὲς
2784 2545 2886 2616 τῆς
2949 2544 3226 2608 διακονίας
3292 2543 3589 2614 ὠφέλιμον.

2027 2635 2273 2708 Ἀφορμὴ
2303 2636 2410 2708 γὰρ
2443 2638 2628 2701 αὐτοῖς
2657 2639 2738 2700 εἰς
2775 2638 2975 2693 κακίαν
3014 2639 3046 2709 ἡ
3094 2637 3326 2710 χορηγία
3369 2636 3596 2706 γενήσε-

2012 2745 2123 2785 ται.
2163 2729 2322 2784 Ἀλλά
2356 2731 2528 2801 μικρᾷ
2559 2730 2702 2782 δόσει
2725 2729 2829 2801 χρὴ
2853 2731 2953 2800 τὴν
2980 2730 3084 2784 τῶν
3108 2729 3364 2783 τοιούτων
3387 2725 3594 2797 ὑλακὴν

2013 2821 2380 2886 ἀπωθεῖσθαι,
2418 2822 2478 2875 τὸ
2527 2821 2584 2874 δὲ
2637 2822 2918 2893 συμπαθὲς
2966 2823 3060 2876 καὶ
3105 2821 3422 2892 φιλάδελφον
3469 2821 3595 2872 ἐπι-

2013 2911 2398 2982 δεικνυμένους
2432 2911 2564 2983 (25),
2597 2911 2656 2965 ὲν
2687 2915 2799 2976 τοῖς
2833 2913 2952 2984 μεθ’
2977 2914 3255 2984 ὑπομονῆς
3285 2912 3380 2984 τὴν
3411 2912 3592 2985 Θλίψιν

2016 3003 2206 3075 φέρειν
2247 3003 2677 3075 δεδιδαγμένοις-
2705 3005 2846 3077 ὑπὲρ
2889 2999 2964 3060 ὧν
2999 3007 3092 3060 καὶ
3131 3005 3451 3077 λεχθήσεται
3491 3008 3591 3061 αὺ-

2013 3097 2147 3159 τοῖς,
2183 3094 2266 3148 ὄτι
2310 3095 2648 3158 Ἐπείνασα,
2681 3096 2778 3150 καὶ
2809 3093 3069 3149 ἐδώκατέ
3090 3113 3191 3164 μοι
3223 3095 3455 3165 φαγεῖν,
3497 3113 3593 3150 και

335 3187 572 3238 mutuari
617 3200 649 3237 a
700 3195 780 3248 te,
815 3199 877 3236 ne
910 3185 1163 3238 averteris
1185 3183 1252 3241 ”.
1293 3187 1469 3254 Atque
1515 3183 1619 3238 hoc
1655 3185 1907 3254 praecepti

2012 3186 2080 3240 τὰ
2123 3185 2269 3256 ἑξῆς.
2307 3185 2418 3241 Καὶ
2447 3186 2564 3239 ἀπὸ
2599 3186 2705 3240 τοῦ
2738 3186 3024 3251 θέλοντος
3057 3185 3474 3254 δανείσασθαι,
3503 3185 3590 3256 μὴ

335 3276 605 3331 consentit
637 3292 757 3331 cum
794 3276 1083 3346 prioribus.
1116 3274 1260 3330 Nam
1285 3286 1341 3332 et
1370 3277 1462 3346 qui
1495 3277 1582 3331 hic
1608 3276 1761 3345 petit,
1786 3291 1909 3330 cum

335 3379 542 3434 pauper
565 3365 656 3431 sit,
690 3379 718 3418 a
754 3375 804 3419 te
830 3375 1071 3419 mutuum
1112 3367 1263 3435 petit,
1295 3367 1687 3422 inhabitantem
1719 3368 1770 3420 in
1793 3379 1910 3422 cos-

337 3453 406 3508 lis
435 3454 653 3509 divitem
691 3454 788 3510 tibi
825 3456 1160 3512 ostendens:
1201 3455 1293 3527 qui
1329 3472 1425 3527 pro
1466 3458 1581 3528 ipso
1609 3456 1704 3511 tibi
1733 3456 1910 3512 exsol-

335 3552 428 3599 vet
466 3544 724 3600 debitum.
763 3545 865 3612 Qui
911 3550 1074 3610 enim,
1120 3549 1312 3617 inquit,
1336 3550 1612 3603 miseretur
1642 3550 1907 3618 pauperis,

337 3633 448 3689 Deo
486 3638 788 3704 ja'nerat".
815 3639 1086 3694 Coelorum
1127 3651 1307 3696 autem
1334 3655 1555 3710 regnum
1593 3641 1788 3711 pignus
1825 3649 1908 3696 est

337 3731 509 3784 mutui
554 3741 606 3785 et
648 3733 846 3788 cautio.
894 3733 1044 3799 Quod
1099 3733 1304 3787 utinam
1338 3747 1527 3788 omnes
1567 3749 1665 3788 nos
1715 3749 1911 3788 conse-

336 3838 597 3892 qnamur,
647 3826 818 3895 gratia
875 3834 931 3881 et
969 3826 1296 3895 benignitate
1327 3824 1536 3880 Domini
1566 3825 1733 3880 nostri
1781 3825 1907 3880 Jesu

335 3914 576 3977 Christi,
626 3931 747 3970 cum
789 3931 897 3986 quo
943 3916 1088 3971 Patri
1152 3926 1208 3971 et
1250 3916 1474 3986 Spiritui
1519 3927 1706 3972 sancto
1739 3915 1907 3985 gloria

333 4016 390 4061 et
432 4008 716 4076 imperium
741 4007 795 4061 in
831 4007 1022 4062 saecula
1052 4008 1402 4063 saeculorum!
1429 4009 1618 4062 Anien.

808 4337 1114 4395 EIUSDEM
1143 4337 1427 4394 HOMILIA

336 4429 404 4485 In
436 4441 636 4502 partem
673 4430 863 4502 psalmi
907 4430 1095 4485 decimi
1145 4431 1340 4499 quarti,
1388 4439 1436 4486 et
1472 4441 1655 4485 contra
1683 4429 1912 4500 faenera-

1039 4511 1198 4555 ιονεε.

405 4593 458 4647 1.
491 4591 612 4646 Heri
637 4608 758 4649 cum
785 4592 854 4649 de
889 4593 1096 4663 psalmo
1134 4593 1343 4648 decimo
1374 4601 1568 4663 quarto
1604 4606 1907 4647 sermonem

2015 3275 2431 3346 ἀποστραφῇς.
2455 3277 2564 3330 Καὶ
2597 3275 2754 3330 τοῦτο
2779 3276 2840 3330 τὸ
2871 3277 3239 3348 παράγγελμα
3276 3277 3457 3349 ἔχεται
3485 3278 3593 3330 τῶν

2016 3368 2316 3439 προτέρων.
2361 3367 2473 3421 Καὶ
2515 3367 2625 3439 γὰρ
2665 3368 2760 3421 καὶ
2803 3369 2832 3420 ὁ
2874 3367 3109 3421 ἐνταῦθα
3153 3368 3338 3433 αἰτῶν,
3384 3369 3594 3439 πτωχὸς

2014 3455 2109 3522 ὢν,
2144 3457 2350 3512 δάνειον
2391 3460 2532 3512 αἰτεῖ
2566 3459 2716 3530 παρὰ
2745 3457 2864 3524 σοῦ,
2908 3458 3122 3522 δεικνύς
3160 3475 3241 3512 σοι
3282 3458 3371 3512 τὸν
3413 3461 3468 3512 ὲν
3500 3460 3594 3511 οὒ-

2015 3553 2198 3622 ρανοῖς
2227 3549 2501 3615 πλούσιον,
2531 3550 2815 3605 διαλύοντα
2848 3567 2929 3604 σοι
2959 3551 3099 3623 ὑπὲρ
3121 3549 3286 3604 αὑτοῦ
3322 3551 3385 3605 τὸ
3415 3551 3590 3622 χρέος.

2027 3641 2080 3692 '0
2116 3639 2228 3712 γὰρ
2254 3639 2465 3704 ἐλεῶν,
2501 3641 2658 3710 φησὶ,
2685 3641 2922 3710 πτωχὸν
2958 3639 3079 3704 Θεῷ
3111 3638 3377 3700 δανείζει.
3418 3640 3596 3711 Ἐχέγ-

2013 3747 2143 3800 γυον
2172 3730 2228 3783 δὲ
2273 3731 2369 3785 τοῦ
2427 3732 2682 3804 δάνουςή
2736 3731 2983 3802 βασιλεία
3017 3730 3125 3783 τῶν
3170 3731 3436 3802 οὐρανῶν.
3484 3725 3592 3796 ⁴Ἦς

2008 3823 2219 3893 γένοιτο
2251 3824 2360 3896 (24)
2403 3826 2611 3888 πάντας
2640 3827 2790 3896 ἡμᾶς
2828 3825 3124 3895 ἀξιωθῆναι
3154 3822 3336 3894 χάριτι
3378 3824 3473 3876 καὶ
3511 3841 3593 3891 φι-

2010 3916 2327 3990 λανθρωπίᾳ
2367 3917 2461 3972 τοῦ
2506 3918 2714 3990 Κυρίου
2756 3918 2910 3988 ἡμῶν
2949 3913 3125 3985 Ἰησοῦ
3169 3913 3427 3988 Χριστοῦ,
3471 3912 3590 3984 μεθ’

2009 4001 2070 4062 οὗ
2095 4009 2172 4080 τῷ
2198 4010 2372 4080 Πατρὶ
2397 4009 2492 4062 καὶ
2515 4010 2654 4080 ἁγίῳ
2674 4008 2952 4079 Πνεύματι
2981 4009 3013 4078 ἡ
3037 4006 3163 4072 δόξα
3191 4007 3284 4060 καὶ
3307 4006 3370 4060 τὸ
3393 4007 3592 4078 κράτος

2008 4102 2088 4164 εἰς
2111 4103 2238 4163 τοὺς
2266 4100 2472 4163 αἰῶνας
2495 4100 2603 4154 τῶν
2633 4100 2863 4155 αἰώνων.
2902 4101 3091 4172 Ἀμήν.

2186 4340 2324 4394 ΤΟΥ
2360 4340 2594 4394 ΑΥΤΟΥ
2621 4340 2861 4393 ΟΜΙΛΙΑ
2900 4339 3009 4391 ΕΙΣ
3036 4339 3268 4392 ΜΕΡΟΣ
3299 4336 3412 4406 (25)

2009 4429 2672 4498 τεσσαρεσκαιδεκάτου
2713 4428 2982 4500 ψαλμοῦ,
3019 4428 3118 4481 καὶ
3155 4428 3305 4482 κατὰ
3328 4423 3590 4487 τοκιζόν-

2727 4517 2866 4556 των.

2084 4593 2136 4646 1.
2179 4591 2320 4656 Χθὲς
2356 4593 2435 4656 εἰς
2475 4593 2567 4645 τὸν
2601 4591 3189 4663 τεσσαρεσκαιδέκατον
3216 4589 3429 4660 ψαλμὸν
3460 4589 3589 4659 ὑμῖν

336 4687 476 4757 apud
533 4701 630 4741 vos
685 4686 1032 4751 haberemus,
1079 4689 1240 4740 linem
1287 4685 1551 4741 orationis
1594 4699 1699 4739 non
1750 4684 1904 4739 licuit

2012 4683 2399 4754 διαλεγόμενοι,
2424 4681 2696 4748 ἐξικέσθαι
2733 4682 2872 4753 πρὸς
2895 4682 2956 4736 τὸ
2988 4681 3161 4754 πέρας
3178 4680 3272 4735 τοῦ
3304 4681 3461 4750 λόγου
3485 4678 3590 4734 ὑπὸ

403 4823 472 4854 ’ν
510 4825 627 4876 Act.
661 4837 735 4887 tv,
764 4822 853 4886 54,
885 4821 977 4877 55.
1051 4822 1099 4855 ’δ
1129 4821 1321 4878 Matth.
1355 4837 1482 4888 xxv,
1518 4821 1607 4876 ⁵55.
1683 4820 1907 4877 "Matth

2012 4862 2024 4885 ,
2051 4821 2143 4877 42.
2222 4823 2269 4854 ⁸⁵
2298 4821 2457 4877 Prov.
2489 4837 2602 4888 xu,
2638 4820 2726 4877 i7.

427 4977 519 5042 21)
545 4977 722 5031 Editio
741 4977 910 5049 Paris.
931 4976 1170 5049 Πρὰξεσι
1199 4975 1307 5029 τῶν
1333 4975 1666 5049 ἀποστόλων.
1706 4975 1812 5028 Sed
1841 4975 1904 5049 il-

2013 4973 2628 5049 tt§_gr_po:rqu)._lbidem
2676 4974 2728 5027 in
2783 4972 3055 5042 aliquibus
3085 4973 3358 5049 mss._Kai.
3384 4969 3489 5041 γὰρ
3534 4972 3582 5024 ὁ.

333 5047 446 5112 Ind,
471 5049 578 5104 τῶν
607 5047 940 5111 ἀποστόλων,
981 5047 1222 5112 nequein
1256 5061 1384 5099 mss.
1421 5047 1828 5115 legitur,'neque
1855 5047 1906 5099 in

334 5121 570 5173 editione
606 5118 767 5170 Basil.
808 5118 1004 5171 Ibidem
1037 5117 1164 5170 editi
1206 5133 1324 5169 cum
1369 5115 1554 5182 majori
1588 5127 1740 5182 parte
1777 5130 1907 5169 mss.

332 5189 701 5260 κατωρθοῦτο.
729 5188 875 5260 Regii
898 5191 1171 5260 secundus
1193 5196 1247 5240 et
1273 5186 1460 5260 tertius
1478 5198 1529 5238 et
1552 5185 1702 5239 Colb.
1725 5196 1912 5260 sextus

331 5255 554 5312 δυνατὸν
585 5257 1000 5328 κατορθοῦσθαι.
1035 5258 1230 5310 Statim
1279 5256 1433 5328 Coll).
1474 5267 1706 5328 quartus
1752 5255 1912 5328 ὑπερ-

333 5273 554 5312 ουνατον
585 5273 1000 5328 κατορυουσυαι.
1035 5273 1230 5310 διυιιιιι
1279 5273 1433 5309 nom.
1478 5273 1706 5322 quartus
1752 5273 1910 5378 υπερσ

333 5331 734 5392 αναόαίνοντες.
770 5329 1006 5381 Subinde
1047 5328 1172 5378 editi
1209 5325 1436 5396 πτωχῶν
1469 5325 1850 5395 ἐμπεπιστευμ
1892 5355 1910 5366 -

334 5416 463 5461 νοις.
493 5407 563 5453 At
584 5415 712 5454 mss.
754 5397 1224 5467 πεπιστευμένοις.

408 5470 517 5537 (22)
563 5469 787 5523 Codices
832 5468 920 5520 alii
969 5465 1319 5538 προτιθεῖσιν,
1367 5466 1458 5520 alii
1513 5465 1901 5539 προστιθεῖσιν.

336 5538 456 5591 Mox
488 5541 652 5593 «editio
683 5541 852 5592 Paris.
877 5541 1216 5609 γεννήσεται,
1251 5553 1353 5609 non
1389 5546 1552 5592 recte.

407 5609 516 5676 (25')
567 5609 698 5674 Reg.
753 5607 1034 5662 secundus
1072 5607 1319 5676 etColb.
1360 5619 1558 5676 sextus
1600 5607 1902 5660 ἐπιδεικνυ-

338 5675 542 5746 μένοις.
577 5678 725 5730 Colb.
756 5675 1456 5746 εθριὶιιιυεέπιδείκνυσθαι.
1479 5677 1738 5732 Αιρίιξιυνὶ
1774 5691 1900 5746 mss.

335 5745 458 5800 eum
509 5747 667 5800 editis
719 5745 1213 5814 ἐπιδεικνυμένους.
1243 5748 1527 5816 Aliquanto
1555 5757 1678 5818 post
1707 5746 1838 5816 Reg.
1868 5745 1902 5799 3

2086 5041 2196 5116 (24')
2230 5041 2354 5108 Illa,
2393 5041 2461 5117 ἧς
2495 5045 2726 5117 γένοιτο,
2759 5055 2808 5097 et
2835 5041 3049 5104 caetera,
3091 5042 3157 5117 ad
3196 5043 3354 5117 linem
3395 5056 3582 5117 usque,

2015 5113 2108 5169 aut
2133 5117 2324 5169 desunt
2350 5113 2572 5169 omnino
2604 5116 2653 5168 in
2701 5130 2854 5175 mss.,
2890 5124 2981 5167 aut
3020 5115 3168 5166 varie
3201 5115 3252 5166 in
3295 5113 3458 5166 variis
3491 5127 3584 5163 co-

2016 5185 2226 5239 dicibus
2260 5185 2548 5254 leguntur:
2587 5195 2639 5237 nt
2689 5185 2909 5238 dubium
2949 5198 3054 5238 non
3091 5185 3183 5247 sit,
3233 5185 3362 5251 quin
3396 5198 3457 5236 ea
3488 5197 3585 5235 suo

2014 5255 2250 5326 quisque
2267 5255 2529 5326 arbitratu
2562 5255 2860 5326 scripserit.

2089 5325 2202 5396 (25)
2231 5324 2320 5396 Sic
2361 5325 2495 5396 Reg:
2523 5321 2745 5393 primus.
2777 5325 2878 5396 Alii
2905 5323 3020 5396 duo
3050 5321 3422 5396 mss._ba_betit
3451 5334 3584 5396 quo-

2009 5389 2112 5466 que
2137 5395 2216 5458 εἰς
2247 5389 2599 5466 μέροςξΕόὶιί
2621 5396 2713 5466 εἰς
2742 5392 2812 5445 τὰ
2834 5393 3088 5466 λείποντα
3114 5390 3405 5466 τοῦαύτοῦ
3446 5389 3585 5466 ψαλ-

2011 5463 2279 5536 μοῦηκαὶ
2320 5463 2469 5536 ’κατά
2495 5463 2834 5526 τοκιζόντων.
2876 5463 3017 5536 Oliv.
3055 5473 3108 5517 et
3140 5463 3290 5536 Qolb.
3327 5463 3584 5536 septimus

2007 5530 2087 5598 εἰς
2112 5533 2181 5586 τὰ
2210 5534 2524 5604 λειπόμενα.
2559 5537 2729 5588 Aliter
2757 5538 2806 5586 in
2843 5535 2960 5586 aliis
2993 5548 3124 5587 mss.
3149 5533 3333 5604 titulus
3367 5530 3578 5604 legitur.

2007 5604 2227 5659 Monere
2245 5601 2417 5668 juvat,
2441 5606 2769 5657 mentionem
2794 5619 3049 5669 perquam
3082 5602 3438 5657 bonorilicam
3467 5601 3579 5652 ﬁeri

2012 5675 2171 5743 hujus
2201 5674 2432 5754 bomilia:
2465 5691 2493 5726 a
2521 5673 2790 5754 gregorio
2810 5671 3050 5754 ifysscno
3083 5674 3343 5729 Oratione
3393 5679 3580 5726 contra

2010 5742 2309 5811 usurarios,
2350 5754 2480 5798 tom.
2522 5744 2584 5809 ll,
2610 5742 2729 5814 pag.
2758 5742 2884 5798 225.
