4048 6220
474 393 584 450 265

1640 401 1923 459 HOMILIA
1953 404 1994 459 ll
2020 402 2091 459 IN
2129 403 2459 461 PSALMUM
2496 403 2636 459 XIV.

3630 402 3732 459 266

476 518 576 588 τῆς
603 516 749 586 ὥρας
784 518 884 572 οὐκ
922 520 1335 592 ἐπετράπημεν.
1381 521 1496 577 Νῦν
1522 524 1580 578 δὲ
1612 525 1821 596 ἥκομεν
1860 524 2046 595 εὐγνώ-

2163 528 2318 583 nobis
2367 542 2463 597 per
2512 538 2724 598 tempus
2755 527 3045 597 attingere.
3073 524 3229 580 Nunc
3256 534 3434 581 autem
3477 526 3732 585 adsumus

482 627 640 681 μονες
655 610 925 680 ὀφειλέται
956 611 1025 665 τὰ
1056 615 1191 684 χρέα
1222 614 1328 668 τῶν
1362 616 1745 684 ἐλλειφθέντων
1770 620 1898 689 ὑμῖν
1927 619 2061 673 ἀπο-

477 701 771 766 τιννύντες.
796 703 953 756 Ἐστι
972 704 1106 757 δὲτὸ
1133 705 1451 776 λειπόμενον
1479 706 1652 778 βραχὺ
1684 708 1782 778 μὲν
1804 708 1865 761 τὸ
1895 709 2061 762 ἀκοῦ-

479 810 590 857 σαι,
618 794 756 847 ῶστε
787 796 987 849 οὑτωσὶ
1019 798 1188 862 δόξαι,
1222 800 1314 852 καὶ
1340 799 1469 863 ῐσως
1498 803 1625 864 τοὺς
1652 802 1880 866 πολλοὺς
1906 802 2060 872 ὑμῶν

475 885 570 936 καὶ
602 885 928 955 παρέλαθεν,
966 886 1041 951 ὼς
1082 890 1216 958 μηδὲ
1250 890 1678 962 παραλελεῖφθαι
1723 910 1773 945 τι
1807 893 1899 946 τοῦ
1920 894 2057 962 ψαλ-

477 975 581 1046 μοῦ
607 978 946 1051 νομισθῆναι·
992 982 1235 1053 μεγάλην
1288 984 1472 1053 μέντοι
1524 984 1661 1054 πρὸς
1693 985 1760 1038 τὰ
1786 985 1877 1039 τοῦ
1938 986 2054 1055 βίου

475 1069 774 1140 πράγματα
806 1071 1033 1145 δύναμιν
1070 1074 1213 1145 ἐχειν
1246 1075 1343 1147 τὴν
1378 1076 1633 1148 βραχεῖαν
1662 1077 1865 1149 ταύτην
1912 1078 2056 1143 λέξιν

475 1162 900 1232 καταμαθόντες,
931 1167 1032 1219 οὑκ
1058 1166 1319 1237 ᾠήθημεν
1345 1168 1454 1221 δεῖν
1495 1172 1747 1241 παρεῖναι
1775 1171 1835 1223 τὸ
1866 1173 1929 1225 ἐκ
1955 1172 2055 1243 τῆς

475 1252 774 1319 ἐξετάσεως
802 1258 1092 1329 χρήσιμον.
1137 1259 1500 1331 ’Υπογράφων
1543 1261 1621 1331 τῷ
1667 1262 1809 1332 λόγῳ
1841 1263 1930 1316 τὸν
1966 1264 2054 1317 τέ-

473 1341 618 1396 λειον
643 1343 671 1394 6
706 1346 1014 1419 Προφήτης,
1044 1348 1134 1400 τὸν
1164 1349 1261 1418 τῆς
1294 1350 1595 1403 ἀσαλεύτου
1624 1350 1768 1423 ζωῆς
1793 1352 2051 1423 ἐπιϐήσε-

476 1437 601 1491 σθαι
638 1438 915 1508 μέλλοντα,
946 1441 1004 1493 ἐν
1035 1442 1147 1504 τοῖς
1189 1441 1668 1513 ἀνδραγαθήμασιν
1702 1444 2052 1515 ἀπηρίθμησε

473 1528 536 1581 τὸ
569 1530 831 1601 ἀργύριον
864 1530 1028 1584 αὑτοῦ
1075 1534 1166 1584 ἐπὶ
1197 1532 1341 1603 τόκῳ
1386 1531 1460 1603 μὴ
1523 1532 1723 1587 δοῦναι.
1775 1536 2051 1607 Πολλαχοῦ

472 1620 571 1691 τῆς
616 1622 839 1692 Γραφῆς
888 1621 1237 1695 διαϐέϐληται
1270 1625 1303 1693 ἡ
1359 1623 1602 1695 ἁμαρτία
1655 1625 1817 1697 αὕτη,
1871 1628 1938 1681 Ὅ
1991 1644 2050 1680 τε

396 1722 401 1725 ‘
473 1710 582 1781 γὰρ
631 1709 887 1782 Ἰεζεκιὴλ
929 1714 986 1765 ἐν
1015 1715 1126 1775 τοῖς
1175 1712 1449 1783 μεγίστοις
1478 1713 1588 1766 τῶν
1621 1716 1808 1768 κακῶν
1843 1718 2051 1771 τίθεται

471 1802 630 1855 τόκον
651 1801 835 1856 λαϐεῖν
865 1804 957 1857 καὶ
982 1802 1340 1873 πλεονασμὸν,
1376 1805 1472 1857 καὶ
1512 1806 1540 1857 6
1565 1806 1727 1876 νόμος
1757 1808 2050 1881 διαρρήδην

472 1895 829 1967 ἀπαγορεύει’
858 1898 979 1950 Οὐκ
1006 1895 1292 1963 ἐκτοκιεῖς
1316 1896 1393 1962 τῷ
1415 1897 1653 1967 ἀδελφῷ
1691 1916 1806 1955 σου
1832 1902 1928 1954 καὶ
1972 1901 2051 1968 τῷ

472 1988 740 2056 πλησίον
755 2002 891 2041 σου.
913 1987 1023 2040 Καὶ
1040 1987 1201 2040 πάλιν
1232 1988 1385 2059 φησί’
1412 1990 1597 2055 Δόλος
1617 1991 1728 2061 (26)
1754 1993 1852 2046 ἐπὶ
1869 1993 2046 2059 δόλῳ,

471 2080 570 2133 καὶ
604 2080 774 2145 τόκος
805 2080 902 2133 ἐπὶ
949 2080 1118 2144 τόκῳ.
1171 2080 1281 2132 Καὶ
1329 2081 1458 2153 περὶ
1499 2082 1705 2147 πόλεως
1748 2085 1805 2138 δὲ
1849 2086 1949 2156 τῆς
1992 2088 2078 2159 ἐν⁴

470 2171 662 2242 πλήθει
690 2172 874 2225 κακῶν
904 2171 1301 2243 εὑθηνουμένης
1328 2174 1355 2225 6
1375 2172 1585 2244 ψαλμδς
1612 2174 1665 2227 τί
1700 2193 1896 2246 φησιν;
1928 2180 2049 2231 Οὐκ

469 2264 746 2328 ἐξέλιπεν
761 2265 829 2317 ἐκ
861 2263 979 2318 τῶν
996 2263 1292 2318 πλατειῶν
1313 2264 1503 2334 αὐτῆς
1519 2267 1695 2333 τόκος
1723 2267 1823 2321 καὶ
1846 2268 2044 2335 δόλος.

470 2357 577 2409 Καὶ
607 2356 702 2410 νῦν
730 2357 1227 2427 χαρακτηριστικὸν
1248 2357 1345 2427 τῆς
1367 2357 1505 2411 κατά
1528 2358 1618 2411 τὸν
1648 2359 1929 2432 ἄνθρωπον
1962 2380 2049 2416 τε-

468 2449 736 2512 λειώσεως
765 2449 825 2502 τὸ
854 2449 986 2502 αὐτὸ
1014 2448 1170 2503 τοῦτο
1194 2448 1535 2519 παρείληφεν
1561 2451 1589 2502 6
1615 2451 1930 2525 Προφήτης,
1957 2453 2047 2507 λέ-

478 2555 597 2607 γων·
658 2540 727 2594 T6
762 2541 1045 2609 ἀργύριον
1096 2539 1281 2594 αὑτοῦ
1316 2542 1426 2592 οὐκ
1459 2540 1685 2595 ἔδωκεν
1730 2543 1827 2597 ἐπὶ
1870 2546 2043 2613 τόκῳ.

468 2630 556 2699 Τῷ
584 2630 696 2683 ὄντι
725 2630 833 2701 γὰρ
886 2630 1276 2702 ἀπανθρωπίας
1326 2630 1630 2703 ὑπερϐολὴν
1672 2633 1783 2703 ἔχει
1823 2636 1914 2689 τὸν
1947 2637 2047 2708 μέν

468 2722 575 2774 τῶν
621 2721 934 2790 ἀναγκαίων
976 2720 1170 2785 ἐνδεῶς
1200 2721 1391 2790 ἔχοντα
1444 2722 1629 2794 ζητεῖν
1670 2725 1934 2798 δάνεισμα
1966 2731 2045 2793 είς

469 2813 819 2883 παραμυθίαν
849 2812 942 2865 τοῦ
979 2813 1117 2883 βίου,
1152 2813 1240 2865 τὸν
1264 2813 1318 2865 δὲ
1352 2814 1424 2885 μὴ
1455 2816 1741 2887 ἀρκεῖσθαι
1766 2818 1844 2889 τῷ
1873 2838 2044 2890 κεφα-

470 2904 622 2975 Λαίῳ,
671 2904 785 2957 ἀλλ’
813 2906 1045 2957 ἐπινοεῖν
1095 2907 1159 2959 ἐκ
1192 2906 1302 2959 τῶν
1332 2907 1627 2979 συμφορῶν
1674 2910 1766 2963 τοῦ
1813 2913 2045 2985 πένητος

468 2997 759 3068 προσόδους
790 2995 965 3066 ἐαυτῷ
994 2998 1087 3051 καὶ
1123 2999 1383 3070 εὐπορίας
1422 3001 1693 3070 συνάγειν.
1738 3004 1794 3057 Ὀ
1826 3005 1923 3076 μὲν
1951 3005 2044 3061 οὖν

468 3089 671 3161 Κύριος
701 3090 945 3160 ἐναργῶς
968 3093 1097 3161 ἡμῖν
1114 3090 1415 3156 διετάξατο,
1442 3091 1614 3161 λέγων
1639 3094 1771 3166 (27)·
1806 3098 1915 3151 Καὶ
1940 3097 2046 3153 τὸν

2160 620 2311 689 probi
2329 620 2623 681 debitores,
2664 618 2844 674 debita
2876 634 2997 689 qua!
3030 627 3339 686 supersunt,
3368 618 3523 673 vobis
3547 634 3731 687 perso-

2160 711 2344 766 luturi.
2379 711 2529 779 Quod
2549 718 2725 765 autem
2759 718 2947 773 restat,
2980 709 3166 764 auditu
3191 708 3407 779 quidem
3440 711 3602 764 breve
3624 720 3728 773 est,

2158 819 2220 863 ut
2246 808 2494 863 videtur:
2528 817 2581 861 et
2600 807 2846 861 fortassis
2876 806 3073 860 multos
3121 815 3357 859 vestrum
3386 804 3574 869 latuit;
3596 804 3729 858 adeo

2158 913 2215 956 ut
2250 917 2316 957 ne
2345 902 2593 955 relictum
2627 900 2843 968 quidem
2883 898 3050 952 fuisse
3078 898 3370 966 quidquam
3403 896 3469 949 de
3497 910 3562 949 eo
3590 895 3731 963 psal-

2158 1011 2246 1048 mo
2283 993 2543 1063 putarint.
2586 993 2833 1046 Attamen
2874 1005 2996 1044 cum
3039 990 3463 1059 intelligeremus
3505 990 3724 1044 brevem

2158 1086 2297 1139 hanc
2330 1084 2617 1138 dictionem
2656 1083 2722 1137 ad
2756 1096 2842 1136 res
2868 1080 2993 1135 vita:
3038 1081 3263 1135 multum
3296 1081 3492 1146 valere,
3521 1080 3725 1135 emolu-

2157 1186 2392 1229 mentum
2424 1174 2565 1243 quod
2592 1190 2657 1227 ex
2700 1173 3046 1240 inquisitione
3072 1182 3124 1224 et
3147 1173 3519 1241 explanatione
3542 1186 3724 1226 acces-

2154 1282 2340 1319 Surum
2394 1266 2494 1327 his,
2557 1281 2660 1318 non
2709 1265 2962 1319 duximus
3013 1263 3410 1333 negligendum.
3454 1261 3722 1330 Pr0pheta

2152 1359 2293 1412 enim
2321 1358 2405 1411 his
2445 1357 2621 1411 verbis
2656 1356 2951 1425 perlectum
2992 1357 3194 1419 virum,
3233 1356 3322 1423 qui
3356 1356 3422 1408 ad
3464 1356 3721 1408 immuta-

2155 1451 2312 1503 bilem
2343 1450 2505 1502 vitam
2527 1462 2852 1501 ascensurus
2884 1456 3019 1510 erat,
3054 1446 3379 1508 describens,
3418 1445 3557 1499 inter
3586 1458 3723 1511 prae-

2151 1542 2295 1597 clara
2330 1539 2446 1607 ejus
2473 1539 2707 1593 facinora
2738 1539 2867 1592 illud
2911 1537 3237 1597 numeravit,
3270 1536 3412 1605 quod
3438 1536 3720 1604 pecuniam

2151 1650 2302 1688 suam
2342 1651 2444 1688 non
2485 1634 2630 1688 dedit
2663 1632 2879 1686 fmnuri.
2915 1630 3027 1686 Hoc
3066 1640 3345 1699 peccatum
3381 1630 3433 1682 in
3472 1629 3720 1698 plurimis

2153 1725 2445 1793 Scriptura:
2483 1725 2614 1779 locis
2654 1724 3009 1793 vituperatur.
3046 1721 3177 1775 Nam
3207 1719 3451 1774 Ezechiel
3487 1721 3530 1753 ’⁷
3582 1720 3631 1773 id
3664 1720 3718 1774 in

2154 1816 2402 1870 maximis
2430 1816 2582 1869 malis
2602 1822 2864 1880 recenset,
2895 1813 2940 1867 si
2978 1812 3172 1874 fienus,
3209 1822 3260 1864 et
3291 1811 3561 1879 quidpiam
3580 1810 3718 1863 ultra

2153 1916 2353 1961 sortem
2383 1906 2682 1975 accipiatur
2731 1904 2869 1969 Quin
2900 1913 2955 1958 et
2984 1902 3067 1955 lex
3099 1901 3227 1955 illud
3264 1901 3562 1955 luculenter
3592 1915 3720 1970 pro-

2153 1999 2300 2053 hibet
2331 2018 2345 2053 :
2380 1996 2499 2051 Non
2534 1997 2810 2066 [mnerabis
2835 1997 2991 2065 fratri
3035 2006 3146 2059 tuo,
3177 2006 3226 2049 et
3257 1997 3503 2061 proximo
3523 2006 3613 2047 tuo
3648 1993 3713 2047 ".

2150 2090 2218 2145 Et
2242 2105 2431 2144 rursus
2464 2090 2534 2143 ait
2569 2104 2583 2142 :
2623 2088 2786 2142 Dolus
2824 2102 2982 2156 super
3028 2086 3228 2149 dolum,
3276 2095 3324 2140 et
3366 2102 3529 2140 usura
3563 2100 3720 2153 super

2150 2197 2365 2234 usuram
2404 2181 2470 2233 ".
2519 2179 2586 2233 Et
2639 2180 2705 2231 de
2739 2178 2959 2233 civitate
3006 2192 3123 2247 qua:
3173 2176 3329 2231 bouis
3360 2176 3411 2229 in
3455 2174 3716 2229 malorum

2150 2270 2490 2323 multitudine
2519 2269 2783 2333 afﬂueret,
2809 2269 2937 2336 quid
2973 2267 3212 2334 psalmus
3244 2267 3405 2321 dicit?
3433 2265 3552 2319 Non
3572 2266 3717 2335 defe-

2148 2361 2218 2413 cit
2234 2359 2296 2413 de
2324 2359 2510 2427 plateis
2538 2360 2649 2429 ejus
2670 2375 2834 2413 usura
2858 2370 2904 2413 et
2922 2360 3073 2412 dolus
3100 2358 3165 2412 ³⁸.
3201 2359 3266 2412 Ει
3284 2374 3424 2413 nunc
3449 2357 3716 2426 Propheta

2149 2452 2377 2520 idipsum
2420 2460 2674 2519 tanquam
2706 2452 2949 2505 humana:
2973 2451 3318 2520 perfectionis
3344 2451 3713 2503 characterem

2148 2558 2211 2596 ac
2244 2544 2455 2613 signum
2489 2543 2787 2612 usurpavit,
2815 2543 3000 2597 dicens
3028 2557 3041 2592 :
3086 2541 3274 2610 (Vens.
3331 2541 3385 2612 5)
3432 2541 3716 2595 Pecuniam

2146 2651 2296 2688 suam
2321 2651 2421 2687 mm
2450 2634 2595 2687 dedit
2626 2635 2695 2687 ad
2728 2650 2963 2689 usuram.
2988 2634 3101 2688 Non
3132 2634 3307 2700 reipsa
3326 2647 3579 2703 perquam
3601 2646 3718 2685 ma-

2147 2728 2289 2779 xima
2310 2737 2395 2780 est
2426 2726 2810 2792 inhumanitas,
2846 2726 2993 2779 illum
3025 2724 3353 2794 quidemqui
3387 2724 3719 2779 necessario-

2147 2834 2266 2870 rum
2305 2818 2524 2886 indiget,
2560 2828 2802 2871 mutuum
2842 2820 2907 2871 ad
2944 2818 3065 2871 vita:
3096 2816 3395 2871 subsidium
3449 2831 3714 2884 quaerere.

2146 2910 2288 2964 hunc
2340 2926 2468 2964 vero
2509 2922 2655 2964 sorte
2695 2919 3007 2965 contentum
3050 2925 3155 2963 non
3187 2924 3326 2973 esse,
3372 2909 3466 2965 sed
3496 2910 3599 2965 sibi
3648 2922 3715 2961 ex

2146 3004 2396 3073 pauperis
2429 3002 2825 3057 calamitatibus
2857 3011 3147 3070 proventus
3184 3001 3514 3071 excogitare,
3552 3014 3714 3069 opes~

2146 3108 2250 3162 que
2276 3094 2550 3161 colligere.
2573 3093 2715 3147 Sane
2741 3092 2999 3147 Dominus
3028 3094 3141 3161 ipse
3182 3091 3337 3146 nobis
3364 3093 3541 3161 palam
3570 3105 3714 3160 pra-

467 3183 721 3237 θέλοντα
746 3184 863 3237 ἀπὸ
895 3183 1011 3237 σοῦ
1047 3183 1439 3240 δανείσασθαι
1466 3186 1551 3256 μὴ
1574 3188 1990 3259 ἀποστραφῇς·
2015 3195 2043 3247 ὁ

2147 3186 2307 3253 cepit,
2343 3186 2532 3240 dicens
2574 3204 2587 3239 :
2621 3183 2687 3238 Et
2728 3184 2915 3238 uolenti
2954 3187 3186 3237 mutuari
3226 3202 3258 3237 a
3291 3194 3360 3248 te,
3410 3200 3475 3242 ne.
3509 3192 3715 3238 averta-

468 3275 524 3328 δὲ
558 3276 909 3346 φιλάργυρος,
937 3276 1075 3347 ὁρῶν
1112 3276 1215 3329 ὑπὸ
1244 3278 1343 3347 τῆς
1372 3279 1617 3351 ἀνάγκης
1661 3282 1828 3355 ἄνδρα
1879 3302 2045 3339 κατα-

468 3370 853 3439 καμπτόμενον
911 3370 1016 3441 πρὸ
1054 3370 1161 3422 τῶν
1206 3371 1449 3438 γονάτων
1498 3374 1827 3440 ἱκετεύοντα,
1886 3378 1939 3430 τί
1983 3379 2043 3431 οὐ

469 3460 725 3513 ποιοῦντα
776 3461 1061 3524 ταπεινόν;
1123 3460 1175 3513 τί
1211 3462 1270 3513 οὐ
1332 3461 1729 3533 φθεγγόμενον;
1773 3468 1871 3519 οὐκ
1908 3466 2047 3520 ἐλεεῖ

469 3553 598 3623 παρ’
624 3551 779 3618 ἀξίαν
829 3552 1135 3622 πράττοντα
1171 3552 1306 3622 (‘28),
1329 3553 1390 3605 οὗ
1419 3552 1690 3621 λογίζεται
1717 3557 1815 3627 τὴν
1861 3558 2042 3626 φύσιν,

467 3646 566 3698 ούκ
592 3644 830 3697 ἐνδίδωσι
856 3647 974 3707 ταῖς
1005 3644 1256 3707 ἱκεσίαις,
1298 3644 1414 3699 ἀλλ’
1446 3648 1734 3716 ἄκαμπτος
1762 3650 1854 3700 καὶ
1890 3650 2046 3719 ἀμεί-

465 3735 649 3799 λικτος
691 3738 940 3808 ἕστηκεν,
976 3739 1036 3790 ού
1070 3741 1186 3800 ταῖς
1220 3738 1469 3809 δεήσεσιν
1501 3740 1683 3805 εἴκων,
1733 3741 1793 3793 οὐ
1846 3741 2047 3814 δάκρυ-

465 3845 551 3883 σιν
585 3828 979 3900 ἐπικλώμενος,
1028 3829 1301 3899 ἐπιμένων
1338 3833 1402 3901 τῇ
1460 3832 1704 3902 ἀρνήσει,
1748 3833 2046 3905 ἐξομνύμε-

464 3937 554 3984 νος
586 3922 679 3973 καὶ
725 3919 1079 3992 ἐπαρώμενος
1121 3920 1319 3992 ἐαυτῷ,
1364 3917 1398 3991 ἦ
1438 3922 1541 3993 μὴν
1565 3924 1791 3994 ἀπορεῖν
1848 3943 2045 3979 παντε-

463 4011 572 4075 λῶς
597 4014 915 4085 χρημάτων,
951 4016 1045 4066 καὶ
1084 4016 1436 4084 περισκοπεῖν
1468 4016 1563 4068 καὶ
1614 4016 1775 4079 αὐτὸς
1818 4017 1871 4070 εἴ
1924 4035 2045 4072 τινα

465 4100 613 4173 εὖροι
641 4103 747 4156 τῶν
770 4102 1137 4167 δανειζόντων,
1164 4105 1257 4157 καὶ
1279 4105 1637 4175 πιστούμενος
1658 4106 1719 4159 τὸ
1743 4105 1934 4176 ψεῦδος
1956 4108 2045 4164 διὰ

465 4191 571 4244 τῶν
602 4192 797 4262 ὅρκων,
835 4195 1001 4247 κακὸν
1035 4196 1473 4267 παρεμπόρευμα
1510 4196 1608 4265 τῆς
1651 4196 2045 4268 ἀπανθρωπίας

465 4278 563 4346 τὴν
583 4281 858 4351 ἐπιορκίαν
890 4284 1329 4355 προσκτώμενος.
1370 4286 1618 4339 Ἐπειδὰν
1642 4286 1697 4338 δέ
1726 4289 1753 4339 6
1785 4287 1962 4358 ζητῶν
1984 4290 2046 4343 τὸ

467 4369 672 4424 δάνειον
709 4374 882 4427 τόκων
915 4376 1148 4446 μνησθῇ,
1184 4377 1279 4429 καὶ
1310 4377 1588 4448 ὑποθήκας
1625 4377 1889 4450 ὀνομάσῃ,
1921 4380 2041 4434 τότε

467 4463 785 4517 καταϐαλὼν
832 4465 931 4536 τὴν
972 4467 1143 4539 ὀφρὺν
1195 4470 1634 4539 προσεμειδίασε,
1680 4470 1774 4523 καί
1808 4487 1908 4523 που
1948 4472 2042 4525 καὶ

2147 3278 2218 3331 ris
2248 3277 2313 3332 ³¹.
2343 3277 2552 3330 Avarus
2582 3284 2781 3338 autem,
2812 3290 2932 3329 cum
2976 3276 3248 3329 hominem
3288 3275 3433 3329 videt
3476 3288 3586 3344 pra:
3617 3282 3713 3328 ειε-

2145 3371 2399 3425 cessitate
2421 3370 2647 3436 genibus
2688 3370 3031 3436 provolutum
3074 3383 3139 3421 ac
3170 3368 3487 3435 supplicem,
3521 3367 3715 3434 ecquid

2146 3477 2253 3515 non
2286 3460 2574 3515 facientem
2614 3461 2757 3529 quod
2796 3458 3068 3526 abjectum
3103 3461 3173 3515 sit
3200 3475 3264 3513 ac
3291 3460 3533 3515 humile?
3585 3461 3716 3530 quid

2147 3569 2251 3607 non
2269 3553 2609 3621 loquentem?
2638 3552 2752 3619 eius
2774 3554 2862 3620 qui
2881 3562 3074 3617 prmter
3099 3553 3342 3605 meritum
3363 3553 3585 3605 adversa
3606 3551 3718 3605 for--

2146 3654 2272 3699 tuna
2298 3646 2484 3708 utitur,
2513 3660 2854 3713 nequaquam
2886 3646 3198 3708 miseretur,
3232 3645 3377 3697 nullo
3410 3644 3528 3698 loco
3554 3643 3714 3700 habet

2146 3748 2419 3802 naturam,
2445 3754 2548 3793 non
2582 3737 2835 3808 precibus
2860 3747 3124 3801 movetur,
3144 3737 3237 3791 sed
3260 3734 3568 3789 inﬂexibilis
3584 3744 3710 3800 stat,

2145 3840 2199 3884 et
2226 3831 2607 3900 implacabilis:
2640 3846 2744 3884 non
2775 3831 2918 3884 cedit
2954 3828 3445 3898 deprecationibus,
3466 3828 3717 3897 lacrymis

2144 3938 2251 3976 non
2291 3921 2576 3992 frangitur,
2608 3931 3019 3992 perseveranter
3060 3932 3242 3991 negat.
3274 3921 3449 3982 Jurat.
3502 3934 3567 3974 ac
3609 3920 3714 3975 sibi

2147 4016 2284 4069 male
2329 4031 2577 4083 precans,
2614 4014 2841 4069 allii-mat
2876 4028 3063 4070 carere
3101 4031 3160 4070 se
3202 4017 3426 4084 pecunia
3470 4014 3712 4076 omnino,

2144 4121 2371 4176 seseque
2393 4108 2963 4178 circumspicerepium
2986 4124 3144 4178 quem
3171 4110 3282 4177 ipse
3300 4121 3512 4177 quoque
3540 4104 3716 4161 fleue-

2144 4206 2377 4253 ratoretn
2431 4197 2690 4263 inveniat,
2740 4214 2803 4255 ac
2847 4200 3004 4253 fidem
3047 4200 3250 4255 faciens
3298 4198 3575 4253 mendacio
3621 4213 3717 4267 per

2140 4288 2468 4357 iuramenta,
2501 4288 2795 4359 periurium
2828 4307 2925 4345 ceu
2952 4292 3152 4344 malum
3175 4292 3458 4360 quemdam
3482 4289 3641 4358 108
3664 4298 3717 4343 et

2144 4382 2497 4437 adventitium
2531 4382 2942 4436 inhumanitatis
2971 4390 3233 4450 quaestum
3285 4380 3537 4447 acquirit.
3607 4378 3712 4433 Sed

2145 4472 2234 4526 ubi
2265 4472 2354 4540 qui
2408 4479 2650 4524 mutuum
2682 4472 2894 4538 quaarit,
2940 4472 3184 4524 meminit
3224 4470 3468 4533 faenoris,
3518 4477 3571 4520 et
3620 4483 3715 4521 no-

465 4555 725 4627 πατρῲας
770 4558 951 4626 φιλίας
995 4560 1308 4631 ἀνεμνήσθη
1358 4562 1491 4632 (29),
1538 4564 1630 4616 καὶ
1670 4565 1875 4636 συνήθη
1922 4562 2041 4618 εἶπε

2149 4579 2268 4615 men
2331 4562 2572 4632 pignoris
2629 4562 2888 4629 protulit,
2950 4572 3073 4615 tunc
3126 4562 3360 4616 demisso
3426 4558 3717 4628 supercilio

464 4648 559 4697 καὶ
610 4646 791 4715 φίλον·
834 4650 948 4711 καὶ,
1007 4648 1297 4719 Ὀψόμεθα,
1360 4654 1543 4722 φησὶν.
1597 4655 1750 4706 εἵπου
1790 4654 1843 4708 τί
1892 4658 2038 4708 ἐστιν

464 4739 595 4809 ἡμῖν
623 4739 980 4810 ἀποκείμενον
1009 4740 1285 4812 ἀργύριον.
1318 4744 1473 4796 Ἔστι
1506 4744 1562 4796 δὲ
1603 4746 2037 4818 παρακαταθήκη

2146 4653 2408 4719 subridet,
2446 4662 2607 4721 atque
2643 4662 2881 4722 paterna:
2930 4654 3184 4707 amicitia:
3237 4653 3457 4706 refricat
3513 4666 3713 4705 menm-

2148 4746 2303 4810 riam,
2339 4760 2403 4799 ac
2442 4744 2762 4799 familiarem
2808 4754 2864 4798 et
2911 4746 3144 4798 amicum
3188 4745 3456 4813 appellat;
3500 4756 3576 4812 et,
3626 4742 3712 4796 Vi-

535 4894 578 4925 "
619 4892 816 4949 Ezech.
852 4909 985 4959 χχιι,
1022 4894 1109 4951 l2.
1186 4898 1231 4927 ’⁸
1272 4898 1422 4951 Deut.
1462 4914 1615 4961 χχιιι,
1669 4899 1753 4955 19.
1833 4901 1878 4933 ⁹⁹
1918 4900 2026 4954 Jer.

2169 4899 2222 4953 6.
2301 4900 2346 4931 '°
2378 4898 2520 4956 Psal.
2558 4916 2665 4963 Ltv,
2700 4900 2784 4955 η.
2863 4900 2903 4931 ³⁸
2936 4898 3122 4953 Matth.
3158 4916 3211 4961 ν,
3242 4900 3331 4954 ιε.

533 5051 646 5123 (26)
679 5054 810 5116 Reg.
847 5056 1117 5109 secundus
1138 5070 1259 5108 cum
1289 5072 1444 5111 sacro
1468 5067 1613 5113 textu
1644 5058 1802 5122 τόκος
1834 5058 1925 5111 ἐπὶ
1948 5060 2033 5111 τό·

461 5140 565 5196 κιρ,
589 5124 687 5196 ,καὶ
719 5125 870 5189 δόλος
896 5126 987 5177 ἐπὶ
1021 5124 1174 5195 δόλῳ.
1217 5126 1439 5180 Factum
1473 5129 1523 5182 id
1552 5138 1680 5195 puto
1724 5131 1791 5181 ab
1826 5129 2030 5196 aliquo,

462 5194 553 5259 qui
575 5195 759 5252 Jocum
802 5198 1078 5265 prophetae
1108 5194 1175 5248 οι)
1205 5196 1390 5251 oculos
1435 5194 1679 5261 haberet,
1715 5196 1883 5253 licere
1919 5194 2030 5252 _sibi

462 5274 634 5327 ratus,
675 5265 921 5320 ordinem
961 5267 1250 5319 verborum
1284 5265 1467 5319 Basilii
1516 5278 1744 5335 mutare,
1775 5283 1843 5324 ne
1875 5268 2033 5322 aliter

466 5334 519 5388 in
547 5334 770 5407 Basilio,
800 5335 955 5407 aliter
987 5336 1061 5407 in_
1079 5336 1337 5407 propheta
1373 5336 1656 5407 legeretur.

538 5402 648 5473 (‘27)
684 5403 777 5459 Sic
819 5406 985 5459 editio
1036 5402 1196 5457 Basil.
1231 5413 1284 5458 et
1318 5402 1449 5462 mss:
1494 5407 1671 5461 Editio
1721 5422 1851 5460 vero
1883 5407 2035 5460 Pari-

466 5473 658 5547 siensis
685 5475 903 5547 uberius
932 5475 1211 5547 διετάξατο
1242 5475 1434 5547 λέγων·
1462 5476 1551 5547 Τῷ
1573 5477 1809 5531 αἰτοῦντί
1827 5494 1885 5530 σε
1922 5476 2029 5541 δὸς,

467 5543 561 5615 καὶ
584 5542 695 5609 τόν,
723 5553 826 5599 etc.
860 5545 964 5600 Sed
986 5546 1097 5607 illa,
1137 5545 1215 5615 τῷ
1247 5542 1484 5600 αἰτοῦντί
1523 5542 1581 5600 σε
1619 5548 1727 5611 δός,
1762 5548 1885 5601 huic
1917 5548 2033 5600 loco

469 5612 648 5687 inepte
668 5625 848 5687 assuta
875 5630 993 5687 esse
1011 5626 1153 5687 patet
1186 5612 1267 5669 vel
1293 5632 1356 5669 ex
1376 5618 1485 5687 ipsa
1519 5620 1684 5671 veteri
1721 5621 2035 5687 interpreta-

469 5683 634 5754 tione,
667 5684 717 5737 in
749 5700 853 5754 qua
887 5686 1001 5740 haec
1054 5686 1142 5739 illa
1186 5688 1348 5740 verba
1398 5683 1604 5741 Latine
1662 5683 1876 5741 reddita
1925 5701 2031 5740 non

468 5748 634 5806 fuisse
663 5748 923 5810 videmus.

541 5822 656 5888 (28)
690 5822 864 5883 Editio
920 5826 1091 5882 Paris.
1146 5829 1273 5899 παρ’
1308 5827 1462 5894 ἀξίαν
1495 5827 1676 5890 κακῶς
1702 5827 2025 5899 πράττοντα.

2137 5058 2242 5112 Sed
2293 5076 2394 5114 vox
2448 5058 2633 5122 κακῶς
2681 5060 2829 5111 deest
2882 5058 3020 5112 etin
3074 5072 3206 5110 mss.
3255 5057 3502 5112 omnibus
3545 5064 3597 5109 et
3660 5057 3711 5110 in

2135 5129 2373 5184 editione
2401 5130 2564 5184 Basil.
2607 5127 2951 5182 Arbitramur
2996 5136 3174 5179 autem
3210 5142 3327 5180 eam
3354 5143 3568 5191 vocem,
3613 5144 3712 5179 κα-

2135 5197 2266 5261 κῶς,
2291 5200 2519 5268 primum
2548 5200 2600 5251 in
2635 5197 2887 5268 margine
2902 5199 3130 5268 positam
3172 5196 3364 5262 fuisse,
3389 5209 3445 5268 ut
3474 5211 3712 5250 monere-

2138 5278 2226 5321 tur
2256 5266 2440 5330 lector,
2478 5268 2628 5330 illud,
2672 5267 2802 5338 παρ’
2833 5266 3011 5331 ἀξίαν,
3037 5266 3201 5338 fidem
3236 5268 3323 5321 hic
3360 5266 3540 5320 valere
3570 5268 3711 5336 qunti

2138 5339 2346 5403 κακῶς,
2395 5353 2460 5394 ac
2514 5337 2875 5405 postmodum,
2905 5337 3047 5406 quod
3078 5351 3183 5390 non
3225 5352 3348 5391 raro
3378 5337 3625 5404 contigit,
3656 5338 3708 5390 in

2140 5418 2345 5489 textum
2418 5410 2724 5489 irrepsisse;
2776 5408 3068 5489 Aliquauto
3138 5416 3430 5489 post‘vox
3489 5408 3711 5489 χρημά-

2136 5495 2246 5531 των
2283 5481 2433 5533 deest
2473 5476 2539 5531 in
2573 5477 2756 5531 multis
2810 5492 2940 5530 mss.
2976 5476 3260 5542 Reperitnr
3281 5484 3459 5529 tamen
3491 5476 3542 5529 in
3577 5476 3710 5529 nou-

2138 5549 2316 5602 nullis.
2354 5548 2471 5601 Mox
2512 5548 2906 5618 Colb._quartus
2937 5547 3438 5618 προσκτησάμενος.
3474 5548 3711 5602 Subinde

2138 5620 2289 5689 Colb.
2308 5629 2542 5689 octavus
2558 5616 2858 5689 ὑποθήκην.

2212 5688 2338 5770 (29).
2355 5687 2522 5759 Major
2552 5704 2679 5770 pars
2713 5686 2842 5770 mss:
2874 5688 3139 5770 ἐμνήσθη.
3166 5686 3316 5770 ῌἎιιά
3340 5687 3495 5770 Ιοξηξξι
3516 5687 3707 5770 legitur

2140 5758 2191 5810 in
2224 5758 2380 5811 Colb.
2418 5769 2630 5829 quarto
2664 5760 2720 5829 ὲν
2742 5758 2924 5829 (αὐτῷ
2957 5758 3081 5823 τοὺς
3108 5758 3343 5823 τόκους.
3390 5759 3532 5813 Infra
3563 5758 3704 5811 idem

2138 5830 2301 5883 codex
2338 5828 2655 5900 αὐθαίρετον
2669 5827 2900 5892 ἐδέξατο.
