4048 6220
354 374 460 430 267

1656 374 1712 431 S.
1760 372 2009 431 BASILII
2044 370 2261 428 MAGNI

3499 370 3618 427 268

350 492 616 554 debimus,
664 490 861 562 inquit,
909 488 1078 547 sicubi
1120 492 1415 564 quidquam
1461 496 1787 551 recondatur
1832 511 1921 549 ar-

2027 492 2181 561 φίλου
2230 489 2420 562 ἀνδρὸς
2453 489 2540 543 ἐπ’
2572 489 2804 562 ἐργασίᾳ
2842 490 3225 563 παραθεμένου
3259 494 3409 565 ἡμῖν.
3466 494 3617 548 Ἀλλ’

351 583 495 652 genti
526 584 665 653 apud
694 598 813 637 nos.
840 582 1150 653 Depositum
1200 586 1386 655 utique
1438 586 1521 642 vir
1568 588 1774 642 amicus
1822 602 1921 641 no-

349 673 437 729 bis
486 683 725 742 quaestus
776 688 906 744 ergo
953 676 1309 732 concredidit.
1358 675 1556 733 Verum
1602 678 1689 734 ille
1734 694 1923 749 graves

350 780 545 820 usuras
604 775 804 821 mutua
846 768 1089 836 pecuniae
1137 770 1346 839 exigit:
1397 772 1490 826 sed
1535 786 1634 826 nos
1679 773 1923 841 profecto

351 858 551 935 aliquid
582 859 937 923 remittemus,
964 868 1020 915 et
1048 860 1243 915 minori
1267 862 1444 917 daturi
1479 878 1664 917 sumus
1696 865 1943 935 fmuore._

352 927 501 1003 Talia
557 948 897 1018 conﬁngens,
962 950 1250 1021 verbisque
1312 953 1577 1021 ejusmodi
1642 953 1922 1009 blanditus

351 1040 550 1096 misero
599 1056 662 1096 ac
708 1040 1070 1107 lenocinatus,
1114 1044 1202 1099 ubi
1251 1045 1400 1099 illum
1444 1046 1771 1115 syngraphis
1820 1047 1919 1099 ob—

350 1129 594 1193 strinxit,
644 1139 829 1199 atque,
872 1142 1069 1200 prater
1107 1143 1387 1204 urgentem
1440 1134 1697 1202 inepiam,
1754 1133 1920 1188 liber-

352 1230 515 1275 tatem
556 1222 719 1278 etiam
766 1224 887 1279 viro
929 1226 1173 1293 abstulit,
1215 1228 1343 1282 abit.
1396 1227 1605 1281 Etenim
1654 1242 1778 1281 cum
1815 1227 1919 1281 fce—

350 1308 493 1371 nori,
527 1309 615 1363 cui
647 1309 904 1367 solvendo
930 1328 1035 1367 non
1070 1324 1173 1380 est,
1211 1315 1503 1370 obnoxium
1550 1331 1609 1370 se
1650 1318 1918 1385 prazstitit,

350 1398 737 1467 voluntariam,
764 1404 941 1471 quoad
976 1404 1140 1470 vivet,
1171 1406 1375 1473 recepit
1418 1406 1759 1461 servitutem.
1816 1407 1919 1462 Pe-

350 1489 565 1554 cunias,
595 1492 683 1547 die
719 1493 876 1558 mihi,
905 1503 959 1549 et
984 1507 1269 1564 quaestum,
1312 1499 1557 1566 exquiris
1599 1500 1668 1554 ab
1719 1499 1921 1568 inope?

349 1578 459 1636 Sed
483 1580 530 1634 si
558 1580 649 1636 ille
685 1590 738 1637 te
767 1585 992 1640 reddere
1029 1586 1297 1654 potuisset
1343 1588 1621 1652 ditiorem,
1675 1589 1805 1658 quid
1852 1589 1918 1644 ad

350 1678 474 1725 tuas
508 1668 705 1741 januas
734 1674 1120 1741 quaesivisset?
1156 1676 1314 1731 Venit
1337 1678 1633 1733 subsidium
1670 1679 1920 1734 inventu-

351 1775 489 1816 rus:
527 1763 621 1817 sed
674 1763 885 1820 hostem
934 1765 1158 1834 reperit.
1204 1766 1517 1822 Remedium
1566 1768 1692 1822 dum
1741 1770 1921 1837 requi-

2031 586 2238 646 ἐκεῖνος
2287 580 2385 652 μὲν
2427 580 2613 651 βαρεῖς
2662 581 2751 634 ἐπ’
2793 581 2939 653 αὐτῷ
2976 584 3100 647 τοὺς
3150 584 3338 648 τόκους
3375 584 3612 655 ῶρισενο

2031 677 2194 747 ἡμεῖς
2230 674 2288 728 δὲ
2331 673 2545 736 πάντως
2589 675 2933 746 ὲπανήσομέν
2973 693 3047 739 τι,
3108 677 3201 730 καὶ
3239 678 3327 730 ἐπ’
3362 678 3615 732 ἐλάττοσι

2029 768 2141 829 τοῖς
2175 763 2355 826 τόκοις
2394 760 2657 833 δώσομεν.
2702 760 2936 816 Τοιαῦτα
2979 765 3613 833 κατασχηματιζόμενος,

2030 856 2126 911 καὶ
2170 853 2431 917 τοιούτοις
2472 852 2653 922 λόγοις
2704 854 3007 907 ὑποσαίνων
3069 855 3165 907 καὶ
3211 855 3474 919 δελεάζων
3514 855 3615 908 τὸν

2028 949 2230 1013 ἄθλιον,
2304 945 2703 1019 γραμματείοις
2762 945 2923 999 αὑτὸν
2990 946 3458 1017 προσκαταδήσας,
3513 946 3616 998 καὶ

2032 1043 2168 1114 πρὸς
2202 1044 2266 1113 τῇ
2297 1037 2676 1109 καταπονούσῃ
2715 1038 2875 1109 πενία
2916 1037 2996 1091 ἔτι
3043 1039 3135 1091 καὶ
3177 1038 3275 1108 τὴν
3299 1034 3614 1107 ἐλευθερίαν

2030 1130 2122 1184 τοῦ
2170 1130 2364 1201 ἀνδρὸς
2410 1127 2905 1201 προσαφελόμενος,
2937 1127 3128 1198 ᾤχετο.
3175 1129 3232 1181 Ὀ
3277 1130 3384 1199 γὰρ
3427 1127 3615 1190 τόκοις

2031 1223 2222 1276 ἑαυτὸν
2260 1220 2559 1275 ὑπεύθυνον
2603 1220 2970 1289 καταστήσας,
3010 1213 3085 1274 ὧν
3126 1220 3223 1291 τὴν
3263 1220 3464 1273 ἔκτισιν
3507 1219 3611 1289 οὐχ

2027 1310 2337 1381 ὑφίσταται,
2372 1309 2612 1363 δουλείαν
2645 1309 2966 1380 αὐθαίρετον
2994 1306 3314 1374 κατεδέξατο
3345 1308 3431 1361 διὰ
3462 1308 3605 1377 βίου.

2025 1403 2320 1473 Χρήματα,
2353 1402 2475 1454 είπέ
2501 1418 2612 1471 μοι,
2642 1401 2734 1454 καὶ
2763 1401 2963 1473 πόρους
2996 1401 3291 1471 ἐπιζητεῖς,
3333 1400 3482 1470 παρά
3510 1399 3608 1452 τοῦ

2025 1493 2392 1562 ἀπόρουςΚαὶ
2413 1495 2460 1546 εί
2495 1493 2890 1564 πλουσιώτερόν
2921 1510 2978 1546 σε
3008 1493 3325 1560 ἀποφαίνειν
3351 1492 3605 1562 ἠδύνατο,

2025 1588 2081 1639 τί
2106 1588 2289 1658 ἐζήτει
2320 1586 2472 1658 παρὰ
2496 1585 2594 1649 τὰς
2618 1584 2788 1657 θύρας
2816 1584 2912 1649 τάς
2948 1586 3073 1650 σάς;
3118 1585 3241 1637 Ἐπὶ
3289 1585 3606 1655 συμμαχίαν

2024 1678 2213 1740 ἐλθὼν,
2261 1677 2519 1747 πολέμιον
2554 1670 2732 1748 εὗρεν.
2796 1676 3237 1747 Ἀλεξιφάρμακα
3274 1677 3603 1747 περιζητῶν,

2023 1769 2368 1841 δηλητηρίοις
2401 1768 2641 1837 ἐνέτυχε.
2678 1767 2807 1821 Δέον
2836 1767 3275 1838 παραμυθεῖσθαι
3297 1767 3389 1821 τοῦ
3413 1767 3606 1838 ἀνδρὸς

350 1861 516 1918 reret,
549 1853 601 1907 in
645 1868 912 1911 venenum
962 1857 1173 1912 incidit.
1217 1856 1461 1914 Oﬂieium
1514 1867 1659 1914 tuum
1713 1860 1909 1923 fuerat,

2027 1860 2110 1931 τὴν
2134 1858 2427 1928 πτωχείαν,
2458 1857 2523 1910 σὺ
2553 1857 2610 1909 δὲ
2641 1855 3097 1919 πολυπλασιάζεις
3127 1855 3225 1924 τὴν
3255 1854 3479 1916 ἔνδειαν,
3504 1855 3598 1906 ὲκ-

357 1944 459 1997 viri
485 1945 772 2002 sublevare
798 1948 1074 2018 inopiam:
1106 1959 1162 2004 at
1211 1959 1267 2005 tu
1313 1950 1456 2007 illius
1494 1952 1731 2021 adauges
1768 1965 1924 2020 eges-

351 2044 541 2100 tatem,
574 2037 811 2094 hominis
845 2040 1085 2095 destituti
1113 2040 1395 2098 facultates
1428 2056 1680 2112 quaarens
1710 2043 1850 2098 exha
1864 2060 1925 2097 u-

350 2127 479 2182 rire.
512 2125 689 2183 Veluti
719 2130 763 2186 si
795 2131 918 2199 quis
945 2131 1188 2187 medicus
1232 2141 1460 2202 aegrotos
1497 2132 1760 2200 invisens,
1797 2149 1921 2189 cum

350 2217 433 2271 eis
492 2218 716 2275 deberet
764 2220 1052 2276 restituere
1099 2223 1407 2288 sanitatem,
1455 2238 1487 2278 e
1527 2225 1801 2279 contrario
1841 2226 1922 2281 eis

351 2307 439 2361 vel
469 2310 695 2375 exiguas
741 2310 939 2363 virium
990 2310 1247 2381 reliquias
1290 2312 1596 2367 adimeret:
1645 2314 1727 2367 sic
1767 2321 1820 2368 et
1865 2322 1921 2368 tu

353 2399 674 2453 miserorum
709 2401 1057 2457 calamitates
1095 2410 1332 2470 quaestus
1376 2405 1720 2459 occasionem
1763 2404 1917 2461 facis.

353 2489 423 2543 Et
457 2490 597 2546 sicut
627 2492 805 2548 coloni
838 2494 904 2548 ad
954 2495 1221 2550 seminum
1266 2494 1764 2564 multiplicationem
1804 2497 1921 2552 im—

352 2579 479 2635 bres
543 2593 819 2652 exoptant,
875 2585 947 2639 ita
1004 2594 1060 2641 et
1112 2595 1166 2641 tu
1222 2595 1513 2657 egestatem
1574 2596 1627 2643 et
1682 2589 1917 2657 inopiam

356 2671 630 2727 hominum
687 2684 866 2744 Optas,
912 2676 1005 2730 tibi
1055 2688 1115 2732 ut
1152 2688 1474 2747 quaestuosae
1519 2680 1627 2733 sint
1653 2682 1915 2749 pecuniae.

348 2763 432 2821 An
467 2765 681 2834 ignoras
720 2766 899 2823 facere
940 2776 991 2822 te
1027 2769 1393 2825 accessionem
1429 2770 1686 2838 majorem
1720 2787 1915 2840 pecca-

352 2853 443 2917 tis,
492 2869 652 2924 quam
698 2870 858 2926 opum
899 2867 985 2913 est
1027 2860 1420 2914 incrementum
1467 2861 1535 2915 de
1573 2859 1780 2916 frenare
1819 2877 1916 2917 ex-

351 2950 690 3015 spectatum?
752 2949 817 3004 Et
870 2950 1089 3020 quidem
1151 2961 1433 3022 argentum
1476 2950 1529 3007 iii
1592 2953 1771 3009 foenus
1828 2956 1917 3023 qui

350 3040 564 3106 quaerit,
593 3041 805 3096 consilii
846 3043 1000 3112 inops
1042 3042 1210 3098 haeret
1253 3044 1479 3099 medius.
1534 3044 1746 3099 Etenim
1794 3060 1915 3100 eum

352 3129 574 3198 respicit
620 3129 687 3184 ad
735 3137 1127 3200 paupertatem,
1179 3131 1247 3184 de
1300 3130 1571 3195 solutione
1622 3134 1911 3203 desperat:

2032 1947 2375 2019 καρποῦσθαι
2402 1946 2579 2017 ζητῶν
2611 1944 2709 2016 τὴν
2748 1943 2843 2015 ἐρη
2853 1961 2971 2015 μον.
2996 1944 3206 2012 Ὥσπερ
3231 1944 3341 2015 (50)
3360 1943 3424 1997 ἂν
3448 1944 3500 1997 εί
3518 1961 3603 2005 τις

2033 2046 2217 2118 ἰατρὸς
2248 2045 2384 2118 πρὸς
2410 2046 2713 2116 κάμνοντας
2739 2044 2942 2107 εἰσιὼν,
2984 2043 3104 2096 ἀντὶ
3134 2038 3226 2092 τοῦ
3257 2037 3469 2105 ὑγίειαν
3500 2034 3602 2089 αύη

2027 2139 2139 2199 τοῖς
2181 2137 2566 2204 ἐπαναγαγεῖν,
2612 2135 2642 2187 6
2672 2136 2730 2188 δὲ
2773 2135 2866 2187 καὶ
2897 2133 2957 2186 τὸ
2987 2130 3180 2201 μικρὸν
3211 2126 3460 2197 λείψανον
3499 2124 3603 2192 τῆς

2026 2224 2306 2297 δυνάμεως
2338 2224 2763 2297 προσαφέλοιτο·
2789 2223 2931 2277 οὕτω
2971 2222 3063 2276 καὶ
3096 2221 3158 2274 σὺ
3192 2219 3288 2282 τὰς
3317 2214 3602 2287 συμφορὰς

2026 2315 2135 2370 τῶν
2182 2316 2381 2370 ἀθλίων
2432 2316 2685 2388 ἀφορμὴν
2738 2316 2918 2387 πόρων
2962 2315 3111 2384 ποιῇ.
3166 2312 3277 2364 Καὶ
3329 2308 3514 2377 ῶσπερ
3551 2308 3600 2359 οἱ

2026 2408 2260 2478 γεωργοὶ
2291 2407 2526 2479 ὄμϐρους
2558 2406 2805 2477 εὔχονται
2855 2407 2935 2467 είς
2967 2401 3446 2471 πολυπλασιασμδν
3491 2398 3601 2450 τῶν

2027 2501 2385 2571 σπερμάτων,
2420 2500 2561 2554 οὕτω
2603 2500 2700 2553 καὶ
2754 2498 2816 2551 σὺ
2856 2497 3061 2561 ἐνδείας
3109 2496 3201 2549 καὶ
3247 2494 3477 2565 ἀπορίας
3506 2492 3601 2544 ἀν-

2026 2592 2256 2667 θρώπων
2272 2592 2566 2662 ἐπιζητεῖς,
2590 2592 2676 2644 ἵνα
2710 2607 2791 2643 σοι
2819 2588 3015 2659 ἐνεργά
3050 2587 3119 2641 τά
3151 2587 3408 2657 χρήματα
3438 2583 3599 2654 γένη-

2023 2701 2134 2738 ται.
2200 2684 2435 2752 ’Δγνοεῖς
2496 2681 2718 2735 πλείονα
2775 2679 3091 2753 προσθήκην
3144 2680 3262 2740 ταῖς
3305 2674 3599 2746 ἁμαρτίαις

2023 2770 2363 2840 ποιούμενος,
2397 2770 2430 2841 ἢ
2471 2768 2549 2841 τῷ
2578 2769 2792 2840 πλούτῳ
2834 2769 2933 2839 τὴν
2967 2766 3193 2835 αὔξησιν
3236 2764 3342 2819 ἀπὸ
3377 2763 3482 2817 τῶν
3514 2761 3600 2814 τό·

2023 2879 2134 2915 κων
2165 2859 2429 2925 ὲπινοῶν;
2470 2862 2579 2915 Καὶ.
2603 2861 2632 2911 6
2657 2860 2754 2931 μὲν
2775 2859 2952 2931 ζητῶν
2983 2858 3043 2911 τδ
3064 2858 3324 2927 δάνεισμα
3349 2855 3478 2925 (5i),
3507 2853 3599 2923 μὲο

2026 2970 2115 3015 σος
2141 2951 2446 3022 ἀμηχανίας
2476 2949 2902 3021 ἀπειλημμένος,
2937 2951 3063 3004 ὅταν
3087 2949 3185 3020 μὲν
3215 2947 3348 3017 πρὸς
3367 2946 3461 3016 τὴν
3495 2960 3597 2996 τιε-

2024 3044 2140 3100 νίαν
2183 3044 2371 3116 ἀπίδῃ,
2407 3043 2770 3112 ἀπογινώσκει
2811 3042 2909 3113 τὴν
2949 3042 3175 3105 ἔκτισιν,
3209 3042 3335 3094 ὃταν
3373 3039 3427 3092 δὲ
3458 3037 3593 3108 πρὸς

2020 3135 2120 3206 τὴν
2143 3134 2421 3206 παροῦσαν
2454 3134 2720 3203 ἀνάγκην,
2756 3132 3068 3203 κατατολμᾷ
3096 3130 3189 3184 τοῦ
3216 3131 3591 3199 δανείσματος.

352 3234 476 3273 cum
502 3235 635 3277 vero
662 3230 984 3291 prmsentem
1013 3223 1322 3277 considerat
1350 3234 1667 3294 egestatem,
1712 3225 1920 3280 foenore

2027 3222 2157 3280 Εἶτα
2188 3228 2216 3278 ό
2247 3225 2346 3298 μὲν
2389 3223 2593 3295 ἡττήθη
2630 3222 2915 3292 ὑποκύψας
2950 3225 3017 3293 τῇ
3039 3222 3197 3293 χρείᾳ
3220 3237 3233 3251 ·
3271 3222 3298 3272 6
3337 3220 3393 3272 δὲ
3425 3217 3595 3288 άπερ-

351 3312 634 3379 peeuniam
658 3315 844 3369 sumit.
875 3312 1076 3369 Deinde
1102 3314 1276 3370 altero
1308 3316 1476 3382 victo,
1499 3332 1564 3370 ae
1608 3317 1919 3372 necessitati

353 3402 603 3469 cedente,
639 3403 778 3459 alter
805 3404 936 3471 abit,
971 3403 1248 3459 schedulis
1271 3404 1726 3475 eautionibusque
1774 3421 1921 3461 com-

351 3494 613 3550 munitus.

421 3584 477 3640 2.
516 3584 739 3653 Contra,
781 3596 1062 3655 argentum
1114 3586 1205 3656 qui
1252 3588 1480 3658 accepit,
1532 3589 1765 3658 primum
1805 3590 1921 3659 qui-

353 3676 475 3734 dem
548 3678 859 3748 splendidus
934 3694 998 3735 ac
1063 3680 1251 3735 hilaris
1306 3691 1420 3745 est,
1466 3688 1522 3735 et
1569 3680 1745 3736 alieno
1792 3680 1923 3737 ﬂore

354 3768 682 3832 oblectatus,
707 3769 1005 3823 mutatione
1032 3769 1154 3826 vita:
1184 3768 1515 3823 ineiareseit.
1557 3767 1726 3823 Lauta
1775 3770 1920 3823 enim

353 3870 539 3917 mensa
587 3867 691 3923 est,
741 3858 907 3912 vestis
950 3856 1260 3926 pretiosior,
1314 3857 1499 3913 famuli
1558 3858 1923 3927 splendidiore

352 3946 541 4007 habitu
574 3948 771 4017 induti,
810 3949 1141 4015 adulatores,
1181 3960 1554 4018 compotores;
1590 3951 1698 4005 fuci
1733 3950 1923 4005 domo-

355 4054 475 4093 rum
504 4040 794 4095 innumeri.
831 4040 937 4095 Sed
969 4056 1091 4095 cum
1121 4044 1322 4097 sensim
1372 4041 1622 4097 difﬂuunt
1660 4043 1919 4111 pecuniae,

359 4139 675 4200 tempusque
713 4133 1061 4202 progrediens
1099 4148 1280 4189 secum
1325 4133 1505 4189 foenus
1542 4135 1781 4196 advehit.
1810 4145 1921 4190 tum

356 4221 406 4278 ei
440 4223 677 4292 requiem
716 4238 821 4277 non
875 4222 1105 4281 aﬁ'erunt
1155 4232 1358 4290 noctes,
1411 4241 1515 4286 non
1571 4225 1688 4281 dies
1735 4226 1921 4282 hilaris

354 4321 462 4376 est,
498 4329 604 4368 non
637 4314 717 4369 sol
766 4314 1059 4384 iucundus,
1097 4316 1191 4370 sed
1234 4332 1357 4371 eum
1400 4316 1521 4371 vitae
1567 4320 1744 4381 taedet.
1802 4318 1923 4375 Dies

354 4407 423 4461 ad
449 4405 799 4461 constitutum
830 4414 1042 4474 tempus
1068 4405 1385 4463 festinantes
1415 4406 1578 4463 habet
1602 4409 1749 4474 odio,
1777 4411 1919 4463 exti-

356 4496 553 4552 meScit
606 4511 823 4555 menses
880 4510 1132 4566 tanquam
1183 4497 1408 4555 fmuoris
1460 4507 1732 4568 parentes.
1766 4500 1919 4571 Quod

355 4587 402 4640 si
440 4587 692 4650 dormiat,
722 4585 868 4639 videt
896 4585 1273 4642 fmneratorem
1300 4588 1353 4641 in
1376 4589 1600 4653 somnis,
1630 4590 1768 4656 quod
1802 4604 1917 4642 ina-

354 4674 464 4731 inm
512 4679 781 4734 somnium
828 4685 946 4741 est,
993 4678 1157 4746 capiti
1205 4688 1468 4732 astantem
1512 4694 1530 4732 :
1576 4679 1618 4732 si
1668 4694 1795 4733 vero
1838 4679 1917 4731 vi-

353 4768 507 4837 gilet,
547 4773 752 4842 cogitat
790 4787 851 4825 ac
881 4773 1142 4829 sollicitus
1168 4779 1251 4826 est
1286 4772 1351 4824 de
1380 4770 1606 4829 frenore.
1652 4770 1790 4825 Dum
1822 4772 1919 4841 [ce-

453 5015 544 5086 50)
582 5016 739 5091 ειμι).
788 5029 1014 5091 quartus
1056 5019 1265 5091 ’Ὠσπερ
1292 5022 1419 5091 γάρ,
1447 5020 1649 5091 Ibidem
1673 5037 1765 5076 sex
1797 5037 1929 5077 mss.

359 5101 480 5142 cum
531 5087 768 5141 editione
806 5088 970 5161 Dasil.
1008 5087 1544 5161 τιςιατρῶν.’1ὶεςίἰ
1564 5087 1847 5161 secundus
1878 5102 1932 5147 et

358 5166 586 5232 quartus
605 5171 731 5232 cum
755 5157 990 5232 editione
1007 5158 1179 5232 Paris.
1199 5157 1285 5232 τις
1322 5157 1525 5232 ἱατρός.
1561 5160 1712 5232 Haud
1744 5162 1928 5229 procul

359 5226 472 5287 illa,
489 5224 631 5280 οὕτω
648 5226 745 5279 καὶ
775 5226 864 5290 σύ,
886 5230 1081 5282 desunt
1104 5230 1155 5282 in
1171 5231 1362 5284 editis:
1398 5224 1491 5283 sed
1513 5224 1851 5297 reperiuntur
1875 5232 1927 5283 in

358 5298 493 5363 Reg.
515 5298 715 5367 primo,
733 5306 789 5350 et
810 5298 861 5350 in
885 5297 1034 5365 liegii
1053 5301 1231 5366 quarti
1267 5302 1527 5368 margine,
1552 5302 1595 5353 si
1616 5315 1722 5352 non
1741 5303 1925 5352 eadem

359 5382 547 5490 ἓιιιὸηιι,
579 5376 635 5418 at
668 5368 889 5438 antiqua
929 5376 1129 5422 tamen.
1170 5368 1409 5425 Subinde
1434 5368 1567 5440 Reg.
1587 5369 1774 5424 tertius
1799 5370 1926 5432 τοὺς

383 5452 432 5490 υ.
475 5453 618 5490 ρους.
857 5450 861 5455 '

383 5450 618 5497 ;μορους.
857 5450 861 5455 '

394 5452 618 5507 μορους.
857 5452 861 5455 τ

437 5504 549 5580 (ἕρ)
579 5506 714 5580 εἴθε.
745 5507 939 5580 tet‘tius
964 5507 1144 5580 ζητῶν
1177 5510 1238 5562 τὸ
1262 5509 1491 5565 δάνειον.

438 5576 548 5643 (52)
588 5576 698 5629 Vox
731 5577 894 5631 αὐτόν
922 5576 1181 5634 scribitur
1217 5582 1267 5632 in
1318 5580 1554 5633 editione
1587 5576 1761 5632 Paris.
1815 5592 1935 5631 cum

364 5644 560 5718 spiritu
587 5660 817 5711 aspero;
856 5650 907 5702 in
933 5650 1168 5704 editione
1200 5665 1325 5701 vero
1356 5647 1518 5701 Basil.
1539 5648 1762 5718 perinde
1793 5662 1857 5701 ac
1885 5650 1934 5699 in

368 5716 609 5787 quinque
641 5730 774 5787 mss.
796 5732 918 5787 cum
947 5718 1074 5775 leni.
1100 5720 1252 5784 Quod
1279 5720 1319 5771 si
1346 5716 1611 5787 quispiam
1641 5718 1769 5770 velit
1809 5719 1938 5771 scri-

366 5784 495 5847 bere
528 5782 689 5847 αὐτόν
722 5799 843 5839 cum
875 5786 1002 5851 leni,
1042 5782 1269 5855 eamque
1311 5782 1496 5842 vocem
1534 5788 1600 5843 ad
1636 5787 1931 5845 debitorem

2022 3336 2209 3402 χεται,
2232 3316 2628 3389 γραμματείοις
2657 3315 2817 3369 αὑτὸν
2848 3314 2959 3384 (52)
2988 3314 3082 3367 καὶ
3114 3311 3394 3383 ἐχεγγύοις
3414 3311 3590 3377 ἀσφα-

2023 3409 2336 3479 λισάμενος.

2091 3590 2146 3645 2.
2182 3589 2374 3644 Λαϐὼν
2405 3589 2461 3643 δὲ
2501 3587 2570 3642 τά
2612 3589 2889 3659 χρήματα,
2936 3586 3033 3657 τὴν
3065 3584 3161 3656 μὲν
3192 3583 3413 3654 πρώτην
3454 3580 3595 3649 λαμο

2024 3683 2157 3754 πρός
2196 3684 2311 3735 ἐστι
2341 3682 2437 3734 καὶ
2458 3679 2783 3753 περιχαρὴς,
2815 3676 3078 3749 ἀλλοτρίῳ
3104 3675 3251 3728 ἀνθει
3278 3669 3593 3743 γεγανωμὲο

2022 3792 2132 3838 νος,
2182 3772 2557 3844 ὲπισημαίνων
2593 3773 2659 3842 τῇ
2698 3769 2966 3841 μεταϐολῇ
3000 3767 3094 3821 τοῦ
3133 3766 3247 3837 βίου
3272 3783 3286 3797 ·
3349 3760 3594 3835 τράπεζα

2022 3866 2131 3937 γὰρ
2169 3866 2449 3937 ἀνειμένη,
2477 3864 2640 3935 ἐσθὴς
2663 3862 3085 3931 πολυτελεστέρα
3106 3877 3118 3885 “
3145 3860 3350 3913 οἰκέται
3375 3855 3508 3927 πρὸς
3530 3852 3593 3907 τὸ

2023 3956 2372 4029 φαιδρότερον
2425 3955 2814 4025 ὲξηλλαγμένοι
2878 3954 2954 4023 τῷ
3014 3956 3271 4026 σχήματι,
3343 3952 3589 4014 κόλακες,

2025 4048 2330 4119 συμπόται·
2355 4048 2596 4118 κηφῆνες
2620 4047 2730 4116 (55)
2755 4048 2916 4100 οἴκων
2945 4048 3156 4119 μυρίοιο
3192 4046 3267 4110 ὡς
3292 4047 3350 4099 δὲ
3386 4044 3455 4098 τὰ
3490 4045 3589 4115 μὲν

2023 4141 2281 4212 χρήματα
2311 4140 2558 4212 ὑπορρεῖ,
2604 4139 2633 4191 6
2676 4139 2733 4193 δὲ
2771 4139 2960 4210 χρόνος
2987 4137 3191 4213 προῖὼν
3226 4139 3353 4200 τοὺς
3399 4136 3592 4199 τόκους

2023 4229 2201 4300 ἑαυτῷ
2238 4228 2599 4299 συμπροάγει,
2629 4228 2690 4280 ού
2722 4227 2913 4291 νύκτες
2948 4227 3138 4298 ὲκείνῳ
3163 4227 3465 4281 ἀνάπαυσιν
3497 4223 3591 4292 φέ-

2024 4334 2229 4388 ρουσιν,
2258 4317 2356 4386 οὐχ
2382 4314 2562 4386 ήμὲρα
2593 4315 2811 4385 φαιδρὰ,
2851 4316 2948 4385 οὐχ
2983 4313 3132 4385 ἥλιος
3170 4313 3421 4385 τερπνὸς,
3456 4309 3590 4364 ἀλλά

2021 4408 2359 4480 δυσχεραίνει
2409 4406 2499 4459 τδν
2554 4405 2685 4475 βίον,
2736 4408 2881 4476 μισεῖ
2926 4406 3020 4469 τάς
3067 4405 3280 4476 ἡμέρας
3329 4403 3463 4475 πρὸς
3493 4401 3591 4469 τὴν

2024 4498 2358 4571 προθεσμίαν
2384 4496 2763 4567 ὲπειγομένας,
2782 4495 3021 4564 φοϐεῖται
3046 4497 3171 4560 τοὺς
3204 4495 3375 4566 μῆνας
3404 4493 3479 4556 ὡς
3506 4491 3593 4545 τό-

2022 4608 2133 4649 κων
2163 4589 2423 4660 πατέρας.
2458 4587 2575 4641 Κᾶν
2601 4587 2855 4660 καθεύδῃ,
2884 4587 3131 4641 ἐνύπνιον
3165 4586 3349 4656 βλέπει
3379 4584 3470 4637 τὸν
3497 4582 3590 4635 δα-

2027 4678 2260 4751 νειστὴν,
2304 4677 2473 4732 κακὸν
2507 4678 2659 4748 ὄναρ,
2685 4679 2751 4747 τῇ
2786 4677 2993 4748 κεφαλῇ
3028 4677 3454 4748 περιστάμενον·
3488 4672 3592 4728 κᾶν

2028 4773 2298 4844 γρηγορῇ,
2327 4769 2503 4824 ἔννοια
2527 4768 2677 4824 αὐτῶ
2706 4770 2799 4823 καὶ
2828 4771 3050 4839 φροντὶς
3074 4771 3103 4823 ὁ
3130 4770 3286 4833 τόκος
3308 4768 3423 4821 ἐστί
3441 4785 3453 4797 ο
3496 4769 3593 4819 Διι-

2036 5019 2265 5092 referre,
2302 5019 2445 5092 hunc
2479 5019 2653 5073 locum
2689 5018 2774 5092 sic
2807 5015 3006 5092 poterit
3029 5010 3372 5092 interpretari
3402 5026 3415 5060 :
3450 5009 3594 5062 Alter

2033 5106 2150 5143 vero
2172 5089 2318 5141 illinc
2334 5089 2441 5142 abit
2454 5099 2721 5157 postquam
2739 5082 3296 5157 debitoremrscltedulis
3309 5090 3596 5157 atque_cau-

2033 5160 2265 5234 tionibus
2296 5150 2532 5223 sti-iniit,
2577 5150 2668 5211 seu
2706 5156 2976 5234 obligauit.
3015 5154 3131 5234 Quo
3148 5166 3332 5234 "sensu
3369 5150 3592 5234 'v‘erhui’n

2032 5225 2397 5300 ἀσφαλίζομαι
2420 5219 2706 5300 usurpatur
2730 5219 2850 5278 Act.
2873 5240 2983 5287 xw,
3013 5223 3084 5300 ξι
3109 5239 3132 5300 ε·
3148 5222 3286 5300 Tabe
3309 5219 3481 5300 ’πόδας
3502 5219 3596 5300 αύ-

2030 5287 2139 5350 τῶν
2163 5287 2518 5366 ἠσιραλίσατο,
2549 5287 2710 5349 Pedes
2730 5311 2909 5366 eorum
2942 5292 3185 5366 strinxit;
3215 5289 3410 5342 Ibidem
3443 5287 3588 5366 Colb.

2044 5357 2269 5443 quartus
2326 5357 2714 5443 γραμματίοις.
2762 5362 2943 5443 Paulo.
2982 5371 3100 5443 post
3153 5360 3282 5443 Reg.
3329 5357 3594 5443 secundus

2043 5428 2301 5506 ἀνειμένη
2332 5428 2899 5507 καῖ’τὲολυτελεστέρα,
2928 5432 3089 5507 ἐσθής
3114 5428 3460 5507 φαιδροτέρα.

2113 5497 2440 5578 (53)_Editio
2462 5506 2631 5578 Paris.
2656 5514 2711 5556 et
2746 5497 3591 5578 iiégatertius‘xchﬁvegldiapa-

2041 5566 2183 5632 κτόι.
2207 5576 2321 5630 Vox
2350 5575 2534 5628 ultima
2565 5574 2715 5627 deest
2746 5574 2798 5625 in
2828 5566 2950 5624 aliis
2978 5579 3179 5638 septem
3212 5566 3596 5638 rnss._Colher-

2042 5648 2134 5718 tini
2166 5647 2427 5718 septimus
2449 5653 2504 5718 et
2531 5656 2754 5718 octavus
2784 5641 3024 5718 κηφῆνες
3040 5633 3468 5718 ”οῖκων’μυρίων.
3507 5633 3586 5718 In:

2040 5717 2120 5770 fra
2148 5706 2311 5770 edi'tio
2340 5715 2511 5784 Paris.
2543 5709 2819 5767 δανειστοῦ
2835 5706 2962 5782 γάρ.
2992 5710 3148 5764 Deest
3169 5706 3277 5784 γάρ
3300 5708 3354 5759 in
3392 5719 3520 5759 mss.
3542 5711 3596 5757 et

2038 5788 2090 5843 in
2119 5785 2352 5841 editione
2379 5782 2540 5837 Basil.
