4048 6220
365 326 493 384 2‘39

1554 327 1902 386 HOMILIAII
1923 330 1988 386 lN
2026 331 2352 389 PSALMUM
2391 331 2531 388 XIV.

3523 334 3628 389 2'79

368 444 648 511 νειστοῦ,
688 444 842 516 φησὶ,
884 443 984 497 καὶ
1028 444 1458 513 χρεωφειλέτου
1487 446 1954 517 ἀπαντησάντων

2067 461 2296 520 nerator,
2327 453 2527 523 inquit,
2558 435 2619 506 et)
2647 453 2850 506 debitor
2876 454 3013 506 inter
3033 453 3100 523 (se
3139 454 3468 521 conveniunt,
3506 455 3630 509 risi-

369 536 699 603 ἁλλήλοις,
733 534 1078 603 ἐπισκοπὴν
1108 535 1451 606 ἀμφοτέρων
1488 537 1735 593 ποιεῖται
1768 543 1810 615 ,ό
1838 540 1956 595 Κύ-

365 644 529 694 ριος.
574 627 631 679 '0
662 625 761 697 μὲν
796 624 983 694 ὥσπερ
1012 625 1157 680 κύων
1193 627 1467 699 ἐπιτρέχει
1505 632 1570 699 τῇ
1599 630 1778 702 ἀγρᾳ’
1825 632 1854 684 ό
1900 630 1957 683 δὲ

367 717 572 789 ὥσπερ
611 718 825 790 ἕτοιμον
857 718 1080 791 θήραμα
1116 722 1490 791 καταπτήσσει
1518 721 1616 792 τὴν
1646 724 1953 792 συντυχίαν.

383 808 729 880 ’Δφαιρεῖται
754 808 861 881 γὰρ
901 809 1066 863 αὐτοῦ
1094 809 1192 881 τὴν
1228 811 1539 883 παρρησίαν
1580 813 1643 866 τὸ
1673 814 1952 870 πένεσθαι.

384 898 749 971 ’Δμφοτέροις
797 901 831 970 ή
866 898 1043 971 ψῆφος
1086 900 1179 953 ἐπὶ
1223 900 1500 954 δακτύλων
1523 918 1537 932 ο
1582 902 1676 955 τοῦ
1713 904 1808 974 μὲν
1840 903 1958 973 χαί-

374 1010 572 1063 ροντος
600 994 692 1047 ἐπὶ
722 995 788 1065 τῇ
819 993 1043 1065 αὐξήσει
1082 993 1191 1048 τῶν
1222 993 1416 1061 τόκων,
1455 993 1550 1047 τοῦ
1590 993 1647 1047 δὲ
1678 996 1956 1059 στενάζον-

367 1104 471 1151 τος
492 1087 586 1140 ἐπὶ
608 1091 675 1159 τῇ
698 1087 809 1159 (54)
836 1088 1121 1161 προσθήκῃ
1146 1088 1254 1142 τῶν
1277 1066 1593 1159 συμφορῶν.
1612 1087 1753 1141 Πῖνε
1769 1088 1958 1142 ὕδατα

366 1179 500 1235 ἀπὸ
533 1179 663 1234 σῶν
688 1180 969 1251 ἀγγείων
1008 1181 1277 1246 τουτέστι,
1329 1179 1427 1245 τὰς
1466 1179 1672 1243 οἰκείας
1704 1180 1956 1251 ἀφορμὰς

369 1272 728 1342 περισκόπει,
763 1271 837 1343 μὴ
875 1273 962 1328 ἐπ’
987 1271 1266 1343 ἀλλοτρίας
1294 1271 1476 1341 πηγὰς
1511 1270 1716 1342 βάδιζε,
1749 1270 1863 1325 ἀλλ’
1897 1271 1956 1337 ἐξ

370 1362 596 1415 οἰκείων
620 1361 849 1416 λιϐάδων
885 1362 1083 1431 σύναγε
1119 1361 1329 1433 σεαυτῷ
1362 1361 1459 1426 τὰς
1481 1363 1828 1434 παραμυθίας
1861 1363 1953 1416 τοῦ

373 1453 519 1523 βίου.
582 1454 766 1524 Ἔχεις
827 1452 1178 1524 χαλκώματα,
1226 1452 1449 1524 ἐσθῆτα,
1504 1454 1793 1523 ὑποζύγιον
1819 1455 1951 1526 (55),

373 1546 552 1615 σκεύη
590 1545 940 1610 παντοδαπά;
982 1545 1152 1599 ταῦτα
1189 1545 1422 1599 ἀπόδου·
1471 1546 1647 1600 πάντα
1693 1546 1954 1619 προέσθαι

371 1635 693 1701 κατάδεξαι,
748 1636 887 1707 πλὴν
929 1636 1027 1708 τῆς
1067 1636 1401 1707 ἐλευθερίας.
1461 1637 1600 1690 Ἀλλ’
1629 1639 1953 1711 αἰσχύνομαι

371 1726 519 1779 αὐτὰ
558 1725 918 1796 δημοσιεύειν,
955 1725 1136 1796 φησίν.
1172 1726 1237 1779 Τί
1265 1722 1355 1780 οὖν
1384 1727 1465 1781 ὅτι
1500 1728 1695 1801 μικρὸν
1730 1728 1953 1802 ὕστερον

368 1817 538 1881 ἄλλος
584 1816 725 1870 αὐτὰ
768 1817 1110 1888 προκομίσει,
1144 1820 1238 1872 καὶ
1268 1818 1602 1890 ἀποκηρύξει
1641 1820 1708 1874 τὰ
1743 1820 1832 1884 σά,
1862 1822 1955 1874 καὶ

371 1910 439 1961 ιν
467 1907 761 1977 ὀφθαλμοῖς
786 1910 902 1971 σοῖς
939 1908 1280 1973 ἐπευωνίζων
1311 1902 1459 1963 αὐτά
1481 1908 1792 1980 διαϐήσεται
1817 1928 1831 1978 ;
1865 1911 1956 1983 Μὴ

375 1998 562 2069 βάδιζε
598 2000 684 2052 ἐπ’
707 1999 991 2070 ἀλλοτρίας
1019 1999 1208 2072 θύρας.
1256 1997 1437 2075 Φρέαρ
1461 2002 1569 2074 γὰρ
1593 2002 1669 2074 τῷ
1696 2002 1808 2058 ὄντι
1832 2021 1956 2058 στε-

373 2090 468 2144 νὸν
495 2090 555 2143 τὸ
585 2090 861 2162 ἀλλότριον
893 2092 1024 2162 (56).
1060 2093 1274 2147 Βέλτιον
1307 2096 1426 2158 ταῖς
1451 2094 1592 2148 κατά
1620 2095 1816 2169 μικρὸν
1839 2097 1958 2151 ἐπι-

374 2182 550 2245 νοίαις
579 2182 677 2254 τὴν
701 2181 888 2253 χρείαν
922 2183 1440 2255 παραμυθήσασθαι,
1472 2186 1504 2256 ἦ
1536 2185 1768 2257 ἀθρόως,
1793 2188 1958 2258 ἐπαρ-

376 2271 540 2325 θέντα
593 2275 705 2336 τοῖς
749 2272 1068 2345 ἀλλοτρίοις,
1120 2273 1344 2346 ὕστερον
1395 2275 1611 2329 πάντων
1660 2276 1795 2347 ὁμοῦ
1847 2277 1956 2332 τῶν

374 2362 690 2434 προσόντων
724 2363 1190 2434 ἀπογυμνοῦσθαι.
1244 2365 1306 2417 Εἰ
1360 2365 1457 2435 μὲν
1501 2360 1593 2418 οὖν
1641 2366 1785 2435 ἔχεις
1835 2367 1956 2422 ὅθεν

375 2452 614 2524 ἀποδῷς,
644 2453 696 2506 τί
717 2453 837 2524 οὐχὶ
869 2454 967 2523 τὴν
996 2454 1273 2525 παροῦσαν
1301 2454 1505 2508 ἔνδειαν
1533 2458 1597 2510 ὲκ
1623 2457 1828 2511 τούτων
1850 2458 1956 2514 τῶν

374 2543 641 2613 ἀφορμῶν
678 2542 948 2608 διαλύεις;
991 2545 1040 2597 εί
1073 2544 1129 2597 δὲ
1163 2546 1387 2616 ἀπορεῖς
1428 2547 1566 2618 πρὸς
1603 2547 1700 2619 τὴν
1729 2549 1954 2615 ἔκτισιν,

377 2634 552 2687 κακὸν
607 2633 762 2705 κακῷ
801 2634 1143 2706 θεραπεύεις.
1184 2635 1275 2707 Μὴ
1306 2637 1431 2709 δέξῃ
1467 2638 1857 2711 πολιορκοῦντά
1899 2659 1957 2695 σε

373 2723 679 2795 δανειστήν.
712 2724 802 2796 Μὴ
834 2725 1045 2799 ἀνάσχῃ
1083 2725 1271 2797 ὥσπερ
1318 2727 1446 2781 ἀλλο
1481 2746 1533 2781 τι
1585 2728 1806 2802 θήραμα
1845 2732 1956 2802 (57)

376 2815 760 2886 ἀναζητεῖσθαι
789 2818 883 2872 καὶ
910 2818 1293 2888 ὲξιχνεύεσθαι.
1321 2819 1562 2886 Ψεύδους
1601 2823 1742 2894 ἀρχὴ
1778 2824 1840 2877 τὸ
1868 2824 1959 2878 δα-

377 2907 648 2973 νείζεσθαι
665 2926 678 2939 ·
715 2910 1036 2982 ἀχαριστίας
1066 2911 1309 2983 ἀφορμή,
1332 2913 1744 2986 ἀγνωμοσύνης,
1768 2917 1955 2989 ὲπιορ-

377 2999 522 3064 κίας.
553 3000 720 3054 Ἀλλα
760 3004 976 3073 ῥήματα
1008 3002 1103 3057 τοῦ
1136 3003 1511 3075 δανειζομένου
1542 3006 1674 3077 (58),
1702 3007 1795 3061 καὶ
1822 3007 1957 3063 ἀλλα

377 3087 471 3192 τοῦ
498 3090 920 3193 ἀξιαιτουμένου.
957 3091 1084 3193 Εἴθε
1130 3111 1210 3147 σοι
1242 3094 1327 3193 ,μὴ
1362 3095 1651 3193 ἀπήντησα
1678 3098 1819 3164 τότε,
1854 3100 1956 3171 ἤδη
1983 3135 2026 3193 C

376 3176 442 3230 ἂν
496 3171 651 3249 εὗρον
706 3179 805 3242 τὰς
848 3180 1103 3251 ἀφορμὰς
1162 3182 1298 3253 πρὸς
1343 3182 1443 3255 τὴν
1489 3187 1811 3260 ἀπαλλαγὴν
1848 3189 1952 3261 τῆς

376 3268 641 3340 ἀνάγκης.
679 3270 811 3340 Οὐχὶ
839 3271 896 3322 δὲ
922 3270 1144 3335 ἀκοντός
1172 3290 1273 3343 μου
1322 3274 1575 3339 ἐνέϐαλες
1606 3280 1672 3350 τῇ
1710 3282 1853 3350 χειρὶ¹
1882 3281 1951 3335 τὰ

377 3360 668 3431 χρήματα;
706 3359 1039 3432 ’Υπόχαλκον
1067 3362 1126 3416 δέ
1165 3380 1258 3417 σου
1284 3364 1343 3417 τὸ
1368 3367 1610 3438 χρυσίον,
1651 3370 1744 3423 καὶ
1777 3388 1951 3444 παρα..

377 3454 717 3524 κεκομμένον
758 3455 819 3508 τὸ
847 3457 1106 3527 νόμισμα.
1143 3457 1266 3511 Εἴτε
1299 3456 1392 3512 οὖν
1422 3460 1574 3529 φίλος
1621 3464 1648 3515 ό
1672 3463 1949 3532 δανείζων,

381 3543 457 3616 μὴ
484 3543 766 3617 ζημιωθῇς
802 3547 966 3609 αὐτοῦ
996 3548 1094 3620 τὴν
1128 3548 1340 3617 φιλίανο
1373 3552 1478 3604 εἴτε
1510 3552 1721 3623 ἐχθρὸς,
1755 3555 1828 3625 μὴ
1859 3556 1952 3625 γέ-

378 3651 446 3709 νῃ
476 3636 553 3707 τῷ
584 3635 838 3708 δυσμενεῖ
868 3639 1197 3709 ὑποχείριος.
1225 3640 1435 3711 Μικρὸν
1466 3642 1951 3714 ὲγκαλλωπισάμε-

377 3744 468 3791 νος
508 3730 623 3791 τοῖς
659 3729 979 3800 ἀλλοτρίοις,
1023 3730 1245 3803 ὕστερον
1285 3733 1381 3785 καὶ
1422 3732 1528 3786 τῶν
1561 3734 1827 3805 πατρῴων
1859 3737 1954 3790 ὲκ-

378 3822 570 3892 στήσῃ.
620 3820 796 3891 Πένης
835 3816 885 3874 εἷ
917 3821 1032 3888 νῦν,
1063 3823 1177 3877 ἀλλ’
1222 3823 1522 3894 ἐλεύθερος.
1564 3826 1956 3898 Δανεισάμενος

375 3911 433 3965 δὲ
458 3914 579 3966 οὐδὲ
611 3913 954 3984 πλουτήσεις,
989 3915 1083 3969 καὶ
1118 3914 1215 3986 τὴν
1255 3915 1562 3988 ἐλευθερίαν
1589 3918 1953 3991 ἀφαιρεθήσῃ.

376 4003 570 4068 Δοῦλος
599 4003 694 4059 τοῦ
734 4006 1096 4069 δεδανεικότος
1142 4008 1171 4059 ό
1210 4007 1612 4078 δανεισάμενος,
1658 4009 1753 4061 καὶ
1775 4009 1957 4073 δοῦλος

381 4096 709 4170 μισθοφόρος
741 4100 1113 4171 ἀπαραίτητον
1149 4100 1329 4171 φέρων
1362 4100 1458 4171 τὴν
1482 4101 1840 4173 λειτουργίαν.
1890 4104 1955 4156 Oi

377 4187 539 4251 κύνες
571 4189 937 4260 λαμϐάνοντες
962 4190 1325 4263 ἡμεροῦνται·
1364 4178 1395 4245 ό
1426 4191 1483 4244 δὲ
1506 4191 1789 4264 δανειστὴς
1816 4192 1955 4264 λαμ-

381 4276 558 4331 ϐάνων
607 4281 1071 4352 προσερεθίζεται.
1126 4284 1199 4336 Οὐ
1254 4283 1362 4355 γὰρ
1405 4283 1635 4337 παύεται
1684 4284 1950 4367 ὑλακίὲὒν,

378 4365 515 4420 ἀλλά
573 4368 634 4421 τὸ
697 4369 857 4424 πλέον
922 4370 1188 4442 ἐπιζητεῖ.
1258 4373 1384 4428 Ἐὰν
1437 4374 1662 4446 ὀμνύῃς,
1732 4375 1793 4428 οὐ
1838 4365 1946 4431 -πι-

2063 544 2319 598 tationem
2364 545 2641 614 utriusque
2684 544 2812 612 facit
2862 543 3118 597 Dominus
3161 544 3228 597 “.
3272 544 3363 599 Ille
3411 546 3625 614 quidem

2057 635 2217 703 quasi
2248 635 2399 690 canis
2426 634 2481 689 in
2517 636 2752 704 praedam
2802 635 2997 689 irruit:
3045 634 3132 689 hic
3170 649 3297 689 vero
3344 635 3487 690 sicut
3529 651 3624 706 pa-

2061 732 2175 776 rata
2199 731 2432 792 'captura
2483 739 2772 779 occursum
2816 724 3091 778 exhorret.
3136 723 3337 779 Adimit
3385 727 3527 780 enim
3573 728 3624 781 ei

2056 814 2309 887 loquendi
2341 816 2593 873 ﬁduciam
2630 830 2937 886 paupertas.
2977 814 3234 885 Utrisque
3271 818 3410 872 inest
3441 818 3621 872 calcu-

2056 908 2139 975 lus
2168 910 2220 964 in
2252 911 2469 980 digitis;
2502 910 2596 964 illo
2627 909 3189 968 fmnorismecessione
3214 909 3496 979 gaudente,
3522 911 3623 965 hoc

2070 1001 2230 1072 109
2301 1002 2642 1057 miseriarum
2714 1001 3047 1069 incremento
3117 1001 3437 1069 ingemente.
3493 994 3624 1055 Bibe

2059 1106 2224 1155 aquas
2277 1090 2341 1143 de
2401 1089 2506 1143 tuis
2555 1092 2690 1142 vasis
2718 1087 2793 1154 ³³,
2836 1088 2938 1142 hoc
2981 1094 3086 1152 est,
3140 1089 3381 1158 proprias
3438 1090 3621 1144 consi»

2056 1182 2184 1235 dera
2236 1180 2541 1247 facultates,
2588 1180 2654 1236 ad
2699 1180 2904 1235 alienos
2946 1178 3119 1234 fontes
3144 1196 3225 1234 'ne
3266 1182 3484 1246 accede,
3526 1181 3623 1238 sed

2058 1285 2124 1323 ex
2150 1269 2385 1338 propriis
2429 1268 2676 1323 laticibus
2709 1268 2801 1323 tibi
2830 1270 2942 1337 ipse
2970 1269 3091 1323 vitae
3121 1270 3312 1324 solatia
3346 1285 3617 1340 compara.

2062 1360 2236 1414 llabes
2262 1377 2388 1416 vasa
2413 1376 2575 1424 aerea,
2604 1370 2831 1425 vestem,
2874 1360 3197 1429 jumentum,
3231 1363 3427 1421 diversi
3461 1379 3620 1434 gene-

2059 1452 2133 1504 ris
2167 1450 2605 1519 supellectilem?
2634 1449 2757 1506 Hazc
2803 1452 3012 1506 vende:
3061 1463 3255 1521 praeter
3295 1452 3619 1519 libertatem,

2056 1542 2227 1597 amitti
2276 1543 2455 1596 omnia
2533 1544 2760 1612 patiare.
2842 1541 2947 1597 Sed
3003 1558 3086 1597 me
3144 1543 3341 1613 pudet,
3414 1544 3617 1613 inquit,

2057 1634 2243 1690 istbaee
2300 1636 2414 1691 voci
2458 1637 2717 1706 praeconis
2774 1637 3058 1707 subjicere.
3105 1620 3221 1699 Cur.
3266 1637 3425 1706 igitur
3463 1635 3621 1704 paulo

2060 1737 2181 1795 post
2206 1727 2344 1783 alius
2379 1742 2441 1783 ea
2488 1738 2743 1799 exponet,
2789 1740 3108 1797 tuorumque
3152 1729 3412 1790 bonorum
3459 1728 3621 1783 faciet

2059 1810 2387 1883 auctionem,
2416 1827 2470 1874 et
2521 1820 2610 1873 vili
2660 1821 2833 1890 pretio
2877 1821 2945 1874 ob
2990 1819 3173 1874 oculos
3223 1830 3342 1874 tuos
3390 1818 3622 1874 vendet!

2058 1906 2135 1961 Ne
2164 1907 2412 1977 gradiare
2446 1906 2514 1961 ad
2547 1906 2691 1963 fores
2720 1909 2943 1964 alienas.
2985 1908 3153 1983 Plane
3178 1908 3321 1962 enim
3354 1906 3618 1977 Angustus

2055 2010 2130 2054 est
2166 2000 2368 2053 alienus
2409 2009 2593 2069 puteus
2630 2000 2694 2053 “.
2739 1998 2921 2055 Satius
2960 2010 3063 2064 est,
3110 2009 3224 2071 arte
3263 2008 3316 2054 et
3358 1999 3618 2053 industria

2058 2090 2316 2159 paulatim
2351 2091 2731 2146 necessitatem
2771 2088 2974 2153 levare,
3017 2105 3175 2165 quam
3219 2088 3408 2142 alienis
3449 2088 3619 2141 facul-

2059 2181 2259 2237 tatibus
2315 2181 2494 2236 subito
2552 2182 2772 2246 elatum,
2846 2181 3097 2257 deinceps
3147 2181 3396 2235 omnibus
3460 2180 3619 2235 simul

2056 2273 2212 2328 bonis
2268 2275 2488 2343 privari.
2551 2273 2609 2328 Si
2663 2273 2824 2344 igitur
2874 2273 3039 2327 habes
3089 2273 3229 2327 unde
3280 2271 3474 2336 solvas,
3523 2287 3619 2326 cur

2058 2374 2377 2433 praesentem
2428 2373 2723 2435 egestatem
2760 2364 2911 2419 hisce
2951 2364 3165 2419 auxiliis
3210 2381 3316 2418 non
3357 2363 3617 2434 depellis?

2059 2454 2153 2510 Sin
2182 2457 2437 2510 solvendo
2466 2469 2571 2510 non
2608 2468 2687 2521 es,
2714 2455 2909 2507 malum
2955 2453 3096 2506 malo
3135 2469 3315 2509 curas.
3361 2452 3619 2508 anera-

2059 2557 2228 2602 torem
2265 2548 2356 2616 qui
2390 2555 2441 2601 te
2480 2546 2802 2601 obsessorus
2838 2544 2930 2619 sit,
2977 2560 3045 2600 ne
3077 2545 3318 2600 admitte.
3358 2544 3433 2598 Te
3478 2545 3621 2600 velut

2058 2643 2218 2698 aliam
2246 2642 2481 2711 aliquam
2511 2640 2746 2711 praedam
2790 2638 3001 2708 exquiri
3044 2653 3109 2693 ae
3148 2641 3402 2708 vestigari
3439 2652 3506 2693 ne
3542 2641 3619 2693 si-

2060 2749 2174 2789 nas.
2219 2733 2396 2788 Usura
2439 2732 2701 2787 mendacii
2747 2732 3068 2801 principium
3116 2742 3236 2795 est;
3279 2730 3495 2786 occasio
3540 2731 3622 2783 in—

2056 2826 2193 2897 grati
2248 2824 2444 2889 animi,
2509 2822 2855 2893 perﬁdiaeque
2912 2831 2968 2877 et
3021 2822 3261 2890 periurii.
3319 2822 3437 2875 Alia
3492 2827 3620 2876 sunt

2056 2921 2220 2975 verba
2260 2926 2538 2989 argentum
2570 2914 2774 2972 [tenore
2798 2915 3094 2970 sumentis:
3135 2914 3261 2980 alia,
3292 2929 3410 2967 cum
3444 2914 3619 2968 [tenus

2057 3014 2125 3068 ab
2151 3013 2265 3082 ipso
2286 3011 2541 3079 exigitur.
2581 3009 2797 3064 Utinam
2824 3018 2949 3062 tunc
2977 3007 3070 3062 tibi
3103 3022 3207 3062 non
3233 3007 3615 3061 occurrissent!

2057 3107 2244 3174 utique
2266 3101 2377 3172 jam
2409 3101 2648 3159 subsidia
2683 3101 2926 3170 qumdam
2957 3100 3022 3154 ad
3052 3098 3401 3152 amovendam
3430 3111 3620 3151 neces-

2058 3197 2270 3251 sitatem
2307 3184 2657 3249 invenissem.
2702 3191 2891 3247 Nonne
2940 3189 3068 3244 mihi
3116 3189 3285 3243 invito
3334 3188 3619 3258 pecuniam

2054 3288 2107 3343 in
2156 3301 2349 3342 manus
2392 3285 2627 3341 dedisti?
2669 3283 2838 3339 Porro
2888 3297 3077 3336 aurum
3134 3289 3284 3336 tuum
3329 3291 3447 3336 erat
3493 3281 3620 3336 sub-

2052 3387 2299 3442 aeratum,
2322 3384 2372 3431 et
2398 3377 2665 3429 numisma
2694 3372 3069 3427 adulterinum.
3094 3371 3217 3427 Sive
3259 3371 3422 3443 igitur
3450 3372 3621 3427 foene-

2054 3477 2204 3523 rator
2243 3467 2315 3522 sit
2347 3466 2578 3529 amicus,
2627 3478 2696 3519 ne
2732 3464 2848 3535 ejus
2892 3464 3110 3516 amittas
3137 3463 3428 3517 amicitiam
3458 3479 3473 3516 :
3504 3463 3619 3516 sive

2055 3560 2330 3625 inimicus,
2361 3574 2430 3613 ne
2466 3557 2563 3612 tias
2593 3557 2905 3611 adversario
2934 3570 2997 3609 ac
3037 3554 3302 3609 malevolo
3348 3554 3614 3609 subditus.

2053 3649 2349 3720 Parumper
2399 3650 2451 3703 in
2492 3647 2684 3702 alienis
2734 3646 3015 3717 gloriatus,
3054 3654 3241 3714 postea
3292 3645 3618 3715 patrimonio

2042 3722 2215 3805 etiam
2253 3741 2534 3797 everteris.
2563 3738 2774 3808 Pauper
2812 3753 2869 3794 es
2896 3752 3060 3801 nunc,
3091 3736 3184 3791 sed
3226 3737 3376 3791 liber.
3418 3739 3621 3806 Argen-

2058 3846 2168 3890 tum
2196 3834 2241 3889 si
2283 3833 2489 3886 foenore
2536 3830 2853 3899 sumpseris,
2886 3844 2993 3884 non
3026 3829 3281 3889 ditesces,
3321 3827 3414 3882 sed
3459 3829 3620 3882 Iiber-

2058 3932 2168 3978 tate
2196 3919 2517 3989 spoliabere.
2542 3918 2643 3986 Qui
2674 3918 2956 3985 pecuniam
3002 3904 3228 3987 sumpsit
3268 3917 3492 3982 faenore,
3520 3917 3617 3972 fte-

2056 4011 2321 4067 neratoris
2366 3994 2555 4064 servus
2599 4016 2700 4073 est,
2737 4008 2844 4062 imo
2879 4020 3066 4061 servus
3092 4005 3490 4074 stipendiarius,
3525 4004 3617 4072 qui

2036 4100 2369 4159 inevitabile
2398 4099 2678 4154 servitium
2715 4097 2877 4152 subit.
2908 4097 3082 4152 Canes
3118 4095 3429 4166 accipiendo
3461 4110 3617 4148 mau-

2054 4202 2341 4261 sueseunt;
2364 4180 2679 4247 'fcenerator
2713 4202 2839 4242 vero
2864 4187 3171 4257 recipiendo
3200 4186 3466 4240 irritatur.
3501 4183 3615 4237 Non

2052 4289 2197 4343 enim
2229 4286 2486 4341 allatrare
2527 4282 2742 4343 desinit,
2772 4282 2865 4336 sed
2897 4280 3049 4349 plura
3078 4279 3341 4349 exposcit.
3383 4276 3439 4332 Si
3464 4276 3616 4345 jura-

2051 4381 2217 4441 veris,
2250 4393 2355 4433 non
2386 4375 2562 4431 credit
2599 4391 2614 4428 :
2646 4388 2767 4443 qua:
2808 4372 2862 4426 in
2895 4372 3101 4426 aedibus
3143 4371 3326 4436 habes,
3367 4382 3620 4436 perscru-

381 4456 560 4510 στεύει
592 4457 738 4531 (59)·
776 4463 970 4533 ἐρευνᾷ
998 4462 1067 4515 τὰ
1097 4463 1264 4528 ἔνδον,
1298 4465 1366 4518 τὰ
1386 4465 1821 4545 ,συναλλάγματά
1853 4486 1947 4522 σου

2059 4479 2244 4526 tatur:
2277 4478 2367 4522 tua
2406 4463 2690 4534 diligenter
2739 4461 2959 4531 indagat
2997 4460 3344 4516 commercia.
3386 4457 3431 4512 E
3475 4456 3622 4511 cubi-

414 4574 495 4604 ~"
534 4573 693 4630 Prov.
719 4591 870 4643 nix,
931 4575 1019 4633 i3.
1098 4578 1142 4610 ⁸³
1198 4578 1355 4635 Prov.
1417 4596 1469 4647 v,
1525 4582 1612 4637 15.
1688 4583 1735 4615 ⁸⁸
1784 4584 1940 4640 Prov.

2056 4598 2138 4651 ιιι,
2170 4583 2263 4637 27.

449 4687 565 4766 (5ῥ)
631 4687 810 4766 ΕιΙὶιίς)
864 4687 1038 4746 Paris.
1103 4690 1476 4766 στενὸισζζοντος⁸
1518 4695 1611 4748 ἐπὶ
1661 4698 1752 4766 τῇ.
1811 4695 1949 4750 Deﬁt

378 4756 471 4810 ἐπί
518 4760 581 4829 iu_
620 4759 822 4829 nostris
864 4768 1239 4829 septemimss.
1290 4762 1512 4829 perinde
1560 4756 1805 4829 atqut'e'in
1835 4767 1951 4819 edi-

378 4828 528 4881 tione
550 4826 714 4905 Basil.
744 4826 910 4905 Paulo
931 4839 1059 4881 ante
1082 4826 1344 4905 legiturin
1377 4832 1610 4887 editione
1632 4826 1803 4888 Paris.
1827 4835 1948 4905 χαί-

379 4898 690 4978 ροντοςέπὶ
720 4899 786 4978 τῇ
814 4914 828 4977 ς
855 4913 991 4978 qua:
1004 4915 1099 4978 vos
1137 4900 1264 4978 ἐπί,
1289 4903 1445 4978 deest
1456 4918 1682 4978 quoque
1705 4905 1756 4978 in
1783 4898 1952 4978 tribus

379 4967 511 5041 i_uss.
532 4968 668 5041 etin
701 4967 1141 5041 editio‘neBusilq
1175 4971 1266 5023 sed
1297 4970 1350 5023 in
1380 4967 1500 5025 aliis
1526 4967 1705 5026 multis
1735 4975 1949 5041 legitur.

374 5035 820 5114 Praepositionetn
859 5037 951 5089 ὲπί
982 5047 1078 5092 aut
1119 5042 1169 5090 in
1217 5051 1446 5109 utroque
1494 5042 1611 5098 loco
1641 5035 1951 5114 relinquen-

377 5109 501 5179 dam
544 5121 680 5179 esse
707 5106 1061 5179 arbitramur,
1096 5117 1190 5161 aut
1242 5125 1311 5163 ex
1356 5106 1584 5179 utroque
1637 5106 1947 5169 tollendam.

379 5173 681 5251 Sanquinii
715 5176 914 5251 refert,
947 5177 1049 5251 hoc
1081 5195 1146 5231 an
1180 5179 1273 5231 illo
1301 5182 1456 5234 modo
1487 5173 1701 5251 legeris.

450 5247 559 5314 (55)
580 5245 670 5300 Sic
690 5246 854 5300 editio
880 5245 1039 5298 Basil.
1059 5258 1113 5301 et
1142 5265 1272 5303 mss.
1294 5264 1410 5303 sex.
1436 5245 1613 5307 Edifio
1636 5268 1761 5308 vero
1773 5252 1948 5308 Paris.

377 5323 432 5387 et
457 5316 562 5387 duo
600 5330 731 5370 mss.
753 5314 1047 5387 ῥποζύγια.
1075 5317 1276 5373 Ibidem
1324 5322 1488 5376 editio
1524 5322 1695 5376 Paris.
1731 5323 1948 5387 ἀπόδος.

378 5383 555 5440 Editio
602 5401 730 5440 vero
762 5385 926 5438 Basil.
948 5383 1013 5439 et
1045 5398 1169 5441 octo
1192 5390 1360 5443 nostri
1401 5406 1529 5447 mss.
1554 5393 1773 5446 ἀπόδου.
1830 5383 1952 5447 Mox

378 5454 511 5522 Reg.
534 5453 919 5532 tertius_'_l‘£_o'5v
934 5457 1015 5510 ὅτι
1046 5458 1244 5532 μικρὸν
1269 5458 1494 5532 ὕστερον
1524 5462 1682 5526 ἄλλος
1698 5463 1836 5516 αὐτὰ
1859 5463 1952 5532 δη-

383 5524 763 5600 μοσιεύσειςΐί
780 5522 895 5600 οὖν,
913 5538 1018 5600 etc.
1043 5522 1282 5600 Sub-inde
1300 5522 1497 5600 legitur
1514 5533 1564 5584 in
1591 5522 1829 5586 editione
1852 5522 1954 5586 Pa-

380 5592 477 5645 ris.
492 5596 604 5655 τοῖς
626 5597 756 5657 σοῖς.
783 5597 944 5649 Deest
971 5597 1057 5651 hic
1070 5597 1330 5651 articulus
1354 5592 1406 5652 in
1428 5616 1558 5655 mss.
1579 5604 1702 5656 etin
1718 5603 1954 5657 editione

380 5658 545 5738 Basil.
578 5662 686 5738 line
716 5667 830 5731 ipso
855 5666 1058 5738 inloco
1102 5662 1400 5738 Lolbertini
1443 5672 1705 5738 septimus
1729 5683 1781 5724 et
1804 5682 1953 5726 oeta-

380 5744 479 5787 vus
504 5732 834 5803 διαϐήσεται.
860 5735 973 5789 Οὐκ
1002 5735 1267 5809 aia-xum;
1308 5737 1448 5793 Num
1473 5732 1519 5793 te
1548 5742 1744 5809 pudet?

2121 4693 2235 4764 (56)
2258 4691 2397 4747 Editi
2424 4700 2476 4764 et
2503 4688 2744 4764 poti-nulli
2763 4702 2904 4764 Amss.
2928 4686 2989 4740 τὸ
3015 4685 3620 4764 ἀλλότριον-ρεπεατ-

2047 4753 2245 4818 ῐίρίιίιιὲ
2299 4761 2438 4825 apud
2503 4757 2645 4813 LXX
2676 4770 2728 4811 et
2762 4759 2814 4810 in
2869 4768 3100 4822 quatuor
3141 4753 3265 4809 tuss.
3311 4754 3429 4808 Mox
3484 4753 3616 4826 Reg.

2055 4833 2327 4887 secundus
2353 4830 2542 4901 χρείαν
2566 4826 3025 4901 παραμυθεῖσθαι..

2123 4892 2454 4975 (57)-Εόῇίίίιι
2495 4892 2667 4953 Paris.
2714 4892 2902 4975 ᾤσπερ
2935 4895 3211 4975 ἀλλότριον
3259 4892 3622 4975 θήραμαμμ

2054 4962 2226 5026 editio
2245 4970 2411 5024 Basil.
2449 4984 2572 5023 cum
2598 4969 2849 5021 omnibus
2873 4962 3079 5019 hoswis
3097 4962 3242 5033 ξιιιεε.
3268 4962 3456 5033 ὥσπερ
3485 4963 3615 5019 ἄλλο

2050 5058 2103 5094 τι
2134 5042 2377 5112 θήραμα.
2390 5040 2552 5112 CQ").
2568 5047 2799 5112 quartus
2830 5032 3199 5089 δανείσασθαι.

2121 5102 2233 5185 (58)
2262 5102 2435 5185 Editio
2459 5102 2624 5163 Basil'.
2657 5117 2712 5161 et
2731 5118 2965 5185 quatuor
2994 5120 3124 5158 mss.
3145 5102 3238 5185 τού
3264 5102 3615 5185 δανξίξογτος,

2051 5171 2230 5237 Ειίῖιὶὸ
2260 5180 2432 5234 Paris.
2477 5189 2534 5232 et
2565 5171 2798 5247 quatuor
2826 5177 3010 5247 itidem
3048 5189 3177 5247 mss.
3207 5171 3610 5244 δανειζομένου,

2050 5253 2203 5310 Haud
2234 5251 2420 5319 procul
2451 5244 2596 5317 Reg.
2621 5247 2887 5319 secundus
2918 5244 3119 5319 φίλοςῇ
3146 5245 3193 5296 ό.

2122 5313 2248 5393 (59)
2276 5313 2691 5393 Νριιιιιιιιὶἰιιεε.
2715 5315 2809 5393 ἐὰν
2841 5314 3068 5393 ὀμνύῃς,
3092 5313 3333 5366 ἀπιστεῖ.
3361 5313 3621 5393 iloe‘ipso

2048 5395 2104 5449 in
2131 5383 2247 5447 loco
2282 5390 2391 5454 illa,
2424 5387 2542 5456 ἅμα
2571 5386 2742 5456 ὀμνὺς
2783 5383 3024 5447 ἀπαιτεῖ,
3057 5384 3306 5456 leguntur
3358 5383 3412 5456 in
3460 5384 3611 5437 Cnlb.

2059 5473 2253 5533 quarto
2282 5468 2337 5533 et
2365 5451 2416 5511 in
2453 5451 2638 5526 Regiis
2662 5458 2843 5533 primo
2872 5468 2927 5508 et
2958 5451 3147 5533 sexto._
3175 5451 3279 5533 Sed
3307 5454 3435 5522 quin
3462 5455 3616 5533 adut-

2062 5523 2232 5587 ferina
2262 5530 2392 5591 sint,
2453 5523 2559 5581 non
2591 5527 2747 5579 valde
2781 5527 3067 5577 admodum
3118 5523 3449 5587 dubitamus,
3504 5531 3615 5576 tum

2062 5602 2204 5670 quod
2240 5599 2457 5670 initeg.
2485 5607 2640 5650 sexto
2668 5596 2847 5670 addita
2885 5595 2993 5646 sint
3021 5592 3475 5670 secundanmanu,
3503 5603 3615 5647 tum

2059 5662 2201 5739 quod
2230 5662 2552 5735 quibusdam
2585 5665 2794 5739 punctis
2822 5673 3002 5739 notata
3027 5662 3138 5739 sint
3168 5663 3220 5714 in
3250 5662 3379 5729 Reg.
3399 5664 3572 5739 primo
3600 5681 3611 5712 :

2060 5732 2178 5811 quae
2201 5732 2303 5794 duo
2324 5752 2428 5791 nou
2463 5732 2595 5790 raro
2616 5735 2851 5789 alienum
2877 5732 3139 5804 quiddam
3168 5741 3230 5787 et
3266 5735 3623 5803 peregrinum.
