4048 6220
441 321 538 379 271

1789 325 1846 381 S.
1869 325 2112 382 BASILII
2150 327 2362 383 MAGNI

3599 336 3716 392 272

441 440 566 495 culo
608 439 651 492 si
697 438 1060 509 progrederis,
1116 439 1283 493 trahit
1335 448 1388 496 te
1427 439 1494 494 ad
1541 455 1621 508 se,
1663 453 1717 496 et
1767 445 2021 510 adducit;

2137 445 2592 516 πολυπραγμονεῖ.
2652 449 2778 501 Ἐὰν
2835 449 3030 522 προῖῃς
3072 467 3167 502 του
3205 449 3504 521 δωματίου,
3554 453 3714 508 ἕλκει

442 533 487 586 si
523 532 667 586 intus
696 540 746 585 te
778 531 1154 592 absconderis,
1185 540 1309 586 ante
1338 532 1554 586 domum
1602 541 1731 596 stat,
1771 544 1828 589 et
1875 535 2019 591 fores

443 621 644 691 pulsat.
698 621 972 675 Praesente
1026 635 1218 685 uxore,
1270 619 1434 676 allicit
1481 635 1533 676 te
1583 623 1808 693 pudore,
1838 638 2018 679 coram

443 713 635 766 amicis
664 713 894 781 imponit
926 713 1350 770 contumeliam:
1404 716 1456 769 in
1502 714 1621 770 foro
1669 716 1850 771 fauces
1889 732 2019 770 con-

443 804 702 871 stringit:
736 804 910 859 malus
935 804 1057 858 festi
1093 805 1198 859 diei
1227 822 1526 862 occursus:
1571 807 1734 861 vitam
1775 809 1867 862 tibi
1901 808 2020 862 red-

441 895 524 948 dit
556 893 905 962 iujueundam
937 904 992 949 et
1023 897 1440 953 intolerabilem.
1473 900 1543 953 At
1570 915 1787 970 magna,
1819 900 2016 968 inquit,

445 993 530 1039 est
564 986 889 1051 necessitas,
927 1004 1027 1042 nec
1057 989 1161 1042 alia
1191 1001 1274 1044 est
1303 993 1558 1058 paranda:
1590 993 1828 1060 pecuniae
1859 994 2015 1046 ratio.

443 1077 596 1145 Quae,
633 1095 839 1148 quaso,
875 1081 1084 1136 utilitas
1111 1098 1175 1136 ex
1205 1084 1464 1138 hodierna
1496 1084 1792 1139 dilatione?
1814 1084 2018 1140 Rursus

441 1171 588 1225 enim
615 1172 796 1226 veniet
845 1173 911 1226 ad
956 1182 1008 1228 te
1051 1185 1344 1243 paupertas
1384 1185 1638 1245 tanquam
1685 1180 1862 1232 bonus
1903 1196 2019 1234 cur-

440 1278 538 1318 sor
567 1263 634 1330 ³⁵,
663 1275 717 1319 et
765 1266 954 1320 eadem
1002 1268 1300 1322 necessitas
1345 1283 1466 1324 cum
1506 1274 1786 1327 auctuario
1823 1277 2014 1331 aderit.

440 1355 648 1414 Faenus
690 1359 836 1413 enim
890 1373 993 1414 non
1039 1361 1263 1414 omnino
1306 1361 1524 1429 liberat,
1574 1367 1667 1418 sed
1715 1367 1924 1421 consilii
1966 1378 2020 1422 et

444 1451 646 1504 mentis
686 1450 924 1520 inopiam
974 1452 1231 1522 tantisper
1283 1455 1480 1511 tardat.
1533 1455 1809 1512 Patiamur
1861 1459 2018 1514 hodie

445 1539 701 1596 duritiem
734 1541 1090 1611 paupertatis,
1123 1553 1175 1596 et
1205 1558 1274 1596 ne
1304 1559 1422 1597 eam
1460 1545 1510 1597 in
1555 1547 1714 1616 110
1743 1559 2014 1616 posterum

449 1631 585 1686 diem
655 1634 1052 1702 protrahamus.
1116 1634 1326 1688 Etenim
1386 1637 1429 1689 si
1480 1649 1760 1708 argentum
1815 1640 2018 1695 {tenore

443 1737 548 1780 non
599 1726 789 1790 sumis,
829 1726 990 1781 hodie
1033 1736 1090 1780 et
1136 1737 1318 1797 postea
1355 1729 1517 1782 simili
1556 1732 1715 1784 modo
1753 1731 1862 1786 eris
1888 1747 2019 1800 pau-

2121 537 2259 606 πρὸς
2284 537 2475 590 ἑαυτὸν
2505 539 2597 590 καὶ
2619 539 2917 608 κατασύρει
2935 555 2949 568 ’
2985 539 3079 592 ἐὰν
3101 539 3248 592 ἔνδον
3282 541 3506 594 σεαυτὸν
3536 560 3709 596 κατα-

2119 628 2356 700 κρύψῃς,
2393 629 2660 702 ἐφέστηκε
2691 633 2758 701 τῇ
2799 631 2968 700 οἰκίᾳ,
2999 634 3090 684 καὶ
3130 631 3530 704 θυροκρουστεῖ.
3579 636 3709 690 Ἐπὶ

2120 717 2365 785 γαμετῆς
2403 718 2772 788 καταισχύνει,
2807 721 2897 771 ἐπὶ
2931 720 3099 789 φίλων
3131 722 3471 794 καθυϐρίζει,
3500 727 3556 777 ὲν
3580 729 3704 789 ταῖς

2119 807 2346 878 ἀγοραῖς
2388 808 2580 879 ἄγχει’
2623 811 2792 864 κακὸν
2832 813 3148 884 συνάντημα
3198 815 3422 885 ἑορτῆςο
3469 817 3702 871 ἀϐίωτόν

2123 916 2204 952 σοι
2239 900 2348 971 (40)
2381 902 2777 964 κατασκευάζει
2829 905 2918 958 τὸν
2961 904 3090 974 βίον.
3131 906 3289 960 Ἀλλά
3320 908 3550 979 μεγάλη,
3597 926 3702 978 φη-

2124 993 2230 1053 σὶν,
2273 993 2570 1064 ήάνάγκη,
2614 996 2706 1047 καὶ
2734 996 2907 1060 οὐδεὶς
2950 998 3113 1067 πόρος
3155 999 3452 1069 χρημάτων
3491 1001 3696 1071 ἕτερος.

2120 1084 2186 1136 Τί
2220 1080 2314 1137 οὖν
2355 1085 2415 1137 τὸ
2455 1085 2645 1153 ὄφελος
2689 1090 2752 1140 ὲκ
2785 1087 2878 1140 τοῦ
2919 1087 3016 1158 τὴν
3058 1091 3294 1160 σήμερον
3336 1091 3698 1161 ὑπερθέσθαι;

2122 1177 2293 1230 Πάλιν
2316 1176 2426 1248 γὰρ
2457 1177 2577 1246 ἥξει
2605 1195 2686 1230 σοι
2729 1181 2760 1249 ἡ
2799 1180 2958 1232 πενία
2989 1179 3179 1254 ὥσπερ
3207 1181 3409 1249 ἀγαθὸς
3446 1183 3700 1253 δρομεὺς,

2120 1269 2213 1322 καὶ
2239 1271 2272 1340 ἡ
2298 1270 2434 1339 αὑτὴ
2456 1271 2666 1342 ἀνάγκη
2695 1270 2831 1340 μετά
2853 1273 3172 1343 προσθήκης
3197 1274 3484 1344 παρέσται.
3504 1275 3574 1326 Τὸ
3592 1275 3703 1348 γὰρ

2119 1361 2276 1424 δάνος
2310 1362 2410 1414 ούκ
2447 1361 2765 1432 ἀπαλλαγὴν
2800 1363 3058 1434 παντελῆ,
3099 1363 3234 1418 ἀλλά
3272 1366 3474 1436 μικρὰν
3507 1366 3703 1420 ἀναϐο-

2119 1452 2216 1522 λὴν
2248 1454 2346 1523 τῆς
2376 1453 2686 1523 ἀμηχανίας
2716 1455 3014 1525 παρέχεται
3075 1457 3325 1528 Σήμερον
3353 1457 3614 1527 πάθωμεν
3631 1457 3702 1511 τὰ

2122 1546 2186 1598 ἐκ
2212 1544 2310 1614 τῆς
2343 1545 2547 1608 ἐνδείας
2570 1546 2826 1617 δυσχερῆ,
2859 1547 2951 1600 καὶ
2976 1548 3049 1620 μὴ
3074 1548 3460 1619 ἁποτιθώμεθα
3488 1548 3594 1621 (41)
3621 1551 3702 1612 είς

2120 1635 2216 1706 τὴν
2248 1635 2456 1708 αὔριον.
2499 1639 2589 1709 Μὴ
2615 1638 2998 1709 δανεισάμενος
3051 1640 3152 1710 μὲν
3186 1640 3385 1711 ὁμοίως
3409 1640 3505 1712 ἔσῃ
3536 1641 3704 1710 πένης

2121 1730 2215 1782 καὶ
2270 1731 2508 1800 σήμερον
2555 1731 2649 1783 καὶ
2701 1731 2836 1802 πρὸς
2899 1732 2958 1784 τὸ
3021 1732 3254 1803 ὲφεξῆςο
3320 1733 3702 1803 δανεισάμενος

443 1830 581 1884 per:
615 1817 659 1870 si
701 1832 828 1871 vero
868 1818 1060 1882 sumis,
1089 1817 1295 1874 {umore
1347 1831 1716 1892 paupertatem
1767 1834 2016 1893 augente,

2137 1818 2179 1874 δὲ
2217 1817 2599 1888 χαλεπώτερον
2624 1819 3035 1892 ἐκτρυχωθήσῃ,
3065 1822 3159 1874 τοῦ
3186 1822 3346 1875 τόκου
3377 1823 3476 1892 τὴν
3513 1822 3706 1874 πενίαν

443 1910 694 1965 acerbius
721 1912 1010 1966 vexabere.
1043 1909 1197 1966 Nunc
1232 1913 1454 1981 quidem
1497 1914 1676 1969 nullus
1721 1915 1815 1970 tibi
1861 1917 2021 1970 vertit

443 2003 642 2073 probro
691 2014 1101 2074 paupertatem;
1155 2005 1421 2074 siquidem
1478 2006 1674 2058 malum
1739 2015 1822 2060 est
1877 2006 2020 2060 haud

444 2094 806 2149 voluntarium
837 2113 850 2147 :
882 2095 927 2148 si
958 2109 1086 2148 vero
1115 2093 1306 2146 faenori
1335 2093 1506 2148 fueris
1541 2095 1831 2158 obnoxius,
1866 2108 2023 2148 nemo

444 2188 546 2243 erit
570 2187 662 2257 qui
689 2197 742 2242 te
769 2187 1012 2242 stultitiae
1043 2201 1147 2240 non
1181 2187 1526 2240 condemnet.

514 2279 568 2333 5.
617 2276 804 2348 Itaque
851 2293 918 2332 ne
947 2287 1130 2332 nostra
1164 2278 1390 2334 stultitia
1425 2278 1582 2331 malis
1611 2287 1807 2345 praeter
1842 2275 2026 2330 volun-

446 2379 611 2429 tatem
672 2371 1111 2442 contingentibus
1169 2372 1332 2425 etiam
1398 2370 1598 2424 malum
1660 2369 2020 2424 voluntarium

447 2478 811 2520 accersamus.
842 2463 1002 2517 Stulti
1031 2472 1115 2517 est
1153 2463 1318 2517 animi
1357 2478 1416 2516 se
1457 2477 1554 2532 pro
1599 2477 1762 2530 opmn
1814 2463 2023 2516 ratione

447 2571 552 2612 non
591 2570 938 2624 componere,
975 2557 1070 2610 sed
1122 2555 1344 2610 incertae
1395 2556 1509 2626 spei
1559 2571 1618 2610 se
1659 2554 2021 2620 committere,

448 2664 511 2704 ac
553 2647 902 2703 manifestum
944 2659 1000 2703 et
1046 2649 1270 2704 evidens
1324 2649 1709 2702 detrimentum
1761 2646 2020 2716 experiri.

449 2737 566 2798 1am
631 2741 900 2810 perpende
957 2740 1100 2794 unde
1163 2740 1240 2795 sis
1298 2740 1596 2794 soluturus.
1649 2738 1788 2793 Num
1839 2753 1901 2792 ex
1960 2739 2024 2792 iis

449 2832 691 2901 pecuniis
726 2847 862 2902 quas
893 2831 1136 2900 accipis?
1174 2829 1280 2886 Sed
1323 2833 1405 2887 hae
1437 2841 1492 2887 et
1535 2833 1602 2886 ad
1644 2831 2022 2886 necessitatem

452 2923 812 2979 cohibendum
849 2935 906 2978 et
934 2923 1002 2979 ad
1042 2923 1364 2978 solutionem
1400 2938 1507 2977 non
1543 2921 1836 2978 suillciunt.
1871 2921 2026 2988 Quod

450 3019 494 3074 si
517 3034 713 3073 usuras
744 3020 907 3072 etiam
942 3018 1301 3088 reputaveris,
1332 3018 1474 3072 unde
1504 3031 1675 3086 usque
1707 3016 1841 3070 adeo
1885 3015 2026 3068 mul-

453 3110 843 3180 tiplicabuntur
872 3111 1137 3180 pecuniae,
1175 3122 1234 3164 ut
1258 3125 1324 3164 ex
1361 3126 1467 3164 una
1508 3119 1664 3179 parte
1711 3108 2025 3164 necessitati

453 3211 559 3257 tuae
604 3201 943 3266 medeantur,
984 3217 1053 3256 ex
1100 3201 1271 3256 altera
1316 3216 1449 3256 vero
1506 3212 1708 3256 sortem
1756 3200 2026 3270 expleant,

454 3303 826 3368 praetereaque
853 3293 1156 3350 forinsecus
1194 3309 1388 3348 usuras
1433 3294 1675 3364 gignant.
1721 3294 1792 3347 At
1835 3307 2034 3364 nequa-

454 3399 618 3454 quam
678 3399 743 3438 ex
805 3384 892 3451 iis,
941 3400 1061 3453 qua:
1133 3385 1358 3454 accipis,
1401 3396 1644 3438 mutuum
1694 3384 1904 3439 reddes.
1949 3387 2030 3437 An

457 3476 723 3535 aliunde?
767 3474 891 3532 Illas
939 3477 1106 3543 igitur
1149 3489 1525 3546 exspectemus
1565 3491 1706 3545 spes,
1751 3491 1870 3542 nec,
1914 3485 2034 3529 tan-

455 3585 620 3640 quam
675 3571 872 3642 pisces,
937 3575 1006 3624 ad
1055 3569 1276 3624 illicium
1340 3585 1708 3638 properemus.
1761 3569 2032 3636 Quemad-

455 3663 678 3717 modum
728 3663 871 3717 enim
923 3661 1000 3715 illi
1057 3676 1160 3714 una
1205 3675 1328 3715 cum
1381 3675 1507 3715 esea
1544 3661 1760 3714 hamum
1794 3668 2028 3714 vorant:

456 3754 538 3810 sic
580 3769 679 3810 nos
729 3770 826 3824 per
880 3755 1161 3824 pecuniam
1200 3753 1410 3827 {tenore
1457 3753 1846 3822 trausligimur.
1889 3752 2031 3807 Pau~

457 3857 639 3918 pertas
670 3846 1020 3916 ignominiam
1055 3845 1256 3898 nullam
1284 3843 1460 3898 all‘ert.
1510 3843 1647 3910 Quid
1696 3860 1826 3915 ergo
1880 3845 2034 3899 nobis

457 3940 593 4008 ipsis
633 3938 920 4008 opprobria
963 3952 1029 3992 ex
1077 3951 1185 3992 mre
1230 3935 1408 3991 alieno
1453 3937 1752 4007 paramus?
1798 3937 2032 3992 Vulnera

457 4032 683 4086 vulnere
742 4040 899 4087 curat
955 4045 1137 4095 nemo,
1188 4045 1363 4101 neque
1419 4029 1618 4083 malum
1662 4028 1802 4084 malo
1837 4037 2032 4096 sanat;

460 4133 562 4180 nec
622 4119 832 4178 foenore
912 4119 1226 4176 sublevatur
1300 4130 1612 4190 paupertas.
1693 4118 1854 4175 Dives
1928 4118 2036 4174 es?

535 4326 582 4361 ³³⁸
615 4324 774 4381 Prov.
807 4340 956 4391 xxrv,
993 4325 1084 4381 54.

2127 1911 2655 1981 προσεπιτείναντος.
2700 1913 2807 1964 Καὶ
2855 1911 2949 1966 νῦν
3003 1914 3100 1983 μὲν
3151 1913 3325 1976 οὐδεὶς
3358 1913 3577 1980 ἐγκαλεῖ
3619 1930 3706 1966 σοι

2124 2001 2460 2072 πτωχεύοντι
2481 2020 2493 2032 ⁸
2541 2003 2795 2056 ἀκούσιον
2844 2004 2948 2074 γὰρ
2982 2003 3042 2055 τὸ
3073 2004 3238 2057 κακόν
3259 2020 3273 2034 ο
3309 2003 3403 2057 ἐὰν
3428 2005 3484 2058 δὲ
3525 2004 3710 2068 τόκοις

2125 2095 2424 2157 ὑπεύθυνος
2466 2093 2552 2173 ᾖς,
2597 2097 2696 2148 οὐκ
2735 2095 2882 2150 ἐστιν
2918 2097 3064 2159 ὅστις
3092 2096 3152 2150 ού
3193 2096 3467 2167 μέμψεταί
3500 2114 3592 2150 σου
3634 2100 3706 2170 τῇ

2123 2188 2372 2259 ἀϐουλίᾳ.

2195 2282 2246 2334 5.
2284 2279 2371 2351 Μὴ
2403 2274 2494 2333 οὖν
2525 2281 2661 2351 πρὸς
2689 2284 2800 2344 τοῖς
2829 2281 3105 2344 ἀκουσίοις
3137 2285 3326 2344 κακοῖς
3360 2280 3438 2334 ἔτι
3479 2284 3571 2334 καὶ
3607 2283 3711 2334 αύ-

2127 2369 2376 2441 θαίρετον
2401 2369 2570 2422 κακὸν
2599 2371 2663 2422 ὲκ
2688 2370 2788 2440 τῆς
2814 2371 3088 2441 ἡμετέρας
3110 2370 3296 2434 ἀνοίας
3322 2369 3713 2440 ὲπισπασὼμεν

2125 2462 2193 2516 θα
2224 2463 2357 2534 (42).
2389 2462 2607 2532 Νηπίας
2638 2462 2833 2533 φρενὸς
2865 2464 2938 2534 μὴ
2968 2463 3032 2515 ἐκ
3061 2462 3170 2514 τῶν
3203 2463 3481 2534 παρόντων
3519 2464 3714 2516 ἑαυτὸν

2125 2555 2518 2625 περιστέλλειν,
2551 2554 2664 2608 ἀλλ’
2690 2553 2904 2624 ἀδήλοις
2934 2553 3144 2606 ἐλπίσιν
3188 2555 3552 2626 ἐπιτρέψαντα
3603 2571 3713 2621 φα-

2125 2647 2288 2716 νερᾶς
2335 2644 2540 2716 βλάϐης
2585 2647 2679 2699 καὶ
2726 2646 3121 2716 ἀναντιρρήτου
3168 2646 3531 2717 κατατολμᾷν.
3569 2644 3710 2716 Ἤδη

2129 2739 2418 2810 βούλευσαι
2447 2739 2608 2793 πόθεν
2643 2739 2755 2810 (45)
2786 2739 3088 2802 ἀποτίσεις.
3129 2739 3246 2808 Ἀφ’
3281 2733 3355 2794 ὧν
3376 2739 3715 2810 λαμϐάνεις;

2139 2831 2280 2885 Ἀλλ’
2313 2833 2412 2885 οὐκ
2444 2831 2668 2901 ἐξαρκεῖ
2689 2834 2782 2886 καὶ
2817 2833 2953 2904 πρὸς
2985 2833 3081 2904 τὴν
3109 2833 3298 2904 χρείαν
3327 2833 3420 2884 καὶ
3450 2830 3582 2902 πρὸς
3611 2831 3718 2902 τὴν

2127 2923 2356 2978 ἔκτισιν.
2393 2923 2519 2977 Ἐὰν
2549 2924 2604 2976 δὲ
2627 2924 2690 2996 δὴ
2713 2925 2809 2978 καὶ
2835 2925 2960 2988 τοὺς
2989 2925 3181 2986 τόκους
3215 2923 3424 2995 λογίσῃ,
3459 2921 3621 2974 ποθεν
3642 2919 3718 2974 τὰ

2130 3017 2234 3086 χρή
2246 3033 2390 3085 ματα
2415 3016 2496 3079 εἰς
2519 3013 2774 3068 τοσοῦτον
2798 3014 3418 3086 πολυπλασιασθήσεται,
3441 3012 3577 3064 ὥστε
3606 3011 3716 3080 ίδίᾳ

2136 3108 2233 3177 μέν
2267 3123 2359 3158 σου
2395 3105 2719 3177 θεραπεύειν
2755 3105 2854 3178 τὴν
2886 3105 3094 3177 χρείαν,
3143 3105 3250 3175 ἰδίᾳ
3301 3103 3360 3159 δὲ
3407 3100 3717 3170 ἐκπληροῦν

2131 3200 2194 3254 τὸ
2225 3198 2543 3270 κεφάλαιον,
2572 3196 2770 3263 ἔξωθεν
2791 3198 2847 3250 δὲ
2876 3197 2970 3250 καὶ
2993 3198 3184 3259 τόκους
3207 3195 3536 3265 ἀπογεννᾷν;
3573 3192 3716 3244 Ἀλλ’

2132 3291 2231 3344 οὐκ
2262 3289 2320 3354 ἐξ
2353 3281 2427 3340 ὧν
2465 3288 2763 3358 λαμϐάνεις
2796 3287 3095 3351 ἀποδώσεις
3120 3287 3181 3340 τὸ
3210 3286 3437 3340 δάνειον.
3483 3283 3715 3353 Ἑτέρω-

2134 3382 2225 3436 θεν
2267 3381 2358 3446 δέ;
2403 3380 2646 3445 Ἐκείνας
2689 3375 2782 3432 οὗν
2819 3379 3177 3450 ἀναμένωμεν
3215 3377 3316 3440 τὰς
3345 3375 3582 3437 ἐλπίδας,
3622 3374 3720 3425 ita).

2136 3474 2211 3546 μὴ
2234 3473 2494 3542 ἔλθωμεν,
2519 3455 2707 3544 ὥσπερ
2747 3473 2796 3524 οἱ
2835 3472 3016 3542 ἰχθύες
3062 3471 3155 3524 ἐπὶ
3182 3471 3244 3523 τὸ
3273 3469 3482 3539 δέλεαρ.
3506 3468 3718 3536 Ὥσπερ

2136 3567 2248 3639 γὰρ
2292 3567 2490 3623 ἐκεῖνοι
2527 3566 2664 3637 μετὰ
2691 3566 2794 3634 τῆς
2822 3566 3029 3637 τροφῆς
3065 3565 3124 3618 τὸ
3163 3564 3458 3633 ἄγκιστρον
3489 3561 3721 3615 καταπί-

2139 3675 2351 3720 νουσιν,
2399 3655 2541 3709 οὓτω
2574 3657 2667 3710 καὶ
2711 3655 2822 3726 (44)
2863 3659 3023 3725 ἡμεῖς
3071 3655 3160 3708 διὰ
3202 3655 3271 3708 τὰ
3315 3655 3569 3729 χρήματα
3605 3654 3722 3712 τοῖς

2137 3751 2318 3812 τόκοις
2339 3748 2790 3820 περιπειρόμεθα.
2809 3749 3077 3819 Ούδεμίαν
3103 3746 3364 3817 αἰσχύνην
3385 3747 3444 3798 τὸ
3463 3744 3721 3797 πένεσθαι

2142 3842 2409 3914 προξενεῖ.
2456 3843 2521 3894 Τί
2549 3838 2639 3896 οὖν
2672 3843 2739 3894 τὰ
2783 3845 2848 3895 ὲκ
2889 3841 2983 3893 τοῦ
3027 3840 3261 3909 ὀφείλειν
3296 3839 3470 3908 ὀνείδη
3505 3839 3720 3898 ἑαυτοῖς

2142 3934 2546 4007 προστιθέμεθα
2569 3934 2677 4004 (45)
2699 3952 2712 3997 ;
2740 3934 2927 3997 Οὐδεὶς
2950 3931 3237 4004 τραύματα
3265 3931 3537 4004 τραύματι
3558 3931 3723 3998 θερα-

2144 4027 2320 4091 πεύει,
2365 4027 2487 4080 οὐδὲ
2532 4025 2686 4096 κακῷ
2723 4026 2784 4078 τὸ
2818 4027 2983 4078 κακὸν
3021 4026 3184 4090 ἰᾶται,
3229 4023 3351 4076 οὐδὲ
3399 4021 3588 4074 πενίαν
3631 4018 3723 4070 τό-

2144 4137 2261 4184 κοις
2315 4118 2725 4194 ἐπανορθοῦται.
2773 4117 3033 4181 Πλούσιος
3071 4114 3150 4181 εἷς
3194 4117 3269 4190 μὴ
3307 4116 3547 4179 δανείζου
3579 4109 3719 4183 (46).

466 4528 732 4586 indicant.
762 4527 1052 4594 Aliquanto
1079 4532 1198 4592 post
1231 4525 1395 4577 editio
1432 4525 1604 4579 Paris.
1663 4540 1784 4578 cum
1830 4521 2051 4594 raliqui-
2084 4523 2128 4578 D
2161 4519 2290 4575 stris
2340 4533 2471 4574 mss.
2511 4518 2782 4586 reperitur
2805 4531 2826 4594 :_
2856 4531 2958 4594 qua
2985 4531 3089 4570 non
3119 4515 3720 4594 observata‘iuterpres

466 4599 570 4656 bus
626 4615 759 4653 mss.
809 4593 1078 4666 ἐφέστηκε
1128 4598 1194 4666 τῇ
1256 4596 1499 4667 αὐλαίᾳ..
1541 4596 1646 4667 Sed
1697 4593 1860 4667 Goisl.
1925 4608 2046 4667 cum

469 4669 591 4792 οέἰίῗ
627 4684 722 4724 sex
753 4683 884 4722 mss.
928 4665 1148 4723 etcum
1171 4665 1439 4721 "editione
1471 4665 1640 4722 Basil.
1673 4665 1942 4734 ἐφέστηκε
1980 4665 2047 4734 τῇ

469 4756 500 4792 ο
522 4756 557 4792 κ
581 4757 637 4792 α.

468 4741 637 4798 οἰκία.

545 4757 659 4878 (flii)
693 4807 828 4878 Reg.
863 4808 1132 4862 secundus
1164 4807 1399 4861 ἀϐίωτόν
1431 4823 1546 4860 σου.

547 4874 658 4950 (Al)
688 4874 1043 4946 Sie'quiuque
1070 4893 1208 4950 mss.
1235 4893 1357 4932 cum
1403 4878 1655 4950 editione
1676 4875 1838 4950 Basil.
1875 4874 2050 4950 Editio

475 4945 651 5006 Paris.
700 4945 833 5002 cum,
872 4945 979 5001 uno
1028 4959 1120 4999 aut
1164 4948 1340 5001 altero
1388 4963 1489 5000 ms.
1523 4945 1876 5014 ἀποθώμεθα.
1929 4946 2052 4998 Mox

477 5020 629 5076 Colb.
664 5029 891 5088 octavus
922 5021 1000 5082 εἰς
1020 5018 1082 5070 τὸ
1111 5017 1332 5088 ἐφεξῆς.
1369 5017 1532 5071 Paulo
1555 5016 1832 5086 post‘lleg.
1861 5017 2052 5069 tertius

480 5087 1060 5176 προσεπεκτείναντος.
1110 5087 1275 5155 Regii
1317 5088 1510 5140 tertius
1559 5097 1612 5140 et
1654 5097 1840 5164 selttus
1888 5088 2054 5151 ἐγκα-

479 5160 627 5215 λεσει
687 5177 789 5219 σοι.
840 5159 1079 5213 bubinde
1137 5159 1270 5226 Reg.
1328 5161 1594 5212 secundus
1647 5173 1742 5209 σου
1775 5156 1873 5226 τὴν
1896 5155 2054 5208 ἀϐου-

480 5232 620 5288 λίαν.
2059 5235 2062 5240 “

553 5302 666 5374 (42)
693 5300 791 5374 Sie_
815 5301 989 5374 major
1006 5313 1132 5368 pars
1161 5312 1292 5374 mss.
1322 5314 1444 5374 cum
1473 5295 1898 5374 editione-Basil.
1926 5295 2060 5374 Edi-

487 5365 723 5427 tio've'ro
769 5365 939 5426 Paris.
971 5365 1093 5423 eum
1150 5369 1472 5437 quibusdam
1511 5385 1640 5424 mss.
1672 5365 2056 5436 ὲπισπώμεθα.

485 5441 688 5498 Ibidem
716 5442 882 5496 editio
906 5441 1076 5494 Paris.
1106 5439 1308 5511 νηπίας
1357 5438 1636 5511 ἐστινγοξ
1676 5437 1807 5511 Δἐστιτί
1831 5439 1979 5511 deest
2006 5437 2058 5511 in

486 5513 737 5566 omnibus
768 5527 897 5570 mss.
933 5521 987 5565 et
1021 5511 1074 5563 in
1121 5505 1362 5563 editione
1396 5508 1560 5563 Basil.
1610 5507 1813 5561 Ibidem
1869 5505 2063 5559 ἑαυτὸν

491 5582 883 5652 περιστέλλειν,
909 5583 975 5634 ad
1005 5581 1250 5642 verbum,
1282 5596 1374 5644 pro
1415 5596 1570 5652 opum
1615 5578 1819 5652 ratione
1856 5593 1958 5629 non
2002 5591 2065 5652 se

489 5646 816 5713 contrahere,
865 5667 967 5705 non
1013 5667 1065 5703 se
1096 5658 1385 5704 coarctare.
1418 5649 1528 5704 Hoc
1557 5657 1659 5712 est,
1695 5647 1956 5716 impensas
1991 5646 2067 5714 [u-

489 5719 767 5774 saltatibus
797 5737 898 5774 non
921 5722 1111 5774 metiri.

567 5789 679 5862 (45)
710 5791 1080 5862 lnterpunctio
1109 5806 1212 5861 qua
1261 5790 1362 5846 hoc
1387 5790 1505 5847 loco
1533 5789 1613 5845 usi
1641 5803 1849 5856 sumus,
1894 5787 1946 5842 in
1974 5802 2068 5842 no-

2157 4601 2313 4643 vetus
2340 4605 2368 4641 a
2417 4585 2581 4642 sensu
2623 4589 2859 4641 auctoris
2887 4588 3044 4654 longe
3084 4587 3379 4640 aberravit.
3411 4585 3577 4639 Paulo
3602 4594 3724 4653 post

2152 4661 2284 4726 Reg.
2314 4660 2579 4713 secundus
2604 4659 2694 4711 ἐπὶ
2718 4658 2989 4712 τοσοῦτον.

2224 4725 2337 4793 (44)
2368 4729 2457 4784 Sic
2493 4728 2665 4796 major
2686 4744 2810 4797 pars
2835 4744 2964 4782 mss.
2997 4727 3158 4781 Deest
3187 4725 3280 4779 καί
3313 4725 3365 4778 in
3396 4725 3573 4797 editis.

2225 4800 2336 4870 (45)
2406 4799 2545 4853 Editi
2580 4792 2594 4796 ⁷
2621 4792 2742 4851 cuin
2782 4798 2945 4870 _Beg_.
3011 4798 3264 4870 secundo
3308 4792 3720 4865 περιτιθέμεθα.

2155 4865 2288 4940 Reg.
2320 4865 2548 4940 primus
2610 4865 3000 4940 προτιθέμεθα.
3051 4868 3120 4920 At
3172 4865 3603 4940 quinqueunt‘ss.
3665 4874 3726 4940 t_tt

2156 4943 2208 4995 in
2238 4931 2407 4993 Textu.
2439 4939 2638 4992 Ibidem
2658 4931 2802 4992 "mss.
2835 4931 3022 4992 omnes
3048 4931 3357 5007 τραύματα.
3393 4935 3532 4988 Editi
3557 4931 3727 5005 τραῦ-

2199 5027 2254 5065 α.

2157 5029 2341 5149 μαξὰθ)
2383 5079 2684 5149 Πλούρ-ιος
2706 5073 2793 5140 ei;
2817 5075 2898 5144 μὴ
2920 5075 3211 5149 δανείζου.
3243 5074 3574 5149 Legendum
3604 5087 3727 5127 esse

2161 5144 2613 5222 μὴ’δά’νειζε,γΝε
2637 5149 2971 5222 άεεέίωηονε,
3000 5148 3239 5222 ἀίδὶιιιιιε
3286 5147 3336 5198 in
3366 5154 3480 5198 not.
3511 5144 3576 5198 ad
3607 5158 3727 5222 se:-

2161 5213 2375 5275 iuonem
2434 5213 3005 5289 quinttianymeonis
3057 5215 3367 5289 Lugothetaa
3418 5229 3539 5289 pag.
3594 5213 3723 5289 495.

2162 5285 2468 5347 Mutum——
2492 5289 2640 5344 Lusit
2689 5285 2918 5341 Basilius
2957 5289 3009 5340 in
3055 5285 3255 5354 duplici
3301 5285 3542 5352 ejusdem
3576 5286 3727 5336 vocis

2161 5378 2320 5417 sensu
2349 5379 2362 5415 :
2398 5359 2713 5429 δανείζομαι
2759 5358 2902 5429 enim
2938 5373 3042 5408 non
3075 5359 3234 5429 modo
3271 5355 3724 5429 pecuniam_dnre,

2165 5434 2258 5486 sed
2283 5432 2443 5484 etiam
2469 5425 2698 5494 accipere
2719 5429 2811 5480 sub
2834 5427 3029 5494 [tenore
3044 5427 3306 5493 signiﬁcat
3333 5444 3346 5480 :
3371 5441 3530 5493 quem
3552 5425 3726 5477 lusum

2165 5503 2352 5556 Latine
2395 5500 2618 5554 reddere
2663 5500 2856 5566 cuique
2893 5499 3079 5549 Latine
3111 5497 3305 5550 scienti
3353 5497 3573 5566 obvium
3620 5503 3727 5556 est,

2166 5572 2426 5638 siquidem
2458 5570 2675 5623 verbum
2702 5565 2896 5635 [tenero
2919 5567 3004 5621 vel
3033 5565 3531 5638 fmrrcrorreamdeyt
3552 5565 3726 5638 ambi-

2169 5633 2426 5712 guitatem
2458 5655 2521 5692 ac
2548 5633 2863 5712 δανείζομαι
2885 5653 2991 5704 pra:
3014 5633 3073 5712 se
3099 5633 3532 5712 fert._AGcols_€ai
3565 5635 3728 5712 igitur

2171 5704 2514 5778 interpretari
2539 5704 2781 5776 juvaret,
2810 5713 2915 5778 hoe
2935 5707 3093 5761 modo
3130 5729 3142 5760 :
3195 5707 3342 5778 Dives
3373 5709 3467 5778 es?
3496 5706 3602 5756 noli
3635 5704 3728 5773 {ar-

2174 5776 2390 5848 nerare;
2416 5796 2615 5849 pauper
2639 5797 2691 5834 es
2712 5780 2736 5833 ξ’
2758 5777 2864 5833 noli
2893 5776 3156 5833 fwneran’.
3189 5777 3344 5833 Eon.
3373 5776 3608 5831 PATBOL.
3691 5843 3699 5848 _
