4048 6220
366 352 472 403 275

1527 354 1813 409 HOMILIA
1834 355 1879 410 ιι
1908 354 1975 410 1N
2014 355 2344 411 PSALMUM
2381 355 2517 411 XIV.

3529 359 3635 414 274

370 463 547 535 Πένης
574 461 656 528 ei;
688 464 762 535 μὴ
785 464 1050 529 δανείζου.
1083 467 1147 519 El
1174 467 1275 538 μὲν
1293 467 1402 539 γὰρ
1428 470 1698 542 εύπορεῖς,
1734 473 1795 524 ού
1830 472 1947 543 χρῄ-

2056 472 2354 540 Argentum
2433 486 2503 526 ne
2583 487 2734 526 sume
2815 473 3039 527 fanore.
3114 472 3327 544 Pauper
3391 473 3495 529 es?
3555 475 3633 530 Ne

369 555 485 620 ζεις
532 557 929 626 δανείσματος⁶
998 560 1046 610 εί
1103 559 1161 610 δὲ
1222 560 1372 613 οὐδὲν
1440 561 1604 631 ἔχεις,
1666 564 1766 616 οὐκ
1820 565 1955 616 ἀπο-

370 645 543 708 τίσεις
596 645 657 697 τὸ
709 645 938 700 δάνειον.
996 649 1087 719 Μὴ
1140 648 1245 719 δῷς
1294 650 1523 704 σεαυτοῦ
1577 654 1668 706 τὸν
1713 653 1827 724 βίον
1878 657 1958 718 είς

369 736 806 809 ὑστεροϐουλίιν,
850 742 1060 811 μήποτε
1109 742 1418 815 μακαρίσῃς
1448 745 1548 808 τὰς
1589 746 1695 815 πρὸ
1730 747 1840 800 τῶν
1874 747 1959 800 τό-

369 846 480 883 κων
502 830 741 900 ἡμέρας.
782 831 897 884 Ἑν)⁸
928 831 1041 901 (47)
1072 832 1248 904 τούτῳ
1276 834 1623 905 διαφέρωμεν
1654 837 1764 889 τῶν
1787 837 1956 889 πλου-

368 918 602 974 τούντων
623 923 672 973 οί
700 921 952 993 πένητες,
982 926 1049 995 τῇ
1078 925 1399 996 ἀμεριμνίᾳ.
1443 928 1550 979 Καὶ
1570 928 1957 998 καταγελῶμεν

367 1011 547 1066 αὐτῶν
578 1014 1017 1083 ἁγρυπνούντων,
1074 1017 1228 1069 αὐτοὶ
1282 1017 1672 1081 καθεύδοντες
1728 1020 1957 1074 καὶτῶν

370 1104 720 1159 συνεστώτων
763 1107 850 1159 ἀεὶ
893 1108 984 1160 καὶ
1031 1108 1445 1179 φροντιζόντων,
1499 1112 1656 1164 αὐτοὶ
1705 1114 1959 1184 ἀφροντι-

371 1195 623 1261 στοῦντες
688 1200 783 1253 καὶ
846 1199 1143 1271 ἀνειμένοι.
1220 1201 1279 1252 '0
1352 1202 1533 1271 μέντοι
1580 1203 1813 1271 ὀφείλων
1866 1206 1958 1257 καὶ

368 1288 538 1359 πένης
580 1289 695 1342 ἐστὶ
742 1292 834 1343 καὶ
873 1291 1315 1363 πολυμέριμνος⁸
1355 1294 1558 1356 ἄϋπνος
1595 1296 1828 1368 νύκτωρ,
1862 1298 1958 1350 ἄϋ-

370 1398 501 1446 πνος
537 1382 654 1453 μεθ’
693 1383 932 1455 ἡμέραν,
967 1386 1188 1449 σύννους
1228 1387 1406 1440 πάντα
1454 1388 1544 1440 τὸν
1579 1389 1804 1460 χρόνονο
1861 1388 1955 1443 νῦν

372 1475 472 1543 μὲν
497 1476 596 1546 τὴν
625 1476 817 1529 ἑαυτοῦ
853 1477 1041 1531 οὐσίαν
1071 1478 1513 1550 ἁποτιμώμενος,
1547 1480 1641 1533 νῦν
1671 1481 1726 1533 δὲ
1755 1483 1852 1546 τὰς
1876 1485 1953 1536 oi-

369 1566 493 1630 κίας
530 1568 629 1631 τὰς
654 1568 980 1632 πολυτελεῖς,
1011 1572 1139 1633 τοὺς
1168 1572 1371 1642 ἀγροὺς
1396 1571 1504 1624 τῶν
1537 1572 1827 1637 πλουσίων,
1856 1574 1954 1641 τὰς

369 1656 604 1727 ἐσθῆτας
636 1659 743 1712 τῶν
788 1662 1244 1730 ἐντυγχανόντων,
1286 1663 1352 1716 τὰ
1392 1664 1561 1734 σκεύη
1591 1664 1699 1718 τῶν
1730 1666 1952 1718 ἑστιών-

369 1766 477 1802 των
502 1750 634 1819 (48).
666 1752 730 1804 Εί
759 1752 930 1806 ταῦτα
960 1754 1067 1823 ἐμὰ
1093 1750 1181 1825 ἦν,
1218 1756 1403 1825 φησὶν,
1436 1757 1767 1828 ἀπεδιδόμην
1792 1760 1948 1813 τόσου

368 1839 463 1891 καὶ
493 1840 678 1907 τόσου,
716 1845 810 1896 καὶ
838 1844 1267 1915 ἀπηλλασσόμην
1298 1846 1392 1898 τοῦ
1426 1848 1608 1901 τόκου.
1641 1849 1823 1903 Ταῦτα
1852 1850 1949 1902 αὐ·
1985 1834 2022 1886 Β

368 1932 460 1984 τοῦ
517 1933 612 1986 καὶ
659 1934 875 2007 νύκτωρ
928 1936 1282 2005 ἐγκαθέξεται
1312 1942 1375 2010 τῇ
1423 1940 1644 2013 καρδίᾳ,
1688 1942 1782 1995 καὶ
1829 1942 1945 2013 μεθ’

371 2022 580 2095 ἡμέραν
605 2025 703 2090 τὰς
734 2029 943 2093 ἐννοίας
968 2031 1310 2101 κατείληφεν.
1358 2034 1482 2086 Ἐὰν
1507 2035 1606 2106 τὴν
1639 2036 1808 2108 θύραν
1841 2055 1947 2089 πα-

367 2114 553 2187 τάξῃς,
596 2120 625 2170 ό
665 2119 945 2189 χρεώστης
986 2122 1091 2175 ὑπὸ
1142 2122 1240 2193 τὴν
1278 2123 1483 2194 κλίνην.
1530 2126 1782 2198 Σφώρῶς
1831 2130 1945 2181 εἰσ-

368 2206 566 2277 έδραμε
588 2227 692 2272 τις·
726 2211 819 2263 τοῦ
849 2213 905 2265 δὲ
931 2214 1199 2280 ἐπάταξεν
1232 2215 1342 2286 (49)
1374 2220 1406 2287 ἡ
1431 2218 1648 2289 καρδία.
1693 2220 1949 2274 ’Υλακτεῖ

366 2302 393 2353 ὁ
423 2297 599 2357 κύώνς
628 2304 657 2355 ὁ
693 2303 750 2355 δὲ
797 2304 979 2374 ἱδρῶτι
1021 2310 1387 2378 περιρρεῖται,
1434 2310 1529 2362 καὶ
1576 2309 1785 2381 ἀγωνίᾳ
1823 2328 1945 2364 συν-

366 2391 577 2462 έχεται,
614 2396 711 2446 καὶ
744 2398 1071 2465 περισκοπεῖ
1109 2397 1272 2450 πόθεν
1316 2398 1484 2469 φύγῃ.
1524 2400 1692 2454 Ὅταν
1736 2404 1767 2472 ἡ
1814 2419 1947 2471 προ-

365 2484 562 2553 θεσμία
598 2485 868 2559 προσάγῃ,
907 2489 1144 2557 μεριμνᾷ
1183 2489 1235 2539 τί
1262 2486 1555 2556 ψεύσεται·
1603 2490 1764 2543 ποίαν
1806 2492 1945 2544 πλα-

365 2577 597 2646 σάμενος
639 2577 909 2647 πρόφασιν
948 2580 1039 2630 τὸν
1086 2579 1368 2651 δανειστὴν
1412 2581 1813 2650 διακρούσεται.
1859 2584 1944 2655 Μὴ

369 2668 525 2737 μόνον
557 2668 899 2737 λαμϐάνοντα
931 2669 1154 2722 σεαυτὸν
1187 2672 1377 2734 ἐννόει,
1403 2671 1537 2724 ἀλλὰ
1565 2674 1657 2725 καὶ
1683 2674 1946 2728 ἀπαιτού-

369 2775 546 2829 μενον.
591 2760 654 2811 Τί
694 2760 976 2830 πολυτόκῳ
1027 2760 1201 2832 θηρίῳ
1244 2762 1355 2832 (50)
1404 2764 1625 2816 σεαυτὸν
1674 2766 1945 2835 παραζευο

366 2849 584 2917 γνύεις;
614 2851 751 2913 Τοὺς
774 2850 1017 2918 λαγωούς
1045 2869 1174 2920 φασι
1200 2854 1292 2905 καὶ
1317 2855 1522 2907 τίκτειν
1550 2855 1684 2924 ὁμοῦ
1713 2857 1806 2908 καὶ
1830 2857 1946 2927 τρέ-

367 2954 486 3005 φειν
538 2938 631 2990 καὶ
674 2940 1106 2993 ἐπικυΐσκεσθαι.
1162 2943 1273 2997 Καὶ
1324 2947 1434 3006 τοῖς
1478 2944 1830 3014 τοκογλύφοις
1874 2946 1944 3001 τά

365 3030 620 3101 χρήματα
655 3031 790 3099 ὁμοῦ
824 3031 1120 3094 δανείζεται
1151 3035 1243 3086 καὶ
1268 3034 1381 3103 (51)
1415 3039 1670 3102 γεννᾶται
1693 3039 1788 3090 καὶ
1815 3039 1945 3091 ὑπο-

364 3120 575 3189 φύεται.
607 3122 771 3176 Οὔπω
798 3123 907 3194 γὰρ
936 3125 1102 3189 ἐδέξω
1140 3128 1221 3189 είς
1248 3131 1457 3198 χεῖρας,
1489 3131 1583 3182 καὶ
1609 3129 1700 3181 τοῦ
1739 3131 1942 3201 παρόν-

2057 581 2208 619 sume
2269 564 2477 619 foenore
2533 577 2835 635 argentum.
2888 566 3098 620 Etenim
3151 565 3196 621 si
3256 565 3491 635 locuples
3547 582 3629 632 es,

2057 657 2190 710 nihil
2236 657 2329 710 tibi
2384 656 2591 711 fceuore
2638 672 2773 726 Opus
2825 670 2907 713 est
2945 677 2958 713 :
2990 660 3034 712 si
3084 673 3211 711 vero
3259 658 3392 711 nihil
3441 658 3628 722 habes,

2057 762 2162 799 non
2209 746 2410 815 pendes
2457 760 2670 800 usuras.
2722 745 2838 801 Noli
2885 758 3029 799 tuam
3074 747 3243 816 ipsius
3284 747 3448 800 vitam
3493 761 3630 801 sera:

2057 838 2389 908 paenitentiae
2455 838 2712 907 objicere,
2790 837 3070 905 nequando
3122 838 3238 892 dies
3305 839 3395 907 qui
3452 836 3629 893 [mnus

2056 940 2473 999 praecesserunt,
2529 928 2715 983 beatos
2783 929 3081 983 existimes.
3145 927 3259 983 Hoc
3324 944 3430 983 uno
3485 930 3627 982 divi-

2059 1024 2200 1077 tibus
2260 1036 2522 1091 pauperes
2594 1038 2691 1075 nos
2744 1030 3084 1093 praestamus.
3146 1037 3395 1075 curarum
3453 1022 3629 1076 vacui-

2058 1122 2187 1168 tate.
2219 1113 2339 1167 lllos
2376 1124 2485 1166 tum
2525 1112 2829 1183 vigilantes,
2857 1122 2968 1166 tum
3003 1113 3148 1166 curis
3178 1127 3392 1181 semper
3420 1113 3627 1167 disten-

2057 1214 2139 1259 tos
2168 1220 2232 1259 ac
2266 1205 2523 1259 sollicitos
2551 1204 2859 1258 deridemus
2888 1218 3007 1266 nos,
3041 1204 3132 1271 qui
3160 1205 3476 1267 dormimus,
3506 1204 3627 1273 qui-

2054 1313 2159 1366 que
2183 1295 2547 1351 sollicitudine
2579 1310 2854 1359 caremus,
2889 1308 2951 1347 ac
2983 1294 3133 1349 liberi
3158 1309 3364 1348 sumus.
3402 1294 3621 1347 Debitor

2060 1390 2247 1458 utique
2298 1399 2351 1442 et
2399 1403 2602 1458 pauper
2645 1397 2747 1447 est,
2779 1397 2833 1441 et
2872 1388 3019 1441 curis
3071 1387 3255 1442 multis
3295 1387 3620 1442 coniicitur:

2056 1496 2243 1539 noctes
2269 1499 2333 1538 ac
2364 1485 2479 1537 dies
2519 1483 2666 1536 ducit
2698 1483 2992 1544 insomnes,
3026 1481 3170 1535 omni
3204 1489 3444 1550 tempore
3480 1480 3625 1549 cogi-

2056 1578 2257 1631 tatione
2298 1577 2525 1633 defixus.
2579 1576 2733 1629 Nunc
2784 1575 3001 1643 quidem
3051 1574 3285 1628 :rstimat
3336 1589 3422 1628 res
3464 1588 3622 1639 suas,

2054 1683 2197 1722 nunc
2226 1683 2353 1721 vero
2388 1669 2576 1722 domos
2616 1675 2982 1734 sumptuosas,
3012 1666 3239 1719 divitum
3272 1680 3449 1736 agros,
3486 1680 3623 1734 quo-

2054 1758 2306 1812 rumlibet
2332 1759 2384 1811 in
2429 1768 2777 1826 conspectum
2824 1757 3150 1810 venientium
3183 1766 3382 1821 vestes,
3414 1771 3542 1811 vasa
3570 1766 3625 1810 et

2054 1848 2440 1918 supellectilem
2484 1864 2670 1902 eorum
2712 1863 2742 1901 a
2789 1848 2986 1916 quibus
3030 1849 3280 1902 convivio
3334 1847 3619 1917 excipitur.

2055 1940 2181 1994 Haec
2215 1940 2261 1994 si
2298 1955 2414 1993 mea
2458 1950 2660 2003 essent,
2689 1940 2879 2008 inquit.
2920 1939 3049 1992 lultli
3092 1949 3146 1993 et
3200 1940 3334 1992 tanti
3369 1940 3625 1993 divende—

2055 2046 2192 2095 rem,
2223 2040 2385 2097 atque
2426 2029 2685 2085 liberarer
2715 2030 2939 2084 foenore.
2974 2031 3162 2084 lsthaec
3197 2041 3251 2084 et
3280 2041 3438 2085 noctu
3472 2030 3619 2085 cordi

2052 2124 2168 2192 ejus
2209 2124 2463 2187 insident,
2496 2132 2550 2176 et
2598 2121 2828 2175 interdiu
2873 2122 3017 2175 illius
3055 2132 3324 2189 occupant
3364 2132 3617 2176 mentem.

2052 2213 2277 2268 Januam
2319 2214 2364 2267 si
2413 2214 2727 2282 pulsaveris,
2772 2213 2961 2281 irrepit
2999 2215 3097 2266 sub
3140 2213 3336 2266 lectum
3392 2212 3619 2267 debitor.

2060 2305 2324 2359 Velociter
2350 2304 2588 2359 accurrit
2618 2304 2764 2372 quis,
2789 2313 2839 2356 et
2875 2303 3019 2356 illius
3060 2318 3153 2356 cor
3185 2303 3427 2371 palpitat.
3458 2301 3624 2357 Canis

2053 2396 2252 2451 latrat?
2291 2396 2384 2450 Ille
2424 2398 2617 2450 sudore
2649 2393 2860 2459 dililuit,
2903 2401 2957 2447 et
2993 2394 3266 2447 anxietate
3299 2394 3620 2463 corripitur;

2051 2503 2266 2558 quaque
2294 2488 2375 2540 via
2414 2486 2604 2555 fugiat,
2639 2485 2926 2554 conspicit.
2984 2484 3083 2539 Ubi
3126 2485 3240 2539 dies
3273 2485 3621 2552 prarscriptus

2053 2581 2237 2641 instat,
2286 2578 2445 2632 anxie
2484 2592 2671 2631 secum
2727 2586 2939 2644 reputat
2973 2576 3244 2644 quodnam
3281 2575 3523 2629 dicturus
3553 2574 3623 2628 sit

2052 2670 2424 2732 mendacium,
2457 2679 2510 2723 et
2554 2683 2664 2738 quo
2726 2668 2957 2722 conlicto
2996 2677 3260 2736 praetextu
3302 2667 3622 2735 depulsurus

2056 2763 2209 2831 ιιι
2247 2777 2274 2815 a
2309 2776 2367 2816 se
2394 2762 2464 2815 sit
2493 2762 2843 2816 creditorem.
2871 2759 2986 2814 Non
3016 2770 3201 2815 autem
3238 2760 3411 2831 cogita
3447 2760 3621 2813 solum

2055 2866 2107 2909 te
2138 2854 2412 2923 accipere,
2449 2853 2541 2907 sed
2592 2852 2726 2916 lore,
2756 2862 2814 2906 ut
2857 2854 3020 2907 etiam
3058 2853 3109 2907 id
3141 2852 3281 2922 quod
3324 2852 3620 2921 acceperis,

2052 2959 2082 2998 a
2115 2955 2164 2998 te
2193 2945 2461 3012 exigatur.
2499 2942 2637 3010 Quid
2667 2954 2717 2997 te
2740 2943 2853 3012 ipse
2890 2942 3076 2997 bestia:
3101 2942 3495 2997 fecundissimae
3529 2941 3625 2994 ad-

2046 3035 2267 3107 jungis?
2301 3036 2537 3105 Lepores
2580 3035 2729 3088 aiunt
2773 3035 2933 3089 simul
2964 3044 3017 3090 et
3057 3049 3268 3103 parere,
3300 3044 3356 3088 et
3386 3035 3619 3098 nutrire,

2050 3137 2106 3180 et
2144 3125 2496 3193 superletare.
2540 3126 2633 3181 Sic
2675 3125 2913 3195 pecunia:
2943 3125 3358 3181 faeneratoribus
3382 3124 3542 3177 simul
3570 3131 3624 3176 et

364 3230 452 3277 τος
487 3215 653 3283 μηνὸς
685 3217 977 3289 ἀπῃτήθης
1005 3219 1102 3287 τὴν
1134 3197 1417 3288 ἐργασίαν.
1450 3222 1558 3274 Καὶ
1590 3222 1748 3275 τοῦτο
1783 3197 1945 3276 πάλιν

2053 3216 2248 3269 dantur
2275 3216 2340 3268 ad
2378 3215 2686 3284 pendendas
2716 3229 2931 3277 usuras,
2958 3224 3013 3268 et
3037 3214 3348 3285 gignuntur,
3373 3225 3426 3268 et
3447 3212 3620 3282 pullu-

364 3305 660 3370 δανεισθὲν,
706 3308 893 3378 ἕτερον
944 3310 1111 3361 κακὸν
1157 3308 1435 3381 ἐξέθρεψε,
1476 3315 1697 3365 κάκεῖνο
1734 3313 1942 3385 ἕτερον,

364 3392 458 3448 καὶ
482 3392 543 3443 τὸ
585 3392 754 3445 κακὸν
791 3395 870 3457 είς
895 3395 1143 3465 ἄπειρον.
1182 3395 1281 3447 Διὰ
1318 3397 1475 3449 τοῦτο
1515 3399 1609 3451 καλ⁸
1647 3398 1749 3469 τῆς
1780 3416 1947 3469 προσ-

364 3487 590 3557 ηγορίας
618 3486 819 3557 ταύτης
859 3486 1087 3558 ἠξίωται
1131 3487 1193 3540 τὸ
1235 3485 1372 3550 εἶδος
1415 3489 1575 3542 τοῦτο
1618 3491 1718 3559 τῆς
1760 3490 1946 3543 πλεον-

364 3577 533 3641 εξίας.
566 3578 735 3640 Τόκος
762 3578 891 3648 γὰρ,
923 3578 997 3641 ὼς
1025 3573 1206 3648 οἶμαι,
1246 3578 1334 3631 διὰ
1359 3579 1456 3649 τὴν
1500 3580 1821 3648 πολυγονίαν
1850 3581 1944 3633 τοῦ

364 3673 537 3727 κακοῦ
566 3673 1019 3744 προσηγόρευται.
1052 3673 1223 3725 Πόθεν
1260 3672 1369 3743 γὰρ
1409 3672 1665 3739 ἄλλοθεν;
1705 3676 1774 3726 Ἦ
1807 3675 1946 3745 τάχα

364 3761 523 3824 τόκος
547 3762 762 3829 λέγεται
799 3762 884 3815 διὰ
908 3763 1007 3825 τὰς
1039 3762 1235 3825 ὠδῖνας
1264 3763 1358 3815 καὶ
1382 3762 1576 3826 λύπας,
1604 3764 1668 3827 ἃς
1699 3765 1945 3834 ἐμποιεῖν

365 3855 485 3916 ταῖς
535 3853 735 3923 ψυχαῖς
777 3853 883 3906 τῶν
925 3853 1328 3924 δανεισαμένων
1376 3854 1487 3923 (5‘2)
1529 3853 1792 3923 πέφυκεν.
1860 3857 1946 3920 Ὠς

361 3946 472 4018 γὰρ
522 3949 557 4017 ἡ
593 3947 720 4010 ὠδὶς
769 3949 836 4017 τῇ
882 3946 1162 4017 τικτούσῃ,
1201 3946 1374 4009 οὓτως
1436 3948 1469 4016 ἡ
1524 3946 1833 4016 προθεσμία
1869 3948 1946 4019 τῷ

362 4036 616 4108 ὑπόχρεῳ
645 4038 998 4108 παρίσταται.
1032 4039 1202 4099 Τόκος
1243 4038 1335 4089 ἐπὶ
1364 4037 1528 4106 τόκῳ,
1559 4038 1811 4108 πονηρῶν
1854 4055 1949 4106 γο·

364 4129 500 4180 νέων
556 4130 789 4199 πονηρὸν
837 4128 1079 4198 ἔκγονον.
1128 4129 1313 4181 Ταῦτα
1354 4127 1594 4196 λεγέσθω
1632 4130 1946 4198 γεννήματα

366 4219 608 4289 ἐχιδνῶν,
654 4221 723 4274 τὰ
768 4222 875 4273 τῶν
919 4223 1095 4274 τόκων
1150 4222 1539 4291 άποκυήματα.
1591 4220 1702 4283 Τὰς
1734 4222 1945 4291 ἐχίδνας

365 4309 581 4379 λέγουσι
620 4314 717 4382 τὴν
759 4315 1002 4385 γαστέρα
1062 4315 1161 4384 τῆς
1207 4313 1413 4384 μητρὸς
1471 4311 1811 4376 διεσθιούσας
1859 4314 1944 4366 τί-

364 4401 609 4454 κτεσθαι.
653 4406 762 4457 Καὶ
794 4406 844 4456 οἱ
889 4406 1035 4458 τόκοι
1060 4406 1187 4468 τοὺς
1238 4406 1417 4466 οἴκους
1468 4403 1577 4456 τῶν
1622 4402 1944 4472 ὀφειλόντων

365 4493 695 4562 ἐκφαγόντες
725 4497 1147 4564 ἀπογεννῶνται.
1175 4497 1255 4550 Τὰ
1290 4498 1580 4566 σπέρματα
1613 4496 1789 4566 χρόνῳ
1814 4495 1943 4565 φύε-

2048 3306 2179 3361 lant.
2222 3304 2469 3359 Nondum
2518 3305 2663 3359 enim
2705 3306 2756 3359 in
2808 3323 2999 3360 manus
3037 3308 3313 3375 accepisti,
3348 3317 3405 3359 et
3441 3317 3619 3358 tamen

2046 3398 2331 3467 prassentis
2359 3397 2559 3451 mensis
2587 3396 2795 3451 lucrum
2821 3408 3151 3465 quaestumve
3172 3416 3200 3452 a
3233 3407 3283 3452 te
3304 3408 3619 3466 exposcunt.

2050 3490 2113 3543 Et
2163 3491 2275 3544 haec
2321 3492 2546 3559 pecunia
2596 3506 2786 3545 rursus
2833 3490 3043 3545 fmuore
3092 3501 3373 3561 occupata,
3423 3491 3619 3543 malum

2048 3583 2277 3636 alterum
2311 3582 2465 3647 aluit,
2497 3592 2552 3637 et
2590 3583 2718 3637 illud
2757 3582 3007 3646 alterum,
3037 3593 3197 3651 atque
3223 3584 3302 3636 sic
3337 3582 3532 3635 malum
3568 3582 3619 3635 in

2048 3676 2341 3730 inlinitum.
2385 3676 2749 3741 Quamobrem
2787 3677 2888 3730 hoc
2933 3676 3175 3729 avaritiae
3215 3688 3386 3744 genus
3432 3690 3496 3727 eo
3526 3690 3619 3725 no-

2047 3767 2193 3819 mine
2219 3765 2540 3833 appellatur.
2572 3766 2807 3831 Etenim,
2834 3767 3043 3834 opinor,
3074 3766 3252 3830 τόκος,
3294 3765 3344 3817 id
3384 3774 3467 3817 est
3497 3779 3620 3831 par-

2049 3864 2157 3920 tus,
2208 3855 2277 3907 ob
2343 3855 2612 3923 ingentem
2669 3855 2792 3908 mali
2854 3854 3238 3909 fecunditatem
3291 3854 3616 3907 nominatur.

2049 3944 2201 4000 Unde
2230 3945 2373 3997 enim
2404 3945 2659 3999 aliunde?
2697 3947 2804 3999 Aut
2848 3946 2984 4000 forte
3033 3946 3213 4010 τόκος,
3248 3945 3349 3998 hoc
3382 3954 3466 3998 est
3494 3959 3620 4013 par-

2048 4045 2159 4104 tus,
2195 4037 2393 4090 dicitur
2432 4039 2501 4091 ob
2541 4036 2757 4091 dolores
2804 4052 2868 4091 ac
2912 4035 3209 4099 molestias,
3245 4049 3380 4103 quas
3421 4034 3618 4086 animis

2046 4142 2232 4180 eorum
2254 4128 2344 4195 qui
2376 4124 2586 4181 foenore
2612 4137 2957 4196 acceperunt,
2991 4128 3124 4182 solet
3146 4142 3351 4181 creare.
3383 4124 3449 4180 Ut
3475 4125 3616 4177 enim

2048 4218 2393 4287 puerperium
2444 4218 2723 4287 pariturae,
2759 4220 2830 4273 ita
2868 4220 2984 4273 dies
3032 4220 3231 4272 indicta
3268 4219 3495 4272 debitori
3535 4217 3615 4269 itt-

2047 4320 2172 4364 stat.
2228 4308 2427 4363 Faenus
2466 4309 2660 4365 τοξευοτί
2709 4311 2968 4373 additum,
3018 4324 3301 4381 parentum
3356 4310 3617 4361 malorum

2048 4402 2187 4457 mala
2230 4411 2314 4456 est
2355 4402 2589 4457 soboles.
2633 4403 2694 4456 Hi
2742 4405 2831 4457 isti
2870 4419 3155 4457 usurarum
3192 4403 3331 4454 fctus
3370 4404 3620 4454 dicantur

2045 4511 2165 4551 esse
2200 4496 2484 4564 progenies
2524 4496 2849 4564 viperarum.
2901 4495 3069 4549 Aiunt
3102 4496 3335 4563 viperas,
3374 4495 3496 4546 dum
3541 4492 3621 4560 gi-

363 4602 483 4649 ται,
521 4587 713 4639 καὶτὰ
756 4587 871 4650 ζῶα
918 4589 1094 4660 χρόνῳ
1144 4588 1583 4658 τελεσφορεῖται·
1629 4590 1657 4639 ό
1688 4587 1743 4639 δὲ
1786 4587 1942 4650 τόκος

2048 4596 2302 4658 gnuntur,
2334 4597 2579 4642 ventrem
2608 4588 3107 4642 matris-corrodere
3134 4607 3147 4642 :
3181 4586 3357 4641 lienus
3379 4600 3616 4654 quoque,

437 4803 549 4876 (:57)
577 4804 710 4874 Reg.
739 4806 931 4859 tertius
959 4808 1051 4860 ὲπί
1087 4823 1185 4876 pro
1218 4807 1318 4861 ἐνί.
1352 4804 1472 4860 Mox
1507 4805 1659 4862 Culb.
1703 4817 1932 4876 quartus

362 4884 417 4929 et
449 4874 789 4947 Reg._5exttts
814 4874 1110 4947 ἀνιέμενοι.

437 4945 552 5014 (48)
583 4945 675 4999 Sic
702 4945 833 5011 Reg.
869 4945 1057 5002 seitns
1075 4958 1128 5000 et
1162 4948 1315 5005 Colb.
1345 4947 1613 5016 septimus
1642 4960 1764 4999 cum
1794 4945 1939 5002 Oliv.

364 5011 506 5068 Editi
535 5011 656 5069 eum
692 5017 874 5069 multis
900 5034 1035 5070 mss.
1080 5011 1606 5073 ἐσθιόντων.ῬηιιΙο
1643 5028 1765 5084 post
1804 5034 1937 5073 mss.

362 5100 482 5161 non
500 5087 656 5161 pauci
686 5087 935 5161 πατάξῃς
963 5090 1009 5142 ὁ.
1049 5087 1186 5161 Editi
1219 5104 1347 5161 vero
1378 5088 1591 5158 πατάξῃ
1626 5104 1729 5161 τις.

433 5157 549 5222 (49)
580 5156 733 5211 Hune
776 5156 950 5212 locum
982 5160 1377 5213 emendandum
1404 5173 1526 5215 esse
1542 5156 1753 5213 censuit
1775 5157 1938 5212 Com-

362 5226 604 5300 belisius,
665 5229 1154 5300 scribendumque
1182 5230 1420 5300 ἐπτόησε
1463 5243 1559 5298 pro
1612 5227 1926 5300 éﬁcirméﬂf

364 5297 457 5347 sed
490 5295 608 5359 ejus
645 5298 1008 5351 emendationi
1041 5295 1228 5353 nullus
1280 5295 1382 5354 ms.
1419 5295 1583 5353 favet.
1634 5297 1755 5353 Mox
1808 5298 1935 5352 Col-

364 5365 697 5441 bertini_duo
723 5370 918 5441 ρεῖται.
952 5368 1191 5423 Subinde
1240 5369 1373 5440 Reg.
1420 5369 1691 5426 secundus
1731 5368 1937 5441 ψεύση-

361 5450 542 5508 ται...-
559 5435 966 5508 διακρούσηται.

438 5502 716 5579 (50)_Editi
769 5502 1035 5561 et'nostri
1085 5523 1214 5579 mss.
1249 5507 1573 5579 πολυπλόκῳ
1603 5507 1798 5579 θηρίῳ.
1826 5506 1931 5563 Sed

363 5583 510 5647 recte
545 5575 810 5647 judicavit
850 5579 933 5630 vir
974 5578 1327 5633 doctissimus
1378 5575 1604 5633 Ducmus
1647 5575 1927 5647 Anglicum

364 5642 646 5717 lectionem
678 5646 962 5717 πολυτόκῳ
1013 5649 1275 5717 aptiorem
1325 5665 1465 5710 esse.
1509 5642 1773 5717 longeque
1806 5648 1929 5702 huic

364 5712 481 5787 loco
509 5712 1077 5771 accommodatiorem.
1113 5719 1187 5771 Ita
1218 5721 1361 5773 enim
1394 5712 1697 5787 legendum
1717 5734 1839 5772 esse
1874 5729 1930 5771 et

362 5783 480 5853 ipsa
514 5798 691 5839 usurae
721 5789 889 5853 notio,
918 5798 973 5842 et
1001 5788 1304 5858 exemplum
1326 5783 1521 5859 leporis
1551 5805 1580 5843 a
1620 5788 1815 5845 Basilio
1849 5789 1927 5842 al—

2040 4806 2203 4859 latum
2234 4823 2336 4859 non
2372 4807 2604 4859 obscure
2633 4805 2946 4860 ostendunt.
2980 4803 3091 4859 Nec
3115 4804 3274 4857 aliter
3306 4802 3501 4868 legisse
3538 4803 3620 4855 vi-

2040 4879 2197 4931 detur
2228 4878 2522 4943 interpres,
2550 4877 2639 4943 qui
2672 4877 2895 4929 verterit
2930 4893 2942 4927 :
2975 4876 3202 4942 fecunda
3229 4875 3411 4943 bestia.

2112 4944 2223 5014 (51)
2257 4941 2399 4999 Editi
2429 4954 2485 5000 et
2517 4941 2667 5027 multi
2692 4961 2824 5025 mss:
2850 4944 2920 4998 τὰ
2937 4947 3196 5068 χρήματα
3211 4943 3343 5012 ὁμοῦ
3377 4941 3619 5024 δανείζε-

2112 5016 2258 5068 ικαὶ.
2276 5025 2384 5068 etc.
2408 5015 2511 5068 Sed
2545 5016 2651 5068 illa.
2683 5018 2819 5068 ὁμου
2834 5016 2958 5068 δανε
2987 5018 3158 5068 (erat.
3177 5017 3369 5066 desunt
3398 5029 3618 5065 omnino

2036 5034 2126 5070 ται
2144 5016 2258 5080 καὶ,
2276 5025 2384 5071 etc.
2408 5015 2511 5070 Sed
2545 5016 2651 5077 illa,
2683 5015 2819 5085 όμοῦ
2834 5014 3158 5079 δανείζεται,
3177 5017 3369 5085 desunt
3398 5014 3618 5065 omnino

2034 5086 2091 5141 in
2141 5086 2272 5155 Reg.
2307 5087 2487 5143 tertio.
2522 5083 2892 5152 Reperi‘untur
2927 5087 3145 5155 quidem
3179 5085 3231 5137 in
3279 5083 3613 5155 Reg.ise1tto,

2034 5158 2128 5209 sed
2173 5154 2410 5211 secunda
2457 5171 2616 5209 manu
2661 5154 2961 5212 duntaxat.
3007 5156 3280 5223 Leguntur
3336 5154 3521 5207 itidem
3564 5154 3615 5205 in

2034 5225 2169 5295 Reg.
2205 5228 2466 5289 secundo,
2492 5227 2588 5279 sed
2614 5227 2787 5279 variis
2822 5226 3037 5293 punctis
3089 5236 3270 5295 notata
3299 5234 3425 5276 sunt
3462 5236 3615 5295 :qna

2031 5306 2356 5365 punctorum
2377 5295 2683 5362 adiectione
2717 5296 2974 5350 indicavit
2996 5294 3270 5354 librarius,
3298 5294 3542 5365 quisquis
3572 5308 3617 5346 ιδ

2035 5364 2138 5430 est,
2167 5380 2260 5419 eas
2294 5378 2457 5419 voces
2486 5366 2746 5419 delendas
2772 5380 2913 5419 esse.
2952 5366 3129 5430 Quare
3154 5366 3197 5416 si
3240 5366 3363 5430 quis
3392 5364 3489 5415 has
3521 5377 3618 5415 ex-

2032 5434 2446 5514 pungerevelit,
2481 5451 2575 5514 per
2601 5452 2698 5514 nos
2740 5436 2886 5514 licet,
2914 5435 3298 5514 eoquemugis,
3327 5434 3476 5514 quod
3500 5433 3615 5487 hrec

2031 5503 2195 5560 verba
2230 5506 2298 5559 ad
2330 5506 2614 5560 sententia:
2639 5506 3011 5574 integritatem
3033 5505 3163 5557 nihil
3191 5503 3369 5558 facere
3394 5503 3614 5556 videan-

2024 5583 2131 5628 tur.

2099 5645 2212 5715 (52)
2249 5643 2401 5699 Colb.
2436 5654 2666 5713 quartus
2688 5644 2888 5715 ψυχαῖς
2912 5645 3020 5697 τῶν
3048 5642 3462 5713 δανειζομένων.
3494 5641 3608 5695 Mox

2026 5715 2156 5784 Reg.
2187 5715 2464 5812 xsecundus
2491 5715 2751 5787 ύπόχρεῳ
2777 5715 3132 5770 καθίσταται.
3178 5715 3422 5768 Subinde
3456 5715 3605 5766 tnulti

2024 5803 2152 5841 mss.
2186 5802 2425 5853 εγγονον.
