4048 6220
456 330 566 387 273

1788 342 1845 398 S.
1892 340 2135 397 BASILII
2174 339 2388 395 MAGNI

3610 340 3727 396 276

454 446 630 499 erosis
663 460 726 500 ac
768 449 1104 518 consumptis
1143 450 1446 506 debitorum
1487 454 1712 519 uadibus,
1766 458 2025 511 nascitur.

2142 456 2371 525 σήμερον
2401 454 2676 523 γεννᾶται,
2709 452 2803 507 καὶ
2836 454 3075 526 σήμερον
3096 454 3192 508 τοῦ
3224 453 3430 507 τίκτειν
3461 454 3725 527 ἄρχεται.

457 536 678 592 Semina
710 541 965 607 tempOris
993 556 1282 611 progressu
1335 546 1662 613 germinant,
1690 555 1744 601 et
1777 536 2029 602 animalia

457 637 702 697 tetnpore
760 632 1062 699 praestituto
1108 635 1250 688 fetus
1293 638 1462 690 edunt
1504 652 1670 693 suos:
1703 654 1862 693 usura
1904 655 2032 695 vero

402 766 405 769 .
461 719 621 774 hodie
647 730 960 789 generatur,
1002 733 1058 778 et
1088 725 1249 779 hodie
1286 742 1479 795 parere
1518 728 1725 804 incipit.
1754 730 1882 797 Quae
1909 733 2031 785 ani-

462 810 622 863 malia
668 812 777 865 cito
829 812 1069 882 pariunt,
1119 830 1181 870 ea
1239 832 1268 870 a
1310 828 1464 885 partu
1498 819 1608 874 cito
1642 822 2034 878 desistuntzat

460 897 704 964 pecuniae
725 898 953 953 celerem
986 917 1274 958 usurarum
1309 908 1570 973 originem
1598 918 1917 975 consecutus,
1949 911 2031 965 in-

465 987 669 1041 finitam
724 991 1096 1047 accessionem
1150 997 1322 1064 magis
1373 1012 1438 1051 ac
1468 1000 1640 1067 magis
1693 1012 2030 1056 crescentem

461 1080 787 1147 suscipiunt.
826 1081 1095 1152 Quidquid
1140 1087 1354 1151 crescit,
1393 1088 1480 1141 ubi
1517 1091 1581 1141 ad
1616 1092 1882 1159 propriam
1914 1106 2032 1145 ma-

463 1169 801 1236 gnitudinem
850 1177 1199 1242 pervenerit,
1246 1177 1447 1232 desinit
1490 1181 1674 1248 augeri
1709 1196 2034 1237 :avarorum

465 1277 597 1317 vero
626 1275 905 1334 argentum
959 1268 1104 1322 omni
1156 1279 1394 1340 tempore
1438 1273 1693 1342 augescit.
1743 1273 2031 1341 Animalia,

474 1355 562 1408 ubi
590 1370 698 1411 suae
727 1358 895 1413 soboli
924 1361 1030 1414 vim
1065 1361 1475 1431 impertiverunt
1501 1365 1763 1432 pariendi,
1786 1380 2037 1435 superse-

474 1448 604 1503 dent
632 1452 994 1521 praegnatione
1024 1462 1116 1507 :at
1158 1453 1544 1509 faeneratorum
1582 1445 1820 1526 pecuniae
1848 1466 1901 1512 et
1936 1459 2035 1512 ad-

468 1554 755 1598 nascentes
796 1547 1029 1614 pariunt,
1077 1556 1134 1601 et
1172 1557 1385 1603 veteres
1463 1561 1809 1604 renovantur.
1861 1548 1939 1605 Ne
1980 1560 2036 1604 tu

467 1642 796 1702 portentosae
826 1636 983 1704 hujus
1015 1636 1201 1691 bestiae
1233 1639 1531 1706 periculum
1572 1640 1788 1694 feceris.

537 1727 592 1781 4.
632 1726 825 1783 Liliere
852 1730 1001 1784 vides
1037 1730 1226 1785 solem.
1265 1730 1404 1798 Quid
1435 1733 1528 1786 tibi
1572 1734 1686 1801 ipse
1727 1732 2033 1788 libertatem

2133 546 2253 599 Τῶν
2277 544 2430 609 ζώων
2452 544 2519 598 τά
2539 545 2675 615 ταχὺ
2694 545 2946 599 τίκτοντα
2963 547 3099 615 ταχὺ
3121 545 3215 599 τοῦ
3237 547 3431 616 γεννᾷν
3451 546 3722 599 παύεταυ

2132 633 2201 687 τά
2257 635 2315 687 δέ
2363 635 2617 704 χρήματα
2636 674 2651 697 ,
2696 636 2916 704 ταχεῖαν
2965 634 3308 705 λαμϐάνοντα
3350 634 3445 689 τοῦ
3483 637 3722 689 πλεονα-

2133 726 2271 796 σμοῦ
2296 727 2407 797 (55)
2436 727 2534 796 τὴν
2558 725 2752 797 ἀρχὴν,
2788 726 3071 779 ἀτέλεστον
3097 726 3404 797 ἐπιδέχεται
3430 727 3529 798 τὴν
3546 728 3635 790 είς
3651 728 3724 780 τὸ

2132 817 2316 870 πλεῖον
2353 818 2692 889 προσθήκην.
2733 819 2852 872 Τῶν
2882 818 3262 889 αὐξανομένων
3289 819 3537 882 ἕκαστον,
3563 822 3727 872 ἐπει-

2131 908 2228 962 δάν
2273 910 2409 981 πρὸς
2450 911 2511 963 τὸ
2547 913 2743 965 οἰκεῖον
2790 912 3054 980 ἀφίκηται
3100 910 3349 981 μέγεθος,
3396 911 3495 981 τῆς
3539 911 3720 981 αὐξήσ-

2134 1018 2272 1065 σεως
2302 1003 2516 1057 ἵσταται
2539 1019 2553 1033 ⁸
2600 1002 2678 1069 to,
2710 1002 2766 1056 δέ
2807 1002 2916 1056 τῶν
2958 1001 3293 1056 πλεονεκτῶν
3336 1001 3599 1075 ἀργύριον
3630 1002 3721 1073 τῷ

2135 1093 2312 1165 χρόνῳ
2364 1095 2527 1148 παντὶ
2561 1093 3027 1166 συμπαραύξεται.
3081 1094 3162 1148 Τὰ
3213 1094 3347 1158 ζῶα,
3399 1094 3719 1164 παραδόντα

2134 1188 2246 1249 τοῖς
2274 1186 2516 1253 ἐγγόνοις
2536 1186 2599 1239 τὸ
2627 1187 2849 1251 τίκτειν,
2885 1188 3025 1242 αὐτὰ
3057 1191 3157 1259 τῆς
3181 1189 3427 1258 κυήσεως
3449 1186 3712 1240 παύεται’

2133 1275 2204 1328 τὰ
2249 1275 2305 1329 δὲ
2346 1274 2455 1328 τῶν
2495 1276 2786 1330 δανειστῶν
2819 1277 3058 1349 ἀργύρια
3106 1280 3202 1331 καὶ
3235 1279 3306 1331 τὰ
3352 1277 3716 1346 ἐπιγινόμενα

2135 1367 2308 1420 τίκτει
2328 1408 2341 1431 ,
2372 1370 2467 1422 καὶ
2504 1369 2573 1423 τὰ
2603 1371 2804 1440 ἀρχαῖα
2828 1370 3026 1435 νεάζει.
3066 1371 3158 1442 Μὴ
3205 1370 3268 1423 σύ
3298 1385 3363 1438 γε
3394 1371 3475 1433 εἰς
3507 1371 3715 1439 πεῖραν

2135 1459 2308 1522 ἔλθοις
2337 1460 2433 1512 τοῦ
2465 1459 2751 1514 ἀλλοκότου
2782 1459 2970 1514 τούτου
3002 1460 3213 1531 θηρίου.

2208 1734 2262 1788 4.
2314 1732 2622 1804 Ἐλεύθερον
2671 1732 2782 1803 (54)
2827 1732 2959 1804 δρᾷς
3014 1730 3106 1786 τὸν
3153 1731 3323 1802 ἥλιον.
3380 1730 3447 1784 Τί
3492 1731 3712 1800 φθονεῖς

468 1819 593 1872 vitae
625 1820 873 1873 invides?
905 1819 1052 1890 Pugil
1105 1823 1283 1876 nullus
1322 1838 1474 1891 aeque
1521 1825 1817 1877 adversarii
1850 1824 2033 1893 plagas

2142 1825 2347 1896 σεαυτῷ
2397 1826 2496 1896 τῆς
2544 1826 2856 1897 παρρησίας
2909 1824 3003 1880 τοῦ
3059 1825 3208 1895 βίου;
3265 1825 3456 1888 Οὐδεὶς
3489 1824 3712 1895 πύκτης

470 1910 808 1982 siibterfugit,
846 1927 909 1965 ac
942 1912 1155 1967 debitor
1187 1915 1476 1969 creditoris
1513 1929 1818 1982 occursum,
1850 1916 2032 1971 occul—

469 2013 580 2057 tato
619 2019 755 2071 pone
798 2004 1079 2059 columnas
1115 2019 1180 2059 ac
1228 2020 1414 2060 muros
1463 2006 1656 2074 capite.
1710 2006 1798 2070 At,
1830 2006 2028 2074 inquis,

467 2101 735 2166 quomodo
765 2100 1011 2152 nutriar?
1043 2101 1225 2154 Manus
1256 2101 1444 2164 habes,
1478 2101 1647 2156 habes
1690 2110 1893 2166 artem;
1920 2102 2035 2155 lora

468 2203 689 2256 operam
742 2198 886 2242 tuam
944 2189 1077 2244 lucri
1124 2191 1331 2257 gratia,
1380 2191 1667 2246 ministra:
1697 2193 1860 2245 multa
1913 2202 2037 2247 sunt

468 2283 694 2349 parandi
736 2283 911 2336 victus
939 2282 1184 2348 consilia,
1215 2284 1529 2338 occasiones
1558 2284 1761 2338 multae.
1801 2283 1930 2339 Idne
1963 2284 2039 2338 fa-

470 2389 596 2428 cere
623 2389 727 2427 non
769 2375 960 2443 potes?
992 2373 1118 2428 Pete
1151 2389 1179 2426 a
1219 2374 1636 2443 possidentibus.
1667 2378 1749 2427 An
1781 2384 1933 2445 turpe
1956 2384 2038 2429 est

470 2464 774 2534 postulare?
803 2464 1037 2534 Turpius
1083 2467 1269 2534 utique
1314 2466 1476 2518 fuerit
1536 2465 1858 2520 creditorem
1899 2466 2038 2521 datis

471 2555 668 2610 fceuori
701 2556 943 2624 pecuniis
966 2555 1303 2611 defraudare.
1331 2555 1445 2609 Non
1485 2557 1598 2611 haec
1628 2558 1749 2611 dico
1775 2557 2036 2627 proferto,

472 2645 642 2714 legem
672 2656 730 2698 ut
759 2647 948 2708 feram,
986 2647 1080 2699 sed
1134 2653 1192 2698 ut
1241 2646 1541 2709 ostendam,
1569 2647 1749 2700 omnia
1785 2646 1875 2700 tibi
1909 2648 2039 2701 tole-

470 2735 722 2790 rabiliora
749 2749 886 2798 esse,
916 2751 1076 2802 quam
1111 2745 1390 2804 argentum
1418 2734 1622 2790 foenore
1643 2752 1876 2791 sumere.
1909 2737 2040 2791 For-

471 2826 610 2881 mica
649 2826 751 2881 etsi
801 2841 976 2895 neque
1010 2827 1303 2889 mendicat,
1345 2842 1516 2896 neque
1551 2843 1799 2882 nummos
1832 2829 2040 2884 foenore

472 2916 695 2985 accipit,
729 2925 905 2985 potest
949 2926 1126 2969 tamen
1179 2918 1372 2970 nutriri
1401 2934 1413 2968 :
1443 2917 1560 2985 apis
1594 2918 1777 2971 itidem
1824 2919 2040 2987 regibus

472 3007 703 3076 largitur
733 3008 975 3061 alimenti
1024 3008 1105 3061 sui
1141 3009 1395 3076 reliquias
1425 3023 1441 3060 :
1473 3009 1671 3078 quibus
1711 3018 1888 3063 tamen
1940 3024 2040 3064 nec

471 3115 685 3161 manus,
729 3114 829 3153 nec
868 3110 1013 3152 artes
1057 3101 1326 3154 concessit
1362 3111 1574 3153 natura.
1619 3099 1696 3152 Tu
1730 3114 1855 3154 vero
1886 3101 2040 3155 indu-

473 3191 665 3243 strium
699 3190 899 3242 animal
935 3189 1121 3251 homo,
1169 3190 1309 3243 inter
1355 3201 1503 3243 artes
1523 3205 1712 3245 omnes
1762 3206 1920 3244 unam
1971 3192 2038 3245 ad

478 3279 881 3347 transigendam
913 3280 1077 3332 vitam
1110 3294 1214 3332 non
1240 3280 1515 3347 reperies?
1546 3279 1860 3348 Quanquam
1892 3280 2041 3334 vide-

374 3428 375 3431 η
476 3385 595 3423 mus
611 3384 716 3422 nou
746 3368 1171 3423 necessariorum
1200 3360 1408 3438 indigos
1430 3370 1497 3424 ad
1519 3369 1694 3423 foenus
1715 3370 2037 3441 confugere:

473 3475 650 3529 neque
679 3459 823 3513 enim
844 3472 967 3513 sunt
990 3459 1082 3528 qui
1108 3459 1188 3514 eis
1216 3462 1442 3513 credant
1469 3475 1484 3513 :
1512 3473 1570 3513 at
1590 3460 1796 3515 {minore
1825 3470 2043 3516 sumunt

475 3552 756 3620 pecuniam
789 3551 1054 3615 homines,
1092 3552 1183 3619 qui
1221 3550 1379 3619 112
1406 3566 1465 3606 se
1490 3551 1542 3604 in
1579 3552 2041 3622 laxioresimpen-

474 3660 566 3700 sas
596 3657 653 3700 et
684 3645 735 3699 in
770 3644 952 3699 luxum
988 3644 1231 3699 inutilem
1261 3644 1563 3707 eﬂundunt,
1603 3645 1637 3697 ii
1670 3644 1918 3699 videlicet
1950 3646 2040 3712 qui

475 3752 535 3791 se
561 3736 914 3791 muliebribus
936 3736 1300 3802 voluptatibus
1332 3736 1659 3804 mancipant.
1694 3734 1930 3804 lndigeo,
1957 3737 2043 3789 in-

477 3829 596 3899 quit
629 3829 741 3894 illa,
783 3830 976 3881 vestitu
1013 3839 1349 3895 sumptuoso,
1383 3838 1437 3881 et
1464 3842 1644 3880 aureis
1668 3827 1852 3882 vasis:
1884 3837 2045 3898 egent

478 3920 572 3972 filii
611 3919 820 3974 decenti
863 3929 918 3971 et
965 3919 1066 3972 sibi
1109 3917 1452 3972 convenienti
1480 3917 1918 3971 vestimentorum
1951 3932 2043 3971 or-

478 4020 733 4063 namento
760 4022 774 4061 :
808 4010 939 4078 quin
974 4010 1135 4063 etiam
1185 4009 1372 4062 [annuli
1403 4008 1612 4062 ﬂoridis
1641 4018 1696 4061 et
1725 4009 1876 4062 vario
1899 4009 2047 4063 colu-

477 4113 539 4151 re
584 4097 854 4152 distinctis
905 4099 1143 4151 vestibus
1186 4106 1311 4150 sunt
1356 4097 1609 4150 induendi
1641 4099 1826 4151 :lauta
1860 4114 2043 4153 mensa

477 4187 803 4241 exstruenda
860 4198 961 4241 est.
1021 4189 1122 4255 Qui
1174 4187 1300 4241 talia
1356 4187 1569 4243 mulieri
1644 4190 1939 4253 ministrat,
1974 4191 2043 4246 ad

479 4280 793 4348 trapezitam
827 4281 993 4347 venit,
1021 4291 1075 4334 et
1106 4279 1415 4349 priusquam
1465 4290 1687 4348 accepta
1731 4291 1917 4337 utatur
1946 4297 2042 4352 pe-

476 4370 659 4437 cunia,
695 4369 857 4423 alium
889 4385 954 4424 ex
988 4372 1093 4424 alio
1125 4371 1400 4424 dominum
1436 4378 1628 4435 mutat,
1669 4381 1831 4441 atque
1874 4372 2048 4430 finite-

2134 1916 2275 1969 οὕτω
2300 1913 2401 1978 τὰς
2430 1914 2642 1986 πληγὰς
2671 1914 2764 1968 τοῦ
2797 1914 3198 1983 ἀπαγωνιστοῦ
3228 1914 3543 1984 ὑποφεύγει,
3573 1914 3653 1977 ὡς
3680 1917 3710 1968 ὁ

2133 2008 2518 2077 δανεισάμενος
2543 2007 2637 2059 τοῦ
2667 2008 2903 2078 χρήστου
2939 2005 3052 2076 (55)
3087 2006 3185 2070 τὰς
3229 2007 3536 2075 συντυχίας,
3569 2007 3711 2076 πρὸς

2137 2099 2321 2161 κίονας
2360 2097 2457 2151 καὶ
2499 2096 2710 2167 τοίχους
2743 2097 3091 2161 ἀποσκιάςων
3138 2095 3235 2167 τὴν
3287 2096 3548 2166 κεφαλήν.
3582 2096 3711 2160 Πῶς

2135 2182 2228 2238 οὖν
2259 2185 2557 2255 διατραφῶ,
2587 2186 2750 2255 φησίν
2774 2201 2790 2251 ;
2825 2187 3007 2255 Ἔχεις
3035 2188 3226 2257 χεῖρας
3244 2225 3260 2250 ,
3303 2186 3445 2256 ἔχεις
3475 2185 3707 2258 τέχνην·

2140 2276 2455 2348 μισθαρνοῶ
2490 2275 2758 2329 διακόνει·
2792 2275 2985 2329 πολλαὶ
3013 2276 3246 2329 ἐπίνοιαι
3277 2276 3370 2329 τοῦ
3403 2277 3540 2347 βίου,
3572 2277 3708 2330 πολ-

2135 2368 2225 2421 λαὶ
2256 2366 2520 2439 ἀφορμαί.
2568 2366 2704 2420 Ἀλλ’
2735 2367 3008 2431 ἀδυνάτως
3038 2367 3215 2437 ἐχειςς
3245 2367 3527 2439 προσαίτει
3554 2368 3708 2437 παρά

2135 2459 2245 2513 τῶν
2271 2459 2644 2529 κεκτημένων.
2687 2459 2824 2513 Ἀλλ’
2848 2459 3070 2530 αἰσχρὸν
3100 2458 3162 2511 τὸ
3184 2461 3387 2523 αἰτεῖν;
3416 2459 3711 2529 Αἰσχρότε-

2139 2568 2232 2621 ρον
2268 2551 2364 2622 μὲν
2392 2546 2485 2604 οὖν
2517 2551 2579 2603 τὸ
2606 2550 2989 2621 δανεισάμενον
3020 2552 3359 2622 ἀποστερεῖν.
3388 2552 3463 2605 Οὐ
3491 2551 3708 2614 πάντως

2137 2643 2439 2715 νομοθετῶν
2481 2643 2651 2696 ταῦτα
2687 2643 2848 2711 λέγω,
2884 2643 2993 2696 ἀλλ’
3033 2643 3349 2707 ὑποδεικνὺς
3372 2683 3385 2707 ,
3414 2629 3495 2697 ὅτι
3527 2644 3708 2697 πάντα

2140 2752 2222 2788 σοι
2250 2734 2343 2787 τοῦ
2385 2733 2720 2797 δανείζεσθαι
2752 2734 3110 2805 φορητότερα.
3153 2735 3212 2788 '0
3246 2732 3471 2807 μύρμηξ
3500 2735 3595 2804 μὲν
3614 2734 3710 2787 δύ-

2139 2844 2317 2889 ναται,
2354 2827 2490 2897 μήτε
2524 2825 2854 2897 προσαιτῶν,
2892 2827 3027 2896 μήτε
3056 2824 3464 2898 δανειζόμενος,
3490 2825 3708 2897 διατρὸ-

2139 2918 2334 2987 φεσθαι
2354 2935 2367 2947 ·
2405 2918 2495 2970 καὶ
2538 2917 2764 2988 μέλισσα
2797 2917 2864 2970 τὰ
2896 2917 3122 2986 λείψανα
3146 2918 3248 2987 τῆς
3270 2918 3476 2982 οἰκείας
3502 2918 3709 2988 τροφῆς

2141 3008 2417 3080 βασιλεῦσι
2444 3008 2725 3079 χαρίζεται
2745 3023 2758 3036 ·
2795 3002 2876 3071 οἶς
2916 3006 3038 3060 οὔτε
3064 3010 3274 3079 χεῖρας,
3311 3006 3434 3060 οὔτε
3454 3007 3639 3078 τέχνας
3669 3010 3705 3078 ἡ

2141 3098 2301 3169 φύσις
2335 3098 2567 3151 ἔδωκενο
2618 3098 2682 3150 σὺ
2721 3097 2778 3150 δὲ
2811 3097 2870 3149 τὸ
2919 3098 3222 3169 εὐμήχανον
3263 3097 3400 3161 ζῶον
3439 3101 3469 3152 ὁ
3503 3099 3712 3171 ἀνθρω-

2142 3206 2241 3252 πος
2271 3189 2399 3259 μίαν
2429 3187 2537 3241 τῶν
2568 3185 2756 3240 πασῶν
2785 3188 3032 3259 μηχανὴν
3052 3188 3149 3257 οὐχ
3172 3189 3424 3258 εὑρήσεις
3452 3187 3586 3259 πρὸς
3607 3186 3711 3258 τὴν

2142 3281 2233 3335 τοῦ
2282 3280 2396 3350 βίου
2438 3280 2742 3352 διαγωγήν;
2796 3280 2988 3333 Καίτοι
3029 3281 3243 3352 ὁρῶμεν
3285 3282 3407 3351 οὐχὶ
3438 3282 3560 3345 τοὺς
3598 3280 3709 3333 τῶν

2140 3367 2451 3436 ἀναγκαίων
2491 3368 2691 3432 ἐνδεεῖς
2732 3369 3060 3440 ἐρχομένους
3094 3371 3188 3423 ἐπὶ
3214 3368 3276 3423 τὸ
3308 3371 3514 3424 δάνειον
3546 3370 3710 3440 (οὐδὲ

2139 3457 2247 3529 γὰρ
2285 3457 2469 3528 ἔχουσι
2530 3461 2657 3522 τοὺς
2708 3459 3136 3532 πιστεύοντας),
3185 3462 3323 3517 ἀλλὰ
3375 3462 3710 3526 δανείζονται

2139 3551 2434 3622 ἄνθρωποι,
2497 3552 2762 3615 δαπάναις
2818 3553 3132 3624 ἀνειμέναις
3185 3555 3281 3608 κα)¹
3341 3555 3712 3618 πολυτελείαις

2141 3642 2411 3712 ἀκάρποις
2458 3643 2684 3705 ἑαυτοὺς
2717 3642 3061 3707 ἐπιδιδόντες,
3101 3646 3149 3697 οἱ
3186 3647 3539 3713 γυναικείαις
3582 3645 3715 3715 ἡδυ-

2142 3735 2396 3798 παθείαις
2428 3734 2786 3797 δουλεύοντες.
2846 3735 3034 3805 Ἐμοὶ,
3070 3736 3254 3806 φησὶν,
3297 3736 3501 3806 ἐσθῆτα
3547 3735 3713 3788 πολυ-

2140 3826 2270 3896 τελῆ
2321 3828 2416 3879 καὶ
2448 3827 2676 3898 χρυσία,
2709 3830 2822 3890 τοῖς
2871 3827 3104 3890 παιδίοις
3133 3828 3336 3897 κόσμον
3383 3828 3563 3890 αὐτοῖς
3596 3826 3710 3897 (56)

2142 3916 2390 3988 εὐπρεπῆ
2418 3917 2528 3972 τῶν
2565 3916 2895 3987 ἐνδυμάτων,
2925 3916 3061 3969 ἀλλὰ
3089 3917 3185 3970 καὶ
3215 3920 3327 3981 τοῖς
3354 3918 3589 3980 οἰκέταις
3619 3918 3717 3970 ἀν·-

2143 4008 2265 4062 θινὰ
2310 4010 2402 4062 καὶ
2435 4009 2652 4062 ποικίλα
2683 4009 2752 4062 τὰ
2796 4009 3152 4080 περιϐόλαια,
3185 4013 3250 4081 τῇ
3285 4011 3528 4081 τραπέζῃ
3560 4008 3716 4077 δαψί-

2141 4098 2310 4153 λειαν.
2377 4099 2435 4152 ’0
2481 4099 2550 4153 τά
2582 4099 2807 4153 τοιαῦτα
2855 4100 3182 4172 λειτουργῶν
3225 4102 3445 4169 γυναικῖ⁸
3485 4100 3574 4153 ἐπὶ
3616 4103 3714 4153 τὸν

2142 4188 2471 4262 τραπεζίτην
2498 4191 2736 4263 ἔρχεται,
2768 4193 2862 4247 καὶ
2889 4193 3019 4264 πρὶν
3038 4193 3343 4264 χρήσασθαι
3368 4194 3481 4256 τοῖς
3502 4191 3716 4263 ληφθεῖ-

2146 4300 2229 4336 σιν
2250 4324 2265 4345 ,
2311 4283 2467 4338 ἄλλον
2514 4284 2574 4350 ἐξ
2628 4284 2788 4338 ἄλλου
2843 4284 3243 4356 μεταλαμϐάνει
3287 4283 3573 4352 δεσπότην,
3617 4285 3715 4337 καὶ

2147 4372 2521 4443 μετενδεσμῶν
2562 4374 2649 4426 ἀεὶ
2691 4375 2815 4437 τοὺς
2839 4374 3174 4437 δανείζοντας
3193 4414 3208 4438 ,
3240 4376 3304 4444 τῇ
3348 4372 3593 4442 συνεχείᾳ
3616 4370 3713 4427 τοῦ

481 4472 694 4516 ratores
723 4462 859 4517 alios
907 4462 1030 4516 aliis
1065 4477 1276 4532 semper
1323 4462 1643 4532 adjungens,
1673 4466 1927 4519 continua
1956 4466 2040 4520 illa

2146 4462 2317 4518 κακοῦ
2353 4463 2542 4532 φεύγει
2568 4464 2667 4534 τῆς
2713 4465 2944 4536 ἀπορίας
2973 4464 3061 4518 τὸν
3091 4464 3331 4535 ἔλεγχον.
3377 4465 3486 4516 Καὶ
3526 4462 3715 4533 ῶσπερ

479 4555 604 4609 mali
632 4555 976 4609 successione
1002 4564 1295 4623 egestatem
1330 4555 1476 4623 tegit.
1501 4554 1568 4607 Et
1596 4556 2042 4623 quemadmodum

480 4648 757 4718 hydropici
805 4648 1044 4716 suspecti
1085 4657 1212 4701 sunt
1253 4647 1320 4701 de
1378 4646 1607 4716 plurima
1644 4646 1931 4712 obesitate,
1966 4649 2047 4703 sic

478 4750 533 4793 et
560 4739 663 4793 iste
684 4738 894 4792 videtur
918 4752 1040 4792 esse
1068 4738 1240 4805 dives,
1265 4752 1476 4807 semper
1506 4737 1803 4806 accipiens,
1826 4747 1881 4791 et
1907 4752 2045 4792 sem-

555 4917 669 4986 (55)
702 4915 814 4992 Yox
851 4919 1194 4990 πλεονασμός
1218 4922 1273 4974 in
1299 4921 1471 4975 sacris
1506 4921 1726 4977 Litteris
1755 4921 2051 4992 significat,

483 4989 538 5042 id
578 4987 957 5059 quoddprmter
995 4987 1195 5045 sortem
1260 4992 1541 5058 accipitur.
1593 4993 1722 5046 Vide
1752 4987 1872 5059 cap.
1936 5005 2048 5044 χχιι

485 5056 806 5130 Ezechielis.
834 5057 965 5130 illo);
1002 5059 1152 5128 Regii
1194 5056 1463 5115 secundus
1497 5068 1551 5113 et
1594 5072 1777 5130 sextus
1821 5056 2053 5130 αὐξομέ-

484 5145 609 5184 νων.
638 5126 780 5201 Infra
822 5127 974 5201 (ζου).
994 5126 1235 5201 octavus
1256 5130 1639 5201 ἐπιγενόμενα.
1667 5129 1870 5186 Ibidem
1901 5126 2053 5185 multi

484 5215 617 5271 mss.
649 5199 730 5271 εἰς
757 5199 955 5271 πεῖραν
988 5198 1168 5271 ἔλθῃς.
1353 5270 1362 5271 7

555 5268 679 5341 (54)Δ
695 5267 788 5341 Edi
794 5268 831 5319 ti
859 5280 914 5321 et
951 5267 1295 5324 mssﬁoinnes
1324 5268 2053 5341 sksdespovﬁedlegendum

485 5336 607 5408 esse
641 5336 926 5408 ἐλεύθερος
972 5349 1166 5406 putant
1201 5341 1299 5393 viri
1334 5336 1657 5403 doctissimi,
1689 5336 1960 5408 iidemque
1986 5340 2053 5393 de

486 5407 686 5462 Basilio
738 5407 925 5463 nostro
973 5411 1176 5471 ontime
1225 5411 1401 5463 tneriti
1438 5410 1664 5463 Ducteus
1700 5420 1754 5463 et
1787 5407 2054 5463 Combefi-

486 5478 599 5532 sius
621 5494 846 5544 quorum
899 5480 1179 5533 sententi:e
1215 5488 1457 5533 nostrum
1510 5479 1773 5534 calculum
1816 5480 2048 5533 addere-

490 5562 606 5600 mus
640 5549 781 5602 haud
807 5549 985 5613 inviti,
1016 5549 1060 5601 si
1094 5550 1174 5602 vel
1204 5565 1344 5602 unus
1383 5549 1631 5603 ms.huic
1657 5549 1871 5603 lectioni
1906 5548 2054 5601 fave-

491 5626 590 5687 ret.
620 5619 723 5671 Sed
742 5634 863 5673 cum
880 5619 1056 5672 nullus
1077 5620 1313 5674 ei'codex
1338 5619 1683 5687 sulfragetur,
1705 5633 1887 5672 vocem
1912 5617 2058 5671 ἐλεύ-

490 5683 646 5755 θερον
702 5690 1037 5740 retinendam
1084 5688 1301 5756 quidem
1337 5683 1675 5755 censui—mus,
1720 5690 1815 5744 sed
1853 5690 1947 5755 ita,
2000 5698 2056 5743 ut

492 5773 610 5812 eam
641 5757 1025 5813 adverbialiter
1056 5760 1491 5828 interpretemur.

2152 4554 2202 4605 οἱ
2247 4552 2565 4625 ὑδεριῶντες
2604 4555 2661 4607 ἐν
2694 4553 2918 4625 ὑπονοίᾳ
2950 4552 3316 4623 πολυσαρκίας
3364 4552 3523 4614 εἰσὶν,
3572 4550 3714 4603 οὓτω

2151 4646 2244 4699 καὶ
2275 4640 2427 4708 οὗτος
2451 4648 2508 4699 ἐν
2539 4646 2808 4716 φαντασίᾳ
2837 4646 3150 4717 περιουσίας
3176 4644 3429 4717 ὑπάρχει,
3470 4643 3554 4697 ἀεὶ
3577 4642 3716 4713 λαμ-

2152 4737 2352 4801 ϐάνων,
2406 4735 2501 4790 καὶ
2533 4736 2622 4790 ἀεὶ
2666 4736 2862 4801 διδοὺς,
2905 4738 2998 4790 καὶ
3031 4738 3095 4790 ἐκ
3136 4735 3244 4789 τῶν
3289 4734 3555 4805 δευτέρων
3600 4732 3715 4787 δια-

2229 4920 2339 4990 (55)
2369 4920 2465 4975 Hic
2487 4920 2700 4976 variant
2729 4921 2857 4976 editi
2891 4928 2946 4975 et
2975 4934 3104 4990 mss.
3135 4920 3274 4974 inter
3303 4935 3381 4974 se.
3407 4918 3582 4990 Editio
3611 4917 3714 4970 Pa-

2157 4987 2253 5044 ris.
2293 4987 2347 5044 et
2393 4991 2557 5046 Coisl.
2593 4992 2687 5045 τοῦ
2740 4989 3037 5045 δανειστοῦ.
3071 4991 3171 5043 Alii
3232 5006 3359 5045 mss.
3418 4987 3712 5058 χρεώστου,

2159 5060 2294 5114 alter
2323 5061 2604 5131 χρεόστου.
2636 5062 2785 5115 (Jolb.
2825 5071 3048 5131 quartus
3094 5059 3352 5131 χρηστοῦ.
3376 5059 3530 5131 >Reg_.
3560 5073 3715 5131 quar-

2161 5140 2244 5183 tus
2277 5127 2506 5186 et'Colb.
2541 5133 2799 5198 septimus
2824 5127 2945 5185 eum
2979 5127 3212 5184 editione
3248 5129 3413 5182 Basil.
3438 5127 3533 5180 τοῦ
3579 5129 3716 5199 χρή›

2161 5216 2312 5254 στου.
2344 5199 2470 5254 Scio
2501 5201 2715 5266 quidem
2767 5201 2898 5254 nihil
2951 5201 3017 5252 ad
3056 5214 3278 5254 sensum
3326 5199 3559 5260 referre,
3592 5208 3714 5250 ntro

2161 5271 2282 5336 quis
2306 5270 2470 5323 modo
2500 5270 2710 5336 legerit,
2759 5268 3035 5322 δανειστοῦ
3065 5286 3132 5322 an
3156 5269 3389 5339 χρήστου
3419 5282 3432 5297 ·
3457 5267 3716 5339 ⁸ιιιπιιῑιιθοι·

2162 5349 2343 5393 tamen
2379 5340 2768 5410 legi‘oportere
2810 5341 3069 5410 χρήστου,
3103 5336 3206 5392 nec
3247 5336 3429 5410 aliter
3457 5336 3712 5391 Basiliam

2158 5406 2462 5477 scripsisse.
2494 5406 2652 5472 Nam,
2683 5418 2738 5462 ut
2789 5406 2861 5463 ei
2895 5406 3052 5463 dictis
3080 5419 3247 5477 patet,
3284 5406 3431 5461 mttlti
3465 5423 3594 5460 mss.
3622 5417 3718 5459 aut

2157 5494 2276 5533 eam
2310 5493 2496 5534 vocem
2525 5479 2685 5546 plane
2713 5480 2993 5541 exhibent,
3017 5488 3109 5533 aut
3124 5487 3273 5533 certe
3300 5477 3481 5541 aliam,
3508 5491 3625 5547 quae
3647 5477 3715 5529 ab

2157 5548 2278 5619 ipsa
2303 5564 2406 5619 non
2445 5550 2516 5601 ita
2542 5550 2763 5619 multmu
2794 5550 3015 5603 recedit.

2228 5617 2342 5688 (56)
2376 5619 2484 5672 Vox
2511 5618 2694 5680 αὐτοῖς
2731 5619 2883 5688 deest
2910 5620 2962 5671 in
2987 5616 3256 5688 plerisque
3278 5615 3558 5688 nissime:
3592 5624 3716 5688 octo

2160 5685 2291 5742 is.
2322 5685 2449 5742 cum
2477 5688 2713 5741 editione
2744 5685 2906 5743 Basii.
2938 5688 3032 5742 mi.
3055 5686 3272 5741 ποικίλα
3294 5685 3381 5743 τά.
3412 5686 3595 5743 Ειίὶιίο.
3617 5686 3718 5742 Pa:-

2161 5760 2254 5818 ris.
2291 5757 2539 5812 ποικιλτά
2573 5774 2633 5810 πε
2642 5757 2748 5824 ριϐ.
