4048 6220
220 343 352 398 277

1412 345 1688 402 HOMILIA
1708 346 1754 402 11
1783 348 1851 404 ΙΝ
1885 347 2211 405 PSALMUM
2248 347 2389 404 XIV.

3401 345 3502 400 273

227 462 403 516 λύων
462 464 575 536 (57)
625 464 694 518 τὰ
749 463 1050 533 φθάσαντα,
1092 461 1190 534 τήν
1245 462 1380 533 πρὸς
1434 465 1494 518 τὸ
1544 466 1840 537 λαμϐάνειν

1948 483 2044 536 per
2075 470 2230 534 dans,
2267 475 2322 521 et
2349 481 2412 521 ex
2447 468 2837 536 posterioribus
2867 465 3044 536 priora
3083 463 3403 528 dissolvens,
3428 474 3536 519 at-.

229 553 609 617 ἀξιοπιστίαν
643 558 706 607 ἐκ
732 556 832 624 τῆς
874 555 965 608 τοῦ
1009 555 1181 608 κακοῦ
1217 557 1498 625 συνεχείας
1528 557 1840 628 περιποιού-

286 662 431 710 ενος
463 646 658 716 ἐαυτῷ.
702 643 833 699 Εἶτα
861 645 1050 715 ὥσπερ
1084 647 1177 698 ἐπὶ
1204 647 1303 716 τῆς
1332 647 1558 719 χολέρας
1587 650 1636 701 ol.
1665 648 1725 701 τὸ
1755 648 1840 702 ἀεὶ

234 739 665 809 προϊστάμενον
712 739 1005 809 ἐξερῶντες
1049 738 1196 809 (58),
1247 740 1340 792 καὶ
1388 741 1516 810 πρὶν
1567 739 1840 803 παντελῶς

235 829 606 900 καθαρθῆναι
635 830 888 900 δευτέραν
940 831 1143 902 τροφὴν
1173 830 1651 902 ἐπεμϐαλλόμενοι,
1683 831 1841 884 πάλιν

235 919 464 987 ἐμοῢσι
501 921 616 990 μετ’
661 921 851 993 ὀδύνης
880 923 972 975 καὶ
1003 923 1363 992 σπαραγμῶν
1405 921 1546 975 οὕτω
1574 922 1668 975 καὶ
1696 916 1841 976 οὗτοι

233 1011 462 1074 τόκους
505 1013 569 1064 ἐκ
598 1012 771 1065 τόκων
821 1013 1345 1083 μεταλαμϐάνοντες,
1387 1014 1480 1066 καὶ
1517 1015 1644 1084 πρὶν
1675 1015 1841 1066 ἐκκα-

237 1103 435 1173 Θᾶραι
478 1105 546 1158 τὰ
599 1104 822 1176 πρῶτα,
855 1105 1104 1175 δεύτερον
1143 1105 1525 1172 ἐπεισάγοντες
1556 1107 1839 1176 δάνεισμα,

239 1196 467 1266 μικρὸν
508 1195 698 1266 χρόνον
729 1199 840 1258 τοῖς
882 1195 1182 1265 ἀλλοτρίοις
1217 1196 1654 1266 ἐναϐρυνόμενοι,
1685 1195 1842 1248 ὓστε-

244 1302 350 1355 ρον
392 1287 492 1339 καὶ
530 1285 600 1338 τὰ
629 1287 802 1338 οἰκεῖα
828 1286 1122 1357 ὠδύραντο.
1157 1286 1220 1337 Ὢ
1260 1286 1457 1350 πόσους
1495 1286 1742 1340 ἀπώλεσε
1775 1287 1844 1340 τά

238 1376 526 1449 ἀλλότρια
551 1378 757 1446 ἀγαθάῑ
788 1379 946 1431 Πόσοι
973 1381 1104 1448 δναρ
1130 1378 1528 1448 πλουτήσαντες
1561 1380 1845 1450 ύπεραπή-

241 1464 476 1519 λαυσαν
501 1467 600 1536 τῆς
629 1466 858 1537 ζημίαςί
904 1467 1062 1520 Ἀλλὰ
1097 1467 1297 1531 πολλοὶ,
1338 1469 1490 1538 φησὶ,
1535 1470 1626 1521 κα)⁸
1665 1471 1728 1522 ἐκ
1745 1453 1845 1522 ⁸δα-

243 1558 576 1627 νεισμάτων
610 1559 965 1628 ἐπλούτησαν.
1003 1557 1224 1621 Πλείους
1258 1559 1335 1622 δὲ,
1369 1555 1543 1629 οἶμαι,
1579 1560 1674 1613 καὶ
1723 1560 1845 1631 βρό-

247 1665 376 1716 χων
427 1648 656 1717 ἥψαντο.
693 1650 765 1700 Σὺ
807 1649 863 1700 δέ
893 1650 1016 1711 τοὺς
1045 1649 1143 1718 μὲν
1173 1647 1574 1718 πλουτήσαντας
1609 1650 1842 1719 βλέπεις,

244 1738 396 1799 τοὺς
447 1737 504 1788 δὲ
542 1737 961 1807 ἁπαγξαμένους
1005 1737 1105 1789 οὐκ
1153 1737 1438 1808 ἀριθμεῖς,
1485 1739 1554 1802 οἳ,
1610 1738 1706 1810 τὴν
1751 1741 1844 1792 ἐπὶ

253 1829 392 1891 ταῖς
444 1829 799 1898 ἀπαιτήσεσιν
853 1828 1113 1898 αἰσχύνην
1167 1830 1241 1900 μὴ
1292 1829 1544 1902 φέροντες
1577 1830 1708 1901 (59),
1755 1831 1844 1883 τὸν

249 1918 326 1970 δι’
372 1919 613 1989 ἀγχόνης
655 1919 880 1972 θάνατον
922 1921 1015 1972 τοῦ
1063 1920 1439 1983 ἐπονειδίστως
1481 1919 1579 1992 ζῇν
1628 1923 1846 1992 προετί-

254 2027 476 2079 μησαν.
525 2005 678 2062 Εἶδον
713 2009 823 2078 ἐγὼ
868 2011 1098 2064 ἐλεεινὸν
1142 2011 1340 2082 θέαμα,
1384 2013 1579 2075 παῖδας
1629 2013 1842 2066 ἐλευθέ-

254 2117 398 2169 ρους
437 2101 574 2172 ὑπέρ
621 2101 795 2170 χρεῶν
837 2102 1116 2171 πατρικῶν
1151 2103 1262 2173 (60)
1304 2103 1626 2174 ἑλκομένους
1676 2108 1755 2168 είς
1783 2107 1844 2158 τὸ

250 2193 590 2262 πρατήριον.
657 2193 770 2245 Οὐκ
825 2192 967 2262 ἔχεις
1037 2194 1359 2248 καταλιπεῖν
1423 2193 1680 2268 χρήματα
1733 2200 1843 2260 τοῖς

254 2285 464 2348 παισί;
507 2285 580 2355 μὴ
627 2285 945 2356 προσαφέλῃ
973 2286 1068 2340 καὶ
1095 2287 1194 2358 τὴν
1226 2288 1524 2355 εὐγένειαν.
1559 2289 1654 2340 Ἓν
1690 2288 1844 2341 τοῦτο

253 2374 594 2444 διατήρησον
620 2376 802 2439 αὐτοῖς
835 2376 896 2428 τὺ
923 2378 1106 2447 κτῆμα
1133 2377 1233 2446 τῆς
1259 2377 1589 2448 ἐλευθερίας,
1612 2380 1709 2450 τὴν
1741 2397 1846 2432 πα-

260 2465 664 2536 ρακαταθήκην
703 2468 768 2537 ἥν
802 2467 951 2534 παρά
989 2468 1096 2519 τῶν
1136 2469 1336 2536 γονέων
1376 2469 1700 2539 παρέλαϐες.
1742 2471 1844 2522 Οὑ-

254 2558 380 2619 δεὶς
416 2557 604 2609 πενίαν
635 2559 839 2629 πατρὸς
880 2559 1146 2629 ἐνεκλήθη
1190 2559 1351 2630 ποτέο
1393 2558 1613 2630 ὄφλημα
1651 2560 1706 2612 δέ
1736 2577 1842 2613 πα-

256 2646 446 2718 τρῷον
474 2649 553 2709 εἰς
593 2648 961 2720 δεσμωτήριον
1010 2651 1152 2717 ἄγει.
1185 2651 1277 2720 Μὴ
1317 2652 1620 2721 καταλίπῃς
1666 2669 1846 2722 γραμ-

265 2741 494 2808 ματεῖον
553 2739 741 2810 ὥσπερ
775 2740 912 2810 ἀρὰν
943 2743 1213 2812 πατρικὴν
1245 2743 1322 2805 εἰς
1348 2742 1542 2806 παῖδας
1588 2743 1846 2796 καταϐαί-

263 2847 472 2884 νουσαν
500 2831 594 2884 καὶ
618 2831 873 2899 ἐγγόνους
901 2833 1033 2904 (61).

341 3008 397 3064 5.
469 3010 738 3076 Ἀκούετε,
787 3014 836 3064 oi,
879 3011 1154 3076 πλούσιοι,
1195 3015 1352 3067 ὁποῖα
1411 3015 1844 3086 συμϐουλεύομεν

261 3104 382 3163 τοῖς
421 3105 656 3171 πτωχοῖς
693 3102 780 3155 διὰ
824 3103 920 3174 τὴν
965 3104 1235 3175 ὑμετέραν
1281 3106 1708 3176 ἀπανθρωπίανο
1752 3109 1843 3174 ἐγ-
1869 3142 1910 3200 C

264 3195 558 3263 καρτερεῖν
602 3194 799 3263 μᾶλλον
829 3199 943 3259 τοῖς
974 3197 1186 3260 δεινοῖς,
1228 3198 1261 3268 ἢ
1295 3197 1392 3261 τὰς
1433 3200 1496 3250 ἐκ
1530 3198 1638 3251 τῶν
1667 3199 1840 3252 τόκων

267 3284 560 3354 συμφορὰς
588 3285 963 3356 ὑποδέχεσθαι.
997 3288 1057 3339 El
1093 3288 1149 3340 δὲ
1195 3288 1475 3341 ἐπείθεσθε
1509 3289 1587 3360 τῷ
1629 3292 1839 3361 Κυρίῳ,

262 3375 352 3436 τίς
386 3375 544 3443 χρεία
592 3374 698 3426 τῶν
729 3375 900 3444 λόγων
932 3377 1166 3442 τούτων;
1202 3379 1297 3441 Τίς
1338 3379 1395 3432 δέ
1443 3381 1590 3432 ἐστιν
1629 3382 1662 3450 ή
1701 3399 1841 3450 συμ-

266 3464 434 3534 ϐουλὴ
472 3464 565 3516 τοῦ
606 3466 912 3533 Δεσπότου;
955 3467 1235 3532 Δανείζετε
1268 3469 1398 3540 παρ’
1443 3463 1517 3522 ὦν
1549 3471 1648 3524 οὐκ
1695 3471 1846 3524 ἐλπί-

268 3559 394 3621 ζετε
419 3557 731 3612 ἀπολαϐεῖν.
767 3559 878 3612 Καὶ
910 3563 1080 3624 ποῖον,
1115 3561 1269 3629 φησὶ,
1299 3560 1456 3613 τοῦτο
1485 3561 1767 3632 δάνεισμα,
1799 3555 1843 3630 ᾧ

267 3647 373 3716 τῆς
416 3648 722 3713 ἀποδόσεως
757 3649 868 3720 (62)
913 3650 1070 3713 ἐλπὶς
1111 3652 1170 3703 οὑ
1209 3651 1587 3715 συνέζευκταις
1633 3653 1842 3723 Νόησον

267 3741 372 3808 τὴν
415 3738 642 3810 δύναμιν
685 3739 778 3794 τοῦ
825 3741 1011 3812 ῥητοῦ,
1054 3743 1148 3794 καὶ
1191 3741 1488 3812 θαυμάσεις
1521 3745 1618 3812 τὴν
1653 3745 1840 3812 φιλαν-

269 3829 520 3900 θρωπίαν
551 3829 643 3883 τοῦ
665 3831 972 3900 νομοθέτου.
1007 3833 1174 3886 Ὅταν
1201 3833 1402 3904 πτωχῷ
1439 3836 1698 3905 παρέχειν
1717 3837 1843 3907 μέλ-

267 3919 370 3990 λῃς
397 3919 484 3972 διὰ
512 3921 602 3972 τὸν
633 3922 858 3991 Κύριον,
897 3923 956 3974 τὸ
1002 3923 1132 3976 αὐτὸ
1167 3925 1260 3976 καὶ
1293 3925 1464 3994 δῶρόν
1493 3928 1608 3978 ἐστι
1641 3930 1732 3979 καὶ
1760 3928 1846 3981 δά-

271 4027 504 4080 νεισμα⁸
532 4011 700 4082 δῶρον
735 4013 833 4082 μὲν
874 4013 960 4065 διὰ
1001 4015 1099 4083 τὴν
1132 4015 1477 4069 ἀνελπιστίαν
1515 4019 1611 4082 τῆς
1646 4019 1845 4089 ἀπολή-

268 4102 437 4170 ψεως,
463 4103 726 4173 δάνεισμα
756 4105 814 4157 δὲ
842 4105 930 4158 διά
961 4104 1056 4175 τὴν
1093 4106 1502 4179 μεγαλοδωρεᾶω
1533 4109 1625 4160 τοῦ
1652 4111 1845 4162 Δεσπό-

269 4208 367 4243 του
401 4191 495 4244 τοῦ
529 4195 910 4259 ἀποτιννύντος
944 4197 1084 4267 ὑπὲρ
1117 4196 1301 4260 αὑτοῦ,
1343 4199 1422 4260 ὃς,
1465 4200 1638 4270 μικρὰ
1667 4201 1844 4253 λαϐὼν

272 4281 363 4332 διὰ
394 4281 488 4334 τοῦ
527 4283 777 4355 πένητος,
813 4287 1022 4356 μεγάλα
1051 4289 1190 4359 ὑπὲρ
1231 4289 1406 4343 αὐτῶν
1447 4291 1734 4343 ἀποδώσει.
1783 4293 1845 4345 '0

277 4374 387 4444 γὰρ
426 4375 614 4430 ἐλεῶν
653 4379 891 4446 πτωχὸν
920 4379 1030 4448 (63)
1075 4379 1321 4441 δανείζει
1371 4383 1510 4449 Θεῷ,
1551 4385 1624 4436 Ού
1668 4383 1843 4453 βούλει

275 4466 367 4518 τὸν
400 4466 616 4519 πάντων
647 4470 922 4539 Δεσπότην
963 4470 1258 4526 ὑπεύθυνον
1291 4473 1432 4542 ἔχειν
1470 4476 1680 4546 σεαυτῷ
1710 4476 1844 4546 πρὸς

276 4556 374 4626 τὴν
404 4555 642 4622 ἔκτισιν;
692 4559 764 4611 "H
798 4558 908 4611 τῶν
939 4561 1036 4630 μὲν
1066 4563 1122 4613 ἐν
1163 4565 1228 4632 τῇ
1264 4564 1416 4616 πόλει
1456 4565 1720 4619 πλουσίων
1751 4569 1846 4619 ἐάν

276 4665 361 4709 τις
393 4649 701 4720 ὁμολογήσῃ
731 4667 814 4702 σοι
860 4651 958 4721 τὴν
1005 4653 1144 4722 ὑπὲρ
1197 4653 1396 4724 ἐτέρων
1437 4656 1672 4721 ἔκτισιν,
1717 4658 1843 4729 δέχῃ

279 4737 443 4790 αὐτοῦ
475 4738 574 4809 τὴν
615 4742 846 4812 ἐγγύην;
879 4742 1010 4795 Θεὸν
1053 4744 1107 4795 δέ
1142 4746 1534 4818 ὑπερεκτιστὴν
1562 4749 1668 4801 τῶν
1702 4765 1845 4801 πτω-

281 4828 388 4898 χῶν
429 4829 490 4882 οὑ
527 4831 830 4902 προσίεσαι.
874 4835 971 4897 Δὸς
1002 4834 1062 4887 τὸ
1096 4837 1218 4905 είκῆ
1267 4837 1516 4906 κείμενον
1564 4839 1842 4910 ἀργύριον,

353 5025 398 5058 ³⁸
419 5025 551 5082 Luc.
588 5042 662 5094 v1,
692 5027 783 5091 54,
810 5027 898 5085 55.
974 5029 1018 5061 ⁸⁷
1040 5005 1198 5083 Prov.
1229 5044 1342 5095 nx,
1380 5031 1462 5083 17.

353 5203 634 5274 (57)(3011).
670 5215 889 5262 octavus
920 5209 1144 5264 διαλύει.

354 5274 464 5394 (58)
493 5275 584 5328 Sic
606 5275 771 5354 _Regii
807 5279 998 5332 tertius
1024 5292 1072 5362 et
1123 5291 1334 5336 sextus.
1369 5282 1502 5355 Reg.
1529 5291 1750 5348 quartus
1795 5291 1850 5338 et

283 5341 355 5395 Cn
382 5345 746 5420 b.__se_ptt_r_r_tus
779 5362 874 5414 pro
912 5348 1204 5420 ἐξερωντες
1257 5353 1454 5408 habent
1505 5353 1847 5420 ἐξεμοῦντες,

287 5371 434 5395 unm.
459 5371 746 5424 .BCPUII'IUS
779 5371 874 5414 pro
912 5371 1204 5420 εςερωντες
1257 5371 1454 5408 uaneut
1505 5371 1847 5424 εςεμουντες,

287 5427 392 5463 non
421 5412 687 5492 (ilSSllltilL
705 5430 888 5471 sensu.
924 5420 1070 5492 eum
1100 5421 1462 5492 ἐξαιροῦντες,
1523 5427 1679 5492 male.
1735 5425 1848 5476 Ali-

284 5490 630 5564 quantoqio's‘t
653 5483 784 5552 Reg.
815 5489 1003 5542 tertius
1032 5483 1160 5560 πρὶν
1190 5483 1676 5564 ἐκκαρθῆναιΑἰοΧ
1708 5494 1844 5546 idem

241 5571 243 5574 ί
285 5550 446 5601 (ἐοιίθκ
480 5550 659 5603 ἀπώλε
667 5550 782 5608 σαν.

352 5617 562 5697 (59)-οἱ
615 5621 742 5697 τὴν-
778 5625 874 5678 ἐπὶ
922 5629 1050 5693 ταῖς
1094 5628 1496 5696 ἀπαιτήσεσιν
1544 5631 1843 5697 αἰσχύνην

281 5687 1256 5767 l"h_§_ﬁ;épo_rtec._Legendttmcpotius,
1285 5687 1340 5752 ut
1370 5701 1422 5753 in
1445 5705 1630 5753 eodem
1649 5687 1838 5762 serui...

287 5774 336 5824 p.
361 5758 481 5826 496,
519 5758 904 5832 ἀπαντήσεσιν,
941 5758 1350 5823 vadimoniorum
1379 5772 1599 5826 dedecus
1635 5786 1733 5824 non
1765 5758 1839 5838 [ελ

1943 572 2049 625 que
2099 555 2210 626 iugi
2261 555 2385 609 mali
2421 557 2762 610 successione
2791 557 3100 626 requisitam
3138 557 3203 607 ad
3233 556 3518 624 accipien-l

1943 650 2067 702 dum
2104 649 2260 703 tidem
2287 648 2386 702 sibi
2419 649 2530 717 ipse
2581 662 2920 716 comparans.
2955 647 3150 700 Deinde
3180 648 3319 703 sicut
3354 648 3386 698 ii
3415 646 3503 713 qiri

1941 741 2162 794 cholera
2195 739 2456 804 laborant,
2497 740 2544 793 id
2601 754 2813 809 semper
2864 741 3004 808 quod
3064 750 3189 792 ante
3231 749 3501 806 sumptmn

1943 841 2026 886 est
2073 830 2316 900 cjiciunt,
2368 815 2423 884 et
2484 831 2931 899 quemadmodum
2979 832 3021 884 si
3070 839 3193 884 ante
3240 831 3501 898 integram

1943 923 2318 993 purgationem
2363 923 2540 977 cibum
2591 923 2815 975 altermu
2858 922 3096 991 capiunt,
3134 924 3274 975 hunc
3318 937 3504 975 rursus

1942 1031 2061 1070 eum
2114 1016 2317 1081 dolore,
2370 1025 2424 1068 et
2482 1031 2602 1068 cum
2658 1030 2946 1068 nervorum
2989 1015 3336 1069 convulsioue
3377 1030 3504 1068 evo-

1943 1113 2098 1158 munt
2127 1123 2140 1158 :
2174 1107 2243 1158 ita
2271 1113 2322 1158 et
2356 1105 2408 1158 hi
2445 1105 2617 1156 foenus
2648 1103 2852 1158 faenore
2877 1114 3286 1165 conmmtantes,
3317 1111 3370 1158 et
3407 1120 3505 1158 an-

1945 1203 2162 1261 tequam
2193 1194 2402 1262 priores
2431 1210 2606 1246 usurze
2647 1204 2958 1262 purgentur,
2984 1193 3205 1246 alteram
3240 1194 3504 1262 adjicien-

1946 1293 2048 1346 tes,
2088 1297 2378 1351 parumper
2404 1282 2457 1335 in
2514 1281 2707 1334 alienis
2749 1282 2981 1348 gloriati,
3025 1293 3133 1333 tum
3177 1282 3386 1334 demum
3429 1279 3504 1334 rei

1942 1374 2103 1427 etiam
2132 1372 2416 1428 familiaris
2461 1375 2730 1444 jacturam
2790 1374 2993 1442 lugent.
3027 1371 3071 1427 Ο
3105 1382 3234 1439 quot
3263 1372 3508 1425 homines

1942 1464 2293 1532 perdiderunt
2321 1463 2498 1517 aliena
2534 1464 2702 1518 bona!
2751 1463 2892 1530 Quot
2927 1463 2977 1516 in
3015 1465 3218 1518 somnis
3251 1463 3428 1526 dilati,
3453 1464 3507 1516 in

1942 1571 2211 1611 aerumnas
2254 1565 2309 1611 et
2357 1557 2692 1611 calamitates
2741 1555 3000 1610 maximas
3050 1555 3377 1610 inciderunt!
3413 1557 3508 1608 At-

1945 1648 2058 1716 qui,
2100 1647 2300 1717 inquis,
2350 1646 2504 1700 multi
2550 1649 2713 1700 etiam
2746 1645 2950 1699 faenore
2980 1645 3104 1699 facti
3133 1644 3504 1699 suntdivites:

1945 1748 1999 1790 at
2029 1752 2157 1791 vero
2214 1737 2416 1806 plures,
2461 1738 2716 1800 arbitror,
2759 1739 2826 1790 ad
2857 1735 3079 1804 laqueos
3125 1744 3509 1804 pervenerunt.

1875 1812 1916 1867 Β
1947 1828 2023 1882 Tu
2052 1843 2214 1897 porro
2246 1829 2443 1882 ditatos
2473 1828 2687 1894 quidem
2721 1827 2966 1895 respicis,
2991 1825 3358 1892 strangulatus
3381 1840 3508 1879 vero

1945 1934 2051 1972 non
2083 1931 2354 1982 numeras,
2409 1917 2502 1985 qui
2535 1917 2832 1970 exactionis
2874 1917 3108 1970 dedecus
3153 1917 3372 1970 minime
3424 1916 3504 1970 fe-

1945 2020 2144 2074 rentes,
2183 2009 2283 2064 sibi
2334 2015 2558 2061 mortem
2612 2007 2916 2059 maluerunt
2973 2007 3165 2075 laqueo
3212 2007 3502 2069 asciscere,

1944 2117 2105 2171 quam
2134 2103 2393 2171 probrose
2421 2101 2625 2152 vivere.
2659 2097 2776 2152 Vidi
2809 2113 2907 2166 ego
2949 2098 3252 2152 miserabile
3295 2106 3508 2166 specta-

1945 2193 2143 2257 culum,
2193 2193 2453 2261 ingenuos
2503 2207 2717 2260 pueros,
2772 2193 2886 2260 qui,
2938 2200 2994 2243 ut
3047 2191 3427 2254 venderentur,
3452 2192 3504 2244 in

1944 2283 2119 2339 forum
2162 2285 2231 2338 ob
2281 2284 2454 2353 patris
2503 2283 2679 2337 debita
2707 2283 3178 2351 pertrahebantur.
3206 2281 3317 2334 Non
3343 2281 3508 2334 habes

1945 2377 2224 2445 pecuniam
2257 2391 2418 2445 quam
2453 2374 2722 2443 relinquas
2748 2374 2910 2428 (iliis?
2949 2374 3089 2428 Cave
3123 2371 3506 2443 ingenuitatem

1944 2469 2022 2522 eis
2053 2466 2289 2522 auferas.
2342 2465 2515 2522 Unam
2574 2466 2712 2520 hanc
2761 2466 2890 2533 ipsis
2939 2481 3196 2520 conserva
3248 2464 3512 2518 libertatis
3561 2452 3568 2457 ’

1935 2545 2358 2631 possessionem,
2397 2561 2699 2629 depositum
2751 2559 2899 2622 illud,
2937 2559 3082 2628 quod
3133 2573 3162 2612 a
3190 2557 3510 2626 parentibus

1944 2651 2221 2720 accepisti.
2249 2649 2463 2704 Nemini
2499 2666 2734 2718 unquam
2769 2650 2935 2718 patris
2963 2659 3251 2718 paupertas
3281 2649 3401 2702 data
3428 2658 3512 2702 est

1946 2745 2158 2798 crimini
2196 2761 2210 2797 :
2247 2754 2304 2797 at
2343 2752 2630 2813 paternum
2671 2742 2909 2796 debitum
2947 2743 2998 2796 in
3041 2756 3312 2796 carcerem
3345 2741 3508 2793 ducit.

1943 2835 2020 2891 Ne
2053 2837 2326 2906 relinquas
2379 2836 2738 2905 syngrapham
2778 2850 2874 2888 ceu
2923 2844 3204 2904 paternam
3251 2847 3507 2887 exsecra-

1946 2930 2144 2982 tionem
2179 2931 2230 2982 in
2267 2929 2404 2982 filios
2433 2944 2496 2982 ac
2533 2938 2753 2996 nepotes
2793 2927 3230 2982 descendentem.

2012 3019 2067 3075 5.
2107 3019 2322 3082 Audite,
2350 3020 2566 3083 divites,
2590 3019 2748 3088 quale
2767 3018 3093 3088 pauperibus
3125 3018 3312 3070 demus
3333 3016 3510 3070 consi-

1943 3108 2070 3163 lium
2100 3110 2169 3163 ob
2196 3119 2426 3163 vestram
2451 3108 2925 3174 inhumanitatem,
2946 3120 3155 3173 nempe,
3178 3117 3234 3158 ut
3251 3105 3511 3175 gravissi-

1945 3215 2028 3253 ma
2059 3215 2284 3268 quaeque
2311 3207 2622 3252 constanter
2651 3197 2826 3251 ferant
2860 3198 3038 3264 potius
3078 3210 3238 3264 quam
3285 3195 3508 3248 calami-

1943 3300 2081 3345 tates
2109 3306 2175 3345 ex
2207 3289 2413 3344 {tenore
2435 3290 2811 3358 provenientes
2833 3289 3220 3356 perpetiantur.
3241 3287 3442 3341 Morem
3464 3287 3508 3341 si

1943 3384 2168 3439 Domino
2185 3384 2462 3451 gereretis,
2491 3381 2617 3452 quid
2636 3383 2727 3435 his
2763 3381 2940 3434 verbis
2974 3389 3116 3434 esset
3141 3394 3274 3448 opus
3289 3379 3312 3431 ?
3329 3378 3511 3445 Quod-

1942 3493 2064 3532 nam
2087 3487 2260 3530 autem
2284 3475 2495 3528 Domini
2523 3473 2804 3528 consilium
2827 3472 2944 3526 est?
2965 3471 3201 3524 Motuum
3227 3473 3351 3522 date
3371 3470 3455 3534 iis,
3481 3484 3510 3521 a

1941 3572 2132 3640 quibus
2162 3585 2267 3622 non
2292 3568 2521 3636 speratis
2555 3577 2861 3634 recepturos
2885 3580 2978 3617 vos
3001 3579 3120 3617 esse
3139 3563 3206 3617 ³⁸.
3241 3561 3307 3615 Ει
3334 3561 3512 3628 quale,

1944 3663 2134 3730 inquit,
2177 3659 2278 3712 hoc
2303 3669 2568 3722 mutuum,
2600 3657 2684 3710 cui
2721 3657 3034 3708 redditionis
3061 3669 3186 3721 spes
3226 3651 3510 3719 conjuncta

1943 3768 2046 3804 non
2083 3752 2199 3805 est?
2229 3749 2465 3818 lntellige
2491 3749 2768 3803 sentcntiae
2793 3747 2921 3808 vim,
2963 3756 3016 3799 et
3073 3743 3394 3813 legislaloris
3421 3743 3490 3794 mi

1945 3843 2133 3895 rabere
2159 3842 2566 3897 humanitatem.
2589 3840 2684 3894 Ubi
2717 3839 2932 3907 pauperi
2970 3837 3174 3889 Domini
3207 3837 3377 3903 gratia
3412 3833 3511 3886 de-

1942 3935 2110 3999 deris,
2145 3935 2280 3988 idem
2309 3943 2364 3988 et
2403 3935 2596 3988 donum
2621 3941 2773 3986 estet
2795 3931 3003 3992 fwnus;
3045 3930 3238 3981 donum
3272 3925 3511 3992 quidem,

1943 4027 2082 4094 quod
2113 4036 2444 4094 recepturum
2471 4036 2520 4077 te
2538 4025 2665 4077 nihil
2694 4038 2810 4077 esse
2841 4037 3050 4090 speras:
3085 4022 3256 4074 faenus
3277 4032 3422 4079 vero,
3442 4015 3512 4069 ob

1946 4116 2153 4169 Domini
2207 4132 2303 4184 pro
2348 4117 2507 4184 inope
2549 4114 2870 4184 persoluturi
2908 4110 3360 4172 tmmiﬁtrentiam,
3397 4106 3509 4173 qui,

1945 4207 2128 4277 paucis
2147 4224 2241 4277 per
2262 4224 2546 4277 pauperem
2567 4208 3024 4274 acceptis,[magna
3041 4218 3226 4256 eorum
3251 4201 3366 4254 loco
3387 4201 3510 4252 red-

1945 4299 2151 4352 diturus
2167 4300 2380 4364 est.Qui
2392 4301 2526 4353 enim
2546 4300 2816 4351 miseretur
2828 4293 3311 4366 pauperis,fwnerat
3334 4290 3507 4343 Deo".

1945 4390 2058 4444 Non
2082 4392 2163 4446 vis
2189 4393 2557 4445 universorum
2575 4391 2853 4442 Dominum
2875 4388 3165 4443 obnoxium
3188 4385 3277 4436 tibi
3299 4383 3395 4450 ipsi
3417 4382 3509 4434 ha-

1877 4501 1918 4554 ι)
1949 4480 2072 4533 bere
2089 4481 2153 4534 ad
2176 4480 2615 4548 persolvendum?
2646 4479 2700 4531 Si
2726 4479 2846 4547 quis
2871 4477 2921 4530 in
2949 4477 3163 4530 civitate
3193 4473 3340 4525 dives
3356 4483 3508 4536 spon-

1953 4573 2077 4626 deat
2103 4588 2158 4625 se
2182 4573 2274 4626 tibi
2298 4588 2393 4642 pro
2418 4571 2538 4624 aliis
2564 4571 2885 4630 soluturum,
2914 4581 3088 4619 nonne
3113 4561 3506 4627 iidejussionem

1958 4663 2112 4732 113
2145 4663 2284 4717 illius
2315 4663 2552 4730 accipis?
2587 4672 2640 4714 at
2694 4661 2858 4712 Deum
2909 4673 3006 4710 ceu
3054 4667 3368 4722 sponsorem
3415 4648 3506 4717 qui

1951 4769 2048 4821 pro
2079 4753 2404 4820 pauperibus
2436 4753 2711 4806 soluturus
2741 4751 2830 4814 sit,
2877 4763 2982 4799 non
3026 4743 3282 4797 admittis.
3321 4738 3507 4792 Inutile

1954 4843 2048 4896 tibi
2083 4854 2363 4910 argentum
2386 4843 2476 4906 da,
2507 4857 2608 4894 non
2638 4854 2864 4910 gravatis
2901 4836 3027 4890 illud
3076 4830 3502 4894 accessionibus;

1953 5222 2142 5266 rentes.
2178 5211 2386 5267 MARAN.
2574 5247 2587 5268 ι

2026 5284 2137 5353 (60)
2164 5283 2313 5337 Colb.
2350 5292 2569 5336 octavus
2599 5281 2775 5353 χρεῶν
2799 5280 3083 5353 πατρῴων.

2025 5349 2137 5422 (61)
2168 5353 2318 5406 Multi
2364 5367 2494 5405 mss.
2526 5349 2799 5422 ἐγγόνους.
2854 5349 2992 5404 Editi
3022 5349 3296 5418 ἐκγόνους.
3323 5350 3504 5422 Obiter

1954 5421 2042 5474 hic
2073 5437 2291 5477 monere
2324 5423 2472 5483 libet,
2505 5437 2689 5490 vocem
2711 5421 2930 5488 ἔκγονος
2971 5437 3092 5473 raro
3123 5422 3172 5472 in
3215 5437 3343 5475 mss.
3381 5421 3504 5490 legi.

1952 5491 2152 5544 Ibidem
2178 5493 2393 5557 quidatn
2423 5508 2550 5544 mss.
2585 5489 2692 5557 οἶα.
2718 5493 2815 5542 Alii
2839 5493 2980 5542 ποῖα.

2022 5560 2132 5628 (6‘2)
2163 5554 2292 5626 Reg.
2327 5562 2592 5613 secundus
2613 5554 2656 5626 ᾧ
2686 5560 2784 5628 τῆς
2810 5561 3224 5622 ἀντοποδόσεως.

2026 5631 2136 5699 (65)
2173 5630 2300 5694 Reg.
2331 5631 2516 5682 tertius
2552 5630 2735 5694 ἐλεῶν,
2769 5630 2918 5698 φησί.
2951 5630 3055 5683 Nec
3092 5633 3159 5682 ita
3193 5629 3356 5682 multo
3385 5640 3502 5695 post

1951 5715 2076 5752 mss.
2108 5712 2213 5752 tres
2238 5700 2444 5769 ἐτέρου.
2470 5701 2569 5752 Alii
2590 5701 2821 5754 nuiuuue
2845 5701 3062 5754 ἐτέρων.
3101 5701 3338 5755 Subinde
3367 5701 3500 5769 Reg.

1951 5771 2136 5823 tertius
2172 5769 2401 5838 ὑπάρχει
2434 5770 2511 5825 τό.
