4048 6220
569 278 678 336 ἳῗθ

1907 272 1966 328 S.
2007 269 2252 328 BASILII
2287 270 2502 326 MAGNI

3745 277 3867 332 180

569 409 626 451 et
658 405 794 454 bene
821 397 1037 467 utrique
1082 395 1386 451 consultum
1434 394 1616 451 fuerit.
1643 394 1763 450 Tibi
1805 395 1948 450 enim
2001 406 2139 450 certe

2256 395 2330 466 μὴ
2360 395 2606 466 βαρύνων
2644 396 2776 450 αὐτὸ
2815 398 2932 460 ταῖς
2971 395 3330 468 προσθήκαις,
3366 396 3459 450 καὶ
3497 397 3864 470 ἀμφοτέροις

569 491 879 547 servabitur
908 509 920 544 :
949 491 998 544 ei
1046 505 1198 555 vero,
1233 491 1321 558 qui
1370 490 1642 559 acceperit
1662 530 1676 553 ,
1717 489 1922 543 lucrum
1951 502 2016 542 ex
2044 504 2141 541 usu

571 585 818 638 accedet.
849 583 1001 649 Quod
1049 585 1093 637 si
1133 586 1561 638 additamentum
1593 585 1758 636 etiam
1785 579 2039 650 requiris,
2075 581 2141 633 iis

569 689 691 745 quaa
731 676 1011 744 pendenda
1045 686 1172 731 sunt
1205 692 1234 729 a
1268 677 1517 739 Domino,
1551 654 1840 730 contentus
1863 685 2000 729 esto.
2029 674 2145 741 Ipse

572 766 841 833 persolvet
883 781 982 835 pro
1034 767 1361 836 pauperibus
1409 780 1627 821 usuras.
1669 761 1751 819 Ab
1782 779 1848 820 eo
1888 766 1980 834 qui
2017 777 2146 819 vere

571 857 834 930 benignus
863 869 966 924 est,
1006 859 1392 930 benignitatem
1418 869 1694 928 exsltecta.
1729 856 1858 926 Quae
1881 860 2027 914 enim
2054 875 2145 912 ac-

573 951 709 1021 cipis
742 967 772 1005 a
823 968 1074 1022 paupere.
1114 967 1178 1006 ea
1219 967 1435 1007 omnem
1480 951 1890 1006 inbumanitatis
1929 949 2144 1004 modum

570 1053 848 1112 superant.
886 1042 1044 1096 Facis
1079 1054 1344 1112 quaastum
1386 1058 1453 1097 ex
1498 1041 1918 1105 calamitatibus,
1960 1055 2026 1095 ex
2063 1041 2138 1094 lao

571 1137 777 1205 crymis
810 1135 1018 1203 colligis
1064 1145 1368 1205 argentum,
1420 1135 1622 1189 nudum
1657 1133 1984 1202 strangulas.
2025 1147 2145 1186 ver-

571 1225 732 1280 beras
781 1227 1132 1280 famelicum:
1168 1241 1432 1296 nusquam
1481 1225 1854 1280 misericordia
1900 1243 1914 1278 :
1955 1239 2147 1294 cogna-

571 1318 734 1372 tionis
775 1319 912 1387 ejus,
957 1333 1076 1386 qua:
1135 1334 1257 1372 cum
1298 1319 1550 1372 divexato
1601 1317 1855 1378 habetur,
1889 1315 2145 1384 cogitatio

571 1406 716 1460 nulla
749 1408 988 1462 animum
1041 1409 1179 1460 subit
1215 1425 1228 1460 :
1262 1407 1370 1460 imo
1406 1422 1526 1476 qua:
1552 1407 1678 1460 inde
1713 1405 2036 1474 proveniunt
2063 1404 2146 1457 lu-

570 1511 661 1549 cra
686 1497 917 1550 humana
947 1497 1204 1566 appellas.
1233 1495 1343 1562 ναι,
1373 1498 1462 1566 qui
1481 1496 1666 1551 dicunt
1695 1510 1936 1550 amarum
1961 1494 2142 1561 dulce,

569 1597 622 1640 et
649 1585 802 1642 dulce
821 1602 1064 1642 amarum
1090 1589 1156 1651 ³⁸,
1187 1589 1388 1658 quique
1419 1588 1864 1643 inhnmauitatem
1897 1588 2146 1640 humani-

571 1685 732 1732 tatem
787 1691 1005 1734 vocaut.
1047 1679 1228 1748 Neque
1281 1695 1410 1735 vero
1461 1681 1738 1751 proposita
1790 1695 1821 1733 a
1878 1678 2143 1734 Samsone

2249 487 2358 553 ἕξει
2388 487 2589 551 καλῶς.
2622 489 2711 542 Σοὶ
2747 488 2845 559 μὲν
2878 490 2986 560 γὰρ
3015 489 3247 560 ὑπάρξει
3271 491 3333 542 τὸ
3360 492 3422 543 ἐκ
3450 491 3550 560 τῆς
3581 490 3864 560 φυλακῆς

2247 581 2519 648 ἀσφαλές·
2547 581 2625 652 τῷ
2659 581 2716 634 δὲ
2746 581 2962 635 λαϐόντι
2995 583 3056 634 τὸ
3097 583 3162 634 ἐκ
3196 581 3294 652 τῆς
3329 583 3579 653 χρήσεως
3620 581 3855 654 κέρδος.

2249 674 2310 726 El
2340 673 2395 726 δὲ
2425 675 2517 727 καὶ
2545 673 2863 746 προσθήκην
2893 675 3189 745 ἐπιζητεῖς,
3221 673 3516 746 ἀρκέσθητι
3539 677 3660 738 τοῖς
3686 673 3858 744 παρά

2253 765 2347 820 τοῦ
2399 767 2625 838 Κυρίου.
2675 766 2848 830 Αὐτὸς
2894 766 3034 838 ὑπὲρ
3079 766 3188 819 τῶν
3239 767 3484 836 πενήτων
3525 765 3619 818 τὸν
3679 766 3855 818 πλεο-

2249 859 2455 929 νασμὸν
2512 859 2782 912 ἀποτίσει.
2846 859 3004 930 Παρὰ
3062 857 3156 911 τοῦ
3215 857 3383 921 ὅντως
3440 857 3850 928 φιλανθρώπου

2249 951 2487 1021 ἀνάμενε
2521 950 2588 1004 τά
2620 949 2999 1020 φιλάνθρωπα.
3051 951 3112 1001 "A
3154 948 3262 1020 γὰρ
3294 949 3624 1019 λαμϐάνεις,
3659 948 3851 1004 ταῦτα

2251 1043 2669 1115 μισανθρωπίας
2720 1043 2978 1112 οὐδεμίαν
3017 1041 3322 1113 ὑπερϐολὴν
3363 1040 3648 1094 ἀπολείπει
3694 1041 3846 1111 (64).

2261 1137 2394 1190 Ἀπὸ
2428 1135 2722 1206 συμφορῶν
2750 1133 3072 1205 κερδαίνεις,
3106 1133 3211 1186 ἀπὸ
3245 1132 3492 1202 δακρύων
3528 1132 3847 1203 ἀργυρολο-

2248 1227 2384 1293 γεῖς,
2429 1223 2520 1276 τὸν
2561 1222 2765 1293 γυμνὸν
2794 1223 3004 1292 ἄγχεις,
3050 1222 3142 1274 τὸν
3179 1221 3513 1292 λιμώττοντα
3561 1221 3801 1286 τύπτεις
3828 1239 3843 1252 ο

2247 1315 2394 1378 ἕλεος
2431 1313 2665 1384 οὐδαμοῦ
2691 1329 2704 1342 ⁸
2750 1314 2927 1367 ἔννοια
2960 1314 3061 1384 τῆς
3095 1315 3411 1382 συγγενείας
3456 1314 3550 1367 τοῦ
3590 1316 3843 1385 πάσχον-

2245 1421 2338 1468 τος
2377 1403 2634 1476 οὐδεμία’
2693 1404 2788 1458 καὶ
2840 1404 2910 1458 τὰ
2954 1404 3202 1458 ἐντεῦθεν
3251 1405 3416 1476 κέρδη
3465 1405 3841 1478 φιλάνθρωπα

2245 1494 2550 1566 ὀνομάζεις.
2585 1496 2720 1548 Οὐαὶ⁸
2749 1497 2796 1548 οί
2823 1495 3074 1564 λέγοντες
3103 1496 3163 1548 τὸ
3187 1498 3384 1568 πικρὸν
3410 1498 3603 1566 γλυκὺ,
3637 1501 3733 1552 καὶ
3774 1499 3840 1552 τὺ

2248 1585 2417 1654 γλυκὺ
2440 1587 2635 1657 πικρὸν
2655 1586 2789 1657 (65),
2804 1587 2958 1641 καὶοί
2979 1588 3075 1659 τὴν
3099 1588 3510 1662 μισανθρωπίαν
3528 1589 3840 1661 φιλανθρω-

2247 1679 2376 1732 πίαν
2395 1679 2907 1752 προσαγορεύοντες.
2928 1681 3064 1734 Οὐδέ
3079 1681 3146 1734 τά
3160 1681 3251 1735 τοῦ
3270 1680 3508 1752 Σαμψὼν
3523 1683 3836 1753 αἰνίγματα

566 1769 979 1826 combibouibus
1006 1773 1292 1842 enigmata
1319 1812 1333 1836 ,
1367 1783 1524 1828 erant
1553 1773 1813 1839 ejusmodi
1841 1789 1853 1823 :
1892 1772 1930 1824 Α
1973 1789 2139 1826 come-

2243 1771 2468 1825 τοιαῦτα
2511 1767 2598 1842 ἦν,
2644 1771 2680 1825 ἀ
2731 1771 3063 1842 προεϐάλετο
3116 1776 3229 1836 τοῖς
3288 1774 3618 1844 συμπόταις·
3692 1774 3834 1828 Ἀπὸ

565 1864 719 1914 dente
763 1863 918 1916 exivit
979 1864 1144 1927 cibus,
1193 1877 1240 1917 et
1279 1881 1311 1917 a
1359 1863 1486 1933 forti
1538 1866 1663 1918 exiit
1711 1863 1865 1917 dulce
1886 1864 2049 1919 ³ἰει
2076 1863 2143 1918 ab

574 1953 873 2008 inhumano
909 1953 1217 2009 humanitas
1253 1957 1470 2024 prodiit.
1513 1956 1633 2009 Non
1663 1955 1910 2026 colligunt
1939 1957 2002 2009 de
2036 1957 2144 2025 spi-

565 2045 650 2098 m's
679 2061 826 2106 uvas.
861 2064 1024 2116 neque
1057 2048 1119 2100 de
1156 2049 1361 2101 tribulis
1389 2049 1520 2115 ﬁcus
1542 2048 1609 2112 ⁸ο,
1651 2064 1823 2117 neque
1861 2064 1890 2102 a
1937 2047 2144 2103 [tenore

564 2137 977 2208 benignitatem.
1033 2139 1221 2195 Omnis
1281 2141 1425 2195 enim
1513 2142 1677 2196 arbor
1741 2143 1979 2196 marcida
2036 2142 2146 2196 fru-

566 2241 685 2284 ctus
721 2230 892 2285 malos
945 2230 1094 2284 facit.
1147 2230 1376 2298 Quidam
1433 2242 1559 2286 sunt
1604 2235 2027 2288 centesimatores
2089 2243 2144 2290 et

568 2321 915 2374 decimatores
945 2337 964 2374 :
998 2321 1213 2375 nomina
1270 2323 1356 2376 vel
1405 2324 1588 2377 auditu
1642 2325 1944 2389 horrenda;
1997 2340 2144 2379 men-

571 2413 707 2466 ειηιὶ
744 2413 817 2466 illi
871 2415 1213 2481 repetitores,
1250 2415 1394 2468 velut
1433 2415 1486 2468 hi
1535 2416 1809 2470 daemones
1843 2417 1930 2485 qui
1973 2418 2144 2471 comi-

568 2501 713 2554 tialis
763 2502 934 2556 morbi
992 2515 1244 2558 auctores
1294 2513 1442 2567 sunt,
1476 2504 1545 2557 ad
1598 2506 1739 2560 luna:
1788 2507 2040 2575 periodos
2085 2495 2141 2562 in

571 2592 833 2662 pauperes
891 2595 1171 2651 invadunt.
1213 2596 1364 2663 Quod
1415 2599 1593 2665 datur,
1633 2598 1685 2653 id
1739 2601 1956 2669 utrique
2005 2602 2144 2656 male

565 2687 730 2748 cedit,
759 2697 813 2741 et
847 2686 1020 2751 danti,
1053 2698 1106 2742 et
1141 2689 1425 2758 accipienti
1464 2707 1478 2742 :
1513 2689 1638 2744 huic
1680 2690 1897 2759 quidem
1949 2691 2002 2744 in
2047 2706 2141 2760 pe-

567 2777 783 2841 cunias,
817 2779 890 2832 illi
923 2794 1051 2833 vero
1088 2780 1138 2833 in
1187 2780 1356 2849 ipsam
1397 2782 1633 2835 animam
1667 2782 1922 2836 damnum
1956 2782 2138 2842 infert.

566 2867 841 2937 Agricola,
878 2869 1026 2938 spica
1079 2883 1322 2939 accepta,
1357 2885 1543 2925 semen
1593 2887 1782 2926 rursus
1822 2874 1922 2926 sub
1961 2873 2144 2928 radice

568 2976 676 3014 non
715 2972 990 3015 scrutatur
1023 2980 1035 3015 :
1073 2972 1126 3014 tu
1156 2977 1286 3016 vero
1319 2972 1373 3015 et
1403 2963 1611 3018 fruetus
1640 2963 1825 3029 babes,
1853 2972 1906 3019 et
1937 2971 2139 3018 sortem

567 3067 674 3104 non
713 3051 990 3120 relinquis.
1028 3052 1244 3107 Plantas
1277 3052 1394 3107 sine
1423 3062 1601 3117 terra;
1631 3055 1745 3107 sine
1779 3056 1987 3110 satione
2025 3071 2137 3109 me-

2243 1864 2553 1929 ἐσθίοντος
2563 1863 2784 1929 ἐξῆλθε
2801 1862 3049 1931 βρῶσις,
3070 1864 3168 1918 καί
3185 1864 3301 1918 ἀπὸ
3325 1865 3578 1934 ἰσχυροῦ
3597 1864 3833 1932 ἐξῆλθε

2243 1957 2437 2026 γλυκύ
2457 1972 2471 1985 ·
2512 1956 2605 2009 καὶ
2627 1957 2735 2010 ἀπὸ
2771 1955 3154 2027 μισανθρώπου
3184 1955 3375 2026 ἐξῆλθε
3417 1956 3830 2027 φιλανθρωπία.

2238 2052 2322 2104 Οὐ
2367 2049 2784 2118 συλλέγουσιν
2830 2047 2948 2102 ἀπὸ
2987 2047 3267 2102 ἀκανθῶν
3299 2049 3642 2117 σταφυλὰς,
3683 2050 3833 2103 οὐδὲ

2242 2141 2361 2196 ἀπὸ
2387 2141 2672 2209 τριϐόλων
2692 2140 2854 2194 σῦκα
2871 2182 2886 2204 ,
2909 2140 3029 2192 οὐδὲ
3052 2139 3159 2192 ἀπὸ
3183 2139 3356 2192 τόκων
3383 2138 3828 2208 φιλανθρωπίαν.

2244 2235 2360 2287 Πᾶν
2405 2233 2514 2304 γάρ
2552 2232 2766 2304 δένδρον
2806 2231 3014 2303 σαπρὸν
3056 2225 3302 2303 καρποὺς
3331 2232 3599 2300 πονηροὺς
3645 2232 3823 2283 ποιεῖ.

2255 2324 2748 2391 Ἐκατοστολόγοι
2776 2323 2869 2375 καὶ
2887 2323 3280 2391 δεκατηρῑόγοι
3307 2321 3450 2384 τινὲς
3477 2320 3589 2392 (66)
3614 2321 3827 2392 φρικτά

2243 2415 2337 2468 καί⁵
2373 2413 2707 2484 ἀκουσθῆναι
2734 2413 3003 2484 ὀνόματα·
3031 2416 3264 2484 μηνιαϊοι
3289 2414 3604 2484 ἀπαιτηταὶ,
3628 2411 3829 2484 (Lamp

2242 2508 2293 2560 οί
2320 2506 2418 2570 τάς
2445 2507 2738 2577 ἐπιληψίας
2771 2506 3051 2570 ποιοῦντες
3080 2507 3358 2578 δαίμονες,
3405 2507 3545 2560 κατά
3582 2506 3687 2570 τὰς
3729 2523 3830 2560 πε-

2245 2596 2454 2666 ριόδους
2515 2595 2616 2666 τῆς
2678 2595 2908 2666 σελήνης
2962 2596 3324 2666 ἐπιτιθέμενοι
3395 2599 3506 2659 τοῖς
3560 2599 3825 2666 πτωχοῖς.

2244 2689 2464 2758 Πονηρά
2491 2688 2637 2751 δόσις
2668 2689 2933 2758 ἐκατέρῳ,
2967 2688 3063 2741 καὶ
3095 2687 3173 2758 τῷ
3193 2688 3408 2752 διδόντι,
3443 2689 3537 2742 καὶ
3564 2688 3640 2759 τῷ
3674 2689 3826 2759 λαμ-

2243 2780 2456 2833 ϐάνοντι
2478 2797 2490 2810 ο
2521 2780 2598 2850 τῷ
2647 2780 2744 2850 μὲν
2789 2783 2869 2843 είς
2900 2783 3174 2852 χρήματα,
3208 2780 3286 2851 τῷ
3317 2781 3372 2834 δὲ
3415 2783 3491 2844 είς
3518 2781 3690 2852 αὐτὴν
3722 2781 3828 2852 τὴν

2240 2871 2418 2942 ψυχὴν
2447 2871 2685 2944 φέρουσα
2714 2873 2810 2942 τὴν
2835 2872 3058 2942 ζημίαν.
3101 2873 3158 2926 Ὀ
3191 2873 3454 2943 γεωργὸς,
3484 2873 3576 2928 τὸν
3615 2875 3828 2944 στάχυν

2245 2963 2449 3028 λαϐὼν,
2478 2963 2540 3016 τὸ
2570 2964 2792 3036 σπέρμα
2823 2964 2985 3018 πάλιν
3013 2964 3118 3017 ὐπὸ
3143 2965 3240 3036 τὴν
3271 2966 3426 3036 ῥίζαν
3455 2967 3554 3018 οὐκ
3584 2967 3788 3036 ἐρευνᾷ
3809 2983 3825 2996 ·

2245 3054 2310 3106 σὺ
2347 3054 2404 3107 δὲ
2437 3053 2530 3107 καὶ
2567 3056 2695 3117 τοὺς
2745 3057 2994 3125 καρποὺς
3039 3056 3204 3126 ἔχεις,
3255 3057 3351 3109 καὶ
3394 3057 3493 3110 οὐκ
3520 3057 3828 3126 ἀφίστασαι

568 3141 660 3194 tis.
690 3141 787 3196 Cui
830 3158 1114 3212 congeras,
1148 3147 1413 3199 incertum
1454 3155 1561 3200 est.
1597 3145 1696 3212 Qui
1725 3147 1794 3200 ob
1823 3163 2015 3202 usuras
2057 3147 2138 3200 la-

2243 3144 2350 3197 τῶν
2403 3146 2667 3216 ἀρχαίων.
2709 3120 2870 3203 Ἀνέυ
2925 3146 3030 3215 γῆς
3068 3120 3372 3214 ⁷φυτεύεις·
3426 3120 3582 3198 ἄνευ⁷
3609 3148 3829 3215 σπορᾶς

568 3241 866 3302 crymatur,
895 3247 1047 3290 certo
1078 3238 1390 3307 agnoscitur
1427 3256 1440 3291 :
1475 3238 1566 3307 qui
1597 3253 1724 3292 vero
1759 3254 1946 3292 earum
1983 3239 2136 3307 copia

564 3324 834 3382 fruiturus
874 3337 978 3391 est,
1012 3345 1116 3383 non
1161 3339 1330 3383 certo.
1369 3330 1501 3384 Nam
1543 3332 1811 3384 incertum
1843 3340 1926 3386 est
1958 3343 2136 3385 utrum

565 3435 672 3474 non
708 3421 785 3474 sis
821 3420 942 3476 aliis
981 3422 1291 3476 divitiarum
1329 3439 1483 3477 usum
1533 3425 1842 3489 relicturus,
1873 3435 1928 3479 et
1958 3435 2136 3479 tamen

565 3511 662 3564 tibi
717 3511 828 3580 ipse
881 3511 1078 3565 malum
1126 3513 1406 3580 iniquitate
1453 3513 1714 3567 ascivisti.
1747 3511 1930 3582 Neque
1977 3513 2139 3582 igitur

562 3603 816 3656 volentem
871 3615 1105 3656 mutuum
1147 3609 1402 3672 accipere,
1434 3604 1686 3657 averseris
1720 3603 1790 3666 δι,
1822 3618 1996 3672 neque
2039 3618 2134 3672 pe-

561 3693 776 3747 cuniam
812 3705 957 3748 tuam
993 3695 1201 3750 laetiore
1247 3697 1618 3763 occupaveris.
1653 3696 1730 3748 Ex
1761 3693 1937 3749 Veteri
1971 3704 2026 3749 et
2067 3710 2134 3749 ex

567 3784 719 3842 Novo
753 3785 1102 3843 Testamento
1155 3787 1512 3858 conducibilia
1554 3787 1799 3853 edoctus,
1838 3787 1976 3842 bona
2013 3803 2134 3841 cum

563 3891 658 3944 spe
705 3877 770 3929 ad
815 3876 1102 3932 Dominum
1150 3880 1340 3944 abeas,
1375 3879 1638 3934 bonorum
1674 3895 1898 3948 operum
1937 3893 2136 3933 usuras

563 3965 672 4020 illic
719 3979 1080 4039 recepturus:
1132 3970 1183 4023 iu
1215 3970 1432 4024 Christo
1473 3970 1598 4024 .lesu
1645 3971 1872 4025 Domino
1926 3983 2134 4031 nostro,

563 4057 650 4109 cui
679 4057 845 4126 gloria
875 4068 930 4112 et
955 4059 1240 4128 imperium
1268 4063 1318 4112 in
1347 4061 1540 4114 saacula
1565 4061 1908 4116 saeculorum.
1940 4061 2134 4114 Amen.

2241 3235 2496 3305 θερίζεις.
2535 3236 2800 3307 Ἀδηλον,
2855 3237 2958 3289 τίνι
3010 3237 3278 3303 συνάγεις.
3328 3238 3384 3289 '0
3421 3237 3519 3307 μὲν
3563 3236 3828 3306 δακρύων

2238 3329 2331 3380 ἐπὶ
2368 3331 2480 3392 τοῖς
2512 3328 2694 3391 τόκοις
2750 3328 3045 3399 πρόδηλος⁹
3097 3330 3125 3382 ὁ
3182 3327 3239 3381 δὲ
3273 3327 3562 3381 ἀπολαύειν
3605 3327 3826 3397 μέλλων

2237 3419 2338 3488 τῆς
2355 3419 2462 3471 ἀπὸ
2477 3418 2680 3471 τούτων
2707 3419 3023 3490 περιουσίας
3046 3419 3364 3490 ἀμφίϐολος.
3392 3419 3618 3489 ’Ἄδηλον
3639 3419 3752 3489 γὰρ
3772 3421 3823 3472 εί

2241 3509 2544 3580 μὴιέτέροις
2568 3509 2665 3580 τὴν
2695 3510 2788 3562 ἐπὶ
2817 3509 2894 3580 τῷ
2924 3509 3139 3579 πλούτῳ
3162 3511 3321 3582 χάριν
3347 3510 3460 3580 (67)
3481 3511 3742 3578 ἀφήσεις,
3759 3511 3824 3564 τὸ

2239 3605 2304 3658 ἐκ
2334 3604 2433 3674 τῆς
2457 3605 2670 3668 ἀδικίας
2703 3605 2869 3657 κακὸν
2900 3603 3110 3674 σεαυτῷ
3141 3604 3496 3676 θησαυρίσας.
3526 3603 3692 3664 Μήτε
3726 3601 3824 3658 οὖν

2237 3695 2346 3747 τὸν
2405 3694 2657 3749 θέλοντα
2709 3695 3101 3748 δανείσασθαι
3151 3692 3568 3763 ἀποστραφῇς,
3607 3694 3705 3745 καὶ
3760 3694 3824 3745 τὸ

2238 3785 2502 3858 ἀργύριόν
2543 3803 2635 3840 σου
2687 3786 2761 3856 μὴ
2802 3785 2908 3856 δῷς
2953 3787 3046 3838 ἐπὶ
3087 3786 3252 3855 τόκῳ,
3304 3787 3410 3846 ἵνα,
3462 3789 3526 3838 ἐκ
3569 3785 3823 3848 Παλαιᾶς

2239 3880 2334 3931 καὶ
2376 3878 2520 3942 Νέας
2567 3879 2840 3949 Διαθήκης
2874 3877 2943 3930 τὰ
2985 3877 3330 3948 συμφέροντα
3363 3877 3659 3946 διδαχθεὶς,
3698 3879 3822 3946 μετ’

2240 3971 2450 4042 ἀγαθῆς
2495 3975 2595 4042 τῆς
2641 3971 2854 4032 ἐλπίδος
2902 3971 3040 4042 πρὸς
3081 3971 3172 4024 τὸν
3221 3969 3422 4038 Κύριον
3457 3967 3648 4040 ἀπίῃς,
3700 3971 3825 4022 ἐκεῖ

2239 4064 2366 4125 τοὺς
2391 4062 2584 4124 τόκους
2611 4061 2720 4115 τῶν
2765 4059 2983 4129 ἀγαθῶν
3029 4059 3205 4131 ἔργων
3259 4059 3711 4129 ἀποληψόμενος,
3757 4060 3820 4114 ἐν

558 4142 783 4218 Χριστῷ
823 4146 996 4218 Ἰησοῦ
1034 4148 1112 4220 τῷ
1150 4150 1342 4221 Κυρίῳ
1381 4149 1560 4220 ήμῶν,
1603 4143 1648 4217 ᾧ
1703 4151 1737 4220 ή
1775 4148 1901 4215 δόξα
1941 4152 2037 4203 καὶ
2072 4151 2134 4203 τὸ
2171 4152 2370 4224 κράτος
2401 4154 2481 4216 είς
2514 4153 2640 4215 τοὺς
2667 4151 2869 4214 αἰῶνας
2886 4151 2994 4205 τῶν
3025 4150 3256 4205 αἰώνων.
3301 4152 3492 4224 Ἀμήν.

981 4405 1046 4459 ΙΝ
1085 4405 1414 4462 PSALMUM
1455 4407 1687 4463 XXVIII.

768 4496 1016 4553 Psalmus
1049 4498 1214 4552 David
1243 4501 1298 4552 in
1331 4502 1474 4553 exitu
1505 4518 1538 4554 a
1571 4501 1930 4555 tabernaculo.

2637 4408 2747 4460 ΕΙΣ
2780 4408 2917 4460 ΤΟΝ
2951 4408 3065 4460 KH'
3087 4405 3407 4460 ΨΑΛΜΟΝ.

2409 4499 2656 4568 Ψαλμὸς
2680 4496 2760 4564 τῷ
2785 4498 2961 4552 Δαϐὶδ
2993 4498 3229 4563 ἐξοδίου
3251 4496 3489 4565 σκηνῆς
3516 4494 3647 4565 (68).

636 4591 683 4645 I.
740 4589 988 4646 Psalmus
1056 4591 1344 4645 vicesimus
1413 4600 1636 4647 octavus
1698 4593 1863 4647 habet
1917 4593 2129 4662 quidem

2309 4593 2361 4647 I.
2421 4594 2480 4645 ὐ
2511 4559 2755 4655 είκοστὸς
2805 4592 2991 4660 ὄγδοος
3033 4559 3246 4660 φαλμὺς
3293 4559 3404 4660 ἔχει
3438 4559 3559 4658 ’μὲν
3605 4559 3706 4640 ’καὶ
3754 4585 3818 4639 τὺ

557 4693 766 4755 partem
818 4683 1189 4751 inscriptionis
1233 4699 1610 4746 communem;
1666 4683 1916 4738 Psalmus
1963 4686 2129 4750 enim,

557 4777 756 4846 inquit,
789 4775 1031 4830 Davidi:
1082 4776 1246 4830 habet
1301 4790 1428 4828 vero
1475 4784 1528 4829 et
1577 4775 1778 4844 aliquid
1817 4777 2128 4844 proprium;

2239 4686 2418 4739 κοινὸν
2447 4685 2545 4755 τῆς
2581 4685 2894 4755 ἐπιγραφῆς
2914 4700 2928 4714 ο
2961 4681 3207 4751 Ψαλμὸς
3230 4684 3359 4751 γὰρ,
3394 4681 3548 4749 φησὶ,
3591 4677 3672 4744 τῷ
3701 4681 3816 4732 Δα-

2240 4774 2510 4845 ϐίδοιέχει
2539 4774 2595 4827 δέ
2635 4791 2690 4827 τι
2734 4777 2826 4826 καὶ
2879 4772 3110 4837 ἰδιάζονο
3143 4770 3465 4842 πρόσκειται
3494 4768 3636 4838 γὰρ,
3684 4766 3813 4831 Ἐε-

629 4909 674 4941 ³⁸
704 4909 824 4962 lsai.
853 4923 908 4973 ν,
937 4906 1027 4961 20.
1101 4905 1348 4962 ³⁹1ιιι1ἰε.
1376 4922 1488 4971 xlv,
1526 4905 1614 4960 14.
1689 4906 1734 4938 ⁸ο
1763 4906 1954 4962 Matth.
1981 4923 2076 4972 vn,
2119 4909 2138 4960 l

2277 4907 2321 4939 “
2353 4906 2542 4962 Matth.
2570 4923 2621 4972 ν,
2648 4906 2741 4962 42.

631 5019 743 5088 (64)
779 5018 910 5088 Reg.
951 5017 1142 5072 tertius
1163 5016 1507 5088 καταλείπει.
1553 5015 1749 5071 Statim
1784 5016 1934 5088 Colrb.
1973 5032 2135 5084 quar-

561 5087 647 5146 tus
682 5087 891 5159 πένητα
918 5089 1128 5158 ἄγχεις.
1174 5087 1377 5142 Ibidem
1414 5087 1555 5141 idem
1589 5088 1756 5141 codex
1790 5087 2006 5155 πνίγεις
2041 5102 2138 5156 pro

555 5163 802 5217 τύπτεις.
1454 5195 1464 5210 .

631 5177 882 5301 ῗξξξῖἱιθ,
923 5228 1018 5282 καὶ
1041 5227 1103 5280 τὸ
1133 5195 1555 5301 γλυκὺ-πικρόν,
1595 5225 1998 5301 εόιίὶἀίιηιιεεξ
2031 5225 2136 5279 Re-

558 5295 927 5374 giis‘secundo
950 5311 1022 5374 e_t_
1044 5310 1220 5374 sexto.
1253 5295 1570 5374 lnf_ra_Reg_.
1603 5296 1871 5374 secundus
1897 5296 2010 5348 ἀπὸ
2043 5313 2136 5374 μιτ

560 5366 928 5442 ἆανθρωπίας.
982 5367 1090 5442 Nec
1129 5368 1285 5442 aliter
1325 5367 1596 5442 legituriu
1647 5367 1776 5435 lieg.
1811 5379 1986 5442 sexto,
2039 5366 2132 5419 sed

559 5436 796 5497 secunda
835 5455 1019 5492 manu.
1052 5437 1191 5492 Editi
1226 5452 1354 5491 vero
1381 5447 1436 5490 et
1469 5436 1563 5490 alii
1597 5451 1690 5491 sex
1721 5451 1849 5491 mss.
1882 5436 1991 5490 ἀπὸ
2041 5453 2133 5506 μι-

560 5509 906 5581 σανθρώπου.

634 5574 746 5650 (66)
783 5580 874 5650 Sic
908 5577 1074 5634 editin
1115 5576 1309 5640 Basil.,
1343 5591 1502 5650 quam
1548 5574 1875 5650 scripturam
1911 5576 2135 5650 exhibet

565 5645 778 5717 quoque
828 5649 961 5717 Heg.
991 5663 1198 5708 sextus,
1235 5663 1341 5717 non
1375 5647 1591 5713 quidem
1624 5648 1794 5714 prima
1825 5661 2008 5710 manu,
2037 5645 2130 5700 sed

567 5716 788 5786 antiqua
841 5716 1043 5774 tamen.
1100 5718 1278 5773 Editio
1312 5716 1487 5772 Paris.
1543 5733 1646 5772 nou
1683 5732 1840 5773 secus
1887 5733 1948 5774 ac
1997 5731 2128 5773 mss.

2244 5017 2397 5073 multi
2425 5018 2788 5087 δεκατολόγοι.
2815 5017 2920 5071 Alii
2949 5017 3054 5087 duo
3093 5031 3222 5087 mss.
3257 5015 3656 5086 δεκαστολόγοι.
3687 5018 3812 5076 Mox

2245 5087 2379 5158 Reg.
2415 5091 2618 5154 pritnus
2646 5086 2748 5151 τάξ
2769 5086 3072 5158 ἐπιλήψεις.
3115 5086 3355 5142 Subinde
3381 5087 3516 5157 Reg.
3540 5093 3813 5148 secundus

2242 5157 2556 5227 ἐπιθέμενοι
2587 5161 2842 5227 πτωχοῖς.

2313 5223 2426 5286 (67)
2460 5229 2550 5282 Sic
2573 5223 2866 5284 octo'mss.
2887 5243 3006 5283 cum
3032 5225 3270 5281 editione
3293 5223 3457 5281 Basil.
3491 5227 3666 5281 Editio
3682 5244 3812 5286 vero

2236 5297 2885 5370 [‘aris.7t)t0t31:tp‘xdpav.
2934 5298 3054 5370 Mox
3098 5313 3228 5370 mss.
3274 5312 3380 5350 non
3404 5299 3580 5370 _pauci
3612 5299 3809 5370 ἵν’ίέκ.

2237 5367 2430 5422 Statim
2457 5365 2636 5423 editio'
2657 5365 2830 5424 Paris.
2874 5366 3223 5440 συμφέροντά
3250 5384 3351 5421 σοι.
3404 5365 3518 5422 Vox
3546 5384 3628 5421 σοι
3655 5369 3813 5425 abest

2236 5440 2305 5492 ab
2326 5440 2578 5494 omnibus
2615 5454 2744 5492 mss.

2307 5508 2419 5578 (68)
2453 5510 2566 5573 Illa,
2589 5508 2817 5578 Ψαλμὺς
2848 5508 2926 5579 τῷ
2950 5507 3114 5562 Δαϐὶδ
3138 5507 3341 5574 ἐξοδίω
3378 5508 3604 5578 σκηνῆς,
3635 5507 3812 5578 legun-

2240 5586 2325 5632 tur
2357 5579 2572 5646 quidem
2605 5581 2657 5632 in
2686 5580 3013 5634 Colbertiuis
3044 5582 3280 5633 secundo
3302 5589 3355 5634 et
3383 5580 3614 5643 septimo
3659 5589 3714 5632 et
3753 5581 3810 5632 iu

2237 5648 2473 5704 editione
2536 5647 2827 5706 Parisiensi
2881 5668 2895 5704 :
2951 5650 3044 5706 sed
3087 5649 3141 5704 in
3195 5649 3317 5706 aliis
3364 5660 3490 5706 octo
3537 5662 3670 5706 mss.
3713 5649 3812 5706 de-
