4048 6220
214 332 322 388 291

1357 319 1637 376 HOMILIA
1677 318 1741 374 IN
1780 317 2113 376 PSALMUM
2152 319 2393 375 XXVIII.

3383 317 3488 371 282

217 450 401 506 οδίου
430 446 689 516 σκηνῆς.
719 445 783 498 Τί
815 444 871 497 δὲ
922 441 1081 496 τοῦτό
1113 442 1262 505 ito-“rt;
1315 441 1615 512 Νοήσωμεν
1650 438 1703 491 τί
1736 438 1799 491 τὸ

1933 455 2037 492 tam
2075 439 2308 506 additur,
2363 439 2426 493 In
2471 442 2613 492 exitu
2654 454 2685 490 α
2731 434 3089 491 tabernaculo.
3119 433 3258 500 Quid
3303 443 3485 488 autem

218 541 455 605 ἐξόδιον,
503 540 596 591 καὶ
629 536 714 599 τίς
754 538 788 606 ἡ
830 533 1026 605 σκηνὴ,
1058 532 1145 585 ἵνα
1179 534 1237 586 ὲν
1268 531 1347 603 τῷ
1383 530 1682 602 βουλήματι
1720 528 1813 582 τοῦ

218 631 447 703 ψαλμοῦ
463 628 777 701 δυνηθῶμεν
805 625 1082 694 γενέσθαι.
1117 625 1261 695 Πρὸς
1297 624 1396 695 μὲν
1420 618 1513 676 οῦν
1542 623 1641 692 τὴν
1676 622 1817 673 ἱστο-

224 720 354 773 οίαν
398 720 539 785 δόξει
572 720 682 780 τοῖς
723 715 928 787 ἱερεῦσι
965 715 1059 769 καὶ
1093 718 1205 790 τοῖς
1239 714 1489 775 Λευῖταις
1524 710 1817 782 ἀφεμένοις

221 809 320 862 τοῦ
360 808 524 880 ἔργου
558 807 666 877 (69)
694 806 755 858 τὸ
790 803 1159 877 παράγγελμα
1201 801 1438 855 δίδοσθαι
1464 799 1643 863 τοῦτο,
1678 799 1818 851 ὥστε

227 900 545 971 μεμνῆσθαι
583 897 691 951 τῶν
721 898 1042 967 ὀφειλόντων
1071 896 1256 957 αὐτοῖς
1302 891 1818 964 παρασκευασθῆναι

224 992 370 1062 πρὸς
398 991 495 1062 τὴν
524 990 794 1061 λατρείαν.
844 986 1178 1051 Ἐξοδεύουσι
1202 986 1311 1056 γάρ
1348 985 1456 1037 ἀπὸ
1487 984 1583 1053 τῆς
1616 981 1818 1051 σκηνῆς

224 1083 326 1137 καὶ
349 1083 556 1148 ἐξιοῦσι
571 1082 753 1136 λοιπὸν
770 1084 797 1135 6
818 1081 972 1149 λόγος
993 1077 1425 1150 διαμαρτύρεται
1448 1076 1603 1129 ἆτινα
1623 1073 1820 1135 αὐτοὺς

227 1176 634 1245 ἐτοιμάσαντας
663 1172 930 1244 προσῆκε,
980 1170 1103 1223 τίνα
1155 1168 1376 1239 ἔχοντας
1416 1165 1525 1235 (70)
1560 1162 1695 1233 πρὸς
1723 1161 1820 1231 τὴν

229 1266 367 1336 ἑξῆς
409 1267 758 1336 ἀπαντῆσαι·
808 1265 911 1328 ὅτι,
956 1262 1105 1325 υἱοὺς
1140 1259 1309 1332 κριῶν
1333 1276 1347 1289 ο
1395 1259 1498 1322 ὅτι,
1535 1255 1691 1319 δόξαν
1727 1256 1822 1307 καὶ

228 1363 407 1431 τιμήν
426 1377 439 1390 ’
469 1361 569 1424 ὅτι,
598 1359 751 1425 δόξαν
785 1358 1009 1427 ὀνόματι
1039 1354 1205 1407 αὑτοῦ
1231 1371 1243 1382 ·
1270 1354 1372 1415 ὅτι,
1402 1348 1639 1420 οὐδαμοῦ
1662 1348 1823 1400 ἀλλα-

231 1450 334 1519 χοῦ
368 1450 651 1520 λατρεύειν
678 1449 712 1519 ἢ
752 1450 808 1500 ὲν
852 1449 915 1517 τῇ
959 1446 1096 1516 αὐλῇ
1130 1444 1224 1497 τοῦ
1264 1442 1470 1513 Κυρίου
1519 1440 1613 1492 κα)⁵
1656 1441 1713 1491 ὲν
1745 1438 1821 1509 τῷ

232 1542 394 1612 τόπῳ
435 1541 528 1594 τοῦ
561 1541 902 1611 άγιάσματος
931 1538 1197 1609 προσῆκε.
1235 1534 1379 1605 Πρὸς
1419 1533 1474 1586 δὲ
1506 1532 1596 1585 τὸν
1625 1534 1657 1602 ἡ
1669 1530 1825 1602 μέτε-

237 1651 334 1706 ρον
361 1633 489 1687 νοῦν
524 1634 616 1686 τὸν
650 1633 717 1684 τὰ
758 1630 935 1701 ὑψηλά
967 1628 1296 1699 θεωροῦντα,
1330 1627 1426 1679 καὶ
1476 1625 1562 1678 διὰ
1598 1628 1696 1695 τῆς
1730 1642 1825 1694 με-

234 1724 548 1795 γαλοφυοῦς
594 1725 688 1777 καὶ
743 1720 1057 1794 πρεπούσης
1082 1722 1148 1789 τῇ
1202 1719 1323 1789 θείᾳ.
1350 1719 1542 1789 Γραφῇ
1586 1716 1823 1779 διανοίας

236 1816 551 1871 οίκειοῦντα
580 1817 712 1886 ἡμῖν
742 1815 832 1866 τὸν
867 1814 1063 1882 νόμον,
1109 1812 1292 1863 ἐκεῖνα
1326 1810 1455 1879 ἡμῖν
1492 1809 1819 1861 ὑποπίπτει·

234 1910 368 1965 οὗτε
403 1908 557 1979 κριὸς
585 1908 644 1960 τὸ
672 1907 837 1979 άρρεν
859 1908 914 1958 ἐν
943 1906 1054 1966 τοῖς
1084 1902 1377 1973 προϐάτοις
1428 1903 1648 1962 νοεῖται,
1702 1900 1825 1951 οὕτε

236 2002 424 2073 σκηνὴ
470 2001 529 2053 τὸ
554 2002 617 2053 ἐκ
646 2000 743 2069 τῆς
780 1996 987 2066 ἀψύχου
1032 1994 1236 2063 ταύτης
1268 1991 1400 2063 ῦλης
1427 1992 1823 2062 συμπηγνύμε-

233 2114 330 2151 νον
377 2093 617 2163 οἴκημα,
661 2090 785 2143 οὔτε
828 2088 1005 2153 ἔξοδος
1056 2087 1261 2156 σκηνῆς
1314 2088 1346 2155 ἡ
1400 2086 1507 2139 ἀπὸ
1551 2084 1647 2137 τοῦ
1695 2082 1823 2136 ναοῦ

235 2185 613 2256 ἀναχώρησις,
658 2182 793 2235 ἀλλὰ
825 2180 998 2250 σκηνὴ
1046 2178 1144 2249 μὲν
1178 2181 1310 2249 ἡμῖν
1340 2179 1401 2230 τὸ
1447 2176 1604 2248 σῶμα
1638 2176 1824 2238 τοῦτο,

237 2281 316 2343 ὡς
349 2281 379 2332 6
430 2276 747 2338 Ἀπόστολος
788 2276 935 2344 ἡμᾶς
976 2272 1184 2337 ἐδίδαξε
1212 2272 1407 2339 λέγων,
1450 2271 1533 2323 ὅτι
1566 2274 1628 2324 Οἱ
1658 2269 1830 2333 ὄντες

235 2373 308 2425 ἐν
342 2369 431 2435 τῷ
471 2368 684 2434 σκήνει
723 2364 1119 2434 στενάζομεν·
1170 2365 1264 2417 καὶ
1302 2363 1464 2416 πάλιν
1506 2365 1533 2415 6
1579 2361 1824 2432 ψαλμός·

237 2465 350 2520 Καὶ
376 2462 606 2533 μάστιξ
640 2462 750 2514 οὐκ
777 2458 962 2529 smmi
1003 2458 1082 2523 τῷ
1129 2456 1478 2525 σκηνώματι
1519 2472 1657 2509 σου.
1716 2452 1828 2518 Ἐξ·

238 2557 387 2610 όδιον
420 2556 475 2607 δὲ
510 2553 716 2623 σκηνῆς
748 2554 780 2622 ἡ
808 2551 917 2602 ἀπὸ
944 2549 1038 2601 τοῦ
1072 2550 1185 2619 βίου
1231 2548 1423 2601 τούτου
1453 2546 1820 2617 ἀναχώρησις,

241 2646 383 2716 πρὸς
416 2645 481 2713 ἢν
522 2638 1037 2712 παρασκευάζεσθαι
1085 2639 1231 2707 ἡμᾶς
1277 2639 1305 2689 6
1334 2638 1491 2705 λόγος
1516 2636 1827 2707 παρεγγυᾷ,

242 2736 375 2789 τάδε
408 2733 530 2787 τινὰ
550 2733 644 2786 καὶ
666 2731 789 2786 τάδε
823 2730 1148 2799 κομίζοντας
1175 2728 1252 2799 τῷ
1279 2728 1468 2800 Κυρίῳ
1488 2745 1501 2759 ·
1538 2728 1767 2798 ἐπείπερ
1797 2730 1830 2798 ἡ

249 2826 487 2882 ἐνταῦθα
518 2824 751 2896 ἐργασία
784 2823 992 2891 ὲφόδιόν
1014 2824 1131 2873 ἐστι
1157 2822 1293 2892 πρὸς
1329 2821 1388 2874 τὸ
1422 2820 1639 2891 μέλλον.
1672 2820 1782 2872 Καὶ
1806 2822 1835 2873 6

249 2918 488 2975 ἐνταῦθα
514 2917 600 2970 διὰ
623 2916 731 2969 τῶν
752 2914 972 2983 ἀγαθῶν
1000 2913 1176 2984 ἔργων
1213 2913 1324 2983 (71)
1354 2912 1510 2976 δόξαν
1535 2913 1716 2983 φέρων
1742 2913 1835 2964 καὶ

248 3011 421 3082 τιμὴν
457 3009 535 3081 τῷ
568 3008 778 3080 Κυρίῳ,
811 3002 965 3069 οὗτος
986 3005 1143 3069 δόξαν
1171 3005 1346 3075 ἑαυτῷ
1368 3006 1463 3057 καὶ
1490 3005 1656 3075 τιμὴν
1695 3004 1835 3057 κατὰ

249 3106 353 3176 τὴν
384 3103 597 3156 δικαίαν
627 3100 720 3154 τοῦ
745 3098 932 3171 κριτοῦ
961 3098 1318 3152 ἀνταπόδοσιν
1349 3097 1685 3169 θησαυρίζει.
1745 3097 1833 3148 Ἐν
1861 3135 1903 3192 C

252 3193 469 3257 πολλοῖς
516 3192 697 3262 μέντοι
726 3189 834 3242 τῶν
862 3187 1214 3259 ἀντιγράφων
1252 3187 1648 3260 προσκείμενον
1679 3185 1738 3238 εὖ
1749 3204 1834 3256 ρο-

258 3303 359 3357 μεν
382 3286 463 3347 τὸ,
503 3284 807 3353 Ἐνέγκατε
842 3281 923 3348 τῷ
954 3281 1169 3348 Κυρίῳ,
1204 3280 1323 3333 υἱοί
1353 3279 1521 3333 Θεοῦ.
1552 3280 1661 3332 Καὶ
1686 3279 1836 3331 ὲπεί-

256 3395 365 3449 περ
411 3378 470 3430 οὺ
520 3376 718 3439 παντὸς
759 3375 931 3447 δῶρον
976 3373 1371 3445 εὐπρόσδεκτον
1405 3372 1485 3443 τῷ
1530 3372 1669 3442 Θεῷ,
1700 3372 1837 3426 ἀλλὰ

254 3467 352 3522 τοῦ
395 3467 504 3521 ἀπὸ
553 3467 778 3538 καρδίας
834 3466 1201 3536 προσάγοντος
1254 3464 1531 3535 καθαρᾶς·
1591 3466 1674 3518 Οὐ
1727 3464 1838 3533 γὰρ

254 3560 436 3629 ἁγναί
461 3558 596 3629 (72),
628 3558 810 3628 φησὶν,
832 3556 1002 3625 εὐχαὶ
1032 3555 1150 3609 ἀπὸ
1173 3555 1553 3625 μισθώματος
1577 3555 1833 3623 ἐταίραςν

254 3651 355 3705 καὶ
380 3651 541 3704 πάλιν
563 3648 847 3721 Ἱερεμίας,
875 3648 971 3716 Μὴ
998 3647 1192 3715 εὐχαὶ,
1224 3648 1378 3717 φησὶ,
1409 3647 1507 3700 καὶ
1528 3646 1673 3715 κρέα
1703 3647 1840 3717 ἅγια

255 3740 566 3809 ἀφελοῦσι
595 3754 711 3792 σου
744 3739 847 3804 τὰς
894 3740 1127 3803 κακίας,
1170 3737 1209 3806 ἢ
1249 3739 1483 3803 τούτοις
1512 3737 1629 3805 ἔσῃ
1659 3742 1838 3792 καθα-

252 3837 362 3905 ρός
379 3851 399 3899 ;
430 3833 616 3905 διόπερ
639 3836 667 3885 ὁ
693 3833 906 3904 ψαλμὸς
940 3833 1203 3905 πρότερον
1226 3833 1373 3903 ἡμᾶς
1406 3831 1654 3902 βούλεται
1690 3835 1840 3897 υίοὺς

255 3923 397 3979 εἶναι
414 3924 570 3988 Θεοῦ,
596 3921 715 3977 εἶτα
742 3925 861 3977 τότε
887 3925 1131 3994 ἁπαντᾷν
1156 3924 1249 3975 ἐπὶ
1275 3924 1333 3975 τὸ
1359 3924 1749 3994 προσκομίζειν
1774 3925 1840 3978 τὰ

254 4016 409 4089 δῶρα
429 4018 506 4088 τῷ
531 4016 669 4087 Θεῷ,
702 4018 796 4069 καὶ
817 4015 990 4069 ταῦτα
1016 4018 1077 4068 οὺ
1109 4016 1177 4067 τὰ
1210 4017 1459 4084 τυχόντα,
1490 4016 1604 4069 ἀλλ’
1630 4011 1716 4068 οἵα
1744 4016 1841 4069 αὐ-

255 4110 351 4173 τὸς
382 4109 678 4173 διετάξατο.
705 4109 972 4179 Πρότερον
989 4108 1130 4171 εἰπὲ,
1152 4107 1353 4178 Πάτερ,
1383 4104 1499 4161 εἶτα
1530 4108 1749 4177 αἴτησον
1773 4108 1841 4161 τὰ

262 4201 482 4271 ἐφεξῆς.
518 4202 821 4272 Δοκίμασον
849 4202 905 4255 δὲ
929 4201 1149 4254 σεαυτὸν
1176 4203 1240 4253 ὲκ
1263 4201 1507 4254 ποταποῦ
1533 4200 1647 4270 βίου
1672 4203 1841 4271 ἀπήν-

260 4310 467 4361 τηκας·
503 4294 551 4343 εί
581 4292 727 4355 ἄξιος
756 4288 805 4344 εἷ
838 4294 969 4345 Θεὸν
1020 4294 1112 4345 τὸν
1155 4292 1308 4360 άγιον
1358 4292 1570 4363 πατέρα
1610 4291 1839 4344 σεαυτοῦ

260 4384 571 4454 ὀνομάζειν.
603 4385 678 4435 Δι’
700 4384 969 4453 ἁγιασμοῦ
1004 4387 1151 4437 ἐστιν
1171 4387 1203 4453 ἡ
1215 4386 1304 4453 μίν
1334 4386 1367 4453 ἡ
1403 4384 1540 4455 πρὸς
1564 4383 1657 4435 τὸν
1687 4382 1840 4452 ἅγιον

1918 532 2019 585 hoc
2049 530 2167 585 est?
2198 530 2613 584 Consideremus
2638 528 2759 597 quis
2788 527 2858 580 sit
2886 525 2974 579 ille
3002 526 3196 589 exitus,
3226 533 3281 578 et
3307 525 3486 592 quod-

1919 637 2039 676 nam
2080 622 2153 676 sit
2196 621 2324 674 illud
2369 618 2794 680 tabernaculum,
2832 624 2890 669 ut
2941 614 3135 669 Psalmi
3184 613 3488 680 intelligen-

1920 714 2047 766 tiam
2087 710 2246 782 114
2271 709 2484 778 assequi
2527 710 2823 761 valeamus.
2867 704 3017 771 Quod
3048 705 3212 772 igitur
3247 704 3487 771 pertinet

1921 807 1984 858 ad
2026 806 2332 866 historiam,
2362 801 2415 855 id
2443 799 2698 870 praecepti
2731 796 3000 851 videbitur
3032 795 3404 850 sacerdotibus
3433 803 3490 847 et

1920 898 2097 953 levitis
2125 910 2287 966 opere
2318 894 2518 947 functis
2546 892 2728 945 datum
2756 904 2895 951 esse,
2927 898 2982 941 ut
3009 902 3196 942 eorum
3229 902 3347 954 qua:
3373 901 3401 938 a
3431 900 3492 939 se

1920 990 1986 1043 ad
2034 987 2393 1042 ministerium
2443 980 2735 1053 praeparari
2790 980 3005 1040 debent,
3054 979 3490 1031 rc-ininiscantur.

1921 1080 2254 1138 Exeuntibus
2286 1078 2425 1131 enim
2458 1092 2489 1131 e
2533 1071 2904 1137 tabernaculo,
2939 1069 3211 1139 Scriptura
3245 1084 3366 1121 mox
3399 1067 3494 1121 de-

1920 1175 2113 1238 clarat,
2145 1187 2264 1239 qua:
2299 1171 2444 1238 ipsos
2480 1180 2698 1237 parasse
2748 1179 2843 1235 par
2883 1162 2973 1224 sit,
3006 1169 3061 1215 et
3089 1176 3207 1228 quae
3250 1166 3496 1229 oporteat

1923 1266 2141 1328 habere,
2176 1273 2232 1316 ut
2279 1262 2344 1315 ad
2395 1267 2709 1328 sequentem
2760 1258 2900 1310 diem
2949 1253 3290 1314 conveniant,
3333 1251 3491 1303 nimi-

1924 1372 2040 1411 rum
2093 1355 2229 1409 filios
2282 1354 2534 1416 arietum,
2569 1349 2819 1418 gloriam,
2856 1348 3139 1407 honorem,
3171 1354 3225 1395 et
3269 1341 3495 1409 gloriam

1925 1449 2129 1504 nomini
2167 1448 2319 1515 ejus;
2360 1446 2509 1507 item,
2543 1456 2807 1510 nusquam
2844 1439 2968 1492 alibi
3014 1437 3114 1491 nisi
3156 1437 3208 1489 in
3246 1436 3362 1488 aula
3398 1435 3499 1487 Do-

1925 1542 2053 1596 mini
2082 1551 2135 1594 et
2160 1536 2466 1593 sanctitatis
2492 1535 2608 1588 loco
2632 1534 2830 1587 cultum
2847 1530 3089 1585 exhiberi
3113 1531 3325 1583 debere.
3348 1526 3500 1593 Quod

1927 1648 2054 1687 vero
2090 1634 2155 1684 ad
2190 1630 2296 1682 vim
2331 1625 2662 1696 intelligendi
2701 1633 2941 1676 nostram
2989 1629 3214 1689 spectat,
3250 1617 3500 1673 sublimia

1925 1719 2401 1786 contemplantem,
2430 1725 2588 1784 atque
2621 1712 2903 1783 magniﬁca
2935 1712 3179 1779 quaedam
3213 1724 3275 1763 ac
3304 1708 3501 1762 divinae

1928 1815 2223 1883 Scriptum
2285 1806 2628 1865 convenienti
2692 1802 3045 1871 intelligentia
3107 1800 3277 1870 legem
3347 1798 3501 1852 nobis

1928 1904 2246 1959 familiarem
2308 1900 2653 1961 reddentem,
2713 1896 2800 1949 illa
2856 1894 3010 1947 uobis
3068 1898 3394 1954 occurrunt,
3444 1895 3503 1942 ut

1927 2010 2103 2065 neque
2134 1994 2275 2047 aries
2308 2006 2424 2044 uias
2452 1991 2591 2044 inter
2612 2003 2741 2042 oves
2771 1984 3083 2052 accipiatur,
3117 1997 3292 2052 neque
3324 1983 3502 2035 taber-

1928 2087 2179 2142 naculum
2208 2082 2497 2138 mdilicium
2528 2096 2595 2134 ex
2628 2080 2731 2133 hac
2759 2078 3052 2132 inauimata
3087 2074 3311 2129 materia
3354 2086 3474 2127 com

1929 2189 2164 2249 pactum,
2213 2190 2386 2243 neque
2436 2175 2611 2226 exitus
2663 2187 2693 2224 a
2747 2167 3099 2223 tabernaculo
3152 2167 3423 2221 discessus
3473 2178 3504 2217 a

1931 2268 2184 2336 templo:
2235 2266 2328 2318 sed
2392 2262 2491 2321 hoc
2548 2268 2790 2314 nostrum
2847 2270 3041 2323 corpus
3099 2250 3505 2305 tabernaculum

1932 2358 2085 2412 nobis
2134 2364 2217 2408 est
2256 2371 2270 2405 :
2309 2362 2366 2406 ut
2413 2367 2510 2404 nos
2557 2347 2737 2403 docuit
2781 2344 3092 2414 Ap0stolus.
3132 2342 3317 2395 dicens
3355 2358 3367 2393 :
3403 2339 3507 2403 Qui

1931 2466 2111 2504 sumus
2163 2448 2215 2498 in
2262 2444 2359 2498 hoc
2405 2441 2747 2496 tabernaculo
2782 2435 3168 2506 iugemiscimus
3198 2434 3267 2485 ".
3307 2430 3374 2484 Et
3410 2431 3508 2483 itc-

1934 2553 2107 2596 terum
2153 2538 2438 2607 psalmus:
2479 2532 2545 2586 Et
2598 2530 2863 2601 flagellum
2919 2544 3023 2579 non
3070 2519 3508 2593 appropinquabit

1933 2630 2270 2690 tabernaculo
2328 2638 2423 2680 tuo
2459 2626 2525 2679 ⁵³.
2584 2624 2775 2677 Exitus
2828 2630 3005 2672 autem
3059 2631 3088 2669 a
3140 2611 3509 2674 tabernaculo,

1932 2727 2205 2781 discessus
2246 2720 2313 2772 ab
2358 2718 2459 2771 hac
2504 2715 2611 2767 vita
2659 2722 2762 2774 est,
2796 2710 2864 2762 ad
2912 2722 3069 2775 quem
3113 2704 3195 2758 hac
3221 2718 3381 2758 voces
3415 2716 3510 2755 nos

1936 2814 2224 2889 praeparari
2273 2809 2461 2879 iubent
2513 2807 2608 2870 ita,
2651 2814 2709 2857 ut
2760 2812 2816 2857 et
2860 2803 2994 2867 luec,
3048 2808 3103 2851 et
3150 2796 3237 2849 illa
3284 2794 3510 2849 Domino

1935 2902 2222 2965 alI‘eramus
2256 2923 2269 2958 :
2298 2902 2567 2972 siquidem
2621 2912 2740 2967 qua:
2798 2909 2939 2947 nunc
2973 2900 3229 2959 aguntur,
3257 2889 3511 2940 viaticum

1935 3002 2001 3055 ad
2029 2999 2265 3053 futuram
2296 2994 2463 3047 vitam
2490 2999 2638 3042 sunt.
2670 2987 2736 3040 Et
2766 2985 2855 3055 qui
2888 2984 2977 3037 hic
3007 2980 3232 3051 gloriam
3263 2987 3317 3032 et
3344 2978 3511 3031 hono-

1936 3109 2050 3147 rem
2079 3088 2309 3144 Domino
2332 3101 2427 3155 per
2448 3083 2588 3137 bona
2619 3093 2782 3145 Opera
2807 3075 2982 3141 aﬂert,
3010 3076 3054 3127 is
3080 3072 3180 3126 sibi
3208 3070 3431 3141 gloriam
3459 3076 3513 3122 et

1937 3184 2197 3238 honorem
2242 3194 2309 3233 ex
2348 3176 2491 3245 justa
2529 3170 2727 3241 judicis
2763 3164 3198 3222 remuneratione
3246 3161 3513 3231 congerit.

1937 3275 1994 3329 In
2037 3270 2218 3326 multis
2267 3278 2445 3321 autem
2485 3260 2884 3329 exemplaribus
2930 3257 3166 3310 additum
3216 3254 3515 3323 reperimus

1938 3366 2066 3421 illud
2099 3378 2114 3417 :
2152 3361 2346 3430 Aﬂ'erte
2403 3356 2646 3414 Domino,
2679 3351 2775 3419 ﬁlii
2809 3348 2925 3403 Dei.
2981 3348 3046 3401 Et
3100 3346 3350 3416 quoniam
3409 3359 3516 3398 non

1938 3454 2177 3523 cujusvis
2230 3452 2429 3504 donum
2481 3447 2589 3500 Deo
2644 3451 2922 3511 acceptum
2971 3447 3073 3503 est,
3108 3440 3199 3493 sed
3252 3436 3392 3505 ejus,
3424 3436 3516 3504 qui

1938 3549 2067 3603 illud
2118 3544 2281 3601 corde
2329 3556 2464 3611 puro
2524 3538 2679 3591 aﬂ‘ert
2717 3554 2732 3592 :
2775 3531 2900 3587 Non
2942 3534 3103 3597 enim,
3144 3529 3341 3597 inquit,
3381 3542 3516 3596 pura

1937 3650 2059 3696 vota
2090 3640 2151 3693 de
2181 3634 2415 3691 mercede
2455 3630 2745 3684 meretricis
2772 3626 2850 3691 ’δή
2888 3633 2941 3680 et
2987 3636 3174 3677 rursus
3200 3614 3463 3674 Jéremias
3498 3633 3514 3672 :

1941 3730 2197 3799 Nunquid
2237 3737 2401 3790 vota,
2457 3722 2649 3792 inquit,
2690 3729 2739 3772 et
2790 3732 2977 3770 carnes
3030 3722 3225 3767 sancta:
3276 3710 3516 3777 auferent

1939 3824 2169 3879 malitias
2218 3830 2359 3878 tuas,
2393 3829 2482 3869 aut
2530 3822 2743 3883 propter
2788 3810 2891 3862 ista
2940 3822 3101 3873 purus
3147 3803 3251 3856 eris
3277 3800 3361 3853 "‘1
3396 3799 3518 3853 ideo

1940 3917 2179 3987 psalmus
2212 3911 2326 3965 vult
2372 3925 2470 3962 nos
2506 3907 2654 3976 prius
2684 3903 2819 3956 tilios
2858 3901 2946 3955 Dei
2978 3913 3098 3953 esse
3133 3916 3145 3951 :
3177 3895 3367 3949 deinde
3406 3902 3517 3946 tan-

1941 3985 2060 4062 dem
2092 4007 2158 4059 ad
2190 4002 2460 4057 all'erenda
2497 3999 2603 4051 Deo
2633 3997 2773 4051 dona
2810 3992 3090 4052 accedere,
3122 4003 3218 4042 nec
3243 3985 3514 4057 quatlibet,

1940 4099 2033 4154 sed
2062 4112 2181 4165 quae
2207 4096 2322 4164 ipse
2354 4089 2768 4163 pra-scripserit.
2799 4085 2952 4139 Prius
2983 4082 3086 4143 dic,
3116 4080 3300 4140 Pater,
3328 4077 3519 4131 deinde

1938 4203 2062 4261 pete
2091 4203 2209 4259 quae
2247 4192 2567 4254 sequuntur.
2604 4178 2862 4245 Expende
2906 4182 3085 4228 autem
3132 4182 3182 4225 te
3221 4171 3416 4238 ipsum,
3449 4182 3517 4222 ex

1940 4282 2083 4352 quali
2109 4282 2214 4333 vita
2240 4276 2496 4337 accedas;
2531 4289 2599 4325 an
2627 4272 2817 4340 dignus
2837 4269 2910 4321 sis
2929 4267 3018 4334 qui
3048 4273 3293 4318 sanctum
3326 4262 3517 4324 Deum,

1940 4385 2148 4445 patrem
2200 4382 2348 4425 tuum
2393 4364 2649 4436 appelles.
2693 4362 2786 4416 Est
2835 4360 2985 4413 nobis
3031 4371 3153 4409 cum
3198 4361 3385 4408 sancto
3422 4366 3519 4420 per

261 4447 558 4538 οἰκείωσις.
600 4476 662 4526 Εἰ
709 4447 886 4543 βούλει
923 4476 1009 4527 ἀεὶ
1057 4475 1167 4543 (75)
1194 4447 1327 4538 ὐίὸς
1357 4447 1461 4527 τοῦ.
1495 4475 1648 4541 ἁγίου
1678 4447 1831 4537 εἶναι,

1942 4468 2352 4526 sanctimoniam
2406 4460 2773 4522 necessitudo,
2811 4455 3279 4520 familiaritasque.
3330 4449 3386 4502 Si
3436 4447 3519 4501 vis

263 4567 537 4637 ἁγιασμὸς
588 4583 647 4618 σε
693 4566 1021 4619 υίοθετείτω.
1080 4567 1370 4634 Ἐνέγκατε
1415 4563 1509 4619 οῦν
1541 4567 1619 4636 τῷ
1648 4566 1836 4637 Κυρίῳ

263 4661 366 4729 οὐχ
418 4660 467 4710 οἱ
504 4659 780 4729 τυχόντες,
810 4659 929 4711 οὐδὲ
958 4660 1005 4711 οἱ
1041 4661 1105 4712 ὲκ
1125 4659 1234 4711 τῶν
1274 4659 1564 4729 τυχόντων,
1593 4659 1707 4711 ἀλλ’
1732 4659 1838 4711 υἱοὶ

265 4750 361 4803 τοῦ
410 4750 563 4802 Θεοῦ.
604 4750 829 4817 Μεγάλα
882 4749 1063 4819 μέλλει
1113 4748 1389 4819 ἐπιζητεῖν
1422 4749 1489 4801 τὰ
1538 4749 1717 4819 δῶρα·
1750 4748 1837 4801 διὰ

264 4840 424 4894 τοῦτο
477 4840 741 4911 μεγάλους
770 4840 1053 4908 ἐκλέγεται
1082 4842 1208 4903 τοὺς
1262 4840 1689 4911 προσφέροντας.
1722 4840 1837 4891 Ἵνα

265 4933 375 5004 γάρ
426 4949 517 4985 σου
578 4933 651 5003 μὴ
710 4932 839 5003 ῥίψῃ
893 4933 1065 5002 χαμαὶ
1096 4934 1222 4995 τοὺς
1253 4932 1569 5002 λογισμοὺς,
1603 4931 1738 4999 μηδέ
1776 4948 1835 4983 σε

267 5025 471 5095 ποιήσῃ
505 5023 657 5093 κριὸν
697 5022 759 5075 τὸ
804 5022 995 5089 ἄλογον
1037 5022 1195 5082 τοῦτο
1234 5022 1541 5092 τετράπουν
1586 5022 1682 5073 καὶ
1713 5020 1842 5091 βλη-

267 5115 489 5185 χητικὸν
524 5113 661 5179 ζῶον
695 5110 995 5185 ἐπιζητεῖν,
1039 5113 1116 5175 ὡς
1154 5113 1219 5166 ὲκ
1262 5112 1362 5183 τῆς
1410 5110 1601 5164 τούτου
1651 5110 1842 5174 θυσίας

1944 4574 2156 4628 semper
2199 4557 2338 4609 ﬁlius
2383 4552 2553 4606 sancti
2588 4565 2729 4612 esse,
2761 4547 3020 4602 sanctitas
3052 4553 3103 4597 te
3131 4543 3233 4596 sibi
3274 4554 3370 4609 pro
3410 4537 3520 4591 lilio

1945 4654 2182 4720 adoptet.
2224 4648 2424 4700 Atl‘erte
2454 4645 2634 4711 itaque
2668 4640 2896 4694 Domino
2930 4651 3034 4689 non
3066 4633 3313 4702 quilibet,
3346 4644 3519 4694 neque

1945 4762 2009 4800 ex
2032 4738 2361 4813 quibuslibet
2388 4734 2654 4804 prognati,
2686 4732 2778 4786 sed
2806 4729 2899 4782 lilii
2930 4726 3045 4779 Dei.
3071 4722 3409 4790 Quaesiturus
3437 4728 3519 4771 est

1948 4812 2081 4893 dona
2115 4848 2337 4904 magna;
2380 4829 2500 4882 ideo
2545 4838 2765 4895 magnos
2802 4822 2946 4875 viros
2972 4818 3123 4887 eligit
3146 4816 3236 4884 qui
3265 4812 3516 4881 offerant.

1949 4925 2156 4980 Etenim
2194 4902 2260 4974 ne
2297 4932 2414 4972 tuas
2448 4914 2802 4986 c0gitatioues
2842 4910 2986 4964 humi
3036 4906 3273 4976 dejiciat,
3304 4915 3435 4955 neve
3464 4902 3517 4953 in

1943 5030 2108 5071 causa
2143 5016 2234 5075 sit,
2266 5026 2363 5065 cur
2404 5009 2628 5062 arietem
2682 5005 2898 5060 brutum
2948 5000 3075 5054 illud
3117 4997 3424 5066 quadrupes
3464 5000 3521 5044 et

1944 5109 2131 5162 balaus
2181 5102 2379 5158 animal
2423 5100 2686 5170 inquiras,
2718 5105 2977 5165 tanquam
3026 5092 3128 5146 bac
3168 5090 3269 5143 ista
3298 5084 3516 5140 victima

338 5260 382 5293 δ’
407 5262 446 5315 ll
480 5261 605 5317 Cor.
636 5277 667 5314 v
716 5260 770 5314 4.
846 5259 1055 5316 “Psal.
1088 5274 1173 5323 xc,
1202 5260 1286 5313 10.
1364 5258 1410 5293 δ”
1440 5257 1601 5311 Prov.
1646 5274 1763 5322 nx,
1800 5259 1831 5311 l‘

1962 5258 2006 5289 "
2038 5254 2240 5310 Jerem.
2288 5268 2364 5317 χι,
2399 5250 2484 5305 15.

345 5400 453 5480 (θῇ)
487 5399 613 5465 Τοῖς
632 5399 876 5480 ,ζερεῦσι
902 5398 1156 5480 καὶτοῖς
1191 5400 1465 5480 Λευζταις
1512 5396 1835 5480 ἀφεμένοις

274 5470 374 5522 τοῦ
402 5469 597 5537 ἔργου.
632 5470 811 5529 Verte,
844 5470 1201 5522 sacerdotibus
1227 5481 1273 5522 et
1319 5471 1486 5523 ίευέιὶδ
1512 5484 1638 5536 opus
1669 5470 1835 5535 negti-

272 5551 442 5607 genter
468 5540 796 5606 facientibus.
830 5539 1038 5593 MARAN.

342 5605 763 5677 (70)Colbertiui
799 5612 1066 5662 secundus
1092 5620 1145 5663 et
1187 5619 1411 5715 quartus
1466 5608 1499 5677 ἦ
1530 5625 1650 5659 τινα
1684 5605 1837 5676 ἕχον-

344 5697 365 5707 ρ
406 5677 539 5715 Iun“.
575 5677 704 5715 (inn.
758 5680 1019 5715 cnnnannc
1059 5679 1198 5715 ne...“
1227 5698 1288 5715 ηρ
1314 5696 1409 5715 nm
1434 5678 1672 5715 amunia.»

278 5694 383 5750 τας,
406 5677 541 5750 Infra
575 5677 723 5731 Colb.
758 5680 1022 5750 secuadus
1059 5677 1288 5750 θεωρίας
1314 5696 1409 5745 pro
1434 5678 1690 5750 διανοίας.

2009 5393 2123 5459 (7‘2)
2189 5391 2303 5442 Duo
2342 5390 2427 5442 illa
2481 5402 2600 5457 qua!
2636 5385 2732 5459 _hic
2777 5385 3133 5459 proferuntur
3177 5378 3511 5459 testimonia,

1935 5450 2163 5516 alterum
2196 5478 2223 5512 e
2244 5450 2571 5521 Proverbiis,
2600 5450 2826 5510 alterum
2856 5472 2885 5509 e
2912 5453 3165 5514 Ieremia,
3198 5452 3248 5502 in
3274 5450 3386 5521 suis
3414 5464 3513 5500 no-

1938 5536 2007 5587 tis
2046 5535 2277 5585 illustrat
2304 5518 2699 5583 l)uc:eus.'.\lox
2737 5526 2901 5594 aliqui
2943 5539 3073 5576 mss.
3115 5521 3209 5594 επ),
3237 5518 3513 5594 τεῷ-προσ.

2008 5603 2120 5672 (75)
2158 5601 2267 5652 Vox
2302 5599 2387 5651 ἀεί
2418 5600 2570 5651 deest
2598 5599 2649 5649 in
2687 5590 3085 5672 Ctilb:_quarto.
3121 5591 3275 5672 Ini-ra~
3300 5590 3516 5672 coluer-

1939 5658 2034 5725 t'in‘i
2070 5658 2337 5725 secundus
2364 5679 2416 5723 et
2455 5677 2678 5736 quartus
2717 5676 2771 5720 et
2812 5658 2902 5718 alii
2931 5666 3035 5717 duo
3068 5658 3514 5736 mssfiiteogaﬁgt

342 5729 451 5815 (71)
482 5748 569 5801 Sic
593 5729 953 5818 septent‘mss:
975 5729 1416 5806 cuiuisi—Serui.
1447 5729 1631 5818 Regiis
1653 5729 1831 5816 primo

1935 5743 2026 5818 τον
2074 5742 2309 5818 Κῦριον..
2326 5740 2431 5794 Sed
2462 5729 2555 5792 alii
2584 5753 2677 5793 sex
2730 5752 2861 5793 mss.
2894 5749 3045 5803 aeque
3095 5746 3160 5787 ac
3183 5733 3311 5787 editi
3343 5729 3515 5783 ἱλεοῦ·

277 5827 328 5870 et
366 5828 555 5886 quarto
594 5816 775 5871 καλῶν
801 5817 996 5887 ἔργων.

1940 5811 2065 5867 σθαι
2097 5809 2189 5865 τὸν
2212 5809 2362 5863 Θεόν.
