4048 6220
536 322 642 378 '283

1882 315 1942 368 S.
1981 312 2226 368 liASlLll
2267 311 2484 365 MAGNI

3696 320 3823 371 ⁸284

534 450 782 506 sperares
827 435 990 490 Deum
1040 433 1305 503 placatum
1351 432 1416 486 iri
1448 444 1460 487 :
1489 432 1719 501 Afferte,
1765 430 1961 497 inquit,
2010 428 2103 483 Do-

2220 426 2524 498 προσδοκᾷν
2561 425 2831 480 ίλεοῦσθαι
2855 427 2946 482 τὸν
2968 427 3121 491 Θεὸν,
3165 428 3499 497 Ἐνέγκατε,
3535 431 3696 498 φησι,
3722 425 3820 494 eq}

534 530 695 591 mino,
744 528 851 597 filii
904 525 1022 581 Dei.
1068 524 1250 595 Neque
1295 526 1438 580 enint
1498 540 1634 594 opus
1697 522 1806 593 jam
1853 522 1982 589 (ilio,
2050 533 2108 575 ut

534 621 701 674 lilium
731 622 901 689 ipsum
944 616 1159 673 oll‘eras.
1193 616 1300 671 Sed
1338 618 1383 672 si
1416 616 1558 670 lilius
1585 625 1668 670 est
1693 613 1969 686 quidpiam
1996 628 2109 665 ma-

535 728 722 781 guum,
752 711 914 765 etiam
960 710 1012 764 id
1052 709 1194 779 quod
1228 708 1473 773 oll'ertnr,
1507 707 1781 776 quidpiam
1827 720 2104 775 magnum,

536 810 590 854 et
621 800 712 853 lilii
746 800 1011 855 charitate
1052 814 1118 854 ac
1171 810 1394 869 paterna
1430 797 1688 867 dignitate
1719 798 1936 865 dignum
1986 810 2108 851 esse

533 905 713 959 operae
765 892 998 961 pretium
1052 900 1154 945 est.
1196 889 1394 959 Alfene
1439 889 1635 957 igitur,
1694 886 1907 956 inquit,
1964 885 2107 955 ﬁlios

534 983 784 1044 arietum,
824 989 884 1036 ut
934 981 971 1036 ii
1027 982 1192 1035 etiam
1248 980 1336 1048 qui
1393 994 1422 1033 a
1477 978 1632 1033 vobis
1686 976 2005 1044 offeruntur,
2039 993 2109 1034 ex

533 1075 660 1129 ﬁliis
690 1077 922 1130 arietum
950 1074 1004 1129 in
1041 1073 1181 1130 lilios
1216 1073 1308 1129 Dei
1340 1080 1788 1126 transmutentur.

605 1166 660 1220 2.
702 1165 860 1220 Aries
918 1166 1117 1220 animal
1169 1173 1249 1220 est
1304 1164 1661 1234 principatum
1716 1173 1921 1224 tenens.
1965 1163 2107 1232 quod

539 1256 697 1327 115
731 1272 861 1311 oves
896 1256 1168 1310 antecedit
1203 1256 1268 1309 ad
1301 1270 1497 1324 pascua
1524 1255 1738 1324 pabula,
1762 1266 1816 1310 et
1845 1255 1911 1309 ad
1936 1269 2107 1325 aqua-

536 1363 655 1400 rum
686 1348 950 1408 levamen,
983 1360 1275 1415 rursusque
1316 1346 1384 1399 ad
1428 1344 1699 1399 stabulum
1727 1355 1782 1400 et
1808 1346 1875 1399 ad
1898 1344 2102 1401 caulas.

537 1438 695 1494 Tales
740 1441 906 1494 etiam
964 1447 1088 1492 sunt
1130 1439 1351 1507 quidam
1392 1438 1572 1507 gregis
1604 1435 1802 1492 Christi
1845 1436 2104 1505 praefecti,

535 1530 626 1599 qui
663 1529 808 1582 illum
841 1529 904 1581 ad
928 1528 1115 1581 ilorida
1150 1536 1203 1581 et
1233 1527 1504 1582 odorifera
1531 1528 1788 1583 doctrinae
1809 1527 2106 1597 spiritualis

533 1618 727 1690 pabula
763 1620 1050 1683 dedocuut,
1079 1632 1143 1671 ac
1178 1616 1383 1686 Spiritu
1428 1629 1616 1673 sancto
1650 1619 1934 1689 largiente,
1966 1634 2105 1688 aqua

533 1711 651 1764 viva
703 1711 950 1780 irrigant,
985 1718 1039 1765 et
1073 1710 1308 1780 erigunt,
1341 1719 1397 1764 et
1435 1710 1502 1764 ad
1537 1709 1767 1765 fructum
1807 1711 2107 1780 producen-

2212 519 2425 586 Κυρίῳ,
2459 520 2575 572 υἱοὶ
2612 518 2781 573 Θεοῦ.
2826 520 2901 572 Οὐ
2928 520 3036 592 γὰρ
3067 521 3185 573 υἱοῦ
3211 522 3391 592 χρεία,
3419 522 3506 574 ἵνα
3533 522 3651 575 υἱὸν
3703 525 3818 575 αὐ-

2214 609 2306 664 τὸν
2340 610 2631 684 προσφέρῃ
2662 610 2799 683 (74),
2830 611 2944 665 ἀλλ’
2976 613 3024 665 ει
3061 612 3203 684 μέγα
3236 631 3288 665 τι
3321 616 3350 666 ὁ
3384 613 3517 679 υἱὸς,
3554 615 3703 685 μέγα
3745 632 3814 668 τι

2211 702 2305 754 καὶ
2329 701 2549 767 ἐπάξιον
2581 704 2680 774 τῆς
2710 720 2770 757 τε
2800 704 2918 757 υἱοῦ
2942 699 3240 768 διαθέσεως
3273 705 3368 758 καὶ
3388 707 3489 777 τῆς
3517 709 3812 778 πατρικῆς

2210 788 2365 854 ἀξίας
2400 791 2461 844 τὸ
2488 793 2930 864 προσφερόμενον
2964 790 3103 848 εἶναι
3127 795 3427 866 προσῆκεν.
3467 799 3638 865 Υὶοὺς
3671 795 3807 864 οὖν,

2211 884 2395 954 φησὶν,
2427 883 2714 953 ἐνέγκατε
2745 884 2959 953 κριῶν·
3011 886 3099 940 ἵνα
3143 888 3239 942 καὶ
3284 889 3438 943 αὐτοὶ
3473 892 3521 943 οἱ
3553 908 3811 963 προσφε-

2212 974 2432 1046 ρόμενοι
2467 977 2597 1047 παρ’
2630 975 2785 1047 ὑμῶν
2815 976 2923 1030 ἀπὸ
2965 978 3061 1031 τοῦ
3102 975 3243 1034 εἶναι
3290 980 3397 1033 υἱοὶ
3425 981 3596 1053 κριῶν
3621 983 3709 1046 εἰς
3737 982 3811 1034 τὺ

2208 1065 2464 1134 γενέσθαι
2492 1067 2598 1119 υἱοὶ
2636 1065 2772 1121 Θεοῦ
2813 1067 3224 1139 μεταϐάλωνται
3264 1072 3400 1142 (75).

2279 1156 2337 1211 2.
2382 1157 2439 1211 '0
2467 1158 2621 1229 κριὸς
2662 1159 2845 1214 τοίνυν
2897 1163 3226 1232 ἡγεμονικόν
3259 1166 3378 1217 ἐστι
3428 1165 3603 1233 ζῶον,
3653 1169 3805 1221 καθ-

2206 1248 2342 1319 ηγού
2352 1266 2511 1319 μενον
2534 1250 2641 1320 (76)
2667 1250 2776 1305 τῶν
2793 1252 3080 1322 προϐάτων
3102 1242 3196 1308 ὲπί
3221 1273 3282 1310 τε
3299 1258 3470 1328 νομὰς
3494 1260 3807 1331 τροφίμους

2209 1340 2306 1393 καὶ
2334 1340 2669 1405 ἀναπαύσεις
2704 1342 2935 1409 ὑδάτων,
2983 1344 3079 1398 καὶ
3112 1344 3275 1398 πάλιν
3309 1347 3401 1399 ἐπὶ
3422 1349 3639 1418 ,σηκοὺς
3692 1350 3801 1402 καὶ

2208 1431 2486 1496 ἐπαύλεις.
2525 1434 2770 1488 Τοιοῦτοι
2805 1435 2864 1489 δέ
2901 1452 3047 1500 τινες
3079 1438 3174 1491 καὶ
3206 1439 3254 1490 οἱ
3288 1438 3389 1508 τῆς
3418 1440 3652 1512 ποίμνης
3694 1441 3801 1495 τοῦ

2208 1522 2447 1594 Χριστοῦ
2477 1525 2819 1597 προεστῶτες
2838 1543 2852 1557 ο
2890 1528 3223 1597 προάγοντες
3263 1531 3363 1600 μὲν
3391 1531 3483 1584 ἐπὶ
3512 1533 3611 1595 τὰς
3633 1532 3801 1585 εὐαν-

2214 1614 2328 1679 θεῖς
2358 1616 2452 1668 καὶ
2495 1615 2716 1681 εὐώδεις
2755 1618 2856 1688 τῆς
2891 1622 3270 1691 πνευματικῆς
3300 1622 3647 1687 διδασκαλίας
3667 1642 3801 1696 τρο-

2210 1705 2338 1776 φάς,
2380 1707 2472 1761 καὶ
2513 1707 2665 1760 ῦδατι
2700 1708 2864 1773 ζῶντι
2888 1713 2955 1782 τῇ
2994 1712 3324 1785 ὲπιχορηγίᾳ
3349 1714 3444 1768 τοῦ
3475 1716 3801 1786 Πνεύματος

534 1802 661 1854 dum
695 1802 995 1867 enutriunt,
1039 1802 1457 1870 conducuutque
1486 1802 1551 1855 ad
1583 1802 1845 1870 requiem,
1880 1816 1943 1855 ac
1982 1816 2103 1855 eum

2209 1796 2461 1866 ἄρδοντες
2482 1798 2575 1851 καὶ
2611 1797 2873 1868 ὑψοῦντες
2909 1803 3159 1875 καὶπρὸς
3191 1805 3570 1875 καρποφορίαν
3603 1807 3800 1877 ἐκτρέ-

535 1892 604 1946 ab
638 1892 1042 1948 insidiatoribus
1086 1892 1322 1947 elliciunt
1373 1907 1646 1948 securum.
1691 1892 1894 1947 llorum
1943 1894 2106 1963 igitur

533 1985 674 2040 ﬁlios
706 2001 734 2039 a
766 1985 859 2039 Dei
908 1985 1033 2040 ﬁliis
1077 1985 1143 2039 ad
1180 1985 1465 2039 Dominum
1497 1986 1686 2040 adduci
1720 1984 1851 2039 vult.
1879 1984 2030 2051 Quod
2059 1986 2105 2040 si

532 2077 739 2131 arietes
777 2078 944 2132 duces
973 2087 1100 2132 sunt
1127 2077 1379 2140 aliorum,
1415 2077 1606 2131 horum
1637 2078 1825 2144 utique
1856 2076 1949 2130 lilii
1992 2076 2108 2131 fue-

533 2168 665 2233 rint,
692 2168 786 2237 qui
844 2182 942 2237 per
997 2166 1259 2222 bonorum
1310 2181 1535 2234 operum
1585 2166 1822 2220 studium
1861 2181 1929 2221 ex
1978 2182 2109 2235 prae-

532 2258 798 2312 fectorum
828 2259 1072 2313 doctrina
1093 2258 1157 2311 ad
1194 2258 1356 2310 vitam
1385 2258 1586 2311 virtute
1614 2268 1858 2311 ornatam
1890 2257 2106 2312 formati

533 2356 681 2403 sunt.
726 2347 926 2417 Aﬂ‘erte
974 2347 1138 2415 igitur
1188 2345 1438 2410 Domino,
1472 2345 1572 2414 ﬁlii
1617 2345 1737 2411 Dei,
1784 2346 1968 2415 afferte
2000 2344 2110 2400 Do-

529 2442 673 2495 mino
698 2442 839 2510 ﬁlios
867 2440 1112 2492 arietum.
1150 2437 1401 2491 Didicisti
1430 2438 1495 2491 ad
1521 2452 1680 2507 quem
1709 2452 1890 2492 sermo
1918 2438 2112 2493 habea-

533 2532 655 2585 tur?
690 2530 928 2584 didicisti
979 2530 1046 2583 de
1095 2526 1325 2597 quibus?
1370 2527 1569 2595 A/ferte
1622 2526 1870 2593 Domino,
1912 2528 2106 2597 inquit,

530 2624 756 2694 gloriam
785 2633 831 2677 et
865 2621 1133 2675 honorem.
1168 2621 1451 2689 Quomodo
1483 2621 1649 2691 igitur
1679 2637 1796 2683 nos.
1825 2621 1918 2691 qui
1962 2630 2108 2676 terra

531 2732 720 2772 sumus
762 2725 816 2770 et
863 2715 999 2769 cinis
1029 2714 1096 2780 ⁴⁶,
1128 2713 1356 2769 Domino
1412 2728 1610 2785 magno
1661 2715 1885 2785 gloriam
1929 2714 2109 2770 aﬂ‘eri-

530 2808 690 2862 mus?
719 2807 990 2878 quomodo
1032 2817 1080 2860 et
1127 2807 1421 2860 honorem?
1459 2806 1700 2863 Gloriam
1741 2807 1979 2877 quidem,
2013 2821 2110 2874 per

528 2898 669 2953 b0tta
709 2912 894 2968 opera,
925 2912 1048 2952 cum
1084 2897 1322 2952 luxerint
1354 2912 1519 2966 opera
1554 2907 1734 2952 nostra
1789 2912 1973 2951 coram
2012 2898 2110 2951 ho-

532 2989 792 3052 minibus,
821 2990 957 3043 adeo
995 2998 1051 3040 ut
1092 2988 1340 3041 homines
1366 2985 1623 3055 operibus
1655 2987 1857 3041 nostris
1888 3001 2111 3058 conspe-

532 3081 635 3135 ctis
662 3079 877 3133 Patrem
918 3089 1164 3132 nostrum
1197 3080 1287 3148 qui
1332 3078 1385 3132 in
1428 3079 1581 3135 caelis
1625 3087 1710 3133 est
1738 3076 1972 3132 alliciant
1999 3078 2107 3149 glo-

2208 1903 2399 1955 φοντες
2417 1905 2430 1918 ·
2460 1889 2783 1961 ὁδηγοῦντες
2814 1893 2872 1945 δὲ
2905 1894 3045 1965 πρὸς
3069 1895 3395 1962 ἀνάπαυσιν,
3433 1898 3526 1950 καὶ
3550 1898 3650 1969 τὴν
3684 1900 3799 1952 ἀπὸ

2207 1979 2316 2034 τῶν
2376 1981 2839 2038 ἐπιϐουλευόντων
2888 1985 3208 2054 ἀσφάλειαν.
3261 1988 3481 2043 Τούτων
3519 1986 3614 2043 οὖν
3662 1991 3799 2055 τοὺς

2208 2072 2359 2136 υἱοὺς
2386 2073 2539 2144 παρὰ
2573 2074 2682 2127 τῶν
2707 2075 2838 2129 υἱῶν
2858 2076 2952 2130 τοῦ
2982 2077 3118 2131 Θεοῦ
3141 2079 3514 2150 προσάγεσθαι
3540 2080 3799 2151 βούλεται

2207 2162 2286 2233 τῷ
2326 2164 2518 2235 Κυρίῳ
2547 2167 2576 2219 ὁ
2605 2165 2782 2234 λόγος.
2812 2169 2876 2221 Εἰ
2904 2169 2962 2222 δὲ
2990 2170 3137 2241 κριο)¹
3164 2171 3214 2223 οἱ
3249 2172 3654 2243 προηγούμενοι
3682 2173 3799 2227 τῶν

2208 2251 2410 2306 λοιπῶν
2453 2254 2588 2324 (77),
2640 2256 2750 2309 υἱοὶ
2782 2256 2849 2311 ἂν
2883 2257 3088 2312 τούτων
3130 2256 3239 2315 εἷεν
3275 2264 3324 2314 οἱ
3366 2262 3502 2333 πρὸς
3533 2262 3627 2315 τὸν
3669 2263 3798 2316 κατ’

2208 2344 2411 2415 ἀρετὴν
2447 2343 2560 2413 βίον
2587 2345 2677 2399 διὰ
2714 2345 2817 2417 τῆς
2843 2347 2953 2401 τῶν
2981 2348 3204 2417 ἀγαθῶν
3246 2350 3424 2422 ἔργων
3455 2351 3691 2422 σπουδῆς
3729 2354 3798 2407 ἐκ

2207 2435 2306 2505 τῆς
2357 2435 2706 2501 διδασκαλίας
2750 2438 2858 2492 τῶν
2920 2440 3279 2512 προεστώτων
3342 2442 3795 2514 μεμορφωμένοι.

2220 2525 2533 2595 Ἐνέγκατε
2563 2524 2655 2583 οὖν
2670 2529 2752 2595 τῷ
2782 2532 2998 2599 Κυρίῳ,
3030 2533 3148 2587 υἱοὶ
3184 2534 3355 2598 Θεοῦ,
3389 2533 3671 2603 ἐνέγκατε
3708 2533 3797 2600 τῷ

2207 2618 2402 2687 Κυρίῳ
2430 2619 2602 2686 υἱοὺς
2628 2619 2829 2689 κριῶν.
2866 2622 3109 2693 Ἔμαθες
3139 2625 3246 2678 τίνι
3284 2624 3588 2694 διαλέγεται
3611 2642 3627 2690 ;
3650 2624 3795 2696 ἐμα-

2209 2709 2302 2772 θες
2334 2712 2464 2781 περὶ
2488 2713 2650 2766 τίνων
2680 2712 2829 2785 (78);
2888 2714 3196 2783 Ἐνέγκατε
3236 2714 3318 2780 τῷ
3350 2717 3573 2785 Κυρίῳ,
3611 2717 3752 2787 φησὶ
3774 2752 3792 2781 ,

2207 2799 2398 2865 δόξαν
2425 2802 2523 2856 καὶ
2548 2803 2748 2874 τιμήν.
2778 2805 2904 2869 Πῶς
2937 2803 3031 2860 οὖν
3071 2808 3252 2878 ἡμεῖς,
3284 2810 3318 2880 ἡ
3348 2808 3419 2879 γῆ
3447 2808 3542 2862 καὶ
3572 2809 3792 2875 σποδὸς,

2206 2884 2286 2962 τῷ
2319 2891 2542 2963 μεγάλῳ
2565 2894 2757 2966 Κυρίῳ
2780 2894 2968 2959 δόξαν
2999 2899 3381 2969 προσφέρομεν
3415 2898 3551 2968 (79);
3583 2898 3702 2962 πῶς
3735 2900 3797 2953 δὲ

2208 2983 2309 3039 καὶ
2342 2985 2562 3055 “mir;
2591 2986 2761 3051 Δόξαν
2788 2988 2887 3058 μὲν
2915 2989 3003 3044 διὰ
3036 2990 3145 3044 τῶν
3174 2991 3394 3060 ἀγαθῶν
3425 2991 3625 3063 ἔργων,
3661 2992 3795 3045 ὅταν

2207 3076 2400 3151 λάμπῃ
2440 3078 2511 3131 τὰ
2548 3078 2687 3151 ἔργα
2738 3080 2894 3152 ἡμῶν
2946 3082 3259 3155 ἔμπροσθεν
3309 3082 3418 3137 τῶν
3460 3082 3793 3155 ἀνθρώπων,

533 3173 613 3227 ria
635 3172 701 3225 ⁸⁷.
746 3169 877 3224 item
904 3185 1002 3240 per
1024 3169 1436 3238 temperantiam
1477 3186 1543 3224 ac
1568 3185 1665 3241 per
1691 3172 2103 3226 sanctimoniam

2209 3167 2350 3222 ὥστε
2382 3169 2591 3234 ἰδόντας
2618 3172 2746 3236 τοὺς
2774 3172 3096 3245 ἀνθρώπους
3121 3173 3192 3227 τὰ
3214 3173 3355 3246 ἔργα
3382 3174 3538 3246 ἡμῶν
3566 3174 3796 3240 δοξάσαι

530 3264 599 3318 iis
641 3263 730 3331 qui
787 3263 1041 3331 pietatem
1096 3263 1419 3332 proﬁtentur
1468 3263 1875 3318 convenientem
1929 3272 2105 3333 potest

422 3395 432 3401 .
529 3354 655 3424 quis
687 3355 793 3409 Deo
833 3353 1058 3423 gloriam
1102 3352 1252 3416 dare,
1281 3353 1438 3423 juxta
1471 3352 1621 3408 Pauli
1654 3353 2102 3418 admonitionem,

531 3446 762 3500 dicentis
794 3462 808 3500 :
846 3444 1155 3512 Gloriﬁcate
1206 3444 1376 3499 Deum
1428 3447 1483 3499 in
1536 3445 1783 3500 membris
1823 3447 2004 3500 vestris
2034 3445 2101 3500 ⁵⁸.

530 3534 683 3591 Hanc
704 3538 865 3590 etiam
894 3536 1120 3605 gloriam
1153 3537 1413 3591 Dominus
1445 3537 1675 3607 requirit
1704 3538 1773 3591 ah
1812 3537 1901 3605 iis,
1929 3537 2019 3606 qui
2048 3538 2101 3591 in

528 3629 723 3696 ipsum.
748 3629 999 3694 credunt,
1029 3637 1084 3683 et
1129 3629 1439 3698 adoptionis
1467 3644 1694 3683 munere
1721 3630 1923 3699 dignati
1954 3639 2099 3685 sunt.

535 3718 709 3772 ("ilius
749 3722 905 3783 enim,
942 3721 1139 3789 inquit,
1170 3720 1433 3790 ρίου-ἔβαλε
1474 3733 1675 3788 patrem
1707 3720 1789 3788 ‘°;
1821 3730 1895 3787 et,
1925 3720 1987 3776 Si
2015 3738 2103 3788 pa-

529 3823 608 3865 ter
630 3828 721 3881 ego
764 3827 915 3875 sum,
951 3813 1037 3864 ubi
1089 3820 1165 3864 est
1207 3810 1381 3880 gloria
1421 3827 1536 3863 mea
1561 3809 1627 3863 '°.
1662 3808 1932 3863 Honorem
1973 3823 2103 3864 vero

528 3901 684 3956 all'ert
714 3902 824 3956 Deo
860 3905 928 3967 is,
952 3903 1045 3971 qui
1070 3902 1371 3956 secundum
1401 3900 1748 3955 Proverbium
1775 3899 1820 3932 ⁸¹
1854 3916 1919 3954 ex
1941 3899 2104 3967 justis

528 3992 644 4047 suis
682 3992 956 4048 laboribus
987 3993 1155 4047 Deum
1191 3993 1444 4055 honorat,
1470 4006 1531 4045 ac
1566 3992 1614 4044 ei
1646 3992 1711 4045 de
1735 3990 1961 4060 justitia:
1993 4006 2103 4046 sua:

531 4084 797 4138 fructibus
828 4086 919 4138 dat
950 4086 1238 4154 primitias.
1270 4084 1336 4137 Et
1359 4084 1605 4152 quisquis
1628 4085 1693 4138 de
1722 4085 1882 4140 rebus
1904 4084 2103 4141 divinis

528 4176 777 4230 ordinate
822 4178 1064 4245 sciteque
1116 4177 1357 4240 disserit,
1406 4176 1542 4229 adeo
1594 4185 1653 4228 ut
1697 4191 1912 4246 seraper
1957 4190 2104 4233 recte

529 4266 730 4318 sentiat
778 4266 846 4321 de
891 4266 1080 4332 Patre,
1134 4268 1199 4321 de
1249 4265 1523 4335 Uuigeuiti
1567 4266 1882 4334 divinitate,
1928 4269 2103 4337 deque

528 4357 764 4425 Spiritus
805 4359 977 4412 sancti
1029 4359 1219 4429 gloria,
1261 4358 1490 4413 Domino
1534 4356 1739 4412 deferte
1776 4358 1998 4425 gloriam
2047 4371 2103 4415 et

432 4494 439 4497 _
527 4447 812 4504 honorem.
848 4449 1087 4505 Gloriam
1126 4459 1305 4504 autem
1338 4458 1519 4520 auget,
1552 4449 1643 4519 qui
1677 4450 1941 4507 rationem
1976 4453 2099 4508 red-

2209 3260 2303 3315 τὸν
2333 3261 2554 3333 Πατέρα
2586 3262 2746 3334 ἡμῶν
2785 3264 2877 3317 τὸν
2913 3265 2971 3318 ἐν
2995 3267 3107 3329 τοῖς
3128 3265 3399 3339 οὐρανοῖς.
3435 3265 3544 3318 Καὶ
3574 3265 3665 3319 διὰ
3687 3282 3797 3318 σω-

2211 3352 2486 3424 φροσύνης
2523 3354 2619 3407 καὶ
2644 3353 2736 3407 τοῦ
2770 3354 3154 3419 ἐπιϐάλλοντος
3210 3358 3323 3419 τοῖς
3377 3355 3475 3427 τὴν
3507 3353 3795 3409 εὐσέϐειαν

2210 3445 2704 3517 ἐπαγγελλομένοις
2730 3446 3007 3518 άγιασμοῦ
3034 3445 3255 3511 δοξάσαι
3278 3446 3503 3501 δυνατόν
3541 3448 3656 3499 ἐστι
3696 3444 3796 3498 τὸν

2209 3534 2339 3590 Θεὸν
2374 3536 2517 3590 κατὰ
2557 3538 2656 3609 τὴν
2702 3537 2797 3591 τοῦ
2845 3538 3061 3592 Παύλου
3112 3539 3458 3610 παραίνεσιν,
3504 3536 3791 3604 λέγοντος·

2208 3625 2513 3690 Δοξάσατε
2536 3625 2613 3695 δὴ
2638 3626 2746 3681 τὸν
2768 3627 2920 3682 Θεὸν
2944 3629 3015 3683 ἐν
3038 3628 3162 3695 τοῖς
3191 3629 3447 3699 μέλεσιν
3465 3626 3631 3697 ὑμῶν
3654 3625 3791 3697 (80).

2209 3718 2424 3790 Ταύτην
2450 3721 2546 3773 καὶ
2565 3721 2787 3773 ἀπαιτεῖ
2818 3718 2971 3791 παρὰ
2991 3719 3099 3774 τῶν
3127 3722 3207 3784 εἰς
3236 3720 3398 3774 αὐτὸν
3425 3717 3793 3771 πιστευόντων

2208 3811 2304 3864 καὶ
2352 3810 2430 3882 τῷ
2483 3811 2784 3884 χαρίσματι
2829 3815 2930 3882 τῆς
2966 3812 3239 3876 υἱοθεσίας
3277 3810 3656 3882 τετιμημένων
3689 3809 3794 3880 τὴν

2207 3899 2365 3965 δόξαν
2401 3903 2429 3954 ὁ
2462 3902 2687 3974 Κύριος,
2730 3903 2776 3953 Υ
2772 3900 2862 3967 ἰὸς
2885 3901 3017 3972 γὰρ,
3053 3902 3237 3971 φησὶν,
3267 3897 3497 3964 δοξάζει
3521 3896 3748 3966 πατέρα
3772 3915 3786 3927 ⁸

2209 3997 2322 4064 καὶ,
2353 3998 2420 4049 El
2455 3995 2650 4064 πατήρ
2684 3998 2802 4065 ειμι
2831 3995 2966 4065 ἐγὼ,
3007 3996 3125 4050 ποῦ
3166 3996 3340 4050 ἔστιν
3366 3994 3406 4060 ἡ
3448 3993 3600 4057 δόξα
3626 4009 3791 4062 μους

2209 4088 2385 4160 Τιμὴν
2415 4088 2472 4141 δὲ
2498 4087 2653 4158 φέρει
2679 4087 2756 4158 τῷ
2783 4087 2903 4159 Θεῷ
2922 4089 2951 4140 ὁ
2981 4088 3124 4142 κατὰ
3151 4088 3250 4157 τὴν
3283 4084 3590 4157 Παροιμίαν
3613 4083 3790 4154 τιμῶν

2208 4180 2297 4233 τὸν
2318 4180 2450 4233 Θεὸν
2476 4179 2583 4232 ἀπὸ
2611 4179 2719 4234 τῶν
2754 4180 2977 4234 δικαίων
3005 4179 3199 4233 ἑαυτοῦ
3227 4179 3449 4242 πόνων,¹
3472 4177 3570 4231 καὶ
3605 4177 3790 4245 ἀπαρ-

2207 4272 2434 4343 χόμενος
2479 4271 2628 4342 αὐτῷ
2659 4271 2769 4325 ἀπὸ
2812 4271 3039 4343 καρπῶν
3065 4269 3231 4324 αὐτοῦ
3264 4268 3631 4339 δικαιοσύνης.
3681 4265 3789 4322 Καὶ

2208 4366 2317 4428 πᾶς
2337 4364 2396 4417 δὲ
2424 4366 2453 4416 ό
2477 4362 2922 4434 ὲπιτεταγμένως
2951 4363 3063 4433 (81)
3107 4360 3374 4431 θεολογῶν
3392 4400 3408 4425 ,
3441 4359 3516 4424 ὡς
3544 4358 3620 4430 μὴ
3644 4360 3786 4413 ἁπο-

2210 4455 2428 4509 πίπτειν
2464 4453 2564 4524 τῆς
2598 4454 2767 4525 ὀρθῆς
2806 4454 2935 4526 περὶ
2978 4452 3192 4523 Πατρὸς
3230 4452 3462 4517 ἑννοίας,
3511 4451 3609 4505 καὶ
3654 4450 3787 4521 περὶ

600 4630 799 4686 “Gen.
824 4648 977 4698 xvnt,
1004 4633 1095 4690 9.7.
1172 4632 1216 4664 ⁸⁷
1249 4634 1435 4689 Matth.
1465 4650 1520 4701 ν,
1554 4633 1642 4688 16.
1718 4633 1763 4667 ⁸⁸
1784 4632 1804 4686 l
1829 4633 1954 4690 Cor.
1987 4651 2060 4704 vt,
2090 4634 2103 4689 ε

2256 4636 2301 4668 ⁴⁹
2333 4636 2565 4693 Malach.
2598 4653 2658 4703 It,
2684 4637 2739 4691 6.
2813 4637 2861 4669 ⁸ο
2894 4633 3028 4689 ibid.
3105 4635 3148 4666 '"
3174 4633 3336 4688 Prov.
3369 4648 3451 4700 ιιι,
3477 4633 3530 4688 9.

598 4790 922 4870 (74)“Editio
948 4791 1117 4870 Paris.
1147 4791 1234 4845 ἴνα
1269 4791 1382 4870 υξὸν
1402 4790 1564 4870 αύτὸν
1591 4792 1898 4870 προσφέρῃ.
1930 4792 2103 4870 Egilio

2280 4792 2668 4870 (77)_Nonnulli
2722 4808 2852 4870 mss,
2881 4793 3055 4847 ἄλλων
3072 4790 3437 4870 prolatum.
3467 4789 3589 4870 M9:
3642 4789 3781 4870 Beg.

521 4877 655 4917 vero
692 4860 871 4917 'Basil.
911 4873 967 4916 et
990 4864 1098 4936 duo
1133 4877 1261 4936 mss.
1294 4862 1393 4936 ἵναΔ
1426 4862 1540 4936 υἱὸν
1588 4860 1906 4936 προσέρέρῇ.
1965 4864 2099 4936 Reg.

524 4935 800 5005 set-nudus
815 4935 1128 5005 emendatus
1158 4931 1245 4984 ἵνα
1285 4933 1439 5005 κριὸν
1473 4931 1659 5004 αὺτῷξ
1694 4934 1777 4987 Ad
1818 4931 2097 4988 Abraham

525 5004 737 5054 videtur
768 5001 999 5073 Basilius
1038 5001 1334 5070 respicere.
1358 5002 1474 5058 Hoc
1493 5001 1658 5073 igitur
1694 5005 1876 5058 dicere
1906 5013 2099 5073 putan-

524 5076 625 5125 dus
656 5082 761 5135 est,
799 5088 902 5126 non
926 5072 1035 5138 iam
1064 5086 1199 5140 opus
1226 5087 1366 5139 esse,
1396 5083 1453 5126 ut
1479 5072 1602 5142 quis
1628 5074 1878 5142 exemplo
1912 5072 2095 5128 ’Abra-

525 5143 607 5264 ha:-
640 5142 804 5195 lilium
839 5142 1032 5198 oll'erat
1067 5159 1081 5195 :
1113 5143 1208 5197 sed
1244 5145 1378 5198 satis
1432 5159 1572 5211 esse,
1621 5145 1667 5198 si
1713 5143 1810 5197 lilii
1860 5145 2094 5199 arietum

525 5228 554 5264 υ
595 5223 835 5264 erantur.

521 5223 835 5266 onerantur.

596 5281 707 5351 (75)
739 5282 836 5337 llic
864 5286 1075 5335 variant
1103 5290 1316 5337 veteres
1345 5293 1456 5336 tum
1488 5282 1700 5337 calamo
1744 5283 1933 5343 notati,
1970 5291 2083 5336 tum

526 5354 666 5423 typis
697 5353 948 5420 descripti
1006 5353 1146 5405 libri.
1194 5351 1370 5407 Editio
1423 5352 1597 5407 Paris.
1656 5352 2088 5423 μεταϐάλλωσιν.

523 5423 889 5477 ΕιιὶιὶυΒιὶδὶΙ.
921 5422 1284 5494 cumduohus
1331 5439 1458 5479 mss.
1506 5422 1902 5494 μεταϐάλωσιν.
1955 5423 2089 5491 Reg.

519 5504 747 5564 quartus
796 5492 1232 5564 μεταϐληθῶσιν.
1292 5493 1445 5563 Regii
1495 5492 1767 5548 Secundus
1811 5502 1868 5546 et
1908 5504 2094 5549 sextus

521 5576 642 5614 cum
676 5562 830 5643 (.Iolu‘.
870 5576 1066 5633 quarto
1111 5562 1549 5637 μεταϐάλωνται,
1589 5572 1646 5619 et
1693 5565 1769 5618 ita
1821 5564 2092 5618 edendum

519 5646 849 5687 curaVUIHIS.

594 5701 705 5775 (_76)
731 5703 819 5775 sic
846 5716 970 5759 octo
1007 5721 1138 5763 mss.
1168 5705 1308 5762 Editi
1347 5720 1473 5761 vero
1511 5719 1630 5761 cum
1669 5703 1821 5759 Colb.
1861 5703 2091 5775 septimo

522 5771 952 5841 καθηγούμενος.

2208 4855 2478 4935 secundus
2503 4862 3035 4935 μεταμορφούμενοι.
3069 4855 3311 4918 Subinde
3338 4877 3437 4918 vox
3492 4855 3587 4915 οὖν
3630 4855 3785 4917 ἀθεὲι

2203 4932 2259 4987 in
2294 4932 2567 5002 plerisque
2591 4932 2723 4988 mss.

2274 4999 2389 5073 (78)
2423 4999 2600 5058 Editio
2632 5015 2860 5072 utraque
2900 5018 3021 5058 cum
3056 5000 3415 5073 interroganti
3458 5010 3607 5067 nota,
3649 4999 3779 5070 περὶ

2199 5071 2399 5154 τίνωνς
2432 5074 2525 5128 sed
2556 5071 2821 5143 ejusmodi
2853 5084 2979 5129 nota
3019 5074 3072 5127 in
3104 5071 3291 5128 multis
3319 5086 3452 5126 mss.
3483 5086 3589 5127 non
3630 5086 3781 5140 repe-

2199 5154 2359 5197 l'ltttl‘.

2271 5212 2381 5335 (79)
2411 5213 2651 5273 Codices
2680 5223 2804 5269 octo
2846 5214 3108 5287 φέρομεν.
3159 5211 3302 5266 Editi
3342 5225 3473 5264 vero
3513 5222 3637 5290 cum
3672 5223 3778 5262 uno

2274 5294 2351 5335 ta
2380 5293 2495 5335 tero
2531 5300 2660 5335 mss.
2708 5285 3112 5335 ποοσωέοοιιεν.
3162 5281 3283 5335 Mox
3344 5279 3636 5335 Colbertmt
3692 5294 3778 5332 se—

2199 5279 2293 5337 aut
2323 5279 2495 5356 altero
2531 5300 2660 5339 mss.
2708 5279 3112 5356 προσξρὲρομεν.
3162 5281 3283 5336 Mox
3344 5279 3636 5335 Colbertini
3692 5294 3779 5332 se.

2198 5354 3178 5431 ευιιέιυεειψιει-ιιιεώστεςεὶδότας.
3234 5421 3246 5431 _
3328 5420 3360 5431 Α
3398 5419 3411 5431 ι
3492 5421 3506 5431 _
3615 5414 3642 5429 η
3722 5415 3736 5431 ,

2271 5423 2384 5511 (80)
2413 5419 2616 5505 T~exius
2643 5442 2772 5481 sane
2800 5425 3071 5492 Δοξάσατε
3104 5424 3167 5477 δὴ
3198 5421 3292 5476 τὸν
3322 5419 3456 5475 Θεὸν
3489 5421 3547 5473 ὲν
3573 5419 3653 5489 τῷ
3674 5419 3776 5470 σώ-

2246 5511 2333 5546 ατι
2357 5511 2531 5548 υμων.

2202 5508 2333 5562 ματι
2357 5508 2531 5563 υμων,

2271 5564 2387 5634 (81)
2424 5563 2497 5618 lta
2532 5564 2665 5636 Reg.
2711 5576 2941 5633 quartus
2993 5574 3048 5619 et
3098 5563 3257 5636 Colb.
3296 5569 3482 5616 sextus
3502 5573 3642 5636 _cum
3679 5556 3778 5609 Ca-

2203 5630 2323 5756 ten'éa
2366 5630 2641 5691 CorderiiI
2664 5630 2887 5692 Atediti
2916 5650 3037 5692 cum
3079 5633 3294 5690 caeteris
3337 5646 3470 5687 mss.
3499 5630 3776 5682 ὲπιτετευ·

2203 5719 2278 5756 Υυ-
2313 5720 2436 5756 νωε.

2199 5719 2436 5773 γμενως.
