4048 6220
367 306 498 364 285

1490 309 1779 364 HOMILIA
1821 311 1892 365 IN
1931 310 2266 367 PSALMUM
2305 311 2546 368 XXVI“.

3564 319 3669 375 286

380 417 494 486 τῆς
513 415 608 470 τοῦ
634 416 974 485 Μονογενοῦς
999 417 1274 489 θεότητος,
1306 417 1399 472 καὶ
1427 420 1557 490 περὶ
1582 422 1681 490 τῆς
1707 421 1802 474 τοῦ
1829 424 1984 492 ἁγίου

2091 425 2217 479 dere
2246 434 2423 495 potest
2455 442 2558 494 qua
2594 437 2773 481 creata
2819 430 2927 488 sint
2962 429 3176 496 omnia,
3209 444 3422 500 quaque
3449 446 3669 487 conser-

385 508 712 579 Πνεῦματος
752 509 931 580 δόξης,
978 502 1134 573 οὗτος
1171 512 1324 581 φέρει
1363 510 1440 580 τῷ
1479 511 1670 582 Κυρίῳ
1701 513 1863 576 δόξαν
1890 516 1985 567 κα)⁵

385 601 583 670 τιμήν.
619 598 910 651 Ἐπιτείνει
948 600 1004 652 δὲ
1040 599 1140 669 τὴν
1176 599 1333 665 δόξαν
1360 603 1388 652 6
1417 600 1714 672 δυνάμενος
1733 605 1860 667 τοὺς
1893 604 1986 656 λό-

386 711 524 762 γους
551 694 861 748 ἀποδιδόναι
893 694 1015 747 καθ’
1038 694 1132 758 οὓς
1160 694 1406 748 ἔκτισται
1441 695 1510 748 τὰ
1544 696 1857 767 σύμπαντα,
1892 699 1987 751 καὶ

385 786 519 839 καθ’
549 785 642 849 οὒς
673 790 1084 858 συγκρατεῖται,
1113 789 1213 857 τῆς
1235 788 1328 840 ἀπ’
1355 786 1519 841 αὐτοῦ
1548 789 1804 860 προνοίας
1823 789 1985 862 μέχρι

385 875 502 928 τῶν
525 876 868 946 μικροτάτων
893 877 1293 948 διικνουμένης,
1324 878 1420 930 καὶ
1447 879 1570 930 καθ’
1599 877 1691 941 οὓς
1719 879 1856 950 μετὰ
1886 881 1986 950 τὴν

382 963 496 1022 ὧδε
528 969 841 1040 οἰκονομίαν
890 970 996 1023 ὑπὸ
1027 971 1126 1040 τὴν
1165 971 1348 1041 κρίσιν
1380 970 1702 1042 ἀχθήσεται.
1753 971 1815 1026 Ὀ
1855 990 1987 1044 τρα-

381 1064 505 1125 νοῖς
530 1062 626 1115 καὶ
650 1062 980 1132 ἀσυγχύτοις
1010 1062 1292 1133 λογισμοῖς
1330 1063 1494 1126 αὑτός
1521 1080 1581 1115 τε
1611 1062 1889 1133 θεωρῆσαι
1919 1063 1988 1117 τά

383 1154 519 1208 καθ’
549 1153 780 1207 ἕκαστον
813 1154 1087 1224 δυνηθεὶς,
1118 1155 1212 1208 καὶ
1259 1154 1398 1224 μετὰ
1429 1156 1491 1208 τὸ
1521 1155 1686 1218 αὐτὸς
1713 1156 1988 1228 τεθεωρη-

385 1243 573 1308 κέναι,
602 1243 898 1314 δυνάμενος
931 1245 1026 1298 καὶ
1057 1244 1265 1314 ἑτέροις
1292 1245 1361 1297 τά
1406 1245 1535 1316 περὶ
1583 1245 1682 1315 τῆς
1719 1245 1988 1316 ἀγαθότη-

383 1353 487 1400 τος
535 1336 630 1388 τοῦ
675 1335 808 1389 Θεοῦ
847 1337 943 1389 καὶ
987 1336 1085 1406 τῆς
1131 1335 1346 1398 δικαίας
1385 1336 1621 1406 κρίσεως
1671 1336 1784 1407 (82)
1821 1336 1986 1390 αὐτοῦ

387 1432 766 1502 παραστῆσαι,
801 1426 954 1493 οὗτος
986 1432 1132 1482 ἐστιν
1177 1431 1205 1482 6
1238 1429 1419 1499 φέρων
1469 1428 1547 1499 τῷ
1603 1431 1793 1501 Κυρίῳ
1829 1429 1987 1496 δόξαν

387 1524 491 1576 καὶ
532 1523 713 1592 τιμὴν,
751 1522 844 1574 καὶ
884 1522 912 1573 6
954 1520 1032 1590 τῷ
1072 1519 1370 1592 ἁρμόζοντι
1415 1522 1480 1590 τῇ
1518 1519 1748 1593 τοιαύτῃ
1781 1519 1988 1592 θεωρίᾳ

387 1610 732 1682 κεχρημένος
781 1611 898 1681 βίῳ.
929 1611 1035 1663 Τοῦ
1067 1609 1175 1681 γάρ
1225 1609 1466 1662 τοιούτου
1515 1609 1722 1680 λάμπει
1768 1611 1830 1663 τὸ
1873 1609 1986 1680 φῶς

387 1700 704 1772 ἔμπροσθεν
731 1703 838 1755 τῶν
873 1700 1197 1773 ἀνθρώπων,
1238 1701 1331 1754 καὶ
1374 1701 1519 1772 λόγῳ
1551 1703 1642 1755 καὶ
1697 1703 1844 1775 ἔργῳ
1894 1706 1987 1757 καὶ

387 1793 480 1846 διά
530 1794 884 1848 παντοδαπῶν
932 1795 1443 1866 ἀνδραγαθημάτων
1482 1794 1842 1866 δοξαζομένου
1890 1795 1984 1848 τοῦ

388 1885 452 1935 ὲν
476 1885 727 1954 οὐρανοῖς
754 1884 987 1956 Πατρός.
1019 1885 1092 1937 Οὐ
1124 1884 1277 1956 φέρει
1305 1885 1360 1937 δὲ
1389 1885 1468 1955 τῷ
1491 1885 1679 1956 Κυρίῳ
1713 1886 1868 1952 δόξαν
1893 1888 1986 1940 καὶ

386 1979 559 2047 τιμὴν
587 1980 614 2031 6
640 1979 768 2049 περὶ
793 1978 891 2050 τὴν
917 1977 1262 2048 ἀνθρωπίνην
1293 1965 1626 2048 ἐπτοημένος
1649 1977 1802 2042 δόξαν
1823 1997 1835 2007 ·
1865 1979 1984 2030 οὐδὲ

388 2071 418 2120 6
446 2068 623 2139 τιμῶν
655 2069 916 2141 ἀργύριον
937 2086 950 2099 ο
975 2070 1096 2122 οὐδὲ
1125 2071 1152 2122 6
1179 2070 1276 2133 τάς
1326 2068 1520 2140 ἡδονὰς
1549 2070 1721 2140 τιμῶν
1755 2069 1848 2124 τοῦ
1883 2069 1987 2123 σώ-

391 2177 568 2230 ματος
587 2177 600 2189 °
631 2161 753 2213 οὐδὲ
783 2164 810 2214 6
840 2160 1136 2232 θαυμάζων
1170 2161 1238 2214 τά
1274 2160 1532 2233 ἀλλότρια
1552 2165 1651 2233 τῆς
1675 2162 1985 2224 θεοσεϐείας

386 2252 661 2323 δόγματα.
698 2253 907 2324 Ὥσπερ
946 2253 1054 2325 γὰρ
1100 2252 1189 2306 διά
1216 2253 1325 2307 τῶν
1358 2253 1582 2322 ἀγαθῶν
1616 2254 1794 2325 ἔργων
1826 2253 1984 2318 δόξαν

388 2347 636 2418 φέρομεν
667 2345 745 2418 τῷ
772 2349 984 2420 Κυρίῳ,
1015 2348 1160 2402 οὕτω
1187 2349 1276 2403 διά
1302 2349 1410 2402 τῶν
1440 2350 1694 2422 πονηρῶν
1719 2349 1895 2421 ἔργων
1926 2351 1986 2402 τὸ

391 2440 658 2495 ἐναντίον.
702 2442 826 2504 Τοῖς
861 2441 971 2513 γὰρ
1008 2443 1388 2513 ἁμαρτάνουσι
1435 2443 1489 2495 τί
1533 2444 1644 2514 (85)
1681 2443 1866 2511 λέγει;
1915 2441 1984 2495 Τὸ

391 2533 586 2602 ὄνομά
617 2552 734 2602 μου
763 2534 835 2586 δι’
864 2533 1022 2602 ὑμᾶς
1048 2535 1503 2604 ,βλασφημεῖται
1522 2536 1591 2588 ἐν
1618 2536 1741 2601 τοῖς
1756 2535 1980 2590 ἔθνεσι.

392 2626 510 2677 Καὶ
534 2625 693 2678 πάλιν
717 2628 744 2678 6
790 2625 1131 2688 Ἀπόστολος·
1167 2625 1270 2678 Διὰ
1303 2625 1413 2695 τῆς
1456 2627 1848 2694 παραϐάσεως
1880 2626 1986 2680 τοῦ

394 2721 588 2786 νόμου
616 2719 723 2770 τὸν
751 2717 901 2770 Θεὸν
926 2716 1240 2786 ἀτιμάζεις.
1270 2719 1467 2790 Ὕϐρις
1503 2718 1610 2789 γάρ
1649 2722 1763 2772 ἐστι
1793 2718 1870 2789 τῷ
1900 2737 1987 2771 νο-

401 2810 652 2881 μοθέτῃὴ
673 2810 780 2862 τῶν
792 2809 972 2880 νόμων
1001 2811 1029 2862 ὑ
1043 2810 1272 2882 περοψία
1292 2811 1384 2863 καί
1414 2812 1843 2882 καταφρόνησις.
1874 2812 1986 2864 Καὶ

399 2901 578 2965 οἰκίας
627 2901 810 2965 κακῶς
854 2902 1182 2972 οἰκουμένης
1235 2904 1292 2954 ὲν
1417 2901 1586 2972 θυμὸς
1619 2901 1713 2954 καὶ
1745 2901 1981 2972 κραυγὴ,

399 2994 559 3066 ὕϐρις
587 2996 680 3049 καί
713 2995 906 3064 γέλως,
934 2995 1113 3066 τρυφὴ
1156 2994 1249 3047 καί
1288 2994 1516 3058 ἀσωτία,
1550 2993 1864 3064 ἀκαθαρσία
1892 2997 1985 3047 καὶ

399 3087 678 3154 ἀσέλγεια,
703 3086 794 3138 ἐπὶ
829 3085 920 3138 τὸν
949 3086 1258 3156 κρατοῦντα
1297 3087 1468 3155 αὐτῆς
1513 3087 1546 3157 ὴ
1584 3085 1778 3156 ἀτιμία
1824 3085 1979 3157 καὶὴ

398 3176 630 3246 αἰσχύνη
681 3176 788 3230 τῶν
837 3177 1138 3248 γινομένων
1202 3178 1497 3231 ἐπάνεισιν.
1563 3177 1879 3230 Ἀκόλουθον
1921 3178 1977 3230 δὲ
2009 3147 2052 3206 C

397 3276 536 3323 νοεῖν
561 3273 727 3343 ἡμᾶς,
767 3273 870 3335 ὅτι,
904 3271 1094 3344 ὥσπερ
1124 3274 1180 3324 ὲν
1205 3275 1318 3336 τοῖς
1346 3271 1570 3340 ἀγαθοῖς
1606 3271 1787 3342 ἔργοις
1821 3271 1977 3337 δοξά-

399 3364 554 3428 ζεται
585 3367 613 3417 6
657 3365 823 3429 Θεὸς,
866 3364 1039 3429 οὕτως
1088 3367 1146 3418 ὲν
1195 3368 1309 3429 τοῖς
1357 3367 1614 3436 πονηροῖς
1640 3363 1920 3428 δοξάζεται
1952 3366 1981 3417 6

397 3458 610 3529 ἐχθρός.
662 3459 831 3514 Ὅταν
875 3461 1006 3532 γάρ,
1057 3460 1194 3532 ἄρας
1240 3459 1308 3514 τὰ
1368 3460 1503 3531 μέλη
1558 3458 1654 3512 τοῦ
1707 3459 1977 3532 Χριστοῦ,

397 3553 610 3622 ποιήσω
672 3552 807 3622 μέλη
852 3553 1086 3624 πόρνης,
1155 3556 1467 3624 μετήνεγκα
1514 3554 1614 3624 τὴν
1672 3552 1832 3619 δόξαν
1889 3553 1982 3604 ἐπὶ

395 3643 490 3695 τὸν
520 3641 823 3696 ἀπολλύντα
854 3661 922 3714 με
951 3644 1058 3696 ἀπὸ
1091 3645 1184 3697 τοῦ
1236 3644 1498 3709 σώζοντος
1533 3663 1622 3715 με.
1653 3647 1762 3698 Καὶ
1791 3648 1819 3698 6
1852 3647 1981 3699 ἀπι-

399 3753 522 3795 ato;
545 3735 903 3806 μεταλλάσσει
929 3737 1028 3807 τὴν
1051 3738 1206 3802 δόξαν
1223 3739 1315 3791 τοῦ
1350 3739 1631 3810 ἀφθάρτου
1658 3739 1792 3791 Θεοῦ
1819 3740 1876 3792 ἐν
1906 3740 1983 3791 εἰ·

397 3828 515 3881 κόνι
546 3827 785 3900 φθαρτοῦ
807 3828 1117 3901 ἀνθρώπου,
1148 3831 1242 3883 καί
1268 3831 1553 3893 πετεινῶν,
1589 3832 1682 3884 καὶ
1715 3831 1982 3902 τετραπό-

395 3919 504 3973 δων
539 3921 632 3974 καὶ
659 3921 906 3992 ἑρπετῶν
928 3922 1034 3974 τῶν
1063 3924 1155 3975 ὲπί
1191 3924 1288 3992 τῆς
1323 3923 1446 3992 γῆς.
1481 3923 1590 3976 Καὶ
1629 3926 1658 3976 6
1693 3923 1984 3992 σεϐόμενος

397 4014 537 4065 καὶὸ
570 4013 847 4086 λατρεύων
876 4018 941 4086 τῇ
965 4015 1137 4068 κτίσει
1169 4017 1319 4085 παρὰ
1341 4016 1432 4070 τὸν
1466 4019 1726 4070 κτίσαντα
1749 4017 1884 4087 (8-4),
1921 4016 1981 4067 οὐ

396 4103 476 4174 τῷ
510 4105 628 4176 Θεῷ
665 4107 820 4178 φέρει
859 4107 1037 4173 δόξαν,
1083 4106 1219 4160 ἀλλά
1251 4110 1366 4171 τοῖς
1409 4109 1726 4177 κτίσμασιν.
1771 4111 1933 4161 Ὥστε
1956 4110 1985 4161 ὁ

399 4197 606 4268 κτίσμα
625 4199 798 4268 λέγων
830 4217 902 4263 τι,
925 4195 1041 4252 εἶτα
1080 4200 1419 4270 προσκυνῶν,
1452 4198 1983 4272 γνωριζέτωέαυτοῦ

398 4289 500 4360 τὴν
536 4290 724 4360 μερίδα
768 4290 884 4361 μεθ’
913 4287 980 4362 ἧς
1030 4292 1333 4358 τετάξεται.
1373 4293 1705 4363 Φοϐηθῶμεν
1745 4290 1838 4347 οὖν
1887 4294 1982 4365 μὴ,

399 4381 557 4447 δόξαν
596 4385 690 4436 καὶ
719 4384 981 4454 καύχημα
1019 4384 1106 4437 διὰ
1140 4385 1239 4454 τῆς
1273 4386 1544 4456 ἁμαρτίας
1578 4385 1735 4456 ἡμῶν
1763 4385 1840 4456 τῷ
1869 4386 1985 4438 δια-

2087 529 2302 581 ventur,
2334 517 2671 586 providentia
2705 519 2873 587 ipsius
2900 520 2964 572 ad
3003 520 3225 574 minima
3261 535 3430 590 usque
3463 523 3669 592 pertin-

2087 617 2267 676 gente,
2299 617 2354 661 et
2395 624 2499 677 qua
2543 617 2664 676 post
2713 611 3092 678 temporariam
3140 613 3663 668 administrationem

2088 698 2143 752 in
2189 699 2451 768 judicium
2501 699 2858 754 adducantur.
2900 701 3000 768 Qui
3050 703 3211 758 claris
3262 705 3668 776 inconfusisque

2087 790 2509 860 cogitationibus
2559 801 2737 861 potest
2780 800 2836 847 et
2882 794 2992 862 ipse
3035 795 3241 863 singula
3286 797 3574 866 speculari,
3609 807 3666 852 et

2087 893 2440 951 posteaquam
2485 883 2598 952 ipse
2648 883 2957 952 speculatus
3001 885 3182 951 fuerit,
3216 889 3381 942 etiam
3417 889 3537 944 aliis
3573 905 3665 942 ar-

2087 987 2220 1026 cana
2259 975 2514 1028 bonitatis
2544 975 2636 1028 Dei
2669 990 2732 1028 ac
2758 974 2888 1042 justi
2929 977 3118 1044 judicii
3163 980 3330 1048 ipsius
3362 981 3666 1048 patefacere

2086 1073 2284 1133 potest,
2323 1065 2411 1119 hic
2450 1064 2540 1120 ille
2579 1075 2683 1133 est,
2726 1069 2816 1134 qui
2868 1069 3095 1124 Domino
3138 1070 3294 1124 affert
3339 1071 3563 1141 gloriam
3609 1080 3668 1126 et

2087 1156 2368 1228 honorem,
2403 1157 2784 1226 itemque,-qui
2834 1170 3195 1228 congruenter
3228 1161 3491 1230 ejusmodi
3531 1175 3665 1215 con-

2090 1248 2418 1316 templationi
2452 1250 2605 1302 vivit.
2639 1250 2770 1304 Nam
2813 1252 2912 1306 viri
2960 1253 3220 1321 ejusmodi
3267 1253 3357 1306 lux
3407 1253 3667 1308 elucescit

2088 1355 2268 1394 coram
2306 1342 2630 1408 hominibus,
2667 1344 2934 1412 siquidem
2973 1343 3135 1398 Pater
3160 1345 3250 1414 qui
3291 1345 3342 1396 in
3372 1345 3527 1400 ctelis
3559 1357 3663 1412 est,

2088 1442 2142 1486 et
2172 1433 2337 1487 verbo
2379 1446 2433 1487 et
2473 1450 2660 1504 opere,
2694 1446 2748 1489 et
2791 1451 2886 1505 per
2931 1437 3186 1506 pra-clara
3233 1439 3409 1491 omnis
3451 1439 3666 1508 generis

2091 1524 2331 1580 facinora
2384 1528 2737 1597 glorificatur.
2779 1529 2893 1584 Non
2944 1539 3122 1586 autem
3171 1532 3399 1586 Domino
3441 1533 3665 1600 gloriam

2089 1630 2142 1674 el.
2186 1623 2446 1675 honorem
2502 1623 2676 1687 affert,
2716 1625 2803 1691 qui
2855 1625 3133 1693 impotenti
3191 1626 3436 1679 humana!
3481 1625 3668 1695 gloria

2090 1712 2359 1766 desiderio
2403 1711 2637 1782 ﬂagrat;
2672 1729 2779 1768 non
2824 1715 2915 1782 qui
2958 1721 3238 1782 argentum
3274 1715 3434 1769 habet
3466 1715 3517 1768 in
3548 1729 3669 1783 pre-

2019 1784 2060 1837 Β
2093 1805 2196 1866 ιῑο;
2234 1819 2337 1857 non
2382 1805 2474 1874 qui
2519 1809 2764 1874 corporis
2801 1807 3109 1876 voluptates
3147 1806 3360 1877 plurimi
3395 1806 3542 1872 facit,
3575 1821 3642 1860 ne

2089 1910 2195 1963 que
2221 1895 2309 1963 qui
2344 1895 2518 1949 aliena
2554 1913 2580 1948 a
2616 1899 2816 1966 pietate
2843 1900 3093 1966 dogmata
3126 1900 3444 1954 admiratur.
3471 1899 3669 1965 Quem-

2088 1989 2376 2043 admodum
2419 1991 2563 2042 enim
2611 2005 2708 2058 per
2755 1991 2896 2045 bona
2933 2007 3095 2060 opera
3136 1991 3361 2046 Domino
3393 1991 3669 2046 aﬂ'erimus

2087 2079 2314 2148 gloriam
2358 2081 2474 2135 :ita
2522 2097 2617 2148 per
2664 2083 2800 2136 mala
2844 2099 3009 2153 opera
3058 2086 3255 2139 accidit
3305 2086 3664 2140 contrarium.

2087 2171 2223 2236 Quid
2252 2173 2394 2226 enim
2438 2174 2571 2228 dicit
2609 2177 2997 2242 peccantibus?
3030 2178 3236 2232 Nomen
3269 2196 3438 2231 meum
3469 2197 3558 2247 per
3578 2196 3668 2234 vos

2089 2257 2483 2327 blasphematur
2523 2262 2666 2316 inter
2703 2275 2880 2331 gentes
2908 2267 2976 2318 δ’.
3008 2265 3074 2318 Ει
3106 2283 3294 2322 rursus
3331 2269 3616 2338 Aposwlus
3644 2289 3661 2302 ο

2089 2348 2196 2402 Per
2231 2353 2722 2417 pra'varicationem
2757 2354 2884 2423 legis
2919 2357 3083 2410 Deum
3118 2358 3402 2412 inhonorus
3433 2361 3500 2412 ⁸³.
3534 2359 3669 2415 Nam

2086 2441 2362 2509 despectio
2406 2442 2580 2510 legum
2627 2454 2786 2513 atque
2835 2456 3174 2515 contemptus
3222 2451 3545 2504 contumelia
3587 2459 3673 2507 est

2087 2530 2404 2600 legislatori.
2438 2533 2744 2597 Quinetiam
2795 2536 2840 2589 si
2878 2539 3079 2592 'domus
3131 2541 3268 2596 male
3315 2543 3668 2611 gubernatur,

2089 2623 2140 2676 in
2183 2637 2285 2690 qua
2331 2623 2580 2678 videlicet
2615 2637 2698 2679 est
2729 2626 2833 2688 ira,
2861 2627 3088 2695 clamor,
3123 2632 3471 2696 contumelia,
3510 2633 3672 2705 116

2089 2715 2250 2780 risus,
2286 2715 2464 2779 luxus,
2507 2717 2750 2782 lascivia,
2784 2719 3070 2787 impuritas
3117 2731 3166 2774 et
3221 2723 3539 2790 petulantia,
3575 2741 3671 2778 eo-

2088 2823 2206 2862 rum
2254 2823 2374 2875 quae
2417 2808 2552 2862 fiunt
2601 2809 2892 2878 ignominia
2937 2821 2993 2865 et
3035 2814 3312 2880 turpitudo
3343 2815 3392 2867 in
3423 2830 3544 2868 eum
3577 2818 3668 2884 qui

2088 2900 2306 2953 domum
2383 2911 2655 2968 occupat,
2719 2902 2987 2956 recidunt.
3066 2903 3413 2972 Consequens
3486 2919 3668 2961 autem

2088 2996 2273 3061 fuerit,
2324 3007 2381 3050 ut
2434 2997 2799 3066 intelligamus
2849 3014 2970 3062 nos,
3017 2999 3158 3068 quod
3214 3002 3666 3069 quemadmodum

2088 3106 2152 3146 ex
2201 3090 2358 3145 bouis
2411 3090 2663 3156 operibus
2719 3091 3018 3145 honoratur
3073 3091 3246 3155 Deus,
3297 3093 3370 3146 ita
3428 3109 3494 3147 ex
3547 3110 3666 3148 ma-

2085 3184 2151 3237 lis
2222 3183 2477 3236 inimicus
2561 3182 2880 3236 honoretur.
2939 3182 3070 3236 Cum
3149 3185 3334 3248 enim,
3411 3186 3670 3241 membris

2083 3272 2286 3328 Christi
2359 3273 2596 3337 ablatis,
2669 3273 2848 3327 fecero
2923 3275 3228 3328 meretricis
3296 3277 3535 3331 membra
3589 3278 3667 3344 ⁵⁸,

2084 3366 2308 3435 gloriam
2367 3365 2435 3418 ab
2485 3380 2551 3418 eo
2605 3365 2696 3434 qui
2758 3380 2844 3419 me
2898 3375 3100 3429 servat,
3152 3367 3218 3419 ad
3274 3381 3396 3420 eum
3443 3368 3535 3436 qui
3586 3383 3671 3423 me

2084 3458 2302 3526 perdit,
2365 3457 2637 3510 transtuli.
2686 3455 2752 3508 Et
2817 3457 2907 3523 qui
2970 3457 3202 3510 infidelis
3253 3468 3378 3520 est,
3441 3459 3668 3528 gloriam

2085 3547 2514 3618 incorruptibilis
2565 3549 2655 3602 Dei
2710 3549 2761 3601 in
2814 3548 3105 3617 imaginem
3156 3551 3526 3619 corruptibilis
3571 3551 3671 3605 ho-

2085 3643 2266 3706 minis,
2299 3650 2353 3694 et
2383 3640 2662 3694 volucrum
2684 3681 2697 3702 ,
2727 3649 2782 3693 et
2814 3641 3218 3708 quadrupedum
3248 3651 3304 3694 et
3336 3644 3666 3710 serpentium

2076 3737 2137 3787 in
2178 3742 2320 3787 terra
2348 3732 2654 3801 degentium
2684 3731 3103 3786 transmutat”.
3138 3731 3204 3784 Et
3251 3732 3499 3800 quisquis
3541 3734 3675 3790 colit

2083 3838 2138 3885 et
2157 3840 2444 3881 veneratur
2464 3837 2790 3890 creaturam,
2816 3826 3092 3893 praaterito
3119 3836 3391 3892 creatore,
3409 3841 3514 3879 non
3541 3827 3670 3894 Deo,

2087 3921 2179 3976 sed
2208 3919 2472 3974 creaturis
2515 3917 2668 3971 affert
2710 3917 2958 3988 gloriam.
2994 3917 3180 3985 Itaque
3229 3917 3318 3985 qui
3367 3927 3674 3973 creaturam

2087 4011 2286 4081 aliquid
2315 4027 2436 4065 esse
2467 4011 2562 4074 ait,
2598 4011 2792 4064 deinde
2827 4010 3038 4075 adorat,
3071 4009 3116 4063 is
3145 4017 3329 4062 noscat
3359 4023 3509 4062 suam
3551 4023 3676 4074 par-

2089 4119 2216 4169 tem,
2253 4122 2373 4159 cum
2400 4119 2503 4173 qua
2533 4105 2894 4157 ordinabitur.
2931 4104 3244 4158 Timeamus
3274 4104 3440 4174 igitur
3467 4117 3534 4157 ne
3556 4103 3678 4170 glo-

2089 4200 2224 4252 riam
2257 4208 2313 4250 et
2361 4196 2774 4251 exsultationem
2825 4195 3036 4248 diabolo
3072 4210 3167 4264 per
3206 4207 3448 4248 nostrum
3487 4209 3680 4263 pecca-

2089 4300 2200 4344 tum
2252 4289 2574 4354 aﬂ'erentes,
2613 4304 2714 4342 una
2767 4304 2889 4342 cum
2945 4288 3060 4357 ipso
3105 4289 3414 4356 ignominia:
3461 4297 3679 4340 aeternae

2091 4384 2425 4437 addicanmr.
2459 4380 2612 4448 Quod
2660 4381 2802 4434 enim
2846 4391 3124 4450 peccatum
3161 4389 3401 4434 nostrum
3457 4379 3508 4431 in
3564 4379 3677 4443 βιο-

402 4473 541 4544 ϐόλῳ
572 4475 972 4548 προσφέροντες
1001 4476 1132 4545 (83),
1163 4478 1278 4547 μετ’
1303 4477 1468 4530 αὑτοῦ
1491 4481 1554 4548 τῇ
1579 4478 1773 4549 αἰωνίᾳ
1797 4477 1986 4548 αἰσχύ-

2093 4476 2227 4529 riam
2254 4476 2413 4529 cedat
2445 4476 2579 4540 ejus,
2608 4474 2696 4540 qui
2727 4473 2866 4526 illius
2898 4473 2948 4524 in
2996 4475 3151 4526 nobis
3182 4484 3370 4525 auctor
3395 4480 3498 4535 est,
3529 4469 3578 4522 id
3610 4484 3681 4524 ex

400 4581 468 4638 νῃ
502 4565 913 4637 παραδοθῶμεν.
944 4567 1068 4620 ’Ότι
1101 4566 1210 4639 γὰρ
1237 4569 1270 4638 ή
1306 4569 1548 4639 ἁμαρτία
1576 4569 1734 4641 ἡμῶν
1755 4570 1880 4633 δόξα
1910 4568 1989 4639 τῷ

402 4658 711 4729 ἐνεργοῦντι
743 4659 911 4730 αὐτὴν
953 4663 1008 4714 ὲν
1039 4662 1168 4732 ἡμῖν
1197 4663 1425 4730 γίνεται,
1469 4661 1657 4731 νόησον
1693 4661 1758 4713 δι’
1787 4661 1993 4723 εἰκόνος

401 4751 464 4802 τὸ
495 4751 805 4822 λεγόμενον.
841 4753 946 4804 Δύο
969 4753 1292 4824 στρατηγῶν
1323 4754 1686 4806 ἀντεπιόντων
1717 4752 1990 4823 ἀλλήλοις,

402 4843 528 4896 ὅταν
578 4843 676 4914 μὲν
723 4843 881 4896 τοῦτο
913 4847 1039 4916 νικᾷ
1090 4845 1150 4897 τὸ
1194 4846 1415 4917 τάγμα,
1452 4849 1480 4898 6
1513 4847 1992 4916 στρατοπεδάρχης

405 4932 570 4986 αὐτοῦ
617 4932 714 5004 τὴν
744 4933 899 4997 δόξαν
935 4935 1188 5005 φέρεται·
1218 4939 1346 4990 ὅταν
1392 4936 1448 4988 δὲ
1494 4936 1554 4987 τὸ
1603 4935 1842 4989 ἐναντίον
1871 4938 1993 4988 ὲπι-

403 5027 603 5096 κρατῇ,
636 5025 721 5077 ἐπ’
754 5027 960 5078 ἐκεῖνον
997 5027 1215 5097 πάλινὴ
1253 5026 1388 5097 τιμὴ
1428 5027 1776 5096 μεταπίπτει.
1807 5026 1992 5088 Οὕτως

404 5117 463 5168 ἐν
498 5119 595 5187 μὲν
624 5117 739 5179 τοῖς
762 5115 984 5184 ἀγαθοῖς
1029 5135 1121 5170 σου
1155 5117 1336 5190 ἔργοις
1366 5116 1570 5189 Κύριός
1606 5119 1752 5170 ἑστιν
1777 5120 1806 5171 6
1846 5115 1993 5181 δοξα-

476 5238 521 5270 "
554 5237 710 5294 Rom.
751 5255 814 5304 ιι,
848 5237 938 5292 24.
1016 5238 1064 5268 ⁵³
1093 5236 1222 5291 ibid.
1253 5234 1344 5288 23.

479 5357 592 5430 (82)
623 5357 756 5428 Reg.
792 5359 984 5430 tertius
1015 5372 1123 5430 uno
1155 5357 1320 5430 νει]ιο
1353 5353 1774 5430 δικαιοκρισίας,
1819 5365 1876 5430 et
1921 5355 1994 5430 ita

409 5424 604 5497 legitur
645 5424 782 5492 apud
826 5429 1166 5497 Apostolum,
1228 5427 1386 5480 Rom.
1430 5443 1490 5489 ιι,
1548 5424 1600 5477 5.
1653 5424 1772 5478 Mox
1838 5424 1990 5478 Colb.

411 5499 842 5571 (pluriuscpépmv
871 5499 948 5570 τῷ
982 5497 1121 5569 Θεῷ.

483 5569 593 5636 (85)
632 5564 785 5624 Deest
810 5571 862 5623 τί
890 5564 939 5622 in
973 5564 1103 5634 Reg-
1132 5568 1390 5622 secundo.
1425 5567 1584 5622 Deest
1615 5584 1681 5636 με
1718 5564 1902 5617 itidem
1937 5566 1988 5618 in

410 5645 598 5692 eodem
627 5655 725 5692 ms.
753 5652 872 5707 post
898 5640 1181 5706 σώζοντος.
1213 5638 1333 5693 Mox
1363 5654 1495 5692 mss.
1529 5636 1816 5689 πετεινῶν.
1843 5636 1991 5690 Editi

399 5724 540 5781 xvero
559 5711 842 5781 (πετηνῶν.

487 5779 597 5850 (84)
632 5777 802 5855 Quam
844 5781 1122 5856 facillime
1149 5780 1278 5835 Inibi
1323 5779 1638 5850 persuaderi
1676 5777 1867 5848 possit,
1918 5777 1985 5834 il-

1421 5234 1468 5265 “
1501 5232 1670 5288 lCor.
1703 5248 1776 5297 vt,
1807 5232 1892 5286 l5.

2094 4569 2451 4621 similitudine
2476 4566 2731 4634 iutellige.
2757 4565 3141 4617 Adorientibus
3175 4578 3231 4616 se
3262 4563 3490 4614 invicem
3524 4562 3677 4615 duci-

2095 4660 2194 4714 bus
2217 4659 2445 4721 duobus,
2464 4672 2584 4708 cum
2623 4656 2724 4708 hoc
2751 4669 2940 4723 agmen
2969 4654 3156 4715 vincit,
3193 4653 3487 4719 imperator
3513 4650 3682 4717 ipsius

2095 4749 2263 4803 refert
2304 4747 2531 4816 gloriam
2571 4762 2584 4796 :
2634 4759 2755 4797 cum
2807 4758 3001 4809 agmen
3053 4743 3387 4795 contrarium
3438 4752 3682 4807 superat,

2100 4855 2290 4894 rursus
2331 4841 2503 4893 honor
2534 4837 2599 4890 ad
2639 4837 2782 4890 illius
2812 4839 3002 4889 ducem
3038 4833 3383 4888 transfertur.
3419 4833 3686 4886 Similiter

2101 4942 2158 4984 ut
2191 4929 2447 4983 Dominus
2493 4937 2575 4980 est
2610 4926 2700 4994 qui
2754 4927 2806 4979 in
2843 4925 3000 4980 bonis
3060 4925 3165 4979 tuis
3229 4923 3484 4992 operibus
3513 4921 3684 4990 gloria

2099 5021 2327 5076 afﬁcitur
2368 5039 2380 5074 :
2409 5021 2480 5074 ita
2509 5021 2561 5073 in
2587 5021 2872 5074 contrariis
2907 5018 3159 5087 operibus
3186 5016 3455 5070 inimicus.
3493 5013 3559 5068 Et
3594 5028 3681 5077 ne,

2100 5128 2299 5182 ψιιιξδο,
2342 5110 2618 5165 existimes
2652 5109 2834 5164 hostes
2867 5107 3024 5179 longe
3050 5123 3079 5161 a
3112 5117 3161 5163 te
3187 5121 3306 5163 esse
3331 5103 3573 5172 dissitos,
3596 5119 3682 5158 ne'

1971 5233 2016 5263 ⁵⁵
2052 5231 2210 5285 Rom.
2245 5244 2284 5295 ι,
2314 5228 2405 5282 25.

2096 5350 2206 5412 lud,
2240 5349 2394 5420 παρὰ
2420 5349 2510 5401 τὸν
2557 5345 2845 5420 κτίσαντα,
2887 5343 3118 5420 positum
3159 5342 3250 5420 hic
3285 5355 3403 5395 esse
3431 5355 3528 5409 pro
3566 5340 3688 5394 ἀντὶ

2093 5421 2187 5473 τοῦ
2212 5414 2520 5482 κτίσαντος,
2570 5418 2918 5483 arbitrorque
2973 5430 3003 5465 e
3052 5414 3362 5483 Scripturze
3382 5427 3544 5465 sensu
3579 5426 3686 5466 non

2094 5495 2476 5544 aberraturum
2514 5490 2605 5557 qui
2644 5490 2723 5538 sic
2775 5482 3234 5557 interpretaretur
3271 5501 3284 5536 :
3331 5482 3590 5557 Quisquis
3637 5490 3687 5535 et

2092 5563 2214 5615 colit
2241 5573 2288 5615 et
2327 5551 2603 5612 venere-iur
2635 5567 2934 5608 creaturam
2988 5571 3082 5620 pro
3117 5553 3386 5616 Creatore,
3415 5567 3532 5615 seu,
3571 5551 3686 5604 loco

2091 5633 2379 5686 Creatoris.
2434 5633 2660 5684 Ducams
2687 5638 2744 5679 ut
2773 5628 2930 5689 alias,
2969 5626 3039 5678 ita
3088 5627 3172 5680 bic
3219 5638 3434 5694 quoque
3481 5623 3683 5692 optima

2090 5705 2272 5759 docet.

2164 5772 2272 5843 (85)
2308 5771 2443 5842 Reg.
2479 5767 2672 5825 tertius
2693 5765 2972 5838 φέροντες.
