4048 6220
397 356 501 415 291

1703 344 1761 399 S.
1804 341 2046 398 BASILII
2085 338 2305 395 MAGNI

3540 328 3657 385 292

404 476 566 531 menti
603 475 801 542 impetu
829 486 925 542 per
952 468 1173 525 nubium
1218 483 1346 524 cava
1390 465 1833 529 circumvolutus,
1869 479 1954 519 ex-

2078 463 2279 515 ἱσταται
2315 459 2372 513 δὲ
2406 460 2439 529 ἡ
2475 455 2697 527 βροντὴ,
2740 454 2868 507 ὅταν
2896 451 3112 523 πνεῦμα
3157 450 3320 521 ξηρὸν
3352 449 3445 503 καὶ
3477 448 3655 519 βίαιον

402 569 483 623 ire
511 575 567 622 et
592 566 735 621 foras
766 576 1049 632 erumpere
1090 561 1304 631 quazrit.
1345 560 1523 615 Nubes
1549 559 1714 630 igitur
1739 573 1849 628 pne
1884 558 1968 611 in-

403 658 547 729 genti
573 654 971 725 compressione
999 654 1322 717 obnitentes,
1339 654 1408 706 ob
1432 653 1573 706 hanc
1591 651 1809 722 spiritus
1833 648 1972 703 colli-

402 754 607 806 sionem
634 763 882 819 asperum
923 747 1070 801 illum
1096 745 1359 816 fragorem
1394 743 1647 800 eﬂiciunt.
1682 744 1968 812 Postquam

402 854 532 893 vero
567 839 735 893 nubes
762 837 864 892 illm
892 838 1082 906 spiritu
1124 836 1177 891 in
1214 837 1430 891 modum
1470 834 1735 890 bullarum
1766 834 1971 888 disten-

405 945 472 988 tae
503 931 732 1003 amplius
766 931 1049 994 resistere,
1080 937 1135 984 et
1160 928 1428 983 sustinere
1447 934 1736 994 nequeunt,
1766 924 1968 978 violen-

403 1032 487 1079 ter
510 1020 815 1087 confractus,
840 1020 1194 1088 spiritumque
1233 1016 1299 1072 ad
1350 1027 1628 1071 externam
1658 1015 1969 1085 respiratio-

405 1127 528 1166 nem
578 1110 953 1181 propellentes,
1003 1109 1258 1177 strepitus
1317 1107 1609 1161 tonitruum
1649 1107 1968 1175 producunt.

404 1203 518 1259 Hoc
539 1211 716 1257 autem
744 1201 881 1257 solet
908 1199 1083 1268 fulgur
1098 1199 1260 1253 etiam
1288 1197 1517 1253 ellicere.
1535 1196 1789 1252 Dominus
1809 1196 1975 1267 igitur

402 1305 506 1362 est,
537 1294 627 1364 qui
657 1301 712 1348 et
740 1307 903 1362 super
928 1304 1097 1359 aquas
1119 1289 1465 1354 constitutus,
1493 1296 1547 1341 et
1593 1289 1862 1358 ingentem
1892 1297 1973 1342 to-

403 1383 569 1438 nitrui
621 1381 889 1453 fragorem
914 1380 1180 1445 excitans,
1211 1396 1399 1436 sonum
1420 1381 1573 1450 longe
1596 1379 1887 1433 maximum
1918 1377 1972 1432 in

404 1473 551 1530 molli
591 1474 731 1529 aeris
780 1483 969 1527 natura
1021 1471 1263 1527 coniicit.
1305 1473 1574 1526 Caeterum
1627 1470 1971 1525 traditionem

404 1580 523 1636 qua:
546 1573 666 1635 post
695 1566 1012 1634 baptismum
1043 1578 1139 1634 per
1181 1578 1428 1634 magnam
1463 1562 1737 1633 Evangelii
1788 1577 1974 1617 vocem

405 1657 465 1713 fit
508 1673 562 1712 in
609 1657 804 1712 animis
850 1671 1039 1711 eorum
1089 1656 1180 1725 qui
1225 1658 1335 1726 jam
1389 1656 1728 1726 perficiuntur
1761 1695 1775 1717 ,
1824 1665 1975 1725 potes

402 1752 565 1806 etiam
584 1750 734 1821 juxta
768 1748 1189 1804 ecclesiasticum
1230 1762 1530 1803 sermonem
1564 1747 1763 1801 tonitru
1793 1745 1974 1815 appel-

2070 552 2340 623 κοιλότησι
2379 550 2609 619 νεφέλης
2648 544 3019 617 ἐναποληφθὲν
3065 542 3196 615 (96).
3239 544 3332 596 καὶ
3358 542 3463 595 ὑπὸ
3488 543 3655 594 εἰμι-ο⁴

2070 644 2186 707 νίας
2217 646 2329 706 τοῖς
2358 640 2656 711 κοιλώμασι
2688 638 2796 692 τῶν
2824 636 3000 706 νεφῶν
3031 635 3472 707 ἐνστρεφόμενον,
3509 633 3656 707 ζητῇ

2069 735 2299 802 διέξοδον
2332 733 2469 805 πρὸς
2496 733 2562 785 τὰ
2590 731 2714 798 ἐξω.
2756 730 3103 799 Ἀντέχουσαι
3141 727 3237 798 μὲν
3287 722 3378 779 οὖν
3409 726 3512 778 ὑπὸ
3550 725 3658 795 τῆς

2070 825 2209 894 ἄγαν
2234 825 2506 896 πιλήσεως
2536 823 2592 876 αἱ
2614 820 2854 890 νεφέλαι,
2878 820 3195 890 τὺν.τραχὺν
3225 820 3427 871 ἐκεῖνον
3455 817 3518 869 ἐκ
3549 816 3659 887 τῆς

2070 918 2164 972 τοῦ
2194 917 2500 988 πνεύματος
2520 915 2908 986 παρατρίψεως
2932 911 3286 967 ἀποτελοῦσιν
3305 907 3438 982 ἦχον
3454 926 3469 941 ·
3502 912 3661 963 ἐπει-

2070 1012 2167 1066 δάν
2191 1011 2247 1065 δὲ
2277 1010 2465 1080 ὥσπερ
2488 1008 2832 1080 πομφόλυγες
2867 1004 3243 1078 περιταοεῖσαι
3272 1003 3350 1075 τῷ
3379 1001 3659 1072 πνεύματι

2071 1104 2326 1157 ἐπιπλέον
2384 1103 2630 1171 ἀντέχειν
2681 1100 2774 1154 καὶ
2830 1100 3039 1168 στέγειν
3080 1098 3192 1170 (97)
3252 1097 3655 1167 ἀδυνατήσωσι,

2074 1197 2261 1269 βιαίως
2301 1193 2782 1268 ἀπορρηγνύμεναι
2815 1193 2910 1246 καὶ
2941 1192 3077 1263 πρὸς
3111 1191 3210 1263 τὴν
3245 1188 3349 1255 ἔξω
3379 1186 3660 1259 ἀναπνοὴν

2070 1291 2266 1344 διεῖσαι
2317 1289 2378 1343 τὸ
2421 1288 2667 1360 πνεῦμα,
2696 1289 2821 1350 τοὺς
2852 1284 2993 1341 κατὰ
3040 1286 3138 1350 τὰς
3186 1283 3413 1356 βροντὰς
3454 1283 3659 1336 ἀποτε-

2072 1381 2222 1435 λοῦσι
2270 1380 2494 1450 ψόφους.
2543 1378 2712 1432 Τοῦτο
2749 1378 2804 1431 δέ
2853 1378 2947 1432 καὶ
2993 1377 3280 1447 ἀστραπὴν
3324 1375 3659 1446 ἐργάζεσθαι

2077 1474 2305 1542 πέφυκε.
2342 1473 2542 1542 Κύριος
2570 1467 2661 1525 οὖν
2691 1473 2835 1524 ἐστιν
2864 1472 2891 1523 6
2923 1470 3017 1523 καὶ
3048 1469 3141 1522 ἐπὶ
3183 1469 3292 1521 τῶν
3327 1467 3532 1521 ὑδάτων
3556 1466 3657 1528 ὢν,

2074 1566 2165 1620 καὶ
2197 1567 2226 1618 6
2252 1564 2379 1627 τοὺς
2408 1564 2678 1636 μεγάλους
2701 1563 2904 1632 ψόφους
2927 1563 3024 1632 τῆς
3052 1542 3278 1633 βροντῆς
3307 1559 3563 1631 ἐνεργῶν,
3599 1562 3661 1612 ἐν

2076 1658 2256 1729 ἁπαλῇ
2284 1656 2377 1711 τοῦ
2432 1657 2594 1727 ἀέρος
2642 1655 2801 1724 φύσει
2828 1654 3094 1725 τοσαύτην
3136 1653 3310 1723 ψόφου
3350 1651 3661 1723 ὑπερϐολὴν

2075 1750 2462 1823 ἐργαζόμενος.
2488 1748 2719 1801 Δυνατὸν
2746 1748 2802 1801 δέ
2829 1765 2908 1801 σοι
2940 1747 3032 1800 καὶ
3063 1746 3205 1800 κατὰ
3235 1747 3325 1800 τὸν
3364 1747 3661 1816 ἐκκλησια-

402 1844 536 1899 lare.
581 1843 734 1910 Quod
778 1843 920 1898 enim
960 1840 1303 1911 Evangeliuin
1350 1841 1549 1893 tonitru
1603 1838 1694 1902 sit,
1729 1835 1975 1905 discipuli

2080 1822 2261 1896 στικὸν
2281 1842 2435 1911 λόγον
2461 1842 2560 1912 τὴν
2597 1840 2733 1913 μετὰ
2759 1840 2820 1892 τὸ
2850 1839 3131 1910 βάπτισμα
3151 1839 3439 1909 γινομένην
3465 1838 3529 1890 ἐκ
3556 1838 3662 1905 τῆς

405 1938 502 2008 ipsi
525 1936 617 2006 qui
664 1944 870 1990 mutato
924 1934 1140 1989 nomine
1166 1930 1262 1986 lilii
1300 1928 1519 1985 tonitrui
1556 1943 1584 1981 a
1615 1926 1839 1982 Domino
1878 1941 1965 1995 ap-

402 2028 583 2098 pellati
614 2036 741 2084 sunt
772 2027 843 2092 “,
866 2026 1178 2081 ostendunt.
1214 2022 1576 2090 Quamobrem
1610 2034 1712 2074 vox
1753 2019 1975 2074 tonitrui

404 2120 706 2192 hljusmodi
738 2135 841 2175 non
891 2127 975 2174 est
1025 2118 1079 2172 in
1132 2115 1410 2185 quolibet;
1439 2113 1532 2167 sed
1580 2112 1626 2167 si
1655 2113 1778 2180 quis
1811 2110 1978 2165 fuerit

405 2213 597 2283 dignus
629 2210 716 2280 qui
750 2221 866 2264 rota
896 2207 1222 2263 nominetur.
1263 2203 1379 2259 Vos:
1411 2203 1570 2269 enim,
1608 2202 1805 2273 inquit,
1840 2202 1981 2256 toni-

2076 1934 2488 2005 μεγαλοφωνίας
2542 1933 2638 1987 τοῦ
2693 1933 3026 2001 Εὑαγγελίου
3069 1934 3126 1984 ἐν
3163 1935 3282 1994 ταῖς
3316 1930 3515 2001 ψυχαῖς
3551 1930 3663 1984 τῶν

2072 2024 2173 2095 ἤδη
2233 2025 2626 2096 τελειουμένων
2677 2025 2975 2096 παράδοσιν
3049 2024 3279 2097 βροντὴν
3350 2023 3660 2094 ὀνομάζειν.

2073 2117 2197 2169 Ὅτι
2226 2117 2335 2189 γὰρ
2384 2117 2580 2188 βροντὴ
2610 2118 2668 2171 τὸ
2717 2117 3078 2186 Εὑαγγέλιον,
3109 2115 3358 2188 δηλοῦσιν
3408 2117 3459 2169 oi
3510 2114 3663 2187 παρὰ

2070 2206 2162 2260 τοῦ
2190 2208 2392 2279 Κυρίου
2421 2209 2911 2280 μετονομασθέντες
2945 2208 3187 2281 μαθηταὶ
3229 2209 3324 2262 καὶ
3368 2208 3474 2261 υἱοὶ
3503 2207 3661 2279 βρον-

404 2306 509 2360 trui
531 2303 609 2358 tui
636 2303 693 2356 in
724 2309 841 2355 rota
858 2301 924 2354 ".
951 2299 1008 2355 Si
1034 2298 1158 2369 quis
1184 2295 1349 2352 fuerit
1369 2295 1459 2365 qui
1499 2310 1558 2351 se
1595 2295 1662 2348 ad
1698 2294 1974 2349 anteriora

2078 2298 2167 2367 τῆς
2188 2300 2635 2370 χρηματίζοντες.
2667 2299 2764 2353 Διὰ
2806 2298 2965 2353 τοῦτο
2999 2301 3100 2354 οὐκ
3129 2301 3186 2353 ἐν
3213 2298 3292 2371 τῷ
3322 2299 3538 2369 τυχόντι
3564 2298 3665 2369 τῆς

404 2395 677 2459 extendat,
702 2392 867 2448 veluti
893 2400 1033 2457 rota,
1062 2387 1267 2444 modica
1291 2387 1371 2443 sui
1400 2397 1554 2457 parte
1587 2394 1783 2441 terram
1819 2386 1982 2439 attin-

404 2501 554 2559 gens,
590 2495 642 2541 et
672 2489 892 2540 omnino
914 2483 1056 2548 talis,
1087 2480 1261 2551 qualis
1296 2488 1413 2533 erat
1436 2494 1521 2544 ea,
1557 2477 1623 2533 de
1653 2488 1756 2547 qua
1789 2477 1981 2548 loque-

406 2578 562 2632 batur
592 2575 841 2632 Ezechiel
871 2590 886 2627 :
921 2571 987 2626 Et
1034 2574 1161 2637 vidi,
1183 2581 1230 2625 et
1264 2586 1381 2626 ecce
1404 2577 1523 2625 rota
1567 2586 1673 2623 una
1721 2569 1778 2622 in
1813 2576 1976 2633 terra,

404 2666 585 2733 iuncta
632 2675 857 2737 quatuor
884 2660 1219 2726 animalibus,
1262 2671 1312 2716 et
1362 2660 1556 2731 species
1584 2669 1857 2723 eorum,et
1896 2659 1979 2730 fa-

405 2769 554 2813 ctura
585 2773 765 2813 eorum
805 2756 956 2826 quasi
988 2755 1181 2820 species
1209 2752 1423 2808 Tharsis
1450 2753 1515 2806 ⁸⁸.

2076 2390 2332 2461 τοιαύτης
2374 2390 2602 2462 βροντῆς
2631 2392 2663 2461 ἡ
2694 2391 2867 2462 φωνὴ,
2903 2390 3018 2444 ἀλλ’
3049 2390 3145 2444 ἐάν
3187 2408 3270 2454 τις
3311 2388 3459 2454 ἄξιος
3549 2391 3667 2442 ὀνο-

2080 2478 2348 2551 μάζεσθαι
2397 2482 2611 2553 τροχός.
2646 2481 2821 2550 Φωνὴ
2878 2479 2988 2552 γὰρ
3035 2481 3146 2550 τῆς
3196 2479 3463 2549 ,ϐροντῆς
3523 2496 3661 2543 σου,

2077 2574 2264 2643 φησιν,
2298 2574 2367 2628 ἐν
2409 2573 2491 2640 τῷ
2532 2573 2741 2644 τροχῷ.
2805 2574 2930 2629 Ἐάν
2968 2591 3055 2639 τις
3202 2577 3314 2637 τοῖς
3358 2572 3667 2645 ἔμπροσθεν

2077 2665 2542 2737 ἐπεκτεινόμενος,
2574 2666 2762 2738 ὥσπερ
2805 2667 2834 2719 6
2886 2666 3111 2739 τροχὸς,
3140 2666 3305 2737 ὀλίγῳ
3359 2667 3510 2737 μέρει
3567 2665 3667 2736 τῆς

2076 2756 2180 2827 γῆς
2207 2758 2615 2827 ἐφαπτόμενος,
2648 2760 2742 2811 καὶ
2774 2758 2910 2821 ὅλως
2929 2758 3168 2821 τοιοῦτος
3200 2757 3333 2829 (98),
3371 2759 3554 2821 ὁποῖος
3597 2752 3666 2829 ἦν

406 2851 533 2921 ἰτεῲ⁸
560 2844 621 2904 οὗ
652 2849 832 2916 ἔλεγεν
876 2845 1134 2917 Ἱεζεκιὴλ
1158 2864 1170 2876 ·
1206 2844 1313 2900 Kal
1352 2840 1534 2908 εἶδον,
1579 2845 1677 2899 καὶ
1717 2843 1845 2899 ἰδοὺ
1911 2846 2124 2916 τροχὸς
2187 2846 2275 2916 εἷς
2306 2849 2405 2904 ἐπὶ
2431 2848 2544 2919 γῆς
2597 2851 2883 2920 ἐχόμενος
2911 2849 3021 2921 (99)
3050 2848 3168 2903 τῶν
3191 2849 3347 2911 ζώων
3375 2851 3498 2916 τοῖς
3534 2849 3669 2903 τέσ-

405 2959 608 3013 σαρσι,
649 2941 839 2996 καὶτὸ
863 2936 1023 3006 εἶδος
1065 2940 1262 2994 αὐτῶν
1295 2938 1394 2991 καὶ
1432 2939 1471 3006 ἠ
1505 2939 1750 3005 ποίησις
1782 2936 1982 2993 αὐτῶν
2016 2942 2098 3008 ὠς
2132 2939 2290 3010 εἶδος
2312 2944 2578 3011 Θαρσεῖς.

476 3039 531 3093 4.
570 3038 709 3092 Deus
761 3050 889 3106 ergo
920 3034 1208 3105 majestatis
1244 3032 1491 3098 intonuit,
1529 3032 1783 3087 Dominus
1829 3049 1977 3103 super

2161 3038 2214 3091 4.
2258 3038 2318 3091 'U
2346 3038 2490 3104 Θεὸς
2533 3032 2626 3091 οὖν
2676 3035 2786 3107 τῆς
2831 3036 3018 3106 δόξης
3058 3037 3405 3105 ἐϐρόντησε,
3457 3036 3669 3103 Κύριος

408 3148 571 3202 aquas
605 3128 822 3184 multas.
857 3129 1024 3196 Aquae
1068 3135 1195 3181 sunt
1239 3132 1296 3179 et
1350 3125 1449 3191 ipsi
1496 3125 1689 3190 sancti,
1715 3126 1784 3179 ob
1822 3125 1982 3195 idque

408 3224 476 3279 de
497 3229 681 3276 ventre
706 3233 893 3275 eorum
923 3217 1092 3271 [luunt
1116 3214 1332 3271 ﬂumina
1348 3215 1413 3281 ",
1441 3216 1544 3270 hoc
1564 3224 1670 3281 est,
1689 3216 1984 3286 spiritualis

411 3312 674 3377 doctrina,
693 3325 811 3380 quae
837 3309 1167 3363 audientium
1193 3307 1401 3362 animas
1433 3307 1639 3377 irrigat.
1680 3307 1747 3363 Et
1773 3324 1983 3374 rursus,

413 3402 685 3473 accipiunt
704 3415 898 3472 aquam
941 3397 1222 3455 salientem
1268 3399 1320 3453 in
1359 3397 1527 3452 vitam
1564 3408 1986 3469 aeternam,qu:e

414 3494 469 3549 in
511 3493 580 3548 lis
608 3491 701 3562 qui
739 3505 859 3547 eam
914 3490 1015 3545 rite
1059 3489 1385 3560 acceperint,
1421 3487 1651 3543 ellicitur
1683 3488 1802 3545 fons
1830 3503 1987 3560 aquae

416 3583 657 3643 salientis
690 3583 744 3638 in
795 3583 961 3637 vitam
994 3590 1251 3636 aeternam
1279 3579 1350 3636 ⁷⁸.
1398 3577 1584 3648 itaque
1633 3594 1799 3649 super
1852 3579 1987 3635 tales

416 3689 587 3744 aquas
630 3672 887 3728 Dominus
937 3680 1040 3727 est.
1089 3670 1397 3726 Memineris
1446 3679 1623 3725 autem
1654 3678 1708 3725 et
1751 3669 1989 3726 historiae

417 3765 568 3832 Elia},
606 3764 820 3834 quando
854 3763 1010 3817 annis
1039 3762 1210 3817 tribus
1233 3771 1288 3816 et
1314 3762 1587 3817 mensibus
1626 3776 1720 3817 sex
1744 3762 1987 3817 clausum

416 3869 500 3915 est
533 3856 771 3925 caelum;
810 3856 1046 3926 quando,
1097 3863 1395 3924 occupanle
1446 3855 1702 3910 verticem
1754 3852 1988 3910 Carmeli

419 3949 575 4015 sudo,
599 3964 858 4018 aquarum
910 3947 1197 4001 multarum
1235 3961 1421 4002 vocem
1467 3947 1670 4001 audivit
1705 3962 1719 3999 :
1758 3962 1880 4001 mox
1911 3946 1990 3999 fa-

420 4052 564 4096 ctum
587 4047 691 4103 est,
722 4048 781 4092 ut
805 4048 859 4092 et
884 4038 1083 4091 tonitru
1128 4039 1302 4102 fieret,
1324 4046 1377 4092 et
1401 4052 1553 4106 aqua:
1583 4035 1812 4093 ﬂuerent
1832 4054 1863 4091 e
1894 4054 1991 4091 nu-

2083 3131 2181 3184 ἐπὶ
2210 3130 2447 3185 ὑδάτων
2486 3129 2751 3184 πολλῶν.
2792 3129 3001 3184 ’Υδατά
3025 3131 3131 3182 sict
3155 3129 3315 3183 καὶοί
3346 3129 3509 3197 ἆγιοι,
3534 3128 3668 3181 διότι

2085 3223 2322 3292 ποταμοί¹
2370 3222 2583 3295 ῥέουσιν
2626 3223 2690 3275 ἐκ
2732 3221 2832 3290 τῆς
2871 3220 3077 3285 κοιλίας
3128 3220 3335 3285 αὐτῶν,
3400 3220 3667 3285 τουτέστι,

2087 3314 2431 3385 πνευματικὴ
2501 3312 2820 3367 διδασκαλία
2880 3313 3117 3385 ἄρδουσα
3174 3312 3272 3376 τὰς
3326 3311 3502 3382 ψυχας
3560 3310 3671 3365 τῶν

2087 3406 2413 3460 ἀκουόντων.
2447 3406 2558 3459 Καὶ
2591 3404 2773 3469 πάλιν,
2808 3404 3175 3475 λαμϐάνουσιν
3211 3402 3356 3474 ὕδωρ
3379 3402 3671 3472 ἁλλόμενον

2088 3501 2169 3563 εἰς
2192 3496 2337 3569 ζωὴν
2367 3497 2604 3562 αἰώνιον,
2629 3498 2766 3568 ὅπερ
2799 3497 3006 3566 γίνεται
3031 3499 3088 3551 ἐν
3110 3498 3221 3559 τοῖς
3241 3495 3419 3559 καλῶς
3446 3493 3671 3552 λαὸοὖσι

2090 3593 2242 3665 πηγὴ
2273 3592 2463 3655 ὓδατος
2495 3590 2791 3661 ἁλλομένου
2826 3591 2906 3652 είς
2939 3588 3084 3660 ζωὴν
3126 3591 3361 3642 αἰώνιον.
3413 3586 3535 3639 Ἐπὶ
3561 3584 3673 3638 τῶν

2090 3682 2348 3736 τοιούτων
2369 3677 2461 3735 οὖν
2482 3681 2690 3734 ὑδάτων
2720 3682 2749 3733 6
2786 3678 3004 3750 Κύριος.
3047 3677 3326 3750 Μνήσθητι
3365 3677 3421 3730 δὲ
3454 3677 3672 3747 καὶτῆς

2092 3773 2334 3845 ἱστορίας
2363 3772 2564 3835 Ἠλίου,
2594 3773 2681 3825 ὅτε
2717 3769 2969 3840 ἐκλείσθη
2992 3773 3021 3824 6
3047 3770 3275 3840 οὐρανὸς
3302 3768 3394 3840 ἔτη
3426 3769 3550 3840 τρία
3578 3767 3674 3820 καὶ⁵

2096 3866 2270 3936 μῆνας
2304 3864 2394 3931 ἐξο
2431 3866 2556 3928 ὅτε,
2592 3863 2808 3934 αἰθρίας
2837 3862 3012 3933 οὔσης·
3038 3862 3130 3915 ἐπὶ
3168 3860 3265 3932 τὴν
3304 3859 3547 3931 κορυφὴν
3577 3856 3673 3911 τοῦ

2093 3954 2414 4025 Καρμήλου,
2432 3954 2630 4024 ἤκουσε
2654 3953 2835 4023 φωνῆς
2859 3951 3065 4005 ὑδάτων
3078 3950 3289 4005 πολλῶν
3312 3945 3450 4004 ἐἶτα
3470 3952 3675 4021 ἐπηκο-

2092 4045 2319 4115 λούθησε
2343 4046 2403 4098 τὸ
2424 4045 2517 4097 καὶ
2555 4044 2780 4116 βροντὴν
2814 4043 3066 4113 γενέσθαι
3091 4045 3154 4096 ἐκ
3170 4042 3409 4113 νεφελῶν
3419 4042 3513 4096 καὶ
3532 4041 3676 4114 ὕδωρ

418 4132 656 4189 bibus“.
692 4130 944 4184 Dominus
977 4146 1099 4199 ergo
1131 4145 1288 4196 super
1319 4146 1481 4194 aquas
1505 4132 1717 4183 multas.
1745 4130 1903 4185 Vnus.
1933 4130 1977 4184 4.

2096 4139 2308 4208 ῥυῆναι.
2345 4139 2561 4204 Κύριος
2583 4132 2698 4191 οὖν
2714 4135 2809 4190 ἐπὶ
2843 4134 3076 4189 ὑδάτων
3089 4134 3354 4188 πολλῶν.
3374 4133 3545 4201 Φωνὴ
3564 4136 3680 4186 Κυ-

428 4222 544 4278 νοω
600 4220 813 4274 Domini
866 4222 921 4274 in
969 4221 1176 4274 uirtute.
1225 4219 1375 4275 Sicut
1427 4220 1479 4273 in
1532 4231 1646 4274 rota
1705 4235 1808 4275 vox
1868 4221 1929 4274 lit
1974 4241 1977 4275 :

2086 4227 2224 4295 ρίου
2244 4226 2313 4280 ἐν
2334 4230 2519 4295 ἰσχύϊ.
2543 4229 2752 4299 Ὥσπερ
2769 4230 2825 4280 ἐν
2841 4226 2919 4298 τῷ
2934 4225 3110 4299 τροχῷ
3125 4230 3158 4297 ἡ
3178 4226 3327 4298 φωνὴ
3349 4226 3577 4293 γίνεται,
3595 4222 3679 4277 οὕ-

420 4318 500 4371 sic
533 4315 585 4368 in
623 4312 818 4387 virtute
858 4326 963 4366 vox
1010 4311 1219 4366 Domini
1262 4311 1530 4366 consistit.
1570 4311 1670 4378 Qui
1705 4312 1845 4366 enim
1874 4327 1977 4367 om-

2095 4338 2203 4383 τως
2231 4323 2288 4376 ἐν
2309 4320 2452 4392 ἰσχύϊ
2479 4325 2511 4392 ἡ
2549 4321 2699 4393 φωνὴ
2736 4322 3050 4374 συνίσταται
3077 4319 3170 4373 τοῦ
3207 4319 3436 4389 Κυρίου.
3485 4319 3542 4371 '0
3567 4316 3679 4388 γὰρ

420 4411 511 4467 nia
550 4413 726 4477 potest
773 4406 824 4459 in
869 4421 935 4461 eo
962 4406 1052 4475 qui
1095 4405 1267 4474 ipsum
1309 4403 1623 4459 corroborat
1667 4403 1881 4459 Christo
1919 4406 1977 4469 7',

2098 4411 2273 4464 πάντα
2306 4411 2502 4482 ίσχύων
2528 4413 2585 4464 ἐν
2614 4411 2691 4483 τῷ
2727 4411 3107 4481 ὲνδυναμοῦντι
3141 4410 3301 4463 αὐτὸν
3326 4406 3567 4480 Χριστῷ,
3589 4400 3679 4459 οὗ·

422 4502 471 4557 is
500 4498 653 4555 audit
695 4496 905 4551 Domini
934 4494 1208 4557 mandata,
1258 4502 1313 4547 et
1352 4493 1500 4549 facit.
1533 4492 1647 4548 Vox
1684 4493 1850 4562 igitur
1889 4495 1977 4548 Do-

2099 4520 2189 4565 τος
2208 4502 2394 4558 ἀκούει
2425 4502 2533 4556 τῶν
2559 4503 2785 4557 ἐντολῶν
2816 4503 2911 4556 τοῦ
2942 4502 3168 4573 Κυρίου,
3199 4502 3293 4554 καὶ
3328 4503 3488 4554 ποιεῖ.
3522 4498 3677 4570 Φωνὴ

422 4594 553 4650 mini
584 4607 691 4648 non
718 4589 773 4644 in
800 4588 961 4642 debili
989 4597 1043 4641 et
1072 4588 1333 4642 dissoluta
1367 4588 1569 4652 anima,
1593 4587 1685 4642 sed
1712 4588 1763 4640 in
1791 4602 1852 4641 ea
1874 4602 1977 4653 qua

2101 4587 2194 4645 οὖν
2218 4593 2446 4663 Κυρίου,
2481 4594 2580 4647 οὐκ
2609 4594 2667 4647 ἐν
2692 4596 2759 4664 τῇ
2793 4593 3006 4647 ἀσθενεῖ
3036 4593 3131 4645 καὶ
3158 4589 3489 4662 ἐκλελυμένῃ
3509 4588 3675 4659 ψυχῇ.
3746 4650 3751 4655 _

423 4697 642 4742 strenue
688 4696 753 4735 ac
786 4678 1011 4733 viriliter
1049 4678 1247 4732 bonum
1281 4677 1509 4747 perficit.
1556 4675 1667 4731 Vox
1694 4676 1906 4731 Domini
1938 4680 1977 4730 ii

2103 4682 2216 4737 ἀλλ’
2247 4683 2305 4737 ἐν
2340 4686 2404 4755 τῇ
2450 4685 2680 4748 εὐτόνως
2724 4687 2818 4738 καὶ
2863 4683 3095 4755 ἰσχυρῶς
3140 4679 3584 4753 κατεργαζομένη
3619 4679 3680 4732 τὸ

423 4773 838 4847 magniﬁcentia.
892 4767 1289 4841 Magnificentia
1344 4776 1427 4824 es't
1485 4769 1659 4825 virtus
1718 4768 1977 4840 elegante:

2102 4774 2327 4843 ἀγαθόν.
2360 4777 2531 4845 Φωνὴ
2552 4777 2771 4845 Κυρίου
2799 4776 2869 4830 ἐν
2885 4773 3383 4846 μεγαλοπρεπείᾳ.
3422 4772 3485 4825 Ἡ
3512 4787 3681 4842 μεγα-

426 4881 641 4937 magna.
696 4861 862 4934 lgitur
915 4875 1002 4915 res
1058 4875 1280 4930 magnas
1335 4860 1425 4929 qui
1467 4858 1719 4914 decenter
1755 4860 1977 4915 coniicit

2104 4867 2405 4939 λοπρέπεια
2455 4871 2622 4941 ἀρετή
2678 4871 2827 4922 ἐστιν
2886 4867 3180 4940 ἐκπρεπῶς
3237 4864 3447 4937 μεγάλη
3484 4864 3580 4936 (l).
3619 4864 3680 4915 ’0

425 4962 518 5016 hic
543 4958 695 5014 audit
718 4951 1055 5022 magnificus.
1087 4949 1322 5006 Proinde
1350 4966 1471 5005 cum
1513 4952 1693 5004 anima
1751 4966 1780 5005 a
1815 4951 1977 5006 carni:

2101 4954 2197 5011 οὖν
2244 4961 2564 5032 πρεπόντως
2614 4960 2899 5023 ἀποδιδοὺς
2955 4960 3052 5021 τὰς
3090 4961 3220 5030 περὶ
3264 4957 3373 5013 τῶν
3432 4957 3682 5027 μεγάλων

504 5049 737 5123 “Marc.
767 5060 852 5109 Ill,
888 5043 984 5123 η.
1013 5041 1293 5123 ηεξ-19531.
1343 5057 1523 5123 ιξξνι,
1552 5041 1639 5097 19.
1696 5041 1762 5095 ,⁸⁸
1800 5042 1977 5098 Ezech

2078 5086 2086 5111 ν
2124 5052 2212 5107 15.
2290 5053 2334 5085 ⁸⁸
2363 5051 2518 5111 Joan.
2554 5052 2759 5115 “1,58.
2835 5053 2880 5083 "°
2915 5049 3070 5106 Joan.
3107 5067 3181 5117 IV,
3208 5051 3297 5105 14.
3370 5051 3415 5082 ⁷¹
3444 5048 3511 5104 Ill
3547 5050 3680 5119 Reg.

423 5138 585 5187 xvnt,
606 5118 678 5174 42
708 5132 865 5183 seqq.
940 5114 985 5145 "
1013 5110 1247 5181 Philipp.
1272 5128 1346 5177 iv,
1379 5111 1465 5166 12.

498 5214 607 5288 (96)
636 5207 890 5288 Nonnulli
938 5220 1072 5288 mss.
1123 5202 1620 5288 Evanolstcppév.,‘er
1672 5204 1977 5286 igaqegiss‘

2312 5205 2683 5288 godicesnon
2710 5207 2864 5277 pauci
2887 5204 3319 5288 ⁸ἑδλοςρσιοῖξτος.

426 5272 640 5341 videtur
681 5283 950 5350 interpres
985 5285 1160 5341 vetus,
1190 5276 1281 5344 qui
1324 5274 1551 5350 verterit
1581 5290 1595 5328 :
1630 5272 1868 5350 spiritus
1898 5293 1977 5350 re-

2137 5272 2727 5350 _(99)'_Nounulli#tnss.
2749 5278 2945 5350 τροχὸς
2989 5272 3069 5350 εἷς
3110 5275 3523 5350 ἐχόμενοςηΔίίἰ
3554 5292 3683 5349 τρο-

427 5360 599 5411 (ictus.
634 5352 740 5427 Sed
794 5342 966 5427 niajor
995 5342 1299 5427 pa‘rsuuss.
1320 5343 1741 5427 ’ἐναποληφθιέῃ
1778 5346 1977 5413 spiritu;

2098 5342 2500 5427 χδς-ἐχόμενος.
2567 5348 2705 5427 Editi
2754 5342 2947 5427 ερεῂξδς
2980 5342 3060 5427 εἷς
3110 5342 3337 5427 έῇιγῆε
3402 5342 3679 5427 ἐχόμενος.

428 5430 691 5481 detentus.
723 5414 1263 5489 inclusus.70ptime.
1320 5415 1527 5470 Ibidem
1571 5415 1724 5470 υοιι).
1762 5427 1977 5485 quartus

2099 5414 2458 5489 LXXLiti'dem
2489 5417 2679 5489 τροχὸς
2721 5414 2809 5489 εἷς
2841 5414 2935 5472 ἐπὶ
2969 5418 3067 5489 τῆς
3100 5419 3204 5488 γῆς
3245 5414 3528 5489 ἐχόμενος.
3559 5417 3685 5471 Stu-

428 5497 537 5550 τῶν
556 5491 793 5565 νεςεελῶν
818 5486 1299 5565 ἐπιστρεφόμενον.
1551 5554 1585 5565 ﬂ
1601 5554 1618 5565 ‘
1779 5483 1798 5485 “
1949 5555 1960 5565 _

2103 5487 2388 5565 litii_Colb_.
2416 5483 2657 5565 quartus
2694 5483 2833 5565 εἶδος
2856 5483 3044 5565 αὐτοῦ’.

504 5554 857 5634 (97)Legitur
884 5559 939 5611 in
971 5554 1144 5609 tribus
1179 5570 1311 5608 mss.
1341 5554 1716 5634 περιστέλλειν
1742 5569 1843 5634 pro
1871 5555 1977 5634 στέ.

2177 5557 2253 5634 (‘_l)
2290 5554 2465 5612 Editid
2515 5556 2691 5634 Paris.
2732 5560 2902 5631 ἀρετή
2957 5561 3108 5634 ἐστιν
3151 5556 3447 5634 εὐπρεπῶς
3475 5557 3687 5634 μεγάλα

429 5624 569 5706 γειν.
599 5624 829 5685 ἰῠίιῙειῐι
895 5635 1131 5706 quatuor
1180 5640 1313 5706 mss.
1356 5624 1595 5681 διιείσαι.
1651 5624 1761 5683 Sed
1826 5627 1977 5697 maio:

2109 5624 2572 5706 πράττουσι-Δί
2628 5624 2989 5706 ιιιξξ.ὀιῃὶιεε
3031 5624 3333 5699 simplicius
3376 5624 3683 5699 εὐτρεπῶς,

435 5694 563 5776 pars
592 5714 722 5756 mss.
753 5712 878 5755 cum
905 5697 1065 5751 editis
1098 5695 1319 5747 διεῖσαι.
1414 5734 1423 5743 .
1912 5694 1925 5697 '

2111 5694 2205 5754 aut
2238 5697 2531 5771 ἐκπρεπῶς
2569 5697 2800 5771 μεγάλη.
