4048 6220
360 357 466 412 295

1455 355 1737 411 HOMILIA
1774 355 1843 410 IN
1882 355 2213 412 PSALMUM
2251 356 2487 414 XXVIII.

3490 365 3596 420 29$

361 476 610 548 πράξεων
661 476 957 547 ἐνεργείας,
1014 478 1043 529 ὁ
1073 476 1309 540 τοιοῦτος
1366 477 1551 530 ἀκούει
1592 477 1926 548 μεγαλοπρε-

2037 475 2313 530 affectibus
2347 476 2507 530 fuerit
2545 476 2732 541 libera,
2767 477 3144 546 acceperitque
3171 479 3592 548 magnitudinem

362 570 488 638 πής.
523 569 687 621 Ὅταν
709 564 799 620 οὖν
833 568 974 638 ψυχὴ
1004 567 1301 631 ἀδούλωτος
1395 568 1470 639 τῷ
1505 570 1808 640 φρονήματι
1838 568 1934 636 τῆς

362 659 578 730 σαρκὸς,
639 657 865 728 μέγεθος
905 659 963 710 δὲ
1001 661 1096 712 καὶ
1133 659 1209 726 (2)
1259 658 1473 729 ἀξίωμα
1502 659 1707 729 πρέπον
1768 661 1932 729 ἐαυτῇ

359 750 423 802 ἐκ
451 750 548 818 τῆς
578 749 979 820 συναισθήσεως
1011 750 1117 802 τῶν
1160 751 1468 821 προσόντων
1501 751 1634 821 αὐτῇ
1665 751 1770 803 ἀπὸ
1800 750 1932 803 Θεοῦ

360 840 625 912 ἀναλάϐῃ,
668 842 724 893 ἐν
752 842 921 912 ταύτῃ
951 842 1161 909 γίνεται
1215 845 1247 912 ἡ
1281 841 1430 912 φωνὴ
1461 840 1552 894 τοῦ
1609 842 1833 911 Κυρίου.
1871 843 1932 893 Οἱ

357 929 450 984 οῦν
491 933 850 1003 μεγαλοφυεῖς
895 933 993 1003 μὲν
1021 933 1234 1002 ἔχοντες
1256 933 1355 995 τὰς
1390 933 1518 1004 περὶ
1543 932 1676 984 Θεοῦ
1708 932 1930 996 ἐννοίας,

360 1024 581 1093 ὑψηλῶς
619 1024 675 1077 δέ
723 1025 1125 1095 τεθεωρηκότες
1158 1025 1283 1087 τοὺς
1309 1025 1434 1094 περὶ
1471 1024 1700 1086 κτίσεως
1723 1023 1931 1091 λόγους,

358 1117 455 1168 καὶ
489 1115 806 1184 δυνηθέντες
850 1116 942 1168 ἐπὶ
983 1115 1147 1168 ποσὸν
1177 1113 1308 1181 γοῦν
1339 1113 1614 1166 ἐπιϐαλεῖν
1645 1113 1722 1183 τῷ
1747 1111 1933 1182 ἀγαθῷ

355 1207 456 1276 τῆς
484 1206 578 1260 τοῦ
600 1207 732 1259 Θεοῦ
759 1207 1034 1278 προνοίας,
1069 1209 1163 1258 κα)⁴
1194 1205 1418 1276 προσέτι
1443 1205 1500 1258 ἐν
1519 1207 1637 1267 ταῖς
1671 1204 1934 1266 δαπάναις

356 1299 617 1368 ἀφειδεῖς,
658 1299 750 1350 καὶ
799 1298 1161 1368 μεγαλόδωροι
1208 1299 1264 1349 ἐν
1293 1297 1368 1366 τῷ
1406 1296 1503 1359 τὰς
1544 1296 1650 1348 τῶν
1691 1294 1932 1362 ἀδελφῶν

356 1391 548 1461 χρείας
582 1389 1032 1461 ἐπανορθοῦσθαι,
1063 1381 1208 1441 οὗτοί
1232 1390 1368 1441 εἰσιν
1390 1391 1438 1441 οἱ
1477 1389 1928 1458 μεγαλοπρεπεῖς,

354 1482 413 1532 ἐν
462 1477 605 1550 οἷςή
645 1482 794 1552 φωνὴ
851 1479 943 1532 τοῦ
979 1479 1178 1550 Κυρίου
1229 1478 1660 1549 ἐμπολιτεύεται.
1697 1478 1785 1548 Τῷ
1821 1479 1931 1531 om

354 1573 463 1642 γὰρ
493 1574 520 1624 ὁ
570 1571 992 1642 μεγαλοπρεπὴς
1038 1572 1279 1642 ὑπερορᾷ
1307 1572 1483 1624 πάντα
1517 1571 1584 1624 τά
1623 1570 1928 1640 σωματικά,

353 1663 565 1726 οὐδενὸς
592 1660 728 1717 εἷναι
773 1663 896 1726 ἄξια
943 1663 1140 1732 κρίνων
1168 1663 1325 1730 λόγου
1369 1665 1434 1732 τῇ
1479 1663 1780 1734 παραθέσει
1824 1664 1930 1716 τῶν

355 1755 620 1824 ἀοράτων.
663 1755 766 1806 Τὸν
815 1754 1205 1824 μεγαλοπρεπῆ
1250 1754 1473 1824 οὐδεμία
1509 1755 1736 1825 λυπήσει
1775 1755 1932 1826 περί⁴

355 1862 578 1908 στασιςο
621 1846 743 1898 οὑδέ
786 1846 921 1909 ὅλως
966 1847 1137 1909 πάθος
1177 1864 1228 1898 τι
1257 1846 1420 1900 αὑτὸν
1468 1845 1775 1916 ἐκταράξει,
1811 1848 1931 1899 οὑδέ

351 1934 747 2004 ἀνθρωπαρίων
809 1935 1028 2003 φαύλων
1068 1935 1162 1988 καὶ
1221 1936 1713 2006 εὑκαταφρονήτων
1755 1937 1931 2006 ἀμαρ-

349 2025 414 2094 τή
427 2041 571 2094 ματα
623 2026 833 2096 κινήσει
854 2044 866 2056 ·
906 2026 1027 2078 οὐδὲ
1060 2025 1368 2094 ἀκαθαρσία
1411 2027 1510 2094 τῆς
1540 2026 1739 2097 σαρκὸς
1771 2026 1932 2078 αὑτὸν

348 2116 694 2170 ταπεινώσει.
731 2119 1096 2190 Δυσπρόσιτος
1131 2120 1240 2189 γάρ
1271 2121 1384 2172 ἐστι
1439 2122 1550 2181 τοῖς
1613 2135 1933 2172 ταπεινωτι-

349 2211 468 2272 κοῖς
521 2209 768 2269 πάθεσιν.
822 2211 941 2264 οὑδὲ
988 2211 1350 2281 προσϐλέπειν
1411 2210 1558 2280 αὑτῷ
1613 2210 1930 2281 δυναμένοις

346 2299 435 2352 διά
469 2300 528 2353 τὸ
558 2300 692 2369 ὕψος
716 2302 814 2372 τῆς
834 2301 1076 2372 γνώμης.
1104 2303 1332 2370 Λέγεται
1361 2302 1417 2355 δέ
1450 2320 1532 2365 τις
1559 2301 1650 2354 καὶ
1673 2301 1806 2355 Θεοῦ
1838 2319 1932 2372 με-

347 2394 757 2467 γιιλοπρέπεια’
812 2394 887 2457 ὡς
948 2397 1027 2459 τὸ,
1075 2396 1328 2463 Ἐπήρθη
1388 2396 1424 2461 ἡ
1456 2393 1932 2463 μεγαλοπρέπειά

347 2502 468 2538 σου
495 2487 769 2553 ὑπεράνω
799 2486 920 2539 τῶν
948 2486 1240 2554 οἰιοανῶν.
1276 2489 1338 2539 Ol
1366 2482 1458 2539 οὖν
1480 2485 1548 2538 τὰ
1572 2486 1780 2554 μεγάλα
1806 2487 1932 2557 περὶ

348 2575 488 2628 Θεοῦ
522 2575 854 2642 δοξάζοντες,
886 2571 1030 2629 οῦτοι
1071 2575 1457 2646 ὑπεραίρουσιν
1492 2574 1655 2628 αὑτοῦ
1693 2574 1790 2645 τὴν
1838 2593 1932 2646 με-

349 2667 776 2736 γαλοπρέπειαν.

421 2757 474 2809 5.
505 2756 675 2824 Φωνὴ
711 2757 930 2823 Κυρίου
967 2757 1396 2823 συντρίϐοντος
1423 2755 1693 2822 κέδρους.
1749 2755 1812 2807 ἸΙ
1843 2755 1932 2806 κέ-

347 2848 472 2920 δρος
503 2848 631 2900 ποτὲ
677 2847 774 2915 μὲν
800 2847 874 2909 ὡς
906 2847 1150 2916 μόνιμον,
1196 2846 1289 2898 καὶ
1326 2846 1541 2915 σήψεως
1579 2845 1806 2915 βέλτιον,
1839 2845 1932 2896 καὶ

349 2939 569 3002 εὑῶδες,
613 2939 705 2992 καὶ
759 2937 964 3007 σκέπην
1002 2937 1180 2990 ἱκανὸν
1229 2937 1568 3007 παρέχεσθαι
1629 2935 1777 3005 παρά
1833 2936 1930 3006 τῆς

351 3031 574 3102 Γραφῇ
600 3034 932 3084 ἐπαινεῖται·
969 3031 1096 3082 ποτέ
1129 3030 1185 3083 δὲ
1201 3031 1275 3092 ὡς
1295 3030 1543 3101 ἄκαρπον
1574 3029 1666 3082 καί
1688 3029 1927 3097 δυσκαμ-

352 3122 450 3186 πὲς
472 3121 836 3185 διαϐάλλεται,
869 3121 944 3184 ὡς
965 3121 1059 3172 καὶ
1082 3121 1263 3173 εἰκόνα
1293 3118 1532 3190 πληροῦν
1559 3117 1653 3171 τοῦ
1678 3117 1924 3179 ἀσεϐοῦς.

2038 582 2101 620 ac
2129 567 2468 637 dignitatem,
2490 583 2606 636 qua:
2650 568 2808 638 119
2839 583 2934 637 pro
2960 570 3273 623 facultatum
3303 587 3330 624 a
3375 571 3483 625 Deo
3506 587 3595 624 ac-

2039 669 2318 725 ceptarum
2367 657 2674 726 cognitione
2705 659 2802 712 sibi
2836 661 3140 723 conveniat,
3179 669 3286 713 tum
3320 660 3370 713 in
3400 660 3486 714 illa
3537 661 3596 715 ﬁt

2036 761 2136 799 vox
2161 747 2390 800 Domini.
2417 747 2778 812 Quamobrem
2811 748 2901 816 qui
2939 750 3225 818 magnifice
3260 753 3500 820 cogitant
3531 754 3596 806 de

2038 836 2146 890 Deo
2178 878 2193 903 ,
2236 847 2288 890 et
2341 838 2633 893 creationis
2684 839 2923 894 rationes
2979 840 3085 895 alte
3137 841 3390 910 speculati
3448 851 3592 908 sunt,

2035 939 2088 983 et
2134 930 2464 998 aliquantum
2523 930 2715 984 saltem
2765 931 3061 986 bonitatem
3107 933 3456 1000 providentia:
3502 935 3595 990 Dei

2035 1024 2246 1090 assequi
2273 1033 2517 1092 potuere,
2569 1023 2899 1094 insuperque
2931 1025 3077 1092 parci
3107 1040 3212 1079 non
3259 1034 3384 1080 sunt
3431 1027 3481 1080 in
3521 1027 3598 1081 fa-

2034 1113 2242 1168 ciendis
2288 1114 2610 1182 sumptibus,
2648 1122 2702 1165 et
2737 1111 2800 1167 in
2852 1113 3194 1167 sublevandis
3242 1112 3464 1168 fratrum
3499 1131 3595 1170 ne-

2033 1205 2374 1260 cessitatibus
2395 1205 2642 1259 liberales
2654 1214 2797 1271 sunt;
2818 1205 2894 1272 hi,
2916 1205 3292 1274 inquam,sunt
3307 1207 3594 1277 magnifici,

2034 1295 2086 1350 in
2123 1296 2318 1364 quibus
2365 1311 2466 1350 vox
2499 1296 2705 1351 Domini
2760 1295 3047 1350 inhabitat.
3079 1296 3292 1352 Etenim
3340 1299 3433 1367 qui
3470 1313 3598 1353 vere

2034 1387 2352 1456 magniﬁcus
2381 1397 2484 1453 est,
2518 1403 2604 1443 res
2633 1402 2822 1443 omnes
2849 1401 3136 1456 corporeas
3154 1400 3498 1458 aspernatur,
3528 1404 3592 1443 ac

2031 1491 2140 1546 praa
2169 1477 2524 1532 invisibilibns
2568 1492 2661 1530 eas
2711 1476 2842 1532 facit
2895 1478 3066 1531 nihili.
3106 1479 3422 1533 Adversitas
3452 1477 3596 1532 nulla

2033 1569 2372 1636 magniﬁcum
2391 1568 2585 1622 afﬁciet
2616 1569 2856 1632 tristitia,
2888 1568 3032 1622 nulla
3063 1584 3281 1638 prorsus
3311 1571 3449 1625 mala
3471 1579 3597 1625 sunt

2032 1659 2179 1712 illum
2221 1659 2597 1727 perturbatura
2628 1676 2647 1715 ι
2678 1675 2850 1730 neque
2893 1662 3257 1730 improborum
3316 1673 3370 1717 et
3417 1663 3596 1732 despi-

2031 1752 2342 1807 ciendorum
2384 1752 2828 1808 homunculorum
2875 1761 3088 1822 peccata
3131 1768 3254 1808 eum
3290 1767 3594 1808 commove-

1965 1845 2207 1910 Bbunt,
2264 1860 2438 1914 neque
2485 1844 2662 1914 ipsum
2726 1847 2988 1916 deprimet
3046 1848 3226 1902 carnis
3285 1846 3592 1916 impuritas.

2031 1934 2357 1991 Aﬂ‘ectiones
2426 1939 2570 1992 enim
2627 1953 2747 2007 quae
2811 1937 3152 2002 demittunt,
3205 1936 3592 2008 abjiciuntque,

2032 2028 2119 2080 vix
2180 2027 2384 2081 aditum
2435 2029 2502 2082 ad
2559 2027 2708 2082 illum
2756 2027 3226 2092 inveniunt,cum
3257 2042 3325 2084 ne
3352 2029 3596 2097 aSpicere

2032 2118 2246 2187 quidem
2328 2119 2501 2188 ipsum
2563 2120 2633 2174 ob
2711 2121 2908 2174 mentis
2968 2119 3302 2174 altitudinem
3368 2129 3591 2189 queant.

2037 2209 2243 2262 Dicitur
2289 2217 2469 2262 autem
2521 2217 2577 2263 et
2625 2208 2872 2279 quadam
2919 2207 3014 2262 Dei
3069 2208 3501 2278 magniﬁcentia,
3539 2219 3599 2261 ut

2034 2300 2087 2353 in
2144 2301 2245 2355 hoc
2295 2299 2414 2354 loco
2448 2318 2462 2352 :
2494 2297 2712 2354 Elevata
2757 2310 2832 2354 est
2881 2300 3274 2370 magniﬁcentia
3317 2310 3406 2353 tua
3444 2315 3599 2368 super

2033 2392 2186 2445 caelos
2207 2391 2274 2443 ⁷³.
2341 2390 2440 2457 Qui
2498 2391 2661 2461 igitur
2699 2407 2892 2461 magna
2933 2392 2999 2446 de
3051 2392 3163 2448 Deo
3209 2391 3479 2455 sentiunt,
3543 2393 3595 2445 hi

2035 2481 2207 2551 ipsius
2239 2480 2502 2536 extollunt
2531 2481 3007 2552 magniﬁcentiam.

2102 2749 2153 2802 5.
2188 2751 2347 2803 Vens.
2381 2751 2432 2806 5.
2489 2751 2600 2806 Vox
2625 2752 2838 2806 Domini
2866 2753 3238 2825 confringentis
3261 2755 3464 2809 cedros.
3497 2756 3598 2812 Ce-

2032 2837 2161 2893 drus
2194 2842 2352 2895 modo
2391 2849 2450 2894 ut
2500 2857 2590 2897 res
2645 2843 2875 2909 stabilis,
2930 2852 2983 2899 et
3035 2846 3333 2913 putredinis
3374 2861 3595 2918 expers,

2031 2927 2387 2999 odorataque,
2418 2940 2473 2985 et
2529 2932 2595 2985 ad
2629 2933 2970 3002 praebendum
3012 2944 3222 3004 tegmen
3251 2944 3373 3006 apta
3397 2952 3426 2990 a
3453 2937 3597 2992 Scri-

2028 3031 2185 3089 ptura
2234 3020 2522 3088 laudatur;
2587 3024 2745 3078 modo
2810 3033 2868 3079 ut
2916 3024 3263 3081 infructuosa
3333 3037 3388 3082 et
3448 3044 3594 3100 aegre

2031 3110 2281 3168 ﬂexibilis
2316 3115 2672 3184 vituperatur,
2698 3118 2834 3170 adeo
2860 3125 2917 3170 ut
2945 3117 3091 3186 impii
3115 3118 3275 3172 etiam
3305 3118 3593 3188 imaginem

353 3185 533 3268 Εἶδον
558 3215 663 3282 γὰρ
695 3213 801 3266 τὸν
819 3211 1006 3280 ἀσεϐῆ
1035 3185 1534 3280 ὺπερυψούμενον
1561 3211 1658 3264 καὶ
1693 3210 1926 3277 ἐπαιρό-

2032 3205 2212 3270 ferat,
2267 3203 2615 3276 impleatque.
2673 3205 2796 3259 Vidi
2841 3207 2976 3259 enim
3021 3185 3260 3276 impium
3282 3185 3592 3278 exaltatum,

348 3325 536 3377 μενον
561 3309 640 3374 ὠς
678 3308 784 3375 τὰς
813 3307 1059 3375 κέδρους
1088 3307 1194 3360 τοῦ
1223 3305 1498 3360 Λιϐάνου.
1537 3304 1672 3358 Καθ’
1712 3304 1741 3356 ὃ
1768 3305 1841 3375 (5)
1867 3302 1928 3356 τὸ

353 3400 747 3470 σημαινόμενον
807 3400 902 3452 καὶ
954 3396 1048 3451 νῦν
1097 3396 1441 3468 παρελήφθη.
1499 3396 1564 3448 Ἦ
1617 3395 1726 3467 γὰρ
1774 3395 1926 3467 φωνὴ

350 3491 445 3544 τοῦ
494 3491 695 3560 Κυρίου
745 3491 1018 3562 συντρίϐει
1060 3489 1301 3560 κέδρους.
1369 3489 1580 3558 ’Ὠσπερ
1613 3487 1720 3556 γὰρ
1765 3487 1822 3538 ἐν
1859 3487 1925 3555 τῇ

355 3582 756 3654 μεγαλοπρεπεῖ
813 3583 956 3654 ψυχῇ
1000 3583 1226 3650 γίνεται,
1287 3579 1428 3634 οὑτω
1476 3581 1601 3643 τοὺς
1659 3579 1781 3648 εἰκῆ
1831 3595 1928 3646 φυ-

354 3674 693 3745 σιουμένους,
734 3676 860 3737 τοὺς
917 3673 1240 3742 ἐπαίροντας
1292 3671 1516 3734 ἑαυτοὺς
1577 3672 1633 3724 ἐν
1673 3673 1784 3733 τοῖς
1837 3686 1925 3722 νο-

355 3763 668 3833 μιζομένοις
705 3761 960 3832 ὑψώμασι
1020 3761 1112 3814 τοῦ
1159 3760 1363 3829 κόσμου
1410 3759 1617 3824 τούτου,
1672 3759 1922 3822 πλούτου,

351 3852 384 3922 ἢ
437 3853 612 3922 δόξης,
645 3853 674 3920 ἢ
709 3853 1042 3916 δυναστείας,
1087 3853 1119 3922 ἢ
1183 3851 1410 3914 κάλλους
1440 3848 1710 3920 σώματος,
1766 3849 1924 3919 ἢδυ-

351 3943 584 4013 νάμεως,
633 3945 664 4014 ἢ
727 3943 926 4013 ἰσχύος.
979 3941 1284 4012 συντρίϐειν
1330 3941 1565 4007 λέγεται.
1611 3940 1723 3994 Καὶ
1772 3954 1924 3993 συν-

349 4039 544 4103 τρίψει
585 4039 795 4104 Κύριος
828 4036 934 4101 τὰς
976 4035 1227 4100 κέδρους
1267 4034 1371 4087 τοῦ
1405 4031 1682 4087 Λιϐάνου.
1719 4034 1782 4085 Ui
1814 4034 1925 4094 τοῖς

351 4127 647 4196 ἀλλοτρίοις
677 4129 987 4198 πράγμασιν
1036 4126 1424 4188 ἐπιϐαίνοντες,
1453 4125 1546 4176 καὶ
1577 4124 1672 4176 ἀπ’
1700 4124 1924 4177 ἐκείνων

355 4217 564 4279 ἑαυτοῖς
595 4218 691 4286 τὴν
717 4216 1033 4279 ἀλαζονείαν
1059 4216 1402 4282 συνάγοντες,
1429 4206 1572 4266 οὗτοί
1603 4213 1708 4264 εἱσι
1744 4212 1924 4281 κέδροι

351 4307 448 4359 τοῦ
483 4307 731 4361 Λιϐάνου.
772 4309 980 4379 Ὥσπερ
1001 4308 1108 4378 γὰρ
1133 4309 1188 4361 αἱ
1218 4307 1420 4378 κέδροι,
1448 4305 1569 4359 καθ’
1605 4303 1802 4366 ἐαυτάς
1833 4299 1923 4356 οῦ-

2029 3305 2078 3350 et
2113 3297 2366 3351 eleuatum
2394 3299 2527 3352 sicut
2580 3300 2761 3353 cedros
2790 3299 3060 3354 Libani".
3092 3302 3205 3368 Qua
3240 3303 3293 3358 in
3327 3304 3596 3374 signiﬁca-

2031 3389 2174 3444 tione
2233 3391 2393 3444 etiam
2438 3405 2582 3462 nunc
2634 3404 2855 3463 accepta
2896 3401 3000 3448 est.
3035 3392 3150 3450 Vox
3209 3396 3354 3451 enim
3385 3398 3592 3452 Domini

2029 3483 2322 3550 confringit
2387 3485 2597 3539 cedros.
2665 3483 2737 3539 Ut
2800 3486 2944 3540 enim
3001 3487 3119 3542 haec
3193 3488 3246 3542 in
3311 3489 3592 3560 magniﬁca

2029 3575 2205 3627 anima
2245 3577 2344 3629 tit:
2379 3575 2452 3628 ita
2491 3575 2738 3631 homines
2780 3584 2982 3632 temere
3005 3577 3237 3646 inflatos,
3266 3580 3357 3648 qui
3389 3580 3595 3650 seipsos

2028 3663 2280 3731 eﬂ‘erunt,
2317 3665 2386 3720 ob
2409 3680 2471 3719 ea
2502 3682 2622 3735 qua:
2654 3668 2706 3721 in
2746 3668 2848 3724 huc
2887 3671 3084 3723 mundo
3107 3669 3213 3723 alta
3238 3685 3302 3725 ac
3345 3671 3592 3726 sublimia

2027 3766 2305 3824 putantur,
2365 3771 2557 3825 nempe
2614 3757 2683 3811 ob
2742 3760 2982 3824 divitias,
3032 3771 3125 3815 aut
3187 3762 3452 3830 gloriam,
3503 3773 3595 3818 aut

2028 3848 2340 3916 imperium,
2398 3858 2492 3902 aut
2546 3850 2792 3920 c0rporis
2847 3852 3328 3918 pulchritudinem,
3361 3865 3456 3909 aut
3505 3872 3595 3926 po-

1987 3948 2323 4007 .testatem,
2402 3952 2495 3994 aut
2562 3943 2757 4009 vires,
2823 3944 3022 3998 dicitur
3075 3945 3437 4017 confringere.
3525 3947 3593 4002 Et

2029 4033 2329 4102 confringet
2371 4034 2628 4089 Dominus
2689 4036 2870 4090 cedros
2923 4036 3134 4092 Libani.
3194 4037 3402 4095 Alienis
3435 4041 3598 4095 rebus

2027 4123 2116 4192 qui
2165 4125 2432 4189 insident,
2485 4137 2540 4180 et
2601 4141 2669 4181 ex
2708 4127 2788 4181 eis
2843 4129 3070 4196 gloriam
3130 4131 3444 4198 fastumque
3497 4133 3595 4184 sibi

2026 4214 2280 4281 conflant,
2307 4218 2344 4270 ii
2371 4227 2498 4272 sunt
2531 4219 2676 4274 cedri
2711 4219 2923 4275 Libani.
2959 4221 3422 4288 Quemadmodum
3453 4225 3595 4277 enim

2027 4307 2174 4360 cedri
2225 4322 2322 4376 per
2371 4323 2429 4362 se
2477 4309 2600 4363 altas
2657 4324 2780 4364 cum
2847 4314 2975 4376 sint,
3051 4322 3255 4377 tamen,
3309 4324 3593 4383 propterea

357 4414 444 4450 σαι
473 4399 691 4469 ὑψηλαὶ,
715 4399 790 4469 τῷ
820 4401 902 4450 ἐπ’
929 4400 1085 4470 ὅρους
1125 4397 1326 4468 ὑψηλοῦ
1367 4396 1690 4464 πεφυκέναι,
1737 4397 1800 4448 ἐκ
1826 4395 1926 4465 τῆς

2028 4395 2166 4463 quod
2227 4397 2279 4449 in
2323 4397 2430 4451 alto
2491 4408 2674 4453 monte
2727 4411 3044 4466 nascuntur,
3097 4401 3234 4455 ﬁunt
3279 4415 3347 4456 ex
3396 4403 3595 4456 montis

355 4490 668 4560 προσθήκης
695 4489 787 4542 τοῦ
819 4490 974 4560 ὄρους
1001 4490 1457 4559 περιφανέστεραι
1479 4489 1716 4556 γίνονται
1738 4505 1751 4517 ’
1785 4486 1926 4541 οὑτω

2029 4489 2340 4542 accessione
2371 4491 2544 4558 magis
2594 4493 2897 4561 conspicua:
2927 4511 2941 4546 :
2977 4495 3056 4548 sic
3087 4508 3302 4562 quoque
3321 4494 3412 4563 qui
3436 4493 3595 4548 fluxis

355 4583 448 4634 καὶ
478 4585 526 4634 οί
553 4585 663 4644 τοῖς
698 4581 953 4651 φθαρτοῖς
987 4579 1082 4632 τοῦ
1122 4580 1328 4647 κόσμου
1365 4579 1680 4649 πράγμασιν
1711 4579 1925 4649 ἐπερει-

2029 4580 2209 4634 mundi
2260 4582 2422 4636 rebus
2473 4583 2789 4654 fulciuntur,
2846 4586 2996 4641 cedri
3055 4576 3270 4657 quidem
3340 4597 3465 4641 sunt
3524 4588 3594 4640 ob

352 4672 564 4744 δόμενοι
585 4673 762 4743 κέδροι
788 4672 883 4741 μέν
909 4673 1014 4724 εἰσι
1044 4668 1133 4723 διὰ
1154 4671 1252 4739 τὴν
1279 4669 1592 4733 ἀλαζονείαν
1623 4669 1716 4722 καὶ
1741 4669 1802 4722 τὸ
1829 4670 1926 4738 τῆς

2028 4674 2396 4741 arrogantiam
2451 4689 2516 4729 ac
2547 4678 2745 4732 mentis
2804 4678 3126 4744 elationem,
3181 4679 3274 4734 sed
3329 4687 3592 4733 vocantur

353 4761 589 4826 διανοίας
628 4763 871 4833 ἔπαρμα,
915 4760 1147 4815 Λιϐάνου
1181 4760 1238 4814 δέ
1279 4759 1456 4831 κέδροι
1495 4760 1925 4830 προσαγορεύον-

2028 4760 2213 4816 Libani
2261 4765 2430 4833 cedri,
2457 4769 2601 4836 quod
2647 4769 2820 4824 aliena
2867 4770 3182 4840 superbiant
3210 4769 3491 4825 altitudine
3537 4777 3594 4824 et

351 4868 461 4916 ται,
491 4853 579 4906 διὰ
610 4852 670 4905 τὸ
695 4851 773 4922 τῷ
797 4851 1060 4921 ἀλλοτρίῳ
1088 4848 1340 4921 ὑψώματι
1379 4849 1798 4917 ἐπαγάλλεσθαι,
1835 4850 1925 4902 καὶ

2028 4867 2054 4905 e
2117 4863 2266 4908 terra
2320 4857 2596 4928 rebusque
2651 4861 3001 4916 terrestribus
3053 4870 3307 4930 tanquam
3339 4875 3369 4916 e
3403 4859 3592 4915 Libani

353 4945 458 4998 ὑπὸ
486 4946 586 5016 γῆς
631 4947 724 4998 καὶ
753 4944 859 4996 τῶν
893 4943 1094 5015 γηίνων
1135 4941 1494 5014 πραγμάτων,
1546 4937 1656 4994 οἷον
1696 4942 1799 4994 ὑπὸ
1821 4941 1922 5010 τῆς

2028 4943 2227 4999 vertice
2272 4947 2338 5000 ad
2398 4947 2592 5003 fastum
2639 4958 2693 5003 et
2739 4951 3048 5020 superbiam
3088 4951 3433 5018 extollantur.
3468 4948 3589 5004 Non

351 5037 596 5108 κορυφῆς
631 5033 726 5087 τοῦ
762 5033 1014 5096 Λιϐάνου,
1046 5031 1181 5102 πρὸς
1215 5029 1530 5094 ἀλαζονείαν
1573 5031 1910 5102 ἐπαίρεσθαι.

2028 5047 2204 5091 autem
2235 5039 2426 5094 cedros
2459 5056 2669 5110 omnes,
2715 5043 2807 5097 sed
2839 5042 3033 5098 Libani
3079 5043 3272 5097 cedros
3298 5039 3590 5111 confringit

350 5125 424 5177 Οὑ
461 5124 638 5188 πάσας
687 5123 744 5176 δὲ
769 5123 866 5184 τὰς
898 5119 1120 5190 κέδρους
1149 5118 1416 5192 συντρίϐει
1463 5120 1492 5172 ὁ
1521 5118 1742 5191 Κύριος,
1780 5118 1914 5172 ἀλλὰ

350 5220 447 5282 τὰς
471 5219 564 5274 τοῦ
598 5218 846 5274 Λιϐάνου.
899 5217 1112 5285 Ἐπειδὴ
1141 5217 1250 5286 γὰρ
1285 5213 1722 5284 είδωλολατρείας
1753 5214 1916 5276 τόπος

347 5311 379 5362 δ
405 5311 649 5375 Λίϐανος,
688 5311 807 5363 ὅσαι
838 5307 1006 5378 ψυχαὶ
1032 5306 1343 5377 ἐπαίρονται
1379 5305 1520 5358 κατά
1546 5305 1644 5375 τῆς
1668 5304 1916 5372 γνώσεως

418 5445 465 5475 ’³
487 5445 625 5499 Psal.
649 5461 766 5512 vm,
793 5445 847 5499 2.

424 5579 498 5650 (2)
525 5580 694 5650 Verba
728 5580 839 5644 illa,
880 5578 1188 5650 μέγεθοςδέ
1223 5578 1338 5642 καί,
1369 5587 1499 5650 etc.,
1521 5576 1615 5650 _ita
1647 5577 1912 5650 interpres

348 5645 505 5702 vetus
536 5649 722 5702 Latine
753 5645 1003 5714 reddidit,
1029 5661 1086 5703 ut
1106 5649 1383 5714 illud,dmo
1412 5645 1570 5710 Θεοῦ,
1598 5648 1663 5697 ad
1689 5645 1910 5698 verbum

352 5718 598 5790 ἀναλάϐῃ
653 5721 922 5783 retulerit,
973 5735 1094 5773 cum
1144 5719 1337 5773 referri
1395 5729 1570 5790 tamen
1613 5715 1680 5790 ad
1722 5730 1906 5790 vocem

353 5786 657 5861 προσόντων
689 5790 879 5845 debeat
917 5808 928 5841 :
985 5805 1090 5859 qua
1127 5805 1290 5858 parva
1342 5786 1663 5858 negligentia
1712 5786 1907 5839 mirum

933 5445 981 5476 ”
1016 5441 1160 5498 Psal.
1214 5455 1399 5505 xxxvr,
1441 5439 1510 5494 55

2023 5127 2300 5185 Dominus.
2332 5130 2466 5185 Nam
2490 5148 2611 5187 cum
2664 5134 2901 5189 Libanus
2939 5133 3256 5188 idololatria:
3293 5132 3364 5186 sit
3397 5131 3543 5186 locus
3569 5169 3585 5194 ,

2023 5235 2359 5292 quascunque
2423 5226 2618 5278 animaa
2687 5241 2744 5280 se
2815 5237 3003 5280 contra
3065 5224 3159 5279 Dei
3224 5224 3584 5294 cognitionem

2023 5310 2275 5383 efferunt,
2303 5317 2385 5372 hae
2417 5318 2566 5374 cedri
2600 5317 2791 5373 Libani
2841 5328 3240 5389 nuncupantur,
3273 5325 3330 5372 et
3355 5330 3587 5372 censen-

2019 5586 2281 5651 qua_ntur_n
2305 5593 2335 5632 a
2361 5595 2525 5651 scopo
2554 5582 2843 5636 aberrarit.

2091 5647 2168 5732 (ὅ)
2197 5649 2289 5732 s'ic
2334 5645 2474 5732 mss."
2521 5653 2782 5732 nonnulli,
2809 5653 2964 5708 bene.
3003 5647 3182 5705 Editio
3208 5645 3384 5703 Paris.
3427 5649 3588 5704 unico

2018 5720 2280 5776 vocabulo
2305 5718 2462 5774 καθό.
