4048 6220
430 323 542 381 295

1742 319 1802 376 S.
1839 317 2086 375 BASlLll
2125 316 2342 374 MAGNI

3581 311 3709 371 296

433 453 519 493 lltl‘
569 438 746 509 digna:
778 450 899 507 qua:
949 442 1325 492 conterantur.
1358 431 1499 489 Sunt
1551 442 1732 489 autem
1764 434 2007 504 qnzedam

2114 432 2206 487 τοῦ
2235 432 2393 497 Θεοῦ,
2423 425 2584 487 αὗται
2630 431 2723 485 τοῦ
2772 430 3007 485 Λιϐάνου
3055 432 3409 504 ὀνομάζονται
3446 430 3546 503 (4),
3597 433 3704 485 καὶ

432 530 525 585 Dei
554 532 728 592 cedri,
775 544 911 599 quas
974 529 1199 584 arbusta
1247 528 1423 582 vinem
1470 540 1593 596 quae
1645 540 1712 582 ex
1766 524 2007 597 Egypto

431 623 690 678 translata
724 622 888 687 est",
927 621 1203 690 operiunt,
1235 629 1296 675 ut
1318 620 1372 674 in
1417 618 1646 674 Psalmis
1674 618 1959 674 didicimus
1989 635 2004 673 :

431 716 650 786 Operuit
702 724 902 769 montes
937 712 1124 767 umbra
1155 712 1291 783 ejus,
1339 721 1389 766 et
1426 711 1642 765 arbusta
1675 710 1793 779 ejus
1826 710 2007 765 cedrus

431 809 528 861 Dei
544 806 613 861 ⁷⁸.
657 805 893 861 Proinde
939 819 1061 861 cum
1092 804 1237 859 inter
1259 814 1488 859 crateras
1536 803 1604 857 de
1644 801 1864 858 Christo
1912 815 2008 855 no-

433 900 609 953 tiones
632 897 892 952 Dominus
921 906 1106 951 noster
1128 895 1256 949 vitis
1276 895 1437 949 etiam
1456 895 1702 948 dicatur:
1735 892 1850 964 Ego
1868 892 2005 947 enim

427 1007 564 1056 sum,
588 989 788 1059 inquit,
818 988 959 1050 vitis,
979 1004 1068 1042 vos
1089 986 1408 1056 palmites";
1429 985 1573 1040 cedri
1589 985 1679 1039 Dei
1697 983 1899 1049 suntii,
1915 983 2005 1053 qui

428 1094 586 1138 antea
614 1082 831 1152 quidem
850 1080 1002 1135 l'uere
1024 1079 1237 1135 steriles
1265 1086 1320 1133 et
1343 1078 1409 1133 ad
1426 1077 1850 1133 comburendum
1873 1074 2005 1144 apti:

427 1175 524 1231 sed
566 1174 657 1229 ubi
706 1182 1075 1244 tegumentum
1141 1170 1425 1226 subierunt
1479 1169 1706 1236 Christi,
1749 1167 2009 1237 illumque

427 1266 574 1321 velut
596 1265 910 1331 induerunt,
938 1278 1033 1333 per
1062 1263 1232 1333 ipsius
1258 1263 1489 1333 gratiam
1526 1260 1875 1317 sterilitatem
1899 1273 2008 1314 suae

425 1359 556 1412 vita:
579 1364 894 1424 contegunt.
926 1355 1018 1409 Dei
1047 1368 1178 1423 ergo
1216 1354 1410 1408 cedros
1435 1353 1594 1423 120
1619 1352 1894 1408 fructuosa
1920 1366 2010 1405 ar—

426 1453 586 1505 busta
613 1447 1018 1520 circumplicata
1042 1447 1352 1502 custodiunt
1381 1460 1394 1496 :
1429 1446 1622 1501 cedrus
1648 1459 1776 1500 vero
1816 1442 2007 1499 Libani

428 1540 720 1612 confringit
769 1540 1047 1595 Dominus.
1112 1537 1278 1592 Vens.
1305 1536 1361 1592 6.
1434 1536 1500 1590 Et
1553 1535 1865 1590 comminuet
1919 1549 2008 1587 eas

428 1638 681 1696 tanquam
726 1625 977 1688 uitulum,
1026 1621 1310 1676 Libanum.
1364 1619 1527 1675 Vituli
1586 1620 1730 1675 illius
1779 1620 1848 1674 de
1899 1634 2008 1688 quo

428 1720 632 1794 mentio
673 1720 733 1772 lit
771 1718 824 1772 in
848 1714 1124 1780 Exodo",
1173 1713 1512 1778 memineris,
1548 1725 1708 1783 quem
1752 1712 1804 1765 in
1839 1709 2010 1765 idolo-

2110 525 2398 595 συντριᾶῆς
2420 523 2718 589 ἀξιοῦνται.
2749 524 2870 578 Εἰσὶ
2904 523 3014 595 γάρ
3041 540 3186 587 τινες
3206 524 3386 594 κέδροι
3409 522 3505 576 τοῦ
3529 523 3700 589 Θεοῦ,

2107 614 2174 679 ἃς
2205 616 2261 668 αἱ
2295 615 2677 687 ἁναδενὸράδες
2709 616 2807 685 τῆς
2846 617 2940 669 ἀπ’
2983 615 3260 683 Αἰγύπτου
3309 614 3703 686 μετατεθείσης

2108 709 2356 781 ἀμπέλου
2407 709 2795 772 καλύπτουσιν,
2838 708 2914 771 ὡς
2959 709 3017 761 ἐν
3063 708 3311 778 Ψαλμοῖς
3370 705 3699 778 μεμαθήκαα

2111 817 2245 872 μεν·
2296 800 2637 868 Ἑκάλυψεν
2674 799 2781 868 ὅρη
2812 799 2850 867 ἡ
2892 798 3038 853 σκιὰ
3087 796 3297 866 αὐτῆς,
3330 797 3429 851 καὶ
3457 801 3516 851 at
3542 798 3700 852 ἀνα-

2109 890 2431 961 δενδράδες
2486 891 2677 960 αὐτῆς
2717 892 2827 956 τὰς
2863 890 3112 959 κέδρους
3159 889 3268 945 τοῦ
3326 891 3494 945 Θεοῦ.
3539 890 3702 943 Ἐπεὶ

2114 981 2214 1039 οὖν
2265 984 2404 1056 μετὰ
2462 983 2570 1037 τῶν
2637 983 2812 1038 ἄλλων
2855 982 2965 1037 τῶν
3010 982 3138 1055 περὶ
3191 982 3430 1055 Χριστοῦ
3477 983 3705 1037 ἐννοιῶν

2107 1078 2202 1131 καὶ
2248 1075 2490 1147 ἄμπελος
2543 1077 2573 1129 6
2613 1074 2818 1146 Κύριος
2857 1074 3014 1147 ἡμῶν
3067 1075 3283 1144 λέγεται
3303 1091 3330 1145 °_
3391 1075 3532 1144 Ἐγὼ
3584 1073 3706 1144 γάρ

2105 1171 2244 1239 εἰμι,
2300 1168 2483 1239 φησιν,
2533 1168 2573 1236 ἡ
2630 1166 2920 1236 ἄμπελος,
2978 1167 3149 1236 ὑμεῖς
3195 1166 3271 1240 (5)
3315 1166 3391 1220 τὰ
3466 1167 3704 1236 κλήμα-

2106 1276 2214 1313 τα·
2246 1258 2428 1331 κέδροι
2466 1259 2572 1311 εἱσι
2602 1258 2697 1311 τοῦ
2727 1256 2862 1310 Θεοῦ
2903 1259 2955 1311 οἱ
3009 1258 3145 1322 τέως
3184 1258 3285 1328 μὲν
3314 1258 3552 1329 ἄκαρποι
3598 1259 3702 1310 καὶ

2100 1349 2246 1422 ’πρὸς
2291 1349 2489 1403 καῦσιν
2530 1348 2848 1420 ἐπιτήδειοι,
2894 1348 3216 1413 ὑπελθόντες
3249 1349 3306 1402 δὲ
3345 1347 3443 1419 τὴν
3486 1347 3699 1420 σκέπην

2106 1441 2203 1495 τοῦ
2243 1442 2504 1514 Χριστοῦ,
2534 1441 2630 1495 κα)⁵
2657 1442 2819 1495 οἱονεὶ
2867 1441 3215 1513 ἐνδυσάμενοι
3259 1441 3441 1506 αὐτὸν,
3497 1442 3562 1494 ὲκ
3595 1442 3703 1512 τῆς

2109 1534 2240 1606 παρ’
2277 1533 2442 1588 αὑτοῦ
2492 1533 2715 1605 χάριτος
2760 1532 2822 1586 τὸ
2866 1533 3116 1604 ἄκαρπον
3156 1534 3258 1602 τῆς
3295 1532 3505 1586 ἑαυτῶν
3543 1531 3698 1603 ζωῆς

2112 1625 2572 1695 συγκαλύπτουσι.
2621 1624 2733 1689 Τὰς
2765 1626 2863 1697 μὲν
2895 1620 2988 1678 οῦν
3031 1626 3254 1696 κέδρους
3280 1624 3374 1678 τοῦ
3401 1623 3536 1678 Θεοῦ
3564 1628 3704 1679 ἀνα-

2110 1713 2389 1787 δενδράδες
2418 1713 2685 1786 εὔκαρποι
2729 1713 3149 1785 περιπλακεῖσαι
3196 1712 3524 1783 φυλάττουσι
3549 1730 3564 1744 ⁸
3592 1714 3700 1778 τάς

431 1811 588 1864 latria
642 1807 993 1871 eliinxerunt,
1040 1818 1310 1875 quemque
1358 1803 1750 1858 comminutum
1789 1800 2004 1873 Moyses

2110 1807 2163 1860 δὲ
2188 1807 2416 1877 κέδρους
2446 1805 2541 1860 τοῦ
2580 1804 2813 1860 Λιϐάνου
2849 1804 3121 1876 συντρίϐει
3149 1806 3177 1856 6
3204 1803 3425 1872 Κύριος.
3456 1803 3565 1857 Καὶ
3594 1807 3703 1857 λε-

429 1904 578 1957 dedit
600 1900 801 1972 p0pulo
842 1899 1159 1969 petendum.
1194 1897 1383 1966 Itaque
1425 1905 1594 1951 totum
1636 1894 1899 1950 Libanum
1954 1903 2010 1949 et

428 1992 877 2049 consuetudinem
905 1989 1225 2045 idololatria;
1250 1989 1304 2043 in
1337 2002 1402 2042 eo
1435 1986 1855 2042 invalescentem
1885 2001 2010 2056 per-

427 2084 557 2140 inde
594 2092 655 2138 ut
706 2083 856 2138 illum
914 2082 1143 2136 vitulum
1187 2077 1593 2135 exterminabit.
1663 2076 1733 2132 Et
1784 2076 2008 2130 dilectus

426 2178 562 2230 sicut
596 2175 744 2244 ﬁlius
776 2171 1469 2241 unicornium.Unigenitus
1489 2170 1681 2236 Filius,
1700 2169 1790 2237 qui
1811 2169 2010 2223 mundo

428 2268 524 2320 dat
553 2267 720 2321 vitam
735 2266 803 2332 ⁷⁸,
840 2280 964 2320 cum
999 2265 1231 2321 hostiam
1269 2272 1325 2318 et
1370 2262 1701 2318 oblationem
1753 2274 1853 2330 pro
1879 2273 2008 2330 pec-

427 2357 566 2413 catis
594 2355 795 2413 nostris
817 2355 1053 2425 seipsum
1081 2355 1192 2411 Deo
1214 2352 1459 2419 oﬂ‘ert”,
1498 2364 1554 2409 et
1597 2351 1690 2408 Dei
1719 2366 1908 2423 agnus,
1955 2358 2010 2406 et

426 2450 548 2503 ovis
589 2446 920 2502 nominatur.
969 2445 1108 2501 Ecce
1165 2448 1327 2514 enim,
1374 2444 1572 2516 inquit,
1616 2460 1783 2514 agnus
1824 2441 2005 2497 Dei“.

434 2536 503 2590 Et
526 2549 737 2600 rursus,
766 2534 1041 2605 Tanquam
1070 2536 1179 2590 ovis
1204 2535 1273 2590 ad
1297 2535 1611 2590 occisionem
1635 2535 1822 2588 ductus
1847 2544 1919 2588 est
1936 2534 2004 2587 ⁸³.

425 2623 562 2679 Cum
600 2637 731 2678 vero
756 2631 1091 2693 potentatum
1124 2640 1295 2694 genus
1323 2624 1603 2681 hominum
1645 2624 2005 2691 adorientem,

429 2713 580 2770 illam
607 2713 856 2769 videlicet
873 2710 1153 2770 efferatam
1187 2726 1243 2772 et
1264 2724 1639 2786 exasperatam
1673 2724 2001 2785 potestatem

426 2805 616 2861 ulcisci
659 2814 717 2860 et
753 2815 999 2861 evertere
1049 2817 1280 2876 oportet.
1311 2818 1425 2862 tum
1474 2808 1616 2863 [ilius
1659 2808 2002 2862 unicornium

414 2896 760 2968 appellatur.
802 2894 1092 2952 Unicornis
1137 2900 1306 2963 enim,
1354 2908 1413 2954 ut
1452 2901 1506 2955 in
1549 2898 1652 2954 Job
1699 2900 2006 2967 didicimus,

414 2997 514 3043 est
554 2988 757 3042 animal
805 2988 1156 3058 insuperabili
1206 2990 1410 3045 virtute
1458 2989 1780 3058 prmditum,
1836 2989 2007 3045 homi-

2109 1897 2327 1951 πτυνεῖ
2347 1896 2534 1962 αὑτὰς
2556 1896 2638 1962 ὡς
2679 1895 2788 1949 τὸν
2821 1897 3062 1965 μόσχον
3085 1895 3193 1947 τὸν
3225 1895 3503 1948 Λίϐανον.
3542 1895 3704 1965 Μνή-

2110 1988 2267 2058 σθητι
2295 1987 2387 2041 τοῦ
2414 1987 2617 2061 μόσχου
2651 1985 2745 2040 τοῦ
2782 1987 2840 2040 ὲν
2878 1988 2945 2058 τῇ
2981 1985 3195 2056 Ἐξόδῳ,
3226 1985 3284 2038 ὃν
3314 1985 3455 2038 κατά
3492 1984 3590 2059 τὴν
3615 1988 3701 2039 εἰ·

2106 2078 2493 2148 δωλολατρείαν
2526 2077 2857 2143 ἀνέπλασαν,
2899 2078 2959 2131 ὃν
3004 2078 3262 2131 ὲλέπτυνε
3314 2077 3556 2148 Μωῦσῆς
3597 2077 3702 2130 καὶ
3758 2088 3761 2089 ⁷

2107 2172 2326 2227 ὲπότισε
2358 2173 2449 2227 τὸν
2495 2172 2643 2228 λαόν.
2688 2172 2908 2243 Ἐκείνῳ
2958 2172 3137 2225 τοίνυν
3182 2171 3260 2243 τῷ
3293 2170 3478 2245 μόσχῳ
3508 2186 3700 2242 παρα-

2119 2264 2363 2337 πλησίως
2402 2264 2521 2318 ὅλον
2552 2264 2645 2317 τὸν
2679 2263 2909 2318 Λίϐανον
2950 2264 3046 2317 κα)⁵
3072 2261 3169 2335 τὴν
3203 2264 3259 2315 ὲν
3288 2261 3436 2332 αὐτῷ
3466 2262 3702 2333 κρατοῦ-

2115 2373 2216 2410 σαν
2244 2355 2533 2428 συνήθειαν
2557 2356 2655 2426 τῆς
2678 2355 3118 2427 εἰδωλολατρείας
3139 2354 3475 2426 ἐξαφανίσει.
3504 2355 3616 2409 Καὶ
3662 2357 3700 2408 ό

2076 2488 2090 2501 ι
2108 2447 2493 2518 ἠγαπημένος
2536 2448 2618 2512 ὠς
2652 2446 2783 2513 υἱὸς
2815 2446 3259 2517 μονοκερώτων.
3299 2447 3356 2500 Ὁ
3401 2446 3699 2518 μονογενὴς

2108 2537 2259 2604 Υἱὸς,
2307 2537 2337 2589 6
2396 2536 2576 2600 διδοὺς
2628 2535 2774 2607 ζωὴν
2813 2535 2892 2607 τῷ
2934 2537 3145 2608 κόσμῳ,
3195 2537 3324 2591 ὅταν
3384 2536 3481 2607 μὲν
3522 2552 3699 2608 προσ-

2109 2628 2250 2702 φέρῃ
2288 2627 2476 2682 θυσίαν
2520 2627 2615 2681 καὶ
2658 2624 2973 2698 προσφορὰν
3025 2626 3213 2680 ἑαυτὸν
3260 2625 3338 2697 τῷ
3382 2624 3501 2696 Θεῷ
3550 2625 3697 2695 ὑπὲρ

2117 2720 2230 2773 τῶν
2296 2719 2582 2792 ἁμαρτιῶν
2632 2718 2810 2790 ἡμῶν,
2860 2719 2954 2772 καὶ
3009 2719 3179 2789 ἀμνὸς
3237 2717 3570 2789 ὀνομάζεται,
3596 2717 3698 2770 τοῦ

2110 2812 2249 2866 Θεοῦ
2308 2813 2404 2866 καὶ
2452 2811 2743 2883 πρόϐατον.
2806 2811 2929 2867 Ἴδε
2983 2811 3114 2882 γὰρ,
3179 2813 3364 2883 φησὶν,
3420 2815 3453 2866 ὁ
3506 2811 3703 2881 ἀμνὸς

2106 2903 2214 2958 τοῦ
2286 2903 2433 2958 Θεοῦ
2477 2903 2553 2974 (6)
2577 2919 2591 2933 ’
2660 2903 2755 2956 καὶ
2825 2903 2985 2957 πάλιν
3009 2920 3023 2933 ·
3100 2903 3193 2969 Ὧς
3241 2904 3539 2971 πρόϐατον
3594 2902 3701 2956 ἐπὶ

2107 2993 2362 3064 σφαγὴν
2399 2993 2578 3064 ἤχθη.
2628 2994 2796 3047 Ὅταν
2829 2993 2886 3047 δὲ
2924 2992 3232 3064 ἀμύνασθαι
3277 2992 3372 3066 δέῃ
3424 2993 3519 3047 καὶ
3557 2992 3702 3047 καθ-

428 3078 590 3132 uibus
631 3078 774 3132 haud
815 3077 1139 3148 subjectum.
1168 3078 1293 3134 Non
1337 3079 1478 3134 enim
1506 3117 1524 3144 ,
1569 3079 1787 3148 inquit,
1837 3080 2007 3147 ipsum

2110 3086 2251 3141 ελεῖν
2273 3085 2370 3158 τὴν
2415 3085 2734 3139 δυναστείαν
2766 3084 2864 3157 τὴν
2914 3085 3283 3157 ὲπιςρυομένην
3318 3086 3396 3156 τῷ
3417 3085 3563 3153 γένει
3587 3084 3704 3138 τῶν

428 3170 544 3225 loro
568 3169 836 3240 alligabis,
868 3186 1032 3242 neque
1055 3171 1282 3226 dormiet
1315 3174 1372 3224 in
1397 3172 1624 3241 prtesepi
1646 3169 1713 3224 ⁸³.
1748 3170 1818 3225 Et
1842 3170 2007 3226 multa

2114 3156 2441 3251 ἀνθρώπων,
2466 3156 2938 3249 ὲκτεθηριωμένην
2980 3179 3100 3232 τινὰ
3134 3178 3224 3231 καὶ
3265 3176 3701 3248 ἀπηγριωμένην

428 3260 486 3314 in
506 3262 606 3316 hac
635 3261 930 3331 prophetiae
954 3271 1109 3331 parte
1134 3263 1278 3319 dicta
1313 3271 1464 3329 sunt,
1490 3277 1559 3318 ex
1577 3262 1775 3333 quibus
1799 3271 2015 3319 constat

430 3353 629 3408 animal
648 3352 781 3409 illud
809 3352 1078 3411 libertatis
1095 3369 1287 3411 amans
1303 3368 1445 3420 esse,
1471 3368 1646 3425 neque
1664 3354 1887 3425 obsequi
1920 3354 2014 3409 bo-

429 3444 686 3501 minibus.
740 3443 1102 3503 Observatum
1156 3454 1243 3502 est
1297 3455 1500 3514 autem,
1553 3445 1893 3516 Scripturam
1959 3446 2015 3501 in

430 3537 716 3601 utramque
754 3543 962 3604 partem
1006 3533 1362 3589 similitudine
1395 3533 1675 3591 unicornis
1710 3536 1810 3602 uti,
1857 3536 2016 3591 modo

431 3636 552 3675 cum
570 3621 752 3689 laude,
780 3625 939 3680 modo
972 3641 1094 3681 cum
1124 3626 1542 3697 vituperatione.
1573 3624 1716 3683 Erue
1741 3629 1902 3694 enim,
1932 3629 2014 3682 in-

430 3715 568 3779 quit,
621 3729 653 3766 a
685 3714 890 3782 framea
923 3714 1156 3769 animam
1184 3730 1376 3779 meam,
1398 3724 1448 3770 et
1485 3732 1519 3769 a
1540 3716 1782 3770 cornibus
1804 3718 2016 3770 unicor-

432 3807 577 3857 nium
605 3805 959 3861 humilitatem
979 3822 1152 3879 meam
1168 3805 1236 3860 ⁸⁸.
1258 3806 1399 3863 Dicit
1427 3807 1562 3874 haec,
1583 3807 1904 3863 insimulans
1919 3809 2015 3863 de-

430 3888 601 3949 ditum
630 3897 768 3953 bello
794 3898 1069 3967 populum,
1095 3907 1338 3971 tempore
1372 3900 1643 3969 passionis
1670 3900 1725 3955 in
1751 3915 1809 3956 se
1836 3902 2014 3957 insur-

432 3995 667 4056 gentem.
697 3989 904 4045 Rursus
927 4003 1059 4046 vero
1080 4008 1095 4045 :
1119 3988 1480 4060 Escauabitur,
1514 3992 1711 4062 inquit,
1741 3994 1879 4048 sicut
1902 3994 2017 4047 uni-

426 4077 629 4146 cornis,
651 4096 819 4133 cornu
844 4081 1087 4135 meum“.
1112 4082 1342 4137 Videtur
1364 4084 1527 4152 igitur
1543 4093 1764 4154 propter
1791 4085 2012 4140 insitum

434 4170 656 4225 animali
676 4172 915 4227 studium
935 4173 1256 4241 ulciscendi,
1289 4188 1434 4246 saepe
1453 4174 1506 4229 in
1532 4175 1731 4231 malam
1756 4176 2012 4232 similitu-

435 4261 616 4317 dinem
648 4263 858 4333 accipi;
889 4273 1104 4332 contra,
1138 4273 1362 4337 propter
1396 4281 1565 4322 cornu
1594 4267 1932 4324 altitudinem
1960 4277 2016 4323 et

436 4352 761 4421 libertatem,
811 4356 865 4411 in
915 4357 1113 4413 bonam
1152 4357 1561 4415 similitudinem
1602 4359 1816 4415 abduci.
1851 4360 1920 4414 Et
1958 4361 2011 4414 in

2114 3271 2367 3343 δύναμιν,
2423 3270 2547 3324 τότε
2587 3271 2702 3333 υἱὸς
2754 3269 3138 3341 μονοκερώτων
3170 3268 3512 3340 ὀνομάζεται.
3549 3269 3702 3323 Ζῶον

2114 3362 2245 3434 γὰρ,
2282 3361 2359 3426 ὼς
2397 3363 2455 3415 ὲν
2483 3360 2562 3432 τῷ
2603 3360 2724 3415 ’1ὼὸ
2759 3360 3177 3432 μεμαθήκαμεν,
3218 3363 3246 3415 6
3286 3358 3592 3432 μονόκερώς
3618 3359 3701 3430 (7)

2114 3452 2261 3506 ἐστιν
2292 3452 2506 3523 ἄμαχον
2535 3451 2634 3522 τὴν
2673 3450 2923 3520 δύναμιν,
2950 3450 3317 3504 ἀνυπότακτον
3344 3452 3456 3512 τοῖς
3489 3447 3701 3521 ἀνθρώ-

2115 3559 2258 3606 ποις.
2293 3543 2375 3595 Οὐ
2430 3542 2542 3610 γὰρ
2583 3540 2796 3610 δήσεις
2826 3542 3032 3611 αὐτὸν,
3069 3541 3252 3611 φησὶν,
3295 3540 3509 3610 ἱμάντι,
3554 3539 3701 3595 οὐδὲ

2114 3633 2543 3704 κοιμηθήσεται
2596 3633 2697 3687 ἐπὶ
2754 3635 3006 3702 φάτνης.
3062 3634 3173 3685 Καὶ
3220 3632 3388 3687 πολλὰ
3445 3632 3698 3703 περὶτοῦ

2114 3724 2511 3798 ἐλευθεριάζειν
2541 3725 2602 3780 τὸ
2655 3724 2792 3790 ζῶον
2820 3725 2915 3780 καὶ
2942 3726 3017 3797 μὴ
3047 3725 3295 3779 ὑπείκειν
3345 3727 3457 3788 τοῖς
3488 3721 3699 3795 ἀνθρώ-

2114 3834 2238 3880 ποις
2270 3819 2329 3872 ὲν
2377 3818 2570 3888 ἐκείνῳ
2597 3816 2676 3888 τῷ
2725 3817 2880 3890 μέρει
2932 3816 3031 3888 τῆς
3087 3816 3423 3888 προφητείας
3455 3814 3694 3886 εἴρηται.

2114 3908 2225 3961 Καὶ
2269 3909 2737 3981 παρατετήρηται,
2773 3910 2855 3962 ὅτι
2887 3908 2975 3961 ἐπ’
3009 3908 3297 3981 ἀμφότερα
3336 3908 3599 3979 κέχρηται
3625 3910 3696 3982 τῇ

2114 4001 2284 4055 εἰκόνι
2314 4001 2409 4055 τοῦ
2452 4002 2824 4073 μονοκέρωτος
2856 4002 2890 4071 ἡ
2930 4000 3118 4071 Γραφή
3139 4016 3153 4030 ·
3183 4001 3314 4053 ποτὲ
3349 4000 3447 4070 μὲν
3479 4000 3700 4052 ἐπαινε-

2112 4090 2243 4155 τῶς,
2272 4091 2461 4145 ἄλλοτε
2493 4091 2551 4144 δὲ
2586 4089 3042 4161 διαϐεϐλημένως.
3091 4088 3303 4142 Ῥῦσαι
3338 4087 3469 4158 γὰρ,
3506 4088 3694 4158 φησὶν,

2112 4185 2182 4238 ἐκ
2223 4184 2525 4254 ῥομφαίας
2558 4183 2674 4251 τὴν
2702 4182 2916 4252 ψυχήν
2933 4198 3074 4252 μου,
3116 4181 3214 4235 καὶ
3271 4180 3390 4236 ἀπὸ
3432 4178 3698 4248 κεράτων

2106 4276 2533 4346 μονοκερώτων
2570 4274 2686 4343 τὴν
2724 4274 3092 4329 ταπείνωσιν
3133 4290 3273 4343 μου.
3315 4271 3417 4325 Τὸν
3474 4271 3699 4341 πολεμο-

2113 4369 2264 4423 ποιὸν
2295 4367 2422 4421 λαὸν
2454 4367 2753 4423 διαϐάλλων
2804 4365 2979 4420 ταῦτά
3011 4383 3142 4437 φησι
3199 4364 3349 4437 παρά
3378 4364 3468 4417 τὸν
3507 4363 3697 4434 καιρὸν

434 4450 972 4518 summa,.quoniam
1026 4450 1271 4506 invenire
1310 4459 1396 4507 est
1447 4466 1617 4508 cornu
1665 4466 1694 4506 a
1730 4452 2006 4522 Scriptura

2112 4459 2206 4512 τοῦ
2237 4458 2442 4523 πάθους
2474 4458 2856 4512 ἐπαναστάντα
2889 4455 3037 4527 αὑτῷ
3065 4456 3163 4527 (8).
3194 4456 3361 4510 Πάλιν
3394 4455 3471 4520 δὲ,
3516 4456 3699 4523 Tatio)-

433 4549 576 4607 stcpe
594 4553 705 4609 pro
733 4540 908 4612 gloria
936 4553 1255 4613 usurpatum
1285 4586 1298 4598 .
1328 4542 1478 4599 verbi
1512 4544 1707 4615 gratia,
1734 4542 2007 4598 Exaltabit

2117 4550 2386 4620 θήσεται,
2438 4550 2624 4621 φησὶν,
2663 4550 2744 4614 ὡς
2787 4546 3198 4618 μογοκέρωτος
3228 4546 3297 4599 τὸ
3332 4547 3507 4615 κέρας
3550 4561 3693 4614 μου.

504 4722 552 4792 ’(⁵
585 4721 721 4777 Psal.
754 4737 940 4788 Lxxtx,
972 4723 1031 4779 9.
1117 4725 1163 4758 ⁷⁸
1196 4724 1327 4780 ibid.
1364 4727 1450 4780 ll.
1526 4726 1573 4757 '"
1594 4723 1751 4780 Joan.
1792 4743 1884 4792 tv,
1930 4730 1983 4783 5.

2060 4732 2105 4763 ⁷³
2129 4733 2296 4787 Exod.
2344 4750 2517 4796 χχχιι,
2549 4733 2605 4787 4.

2716 4733 2760 4767 τ’
2782 4730 2940 4785 Joan.
2973 4747 3051 4794 vI,
3082 4729 3172 4785 33.
3246 4730 3292 4763 ‘°
3319 4729 3519 4799 Ephes.
3544 4745 3598 4797 ν,
3635 4731 3692 4787 2.

431 4788 477 4831 "
504 4791 660 4848 Joan.
693 4808 712 4847 ι
762 4793 851 4848 29.
927 4794 973 4826 ⁸⁸
1000 4796 1121 4849 Act.
1155 4810 1250 4850 vm
1301 4796 1371 4851 32
1395 4812 1408 4824 ·
1458 4796 1566 4851 lsa.
1594 4811 1690 4850 Llll
1754 4797 1804 4853 7.
1871 4788 1947 4832 ’⁸⁸
1971 4798 2007 4855 1η

2124 4819 2313 4870 χχχιι,
2347 4804 2436 4859 l0.
2480 4788 2723 4859 ίδιινειιι.
2781 4788 3130 4870 “1,225”
3160 4800 3300 4856 Psal.
3357 4788 3465 4866 im,
3495 4788 3621 4867 ul,

504 4969 579 5043 μ)
615 4967 794 5043 Editio
819 4967 994 5043 Paris.
1014 4968 1252 5043 Λιϐάνου
1269 4969 1450 5043 κέδροι
1471 4969 1847 5042 ὀνομάζονται.
1880 4973 1995 5028 Vox

431 5039 615 5112 κέδροι
637 5039 873 5112 deest_in
897 5041 1120 5112 nostris
1148 5039 1395 5112 undecim
1413 5056 1541 5096 mss.
1568 5039 1799 5111 perinde
1832 5053 1994 5112 atque

435 5114 487 5165 in
522 5107 760 5164 editione
785 5107 952 5165 Basil.
987 5109 1055 5163 Et
1083 5124 1211 5163 vero
1244 5110 1371 5178 quid
1430 5107 1651 5166 necesse
1683 5112 1753 5165 sit
1794 5107 1983 5166 vocem

431 5181 614 5252 κέδροι
640 5180 728 5235 hic
751 5178 969 5252 apponi,
1004 5193 1109 5232 non
1148 5179 1323 5252 video.
1353 5178 1493 5252 Nam
1540 5196 1607 5236 ex
1638 5195 1699 5235 se
1744 5183 1878 5236 satis
1912 5183 1997 5236 in-

434 5248 716 5321 telligitur,
759 5264 825 5304 ac
850 5248 996 5302 nullo
1042 5249 1262 5321 negotio
1291 5264 1321 5303 a
1351 5251 1591 5316 quolibet
1614 5252 1864 5321 suppleri
1894 5266 1993 5319 po-

435 5317 577 5404 test;
594 5319 883 5390 Aliquanto
909 5327 1032 5389 post
1068 5317 1202 5389 Reg.
1259 5322 1529 5376 secundus
1574 5317 1816 5392 Χριστοῦ
1867 5317 1995 5376 ἐπι-

434 5409 492 5446 νο
498 5407 612 5445 ιων.

506 5461 585 5532 (5)
613 5459 706 5532 Sic
735 5457 903 5532 editio
945 5456 1122 5532 Basil.
1143 5472 1269 5532 cum
1299 5458 1571 5532 plerisque
1594 5530 1599 5532 Α
1623 5475 1757 5516 mss.
1791 5460 1861 5515 At
1890 5461 2008 5517 edi-

435 5526 714 5585 tio'Paris.
748 5528 912 5599 ὑμεῖς
942 5526 1019 5599 δέ,
1074 5527 1278 5599 Morini
1301 5526 1634 5586 Colbertinis
1673 5532 1912 5587 secundo
1948 5541 2007 5586 et

434 5609 631 5669 quarto
659 5592 857 5669 legitur
880 5596 1016 5651 Θεοῦ
1047 5613 1149 5665 pro
1177 5592 1436 5669 Χριστοῦ.
1482 5600 1679 5657 Ibidem
1731 5602 1862 5673 Reg.
1915 5617 2005 5657 se-

436 5668 645 5723 cundus
671 5666 995 5730 ὑπελθόντες
1015 5667 1072 5720 δὲ
1090 5670 1156 5730 τῇ
1180 5668 1391 5730 σκέπην

510 5685 645 5723 Imus
671 5685 995 5730 υπελυοντες
1015 5685 1072 5720 οε
1090 5685 1156 5738 τῃ
1180 5685 1391 5742 exerta:

510 5737 586 5807 (6)
612 5738 761 5793 Colb.
790 5737 1061 5795 secundus
1100 5737 1270 5808 ἀμνὸς
1304 5739 1398 5794 τοῦ
1442 5739 1575 5796 Θεοῦ
1621 5744 1650 5796 6
1694 5742 1864 5814 αἴρων
1902 5741 2002 5815 τὴν

2100 4979 2381 5054 ἁμαρτίαν
2425 4981 2521 5054 τοῦ
2565 4981 2795 5054 κόσμου.
2855 4980 3008 5036 Haud
3055 4980 3127 5035 ita
3178 4979 3340 5053 longe
3405 4980 3513 5036 duo
3561 4996 3694 5038 mss.

2101 5065 2130 5101 υ
2139 5049 2214 5113 ἰὸς
2225 5049 2235 5051 ’
2245 5051 2441 5120 μονοκέ
2451 5068 2640 5121 ρωτος.

2173 5121 2253 5189 (7)
2283 5120 2535 5191 Scriptor
2559 5137 2663 5175 non
2689 5122 2802 5191 ipsa
2827 5120 3130 5191 Scriptura
3158 5120 3324 5191 verba
3348 5120 3539 5177 retulit
3580 5137 3595 5175 :
3632 5136 3697 5176 ea

2099 5189 2450 5260 siqnispiam
2487 5190 2674 5245 videre
2707 5189 2876 5259 cupit,
2912 5189 3106 5245 Jobum
3150 5190 3295 5259 legat
3342 5206 3532 5255 χχιιι,
3568 5191 3602 5245 9
3638 5201 3696 5244 et

2101 5258 2415 5332 i9._Aquila
2435 5275 2536 5332 pro
2569 5258 2881 5332 μονόκερως
2919 5260 3142 5332 scripsit
3185 5258 3521 5332 ῥινόκερως.)
3542 5260 3717 5315 Unde.

2111 5328 2368 5400 Vulgata,
2421 5328 2683 5400 Nunquid
2722 5328 2852 5385 volet
2894 5328 3198 5400 rltinoceros
3244 5328 3693 5400 serni'reitibiihu

2115 5398 2371 5469 Nunquid
2404 5398 2649 5469 alliga’bis
2675 5401 3058 5455 rhinocerota?
3094 5399 3288 5465 Aliqua
3322 5400 3426 5455 hoc
3457 5399 3576 5454 loco
3612 5415 3697 5453 re-

2112 5471 2356 5593 gindare
2396 5469 2448 5523 in
2475 5469 2711 5525 editione
2763 5470 2968 5525 Veneta
2996 5478 3181 5524 monet
3213 5469 3303 5523 vir
3345 5470 3694 5528 doctissimus

2161 5554 2358 5593 ucaeus.

2161 5554 2358 5594 "0&03.

2183 5608 2260 5679 (8)
2287 5609 2342 5680 In
2366 5623 2447 5663 se.
2473 5607 2586 5680 Hoc
2614 5617 2718 5675 est,
2748 5608 3115 5680 inAChristum
3144 5606 3458 5680 Dominum,
3484 5608 3553 5665 de
3587 5623 3693 5680 quo

2117 5677 2260 5736 totus
2285 5677 2374 5735 ille
2400 5678 2645 5750 psalmus
2673 5677 3057 5752 intelligendus
3089 5686 3194 5735 est.
