4048 6220
306 364 424 420 29⁵1
1420 360 1706 417 HOMILIA
1741 359 1807 415 IN
1849 360 2181 418 PSALMUM
2212 361 2445 419 XXVIII.
3471 361 3578 418 298

320 482 542 533 Ἔοικεν
571 470 661 531 οὖν
695 477 783 531 διὰ
819 476 917 549 μὲν
945 476 1004 529 rb
1032 475 1327 546 ἀμυντικὸν
1358 476 1453 529 τοῦ
1503 477 1643 541 ζὼου
1675 480 1767 531 ἐπὶ
1800 480 1897 550 τὴν

2019 497 2165 533 :ornu
2200 478 2381 545 populi
2417 476 2605 543 sui“;
2647 484 2723 542 et,
2780 476 2958 531 Cornu
2998 477 3112 547 ejus
3159 476 3479 531 excitabitur
3521 480 3580 533 in

320 574 430 626 τῶν
468 573 723 642 χειρόνων
777 571 1026 624 εἰκασίαν
1072 570 1145 639 (9)
1176 570 1434 633 πολλάκις
1483 572 1905 643 παραλαμϐάνε-

2019 569 2175 636 gloria
2193 569 2236 599 ³⁷
2260 586 2273 632 ;
2294 576 2386 621 aut
2416 570 2576 621 etiam
2600 569 2721 637 quia
2749 582 2914 622 cornu
2940 583 3037 636 pro
3064 568 3261 622 virtute
3290 570 3576 640 accipitur,

323 663 469 725 σθαι,
509 662 599 714 διὰ
639 662 697 715 δὲ
734 662 795 713 rb
836 660 1111 732 ὑψίκερων
1155 661 1250 713 καὶ
1298 660 1602 732 ἐλευθέριον
1650 662 1784 733 πρὸς
1808 661 1905 733 τὴν

2019 668 2067 713 ιιι
2096 669 2179 714 est
2211 660 2366 713 illud:
2388 658 2664 713 Protector
2694 676 2855 725 meus,
2886 670 2932 712 et
2966 676 3126 712 cornu
3158 660 3341 712 salutis
3368 678 3495 715 mete
3512 662 3578 726 '3;

319 754 416 807 τοῦ
449 753 715 823 βελτίονος
737 753 966 821 ἄγεσθαι
991 752 1257 805 εἰκασίαν.
1296 753 1405 805 Καὶ
1447 753 1601 817 ὅλως,
1634 753 1817 823 ἐπειδὴ
1845 752 1907 805 rb

2019 749 2258 804 Christus
2280 760 2457 803 autem
2496 750 2588 804 Dei
2620 752 2790 804 virtus
2817 760 2899 804 est
2926 750 2994 816 l‘9;
3031 752 3151 804 ideo
3175 752 3450 806 unicornis
3482 768 3578 821 ap-

321 844 491 914 κέρας
514 844 619 895 ὑπὸ
635 846 733 915 τῆς
757 845 795 896 Γ
805 848 983 916 ραφῆς
1007 845 1125 898 ἀντὶ
1148 844 1247 913 τῆς
1262 843 1417 913 δόξης
1433 845 1699 914 πολλαχοῦ
1721 862 1910 914 παρει-

2019 840 2237 909 pellatus
2272 850 2375 907 est,
2410 851 2667 909 tanquam
2707 842 2798 910 qui
2833 857 2997 895 unum
3043 842 3240 897 habeat
3290 858 3482 910 cornu,
3526 844 3577 897 id

322 932 605 1003 λημμένον
631 933 783 988 ἐστιν
816 934 1017 1005 εὑρεῖν,
1046 932 1123 995 ὼς
1156 933 1235 997 rb,
1276 931 1523 1000 Ὑψώσει
1559 931 1735 998 κέρας
1756 930 1909 985 λαοῦ

2019 942 2111 997 est,
2139 948 2298 986 unam
2343 948 2466 987 cum
2501 931 2661 986 Patre
2691 947 3034 987 communem
3062 936 3379 1003 potentiam.

321 1027 512 1080 αὐτοῦ
540 1026 673 1097 (10)*
707 1028 821 1091 καὶ,
864 1026 933 1080 Τὸ
987 1027 1166 1095 κέρας
1196 1024 1383 1079 αὐτοῦ
1417 1026 1799 1093 ὑψωθήσεται
1823 1026 1892 1078 ἐν
1919 1025 2067 1093 δόξῃ
2087 1043 2100 1055 ’
2138 1026 2171 1095 ἢ
2200 1025 2293 1078 καὶ
2336 1024 2521 1094 ἐπειδὴ
2557 1024 2617 1077 τὸ
2657 1023 2826 1093 κέρας
2866 1025 2986 1078 ἀντὶ
3021 1024 3298 1096 δυνάμεως
3319 1025 3579 1091 πολλάκις

322 1119 814 1191 παραλαμϐάνεται
840 1136 853 1149 ο
924 1119 999 1182 ὡς
1043 1119 1124 1181 rb,
1163 1117 1635 1185 Ὑπερασπιστής
1671 1135 1791 1186 μου
1857 1119 1954 1171 καί
2002 1118 2180 1185 κέρας
2234 1118 2530 1185 σωτηρίας
2571 1133 2725 1187 μουο
2779 1116 3011 1188 Χριστὸς
3060 1117 3117 1171 δὲ
3146 1117 3280 1170 Θεοῦ
3319 1118 3576 1191 δύναμις’

321 1212 414 1265 διὰ
436 1211 592 1263 τοῦτο
612 1204 771 1275 ὡς’ἒν
799 1210 935 1280 ἔχων
983 1210 1171 1281 κέρας,
1205 1210 1446 1262 τουτέστι
1516 1208 1642 1280 μίαν
1677 1207 1903 1280 δύναμιν
1936 1209 2073 1281 ἔχων
2118 1210 2217 1283 τὴν
2274 1209 2368 1263 τοῦ
2405 1210 2636 1281 Πατρὸς,
2674 1209 2979 1281 μονόκερως
3010 1209 3461 1282 προσηγόρευται.

399 1303 452 1358 6.
481 1306 652 1372 Φωνὴ
713 1305 931 1372 Κυρίου
971 1304 1397 1370 διακόπτοντος
1443 1307 1641 1374 φλόγα
1692 1305 1901 1373 πυρός.

2082 1306 2131 1359 6.
2182 1303 2341 1358 Vens.
2373 1304 2425 1360 7.
2488 1303 2597 1357 Vox
2642 1303 2857 1357 Domini
2915 1302 3266 1357 intercidentis
3310 1303 3579 1373 ﬂammam

324 1398 563 1468 Διεκόπη
600 1398 695 1468 μὲν
721 1398 817 1450 καὶ
846 1396 985 1450 κατὰ
1029 1397 1128 1466 τὴν
1161 1396 1402 1466 ἱστορίαν
1429 1396 1540 1449 τῶν
1572 1396 1777 1450 παίδων
1798 1395 1905 1449 τῶν

2019 1396 2169 1464 ignis.
2192 1394 2447 1449 lntercisa
2479 1404 2561 1449 est
2590 1394 2803 1464 quidem
2821 1392 2983 1449 etiam
3012 1393 3153 1462 ignis
3179 1392 3391 1446 ﬂamma
3416 1393 3583 1464 Baby-

325 1490 496 1560 τριῶν
526 1492 582 1542 ὲν
628 1492 692 1560 τῇ
724 1488 1039 1559 Βαϐυλωνίᾳ
1075 1488 1184 1559 (il)
1224 1490 1257 1559 ἡ
1291 1488 1421 1557 φλὸξ
1460 1487 1553 1540 τοῦ
1587 1488 1777 1559 πυρὸς,
1817 1488 1907 1540 ὅτε

2019 1488 2155 1556 Ione,
2194 1486 2487 1542 secundum
2516 1485 2673 1539 trium
2697 1499 2987 1553 puerorum
3013 1483 3294 1539 historiam
3313 1484 3383 1550 9°,
3408 1498 3581 1549 quan-

326 1580 701 1652 ὑπερεξεχὺθη
742 1581 839 1651 μὲν
860 1580 1425 1650 τεσσαρακονταεννέα
1460 1582 1709 1651 πήχειςὴ
1743 1581 1910 1651 κάμι-

2019 1578 2084 1633 ιΙο
2106 1578 2351 1633 caminus
2371 1591 2533 1646 supra
2552 1576 2764 1631 cubitos
2787 1576 3146 1647 quadraginta
3170 1591 3360 1630 novem
3383 1573 3583 1630 eiiusus

326 1688 439 1735 νος,
471 1670 753 1740 ὲνεπύριζε
781 1671 837 1723 δὲ
862 1672 988 1734 τοὺς
1016 1671 1199 1742 κύκλῳ
1239 1671 1445 1735 πάντας
1463 1688 1475 1701 ο
1514 1672 1831 1725 διακοπεῖσα
1854 1673 1911 1725 δὲ

2019 1679 2119 1734 εει,
2148 1685 2210 1725 ac
2250 1672 2671 1725 circumstantes
2699 1684 2887 1723 omnes
2928 1669 3194 1723 ambussit
3225 1686 3237 1721 :
3294 1684 3324 1721 e
3347 1668 3583 1732 diverso,

326 1762 408 1832 τῷ
434 1763 813 1833 προστάγματι
861 1763 955 1815 τοῦ
993 1762 1148 1826 Θεοῦ,
1184 1762 1403 1833 πνεῦμα
1437 1763 1651 1829 ἐδέξατο
1699 1765 1756 1815 ὲν
1783 1766 1911 1816 ἑαυ-

2019 1761 2201 1815 eadem
2248 1762 2342 1815 Dei
2393 1771 2662 1829 praecepto
2706 1760 2979 1822 intercisa,
3020 1758 3073 1813 in
3134 1774 3193 1814 se
3235 1760 3350 1829 ipsa
3395 1774 3582 1814 auram

326 1857 421 1926 τῇ,
456 1855 674 1925 ἡδίστην
703 1856 976 1927 ἀναπνοὴν
1015 1854 1110 1908 καὶ
1145 1854 1428 1924 άνάψυξιν,
1467 1854 1653 1926 ὥσπερ
1689 1859 1745 1909 ἐν
1784 1857 1912 1926 σκιᾷ

2019 1853 2250 1917 recepit;
2302 1851 2719 1921 respirationem
2759 1849 3239 1919 iucundissimam,
3290 1849 3579 1921 refrigera-

328 1965 440 1999 τινι
468 1947 669 2016 φυτῶν,
698 1949 754 2000 ὲν
790 1950 1039 2019 εἰρηνικῇ
1066 1947 1395 2001 καταστάσει
1421 1949 1767 2018 παρεχομένη
1800 1950 1913 2010 τοῖς

331 2039 542 2091 παισίν.
594 2037 853 2106 Ἐγένετο
881 2038 1009 2106 γὰρ,
1042 2037 1228 2107 φησὶν,
1264 2037 1407 2090 ὡσεὶ
1434 2038 1667 2105 πνεῦμα
1690 2037 1913 2105 δρόσου

331 2129 676 2196 διασυρίζον
704 2130 835 2201 (1‘2).
882 2131 991 2183 Καὶ
1036 2129 1471 2201 θαυμαστότερόν
1506 2147 1569 2198 γε
1603 2130 1781 2201 πολλῷ
1816 2148 1915 2183 πυ-

335 2221 429 2292 ρὸς
461 2221 621 2288 φύσιν
649 2220 989 2289 διακοπῆναι,
1029 2220 1061 2291 ἦ
1108 2220 1581 2291 καταδιαιρεθῆναι
1623 2212 1721 2291 τὴν
1760 2222 1916 2291 Ἐρυ-

331 2309 471 2381 θρὰν
524 2310 795 2363 θάλασσαν
859 2312 940 2372 εἰς
970 2310 1282 2379 διαιρέσεις.
1328 2308 1466 2361 Ἀλλ’
1508 2310 1655 2378 ὅμως
1684 2312 1717 2379 ἡ
1764 2309 1914 2378 φωνὴ

330 2401 430 2454 τοῦ
478 2402 683 2473 Κυρίου
717 2402 812 2455 καὶ
842 2402 903 2454 τὸ
938 2401 1157 2470 συνεχὲς
1200 2403 1266 2471 τῇ
1321 2400 1477 2468 φύσει
1510 2401 1603 2453 καὶ
1639 2400 1916 2470 ἡνωμένον

332 2492 429 2544 τοῦ
454 2494 623 2563 πυρδς
649 2492 950 2547 διακόπτει.
988 2492 1180 2545 Καίτοι
1218 2493 1460 2562 ἄτμητον
1495 2493 1586 2543 καί¹
1614 2491 1916 2561 ἀδιαίρετον

334 2585 602 2647 ἐπινοίαις
638 2585 1006 2655 ἀνθρωπίναις
1026 2586 1088 2637 rb
1116 2585 1228 2655 πῦρ
1262 2580 1399 2637 εἶναι
1428 2585 1592 2647 δοκεῖ,
1628 2583 1742 2636 ἀλλ’
1770 2584 1918 2653 ὅμως

338 2675 723 2743 προστάγματι
757 2675 965 2745 Κυρίου
994 2675 1105 2742 (15)
1135 2674 1479 2727 διακόπτεται
1511 2673 1603 2727 καὶ
1628 2673 1915 2726 διίσταται.

338 2760 508 2833 Οἶμαι
541 2764 617 2826 δὲ,
644 2766 725 2816 ὅτι
754 2765 814 2816 rb
845 2764 955 2834 πῦρ
975 2765 1033 2816 rb
1059 2764 1458 2835 ἡτοιμασμένον
1488 2766 1565 2827 είς
1588 2764 1804 2817 κόλασιν
1843 2764 1919 2834 τῷ

338 2853 569 2922 διαϐόλῳ
598 2854 691 2906 καὶ
723 2856 833 2916 τοῖς
864 2853 1112 2921 ἀγγέλοις
1136 2854 1297 2906 αὑτοῦ
1332 2853 1676 2906 διακόπτεται
1708 2854 1772 2922 τῇ
1810 2870 1921 2921 φωρ

340 2946 405 3014 νῇ
434 2944 526 2996 τοῦ
550 2944 755 3014 Κυρίου
776 2962 787 2973 ·
812 2945 917 3009 ἴνα,
943 2944 1127 3015 ἐπειδὴ
1158 2945 1249 2997 δύο
1270 2947 1404 2997 εἰσὶν
1430 2945 1486 2996 ὲν
1513 2944 1590 3013 τῷ
1615 2943 1747 3013 πυρὶ
1772 2942 1921 2995 δυνά-

2016 1941 2325 2009 tinnemque
2351 1942 2532 2011 pueris
2562 1942 2614 1994 in
2642 1942 2933 2010 tranquillo
2960 1950 3102 1995 statu
3134 1942 3280 1996 velut.
3313 1943 3365 1995 in
3390 1942 3571 2011 aliqua

2017 2033 2268 2086 arborum
2301 2034 2491 2088 umbra
2526 2033 2835 2091 constitutis
2886 2034 3261 2104 suppeditans,
3296 2036 3589 2091 exhibens»

2016 2137 2141 2191 que.
2170 2122 2345 2177 Facta
2369 2133 2442 2178 est
2473 2124 2632 2188 enim,
2657 2123 2853 2192 inquit,
2883 2125 3014 2177 sicut
3049 2125 3263 2192 spiritus
3293 2126 3427 2181 roris
3459 2126 3587 2179 sibi-

2016 2215 2132 2267 lans
2157 2215 2223 2267 “.
2262 2214 2327 2268 Et
2355 2224 2503 2269 certe
2526 2214 2696 2268 multo
2727 2214 3101 2270 admirabilius
3136 2224 3219 2269 est
3257 2216 3398 2287 ignis
3423 2227 3582 2272 natu-

2016 2321 2131 2360 ram
2170 2305 2442 2370 intercidi,
2468 2321 2631 2376 quam
2663 2320 2813 2360 mare
2839 2306 3084 2361 Rubrum
3120 2306 3170 2360 in
3194 2316 3373 2375 partes
3394 2308 3580 2363 dividi.

2015 2395 2265 2448 Attamen
2322 2393 2533 2448 Domini
2561 2408 2663 2449 vox
2727 2394 2901 2463 ignem
2942 2405 3130 2464 suapte
3178 2407 3369 2450 natura
3412 2399 3587 2452 conti-

2018 2499 2179 2537 nuum
2201 2498 2263 2536 ac
2279 2482 2378 2538 sibi
2403 2483 2555 2552 121
2581 2484 2938 2538 cohaerentem
2960 2484 3243 2541 intercidit.
3268 2486 3586 2556 Quanquam

2018 2573 2181 2641 igitur
2223 2573 2361 2643 ignis
2406 2574 2651 2629 consiliis
2715 2575 2965 2630 humanis
3013 2577 3322 2632 insecabilis
3385 2593 3448 2633 ac
3484 2574 3589 2632 'in-

2019 2664 2270 2719 dividuus
2298 2663 2512 2720 videtur
2555 2680 2695 2731 esse,
2737 2666 3083 2722 nihilominus
3136 2676 3313 2723 tamen
3377 2670 3586 2724 Domini

2015 2751 2165 2823 jussu
2197 2756 2533 2813 interciditur
2566 2772 2632 2812 ac
2676 2757 2948 2813 dividitur.
3005 2758 3187 2826 Ignem
3244 2769 3423 2816 autem
3445 2801 3462 2828 ,
3493 2761 3586 2829 qui

2020 2845 2231 2901 diabolo
2260 2854 2314 2900 et
2343 2846 2547 2917 angelis
2575 2846 2690 2917 ejus
2719 2849 2772 2901 in
2817 2846 3137 2917 supplicium
3168 2857 3391 2919 paratus
3421 2849 3584 2912 οδω,

2020 2953 2150 2993 voce
2192 2937 2400 2995 Domini
2456 2940 2700 2994 intercidi
2742 2954 2866 2994 reor
2917 2960 2929 2995 :
2975 2950 3032 2996 nt
3074 2955 3195 2996 cum
3231 2941 3349 2995 duce
3377 2941 3488 2996 sint
3533 2943 3587 2996 in

346 3054 485 3106 μεις,
538 3036 571 3105 ἦ
630 3052 691 3088 τε
749 3035 1015 3106 καυστικὴ
1046 3037 1140 3089 καὶ
1168 3038 1200 3106 ἡ
1242 3036 1540 3105 φωτιστικὴ
1572 3036 1701 3106 (id),
1731 3034 1792 3087 rb
1822 3035 1915 3104 μὲν

2023 3030 2142 3097 igne
2184 3028 2486 3093 facultates,
2524 3044 2752 3099 quarum
2809 3046 2915 3085 una
2947 3032 3236 3096 comburit,
3298 3032 3468 3089 altera
3525 3032 3587 3087 il-

340 3126 503 3195 δριμὺ
533 3126 624 3179 καὶ
658 3126 974 3179 κολαστικὸν
997 3126 1088 3179 τοῦ
1122 3126 1293 3196 πυρὸς
1322 3129 1435 3188 τοῖς
1455 3125 1626 3190 ἀξίοις
1651 3127 1754 3196 τῆς
1778 3126 1913 3178 καῦ-

2021 3123 2258 3187 lustrat,
2301 3122 2442 3192 ignis
2471 3122 2688 3192 quidem
2735 3125 3022 3194 asperitas,
3057 3140 3121 3179 ac
3153 3124 3433 3193 lorquendi
3462 3140 3586 3194 pro-

345 3230 479 3276 σεως
527 3214 958 3285 προσαπομείνῃ,
1014 3215 1074 3266 rb
1130 3214 1187 3266 δὲ
1228 3215 1551 3281 φωτιστικὸν
1604 3215 1767 3267 αὑτοῦ
1819 3216 1915 3267 καὶ

2019 3213 2221 3281 prietas
2255 3213 2319 3267 iis
2353 3213 2445 3284 qui
2485 3214 2772 3269 adustione
2794 3215 2941 3286 digni
2975 3224 3102 3270 sunt
3131 3226 3377 3271 servetur
3410 3216 3588 3272 :illius

341 3306 592 3375 λαμπρὸν
637 3309 700 3376 τῇ
732 3307 1047 3377 φαιδρότητι
1073 3306 1180 3359 τῶν
1210 3307 1644 3377 εὐφραινομένων
1678 3308 1918 3379 ἀποκλη-

346 3396 514 3468 ρωθῇ.
556 3398 710 3467 Φωνὴ
743 3393 835 3451 οὖν
875 3398 1080 3470 Κυρίου
1115 3398 1495 3461 διακόπτοντος
1530 3399 1702 3467 φλόγα
1748 3400 1917 3470 πυρὸς

345 3489 441 3541 καὶ
478 3488 808 3559 μερίζοντος,
859 3490 933 3551 ὼς
962 3490 1213 3560 ἀλαμπὲς
1263 3491 1360 3559 μὲν
1413 3485 1639 3543 εἶναιτὸ
1683 3491 1792 3562 πῦρ
1822 3492 1918 3561 τῆς

346 3580 638 3644 κολάσεως,
672 3582 939 3635 ᾶκαυστον
961 3581 1016 3633 δὲ
1047 3582 1107 3633 τὸ
1128 3582 1241 3650 φῶς
1268 3581 1368 3650 τῆς
1397 3582 1754 3645 ἀναπαύσεως
1784 3584 1919 3635 ἁπο-

348 3676 547 3742 μεῐναι.
597 3672 767 3742 Φωνὴ
815 3674 1036 3741 Κυρίου
1084 3666 1481 3739 συσσείοντος
1517 3676 1756 3741 ἔρημον.
1804 3674 1917 3725 Ἐπ’

345 3765 631 3836 εὐεργεσίᾳ
662 3766 761 3836 τῆς
798 3766 1006 3836 ἐρήμου
1040 3768 1068 3817 ὁ
1108 3766 1432 3836 συσσεισμὸς
1471 3746 1605 3837 αὐτῇ
1642 3768 1793 3839 παρὰ
1827 3767 1917 3820 τοῦ

344 3857 547 3929 Κυρίου
577 3859 960 3928 οἰκονομεῖται,
1002 3857 1106 3915 ἵνα,
1140 3856 1511 3927 μεταϐαλοῦσα
1541 3859 1648 3911 ἀπὸ
1672 3860 1763 3912 τοῦ
1792 3860 1918 3930 ἔρη-

348 3965 447 4017 μος
475 3943 634 4013 εἶναι,
680 3949 903 4018 γένηται
933 3949 1005 4018 γῆ
1042 3949 1459 4019 κατοικουμένη,
1485 3949 1579 4001 καὶ
1610 3949 1917 4021 ἀποθεμένη

343 4039 405 4090 rb
436 4040 531 4108 τῆς
560 4041 812 4104 ἀτεκνίας
843 4041 1064 4104 ὄνειδος,
1109 4040 1209 4109 τῆς
1260 4040 1618 4104 πολυπαιδίας
1666 4041 1803 4112 λάϐῃ
1830 4043 1920 4095 τὸν

346 4128 563 4183 ἔπαινον
594 4131 821 4200 (Πολλὰ
843 4131 951 4201 γὰρ
980 4133 1051 4186 τὰ
1075 4131 1255 4184 τέκνα
1282 4132 1392 4199 τῆς
1417 4132 1657 4201 ἐρήμου,
1680 4132 1921 4202 μᾶλλον

346 4220 385 4286 ἢ
416 4220 524 4288 τῆς
566 4223 829 4290 ἐχούσης
885 4223 990 4276 τὸν
1013 4221 1246 4292 ἄνδρα),
1307 4224 1401 4276 καὶ
1447 4224 1554 4276 τῶν
1589 4224 1794 4278 ὑδάτων
1824 4225 1917 4278 τοῦ

347 4311 651 4381 πνεύματος
680 4313 1045 4384 πληρωθεῖσα,
1072 4315 1297 4385 γένηται
1321 4318 1353 4385 ἡ
1380 4316 1485 4387 πρὸ
1504 4316 1692 4370 τούτου
1716 4317 1919 4389 ἕρημος

346 4396 426 4457 εἰς
454 4396 644 4467 λίμνας
671 4398 893 4454 ὑδάτων.
928 4401 1038 4454 Καὶ
1073 4403 1394 4457 συσσείσει
1411 4405 1627 4472 Κύριος
1655 4404 1769 4473 τὴν
1794 4408 1920 4473 ἐρη-

2022 3317 2147 3356 t'ero
2172 3303 2425 3372 splendor
2468 3313 2523 3357 et
2562 3303 2785 3359 claritas
2817 3305 2884 3358 ad
2921 3306 3249 3361 hilaritatem
3284 3322 3469 3362 eorum
3495 3309 3590 3379 qui

2020 3393 2192 3449 betam
2238 3408 2302 3450 ac
2346 3395 2557 3449 beatam
2614 3396 2778 3449 vitam
2833 3398 3007 3452 acturi
3070 3406 3216 3463 sunt,
3269 3399 3586 3456 destinetur.

2020 3483 2134 3539 Vox
2164 3486 2327 3553 igitur
2359 3485 2568 3540 Domini
2598 3487 2970 3543 intercidentis
2991 3530 3006 3555 ,
3033 3505 3097 3545 ac
3128 3492 3418 3547 dividentis
3438 3492 3590 3546 ilam-

2020 3593 2159 3632 mam
2191 3578 2353 3647 ignis,
2396 3580 2530 3653 adeo
2553 3590 2609 3635 ut
2629 3582 2873 3651 supplicii
2905 3584 3123 3653 quidem
3158 3585 3297 3655 ignis
3326 3586 3590 3641 obscurus

2020 3672 2138 3738 sit,
2200 3670 2289 3725 lux
2353 3686 2484 3727 vero
2510 3674 2811 3742 requietis,
2874 3676 2927 3729 vi
2981 3685 3165 3731 careat
3214 3677 3584 3733 comburendi.

2021 3761 2179 3817 Vens.
2211 3762 2267 3818 8.
2311 3763 2426 3819 γοα)
2462 3763 2675 3820 Domini
2730 3769 3076 3824 concutientis
3125 3769 3409 3824 desertum.
3446 3771 3589 3827 Con—

2021 3855 2200 3909 cussio
2262 3856 2352 3910 illa
2414 3871 2447 3910 a
2512 3856 2742 3913 Domino
2772 3859 3118 3928 dispensatur
3151 3861 3440 3917 desertoin
3471 3863 3588 3917 loco

2021 3946 2291 4014 beneﬁcii,
2321 3956 2383 4001 ut
2415 3947 2718 4018 ipsumjam
2750 3959 3115 4019 permutatum
3150 3966 3217 4007 ex
3256 3952 3471 4007 deserto
3497 3953 3590 4007 liat

2023 4046 2163 4093 terra
2230 4036 2507 4105 habitata,
2578 4049 2666 4105 et,
2722 4041 2966 4110 deposito
3015 4042 3316 4097 sterilitatis
3366 4045 3585 4113 probro,

2023 4130 2202 4185 multae
2249 4131 2594 4187 fecunditatis
2643 4132 2859 4189 laudem
2915 4136 3165 4204 accipiat.
3212 4134 3393 4205 (Multi
3444 4141 3581 4192 enim

2022 4221 2121 4290 ﬁlii
2150 4223 2385 4288 deserta,
2424 4226 2592 4294 magis
2626 4241 2785 4295 quam
2814 4226 2930 4296 ejus
2959 4243 3077 4292 qua:
3119 4228 3268 4280 habet
3299 4228 3467 4281 virum
3486 4230 3586 4297 9’),

2020 4323 2076 4370 et
2099 4316 2149 4369 id
2175 4316 2317 4385 quod
2345 4324 2501 4371 antea
2517 4316 2790 4372 desertum
2810 4326 2950 4385 erat,
2976 4327 3161 4386 postea
3184 4318 3341 4387 aquis
3367 4319 3589 4388 spiritus

2021 4407 2343 4473 confertum,
2386 4407 2440 4461 in
2469 4417 2658 4479 stagna
2706 4423 2973 4477 aquarum
3001 4410 3115 4463 liat.
3148 4406 3215 4461 Et
3250 4411 3590 4463 commovebit

340 4504 459 4556 μον
485 4488 704 4556 Κάδης.
734 4491 805 4543 Ob
845 4493 1025 4545 πᾶσαν
1052 4488 1144 4546 οὖν
1170 4493 1375 4566 ἔρημον
1410 4497 1438 4547 ὁ
1469 4471 1671 4566 Κύριος
1708 4471 1915 4550 συσσεί-

2026 4496 2279 4552 Dominus
2330 4471 2591 4551 desertum
2647 4496 2836 4553 Gades.
2879 4498 3065 4566 Itaque
3119 4498 3387 4552 desertum
3428 4511 3590 4552 omne

348 4594 429 4629 σει
455 4579 587 4646 (l5),
626 4579 759 4633 ἀλλὰ
803 4583 898 4652 τὴν
932 4584 1135 4652 Κάδης,
1178 4587 1441 4651 τουτέστι,
1481 4588 1570 4641 τὸν
1610 4590 1911 4659 ἁγιασμόνσ

347 4670 529 4741 Κάδης
582 4671 690 4742 γὰρ
720 4674 1010 4743 ἁγιασμὸς
1055 4677 1432 4746 ἑρμηνεύεται.
1485 4680 1656 4746 Φωνὴ
1694 4683 1915 4748 Κυρίου

347 4763 800 4832 καταρτιζομένη
839 4765 1121 4834 ἐλάφους.
1160 4768 1426 4838 Ὀμότιμα
1468 4770 1571 4840 χρὴ
1602 4775 1711 4834 τοῖς
1774 4790 1909 4843 προ-

346 4926 390 4959 ⁹¹
423 4926 613 4980 Matth.
656 4944 787 4993 xxv,
836 4930 923 4983 41.
1002 4930 1173 4986 “lsa.
1230 4948 1337 4995 ων,
1376 4933 1427 4986 1.

440 5018 658 5096 θιιῐὶες.
694 5024 961 5096 secundus
997 5023 1219 5096 ἐπὶτῶν
1253 5025 1512 5096 χειρόνων
1544 5025 1784 5096 εἰκασίᾳ.

448 5089 759 5174 ΨλΤοιυηι
791 5089 1411 5174 ξιιιιιιηπαρειλημμένον
1436 5096 1587 5174 ἔστιν
1610 5089 1809 5166 εὑρεῖν,
1838 5096 1914 5174 ᾡς

342 5158 425 5221 rb,
462 5159 696 5232 Ὑψώσει
748 5163 916 5232 κέρας
944 5158 1071 5217 λαοῦ
1108 5158 1295 5227 αὑτοῦ,
1334 5166 1385 5218 in
1422 5166 1619 5219 nostris
1668 5158 1912 5219 ututccim

344 5244 476 5283 mss.
527 5231 886 5285 desideratdr.
928 5232 1125 5287 Videre
1165 5237 1378 5289 esthoc
1414 5237 1533 5289 loco
1582 5236 1633 5288 in
1688 5251 1821 5289 mss.
1860 5245 1917 5289 et

347 5297 659 5374 aliasparvi
704 5304 961 5374 momenti
989 5305 1349 5374 _variationes.
1404 5320 1539 5374 quas
1599 5304 1805 5359 referre
1859 5314 1919 5358 ut

347 5366 556 5429 inutile,
593 5370 663 5421 ita
700 5369 861 5424 inerit
894 5372 1201 5426 molestum.

418 5436 855 5513 (ii)_(_30lbel“l.il_li
884 5444 1163 5513 secundus?
1186 5452 1251 5513 et
1298 5456 1522 5510 quartus
1556 5446 1614 5496 ὲν
1648 5446 1712 5513 τῇ
1738 5443 1913 5496 Baiis-

349 5502 658 5637 22332631105
699 5510 827 5563 editi
872 5511 1260 5583 ὑπερεξεχύθη.
1294 5502 1363 5569 Ᾱι
1390 5515 1559 5582 major
1599 5502 1722 5579 pagg
1745 5514 1914 5584 ὑπερ-

420 5592 959 5725 ἱξέῗτίίιοκξεγένετο
994 5652 1122 5723 γὰρ,
1154 5653 1339 5725 φησὶν,
1380 5653 1511 5706 ὡσεὶ
1550 5654 1762 5725 πνεῦμα
1788 5654 1908 5725 δρό-

352 5698 445 5792 σοι)
474 5698 801 5794 δίασυρίζονξ
828 5720 903 5794 sic
940 5698 1519 5794 uertenatY'i‘ilniannus
1552 5741 1565 5777 :
1606 5698 1776 5777 Fo-‘c—ta
1802 5698 1903 5789 ἔτι,

350 5786 770 5854 ὶηαιιὸιι,1ταιιιηια
799 5789 949 5844 relati
976 5793 1189 5862 spiritus
1220 5794 1353 5848 roris
1390 5795 1540 5849 suavi
1591 5794 1797 5863 spirans
1828 5786 1905 5850 si;

2021 4603 2127 4643 non
2156 4588 2517 4644 commovebit
2548 4588 2828 4656 Dominus,
2857 4589 2951 4643 sed
2978 4590 3247 4642 desertum
3266 4588 3460 4653 Gades,
3490 4590 3593 4644 hoc

2021 4691 2126 4749 est,
2159 4680 2640 4735 sanctilicationem
2676 4699 2689 4735 :
2730 4680 2901 4735 Cades
2947 4681 3087 4733 enim
3117 4690 3223 4746 est,
3256 4681 3301 4734 si
3351 4681 3472 4749 quis
3501 4682 3589 4735 in-

2019 4782 2387 4841 lerpretetur,
2443 4774 2817 4842 sanctiﬁcatio.
2876 4772 3034 4827 Vens.
3088 4772 3141 4826 9.
3222 4770 3339 4825 Vox
3377 4771 3591 4827 Domini

419 4856 466 4885 ⁸⁸
489 4856 626 4911 Psal.
681 4874 906 4919 CXLVIII.
938 4860 1022 4914 M.
1102 4861 1308 4916 87Psal.
1356 4878 1463 4925 cxx,
1497 4866 1550 4919 9.
1626 4867 1670 4898 ⁸⁸
1704 4865 1843 4920 Psal.
1882 4883 2016 4925 xvn.
2044 4868 2098 4922 5.

2195 4868 2241 4899 ⁸³
2266 4866 2285 4920 1
2314 4866 2437 4921 Cor.
2470 4883 2510 4931 ι,
2546 4867 2636 4921 Ἃ.
2736 4868 2781 4899 ⁹⁰
2808 4868 2942 4921 Dan.
2974 4881 3054 4930 ιιι,
3098 4865 3185 4919 47.
3263 4864 3307 4896 ⁹¹
3336 4866 3469 4926 ibid.
3499 4868 3586 4925 50.

2021 5025 2146 5079 bilo.
2178 5024 2284 5079 Sed
2312 5039 2455 5094 agre
2486 5024 2587 5080 fert
2612 5024 2837 5083 Ducteus
2878 5026 3221 5084 Tilmannum
3260 5031 3328 5086 de
3366 5046 3465 5086 suo
3496 5048 3591 5085 vo-

2026 5111 2143 5149 cem
2168 5097 2383 5162 ﬂamma
2411 5096 2683 5150 addidisse
2727 5114 2740 5149 ε
2787 5097 3142 5154 Combetisius
3178 5115 3308 5154 vero
3351 5103 3587 5156 additam

2027 5179 2144 5242 eam
2171 5165 2336 5242 fuisse
2360 5165 2426 5218 ad
2460 5174 2695 5242 mentem
2753 5164 2935 5219 Basilii
2977 5167 3230 5242 aliirmat.
3286 5170 3444 5223 Plura
3497 5176 3587 5242 qui

2026 5234 2197 5307 volet,
2227 5234 2511 5307 scriptoris
2542 5235 2826 5303 utriuSqne
2858 5244 3011 5307 notas
3042 5237 3223 5303 legere
3249 5242 3467 5307 poterit.

2238 5304 2653 5376 _Crolb.dquartus
2679 5306 3063 5376 προστάγματι
3097 5303 3254 5367 Θεοῦ,

2091 5371 2200 5441 (⁷14)
2234 5371 2324 5426 Sic
2351 5371 2478 5426 editi
2508 5383 2563 5427 et
2602 5371 2872 5449 tres'mss.
2904 5371 2974 5429 At
2992 5392 3086 5430 sex
3123 5378 3212 5431 alii
3248 5393 3383 5434 mss.
3415 5381 3587 5449 φωτί-

2022 5441 2661 5516 ζουσα-βῐομφωτιστική.
2691 5444 2855 5516 Paulo
2899 5456 3021 5516 post
3055 5462 3187 5503 mss.
3231 5456 3356 5505 octo
3398 5441 3439 5503 ὁ’
3469 5468 3590 5506 συσ-

2022 5513 2261 5635 σεισέός.
2298 5512 2435 5567 Editi
2467 5516 2495 5565 ό
2523 5512 2762 5583 σεισμός.

2085 5586 2129 5650 (l
2179 5584 2196 5649 )
2226 5582 2315 5635 Sic
2357 5582 2506 5635 multi
2533 5600 2663 5636 mss.
2688 5585 2756 5637 At

2226 5582 2506 5655 Sic_mnlti
2533 5582 2663 5655 mss.
2688 5585 2756 5637 At
2779 5584 2907 5638 editi
2940 5600 3060 5639 cum
3086 5586 3407 5655 quibusdam
3449 5606 3582 5645 mss.

2016 5652 2277 5704 συσσείει.
2320 5651 2512 5722 Statim
2545 5652 2635 5705 nhi
2684 5655 2877 5722 legitur
2921 5655 2972 5707 in
2998 5651 3158 5710 editis
3195 5669 3250 5712 et
3298 5660 3351 5713 in
3387 5662 3588 5715 nostris

2015 5739 2146 5777 mss.
2180 5721 2638 5800 καταρτιζομὲνη,
2675 5721 2879 5781 editum
2914 5724 3223 5784 invenimus
3264 5732 3402 5800 apud
3444 5728 3588 5790 LXX

2012 5792 2489 5865 καταρτιζομένου.
