4048 6220
467 334 577 393 299

1784 333 1843 390 S.
1890 332 2134 390 BASlLll
2174 330 2389 388 MAGNI

3626 335 3741 392 5N

469 466 778 521 prtrparans
808 465 1001 504 ceruos.
1037 449 1168 517 Quae
1216 448 1281 505 de
1322 451 1715 520 praeparatione
1761 468 2050 508 cervorum

2156 452 2379 521 άγουσιν
2423 451 2750 523 ἀποδοθῆναι
2782 451 2894 523 (16)
2933 450 3025 507 καὶ
3076 451 3145 505 τά
3175 451 3422 525 περὶτοῦ
3472 470 3742 525 καταρτι-

470 556 567 612 per
624 554 809 597 vocem
859 541 1069 596 Domini
1096 541 1241 596 facta
1289 541 1577 609 dicuntur,
1630 544 1791 599 etiam
1850 545 2040 601 eodem

471 632 632 688 modo
658 646 766 702 quo
800 632 984 702 priora
1045 632 1366 703 explicanda
1404 644 1552 689 sunt.
1582 632 1844 700 Quoniam
1878 635 2043 707 igitur

471 739 664 780 cervus
690 725 760 779 ita
785 738 816 779 a
847 733 1039 780 natura
1068 735 1411 796 comparatus
1427 734 1531 790 est,
1553 735 1611 780 ut
1642 725 1842 780 nullam
1860 742 1889 780 a
1927 742 2043 782 ser-

469 817 722 886 pentibus
740 817 968 886 accipiat
985 831 1180 872 noxam
1200 836 1213 870 :
1231 818 1339 872 imo
1353 832 1504 883 vero,
1522 826 1579 871 ut
1601 819 1751 871 aiunt
1768 818 1801 872 ii
1822 818 1912 888 qui
1928 818 2045 874 haec

470 907 847 974 observavere,
872 908 1070 977 viperae
1092 923 1217 965 esus
1248 908 1354 963 vim
1385 906 1499 976 ejus
1534 910 1796 980 purgandi
1824 908 2040 974 habeat,

471 1007 525 1050 et
552 997 808 1066 quoniam
848 1006 1113 1054 venenata
1163 1000 1344 1055 omnia
1373 999 1624 1055 animalia
1656 1015 1778 1055 cum
1807 998 1964 1055 malis
1989 1009 2044 1054 et

471 1087 714 1144 adversis
742 1089 1034 1146 virtutibus
1068 1102 1471 1162 comparantur,
1515 1106 1637 1147 cum
1671 1092 1929 1148 Dominus
1958 1094 2042 1147 dic-

471 1186 599 1234 cat:
637 1178 771 1234 Dedi
792 1181 935 1235 vobis
980 1191 1283 1252 potestatem
1306 1183 1544 1237 calcandi
1569 1201 1727 1253 supra
1758 1194 2042 1254 serpentes,

472 1278 519 1323 et
547 1272 864 1340 scorpiones,
900 1279 949 1326 et
978 1288 1132 1341 super
1155 1289 1355 1327 omnem
1383 1276 1618 1329 virtutem
1656 1276 1860 1330 inimici
1878 1276 1958 1344 “;
1991 1286 2044 1331 et

473 1376 594 1415 cum
621 1375 810 1417 rursus
832 1363 1071 1441 psalmus
1093 1361 1373 1431 Prophetas
1396 1367 1673 1434 promittat
1693 1383 1706 1420 :
1728 1364 1896 1437 Super
1907 1368 2048 1435 aspi-

473 1457 590 1507 dem
627 1463 673 1507 et
705 1455 1003 1509 basiliscum
1057 1455 1423 1523 ambulabis";
1464 1472 1683 1514 necesse
1719 1469 1803 1514 est
1837 1469 1893 1514 ut
1921 1475 2042 1514 cum

474 1559 670 1601 nomen
704 1547 848 1602 cervi
897 1547 951 1601 in
1001 1546 1283 1617 Scriptura
1330 1549 1602 1615 audimus,
1634 1564 1945 1606 sermonem
1977 1552 2045 1607 ad
2095 1548 2102 1554 ’

470 1636 754 1694 meliorem
806 1639 1221 1696 similitudinem
1284 1644 1589 1699 trahemus.
1638 1643 1776 1699 Nam
1840 1642 2044 1699 Montes

471 1731 664 1787 excelsi
713 1733 877 1788 cervis
900 1733 980 1800 ";
1015 1732 1180 1789 item:
1219 1733 1487 1789 Desiderat
1533 1751 1711 1791 cervus
1755 1738 1825 1790 ad
1873 1734 2044 1805 fontes

473 1836 730 1892 aquarum
747 1821 813 1876 ’⁷.
853 1821 1090 1879 Proinde
1120 1838 1245 1879 cum
1273 1834 1327 1879 et
1349 1824 1534 1895 justus
1564 1828 1741 1883 omnis
1762 1827 1817 1881 in
1840 1827 2040 1883 altissi-

476 1913 579 1967 mis
626 1925 1019 1981 commoretur,
1052 1913 1220 1969 Juxta
1248 1932 1463 1984 scopum
1498 1934 1807 1988 persequens
1831 1919 1899 1971 ad
1924 1919 2046 1972 bra-

473 2004 612 2057 uium
632 2018 873 2070 superna:
893 2003 1180 2057 uacationis
1196 2002 1267 2071 ”,
1296 2004 1460 2057 etiam
1488 2003 1555 2058 ad
1585 2003 1899 2072 poculentos
1926 2004 2045 2060 fon-

477 2105 557 2147 tes
582 2093 842 2156 accurrit,
877 2092 1162 2163 theologia:
1200 2093 1466 2164 principia
1511 2094 1685 2163 prima
1727 2094 2036 2163 requirens.

476 2181 668 2240 Trahit
699 2192 876 2239 autem
911 2198 1106 2239 cervus
1127 2185 1241 2239 oris
1276 2184 1359 2240 sui
1389 2186 1748 2255 respiratione
1776 2195 2041 2240 venenata

476 2276 730 2331 animalia
756 2276 1049 2342 latitantia,
1082 2291 1255 2347 eaque
1286 2278 1338 2331 vi
1367 2278 1594 2348 spiritus
1637 2279 1719 2334 sui
1749 2293 1779 2333 e
1806 2277 2045 2333 latibulis

477 2367 679 2423 educit.
710 2363 1175 2435 Quemadmodum
1212 2368 1382 2441 igitur
1412 2379 1635 2426 sanctus
1680 2370 1859 2440 aquila
1914 2370 2046 2425 dici-

478 2471 586 2526 tur,
617 2459 758 2530 quod
800 2459 1051 2515 sublimia
1097 2468 1265 2528 petat,
1307 2469 1361 2516 et
1412 2460 1700 2529 plurimmn
1731 2477 1760 2516 a
1788 2470 1930 2517 terra
1959 2461 2044 2515 di-

476 2561 618 2616 stet;
647 2560 702 2606 οι
737 2550 1189 2621 quemadmodum
1239 2552 1445 2607 dicitur
1475 2552 1595 2617 ovis
1633 2554 1704 2609 ob
1736 2564 2047 2608 mansuetu-

476 2647 659 2700 dinem
716 2653 772 2699 et
824 2657 1005 2698 rerum
1076 2657 1295 2697 suarum
1349 2644 1931 2708 communicationem;
1991 2652 2047 2697 et

475 2739 620 2794 aries
658 2738 726 2793 ob
776 2736 1096 2807 imperium;
1139 2745 1196 2791 et
1229 2735 1478 2793 columba
1518 2745 1740 2806 propter
1778 2736 2043 2790 innocen-

481 2833 608 2885 tiam
643 2849 657 2885 :
696 2830 772 2885 ita
800 2844 1016 2900 quoque
1047 2827 1248 2884 dicitur
1282 2842 1476 2883 cervus
1519 2828 1588 2882 ob
1616 2842 1736 2882 eam
1765 2842 1926 2897 quam
1957 2827 2049 2880 ha-

478 2927 569 2981 bet
607 2922 872 2979 adversus
921 2936 1087 2993 prava
1144 2920 1584 2991 repugnantiam.
1626 2920 1753 2974 Ideo
1790 2928 1846 2975 et
1893 2919 2047 2974 Salo-

476 3036 601 3077 mon
632 3022 708 3075 ait
735 3038 748 3074 :
780 3017 973 3074 Cervus
1004 3016 1272 3080 amicitite,
1302 3025 1351 3068 et
1384 3015 1563 3084 pullus
1604 3024 1818 3068 tuarum
1845 3013 2046 3083 gratia-

2148 541 2287 614 σμοῦ
2338 542 2444 597 τῶν
2490 543 2727 614 ὲλάφων,
2753 544 2812 597 ὃν
2835 546 2869 615 η
2905 543 3055 615 φωνὴ
3084 544 3178 597 τοῦ
3238 544 3442 615 Κυρίου
3490 545 3736 618 ἐνεργεῖ.

2161 636 2314 691 Ἐπεὶ
2354 636 2532 689 τοίνυν
2560 637 2594 706 ἠ
2646 634 2844 703 ἔλαφος
2887 634 3140 705 τοιαύτης
3184 634 3340 706 ἔτυχε
3399 636 3502 707 τῆς
3553 653 3740 690 κατα-

2151 735 2351 803 σκευῆς
2376 732 2452 795 ὡς
2480 731 2742 803 κρείττων
2783 728 2893 802 (17)
2928 726 3066 784 εἶναι
3098 732 3197 802 τῆς
3235 732 3300 785 ὲκ
3332 730 3441 787 τῶν
3480 731 3738 804 ἑρπετῶν

2148 823 2376 896 β’λάὸης,
2406 823 2541 878 ἀλλὰ
2566 823 2661 876 καὶ
2690 822 3056 895 καθαρτήριον
3091 823 3228 894 αὐτῇ
3259 824 3426 887 ἐστιν,
3457 823 3532 888 ὥς
3562 841 3739 893 φασιν

2144 915 2194 968 οἱ
2238 916 2305 969 τά
2334 916 2558 969 τοιαῦτα
2593 915 2975 987 τετηρηκότες,
3024 914 3207 986 τὸτῆς
3253 915 3464 986 ἐχίδνης
3507 915 3737 987 βρῶμα,

2146 1006 2327 1061 πάντα
2361 1007 2416 1060 δὲ
2436 1008 2506 1060 τὰ
2542 1007 2716 1060 ίοὸόλα
2752 1008 2890 1079 πρὸς
2913 1007 3011 1079 τὴν
3041 1006 3149 1059 τῶν
3176 1006 3427 1078 πονηρῶν
3455 1010 3547 1060 καὶ
3572 1008 3734 1069 ἀντι-

2147 1100 2415 1169 κειμένων
2436 1097 2717 1169 δυνάμεων
2752 1099 2935 1153 εἰκόνα
2962 1098 3297 1170 λαμϐάνεται
3324 1100 3434 1171 (18)
3459 1099 3572 1171 (τοῦ
3611 1102 3740 1153 Κυ-

2148 1189 2264 1261 ρίου
2292 1189 2573 1257 λέγοντος·
2608 1188 2842 1243 Δέδωκα
2884 1189 3027 1260 ὑμῖν
3057 1190 3170 1259 τὴν
3207 1191 3496 1255 ἐξουσίαν
3515 1192 3739 1245 πατεῖν

2144 1280 2343 1335 ἐπάνω
2373 1281 2584 1351 ὄφεων,
2615 1282 2714 1335 καὶ
2748 1283 3075 1350 σκορπίων,
3117 1283 3213 1337 καὶ
3241 1283 3338 1337 ἐπὶ
3369 1282 3575 1337 πᾶσαν
3613 1284 3737 1354 τὴν

2145 1373 2401 1442 δύναμιν
2436 1374 2543 1429 τοῦ
2584 1373 2799 1443 ἐχθροῦ
2818 1392 2832 1406 ·
2864 1376 2956 1428 καὶ
2987 1375 3080 1429 τοῦ
3113 1374 3328 1447 ψαλμοῦ
3361 1377 3521 1430 πάλιν
3549 1381 3737 1448 ἐπαγ-

2146 1463 2470 1535 γελλομένου
2500 1465 2576 1536 τῷ
2599 1468 2874 1541 προφήτῃ,
2904 1467 2987 1521 ὅτι
3023 1467 3146 1520 Ἐπὶ
3174 1469 3406 1523 ἀσπίδα
3432 1470 3531 1524 καὶ
3553 1471 3736 1534 ,ϐασι-

2145 1558 2366 1613 λίσκον
2386 1557 2690 1629 ἐπιϐήσῃ)·
2711 1558 2945 1630 ἀνάγκη,
2964 1559 3091 1613 ὅταν
3119 1559 3318 1629 ἐλάφου
3335 1561 3503 1632 ὄνομα
3526 1562 3742 1615 ἀκούω-

2150 1667 2249 1721 μεν
2285 1651 2342 1704 ὲν
2362 1653 2428 1721 τῇ
2463 1649 2673 1721 Γραφῇ,
2712 1649 2849 1722 πρὸς
2866 1640 2966 1722 τὴν
2988 1651 3228 1722 βελτίονα
3259 1654 3441 1707 είκόνα
3460 1653 3549 1707 τὸν
3569 1653 3738 1723 λόγον

2146 1740 2346 1794 ἕλκειν.
2386 1742 2524 1809 Ὄρη
2572 1740 2682 1812 γάρ
2734 1742 2808 1794 τὰ
2861 1744 3070 1811 ὑψηλὰ
3102 1742 3231 1810 ταῖς
3269 1742 3545 1813 ἐλάφοις·
3594 1747 3720 1809 καὶ,

2158 1832 2463 1887 Ἐπιποθεῖ
2495 1833 2534 1900 ἡ
2570 1833 2795 1903 ἔλαφος
2826 1833 2923 1889 ἐπὶ
2951 1834 3059 1900 τὰς
3086 1836 3281 1905 πηγὰς
3323 1835 3443 1890 τῶν
3470 1836 3733 1893 ὑδάτων.

2156 1924 2308 1977 Ἐπεὶ
2354 1920 2448 1978 οὖν
2479 1925 2575 1979 καὶ
2618 1927 2725 1989 πᾶς
2754 1926 2961 1991 δίκαιος
2999 1929 3056 1981 ἐν
3098 1928 3323 1999 ὑψηλοῖς
3349 1928 3459 2000 ἔχει
3492 1929 3592 2001 τὴν
3620 1930 3739 1985 δια-

2141 2014 2356 2087 τριϐὴν,
2390 2015 2553 2069 Κατὰ
2586 2017 2823 2071 σκοπὸν
2844 2017 3074 2072 διώκων
3101 2019 3197 2073 ἐπὶ
3218 2019 3283 2073 τὸ
3306 2020 3591 2088 βραϐεῖον
3614 2021 3734 2093 (l9)

2142 2105 2254 2174 τῆς
2284 2107 2406 2161 ἄνω
2444 2106 2736 2174 κλήσεως,
2777 2108 2870 2163 καὶ
2916 2109 3054 2180 πρὸς
3097 2110 3197 2174 τὰς
3243 2111 3505 2182 ποτίμους
3540 2113 3735 2182 πηγὰς

2142 2200 2451 2272 ἀνατρέχει,
2495 2200 2597 2263 τὰς
2631 2198 2854 2272 πρώτας
2886 2201 3058 2274 ἀρχὰς
3083 2203 3182 2272 τῆς
3214 2202 3489 2273 θεολογίας
3518 2202 3729 2274 ἀναζη-

2142 2290 2269 2343 τῶν.
2307 2290 2496 2343 Ἕλκει
2522 2289 2580 2342 δὲ
2610 2291 2643 2361 ή
2666 2289 2863 2359 ἔλαφος
2887 2293 2952 2361 τῇ
2984 2291 3223 2363 ἀναπνοῇ
3246 2292 3341 2346 τοῦ
3367 2294 3634 2364 στόματος
3658 2295 3731 2348 τὰ

2145 2381 2452 2450 φωλεύοντα
2482 2380 2589 2434 τῶν
2619 2380 2860 2445 ἰοϐόλων,
2888 2383 2981 2435 καὶ
3010 2384 3117 2437 ἀπὸ
3142 2385 3252 2439 τῶν
3274 2388 3616 2442 καταδύσεων
3645 2388 3738 2455 ἐξ-

2144 2473 2268 2542 άγει
2306 2475 2370 2544 τῇ
2419 2471 2509 2543 βίᾳ
2550 2470 2643 2525 τοῦ
2684 2472 3011 2544 πνεύματος.
3054 2475 3263 2547 ’Ὠσπερ
3296 2474 3387 2531 οὖν
3431 2479 3585 2543 ἀετὸς
3616 2479 3733 2550 (20)

2142 2564 2360 2632 λέγεται
2411 2565 2441 2618 ὁ
2482 2563 2634 2632 ἅγιος
2688 2564 2776 2619 διὰ
2814 2565 2874 2618 τὸ
2922 2569 3355 2641 μετεωροπόρον,
3383 2571 3475 2624 καὶ
3530 2571 3621 2626 διὰ
3669 2574 3734 2627 τὸ

2143 2655 2433 2728 διηρμένον
2457 2655 2564 2709 ἀπὸ
2597 2653 2701 2725 γῆς
2733 2657 2826 2709 ἐπὶ
2851 2656 3033 2711 πλεῖον
3052 2674 3067 2689 ·
3109 2660 3204 2712 καὶ
3243 2660 3319 2724 ὡς
3349 2660 3616 2733 πρόϐατον
3642 2663 3735 2717 διὰ

2144 2748 2206 2801 τὸ
2237 2749 2444 2820 ἥμερον
2469 2748 2560 2801 καὶ
2578 2748 2927 2818 μεταδοτικὸν
2960 2742 3035 2803 ὧν
3066 2749 3177 2821 ἔχει
3203 2769 3215 2781 ·
3254 2753 3349 2805 καὶ
3379 2754 3529 2825 κριὸς
3553 2754 3644 2808 διὰ
3669 2755 3737 2809 τὸ

2147 2838 2500 2909 ἡγεμονικόν·
2532 2837 2625 2891 καὶ
2654 2839 2954 2910 περιστερά
2988 2839 3077 2893 διά
3109 2842 3171 2894 τὸ
3200 2840 3405 2897 ἄκακον
3426 2861 3439 2873 ·
3468 2843 3609 2898 οὕτω
3638 2847 3736 2900 καὶ

2148 2928 2344 2998 ἔλαφος
2364 2928 2453 2982 διὰ
2484 2926 2582 2998 τὴν
2610 2926 2745 2999 πρὸς
2769 2928 2838 2981 τὰ
2862 2928 3074 3001 πονηρὰ
3103 2933 3435 2987 ἐναντίωσιν.
3464 2934 3552 2987 Διὸ
3578 2936 3674 2988 καὶ
3703 2938 3737 2988 ὁ

2149 3016 2399 3088 Σολομὼν
2447 3034 2610 3094 φησιν
2632 3033 2647 3046 ⁶
2689 3018 2950 3087 Ἔλαφος
2974 3021 3198 3088 φιλίας,
3245 3023 3341 3076 καὶ
3368 3025 3568 3090 πῶλος
3601 3025 3738 3079 σῶν

476 3130 593 3168 rum
621 3110 983 3181 confabulatur
1008 3107 1256 3164 tecum”.
1286 3106 1394 3163 Nos
1411 3116 1587 3162 autem
1609 3107 1764 3161 docet
1783 3120 2050 3161 memora-

2154 3108 2412 3177 χαρίτων
2448 3107 2722 3176 ὀμιλείτω
2748 3123 2880 3161 σοι·
2916 3109 3180 3164 διδάσκων
3207 3114 3352 3183 ἡμᾶς
3385 3116 3509 3177 τοὺς
3542 3131 3736 3186 προει-

481 3216 563 3260 tos
592 3217 781 3259 cervos
811 3203 880 3258 ad
913 3199 1196 3271 theologia
1230 3198 1532 3254 doctrinam
1556 3212 1677 3253 esse
1698 3195 1942 3252 idoneos.

554 3385 605 3441 7.
663 3385 820 3455 122
864 3382 980 3440 Vox
1028 3382 1240 3437 Domini
1295 3398 1600 3452 praeparans
1658 3396 1858 3435 cervos.
1909 3377 2046 3434 Cum

483 3477 648 3549 igitur
663 3476 969 3548 quempiam
1011 3475 1107 3530 Dei
1140 3475 1414 3530 hominem
1454 3475 1751 3544 perfectum
1771 3473 2053 3530 etabsolu-

483 3581 596 3624 tum
627 3569 945 3635 viderimus,
987 3566 1275 3645 utilitatem
1303 3582 1372 3621 ex
1403 3567 1522 3637 ejus
1570 3580 1870 3636 congressu
1900 3581 2051 3635 quae-

480 3677 685 3717 ramus.
733 3658 866 3715 Nam
914 3673 1074 3715 cervo
1126 3668 1399 3729 praesente
1442 3658 1775 3729 serpentium
1834 3658 2053 3728 fugatur

480 3758 684 3813 malitia
718 3757 914 3813 omnis.
972 3755 1090 3812 Non
1135 3757 1280 3812 enim
1324 3756 1484 3826 hujus
1527 3758 1779 3815 animalis
1829 3762 2051 3815 odorem

478 3851 750 3906 virulenta
796 3850 1091 3905 animantia
1129 3849 1428 3920 perferunt,
1464 3858 1521 3904 ut
1562 3865 1684 3919 qua:
1709 3852 1793 3906 vel
1825 3852 1892 3906 ad
1925 3867 2052 3907 cor-

484 3956 649 3995 nuum
697 3939 1040 3995 cervinorum
1089 3938 1327 3994 sullitum
1381 3939 1661 3995 secedant.
1692 3939 1765 3993 Et
1800 3940 2047 3995 reuelabit

406 4044 409 4049 ι
481 4026 766 4079 condensa.
808 4024 1050 4080 Primum
1096 4041 1202 4081 vox
1251 4008 1465 4081 Domini
1515 4038 1785 4097 praeparat
1816 4044 2047 4086 cervos:

481 4117 677 4172 deinde
707 4115 911 4171 revelat
940 4117 1210 4172 condensa
1245 4117 1388 4184 loca,
1425 4118 1676 4175 videlicet
1709 4121 1939 4190 consita,
1977 4131 2055 4177 at-

481 4225 588 4280 que
621 4208 825 4272 agresti
856 4224 919 4264 ac
946 4207 1283 4265 infructuosa
1324 4210 1552 4266 materia
1594 4213 1955 4281 condensata;
1997 4215 2051 4269 in

481 4318 600 4373 quae
642 4301 762 4358 loca
802 4302 1056 4359 animalia
1116 4314 1384 4359 venenata
1433 4304 1669 4360 maxime
1705 4306 1947 4375 recipere
1993 4322 2054 4364 se

480 4396 678 4451 solent.
723 4393 992 4461 Quoniam
1038 4394 1203 4467 igitur
1243 4411 1338 4466 per
1383 4397 1836 4467 praeparationem
1879 4414 1911 4454 a
1946 4399 2053 4454 Do-

2154 3200 2421 3272 ρημένους
2472 3199 2704 3268 ἐλάφους
2742 3200 3081 3270 ἐπιτηδείους
3120 3198 3258 3257 εἶναι
3299 3204 3432 3275 πρὸς
3458 3203 3737 3276 θεολογίας

2150 3292 2515 3347 διδασκαλίαν.

2221 3382 2273 3435 7.
2315 3381 2488 3450 Φωνὴ
2513 3382 2735 3450 Κυρίου
2763 3381 3217 3452 καταρτιζομένη
3246 3385 3533 3456 ἐλάφους.
3563 3388 3740 3443 Ὅταν

2151 3470 2244 3529 οὖν
2265 3474 2463 3546 ίδωμέν
2485 3492 2604 3529 τινα
2635 3476 2918 3548 ἄνθρωπον
2950 3477 3085 3531 Θεοῦ
3120 3478 3322 3533 τέλειον
3351 3480 3444 3533 καὶ¹
3472 3499 3739 3552 κατηρτιο

2155 3567 2368 3639 σμένον,
2402 3564 2498 3638 τὴν
2530 3566 2639 3619 ἀπὸ
2674 3566 2773 3636 τῆς
2798 3566 3012 3638 ὁμιλίας
3056 3569 3223 3623 αὐτοῦ
3263 3571 3529 3640 ὠφέλειαν
3572 3591 3738 3642 μετα-

2152 3654 2458 3725 διώκωμεν.
2489 3655 2663 3708 Ὅπου
2697 3656 2806 3727 γὰρ
2835 3654 3033 3726 ἐλάφου
3060 3659 3349 3731 παρουσία,
3374 3662 3739 3730 φυγαδεύεται

2154 3750 2302 3802 πᾶσα
2323 3747 2430 3801 τῶν
2464 3748 2709 3818 ἑρπετῶν
2738 3750 2770 3820 ή
2806 3749 2990 3804 κακία.
3022 3751 3096 3802 Οὐ
3118 3751 3223 3825 γὰρ
3252 3754 3405 3825 φέρει
3433 3754 3533 3825 τὴν
3561 3754 3739 3826 ὀσμὴν

2153 3843 2246 3897 τοῦ
2280 3843 2419 3910 ζὼου
2450 3843 2517 3898 τὰ
2546 3844 2743 3910 ἰούόλα,
2778 3846 2912 3898 ὅπου
2938 3862 3001 3914 γε
3026 3846 3121 3900 καὶ
3153 3851 3265 3913 τοῖς
3298 3849 3523 3921 κέρασιν
3556 3848 3741 3903 αὐτῶν

2155 3935 2630 4006 ύποθυμιωμένοις
2665 3936 2954 4007 ὑποχωρεῖ,
3011 3937 3122 3991 Καὶ
3162 3939 3542 4009 ἀποκαλύψει
3590 3940 3739 4009 δρυ-

2148 4029 2303 4099 μούς
2329 4027 2460 4100 (21).
2498 4010 2718 4099 Πρῶτον
2748 4030 2780 4099 ἡ
2811 4028 2960 4100 φωνὴ
2990 4027 3082 4082 τοῦ
3111 4030 3318 4102 Κυρίου
3356 4030 3739 4101 καταρτίζεται

2153 4124 2251 4185 τὰς
2271 4121 2500 4192 ἐλάφους
2523 4137 2536 4150 ο
2568 4120 2757 4173 ἔπειτα
2786 4120 3158 4174 ἀποκαλύπτει
3184 4120 3442 4193 δρυμοὺς,
3468 4122 3590 4185 τοὺς
3606 4138 3741 4191 συμ-

2155 4211 2353 4280 φύτους
2385 4211 2480 4264 καὶ
2507 4209 2615 4263 ἀπὸ
2639 4209 2835 4282 ἀγρίας
2866 4210 2960 4262 καὶ
2992 4211 3242 4283 ἀκάρπου
3280 4210 3412 4283 ὕλης
3444 4228 3737 4264 πεπυκνω-

2159 4302 2351 4373 μένους
2391 4302 2610 4364 τόπους,
2639 4293 2719 4364 οἷς
2762 4300 2993 4372 μάλιστα
3034 4302 3401 4373 προσφεύγειν
3448 4303 3517 4356 τὰ
3554 4302 3734 4356 ίοϐόλα

2157 4393 2419 4461 πέφυκεν.
2456 4393 2608 4445 Ἐπεὶ
2629 4386 2721 4445 οὖν
2748 4392 2848 4463 ἤδη
2871 4392 3214 4445 τετελείωται
3239 4392 3326 4446 διὰ
3346 4393 3436 4447 τὸν
3465 4392 3612 4465 παρά
3638 4393 3731 4447 τοῦ

482 4488 628 4542 ιιιίηο
660 4484 865 4542 iactam
899 4484 1011 4557 jam
1039 4485 1317 4541 absolutus
1347 4502 1537 4542 cervus
1558 4497 1663 4554 est,
1702 4489 1795 4558 qui
1825 4488 1876 4544 ei
1910 4490 2050 4545 assi-

2156 4484 2360 4555 Κυρίου
2412 4483 2701 4553 γενόμενον
2758 4484 3127 4555 καταρτισμὸν
3167 4486 3201 4555 η
3248 4484 3461 4554 ἔλαφος,
3500 4487 3529 4538 ὁ
3559 4484 3734 4557 ταύτῃ

482 4580 706 4633 milatur
738 4576 923 4646 justus
978 4578 1189 4633 revelat
1241 4578 1537 4644 condensa,
1575 4589 1635 4634 ut
1694 4582 1818 4638 vitae
1854 4591 2054 4638 nostrae
2092 4626 2101 4635 .

480 4680 831 4740 corruptores
881 4669 1011 4724 nudi
1045 4679 1103 4725 et
1138 4670 1373 4738 expediti
1410 4668 1758 4737 objiciuntur.
1815 4671 1883 4727 Et.
1924 4673 2049 4742 quia

480 4761 702 4830 Lignum
729 4777 901 4826 omne,
924 4763 1063 4831 quod
1099 4778 1203 4815 non
1237 4762 1363 4828 facit
1388 4762 1619 4818 fructum
1663 4763 1875 4831 bonum,
1912 4765 2053 4819 exci-

552 4875 601 4908 “
635 4873 767 4929 Luc.
800 4890 855 4939 x,
889 4873 981 4930 i9.
1057 4874 1104 4907 ’⁵
1129 4874 1271 4929 Psal.
1302 4888 1387 4938 xc,
1418 4874 1505 4931 15.
1581 4875 1627 4907 ⁸⁸
1655 4873 1799 4930 Psal.
1837 4889 1950 4939 cut,
1990 4872 2077 4929 18.

555 4990 770 5065 (16)1ιιι
800 4989 958 5065 Regii
991 4990 1365 5065 secundus__et
1394 4998 1638 5065 quartus
1672 5005 1791 5065 cum
1841 4990 2065 5065 (Eolber-

482 5059 596 5117 tino
626 5059 802 5115 sexto.
859 5059 1008 5118 Editi
1058 5076 1183 5114 cum
1239 5060 1513 5129 aliquibus
1562 5077 1693 5117 mss.
1745 5059 2062 5116 ἀποδοῦναι.

481 5130 720 5190 Subinde
747 5130 899 5186 Coll).
927 5131 964 5185 2
988 5130 1243 5201 τοιαύτης
1265 5129 1449 5201 έλαχε,
1479 5147 1584 5184 non
1626 5132 1844 5187 diverso
1876 5146 2057 5201 sensu.

554 5202 670 5277 (l7)
699 5201 864 5257 Natat
888 5203 1118 5277 Duczeus
1145 5200 1604 5277 simile_q_uiddam
1625 5202 1693 5256 de
1719 5201 1896 5257 cervis
1920 5200 2059 5269 apud

480 5269 720 5331 Plinium
756 5272 992 5335 narrari,
1017 5281 1074 5326 et
1104 5272 1245 5341 apud
1284 5269 1585 5324 Aﬁlianum.

551 5344 666 5428 (ιβ)
696 5342 772 5428 [ιιι
814 5343 1065 5425 quinque
1087 5338 1264 5428 ‘mss.’
1286 5356 1407 5395 cum
1461 5338 2058 5428 e'di‘tionenBasileensi.

480 5408 661 5470 Editio
706 5408 882 5467 Paris.
934 5408 1629 5484 napaladeveratllnl’ra
1674 5411 1824 5484 illud,
1875 5408 2059 5484 πάλιν,

481 5488 634 5539 deest
656 5486 712 5559 in
740 5484 956 5539 duobus
982 5479 1116 5538 mss.
1156 5479 1400 5537 Subinde
1431 5480 1566 5551 Reg.
1595 5481 1869 5537 secundus
1896 5479 2063 5534 ἀκού-

483 5570 561 5609 σω
568 5571 665 5609 μεν
674 5594 687 5607 .

547 5573 985 5693 iga-Conlatini
1029 5623 1301 5677 secundus
1342 5628 1396 5675 et
1422 5631 1649 5693 quartus
1696 5620 1790 5675 ἐπὶ
1838 5619 1911 5693 τὸΔ
1950 5621 2062 5676 ἄνω

486 5691 647 5763 βραοέ
668 5692 871 5747 Ibidem
895 5709 998 5748 vox
1022 5694 1196 5764 ἀρχάς
1225 5710 1253 5747 a
1280 5692 1616 5763 typographo
1649 5695 1853 5749 omissa
1886 5691 2061 5747 fuerat

488 5778 540 5816 in
573 5762 808 5816 editione
836 5762 1011 5816 Paris.

488 5778 540 5816 In
573 5772 808 5818 editione
836 5772 1011 5819 Paris.

2160 4573 2511 4646 ὁμοιούμενος
2542 4574 2746 4638 δίκαιος
2778 4574 3151 4628 ἀποκαλύπτει
3188 4576 3314 4639 τοὺς
3347 4574 3606 4647 δρυμοὺς,
3651 4576 3736 4628 ἵνα

2159 4669 2355 4739 γυμνοὶ
2404 4667 2498 4721 καὶ
2537 4666 2745 4738 ἕτοιμοι
2788 4666 3163 4738 παραδοθῶσιν
3216 4667 3265 4719 oi
3308 4666 3595 4738 φθαρτικοὶ
3638 4666 3737 4735 τῆς

2164 4759 2310 4832 ζωῆς
2359 4759 2537 4831 ἡμῶν.
2598 4761 2710 4814 Καὶ
2764 4759 2953 4831 ἐπειδὴ
2992 4758 3123 4815 Πᾶν
3168 4759 3359 4824 ξύλον
3399 4757 3486 4828 μὴ
3525 4756 3738 4811 ποιοῦν

2153 4874 2198 4905 ⁸⁷
2224 4873 2366 4928 Psal.
2395 4888 2504 4940 xu,
2534 4873 2589 4927 2.
2666 4872 2713 4905 ⁸³
2737 4872 2971 4943 Philipp.
3005 4888 3089 4937 ιιι,
3130 4872 3218 4926 14.
3292 4872 3339 4903 θ’
3359 4870 3519 4927 Prov.
3548 4886 3601 4937 ν,
3645 4873 3729 4925 19.

2243 4988 2355 5061 ('20)
2401 4987 2457 5042 In
2503 4988 2891 5061 dttobus_mss.
2938 4988 3132 5061 legitur
3157 4986 3362 5061 tiro-nep
3392 4985 3500 5057 γάρ

2174 5058 2369 5130 Statim
2407 5069 2535 5130 tres_
2562 5074 2694 5130 mss.
2726 5058 3075 5130 διῃρημένον.
3107 5058 3208 5111 Alii
3242 5073 3370 5130 n-ss.
3412 5072 3541 5130 cum
3572 5059 3732 5130 editis

2169 5128 2480 5252 διῃρμῖνον.
2508 5127 2674 5183 Paulo
2701 5127 2828 5198 post
2866 5127 3018 5183 Colb.
3064 5139 3290 5198 quartus
3337 5128 3501 5181 habet
3542 5128 3730 5196 σοφίας

2169 5216 2266 5252 Ι)1“0
2288 5217 2348 5252 ωι
2387 5216 2489 5252 Lac.

2209 5218 2266 5253 ΓΟ
2288 5216 2489 5262 φιλίας.

2167 5216 2542 5393 Ρηζῖἢιΐὶῗδίιο
2564 5266 2741 5320 locum
2761 5268 2891 5337 legit
2907 5266 3237 5336 Augustinus
3264 5266 3334 5319 ita
3365 5274 3423 5318 ut
3450 5266 3725 5347 vertimus.

2172 5339 2250 5393 νυ
2277 5350 2419 5393 ttata.
2448 5338 2516 5392 Et
2547 5337 2789 5391 reuelabit
2815 5340 3095 5391 condensa.
3130 5336 3298 5391 Paulo
3330 5346 3450 5393 post
3477 5339 3565 5391 ubi
3602 5337 3725 5393 lctu-

2172 5336 2419 5409 Vulgata,
2448 5337 2789 5409 Etrevelabit
2815 5336 3095 5409 condensa.
3130 5336 3450 5409 Paulo‘pnst
3477 5339 3565 5409 ubi
3602 5336 3729 5407 logi-

2168 5419 2259 5465 tur
2281 5406 2346 5463 in
2384 5408 2567 5462 multis
2599 5424 2730 5462 mss.
2762 5418 2816 5463 et
2861 5409 2913 5460 in
2940 5408 3100 5479 editis
3135 5406 3469 5479 συμφύτους,
3490 5406 3729 5479 habetur

2168 5480 2223 5535 in
2250 5480 2452 5534 Catena
2480 5478 2811 5533 Corderiana
2847 5477 3220 5548 ἀσυμφύτους,
3257 5482 3369 5531 sine
3400 5478 3583 5531 ordine
3614 5493 3727 5530 con-

2167 5553 2295 5605 sita.
2317 5550 2428 5604 Etsi
2457 5559 2635 5602 autem
2668 5550 2936 5616 scriptura
2986 5549 3145 5617 plane
3173 5550 3386 5609 diversa
3409 5557 3515 5613 est,
3543 5561 3730 5602 sensus

2170 5630 2353 5675 tamen
2384 5620 2571 5674 eodem
2606 5618 2764 5672 redit.
2802 5618 2952 5684 Quod
2990 5620 3132 5672 enim
3166 5633 3195 5669 a
3230 5627 3422 5671 natura
3455 5618 3574 5672 sine
3614 5626 3731 5671 arte

2168 5689 2509 5758 producitur,
2566 5688 2618 5744 id
2675 5691 2979 5758 promiscue
3043 5698 3097 5743 et
3149 5688 3267 5745 sine
3325 5689 3516 5743 ordine
3584 5685 3729 5743 nasci

2132 5782 2137 5789 ·
2169 5761 2326 5817 solet.
