4048 6220
374 381 472 438 501

1467 377 1752 432 HOMILIA
1795 376 1861 430 IN
1902 376 2228 432 PSALMUM
2268 375 2506 432 XXVIII.

3506 376 3616 433 503

373 495 604 564 καρπόν
632 494 823 548 καλὸν
841 495 1192 549 ἐκκόπτεται
1215 494 1333 550 ὑπὸ
1359 492 1467 561 τῆς
1489 492 1723 558 ἀξίνης,
1744 490 1842 544 καὶ
1865 493 1952 556 είς

2056 493 2196 542 ditur
2213 493 2408 558 securi,
2428 503 2476 545 et
2513 492 2566 543 in
2595 491 2760 560 ignem
2789 489 3068 559 conjicitur
3089 489 3126 553 ί,
3154 490 3459 545 necessario
3481 505 3617 546 con-

373 590 491 657 πῦρ
517 587 833 652 βάλλεται,
883 589 1194 656 ἀναγκαίως
1235 589 1282 640 οἱ
1321 588 1517 659 δρυμοὶ
1560 584 1948 655 ἀνακαθαίρον-

371 697 482 743 ται,
511 681 567 732 αἱ
601 679 819 743 ὑλώδεις
845 677 1035 750 ψυχαὶ,
1065 682 1122 733 ὲν
1150 675 1256 743 αἷς,
1289 678 1477 750 ὥσπερ
1513 676 1636 731 τινά
1663 677 1846 746 θηρία,
1882 675 1949 727 τὰ

373 769 589 822 ποικίλα
623 769 768 840 πάθη
797 770 904 823 τῶν
933 771 1217 842 ἁμαρτιῶν
1250 770 1573 841 ὲμφωλεύει,
1615 769 1717 822 ὑπὸ
1739 767 1833 820 τού
1859 767 1948 820 λό-

373 877 491 927 γου,
518 859 575 923 ὃς
609 862 725 912 ἐστι
754 860 1060 932 τομώτερος
1097 863 1236 932 ὑπὲρ
1266 864 1444 915 πᾶσαν
1478 863 1748 933 μάχαιραν
1773 860 1948 913 δίστο-

377 964 495 1017 μον.
543 949 696 1001 Ἐπεὶ
733 949 789 1001 δὲ
826 949 1009 1002 πολλοὶ
1038 951 1146 1020 (2‘2)
1178 952 1283 1004 τῶν
1322 949 1646 1022 ἀνθρώπων,
1693 965 1950 1020 πεφορτι-

377 1037 563 1107 σμένοι
620 1041 737 1102 ταῖς
800 1039 1077 1109 βιωτικαῖς
1145 1041 1454 1112 μερίμναις,
1511 1035 1620 1093 οἷόν
1682 1057 1802 1093 τινα
1846 1039 1950 1108 γῆν

375 1127 745 1198 ἀκανθοφόρον
786 1128 883 1192 τὰς
923 1130 1128 1181 ἑαυτῶν
1160 1130 1332 1200 ψυχὰς
1369 1129 1568 1200 έχουσι,
1603 1131 1697 1183 καὶ
1725 1129 1822 1181 οὐκ
1852 1128 1952 1180 ἑῶ-

376 1239 460 1274 σιν
483 1222 649 1286 αὐτὰς
670 1225 750 1285 εἰς
766 1222 862 1293 τὴν
886 1223 978 1275 τοῦ
1004 1224 1160 1292 λόγου
1190 1224 1562 1294 καρποφορίαν
1577 1222 1949 1292 ἐντρέφεσθαι,

378 1313 748 1366 ἀποκαλύπτει
797 1316 826 1366 ὁ
854 1315 1058 1385 Κύριος
1112 1316 1238 1377 τοὺς
1273 1316 1529 1386 δρυμοὺς,
1587 1315 1852 1378 τουτέστι,
1892 1315 1952 1367 τὸ

378 1404 624 1475 ἄσχημον
670 1406 764 1457 καὶ
801 1405 1045 1476 ἀπρεπὲς
1088 1407 1181 1459 καὶ
1210 1406 1470 1476 βλαϐερὸν
1501 1406 1609 1458 τῶν
1655 1408 1713 1459 ὲν
1742 1404 1820 1475 τῷ
1855 1405 1953 1476 βίῳ

377 1495 548 1565 τούτῳ
576 1495 888 1566 φροντίδων,
913 1497 1019 1559 ἵνα,
1045 1498 1410 1568 τρανωθέντος
1430 1497 1522 1550 τοῦ
1553 1497 1678 1566 περ).
1702 1496 1795 1549 τοῦ
1817 1499 1954 1565 ἀγα-

379 1586 473 1639 θοῦ
510 1588 602 1640 καὶ
636 1587 804 1641 κακοῦ
842 1589 1031 1653 τόπου,
1089 1589 1162 1661 μὴ
1205 1589 1400 1659 ἔχωσιν
1443 1590 1491 1642 οἱ
1541 1588 1814 1659 ἄνθρωποι
1850 1589 1954 1642 ὑπὸ

378 1678 616 1747 ἀμαθίας
674 1679 769 1742 τὰς
818 1682 944 1748 περὶ
994 1679 1102 1733 τῶν
1155 1680 1492 1751 πραγμάτων
1538 1681 1746 1752 κρίσεις
1795 1679 1952 1750 ἐνηλ-

377 1769 674 1838 λαγμένας.
727 1767 918 1821 Πολλοὶ
947 1769 1053 1840 γὰρ
1103 1770 1167 1822 τὰ
1200 1770 1296 1840 μὲν
1323 1767 1520 1836 ἀγαθὰ,
1568 1770 1694 1822 ὅταν
1723 1767 1954 1821 ἐπίπονα

2049 582 2230 636 densae
2259 583 2424 650 silvae,
2460 586 2586 651 ipsae
2611 582 2856 636 videlicet
2887 582 3077 635 anirme
3107 581 3467 650 silvestres,in
3493 584 3615 652 qui-

2050 675 2150 728 bus
2187 675 2349 728 varia:
2396 683 2740 743 peccatorum
2789 671 3124 735 affectiones,
3170 671 3317 726 velut
3365 673 3610 741 quaedam

2051 764 2196 829 ferae,
2239 765 2470 829 latitant,
2521 768 2590 820 ab
2632 778 2698 819 eo
2751 778 3024 826 sermone,
3070 764 3162 833 qui
3212 769 3403 832 quovis
3436 764 3615 833 gladio

2052 859 2309 926 utrinque
2349 857 2622 913 incidente
2651 856 3022 927 penetrantior
3052 857 3194 921 est”,
3233 866 3612 925 repurgantur.

2053 949 2159 1002 Sed
2191 963 2314 1002 cum
2348 949 2498 1002 multi
2537 949 2782 1003 homines
2810 947 2934 1001 vitm
2978 947 3127 1002 curis
3177 948 3474 1018 aggravati.
3499 950 3616 1002 arti-

2053 1055 2170 1093 mas
2217 1055 2343 1095 suas
2405 1041 2556 1110 quasi
2589 1038 2902 1109 spiniferam
2929 1038 3218 1108 quamdam
3271 1051 3466 1094 terram
3515 1040 3613 1094 ha-

2056 1136 2233 1198 beant,
2265 1148 2364 1190 nec
2390 1135 2571 1190 sinant
2596 1148 2689 1189 eas
2719 1135 2786 1187 ad
2817 1132 3098 1186 ferendum
3127 1131 3296 1188 divini
3345 1133 3615 1186 sermonis

2055 1226 2286 1280 fructum
2328 1227 2569 1291 educari,
2625 1227 2831 1282 revelat
2879 1225 3139 1280 Dominus
3189 1227 3481 1288 condensa,
3516 1225 3618 1278 hoc

2053 1330 2155 1384 est,
2191 1334 2438 1373 curarum
2466 1320 2516 1373 in
2550 1319 2652 1373 bac
2672 1319 2778 1372 vita
2811 1317 3188 1373 exsistentium
3222 1316 3615 1373 deformitatem

2054 1420 2106 1462 et
2140 1409 2436 1464 foeditatem
2474 1421 2528 1464 et
2555 1407 2954 1464 incommodum
2981 1425 2995 1461 :
3023 1417 3081 1460 ut
3113 1407 3229 1461 loco
3259 1408 3380 1461 b0ni
3407 1421 3470 1460 ac
3493 1407 3615 1460 mali

2019 1573 2022 1576 ξ
2055 1503 2288 1568 detecto,
2318 1517 2426 1556 non
2479 1515 2734 1570 perverse
2783 1503 2850 1556 de
2887 1499 3048 1555 rebus
3088 1497 3331 1568 judicent
3377 1501 3620 1555 homines

2055 1608 2164 1662 prae
2199 1592 2434 1649 inscitia.
2468 1591 2617 1647 Multi
2654 1593 2798 1646 enim
2840 1593 3000 1659 bona,
3032 1593 3246 1663 quando
3275 1592 3540 1648 laboriosa
3566 1601 3619 1646 et

2055 1684 2286 1738 difﬁcilia
2321 1695 2468 1752 sunt,
2501 1686 2637 1739 mala
2668 1686 2978 1741 existimant
3010 1702 3024 1738 :
3059 1686 3196 1739 mala
3226 1701 3351 1740 vero
3375 1687 3443 1740 ob
3484 1685 3618 1740 insi-

2058 1782 2164 1826 tam
2198 1775 2301 1829 sibi
2335 1775 2687 1844 voluptatem,
2739 1786 2795 1829 ut
2839 1779 2977 1830 bona
3009 1784 3428 1839 consectantur;
3459 1786 3621 1844 atque

378 1855 434 1930 ᾖ.
474 1859 619 1911 κακά
665 1859 974 1928 νομίζουσι·
1019 1859 1086 1912 τὰ
1125 1859 1182 1912 δὲ
1223 1859 1368 1912 κακά
1400 1857 1487 1910 διὰ
1518 1858 1616 1929 τὴν
1645 1856 1952 1927 προσοῦσαν

2059 1865 2332 1919 hominum
2391 1881 2632 1920 errorem
2679 1868 2803 1920 inde
2855 1867 3286 1933 proficiscentem
3318 1865 3621 1936 perdillicile

378 1951 558 2012 αὐτοῖς
587 1950 776 2020 ἡδονὴν
815 1951 890 2012 ὡς
931 1949 1110 2017 ἀγαθά
1140 1948 1529 2019 μεταδιώκουσι
1554 1965 1567 1978 °
1605 1949 1697 2002 καὶ
1735 1947 1950 2020 ἀμύθη-

374 2058 466 2103 τος
501 2039 611 2105 (25)
655 2042 710 2093 ὲν
758 2039 1063 2110 ἀνθρώποις
1107 2042 1139 2111 ή
1192 2041 1318 2112 περ).
1362 2040 1429 2092 τὰ
1476 2037 1696 2091 τοιαῦτα
1752 2037 1948 2108 πλάνη.

381 2129 535 2180 Ἔστι
568 2129 664 2197 μὲν
703 2124 795 2181 οὖν
820 2128 920 2197 τῆς
945 2129 1051 2180 τῶν
1079 2128 1297 2198 ἀγαθῶν
1327 2127 1541 2197 φύσεως
1576 2126 1708 2193 ξύλα
1743 2144 1952 2198 καρπο-

380 2221 525 2290 φόρα
561 2221 654 2273 καὶ
691 2222 862 2274 πᾶσαι
896 2221 1096 2291 κέδροι,
1129 2220 1164 2275 ἃ
1188 2222 1279 2274 καὶ
1317 2221 1448 2294 πρὸς
1480 2221 1570 2273 τὸν
1598 2215 1742 2272 αἶνον
1777 2236 1954 2291 παρα-

376 2312 705 2382 λαμϐάνεται
726 2330 738 2342 ·
772 2313 880 2366 τῶν
906 2313 961 2366 δὲ
991 2313 1177 2366 κακῶν
1216 2316 1263 2366 οἱ
1293 2314 1509 2385 δρυμοὶ,
1539 2313 1654 2377 οὒς,
1693 2313 1831 2384 ὑπὲρ
1857 2311 1952 2365 τοῦ

379 2403 453 2474 μὴ
484 2404 828 2474 ἀπατηθῆναι
861 2405 987 2467 τοὺς
1017 2404 1335 2474 νομίζοντας
1369 2405 1624 2476 εὑρήσειν
1662 2406 1784 2459 τινὰ
1818 2423 1953 2477 καρ-

378 2495 479 2548 πὸν
512 2496 778 2566 χρήσιμον
807 2499 864 2548 ὲν
889 2498 1090 2559 αὐτοῖς,
1125 2495 1498 2548 ἀποκαλύπτει
1530 2497 1621 2549 καὶ
1651 2499 1870 2567 φανεροῖ
1919 2499 1950 2566 ἡ

378 2587 472 2640 τοῦ
507 2587 639 2639 Θεοῦ
665 2591 834 2657 φωνή.
880 2589 989 2640 Καὶ
1038 2589 1107 2640 ἐν
1132 2585 1210 2651 τῷ
1236 2586 1358 2651 ι·αῷ
1381 2587 1568 2641 αὐτοῦ
1596 2586 1714 2654 πᾶς
1737 2605 1827 2653 τις
1849 2587 1950 2642 λέ-

378 2694 466 2746 γει
507 2678 713 2741 δόξαν.
759 2679 1128 2732 Ἀκουέτωσαν
1157 2679 1264 2730 τῶν
1305 2681 1562 2750 ῥημάτων
1592 2678 1684 2731 τοῦ
1711 2678 1949 2750 ψαλμοῦ,

378 2770 476 2822 καὶ
514 2771 938 2840 ὲντραπήτωσαν
977 2772 1024 2822 οἱ
1068 2773 1180 2832 τοῖς
1223 2772 1449 2840 μακροῖς
1492 2770 1670 2838 λόγοις
1726 2771 1953 2834 ἑαυτοὺς

379 2861 722 2924 ἐπιδιδόντες.
760 2861 824 2913 Τί
845 2879 1006 2932 φησιν
1046 2864 1074 2915 ὁ
1115 2861 1361 2931 ψαλμός;
1405 2863 1463 2914 Ὀ
1501 2863 1557 2915 ὲν
1591 2861 1670 2932 τῷ
1704 2862 1816 2934 ναῷ
1857 2862 1950 2915 τοῦ

379 2951 512 3004 Θεοῦ
553 2954 838 3023 γενόμενος
887 2954 945 3006 οὐ
980 2952 1322 3020 κακολογίαν,
1361 2953 1420 3005 οὑ
1465 2954 1819 3022 ματαιότητα,
1851 2955 1951 3007 οὐκ

379 3042 618 3112 αἰσχρῶν
668 3043 1006 3115 πραγμάτων
1050 3043 1289 3113 γέμοντα
1330 3045 1549 3114 ῥήματα
1598 3046 1949 3115 ἀπαγγέλλει,

379 3134 493 3188 ἀλλ’
529 3137 586 3187 ὲν
626 3135 704 3205 τῷ
742 3137 854 3206 ναῷ
891 3135 1054 3189 αὑτοῦ
1099 3137 1206 3199 πᾶς
1237 3153 1322 3198 τις
1351 3135 1498 3204 λέγει
1531 3135 1706 3201 δόξαν.
1763 3138 1952 3209 Ἐστή-
1979 3168 2020 3224 C

381 3243 538 3278 κασιν
563 3227 673 3297 (24)
708 3228 756 3279 οἱ
791 3229 1234 3299 ἀπογραφόμενοι
1271 3227 1339 3281 τὰ
1372 3229 1588 3299 ῥήματα
1617 3229 1759 3297 ἆγιοι
1789 3231 1952 3299 ἀγγε-

381 3318 494 3370 λοι·
529 3319 788 3386 πάρεστιν
816 3322 844 3372 ὁ
875 3320 1075 3391 Κύριος
1112 3319 1209 3383 τὰς
1248 3318 1514 3383 διαθέσεις
1545 3320 1652 3373 τῶν
1678 3323 1951 3375 εἰσιόντων

381 3411 717 3464 ἐπισκοπῶν.
795 3411 855 3463 'H
928 3411 1201 3481 προσευχὴ
1267 3413 1495 3464 ἑκάστου
1571 3413 1951 3485 πεφανέρωται

381 3502 500 3572 Θεῷ
522 3519 535 3532 ο
560 3501 643 3564 τίς
665 3503 728 3554 ἐκ
755 3501 1066 3566 διαθέσεως,
1090 3503 1173 3566 τίς
1205 3505 1582 3573 ἐπιστημόνως
1614 3505 1860 3574 ἐπιζητεῖ
1885 3507 1952 3558 τὰ

383 3595 712 3662 ἐπουράνια·
747 3595 832 3656 τίς
865 3595 1272 3664 ἀφωσιωμένως
1305 3597 1494 3664 ἄκροις
1520 3599 1630 3659 τοῖς
1659 3597 1857 3667 χείλεσι
1886 3597 1954 3650 τά

384 3686 604 3755 ῥήματα
639 3685 954 3753 φθέγγεται,
978 3687 1009 3755 ἡ
1033 3685 1089 3738 δὲ
1117 3685 1311 3754 καρδία
1342 3685 1506 3738 αὐτοῦ
1547 3688 1735 3758 πόρρω
1759 3687 1953 3757 ἀπέχει

382 3779 488 3831 ἀπὸ
514 3777 670 3832 Θεοῦ.
695 3779 810 3832 Κᾶν
836 3777 1082 3850 εὔχηται,
1113 3779 1321 3847 ὑγίειαν
1346 3779 1564 3848 σαρκὸς,
1594 3781 1688 3832 κα)¹
1716 3797 1954 3850 σωματι-

385 3869 480 3922 κὸν
507 3868 754 3936 πλοῦτον,
785 3870 884 3922 καὶ·
901 3870 1058 3936 δόξαν
1085 3870 1433 3939 ἀνθρωπίνην
1476 3870 1740 3940 ἐπιζητεῖ.
1775 3875 1866 3923 Δεῖ
1897 3873 1954 3925 δὲ

383 3962 532 4014 οὐδὲν
560 3961 781 4025 τούτων,
814 3961 890 4023 ὡς
920 3963 948 4014 ὁ
975 3961 1133 4028 λόγος
1173 3961 1432 4027 διδάσκει,
1472 3961 1586 4015 ἀλλ’
1630 3963 1687 4015 ἐν
1733 3963 1811 4034 τῷ
1845 3963 1955 4033 ναῷ

384 4051 548 4104 αὑτοῦ
590 4054 696 4114 πᾶς
728 4069 811 4114 τις
841 4052 986 4120 λέγει
1028 4051 1202 4116 δόξαν.
1236 4055 1301 4105 Οἱ
1334 4053 1574 4120 οὐρανοὶ
1609 4052 1954 4123 διηγοῦνται

383 4144 570 4207 δόξαν
611 4144 776 4198 Θεοῦ.
823 4145 1095 4213 Ἀγγέλοις
1142 4144 1300 4216 ἔργον
1330 4144 1627 4214 δοξολογεῖν
1660 4145 1792 4200 Θεὸν
1820 4147 1950 4218 (25).

385 4236 541 4306 Πὰσῃ
564 4239 627 4306 τῇ
659 4239 884 4308 στρατιᾷ
907 4237 1014 4290 τῶν
1036 4237 1372 4308 ἐπουρανίων
1398 4238 1457 4290 ἒν
1489 4237 1646 4291 τοῦτο
1667 4238 1847 4307 ἔργον,
1870 4241 1956 4294 δό-

386 4327 482 4394 ξαν
511 4329 854 4398 ἀναπέμπειν
885 4330 962 4401 τῷ
995 4331 1258 4383 κτίσαντι.
1307 4331 1372 4381 Ἡ
1416 4329 1592 4393 κτίσις
1621 4332 1788 4394 πᾶσα,
1820 4332 1854 4402 ἥ
1895 4351 1955 4385 τε

387 4421 668 4484 σιωπῶσα,
703 4421 796 4473 καὶ
822 4423 854 4490 ἡ
879 4421 1242 4492 φθεγγομένη,
1271 4422 1304 4492 ἦ
1329 4439 1388 4473 τε
1421 4422 1805 4492 ὑπερκόσμιος,
1834 4425 1868 4494 ἦ
1894 4442 1955 4477 τε

2055 1964 2138 2009 est
2167 1955 2372 2010 dicere.
2404 1955 2683 2010 Pertinent
2737 1958 2898 2025 igitur
2947 1957 3014 2010 ad
3056 1959 3321 2012 honorum
3373 1967 3620 2010 naturam

2058 2046 2338 2100 fructifera
2372 2046 2513 2115 ligna
2545 2062 2609 2101 ac
2636 2047 2781 2101 cedri
2837 2062 3043 2112 omnes,
3073 2063 3189 2116 qua:
3215 2049 3374 2102 etiam
3408 2049 3474 2102 ad
3515 2047 3624 2100 lau—

2057 2136 2177 2190 dem
2212 2137 2553 2205 accipiuntur
2581 2153 2594 2189 :
2621 2137 2684 2189 ad
2723 2136 2984 2191 malorum
3017 2151 3145 2190 vero
3199 2145 3446 2191 naturam
3487 2151 3620 2190 con-

2057 2227 2222 2281 densa
2259 2241 2441 2295 :qure,
2494 2241 2560 2279 ne
2609 2227 2948 2296 decipiantur
3010 2227 3100 2295 qui
3158 2227 3343 2283 utilem
3387 2227 3620 2296 aliquem

2057 2317 2291 2372 fructum
2315 2319 2367 2371 in
2401 2317 2481 2372 eis
2503 2319 2818 2373 inventuros
2850 2332 2911 2372 se
2939 2327 3150 2388 putant,
3182 2318 3404 2382 revelat,
3439 2334 3502 2373 ac
3529 2317 3624 2371 de-

2059 2410 2188 2478 tegit
2218 2409 2314 2462 Dei
2347 2423 2469 2462 vox.
2505 2407 2571 2461 Et
2627 2408 2681 2462 in
2725 2410 2915 2476 templa
2959 2409 3074 2478 ejus
3108 2425 3282 2463 omnes
3310 2410 3480 2464 dicent
3509 2411 3624 2480 glo-

2058 2501 2211 2553 riam.
2243 2499 2480 2553 Audiant
2533 2499 2647 2554 haec
2695 2501 2884 2570 psalmi
2925 2501 3089 2555 verba
3140 2517 3204 2554 ac
3253 2513 3620 2566 revereantur,

2057 2591 2148 2659 qui
2183 2589 2425 2659 prolixos
2461 2589 2662 2643 habent
2705 2603 3002 2644 sermones.
3031 2590 3168 2656 Quid
3195 2591 3325 2644 dicit
3353 2591 3624 2660 psalmus?

2057 2682 2160 2748 Qui
2190 2681 2243 2736 in
2276 2679 2473 2748 templo
2506 2679 2599 2734 Dei
2618 2689 2722 2744 est,
2752 2694 2856 2734 non
2883 2681 3148 2747 convicia,
3179 2696 3280 2736 non
3314 2697 3401 2737 res
3430 2698 3622 2747 vanas,

2059 2788 2164 2825 non
2198 2771 2362 2826 verba
2415 2769 2666 2823 obscenis
2706 2770 2866 2823 rebus
2915 2767 3117 2823 referta
3171 2769 3398 2838 profert,
3441 2772 3533 2826 sed
3566 2772 3622 2826 in

2059 2862 2255 2932 templo
2287 2860 2403 2930 ejus
2431 2860 2662 2930 quisque
2727 2861 2858 2915 dicit
2908 2861 3154 2931 gloriam.
3205 2862 3399 2915 Astant
3451 2863 3621 2916 sancti

2057 2954 2252 3025 angeli,
2284 2954 2376 3022 qui
2409 2955 2523 3007 haec
2557 2952 2718 3008 verba
2776 2952 3123 3007 describant:
3155 2955 3306 3007 adest
3343 2953 3620 3016 Dominus,

2055 3048 2146 3116 qui
2179 3045 2420 3100 animum
2451 3043 2868 3114 ingredientium
2917 3045 3176 3100 intuetur.
3220 3044 3413 3100 Preces
3441 3039 3625 3100 unius-

2057 3137 2317 3207 cujusque
2343 3136 2643 3202 manifestze
2676 3137 2783 3194 Deo
2806 3146 2960 3204 sunt;
2997 3138 3119 3209 quis
3155 3152 3222 3192 ex
3262 3137 3476 3202 aﬂ'ectu,
3503 3139 3624 3207 quis

2055 3230 2190 3282 scite
2215 3229 2467 3298 exquirat
2515 3229 2796 3296 cmlestia;
2825 3230 2947 3299 quis
2971 3229 3340 3300 perfunctorie
3366 3240 3420 3285 et
3449 3239 3627 3284 extre-

2057 3320 2159 3374 mis
2194 3319 2363 3376 labris
2395 3320 2561 3375 verba
2603 3322 2937 3390 pronuntiet,
2962 3337 3057 3377 cor
3089 3337 3216 3377 vero
3249 3323 3417 3391 ipsius
3438 3322 3623 3391 procul

2059 3427 2085 3463 ιι
2128 3411 2237 3467 Deo
2275 3413 2368 3466 sit.
2393 3411 2549 3478 Quod
2579 3415 2623 3466 si
2663 3423 2803 3476 orat,
2830 3414 3011 3468 carnis
3041 3413 3355 3477 sanitatem.
3385 3427 3626 3481 opesque

2055 3519 2350 3574 corporeas
2389 3514 2445 3558 et
2502 3507 2792 3560 humanam
2847 3505 3073 3576 gloriam
3108 3503 3386 3575 efﬂagitat.
3422 3503 3623 3559 Horum

2060 3605 2242 3650 autem
2270 3595 2407 3650 nihil
2437 3597 2724 3665 petendum
2757 3608 2856 3656 est,
2889 3605 2949 3651 ut
2981 3595 3258 3664 Scriptura
3297 3596 3452 3649 docet
3481 3611 3496 3650 :
3532 3596 3625 3650 sed

2059 3688 2110 3741 in
2152 3687 2354 3756 templo
2417 3687 2534 3758 ejus
2594 3689 2966 3758 unusquisque
3019 3688 3150 3743 dicit
3193 3687 3438 3758 gloriam.
3497 3685 3625 3741 οωιε

2058 3789 2307 3830 enarrant
2348 3779 2573 3846 gloriam
2621 3777 2718 3831 Dei
2734 3777 2774 3832 ³.
2810 3779 2976 3834 Deum
3009 3778 3178 3849 gloria
3208 3777 3424 3834 allicere
3465 3793 3626 3846 ange-

2059 3867 2232 3922 lorum
2267 3884 2462 3924 munus
2513 3880 2620 3924 est.
2669 3868 2781 3924 Hoc
2825 3885 2989 3924 unum
3034 3878 3117 3924 est
3172 3871 3337 3925 totius
3389 3869 3626 3924 cmicstis

2056 3961 2331 4016 exercitus
2371 3960 2628 4027 oﬂicium,
2664 3963 2872 4016 referre
2903 3961 3147 4017 Creatori
3180 3962 3425 4032 gloriam.
3457 3960 3626 4014 Crea-

2058 4065 2180 4106 tura
2211 4043 2409 4116 Omnis,
2444 4065 2556 4107 tum
2586 4054 2770 4119 silens,
2801 4063 2910 4106 tum
2947 4053 3194 4123 loquens,
3233 4061 3345 4106 tum
3367 4051 3624 4119 cmlestis,

2060 4152 2170 4196 tum
2219 4154 2456 4209 terrena,
2516 4146 2607 4199 dat
2657 4144 2882 4214 gloriam
2931 4144 3232 4200 Conditori.
3292 4141 3625 4197 Miserabiles

2058 4251 2188 4290 vero
2235 4236 2502 4302 homines,
2544 4246 2830 4305 postquam
2873 4236 3075 4292 aedibus
3131 4236 3246 4290 suis
3300 4233 3503 4289 relictis
3557 4235 3626 4288 ad

2060 4325 2313 4395 templum
2343 4337 2759 4393 concurrerunt,
2791 4327 2946 4396 quasi
2992 4326 3265 4396 quidpiam
3307 4324 3462 4394 123
3495 4339 3626 4378 con-

2058 4417 2295 4471 secuturi
2343 4418 2715 4484 emolumenti,
2746 4429 2921 4473 tarnen
2975 4417 3066 4472 Dei
3108 4417 3289 4473 verbis
3320 4431 3477 4472 aures
3511 4432 3620 4471 non

386 4512 661 4582 περίγειος
693 4512 902 4578 δοξάζει
932 4513 1021 4565 τὸν
1043 4515 1319 4568 κτίσαντα.
1357 4515 1662 4585 Ἄνθρωποι
1702 4516 1757 4569 δὲ
1793 4517 1953 4571 ἐλεει-

2061 4509 2321 4577 pracbent,
2375 4526 2527 4564 suam
2579 4510 2816 4579 ipsorum
2874 4520 3120 4565 naturam
3176 4525 3282 4564 non
3336 4509 3618 4565 sentiunt:

383 4603 488 4662 νοὶ,
519 4601 904 4666 καταλιπόντες
930 4603 1054 4664 τοὺς
1087 4602 1267 4664 οἴκους
1305 4603 1398 4654 καὶ
1425 4604 1516 4655 ἐπὶ
1548 4603 1638 4655 τὸν
1673 4604 1797 4656 ναὸν
1832 4621 1954 4659 συν-

384 4692 700 4763 δραμόντες,
752 4691 827 4755 ὡς
862 4691 924 4761 δή
955 4710 1008 4744 τι
1047 4693 1271 4755 ἑαυτοὺς
1303 4693 1694 4764 ὡφελήσοντες,
1731 4696 1829 4765 οὐχ
1857 4697 1958 4750 ὑπ-

386 4783 569 4853 έχουσι
636 4784 734 4846 τὰς
801 4785 968 4844 ἀκοὰς
1030 4783 1205 4851 λόγοις
1269 4783 1426 4849 Θεοῦ,
1485 4785 1547 4836 οὐ
1593 4784 1956 4854 λαμϐάνουσιν

385 4875 635 4944 αἴσθησιν
683 4877 780 4944 τῆς
824 4876 1032 4929 ἑαυτῶν
1071 4876 1302 4944 φύσεως,
1339 4878 1398 4929 οὐ
1431 4876 1723 4929 λυποῦνται
1759 4878 1958 4949 προλη-

385 4967 610 5035 φθέντες
644 4969 750 5022 ὑπὸ
792 4969 901 5039 (26)
936 4969 1035 5038 τῆς
1064 4968 1366 5041 ἁμαρτίας·
1423 4970 1482 5021 οὐ
1535 4968 1827 5023 λυποῦνται
1879 4973 1957 5034 είς

461 5080 477 5110 ³
504 5079 690 5134 Matth.
721 5094 805 5144 ut,
833 5081 920 5136 10.

453 5197 565 5264 (22)
595 5197 726 5265 Reg.
759 5195 1025 5251 secundus
1067 5198 1254 5268 ἐπειδὴ
1291 5198 1492 5252 πολλοί.
1531 5199 1650 5252 Mox
1694 5199 1824 5268 Reg.
1863 5214 1948 5251 se-

384 5269 614 5324 cundus.
640 5277 868 5334 quartus
904 5277 959 5321 et
991 5278 1175 5323 sextus
1206 5285 1326 5322 cum
1370 5271 1606 5322 editione
1645 5268 1809 5322 Basil.
1848 5269 1952 5337 γῆν

385 5337 777 5407 ἀκανθοφόρον,
811 5341 1215 5407 terramispinas
1257 5338 1530 5407 ferentem,
1581 5340 1735 5393 bene.
1778 5338 1954 5391 Editio

385 5406 560 5459 Paris.
593 5405 986 5476 ἀκανθορόφον.
1018 5405 1127 5462 Nec
1162 5409 1232 5461 ita
1257 5405 1449 5460 'rnulto
1490 5418 1609 5477 post
1643 5410 1807 5463 editio
1849 5409 1952 5462 Pa-

386 5477 881 5550 τὶεᾈὲ-κτρέφεσθαι.
909 5477 976 5550 At
999 5492 1089 5530 sex
1111 5493 1245 5550 mss.
1276 5479 1652 5550 ἐντρέφεσθαι.

470 5516 482 5528 .
505 5494 881 5598 εκτὲεφεσυαι.
909 5494 976 5530 ιιι
999 5494 1089 5530 sex
1116 5494 1245 5532 mss.
1276 5494 1652 5550 εντρεφεσυαι.

461 5545 572 5615 (25)
596 5548 775 5618 -ῖιὶίιὶο
804 5547 978 5601 Paris.
1024 5557 1077 5600 et
1111 5547 1244 5617 Reg.
1271 5559 1500 5616 quartus
1528 5550 1624 5602 καὶ
1670 5547 1954 5618 ἀμύθητὸς

387 5615 556 5667 ἐστιν.
595 5616 750 5680 Illud,
783 5618 953 5677 ἐστιν,
984 5618 1131 5671 deest
1177 5615 1229 5672 iit
1262 5615 1382 5673 aliis
1435 5635 1531 5673 sex
1585 5615 1725 5671 mss.
1752 5615 1952 5671 Ibidem

391 5698 502 5758 tres
536 5700 666 5758 mss.
707 5687 1276 5758 περίίταύταπλάνη.
1327 5689 1521 5742 Statim
1563 5687 1948 5758 editiol’aris.

387 5754 612 5827 εαυτοὺς
637 5755 694 5827 έν
718 5754 794 5827 τῇ
814 5756 1106 5827 Ἐκκλησία
1121 5754 1446 5821 ἐπιδιδόντες
1462 5777 1476 5790 ο
1503 5759 1596 5812 sed
1631 5757 1778 5819 illud,
1802 5757 1860 5807 ὲν
1881 5757 1946 5826 τῇ

406 5824 724 5895 Ἐκκλησία,
753 5824 805 5882 in
836 5824 1039 5882 nostris
1071 5824 1316 5884 undecim
1351 5844 1480 5884 mss.
1513 5845 1616 5883 non
1655 5824 1944 5890 invenitur,

1015 5083 1036 5112 ³
1064 5080 1226 5136 Hebr.
1261 5097 1332 5145 tv,
1376 5081 1463 5136 12.
1541 5082 1561 5113 ³
1594 5081 1740 5136 Psal.
1769 5098 1925 5146 xvur,
1961 5081 2014 5135 2.

2061 4603 2420 4670 praeoccupati
2445 4612 2689 4672 peccato,
2726 4618 2831 4657 non
2869 4601 3217 4672 affliguntur;
3252 4617 3360 4658 non
3395 4612 3629 4657 mcerent

2064 4695 2188 4748 dum
2219 4695 2642 4749 reminiscuntur
2689 4705 3066 4764 peccatorum;
3109 4711 3212 4749 non
3267 4696 3456 4748 timent
3482 4693 3626 4762 judi-

2063 4785 2203 4836 cium
2228 4801 2242 4849 ;
2277 4784 2370 4838 sed
2399 4785 2720 4848 arridentes,
2745 4792 2796 4840 et
2822 4785 2963 4839 inter
2991 4798 3048 4838 se
3067 4783 3355 4854 jungentes
3382 4785 3623 4848 dextras,

2065 4877 2392 4944 precationis
2420 4877 2636 4930 domum
2682 4877 2735 4930 in
2787 4877 2964 4930 locum
2996 4877 3296 4931 immodicae
3331 4875 3627 4945 loquacita-

2067 4968 2134 5019 tis
2171 4976 2406 5032 vertunt,
2433 4967 2703 5036 aspernati
2738 4967 3001 5036 psalmum
3037 4967 3404 5021 declarantem
3433 4981 3497 5021 ac
3539 4968 3621 5020 di-

2059 5211 2160 5251 nec
2203 5193 2425 5255 mirum,
2456 5207 2577 5245 cum
2610 5191 2740 5246 satis
2762 5207 2825 5246 ex
2856 5206 2915 5246 se
2941 5190 3175 5260 suppleri
3203 5193 3393 5256 possit.

2130 5265 2241 5334 (‘24)
2274 5263 2446 5334 Editio
2475 5261 2965 5334 Paris.__éccijxaat
3007 5262 3162 5334 γᾴρ.Δ
3185 5262 3347 5334 Deest
3363 5260 3621 5334 particula

2057 5330 2166 5405 γάρ
2192 5335 2243 5386 in
2277 5332 2460 5405 multis
2491 5347 2618 5405 mss.
2659 5330 2842 5400 Neque
2866 5346 2998 5405 yero
3039 5330 3230 5405 dubito
3259 5332 3390 5397 quin
3428 5333 3623 5386 melius

2057 5399 2219 5462 dum.
2247 5418 2367 5454 cum
2397 5403 2497 5456 hoc
2537 5402 2660 5456 loco
2691 5399 2961 5469 superﬂua
2989 5416 3112 5454 esse
3148 5399 3410 5469 videatur.

2132 5473 2244 5537 (25)
2278 5471 2408 5538 Reg.
2439 5472 2705 5526 secundus
2729 5468 3029 5539 δοξολογεῖν
3059 5468 3198 5538 Θεῷ.

2125 5544 2238 5610 (26)
2270 5541 2475 5613 Rursus
2511 5542 2642 5608 Reg.
2668 5544 2932 5596 secundus
2976 5541 3036 5613 ού
3067 5539 3360 5613 λυποῦνται
3387 5541 3625 5613 προῦλη-

2061 5614 2244 5674 θέντες
2270 5611 2392 5682 ὑπό.
2421 5613 2549 5679 Reg.
2583 5622 2809 5680 quartus
2837 5610 3290 5682 προσληφθέντες.
3312 5609 3461 5662 Multi
3492 5609 3619 5666 mss.

2061 5681 2486 5756 προληφθέντες.
2520 5682 2639 5756 MO}
2681 5681 3045 5756 lieg._tertius
3089 5681 3439 5756 demonstrat.
3480 5682 3648 5756 Infrai

2058 5737 2484 5822 R'eg.r's_éc_undu's
2528 5751 2641 5822 ναῷ
2685 5737 2851 5807 αὐτοῦ
2897 5753 3024 5816 πᾶς,
3075 5737 3173 5806 nec
3218 5737 3378 5806 aliter
3429 5737 3654 5820 legitur‘

2055 5819 2192 5892 apud
2229 5820 2314 5874 LX
2325 5819 2390 5876 Χ.
