4048 6220
444 297 552 358 ωδ

1754 295 1810 352 S.
1853 294 2097 350 BASILII
2131 292 2345 349 MAGNI

3594 287 3712 344 304

449 426 662 474 centem
690 436 703 473 :
739 416 805 472 In
839 416 1030 486 templo
1077 417 1194 488 ejus
1223 417 1576 485 unusquisque
1606 417 1730 470 dicit
1764 418 2008 488 gloriam.

2118 416 2338 486 μνήμην
2387 410 2496 464 τῶν
2548 411 2827 482 ἁμαρτιῶν
2865 410 3273 481 ἀφικνούμενοι,
3315 409 3376 463 οὐ
3436 409 3714 481 τρέμουσι

455 508 536 562 Tu
587 523 718 563 vero
765 523 871 564 non
919 508 1076 563 modo
1105 523 1212 562 non
1245 508 1512 576 loqueris;
1546 507 1641 562 sed
1671 507 1824 563 alteri
1854 510 2017 564 etiam

448 615 510 653 es
537 598 948 669 impedimento,
981 599 1074 668 qui
1110 613 1233 654 eum
1279 598 1372 652 tibi
1403 598 1596 653 reddas
1621 607 1912 663 attentum,
1938 608 2020 654 at-

450 703 556 755 que
589 704 684 758 per
710 699 860 744 tuum
885 690 1168 744 tumultum
1191 703 1384 743 sonqu
1405 689 1662 760 majorem
1697 691 1825 745 edas
1855 704 2016 760 quam

453 777 688 846 Spiritus
711 780 977 834 doctrina.
1015 778 1158 834 Cave
1186 793 1256 834 ne
1295 780 1510 848 quando
1552 779 1736 844 abeas,
1762 794 1868 834 una
1894 794 2015 834 cum

451 869 520 925 iis
544 869 636 939 qui
688 870 851 940 impia
885 879 939 925 et
969 869 1361 926 contumeliosa
1408 871 1569 924 verba
1605 872 1658 925 in
1696 871 1787 925 Dei
1816 885 2014 927 nomen

449 971 728 1028 evomunt,
764 963 1177 1030 condemnatus,
1234 977 1355 1017 cum
1397 961 1676 1018 debuisses
1707 965 2012 1019 mercedem

448 1066 548 1122 pro
589 1067 768 1108 rerum
823 1054 1127 1108 divinarum
1154 1054 1519 1110 celebratione
1544 1055 1806 1126 recipere.
1836 1055 2015 1113 Habes

446 1144 735 1215 psalmum,
766 1147 935 1202 habes
966 1149 1323 1216 prophetiam,
1357 1159 1622 1220 praecepta
1681 1150 2009 1221 evangelica,

449 1237 811 1306 apostolorum
861 1239 1295 1309 praedicationes.
1342 1241 1545 1310 Lingua
1598 1242 1809 1312 psallat,
1862 1259 2014 1300 mens

448 1339 657 1393 eorum,
689 1345 808 1400 qua:
838 1331 983 1386 dicta
1029 1339 1174 1393 sunt,
1233 1341 1508 1388 scrutetur
1553 1334 1963 1404 intelligentiam
1995 1349 2010 1388 :

447 1431 508 1474 ut
558 1421 757 1490 psallas
814 1423 1028 1492 spiritu,
1067 1423 1266 1493 psallas
1321 1425 1449 1480 item
1499 1436 1551 1479 et
1595 1438 1776 1482 mente
1799 1428 1841 1482 ‘.
1873 1428 2010 1483 Deus

448 1512 592 1566 enim
643 1513 868 1568 minime
921 1514 1125 1585 indiget
1173 1514 1343 1584 gloria
1373 1534 1386 1570 :
1418 1518 1510 1572 sed
1545 1526 1597 1570 te
1628 1517 1741 1571 vult
1785 1533 1907 1573 esse
1939 1519 2013 1572 di-

449 1619 635 1672 gnum,
667 1605 758 1674 qui
809 1605 1034 1677 gloriam
1087 1621 1444 1677 consequare.
1479 1610 1818 1679 Quapropter
1858 1610 2012 1676 Quod

448 1698 672 1752 seminat
708 1699 882 1764 homo,
929 1698 1026 1753 hoc
1071 1710 1116 1754 et
1160 1701 1372 1756 metet”.
1421 1701 1636 1758 Semina
1669 1701 2012 1772 gloriﬁcalio—

2120 507 2222 576 τὴν
2253 504 2432 576 κρίσιν
2453 521 2465 533 ·
2491 503 2624 556 ἀλλά
2653 503 2984 574 μειδιῶντες,
3016 502 3224 569 καὶτὰς
3246 501 3426 568 δεξιάς
3448 503 3713 576 ἀλλήλοις

2125 595 2503 667 ἐμϐάλλοντες,
2539 593 2702 646 τόπον
2735 593 3100 664 μακρολογίας
3133 593 3224 645 τὸν
3244 588 3390 646 οἷκον
3415 592 3708 646 ποιοῦνται

2117 689 2218 760 τῆς
2265 686 2591 757 προσευχῆς,
2646 684 3054 756 παρακούοντες
3092 684 3184 737 τοῦ
3212 683 3426 755 ψαλμοῦ
3453 684 3548 738 τοῦ
3579 685 3708 738 δια-

2123 779 2534 851 μαρτυρομένου
2581 779 2675 832 καὶ
2731 778 2998 846 λέγοντος,
3044 777 3126 830 ὅτι
3179 778 3276 830 Ἐν
3310 777 3390 842 τῷ
3432 774 3556 841 ναῷ
3588 777 3708 832 τοῦ

2123 872 2270 926 Θεοῦ
2302 870 2420 938 πᾶς
2451 889 2541 937 τις
2570 872 2732 940 λέγει
2757 871 2964 935 δόξαν.
3001 870 3073 922 Σὺ
3116 869 3173 923 δέ
3223 870 3281 922 οὐ
3325 870 3483 940 μόνον
3516 871 3578 923 οὐ
3607 869 3706 922 λέ-

2118 978 2256 1030 γεις,
2279 961 2414 1016 ἀλλά
2446 962 2540 1013 καὶ
2569 960 2740 1030 ἑτέρῳ
2769 959 3022 1030 ἐμπόδιον
3059 957 3171 1027 (27)
3203 959 3325 1028 γίνῃ
3353 958 3703 1028 ἐπιστρέφων

2117 1056 2253 1126 πρὸς
2287 1055 2495 1119 ἑαυτὸν,
2535 1054 2630 1106 καὶ
2670 1051 2748 1122 τῷ
2781 1051 2892 1121 ίδίῳ
2923 1049 3138 1121 Θορύϐῳ
3170 1049 3458 1120 ὑπερηχῶν
3496 1051 3594 1121 τὴν
3617 1049 3706 1102 δι-

2113 1147 2409 1202 δασκαλίαν
2456 1145 2551 1198 τοῦ
2600 1143 2935 1214 Πνεύματος.
2979 1143 3118 1211 Ὅρα
3157 1143 3230 1213 μή
3264 1158 3396 1194 ποτε
3433 1141 3700 1212 ἀπέλθῃς,

2113 1241 2234 1294 ἀντὶ
2270 1237 2364 1291 τοῦ
2400 1237 2587 1309 μισθὸν
2626 1235 2806 1289 λαϐεῖν
2835 1235 2926 1287 ἐπὶ
2953 1232 3250 1304 δοξολογίᾳ,
3276 1235 3389 1296 τοῖς
3433 1233 3491 1285 τὸ
3522 1232 3703 1302 ὄνομα

2113 1330 2207 1384 τοῦ
2251 1328 2386 1382 Θεοῦ
2435 1325 2814 1398 βλασφημοῦσι
2871 1321 3414 1392 συγκαταδικασθείς.
3466 1322 3703 1391 Ψαλμὸν

2113 1423 2277 1494 ἔχεις,
2309 1421 2646 1493 προφητείαν
2671 1418 2834 1487 ἔχεις,
2877 1415 3208 1485 εὐαγγελικά
3236 1414 3697 1487 παραγγέλματα,

2111 1515 2180 1568 τά
2226 1513 2334 1566 τῶν
2368 1511 2680 1565 ἀποστόλων
2717 1507 3068 1579 κηρύγματα.
3134 1507 3198 1559 Ἠ
3233 1505 3453 1574 γλῶσσα
3499 1505 3702 1574 ψαλλέ-

2112 1625 2207 1672 τω,
2247 1608 2275 1659 ό
2310 1603 2436 1668 νοῦς
2487 1601 2763 1675 ἐρευνάτω
2807 1601 2908 1672 τὴν
2939 1599 3175 1652 διάνοιαν
3220 1597 3330 1650 τῶν
3371 1596 3697 1668 εἰρημένων,

2114 1699 2200 1752 ἵνα
2245 1697 2451 1768 ψάλλῃς
2485 1694 2563 1765 τῷ
2590 1693 2879 1764 πνεύματι,
2905 1691 3110 1762 ψάλλῃς
3145 1690 3200 1742 δὲ
3236 1689 3330 1741 καὶ
3374 1687 3443 1757 τῷ
3471 1688 3572 1744 νοῒ.
3601 1688 3700 1759 Μὴ

446 1803 592 1855 nem,
627 1799 682 1844 ut
731 1804 959 1846 coronas
1017 1791 1359 1863 honoresque
1408 1802 1461 1849 et
1492 1794 1677 1849 laudes
1736 1795 1788 1848 in
1845 1808 2010 1866 regno

2116 1789 2222 1859 γὰρ
2249 1787 2406 1859 δόξης
2435 1787 2705 1839 ἐπιδέεται
2739 1786 2767 1836 ὁ
2801 1783 2953 1847 Θεὸς,
2979 1781 3114 1836 ἀλλά
3155 1797 3214 1832 σε
3252 1779 3497 1850 βούλεται
3544 1779 3704 1842 ἀξιον

444 1880 702 1936 caelorum
746 1891 936 1938 metas.
970 1884 1095 1940 Haec
1132 1902 1238 1941 non
1281 1887 1380 1942 abs
1412 1901 1472 1942 re
1494 1903 1590 1957 per
1617 1889 2008 1959 digressionem

443 1972 586 2025 dicta
618 1984 743 2028 sunt
773 1974 825 2028 in
847 1973 989 2030 hunc
1013 1975 1187 2030 locum
1220 1999 1230 2031 :
1257 1976 1325 2031 In
1352 1978 1544 2047 templo
1581 1979 1692 2047 ejus
1724 1981 2006 2050 unusquis-

442 2081 543 2132 que
578 2066 706 2120 dicit
747 2068 993 2136 gloriam,
1016 2068 1158 2137 quod
1204 2077 1331 2123 sunt
1358 2071 1450 2138 qui
1477 2069 1726 2139 loquendi
1762 2071 1920 2127 ﬁnem
1952 2073 2006 2125 in

444 2155 541 2210 Dei
571 2157 768 2226 templo
797 2172 1095 2228 nunquam
1151 2159 1371 2226 faciant,
1405 2175 1468 2216 ac
1512 2161 1774 2216 inutiliter
1826 2162 2006 2231 ingre-

443 2245 679 2300 diantur.
725 2246 938 2303 Utinam
976 2247 1255 2316 inutiliter,
1291 2264 1397 2306 non
1430 2264 1551 2306 cum
1592 2253 1932 2308 detrimento.

511 2598 565 2653 8.
613 2597 768 2653 Vens.
813 2599 898 2655 10.
936 2600 1192 2657 Dominus
1227 2603 1484 2660 diluvium
1511 2607 1807 2663 inhabitare
1831 2608 2004 2676 faciet.

445 2691 714 2746 Diluvium
739 2693 1017 2748 inundatio
1052 2710 1205 2765 aqua:
1233 2707 1334 2763 est,
1363 2699 1622 2768 quidquid
1661 2701 1848 2756 subest
1875 2715 2008 2756 con-

444 2784 696 2852 tegentis,
731 2795 787 2840 et
822 2785 1084 2856 quidquid
1133 2789 1282 2860 prius
1309 2792 1659 2848 sordescebat
1701 2807 2009 2863 expurgan-

445 2875 536 2929 tis.
579 2875 836 2947 Baptismi
906 2879 1088 2950 itaque
1141 2882 1372 2951 gratiam
1431 2883 1692 2938 diluvium
1741 2886 2007 2949 nominat,

442 2967 576 3022 adeo
619 2976 678 3022 ut
723 2969 901 3026 anima
945 2973 1180 3042 peccatis
1231 2974 1432 3040 abluta,
1474 2983 1529 3030 et
1573 2977 1742 3031 veteri
1793 2977 2011 3033 homine

441 3069 759 3130 expurgata,
789 3061 881 3116 ﬁat
914 3063 1164 3134 deinceps
1196 3066 1408 3131 idonea,
1439 3081 1557 3136 qua:
1595 3067 1646 3121 in
1678 3066 1880 3138 Spiritu
1909 3070 2006 3123 ha-

442 3148 632 3204 bitatio
655 3151 724 3206 sit
751 3153 863 3208 Dei.
899 3152 1068 3210 Porro
1097 3172 1216 3226 quae
1243 3159 1404 3213 etiam
1435 3160 1576 3214 dicta
1621 3169 1747 3214 sunt
1779 3161 1831 3214 in
1863 3161 2009 3230 psal-

445 3255 536 3294 mo
564 3241 837 3298 tricesimo
875 3247 1070 3314 primo,
1101 3263 1226 3303 cum
1259 3250 1344 3304 his
1375 3251 1687 3305 concinunt.
1722 3250 2013 3321 Postquam

443 3331 588 3385 enim
618 3332 789 3387 dixit:
823 3333 1152 3406 Injustitiam
1181 3355 1348 3393 meam
1382 3342 1641 3410 cognitam
1671 3342 1792 3410 feci,
1825 3351 1873 3396 et
1898 3359 2016 3412 pec-

442 3429 619 3476 catum
680 3441 851 3479 meum
901 3444 1004 3481 non
1053 3431 1341 3496 abscondi;
1378 3430 1506 3486 item
1559 3431 1727 3488 illud:
1761 3430 1868 3487 Pro
1915 3434 2014 3488 hac

441 3515 612 3567 orabit
640 3517 708 3569 ad
735 3526 788 3570 te
809 3520 975 3572 omnis
992 3518 1548 3588 sanctus,subjunxit:
1579 3519 1944 3578 Verumtamen
1959 3525 2014 3576 in

441 3604 635 3659 diluvio
659 3624 913 3676 aquarum
936 3611 1220 3666 multarum
1247 3614 1315 3667 ad
1339 3631 1458 3668 eum
1489 3632 1592 3669 non
1623 3616 2013 3685 appropinqua-

442 3695 566 3750 bunt
591 3698 631 3752 ⁵.
648 3697 765 3754 Non
791 3703 933 3756 enim
953 3715 1168 3773 peccata
1195 3707 1699 3776 appropinquabant
1719 3708 1792 3772 ei,
1810 3708 1898 3777 qui
1920 3723 2016 3778 per

443 3806 635 3859 aquam
666 3803 720 3848 et
749 3793 1006 3861 Spiritum
1039 3795 1304 3866 baptisma
1341 3797 1676 3853 remissionis
1697 3798 2012 3853 delictorum

439 3883 727 3951 receperit.
765 3883 870 3939 Sed
911 3896 965 3940 et
992 3887 1046 3940 in
1082 3887 1313 3942 Michaeae
1346 3888 1623 3958 prophetia
1658 3890 1911 3957 quiddam
1933 3889 2016 3944 his

443 3973 600 4028 ane
623 3976 892 4032 invenitur
917 3996 930 4032 :
952 3979 1087 4043 Quia
1101 3981 1272 4034 volens
1289 3982 1702 4035 misericordiam
1729 3993 1827 4048 est,
1849 3999 2015 4036 rever-

442 4075 578 4117 tetur
605 4076 651 4119 et
680 4069 1010 4123 miserebitur
1053 4074 1218 4125 nostri
1244 4089 1262 4126 :
1286 4073 1547 4144 demerget
1572 4084 1781 4140 peccata
1811 4085 2012 4142 nostra,

443 4165 491 4206 et
522 4156 867 4224 projicientur
886 4161 939 4212 in
973 4160 1240 4229 profunda
1264 4165 1481 4217 maris".
1511 4163 1579 4217 Et
1612 4166 1805 4220 sedebit
1842 4167 2015 4219 Darni-

444 4263 540 4299 nus
562 4263 651 4301 rex
666 4248 722 4302 in
737 4261 1010 4304 mternum.
1031 4253 1235 4308 Anima:
1253 4269 1318 4308 ex
1338 4255 1538 4312 diluvio
1563 4258 1862 4326 splendenti
1885 4260 2015 4313 insi-

444 4337 577 4391 dens
606 4336 763 4404 Deus,
795 4353 912 4393 eam
944 4341 1044 4394 sibi
1075 4342 1237 4397 veluti
1267 4345 1517 4400 thronum
1541 4345 1892 4407 elﬁcit.V'Ens.
1923 4350 2007 4403 Η.

2111 1877 2250 1935 εἶναι
2300 1879 2396 1933 τοῦ
2443 1877 2784 1948 δοξασθῆναι.
2829 1876 2972 1929 Διότι
3007 1877 3067 1927 Ὃ
3100 1873 3332 1941 σπείρει
3364 1871 3701 1939 ἅνθρωπος,

2108 1975 2286 2029 τοῦτο
2319 1973 2416 2027 καὶ
2447 1972 2688 2041 θερίσει.
2724 1971 2953 2040 Σπεῖρον
2983 1965 3312 2034 δοξολογίαν,
3349 1965 3436 2017 ἵνα
3475 1962 3705 2035 θερίσῃς

2112 2065 2414 2133 στεφάνους
2465 2060 2754 2130 καὶτιμὰς
2813 2060 2905 2112 καὶ
2946 2058 3202 2118 ἐπαίνους
3245 2057 3301 2107 ἐν
3339 2056 3405 2124 τῇ
3451 2052 3704 2122 βασιλείᾳ

2107 2155 2217 2209 τῶν
2259 2151 2524 2224 οὐρανῶν.
2571 2149 2755 2203 Ταῦτα
2794 2148 2895 2201 οὐκ
2933 2147 3221 2217 ἀχρήστως
3268 2145 3325 2195 ἐν
3359 2140 3700 2210 παρεκϐάσει

2108 2247 2324 2318 είρηται
2357 2247 2436 2308 εἰς
2467 2244 2547 2308 τὸ,
2606 2244 2707 2296 Ἐν
2743 2239 2823 2306 τῷ
2866 2239 2989 2302 ναῷ
3027 2237 3212 2294 αὑτοῦ
3261 2232 3379 2300 πᾶς
3410 2252 3503 2299 τις
3535 2233 3702 2301 λέγει

2109 2339 2316 2405 δόξαν,
2341 2337 2430 2391 διὰ
2457 2337 2516 2389 τὸ
2542 2336 2666 2398 τοὺς
2694 2335 2751 2386 ἐν
2782 2332 2860 2403 τῷ
2881 2331 2994 2402 ναῷ
3020 2329 3124 2385 τοῦ.
3145 2327 3281 2381 Θεοῦ
3308 2327 3558 2380 ἀπαυστα
3579 2324 3698 2394 (28)

2109 2428 2595 2500 γλωσσαλγοῦντας
2626 2425 2721 2479 καὶ
2749 2422 3038 2492 ἀνωφελῶς
3065 2421 3366 2482 εἰσιόνταςο
3393 2417 3504 2470 είθε
3527 2417 3584 2469 δέ
3613 2417 3704 2470 ἀν-

2109 2520 2341 2590 ωφελῶς
2364 2521 2456 2572 καὶ
2485 2518 2560 2590 μὴ
2581 2514 2907 2578 ἐπιϐλαϐῶς.

2180 2615 2232 2669 8.
2275 2615 2490 2681 Κύριος
2521 2615 2628 2664 τὸν
2660 2606 3091 2675 κατακλυσμὸν
3117 2603 3408 2659 κατοικιεῖ
3425 2602 3556 2674 (29).
3581 2602 3699 2654 Κα-

2107 2707 2417 2776 τακλυσμὸς
2445 2703 2636 2766 ὕδατός
2663 2704 2810 2754 ἐστιν
2839 2698 3119 2761 ἐπίκλυσις
3146 2694 3558 2765 ἐξαφανίζοντος
3584 2695 3696 2747 πᾶν

2109 2798 2169 2850 τὸ
2197 2797 2575 2865 ὑποκείμενον,
2615 2793 2709 2846 καὶ
2743 2791 3134 2861 καθαρίζοντος
3161 2787 3306 2840 ἅπαν
3328 2786 3389 2839 τὸ
3421 2786 3695 2856 προεῤῥυ-

2112 2889 2379 2958 πωμένον.
2424 2886 2536 2956 Τὴν
2565 2879 2657 2938 οῦν
2685 2883 2776 2937 τοῦ
2821 2882 3195 2952 βαπτίσματος
3229 2879 3389 2950 χάριν
3425 2876 3697 2930 κατακλυ-

2079 2963 2087 2970 ’
2113 2982 2246 3052 σμὸν
2271 2979 2547 3050 ὀνομάζει,
2573 2978 2711 3030 ὥστε
2738 2976 2836 3047 τὴν
2874 2971 3330 3042 ἀποπλυναμένην
3359 2968 3428 3022 τὰ
3451 2969 3698 3038 ἁμαρτή-

2116 3090 2257 3144 ματα
2309 3071 2507 3141 ψυχὴν,
2563 3070 2657 3122 καὶ
2702 3064 3198 3137 ἀποκαθηραμένην
3231 3063 3320 3116 τὸν
3351 3059 3573 3114 παλαιὸν
3603 3058 3698 3112 ἄν·
3726 3122 3732 3126 ⁸

2115 3165 2350 3235 Θρωπον,
2393 3160 2703 3230 ἐπιτηδείαν
2733 3155 2868 3211 εἶναι
2900 3157 3082 3210 λοιπὸν
3114 3157 3248 3227 πρὸς
3279 3153 3697 3222 κατοικητήριον

2114 3253 2207 3306 τοῦ
2253 3251 2386 3306 Θεοῦ
2437 3255 2492 3305 ἐν
2538 3249 2834 3319 Πνεῦματι.
2878 3247 3098 3318 Συνᾴδει
3127 3246 3181 3298 δέ
3208 3246 3382 3315 τούτῳ
3413 3243 3508 3296 καὶ⁹
3540 3240 3610 3294 τὰ
3638 3242 3698 3292 ἐν

2114 3347 2190 3418 τῷ
2215 3343 2521 3417 τριακοστῷ
2547 3341 2748 3415 πρώτῳ
2776 3339 2975 3411 ψαλμῷ
3003 3339 3285 3411 εἰρημένα.
3316 3336 3472 3389 Μετά
3495 3333 3604 3404 γὰρ
3635 3331 3698 3384 τὸ

2115 3440 2308 3500 εἰπεῖν,
2361 3437 2443 3490 ὅτι
2492 3435 2610 3504 Τὴν
2660 3432 3069 3501 ἀνομίαν-μου
3107 3430 3418 3499 ἐγνώρισα,
3449 3425 3546 3479 καὶ
3580 3422 3699 3491 τὴν

2114 3528 2408 3598 ἁμαρτίαν
2457 3543 2576 3596 μου
2625 3525 2737 3578 οὐκ
2786 3521 3103 3590 ἐκάλυψαο
3141 3521 3235 3572 καὶ
3283 3518 3365 3584 τὸ,
3402 3518 3482 3570 ὅτι
3528 3514 3699 3583 Ὑπὲρ

2115 3617 2306 3686 αὐτῆς
2333 3617 2442 3687 (50)
2470 3613 2863 3684 προσεύξεται
2903 3611 3051 3680 πρὸς
3093 3611 3169 3665 σὲ
3215 3608 3332 3675 πᾶς
3370 3608 3566 3673 ὅσιοςο
3599 3607 3700 3658 ἐπ-

2116 3711 2317 3780 ήγαγε·
2373 3705 2544 3775 Πλὴν
2600 3707 2670 3759 ὲν
2718 3700 3123 3771 κατακλυσμῷ
3165 3700 3400 3755 ὑδάτων
3451 3694 3698 3750 πολλῶν

2115 3801 2264 3869 πρὸς
2298 3800 2482 3852 αὐτὸν
2524 3801 2636 3852 οὐκ
2671 3797 2994 3869 ἐγγιοῦσιν.
3047 3795 3121 3848 Οὐ
3163 3794 3272 3864 γὰρ
3312 3790 3592 3859 ἐγγιοῦσιν
3639 3789 3696 3842 αἱ

2115 3893 2378 3964 ἁμαρτίαι
2416 3891 2493 3962 τῷ
2520 3891 2736 3944 λαϐόντι
2774 3891 2835 3942 τὸ
2867 3890 3146 3960 βάπτισμα
3182 3886 3281 3955 τῆς
3307 3885 3556 3953 ἀφέσεως
3586 3881 3697 3935 τῶν

2117 3983 2576 4056 παραπτωμάτων
2603 3983 2691 4036 διά
2742 3980 2836 4035 τοῦ
2878 3980 3065 4043 ὓδατος
3109 3980 3204 4032 καὶ
3235 3976 3328 4031 τοῦ
3359 3975 3693 4045 Πνεύματος.

2115 4071 2384 4139 Συγγενὲς
2416 4070 2473 4124 δὲ
2502 4071 2676 4139 τούτῳ
2703 4070 2796 4123 καὶ
2823 4072 2879 4122 ἐν
2907 4071 2974 4139 τῇ
3005 4067 3309 4139 προφητείᾳ
3340 4066 3575 4134 Μιχαίου
3607 4061 3696 4114 εὖ·

2120 4183 2311 4238 ρηται’
2362 4166 2490 4217 "Ott
2535 4161 2794 4230 θελητὴς
2848 4161 3060 4226 ἐλέους
3115 4160 3304 4222 ἐστὶν,
3352 4154 3697 4224 ἐπιστρέψει

2115 4258 2214 4312 καὶ
2279 4256 2517 4324 ἐλεήσει
2584 4253 2771 4324 ἡμᾶς·
2847 4252 3173 4306 καταδύσει
3239 4251 3346 4313 τὰς
3412 4247 3697 4318 ἁμαρτίας

2114 4346 2303 4415 ἡμῶν,
2339 4345 2439 4399 καὶ
2486 4343 3003 4412 ἀπορριφήσονται
3041 4345 3126 4406 εὶς
3155 4340 3225 4394 τὰ
3258 4339 3422 4407 ,βάθη
3465 4337 3576 4404 τῆς
3601 4340 3700 4389 θα-

445 4425 698 4482 Dominus
718 4431 958 4486 virtutem
978 4433 1168 4501 populo
1183 4452 1280 4490 suo
1296 4437 1462 4500 dabit;
1481 4437 1735 4494 Dominus
1752 4442 2011 4498 benedice:

2118 4437 2382 4504 λὰσσης.
2424 4437 2535 4490 Καὶ
2582 4435 2865 4489 καθιεῖται
2888 4436 3100 4502 Κύριος
3134 4431 3436 4498 ,βασιλεὺς
3477 4432 3562 4494 εις
3594 4428 3699 4480 τὸν

441 4519 632 4588 populo
651 4539 746 4576 suo
773 4523 827 4576 in
839 4541 986 4589 pace.
1012 4527 1057 4579 Α
1077 4528 1271 4597 pepulo
1297 4529 1513 4594 quidem
1539 4539 1824 4598 peccatore
1848 4532 2009 4586 robu-

442 4621 587 4666 stum
615 4621 668 4666 et
699 4614 972 4670 robustam
999 4618 1208 4672 auferet
1232 4617 1525 4672 Dominus8
1551 4637 1564 4673 :
1592 4619 1857 4686 justitiam
1882 4637 2010 4675 vero

443 4703 662 4758 facienti
693 4707 855 4760 robur
887 4707 1116 4762 confert.
1147 4709 1280 4764 Nam
1314 4709 1471 4765 Omni
1500 4713 1711 4767 habenti
1741 4716 2010 4769 dabitur”.

443 4793 711 4850 (Steterunt
744 4797 837 4866 qui
870 4799 935 4851 ad
972 4802 1297 4868 perﬁcienda
1336 4804 1474 4856 bona
1503 4819 1664 4872 opera
1694 4808 2014 4861 corrobora-

444 4895 529 4941 tus
555 4895 660 4952 est,
696 4887 744 4942 is
783 4888 844 4942 ﬁt
888 4891 1080 4963 dignus
1123 4894 1216 4946 Dei
1259 4895 1657 4952 benedictione.
1687 4895 1800 4950 Pax
1834 4907 2016 4952 autem

523 5027 547 5061 ‘
571 5027 592 5082 Ι
614 5028 738 5085 Cor.
773 5047 883 5098 xxv,
917 5033 1004 5089 15.

2117 4528 2322 4584 αἰῶνα.
2377 4529 2455 4599 Τῇ
2505 4527 2794 4599 λαμπούσῃ
2834 4526 2978 4597 ψυχῇ
3028 4525 3134 4580 ἀπὸ
3175 4523 3271 4578 τοῦ
3315 4518 3696 4590 κατακλυσμοῦ

2120 4622 2416 4694 ἐνιδρυθεὶς
2459 4621 2568 4693 (51)
2619 4625 2646 4674 ὁ
2682 4622 2834 4686 Θεὸς,
2878 4621 3040 4674 οἱονεὶ
3083 4619 3268 4690 θρόνον
3305 4618 3475 4686 αὐτὴν
3526 4614 3700 4684 ἐαυτῷ

2122 4713 2513 4783 ἀπεργάζεται.
2547 4713 2765 4780 Κύριος
2800 4712 2984 4783 ἰσχὺν
3008 4710 3089 4776 τῷ
3119 4710 3245 4776 λαῷ
3268 4709 3455 4763 αὑτοῦ
3489 4705 3695 4759 δώσει·

2125 4807 2339 4874 Κύριος
2389 4806 2711 4875 εὐλογήσει
2766 4805 2875 4858 τὸν
2911 4804 3065 4858 λαὸν
3115 4802 3300 4856 αὐτοῦ
3353 4804 3424 4855 ἐν
3471 4798 3696 4867 εἰρήνῃ.

2139 4899 2271 4951 Ἀπὸ
2308 4897 2404 4967 μὲν
2431 4896 2524 4950 τοῦ
2549 4896 2872 4969 ἀμαρτωλοῦ
2897 4894 3027 4949 λαοῦ
3054 4894 3240 4964 ἀφελεῖ
3264 4893 3467 4964 Κύριος
3495 4888 3698 4958 ἰσχύον-

1108 5036 1129 5066 ⁵
1155 5035 1272 5091 Gal.
1299 5051 1372 5102 Vl,
1406 5037 1458 5092 7.
1535 5045 1555 5077 ο
1579 5036 1721 5093 PSal.
1756 5053 1906 5104 xxxx,
1930 5038 1984 5102 5,

2147 5039 2165 5069 "
2202 5037 2410 5092 Miclun.
2459 5053 2554 5101 vn,
2586 5036 2672 5091 19.
2765 5036 2786 5068 ⁸
2810 5037 2908 5089 Isa.
2940 5051 3020 5101 tu,
3051 5036 3102 5088 1.
3179 5034 3200 5066 ⁰
3231 5031 3420 5086 Matth.
3449 5045 3576 5094 xxv,
3608 5027 3698 5082 9.9.

519 5166 632 5238 (‘27)
657 5167 799 5245 _R_eg.
829 5171 1018 5245 tertius
1065 5173 1254 5245 sci-Epigr
1287 5173 1518 5245 ἐμπόρῳ
1560 5174 1835 5244 ἐμπόδιον.
1875 5174 2012 5245 Quid

2125 5182 2210 5227 est
2245 5171 2601 5245 Augustinus.
2628 5172 2923 5242 Aliquanto
2965 5182 3085 5239 post
3139 5171 3270 5241 Reg.
3320 5171 3512 5226 tertius
3537 5172 3698 5243 ὲῤῥυ-

446 5250 629 5313 antem
655 5239 808 5313 i:_lu_d,
837 5241 1086 5313 ἐμπόρῳ,
1118 5239 1219 5297 hoc
1243 5239 1362 5297 loco
1388 5239 1501 5298 sibi
1523 5239 1672 5309 velit,
1699 5260 1805 5300 non
1837 5239 2012 5299 video.

523 5308 639 5378 (28)
663 5307 817 5364 Colb.
855 5307 1122 5366 secundus
1153 5314 1468 5378 ἀπαύστως.

523 5378 635 5449 (29)
663 5379 753 5435 Sic
779 5380 942 5435 editio
972 5381 1135 5437 Basil.
1169 5393 1223 5436 et
1257 5383 1398 5438 Oliv.
1427 5400 1548 5438 cum
1592 5388 1796 5439 nostris
1829 5387 2016 5441 decem

452 5464 606 5522 9155.,
634 5465 732 5504 nec
762 5451 922 5506 aliter
943 5454 1145 5506 editum
1174 5453 1274 5508 fuit
1301 5455 1440 5522 apud
1480 5453 1642 5509 LXX.
1675 5456 1854 5511 Editio
1884 5470 2011 5509 vero

448 5517 623 5595 Paris.
654 5527 709 5572 et
735 5531 980 5575 unusaut
1005 5525 1142 5577 alter
1157 5540 1256 5577 ms.
1279 5517 1526 5595 euostris
1561 5529 1823 5578 κατοικεῖ·
1852 5541 2014 5595 quam

451 5587 738 5660 lectionem
795 5607 1034 5660 quoque,
1100 5603 1236 5648 teste
1279 5592 1508 5660 Nobilio,
1552 5605 1770 5649 tuentur
1818 5587 1884 5649 et.
1928 5596 2018 5649 alii

451 5657 666 5735 quidam
696 5657 840 5735 libri-7.
880 5657 1042 5735 Certe
1083 5678 1147 5717 ex
1184 5657 1600 5735 llcbrteovertit
1637 5666 2018 5735 Hieronymus,

452 5727 707 5782 Dominus
748 5727 1002 5786 diluvium
1050 5735 1324 5787 inhabitat.
1377 5733 1761 5804 Hieronymum
1800 5727 2020 5793 secutus

2125 5242 2401 5296 πωμένον.

2197 5260 2798 5384 Zgéyo‘l’ieg._secundus
2832 5312 2926 5365 καὶ
2955 5313 3037 5384 ὅτι
3058 5381 3066 5384 Α
3087 5312 3226 5384 ὑπὲρ
3251 5310 3474 5384 ταύτης.
3497 5309 3604 5363 Nec
3627 5310 3694 5384 i_ta

2124 5378 2300 5436 multo
2333 5378 2463 5450 post
2493 5381 2646 5436 Colb.
2692 5393 2918 5448 quartus
2966 5378 3215 5450 ἀφέσεως
3259 5381 3368 5433 τῶν
3414 5378 3697 5450 ἁμαρτιῶν

2120 5453 2214 5505 καὶ
2257 5452 2366 5505 τῶν
2406 5450 2887 5522 παραπτωμάτων.
2916 5453 3154 5506 Subinde
3189 5466 3318 5506 mss.
3355 5451 3460 5506 duo
3501 5453 3698 5506 habent

2122 5523 2456 5594 aipnratpro
2478 5521 2728 5594 εὓρηται.

2197 5590 2310 5663 (51)
2346 5593 2476 5663 Ιὶιδς.
2531 5590 2803 5663 secundus
2857 5591 3202 5663 ὲνιδρυνοείς.
3233 5590 3356 5663 Mox
3405 5605 3548 5663 mss.
3592 5590 3694 5644 duo

2129 5662 2342 5717 ἑαυτοῦ.
2385 5662 2536 5720 Haud
2578 5662 2734 5734 longe
2767 5663 2896 5733 Reg.
2922 5661 3188 5719 secundus
3221 5661 3520 5730 ἀφελεῖται.
