4048 6220
338 472 411 509 τα
441 456 537 511 καὶ
566 458 871 531 ἰσχύουσαν,
916 463 993 534 τῷ
1019 465 1077 518 δὲ
1108 466 1582 540 δικαιοπραγοῦντι
1618 473 1730 546 (52)
1761 476 1915 530 δίδω-

343 563 433 599 σιν
465 549 634 618 ἰσχύν.
666 552 810 606 Διότι
841 551 924 620 Τῷ
955 556 1155 624 ἔχοντι
1193 562 1368 614 παντὶ
1409 561 1746 632 δοθήσεται.
1801 569 1915 621 Ἐν-

340 638 678 712 δυναμωθεὶς
703 644 758 698 δὲ
781 647 918 717 πρὸς
930 648 1030 719 τὴν
1048 649 1158 704 τῶν
1177 652 1395 720 ἀγαθῶν
1417 654 1591 726 ἔργων
1615 660 1910 729 ἐνέργειαν,

341 729 493 793 ἄξιος
528 733 734 800 γίνεται
773 736 874 806 τῆς
914 738 1022 791 ἀπὸ
1047 739 1140 793 τοῦ
1171 741 1301 795 Θεοῦ
1334 744 1602 814 εὐλογίας.
1647 751 1827 804 "Bome
1858 752 1914 806 δὲ

341 821 647 894 τελειοτάτη
687 827 794 880 τῶν
835 829 1096 898 εύλογιῶν
1137 829 1274 886 εἶναι
1312 837 1343 906 ἡ
1383 839 1592 910 εἰρήνη,
1627 842 1915 896 εύστάθειά

337 928 427 977 τις
465 910 597 969 οὖσα
622 917 713 970 τοῦ
742 921 1092 991 ἡγεμονικοῦ·
1129 924 1268 979 ὥστε
1312 927 1402 980 τὸν
1439 931 1709 1001 εἰρηνικὸν
1747 935 1913 1007 ἄνδρα

339 1002 402 1055 ὲν
427 1005 505 1075 τῷ
530 1009 890 1064 κατεστάλθαι
919 1013 988 1067 τὰ
1015 1014 1117 1086 ήθη
1153 1021 1647 1092 χαρακτηρίξεσθαι
1665 1044 1676 1055 ·
1731 1028 1823 1082 τὸν
1844 1002 1912 1082 -δὲ

339 1095 746 1185 πολεμούμενον
789 1102 891 1155 ὑπὸ
938 1104 1046 1159 τῶν
1093 1107 1277 1162 παθῶν
1309 1113 1474 1182 μήπω
1506 1115 1604 1185 τῆς
1641 1118 1748 1170 ἀπὸ
1776 1121 1910 1174 Θεοῦ

339 1184 567 1255 εἰρήνης
596 1191 1005 1259 μετεσχηκέναι,
1041 1195 1106 1263 ἢν
1139 1197 1166 1248 6
1198 1196 1401 1267 Κύριος
1431 1184 1596 1256 ἔδωκε
1638 1208 1750 1270 τοῖς
1789 1210 1912 1261 ἐαυ-

338 1270 439 1323 τοῦ
485 1273 772 1344 μαθηταῖς,
805 1277 944 1347 ήτις,
977 1281 1316 1352 ὑπερέχουσα
1349 1286 1524 1340 πάντα
1565 1289 1710 1354 νοῦν,
1747 1310 1912 1361 φρου-

344 1365 500 1433 ρήσει
525 1364 622 1428 τὰς
643 1366 816 1437 ψυχὰς
840 1369 946 1422 τῶν
969 1371 1154 1437 ἀξίων.
1182 1375 1395 1447 Ταύτην
1414 1378 1506 1431 καὶ
1529 1382 1557 1432 6
1593 1381 1910 1449 ’Λπόστολος

339 1453 630 1525 ἐπεύχεται
652 1461 767 1522 ταῖς
796 1460 1159 1531 Ἐκκλησίαις,
1193 1466 1364 1534 λέγων
1386 1485 1399 1497 ο
1424 1469 1604 1537 Χάρις
1637 1472 1779 1541 ὑμῖν
1811 1477 1909 1528 καὶ

337 1543 546 1611 εἰρήνη
580 1549 966 1618 πληθυνθείη.
993 1552 1206 1606 Γένοιτο
1229 1551 1320 1608 οὖν
1353 1559 1480 1627 ἡμῖν
1508 1559 1686 1624 καλῶς
1715 1563 1911 1630 ἀγωνι-

341 1635 617 1703 σαμένοις,
648 1638 740 1690 καὶ
762 1639 821 1691 τὸ
843 1642 1095 1712 φρόνημα
1118 1645 1220 1714 τῆς
1239 1649 1439 1718 σαρκὸς
1461 1653 1911 1725 καταστρεψαμέ-

340 1738 476 1787 νοις,
501 1725 528 1778 ὅ
551 1726 697 1778 ἐστιν
723 1726 892 1800 ἔχθρα
919 1732 998 1794 εἰς
1021 1731 1170 1798 Θεὸν,
1199 1735 1256 1788 ὲν
1285 1737 1610 1808 γαληνιώσει
1642 1741 1737 1795 καὶ
1771 1744 1907 1797 ἀκύ-

343 1831 468 1908 μονι
492 1819 818 1872 καταστάσει
841 1821 939 1892 τῆς
971 1822 1147 1893 ψυχῆς
1178 1830 1492 1900 γενομένης,
1517 1835 1736 1906 εἰρήνης
1761 1838 1906 1908 ἡμᾶς
1937 1818 1979 1871 Β

340 1906 490 1970 υἱοὺς
522 1908 893 1980 χρηματίζειν,
923 1914 1015 1966 καὶ
1050 1916 1147 1986 τῆς
1177 1919 1422 1989 εὐλογίας
1447 1923 1540 1976 τοῦ
1570 1926 1704 1979 Θεοῦ
1734 1906 1904 1998 μετα-

339 2001 490 2067 σχεῖν
529 2001 585 2051 ἒν
613 2002 820 2074 εἰρήνῃ,
849 2004 907 2057 ὲν
934 2005 1150 2076 Χριστῷ
1193 2009 1363 2082 Ἰησοῦ

339 2104 436 2151 νας
469 2089 574 2142 τῶν
602 2090 829 2146 αἰώνων.
876 2095 1062 2168 Ἀμήν.
1359 2121 1364 2125 ·

1444 351 1723 410 HOMILIA
1765 358 1839 412 IN
1874 359 2211 422 PSALMUM
2250 366 2438 426 XXIX.

3473 397 3574 456 306

1943 491 1991 541 Α
2018 497 2136 551 quae
2169 490 2371 580 mentis
2404 497 2487 544 est
2517 490 2744 552 lirmitas
2773 499 2932 573 125.
2967 505 3209 573 quaedam
3248 518 3411 580 alque
3448 529 3570 571 con-

2017 577 2238 643 stantia,
2280 577 2716 641 benedictionum
2759 591 3148 658 perfectissima
3177 613 3294 655 esse
3323 577 3573 671 ridetur;

2015 681 2184 736 quare
2221 673 2430 740 paciﬁci
2473 677 2574 732 viri
2621 681 2902 739 character
2937 687 2992 741 in
3041 695 3356 762 compositis
3389 712 3454 752 ac
3485 714 3574 754 se-

2016 759 2157 815 datis
2182 765 2422 819 moribus
2449 767 2585 824 situs
2616 781 2699 827 est
2721 788 2737 825 :
2761 787 2970 842 contra,
3010 783 3100 848 qui
3129 759 3576 855 a'cupiditatibus

2015 861 2375 948 oppugnatur,
2409 858 2644 948 nondum
2681 865 2832 930 pacis
2859 863 2951 922 Dei
2981 873 3252 943 particeps
3275 886 3378 941 est,
3411 894 3572 948 quam

2013 953 2198 1034 pacem
2227 943 2506 1015 discipulis
2530 951 2643 1005 suis
2675 952 2936 1012 Dominus
2973 960 3143 1029 dedit,
3175 980 3295 1034 quae
3333 943 3460 1022 cum
3490 970 3572 1024 in-

2014 1029 2284 1128 tellectum
2322 1051 2533 1093 omnem
2569 1055 2787 1113 superet
2807 1046 2870 1111 ιο,
2904 1064 3110 1118 eorum,
3139 1029 3227 1123 qui
3253 1057 3400 1125 digni
3425 1071 3572 1128 sunt,

2013 1122 2222 1218 animas
2250 1128 2506 1186 tuebitur.
2546 1131 2696 1188 Hanc
2729 1140 3001 1205 apostolus
3030 1122 3286 1202 Ecclesiis
3313 1122 3570 1218 appreca;

2010 1493 2117 1580 est,
2152 1485 2206 1540 in
2239 1491 2554 1547 servitutem
2588 1498 2972 1570 redegerimus,
3010 1506 3188 1560 anima
3225 1509 3276 1562 in
3316 1513 3574 1580 tranquil-

2009 1573 2158 1629 litate
2186 1590 2249 1633 ac
2288 1583 2469 1649 quieto
2504 1595 2645 1641 statu
2679 1591 2992 1660 constituta,
3019 1595 3110 1648 filii
3142 1600 3292 1665 pacis
3326 1573 3563 1670 appelle-

2008 1679 2151 1762 mur,
2181 1677 2344 1738 atque
2390 1674 2443 1728 in
2481 1691 2613 1745 pace
2646 1679 2838 1736 ﬁamus
2872 1685 3266 1744 benedictionis
3295 1691 3388 1746 Dei
3445 1709 3571 1762 par-

2012 1755 2239 1852 ticipes:
2269 1763 2320 1814 in
2356 1765 2575 1822 Christo
2604 1767 2726 1824 Jesu
2762 1773 2986 1829 Domino
3027 1789 3234 1847 nostro,
3266 1783 3352 1835 cui
3403 1755 3572 1852 gloria

2009 1853 2064 1898 et
2098 1847 2402 1919 imperium,
2437 1871 2578 1913 nunc
2608 1869 2662 1916 et
2690 1876 2923 1932 semper,
2951 1879 3006 1922 et
3041 1869 3093 1921 in
3123 1871 3316 1926 saecula
3346 1847 3570 1928 szeculo-

1971 1980 1974 1986 .
2011 1950 2150 1992 rum.
2179 1940 2372 1998 Amen.

1393 2014 1469 2085 τῷ
1498 2017 1686 2088 Κυρίῳ
1716 2020 1895 2090 ἡμῶν,
1936 2014 2032 2096 ᾧή
2055 2027 2180 2094 δόξα
2206 2033 2300 2086 καὶ
2325 2034 2387 2087 τὸ
2414 2037 2614 2110 κράτος
2634 2041 2728 2096 νῦν
2758 2045 2852 2098 καὶ
2877 2047 2987 2113 ἀεὶ,
3021 2051 3112 2103 καὶ
3169 2056 3246 2116 εἰς
3299 2055 3424 2120 τοὺς
3444 2055 3574 2109 αἰῶ-

377 2224 3552 2293 -ῄ-ᾓ--Ἣ

725 2313 835 2367 ΕΙΣ
872 2316 1009 2370 ΤΟΝ
1054 2318 1162 2371 ΚΘ¹
1201 2321 1519 2379 ΨΑΛΜΟΝ.

447 2401 690 2472 Ψαλμὸς
731 2403 892 2474 ᾠδῆς
936 2407 1456 2550 ίὲγῖιὸίέἷισμοῦ
1499 2416 1604 2470 τοῦ
1631 2417 1800 2473 οἴκου

410 2563 460 2616 1.
492 2563 798 2636 Ψαλτήριον
848 2568 944 2637 μὲν
993 2572 1285 2641 τροπικῶς,
1329 2575 1424 2628 καὶ
1469 2576 1696 2648 ὄργανον
1737 2583 1908 2652 ἡρμο-

338 2653 534 2722 σμένον
557 2657 826 2724 μουσικῶς
870 2660 950 2722 εἰς
989 2658 1191 2730 ὕμνους
1235 2664 1327 2716 τοῦ
1361 2666 1494 2719 Θεοῦ
1522 2669 1698 2739 ήμῶν,
1751 2674 1784 2742 ή
1813 2672 1906 2726 τοῦ

340 2745 587 2814 σώματός
613 2749 728 2799 ἐστι
768 2755 1076 2824 κατασκευή
1099 2772 1110 2783 ο
1143 2755 1354 2826 ψαλμὺς
1381 2759 1438 2810 δὲ
1472 2760 1525 2811 αἱ
1554 2761 1640 2815 διὰ
1675 2763 1770 2816 τοῦ
1805 2765 1908 2817 σώ-

343 2852 510 2905 ματος
537 2837 784 2908 πράξεις,
814 2843 869 2893 αἰ
899 2843 976 2905 εἰς
1005 2843 1159 2908 δόξαν
1186 2845 1319 2899 Θεοῦ
1352 2849 1753 2920 ἀποδιδόμεναι,
1779 2855 1906 2908 ὅταν

340 2927 446 2980 ὑπὸ
478 2928 570 2982 τοῦ
601 2930 756 2999 λόγου
791 2934 1131 3004 ήρμοσμένου
1174 2938 1338 3008 μηδὲν
1371 2941 1601 3010 ἐκμελὲς
1632 2944 1906 2997 ἀποτελῶ-

345 3036 443 3088 μεν
488 3021 545 3072 ἐν
587 3023 699 3085 τοῖς
737 3025 1052 3094 κινήμασιν.
1097 3027 1219 3097 ᾨδὴ
1249 3027 1304 3081 δέ
1346 3031 1514 3092 ἐστιν,
1542 3032 1643 3085 ὅσα
1677 3033 1907 3104 θεωρίας

342 3112 521 3182 ἔχεται
570 3114 777 3186 ὑψηλῆς
820 3091 929 3186 (34)
975 3119 1069 3170 καὶ
1100 3091 1394 3188 θεολογίας.
1435 3091 1597 3176 Ὥστε
1639 3127 1665 3177 6
1694 3091 1908 3196 ψαλμὺς
1937 3091 1980 3151 C

340 3203 496 3272 λόγος
530 3207 647 3259 ἐστὶ
686 3209 961 3277 μουσικὸς,
989 3211 1116 3263 ὅταν
1149 3212 1436 3282 εὐρύθμως
1475 3215 1615 3268 κατά
1650 3217 1775 3281 τοὺς
1811 3220 1910 3288 ἀρ-

345 3299 595 3364 μονικοὺς
623 3297 810 3365 λόγους
847 3299 982 3370 πρὸς
1018 3301 1078 3353 τὸ
1132 3302 1362 3373 ὄργανον
1399 3307 1682 3377 κρούηται·
1717 3308 1827 3381 ᾠδὴ
1855 3309 1912 3362 δὲ

341 3387 492 3458 φωνὴ
535 3389 777 3460 ἐμμελὴς
815 3391 1171 3464 ἀποδιδομένη
1207 3395 1569 3465 ἑναρμονίως,
1600 3400 1772 3471 χωρὶς
1810 3402 1910 3471 τῆς

343 3481 692 3553 συνηχήσεως
733 3483 826 3536 τοῦ
873 3485 1124 3554 ὀργάνου.
1177 3488 1436 3542 Ἐνταῦθα
1483 3491 1680 3556 τοίνυν,
1725 3494 1910 3565 ἐπειδὴ

341 3578 762 3649 ἐπιγέγραπται,
822 3581 1066 3649 Ψαλμός
1112 3581 1290 3649 ᾠδῆς,
1333 3584 1612 3654 ἡγούμεθα
1651 3586 1746 3656 τὴν
1781 3587 1910 3639 ἀκό-

341 3669 530 3722 λουθον
555 3670 751 3742 πρᾶξιν
782 3674 846 3741 τῇ
887 3671 1088 3743 θεωρίᾳ
1122 3674 1214 3725 τὸν
1243 3673 1397 3742 λόγον
1427 3675 1784 3728 αἰνίσσεσθαι.
1816 3669 1914 3729 Οὑ-

339 3779 432 3824 τος
451 3761 508 3814 δὲ
531 3765 559 3815 6
585 3762 796 3832 ψαλμὺς
833 3763 933 3832 τῆς
960 3764 1123 3834 ᾠδῆς,
1153 3764 1295 3818 κατά
1329 3766 1427 3837 τὴν
1454 3767 1785 3838 ἐπιγραφὴν,
1817 3767 1910 3820 τοῦ

341 3853 697 3923 ὲγκαινισμοῦ
735 3853 828 3906 τοῦ
875 3855 1024 3906 οἴκου
1071 3854 1313 3926 περιέχει
1356 3854 1507 3918 τινὰς
1553 3857 1763 3924 λόγους.
1805 3857 1914 3908 Καὶ

341 3946 487 3999 ἔοικε
515 3945 656 3999 κατά
693 3946 789 4016 μὲν
829 3945 890 3998 τὸ
923 3946 1231 4016 σωματικὸν
1253 3986 1267 4010 ,
1300 3947 1393 3999 ἐπὶ
1421 3947 1530 4000 τῶν
1569 3946 1776 4017 χρόνων
1819 3946 1912 4000 τοῦ

342 4038 703 4108 Σολομῶντος,
732 4037 1116 4108 ἀνεγερθέντος
1147 4037 1258 4108 (55)
1283 4038 1374 4091 τοῦ
1410 4038 1732 4109 περιϐοήτου
1758 4039 1911 4104 ναοῦ,

343 4135 370 4184 6
389 4131 544 4200 λόγος
570 4131 981 4198 διεξοδεύεσθαι,
1012 4133 1150 4204 πρὸς
1171 4134 1231 4185 τὸ
1256 4132 1552 4204 ψαλτήριον
1578 4133 1816 4203 μελῳδού
1827 4152 1918 4204 με-

343 4239 460 4284 νος·
496 4223 636 4276 κατά
667 4223 723 4276 δὲ
752 4224 812 4277 τὺ
856 4225 1066 4293 νοητὸν,
1094 4225 1193 4296 τὴν
1227 4223 1615 4294 ὲνσωμάτωσιν
1646 4221 1739 4274 τοῦ
1779 4220 1913 4274 Θεοῦ

345 4313 518 4381 Λόγου
547 4315 831 4384 σημαίνειν
854 4316 1005 4386 (56),
1037 4317 1132 4369 καὶ
1161 4318 1252 4368 τὸν
1282 4313 1637 4384 ὲγκαινισμὸν
1663 4313 1756 4366 τοῦ
1789 4330 1913 4366 και-

345 4405 452 4469 νῶς
495 4407 588 4458 καὶ
616 4405 929 4475 παραδόξως
959 4407 1122 4460 αὑτοῦ
1165 4407 1700 4470 κατασκευασθέντος
1727 4404 1875 4457 οἴκου
1898 4444 1913 4470 ,

417 4518 459 4549 ¹⁰
480 4517 708 4586 Philipp.
739 4533 812 4582 IV,
845 4518 896 4570 7.
976 4518 1018 4548 ¹¹
1050 4517 1067 4571 l
1097 4517 1242 4572 Petr.
1278 4534 1316 4583 ι,
1349 4518 1402 4570 2.

2460 2342 2526 2396 IN
2567 2343 2894 2402 PSALMUM
2933 2350 3120 2406 XXIX.

2121 2454 2370 2511 Psalmus
2397 2461 2588 2514 cantici
2614 2461 2670 2514 in
2701 2463 3032 2518 dedicatione
3059 2467 3243 2520 domus
3271 2469 3461 2524 David.

2087 2588 2139 2643 l.
2195 2589 2474 2645 Structura
2524 2595 2784 2664 corporis,
2845 2597 3155 2666 psalterium
3215 2601 3430 2668 quidem
3493 2613 3577 2655 est

2016 2692 2110 2748 per
2185 2682 2596 2750 metaphoram,
2664 2685 3230 2757 instrumentumque,
3293 2692 3434 2758 quod
3506 2705 3572 2744 ex

2013 2770 2232 2824 musica:
2265 2772 2461 2842 regulis
2495 2772 2557 2826 ad
2593 2775 2952 2829 concinendos
2984 2776 3090 2829 Deo
3120 2786 3305 2831 nostro
3337 2781 3574 2847 hymnos

2015 2860 2323 2931 adaptatum
2361 2872 2487 2917 est:
2532 2865 2659 2934 ipsa:
2707 2881 2837 2919 vero
2875 2870 3116 2936 corporis
3155 2869 3394 2922 actiones
3435 2871 3574 2937 psal-

2013 2965 2134 3005 mus
2163 2963 2287 3006 sunt
2313 2971 2328 3008 :
2356 2971 2472 3023 quae
2496 2957 2561 3008 ad
2588 2958 2676 3010 Dei
2709 2956 2931 3026 gloriam
2962 2958 3268 3012 referuntur
3297 2969 3430 3024 tum,
3452 2977 3574 3013 cum

2014 3045 2226 3098 ratione
2256 3044 2325 3099 ita
2357 3048 2604 3101 concinni
2637 3047 2917 3114 eﬂicimur,
2950 3059 3009 3102 ut
3032 3050 3411 3103 inconcinnum
3441 3050 3576 3104 nihil

2017 3135 2068 3186 in
2134 3137 2334 3192 nostris
2389 3139 2622 3192 motibus
2679 3155 3019 3209 peragamus.
3078 3140 3344 3210 Quidquid
3398 3151 3574 3196 autem

2014 3222 2230 3276 sublimi
2291 3226 2727 3294 contemplationi
2769 3244 2832 3282 ac
2887 3229 3168 3298 theologim
3212 3230 3575 3298 coniungitur,

2014 3315 2282 3367 canticum
2331 3326 2435 3370 est.
2481 3316 2726 3372 Psalmus
2756 3320 2938 3388 itaque
2973 3337 3149 3374 sermo
3183 3331 3267 3375 est
3314 3323 3574 3385 musicus,

2015 3419 2134 3457 cum
2164 3405 2430 3460 concinne
2465 3415 2692 3475 apteque
2722 3424 2789 3462 ex
2816 3409 3110 3464 harmoniae
3141 3413 3349 3464 ratione
3381 3412 3448 3464 ad
3481 3426 3574 3464 or—

2013 3513 2208 3567 ganum
2242 3497 2530 3565 pulsatur:
2572 3501 2840 3554 canticum
2881 3515 3009 3554 vero
3041 3517 3139 3554 vox
3176 3513 3258 3554 cst
3289 3502 3574 3562 concinna,

2015 3602 2132 3653 qua:
2161 3586 2429 3640 modulate
2455 3586 2590 3641 citra
2615 3590 2799 3657 organi
2822 3603 3009 3642 sonum
3037 3589 3320 3642 emittitur.
3344 3587 3577 3643 Proinde

2015 3692 2134 3730 cum
2168 3678 2253 3730 hic
2291 3678 2568 3746 inscriptio
2617 3678 2709 3743 sit,
2765 3679 3016 3734 Psalmus
3057 3681 3287 3746 cantici,
3327 3689 3577 3748 putamus

2016 3767 2100 3821 his
2130 3768 2310 3820 verbis
2356 3768 2671 3837 signiﬁcari,
2718 3771 2858 3837 quod
2893 3770 3397 3837 contemplationem
3436 3768 3576 3821 actio

2015 3867 2293 3926 sequatur.
2326 3857 2426 3913 llic
2461 3874 2588 3913 vero
2623 3859 2862 3928 psalmus
2891 3861 3120 3924 cantici,
3157 3861 3451 3914 secundum
3493 3859 3579 3912 in-

2015 3951 2359 4019 scriptionem
2382 3993 2397 4017 ,
2431 3953 2674 4020 quaulam
2711 3953 2776 4006 de
2811 3953 3002 4006 domus
3033 3952 3374 4006 dedicatione
3417 3966 3578 4021 argu-

2017 4051 2195 4096 menta
2227 4044 2487 4097 continet.
2521 4044 2585 4097 Et
2614 4045 2757 4113 quod
2789 4044 2852 4098 ad
2878 4044 3211 4113 corporalem
3243 4059 3462 4099 sensum
3498 4053 3582 4097 at-

2020 4133 2172 4197 tinet,
2204 4133 2415 4188 videtur
2437 4133 2524 4188 hic
2559 4148 2737 4188 sermo
2772 4137 3101 4204 temporibus
3127 4134 3456 4201 Salomonis,
3485 4148 3577 4189 ce-

2017 4221 2302 4276 leberrimo
2353 4223 2444 4277 illo
2491 4225 2685 4292 templo
2723 4235 3029 4290 exstructo,
3077 4227 3339 4280 recitatus
3381 4223 3578 4288 fuisse,

2019 4324 2179 4382 atque
2227 4316 2291 4367 ad
2339 4317 2582 4384 psalterii
2630 4319 3051 4372 modulationem
3101 4316 3577 4379 accommodatus;

2021 4415 2075 4456 at
2112 4419 2238 4458 vero
2285 4408 2577 4461 secundum
2619 4409 2948 4477 spiritualem
2986 4408 3391 4477 intelligentiam
3415 4445 3433 4471 ,
3485 4405 3581 4460 Dei

418 4633 539 4705 (52)
567 4631 673 4705 Ubi
714 4635 922 4705 legitur
955 4637 1008 4689 in
1048 4635 1208 4688 editis
1241 4633 1744 4705 δικαιοπραγοῦντι,
1780 4634 1908 4705 εει-ἓξ

2018 4649 2130 4700 ipsa
2163 4632 2357 4692 nativa,
2381 4629 2542 4705 καθοίΣ
2577 4628 2700 4682 "me
2756 4628 2862 4682 ille.
2915 4627 3047 4682 Cum
3069 4636 3265 4705 ‘ta‘men
3298 4623 3350 4676 in
3386 4622 3582 4676 nostris

345 4703 492 4756 bitur
529 4703 578 4755 in
636 4702 960 4759 Colbértinis
979 4707 1215 4759 secundo
1254 4716 1308 4757 et
1358 4702 1548 4770 quarto
1593 4703 1786 4771 δικαίῳ
1823 4704 1916 4756 καὶ

345 4772 724 4844 εὑπράττοντι.
755 4773 882 4837 Sed,
912 4775 1011 4828 nisi
1036 4789 1122 4828 me
1155 4774 1294 4825 fallit
1317 4774 1556 4844 animus,
1585 4774 1912 4844 boel'actum

347 4853 432 4897 est
456 4840 501 4896 'a
524 4843 767 4909 librario,
811 4845 924 4910 qui,
975 4846 1116 4911 quod
1167 4858 1267 4896 vox
1309 4840 1788 4911 δικαιοπραγοῦντι
1814 4843 1914 4895 sibi

346 4928 536 4982 parum
573 4912 789 4982 elegans
813 4914 1106 4977 videretur,
1160 4914 1451 4966 emendare
1485 4913 1680 4968 voluit.
1721 4911 1916 4965 Statim

346 4998 448 5036 vox
477 4981 835 5052 ἔργωνιίεθει
865 4987 926 5052 in
959 4983 1226 5052 aliquibus
1256 4997 1385 5035 mss.

416 5050 530 5134 (ὃό)
589 5051 700 5134 illa,
737 5050 968 5134 ςΥψώισω
1013 5051 1340 5134 σε,“Κύριε,
1379 5052 1460 5134 ὅτι
1507 5050 1772 5134 ὑπέλαϐές
1805 5067 1914 5134 “iis,

345 5119 690 5192 reperiuntur
735 5123 790 5176 in
817 5119 1068 5176 editione
1105 5119 1283 5192 Paris.
1315 5131 1438 5189 post
1475 5136 1662 5192 vocem
1725 5119 1910 5192 Aa6i6j

347 5190 681 5263 sedcumin
726 5208 855 5246 mss.
881 5193 1103 5263 ιίθεὶηι,Δ
1118 5206 1179 5244 ea
1208 5191 1530 5263 delevimus.
1564 5190 1686 5259 Ipso
1716 5190 1912 5257 psalmi

345 5262 498 5315 initio
529 5261 731 5316 habent
766 5261 894 5316 editi
930 5261 1049 5314 κατ’
1079 5260 1327 5331 ὄργανον.
1358 5263 1427 5313 At
1466 5260 1691 5314 Duczeus
1726 5273 1912 5331 emen-

345 5332 577 5385 dandum
614 5341 798 5384 censet
827 5346 894 5385 ex
925 5333 1063 5386 Oliv.
1115 5327 1572 5397 scribendumque
1600 5331 1694 5382 καὶ
1746 5327 1914 5398 ὄργα-

345 5416 454 5453 νον.
491 5401 581 5478 ᾼίι
615 5403 829 5468 quidem
881 5399 1234 5478 Combelisius
1287 5399 1601 5478 Φθίῃ-κατ’
1653 5400 1906 5478 ὄργανον,

350 5471 668 5523 mendosum
700 5485 819 5524 esse
851 5490 862 5524 :
899 5472 995 5524 sed
1041 5472 1094 5523 in
1144 5469 1262 5536 ipsa
1294 5469 1473 5523 Ducazi
1503 5469 1904 5532 emendatione,

347 5538 536 5591 vitium
567 5554 781 5607 quoque
827 5542 1054 5594 subesse
1096 5539 1347 5593 afﬁrmat.
1395 5539 1703 5606 Legendum
1747 5537 1911 5605 igitur

347 5617 498 5675 putat
533 5609 653 5661 καθ’
681 5611 932 5681 ὄργανον,
966 5611 1018 5664 id
1054 5611 1195 5678 quod
1225 5610 1339 5677 ipse
1378 5609 1468 5681 ita‘
1496 5610 1907 5681 interpretatur,

345 5695 458 5756 qua.
489 5675 768 5756 organum-
802 5683 992 5756 musice
1019 5675 1360 5756 conpletum.
1421 5675 1657 5756 Fefellit,
1713 5677 1908 5756 inquitr

346 5747 620 5818 aspiratio,
651 5764 889 5821 sequente
923 5751 1026 5805 leni
1059 5767 1075 5803 :
1107 5750 1196 5804 sed
1229 5751 1322 5803 illa
1349 5764 1451 5802 non
1485 5765 1514 5801 ιι
1546 5747 1649 5801 leni
1687 5755 1783 5813 est,
1814 5747 1904 5799 sed

2022 4694 2299 4772 duodecim
2353 4716 2482 4772 mss.
2528 4701 2970 4772 legaturquoque
3000 4695 3092 4748 καὶ
3121 4694 3368 4772 ὄργανον,
3396 4707 3584 4772 quem-

2025 4771 2312 4824 admodum
2339 4779 2394 4822 et
2428 4771 2480 4822 in
2531 4763 2666 4822 Oliv.
2699 4763 2854 4830 libro,
2884 4763 3068 4833 'Ionge
3113 4763 3282 4818 tutius
3325 4763 3584 4833 duximus

2022 4843 2344 4908 scripturam
2399 4848 2475 4911 tot
2535 4839 2779 4911 codicum
2843 4832 3151 4911 testiu'ionio
3192 4832 3580 4911 confirmatam

2023 4900 2194 4977 sequi,
2221 4924 2379 4976 quam
2409 4910 2666 4962 incertam
2697 4906 2838 4959 illam
2873 4919 2934 4959 ac
2976 4907 3145 4958 levem
3192 4902 3427 4956 hominis
3453 4900 3583 4954 alio-

2024 4979 2488 5050 quiicruditissimi
2520 4977 2912 5050 conjecturam.
3401 5037 3441 5050 ﬁ
3519 5039 3552 5050 __

2095 5048 2203 5118 (54)
2233 5048 2323 5100 Sic
2351 5037 2642 5118 Colbeqiui
2672 5046 2946 5118 tertius_et
2991 5051 3218 5112 quartus
3248 5055 3370 5118 cum
3401 5037 3583 5118 Regiis

2023 5108 2216 5171 animo
2243 5126 2296 5171 et
2326 5126 2496 5171 sexto.
2530 5117 2670 5170 Editi
2691 5125 2744 5169 et
2780 5113 2949 5176 major
2973 5108 3095 5180 pars
3118 5127 3246 5164 mss.
3271 5109 3454 5179 ἔχεται
3491 5108 3583 5176 ψι-

2022 5189 2138 5255 λῆς.
2173 5187 2328 5240 male.
2356 5185 2488 5239 Nam
2528 5201 2712 5258 vocem
2756 5184 2916 5253 ψιλῆς
2957 5183 3081 5235 huic
3125 5181 3243 5235 loco
3275 5193 3586 5258 accommo-

2020 5247 2137 5312 dari
2189 5272 2293 5310 non
2346 5270 2506 5326 posse
2555 5247 3016 5326 videnl_,'opinor,
3068 5264 3277 5306 omnes.
3343 5247 3585 5301 Subinde

2019 5328 2254 5380 nonnulli
2287 5323 2413 5380 mss.
2447 5325 2650 5396 θεωρίᾳ
2689 5324 2798 5376 τῶν
2823 5323 3018 5396 λόγων.

2091 5397 2200 5468 (55)
2232 5396 2332 5468 Ubi
2382 5397 2433 5449 in
2471 5383 2636 5468 ediiis
2662 5396 2858 5468 legitur
2894 5383 3302 5468 dvsyspll‘ewog,
3348 5383 3584 5468 habetur

2015 5467 2071 5521 iu
2096 5456 2412 5536 quibusdam
2431 5480 2565 5536 mss.
2595 5456 2968 5536 ἀνατεθέντος,
2997 5456 3050 5515 in
3065 5456 3186 5514 aliis
3205 5471 3334 5514 vero
3357 5456 3590 5508 ἀναστα-

2016 5535 2220 5599 θέντος,
2236 5537 2396 5608 ιῇυυᾱ
2422 5535 2670 5588 dissimili
2695 5548 2878 5608 sensu.
2995 5602 3007 5608 _
3031 5601 3061 5608 η
3225 5607 3229 5608 ν
3406 5603 3416 5608 _
3441 5595 3452 5608 _

2087 5595 2376 5676 (Etij’Colb.
2414 5614 2638 5671 quartus
2679 5603 2954 5675 σημαίνει.
2981 5601 3270 5670 Aliquanto
3304 5603 3423 5667 post
3441 5595 3584 5651 idem

2014 5675 2183 5735 codex
2208 5675 2446 5745 εὑραμεν
2481 5677 2556 5728 ἐν.
