4048 6220
442 324 549 380 507

1780 321 1839 378 S.
1879 320 2126 377 BASILII
2163 321 2380 379 MAGNI

3575 322 3697 380 508

441 440 608 498 Verbi
639 438 1065 495 incarnationem
1096 435 1406 507 significare
1436 437 1649 492 videtur
1689 436 2002 506 inscriptio,
2034 476 2044 498 ε

2147 436 2205 508 ὴν
2251 436 2559 510 ἐπιγραφὴν
2604 437 2815 509 δηλοῦν.
2862 436 3041 492 Πολλὰ
3085 437 3196 509 γὰρ
3242 436 3475 510 εὕρομεν
3512 438 3574 491 ἐν
3601 436 3695 509 τῷ

445 542 608 602 atque
642 533 831 586 domus
857 545 991 584 nova
1016 537 1070 583 et
1090 527 1330 583 inaudita
1355 540 1473 583 arte
1507 538 1831 583 constructa:
1862 527 2011 581 dedi-

445 626 713 680 cationem
742 621 1001 676 indicare.
1036 617 1173 674 Nam
1204 619 1257 673 in
1289 619 1390 675 hoc
1422 619 1627 689 psalmo
1667 619 1831 674 multa
1865 619 2013 673 inve-

444 717 625 771 nimus
648 727 713 769 ex
743 725 972 781 persona
1000 710 1209 766 Domini
1235 710 1609 780 pronuntiata.
1631 711 1740 764 Aut
1765 709 2015 765 fortassis

446 808 663 861 domum
715 802 1016 872 intelligere
1068 802 1322 858 convenit
1366 800 1685 856 aedificatam
1731 816 1760 855 a
1794 800 2016 856 Christo

446 897 785 960 Ecclesiam;
814 894 1268 964 quemadmodum
1299 901 1354 946 et
1386 890 1585 947 Paulus
1614 892 1667 946 in
1703 907 1802 948 sua
1831 894 1896 946 ad
1926 892 2016 947 Ti-

447 991 720 1045 motheum
757 987 995 1058 Epistola
1024 985 1212 1041 scribit
1239 1002 1254 1042 :
1286 981 1355 1039 Ut
1390 986 1529 1038 scias
1559 986 1819 1055 quomodo
1862 1001 2018 1054 opor-

448 1089 552 1135 teat
589 1081 643 1134 in
689 1079 844 1132 domo
881 1077 975 1133 Dei
1018 1077 1340 1142 conversari,
1385 1091 1503 1145 qua:
1532 1085 1606 1129 est
1641 1073 1877 1128 Ecclesia
1922 1074 2018 1130 Dei

450 1174 665 1228 viventis
690 1172 755 1225 ".
790 1171 1067 1226 Dedicatio
1091 1186 1218 1225 vero
1233 1168 1527 1233 Ecclesiae,
1553 1168 1910 1223 existimanda
1939 1179 2020 1223 est

453 1264 649 1317 mentis
676 1262 974 1329 renovatio,
1007 1260 1165 1332 125
1201 1276 1360 1331 quam
1391 1259 1445 1314 in
1479 1274 1800 1328 unoquoque
1824 1274 2021 1328 corpus

454 1356 712 1411 Ecclesiae
744 1354 944 1411 Christi
980 1356 1280 1424 complente
1319 1352 1554 1424 Spiritus
1589 1362 1807 1408 sanctus
1838 1351 2019 1408 eﬂieit.

454 1447 743 1502 Estautem
767 1447 942 1502 divina
961 1455 1014 1501 et
1035 1446 1235 1501 musica
1260 1446 1564 1511 harmonia,
1589 1460 1693 1501 non
1716 1460 1837 1515 quae
1859 1446 2021 1499 verba

455 1538 699 1608 quaedam
735 1535 1111 1605 complectitur
1134 1549 1295 1589 aures
1323 1533 1704 1597 demulcentia,
1739 1531 1835 1587 sed
1868 1545 2023 1601 coer-

458 1628 634 1683 centia
658 1643 720 1682 ac
747 1625 1046 1697 mitigantia
1075 1624 1336 1693 malignos
1362 1624 1621 1692 spiritus,
1643 1623 1737 1693 qui
1764 1623 2025 1678 obnoxias

458 1717 673 1787 injuriis
722 1717 935 1771 animas
980 1713 1262 1770 infestant.
1320 1711 1485 1769 Vens.
1526 1712 1582 1766 2.
1638 1712 1899 1766 Exaltabo
1944 1722 2011 1775 te,

2109 530 2308 601 ψαλμῷ
2338 529 2512 600 τούτῳ
2548 530 2613 583 ὲκ
2659 529 2950 601 προσώπου
2979 529 3071 583 τοῦ
3105 530 3311 602 Κυρίου
3339 529 3695 598 ἀπαγγελλό-

2114 636 2267 691 μενα.
2327 621 2397 673 Ἤ
2441 621 2581 690 τάχα
2618 615 2769 673 οἶκον
2809 621 3000 691 νοῆσαι
3030 622 3295 692 προσήκει
3328 622 3429 691 τὴν
3476 620 3696 675 οἰκοδο-

2115 715 2390 785 μουμένην
2431 715 2537 769 ὑπὸ
2579 715 2814 789 Χριστοῦ
2876 715 3238 786 Ἐκκλησίαν·
3280 714 3462 778 καθὼς
3513 716 3609 768 καὶ
3658 716 3697 769 ὁ

2113 805 2323 870 Παῦλος
2353 807 2410 860 ὲν
2439 808 2506 877 τῇ
2543 806 2680 877 πρὸς
2705 806 2965 877 Τιμόθεον
2979 805 3268 877 Ἐπιστολῇ
3297 805 3524 878 γράψει’
3559 805 3697 859 Ἵνα

2112 892 2280 962 εἰδῇς
2308 893 2434 960 πῶς
2464 893 2559 947 δεῖ
2576 894 2647 948 ὲν
2671 894 2818 960 οἴκῳ
2844 894 2993 948 Θεοῦ
3019 894 3517 963 ἀναστρέφεσθαι,
3550 893 3698 961 ἣτις

2114 984 2287 1040 ἐστὶν
2317 984 2652 1053 Ἐκκλησία
2667 985 2813 1040 Θεοῦ
2837 983 3070 1051 ζῶντος.
3107 985 3482 1057 Ἐγκαινισμὸν
3511 985 3568 1038 δὲ
3586 985 3700 1055 τῆς

2129 1078 2456 1149 Ἐκκλησίας
2502 1077 2840 1147 ὑποληπτέον
2887 1077 2984 1148 τὴν
3017 1077 3379 1131 ἀνακαίνωσιν
3416 1075 3510 1129 τοῦ
3542 1075 3695 1141 νοὸς,

2116 1169 2214 1241 τήν
2252 1170 2340 1223 διὰ
2391 1168 2483 1223 τοῦ
2530 1169 2685 1237 ἁγίου
2735 1169 3048 1240 Πνεύματος
3088 1169 3379 1239 γινομένην
3417 1168 3524 1239 (57)
3575 1172 3698 1231 τοῖς

2118 1259 2241 1315 καθ’
2267 1260 2363 1313 ἕνα
2391 1259 2500 1312 τῶν
2536 1259 2998 1330 συμπληρούντων
3026 1259 3086 1312 τὸ
3121 1258 3280 1330 σῶμα
3307 1259 3406 1330 τῆς
3457 1259 3659 1329 Ἐκκλη
3679 1289 3699 1298 ο

2122 1353 2246 1415 σίας
2277 1350 2371 1404 τοῦ
2397 1349 2658 1423 Χριστοῦ.
2697 1351 2854 1403 Ἐστι
2881 1351 2939 1405 δὲ
2965 1351 2997 1421 ή
3029 1350 3147 1403 θεία
3190 1351 3285 1404 καὶ
3327 1350 3559 1422 μουσικὴ
3591 1351 3699 1422 ἁρ-

2124 1444 2303 1515 μονία,
2337 1442 2397 1496 ού
2429 1441 2756 1513 περιέχουσά
2780 1459 2931 1506 τινας
2955 1442 3146 1510 λόγους
3172 1442 3343 1513 ἀκοὴν
3372 1441 3705 1511 εὐφραίνον-

2120 1554 2241 1601 τας,
2283 1535 2417 1589 ἀλλὰ
2459 1533 2916 1598 καταστέλλοντας
2963 1535 3059 1588 καὶ
3097 1534 3581 1605 καταπραΰνοντας
3625 1534 3703 1586 τὰ

2123 1625 2442 1697 ἐνοχλοῦντα
2498 1624 2709 1695 πονηρὰ
2760 1623 3047 1694 πνεύματα
3102 1625 3222 1687 ταῖς
3271 1623 3704 1694 εὐεπηρεάστοις

2125 1719 2343 1789 ψυχαῖς.
2383 1716 2635 1786 ’Υψώσω
2667 1732 2761 1779 σε,
2792 1716 2989 1785 Κύριε,
3026 1715 3115 1769 ὅτι
3146 1714 3442 1781 ὑπέλαϐές
3470 1731 3569 1784 με,
3598 1714 3703 1767 καὶ

458 1810 703 1874 Domine,
734 1809 985 1879 quoniam
1018 1806 1296 1876 suscepisti
1332 1822 1433 1871 me,
1469 1821 1559 1859 nec
1593 1804 1867 1858 delectasti
1912 1803 2022 1856 nti-

2262 1783 2562 1878 sbsopai-aq
2591 1807 2732 1873 τοὺς
2755 1783 3006 1876 ἐχθρούς
3022 1823 3140 1876 μου
3162 1805 3254 1859 ἐπ’
3288 1804 3408 1875 ἐμέ.
3438 1783 3562 1867 Πῶς
3587 1805 3616 1857 ό
3642 1806 3706 1856 ἐν

460 1902 622 1954 mices
646 1916 784 1953 meo:
808 1915 967 1966 super
990 1914 1090 1952 me.
1115 1897 1396 1962 Quomodo
1418 1896 1508 1964 qui
1537 1896 1588 1949 in
1607 1895 1731 1949 altis
1751 1895 1955 1948 habitat
1981 1892 2024 1925 "

458 1992 730 2047 exaltatur
767 1991 835 2045 ab
883 1991 950 2045 iis
983 1990 1075 2060 qui
1114 1988 1376 2043 humilem
1424 1987 1596 2042 locum
1648 1986 1823 2041 sortiti
1870 1984 2027 2040 sunt?

458 2085 660 2139 etenim
685 2084 730 2138 si
765 2098 977 2137 sursum
1009 2083 1060 2136 in
1089 2081 1226 2136 ccrlo
1257 2079 1420 2147 Deus,
1454 2088 1509 2134 tu
1544 2094 1671 2134 vero
1697 2080 1947 2134 deorsum
1974 2080 2025 2132 in

463 2185 627 2239 terra,
660 2189 895 2243 quonam
946 2181 1109 2243 pacto
1155 2172 1323 2226 Deum
1354 2185 1522 2239 queas
1574 2171 1854 2224 exaltare?
1891 2170 2028 2237 Quid

464 2265 626 2335 igitur
670 2264 772 2318 sibi
818 2263 931 2316 vult
978 2263 1166 2317 isthaec
1208 2262 1486 2331 prophetre
1531 2260 1853 2331 promissio?
1903 2275 2028 2314 num

464 2356 605 2410 forte
633 2355 775 2410 Deus
804 2355 1032 2409 exaltari
1064 2353 1265 2409 dicitur
1309 2353 1378 2407 ab
1410 2352 1497 2418 iis,
1532 2352 1622 2421 (tui
1657 2366 1846 2422 magna
1890 2344 2042 2405 Deo;

463 2461 569 2515 que
600 2447 777 2515 digna,
808 2445 875 2499 de
898 2445 1015 2514 ipso
1040 2444 1341 2515 intelligere
1371 2453 1620 2514 possunt,
1643 2453 1697 2499 et
1720 2443 1787 2496 ad
1815 2442 1905 2497 Dei
1928 2443 2034 2512 glo-

468 2539 603 2591 riam
646 2537 872 2592 vivunt?
910 2536 1011 2605 Qui
1058 2537 1221 2607 igitur
1253 2536 1320 2590 ad
1358 2535 1746 2591 beatitudinem
1798 2535 2035 2589 scienter

467 2629 701 2697 festinat,
737 2630 780 2685 is
804 2632 968 2684 Deum
989 2627 1230 2695 exaltat;
1261 2628 1352 2697 qui
1378 2642 1506 2681 vero
1533 2628 1858 2681 contrariam
1893 2626 2031 2680 viam

467 2723 630 2790 capit,
665 2723 710 2775 is
730 2762 744 2785 ,
775 2722 917 2791 quod
952 2736 1017 2774 ue
1050 2720 1233 2774 dicere
1271 2720 1491 2790 quidem
1517 2718 1597 2773 fas
1626 2727 1745 2785 est,
1773 2728 2034 2787 quantum

472 2814 527 2868 in
562 2828 621 2865 se
649 2822 755 2876 est,
784 2811 951 2865 Deum
990 2811 1264 2880 deprimit.

540 2903 594 2957 2.
632 2901 737 2956 Sed
770 2911 821 2956 et
847 2916 1061 2955 omnem
1086 2910 1289 2955 statum
1316 2901 1476 2955 rebus
1499 2899 1700 2954 nostris
1719 2901 2037 2955 convenien-

474 3002 579 3045 tem
619 2990 774 3060 quasi
823 2990 933 3044 Deo
987 2988 1292 3042 tribuimus.
1343 2987 1572 3051 Idcirco,
1623 2984 2039 3040 dortnitantibus

2127 1903 2238 1964 τοῖς
2272 1899 2494 1969 ὑψηλοῖς
2526 1896 2795 1951 κατοικῶν
2841 1896 3072 1966 ὑψοῦται
3106 1895 3211 1949 ὑπὸ
3250 1895 3358 1947 τῶν
3386 1893 3486 1965 τὴν
3515 1910 3708 1947 ταπει-

2129 1993 2224 2064 νὴν
2263 1990 2445 2062 χώραν
2488 1989 2796 2059 λαχόντων;
2842 1988 2891 2039 εί
2932 1987 3042 2059 γὰρ
3068 1988 3096 2038 ὁ
3126 1986 3257 2050 Θεὸς
3294 1988 3352 2039 ὲν
3378 1984 3457 2056 τῷ
3486 1985 3709 2055 οὐρανῷ

2129 2085 2261 2145 ἄνω,
2289 2083 2383 2136 καὶ
2415 2085 2479 2135 σὺ
2510 2083 2567 2133 ὲν
2599 2082 2665 2149 τῇ
2693 2081 2763 2149 γῇ
2799 2078 2972 2141 κάτω,
2999 2078 3105 2131 τίνι
3130 2076 3196 2130 ἂν
3237 2076 3425 2148 τρόπῳ
3452 2077 3540 2129 τὸν
3568 2076 3709 2130 Θεὸν

2132 2175 2435 2245 ὕψὼσειαςς
2463 2175 2528 2227 Τί
2563 2171 2658 2228 οὖν
2686 2173 2933 2245 βούλεται
2974 2172 3052 2244 τῷ
3081 2173 3335 2244 προφήτῃ
3376 2175 3411 2243 ἡ
3461 2173 3706 2240 ἐπαγγε-

2132 2270 2251 2334 λία;
2293 2270 2327 2341 ἦ
2363 2270 2572 2340 μήποτε
2614 2266 2877 2336 ὑψοῦσθαι
2927 2266 3141 2335 λέγεται
3185 2266 3291 2318 ὑπὸ
3333 2263 3442 2318 τῶν
3487 2263 3706 2335 μεγάλα

2134 2365 2226 2417 καὶ
2252 2362 2526 2433 θεοπρεπῆ
2557 2364 2695 2414 νοεῖν
2735 2360 2863 2431 περὶ
2896 2358 3060 2412 αὑτοῦ
3092 2359 3202 2429 (58)
3230 2358 3567 2429 δυναμένων,
3612 2358 3711 2411 καὶ

2136 2456 2192 2507 ἐν
2228 2453 2305 2523 τῷ
2340 2452 2487 2523 βιοῦν
2529 2453 2609 2515 είς
2654 2450 2811 2515 δόξαν
2860 2448 3036 2514 Θεοῦ;
3084 2450 3140 2502 Ὁ
3177 2451 3275 2520 μὲν
3325 2446 3417 2504 οὖν
3460 2449 3712 2503 σπεύδων

2139 2548 2255 2618 μετ’
2291 2545 2603 2616 ἐπιστήμης
2627 2544 2719 2595 ἐπὶ
2746 2542 2843 2614 τὴν
2874 2541 3250 2612 μακαριότητα
3276 2540 3400 2613 eeo:
3422 2540 3512 2594 τὸν
3538 2541 3706 2594 Θεόν·

2136 2640 2165 2691 ό
2194 2638 2370 2707 δὲτὴν
2396 2636 2643 2690 ἐναντίαν
2687 2634 3041 2705 τρεπόμενος,
3075 2633 3104 2686 ὃ
3147 2634 3281 2704 μηδὲ
3321 2633 3477 2704 θέμις
3509 2635 3706 2696 εἰπεῖν,

2136 2731 2197 2783 τὸ
2225 2731 2346 2783 ὅσον
2372 2728 2456 2797 ἐφ’
2484 2726 2657 2798 ἑαυτῷ
2685 2726 2775 2779 τὸν
2802 2727 2934 2779 Θεὸν
2968 2728 3233 2779 ταπεινοῖ.

2208 2907 2260 2960 2.
2306 2907 2413 2960 Kal
2473 2907 2651 2957 πᾶσαν
2714 2903 2769 2956 δὲ
2827 2901 3172 2975 ἁρμόζουσαν
3224 2903 3338 2964 τοῖς
3390 2901 3712 2971 πράγμασιν

2141 3000 2296 3070 ήμῶν
2341 2997 2674 3051 κατάστασιν
2722 2995 2885 3047 οἱονεὶ
2932 2993 3280 3065 περιτίθεμεν
3318 2992 3394 3063 τῷ
3439 2992 3576 3063 Θεῷ.
3608 2994 3714 3047 Διὰ

473 3083 653 3145 nobis,
688 3090 742 3136 et
770 3081 1011 3149 segniter
1038 3081 1345 3151 agentibus,
1375 3080 1611 3135 dormire
1641 3080 1836 3134 dicitur
1875 3079 2036 3144 Deus,

2147 3092 2317 3155 τοῦτο,
2347 3086 2717 3152 νυσταζόντων
2758 3086 2916 3157 ήμῶν
2946 3085 3041 3141 καὶ
3075 3085 3297 3157 νωθρῶς
3328 3085 3714 3159 ἐνεργούντων,

474 3173 723 3240 indignos
751 3187 851 3228 nos
881 3172 1128 3242 judicans
1156 3170 1378 3240 provida
1404 3188 1498 3225 sua
1532 3172 1583 3226 in
1614 3186 1710 3226 nos
1740 3171 2037 3241 vigilantia.

475 3266 724 3319 Attamen
760 3264 850 3319 ubi
881 3263 1169 3333 aliquando
1194 3262 1573 3318 detrimentum
1603 3279 1670 3319 ex
1703 3279 1892 3319 somno
1918 3278 2043 3318 sen-

478 3356 695 3423 tientes,
723 3354 1017 3410 dixerimus
1047 3371 1062 3408 :
1094 3352 1363 3425 Exsurge,
1399 3370 1560 3425 quare
1607 3354 1902 3421 obdormis,
1935 3354 2047 3408 Do-

478 3449 615 3503 mine
659 3448 740 3502 “?
783 3445 906 3501 Non
947 3446 1287 3512 dormitabit,
1323 3463 1485 3518 neque
1528 3448 1747 3501 dormiet
1795 3457 1920 3502 tunc
1957 3451 2047 3519 qui

479 3540 702 3597 custodit
723 3538 891 3595 Israel
921 3540 986 3594 ¹⁸.
1018 3538 1194 3608 Atque
1222 3538 1309 3593 alii
1342 3540 1561 3609 quidam
1592 3540 1682 3594 Dei
1716 3554 1745 3593 a
1777 3554 1837 3595 se
1864 3541 2048 3597 oculos

480 3634 626 3687 velut
670 3642 921 3686 avertunt
977 3631 1047 3687 ob
1089 3640 1272 3700 turpes
1303 3646 1428 3686 snas
1467 3631 1670 3701 Deique
1699 3633 1869 3688 oculis
1907 3633 2046 3687 indi-

482 3739 615 3792 gnas
642 3723 920 3778 actiones:
948 3723 1041 3792 qui
1075 3722 1393 3791 poenitentia
1419 3722 1589 3785 ducti,
1618 3722 1805 3777 dicunt
1829 3742 1843 3777 :
1876 3723 2053 3788 Quare

484 3816 671 3884 faciem
693 3825 839 3867 tuam
870 3813 1060 3868 avertis
1080 3813 1162 3867 ‘5?
1192 3813 1332 3869 Sunt
1360 3824 1555 3883 praeter
1586 3814 1705 3869 illos
1734 3825 1788 3870 et
1812 3815 1929 3884 alii,
1959 3816 2050 3886 qui

483 3924 515 3962 e
550 3906 810 3963 memoria
835 3907 931 3961 Dei
958 3906 1140 3976 ejecti,
1175 3916 1229 3960 et
1254 3906 1417 3960 veluti
1445 3906 1526 3961 sui
1558 3904 1796 3975 ipsorum
1828 3907 2055 3962 oblivio-

488 4015 609 4054 nem
641 4000 749 4054 Deo
775 4008 1044 4064 creantes,
1078 3999 1302 4054 dicunt:
1338 3997 1674 4052 Oblivisceris
1720 4000 1915 4068 inopia:
1960 4017 2055 4054 no-

488 4102 617 4145 stra:
661 4101 707 4144 et
735 4090 1088 4144 tribulationis
1112 4099 1303 4143 nostra:
1326 4090 1389 4143 ’⁷.
1417 4090 1481 4143 Ει
1505 4104 1610 4143 uno
1641 4091 1824 4153 verbo,
1849 4108 1969 4162 quae
1989 4110 2055 4149 ex
2101 4099 2107 4106 ’

487 4184 723 4238 luunano
760 4181 951 4237 affectu
991 4182 1241 4237 dicuntur
1271 4183 1336 4237 de
1386 4181 1495 4236 Deo
1519 4222 1533 4245 ,
1572 4196 1636 4237 ea
1684 4184 1935 4240 homines
1978 4185 2058 4242 fa-

489 4276 661 4340 ciunt,
687 4274 843 4329 talem
871 4275 969 4328 sibi
995 4274 1160 4328 Deum
1186 4274 1468 4343 fingentes,
1499 4274 1713 4344 qualem
1745 4291 1806 4332 se
1827 4279 2059 4349 quisque

493 4366 644 4438 prius
676 4365 974 4421 constituit.
1023 4362 1287 4420 Exaltabo
1322 4366 1487 4437 igitur
1524 4375 1606 4433 te,
1640 4367 1895 4436 Domine,
1930 4388 2060 4442 quo-

562 4528 608 4557 "
634 4523 805 4579 lTim.
847 4541 929 4591 ιιι,
959 4524 1045 4580 15.
1123 4525 1168 4555 ⁸³
1206 4523 1347 4580 Psal.
1383 4539 1513 4593 cm,
1545 4525 1600 4580 5.
1677 4525 1721 4557 “
1742 4525 1883 4582 Psal.
1919 4527 2188 4594 xum?!»

2148 3182 2346 3237 ὑπνοῦν
2392 3181 2609 3249 λέγεται
2648 3181 2677 3232 ὁ
2708 3177 2861 3244 Θεὸς,
2902 3176 3155 3241 ἀναξίους
3192 3178 3341 3247 ἡμᾶς
3378 3176 3577 3247 κρίνων
3613 3178 3719 3247 τῆς

2147 3273 2547 3344 ἐπισκοπούσης
2573 3272 2718 3342 ἡμᾶς
2741 3268 3121 3340 ἐγρηγόρσεως
3153 3266 3337 3321 αὑτοῦ.
3386 3266 3632 3320 Ἐπειδὰν
3659 3266 3719 3321 δέ

2150 3382 2279 3419 ποτε
2313 3363 2622 3433 αἰσθόμενοι
2658 3360 2759 3431 τῆς
2803 3360 2911 3429 (59)
2941 3360 3008 3412 ὲκ
3046 3359 3142 3412 τοῦ
3184 3358 3353 3412 ὕπνου
3396 3358 3599 3428 βλάϐης
3642 3358 3723 3411 st-

2150 3472 2372 3528 πωμεν·
2439 3452 2766 3520 Ἀνάστηθι,
2822 3452 2924 3505 ἵνα
2974 3451 3032 3504 τί
3089 3449 3326 3515 ὑπνοῐς,
3373 3450 3581 3516 Κύριε;
3635 3453 3721 3503 Οὐ

2149 3546 2456 3610 νυστάξει,
2504 3544 2647 3599 οὐδὲ
2690 3542 2956 3598 ὑπνώσει
2998 3543 3129 3594 τότε
3161 3544 3193 3595 ὁ
3237 3539 3573 3609 φυλάσσων
3611 3539 3724 3593 τὸν
3812 3534 3815 3535 ν

2162 3634 2427 3704 Ἰσραήλ.
2459 3634 2569 3687 Καὶ
2602 3631 2748 3687 ἄλλοι
2789 3630 2931 3693 τινὲς
2960 3629 3124 3681 οἱονεὶ
3162 3626 3559 3698 ἀποστρέφουσι
3592 3628 3724 3689 τοὺς

2152 3727 2463 3798 ὀφθαλμοὺς
2491 3722 2584 3777 τοῦ
2625 3721 2781 3784 Θεοῦ,
2811 3720 2899 3774 διὰ
2928 3720 2989 3772 τὸ
3019 3718 3240 3789 αἰσχρὸν
3270 3712 3346 3772 ὧν
3387 3716 3597 3770 ποιοῦσι
3629 3718 3726 3769 καὶ

2155 3820 2371 3885 ἀνάξιον
2402 3816 2509 3871 τῶν
2536 3814 2827 3885 ὀφθαλμῶν
2855 3810 2948 3865 τοῦ
2989 3809 3124 3864 Θεοῦ
3144 3827 3157 3840 ·
3183 3807 3231 3861 οἳ
3258 3805 3730 3879 μεταμεληθέντες

2154 3914 2400 3981 λέγουσιν
2421 3928 2433 3940 ·
2450 3910 2602 3970 ,Ἵνα
2626 3907 2682 3960 τί
2706 3905 2771 3959 τὸ
2805 3905 3128 3971 πρόσωπόν
3149 3914 3264 3955 σου
3287 3897 3728 3968 ἀποστρέφεις-ς

2155 4004 2267 4056 Kal
2316 4000 2464 4056 ἄλλοι
2506 3997 2658 4068 παρὰ
2694 3995 2917 4056 τούτους
2963 3992 3100 4045 εἰσὶν
3142 3992 3190 4044 oi
3234 3988 3590 4060 ἐκϐληθέντες
3625 3987 3730 4058 τῆς

2161 4094 2379 4165 μνήμης
2412 4089 2507 4143 τοῦ
2546 4086 2681 4141 Θεοῦ
2725 4084 2859 4156 (40),
2912 4083 3004 4136 καὶ
3045 4082 3205 4135 οἱονεὶ
3242 4079 3414 4151 λήθην
3446 4079 3594 4149 αὕτῷ
3624 4081 3730 4149 ep-

2159 4182 2437 4245 ποιοῦντες
2469 4178 2707 4232 ἐαυτῶν·
2765 4177 2961 4238 οἵτινες
2993 4174 3263 4242 λέγουσιν,
3313 4171 3395 4226 ὅτι
3453 4173 3732 4226 Ἑπιλαν-

2160 4275 2310 4343 θάνῃ
2336 4272 2445 4341 τῆς
2466 4271 2757 4339 πτωχείας
2782 4267 2952 4337 ἡμῶν
2977 4266 3077 4320 καὶ
3118 4264 3226 4332 τῆς
3246 4264 3509 4332 θλίψεως
3538 4264 3728 4333 ἡμῶν.

2160 4367 2271 4422 Καὶ
2308 4361 2663 4429 ἁπαξαπλῶς,
2703 4358 2774 4414 τὰ
2810 4355 3255 4430 άνθρωποπαθῶς
3292 4356 3565 4427 λεγόμενα
3604 4359 3734 4431 περὶ

2264 4526 2308 4557 ¹⁵
2348 4523 2451 4579 Psa
2477 4564 2491 4577 .
2525 4537 2652 4587 cxx,
2690 4536 2743 4575 4.
2821 4515 3030 4572 "t’sal.
3065 4530 3217 4580 xutt,
3241 4512 3331 4567 24.
3411 4515 3454 4546 ¹¹¹
3496 4512 3626 4569 ibid.

566 4682 678 4757 (ξι)
706 4683 838 4757 Reg.
863 4683 1131 4757 secundus
1160 4683 1260 4754 τὴν
1295 4681 1635 4757 ᾁνακαίνισιν
1672 4683 1767 4737 τοῦ
1810 4684 1930 4749 νοὸς
1969 4687 2044 4757 τὴ·

2170 4687 2297 4742 stris
2325 4684 2603 4757 duodecim
2633 4697 2762 4757 mss.
2794 4686 2944 4757 certo
2965 4685 3020 4757 e_t
3058 4681 3372 4757 constanter
3419 4669 3544 4754 legi.
3581 4670 3737 4753 Norat

494 4754 581 4808 διὰ
602 4752 739 4828 Πνεύ
750 4770 916 4824 ματος
942 4752 1095 4828 ἁγίοι)
1118 4752 1427 4828 γινομένην.
1448 4752 1655 4809 Habent
1684 4770 1897 4825 quoque
1917 4752 2068 4828 Regii

496 4826 689 4878 tertius
711 4833 765 4876 et
794 4834 1024 4891 quartus
1058 4825 1418 4877 ἀνακαίνισιν.

568 4891 691 4964 ('58),
712 4893 867 4955 Illud,
898 4895 1025 4964 περὶ
1047 4893 1234 4958 αὐτοῦ,
1268 4892 1421 4964 abest
1447 4906 1478 4946 a
1518 4891 1649 4962 Reg.
1677 4897 1935 4954 secundo.
1951 4895 2070 4951 Mox

496 4965 645 5033 idem
659 4962 797 5033 Reg.
834 4962 1102 5017 secundus
1135 4963 1164 5015 ὃ
1192 4964 1265 5033 μὴ
1286 4962 1464 5033 θέμις.

568 5030 678 5103 (59)
708 5030 839 5100 Reg.
867 5035 1135 5107 secundus
1159 5030 1365 5107 δήποτε
1400 5031 1778 5107 αἰσθανόμενοι
1800 5035 1918 5107 τῆς.
1960 5033 2067 5088 lbi-

500 5102 619 5159 dem
647 5102 785 5174 unus
811 5118 915 5174 ms.
943 5102 1042 5173 τῆς
1061 5104 1118 5155 ὲν
1138 5103 1218 5174 τῷ
1245 5102 1421 5172 ὕπνῳ.
1487 5102 1640 5156 infra
1658 5104 1809 5159 Colb.
1842 5102 2071 5174 quartus

498 5178 546 5228 οἱ
582 5171 1026 5243 μεταϐληθέντες.

573 5242 688 5311 (40)
731 5243 831 5297 Ubi
861 5244 1063 5297 editum
1102 5243 1404 5298 invenimus
1441 5242 1493 5295 in
1532 5242 1771 5298 editione
1804 5242 1977 5299 Paris.
2022 5244 2073 5298 οί

504 5313 858 5381 ἐκϐληθέντες
882 5314 980 5385 τῆς
1005 5314 1223 5385 μνήμης
1246 5311 1341 5365 τοῦ
1374 5311 1537 5372 Θεοῦ.
1563 5313 1712 5381 ejecti
1756 5316 2075 5385 e‘tnemoria

503 5386 624 5449 Dei,
663 5394 843 5437 monet
880 5382 1127 5445 Ductus,
1159 5382 1590 5443 Volaterranum.
1626 5392 1760 5437 teste
1794 5382 2072 5436 MOlllaf‘ll-

503 5459 599 5518 tio,
627 5456 885 5520 scriptum
931 5454 1199 5520 reperisse
1246 5454 1298 5505 in
1342 5454 1454 5507 suis
1489 5453 1789 5516 codicibus,
1829 5455 1879 5505 οἱ
1910 5453 2073 5506 ἐκϐα-

504 5525 685 5587 λόντες
710 5524 807 5593 τῆς
841 5523 1059 5594 μνήμης
1095 5523 1185 5576 τὸν
1221 5523 1373 5587 Θεόν,
1430 5523 1694 5594 ejicieutes
1742 5538 1769 5575 e
1821 5523 2071 5576 memoria

506 5594 697 5648 Deum.
736 5593 851 5648 Sed
869 5597 960 5661 qui
1006 5594 1115 5649 sint
1152 5595 1369 5648 codices
1413 5593 1509 5653 illi,
1546 5605 1762 5661 quoque
1802 5600 2068 5647 terrarum

507 5664 704 5731 angulo
732 5660 1032 5726 serventur,
1065 5664 1244 5719 nescio
1277 5680 1290 5715 :
1327 5663 1420 5718 sed
1446 5663 1559 5717 scio
1578 5660 1874 5731 lectionem
1919 5661 2069 5715 Pari-

510 5729 741 5788 siensem
765 5733 897 5788 etin
931 5732 1068 5789 Oliv.
1116 5743 1169 5789 et
1213 5734 1267 5788 in
1300 5733 1536 5790 editione
1574 5729 1737 5787 Basil.
1775 5741 1828 5787 et
1874 5731 1927 5785 in
1972 5746 2067 5787 uo-

2174 4759 2389 4828 quidem
2426 4753 2817 4828 ⁸(ἒοιιιιιιξιὶεἰιιε
2876 4748 3025 4828 illud,
3054 4742 3443 4828 ἐκόαλόντεςι
3507 4741 3736 4828 iri-veniri

2176 4812 2392 4897 tinuoque
2425 4825 2524 4897 i_n__
2549 4823 2699 4897 Colb.
2743 4820 2819 4897 uti
2855 4827 2918 4897 _et
2963 4814 3288 4897 in‘Moutac.
3321 4822 3377 4867 et
3414 4812 3597 4897 Angli,
3642 4812 3737 4897 sed

2176 4884 2374 4964 duo'in
2416 4893 2728 4964 Cnlbertino
2756 4886 3064 4964 italegerit,
3097 4884 3277 4964 dicere
3307 4892 3737 4964 prompturus-no-

2176 4950 2260 5020 bis
2291 4980 2396 5019 non
2420 4974 2524 5017 est.
2548 4961 2709 5017 Certe
2754 4950 2972 5028 quidem
3020 4955 3075 5010 in
3115 4951 3443 5028 Colb_ert_i_nis
3487 4950 3737 5028 omnibus

2178 5051 2297 5106 quae
2357 5033 2721 5106 mihi_vidcre
2760 5020 2988 5106 contigit
3052 5021 3451 5106 exemplaribus
3501 5020 3734 5106 (nullum

2175 5090 2355 5159 a'utem
2414 5103 2613 5171 fugisse
2645 5114 2729 5153 me
2775 5090 2938 5171 puto)'
2957 5090 3657 5171 reperi_éu6).p0éyc§;"'at
3685 5090 3740 5144 in

2176 5158 2256 5229 eis
2282 5189 2351 5229 ne
2376 5158 2657 5236 vesiigium
2702 5158 2916 5237 quidem
2950 5158 3173 5237 inveni
3200 5158 3351 5237 vocis
3395 5158 3737 5237 ἐκβαλόντες.

2174 5245 2446 5299 Praeterea
2478 5229 2606 5312 quid
2636 5229 2899 5293 attinebat
2937 5229 3739 5312 Corttbefisiumcodicesyon-

2179 5325 2283 5368 tac.
2311 5322 2366 5366 et
2394 5299 2552 5382 Ang'l.
2576 5320 2898 5371 memorare,
2918 5304 3073 5382 quasi
3101 5303 3136 5357 ii
3166 5301 3291 5356 libri
3322 5302 3464 5382 inter
3483 5314 3541 5353 se
3562 5299 3744 5382 distin:

2216 5365 2661 5449 uerenturfquos
2690 5389 2869 5432 tamen
2887 5365 3114 5449 eosdem
3149 5387 3273 5449 esse
3296 5372 3454 5440 plane
3483 5365 3741 5449 constat}

2211 5436 2314 5507 iam
2347 5455 2399 5506 in
2426 5436 2599 5505 Ducfei
2634 5460 2782 5510 nota,
2805 5436 3318 5499 undeCombeflsius
3358 5440 3570 5507 accepit
3592 5436 3744 5506 quid-

2176 5525 2306 5593 quid
2367 5521 2505 5576 dixit
2552 5521 2655 5593 hoc
2688 5516 2895 5593 loco,_ii
2941 5516 3050 5593 soli
3084 5513 3209 5593 libri
3258 5512 3743 5593 laudantemﬂuos

2175 5576 2325 5658 olim,
2376 5601 2517 5648 teste
2565 5576 2917 5651 Montacu’tio,
2966 5585 3173 5640 viderat
3222 5582 3304 5637 vir
3352 5580 3545 5637 doctus
3588 5576 3744 5631 Vola-

2176 5674 2447 5720 l8ffilﬂll$.
