4048 6220
369 369 477 427 309

1502 370 1786 427 HOMILIA
1825 371 1894 428 IN
1931 370 2265 429 PSALMUM
2304 369 2502 425 XXIX.

3523 358 3628 416 310

372 488 505 544 Θεοῦ
545 488 821 560 ἂνθρωποι
851 486 1200 561 ἐργάζονται,
1232 490 1474 544 τοιοῦτον
1500 492 1716 558 ἑαυτοῖς
1741 493 1940 547 ποιοῦν-

2059 495 2200 548 niam
2226 490 2499 560 suscepisti
2524 503 2604 543 me
2629 504 2647 552 ;
2677 502 2770 541 nec
2795 483 3064 540 delectasti
3092 482 3334 537 inimicos
3370 495 3509 534 meos
3534 496 3630 535 su-

373 599 462 645 τες
492 580 583 635 τὸν
609 581 763 645 Θεὸν,
788 574 902 635 οἷον
927 583 1090 647 αὐτὸς
1114 583 1304 637 ἑαυτὸν
1326 583 1557 649 ἕκαστος
1586 586 1949 658 προευτρεπί-

369 670 471 736 ζει.
515 669 770 739 ’Υψώσω
795 684 870 725 σε
896 666 1010 736 οὖν,
1045 674 1244 741 Κύριε,
1274 673 1363 727 ὅτι
1394 674 1695 741 ὑπέλαϐές
1719 692 1818 745 με,
1851 676 1950 729 καὶ

368 765 478 816 οὐκ
509 764 812 831 εὔφρανας
850 763 993 830 τοὺς
1039 765 1291 835 ἐχθρούς
1327 783 1447 835 μου
1486 768 1578 820 ἐπ’
1609 767 1734 837 ἐμὲ,
1787 767 1950 839 μηδὲν

367 856 621 909 ταπεινὸν
655 856 792 927 μηδὲ
823 856 1159 927 χαμαίζηλον
1195 858 1287 911 ἐπὶ
1318 857 1412 910 τοῦ
1453 857 1569 928 βίου
1607 875 1707 929 μου
1746 860 1947 930 φέρων.

369 948 478 1000 Καὶ
533 947 697 1001 πόθεν
756 964 847 1019 μοι
892 951 926 1021 ἡ
973 948 1067 1002 τοῦ
1126 948 1296 1019 ὑψοῦν
1342 951 1639 1022 ἐνυπάρχει
1688 951 1947 1021 δύναμις;

380 1038 595 1110 Ἐπειδὴ
620 1039 683 1091 σύ
709 1058 777 1111 με
796 1038 1083 1109 προλαϐὼν
1106 1039 1397 1105 ὑπέλαϐες.
1437 1040 1818 1112 Ἐμφαντικῶς
1837 1042 1948 1112 (41)

368 1128 557 1200 εἴρηκε
580 1130 642 1182 τὸ
660 1173 676 1196 ,
716 1131 1051 1196 Ὺπέλαϐες,
1085 1131 1207 1183 ἀντὶ
1232 1130 1348 1194 τοῦ,
1398 1128 1819 1201 Ἐμετεώρισάς
1848 1149 1942 1201 με,

370 1220 461 1272 καὶ
497 1218 767 1291 ἀνώτερον
806 1219 917 1274 τῶν
954 1221 1511 1292 κατεπανισταμένων
1550 1239 1618 1292 με
1662 1222 1944 1291 ἐποίησας.

369 1315 545 1368 Οίονε).
570 1315 737 1369 παῖδά
762 1331 884 1369 τινα
914 1313 1157 1386 ἀπείρως
1185 1315 1379 1385 ἔχοντα
1408 1315 1546 1386 πρὸς
1575 1314 1636 1367 τὸ
1667 1314 1945 1385 νήχεσθαι,

369 1406 433 1475 τῇ
462 1405 604 1476 χειρί
630 1422 715 1469 τις
731 1403 1035 1471 ὑπολαϐὼν,
1059 1404 1458 1475 μετεωρότερον
1474 1404 1595 1472 ἄγοι
1618 1402 1712 1456 τοῦ
1735 1403 1946 1467 ὓδατος.

382 1500 439 1552 '0
464 1493 557 1553 οὖν
589 1499 653 1552 ὲκ
681 1499 780 1569 τῆς
810 1497 903 1552 τοῦ
935 1498 1071 1551 Θεοῦ
1102 1496 1353 1568 βοηθείας
1385 1495 1683 1560 ἀνανεύσας
1713 1497 1821 1551 ἀπὸ
1852 1494 1945 1549 τοῦ

371 1589 683 1661 πτώματος,
721 1585 874 1654 οὗτος
906 1590 1011 1644 ὑπὸ
1029 1590 1454 1660 εὐγνωμοσύνης
1472 1588 1558 1642 διὰ
1586 1589 1694 1643 τῶν
1727 1587 1947 1658 ἀγαθῶν

369 1682 545 1753 ἔργων
575 1682 780 1751 ὕψωσιν
811 1681 1203 1751 ἐπαγγέλλεται
1234 1679 1310 1751 τῷ
1340 1679 1459 1746 Θεῷ
1490 1680 1622 1752 (42).
1662 1680 1731 1734 Ἥ
1757 1680 1946 1751 ὥσπερ

367 1775 488 1828 τινὰ
520 1774 822 1846 παλαιστὴν
851 1773 1180 1829 ἀσθενοῦντα
1211 1771 1577 1845 ὑποστηρίξας
1607 1791 1692 1837 τις
1717 1772 1826 1827 ἀπὸ
1848 1771 1942 1826 τοῦ

2052 602 2145 652 per
2183 599 2283 638 me.
2317 581 2461 636 Nihil
2495 579 2752 635 nimirum
2798 575 3036 643 humile,
3078 573 3214 628 nihil
3256 571 3523 641 abiectum
3571 572 3626 625 in

2050 680 2161 731 vita
2185 690 2306 731 mea
2333 672 2626 743 perferam.
2655 669 2812 726 Unde
2834 684 2964 724 vero
2989 666 3216 723 facultas
3241 665 3371 720 mihi
3400 673 3451 719 te
3477 661 3627 718 exal-

2053 766 2234 820 tandi?
2258 766 2524 832 Quoniam
2566 772 2619 818 tu
2660 776 2747 817 me
2788 758 3124 831 praveniens
3156 754 3461 825 suscepisti.
3491 752 3627 808 Per-

2049 858 2234 928 spicue
2257 857 2411 921 dixit,
2435 855 2725 925 Suscepisti
2747 870 2850 919 me,
2880 866 2998 922 pro,
3025 848 3320 905 Sublevasti
3344 862 3444 910 me,
3462 855 3517 900 et
3534 860 3628 899 su-

2050 950 2318 1019 periorem
2342 947 2745 1019 insurgentibus
2773 946 2826 997 in
2851 958 2938 998 me
2954 941 3198 997 eﬁ‘ecisti.
3228 938 3405 996 Veluti
3428 937 3474 992 si
3500 935 3626 1006 quis

2052 1056 2277 1112 puerum
2308 1039 2618 1111 quempiam
2649 1034 2871 1091 natandi
2906 1033 3213 1105 imperitum
3249 1045 3412 1085 manu
3445 1030 3623 1085 susei-

2049 1134 2226 1202 piens,
2270 1146 2392 1187 eum
2439 1131 2594 1199 aquis
2647 1127 2896 1182 altiorem
2949 1125 3233 1180 sustineat.
3285 1122 3389 1191 Qui
3437 1122 3622 1193 igitur,

2049 1224 2344 1295 opitulante
2368 1224 2507 1287 Deo,
2537 1237 2565 1275 a
2591 1237 2722 1277 casu
2752 1235 2809 1275 se
2833 1218 3013 1287 erigit,
3041 1219 3085 1272 is
3111 1217 3249 1287 grati
3275 1216 3440 1270 animi
3464 1214 3623 1284 signi.

2049 1318 2302 1372 licatione
2336 1329 2434 1387 per
2465 1304 2606 1369 bona
2636 1328 2800 1384 opera
2830 1311 3213 1367 exultationem
3255 1307 3366 1363 Deo
3399 1307 3620 1376 pollice-

2047 1419 2153 1463 tur.
2188 1409 2297 1463 Aut
2328 1407 2473 1463 velut
2524 1407 2570 1462 si
2603 1400 2724 1476 quis
2767 1404 2993 1460 debilem
3042 1401 3350 1472 quempiam
3396 1400 3623 1454 luctato-

2047 1516 2160 1555 rem
2190 1498 2521 1563 sulIulciens,
2550 1499 2618 1553 ab
2652 1498 2971 1552 imminente
3006 1496 3158 1564 lapsu
3187 1494 3401 1557 liberet,
3426 1507 3494 1548 ac
3516 1493 3622 1548 col-

2046 1591 2284 1646 luclante
2332 1591 2522 1645 reddat
2576 1593 2945 1658 superiorem;
3004 1587 3078 1642 illi
3118 1586 3334 1655 quidem
3379 1584 3620 1640 victoriae

2044 1685 2247 1754 praebet
2276 1682 2639 1748 occasionem,
2681 1683 2808 1737 huic
2849 1695 2980 1736 vero
3009 1688 3328 1750 conceptam
3362 1679 3428 1734 de
3465 1679 3618 1747 lapsu

2045 1776 2269 1831 alterius
2295 1776 2535 1831 laetitiam
2565 1774 2774 1829 adimit.
2817 1773 2934 1829 Non
2975 1783 3154 1827 autem
3183 1785 3458 1833 aerumnae,
3489 1785 3620 1841 pro-

369 1866 810 1938 κινδυνευομένου
843 1864 1154 1937 πτώματος,
1189 1866 1282 1919 καὶ
1324 1867 1664 1937 ὲπανώτερον
1707 1866 1940 1935 ποιήσας

2043 1866 2280 1920 bationis
2321 1882 2483 1921 causa
2515 1866 2718 1921 sanctis
2745 1863 2986 1929 inﬂictte,
3023 1862 3389 1918 invisibilibus
3416 1859 3618 1914 nostris

367 1957 462 2012 τοῦ
508 1958 960 2031 συμπαλαίοντος,
999 1957 1077 2028 τῷ
1114 1959 1210 2028 μὲν
1243 1957 1341 2028 τῆς
1370 1958 1527 2029 νίκης
1557 1957 1800 2028 παρέσχε
1843 1957 1942 2027 τὴν

368 2049 644 2121 ἀφορμὴν,
688 2049 782 2103 τοῦ
810 2048 867 2102 δὲ
901 2048 998 2120 τὴν
1029 2050 1123 2102 ἐπὶ
1156 2047 1235 2118 τῷ
1271 2047 1523 2118 πτώματι
1554 2047 1718 2101 αὐτοῦ
1749 2048 1945 2119 εὐφρο-

372 2137 536 2210 σύνην
575 2138 845 2208 ἀφείλετο.
887 2139 1021 2208 Οὐχὶ
1063 2139 1120 2192 δὲ
1151 2138 1208 2191 αἱ
1253 2136 1482 2207 θλίψεις,
1526 2140 1582 2191 αἰ
1620 2139 1945 2210 δοκιμασίας

368 2229 558 2283 ἕνεκεν
590 2229 990 2301 προσαγόμεναι
1038 2230 1152 2291 τοῖς
1189 2227 1397 2295 ἀγίοις,
1448 2225 1790 2298 εὐφροσύνην
1831 2228 1945 2289 τοῖς

367 2322 580 2394 ἐχθροῖς
605 2322 761 2394 ἡμῶν
797 2324 911 2385 τοῖς
938 2321 1192 2392 ἀοράτοις
1232 2318 1582 2390 προξενοῦσιν
1604 2335 1617 2349 ·
1660 2318 1774 2372 ἀλλ’
1813 2320 1943 2372 ὅταν

367 2414 832 2494 ἀπαγορεύσωμεν
902 2413 1206 2483 θλιϐόμενοι
1230 2453 1243 2476 ,
1307 2412 1401 2466 καὶ
1468 2409 1943 2483 στενοχωρηθῶσιν

363 2510 400 2579 ἡ
409 2506 521 2577 μῶν
548 2507 597 2559 οἱ
623 2507 892 2575 λογισμοὶ,
915 2505 1295 2578 ἀπειρηκότων
1314 2503 1473 2576 ἡμῶν
1495 2504 1630 2576 πρὸς
1652 2503 1713 2555 τὸ
1741 2502 1943 2555 πυκνὸν

367 2602 475 2654 τῶν
506 2600 823 2664 κακώσεων,
857 2600 980 2653 τότε
1013 2599 1390 2671 εὐφραίνονται
1425 2598 1518 2651 καὶ
1549 2597 1803 2667 κροτοῦσι
1849 2596 1944 2649 καὶ

369 2691 761 2761 ὲπιχαίρουσιν.
804 2684 928 2742 Οἷον
972 2688 1064 2742 ἐπὶ
1104 2686 1198 2741 τοῦ
1246 2687 1384 2741 Ἰώϐ.
1445 2686 1803 2740 Ἀπολωλέκει
1845 2685 1943 2758 τὴν

371 2782 599 2851 κτῆσιν·
649 2780 854 2834 τέκνων
907 2780 1196 2851 ἐστέρητο·
1238 2779 1442 2851 ἰχῶρας
1474 2778 1624 2849 αὐτῷ
1655 2779 1751 2832 καὶ
1798 2777 1943 2832 σκώ-

365 2872 538 2944 ληκας
560 2874 594 2943 ἡ
629 2872 767 2943 σὰρξ
798 2873 1063 2936 ἀπέςεσεν
1099 2870 1230 2943 (45)·
1267 2871 1419 2925 οὔπω
1448 2871 1606 2925 τοῦτο
1634 2870 1940 2944 εὐφροσύνη

363 2965 443 3037 τῷ
482 2964 780 3036 ἀντιπάλῳ.
812 2965 876 3017 Εἰ
901 2963 959 3016 δὲ
990 2963 1171 3027 ἐνδοὺς
1206 2964 1339 3034 πρὸς
1366 2964 1435 3018 τὰ
1471 2964 1699 3017 ἐπίπονα
1732 2964 1941 3035 εἰρήκει

364 3077 416 3113 ιι.
458 3059 740 3130 δύσφημον
782 3058 932 3129 ῥῆμα
974 3056 1113 3110 κατά
1147 3058 1246 3129 τὴν
1275 3056 1582 3128 συμϐουλὴν
1610 3056 1713 3127 τῆς
1757 3073 1943 3125 γυναι-

366 3150 478 3214 κὸς,
510 3150 631 3202 τότε
655 3149 720 3203 ἂν
750 3147 1131 3220 εὐφράνθησαν
1160 3151 1208 3201 οἰ
1240 3146 1427 3220 ἐχθροί¹
1452 3148 1539 3200 ἐπ’
1570 3149 1737 3218 αὐτῷ.
1771 3147 1943 3202 Τοῦτο

2042 1955 2275 2011 inimicis
2301 1956 2553 2025 gaudium
2578 1953 2810 2010 aﬂ‘erunt
2838 1971 2853 2009 :
2899 1955 2993 2009 sed
3032 1967 3155 2008 cum
3187 1950 3427 2005 alllictati
3462 1947 3617 2002 fran-

2043 2049 2240 2118 gimur,
2275 2062 2508 2117 cumque
2537 2048 2891 2116 cogitationes
2923 2055 3148 2113 nostrae,
3187 2046 3343 2100 nobis
3395 2046 3465 2099 ob
3500 2043 3616 2098 fre-

2043 2150 2270 2211 quentes
2305 2140 2582 2195 molestias
2628 2139 2868 2193 animum
2925 2138 3409 2208 despondentibus,
3461 2151 3617 2191 coar—

2043 2241 2282 2295 ctantur,
2314 2240 2443 2286 tunc
2466 2230 2830 2294 obiectantur,
2854 2230 3220 2300 plauduntque
3249 2237 3303 2283 et
3331 2227 3612 2281 insultant.

2044 2322 2207 2378 Velut
2234 2324 2287 2377 in
2318 2322 2419 2379 Job
2450 2325 2696 2394 contigit.
2727 2322 2998 2378 Amiserat
3026 2321 3419 2391 possessiones,
3455 2319 3617 2374 orba-

2046 2426 2130 2470 tus
2159 2416 2320 2487 126
2343 2425 2462 2471 erat
2501 2416 2644 2483 (iliis,
2678 2416 2800 2471 tabo
2829 2423 2883 2470 et
2910 2414 3191 2469 vermibus
3219 2411 3463 2467 scatebat
3497 2409 3616 2479 ejus

2041 2524 2205 2575 caro;
2244 2509 2469 2564 necdum
2505 2518 2682 2563 tamen
2725 2508 2777 2561 id
2805 2507 2991 2562 laetitia
3023 2505 3185 2560 allicit
3213 2505 3612 2561 adversarium.

2045 2600 2151 2656 Sed
2201 2601 2245 2655 si
2282 2601 2556 2656 laboribus
2600 2601 2843 2664 fractus,
2899 2598 3349 2653 contumeliosum
3396 2597 3614 2666 aiiqnod

2043 2694 2267 2748 verbum
2295 2708 2361 2747 ex
2397 2693 2583 2748 uxoris
2612 2693 2837 2748 consilio
2875 2692 3208 2761 protulisset,
3260 2700 3385 2746 tunc
3412 2691 3466 2744 in
3498 2692 3616 2760 ipso

2043 2783 2293 2838 oblectati
2322 2791 2507 2838 essent
2531 2782 2757 2838 inimici.
2790 2782 2927 2849 Quin
2957 2789 3011 2836 et
3043 2782 3093 2835 in
3121 2780 3288 2835 Paulo
3314 2780 3611 2842 esuriente.

2042 2873 2278 2939 sitiente,
2313 2875 2479 2938 nudo,
2508 2873 2748 2943 colaphis
2780 2886 2950 2931 caeso.
2981 2871 3279 2933 laborante,
3317 2868 3385 2924 de
3415 2869 3531 2922 loco
3559 2869 3613 2922 in

2045 2964 2223 3019 locum
2280 2965 2547 3036 migrante
2587 2980 2695 3020 non
2750 2964 3122 3018 delectabatur
3165 2962 3450 3027 inimicus;
3506 2961 3616 3015 imo

2044 3072 2172 3113 vero
2211 3059 2614 3124 conterebatur,
2642 3042 2766 3111 dum
2806 3073 2927 3112 eum
2967 3055 3175 3109 videret
3213 3053 3292 3107 sic
3315 3051 3616 3107 certamina

2044 3152 2423 3220 perferentem,
2454 3161 2513 3207 ut
2536 3153 2884 3221 contemptim
2912 3150 3112 3205 diceret
3138 3167 3151 3202 :
3187 3146 3317 3212 Quis
3340 3162 3433 3199 nos
3461 3160 3614 3213 sepa—

365 3243 459 3295 καὶ
496 3244 587 3295 ἐπὶ
625 3241 822 3309 Παύλῳ
870 3240 1143 3303 πεινῶντι,
1178 3241 1272 3293 καὶ
1303 3240 1545 3310 διψῶντι,
1591 3242 1686 3295 καὶ
1725 3257 1938 3312 γυμνη-

2041 3244 2179 3296 rabit
2210 3261 2240 3296 a
2265 3244 2517 3297 charitate
2539 3241 2736 3297 Christi
2766 3242 2849 3295 u"l

362 3331 591 3393 τεύοντι.
627 3333 719 3385 καὶ
754 3331 1181 3403 κολαφιζομένῳ,
1247 3333 1342 3386 καὶ
1386 3334 1669 3398 κοπιῶντι,
1738 3334 1832 3387 καὶ
1896 3334 2249 3387 ἀστατοῦντιο
2293 3336 2393 3388 οὐκ
2438 3335 2762 3405 εὐφραίνετο
2810 3334 2839 3384 ὁ
2870 3331 3096 3403 ἐχθρός·
3131 3330 3194 3384 τὸ
3230 3328 3474 3383 ἐναντίον
3520 3327 3620 3398 μὲν

362 3422 477 3490 οὖν,
527 3424 871 3496 συνετρίϐετο
916 3424 1127 3495 βλέπων
1172 3424 1315 3479 οὕτω
1382 3425 1450 3479 τὰ
1526 3427 1886 3496 ἀγωνίσματα
1962 3426 2219 3500 φέροντα,
2284 3427 2424 3481 ὥστε
2483 3428 2664 3481 λέγειν
2726 3425 2888 3480 αὐτὸν
2945 3421 3456 3495 καταφρονητικῶς·
3523 3419 3621 3485 Τίς

363 3518 520 3590 ἡμᾶς
549 3521 790 3590 χωρίσει
822 3520 941 3574 ἀπὸ
968 3519 1081 3588 τῆς
1111 3519 1347 3588 ἀγάπης
1376 3522 1483 3575 τοῦ
1509 3521 1800 3590 Χριστοῦ;

434 3612 486 3664 ’5.
520 3612 699 3677 Κύριε
716 3613 748 3663 ό
769 3611 913 3675 Θεός
935 3627 1075 3679 μου,
1093 3608 1386 3677 ἐκέκραξα
1403 3610 1550 3679 πρὸς
1566 3611 1661 3673 σὲ,
1681 3612 1775 3665 καὶ
1796 3610 1944 3665 ἰάσω

355 3721 451 3774 με.
503 3704 790 3774 Μακάριος
839 3705 866 3756 ὁ
909 3704 1009 3774 τὴν
1048 3706 1105 3756 ὲν
1157 3702 1235 3772 τῷ
1274 3703 1428 3773 βάθει
1479 3703 1694 3775 πληγὴν
1748 3702 1942 3758 ἑαυτοῦ

359 3796 673 3866 γνωρίζων,
717 3794 859 3847 ὥστε
888 3794 1148 3848 δύνασθαι
1196 3795 1274 3866 τῷ
1311 3794 1478 3866 ἰατρῷ
1518 3794 1800 3867 προσιέναι
1848 3796 1943 3849 καὶ

357 3887 534 3956 λέγειν
554 3902 568 3916 ·
619 3886 822 3941 Ἰασαι
846 3901 944 3954 με,
977 3885 1176 3953 Κύριε,
1207 3885 1296 3939 ὅτι
1342 3886 1640 3956 ἐταράχθη
1681 3888 1755 3941 τὰ
1791 3885 1944 3942 ὀστᾶ

352 3995 504 4049 μου’
550 3979 672 4041 καὶ,
721 3975 869 4046 Ἐγὼ
908 3977 1068 4042 εἶπα,
1104 3978 1302 4045 Κύριε,
1351 3977 1611 4045 ἐλέησόν
1646 3994 1742 4046 με,
1775 3977 1941 4031 ἴασαι

356 4070 474 4139 τὴν
509 4067 720 4138 ψυχήν
747 4087 888 4139 μου,
923 4069 1013 4123 ὅτι
1047 4069 1315 4139 ἧμαρτόν
1346 4082 1463 4124 σοι.
1518 4070 1780 4125 Ἐνταῦοα
1816 4070 1942 4140 μέν·

357 4177 439 4213 τοι
493 4160 813 4232 εὐχαριστία
869 4160 1015 4213 ἐστὶν
1070 4160 1209 4231 ὑπὲρ
1255 4161 1354 4232 τῆς
1407 4161 1743 4232 ἐπαχθείσης
1790 4160 1940 4232 αὐτῷ

362 4248 627 4319 ἰατρείας·
665 4251 840 4316 Κύριε
890 4250 1019 4317 γὰρ,
1058 4252 1241 4320 φησὶν,
1273 4254 1306 4304 ὁ
1341 4253 1484 4317 Bede;
1508 4269 1645 4320 μου.
1682 4252 1756 4305 Οὐ
1799 4253 1939 4304 πάν-

359 4358 466 4393 των
494 4339 626 4402 Θεὸς
654 4341 683 4392 ό
715 4340 865 4404 Θεὸς,
909 4341 1046 4394 ἀλλὰ
1082 4342 1189 4395 τῶν
1234 4343 1621 4396 οἰκειωθέντων
1661 4343 1808 4415 αὐτῷ
1850 4345 1940 4401 διὰ

358 4430 457 4498 τῆς
497 4430 737 4499 ἀγάπης,
784 4429 916 4493 Θεὸς
953 4431 1062 4502 γὰρ
1121 4433 1390 4503 Ἀϐραὰμ,
1424 4432 1518 4487 καὶ
1554 4432 1686 4497 Θεὸς
1730 4434 1935 4500 Ἰσαὰκ,

361 4524 455 4576 καὶ
498 4522 630 4586 Θεὸς
692 4523 905 4576 Ἰακώϐ.
942 4526 1006 4577 Εἰ
1048 4523 1105 4576 δὲ
1144 4525 1360 4578 πάντων
1408 4522 1477 4597 ἦν
1526 4526 1681 4590 Θεὸς,
1728 4528 1829 4580 οὐκ
1870 4527 1936 4582 ἂν

360 4614 588 4678 ἐκείνοις
631 4615 709 4677 ὡς
740 4615 1016 4685 ἐξαίρετον
1049 4616 1206 4668 τοῦτο
1250 4622 1774 4690 προσεμαρτυρεῖτο.
1824 4621 1937 4674 Καὶ

361 4705 519 4758 πάλιν
553 4708 581 4758 ὁ
624 4704 838 4759 Ἰακώϐ·
877 4703 1203 4772 Ἒϐοήθησέ
1227 4720 1323 4760 σοι
1352 4706 1462 4776 (44)
1492 4710 1525 4761 ό
1554 4708 1698 4774 Θεὸς
1718 4712 1751 4763 d
1771 4710 1929 4779 ἐμός.

359 4798 467 4853 Καὶ
501 4798 701 4867 Θωμᾶς
734 4797 872 4868 μετὰ
903 4798 1003 4868 τὴν
1034 4798 1403 4870 πληροφορίαν
1432 4801 1918 4872 κατασπαζόμενος

2104 3596 2172 3671 5.
2217 3611 2381 3667 Vens.
2412 3612 2463 3667 5.
2507 3611 2730 3666 Domine
2758 3609 2898 3665 Deus
2924 3620 3089 3674 meus,
3122 3605 3343 3660 clamavi
3373 3604 3440 3657 ad
3468 3612 3538 3668 te,
3568 3612 3618 3654 et

2045 3706 2244 3759 sanasti
2296 3720 2397 3758 me.
2450 3703 2645 3758 Beatus
2698 3702 2789 3772 qui
2836 3701 3142 3756 intestinam
3200 3711 3350 3753 suam
3405 3694 3617 3764 plagam

2044 3797 2344 3866 cognoscit,
2391 3796 2524 3849 adeo
2551 3805 2610 3849 ut
2642 3795 2708 3849 ad
2754 3794 3021 3848 medicum
3050 3799 3213 3861 queat
3240 3787 3519 3853 accedere,
3552 3798 3617 3838 ac

2044 3889 2222 3943 dicere
2251 3905 2263 3957 ξ
2292 3886 2439 3941 Sana
2463 3902 2561 3949 me,
2597 3884 2844 3947 Domine,
2870 3882 3118 3954 quoniam
3151 3878 3463 3935 conturbata
3491 3884 3615 3930 sunt

2043 3997 2161 4035 ossa
2184 3996 2299 4034 mea
2322 3978 2386 4045 ¹⁹;
2412 3989 2492 4033 et:
2518 3976 2632 4049 Ego
2658 3978 2788 4041 dixi,
2813 3977 3050 4042 Domine,
3072 3974 3315 4028 miserere
3336 3969 3461 4034 mei,
3483 3983 3617 4022 sana

2042 4074 2274 4126 animam
2310 4088 2501 4137 meam,
2533 4071 2655 4140 quia
2682 4070 2890 4138 peccavi
2928 4069 3022 4121 tibi
3051 4068 3119 4120 ³ο.
3166 4064 3265 4119 Hic
3299 4062 3514 4134 quidem
3546 4060 3616 4114 ob

2042 4159 2334 4213 adhibitam
2384 4158 2486 4213 sibi
2542 4160 2875 4213 curationem
2928 4157 3129 4227 gratias
3187 4151 3612 4223 agitzﬂomine,

2040 4250 2196 4314 enim,
2246 4250 2442 4318 inquit,
2482 4249 2622 4304 Deus
2654 4266 2817 4304 meus.
2866 4249 3007 4303 Deus
3044 4261 3150 4302 non
3191 4244 3432 4300 omnium
3475 4242 3619 4296 Deus

2039 4351 2143 4405 est,
2175 4342 2265 4396 sed
2294 4356 2480 4397 eorum
2506 4343 2597 4410 qui
2628 4343 2675 4395 ei
2701 4353 2826 4397 sunt
2848 4341 3115 4395 charitate
3137 4336 3434 4407 conjuncti.
3465 4334 3611 4388 Deus

2040 4434 2182 4488 enim
2216 4434 2487 4488 Abraham
2534 4443 2637 4500 est,
2678 4444 2734 4488 et
2780 4432 2923 4488 Deus
2960 4433 3127 4497 Isaac,
3166 4442 3221 4485 et
3252 4429 3392 4483 Dens
3419 4423 3611 4480 Jacob.

2040 4527 2250 4581 Etenim
2295 4528 2340 4581 si
2374 4527 2614 4580 omnium
2656 4536 2802 4581 esset
2848 4528 3010 4589 Deus,
3054 4539 3158 4579 non
3207 4522 3391 4591 utique
3440 4518 3493 4571 id
3532 4515 3621 4570 eis

2041 4626 2294 4687 tanquam
2327 4617 2600 4687 quidpiam
2632 4616 2905 4686 singulare
2934 4631 2997 4670 ac
3022 4613 3281 4669 eximium
3308 4609 3610 4665 tribuisset.

2037 4709 2103 4762 Et
2134 4710 2328 4763 iterum
2359 4706 2526 4763 Jacob
2557 4725 2573 4765 ;
2605 4708 2824 4778 Adjuvit
2852 4717 2900 4762 te
2930 4707 3072 4761 Deus
3100 4721 3245 4759 meus
3267 4704 3336 4757 ἰ.
3368 4701 3437 4756 Ει
3462 4697 3609 4753 Tho-

2038 4818 2176 4869 mas,
2199 4813 2403 4856 semota
2429 4802 2767 4857 dubitatione
2796 4801 2967 4867 omni,
2996 4799 3280 4855 Dominum
3306 4793 3611 4862 amplexus,

354 4893 446 4946 τὸν
489 4892 786 4963 Δεσπότην,
841 4892 904 4945 ‘0
954 4893 1170 4961 Κύριός
1201 4910 1341 4962 μου,
1376 4893 1528 4965 φησὶ,
1577 4893 1676 4948 καὶ
1707 4898 1739 4948 ό
1790 4899 1934 4963 Θεός

2040 4896 2291 4949 Dominus
2335 4913 2502 4963 meus,
2543 4896 2738 4964 inquit,
2779 4903 2830 4949 et
2872 4895 3011 4950 Deus
3063 4907 3208 4946 meus
3244 4891 3311 4943 ".
3373 4887 3615 4942 Allectus

348 5004 489 5055 μου.
534 4983 865 5049 Ἐνδιάθετος
890 4981 983 5040 οὖν
1010 4988 1043 5054 ἡ
1076 4986 1226 5057 φωνὴ
1256 4989 1312 5057 ἡ,
1342 4987 1519 5054 Κύριε
1552 4990 1585 5040 ὀ
1622 4988 1766 5054 Θεός
1786 5006 1927 5057 μου,

2043 4986 2205 5057 igitur
2229 5002 2331 5042 vox
2371 4997 2473 5052 est,
2517 4987 2740 5041 Domine
2770 4985 2912 5040 Deus
2950 5001 3115 5048 meus,
3150 4992 3206 5037 et
3226 4996 3345 5051 qua:
3377 4979 3612 5050 prophe-

423 5168 470 5201 ³⁸
510 5168 668 5224 Rom.
693 5186 813 5236 vni,
845 5170 937 5225 55'.
1012 5171 1056 5202 ¹⁹
1093 5170 1236 5226 Psal.
1268 5188 1341 5241 vn,
1377 5173 1443 5231 5.,
1507 5175 1552 5206 ²⁰
1594 5173 1734 5230 Psal.
1768 5192 1856 5240 XL,
1885 5175 1937 5229 5.
2015 5175 2056 5206 "
2094 5171 2228 5226 Gen.
2263 5187 2409 5236 ms,
2441 5170 2530 5225 25.
2607 5170 2650 5201 ²²
2685 5168 2840 5224 Joan.
2868 5184 2960 5232 xx,
2989 5165 3080 5221 28.

425 5306 539 5378 (41)
569 5306 704 5378 Reg.
730 5310 997 5381 secundus
1029 5311 1367 5381 ὲμφατικῶς.
1400 5311 1521 5367 Mox
1549 5314 1715 5369 editio
1750 5314 1823 5368 Pa
1836 5316 1928 5370 ris.

354 5379 911 5449 κατεπανισταμένων
938 5379 1073 5451 μου.
1094 5383 1270 5437 Editio
1299 5398 1426 5436 vero
1468 5382 1632 5439 Basil.
1655 5394 1710 5439 et
1737 5401 1929 5439 novem

356 5462 487 5523 iii’ss.
522 5451 1074 5523 κατεπανισταμένων
1139 5469 1227 5523 με.
1282 5453 1486 5508 Ibidem
1545 5454 1711 5509 editio
1753 5455 1927 5512 Paris.

356 5510 500 5569 Οἷον.
537 5517 605 5570 At
627 5536 756 5574 mss.
784 5510 980 5574 Οἰονεί.

427 5586 709 5664 (Δξξίλεόίιί
751 5601 805 5645 et
827 5591 1063 5664 nonnulli
1094 5607 1223 5647 mss.
1262 5590 1496 5661 ὑψώσειν
1531 5596 1715 5664 ὲπαγγ

352 5654 445 5734 τὸν
470 5654 731 5735 θέω-,ιι
759 5660 1077 5735 major_pars
1104 5678 1236 5717 mss.
1264 5654 1390 5735 cum
1430 5664 1567 5719 Oliv.
1603 5654 1665 5719 εί
1693 5654 1913 5735 Ἀηςίἱο.

2036 5314 2130 5369 τοῦ
2154 5314 2209 5366 δὲ
2237 5315 2357 5385 τήν.
2387 5312 2491 5367 Alii
2522 5325 2651 5385 mss.
2685 5322 2907 5385 numero
2938 5295 3121 5374 plures
3153 5303 3230 5375 τῷ
3262 5302 3319 5356 δὲ
3351 5303 3470 5370 τήν.
3512 5300 3615 5353 lbi-

2037 5388 2156 5439 dem
2183 5378 2336 5438 Coll).
2374 5378 2898 5453 (ιιιιπιυεάφείλατο.

2108 5454 2220 5525 (45)
2250 5438 2685 5525 Reg.'secitndns'
2741 5464 2867 5525 eum
2910 5446 3063 5525 Coll}:
3100 5445 3295 5525 quinto
3323 5438 3482 5525 cdtqu
3505 5441 3607 5522 ἐπα

2036 5508 2244 5588 ἑζεσεν.
2285 5508 2402 5577 nin
2434 5522 2599 5575 editio
2631 5519 2806 5573 Paris.
2842 5508 3234 5588 ἀντιπάλῳίῆν.
3263 5508 3423 5568 Deest
3454 5508 3521 5583 ἦν
3553 5513 3605 5565 in

1718 5595 1927 5649 ἐλλεται
2031 5586 2163 5649 IIl—SS.
2206 5594 2446 5648 Subinde
2475 5592 2605 5660 Reg.
2642 5590 2917 5660 secundus
2950 5586 3141 5660 εἴρηκέ
3172 5605 3244 5640 τι.

2101 5664 2212 5733 (46)
2241 5663 2390 5717 Coll).
2450 5654 2722 5717 secundus
2768 5673 2889 5733 cum
2943 5654 3118 5733 altero
3164 5670 3286 5733 nis.
3332 5654 3602 5733 ἐϐοήθησε

355 5726 449 5803 ita,
481 5735 539 5803 ut
577 5723 861 5803 edidimus:
904 5723 1026 5803 Nec,
1060 5734 1130 5784 ita
1169 5732 1336 5803 mtith
1382 5745 1504 5800 post
1555 5735 1687 5799 Reg.
1724 5723 1917 5790 lentius

2036 5723 2139 5803 μοι.
2174 5723 2338 5785 Paulo
2372 5743 2489 5800 post
2525 5748 2653 5788 mss.
2692 5729 2857 5800 tresi)
2891 5727 3043 5799 φωνὴ
3076 5728 3130 5798 ἡ,
3164 5723 3359 5799 Κύριε.
3392 5723 3535 5783 Etim
3564 5726 3601 5795 ἡ

353 5795 447 5849 καὶ
487 5794 781 5868 ἀνώτερον.
824 5798 1061 5858 Subinde
1114 5803 1278 5858 editio
1304 5794 1481 5861 Paris.
1532 5816 1585 5860 et
1629 5794 1737 5862 tres
1784 5823 1912 5863 mss.

2026 5802 2198 5877 φωνὴ,
2238 5802 2430 5874 Κύριε.
