4048 6220
413 330 518 387 τη
1490 294 1493 295 ί
1772 325 1831 385 s.
1872 324 2116 381 BASILII
2157 325 2377 383 MAGNI
3571 318 3695 377 τις

419 448 527 503 tico
561 447 723 503 statui
755 445 1027 502 convenit.
1070 441 1309 496 Clamavi
1337 441 1407 494 ad
1445 450 1530 507 te,
1563 452 1611 496 et
1658 444 1865 496 sanasti
1891 458 1988 497 me.
2019 491 2022 498 .

2130 442 2193 495 ;o.‘t
2220 443 2506 515 πρέπουσα
2524 442 2591 513 τῇ
2618 440 2930 510 προφητικῇ
2965 435 3312 491 καταστάσει.
3348 435 3695 504 Ἐκέκραξα

416 538 566 594 Nihil
599 537 906 591 intercessit
944 533 1106 588 medii
1137 531 1280 587 inter
1308 546 1493 587 vocem
1528 546 1705 586 meam
1748 540 1804 587 et
1847 540 1996 587 tuam

2130 532 2248 601 :pdc
2279 530 2376 599 σὲ,
2430 532 2531 586 καὶ
2575 529 2722 585 hiatu
2763 547 2861 601 με.
2912 529 3078 582 Οὐδὲν
3125 527 3338 596 ἐγένετο
3371 527 3536 597 μέσον
3579 528 3693 596 τῆς

419 628 672 698 gratiam,
724 627 818 683 sed
866 623 1028 680 simul
1068 632 1233 692 atque
1276 622 1526 688 clamavi,
1576 620 1785 676 medela
1810 636 1996 677 acces-

2130 623 2237 694 μῆς
2278 622 2462 694 φωνῆς
2495 621 2590 676 καί
2613 621 2715 691 τῆς
2744 621 2845 692 σῆς
2881 620 3132 692 χάριτος.
3160 618 3275 673 ἀλλ’
3302 618 3436 688 ὁμοῦ
3467 635 3527 670 τε
3555 618 3695 671 ἐκέ-

420 722 512 774 sit.
547 718 734 771 Adhuc
763 717 907 772 enim
954 715 1192 785 loquente
1239 725 1289 768 te
1311 754 1326 780 ,
1357 715 1572 784 inquit,
1606 714 1783 767 dicam
1805 752 1821 780 ,
1859 711 1998 768 Ecce

2130 714 2298 786 ιραξα,
2330 715 2424 768 καὶ
2455 712 2760 785 προσῆλθεν
2787 713 2820 783 ἡ
2855 712 3018 775 ἴασις.
3053 712 3176 764 Ἔτι
3200 709 3309 780 γὰρ
3334 708 3695 772 λαλοῦντός

420 815 607 867 adsum
636 811 702 864 ”.
743 808 974 865 Proinde
997 822 1190 878 magna
1225 822 1356 862 voce
1386 806 1532 875 loqui
1569 813 1784 877 Oportet
1826 821 1950 861 eum
1977 845 1994 871 ,

2130 825 2233 872 'ov,
2281 808 2465 878 φησὶν,
2495 806 2627 874 ἐρῶ·
2682 805 2826 861 Ἰδοὺ
2878 803 3134 873 πάρειμι.
3177 802 3401 871 Μεγάλα
3456 797 3552 855 οὖν
3601 800 3699 854 δεῖ

420 903 513 971 qui
541 903 709 957 Deum
739 908 1012 969 precatur,
1042 910 1105 953 ut
1134 898 1243 955 cita
1269 907 1631 968 promptaque
1658 896 1870 951 sanatio
1902 911 2001 952 no-

2130 899 2428 969 ›θέγγεσθαι
2475 898 2766 970 εὐχόμενον
2792 896 2871 968 τῷ
2895 896 3035 967 Θεῷ,
3068 897 3156 950 ἴνα.
3182 898 3374 966 ταχεῖα.
3405 896 3538 964 ἡμῖν
3581 895 3698 946 ἐπ-

420 995 508 1049 bis
534 993 832 1049 exoriatur.
865 990 1034 1046 Vens.
1070 991 1126 1045 4.
1159 990 1413 1055 Domine,
1438 989 1666 1043 eduxisti
1696 987 1760 1041 ab
1788 985 1998 1057 inferno

2130 992 2353 1065 ινατείλῃ
2379 992 2491 1063 (45)
2515 993 2548 1063 ή
2574 991 2735 1055 ῐασις.
2754 992 2953 1059 Κύριε,
2978 988 3274 1059 ἀνήγαγες
3289 987 3358 1052 ἐξ
3385 985 3533 1054 ᾅδου
3561 982 3698 1050 τὴν

423 1085 659 1137 animam
687 1100 878 1137 meam.
913 1082 990 1137 De
1034 1081 1133 1135 hac
1176 1081 1461 1136 sanatione
1504 1081 1703 1150 gratias
1744 1080 1854 1136 Deo
1891 1080 2003 1147 agit

425 1174 494 1237 is,
520 1176 611 1243 qui
637 1173 915 1229 descendit
937 1172 1156 1242 quidem
1185 1187 1250 1226 ex
1280 1170 1598 1225 infirmitate
1625 1171 1676 1225 in
1704 1169 1999 1235 infernum,

425 1267 520 1321 sed
556 1276 844 1321 revocatur
882 1280 948 1321 ex
991 1262 1202 1318 inferno
1250 1278 1344 1333 per
1383 1264 1676 1334 potentiam
1719 1263 1861 1331 ejus,
1909 1264 2001 1333 qui

428 1373 525 1427 pro
554 1358 710 1412 nobis
743 1357 935 1412 mortis
966 1357 1266 1425 principem
1296 1370 1360 1410 ac
1394 1355 1790 1409 dominatorem
1832 1369 2002 1422 expu-

430 1449 631 1520 gnavit.
662 1448 892 1503 Salvasti
916 1465 995 1502 me
1035 1467 1068 1501 a
1108 1447 1542 1502 descendentibus
1570 1448 1624 1501 in
1658 1452 1853 1501 lacum.
1886 1447 2003 1502 Sa:-

2099 1081 2311 1152 ψιυχήν
2335 1099 2475 1152 μου.
2503 1082 2639 1155 Περὶ
2659 1081 2866 1153 ταύτης
2893 1080 2996 1151 τῆς
3032 1081 3227 1143 ἰάσεως
3264 1079 3580 1148 εὐχαριστεῖ
3598 1073 3698 1144 τῷ

2099 1176 2220 1247 Θεῷ
2244 1179 2272 1230 ὁ
2303 1174 2579 1230 κατελθὼν
2609 1175 2708 1247 μὲν
2738 1175 2798 1242 ἐξ
2822 1175 3106 1238 ἀσθενείας
3131 1176 3209 1237 είς
3236 1173 3389 1245 ᾅδην,
3423 1169 3695 1240 ἀναχθεὶς

2102 1268 2158 1321 δὲ
2191 1266 2299 1322 ἀπὸ
2329 1264 2425 1321 τοῦ
2468 1267 2596 1338 ᾇδου
2622 1267 2712 1322 διὰ
2745 1269 2845 1338 τῆς
2881 1265 3164 1337 δυνάμεως
3206 1263 3302 1318 τοῦ
3345 1263 3482 1334 ὑπὲρ
3522 1259 3699 1332 ἡμῶν

2104 1358 2610 1421 καταπαλαίσαντος
2645 1358 2734 1411 τὸν
2767 1357 2829 1411 τὸ
2856 1357 3058 1429 κράτος
3083 1357 3272 1427 ἔχοντα
3304 1353 3396 1408 τοῦ
3426 1352 3691 1408 θανάτου.

2108 1447 2390 1514 Ἔσωσάς
2408 1466 2484 1519 με
2521 1448 2641 1504 ἀπὸ
2666 1448 2785 1502 τῶν
2806 1449 3284 1502 καταϐαινόντων
3314 1449 3403 1513 εἰς
3429 1444 3694 1499 λάκκον.

430 1556 726 1609 penumero
770 1540 917 1595 lacus
942 1540 1290 1594 nominantur
1318 1538 1694 1594 subterranea:
1724 1538 1905 1604 fossae,
1938 1543 2003 1594 ait

2130 1542 2382 1612 Ιολλαχοῦ
2440 1541 2539 1611 μὲν
2594 1542 2643 1594 οἱ
2694 1541 2887 1595 λάκκοι
2933 1538 3288 1610 ὀνομάζονται
3336 1536 3404 1590 τὰ
3454 1536 3699 1604 ὑπόγεια

432 1635 735 1687 vinctorum
763 1634 1068 1688 custodiam
1092 1632 1379 1701 adaptataa.
1408 1632 1501 1686 Sic
1523 1632 1668 1686 enim
1693 1633 1897 1688 dictum
1923 1644 2006 1687 est

2130 1631 2415 1704 ιρύγματα,
2468 1634 2546 1696 εἰς
2607 1631 2856 1702 φυλακὴν
2911 1629 3148 1700 δεσμίων
3199 1627 3694 1698 ὲπιτετηδευμένα.

432 1726 489 1780 in
517 1724 743 1780 Exodo:
769 1726 812 1779 Α
840 1724 1184 1794 primogenita
1218 1721 1515 1777 Pharaonis
1541 1765 1558 1790 ,
1593 1740 1758 1794 usque
1802 1726 1870 1777 ad
1905 1726 2009 1791 pri-

2130 1726 2267 1779 )Ξίτω
2294 1725 2403 1796 γὰρ
2434 1726 2647 1796 εἴρηται
2679 1726 2736 1778 ὲν
2767 1726 2832 1795 τῇ
2880 1723 3094 1793 Ἐξὸδῳ·
3137 1722 3279 1775 Ἀπὸ
3312 1719 3701 1790 πρωτοτόκου

433 1818 752 1887 mogem'tum
780 1818 1023 1886 captivw,
1063 1833 1181 1886 qua:
1215 1826 1330 1870 erat
1360 1816 1415 1868 in
1445 1816 1567 1869 lacu
1591 1815 1657 1870 ³³.
1700 1814 1806 1871 Sed
1835 1824 1890 1869 et
1914 1815 1999 1871 Je-

2130 1818 2322 1886 βαραὼ
2342 1795 2454 1884 ἕως
2473 1795 2852 1886 πρωτοτόκου
2879 1815 2992 1884 τῆς
3016 1813 3451 1884 αὶχμαλωτίδος
3476 1810 3592 1880 τῆς
3619 1811 3703 1864 ἐν

434 1908 660 1964 remiam
687 1907 738 1962 in
769 1907 946 1962 lacum
987 1907 1326 1962 demiserunt
1358 1906 1437 1971 ²¹;
1480 1915 1536 1961 et
1562 1904 1762 1976 Ioseph
1799 1907 1853 1959 in
1886 1905 2009 1960 lacu

2130 1909 2193 1975 τῷ
2221 1909 2444 1976 λάκκῳ.
2486 1906 2644 1961 Ἀλλὰ
2679 1907 2774 1961 καὶ
2801 1906 2893 1959 τὸν
2932 1906 3201 1977 Ἰερεμίαν
3244 1907 3325 1968 είς
3366 1903 3568 1957 λάκκον
3600 1904 3702 1955 ὲν-

434 2014 631 2069 aquam
673 2014 782 2055 non
824 1998 1058 2054 habente
1100 1998 1300 2052 fratres
1358 2012 1470 2067 prae
1517 1996 1715 2051 invidia
1772 1996 2009 2053 incluse-

434 2101 566 2146 runt
592 2091 659 2144 ’°.
688 2090 877 2159 Itaque
905 2091 1051 2144 actio
1081 2089 1338 2158 quaalibet
1378 2098 1474 2142 aut
1505 2102 1602 2143 nos
1628 2097 1854 2157 peccato
1886 2103 2011 2158 gra-

434 2191 591 2238 vatos
620 2182 689 2237 ad
712 2181 970 2237 inferiora
999 2180 1274 2250 deprimit,
1297 2188 1392 2233 aut
1419 2193 1517 2233 nos
1540 2178 1696 2247 quasi
1724 2178 1917 2247 pennis
1947 2180 2015 2232 ad

437 2272 609 2339 Deum
654 2271 826 2327 elatos
862 2271 932 2326 ad
968 2269 1253 2339 superiora
1300 2268 1501 2324 evehit.
1538 2267 1621 2323 Me
1667 2268 1832 2337 igitur
1865 2267 2016 2338 prius

436 2363 605 2416 vitam
641 2361 883 2430 iniquam
915 2370 1161 2430 agentem
1201 2361 1457 2423 servasti,
1493 2367 1661 2427 atque
1704 2373 1734 2412 a
1783 2359 2012 2415 descen-

440 2451 694 2508 dentibus
729 2452 783 2507 in
823 2452 1169 2507 tenebrosum
1203 2466 1268 2506 ac
1312 2449 1567 2521 frigidum
1611 2450 1791 2506 locum
1835 2451 2017 2521 sejun-

439 2547 589 2601 xisti.
619 2545 854 2615 ldipsum
888 2545 1054 2614 igitur
1084 2543 1425 2613 significatur
1455 2542 1634 2599 verbis
1661 2543 1791 2608 illis.
1828 2543 2018 2600 Susce-

439 2641 566 2712 pisti
599 2658 713 2708 me;
745 2642 975 2713 liocrest,
1004 2640 1288 2696 Reduxisti
1320 2654 1406 2696 me
1436 2656 1464 2694 a
1502 2639 1711 2696 ferente
1734 2656 1821 2696 me
1857 2642 2018 2696 deor-

443 2748 564 2787 sum
600 2734 822 2803 impetu,
842 2742 900 2788 ut
926 2747 994 2788 ne
1019 2732 1322 2788 delectandi
1341 2734 1409 2790 de
1432 2749 1519 2789 me
1537 2734 1757 2789 occasio
1784 2734 2020 2790 inimicis

442 2824 681 2879 daretur.
700 2822 855 2891 Quod
879 2825 1045 2895 igitur
1058 2824 1188 2879 alibi
1207 2824 1287 2880 ait
1311 2844 1325 2880 :
1352 2826 1456 2890 Qui
1467 2827 1686 2895 perfecit
1710 2829 1866 2895 pedes
1881 2842 2022 2881 meos

444 2927 695 2987 tanquam
717 2918 875 2982 cervi,
909 2927 956 2971 et
979 2934 1134 2988 super
1154 2918 1360 2972 excelsa
1377 2929 1616 2973 statuens
1642 2936 1722 2973 me
1748 2921 1792 2952 ⁸⁷
1815 2937 1830 2985 ;
1854 2919 1904 2973 id
1932 2920 2024 2976 hic

444 3009 675 3063 reditum
693 3010 759 3064 ad
777 3008 1012 3074 excelsa,
1033 3008 1402 3065 liberation’em
1421 3025 1450 3063 a
1473 3009 2026 3080 lacususceptionem-

444 3116 551 3169 que
576 3101 830 3171 appellat.
862 3100 1028 3157 Vens.
1059 3100 1112 3155 5.
1144 3099 1368 3156 Psallite
1409 3101 1656 3168 Domino,
1684 3104 1855 3157 sancti
1881 3104 2018 3173 ejus.

446 3191 564 3248 Non
588 3194 843 3249 continuo
865 3194 908 3247 si
944 3193 1212 3263 quispiam
1244 3194 1435 3265 psalmi
1466 3196 1628 3250 verba
1666 3209 1762 3250 ore
1795 3198 2021 3265 profert,

446 3284 537 3338 hic
560 3283 787 3340 Domino
806 3284 988 3354 psallit
1018 3305 1031 3339 :
1057 3286 1152 3341 sed
1176 3287 1486 3356 quicunque
1508 3296 1574 3341 ex
1597 3300 1732 3356 puro
1754 3287 1917 3341 corde
1938 3287 2027 3341 de-

449 3383 705 3445 promunt
726 3377 1102 3447 psalmodiam,
1131 3378 1288 3448 127
1309 3387 1365 3432 et
1384 3387 1649 3448 quotquot
1677 3387 1803 3433 sunt
1826 3378 2022 3444 sancti,

448 3465 543 3532 qui
564 3480 689 3536 erga
724 3468 890 3522 Deum
913 3478 1132 3524 servant
1153 3469 1445 3537 justitiam,
1470 3470 1504 3524 ii
1530 3471 1584 3523 in
1615 3469 1883 3539 rhythmis
1911 3471 2025 3539 spi-

451 3550 740 3607 ritualibus
790 3555 1059 3610 concinno
1116 3555 1310 3611 ordine
1358 3556 1590 3626 psallere
1633 3556 1743 3611 Deo
1779 3565 2023 3625 possunt.

451 3642 592 3708 Quot
623 3643 1001 3713 fornicatores,
1027 3657 1162 3718 quot
1196 3646 1346 3703 fures
1369 3648 1460 3702 hic
1500 3648 1688 3701 stant?
1731 3648 1872 3715 Quot
1900 3657 2028 3701 sunt

451 3733 544 3800 qui
571 3733 751 3789 dolum
775 3751 840 3791 ac
859 3739 1201 3795 mendacium
1223 3743 1278 3793 in
1302 3739 1465 3794 corde
1487 3739 1863 3794 abscondunt?
1880 3737 2028 3793 Psal-

452 3824 565 3880 lere
598 3829 815 3895 quidem
856 3839 1134 3900 putantur,
1165 3845 1355 3886 revera
1395 3840 1578 3886 autem
1612 3846 1717 3884 non
1767 3829 2027 3899 psallunt.

457 3916 720 3971 Sanctum
743 3919 886 3973 enim
919 3923 987 3975 ad
1011 3920 1249 3990 psalmos
1275 3920 1640 3975 concinendos
1673 3934 1854 3974 sermo
1887 3919 2029 3971 invi-

459 4015 557 4059 tat.
591 4005 715 4063 Non
749 4019 915 4078 potest
946 4014 1107 4067 arbor
1135 4012 1281 4067 mala
1325 4013 1486 4067 bonos
1528 4012 1733 4082 fructus
1763 4009 1937 4079 facere
1966 4009 2035 4075 ’⁸,

458 4113 637 4167 neque
669 4117 764 4155 cor
798 4104 998 4159 malum
1041 4106 1165 4160 vita:
1205 4105 1371 4160 verba
1416 4103 1676 4174 proferre.
1708 4101 1898 4156 Facite
1928 4103 2036 4155 ita-

458 4205 559 4257 que
592 4199 834 4247 arborem
873 4196 1084 4260 bonam,
1123 4206 1171 4250 et
1204 4195 1412 4264 fructus
1445 4195 1561 4264 ejus
1599 4194 1762 4248 bonos
1792 4193 1859 4250 ".
1898 4191 2036 4247 Pur-

2113 2002 2337 2056 ἐϐαλον·
2381 2003 2476 2056 καὶ
2503 2001 2595 2055 τὸν
2637 1999 2834 2071 Ἰωσὴφ
2866 1998 2972 2052 ὑπὸ
3000 1997 3095 2052 τοῦ
3144 1997 3338 2067 φθόνου
3381 1998 3429 2049 οί
3472 1992 3705 2063 ἀδελφοὶ

2113 2096 2302 2166 λάκκῳ
2332 2093 2720 2149 ὲναπέκλεισαν
2763 2092 2906 2164 ὕδωρ
2948 2091 3023 2163 μὴ
3066 2090 3265 2161 ἔχοντι.
3320 2088 3556 2158 Ἑκάστη
3595 2082 3700 2140 οὗν

2117 2188 2315 2261 πρᾶξις
2362 2187 2396 2258 ἢ
2444 2187 2537 2239 ἐπὶ
2582 2184 2652 2238 τά
2699 2184 2850 2239 κάτω
2897 2185 3046 2255 ἡμᾶς
3084 2181 3337 2251 κατάγει,
3386 2178 3706 2251 βαρύνουσα

2117 2281 2262 2350 ἡμᾶς
2289 2277 2396 2347 (46)
2418 2275 2507 2328 διὰ
2539 2276 2637 2345 τῆς
2665 2273 2959 2346 ἁμαρτίας,
2985 2273 3018 2343 ἢ
3066 2273 3159 2325 ἐπὶ
3188 2271 3256 2325 τὰ
3281 2272 3393 2325 ἄνω
3424 2267 3703 2337 κουφίζει,

2118 2367 2396 2440 πτεροῦσα
2419 2368 2566 2438 ἡμᾶς
2593 2367 2725 2437 πρὸς
2747 2365 2839 2419 τὸν
2865 2364 3021 2418 Θεόν.
3052 2365 3305 2427 Ἔσωσας
3326 2356 3418 2415 οὗν
3438 2360 3538 2431 ἐμὲ
3561 2359 3706 2428 πρός

2118 2479 2276 2534 τερον
2301 2460 2431 2515 ὄντα
2459 2462 2516 2515 ὲν
2565 2459 2665 2531 βίῳ
2699 2458 2945 2530 πονηρῷ,
2977 2456 3217 2528 χωρίσας
3256 2455 3365 2509 ἀπὸ
3391 2454 3500 2508 τῶν
3528 2469 3707 2507 κατα-

2124 2552 2417 2607 ϐαινόντων
2464 2553 2543 2615 είς
2585 2550 2677 2604 τὸν
2715 2550 3099 2620 ὲσκοτισμένον
3146 2548 3242 2602 καὶ
3289 2544 3707 2616 κατεψυγμένον

2118 2645 2301 2699 τόπον.
2343 2643 2513 2697 Τοῦτο
2533 2638 2626 2696 οὖν
2654 2643 2770 2696 ἐστι
2800 2642 2882 2706 τὸ,
2925 2639 3240 2706 Ὑπέλαϐἐς
3263 2656 3339 2709 με
3359 2655 3372 2668 ·
3403 2636 3706 2701 τουτέστιν,

2136 2736 2511 2808 Ἐπανήγαγές
2545 2752 2611 2807 με
2634 2734 2743 2788 ἀπὸ
2769 2736 2867 2805 τῆς
2896 2734 2976 2796 είς
3005 2733 3067 2785 τὸ
3107 2732 3258 2786 κάτω
3289 2731 3481 2803 φορᾶς,
3520 2728 3598 2791 ὡς
3628 2727 3709 2799 μὴ

2123 2830 2304 2884 δοῦναι
2344 2829 2535 2901 καιρὸν
2575 2826 3017 2899 ὲπευφρανθῆναί
3059 2842 3148 2896 μοι
3180 2824 3306 2888 τοὺς
3347 2821 3593 2894 ἐχθρούς.
3638 2823 3709 2873 Ὀ

2124 2919 2217 2978 οὖν
2245 2921 2480 2992 ἀλλαχοῦ
2509 2922 2729 2992 εἴρηκεν
2747 2961 2760 2985 ,
2788 2920 2871 2973 ὃτι
2906 2915 3397 2985 Καταρτιζόμενος
3426 2914 3566 2979 τοὺς
3597 2914 3711 2966 πό-

2125 3013 2237 3078 δας
2278 3029 2397 3081 μου
2432 3010 2575 3064 ὡσεὶ
2607 3009 2860 3078 ἐλάφου,
2896 3008 2993 3061 καὶ
3027 3006 3125 3060 ἐπὶ
3157 3006 3231 3059 τὰ
3271 3003 3481 3072 ὑψηλὰ
3518 3001 3713 3057 ἱστῶν

2122 3124 2199 3177 με
2245 3106 2378 3176 (47),
2413 3104 2511 3174 τὴν
2559 3107 2639 3167 είς
2676 3103 2744 3156 τὰ
2776 3102 2957 3172 ὑψηλὰ
2991 3099 3250 3154 ἐπάνοδον
3291 3097 3493 3151 λάκκου
3528 3094 3709 3148 ἁπαλ-

2126 3198 2296 3269 λαγὴν
2320 3198 2414 3249 καὶ
2444 3194 2714 3264 ὑπόληψιν
2738 3192 3013 3264 ὀνομάζει.
3054 3190 3292 3245 Ψάλατε
3317 3186 3396 3253 τῷ
3417 3186 3631 3255 Κυρίῳ,
3654 3187 3715 3238 οἱ

2127 3291 2281 3344 ὅσιοι
2303 3288 2510 3343 αὐτοῦ.
2543 3288 2656 3341 Οὐκ
2680 3286 2733 3338 εἴ
2755 3304 2837 3350 τις
2867 3284 2945 3356 τῷ
2977 3284 3205 3354 στόματι
3235 3281 3496 3352 προφέρει
3523 3279 3590 3331 τὰ.
3612 3277 3714 3331 τοῦ

2126 3381 2338 3452 ψαλμοῦ
2375 3382 2615 3451 ῥήματα,
2654 3374 2812 3441 οὗτος
2842 3376 3034 3446 ψάλλει
3067 3374 3146 3445 τῷ
3189 3374 3411 3445 Κυρίῳ·
3446 3371 3560 3425 ἀλλ’
3592 3371 3717 3425 ὅσοι

2128 3474 2237 3529 ἀπὸ
2268 3472 2492 3543 καρδίας
2534 3471 2780 3542 καθαρᾶς
2822 3468 3209 3539 ἁναπέμπουσι
3239 3465 3339 3529 τὰς
3367 3462 3712 3534 ψαλμῳδίας,

2135 3567 2229 3620 καὶ
2256 3566 2370 3617 ὅσοι
2397 3564 2537 3617 εἰσὶν
2566 3564 2724 3628 ὅσιοι,
2762 3559 3027 3625 σώζοντες
3055 3559 3153 3631 τὴν
3185 3558 3322 3631 πρὸς
3349 3557 3481 3610 Θεὸν
3510 3557 3721 3609 δικαιο-

2137 3656 2324 3728 σύνην,
2357 3650 2503 3710 οὗτοι
2532 3654 2643 3725 (48)
2672 3654 2927 3709 δύνανται
2969 3652 3192 3722 ψάλλειν
3238 3649 3318 3721 τῷ
3345 3649 3465 3719 Θεῷ
3486 3650 3600 3710 τοῖς
3631 3649 3721 3718 ῥυ-

2136 3748 2292 3818 θμοῖς
2324 3748 2436 3809 τοῖς
2466 3747 2856 3815 πνευματικοῖς
2889 3742 3239 3814 ἁρμοζόντως
3271 3735 3714 3798 ἀκολουθοῦντες.

2136 3840 2300 3892 Πόσοι
2330 3839 2439 3891 ἀπὸ
2468 3838 2578 3907 (49)
2610 3835 2867 3906 πορνείας
2897 3835 3117 3889 ἑστᾶσιν
3146 3832 3400 3896 ἐνταῦθα,
3425 3830 3582 3884 πόσοι
3609 3826 3723 3879 ἀπὸ

2142 3927 2375 3997 κλοπῆςί
2401 3930 2556 3980 πόσοι
2588 3926 2758 3988 δόλον,
2793 3925 2947 3979 πόσοι
2971 3923 3324 3994 ψευδολογίαν
3353 3923 3411 3975 ὲν
3441 3920 3563 3981 ταῖς
3589 3932 3725 3985 καρ-

2141 4020 2281 4082 δίαις
2309 4018 2675 4090 κρύπτοντεςε
2711 4017 2949 4072 Ψάλλειν
2981 4016 3213 4083 οἴονται,
3255 4016 3323 4085 τῇ
3368 4010 3595 4081 ἀληθείᾳ
3645 4006 3723 4078 μὴ

2143 4112 2456 4183 ψάλλοντες.
2495 4112 2681 4164 Ὅσιον
2718 4112 2828 4183 γὰρ
2856 4111 3013 4164 καλεῖ
3041 4109 3177 4181 πρὸς
3213 4102 3585 4177 ψαλμολογίαν
3605 4100 3723 4171 (50)

2146 4204 2175 4256 6
2205 4202 2379 4271 λόγος.
2416 4203 2497 4256 Οὐ
2542 4201 2789 4255 δύναται
2835 4199 3086 4269 δένδρον
3137 4197 3403 4267 πονηρὸν
3453 4191 3726 4261 καρποὺς

463 4294 589 4352 gate
620 4288 784 4341 corda
817 4298 875 4343 ut
906 4289 958 4344 in
989 4291 1185 4360 Spiritu
1229 4290 1463 4371 fructum
1498 4290 1707 4357 feratis,
1739 4297 1793 4345 ct
1818 4288 2022 4359 possiti:

2150 4293 2412 4364 ἀγαθοὺς
2440 4293 2651 4359 ποιεῖν,
2682 4293 2802 4347 οὐδὲ
2838 4280 3045 4365 καρδία
3086 4289 3297 4362 πονηρὰ
3334 4290 3552 4361 ῥήματα
3580 4282 3728 4353 ζωῆς

465 4381 639 4435 sancti
674 4381 879 4449 effecti,
915 4384 1215 4454 prudenter
1242 4385 1474 4440 Domino
1502 4383 1758 4454 psallere.

2152 4385 2453 4439 ἐκϐάλλειν.
2490 4385 2790 4452 Ποιήσατε
2820 4382 2935 4441 οὗν
2962 4383 3031 4438 τὸ
3079 4381 3332 4450 δένδρον
3374 4378 3583 4436 κακὸν,
3622 4373 3724 4426 καί

461 4476 607 4542 τοὺς
639 4480 907 4547 καρποὺς
935 4480 1122 4535 αὐτοῦ
1156 4482 1403 4547 καλούς.
1434 4478 1731 4550 Καθάρατε
1775 4476 1875 4541 τὰς
1913 4477 2157 4550 καρδίας,
2225 4481 2314 4535 ἵνα
2380 4483 2764 4553 καρποφορῆτε
2831 4478 2909 4550 τῷ
2951 4477 3242 4548 πνεύματι,
3309 4474 3404 4528 καὶ
3439 4467 3724 4539 δυνηθῆτε,

460 4575 599 4630 ὅσιοι
632 4576 936 4647 γενόμενοι,
962 4576 1184 4647 ψάλλειν
1221 4575 1459 4640 συνετῶς
1482 4575 1559 4647 τῷ
1587 4574 1797 4645 Κυρίῳ.

536 4666 590 4723 4.
632 4665 703 4720 Ει
747 4669 1070 4737 conﬁtemini
1107 4670 1372 4723 memoria:
1415 4668 1716 4722 sanctitatis
1753 4668 1890 4735 ejus.
1924 4664 2038 4720 Non

2080 4582 2123 4637 D

2218 4662 2271 4718 4.
2310 4661 2421 4716 Καὶ
2465 4658 2924 4730 ἐξομολογεῖσθε
2954 4655 3028 4725 τῇ
3068 4653 3277 4725 μνήμῃ
3324 4649 3435 4718 τῆς
3476 4644 3730 4718 ἁγιωσύ-

542 4850 590 4883 ³³
618 4848 722 4903 lsa.
754 4865 903 4913 LVIII,
931 4850 985 4903 9.
1061 4848 1110 4880 ἰ
1136 4848 1309 4912 Exod,
1333 4863 1432 4914 xu,
1457 4847 1550 4902 29.
1626 4847 1671 4879 ³⁸
1692 4845 1894 4900 Jercm.
1918 4856 2145 4909 xxxvru,
2169 4840 2224 4896 6.
2298 4841 2343 4873 "
2366 4839 2501 4895 Gen.
2532 4836 2847 4905 xxxvu,9.4.
2924 4835 2969 4867 ²⁷
2986 4830 3388 4898 Psal.xvu,54.
3462 4830 3511 4862 ”
3535 4826 3724 4881 Matth.

470 4938 567 4990 vu,
601 4923 688 4977 18.
766 4923 810 4953 '9
843 4920 1035 4974 Matth.
1069 4936 1167 4988 xu,
1194 4920 1283 4976 53.

546 5097 658 5174 (45)
681 5096 904 5174 Legitur
929 5095 982 5149 in
1006 5094 1217 5174 duobus
1249 5109 1381 5149 mss.
1408 5086 1766 5174 ἐπανατέλλῃ.

2160 5082 2470 5154 ἐγγίζοντες
2502 5084 2568 5153 τῇ
2594 5080 2730 5152 πρὸς
2756 5077 2888 5154 Θεὸν
2911 5074 3250 5154 δικαιοσύνῃ,
3279 5067 3448 5154 cirros,
3477 5082 3582 5154 etc.

1412 5144 1925 5244 βαρὲνουσίήμᾶς·
1958 5174 2022 5215 se.

2160 5144 2254 5226 ηειέ
2273 5144 2351 5244 is
2380 5144 2718 5244 ςρθιςξζρηξτι
2738 5144 3730 5244 em:srtszaoéie;.::.sza-

474 5232 819 5309 ιιυὸειήμᾶς
844 5238 896 5291 in
935 5236 1126 5309 majori
1160 5244 1312 5309 parte
1346 5232 1801 5309 mssillioxdteg.
1851 5245 2051 5309 secuit:

474 5297 576 5368 dus
606 5297 860 5371 Ἐ’σωσάς
910 5323 977 5378 με
1011 5297 1103 5361 οὖν
1149 5297 1413 5377 πρότερον
1466 5303 1595 5357 ὄντα
1638 5305 1696 5356 ὲν
1733 5297 1812 5373 τῷ
1849 5301 1948 5372 βίῳ
1980 5297 2058 5369 τῷ

475 5401 889 5525 ποῖἒῧῳὲιϋῡο
928 5448 1101 5504 Paris.
1133 5446 1325 5525 ἐπὶ-..σὰ
1510 5461 1578 5517 με
1606 5442 1789 5525 ίστῶν.
1828 5443 1898 5525 At
1931 5454 2060 5525 mss.

2199 5236 2283 5279 not
2319 5234 2437 5278 sunt
2464 5213 2600 5290 justi
2631 5221 2718 5289 qui
2749 5223 2818 5272 ad
2857 5213 3255 5290 Qeihjustitiant
3287 5213 3728 5290 appropinquant,

2199 5244 2283 5279 ιιοι
2319 5244 2437 5278 sunt
2464 5244 2599 5290 Jusu
2631 5244 2718 5289 qut
2749 5244 2818 5272 au
2857 5244 2954 5271 ua
2985 5244 3249 5285 Justurum
3287 5244 3728 5283 αμμιυμιηιμιιυιι,

2161 5244 2242 5355 χῖ,
2276 5303 2379 5379 τις.
2404 5293 2694 5361 Aliquanto
2726 5297 2848 5359 post
2870 5286 3021 5343 Colb.
3054 5285 3323 5342 secundus
3372 5281 3600 5354 ῥυθμοῖς
3636 5281 3731 5335 τοῦ

2166 5382 2300 5418 πνευ
2350 5379 2498 5426 ατος.

2174 5383 2353 5507 Α(ιῶ
2396 5432 2584 5507 ΔΕιι-ἱιίο
2615 5429 2804 5507 _Paris.
2870 5427 3026 5480 πόσοι
3080 5426 3138 5479 δὲ
3349 5422 3486 5507 “Sed
3545 5420 3732 5507 vocula

485 5492 691 5590 ειιῖὶἷὲέη
710 5492 888 5574 ῖΐῖιῖ
915 5492 1340 5590 ἑιῆἱίὲὲιυῗΝὶξο
1382 5492 1474 5571 iia'
1510 5492 1679 5570 ἱῖιυιιο
1726 5492 2064 5586 ρόεἷοιίᾴίιι
2166 5504 2226 5559 δέ
2243 5492 2359 5590 ξιμλῇ
2383 5503 2590 5590 legitur
2614 5501 2780 5590 inse}
2814 5492 3729 5590 {essepgggggpjdiggpeﬁgi;

481 5588 636 5663 iussa
653 5591 954 5663 προσφέρει
978 5588 1067 5663 τά.

557 5661 667 5728 (48)
691 5650 845 5716 Colb.
872 5650 1142 5716 Secundus
1167 5658 1282 5712 ἀλλ’
1319 5659 1369 5713 οἳ
1407 5657 1517 5713 άπὸ
1547 5655 1773 5728 καρδίας
1813 5650 2062 5728 καθαρᾶς

2236 5557 2349 5647 (50)
2382 5557 2532 5647 néé.
2570 5571 2762 5647 tertius
2810 5557 3733 5647 apo;'daXutpoiav._I§ec_.prqcul

2164 5630 2300 5713 Reg.
2330 5630 2603 5713 Secundus
2651 5630 3023 5713 καθαρίσατε,’
3057 5630 3283 5713 εείίῖιίι,
3310 5644 3369 5692 ιιι
3408 5630 3575 5692 lectio
3605 5630 3729 5696 alia,

484 5707 1379 5803 c~,a;é,.1-x-J;.‘;&;samiae;
1409 5707 1518 5784 ait
1549 5707 1686 5783 ’δεδι
1716 5707 1838 5780 εἰσὶ
1865 5707 2022 5778 δίκὰιι

2163 5707 2466 5788 καθάρατε,
2499 5712 2555 5770 in
2572 5707 2817 5782 margine
2844 5709 3079 5780 ascripta
3106 5707 3200 5765 sil.
