4048 6220
343 370 461 426 311’:

1491 366 1773 423 HOMILIA
1812 363 1879 419 IN
1918 364 2248 423 PSALMUM
2287 367 2483 422 XXIX.

3507 365 3617 426 τις.

346 510 471 559 γης
514 492 714 546 αὑτοῦ.
751 493 865 546 Οὐκ
896 487 1068 557 εἴπεν,
1103 491 1536 563 Ἐξομολογεῖσθε
1567 496 1632 563 τῇ
1664 490 1934 561 ἁγιωσύνῃ

2041 491 2199 555 dixit,
2237 490 2582 545 Conﬁtemini
2639 491 2912 545 sanctitati
2968 490 3115 559 ejus,
3159 490 3290 555 sed,
3342 489 3614 544 Memoria:

351 586 546 646 αὐτοῦ,
589 583 753 647 ἀλλὰ,
802 583 878 653 Τῇ
923 585 1129 654 μνήμῃ
1175 585 1285 652 τῆς
1332 585 1672 654 ἁγιωσύνης
1715 581 1932 635 αὑτοῦ·

352 677 653 742 τουτέστιν,
703 677 1103 747 Εὐχαριστεῖτε.
1158 678 1222 729 Ἠ
1264 675 1372 744 γὰρ
1419 674 1799 744 ἐξομολόγησις
1849 675 1935 724 ἐν·-

353 768 531 821 ταῦθα
577 768 697 822 ἀντὶ
746 768 1096 838 εὐχαριστίας
1145 766 1502 838 λαμϐάνεται.
1549 765 1936 835 Εὐχαριστεῖτε

351 859 474 922 οὖν,
512 861 594 916 ὅτι
638 862 695 913 ἐν
733 861 920 930 μνήμῃ
957 860 1056 928 τῆς
1087 857 1397 928 ἁγιωσύνης
1444 857 1608 910 αὑτοῦ
1653 855 1933 924 ἐγένεσθε·

354 952 409 1003 οἳ
441 952 723 1022 πρότερον,
763 951 852 1004 διὰ
894 950 953 1004 τό
998 949 1323 1020 ἐμϐαθύνειν
1359 952 1424 1019 τῇ
1460 949 1646 1018 κακίᾳ,
1691 949 1785 1001 καὶ
1817 949 1937 1010 ταῖς

354 1044 720 1115 ἁκαθαρσίαις
768 1043 868 1114 τῆς
923 1042 1122 1113 σαρκὸς
1190 1040 1585 1111 ἐμμολύνεσθαι
1653 1039 1801 1110 (51),
1858 1041 1934 1101 εἰς

355 1134 532 1205 λήθην
565 1133 754 1202 ἤλθετε
800 1133 898 1201 τῆς
931 1129 1242 1199 ἁγιωσύνης
1283 1127 1374 1181 τοῦ
1419 1129 1740 1197 ποιήσαντος
1769 1127 1932 1196 ὑμᾶς.

369 1222 544 1293 ’Υπὲρ
577 1220 669 1275 οῦν
696 1222 788 1276 τοῦ
832 1218 1258 1291 ἐξιλασμοῦτῶν
1302 1218 1724 1290 ἡμαρτημένων,
1759 1217 1938 1287 ἐξομο-

357 1315 605 1384 λογεῖσθε
639 1317 766 1384 περὶ
792 1314 898 1367 τῶν
922 1314 1019 1383 οὐχ
1049 1313 1215 1380 ὑγιῶς
1249 1313 1376 1382 ὑμῖν
1401 1309 1932 1382 προπεπραγμένων.

359 1408 486 1460 ’Ότι
514 1405 656 1474 ὀργὴ
687 1406 756 1458 ἐν
781 1405 862 1469 τῷ
894 1405 1058 1472 θυμῷ
1105 1403 1313 1464 αὐτοῦ,
1351 1401 1449 1456 καὶ
1487 1399 1596 1469 ζωὴ
1630 1402 1698 1454 ἐν
1733 1399 1812 1465 τῷ
1840 1402 1936 1453 θε-

358 1494 583 1562 λήματι
612 1491 816 1547 αὐτοῦ.
843 1493 1114 1562 Πρότερον
1151 1487 1270 1544 εἷπε
1300 1491 1362 1543 τὸ
1394 1490 1736 1560 σκυθρωπὸν,
1765 1489 1934 1561 ὀργὴν

361 1585 423 1636 ἐν
468 1583 547 1654 τῷ
598 1582 754 1654 θυμῷ
791 1583 883 1635 τοῦ
938 1582 1106 1634 Θεοῦ·
1157 1579 1280 1634 εἶτα
1323 1581 1384 1635 τὸ
1431 1582 1799 1653 φαιδρότερον,
1839 1581 1938 1652 τὴν

362 1677 508 1748 ζωὴν
538 1679 595 1730 ἐν
637 1677 714 1746 τῷ
748 1677 1007 1746 θελήματι
1041 1675 1225 1729 αὐτοῦ.
1261 1676 1417 1737 Δοκεῖ
1445 1675 1764 1744 ταυτολογια
1796 1668 1936 1727 εῖναι

359 1772 476 1831 τοῖς
522 1767 596 1839 μὴ
643 1767 956 1837 δυναμένοις
985 1767 1082 1836 τῆς
1127 1764 1410 1836 ἀκριϐείας
1453 1766 1558 1819 τῶν
1605 1765 1938 1837 σημαινομέ-

2039 582 2335 634 sanctitatis
2374 577 2486 650 ejus
2517 594 2536 633 :
2573 582 2676 636 hoc
2720 591 2824 647 est,
2867 582 3290 652 Gratias'agite.
3333 582 3613 636 Confessio

2038 687 2272 743 namque
2316 673 2407 727 hic
2440 687 2538 742 pro
2571 674 2864 742 gratiarum
2907 673 3119 727 actione
3153 673 3433 740 accipitur.
3477 673 3614 726 Gra-

2045 766 2151 821 tias
2182 767 2346 835 igitur
2382 767 2543 836 agite,
2579 765 2718 834 quod
2759 764 2812 818 in
2851 765 3110 819 memoria
3146 765 3449 818 sanctitatis
3491 763 3606 833 ejus

2039 859 2159 913 sitis
2189 877 2202 911 :
2236 859 2327 928 qui
2371 858 2544 929 prius,
2580 867 2765 928 utpote
2804 857 3064 925 profunda
3109 858 3343 910 immersi
3377 857 3602 922 malitia,

2039 961 2093 1006 et
2138 951 2318 1005 carnis
2377 951 2651 1020 spurcitiis
2703 949 3075 1013 contaminati,
3118 950 3170 1001 in
3225 948 3341 1016 ejus
3384 950 3473 1018 qui
3513 963 3609 1001 vos

2045 1043 2288 1097 condidit
2335 1041 2662 1096 oblivionem
2706 1041 2998 1095 veneratis.
3033 1039 3216 1108 itaque
3259 1040 3325 1094 ad
3365 1041 3613 1094 obtinen—

2041 1135 2164 1186 dam
2207 1141 2549 1201 peccatorum
2605 1131 2842 1195 veniam,
2889 1131 2954 1184 de
2999 1130 3082 1184 his
3113 1145 3233 1199 quae
3266 1141 3421 1184 antea
3452 1145 3480 1182 a
3512 1144 3610 1184 vo-

2039 1225 2124 1280 bis
2152 1239 2257 1279 non
2282 1235 2430 1278 recte
2455 1231 2603 1293 gesta
2635 1232 2760 1277 sunt
2785 1221 3174 1277 conﬁteamini.
3199 1220 3361 1276 Vens.
3385 1221 3436 1274 6.
3468 1220 3614 1286 Quo-

2037 1320 2181 1372 niam
2226 1318 2308 1371 ira
2346 1319 2401 1370 in
2430 1318 2788 1386 indignatione
2819 1315 2954 1384 ejus,
2988 1324 3035 1367 et
3085 1315 3192 1368 vita
3241 1315 3297 1366 in
3343 1313 3612 1367 voluntate

2039 1411 2176 1478 ejus.
2211 1409 2369 1463 Prius
2424 1408 2576 1462 triste
2621 1407 2877 1476 quiddam
2922 1407 3078 1470 dixit,
3118 1407 3250 1460 iram
3286 1406 3336 1460 in
3370 1406 3613 1474 indigna-

2039 1499 2186 1553 tione
2217 1498 2306 1552 Dei
2346 1518 2358 1552 :
2396 1498 2590 1552 deinde
2633 1497 2833 1565 aliquid
2874 1497 3066 1561 laetius,
3104 1498 3268 1550 vitam
3316 1497 3369 1550 in
3416 1497 3610 1551 volun-

2040 1599 2152 1643 tate
2186 1591 2321 1658 ejus.
2351 1589 2574 1644 Videtur
2603 1587 2854 1658 repetitio
2881 1602 3021 1650 esse,
3053 1588 3117 1642 iis
3151 1590 3240 1657 qui
3276 1588 3610 1657 signiﬁcato-

2039 1698 2158 1735 rum
2193 1680 2598 1751 intelligentiam
2631 1688 2942 1733 accuratam
2971 1679 3181 1747 assequi
3211 1695 3313 1732 non
3346 1688 3607 1746 possunt:

2040 1771 2471 1840 quandoquidem
2506 1770 2764 1838 propheta
2799 1769 2931 1822 dicit
2978 1770 3110 1822 iram
3153 1782 3272 1822 esse
3303 1769 3356 1821 in
3394 1769 3485 1823 Dei
3523 1771 3610 1821 in-

364 1828 472 1912 νων
506 1828 859 1927 ἐφέιπτεσθάι,
891 1828 984 1910 τοῦ
1034 1828 1308 1928 προφὴτου
1339 1828 1603 1926 ’λέγοντος
1647 1828 1814 1928 όργὴν
1843 1828 1934 1908 ἐἷ-

2041 1828 2372 1932 dignatione,
2405 1861 2560 1930 quasi
2610 1860 2686 1914 ira
2717 1868 2771 1912 et
2804 1860 3098 1928 indignatio
3145 1860 3282 1914 idem
3327 1860 3458 1920 sint,
3487 1875 3608 1914 cmn

362 1971 452 2004 ναι
488 1952 597 2021 (52)
625 1951 682 2003 ἐν
713 1949 790 2020 τῷ
818 1949 972 2020 θυμῷ
1008 1949 1101 2002 τοῦ
1145 1947 1302 2012 Θεοῦ,
1331 1949 1406 2012 ὡς
1449 1948 1543 2001 τοῦ
1582 1948 1743 2000 αὐτοῦ
1787 1948 1938 2012 ὄντος

363 2046 533 2114 ὀργῆς
578 2043 668 2095 καὶ
712 2042 916 2112 θυμοῦ·
965 2042 1208 2094 πλεῖστον
1251 2041 1307 2093 δὲ
1342 2040 1402 2092 τὸ
1447 2040 1718 2110 διάφορον.
1757 2040 1938 2109 Θυμὸς

367 2134 467 2201 μὲν
508 2132 616 2204 γάρ
647 2134 791 2184 ἐστιν
822 2133 854 2201 ἡ
887 2132 1066 2202 κρίσις
1099 2129 1192 2183 τοῦ
1228 2130 1524 2201 ἐπαχθῆναι
1555 2130 1678 2183 τάδε
1712 2130 1832 2183 τινὰ
1871 2130 1938 2182 τὰ

366 2225 664 2296 σκυθρωπὰ
700 2225 777 2294 τῷ
821 2223 987 2292 ἀξίῳ·
1030 2223 1166 2294 ὀργὴ
1210 2224 1266 2275 δὲ
1315 2225 1342 2274 6
1391 2224 1550 2285 πόνος
1594 2222 1716 2292 ἡδη,
1767 2221 1859 2274 καὶ
1903 2220 1936 2290 ἡ

364 2317 582 2380 κόλασις
615 2318 648 2387 ἡ
686 2315 793 2369 ἀπὸ
835 2314 927 2367 τοῦ
962 2315 1170 2368 δικαίου
1218 2312 1404 2384 κριτοῦ
1454 2313 1594 2367 κατὰ
1639 2313 1700 2365 “ab
1741 2312 1936 2383 μέτρον

360 2409 462 2479 τῆς
515 2407 726 2470 ἀδικίας
786 2404 1121 2475 ἐπαγομένη.
1186 2403 1316 2455 Ἀπὸ
1381 2401 1822 2473 παραδείγματος
1879 2397 1937 2450 δὲ

365 2496 697 2567 σαφέστερον
725 2495 753 2547 ὃ
777 2494 933 2564 ’λέγω
981 2495 1268 2564 γενήσεται
1304 2491 1438 2561 (55).
1482 2489 1936 2559 Σημειωσάμενος

363 2589 394 2640 ὁ
435 2588 616 2658 ἰατρὸς
641 2588 702 2639 τὸ
728 2586 1057 2656 φλεγμαῖνον
1091 2585 1252 2654 μέρος
1288 2583 1380 2635 καὶ
1415 2581 1666 2644 ὓπουλον,
1698 2578 1938 2651 ἐγκρίνει

363 2681 466 2752 τὴν
494 2680 666 2750 τομὴν
698 2677 999 2746 ἀναγκαίαν
1028 2673 1164 2728 εἶναι
1193 2673 1272 2744 τῷ
1302 2673 1582 2744 κάμνοντι.
1623 2671 1793 2724 Τοῦτο
1841 2670 1937 2722 θυ-

370 2770 471 2842 μὸν
499 2767 752 2838 ὀνομάζει
788 2769 822 2837 ἡ
857 2767 1070 2838 Γραφὴ.
1101 2763 1256 2818 Μετὰ
1281 2763 1337 2816 δέ
1374 2764 1472 2833 τὴν
1501 2763 1594 2816 ἐπὶ
1620 2761 1696 2833 τῷ
1739 2761 1937 2832 βοηθή-

371 2877 500 2931 ματι
533 2859 712 2930 κρίσιν
752 2858 843 2910 τοῦ
887 2855 1070 2928 ἰατροῦ
1100 2854 1454 2908 ἐπακολουθεῖ
1492 2854 1676 2907 λοιπὸν
1709 2855 1740 2925 ἡ
1787 2854 1939 2924 ἐνέρ-

369 2969 490 3021 γεια
523 2953 603 3015 εἰς
647 2951 802 3021 ἔργον
848 2950 958 3021 (54)
999 2950 1205 3016 ἄγουσα
1249 2947 1317 3001 τὰ
1359 2947 1642 3018 κριθέντα,
1674 2947 1823 3000 καὶὸ
1861 2947 1939 2999 σί-

366 3045 526 3115 δηρος
579 3045 793 3114 τέμνων
837 3044 934 3096 ¹καὶ
985 3042 1176 3114 ὀδύνην
1227 3042 1469 3113 ἐμποιῶν
1521 3041 1599 3110 τῷ
1648 3040 1936 3093 διακοπτο-

370 3132 533 3201 μένῳ.
581 3131 749 3184 Τοῦτο
797 3131 932 3202 ὀργὴ
985 3130 1118 3183 Θεοῦ
1169 3130 1500 3201 ὠνόμασται.
1558 3129 1710 3182 Ἐλθὲ
1755 3130 1936 3183 τοίνυν

366 3222 460 3275 ἐπὶ
482 3223 543 3275 τὸ
589 3221 965 3292 προκείμενον,
1000 3221 1093 3274 καὶ
1137 3223 1387 3293 εὑρήσεις
1416 3221 1477 3273 τὸ
1518 3220 1804 3273 ἀκόλουθον
1835 3221 1935 3290 τῆς

366 3313 594 3377 ἐννοίας.
622 3314 742 3366 Ὅτι
789 3312 933 3382 ὀργὴ
966 3313 1035 3365 ἐν
1081 3313 1159 3378 τῷ
1207 3313 1368 3382 θυμῷ
1417 3313 1623 3367 αὐτοῦ.
1665 3312 1932 3383 Τιμωρία,

369 3405 507 3460 κατὰ
555 3406 614 3459 τὸ
645 3405 848 3458 δίκαιον
896 3408 1067 3476 κρῖμα
1120 3404 1215 3458 τοῦ
1269 3405 1422 3458 Θεοῦ·
1463 3404 1592 3472 Ζωὴ
1639 3403 1707 3456 δὲ
1749 3405 1818 3457 ἐν
1854 3403 1934 3469 τῷ

366 3498 652 3567 θελήματι
679 3497 882 3551 αὑτοῦ.
913 3498 975 3550 Τί
1015 3493 1106 3551 οῦν
1142 3515 1336 3568 φησιν;
1372 3498 1492 3551 Ὅτι
1520 3497 1548 3548 ὃ
1581 3497 1679 3566 μὲν
1726 3495 1867 3549 θέλει
1905 3498 1934 3549 ὁ

366 3589 519 3653 Θεὸς,
547 3588 703 3642 τοῦτὸ
732 3591 866 3653 ἐστι,
900 3589 1107 3652 πάντας
1142 3590 1386 3660 μετέχειν
1415 3589 1580 3644 αὐτοῦ
1618 3590 1716 3659 τῆς
1755 3589 1897 3660 ζωῆς
1917 3606 1930 3619 ·

365 3683 514 3735 τὰδὲ
548 3682 921 3754 περιστατικὰ,
961 3682 1080 3751 οὐχὶ
1127 3681 1201 3752 τῷ
1244 3681 1507 3752 θελήματι
1557 3681 1722 3734 αὑτοῦ
1778 3683 1931 3751 ἐνερ-

365 3774 563 3840 γεῖται,
606 3772 741 3825 ἀλλὰ
782 3775 847 3842 τῇ
899 3772 1024 3841 ἀξίᾳ
1058 3771 1166 3824 τῶν
1217 3771 1613 3842 ἡμαρτηκότων
1647 3772 1931 3836 ἐπάγεται.

366 3865 474 3936 Τὴν
510 3867 608 3934 μὲν
639 3859 731 3924 οῦν
766 3863 908 3934 ζωὴν
941 3864 968 3915 ὁ
997 3863 1127 3926 Θεὸς
1155 3863 1235 3932 τῷ
1271 3862 1384 3933 ἰδίῳ
1424 3862 1684 3932 θελήματι
1721 3863 1934 3933 ἑκάστῳ

365 3958 669 4028 χαρίζεται,
698 3957 797 4027 τὴν
829 3957 885 4008 δὲ
916 3956 1086 4027 ὀργὴν
1129 3956 1288 4018 αὐτὸς
1333 3955 1561 4017 ἕκαστος
1608 3955 1786 4026 ἐαυτῷ
1834 3955 1931 4025 θη-

368 4048 607 4120 σαυρίζει
636 4049 748 4120 (55)
785 4049 880 4102 Ἐν
923 4048 1115 4118 ἡμέρᾳ
1151 4046 1332 4117 ὀργῆς
1371 4046 1469 4100 καὶ
1496 4048 1936 4116 ἀποκαλύψεως

365 4140 462 4192 καὶ
489 4140 916 4209 δικαιοκρισίας
957 4140 1061 4194 τοῦ
1105 4139 1272 4193 Θεοῦ.
1298 4138 1534 4210 Σύνηθες
1563 4138 1620 4191 δὲ
1647 4141 1712 4209 τῇ
1744 4139 1931 4210 Γραφῇ

366 4230 690 4298 προτάσσειν
734 4231 805 4284 τὰ
848 4231 1146 4304 σκυθρωπὰ
1189 4231 1296 4284 τῶν
1347 4230 1760 4303 χρηστοτέρωνο
1801 4231 1932 4285 διότι

366 4316 528 4386 ἡδίων
556 4318 700 4371 ἐστὶν
739 4321 772 4389 ή
804 4320 1120 4385 ἀπόλαυσις,
1163 4319 1739 4391 προκαθηγησαμένων
1767 4320 1934 4390 αὐτῆς

363 4406 840 4481 τῶνιλυπούντων.
896 4410 1042 4480 Ἐγὼ
1091 4412 1201 4480 γὰρ
1246 4408 1584 4471 ἀποκτενῶ,
1637 4411 1798 4480 φησὶ,
1835 4412 1932 4465 καὶ

2041 1962 2216 2006 tamen
2277 1953 2568 2022 plurimum
2627 1951 2898 2006 diﬁ'erant.
2960 1949 3260 2019 Indignatio
3317 1950 3462 2004 enim
3527 1959 3613 2003 est

2033 2044 2291 2112 judicium
2343 2045 2407 2098 de
2451 2042 2750 2111 iuﬁigendis
2797 2042 3024 2095 merenti
3077 2041 3241 2095 certis
3283 2043 3607 2111 quibusdam

2041 2135 2284 2190 tristibus
2319 2153 2331 2188 :
2362 2134 2442 2188 ira
2493 2149 2618 2188 vero
2674 2134 2824 2186 labor
2876 2143 2930 2187 et
2986 2133 3328 2202 supplicium,
3378 2133 3519 2202 quod
3579 2150 3609 2186 a

2033 2225 2179 2296 justo
2219 2224 2400 2294 judice
2440 2240 2538 2294 pro
2585 2223 2860 2294 injustitize
2907 2239 3158 2278 mensura
3203 2223 3315 2290 jam
3357 2223 3606 2278 infertur.

2038 2316 2188 2381 Quod
2242 2326 2422 2370 autem
2481 2315 2637 2377 dico,
2694 2314 2747 2368 id
2802 2314 3049 2383 exemplo
3110 2315 3445 2368 manifestius
3493 2315 3605 2367 ﬁet.

2038 2405 2274 2459 Medicus
2324 2404 2371 2458 si
2415 2420 2575 2474 quam
2612 2413 2818 2474 partem
2869 2404 3292 2460 inﬂammatione
3334 2405 3607 2470 aﬁ'ectam,

2037 2505 2092 2550 et
2137 2496 2289 2550 sanie
2335 2496 2542 2550 occulta
2582 2495 2834 2550 refertam
2869 2498 3258 2560 observaverit,
3291 2498 3610 2554 incisionem

2033 2586 2242 2657 judicat
2265 2601 2385 2640 esse
2415 2586 2696 2656 aegrotanti
2730 2587 3111 2642 necessariam.
3157 2587 3289 2643 lllud
3331 2589 3608 2658 Scriptura

2039 2678 2460 2746 indignationem
2503 2685 2679 2732 vocat.
2717 2676 2820 2732 Sed
2859 2687 2981 2747 post
3031 2678 3295 2746 prolatam
3331 2695 3359 2731 a
3398 2681 3610 2734 medico

2038 2768 2103 2823 de
2135 2767 2409 2823 aﬁ‘erendo
2450 2767 2690 2822 remedio
2735 2768 3076 2834 sententiam,
3109 2768 3251 2822 actio
3284 2769 3498 2821 tandem
3530 2782 3612 2824 se-

2038 2862 2242 2930 quitur,
2276 2875 2380 2929 qua
2417 2859 2559 2928 quod
2599 2857 2877 2913 decretum
2913 2868 2996 2914 est
3029 2859 3326 2928 perﬁcitur,
3377 2860 3611 2913 ferrum-

2037 2969 2162 3023 que,
2192 2954 2333 3022 quod
2374 2953 2586 3018 incidit,
2615 2961 2670 3006 et
2698 2952 2935 3007 dolorem
2984 2954 3125 3023 parit
3163 2954 3478 3009 incisionem
3513 2971 3612 3023 pa-

2041 3045 2213 3110 tienti,
2254 3044 2560 3100 adhibetur.
2609 3044 2740 3098 lllud
2780 3045 2858 3098 ira
2897 3045 2986 3098 Dei
3018 3045 3339 3114 appellatum
3373 3057 3474 3100 est.
3509 3045 3612 3099 Ve-

1963 3161 2004 3219 ο
2039 3137 2158 3191 nias
2186 3151 2312 3206 ergo
2342 3137 2407 3189 ad
2437 3136 2788 3205 propositum,
2823 3145 2878 3190 et
2915 3135 3074 3206 hujus
3101 3137 3382 3191 sententiae
3416 3151 3612 3192 conss--

2041 3225 2314 3295 quentiam
2369 3225 2628 3280 invenies.
2685 3224 2947 3290 Quoniam
3002 3227 3084 3279 ira
3133 3228 3186 3280 in
3250 3227 3612 3297 indignatione

2039 3315 2174 3386 ejus.
2214 3317 2401 3380 Pmna,
2433 3316 2726 3370 secundum
2775 3316 2978 3380 justum
3015 3317 3104 3370 Dei
3149 3318 3452 3386 judicium:
3490 3317 3612 3372 Vita

2040 3415 2168 3454 vero
2196 3401 2253 3452 in
2282 3399 2548 3454 voluntate
2581 3400 2712 3468 ejus.
2755 3401 2893 3467 Quid
2928 3417 3055 3472 ergo
3080 3403 3245 3457 dicit?
3277 3403 3428 3470 Quod
3465 3405 3612 3460 Deus

2040 3490 2172 3556 vult,
2202 3494 2302 3544 hoc
2342 3505 2482 3555 esse,
2513 3503 2571 3545 ut
2603 3495 2726 3547 vita:
2763 3495 2878 3563 ejus
2921 3495 3030 3548 sint
3074 3498 3366 3565 participes
3397 3513 3608 3552 omnes.

2040 3579 2176 3633 Mala
2227 3589 2400 3634 autem
2453 3597 2556 3635 non
2606 3582 2723 3650 ejus
2774 3584 3049 3638 voluntate
3099 3587 3253 3649 ﬁunt,
3291 3590 3385 3642 sed
3416 3589 3613 3643 merito

2041 3685 2224 3725 eorum
2248 3672 2338 3741 qui
2401 3685 2758 3740 peccaverunt
2818 3676 3141 3732 inferuntur.
3205 3679 3381 3732 Vitam
3448 3680 3614 3749 igitur

2041 3762 2236 3830 cuique
2276 3762 2411 3816 Deus
2462 3764 2679 3831 propria
2725 3764 3001 3820 voluntate
3050 3767 3235 3820 tribuit
3267 3785 3282 3820 :
3317 3768 3448 3820 iram
3481 3783 3612 3823 vero

2041 3855 2140 3907 sibi
2177 3856 2405 3924 quisque
2447 3858 2687 3925 congerit
2713 3856 2781 3910 In
2814 3859 2898 3911 die
2937 3860 3054 3924 ἔται,
3087 3871 3134 3912 et
3173 3859 3527 3924 reuelationis,
3559 3869 3612 3914 et

2032 3945 2166 4014 justi
2207 3945 2399 4015 judicii
2433 3945 2529 3999 Dei
2562 3947 2628 4001 ³ο.
2678 3947 2875 4002 Tristia
2911 3957 3093 4004 autem
3148 3961 3273 4003 ante
3323 3967 3410 4006 res
3463 3952 3612 4006 laetas

2041 4039 2300 4094 collocare
2328 4039 2465 4095 solet
2496 4038 2799 4110 Scriptura,
2833 4051 3117 4112 propterea
3151 4043 3293 4112 quod
3326 4045 3612 4099 delectatio

2035 4129 2320 4198 jucundior
2356 4141 2472 4195 est,
2518 4141 2662 4196 tum,
2705 4147 2826 4187 cum
2867 4149 2988 4203 quae
3027 4147 3314 4188 maerorem
3358 4134 3610 4202 aﬂerunt,

2043 4220 2212 4290 ipsam
2266 4231 2678 4288 praecesserunt.
2727 4223 2840 4292 Ego
2896 4225 3065 4288 enim,
3105 4226 3296 4294 inquit,
3353 4229 3609 4294 occidam,

2039 4321 2088 4365 et
2121 4312 2287 4366 uiuere
2318 4311 2510 4380 faciam
2546 4314 2613 4366 δ’.
2649 4312 2976 4368 Beneﬁcium
3013 4330 3170 4384 poena
3208 4326 3291 4371 est
3323 4318 3608 4385 posterius.

2040 4401 2366 4467 Percutiam,
2397 4411 2448 4457 et
2489 4420 2580 4473 ego
2612 4404 2809 4459 sonabo
2837 4405 2902 4458 ”.
2935 4405 3051 4474 Ipse
3083 4407 3228 4460 enim
3267 4405 3423 4462 affert
3461 4408 3612 4463 dolo-

364 4498 472 4568 ζῆν
523 4499 772 4563 ποιήσω.
826 4500 1064 4570 Δευτέρα
1109 4504 1142 4570 ἡ
1196 4501 1482 4569 εὐεργεσία
1540 4501 1677 4569 μετὰ
1722 4502 1819 4572 τὴν
1853 4505 1934 4557 κό.

2047 4509 2181 4558 rem,
2214 4502 2267 4548 et
2319 4509 2506 4548 rursus
2552 4505 2762 4549 recreat
2801 4515 2814 4550 :
2853 4499 3137 4565 percussit,
3166 4505 3220 4550 et
3261 4513 3455 4552 manus
3496 4498 3611 4566 ejus

365 4588 538 4641 λασιν.
564 4587 830 4652 Πατάξω,
872 4589 1032 4657 κάγὼ
1090 4589 1350 4657 ἰάσομαι.
1392 4590 1563 4652 Αὐτὸς
1610 4591 1718 4661 γὰρ
1750 4593 1936 4661 ἀλγεῖν

363 4681 542 4743 ποιεῖ,
590 4679 684 4730 καὶ
735 4679 897 4732 πάλιν
946 4681 1404 4751 ἀποκαθίστησιν
1456 4681 1675 4747 ἔπαισε,
1729 4685 1824 4736 καὶ
1878 4689 1935 4738 αί

363 4773 543 4840 χεῖρες
585 4769 749 4822 αὐτοῦ
795 4771 1032 4824 ίὰσαντο.
1085 4771 1464 4842 Προλαμϐἀνει
1509 4773 1577 4825 τὰ
1630 4775 1933 4838 κακοῦντα,

364 4862 450 4914 ἵνα
486 4861 849 4932 μονιμώτεραι
886 4864 1016 4931 ἡμῖν
1047 4864 1104 4915 αἱ
1139 4863 1357 4932 χάριτες
1381 4863 1662 4930 γένωνται,
1695 4866 1936 4937 σφοδρῶς

360 4952 813 5023 ἁντιποιηθέντων
864 4954 1020 5024 ἡμῶν
1055 4955 1154 5024 τῆς
1206 4953 1452 5022 φυλακῆς
1499 4953 1606 5007 τῶν
1651 4955 1932 5011 δοθέντων.

365 5042 437 5096 Τὸ
463 5043 729 5111 ἑσπέρας
765 5043 1206 5110 αὐλισθήσεται
1240 5044 1570 5112 κλαυθμὸς,
1618 5045 1715 5099 καὶ
1749 5049 1835 5111 εἰς
1868 5048 1933 5099 τὸ

357 5135 505 5202 πρωὶ
538 5135 918 5205 ἀγαλλίασις.
938 5135 1220 5206 Μνὴσθητι
1249 5135 1342 5188 τοῦ
1371 5136 1560 5206 καιροῦ
1592 5135 1682 5189 τοῦ
1714 5137 1855 5188 κατὰ
1882 5137 1942 5189 τὸ

426 5225 472 5256 ³ο
497 5224 652 5282 Rom.
679 5243 738 5293 ιι,
772 5227 824 5281 5.
900 5228 1116 5281 "Deut.
1148 5243 1320 5295 xxx",
1354 5227 1443 5282 '59.
1518 5228 1561 5258 ³²
1593 5229 1720 5282 ibid.

451 5319 556 5392 5|),
577 5320 750 5392 Editio
780 5320 954 5376 Paris.
995 5321 1336 5392 μολύνεσθαι.
1365 5324 1430 5374 At
1453 5337 1586 5376 mss.
1619 5322 1922 5392 ἐμμολύνε-

357 5386 500 5442 σθαι.
522 5386 672 5463 illo;
705 5399 814 5463 tres
843 5407 972 5445 mss.
996 5386 1487 5463 ἐξομολογήσασθε.
1523 5386 1724 5446 ibidem
1765 5394 1918 5449 Colb.

357 5460 622 5531 secundus
652 5460 1236 5531 upiv_1zsrrpaypévwv.

567 5527 720 5600 Deest
753 5527 892 5585 εἶναι
916 5527 965 5584 in
999 5527 1264 5600 aliquibus
1295 5547 1405 5586 mss

429 5595 542 5669 (55)
568 5596 667 5651 Ubi
689 5613 938 5669 corrupte
970 5595 1162 5669 legitur
1197 5603 1247 5655 in
1267 5602 1504 5656 editione
1529 5611 1711 5655 nostra
1749 5601 1922 5658 Paris.

369 5663 500 5717 Ἀπὸ
543 5663 980 5745 παραδείγματος
1019 5663 1081 5745 δὲ
1126 5674 1154 5726 ὁ
1177 5671 1524 5745 σαφέστερον
1553 5672 1581 5724 ὃ
1602 5673 1743 5741 λέγω
1764 5675 1925 5745 γενή-

358 5751 530 5810 σεται,
565 5739 826 5810 scriptum
857 5743 1126 5798 invenitur
1173 5744 1226 5796 in
1281 5739 1556 5810 aliquibus
1597 5739 1726 5796 mss.
1778 5739 1920 5797 Ἂπὸ

355 5807 798 5878 παραδείγματος
839 5813 894 5864 δὲ
929 5813 1253 5884 σαςέστερον
1280 5813 1328 5878 ὃ,
1367 5807 1491 5876 etc.,
1532 5812 1584 5866 in
1637 5811 1769 5884 Reg.
1798 5830 1924 5872 vero

2045 4597 2392 4643 sanaverunt.
2426 4590 2760 4645 Antecedunt
2794 4591 2954 4657 mala,
2989 4606 3093 4660 quo
3131 4591 3290 4662 128
3329 4591 3480 4646 nobis
3515 4593 3610 4646 bc-

2044 4681 2236 4735 neﬁcia
2285 4682 2558 4736 stabiliora
2605 4683 2738 4737 ﬁant
2789 4694 2949 4751 atque
2999 4685 3258 4750 ﬁrmiora,
3293 4685 3487 4754 quippe
3518 4686 3610 4754 qui

2044 4780 2172 4824 tunc
2231 4785 2554 4840 magnopere
2602 4774 2724 4827 data
2774 4775 3157 4829 custodiamus.
3211 4775 3292 4826 Ad
3348 4793 3610 4841 vesperum

2042 4860 2402 4912 demorabitur
2440 4862 2614 4926 ﬂetus,
2645 4872 2692 4915 et
2725 4862 2792 4915 ad
2833 4866 3150 4916 matutinum
3192 4865 3400 4920 la’titia.
3431 4865 3612 4920 Remi-

2045 4951 2253 5004 uiscere
2305 4952 2558 5019 temporis
2609 4954 2880 5023 passionis
2930 4955 3165 5022 Domini,
3220 4965 3276 5010 et
3324 4959 3610 5013 verborum

2043 5047 2284 5101 invenies
2316 5047 2744 5120 intelligentiam.
2773 5052 2853 5106 Ad
2886 5068 3163 5122 vesperam
3197 5055 3339 5108 enim
3369 5056 3615 5109 demora-

2053 5148 2135 5191 tus
2166 5149 2248 5195 cst
2279 5139 2436 5196 ﬂetus
2482 5145 2534 5196 in
2581 5143 2789 5198 Domini
2823 5145 3123 5214 discipulis,
3154 5163 3274 5200 cum
3315 5162 3436 5201 eum
3467 5147 3616 5201 vide-

2030 5325 2190 5402 tertio
2234 5325 2364 5378 Ἀπὸ
2385 5327 2828 5402 παραδείγματος
2853 5329 2908 5382 δὲ
2941 5330 2968 5382 ὃ
2994 5330 3136 5399 λέγω
3166 5331 3495 5402 σαφέστερον
3521 5348 3612 5400 γε·

2030 5395 2250 5464 νὴσεται
2279 5413 2294 5427 ν
2347 5411 2412 5448 ex
2442 5395 2549 5465 quo
2591 5395 2740 5452 vario
2789 5395 3077 5453 verborum
3122 5395 3312 5456 ordine
3366 5395 3608 5457 errorem

2033 5465 2386 5537 typpgrayhis
2412 5468 2681 5535 objectum
2709 5485 2829 5522 esse
2856 5470 3218 5537 suspicamur.

2105 5534 2215 5603 (54)
2245 5534 2380 5656 Regi
2409 5534 2679 5619 secundus
2710 5541 2788 5603 είς
2814 5538 2872 5591 ἓν
2889 5534 3069 5610 ἔργον.
3100 5542 3225 5595 Mox
3245 5543 3406 5597 editio
3433 5541 3604 5598 Paris.

2105 5605 2312 5656 :éuva.
2386 5617 2502 5656 eest
2533 5610 2794 5656 articulus
2829 5611 2879 5656 in
2913 5625 3041 5656 mss-

2031 5605 2060 5656 6
2080 5605 2312 5674 τέμνων.
2343 5605 2502 5660 Deest
2533 5609 2794 5663 articulus
2829 5611 2879 5662 in
2913 5605 3041 5664 mss.

2107 5676 2222 5770 (55.5)-
2253 5676 2446 5731 Nostra
2480 5679 2643 5734 editio
2675 5677 2850 5736 Paris.
2884 5679 3259 5753 θησαυρίζειν.
3279 5685 3348 5741 At
3371 5701 3498 5743 mss.
3521 5686 3612 5759 θη-

2030 5763 2295 5816 σαυριςει.
