4048 6220
400 328 509 386 515

1744 329 1801 383 S.
1845 326 2093 385 BASILII
2130 325 2351 383 MAGNI

3545 324 3658 386 5l6

403 454 523 501 rent
546 445 601 499 in
627 456 789 500 cruce
816 443 1137 514 pendentem
1177 464 1190 499 :
1226 444 1291 499 ad
1334 445 1655 500 matutinum
1684 460 1812 500 vero
1833 446 1966 501 ireti-

2081 445 2251 509 πάθος
2276 444 2372 499 τοῦ
2421 445 2649 517 Κυρίου,
2682 446 2776 500 καὶ
2819 445 2930 518 (56)
2984 448 3239 518 εὑρήσεις
3270 447 3339 500 τά
3387 447 3654 518 σημαινό-

403 534 501 600 tia,
533 550 657 590 cum
685 543 804 603 post
830 536 1276 590 resurrectionem
1307 545 1608 597 currerent.
1642 551 1705 591 ac
1731 533 1970 592 faustum

403 626 552 680 illum
597 628 842 681 nuntium
874 642 981 691 quo
1015 626 1273 681 Dominus
1307 626 1456 681 visus
1481 627 1652 682 fuisse
1685 628 1972 682 nuntiaba-

403 725 514 781 tur,
547 716 650 771 sibi
688 717 917 771 invicem
961 733 1081 771 cmn
1131 718 1325 786 gaudio
1368 717 1662 773 deferrent.
1693 718 1800 772 Aut
1835 718 1971 775 forte

400 806 562 862 etiam
594 808 645 861 in
679 809 1012 872 universum,
1042 823 1265 877 vespera
1314 809 1569 865 saeculum
1603 810 1703 865 hoc
1747 811 1966 876 dicitur,

401 896 455 949 in
492 912 598 965 quo
638 898 730 966 qui
780 898 937 952 beate
967 896 1232 960 ﬂeverint,
1264 898 1581 953 adveniente
1626 900 1966 966 pOStmodum

398 988 692 1054 matutino,
722 989 1147 1045 consolationem
1195 989 1482 1058 accipient.
1511 989 1663 1043 Beati
1706 994 1842 1044 enim
1881 995 1970 1063 qui

400 1078 621 1148 lugent;
670 1082 918 1150 quoniam
969 1084 1069 1150 ipsi
1129 1082 1538 1137 consolabuntur
1571 1084 1637 1138 ³³.
1683 1084 1835 1139 Beati
1882 1089 1972 1155 qui

399 1171 545 1240 ﬂent,
578 1173 826 1240 quoniam
854 1174 955 1240 ipsi
984 1174 1223 1229 ridebunt
1255 1176 1322 1229 ³⁵.
1353 1173 1454 1241 Qui
1479 1174 1640 1244 igitur
1666 1175 1783 1231 dies
1813 1175 1973 1244 hujus

400 1261 582 1314 saeculi
638 1259 750 1329 jam
802 1265 1319 1319 consummationem
1381 1264 1731 1334 attingentis,
1791 1276 1846 1320 et
1903 1268 1970 1320 ad

402 1367 560 1407 suum
591 1368 840 1409 occasum
874 1357 1162 1423 vergentis,
1193 1356 1247 1410 in
1291 1355 1563 1425 plorandis
1592 1358 1830 1426 peccatis
1859 1358 1972 1412 suis

407 1443 849 1513 absumpserunt,
869 1447 919 1500 hi
946 1462 1075 1502 vero
1105 1447 1194 1503 illo
1216 1448 1481 1502 matutino
1501 1447 1974 1519 adveniente.gau-

400 1534 627 1591 debunt.
682 1535 788 1601 Qui
829 1540 965 1592 enim
1012 1541 1268 1593 seminant
1318 1556 1456 1593 nunc
1504 1541 1559 1593 in
1609 1539 1877 1609 lacrymis,
1916 1542 1973 1594 in

400 1625 745 1679 exsultatione
772 1637 957 1682 metent
986 1628 1052 1695 ³⁸,
1093 1630 1346 1683 nimirum
1376 1630 1428 1682 in
1460 1627 1642 1684 futuro
1677 1630 1896 1684 smculo.

2078 552 2234 606 μενα.
2272 534 2544 607 Ἑσπέρας
2587 536 2697 605 γὰρ
2737 536 2964 607 ηὐλίσθη
2997 523 3273 608 κλαυθμὸς
3311 540 3424 600 τοῖς
3474 538 3655 607 μαθη-

2074 629 2191 688 ταῖς
2223 625 2316 679 τοῦ
2343 626 2571 698 Κυρίου,
2597 627 2683 679 ὅτε
2714 626 2940 679 ἔϐλεπον
2974 627 3134 680 αὐτὸν
3168 627 3260 679 ἐπὶ
3283 625 3376 678 τοῦ
3418 626 3654 698 σταυροῦ

2073 718 2454 789 κρεμάμενον·
2487 717 2547 769 τὸ
2576 717 2632 769 δὲ
2666 717 2812 787 πρωὶ
2849 717 3184 785 ἀγαλλίασις,
3227 718 3316 770 ὅτε
3372 717 3509 788 μετὰ
3550 720 3654 789 τὴν

2071 809 2364 862 ἀνάστασιν
2408 808 2680 879 διέτρεχον
2731 808 2869 879 μετά
2911 811 3085 879 χαρᾶς
3131 808 3381 879 ἀλλήλοις
3421 808 3653 871 διδόντες

2069 900 2139 953 τὰ
2190 900 2480 969 εὐαγγέλια
2526 900 2624 970 τῆς
2678 899 2942 963 ὀπτασίας
2985 898 3077 953 τοῦ
3126 901 3356 971 Κυρίου.
3400 902 3470 954 Ἣ
3512 900 3654 971 τάχα

2078 993 2173 1045 καλ¹
2212 992 2513 1055 καθολικῶς
2550 992 2754 1064 ἑσπέρα
2779 994 2806 1045 ὁ
2839 990 2972 1045 αἰὼν
3000 984 3152 1056 οὗτος
3186 992 3420 1061 λέγεται,
3452 994 3509 1044 ὲν
3533 986 3576 1058 ᾧ
3601 993 3654 1043 οἱ

2079 1084 2362 1154 μακαρίως
2391 1083 2742 1147 κλαύσαντες,
2779 1084 2877 1155 τῆς
2918 1085 3130 1155 πρωίας
3159 1083 3514 1155 ἐπελθούσης,
3544 1100 3648 1136 πα·-

2079 1174 2528 1246 ρακληθήσονται.
2566 1174 2853 1242 Μακάριοι
2879 1175 2989 1244 γὰρ
3032 1178 3087 1228 οὶ
3132 1174 3514 1240 πενθοῦντες,
3559 1175 3655 1227 ὅτι

2075 1265 2245 1318 αὐτοὶ
2287 1265 2873 1334 παρακληθήσονται.
2907 1267 3193 1334 Μακάριοι
3218 1270 3271 1321 oi
3313 1267 3650 1333 κλαίοντες,

2074 1356 2357 1410 ὅτιάὺτοὶ
2396 1356 2771 1425 γελάσουσιν
2799 1357 2933 1428 (57).
2963 1361 3025 1411 Ui
3056 1354 3149 1412 οὖν
3177 1358 3275 1422 τάς
3309 1358 3522 1430 ἡμέρας
3549 1357 3649 1410 τοῦ

2072 1448 2268 1512 αἰῶνος
2311 1448 2501 1502 τούτου
2546 1449 2639 1502 ἐπὶ
2672 1449 2952 1521 συντελείᾳ
3000 1450 3100 1521 ήδη
3146 1451 3333 1515 ὄντος,
3383 1452 3477 1504 καὶ
3511 1450 3653 1521 πρὸς

2069 1540 2167 1605 τὰς
2213 1541 2407 1595 ἑαυτοῦ
2448 1540 2656 1612 δυσμὰς
2705 1542 3087 1606 ἀποκλίνοντος
3128 1542 3262 1614 (58),
3304 1545 3362 1596 ὲν
3404 1543 3481 1613 τῷ
3513 1544 3653 1595 ἀπο-

2071 1633 2278 1687 κλαίειν
2327 1633 2427 1697 τὰς
2479 1636 2696 1688 ἑαυτῶν
2747 1636 3020 1707 ἁμαρτίας
3067 1636 3451 1704 διαγαγόντες,
3502 1631 3653 1689 οὗτοι

397 1716 501 1785 τῆς
534 1716 790 1788 ἀληθινῆς
817 1720 1032 1791 ἐκείνης
1066 1722 1279 1792 πρωίας
1311 1721 1640 1793 ἐπελθούσης
1681 1723 2118 1791 ἀγαλλιάσονται.
2168 1729 2232 1782 Οἱ
2267 1727 2621 1796 σπείροντες
2659 1728 2768 1798 γὰρ
2802 1729 2871 1782 ἐν
2902 1727 3158 1797 δάκρυσι
3189 1727 3324 1794 νῦν,
3356 1726 3428 1779 ὲν
3460 1726 3648 1796 ἀναλ-

397 1813 595 1868 λιάσει
643 1815 939 1883 θεριοῦσι·
990 1813 1189 1886 δηλαδὴ
1242 1816 1380 1886 πρὸς
1411 1816 1473 1869 τὸ
1537 1815 1749 1885 μέλλον.

468 1904 523 1960 5.
568 1904 730 1961 Vens.
768 1906 820 1960 7.
861 1904 976 1976 Ego
1007 1916 1181 1961 autem
1216 1909 1329 1961 dixi
1364 1909 1419 1962 in
1453 1909 1783 1962 abundantia
1831 1925 1964 1976 mea,

2143 1911 2195 1965 5.
2251 1912 2398 1982 Ἐγὼ
2431 1912 2500 1967 δὲ
2552 1910 2692 1968 εἶπα
2744 1916 2812 1968 ὲν
2842 1912 2920 1982 τῇ
2950 1914 3196 1982 εὐθηνίςι
3238 1927 3381 1983 μου·
3432 1916 3515 1969 Οὐ
3560 1914 3651 1984 μὴ

400 1993 526 2050 Non
574 1997 813 2052 movebar
856 1998 910 2052 in
960 2007 1234 2052 aeternum.
1271 1998 1733 2065 Quemadmodum
1777 2016 1963 2056 earum

398 2103 580 2143 rerum
629 2105 751 2159 quae
796 2092 849 2143 in
895 2089 1013 2145 foro
1058 2091 1360 2147 venduntur
1403 2088 1581 2161 copia,
1611 2092 1846 2148 civitatis
1885 2103 1969 2149 est

401 2181 757 2245 abundantia,
776 2191 825 2235 et
853 2181 1304 2251 quemadmodum
1331 2183 1608 2252 regionem
1635 2198 1756 2252 qua:
1779 2184 1967 2240 fructi-

398 2270 499 2326 bus
536 2272 717 2327 multis
760 2272 958 2327 referta
1007 2282 1110 2339 est,
1143 2273 1420 2329 abundare
1469 2275 1701 2331 dicimus
1735 2295 1747 2331 :
1781 2277 1863 2332 sic
1914 2286 1968 2332 et

398 2363 595 2418 anime
643 2366 885 2432 quaedam
939 2372 1024 2418 est
1078 2364 1438 2431 abundantia,
1487 2366 1612 2421 dum
1663 2368 1967 2438 omnigenis

397 2452 652 2523 operibus
693 2454 897 2524 repleta
935 2465 1018 2510 est
1046 2473 1059 2509 :
1090 2470 1253 2525 quam
1287 2458 1518 2526 primum
1548 2458 1769 2527 quidem
1801 2460 1967 2515 multo

398 2559 524 2600 cum
550 2544 738 2602 labore
762 2548 936 2603 excoli
965 2558 1199 2619 oportet,
1231 2559 1451 2621 tumque
1482 2553 1632 2608 uberi
1662 2554 1964 2610 ccelestium

397 2652 657 2707 aquarum
702 2640 1016 2710 irrigatione
1057 2644 1317 2714 saginari,
1352 2644 1487 2699 adeo
1515 2655 1569 2698 ut
1601 2645 1836 2700 fructum
1870 2648 1968 2701 tri-

396 2728 680 2796 cesimum,
711 2740 805 2782 aut
852 2733 1271 2801 sexagesimum,
1301 2743 1393 2789 aut
1432 2735 1789 2791 centesimum
1839 2735 1968 2792 alre-

395 2831 482 2874 rat
514 2820 581 2886 ³⁶,
617 2836 681 2876 ac
709 2823 1137 2879 benedictionem
1183 2825 1426 2881 obtineat
1456 2828 1721 2883 dicentem
1753 2848 1766 2883 :
1800 2828 1967 2884 Bene-

396 2914 553 2967 dicue
606 2913 871 2982 apothecis
918 2924 1044 2982 tum,
1075 2924 1125 2968 et
1160 2916 1395 2985 reliquiae
1425 2927 1530 2971 tute
1558 2917 1624 2973 ³⁷.
1661 2917 1795 2972 Nam
1842 2933 1961 2973 con-

395 3004 607 3058 stantize
655 3017 764 3058 suae
817 3005 907 3072 qui
959 3006 1212 3061 conscius
1264 3016 1368 3073 est,
1419 3007 1564 3062 dicet
1607 3008 1963 3072 conﬁdenter,

396 3095 786 3165 aﬂirmabitque
814 3095 951 3160 fore,
983 3107 1041 3151 ut
1076 3098 1144 3152 ab
1188 3098 1501 3154 adversario
1530 3114 1635 3155 non
1667 3110 1963 3168 evertatur,

397 3185 541 3239 velut
573 3200 701 3253 ager
726 3186 934 3256 plenus,
963 3188 1049 3241 cui
1079 3188 1353 3243 benedixit
1382 3188 1657 3244 Dominus.
1703 3188 1869 3246 Vnus.
1906 3191 1961 3246 8.

2073 1984 2350 2058 amicum?)
2396 2008 2482 2071 εὶς
2515 2006 2624 2059 τὸν
2654 2005 2860 2061 αἰῶνα.
2891 2006 3100 2077 ’Ὠσπερ
3143 2005 3350 2070 πόλεώς
3378 2008 3521 2060 ἐστιν
3555 2008 3651 2060 εὐ-

2074 2095 2231 2167 θηνία
2261 2098 2293 2167 ἡ
2345 2098 2451 2151 τῶν
2489 2097 2663 2151 ὠνίων
2713 2100 2833 2151 κατ’
2859 2098 3063 2170 ἀγοράν
3095 2097 3327 2168 ἀφθονία
3363 2097 3508 2168 (59),
3554 2099 3652 2151 καὶ

2072 2190 2255 2262 χώραν
2274 2191 2614 2261 εὐθηνεῖσθαι
2637 2192 2871 2262 λέγομεν
2893 2193 2992 2262 τὴν
3020 2192 3246 2255 πολλοὺς
3264 2192 3651 2263 εὐφορήσασαν

2071 2281 2196 2343 τοὺς
2238 2279 2510 2351 καρπούς·
2547 2280 2690 2334 οὕτω
2728 2282 2821 2334 καὶ
2864 2282 2963 2352 τῆς
2996 2279 3106 2351 (60)
3152 2280 3330 2351 ψυχῆς
3373 2280 3457 2344 τίς
3499 2282 3649 2335 ἐστιν

2073 2369 2294 2439 εὐθηνία
2329 2371 2424 2441 τῆς
2459 2369 2894 2441 πεπληρωμένης
2935 2368 3295 2423 παντοδαπῶν
3333 2367 3541 2437 ἔργων·
3581 2368 3650 2437 ἣν

2074 2459 2288 2530 πρῶτον
2339 2460 2437 2530 μὲν
2469 2460 2850 2532 γεωργηθῆναι
2894 2460 2977 2513 δεῖ
3008 2461 3337 2530 φιλοπόνως,
3384 2459 3479 2512 καὶ
3523 2458 3649 2511 τότε

2071 2554 2191 2615 ταῖς
2224 2552 2473 2620 ἀφθόνοις
2493 2552 2601 2606 τῶν
2627 2553 2891 2624 οὐρανίων
2924 2553 3133 2607 ὑδάτων
3158 2552 3463 2625 ἐπιρροίαις
3493 2568 3655 2605 πιαν-

2074 2644 2253 2717 θῆναι,
2283 2643 2422 2699 ὥστε
2453 2646 2872 2717 καρποφορῆσαι
2901 2647 2959 2698 ὲν
2981 2644 3292 2717 τριάκοντα,
3322 2644 3417 2697 καὶ
3445 2645 3503 2696 ὲν
3531 2643 3650 2713 egi,

2073 2754 2258 2801 κοντα,
2289 2738 2381 2792 καὶ
2420 2740 2477 2791 ὲν
2508 2739 2720 2804 ἑκατὸν,
2767 2740 2862 2792 καὶ
2907 2742 3093 2809 τυχεῖν
3129 2739 3230 2808 τῆς
3263 2737 3517 2805 εὐλογίας
3547 2738 3648 2808 τῆς

2072 2829 2333 2901 λεγούσης
2356 2848 2369 2860 ·
2400 2831 2811 2901 Εὑλοπημέναι
2835 2834 2893 2884 al
2934 2829 3234 2898 ἀποθῆκαί
3273 2847 3412 2898 σου,
3446 2830 3544 2883 καὶ
3575 2828 3649 2882 τὰ

2071 2919 2583 2990 ἐγκαταλείμματά
2638 2935 2774 2974 σου.
2818 2921 2875 2973 Ὁ
2943 2915 3035 2973 οὖν
3095 2918 3481 2990 αἰσθανόμενος
3533 2915 3645 2988 (61)

2072 3013 2171 3083 τῆς
2203 3012 2399 3066 ἑαυτοῦ
2437 3013 2804 3085 βεϐαιότητος,
2831 3011 3167 3074 πεποιθότως
3184 3013 3317 3082 ὲρεῐ,
3346 3010 3442 3064 καὶ
3470 3009 3648 3063 διαδε-

2073 3101 2368 3156 6αιώσεται
2400 3104 2473 3174 μὴ
2500 3103 2904 3174 περιτραπῆναι
2936 3102 3045 3171 (62)
3085 3102 3191 3155 ὑπὸ
3223 3101 3317 3154 τοῦ
3347 3101 3648 3169 ἀνταγωνι-

2074 3195 2324 3266 ζομένου,
2350 3197 2423 3259 ὡς
2454 3196 2623 3269 ἀγρὸς
2661 3195 2895 3267 πλήρης,
2937 3194 2997 3248 ὃν
3021 3191 3313 3264 εὐλόγησεν
3349 3194 3378 3246 ὁ
3410 3191 3641 3263 Κύριος·

396 3274 643 3339 Domine,
666 3278 720 3329 in
759 3276 1026 3331 uoluntate
1053 3287 1146 3332 tua
1174 3281 1465 3347 praestitisti
1495 3280 1672 3334 decori
1701 3297 1814 3336 meo
1852 3283 1964 3336 vir-

2070 3286 2268 3354 Κύριε,
2305 3287 2374 3339 ἐν
2416 3284 2496 3350 τῷ
2545 3283 2832 3353 θελήματι
2882 3300 2998 3337 σου
3050 3281 3357 3350 παρέσχου
3409 3279 3519 3352 (65)
3564 3279 3645 3346 τῷ

398 3376 577 3420 tutam.
604 3364 660 3420 In
692 3367 1063 3437 investiganda
1096 3370 1351 3425 virtutum
1382 3372 1588 3427 ratione
1610 3374 1700 3442 qui
1726 3387 1785 3430 se
1809 3387 1968 3429 exer-

398 3469 581 3522 cuere,
609 3456 743 3512 alias
761 3458 979 3526 quidem
1006 3460 1230 3515 virtutes
1257 3460 1513 3516 dixerunt
1542 3476 1609 3518 ex
1640 3466 1970 3535 contempla-

400 3550 637 3605 tionibus
664 3561 939 3618 constare,
970 3552 1104 3608 alias
1131 3568 1259 3609 vero
1292 3554 1425 3609 sitas
1450 3571 1557 3610 non
1584 3571 1707 3611 esse
1750 3558 1804 3611 in
1836 3573 1969 3613 con-

399 3643 748 3712 templatione
777 3662 792 3698 :
819 3644 966 3700 verbi
1008 3647 1204 3716 gratia,
1252 3648 1592 3718 prudentiam
1640 3649 1857 3719 quidem
1899 3666 1968 3705 ex

397 3734 941 3803 contemplationibus
969 3746 1241 3802 constare,
1273 3754 1397 3794 cum
1430 3740 1495 3795 de
1528 3741 1685 3796 bonis
1720 3756 1782 3795 ac
1816 3742 1970 3797 malis

398 3825 576 3894 agitur
606 3842 618 3877 :
647 3825 773 3880 hinc
798 3841 925 3880 vero
957 3829 1369 3898 temperantiam
1403 3829 1559 3894 oriri,
1589 3834 1732 3900 quod
1771 3847 1967 3900 specu-

398 3915 574 3971 lamur
603 3932 721 3985 qua:
762 3918 871 3972 sint
913 3919 1155 3990 eligenda
1203 3929 1296 3974 aut
1334 3919 1584 3990 fugienda
1618 3940 1632 3976 :
1665 3923 1789 3978 hinc
1814 3924 1974 3993 juSti-

398 4011 559 4085 tiam,
581 4010 724 4078 quod
757 4011 1122 4078 speculamur,
1146 4028 1268 4082 quae
1311 4014 1682 4069 distribuenda
1717 4015 1845 4080 sint,
1878 4025 1971 4070 aut

396 4116 504 4155 non
532 4101 903 4157 distribuenda
935 4123 949 4157 :
979 4104 1105 4158 hinc
1138 4104 1528 4173 fortitudinem,
1560 4108 1704 4176 quod
1731 4108 1967 4176 specula-

2069 3379 2283 3431 κάλλει
2309 3394 2428 3445 μου
2460 3376 2737 3445 δύναμιν.
2762 3377 2826 3429 Οἱ
2855 3377 2982 3447 περὶ
3003 3376 3105 3447 τὴν
3125 3375 3370 3442 ἐξέτασιν
3393 3373 3488 3426 τοῦ
3514 3373 3645 3444 περὶ

2069 3470 2278 3542 ἀρετῶν
2302 3469 2459 3537 λόγου
2489 3469 2906 3540 κατατριϐέντες
2934 3468 3034 3532 τάς
3066 3469 3165 3540 μὲν
3198 3468 3307 3522 τῶν
3334 3467 3545 3539 ἀρετῶν
3576 3468 3643 3519 ὲκ

2071 3560 2440 3633 θεωρημάτων
2465 3560 2671 3629 ἔφασαν
2704 3561 3042 3626 συνεστάναι,
3065 3560 3164 3624 τὰς
3186 3560 3245 3613 δὲ
3268 3558 3640 3631 ἀθεωρήτουςο

2068 3649 2199 3716 οἷον,
2246 3653 2504 3723 φρόνησιν
2549 3654 2646 3723 μὲν
2680 3654 2745 3706 ἐκ
2792 3652 3160 3724 θεωρημάτων
3195 3652 3536 3716 συνεστάναι,
3582 3651 3643 3704 εν

2073 3746 2151 3816 τῷ
2182 3747 2309 3817 περὶ
2341 3744 2560 3814 ἀγαθῶν
2599 3747 2693 3800 καὶ
2721 3744 2904 3798 κακῶν
2936 3747 3084 3815 τόπῳ
3113 3744 3222 3816 (64)
3242 3761 3255 3775 °
3292 3742 3643 3815 σωφροσύνην

2072 3838 2128 3892 δὲ
2162 3841 2227 3891 ὲκ
2257 3837 2352 3890 τοῦ
2393 3837 2658 3910 περὶτῶν
2701 3836 2932 3908 αἱρετῶν
2980 3837 3073 3891 καὶ
3112 3835 3394 3907 φευκτῶν⁶
3440 3836 3644 3891 δικαιο-

2076 3928 2241 3999 σύνην
2283 3928 2339 3981 δὲ
2386 3929 2450 3981 ὲκ
2492 3927 2587 3981 τοῦ
2634 3929 2761 3999 περὶ
2801 3927 2909 3981 τῶν
2960 3928 3345 3999 ἀπονεμητέων
3392 3928 3484 3981 καὶ
3541 3929 3641 3981 οὐκ

2072 4018 2486 4088 ἁπονεμητέων·
2523 4018 2618 4072 καὶ
2646 4018 2897 4088 ἀνδρείαν
2938 4019 3003 4071 ὲκ
3034 4018 3127 4071 τοῦ
3157 4018 3285 4089 περὶ
3326 4017 3513 4071 δεινῶν
3544 4017 3640 4071 καὶ

2072 4111 2132 4163 οὐ
2178 4110 2364 4163 δεινῶν
2386 4126 2398 4140 ’
2454 4110 2647 4175 κάλλος
2689 4111 2746 4164 δὲ
2780 4112 2874 4166 καὶ
2908 4111 3059 4181 ῑσχύν
3109 4109 3452 4180 ἀθεωρήτους
3499 4104 3638 4162 εἶναι

468 4283 514 4315 ³³
540 4283 730 4339 Matth.
766 4299 819 4348 v,
858 4284 911 4339 5.
989 4284 1035 4317 “
1062 4285 1194 4342 Luc.
1227 4302 1304 4351 vr,
1329 4286 1423 4343 21.
1495 4287 1539 4320 ³⁸
1563 4286 1704 4347 Psal.
1732 4304 1893 4354 cxxv,
1924 4290 1975 4345 5.
2053 4291 2097 4323 ³⁵
2122 4291 2311 4346 Matth.
2338 4306 2456 4355 xm,
2490 4290 2542 4345 8.
2622 4293 2665 4324 ³⁷
2693 4292 2847 4348 Deut.
2870 4308 3062 4359 xxvm,
3090 4294 3146 4348 5.

608 4460 760 4541 ροιι).
795 4466 1065 4541 secundus
1097 4469 1267 4534 πάθος
1291 4470 1643 4541 τοῦνΧριστοῦ
1674 4470 1787 4525 καί.

605 4530 823 4610 [legitur
858 4535 911 4587 in
945 4537 1154 4610 duobus
1180 4529 1311 4598 mss.
1333 4529 1672 4610 γελάσονται.

466 4600 592 4677 (58),
614 4600 753 4656 Ειίῖιί
779 4617 900 4657 ειιιιι
950 4607 1218 4677 aliquibus
1253 4600 1382 4666 mss.
1420 4609 1826 4675 ἀποκλίναντος.
1853 4609 1958 4663 Alii

395 4671 797 4750 ἀποκλίνοντος,
827 4671 1054 4750 melius;
1072 4679 1235 4750 Paulo
1258 4691 1375 4750 post
1399 4681 1533 4750 Reg.
1568 4671 1837 4735 secundus
1861 4680 1956 4733 ἐπὶ

394 4741 644 4820 δάκρυσι.
684 4743 803 4820 {ius
858 4744 967 4807 illa.
993 4748 1103 4820 γάρ
1145 4741 1570 4820 νῦνξιιεευιιιέίιι
1596 4751 1729 4819 Reg.
1777 4752 1959 4805 tertio.

398 4811 638 4895 S_nbinde
685 4812 836 4895 Cglb.
890 4811 1116 4887 quartus
1160 4811 1294 4895 πρὸς
1314 4819 1381 4874 τὰ
1420 4811 1706 4893 μέλλονταῖ
1758 4821 1961 4875 Ibidem

395 4884 500 4936 duo
532 4897 657 4936 mss.
694 4877 866 4938 εἷπον.

802 4955 1271 5031 secundnstbvlwv
1318 4962 1437 5015 κατ’
1478 4959 1685 5031 ἀγορὰν
1718 4958 1964 5031 εὐθηνία,

426 5024 578 5105 ,(60)
602 5021 780 5077 Editio
813 5025 983 5082 Paris.
1017 5029 1111 5081 καὶ
1153 5031 1187 5101 ή
1213 5031 1333 5100 τῆς.
1380 5031 1451 5087 At
1491 5021 1645 5086 multi
1689 5021 1966 5101 mss.'xal.

312 5144 321 5151 .
393 5109 491 5165 της

486 5163 575 5240 iii)
600 5161 742 5240 ἷξες..
761 5166 1050 5230 secundus,
1074 5167 1413 5240 αἰσθόμενος.

599 5233 746 5317 μιιιιί
773 5233 1332 5317 παρατραπῆναι.Ἀι
1361 5233 1565 5317 septem
1595 5256 1726 5317 mss.
1768 5251 1966 5317 praeter

392 5303 1110 5378 CombefLataptrpanﬁvat,
1158 5311 1312 5378 longe
1361 5303 1574 5366 melius.
1626 5303 1957 5366 Mox-inulti

393 5389 524 5444 mss.
549 5375 578 5425 ὁ
610 5372 834 5444 Κύριος.
850 5372 1022 5431 Deest
1049 5372 1309 5433 articulus
1338 5380 1390 5433 in
1415 5380 1597 5434 editis.

466 5442 577 5514 (65)
601 5442 815 5514 Διιιιεεις
851 5462 978 5500 mss.
1023 5463 1145 5501 cum
1174 5449 1408 5504 editione
1443 5449 1606 5504 Basil.
1642 5451 1711 5505 At
1770 5461 1958 5507 nostra

393 5512 564 5591 editio
594 5512 762 5591 Paris.
783 5525 847 5591 _et
888 5518 977 5569 alii
1011 5527 1119 5572 tres
1154 5534 1283 5591 mss.
1318 5520 1624 5591 παράσχου.
1668 5521 1773 5576 Ubi
1807 5531 1960 5577 notat

393 5578 655 5663 Nobilius,
682 5583 1037 5663 .legj‘qnoque
1068 5589 1351 5663 παράσχου
1385 5578 1468 5663 ab
1493 5578 1851 5660 Kpollinario,
1908 5604 1963 5647 et

394 5652 729 5774 {Sigealterio
749 5652 1076 5727 Etltiopico,
1112 5652 1352 5728 aiqué'in
1382 5661 1502 5717 aliis
1532 5652 1854 5732 quibusdam
1896 5663 1960 5719 li-

435 5734 529 5773 “8.

2143 4473 2251 4546 (64)
2286 4475 2423 4530 Editi
2449 4487 2503 4531 et
2537 4479 2707 4534 nostri
2752 4477 3056 4540 duodecim]
3082 4492 3212 4533 mss.
3241 4487 3553 4535 constanter
3578 4483 3636 4534 ὲν

2068 4546 2146 4617 τῷ
2175 4547 2303 4617 περὶ
2324 4548 2544 4619 ἀγαθῶν
2573 4550 2668 4603 καὶ
2696 4548 2883 4603 κακῶν
2904 4547 3073 4619 τόπῳ,
3101 4548 3503 4619 subobswrius.
3536 4553 3638 4605 Ca—

2068 4616 2189 4691 tena
2215 4616 2687 4691 vero_Corderiana
2712 4622 2768 4672 ὲν
2793 4622 2859 4691 τῇ
2893 4616 3266 4691 περξάγαθῶν
3296 4618 3393 4673 καὶ
3446 4622 3634 4677 κακῶν

2063 4684 2283 4754 γνώσει,
2315 4687 2461 4757 clare
2485 4689 2700 4757 quidem
2736 4706 2751 4743 :
2791 4684 2883 4743 sed
2914 4684 2977 4742 ni
3000 4684 3171 4751 fallor,
3195 4703 3298 4741 non
3327 4704 3471 4744 vere.
3503 4691 3635 4745 Nam

2068 4772 2295 4825 magnus
2323 4756 2411 4811 ille
2441 4756 2519 4812 tot
2550 4758 2794 4811 codicum
2820 4772 3118 4813 consensus
3146 4757 3293 4822 facit,
3320 4769 3377 4809 ut
3412 4760 3485 4814 ita
3520 4777 3637 4814 mu-

2070 4835 2237 4880 tatum
2270 4835 2447 4895 putem
2485 4827 2553 4880 ab
2583 4828 2782 4896 aliquo,
2810 4829 2899 4895 qui
2936 4829 3037 4881 sibi
3062 4828 3179 4895 plus
3203 4827 3350 4895 justo
3384 4829 3639 4886 indulsis-

2070 4911 2129 4950 se
2158 4898 2303 4951 credi
2329 4898 2518 4964 possit.
2552 4897 2714 4964 quue
2741 4912 2805 4951 eo
2834 4898 3047 4953 facilius
3080 4897 3344 4952 accidisse
3381 4898 3633 4964 arbitror,

2065 4966 2205 5033 quod
2234 4981 2332 5019 vox
2379 4966 2545 5030 τόπος
2597 4968 2683 5021 Ιιίε
2718 4982 2824 5019 non
2857 4972 2928 5020 ita
2973 4967 3195 5020 multum
3237 4970 3522 5021 convenire
3558 4970 3636 5022 vi-

2064 5037 2276 5091 deatur.
2307 5035 2389 5089 Ad
2424 5038 2644 5089 verbum
2672 5053 2686 5090 :
2719 5035 2785 5089 In
2806 5038 2920 5091 loco
2945 5038 3009 5090 de
3040 5036 3186 5089 bonis
3208 5051 3268 5087 ac
3303 5038 3474 5090 malis.
3522 5038 3635 5092 Hoc

2064 5115 2164 5168 est,
2196 5103 2295 5159 Ubi
2324 5109 2502 5172 agitur
2524 5107 2586 5159 de
2620 5107 2770 5160 bonis
2793 5124 2854 5160 ac
2892 5107 3072 5170 mulis,
3102 5105 3201 5159 Ubi
3227 5106 3358 5159 bona
3387 5123 3420 5159 a
3479 5109 3634 5162 malis

2063 5176 2291 5228 discerni
2329 5184 2548 5244 oportet.
2589 5175 2708 5231 Jam
2744 5178 2785 5231 si
2815 5178 3123 5244 c0njectare
3153 5175 3512 5244 nobisliceat,
3538 5195 3632 5231 su-

2065 5247 2241 5311 spicor
2268 5243 2504 5301 veterem
2559 5246 2726 5315 ipsam
2763 5243 3258 5313 interpretationem
3304 5243 3552 5300 Latinam
3579 5249 3629 5301 in

2056 5331 2216 5372 causa
2256 5315 2447 5376 fuisse.
2486 5331 2583 5370 cur
2614 5331 2719 5369 vox
2756 5316 2959 5383 γνώσει
2995 5318 3047 5369 in
3073 5315 3272 5369 Catena
3304 5317 3631 5372 Cortlcriana

2057 5386 2391 5457 reperiatur.
2413 5386 2546 5439 Cum
2582 5389 2725 5440 enim
2761 5387 3055 5441 Con-derius
3083 5385 3139 5457 in
3171 5387 3338 5457 veteri
3368 5385 3633 5457 interpre-

2059 5457 2261 5511 tatione
2312 5455 2513 5508 editum
2567 5457 2834 5510 inveniret
2864 5457 2919 5509 in
2949 5456 3243 5524 cognitione
3291 5455 3544 5509 bonorum
3572 5474 3634 5511 ac

2056 5525 2335 5589 malorum,
2390 5524 2549 5595 facile
2583 5527 2684 5581 sibi
2719 5526 3042 5595 persuadere
3073 5526 3242 5593 potuit
3285 5526 3631 5595 interpretem

2057 5606 2294 5649 veterem
2325 5593 2544 5664 γνώσει,
2569 5611 2675 5667 non
2704 5593 2877 5667 τόπῳ,
2902 5595 3117 5667 legisse,
3144 5604 3302 5667 atque
3319 5593 3497 5663 operae
3520 5613 3637 5667 pre-

2063 5667 2193 5739 tium
2237 5679 2356 5719 esse
2406 5666 2754 5739 hunc_lncum
2785 5666 3091 5739 restituere,
3135 5678 3188 5718 et
3222 5666 3533 5739 itaedere,
3557 5668 3635 5723 uti

2062 5735 2259 5808 legisse
2283 5744 2517 5793 veterem
2548 5737 2897 5807 interpretem
2924 5736 3163 5796 nutabat.
