4048 6220
345 345 456 400 317

1471 344 1756 402 liOMlLIA
1796 344 1862 399 IN
1906 343 2237 399 PSALMUM
2280 344 2473 399 XXIX.

3489 349 3596 409 518

341 465 568 538 ἀρετὰς,
605 464 1072 528 ἐπακολουθούσας
1101 467 1222 527 ταῖς
1253 466 1316 518 ἐκ
1347 465 1736 536 θεωρημάτων.
1766 463 1910 518 Κατᾶ

2028 479 2167 527 mur,
2204 479 2324 533 quae
2383 463 2719 518 formidanda
2766 474 2909 531 sunt,
2948 476 3040 520 aut
3084 483 3187 522 non
3231 469 3587 524 formidanda.

345 556 457 628 γὰρ
505 557 602 626 τὴν
634 548 975 628 συμμετρίαν
1028 559 1120 609 καὶ
1153 556 1416 627 ἁρμονίαν
1463 555 1570 609 τῶν
1601 557 1698 625 τῆς
1741 556 1918 625 ψυχῆς

347 647 739 720 θεωρημάτων,
771 648 900 702 ἔνιοι
935 649 1040 702 τῶν
1072 649 1250 718 σοφῶν
1291 650 1574 719 νενοήκασι
1601 649 1663 701 τὸ
1691 649 1911 711 κάλλοςο

348 740 488 792 κατὰ
537 739 593 792 δὲ
646 740 707 792 τὸ
759 740 1172 792 ἀποτελεστικὸν
1204 739 1313 794 τῶν
1363 739 1811 810 ὑποϐαλλομένων
1855 741 1918 792 ὲκ

346 829 458 880 τῶν
486 828 834 900 θεωρητικῶν
868 830 1097 900 ἀρετῶν,
1126 831 1222 902 τὴν
1260 832 1411 901 ἰσχὺν
1443 833 1746 901 νενοήκασι.
1772 830 1916 900 Πλὴν

351 920 434 972 ἵνα
481 922 574 974 καὶ
606 921 799 983 κάλλος
851 922 1168 991 ἐπιγένηται
1200 924 1265 991 τῇ
1316 921 1497 992 ψυχῇ,
1545 923 1637 974 καὶ
1692 921 1918 991 δύναμις

345 1011 454 1064 τῶν
487 1012 713 1065 δεόντων
747 1012 1151 1084 ὲπιτελεστικὴ,
1201 1011 1348 1076 θείας
1381 1015 1459 1075 εἰς
1499 1013 1655 1065 τοῦτο
1698 1014 1917 1083 χάριτος

347 1104 644 1177 χρῄζομεν.
678 1106 764 1168 Ὣς
795 1099 973 1158 τοίνυν
1006 1107 1116 1160 ἄνω
1145 1106 1386 1176 εἴρηκεν,
1419 1108 1546 1158 ’Ὁτι
1582 1105 1692 1174 ζωὴ
1739 1107 1808 1158 ἐν
1838 1105 1917 1170 τῷ

348 1195 632 1263 θελήματι
669 1194 880 1248 αὐτοῦ·
913 1194 1055 1248 οὕτω
1096 1195 1190 1249 νῦν
1238 1196 1362 1264 ὑψοῖ
1392 1196 1482 1248 τὸν
1528 1197 1658 1249 Θεὸν
1700 1196 1787 1249 διὰ
1819 1198 1917 1266 τῆς

347 1287 693 1357 εὐχαριστίας
729 1286 900 1355 λέγων
937 1287 1069 1357 (65),
1107 1288 1188 1340 ὄτι
1232 1290 1327 1340 Ἑν
1357 1287 1436 1353 τῷ
1476 1288 1766 1357 θελήματί
1796 1305 1912 1342 σου

347 1376 760 1446 παρέσχου-τῷ
788 1376 998 1430 κάλλει
1023 1395 1141 1446 μου
1168 1377 1439 1447 δύναμιν.
1471 1377 1646 1440 Καλὸς
1676 1378 1773 1448 μὲν
1806 1377 1915 1447 γάρ

347 1471 493 1539 ήμην
543 1468 686 1522 κατὰ
724 1468 822 1536 τὴν
877 1468 1056 1536 φύσιν,
1103 1469 1331 1540 ἀσθενὴς
1382 1470 1437 1522 δὲ
1469 1469 1557 1522 διά
1606 1470 1664 1522 τὸ
1698 1469 1755 1535 ἐξ
1791 1471 1913 1522 ἐπι-

348 1560 544 1629 ϐουλῆς
600 1559 692 1611 τοῦ
745 1560 918 1628 ὄφεως
970 1560 1308 1630 νεκρωθῆναι
1359 1558 1435 1629 τῷ
1489 1559 1910 1630 παραπτώματι.

346 1651 435 1722 Τῷ
465 1648 556 1704 οὖν
582 1651 767 1704 κάλλει
809 1669 929 1721 μου,
957 1651 986 1704 ὂ
1013 1651 1161 1722 ποιρά
1190 1652 1282 1704 σοῦ
1323 1651 1509 1703 ἔλαϐον
1545 1653 1608 1703 ἐκ
1646 1651 1744 1719 τῆς
1771 1650 1915 1722 πρώ-

344 1759 443 1813 της
479 1743 838 1812 κατασκευῆς,
882 1741 1221 1812 προσέθηκας
1255 1741 1479 1810 δύναμιν
1517 1741 1613 1808 τὴν
1640 1742 1746 1791 τῶν
1775 1740 1914 1793 δεόν-

2028 555 2227 608 Verum
2257 555 2406 609 aiunt
2436 555 2889 624 pulchritudinem
2923 573 2988 614 ac
3021 560 3185 614 robur
3214 563 3440 614 virtutes
3473 576 3593 628 spec

2027 646 2311 702 cnlatrices
2330 662 2432 700 non
2447 662 2586 711 esse,
2601 663 2720 700 cum
2736 649 2845 702 sint.
2865 650 3307 719 speculatricibus
3326 653 3590 718 posterio-

2026 753 2129 793 res.
2148 737 2279 793 Nam
2297 755 2361 794 ex
2385 741 2758 795 convenientia
2777 743 3165 812 harmoniaque
3182 744 3340 813 129
3351 753 3590 798 contem-

2027 830 2320 898 plationum
2354 832 2568 894 animm,
2596 835 2862 901 sapientes
2888 835 3103 902 quidem
3134 837 3584 904 pulchritudinem

2027 920 2408 976 intellexerunt
2443 943 2454 976 :
2489 931 2546 976 at
2577 938 2704 978 vero
2729 940 2792 978 ex
2822 925 2870 978 vi
2902 926 3166 981 efﬁciente
3197 943 3383 982 eorum
3414 944 3530 998 qua:
3557 944 3585 981 a

2025 1010 2314 1066 virtutibus
2345 1011 2790 1080 speculatricibus
2820 1026 3211 1084 proponuntur,
3246 1017 3408 1070 robur
3440 1032 3559 1071 com

2026 1103 2188 1156 menti
2223 1113 2366 1155 sunt.
2409 1101 2787 1158 Verumtamen
2829 1115 2885 1158 ut
2919 1116 2969 1159 et
3009 1107 3170 1162 decor
3209 1110 3400 1163 anima:
3435 1124 3591 1163 acce-

2024 1194 2133 1259 dat,
2169 1203 2221 1246 et
2259 1194 2399 1247 adsit
2445 1196 2526 1249 vis
2567 1211 2754 1250 eorum
2800 1212 2918 1265 qua:
2965 1197 3119 1254 cilicii
3164 1210 3286 1254 sunt
3325 1199 3585 1263 effectrix,

2026 1287 2175 1340 nobis
2205 1287 2271 1340 ad
2303 1288 2406 1341 hoc
2436 1303 2571 1356 opus
2599 1299 2680 1344 est
2707 1290 2884 1343 divina
2914 1292 3108 1358 gratia.
3142 1291 3209 1346 lit
3240 1291 3404 1360 igitur
3433 1303 3584 1346 antea

2023 1377 2177 1441 dixit,
2227 1377 2490 1442 Quoniam
2536 1381 2642 1433 vita
2688 1381 2745 1434 in
2800 1381 3064 1436 voluntate
3116 1383 3228 1452 ejus
3277 1399 3295 1437 :
3333 1385 3411 1438 sic
3447 1400 3589 1438 nunc

2023 1467 2188 1522 Deum
2227 1470 2524 1536 gratiarum
2557 1471 2768 1525 actione
2797 1473 3002 1526 exaltat
3037 1474 3221 1528 dicens
3251 1489 3263 1526 :
3297 1473 3364 1526 In
3401 1476 3587 1527 volun-

2023 1564 2128 1608 tate
2181 1565 2273 1609 tua
2320 1558 2611 1624 pra’slitisti
2649 1560 2827 1614 decori
2879 1577 2989 1613 meo
3045 1564 3304 1616 virtutem.
3360 1561 3587 1616 Pulcher

2020 1647 2234 1716 quidem
2283 1663 2429 1700 erant
2476 1650 2766 1702 secundum
2815 1660 3098 1714 naturam;
3136 1656 3229 1706 sed
3282 1653 3582 1722 languidus,

2023 1747 2304 1806 propterea
2340 1741 2480 1808 quod
2527 1756 2590 1794 ex
2634 1744 2900 1810 serpentis
2943 1744 3149 1796 insidiis
3189 1755 3408 1811 peccato
3442 1760 3586 1798 mor.

344 1852 454 1887 των
485 1836 792 1904 πρακτικήν
845 1833 974 1903 (66)ι
1023 1833 1175 1904 Καλὴ
1230 1835 1325 1904 μὲν
1368 1829 1458 1886 οὖν
1503 1836 1650 1885 πᾶσα
1693 1833 1836 1904 ψυχὴ
1883 1836 1910 1903 ἡ

2024 1840 2144 1882 tuus
2173 1845 2341 1886 eram.
2375 1831 2764 1888 Pulchritudini
2813 1851 2940 1904 ergo
2973 1851 3124 1898 mete,
3155 1852 3315 1905 quam
3348 1853 3414 1891 ex
3448 1846 3499 1890 te
3531 1840 3582 1890 in

345 1925 402 1976 ὲν
448 1922 757 1993 συμμετρίᾳ
804 1922 909 1976 τῶν
946 1923 1158 1974 οἰκείων
1216 1922 1494 1991 δυνάμεων
1530 1921 1910 1992 θεωρουμένηο

345 2013 538 2076 κάλλος
589 2013 644 2064 δὲ
689 2011 960 2080 ἀληθινὸν,
1009 2012 1100 2064 καὶ
1153 2009 1582 2081 ἐρασμιώτατον,
1635 2012 1780 2080 μόνῳ
1838 2011 1915 2082 τῷ

341 2108 433 2159 τὸν
472 2107 594 2160 νοῦν
629 2105 1022 2175 κεκαθαρμένῳ
1056 2105 1348 2175 θεωρητὸν,
1379 2105 1440 2157 τὸ
1468 2105 1596 2175 περὶ
1631 2104 1728 2174 τὴν
1766 2105 1916 2158 θείαν

340 2199 434 2250 καὶ
479 2196 751 2266 μακαρίαν
791 2195 969 2265 φύσιν.
1009 2189 1082 2249 Οὔ
1115 2198 1143 2248 ό
1180 2195 1492 2258 ὲνατενίσας
1532 2198 1649 2258 ταῖς
1697 2213 1916 2266 μαρμα-

343 2289 536 2358 ρυγαῖς
566 2287 657 2339 καὶ
692 2287 812 2347 ταῖς
843 2284 1047 2353 χάρισι,
1085 2283 1282 2354 μεταλα
1295 2283 1486 2353 μΰάνει
1513 2301 1563 2335 τι
1595 2284 1687 2335 ἀπ’
1725 2281 1912 2344 αὑτοῦ,

339 2375 526 2447 ὥσπερ
566 2375 674 2429 ἀπό
718 2391 861 2437 τινος
905 2373 1113 2444 βαφῆς,
1152 2373 1344 2444 αἴγλην
1389 2373 1510 2426 τινὰ
1557 2372 1796 2442 ἀνθηρὰν
1835 2373 1916 2435 εἰς

339 2467 436 2538 τὴν
479 2468 684 2522 οἰκείαν
724 2468 844 2537 ὄψιν
889 2466 1392 2538 ἀναχρωννύμενος.
1417 2464 1576 2517 Ὅθεν
1610 2466 1704 2518 καὶ
1752 2465 1916 2517 Μωῦ-

344 2560 472 2627 σῆς,
509 2558 588 2628 τῷ
640 2559 1020 2629 μετειληφέναι
1064 2557 1156 2610 τοῦ
1206 2556 1434 2620 κάλλους
1482 2556 1688 2608 ἐκείνου
1739 2557 1795 2608 ἐν
1837 2553 1914 2625 τῷ

339 2651 546 2720 ὁμιλεῖν
590 2652 726 2721 Θεῷ,
756 2651 1012 2721 ἐδοξάσθη
1058 2651 1118 2703 τὸ
1167 2651 1474 2721 πρόσωπον.
1515 2651 1572 2701 Ὀ
1604 2646 1695 2702 οὖν
1736 2649 1916 2702 αἰσθό-

345 2757 502 2810 μενος
542 2741 640 2808 τῆς
673 2739 863 2793 ἑαυτοῦ
898 2738 1117 2809 ἀρετῆς,
1159 2739 1256 2808 τὴν
1284 2737 1667 2807 εὐχαριστικὴν
1713 2737 1914 2805 ταύτην

341 2831 531 2900 ἀφίησι
566 2834 777 2902 φωνην·
817 2832 1011 2898 Κύριε,
1037 2831 1108 2883 ἐν
1164 2827 1243 2893 τῷ
1272 2827 1562 2897 θελήματι
1601 2845 1717 2881 σου
1764 2844 1912 2894 παρ-

342 2922 533 2992 έσχου
575 2920 653 2986 τῷ
693 2922 906 2976 κάλλει
947 2940 1065 2992 μου
1118 2921 1391 2990 δύναμιν.
1440 2923 1644 2991 Ὥσπερ
1693 2920 1748 2972 δὲ
1795 2921 1912 2980 ταῖς

341 3013 696 3083 θεωρητικαῖς
755 3014 973 3083 ἀρεταῖς
1014 3011 1312 3082 ἀθεώρητοι
1368 3010 1738 3075 ἀκολουθοῦσι,
1767 3009 1827 3062 τό
1854 3026 1911 3062 τε

341 3108 535 3171 κάλλος
589 3109 680 3161 καὶ
731 3109 764 3178 ὴ
809 3107 1067 3178 δύναμις,
1131 3107 1302 3168 οὕτως
1355 3105 1459 3157 εἰσί
1512 3122 1654 3168 τινες
1715 3104 1904 3157 κακίαι

339 3194 659 3266 ἀθεώρητοι,
691 3197 724 3265 ἦ
755 3213 813 3248 τε
858 3195 1148 3265 αἰσχρότης
1188 3196 1336 3265 καὶὴ
1371 3193 1639 3247 ἀσθένεια.
1689 3194 1754 3245 Τί
1800 3195 1908 3266 γὰρ

340 3288 643 3357 ἀωρότερον
689 3288 781 3340 καὶ
808 3287 1206 3357 εἰδεχθέστερον
1245 3286 1421 3357 ψυχῆς
1452 3285 1768 3356 ἐμπαθοῦς;
1802 3287 1906 3338 Ἴδε

343 3395 432 3448 μοι
479 3379 570 3432 τὸν
619 3378 976 3448 θυμούμενον,
1020 3380 1112 3431 καὶ
1140 3379 1236 3448 τὴν
1285 3379 1343 3432 ἐν
1389 3377 1536 3447 αὐτῷ
1589 3378 1904 3448 ἀγριότητα.

339 3469 541 3522 Θέασαι
577 3471 666 3522 τὸν
715 3470 1068 3539 λυπούμενον,
1116 3470 1208 3522 καὶ
1248 3469 1306 3522 τὸ
1355 3471 1412 3522 ἐν
1458 3468 1606 3538 αὐτῷ
1654 3470 1907 3523 ταπεινὸν

340 3561 434 3612 καὶ
491 3560 884 3631 συμπεπτωκὸς
941 3561 1040 3630 τῆς
1089 3561 1285 3631 ψυχῆς.
1313 3561 1415 3612 Τδν
1459 3560 1516 3612 δὲ
1559 3560 1832 3629 λαγνείαις
1875 3560 1907 3631 ἦ

340 3653 802 3722 γαστριμαργίαις
831 3653 1282 3715 ὑποπεπτωκότα,
1327 3650 1360 3721 ἢ
1405 3650 1589 3719 φόὸοις
1637 3651 1908 3721 ἐπτοημέ-

340 3759 447 3805 νον,
480 3744 562 3806 τίς
588 3743 653 3796 ἂν
680 3743 773 3796 καὶ
803 3742 1136 3814 προσϐλέψαι
1181 3741 1494 3810 ἀνάσχοιτο;
1525 3741 1905 3811 διαϐαινούσης

342 3832 500 3904 μέχρι
538 3833 643 3885 τῶν
694 3833 942 3903 περάτων
976 3833 1067 3884 τοῦ
1117 3831 1362 3902 σώματος
1407 3831 1504 3900 τῆς
1549 3831 1688 3884 κατά
1731 3831 1905 3903 ψυχὴν

337 3923 652 3987 διαθέσεως·
685 3923 871 3994 ὥσπερ
905 3919 995 3976 οὖν
1029 3922 1121 3975 καὶ
1156 3921 1222 3974 τά
1252 3921 1360 3991 (67')
1393 3921 1510 3992 ἴχνη
1552 3920 1644 3974 τοῦ
1679 3923 1909 3986 κάλλους

337 4015 435 4083 τῆς
464 4015 640 4084 ψυχῆς
664 4016 722 4066 ὲν
761 4018 824 4084 τῇ
860 4013 1190 4067 καταστάσει
1225 4009 1316 4064 τοῦ
1353 4011 1507 4079 ἁγίου
1550 4012 1905 4081 διαφαίνεται.

339 4107 667 4178 Προνοητέον
697 4107 873 4162 τοίνυν
903 4105 996 4160 τοῦ
1031 4106 1260 4168 κάλλους
1290 4107 1439 4176 ἡμῖν,
1465 4105 1551 4158 ἵνα
1582 4105 1677 4158 καὶ
1714 4107 1742 4158 ὀ
1771 4123 1910 4174 νυμ-

341 4197 460 4263 φίος
489 4198 660 4265 Λόγος
689 4198 1084 4269 ἀποδεξάμενος
1118 4198 1261 4267 ἡμᾶς
1291 4197 1421 4268 εἴπῃ
1439 4213 1450 4226 ⁸
1479 4197 1627 4263 Ὅλη
1667 4196 1825 4264 καλὴ
1866 4197 1905 4263 ’ἦ

341 4291 606 4355 πλησίον
632 4307 772 4357 μου,
802 4290 901 4342 καὶ
932 4288 1132 4358 μῶμος
1154 4291 1265 4342 οὐκ
1292 4289 1462 4342 ἔστιν
1485 4288 1553 4341 ἐν
1579 4289 1699 4341 σοί.

2017 1921 2189 1989 prima
2239 1925 2513 1978 creatione
2552 1928 2755 1996 accepi,
2789 1929 3039 1982 addidisti
3074 1930 3348 1992 virtutem,
3395 1944 3582 1983 eorum

2018 2029 2137 2080 qua:
2168 2015 2234 2068 ad
2265 2014 2496 2070 ofﬁcium
2517 2020 2784 2087 pertinent
2808 2018 3146 2075 efﬁcientem.
3169 2020 3396 2075 Pulchra
3422 2023 3586 2091 igitur

2017 2113 2100 2158 est
2124 2105 2305 2158 anima
2331 2107 2531 2172 omnis,
2561 2126 2681 2178 qua:
2708 2110 2759 2163 in
2788 2112 3122 2179 propriarum
3146 2114 3408 2169 virtutum
3436 2131 3586 2186 sym-

2021 2197 2211 2250 metria
2262 2200 2618 2269 conspicitur.
2657 2201 3008 2258 Pulchritudo
3049 2216 3226 2259 autem
3259 2221 3405 2272 vera,
3435 2223 3586 2261 ama-

2017 2289 2419 2359 bilissimaque,
2471 2308 2632 2361 quam
2697 2295 2741 2348 is
2791 2295 2938 2350 solus
2981 2297 3072 2366 qui
3115 2313 3302 2367 puram
3349 2309 3583 2355 mentem

2016 2378 2177 2432 habet
2211 2383 2558 2451 contemplari
2591 2395 2786 2454 potest,
2815 2388 2955 2441 circa
3005 2389 3238 2443 divinam
3278 2405 3343 2444 ac
3372 2391 3582 2444 beatam

2018 2477 2269 2524 naturam
2315 2476 2586 2528 consistit.
2638 2475 2800 2544 Cujus
2852 2477 3087 2546 fulgores
3139 2489 3192 2532 et
3242 2482 3442 2548 gratias
3492 2483 3584 2550 qui

2019 2555 2224 2612 intente
2253 2563 2614 2630 conspexerit,
2655 2565 2720 2618 ab
2751 2581 2814 2619 ea
2852 2569 2995 2622 velut
3030 2567 3098 2622 ab
3138 2570 3315 2638 aliqua
3349 2571 3584 2626 tinctura

2016 2649 2260 2703 nonnihil
2296 2663 2593 2717 mutuatur,
2635 2653 2882 2710 ﬂoridum
2919 2658 3205 2724 quemdam
3246 2659 3582 2728 splendorem

2016 2739 2069 2790 in
2124 2743 2400 2810 pr0priam
2452 2744 2644 2800 faciem
2699 2746 3032 2816 imprimens.
3088 2747 3239 2803 Unde
3287 2759 3342 2802 et
3386 2750 3584 2820 Moysis

2016 2827 2182 2884 facies
2211 2833 2371 2886 simul
2407 2843 2569 2903 atQue
2613 2852 2676 2890 ex
2721 2837 2972 2890 familiari
3003 2853 3124 2892 eum
3158 2837 3268 2893 Deo
3294 2855 3584 2907 congressu

2015 2923 2431 2989 pulchritudinis
2478 2929 2620 2982 illius
2667 2930 2940 2998 particeps
2975 2928 3094 2992 fuit,
3138 2930 3432 2984 clarificata
3475 2943 3581 2987 est.

2015 3014 2248 3070 Proinde
2291 3017 2508 3072 virtutis
2543 3033 2653 3072 suae
2680 3019 2770 3086 qui
2803 3019 3052 3073 conscius
3085 3031 3186 3085 est,
3227 3022 3364 3075 hanc
3396 3037 3584 3077 vocem

2013 3114 2191 3174 grates
2239 3107 2620 3176 rependentem
2671 3108 2914 3162 emittit:
2949 3107 3188 3173 Domine,
3221 3111 3272 3161 in
3319 3111 3583 3165 voluntate

2015 3205 2105 3250 tua
2133 3199 2424 3265 prwstitisti
2464 3194 2639 3250 decori
2676 3214 2787 3251 meo
2816 3200 3074 3252 virtutem.
3119 3201 3580 3266 Quemadmodum

2015 3298 2196 3341 autem
2236 3303 2313 3342 eae
2350 3289 2582 3342 virtutes
2612 3302 2732 3356 quae
2759 3289 2810 3340 in
2846 3289 3301 3357 contemplatione
3329 3291 3447 3344 sita:
3477 3307 3584 3346 non

2015 3391 2161 3444 sunt,
2195 3380 2424 3436 virtutes
2474 3379 2860 3449 speculatrices
2910 3392 3223 3448 sequuntur,
3259 3391 3383 3449 puta
3423 3383 3585 3437 decor

2015 3483 2072 3530 et
2112 3474 2280 3528 robur
2325 3489 2339 3525 :
2391 3472 2470 3525 sic
2519 3480 2645 3524 sunt
2685 3472 2928 3540 qua-dam
2974 3472 3102 3524 vitia
3147 3473 3582 3542 comemplatiOni

2018 3578 2123 3617 non
2155 3561 2421 3628 subjecta,
2449 3575 2640 3629 nempe
2666 3558 2880 3613 foeditas
2904 3570 2957 3612 et
2983 3559 3248 3616 debilitas.
3275 3561 3411 3627 Quid
3439 3563 3580 3616 enim

2014 3653 2351 3709 invenustius
2383 3667 2445 3706 ac
2484 3651 2782 3706 deformius
2811 3652 2988 3705 dedita
3041 3651 3322 3706 affectibus
3364 3653 3584 3707 anima?

2013 3741 2170 3806 Vide,
2201 3755 2405 3809 qttmso,
2434 3739 2648 3802 iratum,
2680 3749 2736 3793 et
2756 3755 2875 3793 eam
2903 3755 3062 3808 quam
3092 3757 3201 3808 prze
3227 3757 3284 3795 se
3315 3739 3418 3796 fert
3451 3741 3580 3796 feri-

2017 3842 2204 3887 tatem.
2267 3833 2500 3886 Tristem
2565 3847 2628 3886 ae
2686 3841 2938 3885 maestum
2999 3835 3311 3897 considera,
3360 3834 3584 3904 ejusque

2015 3923 2396 3978 demissionem
2446 3932 2498 3976 et
2552 3923 2720 3975 animi
2773 3923 3128 3989 abjectionem
3175 3924 3407 3979 intuere.
3450 3920 3584 3991 Quis

2016 4029 2144 4090 vero
2180 4015 2388 4069 libidini
2418 4023 2512 4068 aut.
2549 4015 2685 4083 gula:
2717 4015 3126 4080 inservientem,
3155 4026 3248 4069 aut
3287 4018 3583 4072 terroribus

2017 4117 2440 4171 consternatum,
2482 4107 2565 4161 vel
2601 4107 2844 4175 aspicere
2881 4107 3082 4175 queat?
3116 4123 3238 4162 cum
3272 4107 3385 4163 haec
3415 4110 3581 4162 animi

2016 4196 2227 4253 affectio
2255 4199 2320 4252 ad
2347 4206 2589 4253 extrema
2623 4214 2790 4268 usque
2816 4201 3058 4268 corporis
3087 4202 3366 4268 pervadat,
3394 4216 3584 4268 quem-

2017 4290 2304 4344 admodum
2338 4305 2369 4345 e
2407 4291 2680 4345 contrario
2713 4291 2935 4359 vestigia
2966 4293 3128 4344 etiam
3167 4291 3582 4359 pulchritudinis

340 4379 532 4431 animae
576 4379 628 4430 in
669 4380 770 4432 viri
817 4378 986 4432 sancti
1031 4379 1219 4432 habitu
1271 4379 1631 4446 resplendent.
1681 4378 2048 4446 Comparanda
2113 4380 2295 4448 itaque
2365 4380 2520 4434 nobis
2579 4392 2661 4434 est
2715 4382 2901 4435 isthmc
2934 4381 3291 4451 pulchritudo,
3327 4392 3383 4436 ut
3418 4398 3580 4452 spon-

341 4485 432 4524 sus
483 4469 716 4524 Verbum
775 4471 1081 4538 approbans
1127 4485 1225 4524 nos
1273 4470 1418 4523 dicat
1457 4485 1471 4522 :
1503 4467 1629 4521 Tota
1668 4469 1904 4536 pulchra,
1945 4471 2182 4538 proxima
2206 4488 2343 4535 mea,
2367 4483 2413 4525 et
2437 4475 2644 4527 macula
2676 4490 2778 4526 non
2807 4483 2880 4526 εει
2911 4475 2965 4526 in
2999 4484 3046 4526 te
3068 4475 3132 4526 ³⁸.

412 4561 463 4614 6.
517 4560 916 4630 Ἀπέστρεψας
947 4562 1013 4615 δὲ
1041 4562 1104 4616 τὸ
1146 4561 1469 4629 πρόσωπόν
1503 4576 1640 4622 σου,
1675 4561 1773 4613 καὶ
1798 4562 1910 4630 ἐγε-

2086 4562 2137 4617 6.
2177 4566 2426 4618 Avertiati
2482 4576 2654 4619 autent
2707 4566 2897 4634 [aciem
2962 4576 3126 4630 tuam,
3165 4575 3211 4619 et
3249 4567 3420 4635 factus
3464 4582 3580 4619 sum

338 4653 534 4721 νήθην
591 4655 1041 4723 τεταραγμένος.
1091 4655 1234 4715 Ἕως
1294 4653 1391 4723 μὲν
1445 4654 1569 4716 ὅτε,
1620 4653 1805 4724 φησιν,
1850 4655 1907 4706 αἱ

339 4744 554 4808 ἀκτῖνες
591 4745 687 4817 τῆς
735 4746 1037 4816 ἐπίσκοπῆς
1073 4763 1164 4798 σου
1199 4744 1514 4813 ἐπέλαμπόν
1560 4761 1680 4814 μοι,
1711 4746 1777 4796 ⁸ἐν
1821 4747 1909 4797 εὖ·

410 4883 455 4914 ³⁸
476 4882 631 4937 Cant.
659 4897 733 4947 tv,
760 4883 810 4935 7.

413 5044 527 5116 (65)
582 5044 715 5113 Reg.
754 5045 1020 5116 secundus
1065 5045 1122 5116 ὲν
1169 5043 1262 5116 τῷ.
1303 5042 1565 5116 θελήματί
1611 5042 1912 5116 σουςλοῦτω

337 5112 430 5170 νῦν
471 5114 594 5184 ὑψοῖ
622 5112 712 5168 τδν
760 5115 892 5186 Θεὸν
941 5112 1028 5167 διά
1067 5115 1167 5186 τῆς
1202 5112 1672 5186 χάριτοςλλέγων.
1710 5113 1910 5166 Ibidem

337 5186 734 5308 gditionoslra
781 5185 953 5240 Paris.
1007 5183 1315 5254 παράσχου.
1366 5183 1513 5237 Multi
1579 5200 1706 5238 mss.
1768 5200 1912 5253 παρ-

372 5272 520 5308 σγου.

437 5272 520 5311 ου.

372 5273 520 5326 σχου.

413 5325 523 5395 (66)
559 5323 973 5393 Regii’primus,
1006 5324 1274 5395 secundus
1297 5323 1767 5395 et.qtt_intuscu_m_
1789 5321 1912 5374 Col-

343 5392 565 5447 bertinis
609 5392 798 5463 quinto
830 5403 884 5449 et
937 5405 1089 5449 sexto
1138 5393 1364 5462 δύναμιν
1409 5392 1506 5463 τὴν
1548 5392 1654 5444 τῶν
1681 5393 1910 5445 δεόντων

340 5456 694 5535 παρεκτικῆν,
729 5456 846 5518 Vim
871 5482 934 5518 ea
975 5480 1092 5534 qua?
1132 5456 1433 5535 ofﬁcii_attnt
1464 5456 1910 5535 "largiar-tremum

346 5544 454 5586 tres
487 5535 576 5586 alii
605 5533 735 5589 mss.
769 5535 919 5603 Regii
955 5547 1008 5588 et
1043 5544 1242 5603 septem
1276 5533 1570 5603 Colbertini
1593 5548 1717 5603 cum
1746 5533 1907 5603 editis

343 5613 393 5654 et
433 5618 551 5654 cum
589 5603 784 5673 Catena
809 5601 1137 5659 Gorderiana
1161 5601 1388 5670 δύναμιν
1413 5602 1509 5673 τὴν
1541 5602 1650 5654 τῶν
1680 5601 1906 5673 δεόντων

344 5673 670 5743 πρακτικήν,
718 5667 832 5726 Vim
864 5690 1041 5728 eorum
1086 5688 1204 5740 quae
1237 5667 1386 5740 oﬂicii
1419 5667 1538 5725 sunt
1568 5672 1894 5739 effectricem.

340 5742 534 5810 Aptam
588 5743 802 5812 quidem
851 5756 906 5798 et
967 5745 1210 5799 idoneam
1263 5744 1582 5797 sententiam
1638 5757 1704 5797 ex
1748 5752 1896 5796 utra-

2015 4658 2377 4708 conturbatus.
2405 4654 2652 4721 Quandiu
2676 4657 2842 4719 enim,
2875 4657 3070 4725 inquit,
3096 4657 3449 4724 inspectionis
3478 4666 3580 4710 tua:

2016 4746 2150 4800 radii
2187 4747 2315 4799 mihi
2349 4745 2622 4812 aﬂ‘ulsere,
2654 4748 2706 4800 in
2738 4757 2883 4803 statu
2919 4747 3073 4801 firmo
3103 4758 3264 4816 atque
3293 4747 3579 4815 tranquillo

2015 5056 2118 5110 que
2157 5039 2383 5095 lectione
2408 5039 2542 5094 eﬂici
2580 5055 2734 5108 posse
2768 5047 2978 5094 constat
3011 5059 3024 5094 :
3055 5041 3149 5095 sed
3181 5038 3306 5110 quin
3327 5053 3581 5110 πρακτι-

2014 5114 2118 5180 κήν
2150 5113 2249 5180 legi
2298 5121 2562 5179 oporteat,
2597 5111 2826 5180 dubitari
2882 5126 2986 5163 non
3037 5125 3194 5178 posse
3225 5109 3573 5180 arbitramur.

2017 5177 2225 5233 Etenim
2251 5181 2294 5234 si
2334 5177 2464 5232 nihil
2495 5180 2662 5245 aliud,
2698 5179 2811 5246 ipsa
2835 5189 2982 5232 certe
3007 5177 3269 5232 orationis
3298 5179 3464 5246 series
3503 5177 3576 5230 ita

2014 5250 2294 5319 legendum
2325 5264 2444 5303 esse
2491 5244 2674 5318 aperte
2704 5244 2957 5319 ostendit.
3004 5250 3135 5319 Cum
3173 5247 3312 5319 enim
3347 5244 3577 5319 Basilius

2013 5315 2171 5387 paulo
2197 5331 2320 5373 ante
2349 5315 2649 5385 scripserit,
2681 5318 2774 5371 καὶ
2789 5317 3030 5389 δύναμις
3061 5317 3168 5372 τῶν
3195 5315 3420 5389 δεόντων
3458 5317 3571 5389 ἐπι-

2009 5386 2314 5457 τελεστική,
2345 5390 2526 5441 debuit
2561 5403 2710 5446 sane,
2758 5387 2798 5440 si
2842 5386 2950 5442 sibi
2990 5398 3235 5443 constare
3265 5386 3448 5457 voluit,
3492 5387 3578 5440 hic

2010 5456 2631 5530 πρακτικήνῌεοινῑιιριοο,
2673 5467 2728 5508 ut
2762 5472 2859 5530 vox
2896 5475 2998 5530 una
3032 5458 3210 5530 alteri
3234 5456 3450 5508 omnino
3494 5471 3578 5530 re-

2009 5526 2287 5597 spondeat.
2324 5527 2454 5580 Nam
2508 5527 2570 5578 τὸ
2619 5527 3017 5580 ὲπιτελεστικόν
3065 5538 3118 5581 et
3167 5526 3226 5580 τὸ
3275 5528 3546 5595 πρακτικό

2008 5601 2164 5666 plane
2201 5600 2334 5653 idem
2370 5599 2548 5652 valere
2584 5613 2763 5660 nemo,
2799 5600 3008 5666 opinor,
3039 5597 3272 5666 negabit.

2055 5668 2189 5752 _(ti7)
2223 5667 2313 5724 Sic
2363 5680 2487 5723 octo
2519 5682 2648 5722 mss.
2706 5672 2773 5722 At
2820 5665 2984 5723 editio
3032 5665 3205 5723 Paris.
3254 5665 3444 5737 ὥσπερ
3483 5667 3578 5723 καὶ

2005 5753 2092 5792 τα.
