4048 6220
483 328 591 387 519

1818 319 1877 376 S.
1919 315 2165 377 BASILII
2201 319 2421 378 MAGNI

3628 317 3755 373 5Ξο

483 447 595 503 vixi
618 465 634 516 ;
660 455 944 518 postquam
975 459 1102 500 vero
1138 444 1386 499 avertisti
1424 442 1617 499 faciem
1647 448 1813 507 tuam,
1842 451 2056 512 pertur-

2160 441 2347 494 σταθεῖ
2396 441 2726 496 καταστάσει
2772 442 2864 495 καὶ
2896 439 3155 512 ἀταράχῳ
3200 440 3416 512 διῆγον·
3450 440 3645 512 ἐπειδὴ
3682 440 3753 494 δὲ

488 537 634 591 batio
672 536 865 590 animae
913 534 1280 604 tumultusque
1325 532 1760 604 deprehenditur.
1797 531 2057 586 Avertere

489 639 667 683 autem
690 626 879 682 faciem
903 642 1056 682 suam
1075 627 1273 682 dicitur
1293 626 1433 681 Deus
1456 633 1591 691 tum,
1610 640 1731 680 cum
1757 622 2056 679 amictionis

489 727 730 788 tempore
764 719 1155 774 tentationibus
1191 717 1469 787 expositos
1503 715 1780 786 relinquit,
1813 725 1873 771 ut
1901 714 2057 771 forti.

486 810 616 866 tudo
668 812 926 867 certantis
978 819 1360 882 cognoscatur.
1417 809 1650 865 Proinde
1700 809 1745 864 si
1796 822 1899 879 pax
1936 823 2056 878 quac

486 899 824 956 intellectum
881 916 1101 957 omnem
1150 911 1370 973 superat
1404 901 1447 934 ³⁸
1514 902 1829 957 custodierit
1893 902 2054 957 corda

489 1000 715 1059 nostra,
801 993 1151 1063 cupiditatum
1223 992 1509 1047 tumultum
1578 993 2055 1064 coufusionemque

484 1084 663 1139 vitare
693 1099 1001 1154 possumus.
1043 1085 1174 1140 Cum
1217 1085 1381 1155 igitur
1418 1084 1510 1140 Dei
1546 1085 1803 1141 voluntati
1843 1086 2055 1141 aversio

488 1185 817 1245 opponatur,
869 1175 1255 1245 pulchritudini
1308 1192 1438 1234 vero
1494 1186 1549 1233 et
1593 1175 1776 1232 decori
1836 1178 2054 1233 virtuti-

485 1281 591 1338 que
630 1268 996 1336 perturbatio;
1043 1269 1226 1338 utique
1278 1267 1614 1339 perturbatio
1660 1267 1824 1324 fuerit
1867 1269 2053 1324 defor-

488 1359 649 1415 mitas
692 1368 747 1416 et
800 1360 1090 1416 inﬁrmitas
1148 1362 1363 1427 animae,
1413 1376 1481 1417 ex
1527 1361 1849 1417 alienatione
1887 1378 1917 1417 a
1949 1362 2055 1417 Deo

487 1453 832 1520 proveniens.
866 1451 1160 1508 Precemur
1206 1454 1389 1523 itaque
1443 1468 1657 1524 semper
1690 1454 1846 1509 nobis
1886 1462 1943 1507 ut
1972 1453 2055 1507 af-

490 1542 690 1614 t'ulgeat
723 1544 818 1599 Dei
854 1543 1042 1609 facies,
1070 1553 1130 1599 ut
1158 1544 1210 1598 in
1238 1554 1426 1600 sancto
1482 1560 1548 1601 ac
1608 1544 1864 1616 religioso
1909 1553 2051 1601 statu

488 1638 682 1703 simus,
715 1646 771 1694 et
805 1639 987 1705 mites,
1017 1648 1072 1694 et
1100 1639 1275 1695 modis
1305 1641 1559 1696 omnibus
1612 1640 1925 1711 tranquilli,
1985 1658 2052 1698 ex

488 1732 655 1785 animi
704 1731 771 1786 ad
820 1732 958 1787 bona
1012 1735 1424 1803 praeparatione.
1479 1733 1713 1787 Paratus
1748 1734 1905 1804 13o
1933 1749 2050 1788 sum

2156 532 2505 602 ἀπέπρεψάς
2558 550 2652 586 σου
2695 532 2757 585 τὸ
2789 533 3101 603 πρόσωπον,
3144 533 3205 586 τὸ
3233 534 3479 604 ἐμπαθὲς
3509 534 3608 588 καὶ
3646 552 3755 589 τε·

2156 622 2523 695 θορυϐημένον
2552 625 2650 694 τῆς
2678 623 2855 695 ψυχῆς
2883 624 3220 696 ἀπηλέγχθη.
3262 625 3654 699 Ἀποστρέφειν
3683 628 3752 682 δὲ

2155 713 2371 781 λέγεται
2411 716 2471 769 τὸ
2511 716 2704 770 ἑαυτοῦ
2751 718 3039 789 πρόσωπον
3083 721 3111 772 ὁ
3152 718 3285 785 Θεὸς
3306 759 3321 784 ,
3361 720 3490 774 ὅταν
3526 723 3587 774 ὲν
3619 725 3751 784 τοῖς

2153 802 2261 856 τῶν
2313 806 2683 876 περιστάσεων
2730 810 2941 880 καιροῖς
2973 806 3221 872 ἐκδότους
3269 809 3405 882 ἀφίῃ
3448 813 3563 875 τοῖς
3615 810 3748 881 (68)

2155 898 2499 966 πειρασμοῖς,
2547 897 2639 949 ἐπὶ
2668 897 2730 951 τὺ
2760 898 3069 970 γνωσθῆναι
3095 900 3157 953 τὸ
3195 899 3541 955 εῦτονον“’τοῦ
3582 904 3749 970 ἀγω-

2153 984 2454 1058 νιζομένου.
2499 989 2622 1042 Ἐὰν
2666 985 2823 1061 οὖνὴ
2866 991 3056 1063 είρήνη
3096 993 3130 1063 ή
3176 991 3513 1062 ὑπερέχουσα
3547 994 3749 1048 πάντα

2152 1077 2277 1132 νοῦν
2319 1080 2598 1152 φρουρήσῃ
2645 1080 2744 1145 τάς
2797 1082 3024 1153 καρδίας
3080 1083 3258 1154 ήμῶν,
3306 1083 3582 1155 δυνάμεθα
3627 1086 3743 1157 τὴν

2150 1168 2396 1240 ταραχὴν
2433 1169 2526 1223 καὶ
2577 1170 2675 1241 τὴν
2730 1169 2992 1241 σύγχυσιν
3036 1171 3141 1225 τῶν
3188 1171 3374 1225 παθῶν
3422 1172 3739 1242 διαφυγεῖν.

2166 1258 2317 1312 Ἐπεὶ
2363 1255 2455 1314 οὖν
2499 1261 2798 1316 ἀντίκειται
2828 1260 2907 1331 τῷ
2946 1262 3043 1332 μὲν
3075 1261 3339 1333 θελήματι
3389 1260 3481 1314 τοῦ
3521 1262 3659 1316 Θεοῦ
3693 1265 3736 1333 ἡ

2153 1351 2503 1424 ἀποστροφὴ,
2543 1352 2621 1423 τῷ
2650 1352 2705 1406 δὲ
2744 1352 2931 1406 κάλλει
2965 1353 3061 1407 καὶ
3087 1355 3153 1425 τῇ
3195 1353 3487 1425 ὡραιότητι
3524 1355 3623 1408 καὶ
3662 1358 3739 1425 τῇ

2152 1440 2377 1513 δυνάμει
2404 1443 2438 1514 ἡ
2469 1445 2679 1516 ταραχή
2705 1461 2719 1474 ·
2751 1445 2835 1517 εἴη
2867 1443 2931 1498 ἂν
2965 1447 2998 1514 ή
3027 1444 3239 1516 ταραχὴ
3272 1444 3382 1516 (69)
3403 1442 3593 1516 αἶσχος
3635 1448 3741 1500 καὶ

2151 1532 2403 1588 ἀσθένεια
2430 1534 2626 1607 ψυχῆς,
2659 1538 2723 1589 ἐκ
2754 1536 2853 1607 τῆς
2878 1536 2988 1589 ἀπὸ
3012 1535 3145 1590 Θεοῦ
3188 1536 3597 1609 ἀλλοτριώσεως
3630 1539 3739 1607 ὲγο

2151 1625 2428 1696 γινομένη.
2484 1627 2787 1697 Εὐχὼμεθα
2840 1623 2934 1681 οὖν
2986 1629 3073 1683 ἀεὶ
3118 1627 3447 1700 ὲπιλάμπειν
3496 1632 3630 1701 ἡμῖν
3669 1631 3738 1683 τὸ

2152 1715 2443 1785 πρόσωπον
2494 1716 2585 1770 τοῦ
2640 1717 2774 1772 θεοῦ
2798 1758 2814 1785 ,
2875 1720 2961 1773 ἵνα
3022 1723 3080 1773 ὲν
3135 1723 3514 1797 καταστήματι
3577 1716 3735 1793 ὦμεν

705 1780 771 1786 __
820 1780 958 1787 η---
1012 1780 1424 1803 ,μηνηηη
1479 1780 1711 1787 --.νη
1748 1780 1904 1804 ﬂ",
1933 1780 2049 1788 ---η

487 1823 648 1884 enim,
695 1822 902 1891 inquit,
940 1833 986 1877 et
1019 1840 1125 1877 non
1174 1839 1291 1877 sum
1325 1824 1566 1881 turbatus
1592 1825 1659 1881 ‘°.
1688 1822 1854 1880 Vnus.
1880 1826 1933 1881 9.
1967 1824 2050 1879 Ad

2153 1780 2485 1880 ἱε-ροπρεπεῖ,
2509 1810 2602 1864 καὶ
2641 1780 2825 1881 πρᾶσιν,
2861 1812 2955 1865 καὶ
2976 1813 3138 1866 παντὶ
3163 1813 3349 1884 τρόπῳ
3364 1780 3645 1887 ’ἀτάραχοιι
3668 1816 3738 1868 ἐκ

487 1921 557 1977 te,
600 1911 842 1978 Domine,
873 1913 1138 1979 clamabo,
1164 1923 1213 1967 et
1242 1914 1310 1967 ad
1336 1914 1501 1969 Deum
1526 1932 1694 1969 meum
1710 1916 2048 1985 deprecabor.

488 2004 643 2073 Saepe
667 2006 867 2060 dictum
895 2016 978 2061 est
1011 2006 1077 2059 de
1102 2007 1337 2061 clamore
1363 2008 1428 2060 ad
1460 2006 1764 2071 Dominum,
1800 2008 1949 2080 quod
1982 2007 2053 2063 sit

486 2094 605 2165 ejus
652 2096 819 2152 solius
850 2098 942 2166 qui
974 2112 1165 2168 magna
1209 2105 1265 2151 et
1311 2097 1555 2153 caelestia
1588 2098 1755 2168 cupit,
1791 2099 2050 2153 clamare.

489 2186 549 2239 Si
584 2186 707 2255 quis
736 2195 916 2240 autem
940 2201 1107 2256 parva
1138 2196 1192 2241 et
1217 2196 1430 2241 terrena
1478 2201 1509 2241 a
1541 2186 1650 2242 Deo
1694 2188 1953 2257 petierit,
2002 2189 2049 2243 is

489 2290 656 2343 parva
688 2283 743 2328 et
764 2274 998 2330 demissa
1033 2289 1185 2341 voce,
1222 2289 1393 2343 eaque
1425 2289 1531 2329 non
1577 2276 1643 2330 ad
1673 2276 1903 2331 sublime
1927 2292 2051 2347 per—

491 2365 751 2432 tingente,
784 2378 885 2418 ncc
919 2364 985 2418 ad
1015 2363 1226 2418 Domini
1274 2378 1433 2419 aures
1467 2366 1816 2434 perveniente
1859 2366 2048 2421 utitur.

492 2453 655 2510 Vnus.
693 2454 777 2510 ll).
815 2455 945 2520 Quce
978 2455 1179 2509 utilitas
1228 2456 1283 2509 in
1317 2457 1570 2527 sanguine
1618 2473 1764 2522 meo,
1798 2460 1923 2511 dum
1961 2460 2053 2513 de-

488 2547 678 2600 scendo
708 2547 761 2600 in
799 2548 1227 2616 corruptionem?
1274 2547 1405 2613 Cur,
1454 2548 1652 2617 inquit,
1700 2549 1972 2605 clamavi?
1999 2561 2054 2606 et

486 2653 608 2708 quae
658 2647 710 2693 te
758 2639 1043 2694 Dominum
1104 2653 1280 2693 meum
1310 2654 1377 2694 ac
1419 2640 1586 2695 Deum
1616 2657 1790 2695 meum
1826 2644 2055 2714 rogavi?

486 2731 647 2798 Quid,
674 2731 866 2800 inquit,
891 2731 1028 2786 bona
1051 2732 1233 2787 carnis
1263 2732 1595 2797 habitudine,
1622 2742 1714 2788 aut
1731 2734 1899 2789 multo
1929 2750 2054 2790 san-

485 2822 647 2892 guine
684 2824 817 2877 mihi
843 2837 978 2892 opus
1005 2832 1089 2878 est
1122 2843 1135 2878 :
1165 2838 1290 2879 cum
1314 2838 1512 2895 corpus
1534 2825 1874 2883 dissolutioni
1911 2842 2055 2883 com-

488 2914 635 2968 muni
658 2913 839 2968 statim
862 2914 1180 2968 tradendum
1201 2913 1609 2985 sit?Atcastigo
1634 2932 1824 2986 corpus
1857 2934 2050 2985 meum,

484 3015 532 3060 et
563 3005 622 3060 in
649 3005 949 3060 servitutem
975 3005 1155 3073 redigo
1187 3003 1254 3071 ιι,
1304 3010 1363 3058 ιιι
1395 3019 1464 3059 ne
1510 3007 1745 3076 vigente,
1783 3009 2052 3080 nimisque

486 3103 816 3151 exaestuante
845 3107 965 3148 meo
987 3093 1286 3164 sanguine,
1322 3095 1659 3167 corpulentia
1700 3099 1913 3155 occasio
1955 3101 2050 3155 fiat
2076 3118 2121 3177 ε

487 3187 715 3255 peccati.
751 3184 912 3240 Carni
966 3193 1069 3238 tua:
1119 3199 1188 3238 ne
1214 3185 1540 3256 obsequare,
1582 3202 1795 3255 somno,
1835 3188 2050 3258 balneo,

486 3293 552 3333 ac
577 3276 825 3331 mollibus
857 3276 1119 3342 culcitris,
1159 3290 1374 3347 semper
1395 3278 1534 3332 hanc
1558 3289 1808 3349 repetens
1833 3291 2055 3336 sentcn-

488 3368 617 3422 tiam
651 3383 665 3421 :
701 3366 831 3432 Qua:
856 3366 1060 3420 utilitas
1086 3368 1139 3421 in
1175 3369 1430 3436 sanguine
1461 3374 1615 3432 meo,‘
1641 3370 1768 3424 dum
1794 3372 2052 3429 descendo

484 3458 544 3512 in
572 3459 1002 3529 corruptionem?
1028 3458 1164 3526 Quid
1202 3457 1354 3514 foves
1380 3460 1522 3529 quod
1552 3461 1714 3530 paulo
1746 3475 1862 3532 post
1883 3465 2053 3520 inter-
2084 3500 2094 3506 -

488 3554 688 3606 nurum
737 3552 865 3605 est?
904 3552 1032 3621 quid
1064 3555 1281 3622 saginas
1312 3562 1363 3607 te
1394 3553 1566 3623 ipsum
1595 3562 1649 3608 et
1670 3555 2056 3626 piuguefacis?

487 3640 567 3694 An
592 3640 808 3710 ignoras
837 3640 976 3710 quod
1004 3651 1207 3709 quanto
1231 3641 1481 3712 pinguius
1531 3643 1628 3698 tibi
1658 3659 1854 3713 corpus
1885 3647 2055 3701 confi-

490 3733 588 3799 cis,
616 3741 766 3786 tanto
789 3733 1091 3801 graviorem
1127 3746 1404 3787 carcerem
1434 3734 1630 3788 anima:
1656 3735 1861 3790 struis?
1893 3735 2052 3793 Nun-

489 3822 617 3895 quid
644 3823 977 3893 conﬁtebitur
1005 3822 1098 3876 tibi
1122 3822 1316 3890 pulvis,
1360 3833 1453 3876 aut
1484 3826 1822 3879 annuntiabit
1860 3827 2055 3882 verita-

487 3927 592 3971 tem
637 3916 826 3970 tuam?
877 3916 1157 3981 Quomodo
1209 3915 1351 3995 enim
1401 3916 1680 3971 terrestris
1711 3932 1775 3972 ac
1815 3933 2051 3975 carneus

491 4008 652 4063 homo
683 4008 779 4062 tibi
822 4007 930 4062 Deo
972 4006 1356 4061 confitebitur?
1417 4008 1686 4075 quomodo
1729 4022 1859 4064 vero
1886 4011 2053 4069 etiam

490 4098 832 4152 annuntiabit
860 4098 1160 4157 veritatem,
1202 4097 1293 4166 qui
1336 4111 1512 4162 neque
1560 4098 1856 4168 disciplinis
1907 4102 2053 4156 dedit

492 4202 700 4260 tempus
725 4189 916 4254 ullum,
948 4199 1003 4245 et
1025 4189 1181 4258 cujus
1207 4205 1361 4244 meus
1409 4190 1462 4243 in
1493 4199 1639 4244 tanta
1695 4194 1876 4248 carnis
1914 4196 2053 4249 mole

489 4281 702 4336 defossa
731 4288 816 4336 est
847 4295 912 4335 ac
934 4280 1165 4335 obruta?
1188 4278 1268 4335 Ob
1303 4281 1358 4335 id
1405 4281 1571 4350 igitur
1615 4297 1833 4339 carnem
1875 4302 2047 4343 meam

491 4390 726 4441 macero,
774 4388 873 4429 nec
928 4388 1092 4444 parco
1140 4387 1260 4428 meo
1303 4374 1572 4444 sanguini,
1623 4377 1714 4444 qui
1745 4376 1797 4431 in
1832 4392 2048 4434 carnem

2149 1900 2249 1970 τῆς
2290 1901 2427 1972 πρὸς
2471 1901 2540 1955 τὰ
2585 1901 2726 1955 καλά
2759 1903 3122 1974 ἑτοιμότητος.
3166 1903 3566 1974 Ἠτοιμάσθην
3595 1905 3736 1976 γὰρ,

2152 1993 2305 2061 φησι,
2336 1992 2435 2045 καὶ
2463 1994 2575 2046 οὐκ
2602 1993 2960 2064 ἐταράχθην.
2986 1994 3143 2063 Πρὸς
3166 1994 3260 2060 σὲ,
3290 1997 3487 2065 Κύριε,
3525 1997 3739 2066 κεκρά-

2152 2082 2346 2153 ξομαι,
2375 2086 2473 2139 καὶ
2504 2085 2654 2154 πρὸς
2688 2085 2797 2139 τὸν
2823 2088 2970 2140 Θεόν
2999 2103 3121 2155 μου
3156 2086 3544 2158 δεηθήσομαι.
3591 2089 3737 2142 Πολ-

2150 2172 2308 2239 λάκις
2333 2176 2544 2249 εῖρητα⁹
2574 2178 2703 2249 περὶ
2732 2176 2825 2231 τοῦ
2855 2177 3185 2248 κεκραγέναι
3226 2180 3363 2251 πρὸς
3386 2180 3609 2259 Κιξριον,
3647 2182 3734 2235 ὅτι

2155 2265 2313 2337 μόνου
2344 2264 2439 2319 τοῦ
2475 2266 2686 2337 μεγάλα
2716 2265 2813 2320 καὶ
2837 2268 3133 2338 ἐπουράνια
3175 2268 3570 2341 ὲπιθυμοῦντός
3611 2273 3733 2326 ἐστι

2151 2357 2212 2410 τὸ
2252 2357 2496 2429 κράζειν.
2543 2359 2606 2412 Et
2632 2358 2690 2412 δέ
2738 2375 2822 2422 τις
2865 2357 3037 2430 μικρά
3063 2360 3157 2412 καὶ
3187 2360 3403 2430 ἐπίγεια
3431 2360 3606 2432 αίτοίη
3638 2361 3733 2415 τὸν

2151 2448 2305 2515 Θεὸν,
2345 2450 2515 2520 μικρᾷ
2561 2450 2656 2503 καὶ
2704 2453 2931 2522 ταπεινῇ
2983 2451 3245 2523 κέχρηται
3303 2454 3369 2523 τῇ
3421 2455 3594 2523 φωνῇ,
3654 2453 3731 2525 μὴ

2152 2540 2427 2616 φθανούσῃ
2474 2542 2553 2606 είς
2606 2542 2758 2612 ὕψος,
2810 2543 2943 2615 μηδὲ
2979 2545 3245 2616 ἐρχομένῃ
3284 2546 3362 2610 εἰς
3413 2545 3512 2609 τάς
3557 2547 3732 2611 ἀκοὰς

2150 2632 2244 2688 τοῦ
2278 2634 2503 2705 Κυρίου.
2540 2634 2636 2700 Τίς
2658 2632 2911 2703 ὠφέλεια
2936 2635 3005 2689 ὲν
3032 2635 3112 2701 τῷ
3147 2636 3351 2706 αἵματι
3374 2654 3514 2707 μου,
3546 2637 3616 2692 ὲν
3650 2638 3731 2704 τῷ

2151 2727 2531 2782 καταϐαίνειν
2573 2727 2689 2798 (70)
2742 2744 2820 2797 με
2868 2730 2955 2794 εἰς
2999 2727 3366 2799 ὃιαφθοράν;
3406 2712 3519 2797 Τί
3540 2730 3729 2801 φησὶν,

2152 2817 2451 2890 ὲκέκραξα;
2497 2819 2589 2872 καὶ
2632 2820 2761 2889 περὶ
2794 2817 2938 2882 τίνος
2965 2818 3189 2891 ἐδεήθην
3218 2820 3356 2893 πρὸς
3389 2819 3449 2874 σε
3487 2820 3581 2875 τὸν
3610 2820 3730 2879 Κύ-

2153 2911 2266 2981 ριόν
2310 2927 2412 2982 μου
2456 2911 2551 2964 καὶ
2593 2909 2683 2964 τὸν
2723 2911 2855 2964 Θεόν
2903 2927 3045 2982 μου;
3090 2911 3185 2976 Τίς
3212 2930 3301 2984 μοι
3334 2913 3523 2984 χρεία,
3572 2913 3729 2984 φησὶ,

2154 3002 2354 3074 σαρκὸς
2385 3002 2678 3066 εὐπαθείας
2726 3003 2819 3056 καὶ
2865 3003 3094 3074 αἵματος
3135 3004 3371 3075 πλήθους
3390 3046 3404 3069 ,
3448 3006 3731 3078 μέλλοντος

2151 3095 2274 3149 ὅσον
2295 3094 2505 3148 οὐδέπω
2535 3094 2918 3165 παραδίδοσθαι
2952 3098 3016 3167 τῇ
3051 3099 3201 3168 κοινῇ
3234 3096 3472 3151 διαλύσει
3496 3097 3595 3163 ,τοῦ
3624 3097 3731 3151 σώ-

2160 3203 2359 3258 ματος;
2407 3186 2559 3239 Ἀλλ’
2604 3185 2916 3247 ὑπωπιάζω
2954 3185 3065 3258 (71)
3104 3206 3226 3257 μου
3274 3189 3340 3242 τὸ
3377 3189 3580 3261 σῶμα,
3626 3193 3730 3246 καὶ

2154 3277 2529 3349 δουλαγωγῶ,
2580 3280 2774 3351 μήπως
2834 3279 3180 3345 εὐεκτοῦντος
3231 3281 3328 3334 καὶ
3376 3281 3734 3353 ὑπερζέοντός

2159 3390 2248 3444 μοι
2279 3370 2375 3425 τοῦ
2404 3371 2656 3443 αἵματος,
2692 3372 2913 3443 ἀφορμὴ
2942 3372 3074 3445 πρὸς
3098 3373 3374 3444 ἁμαρτίαν
3399 3376 3433 3446 ή
3462 3373 3735 3446 πολυσαρ-

2156 3465 2249 3518 κία
2287 3464 2531 3535 γένηται.
2561 3463 2652 3534 Μὴ
2676 3463 2936 3517 κολάκευέ
2962 3481 3054 3517 σου
3086 3465 3186 3536 τὴν
3222 3466 3398 3538 σάρκα
3422 3465 3609 3530 ὕπνοις
3635 3467 3734 3519 καὶ

2153 3557 2398 3629 λουτροῖς
2439 3556 2534 3609 καὶ
2574 3556 2835 3627 μαλακοῖς
2860 3558 3174 3629 στρώμασιν
3197 3599 3212 3624 ,
3252 3558 3341 3611 ἀεὶ
3374 3559 3638 3627 ἐπιλέγων
3668 3559 3733 3613 τὸ

2156 3649 2306 3719 ῥῆμα
2335 3647 2496 3701 τοῦτο
2517 3665 2530 3679 ·
2567 3648 2661 3714 Τίς
2687 3648 2940 3717 ὠφέλεια
2965 3648 3035 3702 ἐν
3064 3648 3144 3714 τῷ
3171 3650 3373 3717 αἵματί
3374 3636 3625 3725 λιουξέν
3652 3651 3735 3715 τῷ

2153 3740 2532 3793 καταϐαίνειν
2577 3755 2654 3808 με
2694 3741 2779 3804 εὶς
2824 3738 3191 3808 διαφθοράν;
3240 3741 3305 3792 Τί
3345 3728 3625 3812 περιέπεις
3669 3740 3734 3793 τὸ

2157 3829 2351 3900 μικρὸν
2381 3828 2604 3901 ὕστερον
2630 3829 3075 3901 φθαρησόμενον;
3100 3829 3152 3882 τί
3177 3831 3555 3894 καταπιαίνεις
3581 3848 3736 3884 σεαυ-

2150 3922 2241 3975 τὸν
2273 3921 2367 3975 καὶ
2395 3924 2782 3993 περισαρκοῖς;
2820 3922 2891 3973 ’Ἡ
2919 3921 3151 3990 ἀγνοεῖς,
3183 3922 3264 3974 ὅτι
3290 3922 3401 3992 ὅσῳ
3421 3922 3733 3994 παχυτέραν

2150 4014 2250 4085 τὴν
2290 4014 2467 4084 σάρκα
2519 4013 2730 4085 σεαυτῷ
2786 4014 2976 4075 ποιεῖς,
3030 4012 3267 4083 τοσούτῳ
3314 4011 3609 4083 βαρύτερον
3660 4017 3728 4085 τῇ

2150 4102 2294 4175 ψυχῇ
2329 4104 2756 4169 κατασκευάζεις
2795 4105 2855 4157 τὸ
2892 4103 3292 4176 δεσμωτήριον;
3326 4104 3422 4173 Μὴ
3450 4104 3732 4173 ἐξομολο-

2151 4196 2401 4266 γήσεται
2421 4214 2516 4256 σοι
2540 4198 2707 4267 χοῦς,
2739 4199 2780 4266 ἢ
2804 4196 3122 4268 ἀναγγελεῖ
3136 4196 3249 4264 τὴν
3268 4196 3555 4264 ἀλήθειάν
3573 4212 3690 4251 σου
3708 4215 3731 4262 ;

2152 4289 2277 4353 Πῶς
2321 4290 2428 4361 γὰρ
2479 4291 2508 4342 ὁ
2562 4289 2744 4360 χοῖκὺς
2795 4288 3081 4361 ἄνθρωπος
3113 4289 3205 4343 καὶ
3240 4290 3494 4360 σάρκινος
3536 4286 3728 4360 ἐξομο-

2150 4381 2439 4452 λογήσεται
2481 4397 2563 4433 σοι
2611 4380 2689 4451 τῷ
2716 4378 2871 4450 Θεῷ;
2925 4379 3044 4443 πῶς
3092 4379 3149 4433 δὲ
3188 4380 3283 4433 καὶ
3315 4380 3605 4449 ἀναγγελεῖ
3629 4381 3728 4450 τὴν

490 4466 793 4521 coalescere
817 4464 975 4529 solet,
1017 4472 1075 4519 ut
1106 4463 1553 4533 impedimentum
1583 4465 1788 4521 nullum
1822 4469 1955 4524 mihi
1984 4472 2056 4527 sit

2155 4474 2408 4546 ἀλήθειαν
2450 4472 2564 4541 (72)
2614 4474 2643 4525 ὁ
2695 4473 2832 4544 μήτε
2882 4470 3165 4542 μαθήμασι
3200 4471 3388 4543 καιρὸν
3428 4472 3582 4539 δοὺς,
3632 4472 3728 4526 καὶ

492 4560 563 4615 ad
591 4558 1010 4621 confessionem,
1040 4570 1213 4626 neque
1240 4557 1309 4611 ad
1342 4557 1587 4611 veritatis
1620 4558 2053 4631 intelligentiam.

2160 4568 2219 4620 ὲν
2246 4565 2481 4635 τοσούτῳ
2516 4564 2671 4636 βάρει
2713 4564 2813 4634 τῆς
2853 4563 3052 4633 σαρκὸς
3080 4562 3170 4616 τὸν
3208 4562 3335 4617 νοῦν
3371 4562 3561 4616 ἑαυτοῦ
3596 4580 3727 4631 συγ-

486 4655 830 4727 κεχωσμένον
857 4654 1028 4725 ἔχων;
1067 4652 1166 4706 Διά
1193 4652 1349 4706 τοῦτο
1372 4652 1552 4706 τοίνυν
1581 4655 1798 4725 ἐκτήκω
1829 4675 1931 4727 μου
1966 4664 2069 4733 τὴν
2121 4662 2318 4734 σάρκα,
2381 4661 2472 4713 καὶ
2503 4658 2710 4728 ἀφειδῶ
2751 4656 2844 4710 τοῦ
2872 4658 3103 4727 αἵματος
3139 4657 3277 4727 ὅπερ
3301 4658 3381 4719 εἰς
3414 4658 3589 4728 σάρκα
3626 4655 3727 4708 πέ-

487 4764 625 4818 φυκε
666 4743 1141 4817 μεταπήγνυσθαι,
1192 4743 1279 4798 ἵνα
1327 4742 1491 4815 μηδέν
1547 4760 1635 4813 μοι

487 4841 722 4905 ποδίζον.

556 4936 607 4992 7.
635 4936 800 4992 Vens.
831 4934 920 4989 ll.
944 4933 1161 4988 Audiuit
1195 4932 1466 4995 Dominus.
1486 4938 1793 4990 etmisertus
1814 4947 1888 4991 est
1911 4942 2049 4996 mei:

1681 4740 1715 4817 ᾖ
1767 4746 1880 4819 (75)
1928 4753 2069 4823 πρὸς
2109 4750 2549 4825 ἐξομολόγησινῆ
2585 4749 2720 4821 πρὸς
2740 4748 2838 4819 τὴν
2864 4748 2963 4819 τῆς
3000 4747 3256 4818 ἀληθείας
3292 4748 3614 4818 κατανόησιν
3636 4749 3729 4817 ἑμ-

2229 4938 2279 4991 7.
2309 4938 2574 4997 Ἤκουσε
2593 4933 2825 5000 Κύριος,
2858 4928 2955 4984 καὶ
2974 4927 3202 4997 ἠλέησέ
3223 4945 3300 4998 με
3319 4944 3333 4959 ·
3356 4928 3572 4996 Κύριος
3604 4924 3728 4998 ἐνῖέ-

553 5028 598 5061 ³⁹
622 5026 853 5096 Philipp.
880 5039 953 5088 ιν,
975 5026 1027 5080 7.
1100 5023 1145 5056 ’⁵ο
1161 5023 1304 5080 Psal.
1327 5040 1516 5090 cxvm,
1545 5026 1637 5080 60.
1712 5029 1753 5058 “
1777 5027 1794 5081 Ι
1816 5028 1943 5084 Cor.
1966 5030 2154 5096 11,27.

554 5124 666 5195 (68)
710 5122 886 5196 Editio
909 5119 1278 5196 Daris._§tgpein
1311 5123 1445 5196 τοῖς.
1473 5120 1553 5196 ΔΑι
1592 5137 1721 5196 mss.
1747 5137 1859 5196 seu
1884 5124 2043 5196 ἀφίῃ.

484 5186 618 5264 Reg.
648 5186 838 5264 sextus
858 5189 1068 5264 ἀφίησι.
1093 5186 1483 5264 lbi'tlemaliqui
1520 5207 1648 5264 mss.
1678 5186 1770 5246 ἐπὶ
1789 5192 1869 5248 τό.

552 5260 664 5336 (69)
704 5262 815 5328 Illa,
840 5262 927 5332 εἴη
958 5260 1024 5314 ἂν
1048 5263 1082 5332 ἡ
1103 5261 1338 5336 ταραχή,
1370 5262 1563 5336 desunt
1588 5261 1638 5336 in
1671 5264 1875 5336 duobus
1901 5277 2031 5336 mss.

481 5330 764 5399 Aliquanto
810 5330 928 5401 post
978 5330 1216 5384 nonnulli
1252 5346 1382 5385 mss.
1408 5330 1697 5400 εὐχόμεθα.
1729 5332 1832 5384 Alii
1872 5330 2044 5401 εὐχώ-

485 5407 641 5474 μεθα.
676 5400 963 5474 Μυχίθόίιὶ
1012 5402 1204 5474 ἥσυχοι
1254 5400 1348 5474 καὶ
1391 5401 1573 5471 πρᾶοι.
1612 5401 1718 5456 Sed
1755 5416 1860 5456 vox
1903 5400 2043 5470 ἥσυ-

482 5472 566 5544 χοι
595 5473 823 5544 dees_t‘i_n
855 5472 1054 5526 nosuis
1082 5472 1329 5544 undecim
1361 5486 1490 5544 _mss.

504 5534 516 5545 ’
552 5544 671 5613 (70)
703 5541 871 5613 Colb._
898 5550 1125 5613 quartus
1186 5541 1408 5608 perinde
1453 5549 1616 5609 atque
1669 5537 1812 5613 LXX
1854 5541 1912 5613 ἐν
1957 5540 2038 5611 τῷ

482 5610 802 5733 καὲαᾷἧναι.
831 5610 971 5665 Editi
1005 5624 1131 5664 vero
1161 5620 1216 5665 et
1247 5625 1376 5665 mss.
1407 5624 1511 5665 non
1549 5611 1702 5678 pauci
1732 5612 1790 5664 ὲν
1833 5610 1910 5680 τῷ
1943 5610 2043 5663 κα-

483 5699 550 5733 τα
588 5698 774 5733 αινειν.

483 5683 774 5734 ταϐαίνειν.

555 5752 668 5821 (7t)
704 5748 818 5805 Duo
849 5764 979 5806 mss.
1021 5764 1144 5805 cum
1195 5758 1341 5808 textu
1388 5762 1546 5806 sacro
1578 5748 1899 5813 ὑπωπιάζω.
1934 5748 2043 5805 Alii

2154 5123 2258 5178 duo
2291 5114 2579 5178 ὑποπιάζω
2600 5150 2616 5175 ,
2658 5119 2932 5179 corrupte,
2979 5123 3077 5178 pro
3108 5103 3722 5179 ὑπωπιάζωηΝοιιηιιΙΙί

2153 5175 2241 5244 alii
2273 5175 2574 5247 ὑποπιέζω.
2609 5181 2729 5236 Mox
2761 5175 2913 5248 Regii
2952 5175 3221 5233 secundus
3248 5187 3303 5230 et
3338 5175 3537 5248 tertius,
3555 5175 3726 5248 direp-

2149 5258 2363 5325 ζέοντός
2394 5244 2518 5326 μου.
2562 5251 2705 5326 Editi
2739 5259 2793 5303 et
2827 5244 2918 5303 a'lii
2935 5248 3166 5326 quidam
3202 5244 3720 5326 mss._6neo§éowo;

2152 5313 2262 5401 μοι.
2298 5313 2409 5401 Nec
2455 5325 2526 5401 ita
2555 5321 2729 5401 multo
2765 5329 2887 5401 post
2926 5317 3077 5401 Reg.
3102 5317 3320 5401 tertius~
3350 5313 3533 5401 babeitp
3561 5313 3721 5401 ῥητόν

2187 5415 2246 5453 ro
2278 5398 2449 5470 ῥῆμα.
2477 5391 2716 5447 Subinde
2745 5383 2974 5470 quatuor
3007 5383 3137 5466 mss.
3167 5389 3225 5439 ὲν
3252 5384 3331 5456 τῷ
3356 5383 3719 5438 καταϐαίνειν.

2187 5468 2324 5522 ditio
2358 5478 2484 5516 vero
2511 5462 2686 5515 Paris.
2716 5462 2774 5512 ὲν
2807 5476 2884 5525 τῳ
2909 5454 3231 5525 καταϐηναι.
3408 5524 3436 5525 η
3474 5524 3483 5525 7
3548 5521 3579 5525 _
3656 5522 3666 5525 _

2217 5479 2324 5521 ltllo
2358 5479 2484 5516 vero
2516 5479 2686 5515 l'arls.
2716 5479 2774 5512 εν
2807 5479 2884 5528 τῳ
2909 5479 3231 5525 καταυηναι.

2217 5537 2331 5605 (72)
2372 5532 2525 5589 Unus
2558 5527 2948 5605 φεμ-ἀλήθειάν
2978 5542 3094 5581 σου.
3126 5524 3328 5605 Ibidem
3354 5524 3523 5578 editio
3548 5521 3719 5578 Paris.

2150 5594 2628 5679 μαθήσει-καιρόν.
2660 5599 2765 5679 Sed
2781 5594 2930 5679 'mss.
2955 5605 3090 5679 ocul
3113 5594 3420 5679 μαθήμασι.

2221 5661 2334 5746 (73)
2383 5661 2532 5746 num;
2583 5667 2654 5746 ᾖ,
2688 5668 2933 5746 deest_in
2976 5661 3398 5746 Qolbl‘quartn'.‘
3435 5663 3504 5746 ln_
3535 5661 3721 5746 eodem

2148 5730 2239 5803 illo
2292 5730 2482 5802 codice
2521 5730 2713 5798 'sta'tim
2762 5737 2956 5808 legitur
2998 5730 3304 5802 ἐμποδίζοι.
3352 5731 3505 5788 Haud
3561 5730 3718 5800 longe
