4048 6220
391 292 491 348 521

1534 293 1811 350 HDMILIA
1852 296 1917 350 IN
1960 298 2286 356 PSALMUM
2329 300 2515 356 XXIX.

3547 309 3653 365 322

385 406 541 475 νήθη
569 405 799 472 ,ϐοηθός
844 421 983 474 μου.
1030 402 1185 458 Μετὰ
1228 404 1291 457 τὸ
1331 395 1689 478 διηγήσασθαι
1730 409 1849 461 τίνα

2074 410 2334 468 Dominus
2365 414 2541 482 factus
2568 422 2645 467 est
2678 413 2898 482 adjutor
2922 430 3090 470 metu.
3134 414 3426 487 Postquam
3467 433 3654 475 narra”

384 499 420 554 ἃ
451 500 585 571 πρὸς
606 500 697 552 τὸν
719 498 849 551 Θεὸν
873 497 1187 569 ἐκέκραξεν,
1224 499 1384 562 εὐθὺς
1411 500 1729 571 αἰσθόμενος
1757 503 1855 574 τῆς
1877 504 1969 555 ἀν-

384 594 653 663 τιλήψεως
693 591 785 645 τοῦ
820 590 976 655 Θεοῦ,
1025 591 1325 662 παρορμῶν
1371 594 1519 663 ἡμᾶς
1556 594 1691 667 πρὸς
1718 597 1816 666 τὴν
1860 596 1968 649 τῶν

382 686 580 756 ὁμοίων
606 685 838 754 αἴτησιν,
877 685 1151 747 Ἤκουσε,
1180 686 1335 756 φησὶ,
1358 687 1593 753 Κύριος,
1620 688 1718 741 καὶ
1737 688 1969 755 ἠλέησέ

381 796 453 847 με
479 793 493 807 ⁸
538 778 754 845 Κύριος
790 776 1043 845 ἐγενήθη
1079 778 1308 845 ,ϐοηθός
1331 797 1471 847 μου.
1523 778 1827 851 Εύχὼμεθα
1874 777 1967 836 οὖν

382 871 474 923 καὶ
519 872 716 941 ἡμεῖς,
769 870 861 923 καὶ
902 868 1194 939 κράζωμεν
1242 870 1340 942 τὴν
1387 873 1760 943 πνευματικὴν
1814 872 1963 944 βοὴν,

381 960 687 1031 αἰτούμενοι
714 961 780 1013 τὰ
817 961 1045 1032 μεγάλα,
1082 961 1155 1032 μὴ
1179 948 1453 1019 ἀντύποιού
1462 983 1612 1035 μενοι
1638 968 1736 1035 τῆς
1765 966 1967 1038 σαρκὸς

381 1052 462 1123 (οὶ
489 1052 597 1121 γὰρ
621 1053 690 1105 ἐν
720 1055 898 1121 σαρκὶ
930 1053 1121 1121 ὄντες,
1150 1055 1271 1120 Θεῷ
1301 1054 1512 1123 ἀρέσαι
1541 1060 1613 1111 οὐ
1634 1057 1961 1127 δύνανται),

379 1144 468 1199 ἵνα
501 1146 593 1197 καὶ
624 1143 780 1215 ἡμῶν
813 1145 1092 1219 ἐπακούσῃ
1133 1149 1161 1200 6
1197 1146 1418 1218 Κύριος,
1455 1149 1684 1220 ἐλεήσας
1717 1151 1873 1221 ἡμῶν
1904 1150 1965 1203 τὸ

379 1235 620 1298 ἀσθενὲς,
668 1236 759 1287 καὶ
795 1240 895 1305 της
943 1236 1093 1299 θείας
1142 1236 1392 1307 βοηθείας
1423 1237 1828 1303 ἀπολαύσαντες
1870 1241 1963 1293 καὶ

379 1328 537 1397 ἡμεῖς
576 1328 851 1397 εἴπωμεν·
901 1329 1245 1396 Ἔστρεψας
1284 1329 1392 1382 τὸν
1433 1331 1689 1383 κοπετόν
1724 1350 1842 1399 μου
1875 1334 1963 1397 εἰς

378 1419 572 1486 χαρὰν
593 1418 744 1487 ἐμοί.
794 1420 867 1472 Ού
899 1422 964 1491 τῇ
996 1420 1232 1492 τυχούσῃ
1263 1420 1406 1492 ψυχῇ
1437 1422 1468 1493 ἡ
1500 1423 1609 1475 ἀπὸ
1638 1424 1772 1477 Θεοῦ
1819 1425 1961 1497 χαρὰ

378 1511 673 1578 ἐγγίνεται,
714 1510 827 1563 ἀλλ’
855 1510 909 1564 εί
945 1529 1029 1575 τις
1075 1512 1245 1566 πολλὰ
1277 1514 1375 1583 τὴν
1404 1514 1679 1586 ἁμαρτίαν
1703 1515 1799 1586 τὴν
1833 1518 1959 1569 ἐαυ-

375 1602 468 1656 τοῦ
523 1602 938 1667 ὰπεκλαύσατο,
997 1604 1237 1676 ἰσχυροῖς
1296 1605 1551 1676 ὀδυρμοῖς
1600 1608 1692 1660 καὶ
1742 1608 1960 1679 θρήνοις

373 1693 694 1762 διηνεκέσιν,
729 1694 804 1758 ὡς
844 1695 935 1747 ἐπὶ
966 1694 1222 1749 τεθνεῶτι
1267 1696 1446 1768 ἐαυτῷ
1492 1698 1720 1752 κοπετὸν
1766 1701 1956 1771 ἐποιή-

2072 504 2149 556 vit
2179 519 2426 573 quamam
2483 502 2687 559 fuerint
2745 521 2865 575 qua;
2901 507 3013 577 ipse
3072 508 3136 562 ad
3191 510 3474 567 Dominum
3532 515 3648 569 cla-

2072 594 2259 657 mavit,
2314 594 2495 648 statim
2538 594 2631 648 Dei
2692 597 2931 650 sentiens
2992 597 3275 666 auxilium,
3320 616 3417 655 nos
3467 604 3531 656 ad
3563 619 3651 672 pe-

2073 686 2229 739 tenda
2263 687 2457 740 similia
2483 698 2761 756 provocat.
2806 692 3059 755 Audit-it,
3110 694 3320 762 inquit,
3359 695 3641 763 Dominus,

2069 786 2115 826 et
2148 776 2389 829 misertus
2406 786 2480 830 est
2497 778 2632 830 mei:
2662 777 2915 834 Dominus
2934 782 3109 848 [actus
3132 794 3207 837 est
3235 786 3454 854 adjutor
3473 806 3639 844 meus.

2068 864 2300 921 Oremus
2324 868 2487 938 igitur
2513 879 2569 922 et
2602 885 2720 934 uos,
2755 886 2817 925 ac
2856 871 3190 940 spiritualem
3217 875 3513 931 clamorem
3538 879 3645 932 cla-

2069 973 2299 1024 menius,
2334 974 2439 1013 non
2489 975 2652 1029 parva
2703 972 2963 1028 petentes,
3007 980 3105 1019 nec
3156 969 3305 1021 carui
3366 970 3643 1024 studentes

2068 1045 2196 1115 (Qui
2229 1049 2367 1100 enim
2390 1049 2446 1101 in
2463 1065 2619 1101 carne
2650 1060 2791 1116 sunt,
2812 1051 2918 1104 Deo
2936 1053 3142 1119 placere
3173 1071 3275 1108 non
3298 1073 3515 1125 possunt
3548 1059 3637 1129 δ’).

2067 1148 2125 1190 ιιι
2154 1149 2209 1191 et
2238 1153 2337 1193 nos
2368 1140 2625 1194 exaudiat
2656 1140 2818 1207 Deus,
2849 1144 3175 1200 debilitatem
3214 1160 3451 1202 nostram
3482 1151 3643 1205 mise-

2067 1239 2237 1291 ratus,
2274 1238 2437 1296 atque
2482 1232 2685 1285 auxilio
2726 1233 2911 1288 divino
2957 1234 3106 1291 fruiti
3145 1240 3309 1292 etiam
3358 1257 3456 1297 nos
3485 1244 3640 1297 dica-

2065 1332 2182 1371 mus
2214 1335 2227 1371 :
2268 1318 2428 1373 Vnus.
2464 1319 2551 1372 i2.
2591 1318 2905 1377 Convertisli
2930 1324 3201 1393 planctum
3228 1346 3396 1382 meum
3424 1331 3476 1384 in
3503 1347 3639 1401 gau-

2063 1410 2209 1461 dium
2258 1410 2405 1464 mihi.
2462 1411 2576 1466 Non
2616 1414 2666 1466 itt
2700 1415 2939 1483 qualibet
2966 1419 3144 1472 anima
3198 1420 3338 1473 inest
3385 1424 3639 1491 gaudium

2066 1501 2156 1554 Dei
2186 1519 2199 1553 ι
2235 1502 2327 1555 sed
2354 1503 2398 1556 si
2431 1503 2551 1573 quis
2588 1504 2812 1558 multum
2842 1518 3127 1576 peccatum
3153 1526 3310 1563 suum
3346 1513 3635 1581 planxerit,

2063 1594 2368 1648 vehementi
2424 1594 2676 1649 videlicet
2714 1598 2883 1665 luctu,
2935 1609 2989 1653 et
3041 1602 3272 1656 assiduis
3306 1606 3635 1674 gemitibus,

2060 1687 2286 1753 perinde
2310 1688 2464 1756 quasi
2497 1704 2554 1743 se
2592 1690 2704 1758 ipse
2736 1703 3005 1746 mortuum
3040 1694 3359 1763 plunxisset,
3399 1698 3523 1752 huic
3548 1701 3637 1756 isti

376 1803 537 1851 σατο,
565 1786 657 1839 τοῦ
691 1787 932 1840 τοιούτου
968 1788 996 1839 6
1031 1789 1258 1853 κοπετὸς
1305 1792 1383 1853 εἰς
1426 1790 1599 1860 χαρὰν
1648 1792 1949 1863 στρέφεται.

2063 1779 2314 1845 planctus
2351 1780 2402 1833 iu
2444 1781 2695 1850 gaudium
2725 1785 2971 1840 vertitur.
3006 1787 3157 1853 Quod
3183 1799 3364 1844 autem
3397 1791 3638 1848 laudabi-

376 1880 500 1948 ζὈτι
539 1882 597 1935 δέ
631 1885 780 1935 ἐστιν
815 1884 1116 1947 ἐπαινετῶς
1165 1883 1468 1952 κόψασθαι,
1515 1885 1764 1951 δηλοῦσιν
1805 1890 1853 1940 oi
1899 1891 1959 1943 ἐν

372 1976 493 2038 ταῖς
517 1976 741 2045 ἀγοραῖς
770 1974 1068 2045 καθήμενοι
1123 1977 1329 2040 παῖδες,
1364 1979 1412 2029 οί
1446 1977 1724 2043 λέγοντες’
1764 1980 1958 2048 Ἐθρη-

368 2063 647 2133 νήσαμεν
673 2064 833 2133 ὑμῖν,
878 2065 976 2118 καὶ
1017 2067 1127 2118 οὐκ
1164 2066 1473 2133 ἐκόψασθε
1502 2066 1646 2137 (74)·
1682 2069 1959 2138 ηὐλήσα-

368 2170 482 2223 μεν
502 2155 663 2225 ὑμῖν,
696 2155 794 2207 καὶ
819 2158 929 2209 οὐκ
954 2155 1333 2224 ὠρχήσασθε.
1366 2158 1520 2210 Ἐστι
1547 2158 1604 2211 δὲ
1631 2161 1659 2211 6
1686 2159 1847 2223 αὐλὸς
1868 2160 1957 2232 ὅρ-

370 2262 533 2314 γανον
565 2246 819 2317 μουσικὸν
862 2245 1132 2316 πνεύματι
1182 2246 1430 2318 συνεργῷ
1474 2248 1612 2320 πρὸς
1673 2250 1769 2321 τὴν
1830 2252 1957 2321 μελ-

369 2337 531 2407 ῳδίαν
548 2337 848 2408 χρώμενον.
868 2337 1068 2409 Διόπερ
1102 2334 1254 2407 οἶμαι
1284 2339 1463 2392 πάντα
1490 2339 1641 2407 ἆγιον
1668 2342 1956 2413 προφήτην

369 2428 529 2482 αὐλὸν
562 2428 834 2501 τροπικῶς
874 2429 1235 2500 ὀνομάζεσθαι
1279 2430 1366 2483 διὰ
1408 2431 1505 2502 τὴν
1548 2435 1610 2485 ἐκ
1658 2434 1753 2486 τοῦ
1796 2435 1950 2501 ἁγίου

368 2518 682 2587 Πνεύματος
736 2519 969 2587 κίνησιν.
1023 2520 1253 2591 Διόπερ.
1321 2521 1518 2591 φησὶν,
1582 2522 1954 2593 Ηύλήσαμεν

366 2610 527 2679 ὑμῖν,
560 2611 658 2663 καὶ
678 2613 788 2664 οὐκ
810 2611 1190 2680 ὠρχήσασθε.
1229 2614 1291 2665 Οἱ
1317 2613 1426 2683 γὰρ
1454 2616 1778 2685 προφητικοὶ
1805 2616 1952 2685 λόγοι

366 2701 769 2771 προτρέπονται
827 2703 977 2771 ἡμᾶς
1025 2702 1119 2754 ἐπὶ
1178 2701 1276 2772 τὴν
1322 2700 1590 2772 εὔρυθμον
1641 2702 1742 2772 τῆς
1789 2704 1952 2771 ἁγίας

366 2793 699 2864 προφητείας
734 2794 1035 2865 ἐνέργειαν,
1096 2794 1217 2864 ἥτις
1256 2794 1468 2865 εἴρηται
1499 2794 1743 2865 ὄρχησις.
1793 2794 1950 2848 Ἀλλὰ

366 2885 458 2936 καὶ
494 2884 778 2955 θρηνοῦσιν
808 2886 939 2955 ἡμῖν
980 2886 1028 2937 οἱ
1074 2886 1348 2956 προφῆται
1375 2926 1389 2947 ,
1440 2886 1518 2946 εἰς
1547 2886 1775 2937 κοπετὸν
1804 2887 1950 2955 ἡμᾶς

366 2966 957 3050 προβιαλούμενοιβῖνα,
991 2980 1068 3041 εἰς
1094 2978 1446 3048 συναίσθησιν
1480 2977 1723 3041 ἐλθόντες
1755 2980 1819 3031 ἐκ
1842 2978 1948 3032 τῶν

367 3070 718 3140 προφητικῶν
740 3070 913 3139 λόγων
941 3070 1033 3122 ἐπὶ
1060 3072 1173 3133 τοῖς
1204 3069 1411 3122 ἑαυτῶν
1447 3070 1824 3140 ἁμαρτήμασι,
1852 3087 1949 3123 κα·-

360 3160 790 3231 ταπενθήσωμεν
825 3160 980 3232 ἡμῶν
1027 3162 1127 3233 τὴν
1174 3159 1446 3214 ἀπώλειαν
1469 3203 1484 3227 ,
1522 3162 1579 3213 ἐν
1627 3162 1818 3225 κόποις
1857 3163 1948 3215 καὶ

365 3251 579 3322 μόχθοις
618 3252 718 3324 τὴν
767 3254 945 3324 σάρκα
997 3252 1156 3323 ἡμῶν
1208 3251 1642 3315 καταπιέσαντες
1677 3252 1808 3322 (75).
1858 3251 1948 3323 Τῷ

360 3343 586 3416 τοιούτῳ
630 3344 811 3398 τοίνυν
851 3346 1283 3417 περιρρήγνυται
1337 3345 1432 3415 μὲν
1471 3344 1530 3397 τὸ
1561 3343 1813 3398 πενθικὸν
1860 3344 1946 3399 ἒν-

359 3434 526 3505 δυμα,
572 3435 601 3489 ὃ
631 3435 988 3490 καταπενθῶν
1034 3437 1225 3489 ἑαυτοῦ
1255 3437 1355 3506 τὴν
1384 3437 1657 3507 ἁμαρτίαν
1690 3437 1947 3508 περιεϐά-

359 3530 499 3584 λετο.
552 3530 892 3603 Περιτίθεται
921 3530 976 3584 δὲ
1008 3530 1156 3601 αύτῷ
1193 3533 1221 3584 6
1253 3529 1418 3601 χιτὼν
1451 3530 1551 3600 τῆς
1582 3530 1942 3601 εὐφροσύνης,

358 3622 541 3675 καὶτὸ
589 3622 800 3693 ἱμάτιον
845 3622 937 3677 τοῦ
972 3622 1261 3692 σωτηρίου,
1302 3621 1369 3676 τὰ
1402 3621 1602 3693 φαιδρὰ
1634 3621 1804 3674 ταῦτα
1850 3624 1945 3676 καὶ

356 3715 569 3787 γαμικὰ
591 3716 884 3787 ἐνδύματα,
913 3710 994 3779 οἷς
1024 3716 1053 3766 6
1078 3714 1491 3784 κεκοσμημένος
1520 3716 1584 3766 ἐκ
1610 3714 1702 3766 τοῦ
1726 3715 1945 3785 νυμφῶ-

355 3823 445 3871 νος
472 3808 572 3860 obit
602 3806 1019 3878 ἐκϐληθήσεται.
1051 3805 1373 3874 Δώρῤηξας
1402 3804 1511 3857 τὸν
1544 3804 1776 3858 σάκκον
1797 3822 1940 3873 μου,

354 3899 453 3952 καὶ
477 3897 834 3967 περιέζωσὰς
854 3915 930 3967 με
949 3898 1359 3966 εὐφροσύνην.
1386 3895 1653 3967 Συνεργὸς
1676 3898 1756 3959 είς
1779 3897 1942 3967 μετά-

352 4006 500 4043 νοιαν
520 3992 549 4043 6
573 3991 794 4055 σάκκος,
816 3988 1199 4053 ταπεινώσεως
1225 3988 1489 4060 ὑπάρχων
1516 3989 1782 4060 σύμϐολον
1805 3990 1937 4061 (76).

353 4082 546 4137 Πάλαι
569 4087 679 4154 γὰρ
711 4083 787 4138 ἂν
819 4084 890 4138 ἐν
922 4083 1150 4150 σάκκῳ,
1200 4084 1357 4154 φησὶ,
1409 4083 1508 4136 καὶ
1551 4083 1761 4149 σποδῷ
1798 4088 1939 4138 καθ-

352 4173 558 4245 ήμενοι
572 4178 968 4245 μετενόησαν.
988 4177 1140 4229 Ἐπεὶ
1170 4177 1227 4229 δὲ
1250 4178 1277 4228 6
1312 4175 1631 4238 Ἀπόστολος
1664 4175 1774 4245 (77)
1804 4179 1942 4230 ἁνα-

2059 1868 2125 1923 lis
2151 1870 2222 1925 sit
2252 1871 2423 1927 luctus
2450 1876 2687 1943 quidam.
2720 1881 3011 1933 ostendunt
3034 1882 3180 1948 pueri
3214 1882 3263 1935 in
3289 1882 3407 1939 foro
3440 1886 3636 1941 seden-

2060 1972 2142 2016 tes
2174 1978 2237 2017 ac
2262 1964 2507 2021 dicentes
2534 1983 2547 2020 ε
2578 1966 2883 2023 Lamentati
2922 1988 3104 2026 sumus
3135 1974 3299 2039 vobis,
3319 1987 3366 2029 et
3386 1992 3486 2031 non
3517 1977 3636 2044 plo-

2058 2056 2220 2109 rastis
2242 2072 2264 2112 :
2311 2061 2639 2115 cantavimus
2672 2061 2818 2115 vobis
2849 2063 3014 2129 tibiis,
3050 2074 3100 2117 et
3150 2082 3254 2120 non
3286 2069 3522 2123 saltauit
3562 2068 3631 2125 ”.

2058 2145 2211 2200 Tibia
2244 2158 2423 2204 autem
2451 2150 2868 2207 instrumentum
2917 2156 3181 2211 musicum
3210 2168 3313 2224 est,
3349 2161 3494 2228 quod
3536 2162 3634 2215 ila.

2059 2244 2147 2290 tus
2181 2252 2281 2307 cpe
2311 2239 2555 2294 melodize
2587 2242 2835 2299 inservit.
2882 2242 3092 2299 Idcirco
3127 2259 3375 2302 sanctum
3403 2252 3633 2319 quemli-

2057 2329 2149 2383 bet
2174 2331 2492 2399 prophetam
2533 2334 2717 2388 tibiam
2748 2352 2844 2405 per
2896 2339 3308 2394 translationem
3362 2344 3632 2399 nominari

2055 2422 2311 2491 arbitror,
2352 2426 2422 2479 ob
2481 2428 2654 2482 sancti
2698 2428 2931 2497 Spiritus
2957 2440 3177 2486 motum.
3219 2432 3584 2499 Quamobrem
3614 2474 3631 2503 ,

2055 2514 2250 2584 inquit,
2282 2514 2620 2572 Cantavimus
2643 2520 2783 2573 vobis
2816 2522 2981 2586 tibiis,
3007 2532 3055 2577 et
3081 2541 3183 2578 non
3210 2526 3467 2580 saltastis.
3496 2527 3630 2583 Nam

2053 2607 2354 2675 prephetici
2380 2623 2662 2663 sermones
2688 2612 3043 2667 adhortantur
3063 2629 3159 2667 nos
3188 2618 3254 2668 ad
3277 2628 3478 2672 sanctae
3506 2635 3633 2688 pro-

2052 2698 2247 2768 pltctim
2266 2700 2584 2753 concinnam
2608 2704 2897 2769 actionem,
2924 2719 3040 2771 quae
3057 2705 3450 2776 dictalalest
3470 2710 3634 2763 salta-

2054 2788 2296 2856 tio.Qniu
2314 2791 2475 2845 etiam
2493 2802 2676 2846 nostra
2696 2809 2854 2849 causa
2871 2795 3233 2851 lamentantur
3249 2803 3543 2869 prophetae,
3562 2805 3630 2858 ad

2052 2881 2255 2935 luctum
2288 2897 2385 2937 nos
2418 2885 2794 2955 cohortantes,
2822 2898 2877 2940 ut
2904 2903 2998 2957 per
3041 2892 3384 2960 propheticos
3414 2909 3627 2949 sermo-

2053 2988 2149 3027 nes
2181 2983 2529 3041 peecatorum
2567 2987 2875 3041 nostrorum
2909 2982 3110 3035 conscii
3148 2982 3356 3049 ell'eeti,
3398 2986 3624 3042 exitium

2053 3074 2298 3118 nostrum
2325 3066 2626 3134 lugeamus,
2670 3068 2945 3125 laboribus
2987 3088 3049 3127 ac
3090 3077 3346 3131 mrumnis
3402 3093 3624 3136 carnem

2051 3165 2289 3211 nostram
2321 3159 2668 3228 castigantes.
2698 3160 2814 3215 Tali
2843 3164 3227 3231 igiturltomiui
3254 3168 3499 3224 luctuosa
3529 3188 3624 3226 ve‘

2049 3249 2149 3303 stis
2171 3250 2566 3318 conscinditur,
2595 3268 2903 3320 quamcum
2950 3267 3235 3326 peccatum
3286 3275 3443 3315 suum
3481 3263 3625 3331 plan-

2048 3347 2221 3407 geret,
2261 3338 2534 3394 induerat.
2589 3340 2831 3410 Denique
2863 3342 2911 3397 ei
2960 3345 3390 3415 circumponitur
3440 3349 3623 3405 tunica

2047 3428 2265 3492 laetitiae,
2291 3439 2347 3485 et
2373 3430 2594 3499 pallium
2630 3432 2846 3497 salutis,
2871 3433 3153 3505 splendida
3196 3437 3406 3492 scilicet
3449 3440 3538 3493 illa
3570 3450 3625 3495 et

2047 3521 2313 3591 nuptialia
2342 3524 2686 3588 indumenta,
2718 3527 2917 3595 quibus
2953 3528 2999 3580 si
3033 3529 3155 3597 quis
3183 3527 3345 3583 fuerit
3371 3541 3620 3595 ornatus,

2045 3628 2078 3669 e
2102 3615 2330 3682 nuptiali
2358 3616 2594 3671 thalamo
2632 3634 2738 3671 non
2770 3619 3034 3687 ejicietur.
3062 3620 3381 3676 Conscidisti
3410 3637 3621 3678 saccum

2044 3723 2239 3771 meum,
2257 3719 2305 3762 et
2321 3708 2716 3764 circumdedisti
2731 3727 2812 3764 me
2838 3711 3047 3765 latitia.
3071 3711 3272 3768 Saccus
3304 3714 3623 3784 adiumento

2043 3808 2127 3852 est
2178 3798 2244 3854 ad
2289 3800 2683 3869 paenitentiam,
2734 3816 2856 3855 cum
2907 3803 3121 3871 signum
3168 3808 3239 3858 sit
3276 3804 3617 3860 humilitatis.

2045 3888 2187 3945 Olim
2217 3892 2385 3954 enim,
2420 3891 2613 3959 inquit,
2648 3893 2703 3945 in
2728 3907 2880 3945 sacco
2903 3902 2951 3945 et
2993 3894 3164 3946 cinere
3197 3897 3432 3948 sedentes
3458 3898 3622 3964 paeni-

2044 3982 2260 4034 tentiam
2292 3992 2509 4052 egerunt
2539 3981 2604 4034 “.
2630 3982 2893 4049 Quoniam
2933 3998 3062 4037 vero
3094 3984 3418 4053 Apostolus,
3477 4002 3621 4041 reve-

2041 4074 2152 4128 lata
2187 4075 2342 4143 facie,
2389 4076 2458 4129 ad
2514 4077 2747 4130 eamdem
2796 4074 3080 4144 imaginem
3135 4077 3557 4133 transformatur
3585 4096 3620 4135 α

2038 4166 2211 4237 gloria
2230 4168 2284 4220 in
2305 4167 2530 4236 gloriam
2544 4169 2612 4231 u’;
2642 4167 2840 4222 idcirco
2866 4168 3044 4222 datam
3068 4168 3170 4223 sibi
3197 4185 3224 4223 a
3251 4168 3479 4224 Dontino
3496 4186 3619 4241 gra-

351 4270 778 4337 κεκαλυμμένῳ
815 4268 1111 4336 προσώπῳ
1150 4267 1264 4335 τὴν
1300 4266 1495 4335 αὐτὴν
1528 4268 1732 4320 εἰκόνα
1775 4285 1939 4338 μετα-

2049 4260 2191 4324 tiam,
2224 4260 2498 4329 propriam
2533 4260 2757 4327 gloriam
2785 4272 2962 4315 vocat.
3002 4260 3164 4317 Vens.
3200 4262 3288 4316 15.
3334 4260 3406 4315 Ut
3440 4272 3617 4317 cantet

352 4359 654 4430 μορφοῦται
684 4360 803 4413 ἀπὸ
833 4360 1019 4429 δόξης
1048 4364 1136 4427 εἰς
1163 4361 1369 4425 δόξαν,
1394 4360 1493 4431 τὴν
1513 4360 1759 4413 δοθεῖσαν
1787 4358 1938 4431 αὐτῷ

2049 4349 2136 4402 tibi
2151 4349 2323 4419 gloria
2350 4366 2485 4404 mea.
2505 4349 2687 4405 Gloria
2714 4350 2868 4417 justi,
2890 4352 3113 4420 spiritus
3139 4353 3227 4421 qui
3272 4352 3323 4406 in
3364 4353 3480 4422 ipso
3510 4364 3612 4408 est.

349 4453 507 4522 χάριν
542 4451 648 4504 ἀπὸ
673 4452 767 4503 τοῦ
800 4452 1004 4522 Κυρίου
1054 4452 1191 4505 ίδίαν
1228 4452 1377 4520 λέγει
1405 4452 1584 4518 δόξαν.
1639 4453 1832 4517 Ὅπως
1858 4450 1936 4504 ἂν

2049 4442 2295 4511 Quisquis
2324 4443 2485 4511 igitur
2523 4443 2714 4512 spiritu
2751 4445 2952 4513 psallit,
2986 4446 3131 4499 dicat
3163 4464 3176 4499 :
3230 4444 3297 4497 Ut
3322 4454 3495 4499 cantet
3523 4446 3617 4499 tibi

346 4542 520 4611 ψάλῃ
546 4557 643 4595 σοι
666 4543 702 4610 ή
728 4541 877 4605 δόξα
888 4560 1027 4611 μου.
1047 4544 1182 4607 Δόξα
1213 4544 1421 4597 δικαίου
1452 4545 1514 4597 τὸ
1538 4543 1751 4614 πνεῦμα
1779 4542 1839 4596 τὸ
1872 4545 1930 4596 ἐν

2049 4538 2208 4606 gloria
2236 4553 2373 4599 mea,
2412 4546 2458 4589 et
2489 4552 2591 4589 non
2616 4551 2957 4604 compnngar.
2994 4536 3108 4590 Non
3138 4536 3385 4605 amplius,
3418 4537 3613 4605 inquit,

347 4634 516 4705 αύτῷ.
571 4636 629 4687 '0
660 4629 751 4686 οὖν
779 4633 995 4703 ψάλλων
1020 4634 1097 4704 τῷ
1134 4635 1427 4705 πνεύματι,
1459 4636 1664 4705 λεγέτω
1684 4653 1696 4666 ·
1730 4638 1930 4702 ’Ὅπως

2049 4630 2322 4685 admittam
2350 4626 2478 4689 ulla,
2523 4629 2591 4682 ob
2627 4642 2749 4697 quae
2790 4629 2915 4696 jure
2958 4642 3023 4682 ac
3071 4630 3265 4682 merito
3307 4643 3403 4682 cor
3433 4642 3611 4682 meum

415 4796 459 4829 ”
490 4796 644 4852 Rom.
672 4813 789 4861 vm,
840 4801 892 4855 8.
970 4799 1015 4831 "'
1043 4797 1171 4854 Luc.
1203 4814 1303 4863 vn,
1336 4799 1428 4853 5‘2.
1501 4800 1548 4830 “
1576 4798 1709 4855 Luc.
1746 4816 1800 4866 ι,
1833 4799 1924 4854 15.
1996 4796 2041 4829 "
2074 4795 2112 4848 ll
2143 4792 2273 4885 TCor.
2305 4808 2385 4856 111,
2420 4792 2484 4845 18

2100 4957 2213 5027 (7‘7)
2252 4956 2357 5010 Alii
2406 4970 2537 5012 mss.
2582 4970 2704 5010 cum
2761 4956 2993 5027 editis_6
3049 4955 3391 5020 Ἀπόστολος.
3428 4954 3530 5009 Alii
3578 4956 3610 5009 6

2026 5025 2213 5094 ἅγιος,
2262 5028 2461 5080 omissa
2512 5041 2640 5080 voce
2702 5025 3044 5089 Ἀπόστολος.
3095 5027 3291 5095 Regius
3341 5027 3610 5080 secundus

2026 5098 2244 5151 exhibet
2270 5107 2557 5165 utramque
2582 5096 2889 5160 lectionem,
2915 5113 3074 5150 unam
3103 5098 3153 5150 in
3182 5106 3456 5160 contextu,
3480 5096 3610 5148 alte-

2014 5181 2131 5218 ram
2152 5167 2203 5217 in
2228 5168 2489 5233 margine.
2510 5168 2636 5235 Reg.
2654 5168 2873 5233 quintus
2892 5178 3177 5236 utramque
3192 5168 3391 5233 juuxit.
3407 5168 3432 5219 6
3452 5166 3609 5233 ἆγιος

2023 5236 2368 5298 ’Λπόστολος.
2406 5238 2645 5306 ltespicit
2689 5236 2919 5289 Basilius
2956 5238 3021 5289 ad
3055 5247 3216 5305 caput
3259 5236 3474 5306 tertium
3523 5253 3607 5287 se-

2009 5308 2202 5360 cunda:
2256 5304 2529 5375 Epistola‘f
2551 5307 2617 5360 ad
2654 5305 2967 5359 Corinthios
3011 5304 3154 5361 vers.
3204 5306 3289 5365 18,
3328 5308 3415 5356 ubi
3449 5304 3604 5375 Apo-

2008 5376 2181 5429 stolus
2219 5372 2605 5446 sic'luquitur:
2655 5375 2847 5446 Ἡμεῖς
2883 5376 2940 5428 δὲ
2976 5376 3178 5440 πάντες
3218 5372 3605 5446 ἀνακεκαλυμ-

2010 5446 2155 5517 μένῳ
2190 5443 2582 5517 προσώπῳ.....
2611 5443 2931 5517 τῆνἀύτὴν
2988 5448 3174 5500 είκόνα
3223 5443 3604 5517 μεταμορφούο

2010 5514 2151 5586 paea
2187 5514 2297 5569 ἀπὸ
2326 5514 2484 5587 δόξης
2518 5518 2597 5579 είς
2624 5514 2804 5581 δόξαν,
2846 5516 2959 5569 Nos
2994 5533 3115 5578 vero
3147 5514 3325 5587 omnes
3368 5514 3601 5568 revelata

330 5586 507 5658 τέρες,
543 5589 694 5641 deest
727 5589 777 5639 in
814 5602 942 5642 mss.
974 5588 1194 5656 perinde
1230 5590 1749 5668 atqueniueditjptte
1790 5588 1896 5640 Bu-
2008 5587 2235 5668 facie...
2260 5623 2312 5668 ,τ
2360 5588 2688 5668 in_eamdem
2739 5588 3025 5668 imaginem
3048 5586 3517 5668 .transformumnr
3562 5596 3601 5640 a

331 5655 415 5710 sil.
448 5658 641 5711 Ibidem
662 5658 808 5709 multi
832 5672 957 5729 mss.
977 5655 1101 5729 cum
1125 5655 1361 5729 editione
1382 5655 1544 5710 Basil.
1570 5656 1905 5729 καθήμεναι.
2010 5657 2254 5729 claritate
2291 5659 2350 5713 in
2397 5658 2712 5712 claritatem.
2757 5658 2958 5712 Ibidem
3008 5655 3227 5727 plurimi
3276 5671 3407 5712 mss.
3445 5656 3599 5709 ἐπει-

329 5729 431 5783 Alii
478 5741 604 5781 mss.
633 5742 753 5781 cum
791 5727 1026 5781 editione
1060 5726 1229 5781 Paris.
1261 5727 1585 5797 καθήμενοι.

2049 5726 2152 5797 ito.

649 5819 920 5881 ΡΑτιιοι..
969 5824 1086 5881 GR.
1134 5822 1345 5883 XXIX

3202 5820 3264 5883 ιι

339 4957 510 5029 oditio
546 4956 717 5010 Paris.
760 4955 1099 5027 ἀντιλήψεως
1142 4956 1242 5028 τῆς
1284 4956 1402 5012 τοῦ·
1456 4956 1563 5013 Sed
1599 4957 1749 5023 mud’
1793 4958 1915 5029 τῆς⁹

342 5028 469 5083 delit
502 5028 552 5079 in
574 5030 809 5095 quinque
832 5044 959 5080 mss.

434 5098 523 5165 74)
565 5094 766 5151 Textus
798 5112 952 5151 sacer
989 5094 1313 5151 ἐκλαύσατε.

434 5098 523 5165 74)
565 5098 766 5151 Textus
798 5112 952 5151 sacer
989 5098 1313 5151 ἐκλαύσατε.

409 5098 521 5240 i755)
560 5166 1002 5240 Collnquartus
1037 5167 1361 5240 πιέσαντες.
1420 5166 1614 5240 Statim
1683 5167 1903 5240 plurimi

338 5235 468 5291 mss.
501 5235 871 5307 περιεϐάλετο.
910 5236 1085 5289 Editio
1133 5235 1305 5308 Paris.
1354 5238 1760 5308 περιεϐάλλετο.
1798 5238 1907 5291 lbi-

336 5308 454 5362 dem
488 5310 656 5371 major
690 5324 813 5375 pars
844 5322 969 5360 mss.
998 5306 1331 5376 περιτίθεται
1361 5306 1633 5362 δὲαύτοῦ.

410 5377 519 5445 (76)
559 5378 733 5432 Editiu
768 5387 948 5431 nostra
984 5376 1304 5448 Paris._cu'.n
1341 5394 1448 5448 uno
1479 5377 1635 5431 Colb.
1665 5376 1904 5448 σύμϐου-

333 5444 443 5500 λον.
493 5450 561 5501 At
624 5449 772 5501 multi
831 5462 959 5500 tuss.
1021 5446 1309 5515 σύμϐολον.
1361 5447 1562 5501 Ibidem
1618 5444 1787 5502 editio
1841 5450 1900 5499 ἐν

334 5517 543 5587 σάκκῳ,
594 5518 778 5586 φησὶν,
814 5518 863 5570 oi
908 5518 1176 5586 πατέρες,
1210 5527 1316 5571 etc.
1368 5519 1438 5570 At
1470 5519 1640 5579 illttd,
1689 5520 1739 5570 οἱ
1792 5535 1900 5571 πα-
