4048 6220
403 297 511 356 525

1744 301 1802 358 S.
1843 297 2091 357 BASlLIl
2128 293 2347 352 MAGNI

3564 298 3677 353 594

403 426 818 490 compungatur,
861 416 1312 488 coniodiaturque
1344 417 1412 474 ob
1448 419 1655 490 peccati
1702 421 1805 475 mei
1857 436 1961 477 me~

2093 415 2158 469 Ξὶν
2179 414 2349 483 paen
2379 426 2479 468 σοι
2519 413 2558 485 ἠ
2603 411 2754 478 δόξα
2782 430 2929 483 μου,
2964 412 3063 466 καὶ
3102 413 3176 467 οὐ
3211 413 3298 483 μὴ
3332 411 3675 481 κατανυτῶ.

405 512 655 566 moriam.
686 509 905 563 Domine
934 507 1073 562 Deus
1100 524 1269 571 meus,
1300 510 1357 562 in
1389 520 1645 565 wternum
1686 511 1974 579 conﬁtebor

406 604 503 655 tibi
532 618 551 656 :
588 603 689 656 hoc
711 607 815 665 est,
845 598 1016 670 Agam
1048 600 1272 669 gratias.
1297 599 1429 655 Cum
1455 603 1598 656 enim
1622 612 1841 672 propter
1867 619 1978 673 pos-

406 694 688 750 uitentiam
718 693 847 747 mihi
876 694 1087 747 veniam
1113 693 1345 759 dederis,
1374 708 1587 762 meque,
1610 695 1819 750 sublato
1846 710 1975 764 pec-

406 796 650 840 catorum
692 786 978 849 dedecore,
1026 786 1092 838 ad
1149 784 1377 854 gloriam
1414 786 1715 850 reduxeris,
1745 787 1867 841 ideo
1921 787 1974 839 in

406 891 568 933 omne
596 891 769 931 aevum
797 875 1097 931 conﬁtebor
1124 877 1241 931 tibi.
1284 877 1433 942 Quod
1455 878 1597 931 enim
1625 888 1831 932 tantum
1854 892 1975 933 esse

408 970 584 1035 possit
620 969 880 1037 temporis
909 967 1273 1030 intervallum,
1316 971 1459 1038 quod
1507 977 1778 1023 tantorum
1812 971 1976 1025 bene—

406 1055 652 1111 ﬁciorum
677 1056 1003 1112 oblivionem
1030 1058 1221 1110 anima:
1251 1071 1383 1109 mea:
1415 1055 1665 1109 inducere
1696 1056 1903 1124 queat?

2086 508 2283 562 Οὐκέτι
2327 506 2421 578 μὴ,
2474 507 2627 577 φησι,
2668 507 2877 578 ποιήσω
2921 505 3046 571 ἀξια
3090 505 3185 559 τοῦ
3231 505 3680 560 κατανύτσεσθαι

2087 600 2183 653 καὶ
2210 598 2655 653 κατακεντεῖσθαι
2700 598 2801 669 τὴν
2852 598 3079 669 καρδίαν
3122 598 3215 652 ἐπὶ
3263 601 3329 670 τῇ
3364 598 3682 668 ὑπομνήσει

2086 688 2187 758 τῆς
2234 688 2505 759 ἁμαρτίας
2557 705 2679 759 μου.
2733 688 2909 756 Κύριε
2956 690 2989 740 ό
3048 689 3192 753 Θεός
3231 704 3373 756 μου,
3424 689 3511 752 εὶς
3563 686 3681 739 τὸν

2087 780 2272 834 αἰῶνα
2290 780 2807 850 ἐξομολογήσομαί
2824 794 2946 834 σοι·
2973 780 3092 833 ἀντὶ
3111 779 3228 842 τοῦ,
3250 780 3670 851 Εὑχαριστήσω.

2097 875 2318 945 Ἐπειδὴ
2347 874 2457 944 γὰρ
2506 872 2715 937 ἔδωκάς
2747 891 2834 943 μοι
2868 872 2962 944 τὴν
2999 873 3063 927 ἐκ
3095 872 3196 942 τῆς
3224 872 3509 944 μετανοίας
3539 887 3677 937 συγ-

2083 964 2347 1037 χώρησιν,
2381 965 2477 1019 καὶ
2510 964 2857 1036 ἐπανήγαγές
2903 982 2970 1035 με
3004 966 3083 1027 είς
3110 963 3287 1031 δόξαν,
3314 964 3413 1035 τὴν
3454 965 3518 1016 ἐκ
3558 962 3676 1016 τῶν

2081 1057 2499 1130 ἁμαρτημάτων
2555 1057 2815 1128 αἰσχύνην
2874 1056 3175 1128 περιελὼν,
3237 1056 3326 1111 διά
3380 1056 3538 1110 τοῦτο
3587 1057 3676 1118 εἰς

407 1150 583 1204 πάντα
626 1150 719 1202 τὸν
766 1148 939 1204 αἰῶνα
987 1148 1449 1221 ἐξομολογησομαί
1501 1164 1603 1201 σοι.
1651 1149 1716 1201 Τί
1762 1149 1870 1220 γὰρ
1922 1148 1987 1205 ἂν
2025 1150 2240 1219 γένοιτο
2267 1153 2519 1206 τοσοῦτον
2557 1152 2749 1224 χρόνου
2819 1151 3128 1224 διάστημα,
3178 1152 3207 1204 ὃ
3262 1153 3327 1222 τῇ
3375 1153 3480 1222 ἐμῇ
3520 1151 3675 1222 ψυχῇ

405 1242 577 1314 λήθην
613 1241 722 1295 τῶν
763 1239 1095 1313 τηλικούτων
1142 1240 1471 1311 εὐεργεσιῶν
1511 1243 1805 1312 ἐμποιῆσαι
1839 1243 2162 1314 δυνήσεται;

857 1434 923 1488 ΙΝ
958 1431 1284 1489 PSALMUM
1313 1431 1525 1488 XXXII.

408 1551 710 1616 Exsultate,
725 1549 883 1620 justi,
903 1548 955 1602 in
974 1547 1199 1602 Domino
1225 1562 1242 1601 :
1275 1557 1440 1601 rectos
1472 1546 1614 1601 decet
1634 1547 1983 1605 collaudatio.

479 1688 533 1743 1.
568 1685 859 1754 Scriptura:
888 1682 1173 1736 familiaris
1203 1689 1285 1734 est
1305 1680 1682 1737 exsultationis
1708 1695 1834 1746 vox,
1853 1696 1978 1751 per-

405 1793 569 1849 quam
592 1776 818 1832 hilarem
847 1789 909 1828 ac
940 1773 1120 1827 laetum
1155 1772 1350 1826 animae
1396 1782 1595 1827 statum
1652 1773 1705 1827 in
1754 1772 1839 1828 his
1884 1775 1977 1844 qui

408 1869 591 1924 latitia
610 1866 754 1938 digni
782 1875 909 1922 sunt
931 1863 1244 1920 ostendens.
1278 1862 1560 1918 Exsultate
1596 1864 1797 1935 itaque,
1818 1864 1977 1934 justi,

406 1962 463 2015 in
496 1960 757 2025 Domino;
786 1974 890 2013 non
915 1973 1038 2013 cum
1079 1972 1166 2011 res
1210 1958 1352 2011 domi
1384 1957 1536 2011 vobis
1560 1971 1819 2026 prOSpere
1858 1974 1982 2014 suc-

407 2054 631 2118 cedunt,
677 2067 782 2107 non
815 2066 938 2106 cum
967 2049 1110 2105 bona
1164 2047 1332 2103 fuerit
1372 2049 1621 2118 corporis
1673 2050 1934 2107 habitudo
1961 2091 1979 2115 ,

410 2161 517 2200 non
544 2161 668 2201 cum
704 2145 818 2215 agri
856 2142 1121 2197 fructibus
1146 2141 1446 2211 omnigenis
1472 2139 1653 2195 referti
1692 2150 1817 2195 sunt
1847 2156 1862 2195 :
1887 2144 1982 2198 sed

409 2235 552 2305 quod
588 2234 874 2288 Dominum
903 2230 1133 2291 habetis,
1165 2229 1257 2282 tali
1285 2228 1709 2298 pulchritudine,
1758 2231 1847 2284 tali
1882 2231 1981 2286 bo-

410 2326 600 2388 nitate,
634 2322 723 2376 tali
769 2321 1035 2390 sapientia
1092 2319 1395 2387 praeditum.
1449 2317 1689 2374 Suliiciat
1737 2320 1887 2375 vobis
1919 2336 1982 2376 ea

406 2415 593 2472 iustitia
618 2431 735 2484 qua:
756 2415 808 2469 in
841 2414 954 2484 ipso
983 2421 1083 2468 est.
1107 2410 1171 2464 Et
1192 2412 1437 2481 quisquis
1461 2411 1512 2464 in
1542 2426 1598 2466 re
1626 2411 1804 2482 aliqua
1822 2428 1981 2481 quam

410 2510 625 2580 plurimi
659 2507 807 2568 facit,
842 2520 962 2560 cum
995 2503 1178 2559 laetitia
1235 2517 1300 2558 ac
1357 2504 1553 2573 gaudio
1597 2505 1857 2569 exsultat,
1917 2506 1985 2561 ad

410 2615 532 2654 eum
584 2598 799 2653 modum
851 2597 904 2649 in
960 2609 1025 2648 ea
1064 2593 1338 2648 exsultare
1376 2594 1612 2647 videtur.
1646 2594 1987 2664 Quapropter

408 2692 580 2761 iustos
616 2703 797 2744 sermo
849 2688 1191 2751 adhortatur,
1233 2693 1291 2738 ut
1319 2699 1470 2738 suam
1511 2685 1829 2755 dignitatem
1862 2701 1985 2755 per-

410 2783 679 2846 sentiant;
736 2779 976 2847 itemque
1015 2787 1073 2832 ut
1109 2775 1382 2832 exsultent
1405 2773 1548 2844 quod
1603 2774 1723 2830 talis
1765 2778 1976 2830 Domini

409 2876 552 2930 servi
572 2887 693 2929 esse
723 2870 930 2941 dignati
959 2870 1091 2934 sint,
1122 2870 1173 2923 in
1205 2868 1345 2922 illius
1373 2868 1600 2922 servitio
1629 2883 1753 2922 cum
1787 2867 1986 2938 gaudio

411 2964 759 3022 inenarrabili
780 2974 833 3019 et
858 2977 982 3017 cum
1014 2961 1282 3031 tripudiis,
1326 2962 1488 3016 corde
1521 2976 1592 3015 ex
1619 2958 1800 3013 aﬂlatu
1848 2960 1986 3015 dile-

2285 1433 2424 1487 ἹὈΥ
2448 1433 2682 1487 ΑΥΤΟΥ
2706 1435 2814 1487 ΕΙΣ
2843 1435 2980 1489 TON
3002 1435 3103 1487 AB’
3132 1436 3452 1489 ΨΑΛΜΟΝ.

2162 1523 2569 1591 Ἀγαλλιᾶσθε,
2604 1525 2842 1591 δίκαιοι,
2870 1527 2940 1579 ἐν
2965 1527 3190 1594 Κυριῳο
3233 1527 3357 1593 τοῖς
3393 1529 3602 1584 εὐθέσι

2616 1597 2827 1665 πρέπει
2880 1597 3139 1663 αῖνεσις.

2150 1687 2201 1742 1.
2240 1687 2486 1760 Συνήθης
2526 1690 2592 1760 τῇ
2634 1689 2826 1760 Γραφῇ
2875 1689 2974 1760 τῆς
3006 1687 3374 1758 ἀγαλλιάσεως
3409 1691 3443 1762 ὴ
3493 1691 3672 1763 φωνὴ,

2083 1778 2448 1850 φαιδροτάτην
2474 1780 2595 1834 τινὰ
2623 1780 2717 1833 καὶ
2754 1780 3030 1853 περιχαρῆ
3072 1782 3408 1836 κατάστασιν
3440 1781 3541 1853 τῆς
3565 1782 3677 1852 ψυ-

2044 1871 2182 1957 ,Χῆς
2225 1872 2320 1923 ἐπὶ
2361 1875 2474 1935 τοῖς
2520 1871 2694 1939 ἀξίοις
2735 1872 2999 1943 εὐθυμίας
3052 1873 3409 1944 ἐμφαίνουσα.
3469 1875 3679 1944 Ἀγαλ-

2081 1959 2294 2015 λιᾶσθε
2343 1957 2455 2027 οὖν,
2502 1960 2741 2025 δίκαιοι,
2785 1961 2856 2015 ἐν
2883 1962 3077 2030 Κυρίῳ
3101 1979 3115 1994 ·
3160 1961 3236 2034 μὴ
3271 1963 3397 2016 ὅταν
3424 1963 3551 2034 ὑμῖν
3578 1965 3675 2016 εύ-

2083 2053 2310 2125 θηνῆται
2340 2053 2406 2107 τὰ
2449 2054 2594 2109 κατά
2636 2054 2728 2108 τὸν
2772 2049 2920 2108 οἶκον
2955 2053 3092 2126 (78),
3133 2054 3208 2126 μὴ
3253 2056 3382 2109 ὅταν
3408 2056 3677 2125 εὐεκτῆτε

2081 2144 2159 2217 τῷ
2198 2144 2430 2216 σώματι,
2469 2146 2544 2218 μὴ
2582 2147 2709 2200 ὅταν
2747 2149 2802 2200 αἱ
2838 2147 3071 2219 ἄρουραι
3097 2146 3411 2218 πληθύνωσι
3441 2148 3677 2219 καρπῶν

2083 2234 2439 2289 παντοδαπῶν
2460 2252 2472 2264 ’
2510 2235 2628 2290 ἀλλ’
2655 2236 2738 2289 ὅτι
2773 2235 2978 2306 Κύριον
3004 2235 3178 2305 ἔχετε,
3212 2234 3452 2288 τοιοῦτον
3484 2235 3583 2305 μὲν
3612 2234 3677 2286 τὸ

2083 2327 2298 2393 κάλλος,
2328 2326 2570 2383 τοιοῦτον
2607 2328 2664 2381 δὲ
2693 2329 2791 2399 τὴν
2824 2328 3158 2400 άγαθότητα,
3195 2328 3293 2399 τὴν
3342 2327 3534 2396 σοφίαν
3558 2344 3677 2379 τοι-

2083 2418 2257 2473 οὖτον,
2304 2419 2570 2492 Ἀρκείτω
2621 2421 2750 2491 ὑμῖν
2796 2423 2830 2492 ὴ
2876 2421 2965 2473 ἐπ’
2998 2420 3147 2491 αὐτῷ
3182 2404 3677 2491 εὐφροσύνη.’Καὶ

2084 2510 2259 2565 ἔοικεν
2300 2513 2328 2564 ὁ
2370 2514 2487 2583 μετ’
2516 2511 2854 2584 εὐφροσύνης
2895 2512 2991 2564 καὶ
3022 2513 3196 2584 χαρᾶς
3237 2511 3676 2583 ἐπαγαλλόμενος

2083 2619 2189 2656 τινι
2213 2602 2320 2657 τῶν
2352 2604 2833 2674 περισπουδάστων
2854 2642 2867 2667 ,
2903 2602 3079 2667 οὕτως
3122 2601 3386 2672 ἀγαλλιᾷν
3430 2602 3543 2672 (79)
3579 2603 3670 2653 ἐπ’

2085 2695 2253 2767 αὐτῷ.
2304 2696 2395 2749 Διὸ
2436 2698 2563 2761 τοὺς
2607 2696 2848 2760 δικαίους
2879 2697 3137 2768 παρορμᾷ
3163 2698 3191 2749 ὁ
3234 2695 3391 2764 λόγος
3425 2694 3676 2748 αἰσθάνε-

2089 2786 2209 2840 σθαι
2257 2789 2395 2858 μετά
2443 2787 2556 2860 τοῦ⁵
2584 2787 2916 2859 ἀξιώματος,
2972 2789 3054 2841 ὅτι
3104 2788 3350 2841 τοιούτου
3400 2787 3676 2840 Δεσπότω

2085 2877 2263 2932 δοῦλοι
2300 2876 2438 2934 εἶναι
2478 2879 2918 2952 κατηξιώθησαν,
2953 2881 3049 2934 καὶ
3076 2879 3475 2949 ἐπαγάλλεσθαι
3505 2878 3676 2932 αὐτοῦ

2084 2971 2152 3040 τῇ
2179 2968 2390 3041 δουλείᾳ
2426 2971 2564 3041 μετά
2598 2972 2772 3042 χαρᾶς
2804 2972 3091 3044 ἀμυθήτου
3136 2972 3229 3025 καὶ
3264 2970 3677 3042 σκιρτημάτων,

412 3058 610 3114 etionis
639 3055 764 3110 boni
796 3054 953 3125 quasi
981 3053 1322 3108 subsiliente.
1348 3053 1404 3107 Si
1434 3053 1651 3123 quando
1681 3064 1786 3120 .tuo
1835 3055 1981 3108 cordi

2093 3060 2187 3130 τῆς
2228 3060 2453 3130 καρδίας
2509 3060 2671 3113 οἱονεὶ
2722 3059 2976 3131 πηδώσης
3028 3060 3107 3131 τῷ
3153 3058 3529 3130 ἐνθουσιασμῷ
3574 3060 3678 3130 τῆς

413 3152 507 3206 lux
538 3151 783 3221 quaedam
810 3146 967 3218 quasi
1007 3145 1216 3214 illapsa,
1243 3145 1575 3215 repentinam
1612 3143 1705 3199 Dei
1731 3145 1988 3213 cognitio-

412 3259 537 3299 nem
583 3241 860 3302 indiderit,
895 3248 1058 3308 atque
1109 3238 1343 3292 animam
1393 3247 1537 3292 tuam
1587 3236 1939 3293 illustraverit
1968 3278 1985 3302 ,

413 3328 549 3391 adeo
586 3346 646 3390 ut
690 3334 858 3389 Deum
901 3333 1113 3402 diligas,
1150 3332 1404 3385 mundum
1445 3330 1602 3400 132
1634 3346 1761 3387 vero
1805 3346 1869 3385 ac
1900 3345 1987 3388 res

414 3443 604 3484 omnes
634 3441 926 3495 corpore-as
943 3434 1276 3485 contemnas,
1304 3436 1369 3475 ex
1392 3422 1621 3477 obscura
1646 3421 1735 3476 illa
1762 3430 1814 3475 et
1837 3422 1987 3476 brevi

417 3521 777 3574 similitudine
811 3532 1027 3572 omnem
1061 3514 1335 3584 iustorum
1366 3523 1565 3568 statum
1598 3514 1835 3584 intellige
1896 3513 1989 3583 qui

414 3610 753 3681 aequabiliter
816 3608 1295 3676 indesinenterque
1356 3606 1409 3659 in
1457 3605 1571 3660 Deo
1623 3606 1988 3661 delectantur.

415 3702 535 3757 Tibi
575 3703 791 3772 quidem
832 3700 923 3753 Dei
956 3698 1361 3766 dispensatione
1394 3696 1706 3765 aliquando,
1740 3700 1833 3753 sed
1863 3712 1990 3752 raro

416 3795 607 3851 incidit
628 3792 890 3863 ejusmodi
916 3791 1233 3855 exsultatio,
1265 3799 1324 3845 ut
1345 3799 1396 3843 te
1417 3804 1514 3859 per
1540 3790 1813 3844 modicum
1842 3790 1989 3844 hunc

415 3895 654 3954 gustum,
693 3898 879 3938 eorum
921 3880 1118 3953 quibus
1154 3880 1395 3948 privatus
1426 3892 1515 3945 es,
1566 3879 1876 3936 admoneat.
1922 3878 1992 3932 At

416 3990 547 4030 vero
569 3975 717 4041 justo
734 3983 990 4043 perpetua
1020 3982 1105 4025 est
1142 3970 1325 4023 divina
1370 3985 1435 4024 ac
1478 3969 1715 4024 caelestis
1755 3968 1942 4024 laetitia
1970 4010 1987 4035 ,

416 4068 559 4136 quod
594 4065 761 4120 semel
789 4066 841 4117 in
877 4064 994 4132 ipso
1025 4062 1297 4117 inhabitat
1341 4060 1615 4129 Spiritus;
1646 4061 1855 4129 primus
1892 4075 1990 4114 au-

420 4166 527 4213 t'em
568 4155 800 4209 Fructus
827 4154 1045 4223 spiritus
1074 4162 1148 4206 est
1184 4152 1441 4215 Charitas,
1475 4152 1755 4220 gaudium,
1787 4167 1894 4220 pax
1921 4152 1989 4206 "‘.

418 4249 700 4304 Exsultate
745 4247 928 4315 igitur,
972 4244 1131 4314 justi,
1168 4244 1224 4297 in
1252 4242 1496 4296 Domino.
1532 4242 1697 4298 Velut
1725 4244 1875 4298 locus
1905 4243 1992 4313 ju-

419 4351 626 4397 storum
664 4351 748 4394 est
768 4337 1026 4392 Dominus
1048 4351 1238 4405 capax,
1268 4336 1321 4388 in
1360 4350 1468 4404 quo
1496 4336 1587 4404 qui
1614 4348 1716 4402 est,
1746 4352 1868 4391 eum
1896 4337 1991 4393 lae-

2086 3152 2306 3224 ἀγάπης
2341 3153 2434 3206 τοῦ
2485 3151 2711 3221 ἀγαθοῦ.
2758 3153 2827 3205 Et
2857 3152 2986 3206 ποτέ
3031 3169 3125 3206 σου
3157 3155 3223 3223 τῇ
3273 3152 3471 3224 καρδίᾳ
3512 3154 3681 3205 οἱονεὶ

2087 3244 2204 3314 φῶς
2247 3244 2485 3314 ἐμπεσὸν
2534 3243 2737 3314 ἁθρόαν
2778 3242 2913 3297 Θεοῦ
2959 3242 3165 3298 ἔννοιαν
3211 3244 3530 3313 ἐνεποίησε,
3579 3242 3681 3296 καὶ

2088 3335 2429 3407 περιέλαμψε
2457 3351 2550 3388 σου
2586 3335 2685 3399 τὴν
2721 3334 2930 3405 ψυχὴν,
2976 3333 3116 3387 ὥστε
3147 3334 3432 3404 ἀγαπῆσαι
3461 3333 3557 3403 μὲν
3585 3331 3682 3386 τὸν

2087 3427 2240 3495 Θεὸν,
2287 3429 2699 3499 καταφρονῆσαι
2746 3427 2803 3480 δὲ
2851 3428 3055 3497 κόσμου
3089 3425 3322 3480 καὶτῶν
3353 3424 3681 3495 σωματικῶν

2088 3521 2341 3586 πάντων,
2408 3523 2474 3574 ἐκ
2537 3520 2636 3591 τῆς
2701 3519 2946 3591 ἀμυδράς
3004 3519 3220 3589 ἐκείνης
3280 3517 3373 3571 καὶ
3421 3516 3683 3588 βραχείας

2089 3612 2297 3675 εἰκόνος
2343 3609 2611 3682 γνώρισον
2656 3611 2755 3682 τὴν
2804 3611 2931 3682 ὅλην
2983 3610 3092 3663 τῶν
3142 3610 3365 3663 δικαίων
3409 3609 3686 3662 κατάστα-

2093 3720 2200 3767 σιν,
2259 3703 2479 3774 ὁμαλῶς
2536 3702 2633 3758 καὶ
2687 3702 2996 3766 ἀδιακόπως
3036 3703 3134 3772 τὴν
3173 3702 3265 3754 ἐπὶ
3307 3700 3384 3771 τῷ
3425 3700 3545 3770 Θεῷ
3596 3699 3686 3753 εύ-

2093 3792 2370 3864 φροσύνην
2442 3792 2874 3865 κατορθούντων.
2931 3793 3023 3845 Σο).
3095 3792 3194 3863 μὲν
3247 3790 3357 3863 γὰρ
3416 3791 3686 3860 ἐμπίπτει

2092 3884 2223 3938 ποτὲ
2275 3883 2518 3948 σπανίως
2577 3886 2753 3939 ἐκεῖνο
2808 3884 2871 3938 τὸ
2922 3883 3236 3954 ἀγαλλίαμα
3296 3884 3415 3936 κατ’
3476 3885 3685 3935 οἱκονι)⁴

2094 3976 2224 4047 μίαν
2267 3975 2424 4040 Θεοῦ,
2477 3976 2563 4030 ἵνα
2615 3993 2676 4029 σε
2731 3975 2820 4029 διὰ
2872 3975 3071 4048 μικροῦ
3120 3974 3391 4046 γεύματος
3417 3975 3496 4038 είς
3548 3974 3687 4026 ὑπό-

2096 4084 2290 4139 μνησιν
2341 4068 2525 4142 ἀγάγῃ
2578 4068 2704 4122 οἴων
2753 4069 3048 4140 ἐστέρησαι
3084 4067 3191 4139 (80)
3212 4084 3225 4097 °
3271 4067 3348 4139 τῷ
3384 4067 3442 4120 δὲ
3488 4067 3687 4138 δικαίῳ

2092 4161 2320 4232 διαρκής
2385 4161 2602 4231 ἐστινὴ
2655 4159 2774 4213 θεία
2834 4162 2928 4214 καὶ
2988 4160 3307 4231 ἐπουράνιος
3352 4158 3683 4231 εὐφροσύνη,

2091 4251 2225 4305 διότι
2291 4248 2438 4316 ἅπαξ
2489 4250 2636 4322 αὐτῷ
2682 4253 2880 4305 ἐνοικεῖ
2945 4250 3008 4305 τὸ
3055 4251 3312 4322 Πνεῦμα*
3359 4251 3573 4323 πρῶτος
3619 4252 3684 4307 δὲ

2093 4342 2335 4412 Καρπός
2395 4342 2500 4397 τοῦ
2553 4344 2902 4412 Πνεύματός
2970 4342 3141 4396 ἐστιν
3192 4342 3393 4413 ἀγάπη
3418 4385 3432 4407 ,
3504 4346 3682 4413 χαρὰ,

419 4433 523 4488 tari
548 4440 603 4486 et
625 4430 896 4486 exsultare
924 4428 1146 4483 omnino
1178 4441 1398 4481 necesse
1426 4436 1530 4480 est.
1579 4425 1665 4481 Fit
1702 4430 1865 4483 etiam
1904 4429 1985 4496 ju-

2096 4435 2324 4504 εὶρήνη.
2398 4436 2789 4504 Ἀταλλιᾶσθε
2846 4431 2972 4499 οὖν,
3023 4412 3277 4498 δίκαιοι,
3335 4437 3406 4489 ἐν
3464 4437 3679 4505 Κυρίῳ.

418 4535 555 4592 stus,
574 4523 724 4578 locus
752 4521 998 4586 Domino,
1019 4535 1142 4575 cum
1168 4519 1315 4573 illum
1346 4519 1397 4573 in
1425 4534 1483 4573 se
1510 4521 1715 4589 recipit.
1743 4521 1844 4588 Qui
1865 4538 1991 4577 vero

418 4624 625 4687 peccat,
654 4616 828 4668 locum
862 4614 951 4666 dat
973 4612 1212 4677 diabolo,
1241 4627 1350 4665 non
1380 4612 1764 4681 obtemperans
1801 4615 1849 4668 ei
1898 4617 1988 4685 qui

420 4708 551 4762 dicit
578 4724 592 4761 :
652 4705 833 4759 Nolite
879 4703 1053 4757 locum
1092 4706 1219 4757 dare
1241 4701 1450 4756 diabolo
1484 4702 1528 4733 ‘7
1558 4720 1571 4756 :
1603 4718 1777 4773 neque
1806 4705 1995 4761 Eccle—

419 4800 618 4864 siastes,
677 4795 732 4851 Si
768 4796 997 4865 Spiritus
1051 4802 1361 4864 potestatem
1400 4793 1643 4848 habentis
1689 4797 1986 4851 ascenderit

418 4911 575 4964 super
602 4903 673 4957 te,
703 4891 873 4945 locum
901 4902 1048 4943 tuum
1077 4905 1140 4942 ne
1176 4886 1438 4940 dimiseris
1467 4884 1536 4939 ⁸⁸.
1582 4885 1639 4939 lu
1669 4885 1785 4955 ipso
1808 4888 1991 4958 itaque

424 4987 651 5040 Domino
677 4984 1022 5046 exsistentes,
1074 4989 1127 5035 et
1170 4987 1431 5047 quantum
1468 4976 1624 5030 nobis
1653 4976 1780 5031 licet
1809 5017 1825 5043 ,
1872 4979 1990 5049 ejus

423 5077 690 5134 mirabilia
719 5074 1003 5144 speculati,
1032 5071 1104 5125 ita
1133 5085 1198 5125 ex
1234 5070 1336 5123 hac
1374 5067 1834 5138 contemplatione
1868 5084 1996 5124 cor-

422 5171 581 5225 dibus
612 5169 817 5223 nostris
861 5165 1105 5220 laetitiam
1160 5174 1556 5230 comparemus.
1609 5158 1800 5215 Rectos
1842 5161 1988 5217 decet

493 5311 540 5342 ⁸⁸
568 5309 687 5365 Gal.
715 5324 765 5375 ν,
805 5320 896 5364 22.
969 5304 1014 5336 "’
1042 5302 1241 5373 Ephes.
1290 5316 1363 5364 iv,
1408 5297 1499 5353 27.
1574 5300 1622 5333 ⁸⁸
1658 5301 1835 5359 Eccle.
1863 5318 1917 5368 ις,
1948 5302 2002 5358 4.

496 5446 606 5516 (78)
647 5444 815 5513 Major
846 5457 971 5513 pars
1003 5454 1131 5493 mss.
1158 5435 1299 5516 κατά
1344 5434 1629 5516 τὸνλοῖκον.
1675 5436 1819 5516 Eiliti
1867 5452 1993 5516 cum

426 5504 635 5573 duobus
661 5504 754 5569 aui
783 5504 954 5567 tribus
987 5525 1114 5563 mss.
1145 5505 1287 5560 κατὰ
1309 5507 1400 5560 τὸν
1439 5504 1573 5576 βίον,
1606 5523 1683 5559 res
1725 5509 1792 5559 ad
1830 5510 1990 5560 vitam

424 5594 733 5653 spectantes.
768 5585 1020 5637 Diversus
1038 5595 1160 5653 Anon
1190 5586 1271 5631 est
1311 5591 1518 5630 sensus.
1547 5576 1681 5653 _ll_lox
1719 5578 1824 5631 duo
1852 5592 1992 5653 ipss.

424 5645 657 5727 ἀρουραι
716 5653 981 5727 memon.
1023 5650 1477 5727 C9!‘?.-.q"a"“i
1504 5645 1988 5727 πλήθουσιςηιιεεε.

425 5715 645 5793 qitiuius
678 5715 1025 5794 πληθύνουσι.
1074 5718 1245 5775 Editio
1280 5732 1406 5774 vero
1438 5715 1613 5773 Paris.
1639 5730 1694 5775 et
1742 5717 1834 5773 alii
1883 5715 1993 5776 duo

426 5809 560 5851 mss.
585 5793 917 5864 πληθύνωσι.

2099 4528 2274 4581 Οἱονεὶ
2296 4527 2460 4590 τόπος
2489 4528 2793 4598 χωρητικός
2819 4529 2933 4580 ἐστι
2963 4526 3072 4579 τῶν
3101 4526 3325 4580 δικαίων
3370 4530 3398 4581 ὁ
3439 4528 3641 4600 Κύριος
3662 4546 3679 4560 ·

2099 4621 2157 4672 ἐν
2195 4612 2240 4687 ᾧ
2270 4619 2359 4672 τὸν
2403 4621 2694 4690 γενόμενον
2738 4622 2887 4673 πᾶσα
2934 4619 3148 4689 ἀνάγκη
3195 4618 3547 4691 εὐθυμεῖσθαι
3588 4621 3685 4675 καὶ

2104 4710 2574 4783 ἐνευφραίνεσθαι.
2617 4710 2829 4764 Γίνεται
2857 4713 2949 4764 καὶ
2974 4712 3001 4762 ὁ
3031 4711 3235 4775 δίκαιος
3260 4713 3420 4777 τόπος
3462 4713 3538 4784 τῷ
3568 4715 3685 4767 Κυ-

2105 4803 2221 4876 ρίῳ,
2264 4803 2557 4874 λαμϐάνων
2588 4803 2752 4857 αὐτὸν
2783 4805 2841 4856 ἐν
2880 4802 3078 4873 ἐαυτῷ.
3129 4802 3186 4857 '0
3229 4804 3328 4873 μὲν
3355 4805 3684 4874 ἁμαρτάνων

2103 4895 2211 4968 (81)
2240 4896 2424 4950 δίδωσι
2454 4897 2614 4949 τόπον
2643 4895 2720 4967 τῷ
2749 4896 2999 4963 διαὸόλῳ,
3030 4896 3356 4968 παρακούων
3386 4898 3478 4950 τοῦ
3508 4897 3689 4965 λέγον-

2103 5005 2225 5052 τος·
2271 4988 2437 5057 Μηδὲ
2480 4989 2679 5043 δίδοτε
2730 4991 2919 5042 τόπον
2975 4986 3056 5053 τῷ
3104 4988 3361 5052 διαϐόλῳ
3392 5005 3406 5020 °
3453 4990 3548 5043 καὶ
3589 4988 3683 5042 τοῦ

2118 5077 2569 5149 Ἐκκλησιαστοῦ·
2624 5078 2766 5134 Ἐὰν
2796 5079 3033 5148 πνεῦμα
3078 5079 3185 5133 τοῦ
3224 5078 3684 5145 ἐξουσιάζοντος

2103 5169 2297 5240 ἀναϐῇ
2331 5171 2430 5224 ἐπὶ
2467 5170 2562 5236 σὲ,
2610 5171 2798 5225 τόπον
2821 5185 2937 5224 σου
2961 5167 3048 5239 μὴ
3076 5168 3259 5238 ἀφῇς.
3303 5170 3394 5223 Ἐν
3418 5169 3566 5242 αύτῷ
3591 5164 3683 5223 οὖν

2167 5434 2279 5509 (79)
2319 5433 2469 5488 Multi
2504 5424 2822 5509 ms_s.__oi31:oc
2852 5432 3137 5509 ἀγαλλιᾷν.
3168 5433 3345 5509 Editio
3364 5433 3544 5509 Paris.
3561 5450 3684 5492 cum

2093 5492 2454 5577 Βεξέὶιιιριδιο
2478 5514 2532 5559 et
2562 5504 2715 5558 Colb.
2748 5492 2983 5577 septimo
3008 5492 3184 5577 οξτως
3218 5505 3507 5577 ἀγαλλιᾷν.

2166 5569 2293 5649 (80)-
2319 5575 2473 5649 Colb.
2519 5569 2993 5649 quar_tus__ﬁy_dt"{0t
3037 5569 3113 5629 ὧν
3160 5569 3478 5647 ἐστέρησαί.
3519 5574 3685 5632 Paulo

2091 5643 2214 5717 post
2246 5643 2398 5717 tntilli
2434 5660 2564 5699 mss.
2589 5643 2697 5717 διό,
2717 5644 2822 5717 Alii
2850 5643 3007 5717 διότι,

2164 5716 2277 5789 (8i)
2319 5714 2466 5789 R_eg._
2501 5716 2769 5789 secundus
2800 5715 2850 5789 o_
2872 5714 3153 5789 6s_dp.a.p.
3207 5714 3359 5789 Regii
3383 5716 3602 5789 _lertitts
3632 5723 3693 5772 et

2095 5784 2323 5861 quartus
2353 5786 2382 5838 ὁ
2414 5784 2676 5858 μὲνγὰρ.
2712 5784 2911 5842 Statim
2945 5784 3080 5858 Reg.
3103 5784 3311 5844 tertius
3336 5785 3481 5845 δότε.
