4048 6220
362 343 466 400 325

1486 337 1767 395 uomuit
1803 337 1873 392 1N
1911 335 2239 393 PSALMUM
2279 322 2495 392 χχχιι.

3491 331 3596 399 326

363 461 636 532 γενόμενοι
663 459 740 531 τῷ
769 459 977 530 Κυρίῳ,
1004 460 1099 512 καὶ
1124 457 1351 512 καθόσον
1372 459 1536 528 ἐσμὲν
1552 458 1784 522 δυνατοὶ,
1814 473 1939 510 κατ-

2043 457 2299 510 laudatio.
2327 455 2788 522 Quemadmodum
2835 457 2928 523 pes
2967 447 3214 531 obtgrtds
3239 455 3421 513 calceo
3449 474 3597 515 recto

363 551 681 614 οπτεύοντες
717 550 881 603 αὑτοῦ
927 551 996 602 τὰ
1032 550 1331 620 θαυμάσια,
1369 549 1509 602 οῦτω
1545 549 1938 619 συναγάγωμεν

367 645 430 696 ἐκ
471 643 570 714 τῆς
618 641 849 712 θεωρίας
903 644 1022 704 ταῖς
1069 641 1316 712 καρδίαις
1364 641 1521 709 ἡμῶν
1578 639 1936 710 εὐφροσύνην.

369 734 492 795 Τοῖς
532 731 710 785 εὐθὲσι
769 731 971 802 πρέπει
1019 732 1224 794 αἴνεσις
1257 748 1269 759 ·
1307 731 1496 801 ὥσπερ
1545 731 1756 793 σκολιὸς
1806 729 1939 792 ποῦς

369 824 512 896 ὀρθῷ
543 824 846 894 ὑποδήματι
891 825 989 876 οὐκ
1028 822 1402 894 ἐναρμόζεται,
1448 822 1620 884 οὕτως
1649 821 1767 874 οὐδὲ
1802 838 1939 892 καρ-

368 916 506 978 δίαις
549 915 950 984 ἐνδιαστρόφοις
992 917 1024 985 ὴ
1065 915 1269 977 αἵνεσις
1322 913 1417 966 τοῦ
1469 913 1602 966 Θεοῦ
1652 912 1940 984 ἐπιπρέπει

371 1004 501 1074 (82).
534 1004 630 1057 Διὰ
656 1005 831 1070 τοῦτο,
874 999 1048 1074 οἶμαι,
1077 1003 1153 1067 ὡς
1184 1005 1244 1056 οὐ
1275 1004 1576 1074 πρέποντος
1608 1002 1686 1073 τῷ
1718 1004 1941 1072 στόματι

369 1093 474 1146 τῶν
499 1094 765 1162 δαιμόνων
791 1091 885 1145 τοῦ
917 1094 1044 1164 περὶ
1070 1092 1164 1146 τοῦ
1195 1095 1445 1163 Σωτῆρος
1475 1093 1666 1161 λόγου,
1695 1095 1944 1164 ἀφαιρεῖ-

367 1199 456 1234 ται
485 1183 661 1235 αὐτῶν
688 1181 784 1251 τὴν
809 1181 1072 1246 ἐξουσίαν,
1110 1182 1194 1234 ἵνα
1237 1182 1310 1252 μὴ
1349 1182 1578 1254 φανερὸν
1600 1182 1759 1235 αὑτὸν
1790 1184 1943 1254 ποιήέ

372 1287 523 1324 σωσι.
573 1271 683 1324 Καὶ
724 1270 802 1341 τῷ
840 1271 1053 1324 Πύθωνι
1096 1274 1124 1325 ὁ
1162 1271 1373 1334 Παῦλος
1415 1273 1672 1342 ἐπιτιμᾷ,
1729 1273 1812 1324 ἵνα
1867 1273 1941 1344 μὴ

370 1361 478 1414 ἀπὸ
525 1360 831 1431 ἀκαθάρτου
882 1363 910 1413 6
959 1362 1110 1429 ἆγιος
1165 1362 1500 1432 συνιστῆται.
1553 1361 1802 1417 Τοιοῦτον
1849 1364 1944 1416 καὶ

369 1452 450 1513 τὸ,
494 1453 575 1516 Τῷ
616 1453 684 1504 δὲ
714 1453 1037 1521 ἁμαρτωλῷ
1060 1454 1227 1507 εἶπεν
1274 1458 1306 1508 ό
1343 1455 1517 1520 Θεός·
1576 1455 1708 1509 Ἵνα
1753 1456 1810 1508 τί
1861 1455 1943 1508 σὺ

369 1543 614 1613 ἐκδιηγῇ
663 1545 733 1599 τὰ
789 1544 1145 1613 δικαιώματά
1185 1560 1338 1614 μους
1390 1544 1802 1616 Φιλοτιμώμεθα
1851 1543 1944 1601 οὖν

372 1637 562 1702 φυγεῖν
601 1635 707 1687 πᾶν
752 1635 959 1686 σκολιὸν
1009 1635 1166 1705 ἔργον
1205 1636 1297 1687 καὶ
1344 1636 1799 1705 στραγγαλιὼδες,
1849 1636 1944 1691 καὶ

378 1723 802 1795 ,ιατορθὼσωμεν
852 1725 926 1786 ὡς
963 1724 1092 1794 εὑθῆ
1125 1726 1325 1779 κανόνα
1371 1725 1461 1778 τὸν
1495 1725 1619 1778 νοῦν
1663 1728 1817 1796 ἡμῶν
1851 1730 1944 1782 καὶ

2043 562 2146 600 non
2191 548 2512 616 adaptatur;
2552 547 2621 599 ita
2659 561 2828 614 neque
2857 547 3095 602 distortis
3127 549 3383 604 cordibus
3413 547 3597 604 lau‘da-

2041 632 2117 685 tio
2144 631 2238 685 Dei
2263 633 2535 686 convenit.
2559 632 2916 702 Quapropter,
2954 636 3169 705 Opinor,
3202 639 3458 705 quoniam
3491 654 3597 694 sert

2040 737 2129 777 mo
2158 723 2246 792 qui
2280 725 2343 776 de
2366 722 2652 778 Servatore
2676 726 2905 780 habetur
2941 728 3238 781 daemonum
3268 744 3329 782 os
3363 745 3469 784 non
3504 731 3600 786 de-

2042 822 2146 873 cet.
2177 813 2376 866 ideirco
2403 813 2480 865 eis
2511 815 2698 866 adimit
2726 814 3051 879 facultatem,
3079 825 3134 868 ut
3161 833 3230 870 ne
3253 820 3596 876 manifeStunt

2042 903 2216 972 ipsum
2251 903 2473 956 faciant.
2500 904 2564 958 Et
2589 903 2890 974 Pythonem
2924 907 3163 976 increpat
3213 908 3408 966 Paulus
3442 898 3510 980 ⁸⁵,
3540 915 3599 967 ut.

2043 1008 2110 1046 ne
2137 994 2205 1047 ab
2246 994 2455 1062 impuro
2494 1005 2711 1050 sanctus
2745 999 3170 1052 commendetur.
3208 988 3337 1056 Tale
3363 1013 3445 1058 est
3475 1011 3595 1070 hoc,

2045 1083 2323 1139 Peccatori
2360 1098 2533 1139 autem
2578 1089 2711 1142 dixit
2758 1089 2895 1143 Dem
2920 1104 2938 1141 :
2979 1091 3154 1156 Quare
3186 1106 3239 1146 tu
3263 1106 3479 1150 enarras
3507 1098 3600 1166 ju-

2042 1178 2213 1231 stitias
2251 1194 2390 1231 meas
2418 1179 2508 1233 5°?
2543 1179 2812 1234 Conemur
2851 1182 3014 1250 igitur
3047 1183 3232 1253 fugere
3276 1201 3435 1242 omne
3465 1197 3600 1259 opus

2043 1269 2318 1338 obliquum
2353 1283 2417 1323 ac
2447 1278 2785 1338 tortuosum;
2827 1282 2986 1341 atque
3021 1285 3252 1329 mentem
3285 1285 3524 1333 nostram
3549 1283 3603 1334 et

2043 1359 2485 1428 animijudicium
2514 1361 2565 1414 in
2610 1363 2823 1417 modum
2857 1374 3016 1419 recta:
3057 1359 3253 1435 regulae
3287 1369 3598 1440 dirigamus,

2046 1461 2102 1506 ut
2135 1467 2255 1506 cum
2285 1455 2413 1506 recti
2442 1453 2724 1522 fuerimus,
2749 1457 2937 1513 deceat
2964 1475 3060 1516 nos
3103 1460 3313 1516 Domini
3340 1457 3597 1521 laudatioi

2043 1543 2118 1597 lta
2153 1544 2296 1599 enim
2323 1548 2525 1613 peccati
2552 1558 2738 1602 auctor
2759 1564 3004 1618 serpens,
3057 1553 3307 1622 obliquus
3365 1557 3558 1611 dicitur
3583 1597 3598 1622 ,

2045 1646 2098 1689 et
2120 1635 2324 1704 gladius
2350 1637 2440 1690 Dei
2466 1638 2737 1693 inducitur
2763 1641 2814 1694 in
2847 1641 3133 1697 draconem
3166 1656 3467 1714 serpentem
3496 1657 3604 1703 tor:

2045 1733 2257 1779 tuosum
2289 1727 2356 1789 δι,
2383 1731 2524 1796 quod
2547 1731 2720 1798 spiras
2744 1747 2807 1786 ac
2843 1734 3068 1788 diVOrtia
3109 1736 3160 1789 in
3189 1737 3382 1792 itinere
3415 1741 3598 1795 facian

372 1814 430 1866 τὸ
467 1815 745 1884 κριτήριον
787 1815 887 1884 τῆς
943 1814 1136 1884 ψυχῆς,
1185 1815 1272 1868 ἵνα
1326 1817 1637 1887 γενομένοις
1688 1819 1818 1888 ἡμῖν
1851 1820 1940 1870 εὐ-

2051 1815 2259 1868 Etenim
2289 1817 2414 1870 dum
2451 1820 2714 1887 serpentis
2747 1829 2948 1876 tractus
2976 1825 3208 1890 ducitur,-
3256 1828 3309 1881 in
3339 1838 3479 1884 terra
3514 1832 3599 1884 in;

371 1903 518 1955 θέσιν
569 1905 842 1976 ἐπιπρέψῃ
875 1907 906 1974 ὴ
944 1905 1148 1963 αῖνεσις
1193 1905 1285 1958 τοῦ
1319 1906 1545 1976 Κυρίου.
1596 1908 1803 1979 Ὥσπερ
1839 1908 1946 1979 γὰρ

369 1995 398 2046 6
433 1996 530 2066 τὴν
571 1996 838 2066 ἁμαρτίαν
877 1996 1328 2067 καθηγησάμενος
1370 1998 1492 2066 ὄφις
1533 1999 1746 2062 σκολιὸς
1793 1999 1947 2068 λέγε-

369 2097 480 2146 ται,
515 2087 610 2137 καὶ
656 2087 919 2153 ἐπάγεται
949 2088 982 2155 ἡ
1012 2087 1104 2139 τοῦ
1131 2086 1264 2138 Θεοῦ
1297 2087 1542 2158 μάχαιρα
1579 2089 1671 2141 ἐπὶ
1709 2089 1800 2143 τὸν
1827 2091 1949 2161 δράέ

370 2191 533 2227 κοντα
560 2175 649 2227 τὸν
681 2175 803 2244 ὅφιν
847 2175 958 2245 (85)
1000 2177 1090 2228 τὸν
1131 2176 1360 2240 σκολιὸν,
1404 2179 1484 2230 ὅτι
1531 2177 1728 2242 πολλὰς
1771 2181 1948 2233 ἐκκλί-

373 2279 485 2324 σεις
516 2263 608 2314 καὶ
646 2262 914 2332 ἐκτροπὰς
939 2263 996 2314 ἐν
1033 2265 1099 2333 τῇ
1130 2263 1324 2334 πορείᾳ
1352 2266 1604 2317 ποιεῖται.
1640 2255 1944 2336 Συρόμενος

370 2352 478 2422 γὰρ
506 2354 534 2403 6
559 2351 713 2415 ὁλκὸς
751 2353 843 2404 τοῦ
876 2353 1050 2421 ὄφεως
1071 2353 1370 2422 ἀνωμάλως
1507 2356 1577 2425 γῇ
1602 2354 1941 2426 ἐπισύρεται,

373 2442 544 2505 ἄλλως
581 2441 872 2513 ὁρμώντων
900 2443 1007 2496 τῶν
1037 2443 1363 2514 ἔμπροσθεν,
1400 2446 1493 2497 καὶ
1536 2445 1777 2513 πλαγίως
1821 2448 1945 2514 ἐφε-

371 2535 618 2604 πομένων
668 2535 776 2587 τῶν
817 2534 979 2605 ἑξῆς,
1033 2536 1125 2588 καὶ
1171 2535 1332 2588 πάλιν
1375 2535 1482 2589 τῶν
1523 2537 1756 2608 οὐραίων
1809 2538 1945 2608 πρὸς

371 2627 432 2679 τὸ
463 2623 701 2678 ἐναντίον
728 2627 1114 2679 ἀπονευόντων.
1154 2627 1316 2680 ’Ὥστε
1349 2630 1376 2681 6
1429 2628 1526 2697 μὲν
1555 2628 1633 2698 τῷ
1671 2628 1789 2697 ὄφει
1827 2629 1946 2683 ἐπό-

377 2733 536 2785 μενος
577 2717 784 2770 σκολιὸν
818 2718 910 2769 καὶ
953 2716 1238 2788 ἀνώμαλον
1266 2720 1360 2771 καὶ
1402 2721 1819 2789 ἐναντιωμάτων
1846 2719 1941 2788 γέ-

378 2822 542 2873 μοντα
571 2807 661 2859 τὸν
709 2806 821 2873 βίον
861 2806 1052 2859 ἑαυτοῦ
1083 2807 1408 2873 ἐπιδείξεται
1430 2825 1444 2838 ο
1480 2800 1508 2861 6
1535 2809 1590 2861 δέ
1625 2805 1796 2862 ὀπίσω
1829 2812 1943 2863 Κυσ⁸

376 2897 490 2966 ρίου
523 2896 615 2950 τοῦ
636 2896 771 2949 Θεοῦ
810 2899 1172 2970 πορευόμενος
1199 2898 1415 2962 εὐθείας
1441 2891 1674 2952 ποιεῖται
1702 2899 1799 2962 τὰς
1832 2899 1940 2972 (84)

372 2988 610 3056 τρίϐους,
660 2989 754 3040 καὶ
797 2986 962 3059 ὀρθὰς
998 2989 1096 3051 τὰς
1145 2990 1363 3060 τροχιὰς
1403 2989 1510 3042 τῶν
1543 2989 1718 3042 ποδῶν
1756 2988 1938 3042 αὑτοῦ.

369 3077 566 3144 Εὺθὴς
600 3079 708 3148 γὰρ
747 3081 961 3146 Κύριος
999 3082 1031 3131 ό
1069 3080 1211 3144 Θεὸς
1244 3079 1430 3147 ἡμῶν,
1474 3072 1571 3133 καί
1615 3081 1940 3146 εὐθύτητας

371 3165 492 3221 εἶδε
520 3169 586 3222 τὸ
620 3171 940 3237 πρόσωπον
977 3167 1185 3224 αὐτοῦ.
1230 3161 1354 3224 Ἐὰν
1387 3161 1479 3223 δύο
1513 3171 1738 3234 κανόνες
1777 3171 1940 3240 ἀλλή-

372 3251 484 3324 λοις
536 3262 944 3332 παρατεθῶσιν,
994 3265 1026 3332 ή
1084 3263 1312 3332 εὐθύτης
1368 3263 1547 3316 αὐτῶν
1612 3260 1939 3333 συναρμόζει

374 3353 651 3422 ἀλλήλοις·
680 3353 772 3405 ἐὰν
802 3354 856 3406 δὲ
890 3353 1213 3426 διάστροφον
1237 3353 1389 3418 ξύλον
1422 3347 1604 3407 κανόνι
1636 3349 1940 3425 παρατεθῇ,

2047 1905 2325 1972 aequaliter
2363 1907 2689 1976 imprimitur
2724 1929 2737 1964 :
2769 1927 2890 1967 cum
2932 1915 3092 1968 aliter
3130 1921 3422 1986 procedant
3450 1931 3603 1978 ante;

2049 1995 2222 2049 riores
2243 1999 2444 2065 partes,
2480 2009 2535 2053 et
2567 2001 2782 2069 oblique
2810 2005 3158 2074 insequantur
3187 2020 3601 2082 consequentes,

2046 2095 2099 2139 et
2118 2099 2326 2140 rursum
2347 2091 2530 2145 cauda:
2554 2102 2733 2160 partes
2753 2093 2804 2146 iu
2821 2100 3148 2154 contrariuiu
3168 2113 3407 2173 vergant.
3424 2096 3602 2173 Quare

2045 2181 2136 2248 qui
2173 2191 2474 2249 serpentem
2528 2185 2792 2254 sequitur,
2842 2201 2992 2242 suam
3027 2193 3190 2247 vitam
3222 2195 3491 2266 obliquam
3522 2201 3605 2253 ln-

2045 2271 2411 2342 zequalemque
2435 2283 2486 2328 et
2517 2278 2984 2334 contrarietatibus
3002 2281 3246 2338 refertam
3264 2277 3602 2344 demonstra-

2044 2360 2162 2415 bit:
2193 2364 2284 2432 qui
2315 2378 2442 2417 vero
2481 2379 2619 2432 pone
2662 2356 2942 2423 Dominum
2978 2360 3144 2425 Deum
3181 2375 3395 2440 incedit,
3428 2393 3603 2435 rectas

2043 2454 2264 2506 semitas
2279 2462 2332 2508 et
2363 2464 2508 2509 recta
2531 2456 2749 2526 vestigia
2776 2461 2965 2527 pedum
2989 2477 3205 2517 suorum
3237 2465 3383 2522 facit.
3415 2467 3605 2526 Remus

2043 2542 2184 2595 enim
2224 2543 2476 2596 Dominus
2511 2545 2648 2599 Deus
2691 2558 2885 2614 noster,
2917 2559 2965 2603 et
2997 2569 3112 2621 qua:
3148 2566 3286 2608 recta
3323 2570 3443 2612 sunt
3478 2551 3603 2614 vidit

2044 2630 2206 2699 [acies
2235 2632 2397 2701 ipsius
2420 2633 2510 2687 ⁵¹⁶.
2532 2634 2746 2702 Regulae
2770 2636 2887 2690 duae
2916 2639 2958 2693 si
2986 2640 3137 2709 juxta
3169 2659 3226 2698 se
3251 2646 3600 2715 collocentur,

2042 2737 2226 2778 earum
2265 2724 2530 2778 rectitudo
2578 2728 2716 2780 inter
2749 2743 2807 2782 se
2844 2733 3124 2798 convenit;
3161 2736 3202 2788 si
3238 2752 3366 2793 vero
3404 2741 3604 2794 diston

2045 2827 2154 2870 tum
2188 2815 2390 2884 lignum
2421 2819 2486 2870 ad
2528 2810 2762 2886 regulam
2796 2832 3113 2890 apponatur,
3148 2817 3418 2883 obtortum
3453 2839 3604 2902 repe-

2042 2905 2180 2959 ritur
2228 2915 2372 2960 recto
2416 2924 2520 2962 non
2565 2920 2880 2978 congruere.
2924 2911 3186 2978 Quoniam
3244 2918 3406 2986 igitur
3457 2933 3603 2976 recta

2042 3006 2124 3050 est
2163 2987 2253 3051 Dei
2291 2997 2542 3062 laudatio,
2589 3009 2736 3054 recto
2767 3012 2898 3068 opus
2933 2999 3025 3058 est
3073 3007 3253 3072 corde,
3300 3003 3348 3064 ei
3397 3024 3453 3066 ut
3487 3003 3602 3068 laus

2041 3089 2321 3142 conveniat
2354 3099 2744 3158 competatque.
2775 3091 2923 3157 Quod
2957 3095 3000 3148 si
3041 3110 3198 3152 nemo
3228 3101 3369 3156 valet
3415 3101 3593 3159 dicere

2044 3179 2325 3232 Dominum
2358 3173 2536 3236 Jesum
2570 3184 2668 3238 nisi
2707 3185 2757 3238 in
2790 3183 2990 3252 Spiritu
3021 3199 3211 3244 saneto
3235 3191 3302 3256 ",
3333 3197 3603 3263 quomodo

2044 3265 2287 3335 proferes
2321 3269 2551 3333 laudem,
2578 3288 2697 3326 cum
2735 3282 2938 3327 rectum
2971 3279 3221 3345 spiritum
3256 3285 3361 3336 non
3399 3276 3600 3340 habeas

2048 3354 2102 3406 in
2135 3355 2238 3408 tuis
2271 3358 2564 3413 visceribus
2597 3362 2905 3417 innovatum
2928 3365 3007 3419 "2

374 3441 783 3513 ἁσυνάρμοστον
839 3444 1148 3512 εὑρίσκεται
1204 3443 1282 3512 τῷ
1340 3434 1484 3513 ὀρθῷ
1547 3443 1608 3495 τὸ
1659 3436 1935 3515 στρεϐλόν.
1992 3445 2145 3501 Ἐπεὶ
2184 3440 2276 3498 οῦν
2323 3449 2486 3520 εὐθής
2529 3455 2737 3524 ἐστινὴ
2774 3455 2866 3508 τοῦ
2933 3457 3066 3511 Θεοῦ
3131 3451 3364 3529 αἴνεσις,
3397 3459 3605 3534 εὖθείας

375 3535 532 3604 χρεία
553 3535 900 3605 καρδίας,ἱ’να
916 3537 1189 3608 ἐπιπρέψῃ
1205 3539 1339 3607 αὐτῇ
1365 3537 1457 3590 καὶ
1498 3527 1784 3608 ἐφαρμόσῃ
1821 3539 1849 3590 ὁ
1873 3537 1981 3608 (85)
2022 3532 2186 3603 αἶνος.
2213 3541 2274 3593 Εἰ
2311 3542 2365 3594 δὲ
2426 3545 2599 3608 οὐδεὶς
2628 3547 2847 3601 δύναται
2879 3551 3052 3603 εἰπεῖν
3081 3554 3281 3625 Κύριον
3321 3527 3523 3629 Ἰησοῦν
3556 3527 3603 3614 εί

378 3630 452 3701 μὴ
477 3632 533 3684 ἐν
568 3631 844 3701 Πνεύματι
877 3633 1037 3702 ἁγίῳ,
1071 3632 1186 3696 πῶς
1217 3632 1282 3686 ἂν
1309 3633 1536 3704 ἐνέγκῃς
1561 3634 1651 3687 τὸν
1689 3629 1858 3702 αἶνον,
1905 3634 1979 3704 μὴ
2019 3633 2155 3705 ἔχων
2191 3629 2252 3690 τὸ
2285 3637 2438 3703 εὐθές
2465 3640 2682 3712 πνεῦμα
2745 3645 3084 3711 ἐγκαινισθὲν
3122 3649 3177 3701 ἐν
3206 3653 3317 3715 τοῖς
3355 3655 3605 3721 ἐγκάτοις

377 3738 470 3774 σου
491 3739 505 3787 ;

444 3816 497 3868 2.
546 3816 1038 3887 Ἐξομολογεῒσθε
1092 3816 1172 3882 τῷ
1221 3817 1414 3886 Κυρίῳ
1458 3819 1528 3871 ἐν
1578 3809 1819 3889 κιθάρᾳ,
1869 3810 1940 3874 ἐν

374 3902 686 3977 ψαλτηρίῳ
723 3907 1062 3977 δεκαχόρδῳ
1089 3899 1324 3978 ψάλατε
1369 3909 1546 3975 αὐτῷ.
1583 3912 1853 3982 Πρότερον
1882 3901 1940 3965 ἐν

376 3999 576 4068 κιθάρᾳ
623 3998 703 4050 δεῖ
753 3998 1249 4068 ἐξομολογήσασθαι
1303 4000 1410 4071 (86)
1449 4000 1525 4071 τῷ
1559 4003 1782 4072 Κυρίῳ’
1818 4020 1943 4056 του-

375 4089 545 4150 τέστι,
579 4088 678 4150 τὰς
710 4088 797 4141 διὰ
853 4089 948 4142 τοῦ
1007 4089 1259 4160 σώματος
1316 4093 1596 4163 ἐνεργείας
1652 4094 1942 4149 ἀποδοῦναι

377 4177 728 4250 ἐναρμονίως.
775 4181 988 4251 Ἐπειδὴ
1017 4181 1122 4251 γὰρ
1153 4185 1210 4235 ἐν
1236 4182 1311 4253 τῷ
1340 4173 1551 4253 σώματι
1600 4187 1937 4257 ἡμάρτομεν,

377 4268 464 4319 ὅτε
494 4270 912 4339 παρεστήσαμεν
941 4272 1007 4323 τὰ
1045 4271 1182 4343 μέλη
1210 4271 1375 4342 (ἡμῶν
1401 4273 1561 4326 δοῦλα
1593 4277 1658 4344 τῇ
1697 4277 1940 4349 ἁμαρτία

377 4357 458 4419 είς
483 4356 580 4425 τὴν
613 4358 858 4427 ἀνομίαν,
893 4359 969 4428 τῷ
1009 4359 1219 4430 σώματι
1258 4363 1351 4414 κα)⁹
1397 4362 1936 4435 ἐξομολογησὼμεθα,

377 4446 454 4528 τῷ
493 4445 639 4515 αὐτῷ
665 4450 994 4520 κεχρημένοι
1023 4441 1238 4522 ὀργάνῳ
1266 4452 1402 4520 πρὸς
1426 4453 1526 4522 τὴν
1558 4447 1815 4509 ἀνάλυσιν
1839 4458 1940 4528 τῆς

380 4536 672 4608 ἁμαρτίας.
735 4539 1140 4609 Ἐλοιδόρησαςς
1193 4537 1506 4613 εὑλόγησον.
1550 4546 1936 4621 Ἐπλεονέκτη-

2113 3819 2166 3872 2.
2208 3819 2362 3874 Vens.
2411 3819 2465 3876 2.
2505 3811 2837 3892 Conﬁtemini
2887 3815 3111 3884 Domino
3158 3831 3214 3885 in
3263 3829 3496 3902 cithara,
3549 3839 3605 3891 iii

2043 3911 2291 3977 psalterio
2324 3913 2497 3967 decem
2535 3917 2851 3970 chordarum
2885 3919 3093 3986 psallite
3133 3923 3231 3978 illi.
3269 3925 3508 3982 Primum
3551 3933 3602 3982 in

2043 4002 2248 4056 cithara
2286 4003 2508 4058 Domino
2546 4007 2788 4060 conliteri
2821 4017 3062 4077 oportet;
3100 4013 3201 4067 hoc
3227 4022 3329 4079 est,
3361 4020 3605 4085 corporis

2047 4093 2286 4148 actiones
2322 4097 2582 4150 concinne
2615 4099 2910 4154 absolvere.
2943 4100 3203 4166 Quoniam
3251 4107 3394 4160 enim
3444 4100 3600 4180 133

2048 4185 2102 4239 in
2141 4200 2368 4254 corpore
2399 4189 2758 4256 peccavimus,
2785 4205 2906 4244 cum
2948 4202 3131 4247 nostra
3163 4197 3403 4250 membra
3448 4215 3605 4254 serva

2045 4288 2266 4344 peccato
2299 4277 2365 4330 ad
2409 4279 2742 4344 iniquitatem
2782 4283 3127 4350 praebuimus,
3171 4299 3394 4354 corpore
3442 4291 3604 4343 etiam

2046 4362 2422 4434 coufiteamur,
2465 4371 2654 4424 eodem
2690 4381 2902 4427 utentes
2930 4373 3286 4429 instrumento
3315 4377 3378 4429 ad
3415 4394 3605 4447 pecca-

2047 4469 2156 4513 tum
2209 4461 2602 4516 dissolvendum
2628 4464 2693 4518 ⁵³⁵.
2749 4464 3092 4522 Conviciatus
3148 4469 3242 4521 es?
3295 4471 3601 4528 benedicasi

2048 4538 2301 4620 Eripuisti
2366 4553 2580 4608 aliena?
2641 4557 2865 4612 reddito.
2917 4558 3211 4614 Inebriatus
3261 4560 3355 4614 es?
3399 4561 3601 4632 jejuna;

381 4643 512 4692 σας;
557 4626 774 4690 ἀπόδος.
818 4629 1150 4701 Ἐμεθύσθης
1190 4633 1330 4702 (87);
1361 4637 1674 4705 νήστευσον.
1720 4640 1940 4705 Ἦλαζο-

2043 4643 2319 4711 Superbus
2353 4645 2541 4699 fuisti?
2573 4657 2688 4701 esto
2730 4646 2965 4703 litunilis.
3018 4650 3304 4704 lnvidisti?
3355 4655 3602 4708 obsecra.

381 4716 590 4799 νεύσω;
656 4719 1038 4791 ταπεινώθητι.
1107 4716 1471 4794 Ἐφθόνησας;
1539 4731 1938 4799 παρακάλεσον.

392 4797 747 4876 Ἐφόνευσας;
787 4812 1231 4885 μαρτύρησονοή
1277 4813 1346 4866 τὰ
1394 4797 1811 4888 ίσοδυναμοῦντᾱ
1865 4821 1944 4893 τῷ

450 4918 495 4995 :9
535 4921 652 4995 A_ct.
695 4937 805 4995 xvi,
865 4921 998 4995 18-
1041 4925 1086 4956 ⁵⁸
1135 4925 1278 4980 Psal.
1313 4942 1438 4983 xux
1466 4969 1483 4995 ,
1519 4929 1607 4985 16.

376 4987 424 5021 ⁸³
453 4989 597 5044 Psal.
633 5007 684 5054 1.,
718 4991 803 5046 12.
884 4991 930 5023 ⁵⁵
970 4992 1123 5046 Rom.
1155 5011 1224 5056 v1,
1265 4997 1355 5050 19.

449 5102 560 5171 (8’2)
602 5101 734 5167 Reg.
766 5104 956 5157 tertius
985 5105 1117 5159 Θεοῦ
1160 5108 1377 5171 πρέπει.

449 5125 560 5171 ιϐ’-η
602 5125 734 5167 “Bg.
768 5125 956 5157 wruus
985 5125 1117 5159 USO'J
1160 5125 1200 5160 π
1239 5125 1377 5160 επει.

447 5171 560 5246 (8ζῆ)
601 5171 776 5225 Editio
833 5173 1002 5246 Paris.
1049 5177 1140 5228 τὸν
1189 5125 1330 5246 tfgow.
1385 5175 1544 5231 Deest
1578 5177 1836 5232 articulus
1884 5179 1941 5235 in

375 5241 647 5364 gilll:ibll$,
688 5256 822 5309 quos
869 5245 999 5297 mihi
1045 5241 1263 5315 quidem
1309 5247 1492 5302 videre
1538 5249 1797 5318 contigit,
1843 5264 1940 5304 co-

417 5326 480 5362 ICI
507 5326 605 5362 HIS.

417 5326 605 5362 ICIIHIS.

505 5379 558 5444 4)
599 5379 749 5434 Colb.
778 5391 1003 5448 quartus
1035 5386 1174 5437 ποιεῖ
1200 5384 1316 5448 τάς.

471 5448 559 5526 85)
597 5449 744 5501 Colb.
769 5463 992 5520 quartus
1038 5455 1136 5526 καί
1181 5455 1495 5526 ἐφαρμοσθῇ
1545 5454 1594 5510 ὁ.
1625 5455 1744 5512 Mox
1782 5459 1930 5525 Regii

380 5519 566 5593 tertius
588 5529 641 5570 et
665 5519 990 5593 seltuscu‘m
1014 5519 1246 5578 editione
1273 5519 1435 5580 Basil.
1463 5519 1786 5592 coniunctim
1815 5519 1934 5593 πῶς

377 5586 694 5664 άνενὲγκῃς.
721 5587 898 5664 Editio
918 5588 1090 5646 Paris.
1115 5609 1238 5664 cum
1268 5594 1403 5664 Reg.
1423 5586 1609 5662 quinio
1641 5586 1930 5664 separatim

377 5654 444 5735 ᾂν
483 5654 902 5735 ἐνέγκῃςλιξεε.
929 5654 1527 5735 secundus_cum'Colb.
1557 5654 1784 5735 septimo
1815 5667 1931 5735 πῶς

377 5725 701 5793 ἁνενέγκειςι
728 5725 875 5784 Coll):
898 5741 1118 5799 quartus
1140 5731 1255 5797 πῶς
1281 5731 1346 5788 ἂν
1370 5725 1632 5807 ὲνενέγκῐί
1658 5737 1749 5790 τὸν
1780 5725 1928 5792 αἶνον

1716 4933 1760 4964 ⁵¹
1794 4933 1898 4991 lsa.
1932 4952 2103 5006 xxvn,
2133 4940 2184 4993 1.

2046 4731 2335 4789 Occidisti?
2373 4740 2684 4809 martyrium
2723 4739 2992 4809 perferas;
3043 4737 3126 4795 vel
3163 4740 3304 4810 quod
3347 4746 3605 4814 martyrio

2047 4841 2145 4894 par
2175 4836 2277 4890 est,
2321 4843 2415 4898 per
2447 4826 2835 4886 confessionem
2881 4847 3075 4900 corpus
3120 4841 3262 4886 tuum
3299 4833 3491 4904 afllige.
3534 4835 3604 4889 Et

2283 4941 2352 4974 ει*
2393 4941 2538 4997 Psal.
2568 4960 2677 5010 XCI,
2717 4946 2817 5014 16;
2879 4945 3016 5011 ι,8ι
3115 4946 3363 5002 ηιίῖοικ
3421 4950 3599 5015 mw.

2035 5113 2266 5204 δ
2297 5119 2354 5204 ἐν
2400 5123 2513 5204 τοῖς
2553 5123 2807 5191 ἐγκάτοις
2855 5127 3053 5193 animi};
3108 5128 3378 5195 Quomodo
3422 5133 3467 5185 is
3515 5135 3605 5204 qui

2037 5200 2140 5237 non
2173 5189 2346 5252 habet,
2373 5202 2477 5243 etc.

2108 5255 2334 5329 (86)_lta
2366 5261 2600 5329 quinque
2635 5278 2762 5320 mss.
2794 5281 2914 5318 cum
2949 5268 3183 5321 editione
3215 5268 3380 5322 Basil.
3417 5271 3596 5325 Editio

2036 5336 2165 5408 vero
2214 5326 2462 5408 Parisiet
2501 5326 2738 5386 nonnulli
2790 5351 2920 5408 mss.
2966 5337 3425 5408 ἐξομολογεῖσθαι.
3478 5340 3602 5396 Mox

2036 5393 2320 5479 eti-ilicem
2372 5397 2502 5465 Reg.-
2547 5415 2741 5479 quarto
2789 5393 3088 5479 ἀποδοῦναι
3128 5393 3486 5479 ἐναρμονίως.

2037 5461 2390 5543 θΙίξΛς-υἰιιςιυε
2429 5461 2923 5543 ιιῖεε.’ὲναρμονίως
2961 5461 3286 5532 ἁποδιδόνάιῖ

2422 5532 2702 5620 secundus.
2726 5532 2852 5620 Icum
2880 5532 3263 5620 _Colb._qu.into
3290 5549 3598 5620 Ῠέμέθυσαςι

2035 5598 2300 5691 illisi.
2330 5598 2452 5691 cum
2483 5611 2641 5666 editis
2669 5598 3016 5686 ἐμεθύσθηςί
3035 5598 3429 5676 Sisina'cb‘iiii

2035 5678 2122 5728 tus
2149 5672 2531 5747 ἠλαζονεύθηςι
2702 5672 2713 5683 ”
2928 5672 2940 5686 ’
2954 5672 2971 5678 ⁷
3096 5691 3102 5709 -'
