4048 6220
433 323 539 378 527

1781 317 1837 374 S.
1880 318 2120 374 BASILII
2161 319 2376 374 MAGNI

3582 326 3692 380 328

434 453 561 497 tunc
595 453 718 512 post
765 439 1192 503 confessionem,
1235 439 1427 508 dignus
1471 450 1531 492 es
1575 437 1667 507 qui
1731 438 1785 491 in
1839 440 1984 492 deca-

2111 439 2412 510 μαρτυρίῳ,
2443 439 2530 490 διὰ
2558 438 2656 510 τῆς
2692 437 3134 511 ἐξομολογήτεως
3168 439 3396 495 σεαυτοῦ
3437 441 3497 494 τὸ
3527 440 3693 511 σῶμα

431 536 637 591 chordo
681 533 935 604 psalterio
987 531 1094 587 Deo
1142 529 1339 601 psallas
1361 530 1432 583 ⁸⁸.
1481 527 1642 583 Prius
1690 529 1834 584 enim
1879 545 2004 584 cor-

435 628 582 696 poris
633 627 874 681 actiones
922 634 1139 693 oportet
1178 623 1494 688 emendari,
1538 629 1594 675 ut
1643 631 2004 691 congruenter

433 720 616 775 divino
661 718 828 772 verbo
873 717 1358 785 convenienterque
1409 714 1780 786 perﬁciantur,
1815 717 2003 785 sicque

432 827 599 882 queas
652 810 719 866 ad
775 825 956 864 rerum
1011 808 1424 878 intelligibilium
1487 808 1999 877 contemplationem

432 902 745 958 ascendere.
795 900 1069 956 Fortassis
1129 900 1272 954 enim
1330 913 1512 964 mens,
1583 913 1704 967 quae
1771 912 2000 968 superna

431 996 658 1066 quaerit,
706 994 1020 1064 psalterium
1075 993 1218 1047 dicta
1263 1002 1380 1056 est,
1416 993 1556 1060 quod
1614 989 1773 1057 hujus
1811 991 2000 1061 organi

432 1097 702 1143 structura
756 1102 786 1141 a
837 1086 1099 1155 superiori
1142 1095 1293 1155 parte
1333 1084 1440 1137 vim
1506 1093 1848 1137 resonantem
1905 1097 2000 1138 ac-

432 1181 584 1249 cipit.
614 1179 870 1249 Corporis
901 1178 1079 1246 itaque
1109 1191 1270 1246 Opera
1311 1175 1454 1230 velut
1492 1189 1559 1229 ex
1606 1175 1829 1229 infernis
1873 1189 2002 1229 con-

431 1272 650 1325 ﬁtentur
690 1271 799 1325 Deo
825 1289 838 1324 :
869 1285 988 1338 quae
1017 1284 1146 1323 vero
1194 1283 1290 1337 per
1340 1275 1574 1321 mentem
1610 1267 2002 1321 annuntiantur

430 1362 724 1434 mysteria,
770 1378 801 1418 e
835 1362 1080 1430 supernis
1142 1359 1480 1416 occasionem
1534 1358 1766 1422 habent,
1821 1368 2002 1414 mente

429 1456 575 1509 velut
623 1469 812 1508 sonum
852 1469 948 1523 per
994 1452 1237 1522 Spiritum
1287 1451 1638 1520 adipiscente.
1679 1448 1778 1515 Qui
1833 1450 1998 1518 igitur

428 1548 494 1601 ad
529 1548 706 1600 omnia
755 1555 1016 1615 praecepta
1056 1543 1304 1614 respicit‘,
1347 1558 1414 1597 ex
1461 1544 1646 1610 eisque
1691 1544 1836 1597 velut
1869 1559 2002 1598 con-

427 1652 644 1694 centum
695 1655 758 1694 ac
813 1639 1180 1711 symphoniam
1250 1635 1414 1704 facit,
1457 1638 1502 1692 is
1549 1637 1604 1690 in
1662 1637 2000 1694 decachortlo

425 1734 682 1804 psalterio
724 1735 830 1788 Deo
871 1732 1086 1801 psallit,
1133 1731 1272 1799 quod
1323 1728 1593 1798 generalia
1630 1729 1814 1784 decem
1862 1745 1998 1798 prte-

2108 529 2380 584 κάκωσον.
2424 530 2533 582 Καὶ
2574 529 2695 583 τότε
2739 529 2876 601 μετὰ
2903 531 3002 600 τὴν
3046 531 3432 602 ἐξομολόγησιν
3459 532 3607 598 ἄξιος
3640 527 3697 584 εῐ

2104 623 2164 675 ἐν
2194 621 2478 693 ψαλτηρίῳ
2516 622 2824 694 δεκαχόρδῳ
2871 622 3095 692 ψάλλειν
3137 622 3241 694 τῷ]
3257 624 3376 694 Θεῷ
3417 623 3550 694 (88).
3593 625 3693 678 Δεῖ

2103 714 2215 786 γὰρ
2232 715 2498 784 πρότερον
2532 714 2873 786 κατορθῶσαι
2906 716 3004 779 τὰς
3027 716 3115 769 διὰ
3144 716 3238 769 τοῦ
3263 713 3510 786 σώματος
3532 717 3690 788 ἐνερ-

2104 807 2278 875 γείας,
2314 806 2455 860 ὥστε
2484 807 2760 877 ἁρμονίως
2790 806 2869 878 τῷ
2915 807 3045 878 θείῳ
3071 808 3214 878 λόγῳ
3252 809 3555 869 ἀποτελεῖν,
3588 809 3691 863 καὶ

2103 899 2280 962 οὕτως
2309 900 2402 953 ἐπὶ
2439 898 2542 969 τὴν
2577 898 2810 968 θεωρίαν
2845 899 2957 954 τῶν
2987 899 3194 970 νοητῶν
3217 899 3500 970 ἀναϐῆναι.
3532 900 3692 954 Ψαλ-

2101 992 2290 1062 τήριον
2319 991 2428 1062 γὰρ
2462 992 2602 1062 τάχα
2640 993 2668 1044 6
2693 990 2817 1055 νοῦς
2846 991 3060 1063 εἴρηται
3081 995 3110 1046 6
3137 993 3202 1046 τὰ
3229 993 3342 1048 ἄνω
3369 992 3562 1063 ζητῶν,
3593 993 3686 1046 διὰ

2101 1081 2162 1133 τὸ
2182 1081 2281 1152 τὴν
2315 1080 2660 1153 κατασκευὴν
2689 1081 2782 1135 τοῦ
2821 1083 3055 1154 ὀργάνου
3096 1082 3287 1137 τούτου
3318 1083 3419 1155 τὴν
3445 1083 3689 1154 ἡχοῦσαν

2100 1172 2332 1244 δύναμιν
2363 1175 2427 1226 ἐκ
2465 1173 2572 1226 τῶν
2607 1173 2813 1228 ἄνωθεν
2851 1175 3016 1245 ἔχειν.
3049 1173 3130 1228 Τὰ
3175 1175 3275 1246 μὲν
3325 1171 3419 1229 οὖν
3452 1175 3544 1228 τοῦ
3575 1175 3688 1229 σώ-

2104 1287 2272 1340 ματος
2322 1268 2459 1341 ἔργα
2499 1269 2660 1323 οίονεὶ
2693 1268 2937 1323 κάτωθεν
2978 1268 3383 1340 ὲξομολογεῖται
3413 1269 3491 1340 τῷ
3527 1270 3686 1340 Θεῷο

2099 1359 2170 1413 τὰ
2195 1360 2251 1412 δὲ
2278 1359 2366 1413 διὰ
2399 1359 2494 1413 τοῦ
2523 1361 2615 1413 νοῦ
2655 1360 3100 1431 ἐπαγγελλόμενα
3127 1361 3239 1431 (89)
3277 1364 3551 1434 μυστήρια
3580 1363 3686 1425 τὰς

2101 1453 2358 1524 ἀφορμὰς
2413 1453 2618 1507 ἄνωθεν
2675 1453 2810 1524 ἔχει,
2859 1455 3024 1506 οἱονεὶ
3059 1454 3423 1525 ἐνηχουμένου
3455 1455 3545 1508 διὰ
3585 1455 3683 1508 τοῦ

2100 1544 2428 1615 πνεύματος.
2474 1543 2533 1598 Ὀ
2564 1545 2743 1597 τοίνυν
2771 1545 2863 1598 ἐπὶ
2892 1544 3072 1608 πάσας
3104 1545 3204 1605 τὰς
3235 1546 3452 1610 ἐντολὰς
3476 1547 3688 1601 male.

2101 1655 2238 1702 πων,
2299 1639 2395 1692 καὶ
2447 1638 2611 1692 οἱονεὶ
2669 1638 2929 1709 συνῳδίαν
2979 1637 3159 1692 αὐτῶν
3208 1639 3304 1692 καὶ
3359 1641 3684 1710 συμφωνίαν

2101 1730 2290 1794 ποιῶν,
2306 1725 2461 1795 οὗτος
2489 1732 2548 1785 ἐν
2580 1730 2890 1802 δεκαχόρδῳ
2903 1730 3188 1804 ψαλτηρίῳ
3215 1731 3405 1802 ψάλλει
3431 1733 3509 1806 τῷ
3537 1733 3683 1805 Θεῷ,

426 1837 584 1898 cepta
645 1826 940 1880 secundum
997 1826 1222 1894 primam
1281 1823 1411 1892 legis
1464 1824 1808 1880 traditionem
1867 1839 1984 1879 con-

2101 1819 2190 1873 διὰ
2230 1821 2292 1874 τὸ
2343 1821 2476 1875 δέκα
2522 1817 2661 1874 εἶναι
2710 1822 2810 1886 τὰς
2856 1823 3079 1892 γενικὰς
3131 1824 3349 1888 ἐντολὰς
3395 1825 3534 1879 κατὰ
3579 1828 3681 1899 τὴν

424 1917 619 1984 scripta
648 1923 790 1968 sunt.
833 1915 995 1968 Vens.
1021 1914 1074 1968 5.
1108 1912 1328 1968 Cantate
1361 1911 1584 1966 Domino
1613 1915 1876 1968 canticum
1908 1930 1998 1967 no-

423 2025 562 2063 vum.
599 2008 710 2064 Hoc
743 2017 860 2070 est,
901 2005 1022 2060 Non
1059 2008 1113 2059 in
1153 2015 1402 2060 vetustate
1441 2006 1649 2073 litterte,
1693 2007 1783 2059 sed
1818 2011 1871 2060 in
1903 2021 1997 2060 no-

423 2102 578 2154 vitate
612 2099 829 2168 spiritus
865 2099 1026 2151 Deum
1059 2096 1219 2150 colite
1247 2097 1315 2149 ³⁸.
1343 2094 1445 2163 Qui
1484 2112 1589 2150 non
1634 2095 1992 2166 corporaliter

422 2193 592 2262 legem
627 2192 844 2260 accipit,
890 2191 985 2246 sed
1049 2189 1192 2244 illius
1226 2190 1372 2243 novit
1411 2189 1707 2259 spiritalem
1743 2196 1984 2254 sensum,

423 2287 512 2340 hic
552 2285 822 2340 canticum
871 2297 1069 2338 novum
1125 2290 1326 2337 cantat.
1358 2279 1493 2335 Nam
1533 2292 1688 2337 vetus
1732 2290 1789 2337 et
1837 2297 1995 2336 sene-

423 2392 580 2432 scens
645 2376 1046 2430 Testamentum
1116 2373 1462 2444 pertransiit,
1517 2389 1712 2427 novum
1762 2388 1892 2429 vero
1938 2382 1994 2428 et

423 2469 778 2524 instauratum
827 2465 1094 2521 canticum
1139 2465 1398 2519 doctrinm
1441 2465 1648 2518 Domini
1687 2479 1793 2519 non
1829 2479 1989 2519 exce-

423 2557 523 2625 pit,
564 2553 1047 2627 quarjuventutem
1089 2563 1352 2619 nostram,
1383 2555 1526 2610 velut
1570 2554 1784 2625 aquilae,
1828 2569 1988 2610 reuo-

419 2658 514 2704 vat
538 2649 610 2713 δ’,
643 2648 730 2702 ubi
787 2645 1194 2715 corruperimus
1242 2657 1524 2700 externum
1578 2646 1886 2710 hominem,
1937 2653 1991 2700 et

419 2737 661 2794 renovati
709 2736 969 2790 fuerimus
1007 2736 1072 2789 de
1110 2735 1195 2789 die
1226 2735 1277 2788 in
1310 2736 1448 2790 diem
1477 2736 1545 2793 '3.
1595 2735 1698 2790 Sed
1727 2745 1781 2790 et
1810 2735 1900 2804 qui
1933 2749 1992 2789 se

419 2831 488 2887 ad
528 2830 798 2885 anteriora
826 2828 1094 2890 extendit,
1121 2842 1332 2898 semper
1362 2842 1422 2882 se
1458 2828 1572 2898 ipso
1601 2829 1876 2884 recentior
1905 2829 1986 2882 lit.

417 2924 595 2993 Quare
638 2923 728 2992 qui
773 2935 833 2976 se
865 2921 979 2986 ipso
1018 2919 1078 2974 lit
1117 2933 1332 2990 semper
1375 2921 1664 2983 recentior,
1717 2921 1989 2975 recentius

416 3017 685 3071 canticum
721 3014 831 3068 Deo
864 3013 1030 3066 canit.
1079 3011 1370 3068 Recentius
1408 3021 1587 3066 autem
1618 3026 1686 3066 ex
1720 3026 1870 3066 more
1901 3011 1984 3066 di-

419 3108 565 3161 citur
588 3105 673 3160 vel
705 3105 758 3158 id
784 3103 925 3172 quod
953 3112 1037 3158 est
1061 3102 1401 3168 admirabile,
1424 3101 1510 3155 vel
1540 3100 1589 3155 id
1619 3101 1760 3171 quod
1794 3115 1984 3156 recens

2101 1911 2324 1984 πρώτην
2355 1913 2448 1966 τοῦ
2481 1913 2644 1986 νόμου
2673 1913 2972 1986 παράδοσιν
3010 1917 3422 1987 γεγραμμένας.
3457 1917 3685 1988 ’ᾼσατε

2095 2002 2176 2068 τῷ
2203 2005 2398 2073 Κυρίῳ
2426 1999 2592 2075 ᾆσμα
2624 2005 2734 2076 (90)
2770 2007 2999 2061 καινόν.
3027 2008 3340 2071 Τουτέστιν,
3375 2009 3473 2078 Μὴ
3506 2011 3577 2064 ἐν
3602 2010 3684 2080 τῇ

2095 2096 2446 2162 παλαιότητι
2474 2096 2580 2150 τοῦ
2610 2096 2969 2166 γράμματος,
2997 2099 3134 2152 ἀλλ’
3163 2100 3234 2152 ἐν
3260 2099 3335 2168 τῇ
3373 2104 3681 2167 καινότητι

2092 2186 2198 2239 τοῦ
2215 2188 2555 2256 πνεύματος
2583 2186 2871 2260 λατρεύετε
2891 2189 2970 2260 τῶ
2996 2190 3134 2261 Θεῷ.
3166 2191 3224 2244 '0
3253 2192 3326 2263 μὴ
3351 2193 3682 2262 σωματικῶς

2091 2277 2452 2348 ἐκλαμϐάνων
2482 2278 2573 2332 τὸν
2621 2279 2806 2350 νόμον,
2838 2281 2978 2334 ἀλλὰ
3009 2281 3071 2334 τὸ
3101 2285 3473 2354 πνευματικὸν
3507 2288 3678 2342 αὐτοῦ

2090 2369 2393 2440 γνωρίζων,
2434 2362 2590 2434 οὗτος
2623 2370 2738 2442 ᾄδει
2770 2370 2830 2423 τὸ
2873 2372 3058 2425 καινὸν
3097 2369 3270 2444 ᾆσμα.
3300 2377 3442 2429 Διότι
3480 2376 3537 2429 τὸ
3577 2379 3680 2446 μὲν

2093 2459 2495 2530 παλαιούμενον
2530 2462 2625 2515 καὶ
2661 2463 2939 2534 γηράσκον
2973 2463 3073 2534 τῆς
3099 2463 3374 2536 Διαθήκης
3401 2466 3582 2538 διέϐηο
3613 2469 3678 2521 τὸ

2087 2551 2145 2606 δὲ
2179 2553 2363 2606 καινὸν
2386 2554 2480 2606 καὶ
2507 2555 2900 2626 ἀνανεούμενον
2941 2551 3091 2628 ᾆσμα
3122 2559 3274 2629 ἡμᾶς
3301 2559 3403 2628 τῆς
3429 2559 3522 2613 τοῦ
3556 2563 3674 2614 Κυ-

2091 2645 2206 2716 ρίου
2261 2646 2607 2712 διδασκαλίας
2651 2649 2922 2716 διεδέξατο
2977 2650 3121 2720 (91),
3172 2652 3295 2722 ἣτις
3334 2654 3675 2720 ἀνακαινίζει

2088 2736 2663 2812 ήμῶν,ὡςὰετοῦ,τὴν
2696 2741 2944 2812 νεότητα,
2966 2743 3090 2795 ὅταν
3123 2743 3434 2815 φθείρωμεν
3460 2747 3555 2816 μὲν
3581 2747 3675 2799 τὸν

2087 2827 2192 2895 ἔξω
2223 2828 2530 2898 ἄνθρωπον,
2561 2831 2983 2903 ἀνακαινώμεθα
3027 2835 3083 2888 δὲ
3111 2835 3292 2907 ἡμέρᾳ
3337 2837 3432 2889 καὶ
3462 2837 3670 2910 ἡμέρᾳ.

2099 2918 2261 2973 Ἀλλὰ
2287 2921 2382 2973 καὶ
2407 2923 2434 2975 6
2461 2925 2574 2985 τοῖς
2601 2922 2910 2995 ἔμπροσθεν
2936 2926 3382 2998 ἐπεκτεινόμενος
3415 2931 3502 2982 ἀεὶ
3553 2931 3676 2982 ἐαυ-

2084 3009 2179 3063 τοῦ
2209 3013 2522 3084 καινότερος
2559 3013 2789 3082 γίνεται.
2824 3015 2984 3069 Ὥστε
3019 3018 3046 3069 6
3079 3019 3166 3070 ἀεὶ
3207 3019 3516 3092 καινότερος
3545 3022 3674 3074 ἑαυ-

2086 3101 2182 3155 τοῦ
2208 3104 2492 3175 γινόμενος
2523 3106 2834 3177 καινότερον
2859 3103 3010 3180 ᾆσμα
3051 3109 3166 3181 ᾅδει
3191 3109 3268 3181 τῷ
3297 3110 3434 3182 Θεῷ.
3472 3114 3672 3167 Καινό-

415 3209 594 3252 ortum
621 3196 824 3250 habuit.
853 3195 982 3250 Sive
1013 3195 1174 3265 igitur
1203 3193 1592 3249 incarnationis
1623 3192 1838 3247 Domini
1869 3207 1984 3247 mo-

2089 3211 2241 3263 τερον
2260 3195 2318 3248 δὲ
2353 3195 2385 3266 ἢ
2425 3195 2486 3248 τὸ
2520 3197 2819 3268 παράδοξον
3112 3177 3399 3271 συνηθείας
3426 3202 3664 3271 λέγεται,

417 3291 544 3346 dum
585 3288 954 3343 admirabilem
989 3297 1043 3343 et
1081 3297 1269 3342 natura
1295 3286 1440 3342 omni
1473 3285 1808 3355 superiorem
1858 3299 1985 3339 nar-

420 3406 531 3455 res,
579 3387 851 3443 recentius
900 3401 966 3441 ac
1001 3385 1278 3442 insolitum
1319 3382 1590 3438 canticum
1648 3381 1979 3437 concinnis:

419 3485 536 3540 sive
581 3483 746 3539 totius
778 3484 957 3538 mundi
990 3497 1086 3552 per
1115 3490 1397 3554 peccatum
1431 3479 1714 3536 inveterati
1759 3493 1984 3548 regene-

416 3575 682 3632 rationem
735 3575 1246 3644 renovationemque
1281 3587 1591 3638 recenseas,
1637 3587 1702 3626 ac
1740 3586 1986 3626 resurre-

413 3668 610 3724 ctionis
646 3667 1048 3724 annuntiaveris
1081 3667 1359 3738 mysteria,
1400 3666 1480 3722 sic
1511 3677 1726 3737 quoque
1779 3677 1978 3718 novum

417 3772 482 3814 ac
511 3772 702 3814 recens
727 3759 999 3814 canticum
1029 3757 1200 3812 cauis.

477 4030 532 4084 '5.
573 4030 712 4085 Bene
746 4029 955 4099 psallite
991 4029 1038 4083 ei
1068 4030 1126 4084 in
1168 4028 1562 4098 vociferatione.
1600 4026 1796 4084 Audite
1837 4041 1978 4098 prte-

412 4131 650 4193 ceptum.
677 4120 815 4175 Bene
843 4119 1083 4190 psallite;
1114 4131 1291 4175 mente
1332 4129 1560 4186 attenta,
1601 4121 1813 4174 sincero
1845 4118 1979 4175 all’e-

405 4225 519 4270 ctu.
565 4212 632 4267 In
681 4212 1054 4282 vociferatione
1104 4211 1333 4280 psallite.
1371 4209 1532 4266 Velut
1582 4210 1709 4265 boni
1760 4209 1977 4279 quidem

406 4307 606 4362 milites
637 4317 757 4375 post
804 4314 1010 4373 partam
1041 4303 1106 4357 de
1139 4301 1383 4357 hostibus
1429 4302 1736 4368 victoriam,
1774 4299 1976 4355 referte

407 4402 634 4472 hymnos
671 4397 878 4452 auctori
911 4395 1167 4450 victoria}.
1200 4392 1482 4461 Con/idin,
1520 4393 1716 4463 inquit,
1751 4408 1843 4462 ego
1874 4391 1974 4447 vici

2091 3287 2122 3358 ἢ
2145 3288 2206 3341 τὸ
2235 3289 2562 3360 προσφάτως
2587 3290 2855 3360 παρελθὸν
2891 3293 2971 3356 είς
2997 3291 3093 3364 τὴν
3119 3294 3334 3362 γένεσιν
3364 3295 3499 3366 (92).
3537 3298 3665 3352 Ἐάν

2084 3393 2145 3430 τε
2180 3373 2274 3432 οὖν
2322 3378 2414 3432 τὸν
2447 3378 2747 3450 θαυμάσιον
2781 3381 2980 3453 τρόπον
3023 3384 3115 3436 καὶ
3141 3386 3322 3438 πᾶσαν
3350 3386 3448 3458 τὴν
3498 3388 3664 3457 φύσιν

2087 3469 2481 3542 ὑπερϐαίνοντα
2511 3473 2611 3542 τῆς
2636 3472 2790 3525 ἐνανο
2801 3475 3097 3545 ρωπήσεως
3116 3476 3279 3548 διηγῇ
3302 3478 3397 3532 τοῦ
3429 3481 3662 3552 Κυρίου,

2085 3562 2396 3634 καινότερον
2422 3559 2573 3634 ᾆσμα
2595 3565 2688 3617 καί
2721 3563 2869 3629 ξένον
2901 3567 3050 3638 ᾄδεις
3069 3585 3082 3597 ·
3117 3568 3211 3621 ἐάν
3235 3585 3292 3621 τε
3320 3571 3417 3640 τὴν
3437 3572 3664 3640 ἁναγέν-

2083 3671 2240 3726 νησιν
2267 3657 2362 3708 καὶ
2389 3657 2688 3711 ἀνανέωσιν
2711 3657 2804 3710 τοῦ
2831 3659 3033 3723 παντὸς
3070 3659 3276 3730 κόσμου
3309 3660 3402 3714 τοῦ
3433 3662 3539 3716 ὑπὸ
3563 3665 3662 3734 τῆς

2081 3748 2355 3821 ἁμαρτίας
2385 3749 2788 3815 παλαιωθέντος
2816 3749 3041 3825 διεξίῃς,
3081 3753 3176 3806 καὶ
3205 3751 3275 3805 τὰ
3300 3753 3399 3824 τῆς
3425 3755 3661 3808 ἀναστά-

2085 3854 2223 3902 σεως
2268 3839 2619 3913 ἀπαγγέλλῃς
2667 3842 2962 3913 μυστήρια,
3006 3843 3100 3896 καὶ
3153 3841 3298 3896 οὕτω
3333 3843 3521 3898 καινὸν
3563 3846 3662 3898 καὶ

2081 3929 2393 4001 πρόσφατον
2421 3931 2567 4004 ᾄδεις
2595 3932 2654 3986 τὸ
2677 3927 2846 4004 ᾆσμα.

2149 4023 2202 4077 5.
2228 4023 2438 4090 Καλῶς
2458 4025 2692 4093 ψάλατε
2721 4023 2881 4090 αὐτῷ
2913 4026 2984 4079 ἐν
3014 4026 3362 4097 ἀλαλαγμῷ.
3406 4029 3657 4083 Ἀκούετε

2077 4114 2174 4169 τοῦ
2199 4118 2679 4190 παραγγέλματος.
2705 4118 2915 4185 Καλῶς
2949 4118 3186 4187 ψάλατε
3207 4136 3219 4148 ·
3266 4120 3658 4193 ἀμετεωρίστῳ

2077 4212 2144 4280 τῇ
2187 4209 2414 4280 διανοίᾳ,
2465 4211 2748 4283 εἰλικρινεῖ
2793 4214 2860 4284 τῇ
2894 4212 3154 4266 διαθέσει.
3205 4213 3308 4267 Ἐν
3326 4213 3657 4283 ἀλαλαγμῷ

2077 4301 2333 4370 ψάλατε.
2371 4302 2579 4373 Ὥσπερ
2625 4302 2771 4366 τινὲς
2818 4303 2976 4378 καλοὶ
3032 4303 3364 4375 στρατιῶται
3403 4305 3541 4375 μετά
3585 4303 3655 4358 τὰ

2076 4393 2368 4464 νικητήρια
2393 4393 2461 4446 τά
2495 4394 2638 4447 κατά
2667 4395 2776 4448 τῶν
2805 4395 3048 4467 ἐχθρῶν,
3091 4397 3422 4465 ἀνενέγκατε
3453 4395 3653 4467 ὕμνους

401 4491 655 4544 mundum
680 4488 746 4542 ".
780 4487 910 4554 Quis
935 4487 1216 4542 hominum
1246 4487 1505 4540 adversus
1544 4483 1817 4540 diabolum
1859 4483 1972 4538 bel-

2089 4485 2155 4556 τῷ
2179 4487 2337 4554 αἰτίῳ
2364 4487 2464 4557 τῆς
2483 4488 2660 4558 νίκης.
2683 4491 2985 4557 Θαρσειτε,
3015 4490 3200 4561 φησιν,
3223 4490 3337 4559 ἐγὼ
3364 4491 3653 4556 νενίκηκα

401 4580 511 4634 lum
541 4576 728 4650 gerere
757 4580 956 4650 possit,
1003 4577 1104 4632 nisi
1131 4579 1196 4632 ad
1231 4577 1536 4647 prtesidium
1586 4576 1840 4645 potentiae
1871 4576 1972 4630 itn-

400 4673 666 4742 peratoris
715 4670 1119 4742 confugientes,
1167 4670 1315 4725 illinc
1369 4685 1467 4740 per
1521 4667 1679 4723 ﬁdem
1735 4682 1854 4738 quae
1915 4667 1969 4724 in

399 4765 516 4834 ipso
560 4772 677 4828 est,
727 4763 1003 4817 inimicum
1059 4769 1300 4816 nostrum
1337 4759 1594 4815 feriamus
1645 4773 1711 4813 ac
1753 4757 1968 4828 sagittis

469 4966 516 4999 "
551 4965 692 5022 Psal.
720 4981 832 5030 XCI,
857 4966 912 5021 4.
987 4966 1033 4997 ⁸⁸
1072 4963 1229 5019 Rom.
1273 4980 1366 5028 vn,
1399 4963 1453 5018 6.
1529 4963 1574 4995 "
1613 4961 1757 5018 Psal.
1782 4977 1876 5027 cn,
1905 4963 1960 5017 5.

2122 4963 2164 5017 ll
2191 4963 2322 5022 Cor.
2349 4979 2424 5031 tv,
2457 4965 2546 5022 16.

2074 4575 2182 4629 τὸν
2213 4575 2464 4646 κόσμον.
2501 4578 2596 4640 Τίς
2625 4577 2928 4650 ἀνθρώπων
2965 4578 3148 4642 ἱκανὸς
3190 4579 3650 4650 άντιστρατεύσα-

2075 4665 2198 4718 σθαι
2219 4666 2298 4738 τῷ
2329 4668 2573 4740 πονηρῷ,
2605 4669 2702 4722 ἐὰν
2739 4669 2813 4741 μὴ
2841 4673 2907 4742 τῇ
2939 4671 3116 4743 σκέπῃ
3145 4670 3238 4724 τοῦ
3284 4673 3650 4745 ἀρχιστρατή-

2071 4773 2169 4825 γου
2217 4757 2328 4829 (95)
2372 4759 2470 4830 τῆς
2499 4759 2779 4830 δυνάμεως
2811 4763 3245 4833 προσφυγόντες,
3290 4764 3500 4819 ἐκεῖθεν
3543 4763 3649 4818 ἀπὸ

2645 4980 2665 4998 ⁴
2695 4981 2853 5022 δοοη.
2883 4983 2997 5033 xvx,
3026 4968 3110 5023 15.

470 5149 580 5220 (88)
617 5151 751 5218 Reg.
789 5148 1070 5220 secund_us_
1094 5145 1430 5220 ettm__altero
1475 5160 1577 5220 ms.
1617 5143 1960 5220 titillavth
2058 5146 2275 5220 venitur
2319 5147 2372 5201 in
2427 5145 2612 5218 Regiis
2659 5148 2820 5203 tertio
2868 5158 2926 5204 et
2974 5159 3168 5220 quarto
3195 5159 3250 5206 et
3286 5149 3338 5203 in
3372 5147 3522 5204 Colb.
3553 5162 3640 5204 se-

393 5215 742 5292 ΚυρίῳηΑΙῖἱ
775 5235 905 5292 mss.
929 5216 1186 5292 190563.
1210 5216 1315 5271 Nec
1331 5218 1419 5292 ita
1447 5215 1612 5270 multo
1647 5227 1767 5292 post
1795 5215 1962 5292 editio

391 5284 568 5346 Paris.
595 5289 734 5344 ὥστε
769 5284 1141 5361 ἐναρμονίως.’
1160 5289 1232 5341 At
1255 5287 1503 5361 quinque
1520 5301 1666 5361 mss._
1679 5284 1820 5339 ὥστε
1860 5287 1963 5361 ἀρ-

395 5362 615 5431 μονίως.
651 5361 844 5418 Statim
871 5356 1028 5415 Colb.
1069 5367 1294 5427 quartus
1339 5356 1571 5426 θεωρίαν
1601 5358 1708 5411 τῶν
1753 5360 1960 5426 νοημά-

391 5449 578 5573 τέῖέο)
618 5497 1022 5573 Nostraﬂeditio
1055 5495 1230 5554 Paris.
1247 5505 1309 5573 _et
1341 5497 1578 5573 nonnulli
1625 5510 1753 5551 mss.
1776 5497 1958 5573 ἐπαγ-

390 5566 709 5642 γελλόμενα.
759 5571 863 5626 Alii
915 5585 1011 5642 sex
1064 5584 1194 5623 mss.
1236 5566 1705 5642 ἀπαγγελλόμενα.
1769 5566 1959 5642 Obiter

390 5637 748 5707 manebimus,
801 5641 1050 5696 mutilum
1099 5654 1218 5694 esse
1267 5639 1410 5691 hunc
1443 5637 1619 5691 locmn
1668 5639 1720 5691 in
1775 5637 1958 5690 multis

387 5725 546 5778 mss.,
578 5714 666 5776 qui
709 5715 788 5768 sic
840 5710 1086 5764 habent:
1132 5709 1422 5778 Μυστήρια
1469 5707 1675 5760 ἄνωθεν
1727 5709 1953 5776 ἐνηχου-

387 5777 553 5848 μένου
587 5782 674 5836 διὰ
705 5781 800 5836 τοῦ
834 5779 1172 5849 πνεύματος·
1200 5781 1230 5832 6
1255 5777 1453 5832 τοίνυν.
1487 5779 1592 5835 Sed
1629 5779 1837 5850 integer
1870 5779 1957 5832 iu-

2059 5218 2246 5285 ptimo.

2131 5286 2244 5360 (90)
2285 5285 2417 5360 Reg.
2444 5286 2718 5360 secundus
2747 5303 2868 5342 cum
2895 5287 3058 5360 Coisli.
3083 5287 3250 5360 ᾄσατε
3285 5287 3443 5360 αὐτῷ,
3466 5282 3634 5360 ᾆσμα,

2132 5343 2244 5428 (91)
2288 5343 2422 5427 Reiz.
2466 5359 2734 5429 secundus
2783 5374 2904 5429 cum
2961 5343 3113 5412 Colb..
3154 5363 3328 5429 primo
3397 5343 3615 5422 ἐδέξατο

2060 5425 2182 5479 Mox
2211 5425 2428 5498 codices
2445 5443 2554 5498 sex
2597 5427 3061 5498 ἀνακαινούμεθα.
3095 5425 3270 5484 Ειίἱιίο
3302 5429 3476 5485 Paris.
3507 5431 3636 5483 ἀνα-

2063 5496 2400 5569 καινώμεθα.
2439 5496 2573 5566 Reg.
2603 5508 2826 5569 quartus
2852 5496 3334 5569 ἀνακαινιζόμεθα.

2135 5570 2248 5636 (92)
2287 5567 2363 5638 ita
2391 5571 2630 5638 quinque
2658 5583 2787 5638 mss.
2813 5568 2988 5624 Editio
3020 5567 3194 5622 Paris.
3221 5569 3496 5638 γέννησιν.

2133 5637 2246 5709 (95)
2286 5636 2449 5713 Natat
2477 5636 2834 5693 Co’tnbelisius
2870 5654 3056 5694 vocem
3091 5636 3529 5713 ἀρχιστράτηγος
3567 5653 3632 5693 ex

2059 5707 2239 5789 Iosue;
2267 5723 2320 5771 ν,
2350 5707 2437 5772 14,
2463 5716 2753 5789 λευιξὶριιὶιῐι
2802 5723 2922 5765 esse
2962 5729 2976 5766 :
3021 5707 3144 5779 qua'
3167 5707 3322 5766 't'uale
3357 5710 3628 5766 intellecta

2063 5780 2424 5836 abutebantur
2449 5779 2658 5835 Aria'ni.
