4048 6220
391 367 499 429 ’529

1523 364 1807 421 HOMILIA
1844 363 1911 418 IN
1954 362 2280 420 PSALMUM
2319 361 2531 417 XXXII.

3515 365 3617 422 330

390 489 493 555 πῆς
516 488 573 539 ἐν
603 483 753 555 αὐτῷ
790 483 1024 547 πίστεως
1057 482 1303 553 βάλωμεν
1322 482 1428 553 (94)
1453 484 1610 554 ἡμῶν
1634 484 1723 536 τὸν
1747 483 1956 555 ἐχθρὸν,

2066 482 2424 547 impetamus?
2480 481 2618 535 Bene
2662 482 2823 552 igitur
2864 482 3073 551 psallite
3117 484 3171 536 in
3216 483 3618 553 3vociferatione.

389 575 488 633 ἐπὶ
510 573 881 643 τοξεύσωμεν;
914 573 1124 639 Καλῶς
1151 572 1242 626 οὖν
1270 566 1588 641 ψὰλατέἐν
1614 572 1957 643 ἀλαλαγμῷ.

399 664 553 718 Ἐστι
584 665 640 717 δὲ
667 668 695 718 6
723 664 1034 735 ἀλαλαγμὸς
1058 668 1206 736 φωνή
1233 682 1316 727 τις
1345 666 1634 737 ἄναρθρος,
1658 665 1960 737 συμφώνως

396 755 645 827 ἀλλήλοις
699 756 807 808 τῶν
848 756 1286 820 συνασπιζόντων
1336 758 1394 809 ὲν
1452 754 1529 827 τῷ
1572 758 1793 829 πολέμῳ
1839 774 1961 810 συν-

396 848 867 919 ιπηχοὺντων.Ἐν
890 850 1178 919 συμφωνίᾳ
1207 845 1297 902 οὖν
1330 849 1423 902 καὶ
1457 850 1513 902 ἐν
1545 850 1834 920 συμπνοίᾳ,
1867 850 1961 903 καὶ

394 944 460 1011 τῇ
488 940 573 994 διὰ
600 941 696 1010 τῆς
723 941 939 1012 ἀγάπης
968 940 1155 994 ἐνώσει
1178 940 1402 1009 ψάλατε.
1428 941 1492 993 Τί
1514 937 1604 995 οὖν
1632 942 1712 994 δεῖ
1736 941 1961 1012 ψάλλον-

394 1050 495 1095 τας
527 1032 736 1100 λέγεινς
770 1032 899 1085 "Ott
932 1031 1115 1098 εὐθὴς
1148 1034 1180 1085 ό
1218 1033 1399 1101 λόγος
1435 1033 1542 1085 τοῦ
1576 1034 1820 1101 Κυρίου.
1863 1030 1963 1085 Διὰ

393 1124 553 1197 τοῦτο
586 1125 850 1195 πρότερον
906 1126 1033 1187 τοὺς
1084 1123 1260 1186 εὑθεῖς
1311 1125 1468 1176 καλεῖ
1522 1124 1633 1193 (95)
1683 1124 1821 1194 πρὸς
1863 1124 1962 1192 τὴν

395 1218 616 1279 αίνεσιν,
660 1216 844 1287 ἐπειδὴ
878 1215 1038 1286 εὑθής
1070 1215 1184 1267 ἐστι
1225 1214 1317 1267 καὶ
1354 1216 1382 1267 6
1417 1214 1621 1284 μέλλων
1648 1212 1961 1278 δοξάζεσθαι

396 1306 587 1372 Λόγος,
622 1306 651 1358 6
683 1303 775 1358 τοῦ
806 1304 1033 1376 Κυρίου,
1063 1305 1091 1356 6
1129 1306 1187 1358 ἐν
1218 1305 1358 1375 ἀρχῇ
1402 1304 1477 1357 ὢν
1514 1304 1647 1374 πρὸς
1672 1305 1762 1356 τὸν
1793 1303 1958 1366 Θεὸν,

398 1397 492 1450 καὶ
519 1396 648 1460 Θεὸς
669 1395 762 1451 ὢν.
801 1396 976 1467 Εὑθὴς
1006 1392 1097 1449 οὖν
1123 1399 1150 1449 6
1168 1398 1375 1467 Πατήρ·
1398 1396 1559 1465 εὑθὴς
1581 1398 1608 1449 6
1638 1395 1781 1459 Υἱόςο
1808 1395 1963 1458 εὑθὲς

396 1487 458 1538 τὸ
505 1487 655 1552 ἆγιον
706 1486 951 1555 Πνεῦμα.
1004 1486 1115 1538 Καὶ⁹
1169 1486 1346 1539 πάντα
1389 1485 1459 1538 τὰ
1516 1486 1652 1557 ἔργα
1690 1482 1850 1537 αὑτοῦ
1903 1485 1961 1538 ὲν

399 1577 600 1632 πίστει.
632 1578 695 1629 Τί
717 1578 861 1630 ἐστιν
900 1577 928 1630 ὃ
959 1577 1135 1646 λέγεις
1174 1577 1373 1647 Ἔργον
1405 1578 1433 1630 6
1456 1576 1700 1646 οὐρανὸς,
1731 1575 1889 1646 ἔργον
1927 1576 1959 1646 ἡ

399 1671 494 1739 γ’ἧ,
536 1670 695 1741 ἔργον
732 1672 763 1740 ἡ
804 1670 1076 1730 θάλασσα,
1113 1672 1140 1723 6
1174 1670 1301 1739 ἀὴρ,
1348 1667 1415 1721 τὰ
1454 1667 1633 1738 ἄψυχα
1667 1669 1864 1731 πάντα,
1895 1666 1962 1720 τὰ

2064 575 2162 628 Est
2202 586 2381 629 autem
2414 573 2724 630 vociferatio
2750 588 2848 626 vox
2878 576 3117 641 quaedam
3156 574 3400 639 confusa,
3429 591 3551 631 cum
3583 578 3619 633 ii

2064 664 2154 735 qui
2185 666 2238 719 in
2270 665 2408 719 bello
2442 679 2499 719 se
2524 664 2749 719 invicem
2775 662 2987 733 agmine
3018 663 3257 718 conferto
3285 666 3617 729 adoriuntur,

2062 773 2355 814 consonam
2396 771 2580 812 vocem
2609 756 2793 810 edunt.
2836 754 3019 823 Itaque
3058 754 3111 807 in
3161 764 3419 810 concentu
3464 766 3519 811 et
3566 759 3619 812 in

2062 849 2375 913 concordia,
2415 856 2471 904 et
2507 849 2559 903 in
2611 847 2891 901 charitatis
2951 846 3326 913 conjunctione
3384 846 3617 913 psallite.

2065 941 2201 1008 Quid
2260 942 2423 1011 igitur
2477 939 2767 1009 psallentes
2816 938 2993 991 dicere
3065 938 3311 1004 oportet?
3360 938 3620 992 Nimirum

2071 1033 2231 1105 134.
2259 1035 2422 1088 Vsus.
2452 1031 2485 1085 4
2508 1046 2521 1084 :
2549 1030 2701 1096 Quod
2731 1037 2925 1083 rectum
2958 1040 3029 1082 est
3053 1029 3258 1083 verbum
3285 1028 3512 1084 Domini.
3536 1029 3621 1083 ld-

2061 1128 2211 1182 circo
2239 1135 2419 1180 rectos
2462 1125 2613 1193 prius
2642 1123 2705 1176 ad
2738 1120 3095 1175 laudationem
3126 1130 3301 1182 vocat,
3350 1121 3492 1190 quod
3540 1135 3625 1175 re-

2062 1226 2207 1273 ctum
2255 1224 2336 1270 est
2370 1215 2533 1268 etiam
2583 1212 2711 1267 illud
2759 1210 2968 1265 Domini
3016 1210 3287 1272 Verbum,
3337 1209 3476 1279 quod
3509 1218 3625 1262 erat

2062 1308 2229 1376 gloria
2290 1305 2661 1367 aﬁiciendum,
2710 1304 2852 1370 quod
2903 1303 2954 1356 in
3006 1302 3265 1371 principio
3319 1311 3434 1356 erat
3483 1303 3622 1371 apud

2065 1403 2255 1461 Deum,
2285 1408 2339 1452 et
2376 1397 2516 1451 Deus
2544 1404 2663 1450 erat
2686 1394 2754 1449 °°.
2787 1392 2987 1447 Rectus
3026 1394 3205 1461 itaque
3231 1392 3412 1455 Pater,
3446 1404 3623 1447 rectus

2061 1491 2251 1554 Filius,
2280 1499 2459 1544 rectus
2489 1488 2721 1556 Spiritus
2746 1497 2983 1542 sanctus.
3011 1485 3079 1539 Et
3119 1487 3293 1539 omnia
3323 1502 3479 1553 opera
3511 1485 3624 1554 ejus

2059 1585 2116 1637 in
2158 1583 2282 1651 ﬁde.
2331 1582 2467 1648 Quid
2517 1590 2602 1636 est
2646 1581 2789 1650 quod
2854 1579 3024 1633 dicit?
3066 1578 3211 1647 Opus
3263 1588 3344 1631 est
3392 1576 3621 1640 caelum,

2059 1689 2193 1743 opus
2228 1686 2399 1737 terra,
2431 1687 2565 1741 opus
2605 1687 2769 1735 mare,
2807 1687 2921 1735 aer,
2956 1671 3247 1726 inani-tata
3275 1670 3478 1735 omnia,
3509 1670 3626 1723 ani-

399 1761 638 1832 ιμψυχα,
683 1762 752 1814 τὰ
778 1761 990 1831 λογικὰ,
1030 1760 1099 1814 τὰ
1129 1760 1319 1828 ἄλογα.
1364 1759 1488 1823 Πῶς
1540 1756 1634 1813 οὑν
1683 1760 1741 1811 ἐν
1780 1759 1960 1811 πίστει

2066 1775 2228 1830 mata,
2276 1766 2593 1829 rationalia,
2644 1763 2996 1819 irrationalia.
3040 1762 3316 1829 Quomodo
3362 1763 3523 1831 igitur
3570 1762 3623 1814 in

401 1825 610 1917 ascivit-1';
650 1852 777 1904 ποία
815 1825 995 1914 πίστις
1027 1853 1085 1904 ἐν
1123 1825 1510 1920 τοϊς-ἀψύχοις
1554 1850 1683 1903 ποία
1710 1850 1892 1911 πίστις
1926 1850 1957 1919 ἡ

2066 1855 2167 1908 ﬁde
2200 1854 2426 1908 omnia?
2474 1852 2729 1920 Quaenam
2779 1852 2830 1905 in
2882 1849 3191 1904 inanintatis
3240 1847 3406 1901 ﬁdes?
3452 1845 3624 1915 qualis

398 1942 507 1997 τῶν
556 1942 805 2011 ἀλόγωνς
852 1943 990 1995 Ποία
1027 1942 1084 1995 δὲ
1122 1943 1303 2005 πίστις
1347 1944 1403 1994 ἐν
1436 1940 1511 2010 τῷ
1546 1940 1705 2011 λίθῳ;
1737 1941 1866 1993 ποία
1904 1939 1959 1993 δὲ

399 2032 579 2096 πίστις
634 2034 691 2085 ἐν
734 2033 811 2103 τῷ
856 2034 1005 2097 κυνί;
1046 2032 1181 2085 Οὔτε
1236 2033 1460 2102 ἄψυχον,
1511 2030 1634 2084 οὔτε
1684 2031 1874 2099 ἄλογον
1904 2032 1960 2083 ἐν

400 2123 598 2177 πίστει.
628 2126 691 2177 Ἥ
739 2125 918 2195 μέντοι
964 2124 1236 2193 ἀπόφασις
1275 2124 1426 2176 οὐδὲν
1467 2123 1779 2189 ὑπεξείλετο
1826 2122 1959 2191 (96),

399 2216 533 2269 ἀλλὰ
577 2217 752 2269 πάντα
797 2216 1147 2285 περιείληφεν
1179 2215 1437 2268 εἰποῦσα·
1473 2213 1675 2269 Πάντα
1710 2214 1783 2267 τὰ
1820 2214 1963 2283 ἔργα

399 2308 583 2360 αὑτοῦ
608 2308 676 2359 ἐν
706 2308 925 2360 πίστει.
967 2308 1031 2359 Τί
1055 2304 1148 2360 οὖν
1177 2309 1324 2360 ἐστιν
1355 2308 1382 2360 ὃ
1407 2306 1588 2375 λέγει;
1637 2306 1760 2360 Ἐάν
1789 2323 1847 2359 τε
1870 2308 1962 2359 οὑ-

401 2397 580 2466 ρανὸν,
617 2397 801 2466 φησιν,
834 2396 968 2467 ἴδῃς,
999 2398 1094 2450 καὶ
1125 2396 1222 2467 τὴν
1255 2399 1312 2450 ἐν
1342 2396 1489 2467 αὑτῷ
1516 2396 1669 2460 τάξιν
1688 2438 1701 2459 ,
1731 2394 1964 2460 πίστεώς

400 2491 547 2541 ἐστιν
568 2490 757 2559 ὁδηγός
779 2508 792 2521 ·
826 2491 1063 2543 δείκνυσι
1089 2491 1196 2561 γὰρ
1230 2491 1320 2544 τὸν
1354 2492 1605 2561 τεχνίτην
1635 2491 1701 2543 δι’
1731 2490 1925 2544 ἐαυτοῦ
1946 2508 1959 2521 ·

402 2585 496 2637 ἐάν
523 2600 583 2635 τε
601 2584 697 2646 τὰς
718 2601 783 2635 πε
795 2585 845 2654 pl
868 2584 964 2654 τὴν
992 2586 1095 2653 γῆν
1121 2584 1527 2653 διακοσμήσεις,
1562 2583 1720 2636 πάλιν
1752 2585 1846 2637 καὶ
1880 2584 1966 2638 διὰ

401 2673 604 2727 τούτων
638 2675 858 2739 αὔξεταί
897 2692 981 2728 σοι
1006 2678 1039 2745 ἡ
1076 2676 1202 2746 περὶ
1238 2676 1327 2727 τὸν
1358 2676 1490 2729 Θεὸν
1528 2677 1727 2738 πίστις.
1753 2677 1827 2728 Οὑ
1859 2676 1966 2749 γὰρ

404 2766 682 2833 σαρκίνοις
713 2766 1010 2836 ὀφθαλμοῖς
1042 2766 1448 2837 καταμαθόντες
1494 2768 1586 2819 τὸν
1622 2767 1773 2829 Θεὸν,
1803 2784 1965 2820 πεπι-

405 2855 706 2926 στεύκαμεν
731 2859 811 2921 είς
839 2858 1020 2921 αὑτὸν,
1051 2857 1186 2911 ἀλλὰ
1231 2861 1295 2929 τῇ
1329 2857 1423 2909 τοῦ
1472 2857 1565 2911 νοῦ
1612 2860 1834 2928 δυνάμει
1882 2858 1969 2911 διὰ

402 2946 511 2999 τῶν
533 2948 825 3019 ὁρωμένων
850 2950 939 3003 τὸν
961 2951 1190 3021 ἀόρατον
1210 2951 1548 3022 καθορῶμεν.
1570 2951 1769 3004 Πάντα
1786 2944 1877 3001 οὖν
1898 2948 1969 3001 τὰ

402 3034 546 3104 ἔργα
560 3037 745 3091 αὑτοῦ
768 3038 838 3091 ἐν
864 3040 1082 3092 πίστει.
1105 3039 1322 3093 nam
1335 3040 1479 3093 λίθον
1496 3039 1837 3110 καταμάθῃς,
1857 3038 1967 3107 ἔχει

404 3129 497 3181 καὶ
525 3130 687 3192 αὑτός
722 3146 841 3183 τινα
870 3131 971 3200 τῆς
1001 3132 1280 3201 δυνάμεως
1307 3132 1402 3185 τοῦ
1437 3131 1796 3202 πεποιηκότος
1828 3131 1965 3183 ἀπό-

403 3214 599 3281 δειξιν·
644 3219 744 3272 κᾶν
787 3220 1087 3292 μύρμηκα,
1135 3221 1239 3274 κᾶν
1274 3222 1497 3291 ἐμπίδα,
1534 3221 1635 3275 κᾶν
1683 3220 1961 3291 μέλισσαν.

405 3309 670 3372 Πολλάκις
711 3312 805 3364 καὶ
834 3314 890 3366 ἐν
916 3314 1028 3374 τοῖς
1061 3314 1404 3384 μικροτάτοις
1442 3315 1475 3383 ἡ
1525 3314 1686 3382 σοφία
1732 3312 1825 3365 τοῦ
1874 3312 1967 3380 δη-

408 3398 664 3468 μιουργοῦ
700 3400 1055 3468 διαφαίνεται.
1103 3402 1159 3455 '0
1205 3402 1313 3473 γὰρ
1366 3402 1589 3473 οὐρανὸν
1636 3400 1965 3467 διαπλώσας,

404 3488 497 3540 καὶ
537 3489 603 3541 τὰ
635 3488 841 3542 ἄπλετα
868 3491 1068 3562 μεγέθη
1110 3491 1216 3545 τῶν
1251 3492 1503 3560 πελαγῶν
1527 3492 1781 3561 ἀναχέας,
1815 3486 1969 3554 οὗτός

404 3579 551 3631 ἐστιν
579 3578 608 3629 ὁ
641 3579 812 3631 καὶτὸ
836 3580 1158 3634 λεπτότατον
1189 3581 1413 3653 κέντρον
1441 3583 1540 3651 τῆς
1572 3582 1832 3652 μελίσσης
1858 3599 1970 3635 κοι-

404 3668 569 3732 λάνας
594 3658 782 3742 ὥσπερ
816 3672 997 3732 αὐλὸν.
1036 3672 1175 3725 ὥστε
1206 3674 1273 3726 δι’
1315 3673 1480 3726 αὑτοῦ
1510 3674 1600 3726 τὸν
1642 3673 1718 3726 ίδν
1751 3675 1971 3743 ἀποχεί-

406 3761 550 3813 σθαι.
572 3759 774 3812 Πάντα
793 3758 885 3813 οὖν
910 3763 979 3815 τὰ
999 3764 1140 3832 ἔργα
1154 3764 1339 3817 αὑτοῦ
1365 3764 1665 3817 ἐνπίστει.
1684 3763 1866 3833 Μηδέν
1889 3780 1970 3816 σοι

403 3848 657 3912 ἀπιστίας
683 3850 891 3917 ἐφόδιον
913 3850 1069 3904 ἔστω.
1106 3853 1195 3923 Μὴ
1224 3851 1383 3924 εἴπῃς
1402 3867 1415 3881 ⁸
1462 3853 1549 3915 Ὠς
1568 3852 1746 3923 ἔτυχε,
1784 3855 1971 3922 γέγονε

404 3940 579 4005 τοῦτο,
596 3944 689 3995 καὶ
714 3943 1035 4014 αὐτομάτως
1059 3945 1339 4015 ἀπήντησε
1356 3944 1495 3999 τόδε.
1523 3946 1690 3998 Οὑδέν
1716 3946 1968 4009 ἄτακτον,

404 4034 555 4087 οὐδὲν
578 4035 848 4106 ἀόριστον,
889 4035 1041 4088 οὑδέν
1062 4038 1180 4106 εικῆ
1213 4036 1525 4105 γενόμενον,
1561 4036 1682 4089 οὐδὲ
1718 4037 1793 4100 ὡς
1814 4036 1970 4107 ἔτυχε

406 4124 702 4193 φερόμενον
730 4126 787 4177 ἐν
810 4128 921 4188 τοῖς
952 4121 1120 4181 οὖσιν.
1161 4127 1253 4191 Ἢ,
1289 4126 1448 4197 Κακὴ
1477 4126 1754 4195 συντυχία,
1784 4126 1839 4197 ἢ,
1864 4126 1970 4177 Ilo-

406 4215 546 4286 νηρὲ
579 4216 713 4286 ὥρα.
760 4217 1120 4272 Ἀπαιδεύτων
1149 4214 1308 4273 αὗται
1338 4220 1394 4271 αί
1427 4218 1625 4288 φωναί.
1677 4219 1823 4287 Οὐχὶ
1862 4218 1971 4272 δύο

408 4307 691 4372 στρουθία
721 4308 1018 4376 ἀσσαρίου
1043 4308 1317 4363 πωλεῖται
1332 4326 1350 4373 ;
1368 4310 1463 4363 καὶ
1489 4308 1558 4362 ἓν
1584 4308 1653 4373 ἐξ
1672 4309 1869 4362 αὐτῶν
1899 4311 1971 4363 οὐ

407 4396 677 4450 πεσεῖται
714 4399 841 4451 ἄνευ
873 4398 967 4452 τοῦ
998 4399 1140 4453 θείου
1170 4400 1472 4471 θελήματος
1506 4401 1639 4472 (97).
1692 4401 1865 4453 Πόσαι
1913 4402 1970 4453 αἱ

2060 1956 2145 2001 est
2169 1947 2300 2000 ﬁdes
2328 1945 2640 1999 brutorum?
2662 1944 2915 2007 Quaenam
2945 1942 3074 1995 ﬁdes
3106 1941 3156 1993 in
3195 1938 3407 2008 lapide?
3438 1938 3624 1990 rursus

2061 2053 2179 2107 qua:
2208 2038 2339 2091 ﬁdes
2374 2038 2425 2091 in
2460 2036 2630 2091 cane?
2660 2035 2842 2104 Neque
2873 2033 3244 2094 inanimatum,
3286 2042 3458 2096 neque
3497 2027 3624 2081 bru-

2063 2140 2175 2184 tum
2213 2131 2263 2183 in
2295 2130 2399 2184 ﬁde
2433 2138 2533 2183 est.
2563 2128 2687 2181 Haec
2716 2135 2892 2181 tamen
2918 2124 3186 2179 sententia
3223 2121 3358 2174 nihil
3389 2117 3617 2186 excepit,

2062 2220 2154 2275 sed
2180 2222 2357 2273 omnia
2384 2217 2811 2287 comprehendit,
2836 2218 3020 2270 dicens
3050 2234 3062 2266 :
3102 2215 3291 2268 Omnia
3322 2228 3478 2277 opera
3509 2210 3625 2279 ejus

2062 2312 2116 2363 in
2159 2310 2284 2378 ﬁde.
2314 2309 2452 2376 Quid
2502 2309 2663 2378 igitur
2699 2315 2783 2361 est
2812 2307 2953 2376 quod
3002 2305 3167 2360 dicit?
3218 2304 3363 2367 Sive,
3416 2300 3623 2371 inquit,

2065 2401 2425 2468 contemplere
2481 2399 2677 2455 cmlnm
2736 2398 2957 2468 ejusque
3012 2398 3292 2458 ordinem,
3347 2394 3468 2449 ﬁdei
3518 2394 3625 2448 dux

2065 2501 2187 2555 est;
2237 2489 2498 2544 artiﬁcem
2544 2490 2687 2543 enim
2734 2504 2830 2557 per
2869 2504 2929 2543 se
2967 2488 3139 2554 ipsum
3189 2486 3425 2541 ostendit
3463 2503 3476 2538 :
3514 2485 3628 2538 sive

2068 2592 2225 2637 terra:
2255 2590 2525 2646 ornatum,
2574 2596 2763 2635 rursus
2807 2595 3018 2649 quoque
3059 2579 3161 2633 hoc
3213 2587 3368 2647 pacto
3400 2586 3627 2645 augetur

2070 2682 2153 2728 tua
2202 2673 2252 2726 in
2288 2673 2452 2727 Deum
2484 2672 2634 2726 ﬁdes.
2664 2670 2778 2724 Non
2813 2672 2956 2725 enim
3003 2671 3212 2726 carneis
3255 2669 3425 2723 oculis
3460 2669 3627 2723 Deunt

2066 2765 2262 2829 edocti,
2300 2764 2350 2817 in
2384 2764 2553 2832 ipsum
2586 2763 2933 2825 credidimus,
2971 2762 3064 2817 sed
3097 2762 3146 2814 vi
3197 2760 3390 2814 mentis
3418 2774 3515 2829 per
3546 2759 3628 2812 vi-

2067 2856 2241 2909 sibilia
2287 2854 2606 2908 iuvisibilem
2658 2853 3035 2924 conspicimus.
3072 2850 3259 2905 Omnia
3292 2864 3421 2920 ergo
3473 2865 3627 2919 opera

2067 2947 2180 3015 ejus
2227 2947 2283 2999 in
2329 2946 2453 3013 fide.
2504 2946 2630 3001 Sive
2674 2945 2903 3016 lapidem
2964 2945 3417 3009 eonsideraveris,
3468 2942 3631 2996 habet

2068 3035 2228 3089 etiam
2263 3034 2378 3104 ipse
2412 3034 2644 3103 aliquam
2684 3035 2934 3104 potentia:
2964 3034 3258 3089 conditoris
3291 3035 3625 3087 demonstra-

1994 3165 2041 3225 Ο
2071 3127 2302 3192 tionem;
2345 3128 2458 3182 sive
2502 3126 2804 3188 formicam.
2850 3127 2961 3181 sive
2998 3127 3254 3192 culicem,
3296 3125 3410 3180 sive
3450 3139 3625 3193 apem.

2070 3219 2225 3289 Saepe
2267 3222 2347 3274 vel
2381 3221 2434 3274 in
2478 3220 2711 3275 minimis
2739 3220 2916 3275 elucet
2957 3221 3165 3288 opiﬁcis
3209 3219 3492 3288 sapientia.
3526 3218 3628 3285 Qui

2066 3314 2207 3368 enim
2257 3312 2453 3366 cadum
2504 3312 2780 3380 expandit,
2811 3323 2865 3367 et
2898 3314 3212 3366 immensam
3250 3311 3419 3381 pelagi
3467 3310 3630 3363 vasti-

2069 3411 2233 3457 tatem
2282 3401 2486 3464 effudit,
2519 3402 2606 3456 ille
2640 3403 2753 3471 ipse
2781 3411 2886 3466 est,
2924 3403 3012 3472 qui
3051 3402 3421 3456 tenuissimum
3465 3402 3627 3456 etiam

2068 3495 2185 3563 apis
2233 3494 2476 3549 aculeum
2515 3494 2679 3548 veluti
2720 3494 2950 3548 ﬁstulam
2976 3495 3283 3561 excavavit,
3336 3504 3391 3547 ut
3435 3509 3533 3564 per
3578 3494 3629 3547 id

2070 3586 2218 3638 virus
2266 3581 2590 3637 effundatur.
2632 3582 2823 3637 Omnia
2870 3583 3030 3653 igitur
3059 3600 3213 3652 opera
3246 3582 3357 3650 ejus
3406 3586 3457 3635 in
3503 3583 3627 3650 ﬁde.

2071 3674 2223 3729 Nulla
2268 3675 2361 3728 tibi
2414 3674 2486 3728 sit
2531 3674 2917 3729 incredulitatis
2953 3675 3191 3729 occasio.
3242 3673 3321 3728 Ne
3370 3675 3570 3729 dixeris
3615 3696 3627 3731 :

2072 3764 2183 3819 Hoc
2216 3774 2415 3819 temere
2447 3764 2674 3829 factum,
2704 3776 2757 3820 et
2792 3766 2917 3819 illud
2946 3781 3074 3820 casu
3122 3766 3317 3820 evenit.
3357 3764 3500 3818 Nihil
3549 3765 3631 3818 in-

2071 3858 2372 3911 ordinatum
2404 3866 2519 3919 est,
2572 3858 2977 3911 interminatum
3025 3856 3186 3920 nihil,
3243 3856 3377 3909 nihil
3427 3855 3628 3909 frustra

2072 3946 2307 4010 factum,
2363 3960 2537 4014 neque
2591 3946 2879 4014 quidquam
2931 3958 3108 3998 rerum
3163 3942 3384 3997 fortuito
3439 3943 3629 3996 fertur.

2071 4034 2254 4104 Neque
2284 4034 2473 4091 dicas:
2514 4034 2682 4089 Malus
2723 4050 2901 4095 casus,
2945 4043 3035 4088 aut
3069 4033 3238 4087 Prava
3281 4033 3432 4087 hora.
3460 4030 3633 4087 Voces

2073 4126 2203 4195 ipsae
2245 4138 2372 4182 sunt
2403 4127 2816 4182 ineruditorum.
2866 4126 3054 4180 Nonne
3096 4126 3199 4179 duo
3238 4140 3473 4194 passeres
3517 4139 3632 4177 asse

2071 4232 2312 4288 veneunt,
2344 4232 2393 4276 et
2433 4238 2565 4276 unus
2597 4238 2662 4276 ea:
2690 4222 2793 4276 illis
2826 4237 2927 4275 non
2966 4223 3111 4275 cadet
3154 4220 3268 4274 sine
3315 4220 3492 4273 divina
3540 4234 3632 4271 vo-

2074 4314 2278 4368 Iunlate
2300 4313 2378 4367 “?
2418 4313 2560 4379 Quot
2601 4313 2779 4381 capilli
2825 4312 3049 4379 capitis!
3110 4311 3254 4367 Unus
3283 4326 3349 4366 ex
3397 4311 3480 4365 his
3525 4320 3632 4364 tra-

2073 4406 2219 4461 ditus
2250 4419 2356 4460 non
2398 4414 2481 4459 est
2513 4403 2769 4460 oblivioni
2796 4404 2861 4458 ⁸⁸.
2891 4403 3051 4458 Vides
3093 4402 3329 4456 divinum
3379 4400 3632 4465 oculum,

406 4489 591 4560 τρίχες
611 4490 709 4560 τῆς
737 4493 1010 4560 κεφαλῆςί
1046 4494 1160 4547 Μία
1187 4494 1364 4545 αὑτῶν
1404 4495 1503 4546 οὑκ
1543 4494 1688 4547 ἔστιν
1722 4493 1965 4565 ἐπιλελη-

2074 4497 2341 4563 quomodo
2367 4494 2498 4548 nihil
2530 4493 3007 4548 minutissimarum
3036 4508 3215 4546 rerum
3244 4492 3631 4561 inspectionem

410 4580 601 4650 σμένη.
639 4582 799 4652 Ὁρᾷς
830 4583 921 4636 τὸν
961 4584 1098 4636 θεῖον
1121 4584 1413 4654 ὀφθαλμὸν,
1437 4585 1513 4648 ὡς
1536 4586 1687 4638 οὐδὲν
1718 4587 1827 4638 τῶν
1880 4603 1967 4655 μι-

410 4672 686 4740 κροτάτων
736 4673 837 4743 τὴν
890 4674 1194 4743 ἐπισκοπὴν
1258 4675 1422 4727 αὑτοῦ
1478 4675 1754 4744 διαφεύγει
1816 4676 1965 4747 (98);

422 4763 647 4832 Ἀταπᾷ
677 4766 1098 4833 ἐλεημοσύνην
1129 4767 1226 4819 καὶ
1273 4768 1475 4834 κρίσιν
1512 4770 1545 4820 ὀ
1572 4768 1813 4835 Κύριος⁹
1863 4769 1970 4821 τοῦ

407 4853 620 4921 ἐλέους
667 4857 890 4923 Κυρίου
941 4856 1179 4925 πλήρης
1228 4860 1268 4926 ὴ
1326 4856 1425 4927 γῆ.
1479 4858 1543 4911 Ei
1598 4858 1718 4912 καθ’
1773 4859 1972 4930 ἑαυτὴν

410 4946 652 5017 ὑπῆρχεν
681 4945 827 5018 ήτοῦ
853 4947 987 5000 Θεοῦ
1008 4948 1207 5019 κρίσις,
1241 4949 1529 5019 ἀποτόμως
1555 4951 1685 5019 ἡμῖν
1708 4950 1848 5003 κατὰ
1873 4950 1969 5021 τὴν

409 5038 567 5105 ἀξίαν
596 5041 751 5110 ἡμῶν
772 5040 1112 5104 ἀποδιδόντος
1135 5042 1271 5112 πρὸς
1304 5041 1339 5095 ἃ
1361 5042 1715 5112 ἐποιήσαμεν,
1746 5043 1874 5096 ποία
1902 5039 1970 5113 ἦν

410 5130 592 5197 ἐλπίςς
645 5130 729 5195 τίς
757 5130 823 5185 ἂν
863 5132 1040 5203 ἐσώθη
1077 5133 1185 5186 τῶν
1219 5134 1468 5195 πάντων;
1498 5132 1609 5186 Νῦν
1649 5133 1707 5186 δὲ
1751 5133 1969 5203 Ἀγαπᾷ

484 5270 530 5302 ⁸⁸
566 5268 725 5325 Joan.
760 5280 800 5333 ι,
834 5269 884 5323 1.
962 5270 1003 5301 ⁶¹
1047 5269 1231 5325 Matth.
1277 5286 1330 5333 ι,
1360 5268 1452 5324 29.
1528 5270 1571 5301 ⁶’
1613 5269 1741 5325 ibid.
1768 5269 1857 5326 '50.

489 5426 601 5499 (94)
641 5428 731 5484 Sic
760 5430 912 5496 Regii
946 5439 1169 5497 quartus
1195 5441 1251 5486 et
1275 5441 1459 5485 sextus
1482 5445 1603 5485 cum
1634 5429 1786 5485 Colb.
1814 5445 1973 5499 quar-

416 5500 689 5572 to.__Editio
721 5499 889 5572 Paris.
920 5500 1214 5572 βάλλωμεν.
1243 5500 1362 5555 Mox
1397 5500 1525 5572 Reg.
1557 5502 1823 5555 secundus
1850 5516 1970 5572 crint

411 5564 577 5691 ξξὲὺό
598 5570 770 5638 primo
796 5564 1122 5642 τοξεῦωμενζ
1162 5572 1355 5627 Statim
1398 5564 1550 5625 Colb.
1594 5580 1819 5639 quartus
1858 5570 1973 5622 ἐστι

411 5650 598 5777 γαῗ9ἕδ
635 5706 786 5763 Colb.
837 5720 1061 5774 quartus
1107 5709 1311 5765 ἐκάλει.
1353 5707 1552 5777 ibidem
1600 5723 1791 5763 novem
1840 5723 1968 5763 mss.

413 5775 538 5831 cum
581 5775 815 5836 editione
848 5779 1009 5837 Basil.
1054 5781 1274 5855 Ἐπειδὴ
1304 5775 1456 5843 οὗτός
1495 5782 1629 5832 ἐστι.
1665 5778 1837 5834 Editio
1877 5778 1974 5834 Pa-

2073 4585 2188 4653 ejus
2214 4583 2475 4653 eﬂ'ugiat?
2512 4584 2671 4639 Vens.
2700 4584 2755 4637 5.
2790 4582 2968 4651 Diligit
3014 4584 3420 4636 misericordiam
3460 4593 3509 4636 et
3543 4582 3637 4651 ju-

2073 4678 2270 4731 dicium
2323 4675 2577 4729 Dominus
2620 4688 2639 4726 :
2685 4676 3047 4728 misericordia
3097 4675 3311 4728 Domini
3357 4675 3512 4742 plena
3554 4684 3631 4729 est

2076 4777 2237 4822 terra.
2282 4764 2341 4821 Si
2375 4766 2662 4834 separatim
2707 4774 2761 4819 et
2793 4766 3083 4819 secundum
3130 4779 3189 4819 se
3237 4764 3329 4819 Dei
3374 4764 3633 4833 judicium

2078 4858 2258 4911 foret:
2294 4856 2365 4911 ita
2401 4865 2459 4911 ut
2508 4857 2662 4911 nobis
2692 4870 2877 4911 severe
2918 4872 3014 4923 pro
3046 4857 3252 4911 meritis
3288 4871 3472 4910 eorum
3516 4872 3635 4926 quze

2078 4950 2305 5020 egimus,
2335 4951 2674 5018 rependeret,
2716 4965 2833 5017 qua:
2870 4964 2992 5018 spes
3037 4950 3375 5018 superesset?
3416 4949 3539 5017 quis
3568 4965 3636 5002 ex

2074 5041 2323 5096 omnibus
2356 5042 2536 5095 salvus
2572 5042 2756 5095 ﬁeret?
2795 5041 2947 5096 Nunc
2988 5052 3165 5095 autem
3204 5040 3389 5111 Diligit
3428 5043 3639 5094 miseri-

2078 5131 2315 5185 cordiam
2357 5142 2407 5188 et
2446 5128 2742 5202 judicium.
2788 5132 3145 5203 Posteaquam
3208 5134 3633 5190 misericordiam

2074 5429 2167 5484 ris.
2211 5427 2426 5497 Ἐπειδὴ
2457 5425 2620 5496 εὑθής
2647 5424 2780 5497 ἐστι.

2146 5499 2261 5622 (96)
2302 5493 2452 5578 Colb.
2481 5493 2705 5563 quartus
2750 5493 3081 5577 ὑφεξείλατο.
3113 5497 3246 5563 Reg.
3279 5494 3469 5551 tertius
3513 5507 3635 5546 cum

2075 5570 2150 5624 Co
2174 5571 2227 5622 b.
2272 5584 2445 5624 primo
2490 5563 2820 5624 ὑφεξείλετο.
2875 5566 3025 5624 Remi
3082 5577 3306 5624 quartus
3355 5574 3409 5622 et
3457 5577 3635 5619 senos

2076 5564 2445 5635 Colb.'primo
2490 5564 2820 5633 ὑφεξείλετο.
2875 5566 3025 5635 Regii
3082 5577 3306 5636 quartus
3355 5574 3409 5622 et
3457 5577 3639 5619 scmus

2076 5637 2403 5702 ὑπεξείλετο.

2150 5708 2261 5777 (97)
2298 5706 2448 5760 Colb.
2475 5715 2699 5773 quartus
2732 5703 2875 5777 θείου
2909 5702 3266 5777 βουλήματος.

2150 5710 2238 5773 (97
2298 5708 2448 5760 Colb.
2475 5715 2699 5773 quartus
2732 5708 2875 5757 θείου

2146 5708 2261 5849 (9δέ
2302 5777 2433 5847 Reg.
2467 5777 2656 5832 tertius
2694 5775 2904 5845 φεύγει.
