4048 6220
360 333 471 398 335

1505 345 1788 401 HOMILIA
1828 346 1894 401 IN
1935 344 2273 402 PSALMUM
2314 343 2533 400 XXXII.

3519 341 3622 394 534

365 453 592 521 ταδικη¹ν
620 452 692 522 γῆ
714 452 985 524 λεγόμεθα
1017 457 1180 525 ἡμεῖς
1207 458 1256 509 οἱ
1282 457 1614 522 ἀκούσαντες
1648 460 1798 530 παρὰ
1818 460 1953 513 Θεοῦ

2075 475 2200 513 erra
2228 458 2459 514 dicimur
2484 472 2582 511 nos
2613 459 2702 525 qui
2738 457 2866 513 illttd
2896 473 2925 512 a
2954 458 3066 512 Deo
3093 455 3398 510 audivimus
3423 473 3434 507 :
3465 453 3626 507 Term

366 545 451 609 τὸ,
478 545 568 614 Γῆ
590 543 663 610 εἴ,
693 545 791 598 καὶ
811 538 897 610 ἑὶς
923 537 1038 613 πσῆῦ
1062 547 1375 615 ἀπελεύσῃ
1399 564 1412 576 ο
1451 549 1498 600 οἶ
1535 549 1761 620 πλήρεις
1787 549 1953 619 ἐσμὲν

367 635 476 690 τῶν
502 637 801 709 οἰκτιρμῶν
831 635 924 690 τοῦ
947 635 1081 689 Θεοῦ
1104 654 1116 666 ’
1153 636 1426 706 Νεκροὺς
1460 640 1568 711 γὰρ
1596 640 1774 706 ὄντας
1799 639 1955 710 ἡμᾶς

369 729 497 795 ταῖς
526 731 835 799 ἁμαρτίαις
881 730 974 782 καὶ
1020 731 1132 793 τοῖς
1183 731 1625 802 παραπτώμασιν
1658 734 1887 804 ἐλεήσας
1927 737 1957 787 6

371 819 504 884 Θεὸς
531 821 1012 888 συνεζωοποίησε
1034 820 1115 886 τῷ
1147 822 1399 890 Χριστῷ.
1437 823 1520 889 Τῷ
1556 826 1714 894 λόγῳ
1737 826 1955 893 Κυρίου

372 914 426 965 οἱ
453 912 696 978 οὐρανοί
736 911 1207 978 ἐστερεώθησαν,
1257 914 1354 966 καὶ
1398 913 1478 979 τῷ
1523 917 1816 984 πνεύματι
1851 915 1957 968 τοῦ

372 1004 671 1071 στόματος
705 1003 891 1056 αὐτοῦ
921 1000 1089 1056 πᾶσα
1142 1005 1180 1071 ὴ
1221 1003 1474 1073 δύναμις
1517 1005 1732 1061 αὐτῶν.
1764 1006 1874 1060 Ποῦ
1909 1010 1958 1059 οἱ

370 1096 434 1150 τὸ
477 1096 702 1167 Πνεῦμα
735 1094 1176 1161 ἐξουθενοῦντεςς
1219 1096 1320 1150 ποῦ
1371 1099 1420 1150 οἱ
1470 1099 1793 1168 χωρίζοντες
1828 1100 1961 1152 αὐτὸ

373 1189 484 1242 ἀπὸ
524 1190 621 1260 τῆς
665 1188 1064 1260 δημιουργικῆς
1098 1188 1414 1258 δυνάμεως;
1475 1189 1575 1243 ποῦ
1606 1192 1654 1242 οἱ
1692 1191 1790 1260 τῆς
1825 1190 1962 1260 πρὸς

376 1280 594 1352 Πατέρα
654 1283 748 1333 καὶ
816 1281 938 1332 Υίὸν
999 1281 1294 1348 συναφείας
1353 1282 1486 1335 αὐτὸ
1545 1282 1959 1353 διατέμνοντες;

389 1368 760 1424 Ἀκουέτωσαν
784 1369 877 1422 τοῦ
901 1369 1112 1440 ψαλμοῦ
1132 1369 1380 1438 λέγοντος
1403 1389 1414 1400 ·
1454 1371 1536 1436 Τῷ
1561 1374 1719 1441 λόγῳ
1744 1373 1964 1442 Κυρίου

378 1465 432 1516 οἱ
463 1461 707 1528 οὐρανοὶ
746 1461 1216 1530 ἐστερεώθησαν,
1259 1462 1358 1514 καὶ
1406 1461 1485 1527 τῷ
1526 1464 1818 1532 πνεύματι
1859 1463 1966 1517 τοῦ

377 1555 677 1623 στόματος
708 1555 893 1609 αὐτοῦ
932 1553 1100 1608 πᾶσα
1149 1557 1188 1622 ἡ
1246 1554 1501 1623 δύναμις
1549 1555 1770 1609 αὐτῶν.
1829 1555 1966 1608 Οῦτε

379 1647 488 1716 γὰο
511 1647 682 1715 Λόγος
714 1647 813 1718 (5),
845 1649 878 1718 ἡ
910 1647 1062 1718 κοινὴ
1096 1647 1232 1718 αὕτη
1267 1646 1447 1710 λαλιά,
1490 1648 1878 1719 νομισθήσεται
1910 1647 1969 1713 ἐξ

380 1740 657 1810 ὀνομάτων
692 1741 784 1793 καὶ¹
815 1741 1075 1811 ῥημάτων
1103 1742 1200 1810 τὴν
1229 1740 1488 1793 σύστασιν
1509 1740 1728 1810 ἔχουσα,
1756 1740 1880 1794 οὔτε
1908 1742 1969 1793 τὸ

2055 569 2130 615 es,
2155 560 2203 604 et
2236 551 2290 604 in
2314 563 2510 604 terram
2539 550 2636 603 ibis
2665 549 2729 606 ⁸⁸.
2771 549 2942 604 Porro
2967 549 3150 616 repleti
3187 564 3371 602 sumus
3406 547 3496 600 Dei
3530 548 3625 600 mi-

2055 642 2450 705 serationibus;
2489 657 2613 695 cum
2645 643 2787 695 enim
2832 641 3035 696 Mortui
3076 656 3305 694 essemus
3337 639 3546 693 delictis
3572 649 3628 693 et

2060 735 2310 802 peccatis,
2333 733 2591 786 misertus
2614 734 2754 786 Deus
2787 733 3061 801 viviﬁcavit
3087 748 3178 784 nos
3199 747 3315 783 cum
3337 729 3626 785 Christo”.

2063 825 2226 880 Vsus.
2254 825 2308 878 6.
2352 823 2514 878 Verbo
2546 824 2762 877 Domini
2801 824 2914 878 cceli
2950 823 3151 891 ﬁrmati
3191 833 3329 886 sum,
3363 832 3408 874 et
3441 820 3628 887 spiritu
3657 829 3662 834 '

2060 919 2166 971 oris
2194 920 2305 985 ejus
2335 919 2502 970 omnis
2534 917 2698 970 virtus
2726 933 2924 969 eorum.
2961 915 3060 969 Ubi
3096 927 3223 969 sunt
3246 915 3334 982 qui
3371 912 3628 982 Spiritum

2061 1009 2472 1064 floccifaciunt?
2504 1009 2591 1061 ubi
2623 1018 2748 1061 sunt
2781 1007 2871 1077 qui
2925 1007 3075 1060 illum
3128 1021 3159 1060 a
3195 1005 3434 1072 potentia
3471 1019 3630 1058 crea-

2065 1100 2198 1154 trice
2221 1101 2512 1168 separant?
2536 1100 2624 1153 ubi
2659 1100 2750 1168 qui
2783 1100 2956 1168 ipsum
2985 1114 3014 1152 a
3047 1099 3223 1152 Patris
3256 1113 3320 1152 ac
3359 1097 3476 1150 Filii
3501 1111 3631 1151 con-

2059 1191 2336 1260 junctione
2386 1191 2684 1248 dirimunt?
2712 1190 2950 1245 Audiant
3011 1189 3273 1260 psalmum
3315 1189 3580 1244 dicentem
3617 1205 3630 1240 :

2075 1281 2241 1335 Verbo
2274 1281 2488 1334 Domini
2539 1281 2654 1336 creti
2693 1282 2893 1349 ﬁrmati
2919 1292 3062 1344 sunt,
3087 1292 3134 1334 et
3162 1281 3349 1348 spiritu
3383 1280 3492 1332 oris
3518 1278 3634 1347 ejus

2068 1375 2234 1428 omnis
2256 1377 2415 1428 virtus
2443 1391 2643 1429 eorum.
2683 1374 2868 1442 Neque
2901 1375 3045 1430 enim
3071 1374 3305 1429 Verbum
3358 1370 3635 1427 existima-

2067 1465 2211 1520 bitur
2239 1467 2544 1520 communis
2577 1467 2692 1520 hmo
2731 1466 2929 1519 locutio
2958 1481 3102 1530 esse,
3137 1480 3256 1533 qua:
3299 1477 3365 1518 ex
3402 1460 3636 1516 nomini-

2070 1555 2170 1610 bus
2197 1572 2260 1610 ac
2297 1558 2622 1612 dictionibus
2656 1557 2905 1612 consistit
2957 1577 2971 1611 :
3003 1572 3176 1627 neque
3207 1555 3442 1626 Spiritus
3467 1568 3633 1623 vapor

2071 1646 2123 1698 in
2169 1662 2294 1700 aera
2320 1646 2580 1713 diffusus;
2619 1648 2711 1702 sed
2735 1656 2790 1702 et
2828 1647 3083 1712 Verbum,
3116 1651 3257 1716 quod
3290 1647 3342 1699 in
3374 1643 3637 1715 principio

2071 1748 2189 1792 erat
2235 1740 2372 1806 apud
2421 1741 2584 1792 Deum
2605 1740 2673 1803 ⁷ο,
2711 1751 2765 1793 et
2811 1739 3044 1808 Spiritus
3092 1749 3328 1803 sanctus,
3377 1738 3467 1807 qui
3502 1736 3641 1791 hanc

381 1831 605 1902 Πνεῦμα
629 1834 791 1903 ἀτμὶς
820 1835 898 1896 είς
921 1834 1059 1905 ἀέρα
1085 1833 1433 1904 διαχεομένη·
1466 1833 1603 1886 ἀλλὰ
1627 1835 1721 1886 καὶ
1745 1825 1916 1902 Λόγός
1940 1835 1968 1886 6

2075 1830 2284 1899 proprie
2319 1832 2544 1884 sortitus
2586 1841 2668 1884 est
2697 1830 3128 1899 appellationem.
3178 1829 3637 1895 Quemadmodum

382 1924 439 1974 ὲν
479 1923 620 1994 ἀρχῇ
663 1921 738 1976 ὣν
769 1923 903 1995 πρὸς
928 1923 1019 1977 τὸν
1053 1924 1206 1985 Θεὸν,
1243 1925 1337 1977 καὶ
1372 1923 1595 1994 Πνεῦμα
1633 1925 1694 1978 τὸ
1727 1925 1901 1993 ἅγιον,
1941 1924 1968 1976 ὃ

386 2013 533 2077 ίδίως
557 2015 656 2085 τῆς
690 2016 1064 2086 προσηγορίας
1095 2015 1300 2085 ταύτης
1332 2015 1650 2084 τετύχηκεν.
1691 2017 1777 2078 Ὠς
1816 2011 1908 2069 οῦν
1940 2016 1968 2067 6

381 2104 712 2175 δημιουργὸς
754 2109 924 2176 Λόγος
971 2107 1269 2177 ὲστερέωσε
1316 2108 1406 2159 τὸν
1446 2109 1693 2178 οὐρανὸν,
1729 2108 1870 2162 οὕτω
1910 2108 1970 2160 τὸ

386 2195 608 2266 Πνεῦμα
653 2197 714 2250 τὸ
762 2199 828 2252 ἐκ
861 2199 952 2252 τοῦ
987 2198 1144 2261 Θεοῦ,
1189 2199 1216 2251 ὃ
1249 2199 1400 2270 παρὰ
1429 2201 1522 2253 τοῦ
1559 2203 1772 2272 Πατρὸς
1803 2203 1968 2259 ἐκπο-

388 2286 602 2356 ρεύεται
639 2287 959 2358 (τουτέστιν,
985 2289 1012 2340 ὃ
1034 2291 1096 2340 ἐκ
1129 2288 1220 2341 τοῦ
1253 2289 1519 2358 στόματος
1551 2289 1736 2352 αὑτοῦ,
1775 2290 1859 2342 ἵνα
1897 2290 1970 2361 μὴ

383 2380 496 2432 τῶν
525 2379 725 2446 ἔξωθέν
758 2399 808 2434 τι
841 2383 934 2434 καὶ
958 2382 1063 2434 τῶν
1091 2369 1404 2453 κτισμάτων
1434 2384 1566 2436 αὐτὸ
1607 2385 1820 2455 κρίνῃςε
1857 2381 1969 2439 ἀλλ’

385 2473 460 2535 ὡς
487 2473 714 2551 ,ὲκ-Θεοῦ
737 2473 856 2543 ἕχον
884 2474 982 2544 τὴν
1012 2475 1308 2528 ὑπόστασιν
1330 2475 1604 2548 δοξάζῃς),
1633 2477 1850 2540 ἁπάσας
1875 2477 1973 2541 τὰς

387 2565 442 2614 ὲν
465 2563 614 2632 αὑτῴ
643 2565 902 2634 δυνάμεις
933 2566 1288 2634 συνεπέφερε.
1319 2567 1409 2637 Τῷ
1441 2563 1532 2620 οὖν
1561 2567 1836 2638 Πνεύματι
1872 2573 1976 2623 πᾶ-

390 2669 457 2704 σα
487 2655 519 2722 ἡ
552 2652 780 2724 δύναμις
880 2654 1200 2724 ἐπουράνιος
1226 2655 1299 2723 (6)
1341 2654 1673 2726 ἐστερεώθη·
1702 2658 1971 2721 τουτέστι,

390 2743 448 2794 τὸ
477 2742 690 2796 εὔτονον
725 2745 818 2796 καὶ
847 2744 1042 2812 πάγιον
1083 2745 1178 2798 καὶ
1213 2746 1427 2814 βέϐαιον
1465 2749 1523 2798 ὲν
1560 2748 1837 2818 ἁγιασμῷ,
1882 2749 1976 2802 καὶ

389 2837 541 2908 πάσῃ
580 2839 645 2906 τῇ
679 2837 962 2909 πρεπούσῃ
990 2840 1110 2900 ταῖς
1141 2839 1311 2908 ἱεραῖς
1341 2839 1633 2908 δυνάμεσιν
1669 2841 1858 2911 ἀρετῇ,
1913 2845 1977 2894 ἐκ

390 2929 490 2998 τῆς
517 2928 609 2980 τοῦ
637 2929 953 2999 Πνεύματος
985 2931 1305 3000 ἐπικουρίας
1340 2930 1578 3000 ἔχουσιν.
1627 2933 1845 2986 Ἑνθάδε
1879 2935 1978 3004 μὲν

391 3017 486 3073 οῦν
510 3020 733 3090 Πνεῦμα
775 3022 1040 3090 στόματος
1067 3021 1233 3073 αὑτοῦ
1265 3022 1706 3094 ἀναγέγραπταιο
1745 3025 1977 3096 εὑρήσο-

395 3127 493 3183 μεν
519 3110 575 3162 δὲ
595 3109 828 3180 ἀλλαχοῦ
866 3111 960 3162 καὶ
983 3111 1152 3178 Λόγον
1187 3111 1451 3181 στόματος
1474 3113 1636 3165 αὐτοῦ
1667 3115 1975 3184 εἰρημένον,

393 3203 480 3254 ἵνα
508 3201 671 3271 νοηοῇ
706 3203 734 3253 6
769 3203 959 3272 Σωτὴρ
985 3202 1081 3272 (7),
1121 3204 1213 3254 καὶ
1254 3203 1313 3256 τὸ
1344 3205 1499 3271 ἅγιον
1538 3204 1701 3258 αὑτοῦ
1753 3205 1978 3277 Πνεῦμα

392 3296 456 3347 ὲκ
479 3294 574 3346 τοῦ
597 3295 828 3365 Πατρός.
870 3295 1021 3347 Ἐπεὶ
1049 3292 1142 3348 οὖν
1173 3296 1342 3362 Λόγος
1367 3297 1465 3366 μὲν
1491 3299 1694 3369 Κυρίου
1716 3301 1743 3351 6
1765 3299 1976 3370 Σωτὴρ,

393 3388 487 3440 καὶ
519 3387 741 3457 Πνεῦμα
769 3388 862 3440 τοῦ
907 3388 1175 3458 στόματος
1223 3389 1386 3440 αὑτοῦ
1428 3389 1488 3440 τὸ
1539 3389 1689 3457 ἅγιον
1732 3389 1975 3458 Πνεῦμα,

394 3478 678 3548 ἀμφότερα
719 3479 774 3532 δὲ
815 3480 1123 3550 συνήργησε
1154 3481 1220 3548 τῇ
1255 3478 1430 3532 κτίσει
1461 3479 1569 3531 τῶν
1599 3481 1845 3551 οὐρανῶν
1884 3485 1979 3534 και

393 3570 501 3622 τῶν
541 3572 597 3622 ἐν
625 3571 807 3634 αὐτοῖς
835 3570 1139 3640 δυνάμεων,
1167 3569 1254 3622 διὰ
1286 3569 1442 3623 τοῦτο
1479 3570 1729 3642 εἴρηται·
1765 3570 1852 3637 Τῷ
1877 3573 1981 3626 Λό-

394 3679 478 3730 γῳ
523 3662 745 3728 Κυρίου
805 3665 858 3715 οὶ
909 3663 1150 3730 οὐρανοὶ
1210 3661 1682 3729 ἐστερεώθησαν,
1746 3664 1841 3715 καὶ
1900 3660 1980 3727 τῷ

397 3754 691 3821 Πνεύματι
729 3753 834 3806 τοῦ
867 3754 1162 3821 στόματος
1203 3753 1389 3805 αὑτοῦ
1440 3752 1606 3806 πᾶσα
1649 3755 1684 3820 ἡ
1728 3753 1980 3820 δύναμις

394 3846 611 3902 αὐτῶν.
654 3847 820 3900 Οὐδὲν
848 3846 955 3916 γὰρ
984 3844 1291 3914 ἁγιάζεται,
1323 3847 1372 3897 εἰ
1404 3846 1477 3916 μὴ
1515 3847 1590 3914 (8)
1617 3849 1680 3915 τῇ
1711 3845 1980 3916 παρουσίᾳ

393 3939 488 3992 τοῦ
523 3939 862 4010 Πνεῦματος.
905 3939 1175 4007 ’.Αγγέλων
1204 3938 1336 4006 γοῦν
1369 3939 1464 4008 τὴν
1503 3937 1602 4006 μὲν
1634 3939 1713 4000 εἰς
1745 3938 1805 3988 τὸ
1841 3932 1979 3990 εἶναι

395 4031 625 4102 πάροδον
675 4034 704 4084 ὁ
757 4031 1085 4103 δημιουργὸς
1137 4031 1311 4097 Λόγος
1361 4031 1389 4082 ὁ
1427 4029 1657 4099 ποιητὴς
1697 4029 1806 4082 τῶν
1844 4029 1981 4082 ὅλων

396 4123 714 4187 παρείχετοο
751 4121 842 4173 τὸν
903 4120 1171 4190 άγιασμὸν
1221 4119 1278 4172 δὲ
1323 4121 1504 4182 αὐτοῖς
1548 4118 1608 4172 τὸ
1652 4119 1874 4190 Πνεῦμα
1919 4119 1981 4172 τὸ

398 4211 550 4277 ἅγιον
581 4210 964 4281 συνεπέφερεν.
1001 4211 1076 4262 Οὐ
1112 4209 1221 4278 γὰρ
1253 4210 1432 4280 νήπιοι
1463 4207 1774 4272 κτισθέντες
1808 4210 1856 4260 οἱ
1879 4208 1980 4277 ἄγ-

397 4297 566 4363 γελοι,
606 4295 722 4350 εἶτα
755 4297 1130 4360 τελειωθέντες
1155 4301 1223 4369 τῇ
1257 4300 1373 4350 κατ’
1407 4298 1587 4365 ὀλίγον
1632 4295 1854 4368 μελέτῃ,
1890 4296 1981 4349 οὖ-

397 4405 506 4450 τως
548 4387 686 4452 ἄξιοι
723 4388 822 4456 τῆς
865 4387 955 4440 τοῦ
989 4387 1303 4458 Πνεῦματος
1351 4389 1617 4458 ὑποδοχῆς
1658 4388 1976 4456 γεγόνασιν·

399 4477 512 4530 ἀλλ’
543 4479 600 4529 ὲν
632 4479 695 4547 τῇ
735 4475 926 4548 πρώτῃ
959 4478 1211 4529 συστάσει
1256 4479 1350 4532 καὶ
1381 4477 1459 4548 τῷ
1500 4479 1662 4530 οἱονεὶ
1701 4479 1978 4550 φυράματι

398 4569 498 4639 τῆς
529 4569 714 4632 οὐσίας
758 4569 937 4621 αὐτῶν
981 4570 1516 4641 συγκαταὸληθείσαν
1561 4570 1638 4639 (9)
1681 4571 1838 4642 ἔσχον
1881 4571 1981 4642 τὴν

399 4660 679 4729 ἀγιότητα.
707 4659 796 4710 Διὸ
819 4658 912 4710 καὶ
944 4658 1328 4728 δυσμετάθετοί
1357 4661 1462 4712 εἰσι
1491 4659 1625 4729 πρὸς
1648 4661 1866 4728 κακίαν,
1893 4663 1984 4713 εὑ-

2073 1921 2239 1990 igitur
2271 1919 2503 1975 Verbum
2549 1921 2729 1988 epifex
2769 1921 3005 1975 ﬁrmavit
3045 1921 3260 1987 coelum,
3291 1922 3370 1976 sic
3407 1919 3641 1989 Spirilus
3705 1976 3715 1986 _

2069 2011 2161 2080 qui
2197 2025 2264 2063 ex
2296 2010 2424 2075 Deo,
2458 2013 2606 2079 quia
2645 2012 2806 2066 Patre
2842 2013 3102 2080 procedit,
3131 2013 3232 2066 hoc
3279 2021 3380 2076 est,
3430 2011 3520 2079 qui
3571 2025 3638 2064 ex

2069 2117 2164 2156 ore
2204 2101 2345 2154 illius
2367 2112 2448 2156 est
2479 2103 2562 2171 (ut
2586 2117 2653 2155 ne
2679 2103 2854 2171 ipsum
2887 2112 3166 2156 externam
3197 2103 3485 2170 quamdam
3516 2117 3629 2155 rem

2068 2203 2164 2248 aut
2194 2203 2499 2247 creaturam
2543 2193 2911 2263 essejudices,
2957 2195 3051 2248 sed
3095 2204 3348 2262 tanquam
3384 2195 3639 2264 hyposta—

2069 2287 2171 2340 sim
2203 2301 2266 2340 ex
2301 2286 2408 2340 Deo
2460 2286 2747 2340 habentem
2792 2286 3106 2357 glorifices),
3155 2303 3345 2341 omnes
3389 2285 3506 2354 ejus
3534 2286 3646 2338 vir-

2071 2386 2214 2432 tutes
2237 2376 2398 2431 simul
2425 2377 2622 2431 intulit.
2646 2376 2832 2446 Itaqtte
2860 2377 3097 2432 caelestis
3119 2377 3297 2432 omnis
3324 2377 3494 2430 virtus
3525 2374 3648 2443 Spi-

2071 2471 2178 2524 ritu
2229 2470 2442 2524 tirmata
2477 2481 2562 2523 est
2596 2486 2611 2523 :
2647 2471 2748 2524 hoc
2786 2480 2889 2533 est,
2922 2469 3270 2533 soliditatem,
3304 2467 3646 2520 firmitatem-

2076 2577 2182 2630 que
2215 2570 2270 2616 et
2308 2561 2696 2626 constantiam,
2727 2562 2779 2614 in
2823 2560 3134 2624 sanctitate,
3164 2570 3218 2614 et
3265 2559 3412 2612 omni
3445 2559 3648 2612 virtute

2074 2655 2249 2708 sacris
2282 2652 2645 2722 potestatibus
2680 2652 3056 2713 conveniente.
3085 2665 3152 2703 ex
3185 2648 3422 2720 Spiritus
3449 2648 3652 2702 auxilio

2077 2746 2256 2799 habet.
2314 2744 2415 2798 Hic
2445 2745 2605 2814 igitur
2641 2743 2878 2812 Spiritus
2929 2743 3042 2797 oris
3089 2741 3207 2809 ejus
3257 2740 3493 2808 scriptus
3542 2751 3649 2794 est.

2074 2837 2412 2892 Inveniemus
2435 2847 2614 2891 autem
2645 2836 2774 2890 alibi
2806 2845 2862 2890 et
2885 2834 3121 2891 Verbum
3149 2836 3262 2888 oris
3291 2835 3461 2903 ipsius
3492 2831 3654 2903 136

2076 2931 2302 2994 dictum,
2356 2941 2414 2984 ut
2463 2929 2796 2998 intelligatur
2845 2929 3094 2983 Salvator
3118 2927 3257 2996 ipse,
3315 2935 3369 2980 et
3425 2935 3651 2979 sanctus

2083 3020 2202 3089 ejus
2258 3020 2496 3091 Spiritus
2529 3035 2594 3076 ex
2637 3021 2818 3074 Patre.
2874 3019 3143 3086 Quoniam
3199 3019 3361 3088 igitur
3395 3016 3655 3071 Servatur

2083 3113 2322 3167 Verbum
2362 3114 2576 3168 Domini
2603 3125 2710 3178 est,
2738 3125 2792 3168 et
2819 3113 3056 3182 Spiritus
3085 3121 3306 3166 sanctus
3331 3110 3444 3164 oris
3485 3109 3656 3178 ipsius

2083 3206 2314 3268 Spiritus
2340 3215 2445 3272 est,
2485 3215 2714 3274 uterque
2749 3214 2929 3258 autem
2961 3204 3014 3257 in
3057 3202 3210 3257 cmlis
3252 3211 3307 3255 ει
3335 3215 3520 3255 eorum
3545 3199 3656 3253 vir-

2081 3299 2292 3354 tutibus
2341 3299 2594 3354 creandis
2649 3299 2854 3367 pariter
2881 3313 3100 3366 operam
3143 3294 3398 3358 contulit,
3454 3292 3656 3346 idcirco

2079 3392 2280 3446 dictum
2307 3401 2392 3444 est
2429 3409 2444 3445 :
2485 3389 2648 3445 Verbo
2683 3390 2893 3442 Domini
2920 3390 3032 3442 caeli
3057 3388 3258 3456 ﬁrmati
3286 3396 3428 3448 sunt,
3458 3395 3504 3438 et
3533 3382 3654 3454 Spi-

2080 3483 2184 3534 ritu
2202 3482 2310 3535 oris
2337 3482 2450 3550 ejus
2486 3481 2656 3535 omnis
2688 3482 2850 3535 virtus
2875 3497 3078 3534 eorum.
3111 3478 3254 3532 Nihil
3293 3478 3434 3532 enim
3457 3475 3657 3530 sancti-

2082 3582 2244 3647 tatem
2280 3573 2620 3641 adipiscitur,
2661 3573 2764 3627 nisi
2797 3588 2890 3639 per
2923 3570 3158 3640 Spiritus
3200 3569 3375 3625 sancti
3411 3582 3650 3637 praesen-

2081 3665 2230 3717 tiam.
2280 3662 2465 3732 Itaque
2495 3665 2638 3733 quod
2692 3663 2866 3732 angeli
2918 3671 3066 3725 sunt,
3125 3661 3192 3716 ab
3240 3661 3434 3729 opifice
3478 3657 3656 3712 Verbo

2081 3753 2458 3808 universorum
2491 3753 2770 3808 conditore
2816 3753 3020 3807 habent
3065 3769 3080 3805 :
3123 3752 3201 3805 eis
3237 3764 3364 3802 vero
3399 3746 3658 3802 sanctita-

2083 3855 2188 3898 tem
2225 3843 2460 3912 Spiritus
2494 3857 2715 3900 sanctus
2763 3843 3073 3914 impertivit.
3103 3840 3220 3896 Non
3248 3841 3392 3896 enim
3427 3838 3659 3892 infantes

2081 3938 2255 3990 creati
2283 3946 2410 3990 sunt
2443 3938 2644 4006 angeli,
2695 3937 2889 3991 deinde
2924 3935 3181 4005 paulatim
3233 3932 3496 3989 exercitio
3535 3946 3658 3999 per-

2082 4027 2230 4090 fecti,
2266 4026 2346 4080 sic
2389 4026 2519 4081 facti
2549 4037 2678 4082 sunt
2709 4027 2856 4097 digni
2895 4030 2984 4097 qui
3023 4026 3285 4095 Spiritum
3315 4025 3652 4092 reciperent;

2082 4117 2174 4170 sed
2211 4116 2267 4170 in
2302 4118 2476 4186 prima
2520 4119 2929 4182 constitutione,
2960 4127 3016 4172 et
3049 4133 3151 4172 una
3175 4133 3297 4172 cum
3336 4117 3655 4171 substantia:

2081 4223 2193 4260 sua!
2233 4208 2390 4278 quasi
2431 4209 2667 4263 mixtura
2717 4209 2952 4264 infusam
3007 4211 3249 4266 habuere
3292 4209 3657 4264 sanctitatem.

2081 4295 2422 4368 Quapropter
2465 4301 2630 4354 etiam
2669 4315 2812 4371 κει-ε
2847 4304 2914 4354 ad
2940 4301 3223 4370 {malitiam
3251 4309 3572 4355 convertere
3601 4315 3662 4352 se

2083 4399 2328 4457 possunt,
2369 4391 2568 4460 quippe
2605 4392 2697 4460 qui
2742 4391 2888 4446 illico
2934 4393 3316 4456 sanctimonia,
3353 4391 3517 4445 veluti
3563 4390 3664 4442 tin-

2085 4489 2235 4533 ctura
2261 4483 2498 4550 quadam
2556 4483 2896 4538 corroborati
2953 4484 3085 4547 sint,
3142 4482 3561 4549 firmitatemque
3605 4480 3658 4533 in

2088 4575 2285 4628 virtute
2319 4589 2384 4628 ac
2434 4576 2800 4630 constantiam
2851 4577 2992 4630 dono
3027 4574 3267 4643 Spiritus
3304 4573 3478 4628 sancti
3503 4587 3660 4626 acce—

2088 4677 2285 4734 perint.

401 4750 518 4814 θὺς,
546 4725 707 4805 οίονεὶ
734 4750 877 4822 βαφῇ
910 4725 1148 4822 τινα-τῷ
1182 4751 1437 4822 ἁγιασμῷ
1467 4725 1861 4818 στοαωθέντες,
1885 4754 1979 4810 καὶ
2017 4725 2105 4810 τὸ·
2144 4759 2369 4830 μόνιμον
2434 4725 2513 4826 είς
2535 4757 2733 4830 ἀρετὴν
2758 4763 2821 4831 τῇ
2847 4758 3025 4830 δωρεᾷ
3048 4756 3141 4812 τοῦ
3171 4757 3325 4826 ἁγίου
3351 4755 3664 4826 Πνεῦματος

402 4842 634 4913 ἔχοντες.

473 4961 520 4992 ⁸⁸
541 4958 676 5014 Gen.
708 4973 789 5020 Ill.
821 4957 907 5012 19.
967 4958 1011 4990 ⁶⁹
1041 4957 1238 5027 Ephes.
1275 4973 1336 5022 ιιι,
1373 4957 1426 5016 5.

473 5080 548 5149 (5)
575 5080 751 5132 Editio
779 5078 951 5131 Paris.
999 5080 1027 5131 ὁ
1057 5078 1251 5146 Λόγος.
1297 5079 1402 5132 Sed
1434 5079 1870 5134 deestarticulus
1926 5080 1978 5134 in

401 5166 493 5205 sex
516 5167 647 5222 mss.
667 5150 796 5222 Mox
827 5151 955 5222 Reg.
977 5153 1245 5222 secundus
1267 5149 1490 5222 Πνεῦμα
1530 5150 1590 5204 τὸ
1617 5150 1770 5218 ἆγιον
1794 5151 1978 5222 ἀτμίς.

474 5221 549 5289 (6)
581 5219 734 5274 Coll).
765 5219 969 5286 primus
997 5221 1030 5288 ἡ
1060 5219 1331 5288 οὐράνιος.

475 5293 550 5362 ςῚ)
593 5291 722 5358 Reg.
775 5291 964 5362 tertius
1009 5289 1094 5340 ἵνα
1129 5289 1358 5362 νομισθῇ
1407 5292 1435 5343 6
1475 5291 1683 5362 Σωτήρ.
1717 5289 1831 5362 Vox
1875 5291 1976 5343 αὺ-

400 5359 673 5427 τοῦ,⁷‹ιιι;ε
706 5360 950 5427 proxime
1003 5361 1269 5425 sequitur.
1319 5361 1473 5414 deest
1533 5363 1585 5414 in
1617 5359 1811 5413 inultis
1841 5377 1976 5414 mss.

406 5431 512 5483 Sed
539 5445 657 5484 eam
695 5430 833 5483 male
877 5430 1134 5499 omissam
1183 5445 1302 5483 esse
1344 5447 1371 5481 a
1423 5431 1658 5484 librariis
1701 5441 1974 5499 putamus.

408 5509 519 5552 tum
556 5503 696 5568 quod
733 5501 784 5552 in
814 5500 999 5553 multis
1027 5498 1146 5552 aliis
1175 5516 1304 5554 mss.
1331 5499 1560 5570 legatur,
1599 5498 1714 5553 tum
1748 5501 1977 5554 maxime

407 5571 548 5632 quod
611 5571 914 5622 inveniatur
964 5571 1014 5622 in
1072 5570 1303 5622 EuSebio
1365 5590 1378 5624 :
1443 5587 1473 5624 a
1507 5586 1614 5638 quo
1643 5580 1812 5622 totum
1848 5571 1974 5622 illud

407 5638 786 5708 fragmentum.
818 5642 889 5692 uti
922 5641 973 5693 in
1009 5640 1324 5706 praefatione
1351 5643 1670 5702 ostenditur,
1703 5652 1973 5706 sumptum

407 5718 512 5761 est.
549 5709 718 5761 Aliter
756 5711 820 5763 de
854 5709 965 5772 illo,
995 5712 1059 5762 ὲκ
1087 5708 1182 5761 τοῦ
1218 5711 1450 5780 Πατρός,
1473 5711 1976 5780 judicaudumcen-

409 5793 609 5835 scmus.
664 5779 796 5835 Cum
828 5783 970 5836 enim
1001 5780 1153 5845 illud,
1203 5780 1266 5833 ὲκ
1313 5779 1406 5834 τοῦ
1441 5780 1674 5848 Πατρός,
1731 5779 1869 5835 desit
1921 5779 1976 5834 in

1503 4957 1549 4989 "°
1574 4955 1730 5015 Joau.
1763 4976 1804 5025 I,
1842 4961 1896 5016 I.

2090 5075 2274 5145 multis
2305 5089 2462 5138 mss.,
2488 5089 2590 5129 nec
2640 5075 2849 5145 legatur
2879 5089 3092 5144 quoque
3137 5073 3190 5126 in
3217 5070 3663 5145 ⁸(ᾇοῐῐιιηεηιςιιζίἱε

2091 5144 2335 5217 Eusebii,
2377 5146 2428 5198 id
2478 5147 2582 5200 huc
2635 5141 2814 5217 inepte
2838 5141 3160 5200 accerSitum
3209 5141 3378 5197 fuisse
3406 5141 3546 5194 haud
3581 5143 3664 5196 in-

2083 5216 2228 5283 juria
2250 5217 2396 5269 credi
2427 5223 2623 5284 potest.

2160 5285 2236 5354 (8)
2277 5279 2652 5352 Editi'etlleg.
2679 5291 2865 5354 sestus
2923 5289 2976 5332 et
3002 5279 3152 5354 Colb.
3209 5288 3430 5354 quintus
3475 5282 3524 5354 εί
3561 5281 3658 5353 μή.

2089 5349 2248 5410 Deest
2298 5357 2345 5408 εί
2401 5356 2452 5408 in
2493 5349 2710 5408 Eusebii
2739 5351 3175 5412 Commentariis,
3228 5361 3282 5420 et
3311 5349 3391 5420 in,
3423 5349 3664 5420 quinque

2088 5442 2215 5480 mss.
2269 5424 2390 5478 Mox
2437 5425 2603 5478 editio
2647 5421 2821 5476 Paris.
2870 5421 2898 5472 6
2955 5419 3284 5491 δημιουργὸς
3326 5419 3436 5473 τῶν
3465 5419 3600 5474 ὅλων
3635 5423 3666 5475 ὁ

2085 5496 2315 5566 ποιητὴς
2363 5496 2534 5562 Λόγος
2576 5492 2895 5566 παρείχετο,
2923 5490 3163 5566 confuse.
3216 5490 3570 5566 Restituimus
3609 5500 3662 5544 et

2086 5584 2150 5621 ex
2187 5561 2318 5620 mss.
2345 5573 2398 5617 et
2429 5561 2494 5618 ex
2522 5561 3342 5633 ipsisEusebiiCommentariis
3372 5564 3660 5632 pristinum

2087 5653 2151 5690 ac
2181 5636 2470 5704 germinum
2509 5631 2790 5688 verborum
2816 5631 3084 5704 ordinem.

2156 5700 2407 5774 (9)Colb.
2439 5715 2661 5772 quartus
2720 5700 3282 5774 συγκαταϐληοείσης,
3335 5719 3438 5774 non
3489 5709 3662 5774 recte.

2085 5771 2250 5832 Paulo
2285 5785 2406 5845 post
2434 5771 2672 5845 quinque
2695 5790 2824 5829 mss.
2865 5773 2940 5835 ὡς
2967 5771 3150 5826 ἀσκόν.
3189 5771 3328 5827 Editi
3367 5773 3516 5828 ὡσεί.
