  <div class='ocr_page' id='page_1' title='image "/cluster/home/n/w/nwhite01/storage/ocr_20150623/29/mdp.39015012934371/577.png"; bbox 0 0 4048 6220; ppageno 0'>
   <div class='ocr_carea' id='block_1_1' title="bbox 459 312 3765 378">
    <p class='ocr_par' dir='ltr' id='par_1_1' title="bbox 459 312 3765 378">
     <span class='ocr_line' id='line_1_1' title="bbox 459 312 3765 378; baseline -0.003 0"><span class='ocrx_word' id='word_1_1' title='bbox 459 317 569 378; x_wconf 70' lang='lat'><strong>355</strong></span> <span class='ocrx_word' id='word_1_2' title='bbox 1810 320 1868 378; x_wconf 90' lang='lat' dir='ltr'><strong>S.</strong></span> <span class='ocrx_word' id='word_1_3' title='bbox 1910 320 1995 374; x_wconf 81' lang='lat' dir='ltr'><strong>BA</strong></span> <span class='ocrx_word' id='word_1_4' title='bbox 2004 317 2158 375; x_wconf 77' lang='lat' dir='ltr'><strong>SILI]</strong></span> <span class='ocrx_word' id='word_1_5' title='bbox 2195 318 2412 377; x_wconf 72' lang='lat' dir='ltr'><strong>MAGNI</strong></span> <span class='ocrx_word' id='word_1_6' title='bbox 3661 312 3765 368; x_wconf 73' lang='lat'><strong>356</strong></span> 
     </span>
    </p>
   </div>
   <div class='ocr_carea' id='block_1_2' title="bbox 534 435 2047 510">
    <p class='ocr_par' dir='ltr' id='par_1_2' title="bbox 534 437 2029 510">
     <span class='ocr_line' id='line_1_2' title="bbox 534 437 2029 510; baseline -0.001 -15"><span class='ocrx_word' id='word_1_7' title='bbox 534 439 590 496; x_wconf 74' lang='lat'><strong>5.</strong></span> <span class='ocrx_word' id='word_1_8' title='bbox 620 438 783 493; x_wconf 71' lang='lat' dir='ltr'><strong>Vsus.</strong></span> <span class='ocrx_word' id='word_1_9' title='bbox 807 437 863 493; x_wconf 85' lang='lat'><strong>7.</strong></span> <span class='ocrx_word' id='word_1_10' title='bbox 901 437 1234 510; x_wconf 70' lang='lat' dir='ltr'><strong>Congregaus</strong></span> <span class='ocrx_word' id='word_1_11' title='bbox 1278 441 1412 494; x_wconf 75' lang='lat' dir='ltr'><strong>sicut</strong></span> <span class='ocrx_word' id='word_1_12' title='bbox 1445 450 1613 494; x_wconf 82' lang='lat' dir='ltr'><strong>utrem</strong></span> <span class='ocrx_word' id='word_1_13' title='bbox 1641 456 1808 509; x_wconf 79' lang='lat' dir='ltr'><strong>aquas</strong></span> <span class='ocrx_word' id='word_1_14' title='bbox 1846 441 2029 505; x_wconf 83' lang='lat' dir='ltr'><strong>maris,</strong></span> 
     </span>
    </p>
   </div>
   <div class='ocr_carea' id='block_1_3' title="bbox 2147 435 3764 510">
    <p class='ocr_par' dir='ltr' id='par_1_3' title="bbox 2204 435 3764 509">
     <span class='ocr_line' id='line_1_3' title="bbox 2204 435 3764 509; baseline -0.002 -15"><span class='ocrx_word' id='word_1_15' title='bbox 2204 438 2257 494; x_wconf 83' lang='lat'><strong>5.</strong></span> <span class='ocrx_word' id='word_1_16' title='bbox 2276 443 2562 509; x_wconf 73' lang='grc' dir='ltr'><strong>Συνατων</strong></span> <span class='ocrx_word' id='word_1_17' title='bbox 2577 440 2658 506; x_wconf 86' lang='grc' dir='ltr'>ὡς</span> <span class='ocrx_word' id='word_1_18' title='bbox 2678 439 2874 493; x_wconf 81' lang='grc' dir='ltr'>ἀσκὸν</span> <span class='ocrx_word' id='word_1_19' title='bbox 2895 438 3084 493; x_wconf 80' lang='grc' dir='ltr'>ὕδατα</span> <span class='ocrx_word' id='word_1_20' title='bbox 3101 440 3460 507; x_wconf 69' lang='grc' dir='ltr'>θαλάσσης,</span> <span class='ocrx_word' id='word_1_21' title='bbox 3482 435 3764 503; x_wconf 73' lang='grc' dir='ltr'>τιθείςέν</span> 
     </span>
    </p>
   </div>
   <div class='ocr_carea' id='block_1_4' title="bbox 458 525 2047 603">
    <p class='ocr_par' dir='ltr' id='par_1_4' title="bbox 458 528 2035 603">
     <span class='ocr_line' id='line_1_4' title="bbox 458 528 2035 603; baseline 0.002 -19"><span class='ocrx_word' id='word_1_22' title='bbox 458 546 658 603; x_wconf 71' lang='lat' dir='ltr'><strong>poneus</strong></span> <span class='ocrx_word' id='word_1_23' title='bbox 684 531 738 584; x_wconf 84' lang='lat' dir='ltr'><strong>in</strong></span> <span class='ocrx_word' id='word_1_24' title='bbox 763 528 1023 584; x_wconf 77' lang='lat' dir='ltr'><strong>thesauris</strong></span> <span class='ocrx_word' id='word_1_25' title='bbox 1050 532 1285 601; x_wconf 81' lang='lat' dir='ltr'><strong>abyssos.</strong></span> <span class='ocrx_word' id='word_1_26' title='bbox 1336 530 1453 587; x_wconf 83' lang='lat' dir='ltr'><strong>Non</strong></span> <span class='ocrx_word' id='word_1_27' title='bbox 1481 532 1639 597; x_wconf 83' lang='lat' dir='ltr'><strong>dixit,</strong></span> <span class='ocrx_word' id='word_1_28' title='bbox 1686 532 2035 603; x_wconf 82' lang='lat' dir='ltr'><strong>Congregms</strong></span> 
     </span>
    </p>
   </div>
   <div class='ocr_carea' id='block_1_5' title="bbox 2147 525 3762 603">
    <p class='ocr_par' dir='ltr' id='par_1_5' title="bbox 2147 525 3762 599">
     <span class='ocr_line' id='line_1_5' title="bbox 2147 525 3762 599; baseline -0.002 -16"><span class='ocrx_word' id='word_1_29' title='bbox 2147 528 2464 599; x_wconf 68' lang='grc' dir='ltr'>θησαυροῖς</span> <span class='ocrx_word' id='word_1_30' title='bbox 2494 529 2830 594; x_wconf 76' lang='grc' dir='ltr'>ἀϐύσσους.</span> <span class='ocrx_word' id='word_1_31' title='bbox 2862 529 2976 582; x_wconf 85' lang='grc' dir='ltr'>Οὐκ</span> <span class='ocrx_word' id='word_1_32' title='bbox 3005 525 3147 593; x_wconf 81' lang='grc' dir='ltr'>είπε,</span> <span class='ocrx_word' id='word_1_33' title='bbox 3166 529 3438 599; x_wconf 84' lang='grc' dir='ltr'>Συνάγων</span> <span class='ocrx_word' id='word_1_34' title='bbox 3474 528 3557 583; x_wconf 80' lang='grc' dir='ltr'>τὰ</span> <span class='ocrx_word' id='word_1_35' title='bbox 3592 527 3762 580; x_wconf 79' lang='grc' dir='ltr'>ὕδατα</span> 
     </span>
    </p>
   </div>
   <div class='ocr_carea' id='block_1_6' title="bbox 465 619 2047 698">
    <p class='ocr_par' dir='ltr' id='par_1_6' title="bbox 465 624 2037 698">
     <span class='ocr_line' id='line_1_6' title="bbox 465 624 2037 698; baseline -0.001 -18"><span class='ocrx_word' id='word_1_36' title='bbox 465 637 640 698; x_wconf 75' lang='lat' dir='ltr'><strong>aquas</strong></span> <span class='ocrx_word' id='word_1_37' title='bbox 672 627 838 683; x_wconf 89' lang='lat' dir='ltr'><strong>maris</strong></span> <span class='ocrx_word' id='word_1_38' title='bbox 866 624 1009 679; x_wconf 84' lang='lat' dir='ltr'><strong>sicut</strong></span> <span class='ocrx_word' id='word_1_39' title='bbox 1033 625 1087 679; x_wconf 93' lang='lat' dir='ltr'><strong>in</strong></span> <span class='ocrx_word' id='word_1_40' title='bbox 1121 635 1262 690; x_wconf 81' lang='lat' dir='ltr'><strong>utre,</strong></span> <span class='ocrx_word' id='word_1_41' title='bbox 1297 626 1416 693; x_wconf 87' lang='lat' dir='ltr'><strong>sed,</strong></span> <span class='ocrx_word' id='word_1_42' title='bbox 1451 624 1520 679; x_wconf 83' lang='lat' dir='ltr'><strong>Ut</strong></span> <span class='ocrx_word' id='word_1_43' title='bbox 1557 634 1746 689; x_wconf 80' lang='lat' dir='ltr'><strong>utrem,</strong></span> <span class='ocrx_word' id='word_1_44' title='bbox 1769 625 1843 679; x_wconf 90' lang='lat' dir='ltr'><strong>ita</strong></span> <span class='ocrx_word' id='word_1_45' title='bbox 1866 638 2037 694; x_wconf 86' lang='lat' dir='ltr'><strong>aquas</strong></span> 
     </span>
    </p>
   </div>
   <div class='ocr_carea' id='block_1_7' title="bbox 2147 619 3762 698">
    <p class='ocr_par' dir='ltr' id='par_1_7' title="bbox 2147 619 3762 692">
     <span class='ocr_line' id='line_1_7' title="bbox 2147 619 3762 692; baseline -0.002 -17"><span class='ocrx_word' id='word_1_46' title='bbox 2147 622 2237 691; x_wconf 74' lang='grc' dir='ltr'>τῆς</span> <span class='ocrx_word' id='word_1_47' title='bbox 2274 621 2548 692; x_wconf 82' lang='grc' dir='ltr'><strong>θαλάσσης</strong></span> <span class='ocrx_word' id='word_1_48' title='bbox 2575 622 2653 685; x_wconf 79' lang='grc' dir='ltr'>ὡς</span> <span class='ocrx_word' id='word_1_49' title='bbox 2679 624 2738 675; x_wconf 79' lang='grc' dir='ltr'>ἑν</span> <span class='ocrx_word' id='word_1_50' title='bbox 2767 622 2940 692; x_wconf 80' lang='grc' dir='ltr'>ἀσκῷ,</span> <span class='ocrx_word' id='word_1_51' title='bbox 2964 621 3077 677; x_wconf 81' lang='grc' dir='ltr'>ἀλλ’</span> <span class='ocrx_word' id='word_1_52' title='bbox 3119 623 3210 688; x_wconf 85' lang='grc' dir='ltr'>Ὠς</span> <span class='ocrx_word' id='word_1_53' title='bbox 3228 622 3466 685; x_wconf 79' lang='grc' dir='ltr'>ἀσκὸν,</span> <span class='ocrx_word' id='word_1_54' title='bbox 3508 619 3669 673; x_wconf 81' lang='grc' dir='ltr'>οὕτω</span> <span class='ocrx_word' id='word_1_55' title='bbox 3695 619 3762 673; x_wconf 79' lang='grc' dir='ltr'>τὰ</span> 
     </span>
    </p>
   </div>
   <div class='ocr_carea' id='block_1_8' title="bbox 464 710 2047 791">
    <p class='ocr_par' dir='ltr' id='par_1_8' title="bbox 464 719 2033 791">
     <span class='ocr_line' id='line_1_8' title="bbox 464 719 2033 791; baseline -0.001 -18"><span class='ocrx_word' id='word_1_56' title='bbox 464 721 635 775; x_wconf 88' lang='lat' dir='ltr'><strong>maris</strong></span> <span class='ocrx_word' id='word_1_57' title='bbox 686 733 1039 791; x_wconf 75' lang='lat' dir='ltr'><strong>congregans.</strong></span> <span class='ocrx_word' id='word_1_58' title='bbox 1090 719 1210 776; x_wconf 81' lang='lat' dir='ltr'><strong>Jam</strong></span> <span class='ocrx_word' id='word_1_59' title='bbox 1263 733 1396 775; x_wconf 84' lang='lat' dir='ltr'><strong>vero</strong></span> <span class='ocrx_word' id='word_1_60' title='bbox 1454 719 1766 784; x_wconf 87' lang='lat' dir='ltr'><strong>considera,</strong></span> <span class='ocrx_word' id='word_1_61' title='bbox 1824 732 2033 789; x_wconf 61' lang='lat' dir='ltr'><strong>quaso,</strong></span> 
     </span>
    </p>
   </div>
   <div class='ocr_carea' id='block_1_9' title="bbox 2147 710 3759 791">
    <p class='ocr_par' dir='ltr' id='par_1_9' title="bbox 2147 710 3759 784">
     <span class='ocr_line' id='line_1_9' title="bbox 2147 710 3759 784; baseline -0.002 -19"><span class='ocrx_word' id='word_1_62' title='bbox 2147 710 2307 765; x_wconf 71' lang='grc' dir='ltr'>θδατα</span> <span class='ocrx_word' id='word_1_63' title='bbox 2337 713 2436 783; x_wconf 87' lang='grc' dir='ltr'>τῆς</span> <span class='ocrx_word' id='word_1_64' title='bbox 2462 711 2739 783; x_wconf 80' lang='grc' dir='ltr'><strong>Θαλάσσης</strong></span> <span class='ocrx_word' id='word_1_65' title='bbox 2763 712 3029 782; x_wconf 81' lang='grc' dir='ltr'>συνάγων.</span> <span class='ocrx_word' id='word_1_66' title='bbox 3062 712 3274 783; x_wconf 80' lang='grc' dir='ltr'>Νόησον</span> <span class='ocrx_word' id='word_1_67' title='bbox 3296 712 3352 765; x_wconf 88' lang='grc' dir='ltr'><strong>δέ</strong></span> <span class='ocrx_word' id='word_1_68' title='bbox 3397 729 3509 784; x_wconf 87' lang='grc' dir='ltr'><strong>μοι</strong></span> <span class='ocrx_word' id='word_1_69' title='bbox 3536 710 3650 782; x_wconf 75' lang='grc' dir='ltr'>τὴν</span> <span class='ocrx_word' id='word_1_70' title='bbox 3667 722 3759 762; x_wconf 82' lang='grc' dir='ltr'><strong>του</strong></span> 
     </span>
    </p>
   </div>
   <div class='ocr_carea' id='block_1_10' title="bbox 400 798 2036 883">
    <p class='ocr_par' dir='ltr' id='par_1_10' title="bbox 400 798 2036 883">
     <span class='ocr_line' id='line_1_10' title="bbox 400 798 2036 883; baseline -0.001 -18"><span class='ocrx_word' id='word_1_71' title='bbox 400 798 418 835; x_wconf 86' lang='grc'><em>¹</em></span> <span class='ocrx_word' id='word_1_72' title='bbox 465 810 606 866; x_wconf 82' lang='lat' dir='ltr'><strong>utris</strong></span> <span class='ocrx_word' id='word_1_73' title='bbox 639 821 919 877; x_wconf 83' lang='lat' dir='ltr'><strong>naturam,</strong></span> <span class='ocrx_word' id='word_1_74' title='bbox 950 826 1074 882; x_wconf 59' lang='lat' dir='ltr'><strong>quae</strong></span> <span class='ocrx_word' id='word_1_75' title='bbox 1103 827 1247 867; x_wconf 86' lang='lat' dir='ltr'><strong>nunc</strong></span> <span class='ocrx_word' id='word_1_76' title='bbox 1264 811 1480 883; x_wconf 81' lang='lat' dir='ltr'><strong>quidem</strong></span> <span class='ocrx_word' id='word_1_77' title='bbox 1510 809 1747 879; x_wconf 85' lang='lat' dir='ltr'><strong>inflatur,</strong></span> <span class='ocrx_word' id='word_1_78' title='bbox 1791 826 1914 866; x_wconf 89' lang='lat' dir='ltr'><strong>cum</strong></span> <span class='ocrx_word' id='word_1_79' title='bbox 1946 824 2036 865; x_wconf 90' lang='lat' dir='ltr'><strong>co-</strong></span> 
     </span>
    </p>
   </div>
   <div class='ocr_carea' id='block_1_11' title="bbox 465 900 2039 974">
    <p class='ocr_par' dir='ltr' id='par_1_11' title="bbox 465 900 2039 974">
     <span class='ocr_line' id='line_1_11' title="bbox 465 900 2039 974; baseline 0 -19"><span class='ocrx_word' id='word_1_80' title='bbox 465 900 607 955; x_wconf 88' lang='lat' dir='ltr'><strong>rium</strong></span> <span class='ocrx_word' id='word_1_81' title='bbox 642 900 937 958; x_wconf 86' lang='lat' dir='ltr'><strong>intercluso</strong></span> <span class='ocrx_word' id='word_1_82' title='bbox 977 901 1170 974; x_wconf 76' lang='lat' dir='ltr'><strong>spiritu</strong></span> <span class='ocrx_word' id='word_1_83' title='bbox 1218 903 1516 958; x_wconf 88' lang='lat' dir='ltr'><strong>distentum</strong></span> <span class='ocrx_word' id='word_1_84' title='bbox 1554 911 1671 968; x_wconf 83' lang='lat' dir='ltr'><strong>est;</strong></span> <span class='ocrx_word' id='word_1_85' title='bbox 1726 918 1869 958; x_wconf 89' lang='lat' dir='ltr'><strong>nunc</strong></span> <span class='ocrx_word' id='word_1_86' title='bbox 1906 916 2039 955; x_wconf 87' lang='lat' dir='ltr'><strong>vero</strong></span> 
     </span>
    </p>
   </div>
   <div class='ocr_carea' id='block_1_12' title="bbox 466 991 2039 1064">
    <p class='ocr_par' dir='ltr' id='par_1_12' title="bbox 466 991 2039 1064">
     <span class='ocr_line' id='line_1_12' title="bbox 466 991 2039 1064; baseline 0 -17"><span class='ocrx_word' id='word_1_87' title='bbox 466 991 832 1057; x_wconf 82' lang='lat' dir='ltr'><strong>contrahitur,</strong></span> <span class='ocrx_word' id='word_1_88' title='bbox 866 1009 988 1049; x_wconf 88' lang='lat' dir='ltr'><strong>cum</strong></span> <span class='ocrx_word' id='word_1_89' title='bbox 1025 992 1187 1049; x_wconf 82' lang='lat' dir='ltr'><strong>ﬂatus</strong></span> <span class='ocrx_word' id='word_1_90' title='bbox 1229 994 1319 1050; x_wconf 87' lang='lat' dir='ltr'><strong>ille</strong></span> <span class='ocrx_word' id='word_1_91' title='bbox 1357 1008 1466 1064; x_wconf 89' lang='lat' dir='ltr'><strong>quo</strong></span> <span class='ocrx_word' id='word_1_92' title='bbox 1502 993 1912 1049; x_wconf 87' lang='lat' dir='ltr'><strong>distendebatur</strong></span> <span class='ocrx_word' id='word_1_93' title='bbox 1951 1006 2039 1047; x_wconf 85' lang='lat' dir='ltr'><strong>se-</strong></span> 
     </span>
    </p>
   </div>
   <div class='ocr_carea' id='block_1_13' title="bbox 2136 802 3761 876">
    <p class='ocr_par' dir='ltr' id='par_1_13' title="bbox 2136 802 3761 876">
     <span class='ocr_line' id='line_1_13' title="bbox 2136 802 3761 876; baseline -0.002 -19"><span class='ocrx_word' id='word_1_94' title='bbox 2136 803 2309 857; x_wconf 83' lang='grc' dir='ltr'>ἀσκοῦ</span> <span class='ocrx_word' id='word_1_95' title='bbox 2335 803 2523 871; x_wconf 74' lang='grc' dir='ltr'>φύσιν,</span> <span class='ocrx_word' id='word_1_96' title='bbox 2543 802 2638 857; x_wconf 89' lang='grc' dir='ltr'><strong>νῦν</strong></span> <span class='ocrx_word' id='word_1_97' title='bbox 2667 805 2766 876; x_wconf 87' lang='grc' dir='ltr'>μὲν</span> <span class='ocrx_word' id='word_1_98' title='bbox 2792 803 3228 876; x_wconf 81' lang='grc' dir='ltr'>διαφυσωμένην,</span> <span class='ocrx_word' id='word_1_99' title='bbox 3260 805 3392 858; x_wconf 80' lang='grc' dir='ltr'>ὅταν</span> <span class='ocrx_word' id='word_1_100' title='bbox 3427 802 3525 874; x_wconf 78' lang='grc' dir='ltr'>τῷ</span> <span class='ocrx_word' id='word_1_101' title='bbox 3552 806 3761 855; x_wconf 78' lang='grc' dir='ltr'>ἐναπο-</span> 
     </span>
    </p>
   </div>
   <div class='ocr_carea' id='block_1_14' title="bbox 2136 892 3761 968">
    <p class='ocr_par' dir='ltr' id='par_1_14' title="bbox 2136 892 3761 968">
     <span class='ocr_line' id='line_1_14' title="bbox 2136 892 3761 968; baseline -0.001 -19"><span class='ocrx_word' id='word_1_102' title='bbox 2136 894 2394 967; x_wconf 83' lang='grc' dir='ltr'>ληφθέντι</span> <span class='ocrx_word' id='word_1_103' title='bbox 2429 897 2540 967; x_wconf 84' lang='grc'><strong>(10)</strong></span> <span class='ocrx_word' id='word_1_104' title='bbox 2576 896 2847 967; x_wconf 89' lang='grc' dir='ltr'>πνεύματι</span> <span class='ocrx_word' id='word_1_105' title='bbox 2887 896 2948 950; x_wconf 82' lang='grc' dir='ltr'>τὸ</span> <span class='ocrx_word' id='word_1_106' title='bbox 2974 896 3151 968; x_wconf 85' lang='grc' dir='ltr'>δέρμα</span> <span class='ocrx_word' id='word_1_107' title='bbox 3196 894 3484 968; x_wconf 83' lang='grc' dir='ltr'>περιταθῇ</span> <span class='ocrx_word' id='word_1_108' title='bbox 3510 911 3528 926; x_wconf 74' lang='grc'><strong><em>⁸</em></strong></span> <span class='ocrx_word' id='word_1_109' title='bbox 3569 893 3675 947; x_wconf 87' lang='grc' dir='ltr'><strong>νῦν</strong></span> <span class='ocrx_word' id='word_1_110' title='bbox 3706 892 3761 947; x_wconf 65' lang='lat' dir='ltr'><strong>ea</strong></span> 
     </span>
    </p>
   </div>
   <div class='ocr_carea' id='block_1_15' title="bbox 2139 986 3761 1063">
    <p class='ocr_par' dir='ltr' id='par_1_15' title="bbox 2139 986 3761 1063">
     <span class='ocr_line' id='line_1_15' title="bbox 2139 986 3761 1063; baseline -0.003 -19"><span class='ocrx_word' id='word_1_111' title='bbox 2139 990 2590 1061; x_wconf 84' lang='grc' dir='ltr'><strong>συστελλομένην,</strong></span> <span class='ocrx_word' id='word_1_112' title='bbox 2631 991 2759 1045; x_wconf 78' lang='grc' dir='ltr'>ὅταν</span> <span class='ocrx_word' id='word_1_113' title='bbox 2787 991 3119 1063; x_wconf 82' lang='grc' dir='ltr'>ὑποχωρήσῃ</span> <span class='ocrx_word' id='word_1_114' title='bbox 3152 991 3213 1044; x_wconf 86' lang='grc' dir='ltr'><strong>τὺ</strong></span> <span class='ocrx_word' id='word_1_115' title='bbox 3248 991 3563 1044; x_wconf 83' lang='grc' dir='ltr'>διατεῖνον.</span> <span class='ocrx_word' id='word_1_116' title='bbox 3599 986 3761 1041; x_wconf 77' lang='grc' dir='ltr'>Οὕτω</span> 
     </span>
    </p>
   </div>
   <div class='ocr_carea' id='block_1_16' title="bbox 467 1084 2040 1157">
    <p class='ocr_par' dir='ltr' id='par_1_16' title="bbox 467 1084 2040 1157">
     <span class='ocr_line' id='line_1_16' title="bbox 467 1084 2040 1157; baseline 0 -19"><span class='ocrx_word' id='word_1_117' title='bbox 467 1084 656 1140; x_wconf 89' lang='lat' dir='ltr'><strong>cessit.</strong></span> <span class='ocrx_word' id='word_1_118' title='bbox 710 1084 807 1141; x_wconf 84' lang='lat' dir='ltr'><strong>Sic</strong></span> <span class='ocrx_word' id='word_1_119' title='bbox 855 1085 1041 1155; x_wconf 80' lang='lat' dir='ltr'><strong>itaque</strong></span> <span class='ocrx_word' id='word_1_120' title='bbox 1091 1101 1243 1142; x_wconf 88' lang='lat' dir='ltr'><strong>mare</strong></span> <span class='ocrx_word' id='word_1_121' title='bbox 1286 1086 1578 1157; x_wconf 82' lang='lat' dir='ltr'><strong>aliquando</strong></span> <span class='ocrx_word' id='word_1_122' title='bbox 1616 1084 1929 1141; x_wconf 85' lang='lat' dir='ltr'><strong>intumescit</strong></span> <span class='ocrx_word' id='word_1_123' title='bbox 1974 1098 2040 1138; x_wconf 87' lang='lat' dir='ltr'><strong>ac</strong></span> 
     </span>
    </p>
   </div>
   <div class='ocr_carea' id='block_1_17' title="bbox 469 1169 2040 1244">
    <p class='ocr_par' dir='ltr' id='par_1_17' title="bbox 469 1169 2040 1244">
     <span class='ocr_line' id='line_1_17' title="bbox 469 1169 2040 1244; baseline 0.002 -18"><span class='ocrx_word' id='word_1_124' title='bbox 469 1169 778 1228; x_wconf 73' lang='lat' dir='ltr'><strong>eﬂ&#39;ervescit</strong></span> <span class='ocrx_word' id='word_1_125' title='bbox 830 1176 1008 1230; x_wconf 89' lang='lat' dir='ltr'><strong>ventis</strong></span> <span class='ocrx_word' id='word_1_126' title='bbox 1048 1174 1329 1230; x_wconf 79' lang='lat' dir='ltr'><strong>efferatum</strong></span> <span class='ocrx_word' id='word_1_127' title='bbox 1364 1184 1698 1239; x_wconf 84' lang='lat' dir='ltr'><strong>ae.tumens,</strong></span> <span class='ocrx_word' id='word_1_128' title='bbox 1750 1175 2040 1244; x_wconf 83' lang='lat' dir='ltr'><strong>aliquando</strong></span> 
     </span>
    </p>
   </div>
   <div class='ocr_carea' id='block_1_18' title="bbox 469 1265 2036 1334">
    <p class='ocr_par' dir='ltr' id='par_1_18' title="bbox 469 1265 2036 1334">
     <span class='ocr_line' id='line_1_18' title="bbox 469 1265 2036 1334; baseline 0.002 -18"><span class='ocrx_word' id='word_1_129' title='bbox 469 1277 602 1318; x_wconf 89' lang='lat' dir='ltr'><strong>vero</strong></span> <span class='ocrx_word' id='word_1_130' title='bbox 640 1279 829 1319; x_wconf 83' lang='lat' dir='ltr'><strong>rursus</strong></span> <span class='ocrx_word' id='word_1_131' title='bbox 871 1265 1266 1334; x_wconf 86' lang='lat' dir='ltr'><strong>tranquillitate</strong></span> <span class='ocrx_word' id='word_1_132' title='bbox 1321 1266 1377 1322; x_wconf 90' lang='lat' dir='ltr'><strong>in</strong></span> <span class='ocrx_word' id='word_1_133' title='bbox 1421 1266 1625 1322; x_wconf 88' lang='lat' dir='ltr'><strong>humile</strong></span> <span class='ocrx_word' id='word_1_134' title='bbox 1677 1266 2036 1321; x_wconf 80' lang='lat' dir='ltr'><strong>contrahitur.</strong></span> 
     </span>
    </p>
   </div>
   <div class='ocr_carea' id='block_1_19' title="bbox 473 1353 2042 1425">
    <p class='ocr_par' dir='ltr' id='par_1_19' title="bbox 473 1353 2042 1425">
     <span class='ocr_line' id='line_1_19' title="bbox 473 1353 2042 1425; baseline 0 -17"><span class='ocrx_word' id='word_1_135' title='bbox 473 1353 642 1424; x_wconf 85' lang='lat' dir='ltr'><strong>Igitur</strong></span> <span class='ocrx_word' id='word_1_136' title='bbox 669 1363 730 1410; x_wconf 90' lang='lat' dir='ltr'><strong>ut</strong></span> <span class='ocrx_word' id='word_1_137' title='bbox 750 1364 948 1421; x_wconf 86' lang='lat' dir='ltr'><strong>utrem,</strong></span> <span class='ocrx_word' id='word_1_138' title='bbox 992 1356 1066 1410; x_wconf 83' lang='lat' dir='ltr'><strong>ita</strong></span> <span class='ocrx_word' id='word_1_139' title='bbox 1092 1356 1365 1412; x_wconf 82' lang='lat' dir='ltr'><strong>contrahit</strong></span> <span class='ocrx_word' id='word_1_140' title='bbox 1403 1371 1469 1410; x_wconf 81' lang='lat' dir='ltr'><strong>ac</strong></span> <span class='ocrx_word' id='word_1_141' title='bbox 1493 1354 1746 1425; x_wconf 88' lang='lat' dir='ltr'><strong>deprimit</strong></span> <span class='ocrx_word' id='word_1_142' title='bbox 1782 1354 2042 1409; x_wconf 86' lang='lat' dir='ltr'><strong>Dominus</strong></span> 
     </span>
    </p>
   </div>
   <div class='ocr_carea' id='block_1_20' title="bbox 472 1447 2040 1518">
    <p class='ocr_par' dir='ltr' id='par_1_20' title="bbox 472 1447 2040 1518">
     <span class='ocr_line' id='line_1_20' title="bbox 472 1447 2040 1518; baseline 0 -18"><span class='ocrx_word' id='word_1_143' title='bbox 472 1461 669 1517; x_wconf 84' lang='lat' dir='ltr'><strong>aquam</strong></span> <span class='ocrx_word' id='word_1_144' title='bbox 709 1448 897 1505; x_wconf 86' lang='lat' dir='ltr'><strong>maris.</strong></span> <span class='ocrx_word' id='word_1_145' title='bbox 936 1447 1243 1505; x_wconf 82' lang='lat' dir='ltr'><strong>Invenimus</strong></span> <span class='ocrx_word' id='word_1_146' title='bbox 1285 1458 1464 1504; x_wconf 85' lang='lat' dir='ltr'><strong>autem</strong></span> <span class='ocrx_word' id='word_1_147' title='bbox 1509 1450 1561 1503; x_wconf 90' lang='lat' dir='ltr'><strong>in</strong></span> <span class='ocrx_word' id='word_1_148' title='bbox 1593 1448 1913 1518; x_wconf 87' lang='lat' dir='ltr'><strong>quihusdam</strong></span> <span class='ocrx_word' id='word_1_149' title='bbox 1940 1463 2040 1501; x_wconf 88' lang='lat' dir='ltr'><strong>ex-</strong></span> 
     </span>
    </p>
   </div>
   <div class='ocr_carea' id='block_1_21' title="bbox 471 1540 2040 1614">
    <p class='ocr_par' dir='ltr' id='par_1_21' title="bbox 471 1540 2040 1614">
     <span class='ocr_line' id='line_1_21' title="bbox 471 1540 2040 1614; baseline 0.001 -19"><span class='ocrx_word' id='word_1_150' title='bbox 471 1540 829 1611; x_wconf 86' lang='lat' dir='ltr'><strong>emplaribus,</strong></span> <span class='ocrx_word' id='word_1_151' title='bbox 869 1540 1202 1614; x_wconf 78' lang='lat' dir='ltr'><strong>Congregam</strong></span> <span class='ocrx_word' id='word_1_152' title='bbox 1227 1542 1363 1597; x_wconf 79' lang='lat' dir='ltr'><strong>velut</strong></span> <span class='ocrx_word' id='word_1_153' title='bbox 1403 1543 1458 1596; x_wconf 83' lang='lat' dir='ltr'><strong>in</strong></span> <span class='ocrx_word' id='word_1_154' title='bbox 1488 1553 1604 1597; x_wconf 80' lang='lat' dir='ltr'><strong>utre</strong></span> <span class='ocrx_word' id='word_1_155' title='bbox 1629 1559 1795 1614; x_wconf 81' lang='lat' dir='ltr'><strong>aquas</strong></span> <span class='ocrx_word' id='word_1_156' title='bbox 1826 1543 1990 1597; x_wconf 84' lang='lat' dir='ltr'><strong>maris</strong></span> <span class='ocrx_word' id='word_1_157' title='bbox 2021 1557 2040 1596; x_wconf 81' lang='lat'><strong>.&#39;</strong></span> 
     </span>
    </p>
   </div>
   <div class='ocr_carea' id='block_1_22' title="bbox 475 1633 2041 1702">
    <p class='ocr_par' dir='ltr' id='par_1_22' title="bbox 475 1633 2041 1702">
     <span class='ocr_line' id='line_1_22' title="bbox 475 1633 2041 1702; baseline 0.003 -18"><span class='ocrx_word' id='word_1_158' title='bbox 475 1633 674 1702; x_wconf 86' lang='lat' dir='ltr'><strong>quibus</strong></span> <span class='ocrx_word' id='word_1_159' title='bbox 718 1635 900 1690; x_wconf 81' lang='lat' dir='ltr'><strong>verbis</strong></span> <span class='ocrx_word' id='word_1_160' title='bbox 943 1635 1012 1689; x_wconf 79' lang='lat' dir='ltr'><strong>ad</strong></span> <span class='ocrx_word' id='word_1_161' title='bbox 1054 1643 1290 1690; x_wconf 80' lang='lat' dir='ltr'><strong>veterem</strong></span> <span class='ocrx_word' id='word_1_162' title='bbox 1358 1635 1643 1691; x_wconf 84' lang='lat' dir='ltr'><strong>historiam</strong></span> <span class='ocrx_word' id='word_1_163' title='bbox 1705 1634 2041 1699; x_wconf 84' lang='lat' dir='ltr'><strong>deducimur,</strong></span> 
     </span>
    </p>
   </div>
   <div class='ocr_carea' id='block_1_23' title="bbox 476 1725 2044 1796">
    <p class='ocr_par' dir='ltr' id='par_1_23' title="bbox 476 1725 2044 1796">
     <span class='ocr_line' id='line_1_23' title="bbox 476 1725 2044 1796; baseline 0.002 -20"><span class='ocrx_word' id='word_1_164' title='bbox 476 1737 598 1777; x_wconf 89' lang='lat' dir='ltr'><strong>cum</strong></span> <span class='ocrx_word' id='word_1_165' title='bbox 633 1739 784 1781; x_wconf 82' lang='lat' dir='ltr'><strong>mare</strong></span> <span class='ocrx_word' id='word_1_166' title='bbox 812 1725 1075 1795; x_wconf 80' lang='lat' dir='ltr'><strong>Rubrum,</strong></span> <span class='ocrx_word' id='word_1_167' title='bbox 1113 1726 1330 1782; x_wconf 87' lang='lat' dir='ltr'><strong>nemine</strong></span> <span class='ocrx_word' id='word_1_168' title='bbox 1353 1726 1408 1781; x_wconf 91' lang='lat' dir='ltr'><strong>id</strong></span> <span class='ocrx_word' id='word_1_169' title='bbox 1445 1741 1620 1796; x_wconf 88' lang='lat' dir='ltr'><strong>neque</strong></span> <span class='ocrx_word' id='word_1_170' title='bbox 1651 1726 1925 1781; x_wconf 85' lang='lat' dir='ltr'><strong>dividente</strong></span> <span class='ocrx_word' id='word_1_171' title='bbox 1952 1740 2044 1779; x_wconf 87' lang='lat' dir='ltr'><strong>ne-</strong></span> 
     </span>
    </p>
   </div>
   <div class='ocr_carea' id='block_1_24' title="bbox 478 1820 2042 1891">
    <p class='ocr_par' dir='ltr' id='par_1_24' title="bbox 478 1820 2042 1891">
     <span class='ocr_line' id='line_1_24' title="bbox 478 1820 2042 1891; baseline 0.003 -23"><span class='ocrx_word' id='word_1_172' title='bbox 478 1831 586 1886; x_wconf 90' lang='lat' dir='ltr'><strong>que</strong></span> <span class='ocrx_word' id='word_1_173' title='bbox 613 1820 951 1882; x_wconf 82' lang='lat' dir='ltr'><strong>continente.</strong></span> <span class='ocrx_word' id='word_1_174' title='bbox 976 1820 1153 1890; x_wconf 91' lang='lat' dir='ltr'><strong>ipsum</strong></span> <span class='ocrx_word' id='word_1_175' title='bbox 1183 1822 1250 1875; x_wconf 88' lang='lat' dir='ltr'><strong>ad</strong></span> <span class='ocrx_word' id='word_1_176' title='bbox 1281 1835 1341 1876; x_wconf 89' lang='lat' dir='ltr'><strong>se</strong></span> <span class='ocrx_word' id='word_1_177' title='bbox 1362 1821 1539 1891; x_wconf 81' lang='lat' dir='ltr'><strong>ipsum</strong></span> <span class='ocrx_word' id='word_1_178' title='bbox 1569 1831 1905 1876; x_wconf 88' lang='lat' dir='ltr'><strong>contractum</strong></span> <span class='ocrx_word' id='word_1_179' title='bbox 1939 1826 2042 1882; x_wconf 88' lang='lat' dir='ltr'><strong>est,</strong></span> 
     </span>
    </p>
   </div>
   <div class='ocr_carea' id='block_1_25' title="bbox 475 1908 2045 1982">
    <p class='ocr_par' dir='ltr' id='par_1_25' title="bbox 475 1908 2045 1982">
     <span class='ocr_line' id='line_1_25' title="bbox 475 1908 2045 1982; baseline 0.001 -21"><span class='ocrx_word' id='word_1_180' title='bbox 475 1908 717 1978; x_wconf 78' lang='lat' dir='ltr'><strong>quasi&#39;in</strong></span> <span class='ocrx_word' id='word_1_181' title='bbox 753 1920 873 1965; x_wconf 83' lang='lat' dir='ltr'><strong>utre</strong></span> <span class='ocrx_word' id='word_1_182' title='bbox 911 1913 1146 1982; x_wconf 89' lang='lat' dir='ltr'><strong>quodam</strong></span> <span class='ocrx_word' id='word_1_183' title='bbox 1183 1911 1520 1982; x_wconf 87' lang='lat' dir='ltr'><strong>colligatum,</strong></span> <span class='ocrx_word' id='word_1_184' title='bbox 1575 1911 1760 1966; x_wconf 85' lang='lat' dir='ltr'><strong>divino</strong></span> <span class='ocrx_word' id='word_1_185' title='bbox 1789 1911 2045 1965; x_wconf 87' lang='lat' dir='ltr'><strong>mandato</strong></span> 
     </span>
    </p>
   </div>
   <div class='ocr_carea' id='block_1_26' title="bbox 478 1998 2048 2069">
    <p class='ocr_par' dir='ltr' id='par_1_26' title="bbox 478 1998 2048 2069">
     <span class='ocr_line' id='line_1_26' title="bbox 478 1998 2048 2069; baseline -0.001 -18"><span class='ocrx_word' id='word_1_186' title='bbox 478 1998 606 2052; x_wconf 89' lang='lat' dir='ltr'><strong>illud</strong></span> <span class='ocrx_word' id='word_1_187' title='bbox 631 1998 829 2055; x_wconf 81' lang='lat' dir='ltr'><strong>eﬂundi</strong></span> <span class='ocrx_word' id='word_1_188' title='bbox 862 2015 967 2055; x_wconf 90' lang='lat' dir='ltr'><strong>non</strong></span> <span class='ocrx_word' id='word_1_189' title='bbox 1007 2001 1238 2056; x_wconf 88' lang='lat' dir='ltr'><strong>sinente.</strong></span> <span class='ocrx_word' id='word_1_190' title='bbox 1270 1999 1504 2063; x_wconf 79' lang='lat' dir='ltr'><strong>Peneus,</strong></span> <span class='ocrx_word' id='word_1_191' title='bbox 1534 1999 1728 2069; x_wconf 88' lang='lat' dir='ltr'><strong>inquit,</strong></span> <span class='ocrx_word' id='word_1_192' title='bbox 1763 2002 1817 2051; x_wconf 82' lang='lat' dir='ltr'><strong>in</strong></span> <span class='ocrx_word' id='word_1_193' title='bbox 1845 1999 2048 2052; x_wconf 73' lang='lat' dir='ltr'><strong>thesau-</strong></span> 
     </span>
    </p>
   </div>
   <div class='ocr_carea' id='block_1_27' title="bbox 474 2090 2047 2161">
    <p class='ocr_par' dir='ltr' id='par_1_27' title="bbox 474 2090 2047 2161">
     <span class='ocr_line' id='line_1_27' title="bbox 474 2090 2047 2161; baseline 0.001 -20"><span class='ocrx_word' id='word_1_194' title='bbox 474 2091 548 2143; x_wconf 79' lang='lat' dir='ltr'><strong>ris</strong></span> <span class='ocrx_word' id='word_1_195' title='bbox 580 2095 818 2161; x_wconf 79' lang='lat' dir='ltr'><strong>abyssos.</strong></span> <span class='ocrx_word' id='word_1_196' title='bbox 860 2091 994 2147; x_wconf 87' lang='lat' dir='ltr'><strong>Erat</strong></span> <span class='ocrx_word' id='word_1_197' title='bbox 1041 2092 1322 2149; x_wconf 63' lang='lat' dir='ltr'><strong>sententia;</strong></span> <span class='ocrx_word' id='word_1_198' title='bbox 1360 2091 1633 2146; x_wconf 86' lang='lat' dir='ltr'><strong>communi</strong></span> <span class='ocrx_word' id='word_1_199' title='bbox 1691 2090 1865 2159; x_wconf 87' lang='lat' dir='ltr'><strong>magis</strong></span> <span class='ocrx_word' id='word_1_200' title='bbox 1915 2104 2047 2144; x_wconf 88' lang='lat' dir='ltr'><strong>con-</strong></span> 
     </span>
    </p>
   </div>
   <div class='ocr_carea' id='block_1_28' title="bbox 477 2182 2049 2256">
    <p class='ocr_par' dir='ltr' id='par_1_28' title="bbox 477 2182 2049 2256">
     <span class='ocr_line' id='line_1_28' title="bbox 477 2182 2049 2256; baseline -0.001 -19"><span class='ocrx_word' id='word_1_201' title='bbox 477 2198 672 2251; x_wconf 81' lang='lat' dir='ltr'><strong>gruum</strong></span> <span class='ocrx_word' id='word_1_202' title='bbox 705 2184 887 2240; x_wconf 89' lang='lat' dir='ltr'><strong>dicere</strong></span> <span class='ocrx_word' id='word_1_203' title='bbox 931 2202 947 2240; x_wconf 89' lang='lat'><strong>:</strong></span> <span class='ocrx_word' id='word_1_204' title='bbox 987 2185 1203 2241; x_wconf 86' lang='lat' dir='ltr'><strong>Ponens</strong></span> <span class='ocrx_word' id='word_1_205' title='bbox 1245 2185 1297 2241; x_wconf 92' lang='lat' dir='ltr'><strong>in</strong></span> <span class='ocrx_word' id='word_1_206' title='bbox 1338 2184 1547 2256; x_wconf 84' lang='lat' dir='ltr'><strong>abyssis</strong></span> <span class='ocrx_word' id='word_1_207' title='bbox 1576 2185 1862 2239; x_wconf 84' lang='lat' dir='ltr'><strong>thesauros</strong></span> <span class='ocrx_word' id='word_1_208' title='bbox 1901 2182 2049 2238; x_wconf 87' lang='lat' dir='ltr'><strong>:hoc</strong></span> 
     </span>
    </p>
   </div>
   <div class='ocr_carea' id='block_1_29' title="bbox 473 2272 2049 2348">
    <p class='ocr_par' dir='ltr' id='par_1_29' title="bbox 473 2272 2049 2348">
     <span class='ocr_line' id='line_1_29' title="bbox 473 2272 2049 2348; baseline 0 -20"><span class='ocrx_word' id='word_1_209' title='bbox 473 2283 579 2338; x_wconf 86' lang='lat' dir='ltr'><strong>est,</strong></span> <span class='ocrx_word' id='word_1_210' title='bbox 630 2274 684 2328; x_wconf 90' lang='lat' dir='ltr'><strong>in</strong></span> <span class='ocrx_word' id='word_1_211' title='bbox 746 2276 1009 2348; x_wconf 85' lang='lat' dir='ltr'><strong>mysterio</strong></span> <span class='ocrx_word' id='word_1_212' title='bbox 1067 2276 1286 2332; x_wconf 83' lang='lat' dir='ltr'><strong>divitias</strong></span> <span class='ocrx_word' id='word_1_213' title='bbox 1350 2277 1635 2331; x_wconf 87' lang='lat' dir='ltr'><strong>continens</strong></span> <span class='ocrx_word' id='word_1_214' title='bbox 1696 2289 1845 2330; x_wconf 86' lang='lat' dir='ltr'><strong>suas.</strong></span> <span class='ocrx_word' id='word_1_215' title='bbox 1893 2272 2049 2328; x_wconf 87' lang='lat' dir='ltr'><strong>Nunc</strong></span> 
     </span>
    </p>
   </div>
   <div class='ocr_carea' id='block_1_30' title="bbox 470 2365 2045 2440">
    <p class='ocr_par' dir='ltr' id='par_1_30' title="bbox 470 2365 2045 2440">
     <span class='ocr_line' id='line_1_30' title="bbox 470 2365 2045 2440; baseline -0.003 -18"><span class='ocrx_word' id='word_1_216' title='bbox 470 2382 605 2424; x_wconf 87' lang='lat' dir='ltr'><strong>vero</strong></span> <span class='ocrx_word' id='word_1_217' title='bbox 646 2368 791 2422; x_wconf 87' lang='lat' dir='ltr'><strong>velut</strong></span> <span class='ocrx_word' id='word_1_218' title='bbox 835 2383 965 2438; x_wconf 91' lang='lat' dir='ltr'><strong>opes</strong></span> <span class='ocrx_word' id='word_1_219' title='bbox 990 2368 1249 2440; x_wconf 77' lang='lat' dir='ltr'><strong>quaedam</strong></span> <span class='ocrx_word' id='word_1_220' title='bbox 1279 2368 1480 2423; x_wconf 76' lang='lat' dir='ltr'><strong>divinis</strong></span> <span class='ocrx_word' id='word_1_221' title='bbox 1515 2367 1787 2423; x_wconf 83' lang='lat' dir='ltr'><strong>thesauris</strong></span> <span class='ocrx_word' id='word_1_222' title='bbox 1832 2365 2045 2435; x_wconf 87' lang='lat' dir='ltr'><strong>dignas,</strong></span> 
     </span>
    </p>
   </div>
   <div class='ocr_carea' id='block_1_31' title="bbox 474 2457 2047 2532">
    <p class='ocr_par' dir='ltr' id='par_1_31' title="bbox 474 2457 2047 2532">
     <span class='ocr_line' id='line_1_31' title="bbox 474 2457 2047 2532; baseline -0.003 -18"><span class='ocrx_word' id='word_1_223' title='bbox 474 2461 702 2532; x_wconf 82' lang='lat' dir='ltr'><strong>abyssos</strong></span> <span class='ocrx_word' id='word_1_224' title='bbox 727 2461 872 2529; x_wconf 88' lang='lat' dir='ltr'><strong>ipsas</strong></span> <span class='ocrx_word' id='word_1_225' title='bbox 910 2476 1033 2518; x_wconf 84' lang='lat' dir='ltr'><strong>esse</strong></span> <span class='ocrx_word' id='word_1_226' title='bbox 1070 2462 1221 2516; x_wconf 88' lang='lat' dir='ltr'><strong>dicit.</strong></span> <span class='ocrx_word' id='word_1_227' title='bbox 1260 2460 1513 2529; x_wconf 82' lang='lat' dir='ltr'><strong>Nunquid</strong></span> <span class='ocrx_word' id='word_1_228' title='bbox 1555 2473 1685 2528; x_wconf 81' lang='lat' dir='ltr'><strong>ergo</strong></span> <span class='ocrx_word' id='word_1_229' title='bbox 1726 2458 1916 2527; x_wconf 75' lang='lat' dir='ltr'><strong>iudicii</strong></span> <span class='ocrx_word' id='word_1_230' title='bbox 1961 2457 2047 2511; x_wconf 88' lang='lat' dir='ltr'><strong>di-</strong></span> 
     </span>
    </p>
   </div>
   <div class='ocr_carea' id='block_1_32' title="bbox 476 2549 2048 2623">
    <p class='ocr_par' dir='ltr' id='par_1_32' title="bbox 476 2549 2048 2623">
     <span class='ocr_line' id='line_1_32' title="bbox 476 2549 2048 2623; baseline -0.003 -16"><span class='ocrx_word' id='word_1_231' title='bbox 476 2555 591 2610; x_wconf 83' lang='lat' dir='ltr'><strong>vini</strong></span> <span class='ocrx_word' id='word_1_232' title='bbox 631 2556 868 2611; x_wconf 80' lang='lat' dir='ltr'><strong>rationes</strong></span> <span class='ocrx_word' id='word_1_233' title='bbox 915 2554 1311 2611; x_wconf 82' lang='lat' dir='ltr'><strong>inenarrabiles</strong></span> <span class='ocrx_word' id='word_1_234' title='bbox 1362 2564 1419 2611; x_wconf 91' lang='lat' dir='ltr'><strong>et</strong></span> <span class='ocrx_word' id='word_1_235' title='bbox 1451 2555 1689 2609; x_wconf 88' lang='lat' dir='ltr'><strong>humano</strong></span> <span class='ocrx_word' id='word_1_236' title='bbox 1734 2550 1916 2623; x_wconf 88' lang='lat' dir='ltr'><strong>captui</strong></span> <span class='ocrx_word' id='word_1_237' title='bbox 1961 2549 2048 2603; x_wconf 87' lang='lat' dir='ltr'><strong>in-</strong></span> 
     </span>
    </p>
   </div>
   <div class='ocr_carea' id='block_1_33' title="bbox 474 2639 2046 2717">
    <p class='ocr_par' dir='ltr' id='par_1_33' title="bbox 474 2639 2046 2717">
     <span class='ocr_line' id='line_1_33' title="bbox 474 2639 2046 2717; baseline -0.005 -16"><span class='ocrx_word' id='word_1_238' title='bbox 474 2646 1014 2715; x_wconf 82' lang='lat' dir='ltr'><strong>comprehensibiles,</strong></span> <span class='ocrx_word' id='word_1_239' title='bbox 1046 2647 1229 2717; x_wconf 86' lang='lat' dir='ltr'><strong>abyssi</strong></span> <span class='ocrx_word' id='word_1_240' title='bbox 1259 2645 1536 2711; x_wconf 86' lang='lat' dir='ltr'><strong>dicuntur,</strong></span> <span class='ocrx_word' id='word_1_241' title='bbox 1562 2659 1684 2699; x_wconf 91' lang='lat' dir='ltr'><strong>cum</strong></span> <span class='ocrx_word' id='word_1_242' title='bbox 1724 2644 1777 2699; x_wconf 90' lang='lat' dir='ltr'><strong>in</strong></span> <span class='ocrx_word' id='word_1_243' title='bbox 1808 2641 1924 2699; x_wconf 90' lang='lat' dir='ltr'><strong>sola</strong></span> <span class='ocrx_word' id='word_1_244' title='bbox 1950 2639 2046 2695; x_wconf 86' lang='lat' dir='ltr'><strong>Dei</strong></span> 
     </span>
    </p>
   </div>
   <div class='ocr_carea' id='block_1_34' title="bbox 473 2732 2050 2809">
    <p class='ocr_par' dir='ltr' id='par_1_34' title="bbox 473 2732 2050 2809">
     <span class='ocr_line' id='line_1_34' title="bbox 473 2732 2050 2809; baseline -0.007 -14"><span class='ocrx_word' id='word_1_245' title='bbox 473 2739 787 2809; x_wconf 86' lang='lat' dir='ltr'><strong>cognitione</strong></span> <span class='ocrx_word' id='word_1_246' title='bbox 819 2739 1071 2808; x_wconf 80' lang='lat' dir='ltr'><strong>repositae</strong></span> <span class='ocrx_word' id='word_1_247' title='bbox 1101 2740 1212 2793; x_wconf 89' lang='lat' dir='ltr'><strong>sint</strong></span> <span class='ocrx_word' id='word_1_248' title='bbox 1254 2740 1514 2804; x_wconf 82' lang='lat' dir='ltr'><strong>rationes,</strong></span> <span class='ocrx_word' id='word_1_249' title='bbox 1566 2737 1726 2807; x_wconf 85' lang='lat' dir='ltr'><strong>juxta</strong></span> <span class='ocrx_word' id='word_1_250' title='bbox 1766 2746 1905 2804; x_wconf 89' lang='lat' dir='ltr'><strong>quas</strong></span> <span class='ocrx_word' id='word_1_251' title='bbox 1935 2732 2050 2785; x_wconf 85' lang='lat' dir='ltr'><strong>sin-</strong></span> 
     </span>
    </p>
   </div>
   <div class='ocr_carea' id='block_1_35' title="bbox 473 2825 2047 2901">
    <p class='ocr_par' dir='ltr' id='par_1_35' title="bbox 473 2825 2047 2901">
     <span class='ocr_line' id='line_1_35' title="bbox 473 2825 2047 2901; baseline -0.005 -15"><span class='ocrx_word' id='word_1_252' title='bbox 473 2829 595 2901; x_wconf 82' lang='lat' dir='ltr'><strong>gula</strong></span> <span class='ocrx_word' id='word_1_253' title='bbox 620 2831 978 2887; x_wconf 81' lang='lat' dir='ltr'><strong>moderatur?</strong></span> <span class='ocrx_word' id='word_1_254' title='bbox 1013 2831 1169 2899; x_wconf 83' lang='lat' dir='ltr'><strong>Quod</strong></span> <span class='ocrx_word' id='word_1_255' title='bbox 1200 2832 1343 2887; x_wconf 90' lang='lat' dir='ltr'><strong>enim</strong></span> <span class='ocrx_word' id='word_1_256' title='bbox 1374 2831 1483 2886; x_wconf 87' lang='lat' dir='ltr'><strong>lata</strong></span> <span class='ocrx_word' id='word_1_257' title='bbox 1511 2831 1580 2887; x_wconf 88' lang='lat' dir='ltr'><strong>de</strong></span> <span class='ocrx_word' id='word_1_258' title='bbox 1605 2825 2047 2899; x_wconf 84' lang='lat' dir='ltr'><strong>singulisjudicia</strong></span> 
     </span>
    </p>
   </div>
   <div class='ocr_carea' id='block_1_36' title="bbox 473 2919 2051 2994">
    <p class='ocr_par' dir='ltr' id='par_1_36' title="bbox 473 2919 2051 2994">
     <span class='ocr_line' id='line_1_36' title="bbox 473 2919 2051 2994; baseline -0.003 -18"><span class='ocrx_word' id='word_1_259' title='bbox 473 2924 703 2993; x_wconf 82' lang='lat' dir='ltr'><strong>abyssus</strong></span> <span class='ocrx_word' id='word_1_260' title='bbox 760 2932 947 2978; x_wconf 84' lang='lat' dir='ltr'><strong>vocata</strong></span> <span class='ocrx_word' id='word_1_261' title='bbox 990 2924 1120 2988; x_wconf 88' lang='lat' dir='ltr'><strong>sint,</strong></span> <span class='ocrx_word' id='word_1_262' title='bbox 1164 2924 1218 2978; x_wconf 89' lang='lat' dir='ltr'><strong>in</strong></span> <span class='ocrx_word' id='word_1_263' title='bbox 1252 2923 1360 2979; x_wconf 82' lang='lat' dir='ltr'><strong>alio</strong></span> <span class='ocrx_word' id='word_1_264' title='bbox 1407 2923 1615 2994; x_wconf 88' lang='lat' dir='ltr'><strong>psalmo</strong></span> <span class='ocrx_word' id='word_1_265' title='bbox 1654 2922 1943 2977; x_wconf 83' lang='lat' dir='ltr'><strong>didicimus</strong></span> <span class='ocrx_word' id='word_1_266' title='bbox 1973 2919 2051 2972; x_wconf 88' lang='lat' dir='ltr'><strong>di-</strong></span> 
     </span>
    </p>
   </div>
   <div class='ocr_carea' id='block_1_37' title="bbox 472 3009 2044 3085">
    <p class='ocr_par' dir='ltr' id='par_1_37' title="bbox 472 3009 2044 3085">
     <span class='ocr_line' id='line_1_37' title="bbox 472 3009 2044 3085; baseline -0.004 -17"><span class='ocrx_word' id='word_1_267' title='bbox 472 3022 648 3079; x_wconf 85' lang='lat' dir='ltr'><strong>cente,</strong></span> <span class='ocrx_word' id='word_1_268' title='bbox 679 3013 897 3069; x_wconf 81' lang='lat' dir='ltr'><strong>Judicia</strong></span> <span class='ocrx_word' id='word_1_269' title='bbox 941 3025 1034 3069; x_wconf 86' lang='lat' dir='ltr'><strong>tua</strong></span> <span class='ocrx_word' id='word_1_270' title='bbox 1087 3015 1305 3085; x_wconf 78' lang='lat' dir='ltr'><strong>abyssus</strong></span> <span class='ocrx_word' id='word_1_271' title='bbox 1332 3013 1587 3069; x_wconf 83' lang='lat' dir='ltr'><strong>multa&quot;.</strong></span> <span class='ocrx_word' id='word_1_272' title='bbox 1632 3012 1972 3082; x_wconf 84' lang='lat' dir='ltr'><strong>Quapropter</strong></span> <span class='ocrx_word' id='word_1_273' title='bbox 1997 3009 2044 3078; x_wconf 74' lang='lat' dir='ltr'><strong>si</strong></span> 
     </span>
    </p>
   </div>
   <div class='ocr_carea' id='block_1_38' title="bbox 2137 1079 3760 1156">
    <p class='ocr_par' dir='ltr' id='par_1_38' title="bbox 2137 1079 3760 1156">
     <span class='ocr_line' id='line_1_38' title="bbox 2137 1079 3760 1156; baseline -0.003 -18"><span class='ocrx_word' id='word_1_274' title='bbox 2137 1084 2318 1138; x_wconf 92' lang='grc' dir='ltr'>τοίνυν</span> <span class='ocrx_word' id='word_1_275' title='bbox 2345 1085 2380 1156; x_wconf 83' lang='grc' dir='ltr'>ἡ</span> <span class='ocrx_word' id='word_1_276' title='bbox 2402 1083 2645 1138; x_wconf 82' lang='grc' dir='ltr'>θάλασσα</span> <span class='ocrx_word' id='word_1_277' title='bbox 2676 1084 2804 1138; x_wconf 84' lang='grc' dir='ltr'>ποτὲ</span> <span class='ocrx_word' id='word_1_278' title='bbox 2836 1085 2934 1156; x_wconf 83' lang='grc' dir='ltr'>μὲν</span> <span class='ocrx_word' id='word_1_279' title='bbox 2963 1083 3348 1155; x_wconf 79' lang='grc' dir='ltr'>ἐκφλεγμαίνει</span> <span class='ocrx_word' id='word_1_280' title='bbox 3373 1083 3489 1137; x_wconf 77' lang='grc' dir='ltr'>καὶ</span> <span class='ocrx_word' id='word_1_281' title='bbox 3530 1079 3627 1147; x_wconf 80' lang='grc' dir='ltr'>ζεῖ</span> <span class='ocrx_word' id='word_1_282' title='bbox 3650 1082 3760 1142; x_wconf 78' lang='grc' dir='ltr'>τοῖς</span> 
     </span>
    </p>
   </div>
   <div class='ocr_carea' id='block_1_39' title="bbox 2140 1170 3759 1246">
    <p class='ocr_par' dir='ltr' id='par_1_39' title="bbox 2140 1170 3759 1246">
     <span class='ocr_line' id='line_1_39' title="bbox 2140 1170 3759 1246; baseline -0.004 -18"><span class='ocrx_word' id='word_1_283' title='bbox 2140 1175 2446 1246; x_wconf 82' lang='grc' dir='ltr'><strong>πνεύμασιν</strong></span> <span class='ocrx_word' id='word_1_284' title='bbox 2484 1175 2873 1246; x_wconf 80' lang='grc' dir='ltr'><strong>ἀγριαινομένη</strong></span> <span class='ocrx_word' id='word_1_285' title='bbox 2919 1177 3013 1229; x_wconf 74' lang='grc' dir='ltr'>καὶ</span> <span class='ocrx_word' id='word_1_286' title='bbox 3055 1174 3461 1241; x_wconf 73' lang='grc' dir='ltr'>ὲξοιδαίνουσα·</span> <span class='ocrx_word' id='word_1_287' title='bbox 3511 1171 3656 1226; x_wconf 80' lang='grc' dir='ltr'>ποτὲ</span> <span class='ocrx_word' id='word_1_288' title='bbox 3703 1170 3759 1223; x_wconf 73' lang='grc' dir='ltr'>δὲ</span> 
     </span>
    </p>
   </div>
   <div class='ocr_carea' id='block_1_40' title="bbox 2142 1259 3756 1339">
    <p class='ocr_par' dir='ltr' id='par_1_40' title="bbox 2142 1259 3756 1339">
     <span class='ocr_line' id='line_1_40' title="bbox 2142 1259 3756 1339; baseline -0.004 -19"><span class='ocrx_word' id='word_1_289' title='bbox 2142 1267 2305 1321; x_wconf 84' lang='grc' dir='ltr'>πάλιν</span> <span class='ocrx_word' id='word_1_290' title='bbox 2336 1266 2442 1321; x_wconf 83' lang='grc' dir='ltr'><strong>ὑπὸ</strong></span> <span class='ocrx_word' id='word_1_291' title='bbox 2472 1266 2717 1339; x_wconf 79' lang='grc' dir='ltr'>γαλήνης</span> <span class='ocrx_word' id='word_1_292' title='bbox 2749 1259 3110 1331; x_wconf 82' lang='grc' dir='ltr'>εἰς’ταπεινὸν</span> <span class='ocrx_word' id='word_1_293' title='bbox 3147 1264 3625 1320; x_wconf 82' lang='grc' dir='ltr'>καταστέλλεται.</span> <span class='ocrx_word' id='word_1_294' title='bbox 3670 1261 3756 1325; x_wconf 81' lang='grc' dir='ltr'>Ὠς</span> 
     </span>
    </p>
   </div>
   <div class='ocr_carea' id='block_1_41' title="bbox 2139 1354 3757 1427">
    <p class='ocr_par' dir='ltr' id='par_1_41' title="bbox 2139 1354 3757 1427">
     <span class='ocr_line' id='line_1_41' title="bbox 2139 1354 3757 1427; baseline -0.004 -11"><span class='ocrx_word' id='word_1_295' title='bbox 2139 1358 2233 1416; x_wconf 76' lang='grc' dir='ltr'>οὖν</span> <span class='ocrx_word' id='word_1_296' title='bbox 2263 1361 2450 1426; x_wconf 85' lang='grc' dir='ltr'>ἀσκὸν,</span> <span class='ocrx_word' id='word_1_297' title='bbox 2479 1360 2653 1423; x_wconf 76' lang='grc' dir='ltr'>οὕτως</span> <span class='ocrx_word' id='word_1_298' title='bbox 2674 1359 2948 1414; x_wconf 81' lang='grc' dir='ltr'><strong>συστέλλει</strong></span> <span class='ocrx_word' id='word_1_299' title='bbox 2969 1360 3064 1414; x_wconf 78' lang='grc' dir='ltr'>καὶ</span> <span class='ocrx_word' id='word_1_300' title='bbox 3094 1361 3339 1414; x_wconf 89' lang='grc' dir='ltr'>ταπεινοῖ</span> <span class='ocrx_word' id='word_1_301' title='bbox 3367 1358 3437 1411; x_wconf 77' lang='grc' dir='ltr'><strong>τὺ</strong></span> <span class='ocrx_word' id='word_1_302' title='bbox 3467 1356 3636 1427; x_wconf 74' lang='grc' dir='ltr'>ὕδωρ</span> <span class='ocrx_word' id='word_1_303' title='bbox 3660 1354 3757 1424; x_wconf 76' lang='grc' dir='ltr'>τῆς</span> 
     </span>
    </p>
   </div>
   <div class='ocr_carea' id='block_1_42' title="bbox 2143 1446 3756 1525">
    <p class='ocr_par' dir='ltr' id='par_1_42' title="bbox 2143 1446 3756 1525">
     <span class='ocr_line' id='line_1_42' title="bbox 2143 1446 3756 1525; baseline -0.006 -18"><span class='ocrx_word' id='word_1_304' title='bbox 2143 1451 2419 1523; x_wconf 80' lang='grc' dir='ltr'><strong>θαλάσσης</strong></span> <span class='ocrx_word' id='word_1_305' title='bbox 2453 1453 2481 1505; x_wconf 95' lang='lat'><strong>6</strong></span> <span class='ocrx_word' id='word_1_306' title='bbox 2517 1451 2741 1525; x_wconf 83' lang='grc' dir='ltr'>Κύριος.</span> <span class='ocrx_word' id='word_1_307' title='bbox 2772 1451 3022 1523; x_wconf 82' lang='grc' dir='ltr'>Εὖρομεν</span> <span class='ocrx_word' id='word_1_308' title='bbox 3046 1451 3156 1522; x_wconf 84' lang='grc' dir='ltr'><strong>(Η)</strong></span> <span class='ocrx_word' id='word_1_309' title='bbox 3177 1450 3233 1504; x_wconf 84' lang='grc' dir='ltr'>δὲ</span> <span class='ocrx_word' id='word_1_310' title='bbox 3267 1452 3323 1504; x_wconf 75' lang='grc' dir='ltr'>ἐν</span> <span class='ocrx_word' id='word_1_311' title='bbox 3352 1466 3478 1502; x_wconf 85' lang='grc' dir='ltr'>τισι</span> <span class='ocrx_word' id='word_1_312' title='bbox 3512 1446 3633 1501; x_wconf 85' lang='grc' dir='ltr'><strong>τῶν</strong></span> <span class='ocrx_word' id='word_1_313' title='bbox 3665 1447 3756 1499; x_wconf 84' lang='grc' dir='ltr'>ἀν-</span> 
     </span>
    </p>
   </div>
   <div class='ocr_carea' id='block_1_43' title="bbox 2142 1537 3758 1616">
    <p class='ocr_par' dir='ltr' id='par_1_43' title="bbox 2142 1537 3758 1616">
     <span class='ocr_line' id='line_1_43' title="bbox 2142 1537 3758 1616; baseline -0.004 -19"><span class='ocrx_word' id='word_1_314' title='bbox 2142 1544 2444 1616; x_wconf 86' lang='grc' dir='ltr'>τιγράφων,</span> <span class='ocrx_word' id='word_1_315' title='bbox 2488 1543 2776 1613; x_wconf 75' lang='grc' dir='ltr'>Συνάγων</span> <span class='ocrx_word' id='word_1_316' title='bbox 2829 1544 2910 1610; x_wconf 87' lang='grc' dir='ltr'>ὡς</span> <span class='ocrx_word' id='word_1_317' title='bbox 2952 1542 3022 1596; x_wconf 80' lang='grc' dir='ltr'><strong>ἐν</strong></span> <span class='ocrx_word' id='word_1_318' title='bbox 3073 1541 3243 1608; x_wconf 83' lang='grc' dir='ltr'>ἀσκῷ</span> <span class='ocrx_word' id='word_1_319' title='bbox 3272 1540 3477 1596; x_wconf 80' lang='grc' dir='ltr'>ὕδατα</span> <span class='ocrx_word' id='word_1_320' title='bbox 3520 1537 3758 1594; x_wconf 75' lang='grc' dir='ltr'>θαλάσ-</span> 
     </span>
    </p>
   </div>
   <div class='ocr_carea' id='block_1_44' title="bbox 2146 1630 3754 1706">
    <p class='ocr_par' dir='ltr' id='par_1_44' title="bbox 2146 1630 3754 1706">
     <span class='ocr_line' id='line_1_44' title="bbox 2146 1630 3754 1706; baseline -0.004 -16"><span class='ocrx_word' id='word_1_321' title='bbox 2146 1652 2287 1704; x_wconf 87' lang='grc' dir='ltr'>σης,</span> <span class='ocrx_word' id='word_1_322' title='bbox 2324 1636 2417 1689; x_wconf 76' lang='grc' dir='ltr'><strong>ὲπὶ</strong></span> <span class='ocrx_word' id='word_1_323' title='bbox 2440 1635 2540 1706; x_wconf 83' lang='grc' dir='ltr'>τὴν</span> <span class='ocrx_word' id='word_1_324' title='bbox 2573 1633 2810 1689; x_wconf 83' lang='grc' dir='ltr'>παλαιὰν</span> <span class='ocrx_word' id='word_1_325' title='bbox 2840 1635 3080 1706; x_wconf 80' lang='grc' dir='ltr'>ἱστορίαν</span> <span class='ocrx_word' id='word_1_326' title='bbox 3116 1634 3208 1688; x_wconf 91' lang='grc' dir='ltr'><strong>τοῦ</strong></span> <span class='ocrx_word' id='word_1_327' title='bbox 3231 1633 3389 1703; x_wconf 79' lang='grc' dir='ltr'>λόγου</span> <span class='ocrx_word' id='word_1_328' title='bbox 3418 1632 3595 1703; x_wconf 75' lang='grc' dir='ltr'>ἡμᾶς</span> <span class='ocrx_word' id='word_1_329' title='bbox 3623 1630 3754 1683; x_wconf 68' lang='lat' dir='ltr'><strong>dva-</strong></span> 
     </span>
    </p>
   </div>
   <div class='ocr_carea' id='block_1_45' title="bbox 2148 1722 3755 1800">
    <p class='ocr_par' dir='ltr' id='par_1_45' title="bbox 2148 1722 3755 1800">
     <span class='ocr_line' id='line_1_45' title="bbox 2148 1722 3755 1800; baseline -0.006 -18"><span class='ocrx_word' id='word_1_330' title='bbox 2148 1728 2478 1800; x_wconf 81' lang='grc' dir='ltr'><strong>πέμποντος,</strong></span> <span class='ocrx_word' id='word_1_331' title='bbox 2518 1729 2606 1781; x_wconf 78' lang='grc' dir='ltr'>ὅτε</span> <span class='ocrx_word' id='word_1_332' title='bbox 2640 1730 2673 1799; x_wconf 82' lang='grc' dir='ltr'>ἡ</span> <span class='ocrx_word' id='word_1_333' title='bbox 2724 1727 2962 1800; x_wconf 86' lang='grc' dir='ltr'>Ἐρυθρὰ</span> <span class='ocrx_word' id='word_1_334' title='bbox 2990 1727 3252 1790; x_wconf 78' lang='grc' dir='ltr'>Θάλασσα,</span> <span class='ocrx_word' id='word_1_335' title='bbox 3298 1725 3535 1788; x_wconf 78' lang='grc' dir='ltr'>οὐδενὸς</span> <span class='ocrx_word' id='word_1_336' title='bbox 3581 1722 3755 1791; x_wconf 68' lang='grc' dir='ltr'>αὐτὴν</span> 
     </span>
    </p>
   </div>
   <div class='ocr_carea' id='block_1_46' title="bbox 2144 1815 3753 1891">
    <p class='ocr_par' dir='ltr' id='par_1_46' title="bbox 2144 1815 3753 1891">
     <span class='ocr_line' id='line_1_46' title="bbox 2144 1815 3753 1891; baseline -0.004 -20"><span class='ocrx_word' id='word_1_337' title='bbox 2144 1818 2498 1891; x_wconf 81' lang='grc' dir='ltr'>διαιροῦντος,</span> <span class='ocrx_word' id='word_1_338' title='bbox 2520 1818 2642 1873; x_wconf 80' lang='grc' dir='ltr'>οὐδὲ</span> <span class='ocrx_word' id='word_1_339' title='bbox 2666 1819 2999 1889; x_wconf 68' lang='grc' dir='ltr'>συνέχοντος,</span> <span class='ocrx_word' id='word_1_340' title='bbox 3029 1817 3167 1889; x_wconf 79' lang='grc' dir='ltr'>αὐτὴ</span> <span class='ocrx_word' id='word_1_341' title='bbox 3202 1817 3335 1890; x_wconf 72' lang='grc' dir='ltr'>πρὸς</span> <span class='ocrx_word' id='word_1_342' title='bbox 3363 1815 3588 1887; x_wconf 78' lang='grc' dir='ltr'>ἑαυτὴν</span> <span class='ocrx_word' id='word_1_343' title='bbox 3632 1830 3753 1867; x_wconf 82' lang='grc' dir='ltr'>συν-</span> 
     </span>
    </p>
   </div>
   <div class='ocr_carea' id='block_1_47' title="bbox 2145 1905 3751 1982">
    <p class='ocr_par' dir='ltr' id='par_1_47' title="bbox 2145 1905 3751 1982">
     <span class='ocr_line' id='line_1_47' title="bbox 2145 1905 3751 1982; baseline -0.004 -19"><span class='ocrx_word' id='word_1_344' title='bbox 2145 1912 2411 1979; x_wconf 84' lang='grc' dir='ltr'>ειστήκει,</span> <span class='ocrx_word' id='word_1_345' title='bbox 2444 1905 2555 1965; x_wconf 78' lang='grc' dir='ltr'>οἷον</span> <span class='ocrx_word' id='word_1_346' title='bbox 2596 1910 2750 1982; x_wconf 84' lang='grc' dir='ltr'>ἀσκῷ</span> <span class='ocrx_word' id='word_1_347' title='bbox 2782 1927 2887 1965; x_wconf 88' lang='grc' dir='ltr'>τινι</span> <span class='ocrx_word' id='word_1_348' title='bbox 2920 1909 3234 1981; x_wconf 77' lang='grc' dir='ltr'><strong>ἐνδεδεμένη</strong></span> <span class='ocrx_word' id='word_1_349' title='bbox 3275 1909 3411 1980; x_wconf 65' lang='lat' dir='ltr'><strong>(li),</strong></span> <span class='ocrx_word' id='word_1_350' title='bbox 3459 1907 3570 1962; x_wconf 88' lang='grc' dir='ltr'><strong>τοῦ</strong></span> <span class='ocrx_word' id='word_1_351' title='bbox 3607 1905 3751 1959; x_wconf 81' lang='grc' dir='ltr'>θείου</span> 
     </span>
    </p>
   </div>
   <div class='ocr_carea' id='block_1_48' title="bbox 2146 1998 3746 2076">
    <p class='ocr_par' dir='ltr' id='par_1_48' title="bbox 2146 1998 3746 2076">
     <span class='ocr_line' id='line_1_48' title="bbox 2146 1998 3746 2076; baseline 0.001 -21"><span class='ocrx_word' id='word_1_352' title='bbox 2146 2002 2568 2075; x_wconf 83' lang='grc' dir='ltr'>προστάγματος</span> <span class='ocrx_word' id='word_1_353' title='bbox 2594 2002 2934 2074; x_wconf 84' lang='grc' dir='ltr'>προχυθῆναι</span> <span class='ocrx_word' id='word_1_354' title='bbox 2957 2003 3125 2076; x_wconf 84' lang='grc' dir='ltr'>αὐτὴν</span> <span class='ocrx_word' id='word_1_355' title='bbox 3145 2002 3244 2055; x_wconf 81' lang='grc' dir='ltr'>οὐκ</span> <span class='ocrx_word' id='word_1_356' title='bbox 3264 2000 3494 2065; x_wconf 76' lang='grc' dir='ltr'>ἐῶντος.</span> <span class='ocrx_word' id='word_1_357' title='bbox 3534 1998 3746 2063; x_wconf 76' lang='grc' dir='ltr'>Τιθείς.</span> 
     </span>
    </p>
   </div>
   <div class='ocr_carea' id='block_1_49' title="bbox 2147 2084 3749 2164">
    <p class='ocr_par' dir='ltr' id='par_1_49' title="bbox 2147 2084 3749 2164">
     <span class='ocr_line' id='line_1_49' title="bbox 2147 2084 3749 2164; baseline -0.004 -17"><span class='ocrx_word' id='word_1_358' title='bbox 2147 2094 2331 2164; x_wconf 74' lang='grc' dir='ltr'>φησὶν,</span> <span class='ocrx_word' id='word_1_359' title='bbox 2363 2095 2434 2149; x_wconf 79' lang='grc' dir='ltr'><strong>ἐν</strong></span> <span class='ocrx_word' id='word_1_360' title='bbox 2455 2095 2780 2163; x_wconf 78' lang='grc' dir='ltr'><strong>θησαυροῖς</strong></span> <span class='ocrx_word' id='word_1_361' title='bbox 2806 2095 3138 2160; x_wconf 78' lang='grc' dir='ltr'>ἀϐύσσους.</span> <span class='ocrx_word' id='word_1_362' title='bbox 3178 2091 3653 2163; x_wconf 77' lang='grc' dir='ltr'>Ἀκολουθὸτερον</span> <span class='ocrx_word' id='word_1_363' title='bbox 3684 2084 3749 2159; x_wconf 73' lang='grc' dir='ltr'>ἦν</span> 
     </span>
    </p>
   </div>
   <div class='ocr_carea' id='block_1_50' title="bbox 2145 2183 3749 2261">
    <p class='ocr_par' dir='ltr' id='par_1_50' title="bbox 2145 2183 3749 2261">
     <span class='ocr_line' id='line_1_50' title="bbox 2145 2183 3749 2261; baseline -0.004 -19"><span class='ocrx_word' id='word_1_364' title='bbox 2145 2189 2221 2253; x_wconf 79' lang='grc' dir='ltr'>ὡς</span> <span class='ocrx_word' id='word_1_365' title='bbox 2254 2188 2391 2261; x_wconf 80' lang='grc' dir='ltr'>πρὸς</span> <span class='ocrx_word' id='word_1_366' title='bbox 2416 2189 2513 2260; x_wconf 80' lang='grc' dir='ltr'>τὴν</span> <span class='ocrx_word' id='word_1_367' title='bbox 2540 2190 2725 2260; x_wconf 85' lang='grc' dir='ltr'>κοινὴν</span> <span class='ocrx_word' id='word_1_368' title='bbox 2759 2188 2965 2243; x_wconf 79' lang='grc' dir='ltr'>ἔννοιαν</span> <span class='ocrx_word' id='word_1_369' title='bbox 3006 2190 3198 2253; x_wconf 78' lang='grc' dir='ltr'>εἰπεῖν,</span> <span class='ocrx_word' id='word_1_370' title='bbox 3228 2187 3410 2251; x_wconf 78' lang='grc' dir='ltr'>Τιθεὶς</span> <span class='ocrx_word' id='word_1_371' title='bbox 3459 2189 3528 2239; x_wconf 82' lang='grc' dir='ltr'>ὲν</span> <span class='ocrx_word' id='word_1_372' title='bbox 3581 2183 3749 2239; x_wconf 84' lang='grc' dir='ltr'>ἀϐύσ-</span> 
     </span>
    </p>
   </div>
   <div class='ocr_carea' id='block_1_51' title="bbox 2149 2267 3746 2352">
    <p class='ocr_par' dir='ltr' id='par_1_51' title="bbox 2149 2267 3746 2352">
     <span class='ocr_line' id='line_1_51' title="bbox 2149 2267 3746 2352; baseline -0.004 -20"><span class='ocrx_word' id='word_1_373' title='bbox 2149 2297 2263 2343; x_wconf 92' lang='grc' dir='ltr'>σοις</span> <span class='ocrx_word' id='word_1_374' title='bbox 2305 2280 2431 2343; x_wconf 77' lang='grc' dir='ltr'>τοὺς</span> <span class='ocrx_word' id='word_1_375' title='bbox 2478 2267 2821 2352; x_wconf 77' lang='grc' dir='ltr'>θησαυρούς·</span> <span class='ocrx_word' id='word_1_376' title='bbox 2866 2280 3161 2343; x_wconf 83' lang='grc' dir='ltr'>τουτέστιν,</span> <span class='ocrx_word' id='word_1_377' title='bbox 3204 2281 3261 2333; x_wconf 79' lang='grc' dir='ltr'>ἐν</span> <span class='ocrx_word' id='word_1_378' title='bbox 3290 2276 3592 2350; x_wconf 72' lang='grc' dir='ltr'>μυστηρίῳ</span> <span class='ocrx_word' id='word_1_379' title='bbox 3627 2292 3746 2327; x_wconf 87' lang='grc' dir='ltr'>συν-</span> 
     </span>
    </p>
   </div>
   <div class='ocr_carea' id='block_1_52' title="bbox 2148 2365 3745 2441">
    <p class='ocr_par' dir='ltr' id='par_1_52' title="bbox 2148 2365 3745 2441">
     <span class='ocr_line' id='line_1_52' title="bbox 2148 2365 3745 2441; baseline -0.004 -16"><span class='ocrx_word' id='word_1_380' title='bbox 2148 2371 2286 2441; x_wconf 69' lang='grc' dir='ltr'>έχων</span> <span class='ocrx_word' id='word_1_381' title='bbox 2313 2371 2406 2425; x_wconf 81' lang='grc' dir='ltr'>τὸν</span> <span class='ocrx_word' id='word_1_382' title='bbox 2438 2371 2630 2427; x_wconf 78' lang='grc' dir='ltr'>ἑαυτοῦ</span> <span class='ocrx_word' id='word_1_383' title='bbox 2657 2371 2904 2424; x_wconf 90' lang='grc' dir='ltr'>πλοῦτον.</span> <span class='ocrx_word' id='word_1_384' title='bbox 2936 2370 3050 2424; x_wconf 85' lang='grc' dir='ltr'>Νῦν</span> <span class='ocrx_word' id='word_1_385' title='bbox 3080 2371 3134 2424; x_wconf 86' lang='grc' dir='ltr'>δὲ</span> <span class='ocrx_word' id='word_1_386' title='bbox 3166 2369 3356 2440; x_wconf 82' lang='grc' dir='ltr'>ὥσπερ</span> <span class='ocrx_word' id='word_1_387' title='bbox 3388 2368 3521 2422; x_wconf 83' lang='grc' dir='ltr'>τινὰ</span> <span class='ocrx_word' id='word_1_388' title='bbox 3550 2365 3745 2438; x_wconf 65' lang='grc' dir='ltr'>κειμη-</span> 
     </span>
    </p>
   </div>
   <div class='ocr_carea' id='block_1_53' title="bbox 2147 2456 3745 2535">
    <p class='ocr_par' dir='ltr' id='par_1_53' title="bbox 2147 2456 3745 2535">
     <span class='ocr_line' id='line_1_53' title="bbox 2147 2456 3745 2535; baseline -0.003 -20"><span class='ocrx_word' id='word_1_389' title='bbox 2147 2462 2238 2517; x_wconf 87' lang='grc' dir='ltr'><strong>λια</strong></span> <span class='ocrx_word' id='word_1_390' title='bbox 2264 2462 2386 2528; x_wconf 79' lang='grc' dir='ltr'>ἀξια</span> <span class='ocrx_word' id='word_1_391' title='bbox 2407 2463 2517 2518; x_wconf 84' lang='grc' dir='ltr'><strong>τῶν</strong></span> <span class='ocrx_word' id='word_1_392' title='bbox 2540 2462 2700 2516; x_wconf 85' lang='grc' dir='ltr'>θείων</span> <span class='ocrx_word' id='word_1_393' title='bbox 2735 2463 3024 2535; x_wconf 80' lang='grc' dir='ltr'>θησαυρῶν</span> <span class='ocrx_word' id='word_1_394' title='bbox 3051 2461 3149 2525; x_wconf 85' lang='grc' dir='ltr'><strong>τὰς</strong></span> <span class='ocrx_word' id='word_1_395' title='bbox 3177 2460 3450 2524; x_wconf 88' lang='grc' dir='ltr'>ἀϐύσσους</span> <span class='ocrx_word' id='word_1_396' title='bbox 3470 2456 3623 2513; x_wconf 85' lang='grc' dir='ltr'>εἷναί</span> <span class='ocrx_word' id='word_1_397' title='bbox 3652 2474 3745 2527; x_wconf 81' lang='grc' dir='ltr'>φη-</span> 
     </span>
    </p>
   </div>
   <div class='ocr_carea' id='block_1_54' title="bbox 2149 2550 3741 2627">
    <p class='ocr_par' dir='ltr' id='par_1_54' title="bbox 2149 2550 3741 2627">
     <span class='ocr_line' id='line_1_54' title="bbox 2149 2550 3741 2627; baseline -0.002 -21"><span class='ocrx_word' id='word_1_398' title='bbox 2149 2570 2224 2610; x_wconf 86' lang='grc' dir='ltr'><strong>σι.</strong></span> <span class='ocrx_word' id='word_1_399' title='bbox 2254 2555 2482 2627; x_wconf 77' lang='grc' dir='ltr'>Μήποτε</span> <span class='ocrx_word' id='word_1_400' title='bbox 2510 2550 2602 2608; x_wconf 85' lang='grc' dir='ltr'><strong>οῦν</strong></span> <span class='ocrx_word' id='word_1_401' title='bbox 2635 2556 2684 2608; x_wconf 82' lang='grc' dir='ltr'>οἱ</span> <span class='ocrx_word' id='word_1_402' title='bbox 2709 2555 2836 2627; x_wconf 78' lang='grc' dir='ltr'>περὶ</span> <span class='ocrx_word' id='word_1_403' title='bbox 2863 2554 2964 2625; x_wconf 77' lang='grc' dir='ltr'>τῆς</span> <span class='ocrx_word' id='word_1_404' title='bbox 2987 2553 3135 2612; x_wconf 80' lang='grc' dir='ltr'>θείας</span> <span class='ocrx_word' id='word_1_405' title='bbox 3160 2553 3396 2626; x_wconf 87' lang='grc' dir='ltr'>κρίσεως</span> <span class='ocrx_word' id='word_1_406' title='bbox 3424 2552 3609 2622; x_wconf 85' lang='grc' dir='ltr'>λόγοι,</span> <span class='ocrx_word' id='word_1_407' title='bbox 3645 2550 3741 2621; x_wconf 68' lang='grc' dir='ltr'><strong>ἆῤ·</strong></span> 
     </span>
    </p>
   </div>
   <div class='ocr_carea' id='block_1_55' title="bbox 2151 2640 3740 2719">
    <p class='ocr_par' dir='ltr' id='par_1_55' title="bbox 2151 2640 3740 2719">
     <span class='ocr_line' id='line_1_55' title="bbox 2151 2640 3740 2719; baseline -0.003 -21"><span class='ocrx_word' id='word_1_408' title='bbox 2151 2650 2304 2719; x_wconf 79' lang='grc' dir='ltr'>ρητοι</span> <span class='ocrx_word' id='word_1_409' title='bbox 2350 2645 2504 2709; x_wconf 78' lang='grc' dir='ltr'>ὅντες</span> <span class='ocrx_word' id='word_1_410' title='bbox 2542 2647 2637 2700; x_wconf 78' lang='grc' dir='ltr'>καὶ</span> <span class='ocrx_word' id='word_1_411' title='bbox 2680 2646 3052 2717; x_wconf 85' lang='grc' dir='ltr'>ἀκατάληπτοι</span> <span class='ocrx_word' id='word_1_412' title='bbox 3092 2648 3213 2708; x_wconf 84' lang='grc' dir='ltr'>ταῖς</span> <span class='ocrx_word' id='word_1_413' title='bbox 3250 2643 3634 2716; x_wconf 76' lang='grc' dir='ltr'>ἀνθρωπίναις</span> <span class='ocrx_word' id='word_1_414' title='bbox 3661 2640 3740 2692; x_wconf 80' lang='grc' dir='ltr'><strong>ὲν-</strong></span> 
     </span>
    </p>
   </div>
   <div class='ocr_carea' id='block_1_56' title="bbox 2147 2732 3739 2808">
    <p class='ocr_par' dir='ltr' id='par_1_56' title="bbox 2147 2732 3739 2808">
     <span class='ocr_line' id='line_1_56' title="bbox 2147 2732 3739 2808; baseline -0.006 -15"><span class='ocrx_word' id='word_1_415' title='bbox 2147 2738 2338 2803; x_wconf 87' lang='grc' dir='ltr'>νοίαις,</span> <span class='ocrx_word' id='word_1_416' title='bbox 2373 2737 2598 2792; x_wconf 77' lang='grc' dir='ltr'>ἄϐυσσοι</span> <span class='ocrx_word' id='word_1_417' title='bbox 2627 2736 2895 2806; x_wconf 87' lang='grc' dir='ltr'>λέγονται,</span> <span class='ocrx_word' id='word_1_418' title='bbox 2918 2739 2975 2791; x_wconf 79' lang='grc' dir='ltr'>ἐν</span> <span class='ocrx_word' id='word_1_419' title='bbox 3000 2736 3133 2808; x_wconf 82' lang='grc' dir='ltr'>μόνῃ</span> <span class='ocrx_word' id='word_1_420' title='bbox 3151 2734 3343 2808; x_wconf 41' lang='grc' dir='ltr'>τῇετοῦ</span> <span class='ocrx_word' id='word_1_421' title='bbox 3372 2732 3511 2788; x_wconf 83' lang='grc' dir='ltr'>Θεοῦ</span> <span class='ocrx_word' id='word_1_422' title='bbox 3540 2732 3739 2803; x_wconf 81' lang='grc' dir='ltr'>γνώσει</span> 
     </span>
    </p>
   </div>
   <div class='ocr_carea' id='block_1_57' title="bbox 2148 2826 3738 2902">
    <p class='ocr_par' dir='ltr' id='par_1_57' title="bbox 2148 2826 3738 2902">
     <span class='ocr_line' id='line_1_57' title="bbox 2148 2826 3738 2902; baseline -0.006 -17"><span class='ocrx_word' id='word_1_423' title='bbox 2148 2830 2525 2902; x_wconf 84' lang='grc' dir='ltr'>ἀποκειμένων</span> <span class='ocrx_word' id='word_1_424' title='bbox 2584 2829 2693 2884; x_wconf 86' lang='grc' dir='ltr'>τῶν</span> <span class='ocrx_word' id='word_1_425' title='bbox 2734 2828 2929 2898; x_wconf 88' lang='grc' dir='ltr'>λόγων,</span> <span class='ocrx_word' id='word_1_426' title='bbox 2986 2827 3107 2881; x_wconf 86' lang='grc' dir='ltr'>καθ’</span> <span class='ocrx_word' id='word_1_427' title='bbox 3150 2826 3490 2890; x_wconf 69' lang='grc' dir='ltr'>οὖς’ἓκαστα</span> <span class='ocrx_word' id='word_1_428' title='bbox 3536 2826 3738 2879; x_wconf 87' lang='grc' dir='ltr'>οίκονο-</span> 
     </span>
    </p>
   </div>
   <div class='ocr_carea' id='block_1_58' title="bbox 2151 2918 3737 2994">
    <p class='ocr_par' dir='ltr' id='par_1_58' title="bbox 2151 2918 3737 2994">
     <span class='ocr_line' id='line_1_58' title="bbox 2151 2918 3737 2994; baseline -0.004 -19"><span class='ocrx_word' id='word_1_429' title='bbox 2151 2925 2247 2994; x_wconf 81' lang='grc' dir='ltr'>μεῖ</span> <span class='ocrx_word' id='word_1_430' title='bbox 2274 2923 2383 2994; x_wconf 74' lang='grc'>(15)</span> <span class='ocrx_word' id='word_1_431' title='bbox 2406 2939 2421 2989; x_wconf 88' lang='lat'><strong>;</strong></span> <span class='ocrx_word' id='word_1_432' title='bbox 2446 2923 2570 2975; x_wconf 90' lang='grc' dir='ltr'>Ὅτι</span> <span class='ocrx_word' id='word_1_433' title='bbox 2600 2921 2707 2994; x_wconf 79' lang='grc' dir='ltr'><strong>γὰρ</strong></span> <span class='ocrx_word' id='word_1_434' title='bbox 2734 2921 2802 2975; x_wconf 86' lang='grc' dir='ltr'>τὰ</span> <span class='ocrx_word' id='word_1_435' title='bbox 2828 2921 2956 2992; x_wconf 72' lang='grc' dir='ltr'>περὶ</span> <span class='ocrx_word' id='word_1_436' title='bbox 2976 2920 3202 2973; x_wconf 75' lang='grc' dir='ltr'>ἕκαστον</span> <span class='ocrx_word' id='word_1_437' title='bbox 3227 2919 3472 2990; x_wconf 84' lang='grc' dir='ltr'>κρίματα</span> <span class='ocrx_word' id='word_1_438' title='bbox 3501 2918 3737 2978; x_wconf 81' lang='grc' dir='ltr'>ἄϐυσσος</span> 
     </span>
    </p>
   </div>
   <div class='ocr_carea' id='block_1_59' title="bbox 2150 3007 3733 3086">
    <p class='ocr_par' dir='ltr' id='par_1_59' title="bbox 2150 3007 3733 3086">
     <span class='ocr_line' id='line_1_59' title="bbox 2150 3007 3733 3086; baseline -0.006 -18"><span class='ocrx_word' id='word_1_439' title='bbox 2150 3011 2588 3086; x_wconf 84' lang='grc' dir='ltr'>προσηγορεύθη,</span> <span class='ocrx_word' id='word_1_440' title='bbox 2625 3014 2682 3065; x_wconf 83' lang='grc' dir='ltr'>ὲν</span> <span class='ocrx_word' id='word_1_441' title='bbox 2716 3011 2888 3083; x_wconf 79' lang='grc' dir='ltr'>ἑτέρῳ</span> <span class='ocrx_word' id='word_1_442' title='bbox 2919 3009 3119 3082; x_wconf 78' lang='grc' dir='ltr'>ψαλμῷ</span> <span class='ocrx_word' id='word_1_443' title='bbox 3146 3007 3505 3080; x_wconf 85' lang='grc' dir='ltr'>δεδιδάγμεθα</span> <span class='ocrx_word' id='word_1_444' title='bbox 3550 3008 3733 3076; x_wconf 84' lang='grc' dir='ltr'>λέγον·</span> 
     </span>
    </p>
   </div>
   <div class='ocr_carea' id='block_1_60' title="bbox 472 3096 2047 3177">
    <p class='ocr_par' dir='ltr' id='par_1_60' title="bbox 472 3102 2044 3177">
     <span class='ocr_line' id='line_1_60' title="bbox 472 3102 2044 3177; baseline -0.003 -19"><span class='ocrx_word' id='word_1_445' title='bbox 472 3106 695 3174; x_wconf 79' lang='lat' dir='ltr'><strong>quteris,</strong></span> <span class='ocrx_word' id='word_1_446' title='bbox 722 3120 844 3170; x_wconf 92' lang='lat' dir='ltr'><strong>cur,</strong></span> <span class='ocrx_word' id='word_1_447' title='bbox 884 3107 992 3160; x_wconf 84' lang='lat' dir='ltr'><strong>vita</strong></span> <span class='ocrx_word' id='word_1_448' title='bbox 1025 3107 1329 3177; x_wconf 85' lang='lat' dir='ltr'><strong>peccatoris</strong></span> <span class='ocrx_word' id='word_1_449' title='bbox 1351 3116 1661 3176; x_wconf 86' lang='lat' dir='ltr'><strong>prorogata,</strong></span> <span class='ocrx_word' id='word_1_450' title='bbox 1692 3104 1821 3174; x_wconf 85' lang='lat' dir='ltr'><strong>justi</strong></span> <span class='ocrx_word' id='word_1_451' title='bbox 1851 3105 1966 3158; x_wconf 90' lang='lat' dir='ltr'><strong>dies</strong></span> <span class='ocrx_word' id='word_1_452' title='bbox 1991 3102 2044 3155; x_wconf 93' lang='lat' dir='ltr'><strong>in</strong></span> 
     </span>
    </p>
   </div>
   <div class='ocr_carea' id='block_1_61' title="bbox 2147 3096 3737 3177">
    <p class='ocr_par' dir='ltr' id='par_1_61' title="bbox 2148 3096 3737 3174">
     <span class='ocr_line' id='line_1_61' title="bbox 2148 3096 3737 3174; baseline -0.006 -16"><span class='ocrx_word' id='word_1_453' title='bbox 2148 3122 2202 3159; x_wconf 82' lang='grc' dir='ltr'><strong>τι</strong></span> <span class='ocrx_word' id='word_1_454' title='bbox 2220 3120 2236 3137; x_wconf 76' lang='grc' dir='ltr'><strong>ο</strong></span> <span class='ocrx_word' id='word_1_455' title='bbox 2269 3106 2345 3158; x_wconf 82' lang='grc' dir='ltr'><em>Τὰ</em></span> <span class='ocrx_word' id='word_1_456' title='bbox 2369 3102 2622 3174; x_wconf 82' lang='grc' dir='ltr'>κρίματά</span> <span class='ocrx_word' id='word_1_457' title='bbox 2649 3118 2764 3158; x_wconf 89' lang='grc' dir='ltr'><strong>σου</strong></span> <span class='ocrx_word' id='word_1_458' title='bbox 2800 3102 3068 3165; x_wconf 78' lang='grc' dir='ltr'>ἄϐυσσος</span> <span class='ocrx_word' id='word_1_459' title='bbox 3097 3098 3321 3166; x_wconf 76' lang='grc' dir='ltr'>πολλή.</span> <span class='ocrx_word' id='word_1_460' title='bbox 3358 3100 3484 3154; x_wconf 80' lang='grc' dir='ltr'><strong>Ἐὰν</strong></span> <span class='ocrx_word' id='word_1_461' title='bbox 3505 3096 3604 3154; x_wconf 77' lang='grc' dir='ltr'>οὖν</span> <span class='ocrx_word' id='word_1_462' title='bbox 3626 3099 3737 3150; x_wconf 83' lang='grc' dir='ltr'>ἐπι-</span> 
     </span>
    </p>
   </div>
   <div class='ocr_carea' id='block_1_62' title="bbox 2073 3155 2120 3217">
    <p class='ocr_par' dir='ltr' id='par_1_62' title="bbox 2073 3155 2120 3217">
     <span class='ocr_line' id='line_1_62' title="bbox 2073 3155 2120 3217; baseline 0 0"><span class='ocrx_word' id='word_1_463' title='bbox 2073 3155 2120 3217; x_wconf 89' lang='lat' dir='ltr'><strong><em>C</em></strong></span> 
     </span>
    </p>
   </div>
   <div class='ocr_carea' id='block_1_63' title="bbox 472 3191 2047 3270">
    <p class='ocr_par' dir='ltr' id='par_1_63' title="bbox 472 3197 2044 3270">
     <span class='ocr_line' id='line_1_63' title="bbox 472 3197 2044 3270; baseline -0.001 -18"><span class='ocrx_word' id='word_1_464' title='bbox 472 3198 577 3252; x_wconf 91' lang='lat' dir='ltr'><strong>hoc</strong></span> <span class='ocrx_word' id='word_1_465' title='bbox 608 3197 907 3253; x_wconf 88' lang='lat' dir='ltr'><strong>incolarum</strong></span> <span class='ocrx_word' id='word_1_466' title='bbox 930 3198 1048 3255; x_wconf 91' lang='lat' dir='ltr'><strong>loco</strong></span> <span class='ocrx_word' id='word_1_467' title='bbox 1072 3202 1410 3265; x_wconf 90' lang='lat' dir='ltr'><strong>brevientur,</strong></span> <span class='ocrx_word' id='word_1_468' title='bbox 1427 3216 1526 3255; x_wconf 88' lang='lat' dir='ltr'><strong>cur</strong></span> <span class='ocrx_word' id='word_1_469' title='bbox 1548 3200 1780 3270; x_wconf 67' lang='lat' dir='ltr'><strong>iniustus</strong></span> <span class='ocrx_word' id='word_1_470' title='bbox 1808 3197 2044 3254; x_wconf 86' lang='lat' dir='ltr'><strong>secunda</strong></span> 
     </span>
    </p>
   </div>
   <div class='ocr_carea' id='block_1_64' title="bbox 2147 3191 3734 3270">
    <p class='ocr_par' dir='ltr' id='par_1_64' title="bbox 2151 3191 3734 3270">
     <span class='ocr_line' id='line_1_64' title="bbox 2151 3191 3734 3270; baseline -0.005 -20"><span class='ocrx_word' id='word_1_471' title='bbox 2151 3197 2343 3270; x_wconf 78' lang='grc' dir='ltr'>ζητῇς,</span> <span class='ocrx_word' id='word_1_472' title='bbox 2370 3196 2455 3250; x_wconf 82' lang='grc' dir='ltr'>διὰ</span> <span class='ocrx_word' id='word_1_473' title='bbox 2481 3198 2535 3251; x_wconf 90' lang='grc' dir='ltr'><strong>τί</strong></span> <span class='ocrx_word' id='word_1_474' title='bbox 2561 3195 2654 3250; x_wconf 89' lang='grc' dir='ltr'><strong>τοῦ</strong></span> <span class='ocrx_word' id='word_1_475' title='bbox 2690 3195 2788 3267; x_wconf 80' lang='grc' dir='ltr'>μὲν</span> <span class='ocrx_word' id='word_1_476' title='bbox 2817 3194 3141 3268; x_wconf 83' lang='grc' dir='ltr'>ἀμαρτωλοῦ</span> <span class='ocrx_word' id='word_1_477' title='bbox 3185 3198 3219 3268; x_wconf 75' lang='grc' dir='ltr'><strong>ἡ</strong></span> <span class='ocrx_word' id='word_1_478' title='bbox 3254 3195 3367 3266; x_wconf 81' lang='grc' dir='ltr'><strong>ζωὴ</strong></span> <span class='ocrx_word' id='word_1_479' title='bbox 3408 3191 3734 3266; x_wconf 87' lang='grc' dir='ltr'>παρατείνε-</span> 
     </span>
    </p>
   </div>
   <div class='ocr_carea' id='block_1_65' title="bbox 476 3286 2050 3361">
    <p class='ocr_par' dir='ltr' id='par_1_65' title="bbox 476 3286 2050 3361">
     <span class='ocr_line' id='line_1_65' title="bbox 476 3286 2050 3361; baseline -0.001 -17"><span class='ocrx_word' id='word_1_480' title='bbox 476 3297 668 3344; x_wconf 85' lang='lat' dir='ltr'><strong>utatur</strong></span> <span class='ocrx_word' id='word_1_481' title='bbox 694 3286 936 3357; x_wconf 77' lang='lat' dir='ltr'><strong>fortuna,</strong></span> <span class='ocrx_word' id='word_1_482' title='bbox 963 3289 1143 3357; x_wconf 88' lang='lat' dir='ltr'><strong>justus</strong></span> <span class='ocrx_word' id='word_1_483' title='bbox 1177 3292 1425 3356; x_wconf 88' lang='lat' dir='ltr'><strong>adversa,</strong></span> <span class='ocrx_word' id='word_1_484' title='bbox 1455 3307 1555 3347; x_wconf 89' lang='lat' dir='ltr'><strong>cur</strong></span> <span class='ocrx_word' id='word_1_485' title='bbox 1574 3291 1644 3345; x_wconf 89' lang='lat' dir='ltr'><strong>sit</strong></span> <span class='ocrx_word' id='word_1_486' title='bbox 1672 3289 1932 3361; x_wconf 89' lang='lat' dir='ltr'><strong>puerulus</strong></span> <span class='ocrx_word' id='word_1_487' title='bbox 1961 3305 2050 3342; x_wconf 86' lang='lat' dir='ltr'><strong>ra-</strong></span> 
     </span>
    </p>
   </div>
   <div class='ocr_carea' id='block_1_66' title="bbox 475 3380 2050 3451">
    <p class='ocr_par' dir='ltr' id='par_1_66' title="bbox 475 3380 2050 3451">
     <span class='ocr_line' id='line_1_66' title="bbox 475 3380 2050 3451; baseline 0.003 -21"><span class='ocrx_word' id='word_1_488' title='bbox 475 3389 602 3449; x_wconf 78' lang='lat' dir='ltr'><strong>ptus</strong></span> <span class='ocrx_word' id='word_1_489' title='bbox 618 3389 747 3435; x_wconf 80' lang='lat' dir='ltr'><strong>ante</strong></span> <span class='ocrx_word' id='word_1_490' title='bbox 757 3382 933 3436; x_wconf 71' lang='lat' dir='ltr'><strong>aetatis</strong></span> <span class='ocrx_word' id='word_1_491' title='bbox 956 3382 1365 3451; x_wconf 82' lang='lat' dir='ltr'><strong>perfectionem,</strong></span> <span class='ocrx_word' id='word_1_492' title='bbox 1385 3384 1528 3437; x_wconf 91' lang='lat' dir='ltr'><strong>unde</strong></span> <span class='ocrx_word' id='word_1_493' title='bbox 1544 3381 1702 3448; x_wconf 86' lang='lat' dir='ltr'><strong>bella,</strong></span> <span class='ocrx_word' id='word_1_494' title='bbox 1720 3397 1816 3437; x_wconf 89' lang='lat' dir='ltr'><strong>cur</strong></span> <span class='ocrx_word' id='word_1_495' title='bbox 1833 3380 2050 3436; x_wconf 89' lang='lat' dir='ltr'><strong>naufra-</strong></span> 
     </span>
    </p>
   </div>
   <div class='ocr_carea' id='block_1_67' title="bbox 474 3469 2049 3542">
    <p class='ocr_par' dir='ltr' id='par_1_67' title="bbox 474 3469 2049 3542">
     <span class='ocr_line' id='line_1_67' title="bbox 474 3469 2049 3542; baseline 0.003 -22"><span class='ocrx_word' id='word_1_496' title='bbox 474 3469 586 3540; x_wconf 85' lang='lat' dir='ltr'><strong>gia,</strong></span> <span class='ocrx_word' id='word_1_497' title='bbox 625 3481 783 3525; x_wconf 67' lang='lat' dir='ltr'><strong>terrae</strong></span> <span class='ocrx_word' id='word_1_498' title='bbox 803 3480 1001 3537; x_wconf 90' lang='lat' dir='ltr'><strong>motus,</strong></span> <span class='ocrx_word' id='word_1_499' title='bbox 1038 3473 1338 3537; x_wconf 77' lang='lat' dir='ltr'><strong>siccitates,</strong></span> <span class='ocrx_word' id='word_1_500' title='bbox 1369 3473 1581 3542; x_wconf 69' lang='lat' dir='ltr'><strong>pluviae,</strong></span> <span class='ocrx_word' id='word_1_501' title='bbox 1626 3487 1727 3528; x_wconf 88' lang='lat' dir='ltr'><strong>cur</strong></span> <span class='ocrx_word' id='word_1_502' title='bbox 1757 3487 1876 3542; x_wconf 83' lang='lat' dir='ltr'><strong>qua:</strong></span> <span class='ocrx_word' id='word_1_503' title='bbox 1914 3470 2049 3525; x_wconf 80' lang='lat' dir='ltr'><strong>leta-</strong></span> 
     </span>
    </p>
   </div>
   <div class='ocr_carea' id='block_1_68' title="bbox 471 3558 2047 3637">
    <p class='ocr_par' dir='ltr' id='par_1_68' title="bbox 471 3558 2047 3637">
     <span class='ocr_line' id='line_1_68' title="bbox 471 3558 2047 3637; baseline -0.001 -19"><span class='ocrx_word' id='word_1_504' title='bbox 471 3558 698 3618; x_wconf 84' lang='lat' dir='ltr'><strong>lia&#39;sunt</strong></span> <span class='ocrx_word' id='word_1_505' title='bbox 723 3564 1032 3620; x_wconf 85' lang='lat' dir='ltr'><strong>hominibus</strong></span> <span class='ocrx_word' id='word_1_506' title='bbox 1046 3576 1230 3621; x_wconf 87' lang='lat' dir='ltr'><strong>creata</strong></span> <span class='ocrx_word' id='word_1_507' title='bbox 1262 3567 1390 3630; x_wconf 90' lang='lat' dir='ltr'><strong>sint,</strong></span> <span class='ocrx_word' id='word_1_508' title='bbox 1418 3566 1576 3637; x_wconf 77' lang='lat'><strong>137</strong></span> <span class='ocrx_word' id='word_1_509' title='bbox 1597 3582 1698 3621; x_wconf 91' lang='lat' dir='ltr'><strong>cur</strong></span> <span class='ocrx_word' id='word_1_510' title='bbox 1720 3566 1808 3621; x_wconf 86' lang='lat' dir='ltr'><strong>hic</strong></span> <span class='ocrx_word' id='word_1_511' title='bbox 1835 3579 2047 3628; x_wconf 86' lang='lat' dir='ltr'><strong>servus,</strong></span> 
     </span>
    </p>
   </div>
   <div class='ocr_carea' id='block_1_69' title="bbox 355 3653 2045 3741">
    <p class='ocr_par' dir='ltr' id='par_1_69' title="bbox 355 3653 2045 3741">
     <span class='ocr_line' id='line_1_69' title="bbox 355 3653 2045 3741; baseline -0.001 -32"><span class='ocrx_word' id='word_1_512' title='bbox 355 3730 367 3741; x_wconf 42' lang='lat'><em>.</em></span> <span class='ocrx_word' id='word_1_513' title='bbox 474 3653 568 3710; x_wconf 87' lang='lat' dir='ltr'><strong>ille</strong></span> <span class='ocrx_word' id='word_1_514' title='bbox 596 3653 755 3721; x_wconf 90' lang='lat' dir='ltr'><strong>liber,</strong></span> <span class='ocrx_word' id='word_1_515' title='bbox 794 3670 894 3711; x_wconf 88' lang='lat' dir='ltr'><strong>cur</strong></span> <span class='ocrx_word' id='word_1_516' title='bbox 922 3657 1061 3713; x_wconf 90' lang='lat' dir='ltr'><strong>alius</strong></span> <span class='ocrx_word' id='word_1_517' title='bbox 1081 3659 1253 3724; x_wconf 87' lang='lat' dir='ltr'><strong>dives,</strong></span> <span class='ocrx_word' id='word_1_518' title='bbox 1278 3658 1416 3713; x_wconf 87' lang='lat' dir='ltr'><strong>alius</strong></span> <span class='ocrx_word' id='word_1_519' title='bbox 1445 3673 1649 3729; x_wconf 89' lang='lat' dir='ltr'><strong>pauper</strong></span> <span class='ocrx_word' id='word_1_520' title='bbox 1677 3664 1863 3730; x_wconf 89' lang='lat' dir='ltr'><strong>(atque</strong></span> <span class='ocrx_word' id='word_1_521' title='bbox 1883 3656 2045 3711; x_wconf 84' lang='lat' dir='ltr'><strong>etiam</strong></span> 
     </span>
    </p>
   </div>
   <div class='ocr_carea' id='block_1_70' title="bbox 474 3746 2046 3819">
    <p class='ocr_par' dir='ltr' id='par_1_70' title="bbox 474 3746 2046 3819">
     <span class='ocr_line' id='line_1_70' title="bbox 474 3746 2046 3819; baseline 0.003 -20"><span class='ocrx_word' id='word_1_522' title='bbox 474 3746 705 3801; x_wconf 88' lang='lat' dir='ltr'><strong>multum</strong></span> <span class='ocrx_word' id='word_1_523' title='bbox 740 3757 826 3803; x_wconf 88' lang='lat' dir='ltr'><strong>est</strong></span> <span class='ocrx_word' id='word_1_524' title='bbox 852 3748 1186 3805; x_wconf 85' lang='lat' dir='ltr'><strong>discriminis</strong></span> <span class='ocrx_word' id='word_1_525' title='bbox 1220 3750 1272 3804; x_wconf 90' lang='lat' dir='ltr'><strong>in</strong></span> <span class='ocrx_word' id='word_1_526' title='bbox 1312 3750 1550 3819; x_wconf 90' lang='lat' dir='ltr'><strong>peccatis</strong></span> <span class='ocrx_word' id='word_1_527' title='bbox 1579 3765 1643 3805; x_wconf 91' lang='lat' dir='ltr'><strong>ac</strong></span> <span class='ocrx_word' id='word_1_528' title='bbox 1671 3758 1819 3805; x_wconf 88' lang='lat' dir='ltr'><strong>recte</strong></span> <span class='ocrx_word' id='word_1_529' title='bbox 1842 3748 1996 3803; x_wconf 87' lang='lat' dir='ltr'><strong>factis</strong></span> <span class='ocrx_word' id='word_1_530' title='bbox 2030 3767 2046 3803; x_wconf 90' lang='lat'><strong>:</strong></span> 
     </span>
    </p>
   </div>
   <div class='ocr_carea' id='block_1_71' title="bbox 474 3835 2049 3909">
    <p class='ocr_par' dir='ltr' id='par_1_71' title="bbox 474 3835 2049 3909">
     <span class='ocr_line' id='line_1_71' title="bbox 474 3835 2049 3909; baseline 0.001 -17"><span class='ocrx_word' id='word_1_531' title='bbox 474 3835 594 3892; x_wconf 63' lang='lat' dir='ltr'><strong>hac</strong></span> <span class='ocrx_word' id='word_1_532' title='bbox 628 3839 774 3892; x_wconf 91' lang='lat' dir='ltr'><strong>enim</strong></span> <span class='ocrx_word' id='word_1_533' title='bbox 804 3838 942 3893; x_wconf 65' lang='lat' dir='ltr'><strong>lente</strong></span> <span class='ocrx_word' id='word_1_534' title='bbox 964 3840 1201 3906; x_wconf 74' lang='lat' dir='ltr'><strong>vendita,</strong></span> <span class='ocrx_word' id='word_1_535' title='bbox 1226 3840 1277 3894; x_wconf 85' lang='lat' dir='ltr'><strong>vi</strong></span> <span class='ocrx_word' id='word_1_536' title='bbox 1312 3840 1366 3894; x_wconf 91' lang='lat' dir='ltr'><strong>in</strong></span> <span class='ocrx_word' id='word_1_537' title='bbox 1411 3848 1768 3909; x_wconf 10' lang='lat' dir='ltr'><strong>peccatorest,</strong></span> <span class='ocrx_word' id='word_1_538' title='bbox 1804 3838 1893 3892; x_wconf 90' lang='lat' dir='ltr'><strong>illa</strong></span> <span class='ocrx_word' id='word_1_539' title='bbox 1917 3853 2049 3893; x_wconf 90' lang='lat' dir='ltr'><strong>vero</strong></span> 
     </span>
    </p>
   </div>
   <div class='ocr_carea' id='block_1_72' title="bbox 472 3928 2050 4000">
    <p class='ocr_par' dir='ltr' id='par_1_72' title="bbox 472 3928 2050 4000">
     <span class='ocr_line' id='line_1_72' title="bbox 472 3928 2050 4000; baseline -0.002 -14"><span class='ocrx_word' id='word_1_540' title='bbox 472 3928 544 3986; x_wconf 81' lang='lat' dir='ltr'><strong>ab</strong></span> <span class='ocrx_word' id='word_1_541' title='bbox 569 3929 726 3985; x_wconf 88' lang='lat' dir='ltr'><strong>initio</strong></span> <span class='ocrx_word' id='word_1_542' title='bbox 766 3931 954 3986; x_wconf 84' lang='lat' dir='ltr'><strong>heram</strong></span> <span class='ocrx_word' id='word_1_543' title='bbox 998 3932 1198 3987; x_wconf 85' lang='lat' dir='ltr'><strong>bonam</strong></span> <span class='ocrx_word' id='word_1_544' title='bbox 1251 3941 1430 3998; x_wconf 87' lang='lat' dir='ltr'><strong>nacta,</strong></span> <span class='ocrx_word' id='word_1_545' title='bbox 1481 3930 1534 3984; x_wconf 89' lang='lat' dir='ltr'><strong>in</strong></span> <span class='ocrx_word' id='word_1_546' title='bbox 1566 3930 1880 4000; x_wconf 87' lang='lat' dir='ltr'><strong>virginitate</strong></span> <span class='ocrx_word' id='word_1_547' title='bbox 1912 3932 2050 3985; x_wconf 62' lang='lat' dir='ltr'><strong>edu.</strong></span> 
     </span>
    </p>
   </div>
   <div class='ocr_carea' id='block_1_73' title="bbox 473 4022 2050 4093">
    <p class='ocr_par' dir='ltr' id='par_1_73' title="bbox 473 4022 2050 4093">
     <span class='ocr_line' id='line_1_73' title="bbox 473 4022 2050 4093; baseline 0.003 -18"><span class='ocrx_word' id='word_1_548' title='bbox 473 4031 595 4076; x_wconf 80' lang='lat' dir='ltr'><strong>cata</strong></span> <span class='ocrx_word' id='word_1_549' title='bbox 631 4023 759 4093; x_wconf 86' lang='lat' dir='ltr'><strong>est),</strong></span> <span class='ocrx_word' id='word_1_550' title='bbox 789 4036 890 4077; x_wconf 89' lang='lat' dir='ltr'><strong>cur</strong></span> <span class='ocrx_word' id='word_1_551' title='bbox 914 4023 1029 4079; x_wconf 64' lang='lat' dir='ltr'><strong>haec</strong></span> <span class='ocrx_word' id='word_1_552' title='bbox 1078 4022 1271 4078; x_wconf 73' lang='lat' dir='ltr'><strong>affecta</strong></span> <span class='ocrx_word' id='word_1_553' title='bbox 1322 4022 1587 4078; x_wconf 79' lang='lat' dir='ltr'><strong>beneflcio</strong></span> <span class='ocrx_word' id='word_1_554' title='bbox 1630 4024 1701 4078; x_wconf 86' lang='lat' dir='ltr'><strong>sit</strong></span> <span class='ocrx_word' id='word_1_555' title='bbox 1744 4040 1758 4077; x_wconf 90' lang='lat'>:</span> <span class='ocrx_word' id='word_1_556' title='bbox 1793 4022 1883 4079; x_wconf 90' lang='lat' dir='ltr'><strong>illa</strong></span> <span class='ocrx_word' id='word_1_557' title='bbox 1921 4037 2050 4079; x_wconf 84' lang='lat' dir='ltr'><strong>vero</strong></span> 
     </span>
    </p>
   </div>
   <div class='ocr_carea' id='block_1_74' title="bbox 472 4116 2051 4187">
    <p class='ocr_par' dir='ltr' id='par_1_74' title="bbox 472 4116 2051 4187">
     <span class='ocr_line' id='line_1_74' title="bbox 472 4116 2051 4187; baseline 0.001 -17"><span class='ocrx_word' id='word_1_558' title='bbox 472 4116 840 4170; x_wconf 84' lang='lat' dir='ltr'><strong>condemnata</strong></span> <span class='ocrx_word' id='word_1_559' title='bbox 868 4133 884 4182; x_wconf 89' lang='lat'><strong>;</strong></span> <span class='ocrx_word' id='word_1_560' title='bbox 932 4126 988 4170; x_wconf 90' lang='lat' dir='ltr'><strong>et</strong></span> <span class='ocrx_word' id='word_1_561' title='bbox 1019 4117 1148 4186; x_wconf 89' lang='lat' dir='ltr'><strong>quid</strong></span> <span class='ocrx_word' id='word_1_562' title='bbox 1172 4116 1242 4171; x_wconf 87' lang='lat' dir='ltr'><strong>sit</strong></span> <span class='ocrx_word' id='word_1_563' title='bbox 1262 4116 1554 4185; x_wconf 89' lang='lat' dir='ltr'><strong>unicuique</strong></span> <span class='ocrx_word' id='word_1_564' title='bbox 1580 4116 1775 4171; x_wconf 91' lang='lat' dir='ltr'><strong>horum</strong></span> <span class='ocrx_word' id='word_1_565' title='bbox 1809 4132 1838 4170; x_wconf 90' lang='lat' dir='ltr'><strong>a</strong></span> <span class='ocrx_word' id='word_1_566' title='bbox 1868 4116 2051 4187; x_wconf 81' lang='lat' dir='ltr'><strong>judice</strong></span> 
     </span>
    </p>
   </div>
   <div class='ocr_carea' id='block_1_75' title="bbox 477 4205 2052 4277">
    <p class='ocr_par' dir='ltr' id='par_1_75' title="bbox 477 4205 2052 4277">
     <span class='ocr_line' id='line_1_75' title="bbox 477 4205 2052 4277; baseline -0.001 -16"><span class='ocrx_word' id='word_1_567' title='bbox 477 4206 887 4262; x_wconf 74' lang='lat' dir='ltr'><strong>retribu&#39;eudum</strong></span> <span class='ocrx_word' id='word_1_568' title='bbox 913 4224 928 4273; x_wconf 91' lang='lat'><strong>;</strong></span> <span class='ocrx_word' id='word_1_569' title='bbox 959 4209 1157 4277; x_wconf 91' lang='lat' dir='ltr'><strong>quibus</strong></span> <span class='ocrx_word' id='word_1_570' title='bbox 1182 4206 1438 4262; x_wconf 86' lang='lat' dir='ltr'><strong>omnibus</strong></span> <span class='ocrx_word' id='word_1_571' title='bbox 1468 4206 1564 4261; x_wconf 89' lang='lat' dir='ltr'><strong>tibi</strong></span> <span class='ocrx_word' id='word_1_572' title='bbox 1593 4205 1647 4259; x_wconf 91' lang='lat' dir='ltr'><strong>in</strong></span> <span class='ocrx_word' id='word_1_573' title='bbox 1679 4216 1915 4261; x_wconf 84' lang='lat' dir='ltr'><strong>mentem</strong></span> <span class='ocrx_word' id='word_1_574' title='bbox 1959 4220 2052 4260; x_wconf 87' lang='lat' dir='ltr'><strong>ve-</strong></span> 
     </span>
    </p>
   </div>
   <div class='ocr_carea' id='block_1_76' title="bbox 477 4298 2049 4369">
    <p class='ocr_par' dir='ltr' id='par_1_76' title="bbox 477 4298 2049 4369">
     <span class='ocr_line' id='line_1_76' title="bbox 477 4298 2049 4369; baseline -0.003 -15"><span class='ocrx_word' id='word_1_575' title='bbox 477 4298 776 4361; x_wconf 80' lang='lat' dir='ltr'><strong>nientibus,</strong></span> <span class='ocrx_word' id='word_1_576' title='bbox 823 4299 997 4361; x_wconf 74' lang='lat' dir='ltr'><strong>cogita</strong></span> <span class='ocrx_word' id='word_1_577' title='bbox 1047 4298 1141 4353; x_wconf 90' lang='lat' dir='ltr'><strong>Dei</strong></span> <span class='ocrx_word' id='word_1_578' title='bbox 1171 4298 1372 4369; x_wconf 89' lang='lat' dir='ltr'><strong>judicia</strong></span> <span class='ocrx_word' id='word_1_579' title='bbox 1423 4299 1653 4369; x_wconf 85' lang='lat' dir='ltr'><strong>abyssos</strong></span> <span class='ocrx_word' id='word_1_580' title='bbox 1699 4312 1839 4363; x_wconf 90' lang='lat' dir='ltr'><strong>esse,</strong></span> <span class='ocrx_word' id='word_1_581' title='bbox 1877 4311 1976 4352; x_wconf 83' lang='lat' dir='ltr'><strong>nec</strong></span> <span class='ocrx_word' id='word_1_582' title='bbox 2018 4313 2049 4350; x_wconf 90' lang='lat' dir='ltr'><strong>a</strong></span> 
     </span>
    </p>
   </div>
   <div class='ocr_carea' id='block_1_77' title="bbox 478 4387 2051 4459">
    <p class='ocr_par' dir='ltr' id='par_1_77' title="bbox 478 4387 2051 4459">
     <span class='ocr_line' id='line_1_77' title="bbox 478 4387 2051 4459; baseline -0.001 -16"><span class='ocrx_word' id='word_1_583' title='bbox 478 4387 727 4457; x_wconf 88' lang='lat' dir='ltr'><strong>quolibet</strong></span> <span class='ocrx_word' id='word_1_584' title='bbox 768 4387 929 4443; x_wconf 81' lang='lat' dir='ltr'><strong>facile</strong></span> <span class='ocrx_word' id='word_1_585' title='bbox 953 4387 1338 4459; x_wconf 89' lang='lat' dir='ltr'><strong>comprehendi</strong></span> <span class='ocrx_word' id='word_1_586' title='bbox 1370 4401 1552 4456; x_wconf 83' lang='lat' dir='ltr'><strong>posse,</strong></span> <span class='ocrx_word' id='word_1_587' title='bbox 1584 4389 1726 4457; x_wconf 90' lang='lat' dir='ltr'><strong>quod</strong></span> <span class='ocrx_word' id='word_1_588' title='bbox 1763 4387 1815 4441; x_wconf 91' lang='lat' dir='ltr'><strong>in</strong></span> <span class='ocrx_word' id='word_1_589' title='bbox 1855 4387 2051 4442; x_wconf 87' lang='lat' dir='ltr'><strong>divinis</strong></span> 
     </span>
    </p>
   </div>
   <div class='ocr_carea' id='block_1_78' title="bbox 2148 3287 3736 3361">
    <p class='ocr_par' dir='ltr' id='par_1_78' title="bbox 2148 3287 3736 3361">
     <span class='ocr_line' id='line_1_78' title="bbox 2148 3287 3736 3361; baseline -0.004 -17"><span class='ocrx_word' id='word_1_590' title='bbox 2148 3307 2258 3356; x_wconf 87' lang='grc' dir='ltr'>ται,</span> <span class='ocrx_word' id='word_1_591' title='bbox 2280 3289 2375 3344; x_wconf 91' lang='grc' dir='ltr'><strong>τοῦ</strong></span> <span class='ocrx_word' id='word_1_592' title='bbox 2400 3289 2458 3342; x_wconf 84' lang='grc' dir='ltr'>δὲ</span> <span class='ocrx_word' id='word_1_593' title='bbox 2490 3289 2698 3343; x_wconf 87' lang='grc' dir='ltr'>δικαίου</span> <span class='ocrx_word' id='word_1_594' title='bbox 2720 3289 2999 3361; x_wconf 81' lang='grc' dir='ltr'>αί.ήμέραι</span> <span class='ocrx_word' id='word_1_595' title='bbox 3033 3289 3133 3361; x_wconf 85' lang='grc' dir='ltr'>τῆς</span> <span class='ocrx_word' id='word_1_596' title='bbox 3157 3288 3449 3360; x_wconf 89' lang='grc' dir='ltr'>παροικίας</span> <span class='ocrx_word' id='word_1_597' title='bbox 3471 3287 3592 3359; x_wconf 70' lang='grc'><strong>(14)</strong></span> <span class='ocrx_word' id='word_1_598' title='bbox 3623 3300 3736 3338; x_wconf 78' lang='grc' dir='ltr'>συν-</span> 
     </span>
    </p>
   </div>
   <div class='ocr_carea' id='block_1_79' title="bbox 2146 3376 3729 3455">
    <p class='ocr_par' dir='ltr' id='par_1_79' title="bbox 2146 3376 3729 3455">
     <span class='ocr_line' id='line_1_79' title="bbox 2146 3376 3729 3455; baseline -0.005 -18"><span class='ocrx_word' id='word_1_599' title='bbox 2146 3385 2455 3455; x_wconf 85' lang='grc' dir='ltr'>τέμνονται,</span> <span class='ocrx_word' id='word_1_600' title='bbox 2503 3382 2591 3436; x_wconf 81' lang='grc' dir='ltr'>διὰ</span> <span class='ocrx_word' id='word_1_601' title='bbox 2641 3382 2694 3435; x_wconf 89' lang='grc' dir='ltr'><strong>τί</strong></span> <span class='ocrx_word' id='word_1_602' title='bbox 2736 3384 2764 3435; x_wconf 98' lang='lat'><strong>6</strong></span> <span class='ocrx_word' id='word_1_603' title='bbox 2812 3382 2911 3454; x_wconf 83' lang='grc' dir='ltr'>μὲν</span> <span class='ocrx_word' id='word_1_604' title='bbox 2963 3382 3146 3447; x_wconf 80' lang='grc' dir='ltr'>ἄδικος</span> <span class='ocrx_word' id='word_1_605' title='bbox 3206 3380 3537 3454; x_wconf 83' lang='grc' dir='ltr'>εύθηνεῖται,</span> <span class='ocrx_word' id='word_1_606' title='bbox 3595 3382 3624 3432; x_wconf 88' lang='lat'><strong>6</strong></span> <span class='ocrx_word' id='word_1_607' title='bbox 3676 3376 3729 3429; x_wconf 80' lang='grc' dir='ltr'>δὲ</span> 
     </span>
    </p>
   </div>
   <div class='ocr_carea' id='block_1_80' title="bbox 2145 3472 3730 3546">
    <p class='ocr_par' dir='ltr' id='par_1_80' title="bbox 2145 3472 3730 3546">
     <span class='ocr_line' id='line_1_80' title="bbox 2145 3472 3730 3546; baseline -0.005 -17"><span class='ocrx_word' id='word_1_608' title='bbox 2145 3475 2353 3540; x_wconf 84' lang='grc' dir='ltr'>δίκαιος</span> <span class='ocrx_word' id='word_1_609' title='bbox 2385 3475 2644 3537; x_wconf 88' lang='grc' dir='ltr'>θλίϐεται,</span> <span class='ocrx_word' id='word_1_610' title='bbox 2668 3474 2756 3529; x_wconf 84' lang='grc' dir='ltr'><strong>διὰ</strong></span> <span class='ocrx_word' id='word_1_611' title='bbox 2792 3474 2845 3527; x_wconf 92' lang='grc' dir='ltr'><strong>τί</strong></span> <span class='ocrx_word' id='word_1_612' title='bbox 2873 3473 2935 3528; x_wconf 85' lang='grc' dir='ltr'><strong>τό</strong></span> <span class='ocrx_word' id='word_1_613' title='bbox 2961 3474 3168 3529; x_wconf 89' lang='grc' dir='ltr'>παιδίον</span> <span class='ocrx_word' id='word_1_614' title='bbox 3192 3477 3324 3546; x_wconf 73' lang='grc' dir='ltr'>πρὶν</span> <span class='ocrx_word' id='word_1_615' title='bbox 3348 3475 3426 3537; x_wconf 88' lang='grc' dir='ltr'><strong>είς</strong></span> <span class='ocrx_word' id='word_1_616' title='bbox 3456 3472 3730 3527; x_wconf 84' lang='grc' dir='ltr'>τελείωσιν</span> 
     </span>
    </p>
   </div>
   <div class='ocr_carea' id='block_1_81' title="bbox 2147 3564 3725 3638">
    <p class='ocr_par' dir='ltr' id='par_1_81' title="bbox 2147 3564 3725 3638">
     <span class='ocr_line' id='line_1_81' title="bbox 2147 3564 3725 3638; baseline -0.004 -18"><span class='ocrx_word' id='word_1_617' title='bbox 2147 3567 2319 3621; x_wconf 75' lang='grc' dir='ltr'>ἐλθεῖν</span> <span class='ocrx_word' id='word_1_618' title='bbox 2353 3565 2699 3638; x_wconf 83' lang='grc' dir='ltr'>ἀνηρπάσθη,</span> <span class='ocrx_word' id='word_1_619' title='bbox 2728 3564 2890 3619; x_wconf 86' lang='grc' dir='ltr'>πόθεν</span> <span class='ocrx_word' id='word_1_620' title='bbox 2913 3565 3159 3637; x_wconf 87' lang='grc' dir='ltr'>πόλεμοι,</span> <span class='ocrx_word' id='word_1_621' title='bbox 3191 3565 3279 3620; x_wconf 82' lang='grc' dir='ltr'><strong>διὰ</strong></span> <span class='ocrx_word' id='word_1_622' title='bbox 3310 3565 3361 3619; x_wconf 90' lang='grc' dir='ltr'><strong>τί</strong></span> <span class='ocrx_word' id='word_1_623' title='bbox 3387 3565 3457 3618; x_wconf 81' lang='grc' dir='ltr'>τὰ</span> <span class='ocrx_word' id='word_1_624' title='bbox 3474 3564 3725 3632; x_wconf 85' lang='grc' dir='ltr'>ναυάγια,</span> 
     </span>
    </p>
   </div>
   <div class='ocr_carea' id='block_1_82' title="bbox 2146 3656 3728 3730">
    <p class='ocr_par' dir='ltr' id='par_1_82' title="bbox 2146 3656 3728 3730">
     <span class='ocr_line' id='line_1_82' title="bbox 2146 3656 3728 3730; baseline -0.003 -17"><span class='ocrx_word' id='word_1_625' title='bbox 2146 3661 2196 3713; x_wconf 86' lang='grc' dir='ltr'>οἱ</span> <span class='ocrx_word' id='word_1_626' title='bbox 2231 3659 2465 3730; x_wconf 71' lang='grc' dir='ltr'>σεισμοὶ,</span> <span class='ocrx_word' id='word_1_627' title='bbox 2494 3660 2542 3713; x_wconf 76' lang='lat' dir='ltr'><strong>oi</strong></span> <span class='ocrx_word' id='word_1_628' title='bbox 2568 3657 2789 3730; x_wconf 73' lang='grc' dir='ltr'>αὐχμοὶ,</span> <span class='ocrx_word' id='word_1_629' title='bbox 2826 3659 2881 3711; x_wconf 82' lang='lat' dir='ltr'><strong>ai</strong></span> <span class='ocrx_word' id='word_1_630' title='bbox 2916 3657 3236 3729; x_wconf 79' lang='grc' dir='ltr'>ἐπομϐρίαι,</span> <span class='ocrx_word' id='word_1_631' title='bbox 3268 3657 3357 3713; x_wconf 76' lang='grc' dir='ltr'><strong>διὰ</strong></span> <span class='ocrx_word' id='word_1_632' title='bbox 3385 3656 3437 3710; x_wconf 90' lang='grc' dir='ltr'><strong>τί</strong></span> <span class='ocrx_word' id='word_1_633' title='bbox 3467 3656 3540 3710; x_wconf 83' lang='grc' dir='ltr'>τὰ</span> <span class='ocrx_word' id='word_1_634' title='bbox 3563 3656 3728 3727; x_wconf 76' lang='grc' dir='ltr'>φθαρ-</span> 
     </span>
    </p>
   </div>
   <div class='ocr_carea' id='block_1_83' title="bbox 2145 3743 3728 3821">
    <p class='ocr_par' dir='ltr' id='par_1_83' title="bbox 2145 3743 3728 3821">
     <span class='ocr_line' id='line_1_83' title="bbox 2145 3743 3728 3821; baseline -0.001 -20"><span class='ocrx_word' id='word_1_635' title='bbox 2145 3747 2274 3802; x_wconf 86' lang='grc' dir='ltr'><strong>τικά</strong></span> <span class='ocrx_word' id='word_1_636' title='bbox 2321 3748 2429 3802; x_wconf 84' lang='grc' dir='ltr'><strong>τῶν</strong></span> <span class='ocrx_word' id='word_1_637' title='bbox 2458 3746 2763 3821; x_wconf 85' lang='grc' dir='ltr'>ἀνθρώπων</span> <span class='ocrx_word' id='word_1_638' title='bbox 2807 3747 3288 3820; x_wconf 81' lang='grc' dir='ltr'>δεδημιούργηται,</span> <span class='ocrx_word' id='word_1_639' title='bbox 3333 3746 3423 3801; x_wconf 81' lang='grc' dir='ltr'>διὰ</span> <span class='ocrx_word' id='word_1_640' title='bbox 3458 3747 3513 3801; x_wconf 89' lang='grc' dir='ltr'><strong>τί</strong></span> <span class='ocrx_word' id='word_1_641' title='bbox 3562 3750 3593 3800; x_wconf 92' lang='lat'><strong>6</strong></span> <span class='ocrx_word' id='word_1_642' title='bbox 3633 3743 3728 3817; x_wconf 84' lang='grc' dir='ltr'>μὲν</span> 
     </span>
    </p>
   </div>
   <div class='ocr_carea' id='block_1_84' title="bbox 2146 3840 3726 3912">
    <p class='ocr_par' dir='ltr' id='par_1_84' title="bbox 2146 3840 3726 3912">
     <span class='ocr_line' id='line_1_84' title="bbox 2146 3840 3726 3912; baseline -0.003 -19"><span class='ocrx_word' id='word_1_643' title='bbox 2146 3840 2351 3906; x_wconf 84' lang='grc' dir='ltr'>δοῦλος,</span> <span class='ocrx_word' id='word_1_644' title='bbox 2381 3842 2411 3894; x_wconf 91' lang='lat'><strong>6</strong></span> <span class='ocrx_word' id='word_1_645' title='bbox 2457 3840 2514 3894; x_wconf 82' lang='grc' dir='ltr'>δὲ</span> <span class='ocrx_word' id='word_1_646' title='bbox 2548 3840 2853 3912; x_wconf 80' lang='grc' dir='ltr'>ἐλεύθερος,</span> <span class='ocrx_word' id='word_1_647' title='bbox 2897 3842 2925 3894; x_wconf 93' lang='lat'><strong>6</strong></span> <span class='ocrx_word' id='word_1_648' title='bbox 2970 3841 3069 3911; x_wconf 85' lang='grc' dir='ltr'>μὲν</span> <span class='ocrx_word' id='word_1_649' title='bbox 3094 3840 3330 3906; x_wconf 85' lang='grc' dir='ltr'>πλουτεῖ,</span> <span class='ocrx_word' id='word_1_650' title='bbox 3363 3842 3392 3892; x_wconf 93' lang='lat'><strong>6</strong></span> <span class='ocrx_word' id='word_1_651' title='bbox 3421 3840 3477 3894; x_wconf 83' lang='grc' dir='ltr'>δὲ</span> <span class='ocrx_word' id='word_1_652' title='bbox 3508 3840 3726 3894; x_wconf 71' lang='grc' dir='ltr'>πένεται</span> 
     </span>
    </p>
   </div>
   <div class='ocr_carea' id='block_1_85' title="bbox 2148 3929 3726 4005">
    <p class='ocr_par' dir='ltr' id='par_1_85' title="bbox 2148 3929 3726 4005">
     <span class='ocr_line' id='line_1_85' title="bbox 2148 3929 3726 4005; baseline -0.002 -20"><span class='ocrx_word' id='word_1_653' title='bbox 2148 3932 2307 3999; x_wconf 75' lang='grc' dir='ltr'>(πολὺ</span> <span class='ocrx_word' id='word_1_654' title='bbox 2338 3932 2395 3986; x_wconf 78' lang='grc' dir='ltr'>δὲ</span> <span class='ocrx_word' id='word_1_655' title='bbox 2425 3933 2519 3986; x_wconf 74' lang='grc' dir='ltr'>καὶ</span> <span class='ocrx_word' id='word_1_656' title='bbox 2549 3934 2607 3987; x_wconf 77' lang='grc' dir='ltr'>ὲν</span> <span class='ocrx_word' id='word_1_657' title='bbox 2634 3935 2746 3996; x_wconf 83' lang='grc' dir='ltr'>τοῖς</span> <span class='ocrx_word' id='word_1_658' title='bbox 2774 3933 3241 4004; x_wconf 83' lang='grc' dir='ltr'>ἁμαρτανομένοις</span> <span class='ocrx_word' id='word_1_659' title='bbox 3285 3930 3319 4004; x_wconf 84' lang='grc' dir='ltr'>ἢ</span> <span class='ocrx_word' id='word_1_660' title='bbox 3362 3929 3726 4005; x_wconf 82' lang='grc' dir='ltr'>κατορθουμέ-</span> 
     </span>
    </p>
   </div>
   <div class='ocr_carea' id='block_1_86' title="bbox 2147 4022 3723 4095">
    <p class='ocr_par' dir='ltr' id='par_1_86' title="bbox 2147 4022 3723 4095">
     <span class='ocr_line' id='line_1_86' title="bbox 2147 4022 3723 4095; baseline -0.001 -18"><span class='ocrx_word' id='word_1_661' title='bbox 2147 4040 2260 4087; x_wconf 88' lang='grc' dir='ltr'>νοις</span> <span class='ocrx_word' id='word_1_662' title='bbox 2290 4024 2408 4077; x_wconf 76' lang='grc' dir='ltr'>ὲστὶ</span> <span class='ocrx_word' id='word_1_663' title='bbox 2435 4022 2497 4076; x_wconf 83' lang='grc' dir='ltr'>τὸ</span> <span class='ocrx_word' id='word_1_664' title='bbox 2520 4023 2804 4095; x_wconf 72' lang='grc' dir='ltr'>διάφορονο</span> <span class='ocrx_word' id='word_1_665' title='bbox 2840 4025 2875 4095; x_wconf 79' lang='grc' dir='ltr'><strong>ἡ</strong></span> <span class='ocrx_word' id='word_1_666' title='bbox 2917 4022 3016 4094; x_wconf 83' lang='grc' dir='ltr'>μὲν</span> <span class='ocrx_word' id='word_1_667' title='bbox 3057 4022 3167 4095; x_wconf 85' lang='grc' dir='ltr'>γὰρ</span> <span class='ocrx_word' id='word_1_668' title='bbox 3201 4023 3554 4095; x_wconf 83' lang='grc' dir='ltr'>πορνοϐοσκῷ</span> <span class='ocrx_word' id='word_1_669' title='bbox 3588 4037 3723 4095; x_wconf 83' lang='grc' dir='ltr'>πρα-</span> 
     </span>
    </p>
   </div>
   <div class='ocr_carea' id='block_1_87' title="bbox 2148 4110 3725 4187">
    <p class='ocr_par' dir='ltr' id='par_1_87' title="bbox 2148 4110 3725 4187">
     <span class='ocr_line' id='line_1_87' title="bbox 2148 4110 3725 4187; baseline -0.003 -18"><span class='ocrx_word' id='word_1_670' title='bbox 2148 4115 2303 4171; x_wconf 83' lang='grc' dir='ltr'>θεῖσα</span> <span class='ocrx_word' id='word_1_671' title='bbox 2332 4114 2468 4187; x_wconf 86' lang='grc' dir='ltr'>πρὺς</span> <span class='ocrx_word' id='word_1_672' title='bbox 2491 4115 2739 4186; x_wconf 79' lang='grc' dir='ltr'>ἀνάγκην</span> <span class='ocrx_word' id='word_1_673' title='bbox 2767 4114 2913 4167; x_wconf 70' lang='grc' dir='ltr'>ἐστὶν</span> <span class='ocrx_word' id='word_1_674' title='bbox 2934 4114 2993 4168; x_wconf 84' lang='grc' dir='ltr'>ὲν</span> <span class='ocrx_word' id='word_1_675' title='bbox 3024 4114 3089 4185; x_wconf 82' lang='grc' dir='ltr'>τῇ</span> <span class='ocrx_word' id='word_1_676' title='bbox 3123 4113 3366 4187; x_wconf 82' lang='grc' dir='ltr'>ἁμαρτίᾳ</span> <span class='ocrx_word' id='word_1_677' title='bbox 3385 4131 3399 4144; x_wconf 75' lang='grc' dir='ltr'><strong>ο</strong></span> <span class='ocrx_word' id='word_1_678' title='bbox 3423 4115 3457 4186; x_wconf 83' lang='grc' dir='ltr'><strong>ή</strong></span> <span class='ocrx_word' id='word_1_679' title='bbox 3486 4113 3543 4166; x_wconf 85' lang='grc' dir='ltr'>δὲ</span> <span class='ocrx_word' id='word_1_680' title='bbox 3571 4110 3725 4173; x_wconf 82' lang='grc' dir='ltr'>εὐθὺς</span> 
     </span>
    </p>
   </div>
   <div class='ocr_carea' id='block_1_88' title="bbox 2149 4204 3721 4278">
    <p class='ocr_par' dir='ltr' id='par_1_88' title="bbox 2149 4204 3721 4278">
     <span class='ocr_line' id='line_1_88' title="bbox 2149 4204 3721 4278; baseline -0.003 -15"><span class='ocrx_word' id='word_1_681' title='bbox 2149 4207 2364 4278; x_wconf 81' lang='grc' dir='ltr'>ἀγαθῆς</span> <span class='ocrx_word' id='word_1_682' title='bbox 2402 4205 2517 4278; x_wconf 70' lang='grc'><strong>(15)</strong></span> <span class='ocrx_word' id='word_1_683' title='bbox 2544 4205 2834 4277; x_wconf 86' lang='grc' dir='ltr'>δεσποίνης</span> <span class='ocrx_word' id='word_1_684' title='bbox 2874 4204 3210 4277; x_wconf 81' lang='grc' dir='ltr'>ὲπιτυχοῦσα</span> <span class='ocrx_word' id='word_1_685' title='bbox 3242 4206 3613 4277; x_wconf 68' lang='grc' dir='ltr'>ωνεξετράφη</span> <span class='ocrx_word' id='word_1_686' title='bbox 3661 4204 3721 4274; x_wconf 78' lang='grc' dir='ltr'><strong>τῇ</strong></span> 
     </span>
    </p>
   </div>
   <div class='ocr_carea' id='block_1_89' title="bbox 2149 4293 3723 4370">
    <p class='ocr_par' dir='ltr' id='par_1_89' title="bbox 2149 4293 3723 4370">
     <span class='ocr_line' id='line_1_89' title="bbox 2149 4293 3723 4370; baseline -0.003 -18"><span class='ocrx_word' id='word_1_687' title='bbox 2149 4297 2462 4370; x_wconf 84' lang='grc' dir='ltr'>παρθενίᾳ),</span> <span class='ocrx_word' id='word_1_688' title='bbox 2517 4296 2606 4351; x_wconf 84' lang='grc' dir='ltr'><strong>διὰ</strong></span> <span class='ocrx_word' id='word_1_689' title='bbox 2634 4297 2688 4350; x_wconf 91' lang='grc' dir='ltr'><strong>τί</strong></span> <span class='ocrx_word' id='word_1_690' title='bbox 2720 4295 2858 4369; x_wconf 79' lang='grc' dir='ltr'>αὕτη</span> <span class='ocrx_word' id='word_1_691' title='bbox 2910 4296 3007 4368; x_wconf 87' lang='grc' dir='ltr'>μὲν</span> <span class='ocrx_word' id='word_1_692' title='bbox 3044 4296 3410 4368; x_wconf 79' lang='grc' dir='ltr'>εὐηργετήθη,</span> <span class='ocrx_word' id='word_1_693' title='bbox 3458 4297 3641 4368; x_wconf 76' lang='grc' dir='ltr'>ἐκείνη</span> <span class='ocrx_word' id='word_1_694' title='bbox 3671 4293 3723 4347; x_wconf 78' lang='grc' dir='ltr'>δὲ</span> 
     </span>
    </p>
   </div>
   <div class='ocr_carea' id='block_1_90' title="bbox 2149 4383 3722 4462">
    <p class='ocr_par' dir='ltr' id='par_1_90' title="bbox 2149 4383 3722 4462">
     <span class='ocr_line' id='line_1_90' title="bbox 2149 4383 3722 4462; baseline -0.005 -16"><span class='ocrx_word' id='word_1_695' title='bbox 2149 4389 2511 4462; x_wconf 86' lang='grc' dir='ltr'>κατεδικάσθη</span> <span class='ocrx_word' id='word_1_696' title='bbox 2532 4406 2546 4420; x_wconf 85' lang='grc'><strong>·</strong></span> <span class='ocrx_word' id='word_1_697' title='bbox 2575 4389 2669 4445; x_wconf 72' lang='grc' dir='ltr'>καὶ</span> <span class='ocrx_word' id='word_1_698' title='bbox 2683 4389 2762 4453; x_wconf 82' lang='grc' dir='ltr'><strong>τίς</strong></span> <span class='ocrx_word' id='word_1_699' title='bbox 2785 4391 2818 4460; x_wconf 81' lang='grc' dir='ltr'><strong>η</strong></span> <span class='ocrx_word' id='word_1_700' title='bbox 2848 4390 2932 4458; x_wconf 74' lang='grc' dir='ltr'><strong>ἐφ’</strong></span> <span class='ocrx_word' id='word_1_701' title='bbox 2956 4388 3186 4442; x_wconf 77' lang='grc' dir='ltr'>ἑκάστου</span> <span class='ocrx_word' id='word_1_702' title='bbox 3218 4387 3328 4459; x_wconf 81' lang='grc'><strong>(16)</strong></span> <span class='ocrx_word' id='word_1_703' title='bbox 3352 4387 3557 4442; x_wconf 89' lang='grc' dir='ltr'>τούτων</span> <span class='ocrx_word' id='word_1_704' title='bbox 3584 4383 3722 4458; x_wconf 82' lang='grc' dir='ltr'><strong>παρά</strong></span> 
     </span>
    </p>
   </div>
   <div class='ocr_carea' id='block_1_91' title="bbox 478 4470 2047 4564">
    <p class='ocr_par' dir='ltr' id='par_1_91' title="bbox 478 4479 2047 4552">
     <span class='ocr_line' id='line_1_91' title="bbox 478 4479 2047 4552; baseline 0.001 -17"><span class='ocrx_word' id='word_1_705' title='bbox 478 4480 750 4540; x_wconf 72' lang='lat' dir='ltr'><strong>thesauris</strong></span> <span class='ocrx_word' id='word_1_706' title='bbox 778 4480 1035 4537; x_wconf 89' lang='lat' dir='ltr'><strong>conclusa</strong></span> <span class='ocrx_word' id='word_1_707' title='bbox 1070 4490 1216 4536; x_wconf 88' lang='lat' dir='ltr'><strong>sunt.</strong></span> <span class='ocrx_word' id='word_1_708' title='bbox 1259 4479 1365 4536; x_wconf 88' lang='lat' dir='ltr'><strong>Sed</strong></span> <span class='ocrx_word' id='word_1_709' title='bbox 1405 4490 1460 4535; x_wconf 93' lang='lat' dir='ltr'><strong>et</strong></span> <span class='ocrx_word' id='word_1_710' title='bbox 1492 4481 1730 4536; x_wconf 89' lang='lat' dir='ltr'><strong>credenti</strong></span> <span class='ocrx_word' id='word_1_711' title='bbox 1770 4481 1895 4535; x_wconf 89' lang='lat' dir='ltr'><strong>data</strong></span> <span class='ocrx_word' id='word_1_712' title='bbox 1926 4496 2047 4552; x_wconf 90' lang='lat' dir='ltr'><strong>pro-</strong></span> 
     </span>
    </p>
   </div>
   <div class='ocr_carea' id='block_1_92' title="bbox 2147 4470 3724 4564">
    <p class='ocr_par' dir='ltr' id='par_1_92' title="bbox 2153 4470 3724 4554">
     <span class='ocr_line' id='line_1_92' title="bbox 2153 4470 3724 4554; baseline -0.004 -18"><span class='ocrx_word' id='word_1_713' title='bbox 2153 4470 2248 4536; x_wconf 81' lang='grc' dir='ltr'><strong>τοῦ</strong></span> <span class='ocrx_word' id='word_1_714' title='bbox 2280 4480 2468 4554; x_wconf 82' lang='grc' dir='ltr'>κριτοῦ</span> <span class='ocrx_word' id='word_1_715' title='bbox 2509 4480 2868 4544; x_wconf 83' lang='grc' dir='ltr'>ἀνταπόδοσις</span> <span class='ocrx_word' id='word_1_716' title='bbox 2885 4497 2900 4511; x_wconf 75' lang='grc' dir='ltr'><strong>ο</strong></span> <span class='ocrx_word' id='word_1_717' title='bbox 2940 4478 3115 4534; x_wconf 88' lang='grc' dir='ltr'>ταῦτα</span> <span class='ocrx_word' id='word_1_718' title='bbox 3142 4478 3322 4536; x_wconf 87' lang='grc' dir='ltr'>πάντα</span> <span class='ocrx_word' id='word_1_719' title='bbox 3347 4479 3528 4536; x_wconf 86' lang='grc' dir='ltr'>λαϐὼν</span> <span class='ocrx_word' id='word_1_720' title='bbox 3547 4483 3627 4547; x_wconf 83' lang='grc' dir='ltr'><strong>είς</strong></span> <span class='ocrx_word' id='word_1_721' title='bbox 3654 4478 3724 4530; x_wconf 63' lang='grc' dir='ltr'><strong>ἕνα</strong></span> 
     </span>
    </p>
   </div>
   <div class='ocr_carea' id='block_1_93' title="bbox 477 4572 2048 4637">
    <p class='ocr_par' dir='ltr' id='par_1_93' title="bbox 477 4572 2048 4637">
     <span class='ocr_line' id='line_1_93' title="bbox 477 4572 2048 4637; baseline 0.001 -10"><span class='ocrx_word' id='word_1_722' title='bbox 477 4574 665 4628; x_wconf 88' lang='lat' dir='ltr'><strong>missio</strong></span> <span class='ocrx_word' id='word_1_723' title='bbox 701 4583 786 4628; x_wconf 91' lang='lat' dir='ltr'><strong>est</strong></span> <span class='ocrx_word' id='word_1_724' title='bbox 814 4588 845 4628; x_wconf 90' lang='lat' dir='ltr'><strong>a</strong></span> <span class='ocrx_word' id='word_1_725' title='bbox 888 4572 1018 4636; x_wconf 84' lang='lat' dir='ltr'><strong>Deo,</strong></span> <span class='ocrx_word' id='word_1_726' title='bbox 1052 4573 1322 4637; x_wconf 84' lang='lat' dir='ltr'><strong>videlicet,</strong></span> <span class='ocrx_word' id='word_1_727' title='bbox 1364 4573 1514 4628; x_wconf 83' lang='lat' dir='ltr'><strong>Dabo</strong></span> <span class='ocrx_word' id='word_1_728' title='bbox 1535 4573 1630 4628; x_wconf 83' lang='lat' dir='ltr'><strong>tibi</strong></span> <span class='ocrx_word' id='word_1_729' title='bbox 1656 4573 1927 4629; x_wconf 82' lang='lat' dir='ltr'><strong>thesauros</strong></span> <span class='ocrx_word' id='word_1_730' title='bbox 1952 4578 2048 4628; x_wconf 87' lang='lat' dir='ltr'><strong>ab-</strong></span> 
     </span>
    </p>
   </div>
   <div class='ocr_carea' id='block_1_94' title="bbox 475 4664 2053 4737">
    <p class='ocr_par' dir='ltr' id='par_1_94' title="bbox 475 4664 2053 4737">
     <span class='ocr_line' id='line_1_94' title="bbox 475 4664 2053 4737; baseline 0 -16"><span class='ocrx_word' id='word_1_731' title='bbox 475 4665 743 4721; x_wconf 75' lang='lat' dir='ltr'><strong>sconditos</strong></span> <span class='ocrx_word' id='word_1_732' title='bbox 764 4675 812 4720; x_wconf 80' lang='lat' dir='ltr'><strong>et</strong></span> <span class='ocrx_word' id='word_1_733' title='bbox 846 4664 1131 4720; x_wconf 73' lang='lat' dir='ltr'><strong>invisibiles</strong></span> <span class='ocrx_word' id='word_1_734' title='bbox 1157 4666 1225 4719; x_wconf 84' lang='lat'><strong>&quot;.</strong></span> <span class='ocrx_word' id='word_1_735' title='bbox 1268 4664 1561 4735; x_wconf 86' lang='lat' dir='ltr'><strong>Postquam</strong></span> <span class='ocrx_word' id='word_1_736' title='bbox 1594 4667 1756 4737; x_wconf 88' lang='lat' dir='ltr'><strong>igitur</strong></span> <span class='ocrx_word' id='word_1_737' title='bbox 1775 4680 1838 4720; x_wconf 90' lang='lat' dir='ltr'><strong>ea</strong></span> <span class='ocrx_word' id='word_1_738' title='bbox 1872 4667 2053 4736; x_wconf 81' lang='lat' dir='ltr'><strong>cogni-</strong></span> 
     </span>
    </p>
   </div>
   <div class='ocr_carea' id='block_1_95' title="bbox 478 4755 2048 4830">
    <p class='ocr_par' dir='ltr' id='par_1_95' title="bbox 478 4755 2048 4830">
     <span class='ocr_line' id='line_1_95' title="bbox 478 4755 2048 4830; baseline 0.001 -19"><span class='ocrx_word' id='word_1_739' title='bbox 478 4759 625 4815; x_wconf 90' lang='lat' dir='ltr'><strong>tione</strong></span> <span class='ocrx_word' id='word_1_740' title='bbox 649 4773 771 4830; x_wconf 67' lang='lat' dir='ltr'><strong>quae</strong></span> <span class='ocrx_word' id='word_1_741' title='bbox 793 4768 878 4814; x_wconf 90' lang='lat' dir='ltr'><strong>est</strong></span> <span class='ocrx_word' id='word_1_742' title='bbox 908 4759 1048 4815; x_wconf 75' lang='lat' dir='ltr'><strong>facie</strong></span> <span class='ocrx_word' id='word_1_743' title='bbox 1068 4757 1132 4812; x_wconf 90' lang='lat' dir='ltr'><strong>ad</strong></span> <span class='ocrx_word' id='word_1_744' title='bbox 1157 4755 1371 4825; x_wconf 85' lang='lat' dir='ltr'><strong>faciem,</strong></span> <span class='ocrx_word' id='word_1_745' title='bbox 1400 4758 1545 4827; x_wconf 89' lang='lat' dir='ltr'><strong>digni</strong></span> <span class='ocrx_word' id='word_1_746' title='bbox 1572 4756 1742 4812; x_wconf 87' lang='lat' dir='ltr'><strong>habiti</strong></span> <span class='ocrx_word' id='word_1_747' title='bbox 1766 4756 2048 4826; x_wconf 85' lang='lat' dir='ltr'><strong>fuerimus,</strong></span> 
     </span>
    </p>
   </div>
   <div class='ocr_carea' id='block_1_96' title="bbox 550 4975 1579 5044">
    <p class='ocr_par' dir='ltr' id='par_1_96' title="bbox 550 4975 1579 5044">
     <span class='ocr_line' id='line_1_96' title="bbox 550 4975 1579 5044; baseline 0 -13"><span class='ocrx_word' id='word_1_748' title='bbox 550 4976 596 5011; x_wconf 82' lang='lat'>&quot;</span> <span class='ocrx_word' id='word_1_749' title='bbox 626 4975 771 5032; x_wconf 85' lang='lat' dir='ltr'><strong>Psal.</strong></span> <span class='ocrx_word' id='word_1_750' title='bbox 811 4992 976 5044; x_wconf 85' lang='lat' dir='ltr'><strong>xxxv,</strong></span> <span class='ocrx_word' id='word_1_751' title='bbox 1018 4977 1072 5032; x_wconf 86' lang='lat'><strong>7.</strong></span> <span class='ocrx_word' id='word_1_752' title='bbox 1150 4976 1197 5009; x_wconf 84' lang='lat'>&quot;</span> <span class='ocrx_word' id='word_1_753' title='bbox 1233 4976 1337 5031; x_wconf 85' lang='lat' dir='ltr'><strong>lsa.</strong></span> <span class='ocrx_word' id='word_1_754' title='bbox 1367 4991 1494 5041; x_wconf 80' lang='lat' dir='ltr'><strong>va,</strong></span> <span class='ocrx_word' id='word_1_755' title='bbox 1525 4976 1579 5031; x_wconf 81' lang='lat'><strong>&#39;5.</strong></span> 
     </span>
    </p>
   </div>
   <div class='ocr_carea' id='block_1_97' title="bbox 555 5154 2056 5247">
    <p class='ocr_par' dir='ltr' id='par_1_97' title="bbox 555 5154 2056 5247">
     <span class='ocr_line' id='line_1_97' title="bbox 555 5154 2056 5247; baseline 0 0"><span class='ocrx_word' id='word_1_756' title='bbox 555 5159 669 5247; x_wconf 55' lang='grc' dir='ltr'><strong>ω’)</strong></span> <span class='ocrx_word' id='word_1_757' title='bbox 696 5154 2056 5247; x_wconf 47' lang='grc' dir='ltr'><strong>99¹¹³Ξτίί¹ῑῖεῊΪῘῙῙ¹¹¹ῐῖ¹ΗΨἫΞἕνατὶοἶὲξφθέᾶἷιζ</strong></span> 
     </span>
    </p>
   </div>
   <div class='ocr_carea' id='block_1_98' title="bbox 480 5225 2060 5300">
    <p class='ocr_par' dir='ltr' id='par_1_98' title="bbox 480 5225 2060 5300">
     <span class='ocr_line' id='line_1_98' title="bbox 480 5225 2060 5300; baseline -0.005 -11"><span class='ocrx_word' id='word_1_758' title='bbox 480 5225 624 5289; x_wconf 84' lang='lat' dir='ltr'><strong>Editi</strong></span> <span class='ocrx_word' id='word_1_759' title='bbox 651 5225 780 5285; x_wconf 73' lang='lat' dir='ltr'><strong>vero</strong></span> <span class='ocrx_word' id='word_1_760' title='bbox 825 5238 880 5284; x_wconf 90' lang='lat' dir='ltr'><strong>et</strong></span> <span class='ocrx_word' id='word_1_761' title='bbox 912 5225 1184 5300; x_wconf 10' lang='lat' dir='ltr'><strong>inlii’mss.</strong></span> <span class='ocrx_word' id='word_1_762' title='bbox 1210 5225 1675 5300; x_wconf 21' lang='grc' dir='ltr'>Αὲναποληφθέντι,</span> <span class='ocrx_word' id='word_1_763' title='bbox 1716 5227 1876 5300; x_wconf 78' lang='lat' dir='ltr'><strong>bene.</strong></span> <span class='ocrx_word' id='word_1_764' title='bbox 1939 5226 2060 5281; x_wconf 85' lang='lat' dir='ltr'><strong>Mox</strong></span> 
     </span>
    </p>
   </div>
   <div class='ocr_carea' id='block_1_99' title="bbox 481 5296 2066 5374">
    <p class='ocr_par' dir='ltr' id='par_1_99' title="bbox 481 5296 2066 5374">
     <span class='ocr_line' id='line_1_99' title="bbox 481 5296 2066 5374; baseline -0.005 -16"><span class='ocrx_word' id='word_1_765' title='bbox 481 5303 618 5374; x_wconf 79' lang='lat' dir='ltr'><strong>Reg.</strong></span> <span class='ocrx_word' id='word_1_766' title='bbox 680 5301 874 5374; x_wconf 82' lang='lat' dir='ltr'><strong>tertius</strong></span> <span class='ocrx_word' id='word_1_767' title='bbox 905 5297 1324 5374; x_wconf 75' lang='grc' dir='ltr'>ὲμφλεγμαίνει.</span> <span class='ocrx_word' id='word_1_768' title='bbox 1365 5296 1587 5374; x_wconf 27' lang='lat' dir='ltr'><strong>Nec;_i_ta</strong></span> <span class='ocrx_word' id='word_1_769' title='bbox 1632 5298 1955 5374; x_wconf 54' lang='lat' dir='ltr'><strong>mltltupust</strong></span> <span class='ocrx_word' id='word_1_770' title='bbox 1986 5312 2066 5351; x_wconf 83' lang='lat' dir='ltr'><strong>se.-</strong></span> 
     </span>
    </p>
   </div>
   <div class='ocr_carea' id='block_1_100' title="bbox 481 5366 2061 5443">
    <p class='ocr_par' dir='ltr' id='par_1_100' title="bbox 481 5366 2061 5443">
     <span class='ocr_line' id='line_1_100' title="bbox 481 5366 2061 5443; baseline -0.003 -18"><span class='ocrx_word' id='word_1_771' title='bbox 481 5366 626 5443; x_wconf 56' lang='lat' dir='ltr'><strong>pteiu</strong></span> <span class='ocrx_word' id='word_1_772' title='bbox 659 5386 792 5426; x_wconf 89' lang='lat' dir='ltr'><strong>mss.</strong></span> <span class='ocrx_word' id='word_1_773' title='bbox 828 5370 908 5432; x_wconf 88' lang='grc' dir='ltr'><strong>είς</strong></span> <span class='ocrx_word' id='word_1_774' title='bbox 943 5366 1713 5443; x_wconf 24' lang='grc' dir='ltr'>ταπεινὸνΑΔξιαταστέλλουσα.</span> <span class='ocrx_word' id='word_1_775' title='bbox 1756 5368 1897 5422; x_wconf 86' lang='lat' dir='ltr'><strong>Editi</strong></span> <span class='ocrx_word' id='word_1_776' title='bbox 1936 5382 2061 5422; x_wconf 88' lang='lat' dir='ltr'><strong>cum</strong></span> 
     </span>
    </p>
   </div>
   <div class='ocr_carea' id='block_1_101' title="bbox 481 5437 1827 5513">
    <p class='ocr_par' dir='ltr' id='par_1_101' title="bbox 481 5437 1827 5513">
     <span class='ocr_line' id='line_1_101' title="bbox 481 5437 1827 5513; baseline -0.001 -20"><span class='ocrx_word' id='word_1_777' title='bbox 481 5437 1433 5513; x_wconf 11' lang='grc' dir='ltr'>ἑιιιῆιηιεόοιηᾲηιεε.καταστέλλεται.</span> <span class='ocrx_word' id='word_1_778' title='bbox 1520 5507 1550 5513; x_wconf 84' lang='lat'>__</span> <span class='ocrx_word' id='word_1_779' title='bbox 1641 5508 1653 5513; x_wconf 85' lang='lat'>_</span> <span class='ocrx_word' id='word_1_780' title='bbox 1773 5500 1827 5513; x_wconf 29' lang='grc' dir='ltr'><strong>*η</strong></span> 
     </span>
    </p>
   </div>
   <div class='ocr_carea' id='block_1_102' title="bbox 556 5506 2059 5581">
    <p class='ocr_par' dir='ltr' id='par_1_102' title="bbox 556 5506 2059 5581">
     <span class='ocr_line' id='line_1_102' title="bbox 556 5506 2059 5581; baseline -0.003 -15"><span class='ocrx_word' id='word_1_781' title='bbox 556 5511 667 5581; x_wconf 82' lang='grc' dir='ltr'><strong>(Η)</strong></span> <span class='ocrx_word' id='word_1_782' title='bbox 716 5511 869 5566; x_wconf 87' lang='lat' dir='ltr'><strong>Colb.</strong></span> <span class='ocrx_word' id='word_1_783' title='bbox 918 5521 1142 5581; x_wconf 83' lang='lat' dir='ltr'><strong>quartus</strong></span> <span class='ocrx_word' id='word_1_784' title='bbox 1195 5509 1458 5581; x_wconf 80' lang='grc' dir='ltr'>εὕραμεν.</span> <span class='ocrx_word' id='word_1_785' title='bbox 1515 5507 1711 5565; x_wconf 85' lang='lat' dir='ltr'><strong>Statim</strong></span> <span class='ocrx_word' id='word_1_786' title='bbox 1764 5506 2059 5564; x_wconf 85' lang='lat' dir='ltr'><strong>COlbertiui</strong></span> 
     </span>
    </p>
   </div>
   <div class='ocr_carea' id='block_1_103' title="bbox 482 5580 1457 5652">
    <p class='ocr_par' dir='ltr' id='par_1_103' title="bbox 482 5580 1457 5652">
     <span class='ocr_line' id='line_1_103' title="bbox 482 5580 1457 5652; baseline -0.002 -17"><span class='ocrx_word' id='word_1_787' title='bbox 482 5580 691 5652; x_wconf 77' lang='lat' dir='ltr'><strong>primus</strong></span> <span class='ocrx_word' id='word_1_788' title='bbox 707 5591 783 5652; x_wconf 15' lang='lat' dir='ltr'><strong>iet</strong></span> <span class='ocrx_word' id='word_1_789' title='bbox 806 5592 1033 5650; x_wconf 85' lang='lat' dir='ltr'><strong>quartus</strong></span> <span class='ocrx_word' id='word_1_790' title='bbox 1060 5580 1136 5644; x_wconf 86' lang='grc' dir='ltr'>ὡς</span> <span class='ocrx_word' id='word_1_791' title='bbox 1168 5583 1248 5652; x_wconf 84' lang='grc' dir='ltr'><strong>είς</strong></span> <span class='ocrx_word' id='word_1_792' title='bbox 1266 5580 1457 5635; x_wconf 82' lang='grc' dir='ltr'>ἀσκόν.</span> 
     </span>
    </p>
   </div>
   <div class='ocr_carea' id='block_1_104' title="bbox 558 5647 2056 5720">
    <p class='ocr_par' dir='ltr' id='par_1_104' title="bbox 558 5647 2056 5720">
     <span class='ocr_line' id='line_1_104' title="bbox 558 5647 2056 5720; baseline -0.003 -16"><span class='ocrx_word' id='word_1_793' title='bbox 558 5650 668 5720; x_wconf 73' lang='grc'><strong>(12)</strong></span> <span class='ocrx_word' id='word_1_794' title='bbox 703 5647 839 5719; x_wconf 62' lang='lat' dir='ltr'><strong>Reg.</strong></span> <span class='ocrx_word' id='word_1_795' title='bbox 881 5654 1151 5706; x_wconf 87' lang='lat' dir='ltr'><strong>secundus</strong></span> <span class='ocrx_word' id='word_1_796' title='bbox 1182 5650 1237 5705; x_wconf 89' lang='lat' dir='ltr'><strong>in</strong></span> <span class='ocrx_word' id='word_1_797' title='bbox 1279 5659 1531 5705; x_wconf 82' lang='lat' dir='ltr'><strong>contextu</strong></span> <span class='ocrx_word' id='word_1_798' title='bbox 1566 5647 2056 5720; x_wconf 59' lang='lat' dir='ltr'><strong>€v65&amp;p£m,_cin-</strong></span> 
     </span>
    </p>
   </div>
   <div class='ocr_carea' id='block_1_105' title="bbox 485 5717 2058 5792">
    <p class='ocr_par' dir='ltr' id='par_1_105' title="bbox 485 5717 2058 5792">
     <span class='ocr_line' id='line_1_105' title="bbox 485 5717 2058 5792; baseline -0.002 -18"><span class='ocrx_word' id='word_1_799' title='bbox 485 5717 676 5777; x_wconf 73' lang='lat' dir='ltr'><strong>ctum.‘</strong></span> <span class='ocrx_word' id='word_1_800' title='bbox 720 5717 817 5776; x_wconf 87' lang='lat' dir='ltr'><strong>sed</strong></span> <span class='ocrx_word' id='word_1_801' title='bbox 857 5720 999 5776; x_wconf 88' lang='lat' dir='ltr'><strong>idem</strong></span> <span class='ocrx_word' id='word_1_802' title='bbox 1057 5722 1224 5777; x_wconf 84' lang='lat' dir='ltr'><strong>codex</strong></span> <span class='ocrx_word' id='word_1_803' title='bbox 1259 5720 1528 5792; x_wconf 81' lang='lat' dir='ltr'><strong>vulgatam</strong></span> <span class='ocrx_word' id='word_1_804' title='bbox 1571 5717 1881 5787; x_wconf 81' lang='lat' dir='ltr'><strong>lectionem,</strong></span> <span class='ocrx_word' id='word_1_805' title='bbox 1914 5717 2058 5773; x_wconf 77' lang='grc' dir='ltr'>ἐνδε-</span> 
     </span>
    </p>
   </div>
   <div class='ocr_carea' id='block_1_106' title="bbox 2155 4568 3719 4645">
    <p class='ocr_par' dir='ltr' id='par_1_106' title="bbox 2155 4568 3719 4645">
     <span class='ocr_line' id='line_1_106' title="bbox 2155 4568 3719 4645; baseline -0.004 -18"><span class='ocrx_word' id='word_1_806' title='bbox 2155 4589 2324 4638; x_wconf 87' lang='grc' dir='ltr'>νοιαν,</span> <span class='ocrx_word' id='word_1_807' title='bbox 2360 4570 2715 4643; x_wconf 72' lang='grc' dir='ltr'>ἐνθυμήθητι,</span> <span class='ocrx_word' id='word_1_808' title='bbox 2741 4572 2823 4625; x_wconf 81' lang='grc' dir='ltr'>ὅτι</span> <span class='ocrx_word' id='word_1_809' title='bbox 2854 4570 3089 4637; x_wconf 83' lang='grc' dir='ltr'>ἄϐυσσός</span> <span class='ocrx_word' id='word_1_810' title='bbox 3116 4573 3232 4626; x_wconf 77' lang='grc' dir='ltr'>ἐστι</span> <span class='ocrx_word' id='word_1_811' title='bbox 3269 4573 3339 4627; x_wconf 87' lang='grc' dir='ltr'>τὰ</span> <span class='ocrx_word' id='word_1_812' title='bbox 3364 4574 3606 4645; x_wconf 86' lang='grc' dir='ltr'>κρίματα</span> <span class='ocrx_word' id='word_1_813' title='bbox 3635 4568 3719 4625; x_wconf 85' lang='grc' dir='ltr'><strong>τοῦ</strong></span> 
     </span>
    </p>
   </div>
   <div class='ocr_carea' id='block_1_107' title="bbox 2155 4661 3724 4736">
    <p class='ocr_par' dir='ltr' id='par_1_107' title="bbox 2155 4661 3724 4736">
     <span class='ocr_line' id='line_1_107' title="bbox 2155 4661 3724 4736; baseline 0 -19"><span class='ocrx_word' id='word_1_814' title='bbox 2155 4663 2314 4728; x_wconf 85' lang='grc' dir='ltr'>Θεοῦ,</span> <span class='ocrx_word' id='word_1_815' title='bbox 2350 4663 2445 4718; x_wconf 77' lang='grc' dir='ltr'><strong>καὶ</strong></span> <span class='ocrx_word' id='word_1_816' title='bbox 2504 4662 2583 4734; x_wconf 83' lang='grc' dir='ltr'><strong>τῷ</strong></span> <span class='ocrx_word' id='word_1_817' title='bbox 2626 4664 2739 4727; x_wconf 86' lang='grc' dir='ltr'>τοῖς</span> <span class='ocrx_word' id='word_1_818' title='bbox 2788 4661 3079 4736; x_wconf 83' lang='grc' dir='ltr'>θησαυροῖς</span> <span class='ocrx_word' id='word_1_819' title='bbox 3109 4666 3223 4728; x_wconf 83' lang='grc' dir='ltr'>τοῖς</span> <span class='ocrx_word' id='word_1_820' title='bbox 3270 4663 3434 4730; x_wconf 82' lang='grc' dir='ltr'>θείοις</span> <span class='ocrx_word' id='word_1_821' title='bbox 3481 4668 3724 4720; x_wconf 73' lang='grc' dir='ltr'>ἐναποκε-</span> 
     </span>
    </p>
   </div>
   <div class='ocr_carea' id='block_1_108' title="bbox 2158 4752 3719 4829">
    <p class='ocr_par' dir='ltr' id='par_1_108' title="bbox 2158 4752 3719 4829">
     <span class='ocr_line' id='line_1_108' title="bbox 2158 4752 3719 4829; baseline -0.001 -18"><span class='ocrx_word' id='word_1_822' title='bbox 2158 4755 2422 4824; x_wconf 87' lang='grc' dir='ltr'>κλεῖσθαι,</span> <span class='ocrx_word' id='word_1_823' title='bbox 2454 4755 2555 4811; x_wconf 84' lang='grc' dir='ltr'>οὐκ</span> <span class='ocrx_word' id='word_1_824' title='bbox 2585 4752 2829 4827; x_wconf 71' lang='grc' dir='ltr'>εὔληπτα</span> <span class='ocrx_word' id='word_1_825' title='bbox 2852 4758 2963 4821; x_wconf 81' lang='grc' dir='ltr'>τοῖς</span> <span class='ocrx_word' id='word_1_826' title='bbox 2984 4755 3229 4829; x_wconf 83' lang='grc' dir='ltr'>τυχοῦσι.</span> <span class='ocrx_word' id='word_1_827' title='bbox 3252 4756 3365 4813; x_wconf 76' lang='grc' dir='ltr'><strong>Καὶ</strong></span> <span class='ocrx_word' id='word_1_828' title='bbox 3400 4757 3479 4829; x_wconf 82' lang='grc' dir='ltr'>τῷ</span> <span class='ocrx_word' id='word_1_829' title='bbox 3510 4753 3719 4813; x_wconf 81' lang='grc' dir='ltr'>πιστεύ-</span> 
     </span>
    </p>
   </div>
   <div class='ocr_carea' id='block_1_109' title="bbox 2159 5151 3253 5225">
    <p class='ocr_par' dir='ltr' id='par_1_109' title="bbox 2159 5151 3253 5225">
     <span class='ocr_line' id='line_1_109' title="bbox 2159 5151 3253 5225; baseline 0.002 -17"><span class='ocrx_word' id='word_1_830' title='bbox 2159 5151 2639 5225; x_wconf 46' lang='grc' dir='ltr'>δυμένηι-ρνωίοτι</span> <span class='ocrx_word' id='word_1_831' title='bbox 2669 5168 2885 5224; x_wconf 85' lang='lat' dir='ltr'><strong>quoque</strong></span> <span class='ocrx_word' id='word_1_832' title='bbox 2905 5154 2960 5208; x_wconf 87' lang='lat' dir='ltr'><strong>in</strong></span> <span class='ocrx_word' id='word_1_833' title='bbox 2988 5156 3253 5221; x_wconf 85' lang='lat' dir='ltr'><strong>margine.</strong></span> 
     </span>
    </p>
   </div>
   <div class='ocr_carea' id='block_1_110' title="bbox 2258 5222 3657 5299">
    <p class='ocr_par' dir='ltr' id='par_1_110' title="bbox 2258 5222 3657 5299">
     <span class='ocr_line' id='line_1_110' title="bbox 2258 5222 3657 5299; baseline 0.004 -25"><span class='ocrx_word' id='word_1_834' title='bbox 2258 5222 2630 5299; x_wconf 50' lang='lat' dir='ltr'><strong>ﬁlljonnulli</strong></span> <span class='ocrx_word' id='word_1_835' title='bbox 2656 5222 3201 5299; x_wconf 51' lang='grc' dir='ltr'>ειιεεςξοίκονομεῖται.</span> <span class='ocrx_word' id='word_1_836' title='bbox 3241 5225 3348 5280; x_wconf 85' lang='lat' dir='ltr'><strong>Alii</strong></span> <span class='ocrx_word' id='word_1_837' title='bbox 3373 5227 3657 5299; x_wconf 72' lang='grc' dir='ltr'>οἰκονομεῖ.</span> 
     </span>
    </p>
   </div>
   <div class='ocr_carea' id='block_1_111' title="bbox 2261 5294 3715 5365">
    <p class='ocr_par' dir='ltr' id='par_1_111' title="bbox 2261 5294 3715 5365">
     <span class='ocr_line' id='line_1_111' title="bbox 2261 5294 3715 5365; baseline 0.001 -18"><span class='ocrx_word' id='word_1_838' title='bbox 2261 5294 2346 5365; x_wconf 75' lang='grc'><strong>14)</strong></span> <span class='ocrx_word' id='word_1_839' title='bbox 2382 5294 2523 5365; x_wconf 81' lang='lat' dir='ltr'><strong>Editi</strong></span> <span class='ocrx_word' id='word_1_840' title='bbox 2554 5305 2610 5347; x_wconf 91' lang='lat' dir='ltr'><strong>et</strong></span> <span class='ocrx_word' id='word_1_841' title='bbox 2655 5294 2805 5365; x_wconf 85' lang='lat' dir='ltr'><strong>Regii</strong></span> <span class='ocrx_word' id='word_1_842' title='bbox 2859 5294 3085 5363; x_wconf 85' lang='lat' dir='ltr'><strong>quartus</strong></span> <span class='ocrx_word' id='word_1_843' title='bbox 3112 5304 3167 5350; x_wconf 91' lang='lat' dir='ltr'><strong>et</strong></span> <span class='ocrx_word' id='word_1_844' title='bbox 3212 5306 3399 5350; x_wconf 81' lang='lat' dir='ltr'><strong>sextus</strong></span> <span class='ocrx_word' id='word_1_845' title='bbox 3424 5294 3715 5351; x_wconf 64' lang='lat' dir='ltr'><strong>cum&#39;tiolb.</strong></span> 
     </span>
    </p>
   </div>
   <div class='ocr_carea' id='block_1_112' title="bbox 2161 5363 3718 5437">
    <p class='ocr_par' dir='ltr' id='par_1_112' title="bbox 2161 5363 3718 5437">
     <span class='ocr_line' id='line_1_112' title="bbox 2161 5363 3718 5437; baseline 0.001 -19"><span class='ocrx_word' id='word_1_846' title='bbox 2161 5363 2391 5437; x_wconf 81' lang='lat' dir='ltr'><strong>septimo</strong></span> <span class='ocrx_word' id='word_1_847' title='bbox 2423 5363 2480 5417; x_wconf 81' lang='grc' dir='ltr'>αἱ</span> <span class='ocrx_word' id='word_1_848' title='bbox 2518 5363 2757 5437; x_wconf 19' lang='lat' dir='ltr'><strong>quéput&#39;</strong></span> <span class='ocrx_word' id='word_1_849' title='bbox 2774 5367 2875 5437; x_wconf 84' lang='grc' dir='ltr'>τῆς</span> <span class='ocrx_word' id='word_1_850' title='bbox 2904 5366 3224 5437; x_wconf 78' lang='grc' dir='ltr'>παροικίας</span> <span class='ocrx_word' id='word_1_851' title='bbox 3256 5380 3270 5396; x_wconf 84' lang='grc'>⁶</span> <span class='ocrx_word' id='word_1_852' title='bbox 3301 5367 3397 5422; x_wconf 81' lang='lat' dir='ltr'><strong>sed</strong></span> <span class='ocrx_word' id='word_1_853' title='bbox 3454 5367 3602 5434; x_wconf 87' lang='lat' dir='ltr'><strong>illud,</strong></span> <span class='ocrx_word' id='word_1_854' title='bbox 3631 5366 3718 5437; x_wconf 84' lang='grc' dir='ltr'>τῆς</span> 
     </span>
    </p>
   </div>
   <div class='ocr_carea' id='block_1_113' title="bbox 2162 5433 3106 5506">
    <p class='ocr_par' dir='ltr' id='par_1_113' title="bbox 2162 5433 3106 5506">
     <span class='ocr_line' id='line_1_113' title="bbox 2162 5433 3106 5506; baseline 0.002 -19"><span class='ocrx_word' id='word_1_855' title='bbox 2162 5433 2471 5506; x_wconf 76' lang='grc' dir='ltr'>παροικίας,</span> <span class='ocrx_word' id='word_1_856' title='bbox 2486 5433 2661 5506; x_wconf 75' lang='lat' dir='ltr'><strong>deest</strong></span> <span class='ocrx_word' id='word_1_857' title='bbox 2687 5436 2740 5488; x_wconf 90' lang='lat' dir='ltr'><strong>in</strong></span> <span class='ocrx_word' id='word_1_858' title='bbox 2766 5433 2947 5506; x_wconf 73' lang='lat' dir='ltr'><strong>multis</strong></span> <span class='ocrx_word' id='word_1_859' title='bbox 2977 5433 3106 5506; x_wconf 62' lang='lat' dir='ltr'><strong>nius.</strong></span> 
     </span>
    </p>
   </div>
   <div class='ocr_carea' id='block_1_114' title="bbox 2237 5502 3721 5578">
    <p class='ocr_par' dir='ltr' id='par_1_114' title="bbox 2237 5502 3721 5578">
     <span class='ocr_line' id='line_1_114' title="bbox 2237 5502 3721 5578; baseline 0.001 -20"><span class='ocrx_word' id='word_1_860' title='bbox 2237 5502 2350 5575; x_wconf 80' lang='grc'><strong>(15)</strong></span> <span class='ocrx_word' id='word_1_861' title='bbox 2386 5502 2538 5578; x_wconf 82' lang='lat' dir='ltr'><strong>Colb.</strong></span> <span class='ocrx_word' id='word_1_862' title='bbox 2571 5515 2800 5574; x_wconf 88' lang='lat' dir='ltr'><strong>quartus</strong></span> <span class='ocrx_word' id='word_1_863' title='bbox 2828 5508 2860 5575; x_wconf 85' lang='grc' dir='ltr'><strong>ἡ</strong></span> <span class='ocrx_word' id='word_1_864' title='bbox 2898 5504 2956 5578; x_wconf 84' lang='grc' dir='ltr'>δὲ</span> <span class='ocrx_word' id='word_1_865' title='bbox 2983 5505 3181 5578; x_wconf 77' lang='grc' dir='ltr'>ὁδηγοῦ</span> <span class='ocrx_word' id='word_1_866' title='bbox 3214 5505 3447 5576; x_wconf 81' lang='grc' dir='ltr'>ἀγαθῆς,</span> <span class='ocrx_word' id='word_1_867' title='bbox 3487 5517 3615 5574; x_wconf 90' lang='lat' dir='ltr'><strong>etc.,</strong></span> <span class='ocrx_word' id='word_1_868' title='bbox 3645 5523 3721 5561; x_wconf 79' lang='lat' dir='ltr'><strong>na-</strong></span> 
     </span>
    </p>
   </div>
   <div class='ocr_carea' id='block_1_115' title="bbox 2165 5575 3503 5644">
    <p class='ocr_par' dir='ltr' id='par_1_115' title="bbox 2165 5575 3503 5644">
     <span class='ocr_line' id='line_1_115' title="bbox 2165 5575 3503 5644; baseline 0.004 -16"><span class='ocrx_word' id='word_1_869' title='bbox 2165 5584 2247 5629; x_wconf 87' lang='lat' dir='ltr'><strong>cta</strong></span> <span class='ocrx_word' id='word_1_870' title='bbox 2286 5577 2466 5627; x_wconf 72' lang='lat' dir='ltr'><strong>lteram</strong></span> <span class='ocrx_word' id='word_1_871' title='bbox 2492 5575 2700 5633; x_wconf 81' lang='lat' dir='ltr'><strong>bonam.</strong></span> <span class='ocrx_word' id='word_1_872' title='bbox 2726 5591 2843 5644; x_wconf 74' lang='lat' dir='ltr'><strong>qua:</strong></span> <span class='ocrx_word' id='word_1_873' title='bbox 2874 5576 3006 5628; x_wconf 84' lang='lat' dir='ltr'><strong>viam</strong></span> <span class='ocrx_word' id='word_1_874' title='bbox 3040 5575 3503 5633; x_wconf 66' lang='lat' dir='ltr'><strong>commortui-nbat.</strong></span> 
     </span>
    </p>
   </div>
   <div class='ocr_carea' id='block_1_116' title="bbox 2164 5643 3716 5785">
    <p class='ocr_par' dir='ltr' id='par_1_116' title="bbox 2164 5643 3716 5785">
     <span class='ocr_line' id='line_1_116' title="bbox 2231 5643 3716 5770; baseline 0.002 -73"><span class='ocrx_word' id='word_1_875' title='bbox 2231 5643 2349 5770; x_wconf 69' lang='grc' dir='ltr'><strong>ί(16)</strong></span> <span class='ocrx_word' id='word_1_876' title='bbox 2371 5644 2597 5699; x_wconf 87' lang='lat' dir='ltr'><strong>Codices</strong></span> <span class='ocrx_word' id='word_1_877' title='bbox 2620 5643 2857 5700; x_wconf 83' lang='lat' dir='ltr'><strong>nonnulli</strong></span> <span class='ocrx_word' id='word_1_878' title='bbox 2879 5646 2964 5713; x_wconf 78' lang='grc' dir='ltr'><strong>ἐφ’</strong></span> <span class='ocrx_word' id='word_1_879' title='bbox 2994 5647 3230 5718; x_wconf 79' lang='grc' dir='ltr'>ἑκάστῳ.</span> <span class='ocrx_word' id='word_1_880' title='bbox 3252 5646 3355 5701; x_wconf 82' lang='lat' dir='ltr'><strong>Alii</strong></span> <span class='ocrx_word' id='word_1_881' title='bbox 3382 5650 3465 5720; x_wconf 78' lang='grc' dir='ltr'><strong>ἐφ’</strong></span> <span class='ocrx_word' id='word_1_882' title='bbox 3483 5649 3716 5706; x_wconf 78' lang='grc' dir='ltr'>ἑκάστου.</span> 
     </span>
     <span class='ocr_line' id='line_1_117' title="bbox 2164 5714 3346 5785; baseline -0.001 -13"><span class='ocrx_word' id='word_1_883' title='bbox 2164 5716 2223 5772; x_wconf 82' lang='lat' dir='ltr'><strong>In</strong></span> <span class='ocrx_word' id='word_1_884' title='bbox 2252 5732 2309 5771; x_wconf 81' lang='lat' dir='ltr'><strong>ra</strong></span> <span class='ocrx_word' id='word_1_885' title='bbox 2337 5714 2468 5785; x_wconf 86' lang='lat' dir='ltr'><strong>Reg.</strong></span> <span class='ocrx_word' id='word_1_886' title='bbox 2503 5715 2774 5773; x_wconf 87' lang='lat' dir='ltr'><strong>secundus</strong></span> <span class='ocrx_word' id='word_1_887' title='bbox 2796 5716 3098 5785; x_wconf 69' lang='grc' dir='ltr'>ἐπαγγελία</span> <span class='ocrx_word' id='word_1_888' title='bbox 3128 5717 3346 5772; x_wconf 88' lang='grc' dir='ltr'>δίδοται.</span> 
     </span>
    </p>
   </div>
  </div>
