4048 6220
326 350 430 405 5'57

1453 354 1735 411 HORRLIA
1779 357 1846 412 ΙΝ
1887 357 2220 418 PSALMUM
2256 362 2473 420 XXXII.

3462 372 3567 429 358

325 479 434 514 οντι
461 461 515 515 δὲ
536 460 835 530 ἐπαγγελία
865 460 1073 518 δέδοται
1107 465 1256 537 παρὰ
1276 466 1435 531 Θεοῦ,
1469 470 1552 522 ὅτι
1584 468 1760 523 Δώσω
1793 486 1891 524 σοι

2008 474 2169 527 etiam
2210 489 2303 530 eas
2342 493 2461 545 quae
2484 478 2536 531 in
2570 478 2660 533 Dei
2695 480 2960 536 thesauris
2995 491 3119 537 sunt
3142 481 3365 552 abyssos
3395 481 3567 535 intue-

326 551 666 619 θησαυροὺς
707 554 1116 623 ἀποκρύφους,
1162 557 1476 625 ἀοράτους.
1531 561 1776 614 Ἐπειδὰν
1807 557 1899 615 οὖν

328 639 747 711 καταξιωθῶμεν
793 642 891 712 τῆς
939 643 1226 713 πρόσωπον
1268 647 1403 717 πρὸς
1442 648 1732 717 πρόσωπον
1760 650 1895 717 γνώ·

327 746 483 795 σεως,
515 730 757 800 ὀψόμεθα
804 732 897 785 καὶ
938 733 1035 795 τὰς
1077 734 1135 785 ὲν
1177 738 1287 797 τοῖς
1313 736 1599 807 θησαυροῖς
1635 737 1730 790 τοῦ
1763 739 1897 793 Θεοῦ

325 819 612 883 ἀϐύσσους.
648 822 904 890 Συνάγων
948 824 1003 876 δὲ
1041 823 1110 877 τὰ
1143 826 1200 877 ἐν
1231 829 1297 897 τῇ
1336 828 1374 878 Γ
1382 831 1523 898 ραφῇ
1559 830 1687 899 περὶ
1715 830 1898 885 ἀσκῶν

326 915 441 983 είρη
452 915 606 983 μένα,
632 916 829 985 μᾶλλον
856 918 1059 990 γενήσῃ
1093 921 1149 971 ὲν
1176 921 1418 992 περινοίᾳ
1442 921 1534 973 τοῦ
1562 922 1897 993 βουλήματος

324 1004 415 1057 τοῦ
445 1008 780 1077 προςρητικοῦ
810 1009 941 1077 (17).
972 1012 1034 1062 Oi
1065 1011 1160 1080 μὲν
1182 1008 1273 1064 οῦν
1299 1013 1745 1083 ἀνακαινούμενοι
1771 1016 1897 1085 ἡμέ-

327 1114 397 1167 ρᾳ
426 1099 519 1150 καὶ
557 1100 757 1171 ἡμέρᾳ,
790 1101 882 1153 καὶ
906 1102 995 1153 τὸν
1019 1103 1201 1155 καινὸν
1226 1099 1365 1155 οἶνον
1393 1104 1500 1156 ἀπὸ
1525 1105 1624 1174 τῆς
1653 1106 1895 1175 ἀμπέλου

323 1188 706 1262 τῆςαὰληθινῆς
738 1192 1057 1263 χωροῦντες,
1087 1194 1244 1246 ἀσκοὶ
1284 1190 1424 1248 εἶναι
1451 1195 1698 1262 λέγονται
1732 1196 1787 1248 ἐν
1818 1196 1896 1266 τῷ

325 1280 639 1350 Εὑαγγελίῳ
660 1280 832 1334 καινοί
857 1298 870 1312 ·
903 1284 951 1334 οἱ
982 1283 1037 1335 δὲ
1061 1283 1284 1351 μηδέπω
1310 1283 1400 1336 τὸν
1426 1284 1651 1337 παλαιὸν
1690 1284 1897 1356 ἄνθρω-

325 1390 426 1426 πον
454 1372 772 1443 ἀποθέμενοι
801 1374 957 1426 ἀσκοί
978 1377 1081 1427 εἱσι
1118 1375 1353 1438 παλαιοὶ,
1386 1375 1460 1445 μὴ
1484 1377 1769 1446 δυνάμενοι
1807 1394 1897 1431 πι-

326 1462 610 1516 στεύεσθαι
648 1466 746 1534 τὴν
781 1464 1045 1535 ὑποδοχὴν
1083 1465 1174 1518 τοῦ
1211 1466 1329 1518 νέου
1358 1467 1522 1519 οἴνου.
1570 1467 1757 1530 Οὐδεὶς
1787 1468 1894 1539 γὰρ

327 1554 507 1624 βάλλει
536 1551 673 1607 οἶνον
703 1554 819 1607 νέον
860 1558 939 1619 είς
976 1556 1177 1619 ἀσκοὺς
1203 1556 1483 1621 παλαιοὺς,
1521 1558 1605 1609 ἵνα
1642 1559 1714 1628 μὴ
1745 1560 1840 1611 καὶ
1867 1561 1896 1612 ό

322 1639 464 1705 οἶνος
513 1642 711 1714 ἐκχυθῇ
746 1643 877 1713 (18),
920 1643 1014 1695 καὶ¹
1043 1644 1218 1714 πάντη
1250 1644 1559 1698 ἀπόλωνται
1599 1648 1794 1699 ἐκεῖνοι
1843 1647 1892 1698 οἱ

322 1734 501 1798 ἀσκοὶ,
539 1736 790 1806 οὐδεμιᾶς
837 1736 1142 1805 ἀξιούμενοι
1183 1738 1512 1808 συγγνώμης
1544 1736 1644 1802 ἔτι,
1682 1738 1775 1792 ἐὰν
1803 1739 1893 1791 τὸν

2001 564 2198 619 bimur.
2229 568 2380 633 Quod
2402 568 2448 622 si
2473 584 2534 622 ea
2563 584 2680 637 qua:
2711 572 2762 623 in
2787 570 3064 641 Scriptura
3091 572 3157 625 de
3183 571 3391 625 utribus
3421 572 3561 624 dicta

1999 666 2143 721 Sttnl,
2172 658 2471 725 collegeris,
2505 660 2828 726 prophetica:
2851 663 3131 715 sententiae
3152 660 3559 730 intelligentiam

2000 747 2171 814 magis
2204 750 2527 814 assequeris.
2562 748 2661 814 Qui
2709 751 2872 818 igitur
2915 752 2981 805 de
3015 752 3099 805 die
3150 752 3202 804 in
3236 753 3373 805 diem
3411 766 3561 806 reuo-

1997 847 2214 898 vantur,
2246 845 2301 889 et
2322 836 2503 888 vinum
2536 851 2728 902 novum
2753 853 2779 889 a
2804 852 2931 889 vera
2961 838 3065 891 vite
3094 837 3378 905 accipiunt,
3414 846 3561 891 utres

1998 928 2118 978 novi
2144 942 2262 981 esse
2302 929 2353 979 in
2387 927 2676 995 Evangelio
2712 929 2981 982 dicuntur.
3024 930 3125 996 Qui
3172 944 3302 983 vero
3327 929 3558 982 nondum

2000 1027 2233 1071 veterem
2277 1019 2547 1072 hominem
2598 1030 2884 1081 exuerunt,
2947 1030 3073 1074 sunt
3136 1028 3349 1075 veteres
3381 1029 3553 1083 utres,

1997 1110 2191 1174 quibus
2241 1109 2562 1178 suscipiendi
2603 1110 2711 1163 vini
2770 1112 2891 1163 novi
2925 1110 3150 1165 facultas
3193 1112 3413 1164 concedi
3451 1126 3554 1164 non

1998 1210 2196 1267 potest.
2232 1199 2401 1255 Nemo
2454 1202 2597 1254 enim
2650 1201 3022 1255 mittitvinum
3073 1217 3266 1254 novum
3312 1202 3364 1255 in
3411 1211 3560 1256 utres

1997 1304 2224 1356 veteres,
2251 1302 2309 1345 ut
2335 1308 2401 1346 ne
2434 1302 2485 1345 et
2517 1294 2699 1345 vinum
2737 1291 3062 1357 effundatur,
3109 1303 3164 1347 et
3191 1294 3265 1347 illi
3295 1302 3442 1347 utres
3468 1309 3559 1361 pe-

1997 1379 2142 1433 nitus
2187 1390 2409 1447 pereant
2435 1381 2505 1445 ⁷³,
2558 1381 2759 1435 nullam
2793 1382 3022 1451 amplius
3053 1382 3260 1436 veniam
3300 1396 3559 1435 consecu-

1998 1473 2143 1536 turi,
2213 1472 2258 1526 si
2330 1472 2527 1526 bonum
2595 1488 2658 1527 ac
2710 1488 2905 1526 novum
2967 1474 3149 1527 vinum
3201 1472 3553 1526 ineﬂ'undant.

1996 1563 2201 1616 Novum
2258 1563 2401 1617 enim
2440 1564 2621 1617 viuum
2655 1564 2709 1618 in
2733 1572 2883 1619 utres
2906 1580 3079 1621 novos
3103 1571 3188 1620 est
3216 1565 3555 1619 mittendum.

1997 1652 2190 1706 Vinum
2214 1654 2355 1719 quod
2404 1667 2597 1705 novum
2631 1668 2694 1704 ac
2730 1652 3005 1721 spirituate
3051 1654 3142 1717 sit,
3171 1654 3420 1722 quodque
3446 1652 3559 1723 Spi-

2001 1739 2101 1791 ritu
2127 1749 2315 1793 sancto
2346 1737 2568 1801 ferveat,
2598 1740 2766 1807 ipsam
2798 1740 3049 1795 videlicet
3080 1742 3328 1795 veritatis
3359 1741 3559 1797 intelli-

322 1824 482 1878 καλὸν
514 1828 607 1879 καὶ
635 1827 817 1880 καινὸν
860 1827 1119 1897 ἐκχέωσιν
1156 1823 1314 1881 οἶνον.
1371 1825 1523 1881 Οἶνον
1562 1829 1668 1899 γάρ
1708 1831 1891 1882 καινὸν

2003 1830 2222 1898 gentiam
2252 1844 2524 1898 nunquam
2565 1840 3012 1896 veterascetttem,
3050 1832 3100 1884 in
3149 1845 3343 1886 novum
3386 1832 3558 1886 homi-

320 1919 402 1980 είς
462 1918 663 1981 ἀσκοὺς
708 1918 924 1981 καινοὺς
972 1916 1211 1987 βλητέον.
1253 1918 1353 1969 Τὸν
1383 1917 1565 1970 καινὸν
1600 1920 1692 1970 καὶ
1728 1936 1891 1972 πνευ-

324 2009 549 2077 ματικὸν
601 2004 761 2071 οἶνον,
818 2009 909 2061 καὶ
971 2007 1049 2077 τῷ
1114 2008 1387 2079 Πνεύματι
1443 2007 1521 2078 τῷ
1568 2009 1705 2079 ἁγίῳ
1749 2008 1894 2072 ζέον-

319 2117 408 2162 τα,
442 2099 534 2153 τὸν
580 2099 848 2170 μηδέποτε
896 2098 1287 2168 παλαιούμενον
1334 2099 1433 2168 τῆς
1481 2099 1736 2168 ἀληθείας
1770 2100 1892 2154 νοῦν

1999 1935 2118 1974 nem
2148 1921 2360 1974 mittere
2405 1936 2579 1990 operae
2619 1922 2845 1989 pretium
2874 1931 2994 1986 est;
3026 1924 3140 1991 qui,
3168 1924 3309 1991 quod
3350 1935 3562 1991 semper

1997 2012 2465 2066 mortiﬁcationem
2501 2010 2624 2066 Jesu
2652 2014 2701 2065 in
2733 2029 2961 2083 corpore
2990 2015 3301 2071 circumfert
3329 2016 3395 2082 ⁷⁸,
3442 2026 3564 2070 uter

1995 2119 2167 2159 novus
2217 2105 2323 2158 dici
2354 2106 2546 2157 merito
2578 2114 2770 2172 potest.

319 2198 399 2259 εἰς
464 2196 557 2248 τὸν
615 2195 797 2247 καινὸν
861 2194 1146 2265 ἄνθρωπον
1205 2193 1466 2263 βλητέονο
1537 2194 1628 2260 ὃς,
1692 2194 1779 2248 διὰ
1837 2197 1899 2250 τὸ
1971 2200 2200 2254 πάντοτε
2257 2199 2357 2269 τὴν
2416 2198 2680 2270 νέκρωσιν
2738 2198 2832 2253 τοῦ
2912 2198 3084 2271 Ἰησοῦ
3142 2203 3201 2255 ὲν
3254 2198 3330 2271 τῷ
3379 2200 3564 2272 σώμα-

318 2306 372 2342 τι
415 2286 748 2358 περιφέρειν,
812 2286 977 2348 ἀσκὸς
1024 2285 1089 2339 ἂν
1134 2286 1342 2354 λέγοιτο
1394 2282 1532 2339 εἶναι
1590 2288 1773 2351 καινὸς
1818 2289 2062 2355 δικαίως.

388 2379 441 2435 6.
473 2378 783 2446 Φοϐηθήτω
804 2380 910 2431 τὸν
935 2380 1151 2446 Κύριον
1175 2377 1343 2433 πᾶσα
1372 2381 1408 2447 ἡ
1439 2379 1513 2449 γῆ
1534 2397 1547 2410 ·
1579 2381 1677 2433 ἀπ’
1709 2382 1894 2435 αὑτοῦ

2061 2386 2116 2440 6.
2148 2384 2315 2439 Vens.
2350 2387 2402 2440 8.
2435 2385 2636 2439 Timent
2682 2386 2962 2439 Dominum
2996 2388 3165 2439 omnis
3196 2396 3336 2440 terra
3360 2402 3380 2441 :
3411 2386 3475 2439 ab
3503 2401 3563 2440 eo

319 2469 387 2523 δὲ
432 2470 902 2535 σαλευθήτωσιιν
964 2469 1190 2535 πάντες
1232 2475 1283 2523 οἱ
1310 2472 1725 2538 κατοικοῦντες
1778 2474 1892 2540 τὴν

2003 2485 2165 2529 autem
2224 2487 2649 2529 commoveantur
2706 2492 2883 2529 omnes
2946 2476 3301 2530 inhabitantes
3362 2478 3561 2529 orbem.

321 2560 699 2628 οἰκουμένην.
759 2560 977 2631 Ἐπειδὴ
1028 2560 1193 2628 φόϐος
1240 2560 1446 2631 Κυρίου
1506 2563 1648 2634 ἀρχὴ
1712 2564 1898 2634 αἰσθή-

327 2668 462 2714 σεως
493 2652 625 2720 (19),
649 2651 699 2701 οἱ
727 2649 794 2702 τὰ
818 2651 981 2721 γήινα
1006 2651 1327 2722 φρονοῦντες
1353 2653 1442 2707 διὰ
1464 2653 1628 2721 φόϐου
1647 2654 1897 2707 παιδευέ-

329 2744 559 2795 σθωσαν.
616 2743 701 2804 Ὠς
771 2742 868 2812 μὲν
919 2742 1027 2813 γὰρ
1078 2744 1436 2811 είσαγωγικὸς
1486 2747 1565 2807 είς
1618 2746 1897 2798 εὐσέϐειαν

324 2834 633 2902 ἀναγκαίως
666 2833 1150 2905 παραλαμϐάνεται
1188 2838 1215 2888 ὁ
1248 2836 1429 2903 φόϐος,
1464 2837 1649 2907 ἀγάπη
1677 2839 1755 2902 δὲ,
1786 2839 1895 2891 λοι-

326 2926 425 2979 πὸν
458 2924 845 2996 παραλαϐοῦσα
868 2926 994 2988 τοὺς
1022 2925 1413 2996 ῥυθμισθέντας
1432 2928 1540 2980 ἀπὸ
1560 2927 1654 2980 τοῦ
1677 2930 1897 2998 ἐπιστη-

328 3016 547 3088 μονικοῦ
577 3017 762 3086 φόϐου,
794 3018 1004 3070 τελειοῖ.
1050 3018 1205 3089 Πάσῃ
1231 3013 1321 3070 οὖν
1362 3021 1426 3089 τῇ
1458 3022 1527 3089 γῇ
1561 3019 1722 3087 φόϐον
1759 3036 1898 3090 παρ-
1924 3064 1969 3123 C

325 3110 578 3179 αγγέλλει
610 3112 636 3162 ό
663 3111 838 3179 λόγος.
875 3112 1351 3177 Σαλευθήτωσιῑν
1370 3112 1456 3177 δὲ,
1486 3116 1638 3183 φησὶ,
1667 3115 1768 3168 ἀπ’
1797 3116 1896 3167 αὑ-

324 3204 430 3257 τοῦ
496 3201 718 3266 πάντες
768 3205 819 3255 οἱ
878 3201 1294 3267 κατοικοῦντες
1349 3204 1463 3270 τὴν
1513 3204 1891 3273 οἰκουμένην.
1932 3272 1937 3277 ι

327 3294 501 3346 Οἱονεὶ
532 3295 639 3346 πᾶν
668 3293 887 3363 κίνημα,
927 3292 1035 3345 εἴτε
1070 3292 1209 3346 κατὰ
1238 3293 1381 3354 νοῦν,
1406 3294 1515 3347 εἴτε
1549 3294 1690 3347 κατά
1713 3313 1897 3365 σωμα-

324 3385 483 3454 τικὴν
510 3384 786 3453 ἐνέργειαν
811 3382 1243 3453 ἐπιτελούμενον,
1273 3384 1417 3437 κατὰ
1450 3385 1511 3437 τὸ
1537 3385 1781 3457 βούλημα
1804 3388 1899 3438 αύ-

324 3478 437 3538 τοῖς
460 3475 552 3528 τοῦ
582 3476 714 3527 Θεοῦ
737 3475 1082 3543 ἐνεργείσθω.
1115 3475 1270 3529 Οῦτω
1298 3476 1406 3547 γὰρ
1445 3477 1549 3531 νοῶ
1571 3478 1648 3545 τὸ,
1678 3481 1899 3531 Σαλεν-

326 3567 603 3633 θήτωσαν
634 3566 732 3621 ἀπ’
762 3566 971 3622 αὐτοῦ.
1007 3568 1181 3619 Οίονεὶ
1210 3569 1343 3637 μήτε
1371 3568 1645 3638 ὀφθαλμὸς
1681 3567 1901 3620 σαλευέ-

329 3659 439 3712 σθω
471 3658 582 3729 (20)
616 3659 742 3711 ἄνευ
772 3657 941 3711 Θεοῦ·
983 3658 1057 3729 μὴ
1095 3659 1215 3730 χεὶρ
1268 3659 1520 3712 κινείσθω
1559 3662 1684 3714 ἄνευ
1732 3658 1897 3711 Θεοῦο

330 3750 403 3822 μὴ
441 3752 474 3820 ἡ
524 3748 720 3819 καρδία
764 3747 1078 3801 διανοείσθω
1120 3748 1190 3801 τὰ
1227 3749 1300 3820 μὴ
1337 3751 1602 3820 εὐάρεστα
1649 3748 1725 3818 τῷ
1760 3747 1898 3817 Θεῷ.

327 3842 437 3893 Καὶ
489 3840 624 3902 ὅλως
672 3839 779 3892 ἀπὸ
815 3839 1039 3910 μηδενὸς
1079 3839 1237 3893 ἄλλου
1286 3840 1720 3910 σαλευθήτωσαν,
1769 3839 1903 3910 μηδὲ

328 3931 524 3995 αὐτούς
551 3950 604 3985 τι
637 3932 875 3997 κινείτω,
910 3933 958 3984 εἰ
993 3932 1066 4003 μὴ
1098 3935 1126 3985 ό
1160 3931 1253 3986 τοῦ
1280 3932 1413 3985 Θεοῦ
1439 3931 1621 3999 φόϐος.
1657 3932 1777 3984 ’Ότι
1804 3933 1905 3983 αὑ-

326 4024 428 4088 τὸς
451 4021 599 4089 εἷπε,
638 4024 734 4076 καὶ
759 4022 1134 4092 ἐγενήθησαν
1156 4041 1168 4053 ·
1203 4024 1384 4089 αὐτὸς
1410 4023 1768 4085 ἐνετείλατο,
1804 4021 1905 4073 καὶ

327 4116 715 4182 ἐκτίσθησαν.
756 4116 899 4186 Πρὸς
935 4114 1027 4167 δύο
1053 4116 1120 4167 τὰ
1148 4116 1455 4186 προάγοντα
1492 4112 1584 4166 δύο
1614 4114 1861 4183 ἐπήγαγε
1886 4129 1899 4141 ·

330 4208 641 4273 Φοϐηθήτω
667 4208 834 4262 πᾶσα
855 4210 891 4276 ἡ
922 4207 1021 4276 γῆ,
1044 4210 1156 4269 καὶ,
1179 4206 1658 4272 Σαλευθήτωσαν
1681 4205 1906 4270 πάντες

330 4299 384 4350 οι
425 4298 839 4364 κατοικοῦντες
880 4298 994 4365 τὴν
1023 4298 1400 4368 οἰκουμένην,
1432 4299 1512 4363 τὸ,
1539 4296 1730 4362 Αὐτὸς
1755 4294 1905 4361 εἷπε,

1996 2564 2441 2634 Quandoquidem
2474 2566 2634 2618 tituor
2673 2566 2878 2618 Domini
2916 2565 3126 2618 initium
3171 2576 3253 2620 est
3284 2580 3474 2620 sensus
3496 2566 3563 2627 ",

1996 2665 2205 2709 terrena
2252 2656 2345 2724 qui
2387 2657 2621 2724 sapiunt,
2665 2672 2761 2721 per
2807 2656 3054 2710 timorem
3104 2657 3442 2710 erudiantur.
3476 2655 3566 2710 Ti-

1995 2761 2113 2800 mor
2144 2747 2286 2799 enim
2330 2746 2475 2814 velut
2506 2747 2570 2799 ad
2610 2747 2862 2815 pietatem
2911 2747 3278 2811 introducens,
3320 2762 3569 2802 necessa-

2003 2837 2084 2890 rio
2112 2838 2399 2892 adhibetur
2434 2856 2446 2891 :
2492 2838 2733 2893 charitas
2778 2854 2906 2893 vero
2954 2839 3210 2906 deinceps
3252 2840 3566 2905 succedens,

2002 2943 2095 2983 eos
2117 2944 2249 2997 quos
2280 2929 2439 2983 timor
2480 2930 2547 2982 ad
2600 2930 2953 2983 erudiendum
2999 2930 3224 2984 idoneus
3266 2932 3568 2985 concinna-

2002 3020 2098 3086 vit,
2132 3019 2360 3088 perlicit.
2404 3020 2592 3088 Itaque
2636 3030 2791 3073 terra:
2816 3020 2962 3073 omni
3009 3024 3172 3073 verba
3205 3021 3390 3075 isthmc
3422 3022 3572 3074 tima-

2001 3125 2114 3164 retn
2147 3110 2469 3178 praecipiunt
2502 3109 2979 3165 :Commoveantar
3028 3123 3222 3177 autem,
3268 3112 3461 3180 inquit,
3504 3129 3568 3166 at

2001 3218 2059 3254 eo
2087 3217 2264 3254 omnes
2316 3202 2666 3255 inhabitantes
2694 3204 2889 3255 orbem.
2935 3202 3199 3256 Nimirum
3250 3212 3424 3257 motus
3455 3218 3572 3256 om-

2004 3291 2109 3352 nis,
2142 3298 2251 3341 tum
2274 3290 2364 3357 qui
2398 3305 2461 3342 ex
2495 3301 2695 3354 mente,
2726 3300 2834 3344 tum
2866 3293 2955 3359 qui
2979 3308 3044 3345 ex
3069 3292 3334 3360 corporali
3358 3294 3571 3347 actione

2003 3380 2198 3445 oritur,
2240 3381 2535 3433 secundum
2571 3379 2664 3434 Dei
2698 3383 3026 3435 voluntatem
3053 3383 3119 3436 ab
3156 3385 3286 3452 ipsis
3321 3384 3573 3452 perﬁcia-

2007 3481 2114 3524 tur.
2145 3472 2237 3526 Sic
2268 3472 2411 3525 enim
2452 3472 2693 3544 intelligo
2751 3473 2900 3536 illud,
2931 3471 3365 3528 Comntoveantur
3397 3477 3461 3527 ab
3490 3492 3570 3529 eo.

2006 3564 2249 3633 Exempli
2280 3564 2475 3632 gratia,
2523 3579 2697 3633 neque
2724 3566 2913 3619 oculus
2955 3576 3234 3619 moveatur
3276 3567 3393 3620 sine
3433 3567 3565 3632 Dt‘O,

2007 3670 2182 3725 neque
2218 3671 2407 3709 manus
2451 3657 2686 3724 agitetur
2738 3657 2855 3709 sine
2914 3656 3043 3723 Duo,
3106 3673 3205 3712 nec
3233 3673 3326 3712 cor
3375 3659 3577 3726 cogitet

2009 3762 2129 3815 qua:
2168 3747 2279 3802 Deo
2341 3762 2447 3802 non
2480 3748 2712 3815 placem.
2763 3748 2826 3801 Et
2860 3749 2910 3801 in
2956 3765 3191 3813 summa,
3228 3766 3256 3803 a
3289 3749 3437 3803 nullo
3461 3750 3568 3802 alio

2010 3848 2333 3892 moveantur
2377 3854 2391 3891 :
2430 3852 2604 3907 neque
2652 3839 2795 3907 ipsos
2845 3841 3137 3909 quidquam
3196 3850 3428 3906 moveat,
3469 3842 3572 3896 nisi

2012 3928 2103 3984 Dei
2148 3930 2327 3983 timor.
2386 3928 2546 3985 Vsus.
2586 3931 2638 3983 9.
2700 3930 2965 3994 Quoniam
2999 3932 3108 3999 ipse
3145 3934 3300 3994 dixit,
3338 3942 3384 3985 et
3431 3932 3573 4000 facta

2010 4030 2165 4085 sunt;
2193 4021 2302 4087 ipse
2327 4023 2616 4085 mandavit,
2651 4034 2700 4074 et
2748 4030 2924 4075 creata
2956 4033 3094 4076 sunt.
3130 4023 3343 4078 Duobus
3373 4038 3577 4092 praece-

2011 4112 2267 4166 dentibus
2293 4114 2397 4165 duo
2428 4113 2666 4166 subdidit
2706 4128 2720 4165 :
2752 4113 3004 4181 primum,
3046 4112 3246 4167 Timent
3271 4114 3439 4167 omnis
3472 4123 3580 4167 ter-

2014 4220 2094 4266 ra,
2133 4213 2205 4266 et,
2246 4202 2678 4256 Commoveantur
2735 4220 2910 4259 omnes
2954 4204 3306 4258 inhabitantes
3350 4206 3523 4257 orbein
3556 4216 3577 4257 .'

2012 4294 2133 4361 Ipse
2171 4295 2327 4361 dixit,
2383 4306 2429 4347 et
2466 4295 2610 4360 facta
2645 4305 2764 4348 sunt
2808 4309 2826 4345 :
2855 4296 3069 4361 deinde,
3124 4296 3246 4365 Ipse
3291 4298 3577 4365 mandarit,

331 4385 431 4439 καὶ
457 4385 852 4456 ἐγενήθησαν,
891 4389 1081 4455 Αὐτὸς
1111 4390 1470 4451 ἐνετείλατο,
1503 4388 1601 4441 καὶ
1627 4388 1901 4453 ἐκτίσθη-

2015 4392 2063 4435 et
2098 4393 2272 4437 creata
2320 4392 2462 4436 sunt.
2512 4383 2734 4448 Quando
2796 4393 3125 4451 composnus
3174 4384 3334 4437 homo
3385 4392 3471 4437 est
3505 4398 3573 4437 ex

331 4494 469 4531 σαν.
508 4478 724 4547 Ἐπειδὴ
766 4477 1011 4541 σύνθετος
1046 4480 1074 4531 ὁ
1102 4478 1385 4549 ἄνθρωπος
1418 4478 1481 4531 ἔκ
1508 4496 1565 4532 τε
1588 4477 1681 4530 τοῦ
1710 4478 1901 4548 γηίνου

333 4569 645 4637 πλάσματος
671 4569 763 4620 καὶ
786 4569 849 4620 ἐκ
877 4569 974 4637 τῆς
1008 4569 1317 4639 ὲνοικούσης
1355 4568 1532 4637 ψυχῆς
1558 4567 1633 4637 τῷ
1665 4566 1901 4636 σώματι,

331 4659 400 4727 γῆ
428 4657 523 4727 μὲν
551 4657 764 4724 λέγεται
790 4657 850 4709 τὸ
874 4659 936 4709 ὲκ
957 4656 1055 4725 τῆς
1081 4656 1185 4726 γῆς
1209 4655 1608 4726 πεπλασμένον,
1637 4654 1907 4707 κατοικῶν

329 4748 384 4801 δὲ
410 4748 506 4816 τὴν
526 4748 872 4818 οἰκουμένην,
903 4749 936 4817 ἡ
963 4746 1059 4817 τὴν
1088 4749 1146 4799 ὲν
1180 4745 1392 4815 σώματι
1416 4745 1687 4815 διαγωγὴν
1715 4743 1910 4815 λαχοῦ-

331 4856 400 4891 σα
420 4838 585 4909 ψυχή.
620 4838 980 4906 Καταλλήλως
1012 4832 1102 4890 οὖν
1140 4840 1205 4909 τῇ
1230 4840 1300 4908 γῇ
1333 4837 1647 4890 ἀποδέδοται
1675 4836 1756 4899 τὸ,
1784 4838 1904 4890 Αὑ-

330 4932 430 4995 τὸς
466 4926 614 4993 εἷπε,
648 4929 745 4982 καὶ
783 4928 1157 4996 ἐγενήθησαν
1183 4928 1326 4998 (21)·
1366 4928 1459 4980 ἐπὶ
1497 4926 1595 4997 μὲν
1641 4925 1735 4977 τοῦ
1767 4925 1899 4978 πλά-

400 5046 447 5079 “¹³
481 5046 669 5101 Matth.
696 5063 772 5109 Ix,
804 5047 890 5101 17.
964 5046 1011 5078 ⁷⁸
1037 5046 1078 5101 ll
1107 5045 1231 5100 Cor.
1264 5062 1338 5110 ιν,
1366 5045 1455 5100 10.
1530 5044 1575 5076 ⁷⁸
1612 5042 1773 5096 Prov.
1809 5058 1845 5107 ι,
1875 5044 1928 5098 7.

399 5203 510 5271 (17)
537 5203 691 5274 Regii
731 5202 917 5255 tertius
940 5211 994 5274 et
1015 5212 1199 5256 sextus
1225 5202 1605 5274 προϐλήματος
1634 5201 1726 5255 τοῦ
1763 5217 1898 5272 προ-

330 5273 580 5342 φητικοῦ.
614 5274 744 5342 Reg.
785 5273 1051 5327 secundus
1092 5273 1412 5338 scripturam
1464 5286 1748 5340 utramque
1801 5287 1898 5326 ex-

333 5345 479 5397 hibet
510 5359 522 5393 :
558 5359 719 5395 unam
746 5343 796 5395 in
829 5350 1100 5405 contextu,
1128 5343 1349 5395 alteram
1384 5344 1435 5395 in
1466 5343 1726 5411 margine.

404 5412 512 5483 (l8)
547 5412 678 5477 lteg.
714 5420 935 5483 quartus
957 5411 1187 5483 Aéxxseﬁ.

405 5478 515 5549 (i9)
553 5478 761 5532 Editum
794 5478 1094 5533 invenimus
1122 5478 1171 5534 in
1221 5481 1387 5534 veteri
1431 5478 1895 5549 interpretatione.

337 5548 514 5603 Timor
537 5550 743 5602 Domini
769 5550 979 5602 initium
1009 5561 1083 5603 est
1113 5551 1405 5617 sapientius,
1446 5551 1603 5602 male.
1643 5548 1767 5616 Ejus
1798 5549 1901 5601 loci

335 5635 459 5688 pars
510 5621 679 5690 media
731 5630 942 5685 sumpta
982 5633 1066 5673 est
1110 5636 1177 5674 ex
1223 5623 1430 5690 psalmo
1475 5635 1564 5683 cx,
1600 5620 1687 5681 10,
1734 5620 1900 5671 altera

336 5687 463 5741 vero
491 5704 555 5741 ex
582 5687 738 5741 Prov.
767 5705 804 5750 I,
832 5690 884 5741 ’7.

401 5758 516 5829 (ΞΟ)
540 5758 689 5814 Colb.
718 5769 940 5828 quartus
966 5757 1241 5829 ὀφθαλμὸς
1266 5757 1594 5829 σαλευθήτω.
1628 5757 1743 5811 Mox
1772 5755 1901 5826 Reg.

2014 4484 2227 4528 terreno
2280 4474 2553 4544 ﬁgmento,
2620 4483 2675 4525 et
2727 4487 2791 4525 ex
2854 4473 3189 4527 inhabitante
3248 4472 3302 4525 in
3351 4486 3579 4539 corpore

2014 4566 2193 4618 anima
2238 4584 2250 4617 :
2284 4566 2335 4619 id
2361 4565 2500 4633 quod
2533 4580 2563 4618 e
2598 4572 2744 4618 terra
2787 4562 3079 4616 formatum
3128 4574 3231 4627 est,
3265 4574 3407 4618 terra
3440 4564 3575 4617 dici-

2016 4665 2102 4707 tur
2134 4674 2144 4708 :
2198 4655 2379 4708 anima
2419 4668 2549 4708 vero
2577 4654 2963 4708 habitationem
3013 4655 3063 4705 in
3114 4668 3338 4723 corpore
3366 4656 3578 4719 sortita,

2014 4747 2196 4798 orbem
2218 4744 2529 4798 inhabitans
2554 4754 2793 4796 vocatur.
2818 4741 3003 4811 Itaque
3035 4744 3194 4814 138
3224 4753 3580 4812 congruenter

2011 4846 2167 4888 terrae
2196 4836 2685 4902 convenienterque
2717 4834 2921 4888 editum
2957 4846 3040 4889 εει
3092 4852 3105 4886 :
3144 4834 3266 4902 Ipse
3311 4836 3469 4899 dixit,
3530 4844 3581 4888 et

2009 4926 2149 4980 facta
2172 4935 2327 4991 sunt;
2351 4926 2580 4979 camilla
2611 4926 2793 4993 verba,
2821 4924 2990 4979 Facta
3021 4938 3164 4989 sunt,
3187 4928 3253 4979 de
3273 4934 3457 4980 nostro
3494 4925 3582 4995 tig-

2006 5201 2196 5253 tcrtius
2214 5197 2518 5253 διανοείτω.

2076 5270 2190 5339 (21)
2226 5269 2401 5322 Editio
2438 5268 2609 5339 Paris.
2659 5273 2713 5319 et
2740 5261 3151 5339 nonnullimss.
3201 5259 3312 5339 καὶ
3328 5259 3584 5339 ἐγενήθη-

2005 5329 2125 5392 σαν.
2174 5329 2349 5401 Ἀύτὸς
2378 5337 2702 5395 ἐνετείλατο,
2751 5333 2845 5386 καὶ
2887 5329 3233 5401 ἐκτίσθησαν.
3280 5329 3383 5401 sed
3416 5329 3581 5401 totum

2004 5410 2154 5469 illud,
2210 5398 2382 5470 Αὐτὸς
2440 5405 2747 5460 ἐνετείλατο
2778 5402 2872 5456 καὶ
2905 5398 3251 5470 ἐκτίσθησαν,
3310 5400 3459 5452 deest
3525 5398 3578 5452 in

2006 5466 2240 5544 quatuor
2272 5466 2403 5531 mss.
2438 5487 2494 5529 et
2524 5476 2576 5529 in
2607 5474 2840 5544 editione
2870 5471 3032 5525 Basil.
3069 5466 3229 5544 Certe
3268 5483 3388 5544 cum
3420 5470 3583 5544 verba

2009 5538 2095 5601 illa
2160 5548 2321 5614 paulo
2368 5557 2496 5598 ante
2536 5542 2927 5614 prolata‘sint,
2971 5540 3152 5614 sta_t_im
3184 5538 3371 5614 eadem
3403 5540 3576 5603 "repeti

2010 5606 2197 5671 inutile
2231 5618 2450 5671 omnino
2496 5606 2619 5669 esse
2662 5612 3012 5665 arbitramur.
3046 5606 3248 5663 Vocula
3306 5606 3429 5679 μέν,
3463 5624 3582 5678 quia

2009 5703 2132 5743 mox
2171 5687 2440 5757 sequitur,
2474 5688 2624 5741 abest
2651 5698 2680 5737 a
2713 5696 2840 5736 mss.
