4048 6220
308 742 341 823 ρ
444 760 525 803 uo
556 767 686 805 nova
711 759 957 804 creatura
979 751 1058 816 ⁷⁶;
1094 750 1221 805 item
1259 750 1388 804 illud
1433 769 1447 804 :
1479 749 1549 804 Ut
1583 752 1715 805 duos
1738 760 1935 804 crearet
1966 750 2021 804 in

445 261 551 319 339
1711 241 1721 260 ⁵
1779 264 1836 321 s.
1878 262 2121 322 BASILII
2163 265 2379 324 MAGNI
3628 267 3751 322 διο

446 392 630 439 mento
644 398 673 438 e
692 389 834 437 terra
852 390 1132 438 constante
1151 382 1514 452 accipiantur:
1531 384 1647 439 haec
1662 400 1811 451 vero,
1831 383 2020 439 Creata

2127 403 2331 457 σματος
2357 388 2513 458 ἡμῶν
2543 386 2636 441 τοῦ
2668 387 2777 442 ἀπὸ
2805 388 2905 460 τῆς
2923 384 3028 458 γῆς
3054 385 3135 454 τὸ,
3175 385 3498 457 Ἔγενήθηο
3534 384 3655 437 ἐπὶ
3689 386 3759 439 δὲ

445 484 588 538 sunt,
606 475 669 528 de
687 475 948 539 animaad
969 473 1371 545 Dei,imaginem
1390 475 1609 530 condita
1628 475 2016 546 intelligantur.

2127 479 2220 550 τῆς
2254 482 2373 533 κατ’
2406 480 2591 535 εἰκόνα
2627 479 2720 534 τοῦ
2750 480 2885 534 Θεοῦ
2925 479 3236 549 κτισθείσης
3269 480 3350 544 τὸ,
3399 480 3754 544 Ἐκτισθη.

445 564 713 633 Quoniam
755 580 884 620 vero
913 567 1118 621 creatio
1151 581 1293 633 saepe
1338 581 1436 636 pro
1481 567 1714 637 quadam
1746 567 1797 620 in
1830 565 2022 620 melius

448 657 902 711 transmutatione
926 658 1179 723 sumitur,
1207 667 1267 712 ut
1290 669 1374 713 est
1392 659 1517 712 illud
1539 658 1636 728 {Si
1660 676 1762 729 qua
1793 658 1850 712 in
1874 657 2023 712 Chri-

2134 569 2350 640 Ἐπειδὴ
2399 570 2457 623 δὲ
2508 572 2541 641 ή
2591 570 2768 635 κτίσις
2814 571 2907 624 ἐπὶ
2943 571 3045 641 τῆς
3095 570 3577 641 μετακοσμήσεως
3644 565 3753 620 καὶ

2124 658 2460 729 βελτιώσεως
2494 661 2755 725 πολλάκις
2784 661 3140 732 λαμϐάνεται,
3172 661 3247 724 ὡς
3286 660 3369 725 τὸ,
3402 660 3483 714 Εἴ
3517 677 3629 725 τις
3675 658 3755 711 ἐν

2120 750 2354 819 Χριστῷ
2381 752 2557 819 καινὴ
2580 753 2781 819 κτίσις
2798 769 2812 783 ο
2842 752 2937 806 καὶ
2960 752 3042 817 τὸ,
3069 753 3203 808 Ἵνα
3228 750 3371 816 τοὺς
3392 750 3509 804 δύο
3535 750 3751 818 κτίσῃ

2120 847 2208 910 εὶς
2250 844 2359 898 ἕνα
2395 846 2606 899 καινὸν
2629 845 2944 914 ἄνθρωπον
2962 863 2975 876 ·
3010 846 3150 916 τάχα
3183 845 3244 898 τὸ
3297 844 3415 915 μὲν,
3466 841 3750 912 Ἐτενῆ-

2121 939 2216 1003 θη,
2242 936 2334 989 ἐπὶ
2356 937 2453 1006 τῆς
2474 935 2695 1007 πρώτης
2715 936 3021 999 οὐσιώσεως
3040 936 3133 989 τοῦ
3152 935 3437 1006 ἀνθρώπου
3453 934 3713 1002 λέγεται
3726 949 3744 961 ·

442 856 605 894 unum
624 842 811 895 novum
836 843 1097 896 hominem
1119 843 1202 896 ττι
1233 843 1480 898 fortassis
1508 842 1661 909 illud,
1684 841 1854 896 Facta
1873 851 2019 907 sunt,

444 934 512 989 de
535 935 705 1003 prima
759 936 994 990 hominis
1031 936 1409 1005 procreatioue
1445 935 1644 989 dicitur
1681 952 1696 989 :
1733 936 1836 989 hoc
1864 949 2016 999 vero,

444 1020 633 1079 Creata
654 1033 798 1089 sunt,
822 1025 888 1078 de
905 1025 1138 1080 secunda
1155 1039 1250 1093 per
1266 1024 1466 1078 Christi
1489 1025 1719 1092 gratiam
1738 1039 2021 1092 regenera-

446 1113 614 1168 tione.
649 1114 918 1180 Quantum
956 1126 1140 1169 autem
1180 1115 1417 1169 sermoni
1452 1115 1594 1169 nudo
1637 1124 1857 1183 praestat
1890 1129 2021 1183 prae-

444 1215 660 1275 ceptum
703 1208 817 1272 Dei,
860 1217 1065 1261 tantum
1100 1208 1306 1262 ereatio
1353 1207 1689 1277 generationi
1721 1206 2015 1264 antecellit.

2120 1119 2215 1172 τοῦ
2240 1120 2475 1191 Χριστοῦ
2499 1120 2929 1191 ἀναγεννήσεως.
2963 1119 3128 1173 Ὅσον
3160 1119 3217 1172 δὲ
3244 1119 3403 1186 λόγου
3432 1116 3605 1187 ψιλοῦ
3641 1116 3745 1168 ἐν·

2119 1211 2246 1283 τολή
2280 1211 2415 1265 Θεοῦ
2460 1212 2728 1284 διαφέρει,
2771 1211 3023 1265 τοσοῦτον
3057 1212 3285 1274 κτίσεως
3314 1209 3452 1280 πρὸς
3494 1204 3745 1276 γένεσίν

444 1299 612 1355 Vens.
632 1301 717 1354 l0.
751 1300 1005 1355 Dominus
1035 1301 1260 1361 dissipat
1304 1301 1523 1354 consilia
1551 1301 1820 1369 gentium;
1850 1317 2024 1367 repro-

446 1394 534 1448 bat
561 1403 734 1448 autem
759 1394 1099 1463 cogitationes
1126 1394 1459 1463 populorum.
1490 1394 1769 1464 Expositio
1790 1404 1872 1449 est
1892 1409 2022 1463 pra:-

444 1486 706 1551 cedentis,
743 1487 1013 1550 quomodo
1043 1487 1180 1541 Deus
1207 1487 1262 1539 in
1299 1500 1358 1540 se
1399 1488 1684 1540 credentes
1730 1489 2017 1552 creaverit,

443 1597 514 1637 ex
533 1596 599 1635 eo
622 1580 765 1650 quod
789 1578 950 1634 stulta
983 1579 1306 1647 populorum
1332 1577 1557 1632 consilia
1584 1578 1872 1647 dispersit,
1901 1593 2021 1648 qua:

445 1688 609 1743 super
664 1671 967 1727 idololatria
1014 1671 1372 1739 universaque
1402 1670 1645 1726 vanitate
1693 1672 2016 1740 habuerunt,

442 1773 499 1820 et
540 1780 603 1818 ex
635 1777 701 1817 eo
728 1763 869 1832 quod
897 1763 1149 1831 reprobat
1175 1760 1403 1815 consilia
1435 1761 1761 1830 principum.
1789 1761 2021 1819 Possunt

442 1864 628 1911 autem
661 1855 777 1909 haec
809 1866 865 1909 et
897 1859 961 1908 ad
1017 1854 1285 1922 passionis
1323 1864 1533 1920 tempus
1560 1853 1772 1918 referri,
1805 1855 2020 1923 quando

440 1947 497 2003 hi
520 1947 737 2017 quidem
761 1945 1018 2014 putabant
1055 1958 1114 1997 se
1145 1942 1465 2011 cruciﬁgere
1492 1958 1672 2014 regem
1706 1943 1912 2010 gloriae,
1933 1944 2020 1999 ille

437 2053 571 2094 vero
596 2053 690 2107 per
712 2038 888 2091 crucis
916 2035 1375 2102 dispensationem
1412 2049 1583 2101 genus
1617 2034 1895 2088 hominum
1936 2050 2022 2091 re-

440 2125 698 2180 novabat.
730 2123 942 2177 Etenim
1000 2122 1052 2175 in
1111 2121 1529 2186 resurrectione,
1554 2132 1612 2176 ut
1653 2121 2023 2193 dissipabatur

446 2215 726 2271 consilium
749 2214 1012 2283 gentium,
1036 2213 1191 2268 Pilati
1208 2225 1261 2268 et
1276 2213 1525 2280 militum,
1563 2213 2019 2285 reliquorumque,

447 2315 704 2378 quotquot
738 2305 923 2361 crucis
951 2305 1275 2375 supplicium
1316 2305 1621 2361 inferebant
1651 2322 1667 2359 :
1693 2309 1765 2361 ita
1797 2308 2021 2362 consiiia

447 2399 772 2471 principum,
797 2396 1133 2467 pontiﬁcum,
1175 2398 1586 2467 scribarumque
1619 2409 1673 2453 et
1704 2413 1892 2469 regum
1926 2414 2023 2468 po-

449 2488 556 2560 puli
589 2489 1038 2557 reprebabantur.
1074 2485 1423 2542 Resurrectin
1460 2489 1603 2542 enim
1635 2502 1798 2542 omne
1834 2503 2020 2543 eorum

449 2580 733 2635 artiﬁcium
773 2579 1039 2635 dissolvit.
1067 2579 1218 2645 Quod
1247 2581 1291 2633 si
1332 2580 1385 2634 in
1417 2581 1642 2650 singulis
1668 2581 1909 2635 historiis
1938 2584 2023 2635 re-

448 2672 639 2742 legeris
676 2687 795 2741 quae
822 2673 963 2726 Deus
991 2672 1160 2740 gessit
1205 2686 1331 2742 erga
1385 2672 1629 2727 inﬁdeles
1673 2681 1878 2741 gentes,
1910 2673 2019 2727 vim

448 2766 665 2821 multam
707 2769 863 2833 juxta
921 2764 1257 2834 corporalem
1299 2765 1464 2819 etiam
1512 2764 1920 2834 intelligentiam
1969 2767 2021 2819 in

448 2857 530 2911 uis
572 2857 753 2912 verbis
806 2857 984 2912 inesse
1027 2857 1349 2924 comperies.
1397 2856 1624 2922 Quando
1658 2858 1801 2911 enim
1836 2854 2019 2910 Joram

447 2951 587 3005 ﬁlius
619 2952 841 3005 Achaab
878 2951 1122 3019 regnavit
1174 2950 1225 3002 in
1273 2949 1463 3009 Israel,
1535 2963 1665 3003 tunc
1716 2964 1811 3003 rex
1851 2948 2022 3020 Syriae

2120 1302 2236 1354 ἐστι
2284 1300 2345 1354 τὸ
2393 1301 2667 1373 διάφορον.
2732 1303 2948 1370 Κύριος
3022 1299 3393 1359 διωκεδὰζει
3463 1299 3741 1364 βουλὰς

2118 1388 2313 1445 ἐθνῶν
2330 1407 2343 1420 ⁸
2376 1390 2577 1444 ἀθετεῖ
2595 1389 2663 1443 δὲ
2688 1390 3020 1460 λογισμοὺς
3043 1389 3229 1445 λαῶν.
3264 1388 3571 1460 Ἐξήγησίς
3600 1390 3735 1441 ἐστι

2118 1481 2214 1535 τοῦ
2245 1482 2596 1554 προάγοντος,
2633 1482 2751 1546 πῶς
2786 1481 3000 1536 ἔκτισεν
3032 1484 3060 1534 ό
3103 1480 3235 1545 Θεὸς
3265 1482 3391 1544 τοὺς
3428 1482 3517 1542 είς
3550 1480 3735 1532 αὐτὸν

2121 1572 2570 1637 πεπιστευκότας,
2626 1574 2691 1625 ἐκ
2735 1569 2829 1624 τοῦ
2877 1570 3225 1624 διασκεδάσαι
3266 1567 3363 1631 τὰς
3410 1568 3729 1630 ἀσυνέτους

2124 1660 2318 1731 βουλὰς
2361 1661 2470 1715 τῶν
2502 1660 2667 1724 λαῶν,
2704 1660 2771 1724 ἃς
2803 1656 2949 1731 εἶχον
2982 1660 3111 1732 περὶ
3140 1658 3593 1730 είδωλολατρεεαν
3622 1658 3728 1711 καὶ

2050 1735 2092 1790 Β
2122 1752 2250 1822 περὶ
2278 1753 2456 1805 πᾶσαν
2485 1753 2840 1825 ματαιότητα,
2864 1756 2959 1807 καὶ
2988 1754 3199 1808 ἀθετεῖν
3225 1755 3326 1817 τὰς
3361 1753 3566 1823 βουλὰς
3606 1753 3729 1806 τῶν

2120 1845 2414 1916 ἀρχόντων.
2448 1845 2680 1899 Δυνατὸν
2716 1846 2774 1899 δὲ
2819 1848 2914 1900 καὶ
2945 1848 3038 1901 ἐπὶ
3081 1847 3173 1901 τὸν
3208 1846 3303 1899 τοῦ
3339 1846 3554 1908 πάθους
3594 1863 3727 1899 και-

2123 1937 2215 2008 ρὸν
2248 1938 2542 2005 ἀναγαγεῖν
2574 1937 2746 1992 ταῦτα
2780 1939 2913 2009 (22),
2947 1940 3035 1994 ὅτε
3067 1941 3115 1993 oi
3151 1939 3246 2010 μὲν
3271 1938 3521 2009 ἐνόμιζον
3553 1955 3726 1992 σταυ-

2125 2027 2250 2099 ροῦν
2281 2029 2373 2082 τὸν
2410 2029 2632 2099 βασιλέα
2664 2031 2763 2101 τῆς
2798 2030 2975 2103 δόξης,
3019 2032 3047 2084 ὁ
3077 2031 3134 2084 δὲ
3166 2032 3253 2085 διὰ
3295 2032 3395 2103 τῆς
3424 2030 3525 2084 τοῦ
3561 2049 3726 2083 σταυ-

2127 2120 2218 2193 ροῦ
2248 2122 2558 2192 οἰκονομίας
2591 2122 2873 2177 ἀνενεοῦτο
2901 2125 3000 2195 τὴν
3028 2123 3440 2196 ἀνθρωπότητα.
3482 2125 3579 2177 Ἑν
3607 2127 3716 2194 γὰρ

2121 2214 2187 2283 τῇ
2219 2213 2515 2265 ἀναστάσει
2544 2212 2920 2277 διεσκεδάζετο
2956 2214 3055 2284 μὲν
3097 2215 3130 2284 ή
3165 2212 3326 2284 βουλὴ
3366 2213 3475 2266 τῶν
3512 2213 3715 2275 ἐθνῶν,

2122 2303 2215 2357 τοῦ
2244 2305 2476 2358 Πιλάτου
2528 2304 2755 2357 καὶτῶν
2787 2304 3130 2376 στρατιωτῶν
3150 2344 3164 2367 ,
3196 2306 3290 2358 καὶ
3330 2304 3445 2356 ὅσοι
3481 2302 3556 2355 τά
3584 2305 3718 2372 περὶ

2123 2395 2213 2448 τὸν
2248 2395 2478 2466 σταυρὸν
2522 2396 2786 2467 ἐνήργουν
2811 2413 2825 2426 ⁸
2870 2395 3161 2465 ήθετοῦντο
3191 2396 3249 2449 δὲ
3276 2395 3333 2449 αί
3382 2394 3574 2465 βουλαὶ
3602 2393 3718 2446 τῶν

2123 2489 2399 2560 ἀρχόντων
2419 2530 2434 2553 ,
2469 2491 2772 2560 ἀρχιερέων
2806 2489 2897 2542 καὶ
2926 2487 3300 2560 γραμματέων
3340 2488 3435 2540 καὶ
3477 2486 3590 2539 τῶν
3622 2485 3720 2554 βα-

2126 2580 2315 2633 σιλέων
2356 2580 2449 2634 τοῦ
2498 2579 2649 2634 λαοῦ.
2688 2580 2752 2632 Ἡ
2795 2580 2906 2651 γὰρ
2959 2581 3257 2644 ἀνάστασις
3303 2582 3483 2634 πᾶσαν
3528 2578 3718 2632 αὐτῶν

2122 2671 2331 2724 διέλυσε
2362 2672 2460 2743 τὴν
2496 2673 2757 2725 ἐπίνοιαν.
2801 2671 3220 2743 Ἀναλεγόμενος
3247 2672 3302 2726 δὲ
3338 2672 3407 2725 τὰ
3445 2672 3527 2739 ἐφ’
3578 2671 3715 2723 ἑκάς

2125 2783 2256 2837 στης
2291 2766 2529 2836 ίστορίας
2568 2767 2666 2819 ὅσα
2697 2765 2822 2837 περὶ¹
2859 2766 2928 2819 τὰ
2959 2765 3164 2819 ἄπιστα
3193 2766 3320 2835 ἔθνη
3350 2766 3652 2836 ἐνήργησεν
3682 2766 3717 2815 ὀ

2122 2858 2274 2922 Θεὸς,
2311 2859 2565 2929 εὑρήσεις
2599 2859 2693 2912 κα)⁴
2728 2856 2869 2912 κατὰ
2889 2857 2980 2911 τὸν
3011 2857 3322 2926 σωματικὸν
3353 2856 3477 2909 νοῦν
3508 2855 3719 2925 πολλὴν

2124 2948 2243 3018 ἔχον
2277 2948 2374 3018 τὴν
2412 2948 2641 3019 δύναμιν
2682 2947 2743 3000 τὸ
2798 2948 2981 3020 ῥητόν.
3021 2949 3149 3001 Ὅτε
3188 2948 3297 3019 γὰρ
3347 2945 3550 3017 Ἰωράμ
3598 2947 3718 3008 υίὸς

448 3043 587 3097 lilius
628 3044 774 3096 Ader
805 3042 970 3094 multa
1025 3041 1223 3094 virtute
1255 3055 1318 3094 ac
1363 3041 1511 3106 gravi
1544 3056 1725 3104 manu,
1759 3040 2021 3096 instructo

2137 3042 2340 3113 Ἀχαάὁ
2375 3044 2722 3097 ἐϐασίλευσεν
2746 3044 2801 3095 ἐν
2843 3043 3062 3114 Ἰσραὴλ
3083 3042 3193 3113 (25)
3213 3082 3228 3106 ,
3262 3042 3380 3095 τότε
3405 3044 3433 3094 ὁ
3458 3041 3716 3111 βασιλεὺς

449 3133 687 3187 exercitu
718 3131 928 3187 obsedit
968 3131 1271 3185 Samariam
1293 3172 1307 3198 ,
1338 3131 1474 3185 adeo
1511 3140 1568 3184 ut
1597 3134 1852 3187 deessent
1893 3132 2024 3201 ipsis

449 3225 775 3288 necessaria,
816 3234 871 3279 et
911 3223 1049 3277 asini
1096 3232 1259 3291 caput
1314 3222 1702 3293 quinquaginta
1740 3222 1886 3277 siclis
1938 3239 2021 3276 ar-

450 3314 615 3385 genti,
647 3324 701 3368 et
727 3326 918 3383 quarta
944 3330 1069 3383 pars
1100 3315 1219 3368 cabi
1262 3315 1524 3367 stercoris
1552 3314 1843 3367 columbini
1868 3314 2027 3384 quin—

450 3424 552 3477 que
581 3408 787 3476 argenti
814 3407 962 3462 siclis
989 3419 1266 3462 emeretur
1288 3408 1354 3460 ⁷⁸.
1377 3406 1529 3462 Tunc
1556 3406 1738 3477 itaque
1770 3418 1827 3461 ut
1850 3408 2026 3463 Elisaai

450 3500 733 3571 promissio
765 3500 1100 3569 impleretur,
1132 3499 1393 3569 dissipata
1430 3508 1558 3553 sunt
1580 3499 1751 3570 Syria:
1779 3501 2025 3566 consilia,

451 3592 670 3661 suisque
698 3592 1062 3646 tabernaculis
1086 3608 1148 3645 ac
1179 3591 1389 3646 cunctis
1417 3591 1612 3659 opibus
1649 3591 1848 3646 relictis
1878 3590 2029 3660 fuge-

451 3694 598 3748 runt,
625 3694 829 3738 tantam
851 3685 903 3738 in
929 3683 1173 3737 Samaria
1198 3696 1379 3737 rerum
1408 3682 1616 3750 copiam
1645 3682 2027 3750 relinquentes,

451 3783 512 3831 ut
540 3777 730 3831 similae
753 3772 1007 3832 mensura
1045 3777 1199 3840 sicle,
1230 3789 1283 3831 et
1303 3777 1422 3830 dua.-
1454 3776 1637 3830 hordei
1668 3791 1933 3830 mensuras
1958 3776 2031 3829 si-

451 3868 534 3924 clo
575 3884 684 3922 uno
732 3870 1070 3924 venirent".
1096 3870 1188 3924 Sic
1218 3871 1381 3939 igitur
1415 3868 1680 3923 Dominus
1725 3869 1874 3922 novit
1904 3884 2033 3937 gen-

451 3962 585 4015 tium
640 3962 863 4015 consilia
925 3963 1209 4031 dissipare.
1267 3961 1550 4027 Quomodo
1606 3976 1733 4014 vero
1784 3960 2031 4030 reprohet

452 4050 677 4104 consilia
695 4051 1021 4120 principum,
1046 4052 1101 4104 in
1117 4050 1476 4118 AchitOphele
1490 4049 1799 4113 didicimus,
1819 4048 2035 4118 quando

453 4140 623 4196 David
681 4142 894 4206 oravit,
954 4142 1143 4197 dicens
1201 4163 1214 4197 :
1271 4145 1486 4214 Dissipa
1554 4159 1690 4197 nunc
1754 4142 2034 4195 consilium

455 4231 842 4300 Achitophcl”.
871 4230 1006 4287 Cum
1046 4232 1208 4302 igitur
1251 4235 1487 4289 audieris
1513 4234 1816 4303 quempiam
1841 4248 2034 4302 magna

2127 3135 2327 3207 Συρίας
2346 3135 2461 3199 υίὸς
2503 3134 2677 3206 Ἀδὲρ,
2716 3134 2881 3204 πολλῇ
2924 3133 3147 3205 δυνάμει
3183 3134 3276 3186 καὶ
3324 3132 3520 3204 βαρείᾳ
3561 3132 3709 3202 χειρὶ

2128 3227 2530 3297 στρατηγήσας,
2597 3226 2964 3297 περιεκάθητο
3020 3226 3122 3296 τὴν
3175 3226 3524 3294 Σαμάρειαν,
3572 3223 3715 3276 ὥστε.

2126 3318 2398 3371 ἐπιλιπεῖν
2419 3319 2603 3380 αὐτοῖς
2630 3317 2698 3369 τὰ
2724 3318 3019 3386 ἀναγκαῖα,
3051 3317 3144 3370 καὶ
3167 3312 3408 3388 κεφαλὴν
3436 3315 3560 3369 ὄνου
3585 3331 3715 3368 πεν-

2127 3412 2362 3481 τήκοντα
2388 3407 2528 3464 εἶναι
2565 3394 2763 3463 σίκλων
2792 3411 3077 3481 ἀργυρίου,
3114 3411 3209 3464 καί¹
3245 3411 3502 3481 τέταρτον
3545 3408 3713 3462 κάθου

2127 3503 2333 3572 κόπρου
2384 3502 2724 3575 περιστερῶν
2775 3502 2939 3554 πέντε
2989 3502 3188 3555 σίκλων
3244 3500 3357 3571 (24)
3423 3498 3713 3571 ἀργυρξου.

2128 3595 2261 3648 Τότε
2294 3594 2504 3659 τοίνυν,
2541 3594 2627 3648 ἵνα
2664 3596 2696 3665 ἠ
2743 3591 3042 3660 ἐπαγγελία
3074 3591 3170 3645 τοῦ
3226 3590 3532 3645 Ἐλισσαίου
3577 3590 3716 3659 πλη·

2133 3687 2300 3758 ρωθῇ,
2331 3684 2789 3756 διεσκεδάσθησαν
2822 3686 2878 3737 αί
2912 3682 3097 3755 βουλαὶ
3120 3684 3217 3755 τῆς
3246 3683 3469 3755 Συρίας,
3502 3682 3598 3736 καί⁵
3621 3698 3719 3735 κα-

2128 3777 2444 3841 ταλιπόντες
2485 3777 2582 3840 τὰς
2620 3776 2826 3848 σκηνὰς
2871 3778 3082 3832 ἑαυτῶν
3133 3777 3227 3831 καὶ
3266 3778 3446 3829 πᾶσαν
3484 3775 3584 3846 τὴν
3617 3789 3717 3826 πε-

2133 3868 2376 3939 ριουσίαν
2401 3867 2625 3937 ἔφυγον,
2654 3868 2921 3938 τοσαύτην
2954 3867 3208 3938 εὐθηνίαν
3241 3864 3630 3927 καταλιπόντες
3661 3865 3716 3916 ἐν

2131 3963 2196 4031 τῇ
2219 3959 2519 4032 Σαμαρείᾳ,
2555 3959 2695 4012 ὥστε
2750 3959 2945 4030 μέτρον
2994 3958 3324 4028 σεμιδάλεως
3366 3957 3548 4010 σίκλου
3571 3997 3585 4021 ,
3623 3955 3719 4012 καὶ

2131 4051 2385 4122 δίμετρον
2415 4049 2613 4121 κριθῆς
2659 4049 2777 4113 ἐνὸς
2816 4050 3000 4104 σίκλου
3048 4049 3364 4102 πωλεῖσθαι.
3418 4048 3573 4102 Οὕτω
3619 4047 3717 4115 μὲν

2132 4137 2225 4194 οὖν
2274 4142 2302 4193 ὁ
2346 4138 2551 4209 Κύριος
2579 4134 2687 4192 οἶδε
2721 4137 3094 4202 διασκεδάζειν
3129 4137 3325 4207 βουλὰς
3357 4136 3549 4190 ἐθνῶν.
3594 4135 3719 4198 Πῶς

2133 4231 2192 4284 δὲ
2224 4231 2407 4284 ἀθετεῖ
2442 4229 2635 4300 βουλὰς
2678 4229 2791 4299 (25)
2837 4231 3146 4301 ἀρχόντων,
3176 4228 3270 4281 ἐπὶ
3305 4226 3401 4281 τοῦ
3444 4227 3720 4297 Ἀχιτόφελ

455 4323 834 4388 minitantem,
885 4324 1293 4395 iactantemque
1335 4341 1394 4381 se
1441 4325 1533 4379 tibi
1594 4324 1773 4378 omnis
1823 4322 2025 4392 generis

2141 4326 2563 4395 μεμαθήκαμεν,
2619 4322 2708 4374 ὅτε
2756 4319 2960 4391 ηὔξατο
3012 4321 3177 4392 εὐχὴν
3232 4323 3261 4374 ὁ
3303 4320 3467 4374 Δαϐὶδ
3512 4320 3716 4387 λέγων’

456 4430 748 4479 erumnas,
782 4416 1004 4481 damna,
1066 4426 1157 4502 aut
1195 4418 1413 4488 plagas,
1456 4425 1550 4471 aut
1599 4427 1828 4469 mortem
1861 4414 2025 4467 illatu-

2136 4413 2551 4467 Διασκέδασον
2590 4412 2665 4481 δὴ
2715 4415 2830 4481 τὴν
2866 4412 3113 4481 ,ϐουλὴν
3170 4413 3504 4481 Ἀχιτόφελ.
3554 4412 3722 4463 Ὅταν

457 4523 599 4573 rum,
635 4508 846 4578 respice
889 4509 957 4563 ad
1006 4508 1289 4563 Dominum
1336 4509 1574 4579 gentium
1614 4507 1839 4561 consilia
1869 4504 2031 4560 dissi—

457 4610 699 4669 pantem,
733 4609 788 4654 et
815 4600 1137 4670 populorum
1172 4601 1525 4671 cogitationes
1558 4599 1961 4667 reprobantem.

2137 4500 2232 4558 οῦν
2263 4503 2504 4574 ἀκούσῃς
2534 4503 2677 4566 τινὸς
2706 4503 3053 4566 ἀπειλοῦντος
3078 4503 3307 4574 μεγάλα,
3332 4502 3427 4556 καὶ
3457 4499 3725 4568 ἐπαγγελ-

2139 4597 2366 4669 λομένου
2403 4613 2485 4649 σοι
2519 4595 2864 4660 παντοδαπὰς
2898 4595 3117 4660 ἐπάξειν
3158 4596 3462 4659 κακώσεις,
3501 4593 3721 4665 ζημίας,

458 4689 751 4763 ἧπληγὰς,
784 4692 818 4763 ἢ
855 4691 1139 4758 θανάτους,
1185 4691 1490 4762 ἀπόϐλεψον
1526 4691 1661 4765 πρὸς
1708 4689 1797 4744 τὸν
1838 4688 2042 4762 Κύριον
2077 4689 2169 4743 τὸν
2224 4688 2644 4753 διασκεδάζοντα
2714 4686 2908 4758 βουλάς
2948 4688 3151 4754 ἐθνῶν,
3188 4688 3282 4742 καὶ
3314 4686 3607 4742 ἀθετοῦντα
3635 4686 3725 4738 λο-

458 4787 689 4859 γισμοὺς
719 4787 886 4842 λαῶν.

529 4935 576 4967 ’⁸
607 4934 648 4989 ll
679 4933 809 5004 Cor.
850 4935 1019 4998 v.17.
1093 4936 1140 4968 "
1182 4935 1376 5004 Ephes.
1430 4946 1491 4999 ιι,
1542 4931 1632 4989 15.
1707 4931 1755 4964 ⁷⁸
1781 4929 1852 4987 IV
1874 4931 2005 5001 Reg.

2168 4928 2265 4996 25,
2313 4943 2417 4982 sec.
2455 4920 2627 4977 LXX.
2702 4917 2841 4975 "1V
2872 4917 3007 4990 Reg.
3045 4933 3142 4985 vlt,
3186 4914 3238 4983 1,
3294 4916 3384 4981 16,
3440 4913 3529 4969 18.
3601 4913 3646 4945 ⁸⁸
3679 4911 3723 4967 ll

460 5002 598 5077 Reg.
632 5020 727 5070 xv,
752 5003 842 5059 51.

555 5161 644 5233 ‘22)
668 5159 823 5233 Colb.
850 5158 1058 5233 primus
1086 5155 1307 5224 ἀνάγειν
1347 5153 1540 5233 ταῦταΣ

2141 5150 2270 5206 dere
2292 5158 2374 5203 est
2407 5156 2462 5204 et
2500 5147 2788 5202 lectionem
2820 5146 2980 5201 aliam
3005 5144 3169 5199 πέντε
3209 5143 3265 5199 in
3293 5144 3538 5211 margine
3568 5142 3719 5207 Regii

556 5212 647 5305 ’Ξῆ
675 5212 954 5286 ita—miihi
1002 5212 1278 5305 IIISSLCl'lm
1302 5226 1499 5305 ιειιλιίε.⁵
1520 5225 1656 5305 Reg.
1686 5222 1956 5305 secundus
1989 5235 2025 5275 e

2154 5219 2404 5305 secundi.
2461 5217 2873 5305 Totum~autem
2932 5216 3084 5305 illud,
3114 5216 3211 5305 ita}
3256 5215 3531 5305 receptos)
3556 5212 3722 5305 κάθου

461 5294 640 5359 ϐοίὺί
686 5311 873 5356 sextus
929 5313 1052 5353 cum
1110 5295 1315 5351 Catena
1361 5294 1585 5350 Corder.
1614 5294 1698 5349 ἐν
1769 5294 2043 5364 Ἰερουσα-

2144 5290 2352 5362 κόπρου
2380 5286 2717 5362 περιστερῶν
2747 5287 2906 5362 πέντε
2947 5285 3142 5340 σίκλων
3171 5285 3463 5362 ιίιργυρίουζ
3500 5287 3647 5362 deest
3672 5287 3722 5362 in

464 5354 861 5447 ῐῆῖεέᾱῆιει
919 5379 1120 5427 tamen.
1159 5376 1219 5419 ut
1256 5365 1460 5420 Catena
1495 5366 1719 5419 Corder.
1757 5354 2045 5446 leciionem
2146 5354 2280 5441 Reg}
2313 5354 2527 5440 Ψιθτξθο
2555 5354 2676 5412 Μδχ
2710 5358 2862 5412 "mm
2895 5372 3029 5413 mss'
3061 5354 3265 5427 σκηνὰς
3292 5354 3522 5409 eduram
3554 5354 3724 5409 Edim

465 5392 735 5498 vuiizatam
778 5439 996 5498 Ἰσραήλ
1019 5436 1275 5493 exhibeat
1303 5450 1516 5498 quoque
1545 5434 1600 5489 in
1643 5449 1906 5498 margine.
2147 5429 2322 5486 ParIS-
2346 5428 2548 5483 αὕτων·
2981 5495 3020 5498 --
3045 5496 3075 5498 η
3110 5496 3117 5498 .
3370 5495 3415 5498 η
3522 5497 3525 5498 ν
3578 5494 3591 5498 -

560 5459 623 5510 ga

503 5434 735 5510 digatam
778 5439 996 5512 Ἰσραήλ
1019 5436 1275 5512 exhibeat
1303 5450 1516 5503 quoque
1545 5434 1600 5489 in
1643 5436 1906 5512 margine.

539 5504 653 5583 (ΞΑ)
687 5504 1348 5583 Regii'tertius._quintus
1384 5516 1439 5560 et
1464 5516 1652 5583 sextus
1674 5514 1732 5583 et
1758 5504 1913 5583 Golb.
1957 5516 2043 5583 se-

468 5574 670 5652 ptimus
699 5574 821 5637 cuin
844 5581 1005 5635 editis
1038 5574 1204 5631 πέντε
1231 5575 1457 5653 σίκλων.
1493 5576 1562 5630 At
1595 5574 1901 5653 Colliertini
1934 5574 2047 5653 pri-

2147 5428 2322 5486 Paris.
2346 5428 2548 5483 αὐτῶν.

2221 5498 2336 5572 (‘25)
2394 5500 2469 5553 ita
2507 5498 2745 5572 quinque
2770 5512 2919 5572 Amss.
2980 5495 3122 5572 Editi
3172 5509 3305 5572 vero
3356 5495 3541 5550 ἀθετεῖ
3578 5494 3724 5572 λογι-

2154 5566 2346 5643 σμούς,
2388 5568 2630 5639 reprobat
2658 5566 3041 5643 cogita_tiones._
3083 5567 3279 5643 Statim
3322 5579 3507 5643 nostra
3555 5566 3724 5643 editio

470 5626 847 5715 itiiié'fériiiis,
873 5626 1120 5720 quartus,
1153 5649 1375 5720 quintus
1413 5656 1465 5699 et
1494 5655 1680 5720 sextus
1710 5626 2025 5720 cumRegii:

2152 5626 2346 5720 Elaris.
2369 5626 2912 5720 operarumin-"curia,
2942 5636 3201 5710 ἐπάρξειν
3240 5626 3725 5701 καίώσεις.Εὐί11υ

470 5723 649 5794 primo
675 5731 730 5778 et
764 5714 1001 5778 scotith
1042 5718 1234 5773 ἑκατὸν
1265 5716 1483 5783 σίκλων,
1520 5717 1667 5788 gravi
1706 5717 1918 5773 mendo.
1962 5714 2049 5769 Vi-

2152 5710 2315 5768 Basil.
2342 5720 2395 5768 et
2410 5707 2553 5767 mss.
2589 5710 2741 5766 multi
2776 5707 3025 5797 ἐπάξειν.⁸

2119 268 2121 319 ζ
2163 265 2379 324 MAGNI
3628 267 3751 322 3w

2126 403 2331 457 σματος
2357 388 2513 458 ἡμῶν
2543 386 2636 441 τοῦ
2668 387 2777 442 ἀπὸ
2805 388 2905 460 τῆς
2923 384 3028 458 γῆς
3054 385 3135 454 τὸ,
3175 385 3498 457 Ἔγενήθηο
3534 384 3655 437 ἐπὶ
3689 386 3759 439 δὲ

2119 479 2220 550 τῆς
2254 482 2373 533 κατ’
2406 480 2591 535 εἰκόνα
2627 479 2720 534 τοῦ
2750 480 2885 534 Θεοῦ
2925 479 3236 549 κτισθείσης
3269 480 3350 544 τὸ,
3399 480 3754 544 Ἐκτισθη.

2134 569 2350 640 Ἐπειδὴ
2399 570 2457 623 δὲ
2508 572 2541 641 ή
2591 570 2768 635 κτίσις
2814 571 2907 624 ἐπὶ
2943 571 3045 641 τῆς
3095 570 3577 641 μετακοσμήσεως
3644 565 3753 620 καὶ

2124 658 2460 729 βελτιώσεως
2494 661 2755 725 πολλάκις
2784 661 3140 732 λαμϐάνεται,
3172 661 3247 724 ὡς
3286 660 3369 725 τὸ,
3402 660 3483 714 Εἴ
3517 677 3629 725 τις
3675 658 3755 711 ἐν

2120 750 2354 819 Χριστῷ
2381 752 2557 819 καινὴ
2580 753 2781 819 κτίσις
2798 769 2812 783 ο
2842 752 2937 806 καὶ
2960 752 3042 817 τὸ,
3069 753 3203 808 Ἵνα
3228 750 3371 816 τοὺς
3392 750 3509 804 δύο
3535 750 3751 818 κτίσῃ

2120 847 2208 910 εὶς
2250 844 2359 898 ἕνα
2395 846 2606 899 καινὸν
2629 845 2944 914 ἄνθρωπον
2962 863 2975 876 ·
3010 846 3150 916 τάχα
3183 845 3244 898 τὸ
3297 844 3415 915 μὲν,
3466 841 3750 912 Ἐτενή-

2121 939 2216 1003 θη,
2242 936 2334 989 ἐπὶ
2356 937 2453 1006 τῆς
2474 935 2695 1007 πρώτης
2715 936 3021 999 οὐσιώσεως
3040 936 3133 989 τοῦ
3152 935 3437 1006 ἀνθρώπου
3453 934 3713 1002 λέγεται
3726 949 3744 961 ·

2119 1027 2180 1081 τὸ
2208 1027 2286 1092 δὲ,
2332 1028 2628 1096 Ἑκτίσθη,
2673 1028 2765 1081 ἐπὶ
2797 1029 2895 1099 τῆς
2925 1027 3180 1097 δευτέρας
3228 1025 3314 1078 διὰ
3344 1026 3446 1096 τῆς
3487 1026 3749 1095 χάριτος

2120 1119 2215 1172 τοῦ
2240 1120 2475 1191 Χριστοῦ
2499 1120 2929 1191 ἀναγεννήσεως.
2963 1119 3128 1173 Ὅσον
3160 1119 3217 1172 δὲ
3244 1119 3403 1186 λόγου
3432 1116 3605 1187 ψιλοῦ
3641 1116 3745 1168 ἐν·

2119 1211 2246 1283 τολή
2280 1211 2415 1265 Θεοῦ
2460 1212 2728 1284 διαφέρει,
2771 1211 3023 1265 τοσοῦτον
3057 1212 3285 1274 κτίσεως
3314 1209 3452 1280 πρὸς
3494 1204 3745 1276 γένεσίν

2120 1302 2236 1354 ἐστι
2284 1300 2345 1354 τὸ
2393 1301 2667 1373 διάφορον.
2732 1303 2948 1370 Κύριος
3022 1299 3393 1359 διωκεδὰζει
3463 1299 3741 1364 βουλὰς

2119 1388 2313 1445 ἐθνῶν
2330 1407 2343 1420 ⁸
2376 1390 2577 1444 ἀθετεῖ
2595 1389 2663 1443 δὲ
2688 1390 3020 1460 λογισμοὺς
3043 1389 3229 1445 λαῶν.
3264 1388 3571 1460 Ἐξήγησίς
3600 1390 3735 1441 ἐστι

2119 1481 2214 1535 τοῦ
2245 1482 2596 1554 προάγοντος,
2633 1482 2751 1546 πῶς
2786 1481 3000 1536 ἔκτισεν
3032 1484 3060 1534 ό
3103 1480 3235 1545 Θεὸς
3265 1482 3391 1544 τοὺς
3428 1482 3517 1542 είς
3550 1480 3735 1532 αὐτὸν

2121 1572 2570 1637 πεπιστευκότας,
2626 1574 2691 1625 ἐκ
2735 1569 2829 1624 τοῦ
2877 1570 3225 1624 διασκεδάσαι
3266 1567 3363 1631 τὰς
3410 1568 3729 1630 ἀσυνέτους

2124 1660 2318 1731 βουλὰς
2361 1661 2470 1715 τῶν
2502 1660 2667 1724 λαῶν,
2704 1660 2771 1724 ἃς
2803 1656 2949 1731 εἶχον
2982 1660 3111 1732 περὶ
3140 1658 3593 1730 είδωλολατρεεαν
3622 1658 3728 1711 καὶ

2122 1752 2250 1822 περὶ
2278 1753 2456 1805 πᾶσαν
2485 1753 2840 1825 ματαιότητα,
2864 1756 2959 1807 καὶ
2988 1754 3199 1808 ἀθετεῖν
3225 1755 3326 1817 τὰς
3361 1753 3566 1823 βουλὰς
3606 1753 3729 1806 τῶν

2120 1845 2414 1916 ἀρχόντων.
2448 1845 2680 1899 Δυνατὸν
2716 1846 2774 1899 δὲ
2819 1848 2914 1900 καὶ
2945 1848 3038 1901 ἐπὶ
3081 1847 3173 1901 τὸν
3208 1846 3303 1899 τοῦ
3339 1846 3554 1908 πάθους
3594 1863 3727 1899 και-
