  <div class='ocr_page' id='page_1' title='image "/cluster/home/n/w/nwhite01/storage/ocr_20150623/29/mdp.39015012934371/580.png"; bbox 0 0 4048 6220; ppageno 0'>
   <div class='ocr_carea' id='block_1_1' title="bbox 329 337 432 400">
    <p class='ocr_par' dir='ltr' id='par_1_1' title="bbox 329 337 432 400">
     <span class='ocr_line' id='line_1_1' title="bbox 329 337 432 400; baseline 0.029 -3"><span class='ocrx_word' id='word_1_1' title='bbox 329 337 432 400; x_wconf 72' lang='grc'><strong>341</strong></span> 
     </span>
    </p>
   </div>
   <div class='ocr_carea' id='block_1_2' title="bbox 327 553 1914 640">
    <p class='ocr_par' dir='ltr' id='par_1_2' title="bbox 327 553 1914 640">
     <span class='ocr_line' id='line_1_2' title="bbox 327 553 1914 640; baseline 0.012 -34"><span class='ocrx_word' id='word_1_2' title='bbox 327 555 608 622; x_wconf 73' lang='grc' dir='ltr'>λογισμοὶ</span> <span class='ocrx_word' id='word_1_3' title='bbox 646 553 757 623; x_wconf 82' lang='grc' dir='ltr'>τῆς</span> <span class='ocrx_word' id='word_1_4' title='bbox 799 556 1047 625; x_wconf 79' lang='grc' dir='ltr'>καρδίας</span> <span class='ocrx_word' id='word_1_5' title='bbox 1085 561 1272 615; x_wconf 86' lang='grc' dir='ltr'>αὐτοῦ</span> <span class='ocrx_word' id='word_1_6' title='bbox 1311 566 1398 628; x_wconf 80' lang='grc' dir='ltr'><strong>είς</strong></span> <span class='ocrx_word' id='word_1_7' title='bbox 1419 568 1634 634; x_wconf 74' lang='grc' dir='ltr'>γενεὰν</span> <span class='ocrx_word' id='word_1_8' title='bbox 1681 570 1781 623; x_wconf 79' lang='grc' dir='ltr'>καὶ</span> <span class='ocrx_word' id='word_1_9' title='bbox 1820 589 1914 640; x_wconf 81' lang='grc' dir='ltr'><strong>τε-</strong></span> 
     </span>
    </p>
   </div>
   <div class='ocr_carea' id='block_1_3' title="bbox 326 643 1912 728">
    <p class='ocr_par' dir='ltr' id='par_1_3' title="bbox 326 643 1912 728">
     <span class='ocr_line' id='line_1_3' title="bbox 326 643 1912 728; baseline 0.011 -32"><span class='ocrx_word' id='word_1_10' title='bbox 326 643 492 697; x_wconf 81' lang='grc' dir='ltr'>νεάν.</span> <span class='ocrx_word' id='word_1_11' title='bbox 523 645 635 715; x_wconf 82' lang='grc' dir='ltr'><strong>Οὐχ</strong></span> <span class='ocrx_word' id='word_1_12' title='bbox 653 648 785 716; x_wconf 79' lang='grc' dir='ltr'>ὁρᾷς</span> <span class='ocrx_word' id='word_1_13' title='bbox 811 647 882 700; x_wconf 82' lang='grc' dir='ltr'>τὰ</span> <span class='ocrx_word' id='word_1_14' title='bbox 907 647 1016 702; x_wconf 91' lang='grc' dir='ltr'><strong>τῶν</strong></span> <span class='ocrx_word' id='word_1_15' title='bbox 1041 649 1210 704; x_wconf 91' lang='grc' dir='ltr'>ἐθνῶν</span> <span class='ocrx_word' id='word_1_16' title='bbox 1241 653 1507 724; x_wconf 84' lang='grc' dir='ltr'><strong>δόγματα,</strong></span> <span class='ocrx_word' id='word_1_17' title='bbox 1541 656 1640 727; x_wconf 77' lang='grc' dir='ltr'><strong>τὴν</strong></span> <span class='ocrx_word' id='word_1_18' title='bbox 1677 661 1912 728; x_wconf 87' lang='grc' dir='ltr'>ματαίαν</span> 
     </span>
    </p>
   </div>
   <div class='ocr_carea' id='block_1_4' title="bbox 323 736 1912 823">
    <p class='ocr_par' dir='ltr' id='par_1_4' title="bbox 323 736 1912 823">
     <span class='ocr_line' id='line_1_4' title="bbox 323 736 1912 823; baseline 0.009 -32"><span class='ocrx_word' id='word_1_19' title='bbox 323 736 528 808; x_wconf 82' lang='grc' dir='ltr'>ταύτην</span> <span class='ocrx_word' id='word_1_20' title='bbox 577 738 917 808; x_wconf 74' lang='grc' dir='ltr'><strong>φιλοσοφίαν,</strong></span> <span class='ocrx_word' id='word_1_21' title='bbox 953 743 1100 806; x_wconf 84' lang='grc' dir='ltr'>ὃπως</span> <span class='ocrx_word' id='word_1_22' title='bbox 1141 743 1328 798; x_wconf 81' lang='grc' dir='ltr'>λεπτοὶ</span> <span class='ocrx_word' id='word_1_23' title='bbox 1371 748 1465 800; x_wconf 77' lang='grc' dir='ltr'>καὶ</span> <span class='ocrx_word' id='word_1_24' title='bbox 1498 751 1744 820; x_wconf 73' lang='grc' dir='ltr'>περιττοὶ</span> <span class='ocrx_word' id='word_1_25' title='bbox 1783 753 1912 823; x_wconf 84' lang='grc' dir='ltr'>περὶ</span> 
     </span>
    </p>
   </div>
   <div class='ocr_carea' id='block_1_5' title="bbox 323 828 1912 908">
    <p class='ocr_par' dir='ltr' id='par_1_5' title="bbox 323 828 1912 908">
     <span class='ocr_line' id='line_1_5' title="bbox 323 828 1912 908; baseline 0.011 -28"><span class='ocrx_word' id='word_1_26' title='bbox 323 828 425 890; x_wconf 85' lang='grc' dir='ltr'>τὰς</span> <span class='ocrx_word' id='word_1_27' title='bbox 447 830 701 900; x_wconf 84' lang='grc' dir='ltr'><strong>εὑρήσεις</strong></span> <span class='ocrx_word' id='word_1_28' title='bbox 728 833 834 884; x_wconf 85' lang='grc' dir='ltr'><strong>τῶν</strong></span> <span class='ocrx_word' id='word_1_29' title='bbox 859 833 1140 904; x_wconf 86' lang='grc' dir='ltr'><strong>δογμάτων</strong></span> <span class='ocrx_word' id='word_1_30' title='bbox 1171 838 1306 891; x_wconf 75' lang='grc' dir='ltr'>εἰσὶν</span> <span class='ocrx_word' id='word_1_31' title='bbox 1335 838 1391 890; x_wconf 80' lang='grc' dir='ltr'>ἔν</span> <span class='ocrx_word' id='word_1_32' title='bbox 1416 857 1474 892; x_wconf 89' lang='grc' dir='ltr'><strong>τε</strong></span> <span class='ocrx_word' id='word_1_33' title='bbox 1515 841 1751 908; x_wconf 81' lang='grc' dir='ltr'>λογικοῖς</span> <span class='ocrx_word' id='word_1_34' title='bbox 1780 843 1912 897; x_wconf 88' lang='grc' dir='ltr'>θεω-</span> 
     </span>
    </p>
   </div>
   <div class='ocr_carea' id='block_1_6' title="bbox 327 921 1910 1002">
    <p class='ocr_par' dir='ltr' id='par_1_6' title="bbox 327 921 1910 1002">
     <span class='ocr_line' id='line_1_6' title="bbox 327 921 1910 1002; baseline 0.011 -30"><span class='ocrx_word' id='word_1_35' title='bbox 327 921 534 992; x_wconf 87' lang='grc' dir='ltr'>ρήμασι</span> <span class='ocrx_word' id='word_1_36' title='bbox 567 923 658 976; x_wconf 73' lang='lat' dir='ltr'><strong>xui.</strong></span> <span class='ocrx_word' id='word_1_37' title='bbox 693 924 909 993; x_wconf 73' lang='grc' dir='ltr'>ἠθικαῖς</span> <span class='ocrx_word' id='word_1_38' title='bbox 939 927 1233 994; x_wconf 84' lang='grc' dir='ltr'>διατάξεσι,</span> <span class='ocrx_word' id='word_1_39' title='bbox 1271 931 1364 986; x_wconf 75' lang='grc' dir='ltr'><strong>καὶ</strong></span> <span class='ocrx_word' id='word_1_40' title='bbox 1401 933 1768 1002; x_wconf 88' lang='grc' dir='ltr'>φυσιολογίαις</span> <span class='ocrx_word' id='word_1_41' title='bbox 1799 939 1910 990; x_wconf 75' lang='grc' dir='ltr'>τισὶ</span> 
     </span>
    </p>
   </div>
   <div class='ocr_carea' id='block_1_7' title="bbox 326 1013 1905 1095">
    <p class='ocr_par' dir='ltr' id='par_1_7' title="bbox 326 1013 1905 1095">
     <span class='ocr_line' id='line_1_7' title="bbox 326 1013 1905 1095; baseline 0.008 -29"><span class='ocrx_word' id='word_1_42' title='bbox 326 1013 421 1066; x_wconf 79' lang='grc' dir='ltr'>καὶ</span> <span class='ocrx_word' id='word_1_43' title='bbox 445 1013 709 1085; x_wconf 83' lang='grc' dir='ltr'>δόγμασιν</span> <span class='ocrx_word' id='word_1_44' title='bbox 732 1016 911 1081; x_wconf 80' lang='grc' dir='ltr'>ἄλλοις</span> <span class='ocrx_word' id='word_1_45' title='bbox 942 1022 1053 1083; x_wconf 87' lang='grc' dir='ltr'>τοῖς</span> <span class='ocrx_word' id='word_1_46' title='bbox 1075 1023 1386 1084; x_wconf 83' lang='grc' dir='ltr'>ἐποπτικοῖς</span> <span class='ocrx_word' id='word_1_47' title='bbox 1417 1024 1530 1090; x_wconf 75' lang='grc'><strong>(26)</strong></span> <span class='ocrx_word' id='word_1_48' title='bbox 1560 1024 1905 1095; x_wconf 83' lang='grc' dir='ltr'>λεγομένοις;</span> 
     </span>
    </p>
   </div>
   <div class='ocr_carea' id='block_1_8' title="bbox 326 1105 1910 1189">
    <p class='ocr_par' dir='ltr' id='par_1_8' title="bbox 326 1105 1910 1189">
     <span class='ocr_line' id='line_1_8' title="bbox 326 1105 1910 1189; baseline 0.008 -31"><span class='ocrx_word' id='word_1_49' title='bbox 326 1105 444 1168; x_wconf 88' lang='grc' dir='ltr'><strong>πῶς</strong></span> <span class='ocrx_word' id='word_1_50' title='bbox 482 1106 852 1162; x_wconf 87' lang='grc' dir='ltr'>διεσκέδασται</span> <span class='ocrx_word' id='word_1_51' title='bbox 875 1110 1073 1175; x_wconf 89' lang='grc' dir='ltr'>πάντα,</span> <span class='ocrx_word' id='word_1_52' title='bbox 1099 1113 1192 1165; x_wconf 68' lang='grc' dir='ltr'><strong>καὶ</strong></span> <span class='ocrx_word' id='word_1_53' title='bbox 1213 1113 1526 1183; x_wconf 76' lang='grc' dir='ltr'>ἡχρείωται,</span> <span class='ocrx_word' id='word_1_54' title='bbox 1561 1117 1695 1186; x_wconf 85' lang='grc' dir='ltr'>μόνη</span> <span class='ocrx_word' id='word_1_55' title='bbox 1728 1118 1783 1170; x_wconf 91' lang='grc' dir='ltr'><strong>δέ</strong></span> <span class='ocrx_word' id='word_1_56' title='bbox 1813 1121 1910 1189; x_wconf 87' lang='grc' dir='ltr'>ἐμ-</span> 
     </span>
    </p>
   </div>
   <div class='ocr_carea' id='block_1_9' title="bbox 325 1197 1907 1278">
    <p class='ocr_par' dir='ltr' id='par_1_9' title="bbox 325 1197 1907 1278">
     <span class='ocr_line' id='line_1_9' title="bbox 325 1197 1907 1278; baseline 0.009 -29"><span class='ocrx_word' id='word_1_57' title='bbox 325 1197 669 1252; x_wconf 84' lang='grc' dir='ltr'>πολιτεύεται</span> <span class='ocrx_word' id='word_1_58' title='bbox 706 1200 800 1254; x_wconf 87' lang='grc' dir='ltr'><strong>νῦν</strong></span> <span class='ocrx_word' id='word_1_59' title='bbox 855 1202 932 1273; x_wconf 82' lang='grc' dir='ltr'><strong>τῷ</strong></span> <span class='ocrx_word' id='word_1_60' title='bbox 961 1203 1150 1275; x_wconf 80' lang='grc' dir='ltr'>κόσμῳ</span> <span class='ocrx_word' id='word_1_61' title='bbox 1189 1207 1222 1276; x_wconf 80' lang='grc' dir='ltr'>ἡ</span> <span class='ocrx_word' id='word_1_62' title='bbox 1275 1205 1499 1277; x_wconf 85' lang='grc' dir='ltr'>ἀλήθεια</span> <span class='ocrx_word' id='word_1_63' title='bbox 1535 1208 1629 1261; x_wconf 84' lang='grc' dir='ltr'><strong>τοῦ</strong></span> <span class='ocrx_word' id='word_1_64' title='bbox 1665 1210 1907 1278; x_wconf 81' lang='grc' dir='ltr'>Εὐαγγέ-</span> 
     </span>
    </p>
   </div>
   <div class='ocr_carea' id='block_1_10' title="bbox 325 1289 1904 1370">
    <p class='ocr_par' dir='ltr' id='par_1_10' title="bbox 325 1289 1904 1370">
     <span class='ocr_line' id='line_1_10' title="bbox 325 1289 1904 1370; baseline 0.009 -28"><span class='ocrx_word' id='word_1_65' title='bbox 325 1289 480 1355; x_wconf 83' lang='grc' dir='ltr'>λίου;</span> <span class='ocrx_word' id='word_1_66' title='bbox 529 1292 729 1345; x_wconf 74' lang='grc' dir='ltr'>Πολλαὶ</span> <span class='ocrx_word' id='word_1_67' title='bbox 762 1294 870 1363; x_wconf 79' lang='grc' dir='ltr'>γὰρ</span> <span class='ocrx_word' id='word_1_68' title='bbox 909 1296 963 1348; x_wconf 80' lang='grc' dir='ltr'><strong>αἱ</strong></span> <span class='ocrx_word' id='word_1_69' title='bbox 1017 1295 1200 1365; x_wconf 75' lang='grc' dir='ltr'>βουλαὶ</span> <span class='ocrx_word' id='word_1_70' title='bbox 1254 1299 1312 1350; x_wconf 90' lang='grc' dir='ltr'><strong>ἐν</strong></span> <span class='ocrx_word' id='word_1_71' title='bbox 1351 1299 1548 1370; x_wconf 80' lang='grc' dir='ltr'>καρδίᾳ</span> <span class='ocrx_word' id='word_1_72' title='bbox 1577 1299 1904 1370; x_wconf 58' lang='grc' dir='ltr'>ἀνθρώπων</span> 
     </span>
    </p>
   </div>
   <div class='ocr_carea' id='block_1_11' title="bbox 324 1381 1906 1460">
    <p class='ocr_par' dir='ltr' id='par_1_11' title="bbox 324 1381 1906 1460">
     <span class='ocr_line' id='line_1_11' title="bbox 324 1381 1906 1460; baseline 0.004 -24"><span class='ocrx_word' id='word_1_73' title='bbox 324 1381 441 1436; x_wconf 87' lang='grc' dir='ltr'>ἀλλ’</span> <span class='ocrx_word' id='word_1_74' title='bbox 475 1385 508 1453; x_wconf 81' lang='grc' dir='ltr'>ή</span> <span class='ocrx_word' id='word_1_75' title='bbox 549 1384 710 1456; x_wconf 83' lang='grc' dir='ltr'>βουλὴ</span> <span class='ocrx_word' id='word_1_76' title='bbox 735 1385 829 1438; x_wconf 91' lang='grc' dir='ltr'><strong>τοῦ</strong></span> <span class='ocrx_word' id='word_1_77' title='bbox 872 1387 1078 1457; x_wconf 86' lang='grc' dir='ltr'>Κυρίου</span> <span class='ocrx_word' id='word_1_78' title='bbox 1133 1388 1422 1460; x_wconf 77' lang='grc' dir='ltr'>ἐκράτησε.</span> <span class='ocrx_word' id='word_1_79' title='bbox 1475 1390 1585 1442; x_wconf 67' lang='grc' dir='ltr'><strong>Καὶ</strong></span> <span class='ocrx_word' id='word_1_80' title='bbox 1613 1391 1906 1459; x_wconf 81' lang='grc' dir='ltr'>ἀναγκαῖόν</span> 
     </span>
    </p>
   </div>
   <div class='ocr_carea' id='block_1_12' title="bbox 324 1477 1905 1554">
    <p class='ocr_par' dir='ltr' id='par_1_12' title="bbox 324 1477 1905 1554">
     <span class='ocr_line' id='line_1_12' title="bbox 324 1477 1905 1554; baseline 0.006 -26"><span class='ocrx_word' id='word_1_81' title='bbox 324 1493 418 1545; x_wconf 80' lang='grc' dir='ltr'><strong>γε,</strong></span> <span class='ocrx_word' id='word_1_82' title='bbox 452 1477 501 1529; x_wconf 81' lang='grc' dir='ltr'>εἰ</span> <span class='ocrx_word' id='word_1_83' title='bbox 535 1478 718 1548; x_wconf 83' lang='grc' dir='ltr'>μέλλοι</span> <span class='ocrx_word' id='word_1_84' title='bbox 763 1479 876 1549; x_wconf 71' lang='grc'><strong>(27)</strong></span> <span class='ocrx_word' id='word_1_85' title='bbox 925 1481 1148 1552; x_wconf 85' lang='grc' dir='ltr'>μόνιμος</span> <span class='ocrx_word' id='word_1_86' title='bbox 1195 1483 1289 1538; x_wconf 74' lang='grc' dir='ltr'><strong>καὶ</strong></span> <span class='ocrx_word' id='word_1_87' title='bbox 1321 1483 1507 1554; x_wconf 82' lang='grc' dir='ltr'>ἐδραία</span> <span class='ocrx_word' id='word_1_88' title='bbox 1549 1485 1582 1554; x_wconf 82' lang='grc' dir='ltr'>ἡ</span> <span class='ocrx_word' id='word_1_89' title='bbox 1617 1483 1769 1554; x_wconf 80' lang='grc' dir='ltr'>παρὰ</span> <span class='ocrx_word' id='word_1_90' title='bbox 1811 1484 1905 1537; x_wconf 86' lang='grc' dir='ltr'><strong>τοῦ</strong></span> 
     </span>
    </p>
   </div>
   <div class='ocr_carea' id='block_1_13' title="bbox 324 1568 1904 1646">
    <p class='ocr_par' dir='ltr' id='par_1_13' title="bbox 324 1568 1904 1646">
     <span class='ocr_line' id='line_1_13' title="bbox 324 1568 1904 1646; baseline 0.006 -25"><span class='ocrx_word' id='word_1_91' title='bbox 324 1568 460 1622; x_wconf 95' lang='grc' dir='ltr'>Θεοῦ</span> <span class='ocrx_word' id='word_1_92' title='bbox 485 1569 646 1641; x_wconf 84' lang='grc' dir='ltr'>βουλὴ</span> <span class='ocrx_word' id='word_1_93' title='bbox 676 1574 794 1635; x_wconf 86' lang='grc' dir='ltr'>ταῖς</span> <span class='ocrx_word' id='word_1_94' title='bbox 829 1572 1025 1642; x_wconf 75' lang='grc' dir='ltr'>ψυχαῖς</span> <span class='ocrx_word' id='word_1_95' title='bbox 1063 1574 1220 1644; x_wconf 83' lang='grc' dir='ltr'>ἡμῶν</span> <span class='ocrx_word' id='word_1_96' title='bbox 1257 1575 1635 1646; x_wconf 87' lang='grc' dir='ltr'>ὲναπομένειν,</span> <span class='ocrx_word' id='word_1_97' title='bbox 1683 1575 1904 1646; x_wconf 82' lang='grc' dir='ltr'>προδια-</span> 
     </span>
    </p>
   </div>
   <div class='ocr_carea' id='block_1_14' title="bbox 327 1661 1907 1737">
    <p class='ocr_par' dir='ltr' id='par_1_14' title="bbox 327 1661 1907 1737">
     <span class='ocr_line' id='line_1_14' title="bbox 327 1661 1907 1737; baseline 0.005 -25"><span class='ocrx_word' id='word_1_98' title='bbox 327 1661 690 1732; x_wconf 79' lang='grc' dir='ltr'>σκεδασθῆναι</span> <span class='ocrx_word' id='word_1_99' title='bbox 718 1664 982 1736; x_wconf 88' lang='grc' dir='ltr'>πρότερον</span> <span class='ocrx_word' id='word_1_100' title='bbox 1011 1667 1070 1719; x_wconf 94' lang='grc' dir='ltr'><strong>ἐν</strong></span> <span class='ocrx_word' id='word_1_101' title='bbox 1103 1668 1232 1736; x_wconf 80' lang='grc' dir='ltr'>ἡμῖν</span> <span class='ocrx_word' id='word_1_102' title='bbox 1261 1667 1386 1730; x_wconf 78' lang='grc' dir='ltr'>τοὺς</span> <span class='ocrx_word' id='word_1_103' title='bbox 1417 1666 1786 1737; x_wconf 82' lang='grc' dir='ltr'>ἀνθρωπίνους</span> <span class='ocrx_word' id='word_1_104' title='bbox 1820 1668 1907 1720; x_wconf 91' lang='grc' dir='ltr'>λο-</span> 
     </span>
    </p>
   </div>
   <div class='ocr_carea' id='block_1_15' title="bbox 325 1752 1930 1830">
    <p class='ocr_par' dir='ltr' id='par_1_15' title="bbox 325 1752 1930 1830">
     <span class='ocr_line' id='line_1_15' title="bbox 325 1752 1930 1830; baseline 0.006 -26"><span class='ocrx_word' id='word_1_105' title='bbox 325 1752 576 1822; x_wconf 78' lang='grc' dir='ltr'>γισμούς.</span> <span class='ocrx_word' id='word_1_106' title='bbox 621 1755 829 1826; x_wconf 82' lang='grc' dir='ltr'>Ὥσπερ</span> <span class='ocrx_word' id='word_1_107' title='bbox 871 1757 980 1827; x_wconf 82' lang='grc' dir='ltr'>γὰρ</span> <span class='ocrx_word' id='word_1_108' title='bbox 1029 1760 1057 1810; x_wconf 85' lang='grc' dir='ltr'>ὁ</span> <span class='ocrx_word' id='word_1_109' title='bbox 1106 1758 1338 1828; x_wconf 70' lang='grc' dir='ltr'>γράφειν</span> <span class='ocrx_word' id='word_1_110' title='bbox 1395 1759 1602 1828; x_wconf 80' lang='grc' dir='ltr'>μέλλων</span> <span class='ocrx_word' id='word_1_111' title='bbox 1624 1761 1682 1811; x_wconf 91' lang='grc' dir='ltr'><strong>ἐν</strong></span> <span class='ocrx_word' id='word_1_112' title='bbox 1726 1759 1930 1830; x_wconf 36' lang='grc' dir='ltr'>κηρῷ,</span> 
     </span>
    </p>
   </div>
   <div class='ocr_carea' id='block_1_16' title="bbox 323 1845 1902 1919">
    <p class='ocr_par' dir='ltr' id='par_1_16' title="bbox 323 1845 1902 1919">
     <span class='ocr_line' id='line_1_16' title="bbox 323 1845 1902 1919; baseline 0.005 -23"><span class='ocrx_word' id='word_1_113' title='bbox 323 1845 798 1916; x_wconf 72' lang='grc' dir='ltr'>προκαταλεαίνων</span> <span class='ocrx_word' id='word_1_114' title='bbox 828 1849 1109 1919; x_wconf 84' lang='grc' dir='ltr'>πρότερον,</span> <span class='ocrx_word' id='word_1_115' title='bbox 1137 1849 1309 1914; x_wconf 77' lang='grc' dir='ltr'>οὕτως</span> <span class='ocrx_word' id='word_1_116' title='bbox 1341 1852 1619 1904; x_wconf 75' lang='grc' dir='ltr'>ἐπιϐάλλει</span> <span class='ocrx_word' id='word_1_117' title='bbox 1651 1853 1776 1915; x_wconf 78' lang='grc' dir='ltr'>τοὺς</span> <span class='ocrx_word' id='word_1_118' title='bbox 1807 1852 1902 1904; x_wconf 84' lang='grc' dir='ltr'><strong>τύ-</strong></span> 
     </span>
    </p>
   </div>
   <div class='ocr_carea' id='block_1_17' title="bbox 322 1937 1901 2016">
    <p class='ocr_par' dir='ltr' id='par_1_17' title="bbox 322 1937 1901 2016">
     <span class='ocr_line' id='line_1_17' title="bbox 322 1937 1901 2016; baseline 0.006 -28"><span class='ocrx_word' id='word_1_119' title='bbox 322 1953 459 2001; x_wconf 84' lang='grc' dir='ltr'>πους</span> <span class='ocrx_word' id='word_1_120' title='bbox 487 1937 582 2001; x_wconf 82' lang='grc' dir='ltr'><strong>οὓς</strong></span> <span class='ocrx_word' id='word_1_121' title='bbox 621 1939 716 1992; x_wconf 76' lang='grc' dir='ltr'>ἐὰν</span> <span class='ocrx_word' id='word_1_122' title='bbox 743 1939 903 2013; x_wconf 73' lang='grc' dir='ltr'><strong>θέλῃ⁹</strong></span> <span class='ocrx_word' id='word_1_123' title='bbox 934 1942 1076 1996; x_wconf 75' lang='grc' dir='ltr'>οὕτω</span> <span class='ocrx_word' id='word_1_124' title='bbox 1116 1945 1210 1998; x_wconf 61' lang='grc' dir='ltr'><strong>καῖ⁸</strong></span> <span class='ocrx_word' id='word_1_125' title='bbox 1251 1944 1474 2014; x_wconf 82' lang='grc' dir='ltr'>καρδίαν</span> <span class='ocrx_word' id='word_1_126' title='bbox 1505 1945 1609 2016; x_wconf 82' lang='grc' dir='ltr'>χρὴ</span> <span class='ocrx_word' id='word_1_127' title='bbox 1639 1945 1736 2015; x_wconf 82' lang='grc' dir='ltr'>τὴν</span> <span class='ocrx_word' id='word_1_128' title='bbox 1773 1945 1901 2014; x_wconf 80' lang='grc' dir='ltr'>μέλ-</span> 
     </span>
    </p>
   </div>
   <div class='ocr_carea' id='block_1_18' title="bbox 323 2028 1901 2109">
    <p class='ocr_par' dir='ltr' id='par_1_18' title="bbox 323 2028 1901 2109">
     <span class='ocr_line' id='line_1_18' title="bbox 323 2028 1901 2109; baseline 0.006 -29"><span class='ocrx_word' id='word_1_129' title='bbox 323 2028 520 2082; x_wconf 82' lang='grc' dir='ltr'>λουσαν</span> <span class='ocrx_word' id='word_1_130' title='bbox 555 2031 767 2101; x_wconf 84' lang='grc' dir='ltr'>τρανῶς</span> <span class='ocrx_word' id='word_1_131' title='bbox 802 2032 1154 2102; x_wconf 81' lang='grc' dir='ltr'>ὑποδέχεσθαι</span> <span class='ocrx_word' id='word_1_132' title='bbox 1184 2032 1250 2086; x_wconf 73' lang='grc' dir='ltr'>τὰ</span> <span class='ocrx_word' id='word_1_133' title='bbox 1286 2033 1402 2088; x_wconf 89' lang='grc' dir='ltr'>θεῖα</span> <span class='ocrx_word' id='word_1_134' title='bbox 1448 2034 1622 2102; x_wconf 87' lang='grc' dir='ltr'>λόγια,</span> <span class='ocrx_word' id='word_1_135' title='bbox 1657 2037 1901 2109; x_wconf 80' lang='grc' dir='ltr'>καθαρὰν</span> 
     </span>
    </p>
   </div>
   <div class='ocr_carea' id='block_1_19' title="bbox 322 2117 1899 2194">
    <p class='ocr_par' dir='ltr' id='par_1_19' title="bbox 322 2117 1899 2194">
     <span class='ocr_line' id='line_1_19' title="bbox 322 2117 1899 2194; baseline 0.004 -22"><span class='ocrx_word' id='word_1_136' title='bbox 322 2117 386 2172; x_wconf 75' lang='grc' dir='ltr'><strong>ἐκ</strong></span> <span class='ocrx_word' id='word_1_137' title='bbox 418 2117 526 2170; x_wconf 90' lang='grc' dir='ltr'><strong>τῶν</strong></span> <span class='ocrx_word' id='word_1_138' title='bbox 557 2121 812 2172; x_wconf 74' lang='grc' dir='ltr'>ἐναντίων</span> <span class='ocrx_word' id='word_1_139' title='bbox 851 2121 1125 2191; x_wconf 82' lang='grc' dir='ltr'>λογισμῶν</span> <span class='ocrx_word' id='word_1_140' title='bbox 1165 2122 1569 2192; x_wconf 76' lang='grc' dir='ltr'>ἀποδειχθῆναι.</span> <span class='ocrx_word' id='word_1_141' title='bbox 1614 2127 1899 2194; x_wconf 78' lang='grc' dir='ltr'>Λογισμοὶ</span> 
     </span>
    </p>
   </div>
   <div class='ocr_carea' id='block_1_20' title="bbox 321 2207 1901 2285">
    <p class='ocr_par' dir='ltr' id='par_1_20' title="bbox 321 2207 1901 2285">
     <span class='ocr_line' id='line_1_20' title="bbox 321 2207 1901 2285; baseline 0.004 -23"><span class='ocrx_word' id='word_1_142' title='bbox 321 2207 432 2276; x_wconf 82' lang='grc' dir='ltr'>τῆς</span> <span class='ocrx_word' id='word_1_143' title='bbox 451 2211 700 2278; x_wconf 75' lang='grc' dir='ltr'>καρδίας</span> <span class='ocrx_word' id='word_1_144' title='bbox 739 2213 926 2266; x_wconf 82' lang='grc' dir='ltr'>αὐτοῦ</span> <span class='ocrx_word' id='word_1_145' title='bbox 955 2215 1042 2278; x_wconf 83' lang='grc' dir='ltr'>εὶς</span> <span class='ocrx_word' id='word_1_146' title='bbox 1081 2215 1294 2280; x_wconf 77' lang='grc' dir='ltr'>γενεὰν</span> <span class='ocrx_word' id='word_1_147' title='bbox 1330 2215 1428 2267; x_wconf 75' lang='grc' dir='ltr'>καὶ</span> <span class='ocrx_word' id='word_1_148' title='bbox 1475 2215 1705 2285; x_wconf 74' lang='grc' dir='ltr'>γενεάν.</span> <span class='ocrx_word' id='word_1_149' title='bbox 1751 2217 1901 2269; x_wconf 78' lang='grc' dir='ltr'>Ἐπεὶ</span> 
     </span>
    </p>
   </div>
   <div class='ocr_carea' id='block_1_21' title="bbox 319 2296 1901 2375">
    <p class='ocr_par' dir='ltr' id='par_1_21' title="bbox 319 2296 1901 2375">
     <span class='ocr_line' id='line_1_21' title="bbox 319 2296 1901 2375; baseline 0.006 -23"><span class='ocrx_word' id='word_1_150' title='bbox 319 2296 412 2353; x_wconf 81' lang='grc' dir='ltr'><strong>οῦν</strong></span> <span class='ocrx_word' id='word_1_151' title='bbox 440 2301 533 2353; x_wconf 86' lang='grc' dir='ltr'><strong>δύο</strong></span> <span class='ocrx_word' id='word_1_152' title='bbox 586 2305 722 2355; x_wconf 72' lang='grc' dir='ltr'>εἰσιν</span> <span class='ocrx_word' id='word_1_153' title='bbox 770 2306 817 2356; x_wconf 91' lang='grc' dir='ltr'>οἱ</span> <span class='ocrx_word' id='word_1_154' title='bbox 855 2303 1100 2358; x_wconf 76' lang='grc' dir='ltr'>ἐκλεκτοὶ</span> <span class='ocrx_word' id='word_1_155' title='bbox 1146 2306 1259 2375; x_wconf 70' lang='lat'><strong>(28)</strong></span> <span class='ocrx_word' id='word_1_156' title='bbox 1302 2306 1441 2368; x_wconf 77' lang='grc' dir='ltr'>λαοὶ,</span> <span class='ocrx_word' id='word_1_157' title='bbox 1471 2309 1566 2360; x_wconf 75' lang='grc' dir='ltr'><strong>καὶ</strong></span> <span class='ocrx_word' id='word_1_158' title='bbox 1597 2308 1690 2361; x_wconf 84' lang='grc' dir='ltr'>δύο</span> <span class='ocrx_word' id='word_1_159' title='bbox 1719 2308 1901 2372; x_wconf 82' lang='grc' dir='ltr'>αὐτοῖς</span> 
     </span>
    </p>
   </div>
   <div class='ocr_carea' id='block_1_22' title="bbox 317 2390 1902 2466">
    <p class='ocr_par' dir='ltr' id='par_1_22' title="bbox 317 2390 1902 2466">
     <span class='ocr_line' id='line_1_22' title="bbox 317 2390 1902 2466; baseline 0.004 -22"><span class='ocrx_word' id='word_1_160' title='bbox 317 2390 570 2462; x_wconf 83' lang='grc' dir='ltr'>διαθῆκαί</span> <span class='ocrx_word' id='word_1_161' title='bbox 601 2397 705 2447; x_wconf 88' lang='grc' dir='ltr'>εἰσι</span> <span class='ocrx_word' id='word_1_162' title='bbox 736 2394 1136 2466; x_wconf 86' lang='grc' dir='ltr'>δεδωρημέναι,</span> <span class='ocrx_word' id='word_1_163' title='bbox 1170 2397 1422 2451; x_wconf 85' lang='grc' dir='ltr'>δύνανται</span> <span class='ocrx_word' id='word_1_164' title='bbox 1463 2397 1602 2451; x_wconf 80' lang='grc' dir='ltr'>κατὰ</span> <span class='ocrx_word' id='word_1_165' title='bbox 1643 2398 1737 2463; x_wconf 85' lang='grc' dir='ltr'><strong>τὸ,</strong></span> <span class='ocrx_word' id='word_1_166' title='bbox 1792 2404 1902 2453; x_wconf 89' lang='grc' dir='ltr'><strong>Λο-</strong></span> 
     </span>
    </p>
   </div>
   <div class='ocr_carea' id='block_1_23' title="bbox 317 2485 1898 2561">
    <p class='ocr_par' dir='ltr' id='par_1_23' title="bbox 317 2485 1898 2561">
     <span class='ocr_line' id='line_1_23' title="bbox 317 2485 1898 2561; baseline 0.006 -25"><span class='ocrx_word' id='word_1_167' title='bbox 317 2486 517 2552; x_wconf 79' lang='grc' dir='ltr'>γισμοὶ</span> <span class='ocrx_word' id='word_1_168' title='bbox 547 2485 652 2554; x_wconf 83' lang='grc' dir='ltr'>τῆς</span> <span class='ocrx_word' id='word_1_169' title='bbox 682 2487 928 2555; x_wconf 73' lang='grc' dir='ltr'>καρδίας</span> <span class='ocrx_word' id='word_1_170' title='bbox 956 2489 1142 2543; x_wconf 82' lang='grc' dir='ltr'>αὐτοῦ</span> <span class='ocrx_word' id='word_1_171' title='bbox 1174 2493 1262 2556; x_wconf 82' lang='grc' dir='ltr'>εὶς</span> <span class='ocrx_word' id='word_1_172' title='bbox 1299 2491 1512 2560; x_wconf 70' lang='grc' dir='ltr'>γενεὰν</span> <span class='ocrx_word' id='word_1_173' title='bbox 1545 2491 1644 2545; x_wconf 74' lang='grc' dir='ltr'>καὶ</span> <span class='ocrx_word' id='word_1_174' title='bbox 1665 2491 1898 2561; x_wconf 81' lang='grc' dir='ltr'>γενεὰν,</span> 
     </span>
    </p>
   </div>
   <div class='ocr_carea' id='block_1_24' title="bbox 317 2575 1900 2653">
    <p class='ocr_par' dir='ltr' id='par_1_24' title="bbox 317 2575 1900 2653">
     <span class='ocr_line' id='line_1_24' title="bbox 317 2575 1900 2653; baseline 0.007 -25"><span class='ocrx_word' id='word_1_175' title='bbox 317 2575 400 2638; x_wconf 85' lang='grc' dir='ltr'><strong>δίς</strong></span> <span class='ocrx_word' id='word_1_176' title='bbox 431 2577 529 2644; x_wconf 79' lang='grc' dir='ltr'>τῆς</span> <span class='ocrx_word' id='word_1_177' title='bbox 553 2581 744 2644; x_wconf 80' lang='grc' dir='ltr'>γενεᾶς</span> <span class='ocrx_word' id='word_1_178' title='bbox 779 2580 1184 2652; x_wconf 77' lang='grc' dir='ltr'>ὀνομαζομένης</span> <span class='ocrx_word' id='word_1_179' title='bbox 1203 2623 1217 2645; x_wconf 92' lang='grc'><strong>,</strong></span> <span class='ocrx_word' id='word_1_180' title='bbox 1248 2582 1340 2636; x_wconf 85' lang='grc' dir='ltr'>δύο</span> <span class='ocrx_word' id='word_1_181' title='bbox 1363 2584 1600 2637; x_wconf 84' lang='grc' dir='ltr'>νοεῖσθαι</span> <span class='ocrx_word' id='word_1_182' title='bbox 1629 2585 1722 2637; x_wconf 79' lang='grc' dir='ltr'><strong>καὶ</strong></span> <span class='ocrx_word' id='word_1_183' title='bbox 1755 2584 1900 2653; x_wconf 86' lang='grc' dir='ltr'>λογι-</span> 
     </span>
    </p>
   </div>
   <div class='ocr_carea' id='block_1_25' title="bbox 322 2665 1900 2746">
    <p class='ocr_par' dir='ltr' id='par_1_25' title="bbox 322 2665 1900 2746">
     <span class='ocr_line' id='line_1_25' title="bbox 322 2665 1900 2746; baseline 0.008 -28"><span class='ocrx_word' id='word_1_184' title='bbox 322 2667 474 2737; x_wconf 70' lang='grc' dir='ltr'>σμοίο</span> <span class='ocrx_word' id='word_1_185' title='bbox 504 2665 582 2732; x_wconf 74' lang='grc' dir='ltr'>εἷς</span> <span class='ocrx_word' id='word_1_186' title='bbox 616 2671 713 2739; x_wconf 86' lang='grc' dir='ltr'><strong>μὲν</strong></span> <span class='ocrx_word' id='word_1_187' title='bbox 741 2672 862 2724; x_wconf 78' lang='grc' dir='ltr'>καθ’</span> <span class='ocrx_word' id='word_1_188' title='bbox 896 2673 952 2724; x_wconf 83' lang='grc' dir='ltr'>ὃν</span> <span class='ocrx_word' id='word_1_189' title='bbox 993 2675 1092 2744; x_wconf 82' lang='grc' dir='ltr'>τὴν</span> <span class='ocrx_word' id='word_1_190' title='bbox 1127 2675 1395 2746; x_wconf 73' lang='grc' dir='ltr'>προτέραν</span> <span class='ocrx_word' id='word_1_191' title='bbox 1439 2675 1736 2746; x_wconf 81' lang='grc' dir='ltr'>ἐδεξάμεθα</span> <span class='ocrx_word' id='word_1_192' title='bbox 1773 2681 1900 2730; x_wconf 88' lang='grc' dir='ltr'>Δια-</span> 
     </span>
    </p>
   </div>
   <div class='ocr_carea' id='block_1_26' title="bbox 321 2760 1898 2843">
    <p class='ocr_par' dir='ltr' id='par_1_26' title="bbox 321 2760 1898 2843">
     <span class='ocr_line' id='line_1_26' title="bbox 321 2760 1898 2843; baseline 0.008 -33"><span class='ocrx_word' id='word_1_193' title='bbox 321 2760 515 2829; x_wconf 82' lang='grc' dir='ltr'>θήκην,</span> <span class='ocrx_word' id='word_1_194' title='bbox 562 2762 743 2843; x_wconf 69' lang='grc' dir='ltr'>ἕτερος</span> <span class='ocrx_word' id='word_1_195' title='bbox 787 2763 842 2816; x_wconf 83' lang='grc' dir='ltr'><strong>δέ</strong></span> <span class='ocrx_word' id='word_1_196' title='bbox 887 2767 916 2817; x_wconf 85' lang='grc' dir='ltr'>ὁ</span> <span class='ocrx_word' id='word_1_197' title='bbox 964 2764 1060 2835; x_wconf 81' lang='grc' dir='ltr'><strong>τὴν</strong></span> <span class='ocrx_word' id='word_1_198' title='bbox 1111 2767 1300 2838; x_wconf 85' lang='grc' dir='ltr'>καινὴν</span> <span class='ocrx_word' id='word_1_199' title='bbox 1356 2770 1449 2821; x_wconf 76' lang='grc' dir='ltr'><strong>καὶ</strong></span> <span class='ocrx_word' id='word_1_200' title='bbox 1491 2769 1753 2840; x_wconf 82' lang='grc' dir='ltr'>σωτήριον</span> <span class='ocrx_word' id='word_1_201' title='bbox 1805 2769 1898 2822; x_wconf 88' lang='grc' dir='ltr'><strong>τοῦ</strong></span> 
     </span>
    </p>
   </div>
   <div class='ocr_carea' id='block_1_27' title="bbox 319 2852 1901 2930">
    <p class='ocr_par' dir='ltr' id='par_1_27' title="bbox 319 2852 1901 2930">
     <span class='ocr_line' id='line_1_27' title="bbox 319 2852 1901 2930; baseline 0.007 -27"><span class='ocrx_word' id='word_1_202' title='bbox 319 2852 556 2922; x_wconf 85' lang='grc' dir='ltr'>Χριστοῦ</span> <span class='ocrx_word' id='word_1_203' title='bbox 608 2854 954 2914; x_wconf 70' lang='grc' dir='ltr'>διδασκαλίαν</span> <span class='ocrx_word' id='word_1_204' title='bbox 995 2861 1124 2928; x_wconf 83' lang='grc' dir='ltr'>ἡμῖν</span> <span class='ocrx_word' id='word_1_205' title='bbox 1163 2859 1548 2930; x_wconf 85' lang='grc' dir='ltr'>χαρισάμενος,</span> <span class='ocrx_word' id='word_1_206' title='bbox 1601 2861 1901 2930; x_wconf 77' lang='grc' dir='ltr'>Μακάρων</span> 
     </span>
    </p>
   </div>
   <div class='ocr_carea' id='block_1_28' title="bbox 320 2941 1900 3019">
    <p class='ocr_par' dir='ltr' id='par_1_28' title="bbox 320 2941 1900 3019">
     <span class='ocr_line' id='line_1_28' title="bbox 320 2941 1900 3019; baseline 0.007 -24"><span class='ocrx_word' id='word_1_207' title='bbox 320 2943 388 2995; x_wconf 79' lang='grc' dir='ltr'>τὸ</span> <span class='ocrx_word' id='word_1_208' title='bbox 429 2942 603 3009; x_wconf 80' lang='grc' dir='ltr'>ἔθνος</span> <span class='ocrx_word' id='word_1_209' title='bbox 626 2941 697 3000; x_wconf 87' lang='grc' dir='ltr'>οὗ</span> <span class='ocrx_word' id='word_1_210' title='bbox 730 2947 860 2999; x_wconf 86' lang='grc' dir='ltr'>ἐστι</span> <span class='ocrx_word' id='word_1_211' title='bbox 891 2949 1104 3016; x_wconf 80' lang='grc' dir='ltr'>Κύριος</span> <span class='ocrx_word' id='word_1_212' title='bbox 1143 2954 1175 3003; x_wconf 87' lang='grc' dir='ltr'><strong><em>ό</em></strong></span> <span class='ocrx_word' id='word_1_213' title='bbox 1219 2951 1362 3013; x_wconf 75' lang='grc' dir='ltr'>Θεὸς</span> <span class='ocrx_word' id='word_1_214' title='bbox 1403 2952 1610 3013; x_wconf 79' lang='grc' dir='ltr'>αὐτοῦ,</span> <span class='ocrx_word' id='word_1_215' title='bbox 1657 2953 1807 3019; x_wconf 80' lang='grc' dir='ltr'>λαὸς</span> <span class='ocrx_word' id='word_1_216' title='bbox 1830 2953 1900 3006; x_wconf 81' lang='grc' dir='ltr'>ὃν</span> 
     </span>
    </p>
   </div>
   <div class='ocr_carea' id='block_1_29' title="bbox 319 3033 1900 3117">
    <p class='ocr_par' dir='ltr' id='par_1_29' title="bbox 319 3033 1900 3117">
     <span class='ocr_line' id='line_1_29' title="bbox 319 3033 1900 3117; baseline 0.008 -31"><span class='ocrx_word' id='word_1_217' title='bbox 319 3033 638 3098; x_wconf 78' lang='grc' dir='ltr'>ἐξελέξατο</span> <span class='ocrx_word' id='word_1_218' title='bbox 685 3039 770 3102; x_wconf 81' lang='grc' dir='ltr'><strong>είς</strong></span> <span class='ocrx_word' id='word_1_219' title='bbox 793 3042 1193 3109; x_wconf 76' lang='grc' dir='ltr'>κληρονομίαν</span> <span class='ocrx_word' id='word_1_220' title='bbox 1225 3041 1434 3106; x_wconf 82' lang='grc' dir='ltr'>ἐαυτῷ.</span> <span class='ocrx_word' id='word_1_221' title='bbox 1459 3045 1644 3107; x_wconf 77' lang='grc' dir='ltr'>Οὐδεὶς</span> <span class='ocrx_word' id='word_1_222' title='bbox 1669 3045 1900 3117; x_wconf 87' lang='grc' dir='ltr'>μακαρί-</span> 
     </span>
    </p>
   </div>
   <div class='ocr_carea' id='block_1_30' title="bbox 322 3125 1966 3223">
    <p class='ocr_par' dir='ltr' id='par_1_30' title="bbox 322 3125 1966 3223">
     <span class='ocr_line' id='line_1_30' title="bbox 322 3125 1966 3223; baseline 0.006 -44"><span class='ocrx_word' id='word_1_223' title='bbox 322 3125 404 3190; x_wconf 79' lang='grc' dir='ltr'>ζει</span> <span class='ocrx_word' id='word_1_224' title='bbox 440 3128 530 3180; x_wconf 83' lang='grc' dir='ltr'><strong>τὸν</strong></span> <span class='ocrx_word' id='word_1_225' title='bbox 576 3128 702 3181; x_wconf 86' lang='grc' dir='ltr'>λαὸν</span> <span class='ocrx_word' id='word_1_226' title='bbox 731 3129 839 3184; x_wconf 91' lang='grc' dir='ltr'><strong>τῶν</strong></span> <span class='ocrx_word' id='word_1_227' title='bbox 883 3130 1167 3194; x_wconf 86' lang='grc' dir='ltr'>Ἰουδαίων,</span> <span class='ocrx_word' id='word_1_228' title='bbox 1214 3133 1350 3186; x_wconf 78' lang='grc' dir='ltr'>ἀλλὰ</span> <span class='ocrx_word' id='word_1_229' title='bbox 1381 3135 1470 3187; x_wconf 87' lang='grc' dir='ltr'><strong>τὸν</strong></span> <span class='ocrx_word' id='word_1_230' title='bbox 1498 3135 1623 3188; x_wconf 77' lang='grc' dir='ltr'>λαὸν</span> <span class='ocrx_word' id='word_1_231' title='bbox 1661 3137 1751 3190; x_wconf 86' lang='grc' dir='ltr'><strong>τὸν</strong></span> <span class='ocrx_word' id='word_1_232' title='bbox 1792 3137 1897 3190; x_wconf 85' lang='grc' dir='ltr'><strong>ἀπὸ</strong></span> <span class='ocrx_word' id='word_1_233' title='bbox 1925 3168 1966 3223; x_wconf 79' lang='lat' dir='ltr'><strong><em>C</em></strong></span> 
     </span>
    </p>
   </div>
   <div class='ocr_carea' id='block_1_31' title="bbox 321 3221 1898 3298">
    <p class='ocr_par' dir='ltr' id='par_1_31' title="bbox 321 3221 1898 3298">
     <span class='ocr_line' id='line_1_31' title="bbox 321 3221 1898 3298; baseline 0.005 -26"><span class='ocrx_word' id='word_1_234' title='bbox 321 3221 538 3273; x_wconf 84' lang='grc' dir='ltr'>πάντων</span> <span class='ocrx_word' id='word_1_235' title='bbox 581 3221 688 3274; x_wconf 90' lang='grc' dir='ltr'><strong>τῶν</strong></span> <span class='ocrx_word' id='word_1_236' title='bbox 734 3221 874 3276; x_wconf 89' lang='grc' dir='ltr'>λαῶν</span> <span class='ocrx_word' id='word_1_237' title='bbox 919 3224 1228 3296; x_wconf 82' lang='grc' dir='ltr'>ἀριστίνδην</span> <span class='ocrx_word' id='word_1_238' title='bbox 1263 3224 1655 3297; x_wconf 84' lang='grc' dir='ltr'>ἐξειλεγμένον.</span> <span class='ocrx_word' id='word_1_239' title='bbox 1709 3228 1898 3298; x_wconf 85' lang='grc' dir='ltr'>Ἡμεῖς</span> 
     </span>
    </p>
   </div>
   <div class='ocr_carea' id='block_1_32' title="bbox 320 3309 1894 3390">
    <p class='ocr_par' dir='ltr' id='par_1_32' title="bbox 320 3309 1894 3390">
     <span class='ocr_line' id='line_1_32' title="bbox 320 3309 1894 3390; baseline 0.004 -24"><span class='ocrx_word' id='word_1_240' title='bbox 320 3312 428 3381; x_wconf 75' lang='grc' dir='ltr'><strong>γάρ</strong></span> <span class='ocrx_word' id='word_1_241' title='bbox 468 3314 633 3382; x_wconf 88' lang='grc' dir='ltr'>ἐσμεν</span> <span class='ocrx_word' id='word_1_242' title='bbox 657 3313 717 3366; x_wconf 84' lang='grc' dir='ltr'><strong>τὸ</strong></span> <span class='ocrx_word' id='word_1_243' title='bbox 757 3313 927 3380; x_wconf 80' lang='grc' dir='ltr'>ἔθνος,</span> <span class='ocrx_word' id='word_1_244' title='bbox 965 3309 1039 3370; x_wconf 85' lang='grc' dir='ltr'>ὧν</span> <span class='ocrx_word' id='word_1_245' title='bbox 1089 3317 1205 3370; x_wconf 91' lang='grc' dir='ltr'>ἐστι</span> <span class='ocrx_word' id='word_1_246' title='bbox 1243 3318 1447 3390; x_wconf 81' lang='grc' dir='ltr'>Κύριος</span> <span class='ocrx_word' id='word_1_247' title='bbox 1484 3321 1512 3372; x_wconf 88' lang='grc' dir='ltr'>ὁ</span> <span class='ocrx_word' id='word_1_248' title='bbox 1541 3318 1671 3383; x_wconf 83' lang='grc' dir='ltr'>Θεὸς</span> <span class='ocrx_word' id='word_1_249' title='bbox 1701 3319 1856 3390; x_wconf 80' lang='grc' dir='ltr'>ἡμῶν</span> <span class='ocrx_word' id='word_1_250' title='bbox 1879 3337 1894 3351; x_wconf 87' lang='grc'><strong>·</strong></span> 
     </span>
    </p>
   </div>
   <div class='ocr_carea' id='block_1_33' title="bbox 321 3401 1896 3480">
    <p class='ocr_par' dir='ltr' id='par_1_33' title="bbox 321 3401 1896 3480">
     <span class='ocr_line' id='line_1_33' title="bbox 321 3401 1896 3480; baseline 0.006 -28"><span class='ocrx_word' id='word_1_251' title='bbox 321 3401 481 3472; x_wconf 71' lang='grc' dir='ltr'>ἡμεῖς</span> <span class='ocrx_word' id='word_1_252' title='bbox 519 3405 685 3473; x_wconf 86' lang='grc' dir='ltr'>ἐσμεν</span> <span class='ocrx_word' id='word_1_253' title='bbox 718 3406 810 3457; x_wconf 80' lang='grc' dir='ltr'><strong>καὶ</strong></span> <span class='ocrx_word' id='word_1_254' title='bbox 852 3405 978 3468; x_wconf 80' lang='grc' dir='ltr'>λαὸς</span> <span class='ocrx_word' id='word_1_255' title='bbox 1009 3406 1067 3458; x_wconf 85' lang='grc' dir='ltr'>ὃν</span> <span class='ocrx_word' id='word_1_256' title='bbox 1095 3407 1376 3471; x_wconf 75' lang='grc' dir='ltr'>ἐξελέξατο</span> <span class='ocrx_word' id='word_1_257' title='bbox 1415 3410 1494 3471; x_wconf 87' lang='grc' dir='ltr'>εἰς</span> <span class='ocrx_word' id='word_1_258' title='bbox 1533 3409 1896 3480; x_wconf 81' lang='grc' dir='ltr'>κληρονομίαν</span> 
     </span>
    </p>
   </div>
   <div class='ocr_carea' id='block_1_34' title="bbox 321 3495 1884 3568">
    <p class='ocr_par' dir='ltr' id='par_1_34' title="bbox 321 3495 1884 3568">
     <span class='ocr_line' id='line_1_34' title="bbox 321 3495 1884 3568; baseline 0.004 -22"><span class='ocrx_word' id='word_1_259' title='bbox 321 3495 534 3566; x_wconf 72' lang='grc' dir='ltr'>ἐαυτῷο</span> <span class='ocrx_word' id='word_1_260' title='bbox 588 3497 737 3560; x_wconf 80' lang='grc' dir='ltr'>ἔθνος</span> <span class='ocrx_word' id='word_1_261' title='bbox 793 3498 910 3568; x_wconf 84' lang='grc' dir='ltr'>μὲν,</span> <span class='ocrx_word' id='word_1_262' title='bbox 944 3499 1030 3552; x_wconf 74' lang='grc' dir='ltr'><strong>διὰ</strong></span> <span class='ocrx_word' id='word_1_263' title='bbox 1063 3499 1213 3563; x_wconf 83' lang='grc' dir='ltr'><strong>τὸέξ</strong></span> <span class='ocrx_word' id='word_1_264' title='bbox 1253 3499 1421 3552; x_wconf 88' lang='grc' dir='ltr'>ἐθνῶν</span> <span class='ocrx_word' id='word_1_265' title='bbox 1466 3499 1677 3553; x_wconf 88' lang='grc' dir='ltr'>πολλῶν</span> <span class='ocrx_word' id='word_1_266' title='bbox 1722 3517 1884 3554; x_wconf 86' lang='grc' dir='ltr'>συνει-</span> 
     </span>
    </p>
   </div>
   <div class='ocr_carea' id='block_1_35' title="bbox 321 3586 1893 3664">
    <p class='ocr_par' dir='ltr' id='par_1_35' title="bbox 321 3586 1893 3664">
     <span class='ocr_line' id='line_1_35' title="bbox 321 3586 1893 3664; baseline 0.006 -26"><span class='ocrx_word' id='word_1_267' title='bbox 321 3586 527 3656; x_wconf 79' lang='grc' dir='ltr'>λέχθαι,</span> <span class='ocrx_word' id='word_1_268' title='bbox 559 3589 683 3652; x_wconf 78' lang='grc' dir='ltr'>λαὸς</span> <span class='ocrx_word' id='word_1_269' title='bbox 709 3589 786 3654; x_wconf 88' lang='grc' dir='ltr'><strong>δέ,</strong></span> <span class='ocrx_word' id='word_1_270' title='bbox 825 3591 913 3643; x_wconf 82' lang='grc' dir='ltr'>διὰ</span> <span class='ocrx_word' id='word_1_271' title='bbox 950 3591 1010 3643; x_wconf 85' lang='grc' dir='ltr'><strong>τὸ</strong></span> <span class='ocrx_word' id='word_1_272' title='bbox 1040 3592 1159 3645; x_wconf 81' lang='grc' dir='ltr'>ἀντὶ</span> <span class='ocrx_word' id='word_1_273' title='bbox 1197 3592 1289 3644; x_wconf 90' lang='grc' dir='ltr'><strong>τοῦ</strong></span> <span class='ocrx_word' id='word_1_274' title='bbox 1334 3593 1732 3664; x_wconf 75' lang='grc' dir='ltr'>ἀποϐληθέντος</span> <span class='ocrx_word' id='word_1_275' title='bbox 1763 3593 1893 3647; x_wconf 88' lang='grc' dir='ltr'>λαοῦ</span> 
     </span>
    </p>
   </div>
   <div class='ocr_carea' id='block_1_36' title="bbox 323 3681 1898 3757">
    <p class='ocr_par' dir='ltr' id='par_1_36' title="bbox 323 3681 1898 3757">
     <span class='ocr_line' id='line_1_36' title="bbox 323 3681 1898 3757; baseline 0.005 -25"><span class='ocrx_word' id='word_1_276' title='bbox 323 3681 744 3752; x_wconf 78' lang='grc' dir='ltr'>προσκληθῆναι.</span> <span class='ocrx_word' id='word_1_277' title='bbox 794 3685 903 3737; x_wconf 73' lang='grc' dir='ltr'>Καὶ</span> <span class='ocrx_word' id='word_1_278' title='bbox 945 3684 1129 3754; x_wconf 80' lang='grc' dir='ltr'>ἐπειδὴ</span> <span class='ocrx_word' id='word_1_279' title='bbox 1174 3685 1396 3738; x_wconf 79' lang='grc' dir='ltr'>Πολλοὶ</span> <span class='ocrx_word' id='word_1_280' title='bbox 1439 3685 1667 3752; x_wconf 78' lang='grc' dir='ltr'>κλητοὶ,</span> <span class='ocrx_word' id='word_1_281' title='bbox 1710 3688 1898 3757; x_wconf 73' lang='grc' dir='ltr'>ὀλίγοι</span> 
     </span>
    </p>
   </div>
   <div class='ocr_carea' id='block_1_37' title="bbox 319 3770 1896 3847">
    <p class='ocr_par' dir='ltr' id='par_1_37' title="bbox 319 3770 1896 3847">
     <span class='ocr_line' id='line_1_37' title="bbox 319 3770 1896 3847; baseline 0.002 -19"><span class='ocrx_word' id='word_1_282' title='bbox 319 3770 390 3828; x_wconf 80' lang='grc' dir='ltr'>δὲ</span> <span class='ocrx_word' id='word_1_283' title='bbox 425 3773 713 3838; x_wconf 58' lang='grc' dir='ltr'>ἐκλεκτοὶ,</span> <span class='ocrx_word' id='word_1_284' title='bbox 741 3774 1028 3846; x_wconf 78' lang='grc' dir='ltr'>μακαρίζει</span> <span class='ocrx_word' id='word_1_285' title='bbox 1061 3777 1183 3846; x_wconf 74' lang='grc' dir='ltr'>οὐχὶ</span> <span class='ocrx_word' id='word_1_286' title='bbox 1214 3776 1304 3830; x_wconf 83' lang='grc' dir='ltr'><strong>τὸν</strong></span> <span class='ocrx_word' id='word_1_287' title='bbox 1328 3776 1614 3847; x_wconf 86' lang='grc' dir='ltr'>κληθέντα,</span> <span class='ocrx_word' id='word_1_288' title='bbox 1643 3777 1777 3831; x_wconf 82' lang='grc' dir='ltr'>ἀλλὰ</span> <span class='ocrx_word' id='word_1_289' title='bbox 1805 3778 1896 3831; x_wconf 86' lang='grc' dir='ltr'><strong>τὸν</strong></span> 
     </span>
    </p>
   </div>
   <div class='ocr_carea' id='block_1_38' title="bbox 321 3863 1894 3938">
    <p class='ocr_par' dir='ltr' id='par_1_38' title="bbox 321 3863 1894 3938">
     <span class='ocr_line' id='line_1_38' title="bbox 321 3863 1894 3938; baseline 0.003 -20"><span class='ocrx_word' id='word_1_290' title='bbox 321 3863 664 3935; x_wconf 79' lang='grc' dir='ltr'>ὲκλεχθέντα.</span> <span class='ocrx_word' id='word_1_291' title='bbox 697 3868 980 3937; x_wconf 83' lang='grc' dir='ltr'>Μακάριος</span> <span class='ocrx_word' id='word_1_292' title='bbox 1000 3868 1108 3938; x_wconf 86' lang='grc' dir='ltr'><strong>γὰρ</strong></span> <span class='ocrx_word' id='word_1_293' title='bbox 1137 3869 1194 3920; x_wconf 81' lang='grc' dir='ltr'>ὃν</span> <span class='ocrx_word' id='word_1_294' title='bbox 1223 3867 1500 3932; x_wconf 73' lang='grc' dir='ltr'>ἐξελέξατο</span> <span class='ocrx_word' id='word_1_295' title='bbox 1533 3870 1664 3937; x_wconf 70' lang='lat'><strong>(‘29).</strong></span> <span class='ocrx_word' id='word_1_296' title='bbox 1713 3873 1807 3932; x_wconf 89' lang='grc' dir='ltr'>Τίς</span> <span class='ocrx_word' id='word_1_297' title='bbox 1837 3871 1894 3922; x_wconf 84' lang='grc' dir='ltr'><strong>δὲ</strong></span> 
     </span>
    </p>
   </div>
   <div class='ocr_carea' id='block_1_39' title="bbox 319 3958 1894 4033">
    <p class='ocr_par' dir='ltr' id='par_1_39' title="bbox 319 3958 1894 4033">
     <span class='ocr_line' id='line_1_39' title="bbox 319 3958 1894 4033; baseline 0.004 -24"><span class='ocrx_word' id='word_1_298' title='bbox 319 3961 352 4027; x_wconf 80' lang='grc' dir='ltr'>ἡ</span> <span class='ocrx_word' id='word_1_299' title='bbox 388 3959 535 4010; x_wconf 89' lang='grc' dir='ltr'>αἰτία</span> <span class='ocrx_word' id='word_1_300' title='bbox 572 3958 664 4010; x_wconf 88' lang='grc' dir='ltr'><strong>τοῦ</strong></span> <span class='ocrx_word' id='word_1_301' title='bbox 710 3961 1092 4030; x_wconf 83' lang='grc' dir='ltr'>μακαρισμοῦ;</span> <span class='ocrx_word' id='word_1_302' title='bbox 1137 3961 1201 4013; x_wconf 85' lang='grc' dir='ltr'>Ἠ</span> <span class='ocrx_word' id='word_1_303' title='bbox 1235 3963 1655 4032; x_wconf 79' lang='grc' dir='ltr'>προσδοκωμένη</span> <span class='ocrx_word' id='word_1_304' title='bbox 1697 3964 1894 4033; x_wconf 89' lang='grc' dir='ltr'>κληρο-</span> 
     </span>
    </p>
   </div>
   <div class='ocr_carea' id='block_1_40' title="bbox 320 4053 1896 4126">
    <p class='ocr_par' dir='ltr' id='par_1_40' title="bbox 320 4053 1896 4126">
     <span class='ocr_line' id='line_1_40' title="bbox 320 4053 1896 4126; baseline 0.003 -22"><span class='ocrx_word' id='word_1_305' title='bbox 320 4053 480 4122; x_wconf 90' lang='grc' dir='ltr'>νομία</span> <span class='ocrx_word' id='word_1_306' title='bbox 525 4053 633 4106; x_wconf 91' lang='grc' dir='ltr'><strong>τῶν</strong></span> <span class='ocrx_word' id='word_1_307' title='bbox 681 4055 912 4107; x_wconf 79' lang='grc' dir='ltr'>αἰωνίων</span> <span class='ocrx_word' id='word_1_308' title='bbox 959 4055 1196 4123; x_wconf 83' lang='grc' dir='ltr'>ἀγαθῶν.</span> <span class='ocrx_word' id='word_1_309' title='bbox 1257 4057 1324 4106; x_wconf 87' lang='grc' dir='ltr'>Ἥ</span> <span class='ocrx_word' id='word_1_310' title='bbox 1364 4056 1570 4126; x_wconf 87' lang='grc' dir='ltr'>μήποτε</span> <span class='ocrx_word' id='word_1_311' title='bbox 1627 4056 1765 4108; x_wconf 81' lang='grc' dir='ltr'>κατὰ</span> <span class='ocrx_word' id='word_1_312' title='bbox 1807 4056 1896 4108; x_wconf 81' lang='grc' dir='ltr'><strong>τὸν</strong></span> 
     </span>
    </p>
   </div>
   <div class='ocr_carea' id='block_1_41' title="bbox 334 4145 1897 4217">
    <p class='ocr_par' dir='ltr' id='par_1_41' title="bbox 334 4145 1897 4217">
     <span class='ocr_line' id='line_1_41' title="bbox 334 4145 1897 4217; baseline 0.005 -23"><span class='ocrx_word' id='word_1_313' title='bbox 334 4145 684 4208; x_wconf 87' lang='grc' dir='ltr'>Ἀπόστολον,</span> <span class='ocrx_word' id='word_1_314' title='bbox 735 4146 954 4216; x_wconf 83' lang='grc' dir='ltr'>ἐπειδὴ,</span> <span class='ocrx_word' id='word_1_315' title='bbox 1009 4148 1134 4199; x_wconf 82' lang='grc' dir='ltr'>ὅταν</span> <span class='ocrx_word' id='word_1_316' title='bbox 1175 4148 1236 4200; x_wconf 84' lang='grc' dir='ltr'><strong>τὸ</strong></span> <span class='ocrx_word' id='word_1_317' title='bbox 1285 4147 1558 4217; x_wconf 83' lang='grc' dir='ltr'>πλήρωμα</span> <span class='ocrx_word' id='word_1_318' title='bbox 1592 4148 1698 4200; x_wconf 91' lang='grc' dir='ltr'><strong>τῶν</strong></span> <span class='ocrx_word' id='word_1_319' title='bbox 1727 4147 1897 4202; x_wconf 87' lang='grc' dir='ltr'>ἐθνῶν</span> 
     </span>
    </p>
   </div>
   <div class='ocr_carea' id='block_1_42' title="bbox 322 4234 1895 4310">
    <p class='ocr_par' dir='ltr' id='par_1_42' title="bbox 322 4234 1895 4310">
     <span class='ocr_line' id='line_1_42' title="bbox 322 4234 1895 4310; baseline 0.004 -25"><span class='ocrx_word' id='word_1_320' title='bbox 322 4234 555 4304; x_wconf 82' lang='grc' dir='ltr'>εἰσέλθῃ,</span> <span class='ocrx_word' id='word_1_321' title='bbox 592 4237 712 4290; x_wconf 87' lang='grc' dir='ltr'>τότε</span> <span class='ocrx_word' id='word_1_322' title='bbox 745 4240 852 4300; x_wconf 77' lang='grc' dir='ltr'>πᾶς</span> <span class='ocrx_word' id='word_1_323' title='bbox 904 4239 1118 4308; x_wconf 86' lang='grc' dir='ltr'>Ἰσραὴλ</span> <span class='ocrx_word' id='word_1_324' title='bbox 1145 4239 1478 4308; x_wconf 85' lang='grc' dir='ltr'>σωθήσεται,</span> <span class='ocrx_word' id='word_1_325' title='bbox 1525 4238 1740 4310; x_wconf 89' lang='grc' dir='ltr'>πρῶτον</span> <span class='ocrx_word' id='word_1_326' title='bbox 1789 4257 1895 4308; x_wconf 90' lang='grc' dir='ltr'>μα-</span> 
     </span>
    </p>
   </div>
   <div class='ocr_carea' id='block_1_43' title="bbox 321 4325 1896 4402">
    <p class='ocr_par' dir='ltr' id='par_1_43' title="bbox 321 4325 1896 4402">
     <span class='ocr_line' id='line_1_43' title="bbox 321 4325 1896 4402; baseline 0.003 -23"><span class='ocrx_word' id='word_1_327' title='bbox 321 4325 536 4396; x_wconf 82' lang='grc' dir='ltr'>καρίζει</span> <span class='ocrx_word' id='word_1_328' title='bbox 559 4327 620 4380; x_wconf 82' lang='grc' dir='ltr'><strong>τὸ</strong></span> <span class='ocrx_word' id='word_1_329' title='bbox 648 4327 918 4399; x_wconf 73' lang='grc' dir='ltr'>πλήρωμα</span> <span class='ocrx_word' id='word_1_330' title='bbox 939 4330 1046 4382; x_wconf 89' lang='grc' dir='ltr'><strong>τῶν</strong></span> <span class='ocrx_word' id='word_1_331' title='bbox 1084 4330 1253 4383; x_wconf 89' lang='grc' dir='ltr'>ἐθνῶν</span> <span class='ocrx_word' id='word_1_332' title='bbox 1272 4374 1286 4395; x_wconf 84' lang='grc'><strong>,</strong></span> <span class='ocrx_word' id='word_1_333' title='bbox 1324 4330 1510 4382; x_wconf 79' lang='grc' dir='ltr'>ἔπειτα</span> <span class='ocrx_word' id='word_1_334' title='bbox 1550 4331 1641 4383; x_wconf 80' lang='grc' dir='ltr'><strong>τὸν</strong></span> <span class='ocrx_word' id='word_1_335' title='bbox 1671 4330 1896 4402; x_wconf 76' lang='grc' dir='ltr'>ὕστερον</span> 
     </span>
    </p>
   </div>
   <div class='ocr_carea' id='block_1_44' title="bbox 323 4418 1892 4493">
    <p class='ocr_par' dir='ltr' id='par_1_44' title="bbox 323 4418 1892 4493">
     <span class='ocr_line' id='line_1_44' title="bbox 323 4418 1892 4493; baseline 0.004 -24"><span class='ocrx_word' id='word_1_336' title='bbox 323 4418 627 4488; x_wconf 82' lang='grc' dir='ltr'>σωζόμενον</span> <span class='ocrx_word' id='word_1_337' title='bbox 693 4420 944 4490; x_wconf 84' lang='grc' dir='ltr'>Ἰσραήλ;</span> <span class='ocrx_word' id='word_1_338' title='bbox 1004 4421 1240 4485; x_wconf 77' lang='grc' dir='ltr'>Σώζεται</span> <span class='ocrx_word' id='word_1_339' title='bbox 1295 4423 1380 4484; x_wconf 85' lang='grc' dir='ltr'><strong>δὲ,</strong></span> <span class='ocrx_word' id='word_1_340' title='bbox 1423 4423 1698 4493; x_wconf 79' lang='grc' dir='ltr'>δηλονότι,</span> <span class='ocrx_word' id='word_1_341' title='bbox 1735 4424 1831 4492; x_wconf 82' lang='grc' dir='ltr'>οὐχ</span> <span class='ocrx_word' id='word_1_342' title='bbox 1865 4425 1892 4474; x_wconf 87' lang='grc' dir='ltr'>ὁ</span> 
     </span>
    </p>
   </div>
   <div class='ocr_carea' id='block_1_45' title="bbox 320 4509 1893 4585">
    <p class='ocr_par' dir='ltr' id='par_1_45' title="bbox 320 4509 1893 4585">
     <span class='ocr_line' id='line_1_45' title="bbox 320 4509 1893 4585; baseline 0.003 -22"><span class='ocrx_word' id='word_1_343' title='bbox 320 4509 516 4580; x_wconf 84' lang='grc' dir='ltr'>τυχὼν,</span> <span class='ocrx_word' id='word_1_344' title='bbox 549 4511 683 4564; x_wconf 83' lang='grc' dir='ltr'>ἀλλὰ</span> <span class='ocrx_word' id='word_1_345' title='bbox 713 4513 775 4564; x_wconf 83' lang='grc' dir='ltr'>τὸ</span> <span class='ocrx_word' id='word_1_346' title='bbox 819 4513 1025 4583; x_wconf 84' lang='grc' dir='ltr'>λεῖμμα</span> <span class='ocrx_word' id='word_1_347' title='bbox 1061 4514 1220 4583; x_wconf 81' lang='grc' dir='ltr'>μόνον</span> <span class='ocrx_word' id='word_1_348' title='bbox 1258 4515 1319 4566; x_wconf 85' lang='grc' dir='ltr'><strong>τὸ</strong></span> <span class='ocrx_word' id='word_1_349' title='bbox 1357 4516 1478 4568; x_wconf 83' lang='grc' dir='ltr'>κατ’</span> <span class='ocrx_word' id='word_1_350' title='bbox 1524 4515 1755 4585; x_wconf 85' lang='grc' dir='ltr'>ἐκλογὴν</span> <span class='ocrx_word' id='word_1_351' title='bbox 1804 4516 1893 4584; x_wconf 69' lang='grc' dir='ltr'><strong>χὰρ</strong></span> 
     </span>
    </p>
   </div>
   <div class='ocr_carea' id='block_1_46' title="bbox 324 4603 1895 4676">
    <p class='ocr_par' dir='ltr' id='par_1_46' title="bbox 324 4603 1895 4676">
     <span class='ocr_line' id='line_1_46' title="bbox 324 4603 1895 4676; baseline 0.003 -20"><span class='ocrx_word' id='word_1_352' title='bbox 324 4620 488 4675; x_wconf 85' lang='grc' dir='ltr'>ριτος.</span> <span class='ocrx_word' id='word_1_353' title='bbox 519 4605 616 4656; x_wconf 86' lang='grc' dir='ltr'><strong>Διὰ</strong></span> <span class='ocrx_word' id='word_1_354' title='bbox 639 4603 795 4656; x_wconf 88' lang='grc' dir='ltr'>τοῦτό</span> <span class='ocrx_word' id='word_1_355' title='bbox 818 4623 948 4676; x_wconf 83' lang='grc' dir='ltr'>φησι</span> <span class='ocrx_word' id='word_1_356' title='bbox 970 4623 983 4635; x_wconf 94' lang='grc'><strong>·</strong></span> <span class='ocrx_word' id='word_1_357' title='bbox 1015 4605 1171 4671; x_wconf 80' lang='grc' dir='ltr'>Λαὸς</span> <span class='ocrx_word' id='word_1_358' title='bbox 1197 4605 1269 4658; x_wconf 83' lang='grc' dir='ltr'>ὃν</span> <span class='ocrx_word' id='word_1_359' title='bbox 1291 4605 1608 4670; x_wconf 71' lang='grc' dir='ltr'>ἐξελέξατο</span> <span class='ocrx_word' id='word_1_360' title='bbox 1631 4609 1717 4672; x_wconf 83' lang='grc' dir='ltr'>εἰς</span> <span class='ocrx_word' id='word_1_361' title='bbox 1750 4611 1895 4675; x_wconf 81' lang='grc' dir='ltr'>κλη-</span> 
     </span>
    </p>
   </div>
   <div class='ocr_carea' id='block_1_47' title="bbox 315 4695 839 4766">
    <p class='ocr_par' dir='ltr' id='par_1_47' title="bbox 315 4695 839 4766">
     <span class='ocr_line' id='line_1_47' title="bbox 315 4695 839 4766; baseline 0.006 -18"><span class='ocrx_word' id='word_1_362' title='bbox 315 4697 607 4766; x_wconf 83' lang='grc' dir='ltr'>ρονομίαν</span> <span class='ocrx_word' id='word_1_363' title='bbox 630 4695 839 4762; x_wconf 85' lang='grc' dir='ltr'>ἐαυτῷ.</span> 
     </span>
    </p>
   </div>
   <div class='ocr_carea' id='block_1_48' title="bbox 1499 351 2503 423">
    <p class='ocr_par' dir='ltr' id='par_1_48' title="bbox 1499 351 2503 423">
     <span class='ocr_line' id='line_1_48' title="bbox 1499 351 2503 423; baseline 0.015 -15"><span class='ocrx_word' id='word_1_364' title='bbox 1499 351 1780 412; x_wconf 83' lang='lat' dir='ltr'><strong>HOMILIA</strong></span> <span class='ocrx_word' id='word_1_365' title='bbox 1821 360 1887 414; x_wconf 86' lang='lat' dir='ltr'><strong>IN</strong></span> <span class='ocrx_word' id='word_1_366' title='bbox 1922 360 2248 420; x_wconf 79' lang='lat' dir='ltr'><strong>PSALMUM</strong></span> <span class='ocrx_word' id='word_1_367' title='bbox 2289 365 2503 423; x_wconf 78' lang='lat' dir='ltr'><strong>XXXII.</strong></span> 
     </span>
    </p>
   </div>
   <div class='ocr_carea' id='block_1_49' title="bbox 402 460 1986 546">
    <p class='ocr_par' dir='ltr' id='par_1_49' title="bbox 402 460 1986 546">
     <span class='ocr_line' id='line_1_49' title="bbox 402 460 1986 546; baseline 0.015 -36"><span class='ocrx_word' id='word_1_368' title='bbox 402 461 454 514; x_wconf 92' lang='lat'><strong>7.</strong></span> <span class='ocrx_word' id='word_1_369' title='bbox 486 463 558 514; x_wconf 85' lang='grc' dir='ltr'><strong><em>Ἡ</em></strong></span> <span class='ocrx_word' id='word_1_370' title='bbox 577 460 645 514; x_wconf 82' lang='grc' dir='ltr'>δὲ</span> <span class='ocrx_word' id='word_1_371' title='bbox 663 462 867 532; x_wconf 75' lang='grc' dir='ltr'>βουλὴ</span> <span class='ocrx_word' id='word_1_372' title='bbox 897 464 1004 518; x_wconf 81' lang='grc' dir='ltr'><strong>τοῦ</strong></span> <span class='ocrx_word' id='word_1_373' title='bbox 1025 467 1244 535; x_wconf 80' lang='grc' dir='ltr'>Κυρίου</span> <span class='ocrx_word' id='word_1_374' title='bbox 1265 471 1347 536; x_wconf 81' lang='grc' dir='ltr'>εὶς</span> <span class='ocrx_word' id='word_1_375' title='bbox 1373 471 1479 526; x_wconf 87' lang='grc' dir='ltr'>τὸν</span> <span class='ocrx_word' id='word_1_376' title='bbox 1512 473 1697 529; x_wconf 77' lang='grc' dir='ltr'>αἰῶνα</span> <span class='ocrx_word' id='word_1_377' title='bbox 1713 477 1882 546; x_wconf 82' lang='grc' dir='ltr'>μένει</span> <span class='ocrx_word' id='word_1_378' title='bbox 1898 496 1910 507; x_wconf 86' lang='grc'><strong>·</strong></span> <span class='ocrx_word' id='word_1_379' title='bbox 1945 491 1986 541; x_wconf 77' lang='grc' dir='ltr'><strong>Α</strong></span> 
     </span>
    </p>
   </div>
   <div class='ocr_carea' id='block_1_50' title="bbox 3491 377 3596 434">
    <p class='ocr_par' dir='ltr' id='par_1_50' title="bbox 3491 377 3596 434">
     <span class='ocr_line' id='line_1_50' title="bbox 3491 377 3596 434; baseline -0.019 0"><span class='ocrx_word' id='word_1_380' title='bbox 3491 377 3596 434; x_wconf 68' lang='grc'><strong>542</strong></span> 
     </span>
    </p>
   </div>
   <div class='ocr_carea' id='block_1_51' title="bbox 2089 483 3596 552">
    <p class='ocr_par' dir='ltr' id='par_1_51' title="bbox 2089 483 3596 552">
     <span class='ocr_line' id='line_1_51' title="bbox 2089 483 3596 552; baseline 0.011 -16"><span class='ocrx_word' id='word_1_381' title='bbox 2089 484 2141 539; x_wconf 87' lang='lat'><strong>7.</strong></span> <span class='ocrx_word' id='word_1_382' title='bbox 2183 484 2342 539; x_wconf 72' lang='lat' dir='ltr'><strong>Vens.</strong></span> <span class='ocrx_word' id='word_1_383' title='bbox 2373 483 2463 540; x_wconf 65' lang='grc'><strong>11.</strong></span> <span class='ocrx_word' id='word_1_384' title='bbox 2507 484 2797 542; x_wconf 74' lang='lat' dir='ltr'><strong>Consilium</strong></span> <span class='ocrx_word' id='word_1_385' title='bbox 2829 497 3002 543; x_wconf 87' lang='lat' dir='ltr'><strong>autem</strong></span> <span class='ocrx_word' id='word_1_386' title='bbox 3028 490 3240 545; x_wconf 78' lang='lat' dir='ltr'><strong>Domini</strong></span> <span class='ocrx_word' id='word_1_387' title='bbox 3267 494 3320 546; x_wconf 92' lang='lat' dir='ltr'><strong>in</strong></span> <span class='ocrx_word' id='word_1_388' title='bbox 3343 503 3596 552; x_wconf 80' lang='lat' dir='ltr'><strong>teternum</strong></span> 
     </span>
    </p>
   </div>
   <div class='ocr_carea' id='block_1_52' title="bbox 2016 580 3592 651">
    <p class='ocr_par' dir='ltr' id='par_1_52' title="bbox 2016 580 3592 651">
     <span class='ocr_line' id='line_1_52' title="bbox 2016 580 3592 651; baseline 0.008 -23"><span class='ocrx_word' id='word_1_389' title='bbox 2016 590 2229 630; x_wconf 88' lang='lat' dir='ltr'><strong>manet:</strong></span> <span class='ocrx_word' id='word_1_390' title='bbox 2263 580 2612 648; x_wconf 84' lang='lat' dir='ltr'><strong>cogitationes</strong></span> <span class='ocrx_word' id='word_1_391' title='bbox 2648 581 2825 634; x_wconf 85' lang='lat' dir='ltr'><strong>cordis</strong></span> <span class='ocrx_word' id='word_1_392' title='bbox 2860 581 2974 650; x_wconf 90' lang='lat' dir='ltr'><strong>ejus</strong></span> <span class='ocrx_word' id='word_1_393' title='bbox 3022 584 3077 636; x_wconf 89' lang='lat' dir='ltr'><strong>in</strong></span> <span class='ocrx_word' id='word_1_394' title='bbox 3124 589 3504 651; x_wconf 73' lang='lat' dir='ltr'><strong>generatione»:</strong></span> <span class='ocrx_word' id='word_1_395' title='bbox 3541 597 3592 642; x_wconf 80' lang='lat' dir='ltr'><strong>et</strong></span> 
     </span>
    </p>
   </div>
   <div class='ocr_carea' id='block_1_53' title="bbox 2012 670 3592 745">
    <p class='ocr_par' dir='ltr' id='par_1_53' title="bbox 2012 670 3592 745">
     <span class='ocr_line' id='line_1_53' title="bbox 2012 670 3592 745; baseline 0.008 -25"><span class='ocrx_word' id='word_1_396' title='bbox 2012 670 2420 736; x_wconf 75' lang='lat' dir='ltr'><strong>generationem.</strong></span> <span class='ocrx_word' id='word_1_397' title='bbox 2454 670 2569 724; x_wconf 84' lang='lat' dir='ltr'><strong>Non</strong></span> <span class='ocrx_word' id='word_1_398' title='bbox 2599 672 2751 726; x_wconf 80' lang='lat' dir='ltr'><strong>vides</strong></span> <span class='ocrx_word' id='word_1_399' title='bbox 2809 675 3050 742; x_wconf 88' lang='lat' dir='ltr'><strong>gentium</strong></span> <span class='ocrx_word' id='word_1_400' title='bbox 3083 675 3355 745; x_wconf 79' lang='lat' dir='ltr'><strong>dogmata,</strong></span> <span class='ocrx_word' id='word_1_401' title='bbox 3397 692 3592 733; x_wconf 86' lang='lat' dir='ltr'><strong>vanam</strong></span> 
     </span>
    </p>
   </div>
   <div class='ocr_carea' id='block_1_54' title="bbox 2015 760 3592 833">
    <p class='ocr_par' dir='ltr' id='par_1_54' title="bbox 2015 760 3592 833">
     <span class='ocr_line' id='line_1_54' title="bbox 2015 760 3592 833; baseline 0.008 -21"><span class='ocrx_word' id='word_1_402' title='bbox 2015 760 2152 814; x_wconf 85' lang='lat' dir='ltr'><strong>hanc</strong></span> <span class='ocrx_word' id='word_1_403' title='bbox 2202 762 2619 830; x_wconf 84' lang='lat' dir='ltr'><strong>philosophiam,</strong></span> <span class='ocrx_word' id='word_1_404' title='bbox 2677 780 2836 833; x_wconf 89' lang='lat' dir='ltr'><strong>quam</strong></span> <span class='ocrx_word' id='word_1_405' title='bbox 2885 767 3108 821; x_wconf 77' lang='lat' dir='ltr'><strong>subtiles</strong></span> <span class='ocrx_word' id='word_1_406' title='bbox 3159 768 3267 820; x_wconf 90' lang='lat' dir='ltr'><strong>sint</strong></span> <span class='ocrx_word' id='word_1_407' title='bbox 3311 778 3365 822; x_wconf 91' lang='lat' dir='ltr'><strong>et</strong></span> <span class='ocrx_word' id='word_1_408' title='bbox 3405 770 3592 826; x_wconf 83' lang='lat' dir='ltr'><strong><em>eximii</em></strong></span> 
     </span>
    </p>
   </div>
   <div class='ocr_carea' id='block_1_55' title="bbox 2013 853 3594 923">
    <p class='ocr_par' dir='ltr' id='par_1_55' title="bbox 2013 853 3594 923">
     <span class='ocr_line' id='line_1_55' title="bbox 2013 853 3594 923; baseline 0.008 -19"><span class='ocrx_word' id='word_1_409' title='bbox 2013 855 2157 906; x_wconf 86' lang='lat' dir='ltr'><strong>circa</strong></span> <span class='ocrx_word' id='word_1_410' title='bbox 2223 853 2536 923; x_wconf 88' lang='lat' dir='ltr'><strong>dogmatum</strong></span> <span class='ocrx_word' id='word_1_411' title='bbox 2581 855 2918 911; x_wconf 88' lang='lat' dir='ltr'><strong>inventiones</strong></span> <span class='ocrx_word' id='word_1_412' title='bbox 2943 897 2959 921; x_wconf 88' lang='lat'><strong>,</strong></span> <span class='ocrx_word' id='word_1_413' title='bbox 3009 867 3118 912; x_wconf 92' lang='lat' dir='ltr'><strong>tum</strong></span> <span class='ocrx_word' id='word_1_414' title='bbox 3155 862 3206 912; x_wconf 90' lang='lat' dir='ltr'><strong>in</strong></span> <span class='ocrx_word' id='word_1_415' title='bbox 3239 862 3594 916; x_wconf 74' lang='lat' dir='ltr'><strong>rationalibus</strong></span> 
     </span>
    </p>
   </div>
   <div class='ocr_carea' id='block_1_56' title="bbox 2011 945 3589 1022">
    <p class='ocr_par' dir='ltr' id='par_1_56' title="bbox 2011 945 3589 1022">
     <span class='ocr_line' id='line_1_56' title="bbox 2011 945 3589 1022; baseline 0.007 -24"><span class='ocrx_word' id='word_1_416' title='bbox 2011 945 2577 1012; x_wconf 82' lang='lat' dir='ltr'><strong>contemplationibus,</strong></span> <span class='ocrx_word' id='word_1_417' title='bbox 2609 947 2768 1018; x_wconf 81' lang='lat'><strong>139</strong></span> <span class='ocrx_word' id='word_1_418' title='bbox 2791 957 2900 1002; x_wconf 88' lang='lat' dir='ltr'><strong>tum</strong></span> <span class='ocrx_word' id='word_1_419' title='bbox 2936 950 2988 1003; x_wconf 91' lang='lat' dir='ltr'><strong>in</strong></span> <span class='ocrx_word' id='word_1_420' title='bbox 3042 951 3334 1006; x_wconf 92' lang='lat' dir='ltr'><strong>moralibus</strong></span> <span class='ocrx_word' id='word_1_421' title='bbox 3385 968 3589 1022; x_wconf 67' lang='lat' dir='ltr'><strong>praece-</strong></span> 
     </span>
    </p>
   </div>
   <div class='ocr_carea' id='block_1_57' title="bbox 2012 1034 3590 1108">
    <p class='ocr_par' dir='ltr' id='par_1_57' title="bbox 2012 1034 3590 1108">
     <span class='ocr_line' id='line_1_57' title="bbox 2012 1034 3590 1108; baseline 0.009 -22"><span class='ocrx_word' id='word_1_422' title='bbox 2012 1034 2304 1102; x_wconf 82' lang='lat' dir='ltr'><strong>ptiouibus,</strong></span> <span class='ocrx_word' id='word_1_423' title='bbox 2336 1044 2390 1089; x_wconf 86' lang='lat' dir='ltr'><strong>et</strong></span> <span class='ocrx_word' id='word_1_424' title='bbox 2414 1037 2466 1089; x_wconf 93' lang='lat' dir='ltr'><strong>in</strong></span> <span class='ocrx_word' id='word_1_425' title='bbox 2500 1037 2734 1108; x_wconf 87' lang='lat' dir='ltr'><strong>physicis</strong></span> <span class='ocrx_word' id='word_1_426' title='bbox 2769 1040 3086 1108; x_wconf 87' lang='lat' dir='ltr'><strong>quibusdam</strong></span> <span class='ocrx_word' id='word_1_427' title='bbox 3122 1045 3420 1098; x_wconf 87' lang='lat' dir='ltr'><strong>rationibus</strong></span> <span class='ocrx_word' id='word_1_428' title='bbox 3442 1045 3590 1100; x_wconf 83' lang='lat' dir='ltr'><strong>aliis-</strong></span> 
     </span>
    </p>
   </div>
   <div class='ocr_carea' id='block_1_58' title="bbox 2011 1128 3588 1204">
    <p class='ocr_par' dir='ltr' id='par_1_58' title="bbox 2011 1128 3588 1204">
     <span class='ocr_line' id='line_1_58' title="bbox 2011 1128 3588 1204; baseline 0.011 -29"><span class='ocrx_word' id='word_1_429' title='bbox 2011 1140 2116 1192; x_wconf 91' lang='lat' dir='ltr'><strong>que</strong></span> <span class='ocrx_word' id='word_1_430' title='bbox 2150 1128 2437 1196; x_wconf 83' lang='lat' dir='ltr'><strong>epopticis,</strong></span> <span class='ocrx_word' id='word_1_431' title='bbox 2471 1144 2589 1196; x_wconf 68' lang='lat' dir='ltr'><strong>quae</strong></span> <span class='ocrx_word' id='word_1_432' title='bbox 2637 1141 2856 1197; x_wconf 88' lang='lat' dir='ltr'><strong>vocant,</strong></span> <span class='ocrx_word' id='word_1_433' title='bbox 2900 1131 3242 1201; x_wconf 74' lang='lat' dir='ltr'><strong>dogmatibus</strong></span> <span class='ocrx_word' id='word_1_434' title='bbox 3271 1136 3293 1188; x_wconf 72' lang='grc' dir='ltr'><strong>ξ’</strong></span> <span class='ocrx_word' id='word_1_435' title='bbox 3319 1140 3588 1204; x_wconf 86' lang='lat' dir='ltr'><strong>quomodo</strong></span> 
     </span>
    </p>
   </div>
   <div class='ocr_carea' id='block_1_59' title="bbox 2009 1216 3590 1286">
    <p class='ocr_par' dir='ltr' id='par_1_59' title="bbox 2009 1216 3590 1286">
     <span class='ocr_line' id='line_1_59' title="bbox 2009 1216 3590 1286; baseline 0.008 -17"><span class='ocrx_word' id='word_1_436' title='bbox 2009 1216 2265 1286; x_wconf 89' lang='lat' dir='ltr'><strong>dissipata</strong></span> <span class='ocrx_word' id='word_1_437' title='bbox 2312 1218 2420 1271; x_wconf 88' lang='lat' dir='ltr'><strong>sint</strong></span> <span class='ocrx_word' id='word_1_438' title='bbox 2465 1221 2668 1283; x_wconf 87' lang='lat' dir='ltr'><strong>omnia,</strong></span> <span class='ocrx_word' id='word_1_439' title='bbox 2720 1229 2774 1274; x_wconf 90' lang='lat' dir='ltr'><strong>et</strong></span> <span class='ocrx_word' id='word_1_440' title='bbox 2827 1222 3035 1274; x_wconf 87' lang='lat' dir='ltr'><strong>inutilia</strong></span> <span class='ocrx_word' id='word_1_441' title='bbox 3084 1223 3218 1276; x_wconf 81' lang='lat' dir='ltr'><strong>facta</strong></span> <span class='ocrx_word' id='word_1_442' title='bbox 3250 1264 3263 1285; x_wconf 95' lang='lat'><strong>,</strong></span> <span class='ocrx_word' id='word_1_443' title='bbox 3299 1240 3402 1278; x_wconf 88' lang='lat' dir='ltr'><strong>una</strong></span> <span class='ocrx_word' id='word_1_444' title='bbox 3461 1240 3590 1282; x_wconf 91' lang='lat' dir='ltr'><strong>vero</strong></span> 
     </span>
    </p>
   </div>
   <div class='ocr_carea' id='block_1_60' title="bbox 2010 1307 3588 1380">
    <p class='ocr_par' dir='ltr' id='par_1_60' title="bbox 2010 1307 3588 1380">
     <span class='ocr_line' id='line_1_60' title="bbox 2010 1307 3588 1380; baseline 0.006 -21"><span class='ocrx_word' id='word_1_445' title='bbox 2010 1307 2288 1376; x_wconf 80' lang='lat' dir='ltr'><strong>Evangelii</strong></span> <span class='ocrx_word' id='word_1_446' title='bbox 2318 1309 2519 1364; x_wconf 89' lang='lat' dir='ltr'><strong>veritas</strong></span> <span class='ocrx_word' id='word_1_447' title='bbox 2543 1325 2687 1364; x_wconf 89' lang='lat' dir='ltr'><strong>nunc</strong></span> <span class='ocrx_word' id='word_1_448' title='bbox 2719 1310 2771 1363; x_wconf 90' lang='lat' dir='ltr'><strong>in</strong></span> <span class='ocrx_word' id='word_1_449' title='bbox 2804 1313 3004 1366; x_wconf 88' lang='lat' dir='ltr'><strong>mundo</strong></span> <span class='ocrx_word' id='word_1_450' title='bbox 3029 1312 3236 1380; x_wconf 83' lang='lat' dir='ltr'><strong>vigeat?</strong></span> <span class='ocrx_word' id='word_1_451' title='bbox 3256 1313 3414 1366; x_wconf 85' lang='lat' dir='ltr'><strong>Multa</strong></span> <span class='ocrx_word' id='word_1_452' title='bbox 3441 1315 3588 1368; x_wconf 88' lang='lat' dir='ltr'><strong>enim</strong></span> 
     </span>
    </p>
   </div>
   <div class='ocr_carea' id='block_1_61' title="bbox 2006 1398 3588 1475">
    <p class='ocr_par' dir='ltr' id='par_1_61' title="bbox 2006 1398 3588 1475">
     <span class='ocr_line' id='line_1_61' title="bbox 2006 1398 3588 1475; baseline 0.004 -23"><span class='ocrx_word' id='word_1_453' title='bbox 2006 1398 2061 1453; x_wconf 90' lang='lat' dir='ltr'><strong>in</strong></span> <span class='ocrx_word' id='word_1_454' title='bbox 2096 1400 2370 1454; x_wconf 85' lang='lat' dir='ltr'><strong>hominum</strong></span> <span class='ocrx_word' id='word_1_455' title='bbox 2408 1403 2661 1456; x_wconf 86' lang='lat' dir='ltr'><strong>cordibus</strong></span> <span class='ocrx_word' id='word_1_456' title='bbox 2693 1403 3004 1458; x_wconf 83' lang='lat' dir='ltr'><strong>volutantur</strong></span> <span class='ocrx_word' id='word_1_457' title='bbox 3029 1405 3251 1460; x_wconf 80' lang='lat' dir='ltr'><strong>consilia</strong></span> <span class='ocrx_word' id='word_1_458' title='bbox 3285 1423 3298 1470; x_wconf 91' lang='lat'><strong>;</strong></span> <span class='ocrx_word' id='word_1_459' title='bbox 3327 1407 3416 1460; x_wconf 90' lang='lat' dir='ltr'><strong>sed</strong></span> <span class='ocrx_word' id='word_1_460' title='bbox 3448 1422 3588 1475; x_wconf 75' lang='lat' dir='ltr'><strong>prat-</strong></span> 
     </span>
    </p>
   </div>
   <div class='ocr_carea' id='block_1_62' title="bbox 2006 1491 3583 1566">
    <p class='ocr_par' dir='ltr' id='par_1_62' title="bbox 2006 1491 3583 1566">
     <span class='ocr_line' id='line_1_62' title="bbox 2006 1491 3583 1566; baseline 0.006 -23"><span class='ocrx_word' id='word_1_461' title='bbox 2006 1491 2179 1546; x_wconf 88' lang='lat' dir='ltr'><strong>valuit</strong></span> <span class='ocrx_word' id='word_1_462' title='bbox 2205 1493 2414 1548; x_wconf 89' lang='lat' dir='ltr'><strong>Domini</strong></span> <span class='ocrx_word' id='word_1_463' title='bbox 2449 1495 2754 1549; x_wconf 82' lang='lat' dir='ltr'><strong>consilium.</strong></span> <span class='ocrx_word' id='word_1_464' title='bbox 2787 1496 2854 1550; x_wconf 89' lang='lat' dir='ltr'><strong>Et</strong></span> <span class='ocrx_word' id='word_1_465' title='bbox 2893 1499 3107 1566; x_wconf 82' lang='lat' dir='ltr'><strong>quidem</strong></span> <span class='ocrx_word' id='word_1_466' title='bbox 3140 1513 3362 1553; x_wconf 90' lang='lat' dir='ltr'><strong>necesse</strong></span> <span class='ocrx_word' id='word_1_467' title='bbox 3389 1511 3494 1565; x_wconf 89' lang='lat' dir='ltr'><strong>est,</strong></span> <span class='ocrx_word' id='word_1_468' title='bbox 3518 1501 3583 1556; x_wconf 85' lang='lat' dir='ltr'><strong>.si</strong></span> 
     </span>
    </p>
   </div>
   <div class='ocr_carea' id='block_1_63' title="bbox 2006 1583 3582 1646">
    <p class='ocr_par' dir='ltr' id='par_1_63' title="bbox 2006 1583 3582 1646">
     <span class='ocr_line' id='line_1_63' title="bbox 2006 1583 3582 1646; baseline 0.006 -9"><span class='ocrx_word' id='word_1_469' title='bbox 2006 1583 2100 1638; x_wconf 88' lang='lat' dir='ltr'><strong>Dei</strong></span> <span class='ocrx_word' id='word_1_470' title='bbox 2137 1585 2416 1639; x_wconf 90' lang='lat' dir='ltr'><strong>consilium</strong></span> <span class='ocrx_word' id='word_1_471' title='bbox 2445 1588 2640 1641; x_wconf 84' lang='lat' dir='ltr'><strong>stabile</strong></span> <span class='ocrx_word' id='word_1_472' title='bbox 2690 1603 2754 1642; x_wconf 91' lang='lat' dir='ltr'><strong>ac</strong></span> <span class='ocrx_word' id='word_1_473' title='bbox 2795 1591 3008 1643; x_wconf 81' lang='lat' dir='ltr'><strong>ﬁrmum</strong></span> <span class='ocrx_word' id='word_1_474' title='bbox 3042 1590 3095 1642; x_wconf 90' lang='lat' dir='ltr'><strong>in</strong></span> <span class='ocrx_word' id='word_1_475' title='bbox 3143 1591 3337 1644; x_wconf 89' lang='lat' dir='ltr'><strong>animis</strong></span> <span class='ocrx_word' id='word_1_476' title='bbox 3382 1592 3582 1646; x_wconf 88' lang='lat' dir='ltr'><strong>nostris</strong></span> 
     </span>
    </p>
   </div>
   <div class='ocr_carea' id='block_1_64' title="bbox 2006 1677 3586 1750">
    <p class='ocr_par' dir='ltr' id='par_1_64' title="bbox 2006 1677 3586 1750">
     <span class='ocr_line' id='line_1_64' title="bbox 2006 1677 3586 1750; baseline 0.007 -21"><span class='ocrx_word' id='word_1_477' title='bbox 2006 1691 2324 1745; x_wconf 87' lang='lat' dir='ltr'><strong>permanere</strong></span> <span class='ocrx_word' id='word_1_478' title='bbox 2378 1677 2567 1744; x_wconf 88' lang='lat' dir='ltr'><strong>debet,</strong></span> <span class='ocrx_word' id='word_1_479' title='bbox 2613 1690 2670 1734; x_wconf 91' lang='lat' dir='ltr'><strong>ut</strong></span> <span class='ocrx_word' id='word_1_480' title='bbox 2724 1681 2872 1750; x_wconf 89' lang='lat' dir='ltr'><strong>prius</strong></span> <span class='ocrx_word' id='word_1_481' title='bbox 2919 1682 2970 1735; x_wconf 90' lang='lat' dir='ltr'><strong>in</strong></span> <span class='ocrx_word' id='word_1_482' title='bbox 3019 1683 3174 1736; x_wconf 89' lang='lat' dir='ltr'><strong>nobis</strong></span> <span class='ocrx_word' id='word_1_483' title='bbox 3228 1683 3586 1750; x_wconf 74' lang='lat' dir='ltr'><strong>cogitationes</strong></span> 
     </span>
    </p>
   </div>
   <div class='ocr_carea' id='block_1_65' title="bbox 2009 1769 3584 1844">
    <p class='ocr_par' dir='ltr' id='par_1_65' title="bbox 2009 1769 3584 1844">
     <span class='ocr_line' id='line_1_65' title="bbox 2009 1769 3584 1844; baseline 0.006 -24"><span class='ocrx_word' id='word_1_484' title='bbox 2009 1769 2255 1824; x_wconf 63' lang='lat' dir='ltr'><strong>humanae</strong></span> <span class='ocrx_word' id='word_1_485' title='bbox 2302 1771 2647 1840; x_wconf 87' lang='lat' dir='ltr'><strong>dissipentur.</strong></span> <span class='ocrx_word' id='word_1_486' title='bbox 2701 1773 3158 1839; x_wconf 82' lang='lat' dir='ltr'><strong>Quemadmodum</strong></span> <span class='ocrx_word' id='word_1_487' title='bbox 3208 1775 3350 1829; x_wconf 89' lang='lat' dir='ltr'><strong>enim</strong></span> <span class='ocrx_word' id='word_1_488' title='bbox 3388 1776 3477 1844; x_wconf 92' lang='lat' dir='ltr'><strong>qui</strong></span> <span class='ocrx_word' id='word_1_489' title='bbox 3528 1776 3584 1830; x_wconf 90' lang='lat' dir='ltr'><strong>in</strong></span> 
     </span>
    </p>
   </div>
   <div class='ocr_carea' id='block_1_66' title="bbox 2006 1862 3580 1934">
    <p class='ocr_par' dir='ltr' id='par_1_66' title="bbox 2006 1862 3580 1934">
     <span class='ocr_line' id='line_1_66' title="bbox 2006 1862 3580 1934; baseline 0.004 -21"><span class='ocrx_word' id='word_1_490' title='bbox 2006 1875 2125 1914; x_wconf 90' lang='lat' dir='ltr'><strong>cera</strong></span> <span class='ocrx_word' id='word_1_491' title='bbox 2145 1862 2444 1931; x_wconf 87' lang='lat' dir='ltr'><strong>scripturus</strong></span> <span class='ocrx_word' id='word_1_492' title='bbox 2475 1873 2577 1927; x_wconf 84' lang='lat' dir='ltr'><strong>est,</strong></span> <span class='ocrx_word' id='word_1_493' title='bbox 2597 1880 2656 1917; x_wconf 88' lang='lat' dir='ltr'><strong>ea</strong></span> <span class='ocrx_word' id='word_1_494' title='bbox 2688 1865 2836 1931; x_wconf 90' lang='lat' dir='ltr'><strong>prius</strong></span> <span class='ocrx_word' id='word_1_495' title='bbox 2879 1866 3327 1934; x_wconf 87' lang='lat' dir='ltr'><strong>complanata,ita</strong></span> <span class='ocrx_word' id='word_1_496' title='bbox 3365 1868 3580 1920; x_wconf 90' lang='lat' dir='ltr'><strong>demum</strong></span> 
     </span>
    </p>
   </div>
   <div class='ocr_carea' id='block_1_67' title="bbox 2004 1950 3583 2023">
    <p class='ocr_par' dir='ltr' id='par_1_67' title="bbox 2004 1950 3583 2023">
     <span class='ocr_line' id='line_1_67' title="bbox 2004 1950 3583 2023; baseline 0.003 -21"><span class='ocrx_word' id='word_1_497' title='bbox 2004 1964 2138 2017; x_wconf 88' lang='lat' dir='ltr'><strong>quas</strong></span> <span class='ocrx_word' id='word_1_498' title='bbox 2166 1950 2276 2002; x_wconf 89' lang='lat' dir='ltr'><strong>vult</strong></span> <span class='ocrx_word' id='word_1_499' title='bbox 2312 1951 2514 2004; x_wconf 79' lang='lat' dir='ltr'><strong>formas</strong></span> <span class='ocrx_word' id='word_1_500' title='bbox 2540 1953 2798 2020; x_wconf 87' lang='lat' dir='ltr'><strong>imprimit</strong></span> <span class='ocrx_word' id='word_1_501' title='bbox 2843 1972 2855 2007; x_wconf 91' lang='lat'><strong>:</strong></span> <span class='ocrx_word' id='word_1_502' title='bbox 2892 1953 2970 2006; x_wconf 83' lang='lat' dir='ltr'><strong>sic</strong></span> <span class='ocrx_word' id='word_1_503' title='bbox 3001 1963 3054 2007; x_wconf 92' lang='lat' dir='ltr'><strong>et</strong></span> <span class='ocrx_word' id='word_1_504' title='bbox 3082 1970 3176 2007; x_wconf 87' lang='lat' dir='ltr'><strong>eor</strong></span> <span class='ocrx_word' id='word_1_505' title='bbox 3214 1956 3353 2023; x_wconf 87' lang='lat' dir='ltr'><strong>quod</strong></span> <span class='ocrx_word' id='word_1_506' title='bbox 3401 1955 3583 2008; x_wconf 83' lang='lat' dir='ltr'><strong>divina</strong></span> 
     </span>
    </p>
   </div>
   <div class='ocr_carea' id='block_1_68' title="bbox 2003 2041 3583 2114">
    <p class='ocr_par' dir='ltr' id='par_1_68' title="bbox 2003 2041 3583 2114">
     <span class='ocr_line' id='line_1_68' title="bbox 2003 2041 3583 2114; baseline 0.003 -21"><span class='ocrx_word' id='word_1_507' title='bbox 2003 2041 2218 2094; x_wconf 89' lang='lat' dir='ltr'><strong>oracula</strong></span> <span class='ocrx_word' id='word_1_508' title='bbox 2278 2041 2424 2096; x_wconf 89' lang='lat' dir='ltr'><strong>clare</strong></span> <span class='ocrx_word' id='word_1_509' title='bbox 2473 2053 2846 2111; x_wconf 88' lang='lat' dir='ltr'><strong>suscepturum</strong></span> <span class='ocrx_word' id='word_1_510' title='bbox 2896 2055 3010 2110; x_wconf 90' lang='lat' dir='ltr'><strong>est,</strong></span> <span class='ocrx_word' id='word_1_511' title='bbox 3052 2061 3240 2114; x_wconf 89' lang='lat' dir='ltr'><strong>purum</strong></span> <span class='ocrx_word' id='word_1_512' title='bbox 3279 2061 3308 2099; x_wconf 88' lang='lat' dir='ltr'><strong>a</strong></span> <span class='ocrx_word' id='word_1_513' title='bbox 3365 2054 3583 2101; x_wconf 87' lang='lat' dir='ltr'><strong>contra-</strong></span> 
     </span>
    </p>
   </div>
   <div class='ocr_carea' id='block_1_69' title="bbox 2000 2132 3584 2206">
    <p class='ocr_par' dir='ltr' id='par_1_69' title="bbox 2000 2132 3584 2206">
     <span class='ocr_line' id='line_1_69' title="bbox 2000 2132 3584 2206; baseline 0.002 -20"><span class='ocrx_word' id='word_1_514' title='bbox 2000 2134 2099 2187; x_wconf 86' lang='lat' dir='ltr'><strong>riis</strong></span> <span class='ocrx_word' id='word_1_515' title='bbox 2136 2132 2548 2202; x_wconf 81' lang='lat' dir='ltr'><strong>cogitationibus</strong></span> <span class='ocrx_word' id='word_1_516' title='bbox 2597 2136 2744 2188; x_wconf 89' lang='lat' dir='ltr'><strong>reddi</strong></span> <span class='ocrx_word' id='word_1_517' title='bbox 2790 2146 3018 2205; x_wconf 88' lang='lat' dir='ltr'><strong>oportet.</strong></span> <span class='ocrx_word' id='word_1_518' title='bbox 3067 2138 3420 2206; x_wconf 78' lang='lat' dir='ltr'><strong>Cogitationes</strong></span> <span class='ocrx_word' id='word_1_519' title='bbox 3465 2153 3584 2192; x_wconf 75' lang='lat' dir='ltr'><strong>con-</strong></span> 
     </span>
    </p>
   </div>
   <div class='ocr_carea' id='block_1_70' title="bbox 2001 2222 3583 2296">
    <p class='ocr_par' dir='ltr' id='par_1_70' title="bbox 2001 2222 3583 2296">
     <span class='ocr_line' id='line_1_70' title="bbox 2001 2222 3583 2296; baseline 0.004 -20"><span class='ocrx_word' id='word_1_520' title='bbox 2001 2224 2081 2276; x_wconf 85' lang='lat' dir='ltr'><strong>dis</strong></span> <span class='ocrx_word' id='word_1_521' title='bbox 2125 2222 2238 2293; x_wconf 86' lang='lat' dir='ltr'><strong>ejus</strong></span> <span class='ocrx_word' id='word_1_522' title='bbox 2286 2223 2343 2276; x_wconf 89' lang='lat' dir='ltr'><strong>in</strong></span> <span class='ocrx_word' id='word_1_523' title='bbox 2389 2224 2774 2292; x_wconf 86' lang='lat' dir='ltr'><strong>generationem</strong></span> <span class='ocrx_word' id='word_1_524' title='bbox 2833 2237 2879 2278; x_wconf 91' lang='lat' dir='ltr'><strong>et</strong></span> <span class='ocrx_word' id='word_1_525' title='bbox 2943 2228 3348 2295; x_wconf 87' lang='lat' dir='ltr'><strong>generationem.</strong></span> <span class='ocrx_word' id='word_1_526' title='bbox 3397 2226 3583 2296; x_wconf 84' lang='lat' dir='ltr'><strong>Itaque</strong></span> 
     </span>
    </p>
   </div>
   <div class='ocr_carea' id='block_1_71' title="bbox 2001 2313 3582 2386">
    <p class='ocr_par' dir='ltr' id='par_1_71' title="bbox 2001 2313 3582 2386">
     <span class='ocr_line' id='line_1_71' title="bbox 2001 2313 3582 2386; baseline 0.006 -22"><span class='ocrx_word' id='word_1_527' title='bbox 2001 2315 2176 2384; x_wconf 88' lang='lat' dir='ltr'><strong>populi</strong></span> <span class='ocrx_word' id='word_1_528' title='bbox 2214 2313 2368 2369; x_wconf 90' lang='lat' dir='ltr'><strong>electi</strong></span> <span class='ocrx_word' id='word_1_529' title='bbox 2407 2314 2516 2368; x_wconf 88' lang='lat' dir='ltr'><strong>duo</strong></span> <span class='ocrx_word' id='word_1_530' title='bbox 2559 2330 2679 2368; x_wconf 92' lang='lat' dir='ltr'><strong>cum</strong></span> <span class='ocrx_word' id='word_1_531' title='bbox 2722 2316 2855 2380; x_wconf 87' lang='lat' dir='ltr'><strong>sint,</strong></span> <span class='ocrx_word' id='word_1_532' title='bbox 2885 2317 3099 2386; x_wconf 89' lang='lat' dir='ltr'><strong>duoque</strong></span> <span class='ocrx_word' id='word_1_533' title='bbox 3149 2317 3229 2372; x_wconf 90' lang='lat' dir='ltr'><strong>eis</strong></span> <span class='ocrx_word' id='word_1_534' title='bbox 3262 2319 3453 2372; x_wconf 88' lang='lat' dir='ltr'><strong>tradita</strong></span> <span class='ocrx_word' id='word_1_535' title='bbox 3501 2329 3582 2373; x_wconf 88' lang='lat' dir='ltr'><strong>te-</strong></span> 
     </span>
    </p>
   </div>
   <div class='ocr_carea' id='block_1_72' title="bbox 2001 2405 3580 2479">
    <p class='ocr_par' dir='ltr' id='par_1_72' title="bbox 2001 2405 3580 2479">
     <span class='ocr_line' id='line_1_72' title="bbox 2001 2405 3580 2479; baseline 0.003 -19"><span class='ocrx_word' id='word_1_536' title='bbox 2001 2417 2266 2461; x_wconf 86' lang='lat' dir='ltr'><strong>stamenta</strong></span> <span class='ocrx_word' id='word_1_537' title='bbox 2287 2448 2302 2474; x_wconf 89' lang='lat'><strong>,</strong></span> <span class='ocrx_word' id='word_1_538' title='bbox 2333 2421 2428 2476; x_wconf 81' lang='lat' dir='ltr'><strong>per</strong></span> <span class='ocrx_word' id='word_1_539' title='bbox 2460 2406 2606 2471; x_wconf 92' lang='lat' dir='ltr'><strong>illud,</strong></span> <span class='ocrx_word' id='word_1_540' title='bbox 2648 2405 3002 2477; x_wconf 82' lang='lat' dir='ltr'><strong>Cogitationes</strong></span> <span class='ocrx_word' id='word_1_541' title='bbox 3046 2411 3216 2462; x_wconf 80' lang='lat' dir='ltr'><strong>cordis</strong></span> <span class='ocrx_word' id='word_1_542' title='bbox 3247 2411 3358 2478; x_wconf 86' lang='lat' dir='ltr'><strong>ejus</strong></span> <span class='ocrx_word' id='word_1_543' title='bbox 3391 2411 3446 2468; x_wconf 82' lang='lat' dir='ltr'><strong>in</strong></span> <span class='ocrx_word' id='word_1_544' title='bbox 3489 2427 3580 2479; x_wconf 87' lang='lat' dir='ltr'><strong>ge-</strong></span> 
     </span>
    </p>
   </div>
   <div class='ocr_carea' id='block_1_73' title="bbox 2001 2500 3582 2570">
    <p class='ocr_par' dir='ltr' id='par_1_73' title="bbox 2001 2500 3582 2570">
     <span class='ocr_line' id='line_1_73' title="bbox 2001 2500 3582 2570; baseline 0.004 -19"><span class='ocrx_word' id='word_1_545' title='bbox 2001 2500 2322 2552; x_wconf 87' lang='lat' dir='ltr'><strong>nerationem</strong></span> <span class='ocrx_word' id='word_1_546' title='bbox 2373 2509 2420 2553; x_wconf 83' lang='lat' dir='ltr'><strong>et</strong></span> <span class='ocrx_word' id='word_1_547' title='bbox 2475 2501 2893 2569; x_wconf 85' lang='lat' dir='ltr'><strong>generationem,</strong></span> <span class='ocrx_word' id='word_1_548' title='bbox 2935 2510 3191 2570; x_wconf 89' lang='lat' dir='ltr'><strong>possunt,</strong></span> <span class='ocrx_word' id='word_1_549' title='bbox 3234 2501 3582 2569; x_wconf 74' lang='lat' dir='ltr'><strong>generatione</strong></span> 
     </span>
    </p>
   </div>
   <div class='ocr_carea' id='block_1_74' title="bbox 2004 2592 3577 2662">
    <p class='ocr_par' dir='ltr' id='par_1_74' title="bbox 2004 2592 3577 2662">
     <span class='ocr_line' id='line_1_74' title="bbox 2004 2592 3577 2662; baseline 0.001 -18"><span class='ocrx_word' id='word_1_550' title='bbox 2004 2592 2087 2645; x_wconf 90' lang='lat' dir='ltr'><strong>bis</strong></span> <span class='ocrx_word' id='word_1_551' title='bbox 2140 2593 2450 2653; x_wconf 90' lang='lat' dir='ltr'><strong>nominata,</strong></span> <span class='ocrx_word' id='word_1_552' title='bbox 2507 2593 2625 2646; x_wconf 67' lang='lat' dir='ltr'><strong>duae</strong></span> <span class='ocrx_word' id='word_1_553' title='bbox 2664 2607 2875 2662; x_wconf 90' lang='lat' dir='ltr'><strong>quoque</strong></span> <span class='ocrx_word' id='word_1_554' title='bbox 2916 2593 3274 2662; x_wconf 78' lang='lat' dir='ltr'><strong>cogitationes</strong></span> <span class='ocrx_word' id='word_1_555' title='bbox 3335 2593 3577 2662; x_wconf 89' lang='lat' dir='ltr'><strong>intelligi.</strong></span> 
     </span>
    </p>
   </div>
   <div class='ocr_carea' id='block_1_75' title="bbox 2005 2681 3578 2752">
    <p class='ocr_par' dir='ltr' id='par_1_75' title="bbox 2005 2681 3578 2752">
     <span class='ocr_line' id='line_1_75' title="bbox 2005 2681 3578 2752; baseline 0.001 -17"><span class='ocrx_word' id='word_1_556' title='bbox 2005 2681 2120 2735; x_wconf 89' lang='lat' dir='ltr'><strong>Una</strong></span> <span class='ocrx_word' id='word_1_557' title='bbox 2153 2683 2711 2750; x_wconf 85' lang='lat' dir='ltr'><strong>quidem-secundum</strong></span> <span class='ocrx_word' id='word_1_558' title='bbox 2759 2698 2918 2750; x_wconf 86' lang='lat' dir='ltr'><strong>quam</strong></span> <span class='ocrx_word' id='word_1_559' title='bbox 2977 2683 3125 2752; x_wconf 91' lang='lat' dir='ltr'><strong>prius</strong></span> <span class='ocrx_word' id='word_1_560' title='bbox 3173 2683 3578 2737; x_wconf 87' lang='lat' dir='ltr'><strong>Testamentum</strong></span> 
     </span>
    </p>
   </div>
   <div class='ocr_carea' id='block_1_76' title="bbox 2002 2773 3577 2842">
    <p class='ocr_par' dir='ltr' id='par_1_76' title="bbox 2002 2773 3577 2842">
     <span class='ocr_line' id='line_1_76' title="bbox 2002 2773 3577 2842; baseline 0.001 -16"><span class='ocrx_word' id='word_1_561' title='bbox 2002 2773 2309 2840; x_wconf 88' lang='lat' dir='ltr'><strong>accepimus</strong></span> <span class='ocrx_word' id='word_1_562' title='bbox 2355 2789 2370 2825; x_wconf 88' lang='lat'><strong>:</strong></span> <span class='ocrx_word' id='word_1_563' title='bbox 2410 2773 2578 2825; x_wconf 88' lang='lat' dir='ltr'><strong>altera</strong></span> <span class='ocrx_word' id='word_1_564' title='bbox 2632 2788 2780 2837; x_wconf 89' lang='lat' dir='ltr'><strong>vero,</strong></span> <span class='ocrx_word' id='word_1_565' title='bbox 2818 2788 2936 2842; x_wconf 81' lang='lat' dir='ltr'><strong>quae</strong></span> <span class='ocrx_word' id='word_1_566' title='bbox 2965 2788 3156 2827; x_wconf 83' lang='lat' dir='ltr'><strong>novam</strong></span> <span class='ocrx_word' id='word_1_567' title='bbox 3191 2783 3245 2827; x_wconf 93' lang='lat' dir='ltr'><strong>et</strong></span> <span class='ocrx_word' id='word_1_568' title='bbox 3285 2774 3577 2828; x_wconf 86' lang='lat' dir='ltr'><strong>salutarem</strong></span> 
     </span>
    </p>
   </div>
   <div class='ocr_carea' id='block_1_77' title="bbox 2001 2863 3578 2933">
    <p class='ocr_par' dir='ltr' id='par_1_77' title="bbox 2001 2863 3578 2933">
     <span class='ocr_line' id='line_1_77' title="bbox 2001 2863 3578 2933; baseline 0 -15"><span class='ocrx_word' id='word_1_569' title='bbox 2001 2863 2199 2918; x_wconf 86' lang='lat' dir='ltr'><strong>Christi</strong></span> <span class='ocrx_word' id='word_1_570' title='bbox 2233 2865 2532 2920; x_wconf 91' lang='lat' dir='ltr'><strong>doctrinam</strong></span> <span class='ocrx_word' id='word_1_571' title='bbox 2564 2865 2720 2919; x_wconf 88' lang='lat' dir='ltr'><strong>nobis</strong></span> <span class='ocrx_word' id='word_1_572' title='bbox 2744 2866 2932 2933; x_wconf 77' lang='lat' dir='ltr'><strong>largita</strong></span> <span class='ocrx_word' id='word_1_573' title='bbox 2966 2876 3066 2918; x_wconf 89' lang='lat' dir='ltr'><strong>est.</strong></span> <span class='ocrx_word' id='word_1_574' title='bbox 3092 2864 3249 2918; x_wconf 71' lang='lat' dir='ltr'><strong>Vens.</strong></span> <span class='ocrx_word' id='word_1_575' title='bbox 3289 2865 3375 2918; x_wconf 65' lang='lat'><strong>12.</strong></span> <span class='ocrx_word' id='word_1_576' title='bbox 3410 2865 3578 2919; x_wconf 88' lang='lat' dir='ltr'><strong>Beata</strong></span> 
     </span>
    </p>
   </div>
   <div class='ocr_carea' id='block_1_78' title="bbox 1999 2953 3578 3023">
    <p class='ocr_par' dir='ltr' id='par_1_78' title="bbox 1999 2953 3578 3023">
     <span class='ocr_line' id='line_1_78' title="bbox 1999 2953 3578 3023; baseline 0 -17"><span class='ocrx_word' id='word_1_577' title='bbox 1999 2969 2120 3023; x_wconf 91' lang='lat' dir='ltr'><strong>gens</strong></span> <span class='ocrx_word' id='word_1_578' title='bbox 2151 2953 2299 3021; x_wconf 87' lang='lat' dir='ltr'><strong>cujus</strong></span> <span class='ocrx_word' id='word_1_579' title='bbox 2335 2963 2407 3007; x_wconf 86' lang='lat' dir='ltr'><strong>est</strong></span> <span class='ocrx_word' id='word_1_580' title='bbox 2462 2955 2715 3007; x_wconf 87' lang='lat' dir='ltr'><strong>Dominus</strong></span> <span class='ocrx_word' id='word_1_581' title='bbox 2765 2953 2903 3006; x_wconf 89' lang='lat' dir='ltr'><strong>Deus</strong></span> <span class='ocrx_word' id='word_1_582' title='bbox 2963 2955 3121 3020; x_wconf 87' lang='lat' dir='ltr'><strong>ejus;</strong></span> <span class='ocrx_word' id='word_1_583' title='bbox 3155 2957 3379 3022; x_wconf 87' lang='lat' dir='ltr'><strong>populus</strong></span> <span class='ocrx_word' id='word_1_584' title='bbox 3425 2969 3578 3020; x_wconf 86' lang='lat' dir='ltr'><strong>quem</strong></span> 
     </span>
    </p>
   </div>
   <div class='ocr_carea' id='block_1_79' title="bbox 2000 3042 3579 3113">
    <p class='ocr_par' dir='ltr' id='par_1_79' title="bbox 2000 3042 3579 3113">
     <span class='ocr_line' id='line_1_79' title="bbox 2000 3042 3579 3113; baseline 0.003 -17"><span class='ocrx_word' id='word_1_585' title='bbox 2000 3045 2148 3112; x_wconf 83' lang='lat' dir='ltr'><strong>elegit</strong></span> <span class='ocrx_word' id='word_1_586' title='bbox 2209 3044 2263 3098; x_wconf 80' lang='lat' dir='ltr'><strong>in</strong></span> <span class='ocrx_word' id='word_1_587' title='bbox 2312 3044 2666 3097; x_wconf 78' lang='lat' dir='ltr'><strong>ltwreditatem</strong></span> <span class='ocrx_word' id='word_1_588' title='bbox 2698 3045 2815 3098; x_wconf 84' lang='lat' dir='ltr'><strong>sibi.</strong></span> <span class='ocrx_word' id='word_1_589' title='bbox 2850 3042 3020 3097; x_wconf 88' lang='lat' dir='ltr'><strong>Nemo</strong></span> <span class='ocrx_word' id='word_1_590' title='bbox 3068 3046 3281 3097; x_wconf 89' lang='lat' dir='ltr'><strong>beatum</strong></span> <span class='ocrx_word' id='word_1_591' title='bbox 3325 3047 3579 3113; x_wconf 68' lang='lat' dir='ltr'><strong>praedicat</strong></span> 
     </span>
    </p>
   </div>
   <div class='ocr_carea' id='block_1_80' title="bbox 2000 3132 3578 3204">
    <p class='ocr_par' dir='ltr' id='par_1_80' title="bbox 2000 3132 3578 3204">
     <span class='ocr_line' id='line_1_80' title="bbox 2000 3132 3578 3204; baseline -0.001 -17"><span class='ocrx_word' id='word_1_592' title='bbox 2000 3132 2304 3188; x_wconf 66' lang='lat' dir='ltr'><strong>Judmorum</strong></span> <span class='ocrx_word' id='word_1_593' title='bbox 2339 3135 2612 3204; x_wconf 79' lang='lat' dir='ltr'><strong>pupulum,</strong></span> <span class='ocrx_word' id='word_1_594' title='bbox 2651 3135 2744 3188; x_wconf 85' lang='lat' dir='ltr'><strong>sed</strong></span> <span class='ocrx_word' id='word_1_595' title='bbox 2776 3151 2898 3188; x_wconf 92' lang='lat' dir='ltr'><strong>eum</strong></span> <span class='ocrx_word' id='word_1_596' title='bbox 2933 3134 3209 3202; x_wconf 90' lang='lat' dir='ltr'><strong>populum,</strong></span> <span class='ocrx_word' id='word_1_597' title='bbox 3245 3137 3333 3202; x_wconf 84' lang='lat' dir='ltr'><strong>qui</strong></span> <span class='ocrx_word' id='word_1_598' title='bbox 3366 3149 3434 3186; x_wconf 81' lang='lat' dir='ltr'><strong>ex</strong></span> <span class='ocrx_word' id='word_1_599' title='bbox 3460 3150 3578 3186; x_wconf 82' lang='lat' dir='ltr'><strong>om-</strong></span> 
     </span>
    </p>
   </div>
   <div class='ocr_carea' id='block_1_81' title="bbox 2002 3225 3578 3295">
    <p class='ocr_par' dir='ltr' id='par_1_81' title="bbox 2002 3225 3578 3295">
     <span class='ocr_line' id='line_1_81' title="bbox 2002 3225 3578 3295; baseline 0.001 -17"><span class='ocrx_word' id='word_1_600' title='bbox 2002 3225 2156 3278; x_wconf 86' lang='lat' dir='ltr'><strong>nibus</strong></span> <span class='ocrx_word' id='word_1_601' title='bbox 2183 3226 2393 3294; x_wconf 89' lang='lat' dir='ltr'><strong>p0pulis</strong></span> <span class='ocrx_word' id='word_1_602' title='bbox 2439 3227 2516 3280; x_wconf 89' lang='lat' dir='ltr'><strong>sic</strong></span> <span class='ocrx_word' id='word_1_603' title='bbox 2555 3226 2758 3280; x_wconf 90' lang='lat' dir='ltr'><strong>electus</strong></span> <span class='ocrx_word' id='word_1_604' title='bbox 2804 3235 2906 3291; x_wconf 85' lang='lat' dir='ltr'><strong>est,</strong></span> <span class='ocrx_word' id='word_1_605' title='bbox 2944 3237 3003 3280; x_wconf 91' lang='lat' dir='ltr'><strong>ut</strong></span> <span class='ocrx_word' id='word_1_606' title='bbox 3039 3226 3226 3294; x_wconf 87' lang='lat' dir='ltr'><strong>optimi</strong></span> <span class='ocrx_word' id='word_1_607' title='bbox 3261 3227 3457 3295; x_wconf 85' lang='lat' dir='ltr'><strong>quique</strong></span> <span class='ocrx_word' id='word_1_608' title='bbox 3491 3241 3578 3280; x_wconf 88' lang='lat' dir='ltr'><strong>se—</strong></span> 
     </span>
    </p>
   </div>
   <div class='ocr_carea' id='block_1_82' title="bbox 1999 3317 3576 3388">
    <p class='ocr_par' dir='ltr' id='par_1_82' title="bbox 1999 3317 3576 3388">
     <span class='ocr_line' id='line_1_82' title="bbox 1999 3317 3576 3388; baseline 0.001 -18"><span class='ocrx_word' id='word_1_609' title='bbox 1999 3317 2122 3371; x_wconf 85' lang='lat' dir='ltr'><strong>lecti</strong></span> <span class='ocrx_word' id='word_1_610' title='bbox 2180 3319 2310 3372; x_wconf 89' lang='lat' dir='ltr'><strong>sint.</strong></span> <span class='ocrx_word' id='word_1_611' title='bbox 2343 3317 2540 3372; x_wconf 88' lang='lat' dir='ltr'><strong>Sumus</strong></span> <span class='ocrx_word' id='word_1_612' title='bbox 2591 3319 2734 3372; x_wconf 89' lang='lat' dir='ltr'><strong>enim</strong></span> <span class='ocrx_word' id='word_1_613' title='bbox 2765 3333 2897 3388; x_wconf 82' lang='lat' dir='ltr'><strong>gens</strong></span> <span class='ocrx_word' id='word_1_614' title='bbox 2932 3319 3018 3370; x_wconf 89' lang='lat' dir='ltr'><strong>illa</strong></span> <span class='ocrx_word' id='word_1_615' title='bbox 3065 3333 3179 3383; x_wconf 84' lang='lat' dir='ltr'><strong>nos,</strong></span> <span class='ocrx_word' id='word_1_616' title='bbox 3213 3333 3441 3386; x_wconf 90' lang='lat' dir='ltr'><strong>quorum</strong></span> <span class='ocrx_word' id='word_1_617' title='bbox 3491 3328 3576 3372; x_wconf 85' lang='lat' dir='ltr'><strong>est</strong></span> 
     </span>
    </p>
   </div>
   <div class='ocr_carea' id='block_1_83' title="bbox 1998 3410 3568 3477">
    <p class='ocr_par' dir='ltr' id='par_1_83' title="bbox 1998 3410 3568 3477">
     <span class='ocr_line' id='line_1_83' title="bbox 1998 3410 3568 3477; baseline -0.001 -12"><span class='ocrx_word' id='word_1_618' title='bbox 1998 3412 2256 3466; x_wconf 91' lang='lat' dir='ltr'><strong>Dominus</strong></span> <span class='ocrx_word' id='word_1_619' title='bbox 2311 3411 2449 3464; x_wconf 90' lang='lat' dir='ltr'><strong>Deus</strong></span> <span class='ocrx_word' id='word_1_620' title='bbox 2492 3421 2673 3465; x_wconf 83' lang='lat' dir='ltr'><strong>noster</strong></span> <span class='ocrx_word' id='word_1_621' title='bbox 2714 3429 2727 3466; x_wconf 88' lang='lat'><strong>:</strong></span> <span class='ocrx_word' id='word_1_622' title='bbox 2762 3427 2860 3464; x_wconf 87' lang='lat' dir='ltr'><strong>nos</strong></span> <span class='ocrx_word' id='word_1_623' title='bbox 2893 3426 3077 3464; x_wconf 88' lang='lat' dir='ltr'><strong>sumus</strong></span> <span class='ocrx_word' id='word_1_624' title='bbox 3121 3411 3283 3464; x_wconf 91' lang='lat' dir='ltr'><strong>etiam</strong></span> <span class='ocrx_word' id='word_1_625' title='bbox 3315 3410 3568 3477; x_wconf 88' lang='lat' dir='ltr'><strong>p0pulus,</strong></span> 
     </span>
    </p>
   </div>
   <div class='ocr_carea' id='block_1_84' title="bbox 1996 3501 3575 3571">
    <p class='ocr_par' dir='ltr' id='par_1_84' title="bbox 1996 3501 3575 3571">
     <span class='ocr_line' id='line_1_84' title="bbox 1996 3501 3575 3571; baseline 0.001 -17"><span class='ocrx_word' id='word_1_626' title='bbox 1996 3515 2154 3569; x_wconf 90' lang='lat' dir='ltr'><strong>quem</strong></span> <span class='ocrx_word' id='word_1_627' title='bbox 2179 3501 2339 3571; x_wconf 83' lang='lat' dir='ltr'><strong>elegit</strong></span> <span class='ocrx_word' id='word_1_628' title='bbox 2356 3502 2406 3554; x_wconf 92' lang='lat' dir='ltr'><strong>in</strong></span> <span class='ocrx_word' id='word_1_629' title='bbox 2427 3501 2791 3555; x_wconf 75' lang='lat' dir='ltr'><strong>lnereditatem</strong></span> <span class='ocrx_word' id='word_1_630' title='bbox 2814 3502 2914 3555; x_wconf 87' lang='lat' dir='ltr'><strong>sibi</strong></span> <span class='ocrx_word' id='word_1_631' title='bbox 2935 3503 3014 3566; x_wconf 83' lang='grc'><strong>⁸¹;</strong></span> <span class='ocrx_word' id='word_1_632' title='bbox 3041 3517 3172 3570; x_wconf 77' lang='lat' dir='ltr'><strong>gens</strong></span> <span class='ocrx_word' id='word_1_633' title='bbox 3194 3503 3428 3571; x_wconf 88' lang='lat' dir='ltr'><strong>quidem,</strong></span> <span class='ocrx_word' id='word_1_634' title='bbox 3449 3503 3575 3571; x_wconf 84' lang='lat' dir='ltr'><strong>quia</strong></span> 
     </span>
    </p>
   </div>
   <div class='ocr_carea' id='block_1_85' title="bbox 1999 3593 3573 3662">
    <p class='ocr_par' dir='ltr' id='par_1_85' title="bbox 1999 3593 3573 3662">
     <span class='ocr_line' id='line_1_85' title="bbox 1999 3593 3573 3662; baseline 0.001 -16"><span class='ocrx_word' id='word_1_635' title='bbox 1999 3608 2066 3646; x_wconf 76' lang='lat' dir='ltr'><strong>ex</strong></span> <span class='ocrx_word' id='word_1_636' title='bbox 2099 3593 2279 3646; x_wconf 83' lang='lat' dir='ltr'><strong>multis</strong></span> <span class='ocrx_word' id='word_1_637' title='bbox 2317 3594 2564 3662; x_wconf 77' lang='lat' dir='ltr'><strong>gentibus</strong></span> <span class='ocrx_word' id='word_1_638' title='bbox 2594 3593 2805 3647; x_wconf 85' lang='lat' dir='ltr'><strong>collecti</strong></span> <span class='ocrx_word' id='word_1_639' title='bbox 2850 3610 3034 3647; x_wconf 88' lang='lat' dir='ltr'><strong>sumus</strong></span> <span class='ocrx_word' id='word_1_640' title='bbox 3050 3595 3094 3625; x_wconf 70' lang='grc' dir='ltr'>θ’</span> <span class='ocrx_word' id='word_1_641' title='bbox 3121 3611 3135 3645; x_wconf 88' lang='lat'><strong>:</strong></span> <span class='ocrx_word' id='word_1_642' title='bbox 3166 3595 3391 3662; x_wconf 88' lang='lat' dir='ltr'><strong>populus</strong></span> <span class='ocrx_word' id='word_1_643' title='bbox 3424 3610 3573 3659; x_wconf 82' lang='lat' dir='ltr'><strong>vero,</strong></span> 
     </span>
    </p>
   </div>
   <div class='ocr_carea' id='block_1_86' title="bbox 2002 3684 3578 3753">
    <p class='ocr_par' dir='ltr' id='par_1_86' title="bbox 2002 3684 3578 3753">
     <span class='ocr_line' id='line_1_86' title="bbox 2002 3684 3578 3753; baseline 0.001 -18"><span class='ocrx_word' id='word_1_644' title='bbox 2002 3685 2125 3753; x_wconf 85' lang='lat' dir='ltr'><strong>quia</strong></span> <span class='ocrx_word' id='word_1_645' title='bbox 2152 3684 2205 3737; x_wconf 92' lang='lat' dir='ltr'><strong>in</strong></span> <span class='ocrx_word' id='word_1_646' title='bbox 2230 3684 2405 3751; x_wconf 87' lang='lat' dir='ltr'><strong>populi</strong></span> <span class='ocrx_word' id='word_1_647' title='bbox 2427 3685 2618 3751; x_wconf 91' lang='lat' dir='ltr'><strong>abjecti</strong></span> <span class='ocrx_word' id='word_1_648' title='bbox 2643 3685 2816 3737; x_wconf 85' lang='lat' dir='ltr'><strong>locum</strong></span> <span class='ocrx_word' id='word_1_649' title='bbox 2847 3686 3090 3738; x_wconf 89' lang='lat' dir='ltr'><strong>advocati</strong></span> <span class='ocrx_word' id='word_1_650' title='bbox 3119 3700 3320 3738; x_wconf 87' lang='lat' dir='ltr'><strong>sumus.</strong></span> <span class='ocrx_word' id='word_1_651' title='bbox 3356 3684 3417 3737; x_wconf 88' lang='lat' dir='ltr'><strong>Et</strong></span> <span class='ocrx_word' id='word_1_652' title='bbox 3443 3700 3578 3752; x_wconf 65' lang='lat' dir='ltr'><strong>quo.</strong></span> 
     </span>
    </p>
   </div>
   <div class='ocr_carea' id='block_1_87' title="bbox 2000 3775 3572 3844">
    <p class='ocr_par' dir='ltr' id='par_1_87' title="bbox 2000 3775 3572 3844">
     <span class='ocr_line' id='line_1_87' title="bbox 2000 3775 3572 3844; baseline -0.002 -13"><span class='ocrx_word' id='word_1_653' title='bbox 2000 3777 2144 3831; x_wconf 89' lang='lat' dir='ltr'><strong>niam</strong></span> <span class='ocrx_word' id='word_1_654' title='bbox 2174 3775 2331 3829; x_wconf 79' lang='lat' dir='ltr'><strong>Multi</strong></span> <span class='ocrx_word' id='word_1_655' title='bbox 2365 3787 2483 3830; x_wconf 89' lang='lat' dir='ltr'><strong>sunt</strong></span> <span class='ocrx_word' id='word_1_656' title='bbox 2512 3778 2703 3840; x_wconf 84' lang='lat' dir='ltr'><strong>vocati,</strong></span> <span class='ocrx_word' id='word_1_657' title='bbox 2729 3779 2884 3844; x_wconf 79' lang='lat' dir='ltr'><strong>pauci</strong></span> <span class='ocrx_word' id='word_1_658' title='bbox 2934 3793 3048 3830; x_wconf 83' lang='lat' dir='ltr'><strong>vero</strong></span> <span class='ocrx_word' id='word_1_659' title='bbox 3088 3776 3324 3839; x_wconf 75' lang='lat' dir='ltr'><strong>electi”,</strong></span> <span class='ocrx_word' id='word_1_660' title='bbox 3358 3778 3572 3830; x_wconf 87' lang='lat' dir='ltr'><strong>beatum</strong></span> 
     </span>
    </p>
   </div>
   <div class='ocr_carea' id='block_1_88' title="bbox 1999 3866 3572 3936">
    <p class='ocr_par' dir='ltr' id='par_1_88' title="bbox 1999 3866 3572 3936">
     <span class='ocr_line' id='line_1_88' title="bbox 1999 3866 3572 3936; baseline -0.001 -15"><span class='ocrx_word' id='word_1_661' title='bbox 1999 3868 2128 3922; x_wconf 89' lang='lat' dir='ltr'><strong>dicit</strong></span> <span class='ocrx_word' id='word_1_662' title='bbox 2158 3884 2261 3920; x_wconf 91' lang='lat' dir='ltr'><strong>non</strong></span> <span class='ocrx_word' id='word_1_663' title='bbox 2289 3875 2557 3930; x_wconf 86' lang='lat' dir='ltr'><strong>vocatum,</strong></span> <span class='ocrx_word' id='word_1_664' title='bbox 2577 3867 2669 3920; x_wconf 91' lang='lat' dir='ltr'><strong>sed</strong></span> <span class='ocrx_word' id='word_1_665' title='bbox 2696 3866 2944 3920; x_wconf 90' lang='lat' dir='ltr'><strong>electum.</strong></span> <span class='ocrx_word' id='word_1_666' title='bbox 2964 3867 3155 3921; x_wconf 86' lang='lat' dir='ltr'><strong>Beatus</strong></span> <span class='ocrx_word' id='word_1_667' title='bbox 3178 3882 3404 3936; x_wconf 82' lang='lat' dir='ltr'><strong>namque</strong></span> <span class='ocrx_word' id='word_1_668' title='bbox 3418 3881 3572 3932; x_wconf 88' lang='lat' dir='ltr'><strong>quem</strong></span> 
     </span>
    </p>
   </div>
   <div class='ocr_carea' id='block_1_89' title="bbox 1997 3957 3572 4028">
    <p class='ocr_par' dir='ltr' id='par_1_89' title="bbox 1997 3957 3572 4028">
     <span class='ocr_line' id='line_1_89' title="bbox 1997 3957 3572 4028; baseline -0.001 -16"><span class='ocrx_word' id='word_1_669' title='bbox 1997 3960 2181 4028; x_wconf 88' lang='lat' dir='ltr'><strong>elegit.</strong></span> <span class='ocrx_word' id='word_1_670' title='bbox 2227 3958 2356 4022; x_wconf 77' lang='lat' dir='ltr'><strong>Qua:</strong></span> <span class='ocrx_word' id='word_1_671' title='bbox 2387 3969 2566 4012; x_wconf 89' lang='lat' dir='ltr'><strong>autem</strong></span> <span class='ocrx_word' id='word_1_672' title='bbox 2598 3958 2946 4011; x_wconf 90' lang='lat' dir='ltr'><strong>beatitudinis</strong></span> <span class='ocrx_word' id='word_1_673' title='bbox 2987 3973 3150 4011; x_wconf 90' lang='lat' dir='ltr'><strong>causa</strong></span> <span class='ocrx_word' id='word_1_674' title='bbox 3196 3959 3216 4009; x_wconf 71' lang='lat'><strong><em>2</em></strong></span> <span class='ocrx_word' id='word_1_675' title='bbox 3255 3957 3572 4026; x_wconf 82' lang='lat' dir='ltr'><strong>Exspectata</strong></span> 
     </span>
    </p>
   </div>
   <div class='ocr_carea' id='block_1_90' title="bbox 1999 4047 3570 4114">
    <p class='ocr_par' dir='ltr' id='par_1_90' title="bbox 1999 4047 3570 4114">
     <span class='ocr_line' id='line_1_90' title="bbox 1999 4047 3570 4114; baseline -0.005 -10"><span class='ocrx_word' id='word_1_676' title='bbox 1999 4051 2259 4104; x_wconf 87' lang='lat' dir='ltr'><strong>bonorum</strong></span> <span class='ocrx_word' id='word_1_677' title='bbox 2295 4059 2618 4102; x_wconf 65' lang='lat' dir='ltr'><strong>aeternorum</strong></span> <span class='ocrx_word' id='word_1_678' title='bbox 2661 4047 2966 4102; x_wconf 69' lang='lat' dir='ltr'><strong>haereditas.</strong></span> <span class='ocrx_word' id='word_1_679' title='bbox 3003 4049 3081 4099; x_wconf 85' lang='lat' dir='ltr'><strong>Au</strong></span> <span class='ocrx_word' id='word_1_680' title='bbox 3129 4047 3264 4102; x_wconf 83' lang='lat' dir='ltr'><strong>forte</strong></span> <span class='ocrx_word' id='word_1_681' title='bbox 3318 4047 3570 4114; x_wconf 85' lang='lat' dir='ltr'><strong>quouiam</strong></span> 
     </span>
    </p>
   </div>
   <div class='ocr_carea' id='block_1_91' title="bbox 1996 4139 3576 4212">
    <p class='ocr_par' dir='ltr' id='par_1_91' title="bbox 1996 4139 3576 4212">
     <span class='ocr_line' id='line_1_91' title="bbox 1996 4139 3576 4212; baseline -0.001 -18"><span class='ocrx_word' id='word_1_682' title='bbox 1996 4143 2150 4212; x_wconf 81' lang='lat' dir='ltr'><strong>juxta</strong></span> <span class='ocrx_word' id='word_1_683' title='bbox 2200 4142 2520 4211; x_wconf 84' lang='lat' dir='ltr'><strong>Apostolum</strong></span> <span class='ocrx_word' id='word_1_684' title='bbox 2554 4142 2624 4204; x_wconf 71' lang='lat'><strong>“,</strong></span> <span class='ocrx_word' id='word_1_685' title='bbox 2661 4151 2946 4210; x_wconf 85' lang='lat' dir='ltr'><strong>postquam</strong></span> <span class='ocrx_word' id='word_1_686' title='bbox 3011 4141 3248 4209; x_wconf 87' lang='lat' dir='ltr'><strong>gentium</strong></span> <span class='ocrx_word' id='word_1_687' title='bbox 3299 4139 3576 4206; x_wconf 88' lang='lat' dir='ltr'><strong>plenitudo</strong></span> 
     </span>
    </p>
   </div>
   <div class='ocr_carea' id='block_1_92' title="bbox 1999 4231 3573 4299">
    <p class='ocr_par' dir='ltr' id='par_1_92' title="bbox 1999 4231 3573 4299">
     <span class='ocr_line' id='line_1_92' title="bbox 1999 4231 3573 4299; baseline -0.004 -10"><span class='ocrx_word' id='word_1_688' title='bbox 1999 4235 2302 4299; x_wconf 83' lang='lat' dir='ltr'><strong>intraverit,</strong></span> <span class='ocrx_word' id='word_1_689' title='bbox 2366 4243 2492 4287; x_wconf 89' lang='lat' dir='ltr'><strong>tunc</strong></span> <span class='ocrx_word' id='word_1_690' title='bbox 2530 4232 2692 4287; x_wconf 85' lang='lat' dir='ltr'><strong>Israel</strong></span> <span class='ocrx_word' id='word_1_691' title='bbox 2740 4233 2917 4286; x_wconf 89' lang='lat' dir='ltr'><strong>omnis</strong></span> <span class='ocrx_word' id='word_1_692' title='bbox 2972 4232 3298 4293; x_wconf 86' lang='lat' dir='ltr'><strong>salvabitur,</strong></span> <span class='ocrx_word' id='word_1_693' title='bbox 3341 4231 3573 4299; x_wconf 90' lang='lat' dir='ltr'><strong>primum</strong></span> 
     </span>
    </p>
   </div>
   <div class='ocr_carea' id='block_1_93' title="bbox 1997 4321 3576 4395">
    <p class='ocr_par' dir='ltr' id='par_1_93' title="bbox 1997 4321 3576 4395">
     <span class='ocr_line' id='line_1_93' title="bbox 1997 4321 3576 4395; baseline -0.004 -15"><span class='ocrx_word' id='word_1_694' title='bbox 1997 4329 2211 4383; x_wconf 89' lang='lat' dir='ltr'><strong>beatam</strong></span> <span class='ocrx_word' id='word_1_695' title='bbox 2272 4326 2532 4395; x_wconf 83' lang='lat' dir='ltr'><strong>praedicat</strong></span> <span class='ocrx_word' id='word_1_696' title='bbox 2600 4324 2836 4393; x_wconf 89' lang='lat' dir='ltr'><strong>gentium</strong></span> <span class='ocrx_word' id='word_1_697' title='bbox 2903 4322 3340 4391; x_wconf 89' lang='lat' dir='ltr'><strong>plenitudinem:</strong></span> <span class='ocrx_word' id='word_1_698' title='bbox 3386 4321 3576 4374; x_wconf 85' lang='lat' dir='ltr'><strong>deinde</strong></span> 
     </span>
    </p>
   </div>
   <div class='ocr_carea' id='block_1_94' title="bbox 1998 4415 3571 4487">
    <p class='ocr_par' dir='ltr' id='par_1_94' title="bbox 1998 4415 3571 4487">
     <span class='ocr_line' id='line_1_94' title="bbox 1998 4415 3571 4487; baseline -0.007 -13"><span class='ocrx_word' id='word_1_699' title='bbox 1998 4420 2281 4484; x_wconf 89' lang='lat' dir='ltr'><strong>Israelem,</strong></span> <span class='ocrx_word' id='word_1_700' title='bbox 2317 4420 2404 4487; x_wconf 91' lang='lat' dir='ltr'><strong>qui</strong></span> <span class='ocrx_word' id='word_1_701' title='bbox 2444 4427 2718 4487; x_wconf 90' lang='lat' dir='ltr'><strong>postremo</strong></span> <span class='ocrx_word' id='word_1_702' title='bbox 2776 4415 3110 4470; x_wconf 84' lang='lat' dir='ltr'><strong>salvabitur?</strong></span> <span class='ocrx_word' id='word_1_703' title='bbox 3159 4415 3350 4467; x_wconf 89' lang='lat' dir='ltr'><strong>Salvus</strong></span> <span class='ocrx_word' id='word_1_704' title='bbox 3397 4423 3571 4476; x_wconf 81' lang='lat' dir='ltr'><strong>autem</strong></span> 
     </span>
    </p>
   </div>
   <div class='ocr_carea' id='block_1_95' title="bbox 1999 4507 3574 4578">
    <p class='ocr_par' dir='ltr' id='par_1_95' title="bbox 1999 4507 3574 4578">
     <span class='ocr_line' id='line_1_95' title="bbox 1999 4507 3574 4578; baseline -0.007 -14"><span class='ocrx_word' id='word_1_705' title='bbox 1999 4511 2058 4564; x_wconf 83' lang='lat' dir='ltr'><strong>ﬁt</strong></span> <span class='ocrx_word' id='word_1_706' title='bbox 2087 4526 2192 4564; x_wconf 91' lang='lat' dir='ltr'><strong>non</strong></span> <span class='ocrx_word' id='word_1_707' title='bbox 2225 4510 2420 4578; x_wconf 84' lang='lat' dir='ltr'><strong>quivis.</strong></span> <span class='ocrx_word' id='word_1_708' title='bbox 2454 4507 2547 4560; x_wconf 90' lang='lat' dir='ltr'><strong>sed</strong></span> <span class='ocrx_word' id='word_1_709' title='bbox 2595 4507 2834 4574; x_wconf 58' lang='lat' dir='ltr'><strong>reliquias</strong></span> <span class='ocrx_word' id='word_1_710' title='bbox 2873 4507 3078 4567; x_wconf 82' lang='lat' dir='ltr'><strong>solum,</strong></span> <span class='ocrx_word' id='word_1_711' title='bbox 3111 4519 3230 4570; x_wconf 64' lang='lat' dir='ltr'><strong>qum</strong></span> <span class='ocrx_word' id='word_1_712' title='bbox 3275 4513 3434 4556; x_wconf 89' lang='lat' dir='ltr'><strong>erunt</strong></span> <span class='ocrx_word' id='word_1_713' title='bbox 3485 4517 3574 4555; x_wconf 86' lang='lat' dir='ltr'><strong>se-</strong></span> 
     </span>
    </p>
   </div>
   <div class='ocr_carea' id='block_1_96' title="bbox 1999 4593 3573 4665">
    <p class='ocr_par' dir='ltr' id='par_1_96' title="bbox 1999 4593 3573 4665">
     <span class='ocr_line' id='line_1_96' title="bbox 1999 4593 3573 4665; baseline -0.007 -6"><span class='ocrx_word' id='word_1_714' title='bbox 1999 4605 2230 4658; x_wconf 83' lang='lat' dir='ltr'><strong>cundum</strong></span> <span class='ocrx_word' id='word_1_715' title='bbox 2261 4602 2582 4654; x_wconf 82' lang='lat' dir='ltr'><strong>electionem</strong></span> <span class='ocrx_word' id='word_1_716' title='bbox 2617 4599 2805 4665; x_wconf 73' lang='lat' dir='ltr'><strong>gratia:</strong></span> <span class='ocrx_word' id='word_1_717' title='bbox 2835 4598 2904 4651; x_wconf 83' lang='lat'><strong>&quot;.</strong></span> <span class='ocrx_word' id='word_1_718' title='bbox 2941 4596 3065 4649; x_wconf 90' lang='lat' dir='ltr'><strong>Ideo</strong></span> <span class='ocrx_word' id='word_1_719' title='bbox 3117 4597 3247 4649; x_wconf 90' lang='lat' dir='ltr'><strong>dicit</strong></span> <span class='ocrx_word' id='word_1_720' title='bbox 3282 4614 3296 4649; x_wconf 91' lang='lat'><strong>:</strong></span> <span class='ocrx_word' id='word_1_721' title='bbox 3341 4593 3573 4663; x_wconf 81' lang='lat' dir='ltr'><strong>Papulas</strong></span> 
     </span>
    </p>
   </div>
   <div class='ocr_carea' id='block_1_97' title="bbox 1999 4689 2968 4766">
    <p class='ocr_par' dir='ltr' id='par_1_97' title="bbox 1999 4689 2968 4766">
     <span class='ocr_line' id='line_1_97' title="bbox 1999 4689 2968 4766; baseline -0.009 -17"><span class='ocrx_word' id='word_1_722' title='bbox 1999 4713 2148 4766; x_wconf 76' lang='lat' dir='ltr'><strong>quem</strong></span> <span class='ocrx_word' id='word_1_723' title='bbox 2181 4695 2334 4761; x_wconf 89' lang='lat' dir='ltr'><strong>elegit</strong></span> <span class='ocrx_word' id='word_1_724' title='bbox 2367 4695 2419 4745; x_wconf 90' lang='lat' dir='ltr'><strong>in</strong></span> <span class='ocrx_word' id='word_1_725' title='bbox 2452 4693 2812 4744; x_wconf 82' lang='lat' dir='ltr'><strong>luereditateut</strong></span> <span class='ocrx_word' id='word_1_726' title='bbox 2845 4689 2968 4741; x_wconf 80' lang='lat' dir='ltr'><strong>sibi.</strong></span> 
     </span>
    </p>
   </div>
   <div class='ocr_carea' id='block_1_98' title="bbox 393 4779 1902 4858">
    <p class='ocr_par' dir='ltr' id='par_1_98' title="bbox 393 4788 1895 4858">
     <span class='ocr_line' id='line_1_98' title="bbox 393 4788 1895 4858; baseline 0.001 -14"><span class='ocrx_word' id='word_1_727' title='bbox 393 4790 442 4844; x_wconf 90' lang='lat'><strong>8.</strong></span> <span class='ocrx_word' id='word_1_728' title='bbox 499 4790 592 4854; x_wconf 83' lang='grc' dir='ltr'>Ἐξ</span> <span class='ocrx_word' id='word_1_729' title='bbox 621 4791 875 4858; x_wconf 77' lang='grc' dir='ltr'>οὐρανοῦ</span> <span class='ocrx_word' id='word_1_730' title='bbox 897 4790 1232 4858; x_wconf 65' lang='grc' dir='ltr'>ἐπέϐλεψεν</span> <span class='ocrx_word' id='word_1_731' title='bbox 1261 4793 1548 4856; x_wconf 71' lang='grc' dir='ltr'>όΚύριοςοο</span> <span class='ocrx_word' id='word_1_732' title='bbox 1587 4788 1707 4844; x_wconf 79' lang='grc' dir='ltr'>εἶδε</span> <span class='ocrx_word' id='word_1_733' title='bbox 1745 4793 1895 4845; x_wconf 70' lang='lat' dir='ltr'><strong>mir-</strong></span> 
     </span>
    </p>
   </div>
   <div class='ocr_carea' id='block_1_99' title="bbox 2002 4779 3572 4858">
    <p class='ocr_par' dir='ltr' id='par_1_99' title="bbox 2071 4779 3572 4849">
     <span class='ocr_line' id='line_1_99' title="bbox 2071 4779 3572 4849; baseline -0.009 -5"><span class='ocrx_word' id='word_1_734' title='bbox 2071 4793 2123 4844; x_wconf 92' lang='lat'><strong>8.</strong></span> <span class='ocrx_word' id='word_1_735' title='bbox 2153 4790 2312 4842; x_wconf 73' lang='lat' dir='ltr'><strong>Vens.</strong></span> <span class='ocrx_word' id='word_1_736' title='bbox 2351 4787 2436 4849; x_wconf 79' lang='grc'><strong>15,</strong></span> <span class='ocrx_word' id='word_1_737' title='bbox 2464 4785 2551 4838; x_wconf 72' lang='grc' dir='ltr'><strong>Η.</strong></span> <span class='ocrx_word' id='word_1_738' title='bbox 2589 4783 2661 4836; x_wconf 92' lang='lat' dir='ltr'><strong>De</strong></span> <span class='ocrx_word' id='word_1_739' title='bbox 2693 4782 2819 4836; x_wconf 70' lang='lat' dir='ltr'><strong>coelo</strong></span> <span class='ocrx_word' id='word_1_740' title='bbox 2853 4781 3076 4848; x_wconf 77' lang='lat' dir='ltr'><strong>respexit</strong></span> <span class='ocrx_word' id='word_1_741' title='bbox 3118 4779 3412 4842; x_wconf 82' lang='lat' dir='ltr'><strong>Dominus;</strong></span> <span class='ocrx_word' id='word_1_742' title='bbox 3447 4779 3572 4831; x_wconf 85' lang='lat' dir='ltr'><strong>vidit</strong></span> 
     </span>
    </p>
   </div>
   <div class='ocr_carea' id='block_1_100' title="bbox 320 4883 1889 4952">
    <p class='ocr_par' dir='ltr' id='par_1_100' title="bbox 320 4883 1889 4952">
     <span class='ocr_line' id='line_1_100' title="bbox 320 4883 1889 4952; baseline 0.001 -15"><span class='ocrx_word' id='word_1_743' title='bbox 320 4901 426 4950; x_wconf 76' lang='grc' dir='ltr'><strong>τας</strong></span> <span class='ocrx_word' id='word_1_744' title='bbox 453 4885 595 4950; x_wconf 81' lang='grc' dir='ltr'>τοὺς</span> <span class='ocrx_word' id='word_1_745' title='bbox 619 4885 790 4951; x_wconf 77' lang='grc' dir='ltr'>υἱοὺς</span> <span class='ocrx_word' id='word_1_746' title='bbox 805 4884 921 4937; x_wconf 81' lang='grc' dir='ltr'><strong>τῶν</strong></span> <span class='ocrx_word' id='word_1_747' title='bbox 935 4883 1258 4951; x_wconf 68' lang='grc' dir='ltr'>ἀνθρώπων</span> <span class='ocrx_word' id='word_1_748' title='bbox 1277 4884 1344 4949; x_wconf 81' lang='grc' dir='ltr'><strong>ἐξ</strong></span> <span class='ocrx_word' id='word_1_749' title='bbox 1366 4886 1599 4952; x_wconf 82' lang='grc' dir='ltr'>ἑτοίμου</span> <span class='ocrx_word' id='word_1_750' title='bbox 1617 4903 1889 4952; x_wconf 81' lang='grc' dir='ltr'>κατοικη-</span> 
     </span>
    </p>
   </div>
   <div class='ocr_carea' id='block_1_101' title="bbox 320 4975 1890 5046">
    <p class='ocr_par' dir='ltr' id='par_1_101' title="bbox 320 4975 1890 5046">
     <span class='ocr_line' id='line_1_101' title="bbox 320 4975 1890 5046; baseline -0.002 -16"><span class='ocrx_word' id='word_1_751' title='bbox 320 4977 524 5044; x_wconf 82' lang='grc' dir='ltr'>τηρίου</span> <span class='ocrx_word' id='word_1_752' title='bbox 545 4976 749 5030; x_wconf 86' lang='grc' dir='ltr'>αὐτοῦ.</span> <span class='ocrx_word' id='word_1_753' title='bbox 769 4977 905 5039; x_wconf 73' lang='grc' dir='ltr'>Τοὺς</span> <span class='ocrx_word' id='word_1_754' title='bbox 930 4977 1038 5043; x_wconf 83' lang='grc'><strong>(50)</strong></span> <span class='ocrx_word' id='word_1_755' title='bbox 1058 4976 1314 5046; x_wconf 86' lang='grc' dir='ltr'>μένοντας</span> <span class='ocrx_word' id='word_1_756' title='bbox 1332 4977 1422 5028; x_wconf 73' lang='grc' dir='ltr'><strong>ἐπὶ</strong></span> <span class='ocrx_word' id='word_1_757' title='bbox 1442 4975 1534 5027; x_wconf 91' lang='grc' dir='ltr'><strong>τοῦ</strong></span> <span class='ocrx_word' id='word_1_758' title='bbox 1564 4975 1692 5028; x_wconf 82' lang='grc' dir='ltr'>ἰδίου</span> <span class='ocrx_word' id='word_1_759' title='bbox 1724 4975 1890 5039; x_wconf 83' lang='grc' dir='ltr'>ἀξιῶ-</span> 
     </span>
    </p>
   </div>
   <div class='ocr_carea' id='block_1_102' title="bbox 389 5067 1109 5129">
    <p class='ocr_par' dir='ltr' id='par_1_102' title="bbox 389 5067 1109 5129">
     <span class='ocr_line' id='line_1_102' title="bbox 389 5067 1109 5129; baseline 0.004 -9"><span class='ocrx_word' id='word_1_760' title='bbox 389 5067 473 5120; x_wconf 78' lang='grc' dir='ltr'><strong>⁸¹Ι</strong></span> <span class='ocrx_word' id='word_1_761' title='bbox 514 5068 657 5122; x_wconf 83' lang='lat' dir='ltr'><strong>Petr.</strong></span> <span class='ocrx_word' id='word_1_762' title='bbox 691 5084 751 5129; x_wconf 80' lang='lat' dir='ltr'><strong>ll.</strong></span> <span class='ocrx_word' id='word_1_763' title='bbox 775 5067 828 5122; x_wconf 79' lang='lat'><strong>9.</strong></span> <span class='ocrx_word' id='word_1_764' title='bbox 905 5068 948 5099; x_wconf 65' lang='lat'><strong>3&#39;</strong></span> <span class='ocrx_word' id='word_1_765' title='bbox 979 5068 1109 5123; x_wconf 90' lang='lat' dir='ltr'><strong>ibid.</strong></span> 
     </span>
    </p>
   </div>
   <div class='ocr_carea' id='block_1_103' title="bbox 390 5161 1893 5231">
    <p class='ocr_par' dir='ltr' id='par_1_103' title="bbox 390 5161 1893 5231">
     <span class='ocr_line' id='line_1_103' title="bbox 390 5161 1893 5231; baseline -0.001 -15"><span class='ocrx_word' id='word_1_766' title='bbox 390 5161 501 5231; x_wconf 67' lang='lat' dir='ltr'><strong>(9.6i</strong></span> <span class='ocrx_word' id='word_1_767' title='bbox 537 5163 791 5229; x_wconf 78' lang='lat' dir='ltr'><strong>Dogmata</strong></span> <span class='ocrx_word' id='word_1_768' title='bbox 825 5161 909 5214; x_wconf 89' lang='lat' dir='ltr'><strong>illa</strong></span> <span class='ocrx_word' id='word_1_769' title='bbox 949 5178 1067 5228; x_wconf 60' lang='lat' dir='ltr'><strong>qua;</strong></span> <span class='ocrx_word' id='word_1_770' title='bbox 1101 5162 1191 5215; x_wconf 86' lang='lat' dir='ltr'><strong>hic</strong></span> <span class='ocrx_word' id='word_1_771' title='bbox 1227 5164 1469 5229; x_wconf 81' lang='lat' dir='ltr'><strong>epoptica</strong></span> <span class='ocrx_word' id='word_1_772' title='bbox 1499 5173 1784 5226; x_wconf 76' lang='lat' dir='ltr'><strong>vocantur,</strong></span> <span class='ocrx_word' id='word_1_773' title='bbox 1807 5180 1893 5215; x_wconf 78' lang='lat' dir='ltr'><strong>sa-</strong></span> 
     </span>
    </p>
   </div>
   <div class='ocr_carea' id='block_1_104' title="bbox 319 5232 1892 5301">
    <p class='ocr_par' dir='ltr' id='par_1_104' title="bbox 319 5232 1892 5301">
     <span class='ocr_line' id='line_1_104' title="bbox 319 5232 1892 5301; baseline 0.003 -18"><span class='ocrx_word' id='word_1_774' title='bbox 319 5235 553 5285; x_wconf 73' lang='lat' dir='ltr'><strong>rratiora</strong></span> <span class='ocrx_word' id='word_1_775' title='bbox 572 5234 815 5301; x_wconf 64' lang='lat' dir='ltr'><strong>quaedam</strong></span> <span class='ocrx_word' id='word_1_776' title='bbox 839 5248 1033 5286; x_wconf 86' lang='lat' dir='ltr'><strong>arcana</strong></span> <span class='ocrx_word' id='word_1_777' title='bbox 1065 5247 1184 5285; x_wconf 80' lang='lat' dir='ltr'><strong>esse</strong></span> <span class='ocrx_word' id='word_1_778' title='bbox 1216 5245 1485 5301; x_wconf 87' lang='lat' dir='ltr'><strong>putamus.</strong></span> <span class='ocrx_word' id='word_1_779' title='bbox 1519 5232 1632 5284; x_wconf 81' lang='lat' dir='ltr'><strong>Mox</strong></span> <span class='ocrx_word' id='word_1_780' title='bbox 1662 5234 1772 5294; x_wconf 85' lang='lat' dir='ltr'><strong>illa,</strong></span> <span class='ocrx_word' id='word_1_781' title='bbox 1797 5233 1892 5286; x_wconf 83' lang='grc' dir='ltr'><strong>νῦν</strong></span> 
     </span>
    </p>
   </div>
   <div class='ocr_carea' id='block_1_105' title="bbox 320 5302 1889 5373">
    <p class='ocr_par' dir='ltr' id='par_1_105' title="bbox 320 5302 1889 5373">
     <span class='ocr_line' id='line_1_105' title="bbox 320 5302 1889 5373; baseline 0.003 -21"><span class='ocrx_word' id='word_1_782' title='bbox 320 5302 397 5373; x_wconf 84' lang='grc' dir='ltr'><strong>τῷ</strong></span> <span class='ocrx_word' id='word_1_783' title='bbox 428 5303 638 5373; x_wconf 80' lang='grc' dir='ltr'>κόσμῳ,</span> <span class='ocrx_word' id='word_1_784' title='bbox 696 5305 890 5355; x_wconf 85' lang='lat' dir='ltr'><strong>desunt</strong></span> <span class='ocrx_word' id='word_1_785' title='bbox 936 5303 986 5353; x_wconf 89' lang='lat' dir='ltr'><strong>in</strong></span> <span class='ocrx_word' id='word_1_786' title='bbox 1035 5303 1246 5355; x_wconf 86' lang='lat' dir='ltr'><strong>editis:</strong></span> <span class='ocrx_word' id='word_1_787' title='bbox 1294 5303 1384 5355; x_wconf 84' lang='lat' dir='ltr'><strong>sed</strong></span> <span class='ocrx_word' id='word_1_788' title='bbox 1447 5303 1792 5368; x_wconf 80' lang='lat' dir='ltr'><strong>reperiuntur</strong></span> <span class='ocrx_word' id='word_1_789' title='bbox 1839 5307 1889 5356; x_wconf 90' lang='lat' dir='ltr'><strong>in</strong></span> 
     </span>
    </p>
   </div>
   <div class='ocr_carea' id='block_1_106' title="bbox 321 5372 1890 5442">
    <p class='ocr_par' dir='ltr' id='par_1_106' title="bbox 321 5372 1890 5442">
     <span class='ocr_line' id='line_1_106' title="bbox 321 5372 1890 5442; baseline 0.003 -19"><span class='ocrx_word' id='word_1_790' title='bbox 321 5372 503 5439; x_wconf 69' lang='lat' dir='ltr'><strong>Regiis</strong></span> <span class='ocrx_word' id='word_1_791' title='bbox 533 5372 790 5436; x_wconf 77' lang='lat' dir='ltr'><strong>secundo,</strong></span> <span class='ocrx_word' id='word_1_792' title='bbox 815 5374 970 5426; x_wconf 89' lang='lat' dir='ltr'><strong>tertio</strong></span> <span class='ocrx_word' id='word_1_793' title='bbox 993 5381 1269 5440; x_wconf 87' lang='lat' dir='ltr'><strong>etquarlo,</strong></span> <span class='ocrx_word' id='word_1_794' title='bbox 1298 5382 1461 5442; x_wconf 89' lang='lat' dir='ltr'><strong>atque</strong></span> <span class='ocrx_word' id='word_1_795' title='bbox 1489 5373 1539 5424; x_wconf 87' lang='lat' dir='ltr'><strong>iu</strong></span> <span class='ocrx_word' id='word_1_796' title='bbox 1564 5373 1890 5427; x_wconf 71' lang='lat' dir='ltr'><strong>(Jolbertinis</strong></span> 
     </span>
    </p>
   </div>
   <div class='ocr_carea' id='block_1_107' title="bbox 323 5444 822 5510">
    <p class='ocr_par' dir='ltr' id='par_1_107' title="bbox 323 5444 822 5510">
     <span class='ocr_line' id='line_1_107' title="bbox 323 5444 822 5510; baseline 0.004 -18"><span class='ocrx_word' id='word_1_797' title='bbox 323 5444 494 5510; x_wconf 82' lang='lat' dir='ltr'><strong>prium</strong></span> <span class='ocrx_word' id='word_1_798' title='bbox 523 5453 575 5493; x_wconf 77' lang='lat' dir='ltr'><strong>et</strong></span> <span class='ocrx_word' id='word_1_799' title='bbox 611 5454 822 5509; x_wconf 75' lang='lat' dir='ltr'><strong>quiarto.</strong></span> 
     </span>
    </p>
   </div>
   <div class='ocr_carea' id='block_1_108' title="bbox 393 5510 1884 5581">
    <p class='ocr_par' dir='ltr' id='par_1_108' title="bbox 393 5510 1884 5581">
     <span class='ocr_line' id='line_1_108' title="bbox 393 5510 1884 5581; baseline 0.003 -19"><span class='ocrx_word' id='word_1_800' title='bbox 393 5510 505 5573; x_wconf 75' lang='grc'><strong>(27)</strong></span> <span class='ocrx_word' id='word_1_801' title='bbox 538 5511 611 5564; x_wconf 84' lang='lat' dir='ltr'><strong>Ita</strong></span> <span class='ocrx_word' id='word_1_802' title='bbox 643 5523 872 5578; x_wconf 85' lang='lat' dir='ltr'><strong>quatuor</strong></span> <span class='ocrx_word' id='word_1_803' title='bbox 895 5527 1026 5566; x_wconf 91' lang='lat' dir='ltr'><strong>mss.</strong></span> <span class='ocrx_word' id='word_1_804' title='bbox 1061 5511 1236 5564; x_wconf 81' lang='lat' dir='ltr'><strong>Editio</strong></span> <span class='ocrx_word' id='word_1_805' title='bbox 1264 5527 1390 5562; x_wconf 71' lang='lat' dir='ltr'><strong>vero</strong></span> <span class='ocrx_word' id='word_1_806' title='bbox 1409 5511 1578 5565; x_wconf 84' lang='lat' dir='ltr'><strong>Paris.</strong></span> <span class='ocrx_word' id='word_1_807' title='bbox 1603 5514 1650 5564; x_wconf 80' lang='lat' dir='ltr'><strong>ei</strong></span> <span class='ocrx_word' id='word_1_808' title='bbox 1683 5510 1884 5581; x_wconf 86' lang='grc' dir='ltr'>μέλλει.</span> 
     </span>
    </p>
   </div>
   <div class='ocr_carea' id='block_1_109' title="bbox 393 5580 1893 5647">
    <p class='ocr_par' dir='ltr' id='par_1_109' title="bbox 393 5580 1893 5647">
     <span class='ocr_line' id='line_1_109' title="bbox 393 5580 1893 5647; baseline 0.001 -15"><span class='ocrx_word' id='word_1_809' title='bbox 393 5580 504 5647; x_wconf 62' lang='grc'><strong>((28)</strong></span> <span class='ocrx_word' id='word_1_810' title='bbox 552 5583 702 5634; x_wconf 85' lang='lat' dir='ltr'><strong>Culh.</strong></span> <span class='ocrx_word' id='word_1_811' title='bbox 748 5593 970 5647; x_wconf 87' lang='lat' dir='ltr'><strong>quartus</strong></span> <span class='ocrx_word' id='word_1_812' title='bbox 1019 5582 1113 5635; x_wconf 84' lang='grc' dir='ltr'><strong>δύο</strong></span> <span class='ocrx_word' id='word_1_813' title='bbox 1165 5581 1271 5635; x_wconf 74' lang='grc' dir='ltr'>εἰσὶ</span> <span class='ocrx_word' id='word_1_814' title='bbox 1297 5581 1429 5635; x_wconf 89' lang='grc' dir='ltr'>Θεοῦ</span> <span class='ocrx_word' id='word_1_815' title='bbox 1476 5580 1740 5642; x_wconf 85' lang='grc' dir='ltr'>ἐκλεκτοί,</span> <span class='ocrx_word' id='word_1_816' title='bbox 1791 5587 1893 5634; x_wconf 82' lang='lat' dir='ltr'><strong>(luo</strong></span> 
     </span>
    </p>
   </div>
   <div class='ocr_carea' id='block_1_110' title="bbox 323 5650 1894 5716">
    <p class='ocr_par' dir='ltr' id='par_1_110' title="bbox 323 5650 1894 5716">
     <span class='ocr_line' id='line_1_110' title="bbox 323 5650 1894 5716; baseline 0.002 -14"><span class='ocrx_word' id='word_1_817' title='bbox 323 5659 443 5703; x_wconf 81' lang='lat' dir='ltr'><strong>sunt</strong></span> <span class='ocrx_word' id='word_1_818' title='bbox 480 5650 572 5702; x_wconf 87' lang='lat' dir='ltr'><strong>Dei</strong></span> <span class='ocrx_word' id='word_1_819' title='bbox 602 5653 776 5716; x_wconf 77' lang='lat' dir='ltr'><strong>populi</strong></span> <span class='ocrx_word' id='word_1_820' title='bbox 816 5652 980 5704; x_wconf 78' lang='lat' dir='ltr'><strong>electi.</strong></span> <span class='ocrx_word' id='word_1_821' title='bbox 1019 5653 1210 5705; x_wconf 86' lang='lat' dir='ltr'><strong>Statim</strong></span> <span class='ocrx_word' id='word_1_822' title='bbox 1251 5665 1376 5704; x_wconf 86' lang='lat' dir='ltr'><strong>octo</strong></span> <span class='ocrx_word' id='word_1_823' title='bbox 1408 5668 1538 5706; x_wconf 90' lang='lat' dir='ltr'><strong>mss.</strong></span> <span class='ocrx_word' id='word_1_824' title='bbox 1563 5652 1783 5704; x_wconf 87' lang='grc' dir='ltr'>δύναται</span> <span class='ocrx_word' id='word_1_825' title='bbox 1834 5653 1894 5705; x_wconf 81' lang='grc' dir='ltr'><strong>τὸ</strong></span> 
     </span>
    </p>
   </div>
   <div class='ocr_carea' id='block_1_111' title="bbox 323 5719 1892 5792">
    <p class='ocr_par' dir='ltr' id='par_1_111' title="bbox 323 5719 1892 5792">
     <span class='ocr_line' id='line_1_111' title="bbox 323 5719 1892 5792; baseline 0.002 -21"><span class='ocrx_word' id='word_1_826' title='bbox 323 5719 637 5792; x_wconf 78' lang='grc' dir='ltr'>λογισμοί...</span> <span class='ocrx_word' id='word_1_827' title='bbox 662 5721 754 5774; x_wconf 86' lang='grc' dir='ltr'>δύο</span> <span class='ocrx_word' id='word_1_828' title='bbox 780 5721 1014 5774; x_wconf 88' lang='grc' dir='ltr'>νοεῖσθαι</span> <span class='ocrx_word' id='word_1_829' title='bbox 1031 5724 1123 5776; x_wconf 73' lang='grc' dir='ltr'>καὶ</span> <span class='ocrx_word' id='word_1_830' title='bbox 1154 5722 1466 5792; x_wconf 82' lang='grc' dir='ltr'>λογισμούς,</span> <span class='ocrx_word' id='word_1_831' title='bbox 1492 5724 1643 5790; x_wconf 88' lang='lat' dir='ltr'><strong>quasi</strong></span> <span class='ocrx_word' id='word_1_832' title='bbox 1675 5724 1892 5774; x_wconf 80' lang='lat' dir='ltr'><strong>verbum</strong></span> 
     </span>
    </p>
   </div>
   <div class='ocr_carea' id='block_1_112' title="bbox 323 5792 1890 5863">
    <p class='ocr_par' dir='ltr' id='par_1_112' title="bbox 323 5792 1890 5863">
     <span class='ocr_line' id='line_1_112' title="bbox 323 5792 1890 5863; baseline 0.003 -19"><span class='ocrx_word' id='word_1_833' title='bbox 323 5792 562 5850; x_wconf 84' lang='grc' dir='ltr'>νοεῖσθαι</span> <span class='ocrx_word' id='word_1_834' title='bbox 588 5792 674 5847; x_wconf 91' lang='lat' dir='ltr'><strong>hic</strong></span> <span class='ocrx_word' id='word_1_835' title='bbox 703 5794 841 5847; x_wconf 85' lang='lat' dir='ltr'><strong>sumi</strong></span> <span class='ocrx_word' id='word_1_836' title='bbox 860 5793 1053 5848; x_wconf 89' lang='lat' dir='ltr'><strong>debeat</strong></span> <span class='ocrx_word' id='word_1_837' title='bbox 1070 5809 1166 5862; x_wconf 88' lang='lat' dir='ltr'><strong>pro</strong></span> <span class='ocrx_word' id='word_1_838' title='bbox 1187 5809 1270 5857; x_wconf 91' lang='lat' dir='ltr'><strong>eo,</strong></span> <span class='ocrx_word' id='word_1_839' title='bbox 1299 5795 1442 5862; x_wconf 88' lang='lat' dir='ltr'><strong>quod</strong></span> <span class='ocrx_word' id='word_1_840' title='bbox 1459 5804 1560 5861; x_wconf 87' lang='lat' dir='ltr'><strong>est,</strong></span> <span class='ocrx_word' id='word_1_841' title='bbox 1580 5793 1890 5863; x_wconf 75' lang='lat' dir='ltr'><strong>exprimere,</strong></span> 
     </span>
    </p>
   </div>
   <div class='ocr_carea' id='block_1_113' title="bbox 1999 4869 3568 4947">
    <p class='ocr_par' dir='ltr' id='par_1_113' title="bbox 1999 4869 3568 4947">
     <span class='ocr_line' id='line_1_113' title="bbox 1999 4869 3568 4947; baseline -0.007 -14"><span class='ocrx_word' id='word_1_842' title='bbox 1999 4897 2176 4933; x_wconf 86' lang='lat' dir='ltr'><strong>omnes</strong></span> <span class='ocrx_word' id='word_1_843' title='bbox 2207 4879 2346 4947; x_wconf 83' lang='lat' dir='ltr'><strong>ﬁlios</strong></span> <span class='ocrx_word' id='word_1_844' title='bbox 2375 4876 2643 4929; x_wconf 83' lang='lat' dir='ltr'><strong>hominum</strong></span> <span class='ocrx_word' id='word_1_845' title='bbox 2687 4875 2750 4926; x_wconf 85' lang='lat' dir='ltr'><strong>de</strong></span> <span class='ocrx_word' id='word_1_846' title='bbox 2790 4883 3081 4941; x_wconf 66' lang='lat' dir='ltr'><strong>pra’parato</strong></span> <span class='ocrx_word' id='word_1_847' title='bbox 3120 4869 3421 4924; x_wconf 76' lang='lat' dir='ltr'><strong>habitacula</strong></span> <span class='ocrx_word' id='word_1_848' title='bbox 3455 4885 3568 4923; x_wconf 86' lang='lat' dir='ltr'><strong>suo.</strong></span> 
     </span>
    </p>
   </div>
   <div class='ocr_carea' id='block_1_114' title="bbox 2000 4964 3573 5041">
    <p class='ocr_par' dir='ltr' id='par_1_114' title="bbox 2000 4964 3573 5041">
     <span class='ocr_line' id='line_1_114' title="bbox 2000 4964 3573 5041; baseline -0.008 -13"><span class='ocrx_word' id='word_1_849' title='bbox 2000 4975 2102 5027; x_wconf 75' lang='lat' dir='ltr'><strong>Eos</strong></span> <span class='ocrx_word' id='word_1_850' title='bbox 2127 4972 2216 5041; x_wconf 91' lang='lat' dir='ltr'><strong>qui</strong></span> <span class='ocrx_word' id='word_1_851' title='bbox 2263 4978 2482 5023; x_wconf 89' lang='lat' dir='ltr'><strong>manent</strong></span> <span class='ocrx_word' id='word_1_852' title='bbox 2533 4969 2587 5022; x_wconf 92' lang='lat' dir='ltr'><strong>in</strong></span> <span class='ocrx_word' id='word_1_853' title='bbox 2639 4966 2855 5037; x_wconf 88' lang='lat' dir='ltr'><strong>propria</strong></span> <span class='ocrx_word' id='word_1_854' title='bbox 2897 4965 3190 5035; x_wconf 85' lang='lat' dir='ltr'><strong>dignitate,</strong></span> <span class='ocrx_word' id='word_1_855' title='bbox 3230 4973 3283 5018; x_wconf 92' lang='lat' dir='ltr'><strong>et</strong></span> <span class='ocrx_word' id='word_1_856' title='bbox 3327 4964 3573 5018; x_wconf 73' lang='lat' dir='ltr'><strong>humana:</strong></span> 
     </span>
    </p>
   </div>
   <div class='ocr_carea' id='block_1_115' title="bbox 1189 5063 2438 5130">
    <p class='ocr_par' dir='ltr' id='par_1_115' title="bbox 1189 5063 2438 5130">
     <span class='ocr_line' id='line_1_115' title="bbox 1189 5063 2438 5130; baseline -0.001 -10"><span class='ocrx_word' id='word_1_857' title='bbox 1189 5069 1235 5100; x_wconf 85' lang='grc'><strong>⁸³</strong></span> <span class='ocrx_word' id='word_1_858' title='bbox 1259 5067 1444 5120; x_wconf 85' lang='lat' dir='ltr'><strong>Matth.</strong></span> <span class='ocrx_word' id='word_1_859' title='bbox 1471 5067 1663 5130; x_wconf 63' lang='lat'><strong>“.16.</strong></span> <span class='ocrx_word' id='word_1_860' title='bbox 1739 5069 1785 5099; x_wconf 62' lang='grc'><strong>⁸⁵</strong></span> <span class='ocrx_word' id='word_1_861' title='bbox 1821 5069 1977 5122; x_wconf 72' lang='lat' dir='ltr'><strong>Rom.</strong></span> <span class='ocrx_word' id='word_1_862' title='bbox 2004 5084 2079 5126; x_wconf 74' lang='lat' dir='ltr'><strong>XI,</strong></span> <span class='ocrx_word' id='word_1_863' title='bbox 2101 5065 2154 5120; x_wconf 78' lang='lat'><strong>5.</strong></span> <span class='ocrx_word' id='word_1_864' title='bbox 2231 5063 2276 5096; x_wconf 77' lang='grc'><strong>⁸⁸</strong></span> <span class='ocrx_word' id='word_1_865' title='bbox 2307 5063 2438 5119; x_wconf 86' lang='lat' dir='ltr'><strong>ibid.</strong></span> 
     </span>
    </p>
   </div>
   <div class='ocr_carea' id='block_1_116' title="bbox 2002 5151 3573 5214">
    <p class='ocr_par' dir='ltr' id='par_1_116' title="bbox 2002 5151 3573 5214">
     <span class='ocr_line' id='line_1_116' title="bbox 2002 5151 3573 5214; baseline -0.007 0"><span class='ocrx_word' id='word_1_866' title='bbox 2002 5164 2262 5214; x_wconf 75' lang='lat' dir='ltr'><strong>indicare.</strong></span> <span class='ocrx_word' id='word_1_867' title='bbox 2301 5160 2478 5213; x_wconf 88' lang='lat' dir='ltr'><strong>Editio</strong></span> <span class='ocrx_word' id='word_1_868' title='bbox 2523 5174 2652 5212; x_wconf 92' lang='lat' dir='ltr'><strong>vero</strong></span> <span class='ocrx_word' id='word_1_869' title='bbox 2685 5156 2858 5212; x_wconf 85' lang='lat' dir='ltr'><strong>Paris.</strong></span> <span class='ocrx_word' id='word_1_870' title='bbox 2891 5154 3146 5207; x_wconf 80' lang='grc' dir='ltr'>δύνανται</span> <span class='ocrx_word' id='word_1_871' title='bbox 3196 5151 3336 5206; x_wconf 80' lang='grc' dir='ltr'>κατὰ</span> <span class='ocrx_word' id='word_1_872' title='bbox 3370 5151 3450 5214; x_wconf 84' lang='grc' dir='ltr'>τὸ,</span> <span class='ocrx_word' id='word_1_873' title='bbox 3485 5152 3573 5204; x_wconf 85' lang='grc' dir='ltr'>λο-</span> 
     </span>
    </p>
   </div>
   <div class='ocr_carea' id='block_1_117' title="bbox 2001 5223 3572 5302">
    <p class='ocr_par' dir='ltr' id='par_1_117' title="bbox 2001 5223 3572 5302">
     <span class='ocr_line' id='line_1_117' title="bbox 2001 5223 3572 5302; baseline -0.005 -18"><span class='ocrx_word' id='word_1_874' title='bbox 2001 5230 2225 5302; x_wconf 46' lang='grc' dir='ltr'><strong>γισμοίζ</strong></span> <span class='ocrx_word' id='word_1_875' title='bbox 2243 5242 2348 5284; x_wconf 91' lang='lat' dir='ltr'><strong>etc.</strong></span> <span class='ocrx_word' id='word_1_876' title='bbox 2398 5239 2456 5282; x_wconf 88' lang='lat' dir='ltr'><strong>ut</strong></span> <span class='ocrx_word' id='word_1_877' title='bbox 2486 5229 2843 5302; x_wconf 67' lang='lat' dir='ltr'><strong>ineoutextu.</strong></span> <span class='ocrx_word' id='word_1_878' title='bbox 2898 5226 3121 5282; x_wconf 82' lang='lat' dir='ltr'><strong>Vereor.</strong></span> <span class='ocrx_word' id='word_1_879' title='bbox 3169 5239 3234 5275; x_wconf 90' lang='lat' dir='ltr'><strong>ue</strong></span> <span class='ocrx_word' id='word_1_880' title='bbox 3262 5233 3454 5302; x_wconf 65' lang='lat' dir='ltr'><strong>prmter</strong></span> <span class='ocrx_word' id='word_1_881' title='bbox 3486 5223 3572 5276; x_wconf 89' lang='lat' dir='ltr'><strong>illa</strong></span> 
     </span>
    </p>
   </div>
   <div class='ocr_carea' id='block_1_118' title="bbox 1999 5297 3569 5368">
    <p class='ocr_par' dir='ltr' id='par_1_118' title="bbox 1999 5297 3569 5368">
     <span class='ocr_line' id='line_1_118' title="bbox 1999 5297 3569 5368; baseline -0.008 -14"><span class='ocrx_word' id='word_1_882' title='bbox 1999 5297 2162 5368; x_wconf 58' lang='lat' dir='ltr'><strong>quae</strong></span> <span class='ocrx_word' id='word_1_883' title='bbox 2188 5300 2606 5354; x_wconf 85' lang='lat' dir='ltr'><strong>Connueutariis</strong></span> <span class='ocrx_word' id='word_1_884' title='bbox 2630 5297 2844 5368; x_wconf 82' lang='lat' dir='ltr'><strong>Eusebii</strong></span> <span class='ocrx_word' id='word_1_885' title='bbox 2873 5305 3083 5368; x_wconf 74' lang='lat' dir='ltr'><strong>sumpta</strong></span> <span class='ocrx_word' id='word_1_886' title='bbox 3104 5309 3224 5368; x_wconf 84' lang='lat' dir='ltr'><strong>esse</strong></span> <span class='ocrx_word' id='word_1_887' title='bbox 3247 5297 3569 5368; x_wconf 81' lang='lat' dir='ltr'><strong>notavimus,</strong></span> 
     </span>
    </p>
   </div>
   <div class='ocr_carea' id='block_1_119' title="bbox 1997 5363 3571 5440">
    <p class='ocr_par' dir='ltr' id='par_1_119' title="bbox 1997 5363 3571 5440">
     <span class='ocr_line' id='line_1_119' title="bbox 1997 5363 3571 5440; baseline -0.006 -17"><span class='ocrx_word' id='word_1_888' title='bbox 1997 5363 2098 5423; x_wconf 75' lang='lat' dir='ltr'><strong>alia</strong></span> <span class='ocrx_word' id='word_1_889' title='bbox 2132 5385 2346 5440; x_wconf 78' lang='lat' dir='ltr'><strong>quoque</strong></span> <span class='ocrx_word' id='word_1_890' title='bbox 2381 5369 2608 5440; x_wconf 83' lang='lat' dir='ltr'><strong>orationi</strong></span> <span class='ocrx_word' id='word_1_891' title='bbox 2659 5366 2939 5440; x_wconf 61' lang='lat' dir='ltr'><strong>Dasilianze</strong></span> <span class='ocrx_word' id='word_1_892' title='bbox 2992 5363 3220 5418; x_wconf 88' lang='lat' dir='ltr'><strong>admista</strong></span> <span class='ocrx_word' id='word_1_893' title='bbox 3265 5363 3418 5416; x_wconf 87' lang='lat' dir='ltr'><strong>sint:</strong></span> <span class='ocrx_word' id='word_1_894' title='bbox 3467 5377 3571 5430; x_wconf 84' lang='lat' dir='ltr'><strong>qua</strong></span> 
     </span>
    </p>
   </div>
   <div class='ocr_carea' id='block_1_120' title="bbox 1997 5437 2862 5504">
    <p class='ocr_par' dir='ltr' id='par_1_120' title="bbox 1997 5437 2862 5504">
     <span class='ocr_line' id='line_1_120' title="bbox 1997 5437 2862 5504; baseline -0.009 -10"><span class='ocrx_word' id='word_1_895' title='bbox 1997 5444 2062 5496; x_wconf 91' lang='lat' dir='ltr'><strong>de</strong></span> <span class='ocrx_word' id='word_1_896' title='bbox 2103 5437 2163 5492; x_wconf 65' lang='lat' dir='ltr'><strong>re</strong></span> <span class='ocrx_word' id='word_1_897' title='bbox 2195 5437 2419 5491; x_wconf 84' lang='lat' dir='ltr'><strong>aliorum</strong></span> <span class='ocrx_word' id='word_1_898' title='bbox 2453 5437 2862 5504; x_wconf 85' lang='lat' dir='ltr'><strong>eritjmlicium.</strong></span> 
     </span>
    </p>
   </div>
   <div class='ocr_carea' id='block_1_121' title="bbox 2067 5501 3574 5580">
    <p class='ocr_par' dir='ltr' id='par_1_121' title="bbox 2067 5501 3574 5580">
     <span class='ocr_line' id='line_1_121' title="bbox 2067 5501 3574 5580; baseline -0.003 -18"><span class='ocrx_word' id='word_1_899' title='bbox 2067 5511 2178 5580; x_wconf 65' lang='grc'><strong>(99)</strong></span> <span class='ocrx_word' id='word_1_900' title='bbox 2210 5509 2386 5580; x_wconf 79' lang='lat' dir='ltr'><strong>Editio</strong></span> <span class='ocrx_word' id='word_1_901' title='bbox 2411 5501 2591 5561; x_wconf 53' lang='lat' dir='ltr'><strong>Paris:</strong></span> <span class='ocrx_word' id='word_1_902' title='bbox 2617 5505 2918 5580; x_wconf 81' lang='grc' dir='ltr'>ἐξελέξατο,</span> <span class='ocrx_word' id='word_1_903' title='bbox 2949 5505 3103 5574; x_wconf 86' lang='grc' dir='ltr'>φησί.</span> <span class='ocrx_word' id='word_1_904' title='bbox 3134 5503 3296 5556; x_wconf 88' lang='lat' dir='ltr'><strong>Deest</strong></span> <span class='ocrx_word' id='word_1_905' title='bbox 3351 5501 3484 5572; x_wconf 84' lang='grc' dir='ltr'>φησί</span> <span class='ocrx_word' id='word_1_906' title='bbox 3516 5501 3574 5558; x_wconf 87' lang='lat' dir='ltr'><strong>in</strong></span> 
     </span>
    </p>
   </div>
   <div class='ocr_carea' id='block_1_122' title="bbox 2002 5578 3281 5652">
    <p class='ocr_par' dir='ltr' id='par_1_122' title="bbox 2002 5578 3281 5652">
     <span class='ocr_line' id='line_1_122' title="bbox 2002 5578 3281 5652; baseline -0.008 -17"><span class='ocrx_word' id='word_1_907' title='bbox 2002 5578 2234 5648; x_wconf 39' lang='lat' dir='ltr'><strong>iis&#39;quos</strong></span> <span class='ocrx_word' id='word_1_908' title='bbox 2261 5578 2492 5630; x_wconf 86' lang='lat' dir='ltr'><strong>vidimus</strong></span> <span class='ocrx_word' id='word_1_909' title='bbox 2527 5578 2823 5652; x_wconf 60' lang='lat' dir='ltr'><strong>codicibus.</strong></span> <span class='ocrx_word' id='word_1_910' title='bbox 3191 5645 3198 5652; x_wconf 29' lang='lat' dir='ltr'><strong>I</strong></span> <span class='ocrx_word' id='word_1_911' title='bbox 3269 5641 3281 5652; x_wconf 44' lang='lat'><em>.</em></span> 
     </span>
    </p>
   </div>
   <div class='ocr_carea' id='block_1_123' title="bbox 2075 5640 3570 5719">
    <p class='ocr_par' dir='ltr' id='par_1_123' title="bbox 2075 5640 3570 5719">
     <span class='ocr_line' id='line_1_123' title="bbox 2075 5640 3570 5719; baseline -0.004 -17"><span class='ocrx_word' id='word_1_912' title='bbox 2075 5640 2185 5719; x_wconf 69' lang='lat'><strong>(50)</strong></span> <span class='ocrx_word' id='word_1_913' title='bbox 2245 5650 2336 5719; x_wconf 78' lang='lat' dir='ltr'><strong>Sic</strong></span> <span class='ocrx_word' id='word_1_914' title='bbox 2389 5649 2559 5719; x_wconf 10' lang='lat' dir='ltr'><strong>reditio</strong></span> <span class='ocrx_word' id='word_1_915' title='bbox 2607 5646 2956 5719; x_wconf 32' lang='lat' dir='ltr'><strong>Parisacum</strong></span> <span class='ocrx_word' id='word_1_916' title='bbox 3007 5640 3570 5719; x_wconf 27' lang='lat' dir='ltr'><strong>vetustissimodBen.</strong></span> 
     </span>
    </p>
   </div>
   <div class='ocr_carea' id='block_1_124' title="bbox 2001 5713 3571 5785">
    <p class='ocr_par' dir='ltr' id='par_1_124' title="bbox 2001 5713 3571 5785">
     <span class='ocr_line' id='line_1_124' title="bbox 2001 5713 3571 5785; baseline -0.005 -12"><span class='ocrx_word' id='word_1_917' title='bbox 2001 5713 2197 5784; x_wconf 77' lang='lat' dir='ltr'><strong>quarto</strong></span> <span class='ocrx_word' id='word_1_918' title='bbox 2229 5729 2282 5772; x_wconf 90' lang='lat' dir='ltr'><strong>et</strong></span> <span class='ocrx_word' id='word_1_919' title='bbox 2305 5717 2458 5772; x_wconf 86' lang='lat' dir='ltr'><strong>Colb.</strong></span> <span class='ocrx_word' id='word_1_920' title='bbox 2483 5719 2731 5785; x_wconf 86' lang='lat' dir='ltr'><strong>septimo.</strong></span> <span class='ocrx_word' id='word_1_921' title='bbox 2760 5716 2862 5770; x_wconf 85' lang='lat' dir='ltr'><strong>Alii</strong></span> <span class='ocrx_word' id='word_1_922' title='bbox 2899 5728 3006 5770; x_wconf 84' lang='lat' dir='ltr'><strong>tres</strong></span> <span class='ocrx_word' id='word_1_923' title='bbox 3032 5731 3158 5767; x_wconf 89' lang='lat' dir='ltr'><strong>mss.</strong></span> <span class='ocrx_word' id='word_1_924' title='bbox 3191 5713 3571 5785; x_wconf 34' lang='lat' dir='ltr'><strong>cutuﬂeditione</strong></span> 
     </span>
    </p>
   </div>
   <div class='ocr_carea' id='block_1_125' title="bbox 2001 5778 3565 5860">
    <p class='ocr_par' dir='ltr' id='par_1_125' title="bbox 2001 5778 3565 5860">
     <span class='ocr_line' id='line_1_125' title="bbox 2001 5778 3565 5860; baseline -0.006 -15"><span class='ocrx_word' id='word_1_925' title='bbox 2001 5778 2164 5847; x_wconf 73' lang='lat' dir='ltr'><strong>Basil.</strong></span> <span class='ocrx_word' id='word_1_926' title='bbox 2183 5789 2306 5853; x_wconf 74' lang='grc' dir='ltr'>τοὺς</span> <span class='ocrx_word' id='word_1_927' title='bbox 2325 5789 2422 5859; x_wconf 83' lang='grc' dir='ltr'><strong>μὲν</strong></span> <span class='ocrx_word' id='word_1_928' title='bbox 2445 5778 2622 5852; x_wconf 80' lang='grc' dir='ltr'>ὄντας.</span> <span class='ocrx_word' id='word_1_929' title='bbox 2650 5787 2778 5856; x_wconf 79' lang='lat' dir='ltr'><strong>Reg.</strong></span> <span class='ocrx_word' id='word_1_930' title='bbox 2801 5785 3138 5860; x_wconf 55' lang='lat' dir='ltr'><strong>tet&#39;tiusﬁob;</strong></span> <span class='ocrx_word' id='word_1_931' title='bbox 3160 5783 3257 5854; x_wconf 83' lang='grc' dir='ltr'><strong>μὲν</strong></span> <span class='ocrx_word' id='word_1_932' title='bbox 3279 5778 3370 5838; x_wconf 77' lang='grc' dir='ltr'>οὖν</span> <span class='ocrx_word' id='word_1_933' title='bbox 3389 5783 3565 5843; x_wconf 74' lang='grc' dir='ltr'>ὄντας.</span> 
     </span>
    </p>
   </div>
  </div>
