4048 6220
304 316 410 381 545

1403 332 1690 389 HUMILIA
1732 334 1796 389 ΙΝ
1838 335 2175 392 PSALMUM
2214 339 2438 396 XXXII.

3467 362 3570 419 546

301 444 394 499 οὖν
415 446 666 517 βασιλεὺς
697 450 758 502 οὐ
782 450 932 521 παρὰ
954 448 1052 522 τὴν
1070 450 1269 523 πολλὴν
1297 454 1547 525 δύναμιν,
1571 456 1704 510 ἀλλὰ
1736 456 1870 527 παρὲ

1992 468 2078 511 tur
2131 460 2293 530 igitur
2322 477 2414 515 rex
2453 478 2557 515 non
2592 478 2687 531 per
2734 464 2956 521 multam
3009 471 3286 537 virtutem,
3339 475 3434 529 sed
3475 492 3571 545 per

301 538 401 607 τὴν
434 538 582 592 θείαν
628 540 808 612 χάριν.
847 541 1011 595 Ὥστε
1050 543 1225 615 ἀληθῆ
1271 548 1366 599 καὶ
1392 547 1603 612 τούτοις
1634 547 1770 602 εἶναι
1794 549 1886 601 τὸν

300 626 478 696 λόγον,
524 631 604 683 δτι
625 630 828 699 Χάριτί
872 633 1014 687 ἐστε
1057 635 1451 705 σεσωσμένοι.
1505 639 1715 710 Ὥσπερ
1763 638 1885 691 οὐδὲ

299 720 541 791 γεωργὸς
596 723 850 777 τοσοῦτον
886 724 973 779 διὰ
1033 725 1133 798 τὴν
1182 730 1495 800 γεωργικὴν
1568 731 1885 800 ἐπιμέλειαν

298 813 554 883 τυγχάνει
576 816 669 868 τοῦ
692 819 999 887 γεωργικοῦ
1024 823 1242 893 μέρους,
1278 824 1400 877 ὅσον
1425 825 1513 878 διὰ
1539 825 1631 878 τὸν
1657 824 1885 890 αὔξοντα

298 904 368 958 τὰ
414 909 805 979 γεωργούμενα
849 911 1004 967 Θεόν.
1046 914 1196 968 Οὔτε
1233 915 1396 985 rapti
1430 919 1704 986 φυτεύων
1750 919 1885 971 ἐστί

299 1013 373 1062 τι,
409 998 548 1052 οὔτε
595 1004 627 1054 ό
652 1002 921 1065 ποτίζων,
947 1005 1095 1058 ἀλλ’
1133 1009 1165 1059 ό
1207 1008 1486 1071 αὐξάνων
1526 1012 1688 1077 Θεός.
1734 1012 1798 1064 Εἰ
1827 1014 1883 1065 δὲ

300 1089 496 1158 καρδία
532 1089 793 1160 βασιλέως
827 1095 884 1145 ἐν
914 1096 1056 1164 χειρὶ
1079 1096 1244 1160 Θεοῦ,
1294 1099 1354 1150 οὑ
1408 1098 1638 1164 σώζεται
1670 1101 1757 1155 διὰ
1786 1103 1883 1173 τὴν

297 1181 580 1252 ὁπλιτικὴν
607 1183 856 1254 δύναμιν,
884 1186 1019 1241 ἀλλὰ
1045 1188 1131 1242 διὰ
1169 1191 1265 1261 τὴν
1300 1190 1450 1244 Θείαν
1489 1196 1879 1263 χειραγωγίαν.

311 1270 399 1324 Ἐν
431 1273 573 1345 χειρὶ
612 1275 669 1328 δὲ
696 1275 830 1329 Θεοῦ
865 1279 1010 1332 ἐστιν
1052 1280 1151 1350 οὐχ
1197 1283 1225 1334 6
1265 1281 1479 1351 τυχὼν,
1518 1283 1630 1335 ἀλλ’
1664 1287 1691 1337 6
1734 1283 1883 1349 ἄξιος

298 1362 399 1433 τῆς
427 1364 520 1417 τοῦ
564 1364 830 1435 βασιλέως
867 1372 1255 1442 προσηγορίας.
1305 1373 1582 1445 Ὠρίσαντο
1638 1376 1696 1429 δέ
1741 1395 1884 1443 τινες

302 1455 578 1525 βασιλείαν
621 1454 757 1513 εἶναι
794 1461 892 1532 τὴν
924 1462 1146 1532 ἔννομον
1192 1466 1547 1528 ἐπιστασίαν,
1590 1466 1622 1537 ἢ
1664 1467 1761 1539 τὴν
1790 1470 1883 1522 ἐπὶ

300 1555 464 1607 πᾶσιν
510 1555 680 1627 ἀρχὴν
715 1557 1083 1611 ἀνυπεύθυνον
1127 1560 1392 1631 ἁμαρτίᾳ.
1431 1563 1542 1615 Kal
1592 1565 1763 1632 γίγας
1810 1567 1881 1619 οὐ

298 1646 635 1713 σωθήσεται
667 1647 737 1700 ἐν
771 1648 990 1714 πλήθει
1027 1653 1242 1720 ἰσχύος
1280 1652 1485 1707 αὐτοῦ,
1529 1654 1764 1721 Γίγαντα
1793 1656 1873 1709 λέ-

297 1752 383 1803 γει
410 1736 500 1789 τὸν
540 1742 739 1810 φυσικῇ
779 1740 1005 1811 δυνάμει
1049 1743 1143 1795 καὶ
1182 1742 1320 1813 τόνῳ
1351 1746 1647 1816 σωματικῷ
1687 1764 1882 1820 κεχρη-

303 1828 481 1897 μένον.
505 1827 643 1883 Οῠτε
673 1826 764 1884 οὖν
798 1830 1050 1901 βασιλεὺς
1082 1834 1179 1904 τὴν
1226 1838 1290 1889 ὲκ
1323 1835 1417 1888 τοῦ
1445 1837 1722 1892 ὁπλιτικοῦ
1754 1840 1882 1911 βεη-

299 1917 447 1971 θειαν
477 1920 752 1991 ἀρκοῦσαν
787 1922 898 1993 ἔχει
926 1924 1063 1995 πρὸς
1087 1927 1380 1997 σωτηρίαν,
1416 1927 1538 1981 οὗτε
1583 1932 1611 1983 6
1644 1930 1883 2002 ἀνδρεῖος

300 2010 477 2081 ἑαυτῷ
501 2012 636 2083 πρὸς
659 2015 837 2069 πάντα
876 2018 1138 2087 ἐπαρκεῖν
1168 2019 1316 2072 ἐστιν
1361 2021 1561 2084 ἱκανός.
1607 2023 1882 2077 Ἀσθένεια

300 2104 407 2176 γάρ
443 2106 558 2157 ἐστι
603 2107 696 2159 καὶ
740 2107 1006 2179 ἀδυναμία
1056 2109 1232 2162 πάντα
1273 2111 1407 2181 ὁμοῦ
1454 2113 1522 2166 τὰ
1568 2114 1882 2185 ἀνθρώπινα

298 2197 434 2268 πρὸς
484 2196 581 2268 τὴν
644 2198 899 2270 ἀληθινὴν
964 2198 1192 2270 δύναμιν
1252 2203 1728 2275 παραϐαλλόμενα.
1782 2207 1881 2260 Διὰ

296 2287 453 2342 τοῦτο
491 2288 567 2342 Τὰ
590 2289 819 2358 ἀσθενῆ
853 2289 960 2343 τοῦ
1000 2294 1235 2362 κόσμου
1283 2294 1603 2361 ἐξελέξατο
1636 2303 1669 2353 d
1714 2302 1878 2367 Θεὸς,

296 2378 398 2431 ἵνα
442 2383 815 2450 καταισχύνῃ
889 2384 963 2437 τὰ
1025 2384 1276 2453 ἰσχυρά·
1338 2390 1431 2442 καὶ
1494 2393 1559 2443 ὲκ
1618 2393 1881 2462 στόματος

295 2470 505 2540 νηπίων
573 2472 665 2524 καὶ
720 2473 1059 2544 θηλαζόντων
1120 2480 1487 2550 κατηρτίσατο
1539 2482 1648 2554 (58)
1712 2483 1878 2549 αἶνον,

295 2560 381 2611 ἵνα
434 2561 711 2635 καταλύσῃ
767 2564 859 2615 τὸν
910 2564 1102 2636 ἐχθρὸν
1171 2570 1265 2621 καὶ
1316 2571 1639 2643 .ὲκδικητήν.
1704 2575 1879 2628 Μάλι-

298 2668 398 2703 στα
432 2653 540 2723 γὰρ
570 2653 809 2724 ἔλαμψεν
843 2658 875 2727 ἡ
906 2656 1025 2710 Θεία
1067 2658 1226 2729 χάρις
1275 2664 1334 2714 ὲν
1374 2667 1486 2726 τοῖς
1528 2666 1741 2735 νηπίοις
1787 2668 1879 2720 καὶ

294 2744 541 2813 ἀνοήτοις
612 2746 998 2819 ἐνεργουμένη.
1065 2751 1303 2819 Ψευὸὴς
1385 2754 1568 2820 ἵππος
1618 2760 1705 2823 είς
1766 2776 1880 2812 σω-

295 2835 540 2900 τηρίαν·
589 2836 660 2889 ἐν
711 2837 779 2890 δὲ
835 2839 1050 2906 πλήθει
1075 2842 1382 2913 δυνάμεως
1426 2848 1613 2903 αὐτοῦ
1653 2852 1726 2902 οὐ
1760 2866 1877 2903 σω-

300 2924 569 2991 θήσεται.
636 2929 990 3001 Ἑκϐέὸληται
1031 2934 1130 3004 τῆς
1176 2938 1423 3005 χρήσεως
1473 2939 1582 2993 τῶν
1628 2942 1799 3009 ἁγίων
1849 2944 1878 2995 ὁ

302 3014 488 3081 ἵππος.
531 3019 639 3071 Καὶ
679 3020 803 3075 οὗτε
842 3025 899 3075 ὲν
948 3024 1203 3095 πολέμοις
1247 3029 1533 3103 εὐημερῶν
1583 3033 1611 3085 6
1659 3035 1876 3107 Ἰσραὴλ

295 3108 489 3179 ἱππικῇ
515 3110 740 3181 δυνάμει
768 3115 898 3167 ποτὲ
931 3117 1179 3186 φαίνεται
1226 3125 1585 3193 κεχρημένος,
1616 3125 1742 3180 οὔτε
1770 3128 1874 3199 ίδίᾳ
1901 3159 1943 3216 C

293 3216 376 3261 τις
402 3202 508 3254 τῶν
556 3204 725 3271 ἁγίων
769 3206 866 3277 τὴν
903 3210 1097 3278 χρῆσιν
1132 3210 1241 3264 τῶν
1277 3214 1457 3269 ἵππων
1491 3218 1567 3280 ὡς
1599 3220 1875 3291 ἁρμόζου-

294 3310 393 3346 σαν
434 3297 784 3367 παρεδέξατσ
833 3301 1033 3372 Φαραὼ
1070 3303 1127 3356 δὲ
1174 3304 1326 3375 ἵππῳ
1356 3308 1740 3383 (59)⁴χρῆται,
1784 3315 1877 3368 καὶ

293 3384 633 3458 Σεναχηρεὶμ
666 3391 693 3442 6
729 3392 1076 3463 ὑπερήφανος
1098 3398 1163 3466 τῇ
1214 3402 1504 3472 περιουσίᾳ
1552 3404 1662 3458 τῶν
1695 3407 1877 3461 ἵππων

296 3476 437 3544 μέγα
466 3484 668 3550 φρονεῖ.
705 3482 904 3555 Διόπερ
937 3484 1029 3537 τοῦ
1064 3487 1161 3557 μὲν
1192 3490 1392 3562 Φαραὼ
1424 3493 1591 3549 ἵππον
1617 3499 1710 3551 καὶ
1746 3502 1879 3554 ἀνα-

292 3566 461 3662 ϐάτην
497 3570 721 3662 ἔρριψεν
772 3577 852 3639 είς
897 3576 1208 3633 θάλασσαν·
1266 3581 1360 3636 τοῦ
1426 3584 1483 3637 δὲ
1534 3587 1876 3662 Σεναχηρεὶμ

290 3656 585 3723 ἐνύσταξαν
616 3663 816 3727 πάντες
849 3667 896 3718 οί
926 3665 1317 3739 ἐπιϐεϐηκότες
1344 3675 1457 3737 τοῖς
1499 3656 1875 3741 ἵπποις-’Πδθεν

290 3747 386 3800 καὶ
414 3751 441 3802 6
474 3750 563 3804 διὰ
591 3753 873 3820 Μωῦσέως
898 3757 1063 3827 νόμος
1096 3761 1167 3814 τὰ
1198 3763 1325 3832 περὶ
1354 3762 1620 3833 βασιλέων
1645 3769 1758 3842 (40)
1792 3789 1877 3825 νο-

292 3841 550 3908 μοθετῶν,
595 3848 678 3899 Οὐ
722 3851 1036 3916 πληθυνεῖ,
1075 3855 1261 3924 φησὶν,
1305 3855 1498 3922 ἐαυτῷ
1528 3841 1745 3920 ἵππον-ξ
1774 3864 1876 3918 Ἐν

287 3928 355 3981 δὲ
381 3933 595 4000 πλήθει
625 3934 933 4006 δυνάμεως
963 3940 1152 3994 αὐτοῦ
1189 3944 1262 3996 οὐ
1290 3943 1651 4012 σωθήσεται.
1688 3949 1875 4005 Ὅταν

1988 550 2224 605 divinam
2258 554 2509 623 gratiam.
2542 557 2720 621 Quare
2741 566 2795 609 et
2822 572 2950 628 erga
2978 558 3077 615 hns
3104 576 3229 615 vera
3258 573 3382 618 sunt
3406 567 3571 623 verba

1989 640 2095 705 illa,
2135 638 2320 695 Gratia
2368 642 2562 697 saluati
2593 645 2716 697 estis
2740 645 2807 699 ".
2851 644 2924 699 Ita
2966 663 3033 703 ne
3074 650 3307 720 agricola
3350 654 3571 722 quidem

1986 745 2083 799 per
2121 733 2527 800 agricolationis
2571 735 2902 804 diligentiam
2956 748 3163 794 tantum
3209 740 3443 798 fructum
3474 760 3568 801 as-

1986 824 2249 893 sequitur,
2286 836 2545 894 quantum
2575 842 2670 895 per
2694 829 2859 883 Deum
2884 844 3095 899 segetes
3124 848 3432 905 augentem.
3454 837 3541 892 Ne

1983 933 2081 985 que
2108 920 2247 972 enim
2290 919 2380 987 qui
2416 918 2644 988 plantat,
2681 930 2755 973 est
2809 922 3031 992 aliquid,
3060 942 3221 996 neque
3258 930 3349 997 qui
3392 931 3568 999 rigat;

1984 1009 2074 1062 sed
2093 1011 2182 1078 qui
2217 1011 2589 1064 incrementum
2612 1012 2701 1065 dat
2738 1013 2875 1068 Deus
2899 1016 2964 1070 ".
3001 1016 3151 1082 Quod
3181 1020 3225 1074 si
3274 1035 3370 1074 cor
3423 1026 3567 1093 regis

1988 1098 2038 1152 in
2070 1115 2229 1152 manu
2266 1101 2358 1155 Dei
2377 1101 2424 1132 ⁸³
2456 1118 2471 1154 :
2509 1118 2613 1156 non
2655 1118 2752 1172 per
2791 1122 3064 1162 armorum
3107 1112 3420 1179 potentiam,
3467 1115 3566 1169 sed

1986 1207 2081 1260 per
2125 1192 2361 1247 divinum
2422 1196 2733 1262 praesidium
2790 1210 3057 1254 servatur.
3095 1200 3151 1256 In
3198 1220 3355 1258 manu
3387 1214 3566 1261 autem

1988 1281 2075 1337 Dei
2109 1299 2212 1337 non
2245 1292 2329 1338 est
2376 1285 2624 1352 quilibet,
2664 1288 2756 1341 sed
2806 1290 2897 1357 qui
2930 1291 3128 1361 dignus
3174 1296 3384 1350 exsisdt
3425 1302 3568 1367 regis

1985 1377 2357 1445 appellatione.
2392 1377 2723 1434 Detiuierunt
2745 1390 2922 1436 autem
2954 1385 3171 1454 quidam
3201 1403 3421 1456 regnum
3445 1403 3567 1444 esse

1986 1468 2284 1534 legitimum
2331 1469 2689 1537 dominatum,
2730 1486 2824 1526 aut
2860 1475 3215 1543 principatum
3251 1478 3304 1531 in
3354 1494 3562 1547 omnes,

1985 1560 2063 1612 sic
2089 1568 2147 1612 ut
2190 1568 2409 1627 peccato
2438 1561 2705 1616 obnoxius
2746 1578 2852 1618 non
2894 1566 2982 1620 sit.
3027 1564 3093 1619 Et
3131 1568 3276 1637 gigas
3321 1585 3426 1623 non
3454 1569 3567 1624 sal-

1984 1650 2191 1702 rabitur
2228 1650 2282 1703 in
2326 1651 2667 1706 multitudine
2710 1656 2917 1708 virtutis
2958 1674 3089 1713 sute.
3115 1660 3395 1729 Gigantem
3433 1663 3568 1718 dicit

1984 1741 2230 1810 eum,qui
2252 1742 2479 1795 naturali
2507 1744 2553 1795 vi
2584 1753 2637 1797 et
2660 1747 2924 1813 corporali
2948 1749 3107 1814 pollet
3133 1752 3340 1806 robore.
3381 1750 3566 1821 Neque

1987 1831 2147 1893 igitur
2185 1847 2279 1887 rex
2323 1846 2387 1885 ex
2433 1836 2601 1888 armis
2647 1834 2914 1891 suﬂiciens
2950 1839 3016 1892 ad
3047 1839 3271 1893 salutem
3304 1842 3565 1897 auxilium

1984 1924 2163 1991 habet,
2186 1941 2361 1995 neque
2390 1926 2545 1993 fortis
2569 1929 2650 1982 vir
2684 1929 2784 1983 sibi
2806 1931 2872 1985 ad
2891 1933 3069 1985 omnia
3098 1931 3341 1989 sullicere
3362 1943 3562 2000 potest.

1982 2016 2326 2072 Imber-illitas
2344 2020 2487 2073 enim
2521 2028 2575 2074 et
2605 2023 2891 2078 inﬁrmitas
2915 2034 3041 2078 sunt
3068 2026 3247 2081 omnia
3280 2027 3442 2081 simul
3462 2031 3563 2083 Ιιιι-

1982 2125 2160 2173 maua,
2188 2110 2230 2163 si
2261 2125 2380 2164 cum
2412 2127 2537 2166 vera
2570 2116 2807 2182 potentia
2837 2129 3239 2187 comparentur.
3264 2118 3560 2189 Propterea

1980 2197 2206 2267 Iuﬁrma
2245 2201 2429 2253 mundi
2479 2200 2631 2270 elegit
2679 2202 2843 2268 Deus,
2874 2214 2929 2257 ut
2974 2208 3261 2275 confundat
3290 2208 3556 2277 fortia";

1981 2302 2035 2344 et
2057 2308 2121 2346 ex
2140 2307 2235 2347 ore
2264 2292 2548 2347 infantium
2574 2304 2627 2349 et
2656 2294 2968 2350 lactentium
3001 2299 3225 2367 perfecit
3243 2302 3478 2366 laudem,
3503 2312 3565 2358 ut

1982 2385 2223 2437 destruat
2263 2384 2540 2439 inimicum
2571 2396 2625 2438 et
2662 2388 2975 2441 ultorem".
3006 2388 3137 2443 Nam
3179 2391 3359 2445 divina
3386 2392 3562 2461 gratia

1987 2476 2139 2547 141
2184 2477 2236 2530 in
2290 2476 2588 2532 infantibus
2623 2493 2688 2532 ac
2747 2480 2969 2535 rudibus
3016 2497 3282 2551 operans,
3325 2485 3563 2541 maxime

1982 2568 2336 2635 resplenduit.
2368 2568 2536 2624 Vens.
2582 2570 2668 2624 i7.
2714 2569 2912 2625 Fallax
2932 2589 3093 2643 equus
3122 2576 3189 2628 ad
3214 2575 3433 2629 salutem
3460 2594 3478 2631 :
3506 2579 3563 2633 in

1980 2657 2323 2713 multitudine
2362 2673 2537 2715 autent
2583 2664 2791 2718 virtutis
2827 2682 2937 2719 sua:
2973 2682 3076 2721 non
3105 2671 3416 2726 salvabitur.
3449 2674 3561 2727 Ex-

1981 2750 2165 2805 clusus
2202 2761 2282 2807 est
2309 2754 2378 2808 ab
2409 2770 2505 2808 usu
2546 2766 2859 2811 sanctorum
2892 2775 3080 2828 equus.
3129 2763 3233 2818 Sed
3280 2782 3457 2835 neque
3478 2766 3558 2823 ls-

1980 2843 2093 2896 rael
2124 2845 2249 2898 dum
2275 2844 2325 2898 ei
2360 2860 2447 2900 res
2485 2847 2539 2900 in
2579 2848 2734 2903 bellis
2755 2865 2819 2902 ex
2864 2852 3028 2906 animi
3065 2858 3330 2909 sententia
3368 2873 3561 2913 succe-

1980 2938 2193 3001 derent,
2230 2953 2466 3007 unquam
2507 2943 2745 3009 equestri
2782 2946 3017 3011 potentia
3040 2961 3182 3025 usus
3215 2948 3383 3005 fuisse
3404 2967 3559 3006 com-

1980 3032 2208 3099 peritur,
2247 3048 2424 3100 neque
2456 3036 2745 3105 quisquam
2781 3027 3374 3112 sanctorumprivatim
3398 3062 3554 3102 usum

1978 3138 2239 3191 equorum
2269 3126 2417 3180 velut
2437 3131 2847 3185 convenientem
2875 3132 3115 3189 admisit.
3145 3135 3214 3188 At
3241 3151 3372 3192 vero
3412 3137 3557 3193 Pha-

1978 3231 2072 3271 rao
2095 3218 2339 3285 equitatu
2364 3219 2542 3273 utitur
2570 3220 2638 3284 ",
2671 3231 2724 3276 et
2757 3226 3025 3293 superbus
3062 3227 3150 3281 ille
3183 3227 3556 3285 Senuactterib

1977 3309 2044 3363 de
2076 3323 2343 3379 equorum
2398 3313 2740 3369 multitudine
2777 3317 3039 3384 gloriatur
3078 3319 3144 3372 ³⁷.
3189 3319 3554 3386 Quamobrem

1975 3398 2277 3454 Pharaonis
2304 3417 2500 3471 equum
2523 3413 2574 3457 et
2601 3420 2945 3461 ascensorem
2971 3409 3194 3479 projecit
3222 3413 3273 3465 in
3304 3429 3455 3468 mare
3471 3416 3551 3470 ⁹⁸;

1974 3507 2165 3548 omnes
2195 3509 2326 3549 vero
2365 3494 2741 3553 Sennaclterib
2759 3501 2967 3569 equites
3008 3502 3443 3561 dormitaverunt
3482 3508 3551 3564 ”.

1979 3581 2131 3638 Unde
2181 3587 2348 3639 etiam
2390 3587 2497 3641 lata
2533 3603 2630 3657 per
2662 3589 2879 3660 Moysen
2924 3595 2991 3647 de
3036 3610 3217 3665 regum
3249 3596 3437 3651 olliciis
3468 3599 3552 3653 lex

1977 3677 2047 3730 ita
2074 3681 2291 3730 sancit:
2347 3676 2473 3731 Non
2518 3679 2892 3747 multiplicabit
2930 3684 3029 3737 sibi
3071 3686 3361 3755 equitatum
3396 3689 3432 3743 ³.
3486 3689 3552 3744 In

1972 3768 2310 3821 multitudine
2332 3780 2504 3822 autem
2536 3771 2744 3823 uirtutis
2768 3789 2880 3827 sua:
2920 3791 3024 3828 non
3058 3777 3368 3834 salvabitur.
3417 3780 3551 3835 Cum

1972 3862 2131 3927 enim,
2166 3861 2361 3929 inquit,
2389 3862 2650 3930 inﬁrmor,
2688 3874 2811 3919 tunc
2834 3877 3013 3935 potens
3032 3884 3147 3921 sum
3176 3872 3217 3925 ².
3253 3870 3389 3925 Nam
3421 3889 3549 3929 cor-

1974 3966 2257 4020 porearum
2310 3952 2504 4006 virium
2541 3955 2825 4011 multitudo
2873 3958 3034 4011 saluti
3068 3959 3295 4026 spiritus
3346 3962 3547 4018 obstat.

286 4022 395 4091 γὰρ
422 4024 675 4117 deﬁeret),
704 4028 859 4098 φησὶ,
894 4031 1027 4083 τότε
1064 4033 1320 4100 δυνατός
1351 4037 1486 4104 ειμι.
1534 4037 1606 4090 T6
1637 4039 1693 4092 δὲ
1723 4040 1924 4113 πλῆθος
1950 4046 2048 4116 τῆς
2081 4041 2403 4114 σωματικῆς
2460 4042 2743 4116 δυνάμεως
2773 4046 3026 4118 ἐμπόδιόν
3082 4022 3199 4101 ἐστι
3256 4050 3395 4122 πρὸς
3451 4054 3551 4127 τὴν

289 4106 559 4189 σωτηρίαν
589 4122 682 4174 τοῦ
721 4123 1050 4193 πνεύματος.

356 4208 443 4263 10.
491 4210 645 4263 Ἰδοὺ
673 4216 724 4265 οί
763 4215 1059 4284 ὀφθαλμοὶ
1090 4218 1311 4285 Κυρίου
1340 4219 1437 4274 ἐπὶ
1476 4223 1620 4289 τοὺς
1651 4226 1869 4293 φοϐου-

282 4298 505 4367 μένους
540 4304 741 4356 αὺτόν.
787 4306 1046 4377 Ἀλλαχοῦ
1090 4309 1188 4378 μὲν
1232 4310 1486 4383 είρηται⁹
1543 4315 1865 4386 Ὀφθαλμοὶ

288 4392 505 4458 Κυρίου
526 4392 623 4447 ἐπὶ
652 4393 937 4464 δικαίους·
963 4401 1195 4455 ἐνταῦθα
1216 4402 1295 4469 δὲ,
1326 4405 1456 4458 Ἐπὶ
1477 4406 1620 4473 τοὺς
1643 4412 1832 4477 φοϐου

2039 4227 2125 4280 10.
2160 4226 2323 4281 Vens.
2356 4225 2442 4281 l8.
2475 4224 2613 4281 Ecce
2647 4228 2787 4280 oculi
2836 4226 3051 4281 Domini
3081 4245 3238 4299 super
3265 4240 3548 4287 metuentes

1965 4335 2104 4372 eum.
2176 4318 2316 4373 Alibi
2360 4320 2580 4388 quidem
2642 4320 2846 4372 dictum
2901 4330 2986 4375 est
3044 4338 3059 4374 :
3122 4321 3275 4375 Oculi
3331 4322 3546 4377 Domini

1962 4428 2120 4479 super
2142 4412 2323 4478 justos
2356 4411 2410 4476 3;
2457 4412 2546 4465 hic
2585 4426 2736 4475 vero,
2757 4429 2915 4481 super
2947 4423 3230 4468 metuentes
3263 4431 3402 4469 eum.
3442 4414 3544 4469 Ubi

351 4549 833 4633 ’Lgpllen§.'tt,n5.
921 4558 967 4588 θ’
996 4556 1014 4608 1
1043 4557 1168 4633 Cp].
1207 4576 1288 4633 nt,
1326 4562 1375 4615 7.
1448 4564 1494 4595 ³³
1519 4565 1675 4620 Prov.
1719 4583 1830 4629 κει,

2005 4570 2049 4602 ⁹¹⁶
2091 4570 2107 4623 l
2158 4569 2282 4624 Cor.
2344 4586 2382 4632 ι,
2422 4570 2512 4624 27.
2590 4571 2635 4601 ⁸⁸
2663 4567 2805 4623 Psal.
2842 4583 2961 4631 vm,
2999 4570 3052 4624 5.
3132 4570 3178 4601 ”
3207 4570 3379 4624 Exod.
3429 4587 3539 4633 xw,

284 4618 487 4709 anesi;
526 4622 703 4709 μῖξιν
741 4621 872 4709 ηεκ.
914 4642 1026 4693 χιχ,
1069 4629 1159 4684 es.
1233 4618 1285 4666 σέ
1316 4634 1483 4688 Exod.
1530 4651 1621 4701 xv,
1666 4618 1870 4692 ιζ’δδ]

1975 4618 2382 4709 ιυς.”χιῖεζ”ῖ›5”.’
2424 4618 2827 4703 Theon—iiii,
2857 4618 2961 4693 is:
3003 4618 3052 4669 ’ί
3091 4638 3133 4692 ιι
3159 4618 3537 4707 drisidis:

285 4689 307 4721 ³
343 4691 486 4745 Psal.
523 4706 717 4757 χχχιιι,
757 4689 846 4749 16.

357 4783 469 4853 (58)
515 4783 612 4838 Ubi
662 4787 856 4869 legitur
890 4789 942 4869 in
986 4789 1223 4869 edi-tione
1251 4789 1424 4869 Paris.
1458 4800 1523 4869 _et
1562 4792 1633 4869 in_
1667 4795 1849 4869 multis
1880 4800 1923 4853 D
1955 4796 2263 4869 time_vero.r
2285 4795 2330 4869 si
2363 4796 2589 4869 scribas,
2615 4800 2853 4869 perfecit,
2879 4808 2935 4854 ut
2964 4802 3218 4855 destruat.

283 4869 412 4927 mss.
454 4856 789 4926 κατηρτίσω,
822 4859 1101 4925 perfecisti,
1158 4861 1416 4927 scriptum
1458 4862 1759 4919 invenimus
1793 4866 1847 4920 in

282 4923 413 5007 Reg.
441 4923 636 5016 quartoI
666 4939 720 4980 et
758 4923 996 5016 irtho'lb.
1031 4923 1640 5016 quinto_uatqprlelato,
1680 4936 1849 5016 perfe-

280 4996 372 5060 cit,
404 5005 458 5049 et
497 4997 568 5049 ita
622 4996 903 5065 legendum
934 4996 1060 5053 esse
1113 4996 1462 5055 arbitramur.
1509 5004 1643 5057 Cum
1680 4996 1845 5059 'enim

279 5077 403 5142 ante
429 5068 684 5142 scriptum
714 5067 801 5130 sit,
836 5068 921 5142 Τδι
954 5069 1156 5142 ἀσθενῆ
1201 5069 1307 5142 τοῦ
1326 5071 1534 5142 κόσμου
1563 5072 1847 5138 ἐξελέξατο

277 5138 324 5211 ὁ.
352 5136 504 5211 Θεὸς,
540 5136 627 5188 ἵνα
659 5138 994 5211 καταισχύνῃ
1024 5140 1092 5193 τὰ
1122 5136 1336 5211 ἰσχυρά,
1389 5136 1613 5209 Inﬁrma
1661 5136 1843 5198 mundi

279 5205 426 5279 elegit
454 5208 613 5279 Deus,
646 5217 701 5258 ut
729 5205 1012 5274 confundat
1042 5205 1223 5277 fortia,
1248 5205 1555 5267 'verisimile
1578 5214 1731 5268 nobis
1763 5215 1841 5279 lit,

278 5275 363 5329 ltic
383 5277 495 5355 legi
534 5279 731 5331 debere
763 5275 1147 5355 κατηρτίσατο,
1173 5281 1261 5335 ἵνα
1283 5281 1581 5355 καταλύσῃ,
1602 5275 1839 5353 perfecit,

278 5356 332 5396 ut
360 5347 778 5420 destruat,_et_c.
822 5347 955 5420 l‘iaiu
992 5353 1091 5403 hoc
1126 5361 1283 5420 pacto
1338 5347 1843 5409 inelius'eoltae'rebit

277 5417 467 5484 oratio.
503 5416 652 5481 Quod
690 5417 736 5470 si
792 5418 1053 5484 ejusmodi
1099 5416 1237 5474 ratio
1296 5422 1465 5475 levior
1520 5425 1835 5478 videbitur:

278 5483 403 5536 illud
436 5487 670 5552 gravius,
707 5483 849 5554 quod
896 5490 1061 5544 editio
1088 5500 1142 5545 et
1190 5490 1357 5547 Basil.
1393 5504 1449 5546 et
1479 5507 1667 5548 omnes
1712 5510 1842 5548 mss.

276 5554 563 5630 praelerant
597 5556 873 5630 καταλύσῃ
897 5600 911 5622 ,
947 5560 1202 5625 destruat,
1231 5563 1305 5615 uti
1334 5578 1614 5630 perperam
1640 5563 1843 5619 editum

283 5635 366 5705 est
399 5626 451 5677 iu
482 5625 714 5705 editione
740 5625 1052 5705 Parisiensi.
1083 5633 1188 5686 Sed
1228 5633 1274 5686 si
1318 5625 1511 5705 legeris
1534 5632 1839 5705 καταλύσῃ,

283 5692 445 5774 legas
467 5695 827 5774 κατηρτίσατο
851 5698 1009 5774 plane
1038 5717 1255 5774 necesse
1284 5692 1398 5757 est:
1418 5702 1533 5757 Non
1568 5704 1711 5774 enim
1748 5692 1841 5759 eo:

289 5764 509 5820 haerebit
529 5764 724 5834 oratio,
756 5770 802 5823 si
830 5764 999 5839 dicas,
1036 5773 1397 5842 perfecisti,ut
1429 5764 1661 5830 destruat
1693 5788 1711 5825 :
1736 5790 1835 5846 op-

2028 4866 2311 4942 (59)_Editi
2371 4878 2426 4921 et
2470 4866 2764 4942 Golbertiui
2821 4872 3010 4926 tertius
3052 4883 3105 4924 et
3139 4880 3327 4925 sextus
3363 4873 3534 4942 ἵππῳ,

1953 4936 2058 4990 Alii
2082 4936 2320 5012 quinque
2347 4952 2477 5012 mss.
2495 4939 2736 5012 ίππικῇ,
2767 4943 2855 4994 ubi
2884 4942 3117 5011 suppleri
3145 4952 3360 5012 oportet
3386 4936 3542 4998 δυνᾶ-

1956 5022 2066 5076 μει.
2114 5008 2381 5081 Ηοονίρεο
2412 5009 2610 5081 inloco
2659 5008 2858 5081 legitur
2884 5008 3247 5081 iit—aliquibus
3276 5028 3403 5067 mss.
3444 5015 3539 5067 κέ-

1949 5093 2169 5200 ἰερηται.
2221 5078 2459 5161 Subinde
2508 5078 2883 5149 septem'mss.
2924 5078 3083 5153 μέγα
3108 5084 3313 5153 φρονεῖ.
3358 5083 3535 5139 Editio

1996 5163 2122 5200 arts.
2160 5151 2572 5200 μεγαλοφοονεί.

1996 5151 2122 5201 aris.
2159 5151 2572 5218 μεγαλοφρονεί.
2927 5151 2936 5153 “
3154 5151 3164 5153 “

2024 5217 2137 5292 (40)
2166 5217 2343 5292 Editio
2378 5220 2546 5292 Paiis.
2583 5220 2831 5290 περὶτῶν
2864 5220 3152 5292 βασιλέων.
3179 5222 3247 5276 Al
3278 5239 3405 5278 mss.
3438 5238 3533 5279 sex

1948 5288 2096 5362 περὶ⁵
2111 5286 2398 5362 βασιλέων.
2425 5286 2699 5362 ngre_eSt
2730 5286 3077 5356 Combelisio,
3102 5296 3242 5362 quod
3268 5293 3537 5362 interpres

1948 5357 2001 5411 in
2034 5358 2271 5411 editione
2301 5358 2541 5412 Romana
2571 5358 2760 5414 Graeca
2788 5363 2868 5416 sic
2902 5357 3215 5427 reddiderit,
3250 5362 3373 5416 Non
3396 5357 3535 5416 ntul-

1946 5429 2215 5503 tiplicabit
2246 5430 2347 5503 silit
2396 5443 2605 5503 equum.
2654 5431 2951 5486 Contendit
3010 5433 3148 5486 verti
3202 5435 3533 5503 Oportuisse,

1953 5495 2080 5550 Non
2105 5497 2501 5573 multipltcabit
2513 5499 2615 5573 sibi
2649 5504 2893 5573 equites,
2918 5517 3014 5557 seu
3074 5495 3381 5573 equitatum.
3400 5495 3533 5573 βοά

1949 5568 2324 5641 conqueritur,
2346 5576 2405 5619 ut
2434 5569 2563 5621 mihi
2597 5573 2815 5637 quidem
2849 5572 3082 5637 videtur,
3112 5568 3378 5641 itonjure.
3396 5571 3531 5627 Nam

1948 5636 2059 5714 l_t_ot_:_
2075 5640 2192 5693 loco
2220 5638 2417 5714 equum
2454 5654 2551 5714 pro
2567 5636 2806 5707 equitatu
2823 5636 3086 5714 _s_ut_nivel
3111 5636 3255 5697 caeco
3278 5651 3528 5714 apparet.

1951 5705 2150 5784 Vellem
2170 5710 2337 5784 prius
2387 5705 2789 5779 legisset—notas
2815 5710 3036 5781 Nobilii,
3069 5728 3233 5784 quam
3277 5705 3403 5770 cuin
3439 5730 3530 5771 re-

1943 5778 2344 5846 preltendisset.
