4048 6220
330 342 434 396 589

1427 341 1710 398 HOMILIA
1750 340 1818 396 IN
1856 336 2187 398 PSALMUM
2223 336 2466 397 XXXIII.

3495 346 3605 403 550

330 463 621 534 ἐπήρειαν.
655 464 847 534 Ἀγιον
899 464 957 519 δὲ
1017 464 1078 518 τὸ
1138 460 1309 534 ὄνομα
1368 458 1508 516 εἶναι
1540 463 1759 532 λέγεται
1823 462 1903 517 τοῐ

2028 463 2322 535 telligentia
2350 476 2536 517 eorum
2570 476 2690 532 quae
2717 461 2997 532 lpra'cipue
3019 461 3071 517 in
3107 464 3224 533 ipso
3264 466 3604 531 contempla-

328 551 485 618 Θεοῦ,
547 554 608 607 οὐ
642 555 860 618 πάντως
909 553 999 608 διὰ
1056 554 1117 607 τὸ
1155 555 1215 606 ἐν
1257 551 1549 616 συλλαϐαῖς
1596 552 1741 623 ἔχειν
1800 552 1923 607 τινὰ

327 641 555 711 δύναμιν
601 643 949 715 ἁγιαστικὴν,
985 644 1105 699 ἀλλ’
1158 646 1242 698 ὅτι
1291 645 1441 697 πᾶσα
1485 647 1519 713 ἡ
1580 644 1778 717 ἰδιότης
1828 644 1921 698 τοῦ

327 732 485 796 Θεοῦ,
514 735 607 787 καὶ
626 736 660 805 ἡ
687 733 864 788 ἔννοια
886 735 995 789 τῶν
1021 735 1315 807 ἐξαιρέτως
1339 735 1469 805 περὶ
1495 734 1657 788 αὐτὸν
1683 734 1922 803 θεωρου-

333 820 508 890 μένων
539 821 669 890 ἁγία
700 824 817 876 ἐστὶ
847 825 943 878 καὶ
970 826 1129 895 ἁγνή.
1148 824 1415 888 Γένοιτο,
1438 825 1636 891 Κύριε,
1655 822 1723 876 τὸ
1749 824 1923 889 ἔλεός

331 925 446 965 σου
470 912 563 981 ἐφ’
589 912 766 983 ἡμᾶς,
799 914 1063 983 καθάπερ
1082 915 1430 985 ἠλπίσαμεν
1454 914 1554 968 ἐπὶ
1590 916 1710 968 σοί.
1752 915 1914 985 Ὁρᾷς

330 1002 448 1067 πῶς
496 1005 875 1076 ἐπιστημόνως
920 1005 1301 1078 προσηύξατο;
1339 1007 1451 1077 Τὴν
1493 1006 1630 1061 ίδίαν
1673 1006 1912 1060 διάθεσιν

332 1096 528 1167 μέτρον
556 1097 779 1169 ἐποίησε
817 1099 916 1169 τῆς
952 1099 1311 1170 ἐπιχορηγίας
1338 1098 1446 1152 τῶν
1474 1098 1776 1170 οἰκτιρμῶν
1814 1096 1909 1152 τοῦ

328 1186 485 1242 Θεοῦ.
519 1187 804 1253 Τοσοῦτος,
837 1189 991 1260 φησὶ,
1024 1190 1233 1258 γένοιτο
1259 1193 1287 1243 ὁ
1310 1189 1457 1253 ἐλεός
1488 1207 1582 1243 σου
1614 1191 1699 1260 ἐφ’
1742 1191 1911 1261 ἡμᾶς,

328 1280 458 1349 ὅσην
490 1280 795 1348 φθάσαντες
832 1284 991 1353 ἡμεῖς
1019 1283 1113 1334 ἐπὶ
1140 1282 1223 1335 σοὶ
1257 1282 1358 1354 τὴν
1386 1282 1577 1336 ἐλπίδα
1611 1281 1908 1336 κατεὸαλό-

332 1372 491 1441 μεθα.
521 1375 678 1427 Πᾶσα
704 1374 760 1427 δὲ
793 1372 948 1444 ἡμῶν
974 1375 1005 1444 ή
1040 1374 1197 1438 ἐλπὶς
1229 1373 1555 1446 ἐπιστρέψαι
1574 1374 1686 1445 (47)
1714 1374 1795 1437 είς
1816 1373 1916 1444 τὴν

2021 571 2166 621 mur,
2199 564 2385 609 sancta
2420 563 2506 610 est
2538 565 2593 608 et
2635 569 2790 623 pura.
2823 553 2986 609 Vens.
3018 554 3112 610 22.
3152 553 3302 621 Fiat,
3333 554 3559 612 Domine
3580 594 3601 623 ,

2019 647 2389 701 misericordia
2425 654 2518 698 tua
2551 660 2706 715 super
2734 661 2827 699 nos
2848 685 2863 709 ,
2896 647 3335 715 quemadmodum
3366 648 3603 715 speravi-

2019 755 2135 791 mus
2157 740 2211 793 in
2242 748 2310 792 te.
2349 737 2512 793 Vides
2550 740 2822 807 quomodo
2862 740 2999 792 scite
3032 754 3097 793 ac
3140 741 3436 808 prudenter
3467 756 3599 795 ora-

2018 828 2196 883 verit?
2223 828 2506 897 Proprium
2534 827 2810 892 allectum,
2845 844 3156 884 mensuram
3197 829 3327 885 fecit
3357 829 3601 900 largitio-

2020 920 2105 974 nis
2146 919 2553 974 miserationum
2601 919 2717 973 Dei.
2751 917 2923 973 Tanta
2950 959 2964 983 ,
3003 919 3222 988 inquit,
3252 920 3343 973 liat
3380 901 3596 974 miseri-

2017 1009 2200 1063 cordia
2236 1017 2324 1061 tua
2363 1023 2526 1077 super
2569 1022 2691 1073 nos,
2731 1016 2986 1075 quantam
3014 1008 3068 1060 in
3100 1018 3152 1061 te
3192 1021 3344 1075 spem
3384 1006 3598 1074 priores

2012 1100 2367 1170 conjecimus.
2401 1099 2617 1154 Reverti
2648 1107 2827 1152 autem
2864 1099 2918 1151 in
2968 1100 3236 1166 requiem,
3272 1106 3384 1153 tota
3407 1106 3599 1152 nostra

2013 1205 2136 1258 Spes
2155 1199 2256 1255 est,
2275 1199 2331 1244 ut
2358 1205 2589 1261 corpore
2605 1190 2929 1244 humilitatis
2955 1198 3155 1244 nostras
3178 1190 3593 1256 translormato,

2014 1283 2120 1337 hoc
2167 1284 2310 1338 idem
2360 1292 2717 1353 agnoscamus
2753 1284 2965 1353 corpori
3003 1283 3187 1354 gloria
3221 1283 3426 1339 Christi
3457 1298 3591 1339 con-

2014 1375 2186 1428 forme
2220 1374 2494 1431 ell‘ectum.

329 1468 658 1532 ἀνάπαυσιν,
709 1470 817 1534 ἵνα,
875 1470 1479 1540 μετασχηματισθέντος
1522 1468 1615 1523 τοῦ
1664 1469 1917 1541 σώματος
1950 1470 2052 1541 τῆς
2080 1469 2459 1535 ταπεινώσεως
2526 1468 2704 1541 ἡμῶν,
2744 1470 3026 1541 νοήσωμεν
3059 1468 3193 1522 αὐτὸ
3230 1470 3389 1523 τοῦτο
3436 1469 3597 1537 γενό-

333 1577 492 1632 μενον
527 1560 846 1631 σύμμορφον
874 1560 952 1632 τῷ
986 1560 1197 1632 σώματι
1223 1562 1323 1633 τῆς
1348 1562 1507 1633 δόξης
1533 1561 1667 1635 (48).

424 1788 562 1842 ΤΟΥ
602 1791 835 1843 ΑΥΤΟΥ
869 1792 979 1845 ΕΙΣ
1026 1792 1164 1845 ΤΟΝ
1212 1793 1313 1846 ΛΓ⁹
1350 1792 1655 1847 ΨΑΛΜΟΝ
1680 1792 1817 1862 (49).

334 1880 417 1945 Τῷ
446 1881 641 1944 Δαόὶδ,
687 1884 866 1937 ὁπότε
908 1883 1211 1948 ήλλοίωσε
1254 1884 1320 1936 τὸ
1362 1885 1685 1951 πρόσωπον
1722 1883 1908 1936 αὑτοῦ

399 1952 673 2022 ἐναντίον
713 1952 1032 2022 Ἀϐιμέλεχ,
1074 1955 1170 2006 καὶ
1205 1953 1518 2008 ἀπέλυσεν
1558 1954 1766 2017 αὐτὸν,
1809 1954 1907 2006 καὶ

396 2021 691 2088 ἀπῆλθεν.

401 2111 453 2164 1.
503 2112 624 2164 Ἐπὶ
656 2111 748 2164 δύο
781 2111 1067 2173 ὑποθέσεις
1096 2112 1243 2165 ἕλκει
1277 2114 1311 2184 ἡ
1342 2111 1520 2165 ἔννοια
1546 2112 1640 2164 τοῦ
1668 2111 1904 2182 ψαλμοῦ.

326 2199 410 2253 Τά
452 2217 510 2252 τε
558 2203 615 2253 ἐν
654 2204 719 2271 τῇ
755 2201 948 2272 Νομϐᾷ
979 2205 1044 2272 τῇ
1079 2201 1230 2255 πόλει
1262 2200 1371 2254 τῶν
1416 2201 1605 2273 ἱερέων
1638 2202 1907 2271 γενόμενα

326 2290 478 2361 παρὰ
500 2290 593 2343 τοῦ
623 2291 787 2344 Δαὸὶδ
813 2292 959 2345 δοκεῖ
984 2293 1198 2356 οίκείως
1229 2292 1372 2363 ἔχειν
1403 2296 1467 2364 τῇ
1506 2295 1808 2364 ἐπιγραφῇ,
1838 2292 1910 2346 τά

323 2399 382 2435 τε
415 2384 473 2437 ὲν
504 2386 569 2455 τῇ
599 2384 699 2436 Γὲθ
729 2384 880 2454 παρὰ
903 2384 980 2456 τῷ
1015 2384 1241 2455 Ἀγχοῦς
1267 2384 1345 2455 τῷ
1376 2384 1587 2455 βασιλεί
1617 2385 1725 2439 τῶν
1753 2384 1909 2438 ἁλλο-

324 2473 525 2541 φύλων.
568 2474 856 2527 Ἦλλοίωσε
903 2476 1001 2543 μὲν
1030 2475 1139 2546 γὰρ
1170 2475 1334 2528 αὑτοῦ
1369 2475 1429 2528 τὸ
1477 2474 1771 2546 πρόσωπον
1813 2475 1909 2527 καὶ

322 2564 412 2616 ὅτε
441 2563 518 2634 τῷ
568 2563 855 2633 Ἀὅιμέλεχ
898 2563 1167 2632 διελέγετο
1202 2564 1279 2634 τῷ
1329 2566 1484 2635 ἱερεῖ,
1518 2563 1776 2634 κρύπτων
1807 2563 1906 2633 μὲν

324 2652 422 2723 τὴν
480 2654 690 2724 φυγὴν,
751 2654 1068 2717 σπουδάζειν
1116 2654 1228 2723 (50)
1284 2654 1340 2706 δὲ
1398 2654 1463 2726 δὴ
1525 2655 1907 2724 προστάγματι

326 2745 618 2816 ὑπουργεῖν
663 2744 927 2815 βασιλικῷ
976 2745 1459 2817 προσποιούμενος,
1501 2747 1590 2799 ὅτε
1635 2747 1731 2800 καὶ
1778 2748 1906 2811 τοὺς

324 2838 521 2909 ἄρτους
551 2839 648 2908 τῆς
690 2838 999 2910 προθέσεως
1032 2839 1212 2904 ἔλαϐε,
1250 2841 1344 2893 κα)⁵
1371 2842 1469 2912 τὴν
1500 2841 1776 2911 ῥομφαίαν
1810 2840 1905 2893 τοῦ

325 2927 539 2982 Γολιάθ.
582 2928 869 2982 Ἠλλοίωσε
900 2931 956 2984 δὲ
983 2928 1148 2983 αὑτοῦ
1181 2930 1242 2984 τὸ
1274 2931 1564 3003 πρόσωπον
1604 2929 1698 2984 καὶ
1723 2932 1813 2984 ὅτε
1845 2932 1906 2984 ἐν

330 3019 514 3089 μέσοις
558 3022 669 3083 τοῖς
712 3019 992 3090 πολεμίοις
1044 3019 1415 3089 ἀποληφθεὶς,
1467 3019 1653 3091 ἐπειδὴ
1708 3018 1905 3090 ᾔσθετο

325 3110 503 3163 αὐτῶν
518 3110 911 3181 διαλεγομένων
928 3112 1063 3182 πρὸς
1079 3111 1359 3197 αλλήλους,
1377 3111 1472 3164 καὶ
1490 3108 1903 3183 παρασκευαζο-
1929 3135 1975 3197 c

329 3201 507 3272 μένων
524 3203 605 3264 είς
621 3202 834 3271 ἄμυναν
852 3201 986 3272 (51).
1026 3195 1218 3256 Εἶπον
1242 3202 1373 3271 γὰρ,
1398 3201 1586 3273 φησὶν,
1619 3204 1672 3254 οἱ
1694 3200 1904 3264 παῖδες

338 3294 579 3363 Ἆγχοὺς
604 3294 754 3362 πρὸς
780 3294 1061 3358 ἑαυτούς·
1095 3297 1216 3364 Οὐχ
1249 3290 1429 3359 οὗτος
1461 3293 1637 3347 Δαόὶδ
1662 3297 1695 3348 ό
1718 3293 1902 3358 ,ϐασι-

324 3385 471 3450 λεὺς
507 3384 618 3452 τῆς
656 3384 801 3456 Trio;
833 3386 981 3456 οὐχὶ
1012 3387 1201 3453 τούτῳ
1225 3385 1490 3455 ἐξῆρχον
1524 3386 1595 3439 ἐν
1623 3384 1780 3455 χορῷ
1801 3384 1902 3439 λέ-

324 3491 538 3545 γουσαι
559 3474 669 3547 (5“2)
689 3515 704 3540 ,
748 3476 1041 3541 Ἐπάταξε
1078 3476 1253 3529 Δαϐὶδ
1282 3476 1351 3529 ἐν
1376 3475 1669 3544 μυριάσιν
1692 3476 1900 3540 αὐτοῦ,

326 3569 425 3621 καὶ
450 3569 646 3623 Σαοὺλ
673 3570 742 3623 ὲν
766 3568 1034 3638 χιλιάσιν
1061 3568 1246 3624 αὑτοῦ
1262 3585 1282 3633 ;
1306 3569 1416 3622 Καὶ
1438 3567 1724 3638 ἐφοϐήθη,
1748 3568 1900 3639 φησὶ,

324 3661 501 3715 Δαϐὶδ
528 3662 645 3715 ἀπὸ
682 3661 1311 3730 προσώπου”Αγχοὺς,
1345 3660 1442 3715 καὶ
1490 3661 1792 3728 ήλλοίωσε
1836 3659 1901 3713 τὸ

323 3753 647 3821 πρόσωπον
673 3754 859 3808 αὑτοῦ
885 3753 1013 3807 κατ’
1042 3752 1386 3822 ὀφθαλμοὺς
1415 3750 1631 3806 αὐτῶν.
1661 3750 1786 3815 Πῶς
1809 3745 1903 3804 οῦν

322 3846 355 3913 ἡ
407 3843 507 3914 μὲν
552 3843 831 3915 ἐπιγραφὴ
887 3843 1174 3914 Ἀϐιμέλεχ
1211 3841 1487 3913 ὀνομάζει,
1535 3844 1568 3913 ἡ
1606 3842 1652 3894 δ’
1696 3840 1903 3913 ἱστορία

335 3935 563 4006 Ἀγχοῦς
612 3935 947 4005 παραδίδωσι
1000 3935 1091 3988 τὸν
1150 3934 1375 4006 βασιλέα
1420 3933 1693 3986 Γετθαίων
1745 3932 1899 4002 (55);

322 4028 571 4080 Τοιοῦτον
622 4027 778 4096 λόγον
824 4027 947 4081 τινὰ
994 4026 1278 4096 φθάσαντα
1320 4027 1384 4078 ἐκ
1435 4023 1783 4095 παραδόσεως
1822 4025 1903 4086 εἰς

319 4120 468 4190 ἡμᾶς
497 4118 711 4190 ἔχομεν,
748 4120 831 4173 ὅτι
868 4121 917 4172 oi
964 4118 1204 4189 βασιλεῖς
1238 4117 1346 4171 τῶν
1376 4115 1689 4185 ἀλλοφύλων
1719 4115 1901 4170 κοινὸν

330 4213 425 4265 μὲν
472 4208 614 4282 εἶχον
656 4211 825 4282 ὄνομα
868 4210 930 4264 τὸ
983 4209 1290 4281 Ἀϐιμέλεχ,
1341 4208 1468 4262 ἴδιον
1508 4208 1565 4260 δὲ
1611 4207 1842 4269 ἕκαστος
1873 4206 1901 4259 ὃ

324 4303 756 4377 προσηγορεύετο
782 4303 912 4372 (54).
950 4303 1037 4366 Ὦς
1063 4302 1157 4356 καὶ
1181 4301 1271 4355 ἐπὶ
1306 4299 1401 4369 τῆς
1437 4299 1753 4370 Ῥωμαῖκῆς
1784 4296 1901 4350 ἐστι

326 4392 596 4464 βασιλείας
621 4395 768 4457 ἰδεῖν,
798 4394 1080 4465 Καίσαρας
1103 4392 1426 4463 λεγομένους
1454 4389 1648 4451 κοινῶς
1676 4389 1769 4441 καὶ
1792 4389 1901 4441 Αὐ-

2452 1790 2517 1844 ιΝ
2558 1790 2888 1846 PSALMUM
2930 1788 3167 1845 XXXIII.

2010 1880 2125 1951 Ipsi
2168 1882 2368 1947 David,
2413 1883 2622 1952 quando
2668 1882 2965 1934 immulavit
3000 1881 3189 1949 faciem
3226 1898 3377 1935 suam
3412 1896 3590 1935 coram

2246 1953 2569 2018 Abimcleclt,
2595 1961 2643 2006 et
2677 1952 2875 2004 dimisit
2912 1953 3106 2021 ipsum.
3134 1962 3180 2004 et
3209 1953 3361 2005 abiit.

2082 2107 2131 2161 I.
2172 2107 2374 2162 Psalmi
2428 2106 2591 2175 hujus
2650 2108 2999 2177 intelligentia
3030 2124 3127 2163 nos
3175 2109 3240 2162 ad
3272 2110 3377 2163 duo
3421 2123 3589 2177 argu-

2009 2210 2189 2255 menta
2240 2202 2430 2258 trahit.
2482 2201 2612 2268 Quae
2666 2202 2808 2256 enim
2859 2211 2969 2255 tum
3026 2203 3077 2255 in
3113 2201 3319 2256 Nomba
3366 2203 3588 2258 civitate

2009 2293 2379 2358 sacerdotum,
2413 2302 2521 2346 tum
2557 2293 2607 2345 in
2644 2291 2779 2347 Geth
2820 2292 2960 2361 apud
2995 2292 3215 2347 Auchus
3262 2293 3591 2362 alienigena-

2007 2400 2127 2439 rum
2171 2399 2349 2453 regem
2395 2399 2423 2437 a
2481 2383 2683 2437 Davide
2726 2393 2878 2455 gesta
2932 2394 3089 2448 sunt,
3140 2399 3201 2438 ea
3246 2384 3586 2453 iuscriptioni

2007 2473 2261 2526 videntur
2297 2473 2610 2527 convenire.
2658 2471 2790 2526 Nam
2832 2472 3138 2526 immutavit
3176 2472 3366 2527 faciem
3396 2489 3584 2538 suam,

2007 2575 2131 2620 eum
2195 2563 2511 2618 Abimelech
2559 2566 2893 2618 sacerdotem
2937 2565 3325 2634 alloqueretur,
3386 2568 3464 2622 sic
3528 2579 3590 2623 ut

2008 2653 2277 2709 occultata
2314 2653 2459 2724 fuga,
2501 2655 2567 2708 ad
2599 2655 2803 2723 regium
2840 2657 3149 2709 mandatum
3181 2660 3582 2727 exsequendum

2009 2745 2267 2800 festinare
2303 2760 2362 2800 se
2398 2745 2772 2808 simulaverit,
2807 2748 3023 2815 quando
3046 2756 3099 2800 et
3129 2763 3297 2815 panes
3342 2751 3590 2819 proposi-

2008 2836 2170 2891 tionis
2198 2838 2429 2906 accepit,
2461 2847 2517 2892 et
2552 2837 2786 2905 gladium
2814 2836 3048 2892 Goliath.
3072 2838 3280 2893 Rursus
3300 2855 3453 2895 suam
3489 2842 3589 2895 im-

2006 2928 2237 2983 mutavit
2263 2926 2477 2994 faciem,
2513 2944 2637 2982 cum
2670 2929 2723 2980 in
2760 2928 2936 2982 medio
2972 2929 3205 2983 hostium
3229 2939 3420 2999 captus
3444 2970 3459 2997 ,
3491 2946 3588 2987 eos

2006 3019 2151 3075 inter
2182 3033 2243 3074 se
2272 3018 2589 3088 loquentes,
2622 3028 2676 3072 et
2698 3033 2756 3072 se
2787 3018 2854 3072 ad
2897 3019 3184 3073 vindictam
3219 3034 3587 3091 praeparantes

2006 3111 2231 3165 audivit.
2263 3109 2529 3166 Dixerunt
2561 3112 2696 3165 enim
2721 3149 2736 3174 ,
2762 3110 2972 3179 inquit,
3016 3114 3164 3180 pueri
3199 3111 3412 3169 Auchus
3447 3117 3586 3169 inter

2002 3215 2099 3256 se:
2149 3200 2339 3255 Nonne
2391 3203 2474 3255 Itic
2516 3212 2591 3256 est
2639 3202 2809 3257 David
2845 3219 2936 3256 rex
2980 3204 3177 3258 terra?
3225 3205 3414 3260 Nonne
3462 3208 3588 3261 huic

2002 3296 2288 3349 cantabant
2333 3297 2391 3349 in
2428 3294 2624 3363 choro,
2663 3297 2892 3350 dicentes
2933 3312 2953 3349 :
2997 3294 3263 3350 Percussit
3311 3298 3480 3352 David
3529 3300 3589 3354 in

2005 3388 2181 3439 decent
2215 3386 2446 3441 millibus
2476 3387 2606 3448 suis,
2634 3397 2683 3441 et
2714 3387 2851 3441 Saul
2889 3388 2944 3440 in
2973 3388 3204 3442 millibus
3238 3392 3347 3443 suis
3368 3390 3395 3443 7
3422 3390 3488 3443 Et
3515 3391 3589 3443 ti.

2002 3477 2155 3541 muit,
2191 3477 2388 3545 inquit,
2423 3477 2592 3531 David
2623 3496 2654 3530 a
2682 3479 2817 3547 facie
2850 3479 3065 3531 Anc/tus
3085 3518 3101 3541 ,
3128 3495 3189 3531 ac
3213 3496 3363 3533 suam
3391 3479 3581 3548 faciem

2003 3562 2125 3621 ante
2172 3569 2386 3622 illorum
2432 3569 2609 3623 oculos
2648 3570 2940 3623 immulanit
2993 3570 3036 3624 '.
3078 3568 3360 3637 Quomodo
3415 3572 3581 3639 igitur

2004 3658 2283 3727 inscriptio
2308 3660 2551 3713 nominat
2576 3658 2922 3721 Abimelech,
2968 3660 3191 3715 historia
3236 3673 3415 3716 autem
3455 3664 3573 3716 An-

2003 3751 2139 3806 chus
2171 3751 2515 3807 Gethaeorum
2540 3766 2719 3821 regem
2747 3753 3049 3807 memorat?
3079 3751 3261 3806 Talem
3287 3756 3577 3823 quamdam

2003 3844 2266 3898 rationem
2291 3857 2356 3897 ex
2390 3843 2679 3899 traditione
2724 3844 2792 3897 ad
2839 3858 2941 3898 nos
2972 3858 3145 3912 usque
3197 3846 3574 3901 transmissam

2004 3944 2273 3999 tenemus,
2299 3935 2441 4002 quod
2476 3935 2899 4003 alienigenarum
2943 3950 3096 4005 reges
3130 3950 3419 3991 commune
3465 3938 3583 4006 qui-

2002 4024 2124 4078 dem
2175 4038 2372 4078 nomen
2412 4024 2729 4079 Abimelech
2784 4025 3111 4091 habuerunt,
3145 4025 3301 4097 143
3350 4025 3581 4095 quilibet

2001 4128 2132 4169 vero
2159 4114 2468 4184 proprium,
2498 4130 2607 4185 quo
2650 4116 3045 4185 appellabatur.
3074 4116 3227 4172 Hunc
3256 4119 3324 4173 ad
3355 4118 3574 4173 modum

2002 4214 2057 4260 et
2100 4205 2153 4260 in
2179 4205 2421 4261 Romano
2451 4208 2677 4275 imperio
2703 4210 2887 4263 videre
2924 4218 3045 4277 est,
3089 4211 3332 4265 Caesares
3373 4220 3423 4266 et
3465 4211 3579 4264 Au-

2002 4307 2190 4366 gustos
2234 4298 2288 4352 in
2336 4302 2610 4356 communi
2648 4301 2943 4371 appellari,
2982 4301 3076 4356 sed
3111 4313 3289 4356 tamen
3328 4318 3424 4358 eos
3472 4303 3581 4359 alia

2002 4389 2221 4442 nomina
2275 4390 2497 4459 propria
2542 4391 2764 4446 habere.
2819 4390 3026 4446 Nomen
3075 4391 3288 4448 Pharao
3321 4406 3405 4447 est
3438 4392 3581 4461 ejus-

322 4483 603 4551 γούστους,
652 4483 785 4536 ἄλλα
818 4482 875 4536 δὲ
924 4482 993 4536 τὰ
1042 4480 1207 4553 κύρια
1259 4479 1466 4535 ἑαυτῶν
1521 4478 1894 4549 κεκτημένους

2002 4479 2144 4533 modi
2191 4481 2355 4535 etiam
2406 4482 2548 4551 apud
2596 4480 2900 4552 Egyptios.
2952 4482 3089 4536 Nam
3144 4493 3200 4538 et
3241 4483 3578 4539 Pharaonem

321 4575 580 4646 ὀνόματα.
617 4573 866 4629 Τοιοῦτον
909 4574 1003 4627 καὶ
1048 4575 1177 4644 παρ’
1209 4571 1526 4642 Αἰγυπτίοις
1548 4572 1664 4624 ἐστὶ
1694 4569 1756 4622 τὸ
1783 4571 1893 4622 Φαο

392 4673 413 4706 ⁸
446 4667 467 4721 I
506 4667 637 4737 Reg.
671 4683 798 4732 ut,
831 4664 1053 4720 11-15.

397 4766 508 4834 (Π)
544 4761 947 4834 Ἐπιστρέψᾳι,
968 4769 1025 4813 ut
1058 4756 1718 4834 reuertanturlRespicere
1736 4755 1893 4811 vide-

322 4826 415 4892 tur
436 4826 663 4888 Basilius
690 4826 756 4885 ad
782 4826 916 4899 psal.
955 4846 1098 4895 CXIV,
1124 4830 1175 4894 7,
1208 4826 1553 4898 ἐπέστρεφον,
1574 4826 1721 4898 ψυχή
1767 4843 1891 4896 μου,

319 4911 400 4972 είς
417 4907 511 4979 τὴν
540 4902 843 4979 ἀνάπαυσιν
873 4918 989 4965 σου,
1026 4900 1318 4979 Revertere1
1346 4904 1526 4952 anima
1558 4914 1692 4979 inea,
1726 4899 1893 4979 inre-

317 4964 491 5049 (μίξειὴ
523 4986 691 5027 tuam.
740 4964 1049 5042 Vulgata'et
1083 4970 1247 5024 editio
1280 4969 1544 5035 Romana,
1581 4964 1891 5021 Convertere

298 5050 517 5110 ’anima,
537 5054 644 5098 etc.

318 5066 717 5188 nugs“),
746 5127 879 5188 mss.
946 5110 1105 5181 δόξης
1160 5108 1268 5188 τοῦ.
1310 5104 1546 5179 Χριστοῦ
1572 5144 1601 5188 ,’
1645 5104 1887 5185 nihilque

319 5174 572 5254 amplius.
620 5183 765 5257 Editi
797 5174 1095 5257 veremini)
1147 5174 1884 5257 duobus'mss.adipatttfﬁg

314 5238 598 5328 δόξηςίέν
638 5251 861 5325 Χριστῷ
920 5248 1093 5323 Ἰησοῦ
1153 5248 1231 5321 τῷ
1283 5248 1471 5320 Κυρίῳ
1519 5238 1709 5318 ἡμῶν·
1760 5238 1805 5313 ᾧ
1838 5238 1882 5315 ’ἡ

314 5328 458 5390 δόξα,
480 5336 585 5380 etc.

373 5329 660 5467 ᾕῖὶῗῐᾶεε.
677 5402 901 5464 quartus
928 5388 1140 5467 ψαλμρς
1161 5386 1240 5467 τῷ
1266 5385 1454 5467 Δαϐίδ,
1481 5395 1535 5441 et
1560 5385 1633 5439 ita
1666 5398 1883 5467 quoque

313 5456 664 5536 Augustinus.
695 5456 1148 5536 'Atvnstlialpéi
1187 5456 1239 5536 in
1294 5456 1472 5536 multis
1510 5470 1676 5536 mssa
1707 5457 1882 5536 deest,

316 5524 429 5591 nec'
442 5548 694 5603 expressa
725 5524 990 5589 invenitur
1026 5524 1353 5603 inVngata.
1377 5526 1537 5581 Plura
1584 5524 1879 5596 quiyolet,

317 5618 470 5660 notas
505 5602 695 5675 Nobilii
721 5604 899 5675 legere
929 5602 1144 5675 poterit.
1328 5666 1348 5675 _
1495 5667 1508 5675 _
1768 5663 1783 5675 _
1812 5662 1845 5675 η

385 5676 495 5746 (50)
524 5673 636 5746 Illa,
659 5662 974 5746 σποῦδάζείν
1004 5673 1085 5735 δέ,
1106 5681 1238 5733 etc.,
1262 5666 1543 5724 referenda
1567 5678 1685 5720 esse
1716 5663 1785 5719 ad
1809 5662 1879 5718 Ii-

310 5744 465 5803 brum
497 5747 512 5798 I
545 5744 747 5815 Regum
776 5761 885 5808 χχι,
914 5745 966 5803 9,
996 5747 1284 5815 obscurum
1317 5754 1421 5815 non
1445 5746 1548 5815 est.

2001 4577 2216 4625 constat
2249 4570 2426 4626 vocari
2455 4585 2579 4625 eum
2603 4610 2619 4637 ,
2659 4570 2749 4639 qui
2781 4578 3021 4639 tempore
3056 4568 3256 4640 Ioseph
3293 4573 3577 4641 regnavit;

2003 4765 2133 4805 mss.
2171 4762 2291 4803 cum
2322 4747 2557 4801 editione
2582 4743 2751 4797 Basil.
2784 4759 2967 4797 ειπαν.
2998 4742 3128 4811 Reg.
3152 4749 3375 4810 quartus
3396 4738 3573 4796 εἶπον.

1996 4821 2179 4876 Editio
2219 4827 2402 4871 nostra
2433 4816 2603 4869 Paris.
2635 4810 2809 4879 εἶπεν,
2844 4830 2949 4866 non
2983 4810 3287 4866 emendate.

2069 4890 2182 4960 (5'2)
2218 4887 2319 4960 Alta
2368 4887 2518 4960 Regii
2557 4884 3072 4960 quartus,_quintus
3112 4892 3166 4936 et
3216 4890 3402 4960 senius
3448 4895 3571 4960 cum

1992 4951 2320 5015 CoIbertiuis
2350 4951 2541 5025 quinto
2573 4951 2650 5009 _et
2678 4951 2927 5025 “septimo
2958 4962 3010 5005 et
3050 4968 3174 5025 cum
3211 4951 3574 5025 editioueBa-

1990 5030 2077 5084 sil.
2105 5029 2280 5082 EtIIIIO
2298 5022 2426 5097 vero
2444 5025 2615 5097 Pa_ris.
2640 5023 2733 5095 ἐξῆ
2744 5040 2883 5097 ρχον-
2900 5022 3291 5097 ἐγχορεῦουσαι
3302 5024 3574 5097 *γυναῖκες

1990 5099 2266 5167 λέγουσαι.
2301 5096 2480 5167 Ειιὶιὲο
2504 5093 2810 5167 Rom._cum
2846 5094 2997 5167 Quill.
3033 5096 3208 5161 primo
3236 5093 3467 5164 ἐξῆρχον
3514 5093 3572 5144 αί

1982 5163 2613 5241 χορεύουσαιηλέγουσαι.
2677 5163 2979 5241 Notandum
3022 5173 3202 5217 tamen
3252 5178 3438 5218 vocem
3474 5178 3573 5241 γυ-

1984 5233 2170 5302 ῧαῗκες
2194 5240 2245 5291 in
2269 5233 2538 5305 aliquibus
2579 5249 2707 5305 mss.
2727 5233 3001 5305 _rep_eriri.
3046 5302 3068 5305 Α
3320 5302 3329 5305 _
3406 5301 3421 5305 _
3517 5234 3539 5305 _'

2057 5309 2169 5381 (55)
2197 5301 2371 5381 Editio
2391 5303 2697 5381 Paris._'c&3v
2726 5302 3020 5381 Γετθαίων.
3045 5302 3203 5381 Deest
3227 5301 3490 5381 articulus
3515 5301 3570 5355 in

1983 5373 2108 5434 ocio
2128 5373 2259 5431 mss.
2279 5378 2471 5430 Statim
2500 5375 2589 5429 ubi
2614 5375 2817 5428 mentio
2840 5376 2899 5426 tit
2920 5375 3239 5443 dequadam
3258 5373 3569 5443 traditione,

1984 5448 2237 5504 librarius
2260 5450 2311 5500 in
2344 5445 2586 5515 margine
2630 5443 2782 5515 Regii
2816 5442 2998 5512 quarti
3020 5440 3299 5515 'ascripsit
3327 5442 3437 5515 illa,
3481 5440 3572 5515 λό-

1979 5534 2075 5587 γος
2096 5521 2161 5571 ἐκ
2190 5511 2543 5588 παραδόσεως
2573 5511 2849 5588 ἀγράφου,
2883 5528 3055 5588 sermo
3103 5512 3403 5588 traditionis
3454 5511 3570 5583 ejus

1976 5583 2094 5657 qua:
2110 5583 2305 5652 scripta
2346 5602 2448 5640 non
2480 5597 2579 5639 est.
2607 5583 2719 5639 Hoc
2752 5587 2895 5639 idem
2925 5584 3108 5653 legere
3137 5592 3221 5638 est
3243 5583 3297 5637 in
3325 5597 3570 5654 margine

1977 5660 2325 5800 uolgi)???
2357 5724 2624 5800 secundus
2646 5731 2700 5779 et
2732 5724 2892 5797 Coll).
2927 5731 3117 5796 sextus
3138 5720 3167 5798 δ
3186 5738 3574 5797 προσηγορευ-

274 5870 279 5875 .
310 5789 889 5888 "'l's'i)'i{é§?fiérifdé
917 5789 1586 5883 ἕρδξᾜᾷὧᾶνζλὺίάθὼ
1645 5806 1888 5876 quatuor‘

2002 5789 2068 5855 οξ
2094 5789 2231 5869 Reg.
2260 5789 2490 5866 quartus
2513 5789 2560 5866 ᾧ
2591 5812 2791 5868 προση.
