4048 6220
454 335 554 390 551

468 551 627 598 aetate
651 554 744 592 rex
772 531 992 602 Egypti
1017 528 1154 594 fuit;
1188 525 1396 578 Pharao
1416 533 1654 590 quoque,
1679 516 1771 584 qui
1793 517 2030 569 Salomo-

473 633 558 687 nis
585 640 825 698 tempore
848 636 1026 678 rerum
1045 617 1348 685 potiebatur
1367 632 1383 669 :
1404 610 1614 679 Accepit
1633 607 1802 669 enim,
1833 603 2027 672 inquit,

471 723 637 790 ﬁliam
690 691 988 771 Pharaonis
1047 708 1128 775 '°;
1191 715 1248 761 et
1292 704 1384 774 qui
1437 712 1677 769 tempore
1737 691 2031 766 prophetiae

471 783 717 868 'Jeremim
741 806 914 868 vixit,
945 803 1158 858 Pharao
1187 806 1411 850 vocatus
1441 800 1543 846 est.
1580 790 1671 844 Sic
1710 787 1873 839 etiam
1902 783 2032 837 Abi-
2063 852 2070 860 _

467 901 675 958 melech
719 905 876 950 aetate
893 891 1122 946 Abrahae
1149 894 1297 948 erat,
1329 891 1385 935 et
1410 887 1567 933 aztate
1593 876 1742 930 lsaac
1773 890 1787 925 :
1818 878 1875 924 et
1893 868 2032 922 alius

468 1006 608 1047 nunc
634 984 973 1056 temporibus
1014 977 1229 1034 Davidis
1274 972 1494 1027 dicitur.
1521 967 1587 1021 Et
1622 966 1688 1017 de
1721 977 1786 1017 eo
1815 959 2030 1029 quidem

467 1083 556 1153 qui
616 1049 855 1146 tempore
901 1071 1131 1128 Abrahae
1175 1074 1313 1126 erat,
1354 1062 1555 1115 dictum
1603 1066 1726 1110 est:
1779 1051 1846 1104 Et
1899 1049 2032 1101 dixit

467 1135 785 1230 Abimelec-h,
823 1171 871 1218 et
905 1157 1214 1214 Hochozath
1234 1152 1502 1224 pronubas
1544 1145 1658 1215 ejus
1681 1183 1696 1208 ,
1727 1152 1774 1195 et
1816 1135 2033 1190 Philocli

469 1262 708 1332 princeps
757 1227 1014 1310 exercitus
1065 1248 1176 1317 ejus
1229 1244 1297 1297 ad
1351 1237 1617 1295 Abraham
1667 1230 1929 1286 dicens“.
1973 1227 2037 1280 Et

473 1325 666 1410 iterum
708 1351 773 1406 de
807 1363 872 1403 eo
897 1345 988 1415 qui
1030 1353 1270 1409 tempore
1310 1337 1461 1391 Isaac
1490 1331 1665 1384 vixit:
1697 1325 1824 1380 Fuit
1861 1333 2035 1377 autem

474 1446 640 1502 multo
666 1455 890 1510 tempore
917 1414 1018 1490 ibi.
1050 1433 1183 1488 Cum
1206 1445 1322 1484 vero
1351 1425 1703 1496 prospexisset
1738 1414 2036 1471 Abimeleclt

476 1556 567 1594 rea:
608 1505 886 1589 Philis'tiim
925 1543 1018 1598 per
1061 1527 1343 1595 fenestram
1368 1560 1384 1585 ,
1423 1516 1556 1570 vidit
1591 1515 1743 1565 Isaac
1774 1524 1892 1564 cum
1935 1505 2038 1558 Re-

479 1631 634 1684 becca
662 1625 925 1678 ludentem
962 1620 1025 1674 “.
1058 1616 1150 1670 Sic
1183 1614 1344 1683 igitur
1378 1618 1433 1663 et
1479 1621 1620 1660 nunc
1649 1601 1865 1656 Davidis
1902 1607 2039 1652 leni-

477 1735 608 1792 pore
635 1712 945 1772 Abimelech
972 1711 1025 1763 in
1057 1704 1411 1773 inscriptione
1437 1699 1612 1753 dictus
1637 1704 1739 1760 est,
1767 1688 2038 1747 communi

1767 305 1826 360 S.
1868 296 2118 358 BASILII
2158 294 2376 353 MAGNI

459 450 670 504 Pharao
698 440 856 506 itém,
885 437 976 508 qui
1002 445 1120 505 post
1143 439 1376 502 quatuor
1415 425 1792 500 generationes
1827 419 2025 490 Moysis

2153 413 2263 470 ιαώ.
2294 412 2544 467 Φαίνεται
2578 408 2684 478 γὰρ
2716 401 2916 476 Φαραὼ
2956 400 3247 470 λεγόμενος

3598 276 3710 332 353

3279 396 3374 450 καὶ
3401 397 3430 449 ὀ
3456 393 3552 446 ἐπὶ
3592 391 3710 445 Ἰω-

2137 486 2275 577 σήφ·
2303 501 2500 575 Φαραὼ
2522 500 2616 554 καὶ
2646 501 2674 552 6
2705 499 2798 550 ἐπὶ
2835 493 3110 554 Μωύσέως
3144 489 3280 561 μετὰ
3305 486 3577 556 τέσσαρας
3609 499 3708 551 γε-

2135 576 2260 661 νεὰς
2294 594 2538 666 ἐγερθεὶς
2567 589 2819 662 βασιλεὺς
2845 585 3118 654 Αἰγύπτου
3136 598 3150 612 ⁵
3181 579 3381 653 Φαραὼ
3402 579 3495 632 καὶ
3515 579 3542 630 6
3563 576 3708 630 κατὰ

2133 691 2259 752 τοὺς
2305 687 2528 758 χρόνους
2551 738 2555 748 ἆ
2580 681 2952 752 Σολομῶντος’
2990 676 3204 730 Ἔλαϐε
3239 673 3370 743 γὰρ,
3402 672 3554 741 φησὶ,
3593 667 3711 733 τὴν

2136 779 2428 850 θυγατέρα
2461 773 2666 843 Φαραώ
2687 790 2701 804 ο
2751 772 2846 826 καὶ
2901 772 2929 822 ὁ
2971 767 3112 822 κατὰ
3163 765 3288 827 τούς
3339 763 3562 834 χρόνους
3606 760 3710 828 τῆς

2137 869 2470 944 προφητείας
2509 866 2621 936 (55)
2677 863 2939 935 Ἰερεμίου
2995 856 3192 930 Φαραὼ
3250 855 3708 927 προσηγορεύετο.

2139 942 2293 1018 Οὐτω
2305 963 2360 1015 δέ
2379 961 2470 1014 καὶ
2497 957 2783 1029 Ἀϐιμέλεχ
2804 953 2944 1008 κατὰ
2965 953 3088 1014 τούς
3104 949 3329 1021 χρόνους
3347 942 3414 1017 ἦν
3439 942 3711 1015 Ἀϐραὰμ,

2139 1055 2234 1109 καὶ
2259 1053 2398 1107 κατὰ
2428 1053 2553 1114 τοὺς
2589 1049 2813 1120 χρόνους
2856 1043 3039 1097 Ἰσαάκ
3059 1059 3074 1072 ·
3109 1041 3218 1095 καὶ·
3240 1041 3268 1092 6
3298 1039 3390 1091 νῦν
3421 1036 3713 1104 λεγόμενος

2139 1148 2234 1200 ἐπὶ
2261 1145 2368 1199 τῶν
2396 1142 2601 1214 καιρῶν
2627 1138 2809 1192 Δαϐίδ.
2853 1135 2977 1189 Ἐπὶ
3008 1134 3108 1204 μὲν
3133 1131 3240 1200 γὰρ
3282 1127 3528 1198 Ἀϐραὰμ
3557 1129 3712 1197 εἴρη-

2139 1258 2251 1302 ται,
2274 1240 2355 1292 ὅτι
2382 1237 2490 1292 Καὶ
2517 1230 2685 1287 εἶπεν
2721 1228 3038 1297 Ἀϐιμέλεχ,
3069 1225 3168 1278 καί
3225 1221 3466 1291 Ὀχοζὰθ
3499 1223 3532 1273 ὀ
3560 1236 3712 1286 νυμ-

2141 1327 2412 1400 φαγωγὸς
2441 1323 2646 1386 αὑτοῦ,
2686 1320 2784 1374 καὶ
2812 1317 2998 1386 Φιλὸχ
3031 1319 3063 1370 ὀ
3101 1311 3573 1385 ἀρχιστράτηγος
3597 1308 3714 1376 τῆς

2142 1421 2447 1490 δυνάμεως
2471 1415 2657 1470 αὐτοῦ
2691 1412 2840 1481 πρὸς
2883 1408 3148 1478 Ἀϐραὰμ,
3175 1405 3384 1475 λέγων.
3410 1405 3518 1456 Καὶ
3551 1402 3716 1456 πάλιν

2144 1517 2272 1586 περὶ
2299 1511 2392 1566 τοῦ
2435 1509 2651 1564 Ἰσαάκ·
2704 1503 2970 1573 Ἐγένετο
3014 1501 3083 1554 δὲ
3129 1498 3527 1566 πολυχρόνιος
3570 1493 3715 1547 ἐκεῖ.

2145 1605 2510 1675 Παρακύψας
2535 1601 2603 1654 δὲ
2639 1596 2934 1667 Ἀϐιμέλεχ
2973 1593 3085 1662 (56)
3125 1594 3156 1646 ό
3189 1589 3487 1655 βασιλεὺς
3536 1590 3718 1640 Φυλι-

2145 1698 2320 1765 στεὶμ
2350 1694 2448 1748 διὰ
2473 1691 2579 1759 τῆς
2607 1689 2867 1758 θυρίδος,
2912 1683 3034 1739 εἶδε
3070 1683 3350 1744 παίζοντα
3380 1681 3486 1734 τὸν
3511 1681 3721 1734 Ἰσαὰκ

479 1769 605 1792 1⁷⁷⁷⁷
635 1769 675 1772 ’⁷
724 1769 729 1770 ⁷
1231 1769 1244 1773 -

478 1811 627 1882 regni
660 1807 898 1862 nomine.
931 1802 1129 1856 Verum
1170 1795 1390 1850 Anchus
1435 1803 1627 1844 nomen
1681 1784 1934 1840 traditum
1976 1781 2044 1834 ab

2153 1786 2289 1857 μετά
2321 1783 2652 1846 Ῥεϐέκκας.
2686 1779 2872 1843 Οὕτως
2901 1774 2994 1832 οὐν
3025 1777 3119 1831 καὶ
3145 1775 3240 1829 νῦν
3278 1772 3416 1827 κατὰ
3441 1773 3567 1834 τοὺς
3592 1769 3723 1840 χρόα

479 1873 707 1957 ltistoria
739 1906 857 1959 est,
898 1893 1040 1962 quod
1081 1887 1286 1944 scilicet
1318 1884 1366 1938 ei
1399 1881 1654 1954 privatim
1703 1892 1730 1930 a
1767 1873 2048 1928 nativitale

481 1991 787 2062 impositum
826 1993 991 2040 esset.
1027 1982 1216 2048 Itaque
1257 1991 1439 2031 coram
1484 1974 1588 2025 hoc
1632 1966 1935 2021 immutavit
1967 1963 2047 2015 fa-

481 2085 618 2139 ciem
647 2095 823 2142 suam,
849 2079 1156 2145 asportatos
1179 2068 1427 2122 manibus
1451 2075 1748 2121 servorum,
1772 2065 1826 2111 et
1844 2057 2051 2109 obstre-

481 2187 614 2242 pens
651 2169 718 2223 ad
757 2143 943 2236 portas
967 2158 1239 2222 civitatis,
1272 2152 1668 2219 distillansque,
1709 2147 1901 2216 inquit,
1925 2143 2051 2198 sali-

479 2234 599 2318 ἕλω
629 2234 777 2314 suam
803 2259 854 2310 in
881 2254 1102 2310 barbam
1129 2267 1143 2303 :
1183 2248 1256 2302 ita
1292 2254 1350 2300 ut
1379 2245 1584 2297 diceret
1619 2240 1841 2292 Auchus
1871 2237 1936 2290 ad
1969 2234 2051 2288 fa-

489 2353 662 2408 mulos
691 2368 705 2404 :
737 2348 913 2414 Quare
929 2341 1228 2398 adduxistis
1255 2353 1372 2392 eum
1398 2334 1467 2387 ad
1488 2349 1568 2386 me
1591 2333 1616 2386 .7
1639 2329 1774 2388 Num
1799 2344 1898 2397 ego
1919 2341 2053 2396 opus

485 2444 660 2498 habeo
681 2435 940 2494 comitiali
970 2432 1162 2487 morbo
1189 2424 1497 2494 correptis?
1532 2423 1728 2491 quippe
1761 2418 2054 2472 introduxi-

485 2533 586 2586 stis
609 2546 753 2586 eum,
773 2535 830 2579 ut
853 2521 1039 2578 morbo
1060 2515 1319 2575 comitiali
1349 2527 1527 2568 coram
1555 2526 1638 2564 me
1663 2510 2051 2578 corriperetur.

489 2624 556 2678 Et
583 2621 662 2676 sic
703 2618 845 2674 illinc
866 2614 1144 2672 dimissus,
1173 2609 1386 2662 salvum
1425 2618 1483 2658 se
1519 2603 1740 2670 recepit,
1774 2600 1966 2668 inquit,
1999 2597 2053 2651 in

489 2714 806 2784 speluncam
849 2706 1090 2767 Odollam
1125 2702 1189 2756 ¹³.
1235 2699 1402 2770 Igitur
1443 2709 1699 2764 tanquam
1737 2707 1803 2748 ex
1861 2703 2056 2760 magno

487 2782 729 2874 periculo
752 2800 987 2867 elapsus,
1021 2795 1161 2848 hanc
1188 2793 1486 2861 gratiarum
1517 2785 1780 2839 actionem
1813 2782 2058 2851 rependit

485 2911 586 2953 suo
611 2874 888 2950 liberatori
940 2890 1066 2942 Deo.
1099 2885 1260 2939 Vens.
1301 2882 1356 2935 2.
1387 2879 1702 2932 Benedicam
1739 2874 2055 2936 Dominum,

487 2986 695 3054 inquit,
729 2983 783 3036 in
827 2979 969 3033 omni
1003 2989 1252 3044 tempore.
1283 2972 1512 3040 Ereptus
1554 2983 1622 3021 ex
1668 2977 1864 3029 morte,
1903 2965 2056 3033 quasi

489 3075 753 3130 terminos
807 3073 929 3123 vita:
976 3067 1078 3121 sibi
1111 3069 1225 3134 ipse
1265 3059 1598 3131 praescribit,
1650 3070 1911 3122 suamque
1939 3055 2058 3108 ani-

2147 1897 2271 1942 νους
2314 1877 2477 1930 Δαόὶδ
2525 1872 2811 1944 Ἀϐιμέλεχ
2867 1871 3078 1942 εἴρηται
3121 1869 3179 1919 ἐν
3213 1869 3279 1936 τῇ
3315 1865 3618 1934 ἐπιγραφῇ,
3660 1860 3728 1913 τὸ

2147 1971 2324 2024 κοινὸν
2351 1970 2449 2040 τῆς
2475 1966 2750 2038 βασιλείας
2785 1963 2974 2034 ὄνομα.
3015 1960 3242 2030 Ἀγχούς
3271 1959 3329 2010 δέ
3361 1955 3726 2028 παραδέδοται

2148 2062 2251 2116 ὑπὸ
2292 2061 2389 2131 τῆς
2423 2058 2680 2130 ἱστορίας,
2727 2058 2863 2127 ὅπερ
2904 2055 3047 2117 ἰδίως
3090 2049 3158 2122 ἦν
3201 2050 3348 2121 αὐτῷ
3390 2051 3454 2102 ἐκ
3498 2048 3729 2117 γενετῆς

2149 2153 2509 2224 ἐπικείμενον.
2571 2151 2693 2203 Ἐπὶ
2733 2147 2922 2201 τούτου
2968 2146 3146 2199 τοίνυν
3191 2143 3483 2212 ἡλλοίωσεν
3524 2138 3729 2194 ἐαυτοῦ

2151 2246 2212 2300 τὸ
2234 2245 2544 2316 πρόσωπον,
2569 2257 2786 2313 παραφε
2796 2240 3019 2311 ρόμενος
3041 2239 3097 2290 ἐν
3124 2239 3244 2299 ταῖς
3269 2235 3426 2307 χερσὶ
3449 2233 3559 2287 τῶν
3580 2235 3731 2286 οἰκε-

2151 2341 2280 2402 τῶν,
2315 2338 2408 2390 καὶ
2459 2334 2647 2405 ψοφῶν
2683 2332 2833 2404 παρὰ
2879 2331 2977 2393 τὰς
3020 2327 3194 2391 πύλας
3233 2327 3334 2396 τῆς
3366 2325 3593 2388 πόλεως,
3628 2324 3732 2376 καὶ

2153 2428 2471 2502 καταρρέων
2499 2427 2632 2498 (57),
2667 2425 2821 2495 φησὶ,
2859 2423 2929 2477 τὰ
2969 2421 3118 2474 σίελα
3161 2417 3326 2472 αὐτοῦ
3371 2417 3462 2468 ἐπὶ
3488 2415 3579 2467 τὸν
3615 2413 3736 2466 πώ»

2153 2536 2338 2590 γωναο
2369 2518 2508 2571 ὥστε
2535 2518 2705 2570 εἰπεῖν
2735 2513 2825 2566 τὸν
2861 2511 3084 2581 Ἀγχούς
3128 2512 3239 2572 τοῖς
3277 2505 3467 2560 παισί·
3509 2504 3572 2558 Τί
3599 2505 3733 2556 εισ-

2152 2610 2392 2680 εφέρετε
2426 2607 2612 2661 αὐτὸν
2651 2603 2800 2672 πρὸς
2818 2602 2936 2672 μέ;
2974 2601 3065 2672 Μὴ
3105 2598 3386 2668 ἐπιδέομαι
3416 2595 3734 2664 ἐπιλήπτων

2155 2699 2287 2768 ἐγὼ,
2318 2699 2399 2752 ὅτι
2435 2695 2786 2766 είσηνέγκατε
2811 2692 2972 2745 αὐτὸν
3004 2685 3457 2758 ἐπιληπτεύεσθαι
3482 2683 3566 2736 ἐπ’
3594 2682 3735 2752 spe;

2157 2791 2269 2844 Kal
2296 2790 2466 2853 οὕτως
2491 2786 2781 2848 ἀπολυθεὶς
2803 2783 3036 2845 ἐκεῖθεν,
3060 2779 3312 2848 διεσώθη,
3343 2777 3525 2848 φησὶν,
3559 2777 3641 2837 είς
3670 2775 3739 2826 τὺ

2160 2880 2421 2952 σπήλαιον
2486 2875 2759 2946 Ὀδολλὰμ.
2817 2875 2904 2936 Ὠς
2947 2868 3038 2926 οὖν
3086 2872 3149 2923 ἐκ
3206 2868 3440 2940 μεγάλου
3482 2863 3736 2917 κινδύνου

2159 2970 2462 3041 διεκφυγὼν
2496 2969 2629 3041 (58),
2663 2967 2866 3037 ταύτην
2907 2963 3222 3033 ἀναπέμπει
3253 2960 3351 3030 τὴν
3383 2955 3740 3029 εὐχαριστίαν

2159 3064 2237 3136 τῷ
2264 3062 2551 3136 ῥυσαμένῳ
2578 3060 2738 3113 αὐτὸν
2771 3056 2908 3128 Θεῷ.
2935 3052 3287 3124 Εὑλογήσω,
3317 3050 3467 3121 φησὶ,
3495 3048 3601 3101 τὸν
3621 3049 3740 3101 Κύ-

491 3181 635 3218 tnam
680 3158 916 3217 instituit
949 3175 1012 3213 ac
1043 3156 1240 3211 format
1287 3155 1352 3207 ad
1388 3151 1694 3205 accuratius
1727 3148 1940 3203 vivendi
1974 3162 2053 3218 3e-

2156 3174 2292 3225 ριον
2330 3156 2399 3209 ἐν
2449 3152 2626 3207 παντὶ
2659 3148 2856 3218 καιρῷ.
2893 3145 3206 3216 Διεκφυγὼν
3249 3145 3314 3196 ἐκ
3351 3141 3444 3195 τοῦ
3477 3140 3739 3204 θανάτου,

491 3271 618 3318 nus,
645 3254 778 3308 adeo
807 3261 863 3304 ut
898 3249 1042 3304 nullo
1068 3258 1306 3316 tempore
1323 3241 1756 3297 benedictionem
1786 3239 2055 3292 intermit-

493 3356 594 3409 tat,
620 3347 710 3400 sed
738 3358 914 3397 rerum
945 3351 1057 3393 tum
1080 3353 1394 3406 magnarum
1420 3345 1530 3390 tum
1555 3350 1838 3406 parvarum
1863 3333 2059 3404 princi-

487 3436 637 3502 pium
665 3432 863 3486 reierat
888 3431 940 3484 in
968 3431 1156 3483 Deum.
1179 3426 1294 3481 lNon
1317 3424 1642 3480 existimabo
1660 3463 1675 3490 ,
1701 3423 1912 3492 inquit,
1937 3423 2060 3477 dili-

497 3526 673 3598 gentia
695 3537 810 3578 mea
838 3521 1128 3592 quidquam
1154 3519 1268 3574 ﬁeri
1291 3536 1306 3588 ;
1334 3532 1510 3586 neque
1537 3515 1761 3571 fortuito
1790 3532 2059 3571 concursu

491 3618 821 3687 contingere.
837 3613 928 3668 sed
947 3612 1013 3668 In
1031 3614 1169 3666 omni
1190 3623 1416 3680 tempore
1436 3611 1737 3664 benedicam
1753 3609 2059 3674 Dominum;

496 3724 602 3762 non
627 3708 682 3762 in
709 3707 832 3760 vita:
867 3705 1039 3759 solum
1077 3703 1431 3772 prosperitate
1454 3741 1470 3764 ,
1515 3701 1606 3754 sed
1642 3701 1695 3754 in
1731 3700 2062 3770 temporibus

493 3800 657 3856 etiam
689 3798 935 3852 adversis
966 3804 1125 3864 atque
1147 3793 1496 3848 calamitosis.
1524 3791 1661 3846 Hinc
1678 3791 1898 3846 edoctus
1920 3791 2060 3845 Pau-

494 3891 598 3950 lus,
622 3889 696 3943 ait
719 3905 734 3942 :
768 3888 984 3955 Semper
1013 3885 1254 3954 gaudete,
1280 3885 1390 3937 sine
1413 3882 1795 3935 intermissione
1817 3893 1983 3943 orate,
2008 3883 2065 3935 in

495 3982 734 4037 omnibus
757 3979 957 4048 gratiae
985 3977 1121 4047 agite
1143 3975 1206 4028 “.
1240 3974 1426 4029 Videu’
1458 3983 1658 4043 quanta
1699 3973 1862 4028 fuerit
1888 3973 2066 4028 chari-

498 4083 581 4126 tas
618 4070 756 4124 viri?
790 4068 1048 4122 Malorum
1092 4066 1466 4120 assiduitatem
1502 4065 1684 4118 animo
1732 4065 1919 4133 iniquo
1953 4080 2059 4119 non

498 4163 724 4228 ferebat,
761 4175 882 4214 cum
918 4174 1022 4212 non
1056 4158 1229 4211 solum
1265 4172 1328 4209 ex
1361 4160 1534 4226 patria
1565 4155 1770 4224 pulsus,
1807 4165 1862 4209 et
1899 4171 1930 4208 a
1969 4170 2064 4209 co-

499 4251 676 4322 gnatis
703 4248 1124 4315 domesticisque
1149 4244 1453 4315 sejunCtus,
1480 4259 1542 4299 ac
1572 4244 1728 4298 bonis
1761 4245 2023 4314 spoliatus
2049 4262 2063 4298 :

498 4356 681 4396 verum
719 4340 880 4392 etiam
924 4353 1045 4391 cum
1088 4337 1330 4390 hostibus
1361 4345 1504 4389 esset
1531 4350 1626 4404 per
1656 4337 1760 4389 vim
1798 4336 2063 4401 traditus,

501 4434 573 4486 ita
599 4442 655 4485 ut
678 4431 787 4485 fere
809 4431 874 4482 ab
891 4429 969 4482 eis
996 4425 1330 4482 membratim
1359 4426 1735 4480 dilaniaretur.
1755 4423 1872 4479 Non
1896 4426 2062 4480 dixit:

501 4524 789 4591 Quousque
824 4521 1083 4574 malorum
1118 4517 1446 4572 assiduitas?
1475 4533 1579 4571 non
1620 4516 1910 4586 despondit
1939 4520 2060 4570 ani—

503 4631 648 4670 mum
674 4621 891 4683 propter
917 4609 1222 4664 aiﬂictionis
1253 4607 1412 4679 144
1434 4610 1890 4677 prorogationem,
1922 4609 2062 4662 haud

505 4709 778 4778 ignorans,
817 4702 970 4769 Quod
1008 4701 1284 4754 tribulatio
1316 4700 1627 4768 patientiam
1656 4711 1924 4766 operatur,
1972 4717 2067 4768 pa-

505 4798 686 4852 tientia
731 4803 906 4848 autem
951 4793 1343 4862 probationem,
1381 4789 1627 4860 probatio
1665 4804 1783 4842 vero
1821 4804 1961 4855 spent
1998 4789 2062 4842 ¹⁸.

2158 3244 2269 3300 οἷον
2307 3247 2465 3317 ὅρους
2501 3240 2677 3312 ἐαυτῷ
2713 3240 2920 3292 τίθεται
2968 3238 3069 3307 τῆς
3113 3234 3278 3305 ζωῆς,
3320 3232 3503 3287 τυπῶν
3536 3232 3740 3285 ἐαυτοῦ

2155 3339 2254 3411 τὴν
2279 3337 2455 3408 ψυχὴν
2483 3335 2618 3405 πρὸς
2648 3332 2708 3386 τὸ
2745 3331 2844 3402 τῆς
2883 3327 3154 3392 πολιτείας
3195 3325 3448 3399 ἀκριϐές·
3496 3324 3571 3386 ὡς
3626 3341 3738 3395 μη..

2156 3433 2282 3486 δένα
2301 3428 2492 3501 καιρὸν
2511 3425 2889 3495 διαλιμπάνειν
2909 3422 3006 3493 τῆς
3023 3419 3290 3487 εὐλογίας,
3307 3416 3442 3470 ἀλλὰ
3460 3417 3554 3468 καὶ
3571 3417 3740 3485 μεγά-

2157 3524 2264 3576 λων
2277 3521 2370 3575 καὶ
2386 3517 2721 3591 μικροτέρων
2739 3515 3076 3586 πραγμάτων
3094 3513 3184 3564 ἐπὶ
3197 3510 3288 3564 τὸν
3299 3509 3431 3562 Θεὸν
3448 3508 3741 3580 ἀναφέρειν

2159 3615 2255 3686 τὴν
2285 3615 2480 3686 ἀρχήν.
2509 3611 2643 3680 Οὐχὶ
2683 3609 2979 3679 ἡγήσομαι,
3008 3605 3161 3674 φησὶ,
3193 3601 3335 3656 κατὰ
3362 3602 3462 3673 τὴν
3496 3599 3738 3671 ἐμαυτοῦ

2161 3706 2476 3777 ἐπιμέλειαν
2499 3701 2761 3772 γίνεσθαι,
2779 3697 2900 3752 οὐδέ
2922 3698 2986 3749 ἐκ
3004 3697 3103 3766 τῆς
3123 3694 3426 3764 αὐτομάτου
3450 3691 3740 3761 συντυχίας

2163 3815 2227 3851 συ
2235 3797 2498 3868 μϐαίνειν,
2522 3792 2634 3847 ἀλλ’
2664 3792 2718 3842 Ἐ
2722 3808 2758 3844 ν·
2783 3787 2959 3842 παντὶ
2979 3783 3159 3854 καιρῷ
3172 3781 3484 3852 εὐλογήσω
3502 3782 3611 3835 τὸν
3626 3783 3742 3834 Κύ-

2155 3906 2291 3958 ριον
2310 3928 2324 3950 ,
2353 3887 2452 3940 οὐκ
2475 3887 2531 3936 ἐν
2550 3885 2668 3946 ταῖς
2694 3878 3011 3951 εὐημερίαις
3039 3874 3195 3946 μόνον
3214 3871 3306 3925 τοῦ
3328 3871 3463 3942 βίου,
3488 3869 3626 3924 ἀλλὰ
3646 3871 3743 3922 καὶ

2165 3984 2224 4034 ἐν
2247 3982 2358 4044 τοῖς
2384 3976 2784 4048 περιστατικοῖς
2806 3972 3035 4041 καιροῖς.
3065 3964 3344 4019 Ἐντεῦθεν
3381 3961 3742 4034 μαθητευθεὶς

2164 4075 2193 4125 6
2242 4068 2590 4130 Ἀπόστολος,
2645 4064 2926 4124 Πάντοτε,
2977 4059 3132 4128 φησι,
3175 4057 3428 4126 χαίρετε,
3475 4053 3740 4108 ἀδιαλεί-

2166 4178 2324 4228 πτως
2345 4163 2776 4230 προσεύχεσθε,
2803 4158 2871 4210 ἐν
2903 4155 3079 4208 παντὶ
3107 4148 3532 4220 εὐχαριστεῖτε.
3577 4147 3739 4218 Ὁρᾷς

2165 4254 2328 4326 ἡλίκη
2358 4253 2451 4306 τοῦ
2490 4251 2680 4322 ἀνδρὸς
2713 4253 2745 4320 ἡ
2779 4249 3000 4317 ἀγάπη;
3037 4245 3152 4298 Οὐκ
3196 4239 3557 4296 ἀπεδυσπέτει
3602 4238 3740 4306 πρὸς

2165 4345 2263 4416 τὴν
2285 4343 2563 4413 συνέχειαν
2588 4340 2694 4393 τῶν
2720 4336 2924 4398 κακῶν,
2951 4337 3040 4388 ὅτε
3065 4333 3125 4386 οὐ
3154 4331 3264 4401 (59)
3297 4329 3452 4398 μόνον
3482 4323 3742 4394 πατρίδος

2171 4435 2495 4506 ἀπελήλατο,
2531 4434 2624 4486 καὶ
2657 4429 2992 4498 συγγενείας,
3023 4425 3116 4478 καὶ
3139 4421 3374 4478 οίκείων.
3403 4419 3495 4472 καὶ
3522 4416 3738 4486 κτημὰ-

2169 4545 2305 4590 των,
2340 4526 2476 4581 ἀλλὰ
2516 4525 2611 4577 καὶ
2657 4526 2769 4586 τοῖς
2811 4519 3090 4589 πολεμίοις
3129 4512 3453 4586 παραδοθεὶς
3494 4509 3599 4562 ὐπὸ
3640 4508 3740 4578 τῆς

2172 4618 2436 4688 ἀνάγκης,
2485 4614 2682 4687 μικροῦ
2733 4610 3064 4666 διασπᾶσθαι
3114 4609 3242 4679 παρ’
3275 4604 3452 4658 αὐτῶν
3491 4599 3736 4672 ἔμελλεν.

2172 4708 2286 4760 Οὐκ
2315 4705 2434 4760 εἷπε
2457 4724 2468 4734 ·
2501 4707 2679 4778 Μέχρι
2709 4704 2854 4766 τίνος
2888 4705 2922 4773 ὴ
2957 4699 3206 4769 συνέχεια
3239 4695 3347 4749 τῶν
3382 4691 3604 4756 κακῶν;
3638 4690 3740 4742 οὐκ

2172 4799 2585 4870 ἀπεδυσπέτησε
2616 4798 2752 4869 πρὸς
2786 4797 2883 4867 τὴν
2913 4793 3221 4863 παράτασιν
3248 4789 3346 4858 τῆς
3380 4785 3632 4855 θλίψεως,
3663 4781 3741 4832 εί-

577 4983 620 5015 "
647 4982 711 5035 Ill
748 4981 875 5050 Reg.
915 4993 995 5050 ut,
1023 4978 1075 5030 1.
1152 4978 1192 5008 ¹¹
1225 4973 1360 5029 Gen.
1386 4975 1609 5041 κωλῆ.
1689 4977 1733 5006 ¹²
1755 4973 1891 5030 Gen.
1915 4991 2053 5046 xxvi,

2221 4979 2266 5012 ³³
2292 4979 2314 5033 1
2344 4978 2476 5050 Reg.
2509 4992 2621 5044 χιι,
2655 4976 2756 5040 15;
2798 4988 2931 5037 nu,
2975 4972 3030 5027 1.
3106 4969 3152 5002 ⁸⁸
3189 4965 3423 5022 lThess.
3445 4979 3499 5032 v,
3531 4960 3618 5023 16,
3647 4958 3736 5014 18.

508 5055 553 5086 ⁸⁵
593 5053 752 5109 Rom.
801 5049 853 5114 ν,
885 5050 940 5111 5,
969 5049 1024 5102 4.

576 5173 688 5254 (ξιξ)
720 5169 872 5254 Illud,
900 5172 998 5240 τῆς
1029 5169 1382 5254 προφητείας,
1423 5167 1574 5220 deest
1612 5166 1664 5254 in
1718 5165 1851 5235 Reg.
1885 5166 2065 5224 tertio.

506 5237 698 5300 Statiin
733 5243 864 5309 Reg.
900 5237 1165 5294 secundus
1199 5237 1385 5291 rursus
1408 5237 1831 5308 προσηγόρευτο.

579 5312 691 5384 (56)
727 5305 990 5384 Sic—mssa
1011 5321 1260 5384 quatuor.
1302 5309 1365 5384 In
1389 5305 1624 5384 edit-ioue
1652 5305 2070 5384 Paris._‘ponitur

505 5376 765 5439 articulus
803 5391 926 5432 ante
978 5378 1285 5448 Ἀϐιμέλεχ.
1343 5379 1631 5446 Aliquanto
1663 5387 1783 5444 post
1824 5376 1956 5444 Reg.
1989 5391 2074 5428 se-

505 5457 711 5509 cundus
743 5450 1028 5520 είρηταιέν
1064 5447 1129 5520 τῇ
1158 5450 1195 5500 Γ
1202 5447 1366 5519 ραιρῇ.
1396 5447 1852 5520 Sedscripluram
1891 5459 2073 5520 verum

506 5526 565 5577 ἐν
603 5525 670 5592 τῇ
708 5515 984 5591 ἐπιγραφῇ
1018 5515 1232 5592 βιηίξιύτί
1260 5515 1472 5586 qunque
1509 5519 1559 5592 in
1593 5518 1855 5592 margine.
1901 5515 2066 5592 Infra,

511 5595 597 5645 ubi
623 5586 824 5658 iégilur
837 5586 1308 5660 παραφερόμενος,
1335 5587 1572 5660 etc.,_sic
1599 5587 1904 5660 editun_t_est
1929 5586 2068 5652 apud

507 5661 650 5741 LXX.
683 5655 700 5714 Ξ
729 5655 1071 5741 παρεφέρετο
1192 5662 1310 5720 ταῖς
1342 5657 1527 5728 χερσὶν
1553 5655 1736 5709 αὐτοῦ.
1778 5655 1929 5710 Unde
1964 5656 2073 5707 Au-

510 5732 754 5802 gustinus
784 5726 1119 5784 {Ferebatur
1145 5731 1195 5782 in
1225 5726 1460 5781 manibus
1487 5731 1595 5782 sui:
1631 5743 1646 5779 :
1675 5727 1869 5795 quibus
1893 5726 2072 5780 verbis

2166 5165 2328 5220 Pater
2363 5161 2717 5232 gravissimus
2747 5155 3056 5232 adumbrari
3077 5151 3191 5232 vult
3220 5149 3616 5232 sanctissimam
3643 5148 3740 5200 Eu-

2169 5219 2508 5294 cliaristiatti,
2562 5232 2778 5298 quando
2831 5227 3084 5298 videlicet
3128 5223 3389 5276 Dominus
3449 5222 3503 5273 in
3552 5219 3735 5272 ultima

2171 5319 2324 5360 castra
2355 5319 2412 5355 se
2441 5293 2553 5368 ipSe
2581 5293 2692 5353 suis
2719 5297 2964 5350 inanibus
2995 5293 3133 5368 tulit.

2243 5373 2356 5443 (5Ἳ)
2403 5355 2475 5424 lla
2508 5355 2720 5443 novem
2745 5381 2892 5443 mss.
2927 5380 3050 5418 cum
3073 5362 3308 5416 editione
3336 5356 3503 5413 Basil.
3561 5355 3738 5410 Editio

2172 5459 2255 5497 vel
2269 5461 2300 5494 ο
2341 5441 2411 5495 Pa
2423 5443 2515 5495 ris.
2555 5441 2871 5510 κατέρρεον.

2247 5514 2356 5584 (58)
2383 5512 2630 5584 Nonnulli
2663 5500 2790 5584 nis's.
2821 5501 3122 5584 διαφυγών.
3142 5500 3339 5557 Statim
3373 5506 3580 5568 septem
3607 5508 3738 5550 mss.

2175 5578 2364 5638 rursus
2390 5578 2669 5649 διαφυγὼν
2696 5580 2760 5631 ὲκ
2790 5578 2907 5649 τοῦ.

2248 5653 2358 5724 (59)
2401 5643 2528 5722 Reg.
2553 5643 2818 5706 secundus
2849 5647 2930 5698 ὅτι
2958 5643 3041 5697 οὐ.
