4048 6220
390 316 496 370 555

1524 313 1806 368 IiOhllLIA
1848 312 1912 366 IN
1954 311 2286 367 PSALMUM
2328 311 2560 366 XXXIII.

3549 318 3655 376 355

386 430 510 495 δὼς,
542 431 671 485 ’Ὁτι
706 431 744 499 ἡ
776 433 918 500 θλίψ
931 451 983 497 ις
1016 433 1334 501 ὑπομονὴν
1364 432 1794 501 κατεργάζεται,
1833 435 1870 500 ἠ
1904 432 1962 484 δὲ

2074 433 2207 488 Nam
2256 447 2312 486 re
2352 435 2463 501 ipsa
2502 431 2819 489 alllictioues
2843 476 2856 499 ,
2895 434 3050 502 quasi
3093 434 3345 490 athletiea
3399 437 3649 505 quaedam

386 524 662 592 ὑπομονὴ
712 523 995 594 δοκιμὴν,
1035 527 1071 593 ἡ
1107 525 1175 578 δὲ
1203 526 1416 596 δοκιμὴ
1450 526 1687 580 ἐλπίδα.
1733 525 1822 596 Τῷ
1854 526 1966 578 ὄντι

387 614 496 686 γὰρ
524 619 635 680 τοῖς
678 617 860 681 καλῶς
895 620 1438 690 παρεσκευασμένοις
1478 620 1535 673 αἱ
1564 618 1771 688 θλίψεις
1805 619 1968 671 οἱονεὶ

386 707 584 778 τροφαί
616 708 760 771 τινές
793 712 926 763 είσιν
962 711 1254 782 ἀθλητικαὶ
1293 714 1386 764 καὶ
1419 713 1715 782 γυμνάσια,
1750 712 1842 764 ἐπὶ
1869 711 1967 782 τὴν

387 798 649 868 πατρῴαν
689 799 844 864 δόξαν
875 801 965 854 τὸν
1002 801 1308 873 ἀγωνιστὴν
1348 801 1808 873 προϐιϐάξουσαιο
1840 802 1967 853 ὅταν

387 886 783 960 λοιδορούμενοι
821 892 1132 964 εὐλογῶμεν
1153 935 1168 958 ,
1204 893 1682 964 βλασφημούμενοι
1716 910 1969 964 παρακα-

390 979 589 1050 λῶμεν,
610 984 1077 1054 καταπονούμενοι
1095 984 1529 1056 εὐχαριστῶμεν,
1551 984 1855 1054 θλιϐόμενοι
1876 984 1969 1037 ἐπὶ

390 1074 454 1142 τῇ
506 1072 679 1143 θλίψει
733 1074 1084 1146 καυχώμεθα.
1142 1077 1374 1148 Λίσχρὸν
1427 1076 1537 1148 γὰρ
1576 1077 1819 1146 εὐλογεῖν
1871 1077 1969 1148 μὲν

391 1164 538 1234 ἡμᾶς
565 1166 657 1217 ἐπὶ
679 1169 793 1230 τοῖς
820 1169 1223 1238 χρηστοτέροις.
1256 1171 1466 1240 σιωπᾷν
1492 1171 1548 1222 δὲ
1578 1171 1670 1223 ἐπὶ
1702 1173 1810 1233 τοῖς
1841 1187 1971 1223 σκυ-

391 1252 761 1327 θρωποτέροις
798 1259 892 1310 καὶ
934 1257 1212 1320 ἐπιπόνοις
1246 1260 1584 1330 πράγμασιν.
1645 1259 1804 1313 Ἀλλὰ
1847 1260 1968 1314 τότε

391 1347 486 1398 καὶ
523 1346 683 1399 πλέον
727 1348 1068 1420 εὐχαριστεῖν
1097 1349 1193 1411 δεῖ,
1234 1350 1464 1414 εἰδότας,
1499 1352 1580 1403 ὅτι
1619 1353 1728 1404 Ὃν
1771 1350 1971 1419 ἀγαπᾷ

389 1441 605 1507 Κύριος
637 1441 927 1495 παιδεύειο
961 1444 1235 1512 μαστιγοῖ
1273 1443 1341 1496 δὲ
1368 1442 1562 1496 πάντα
1594 1443 1728 1496 υἱὸν
1758 1443 1828 1496 ὃν
1863 1457 1972 1496 πα-

386 1531 721 1599 ραδέχεται.
783 1535 1113 1600 Διαπιιντὸς
1165 1537 1202 1603 ἡ
1256 1536 1490 1601 αἴνεσις
1532 1535 1717 1588 αὑτοῦ
1770 1535 1838 1586 ἐν
1893 1532 1971 1599 τῷ

390 1626 644 1694 στόματί
676 1645 817 1694 μου.
870 1629 1030 1681 Δοκεῖ
1062 1628 1320 1682 ἀδύνατόν
1372 1645 1425 1680 τι
1476 1626 1906 1695 ἐπαγγέλλεσθαι
1942 1628 1971 1679 ὁ

390 1717 694 1788 προφήτης.
728 1718 848 1782 Πῶς
871 1718 978 1790 γὰρ
1009 1719 1298 1782 διαπαντὸς
1327 1721 1359 1790 ἡ
1392 1720 1594 1781 αῖνεσις
1626 1718 1718 1771 τοῦ
1749 1717 1882 1770 Θεοῦ
1912 1720 1970 1770 ἐν

2077 528 2329 582 alimenta
2360 543 2423 580 ac
2455 529 2880 583 exercitationes
2906 538 3033 582 sunt
3057 529 3194 584 bene
3218 532 3535 601 preparatis
3571 542 3650 585 at-

2077 633 2184 688 que
2215 619 2498 674 instructis
2526 634 2540 673 :
2572 633 2690 688 quae
2721 619 2981 673 athletam
3013 621 3077 674 ad
3110 630 3392 690 paternam
3421 621 3650 691 gloriam

2077 713 2378 776 deducunt;
2415 713 2458 766 si
2495 715 2711 781 quando
2741 713 3000 767 conviciis
3045 714 3276 783 impetiti
3309 715 3651 770 benedixeri-

2081 820 2218 868 mus,
2250 805 2604 874 blasphemiis
2635 805 2865 860 lacessiti
2891 805 3374 874 obsecraverimus,
3409 807 3648 862 divexati

2077 899 2342 966 egerimus
2369 899 2592 967 gratias,
2625 896 2804 952 aﬂlicti
2840 899 2893 952 in
2922 897 3214 954 afﬂictione
3241 899 3457 968 gloriati
3489 899 3649 954 fueri-

2078 1004 2199 1043 mus
2230 989 2294 1041 “.
2323 987 2500 1059 Turpe
2528 990 2670 1043 enim
2703 999 2786 1043 est
2819 1005 2915 1043 nos
2945 989 3264 1046 benedicere
3298 991 3352 1046 in
3386 992 3548 1046 rebus
3577 1007 3653 1045 se-

2078 1081 2284 1146 cundis,
2309 1082 2469 1136 silere
2490 1096 2618 1135 vero
2647 1082 2696 1134 in
2725 1082 2972 1137 tristibus
3001 1093 3054 1135 et
3077 1083 3341 1138 adversis.
3377 1081 3488 1138 lmo
3519 1093 3644 1137 tttnc

2077 1171 2236 1226 etiam
2277 1172 2476 1240 gratias
2509 1171 2786 1226 uberiores
2816 1186 2978 1241 agere
3003 1180 3239 1241 Oportet,
3278 1189 3398 1227 cum
3431 1175 3645 1227 noveri-

2078 1280 2197 1318 mus
2227 1263 2365 1333 qttod
2397 1262 2560 1328 Quem
2599 1263 2770 1332 diligit
2806 1262 3084 1330 Dominus,
3122 1265 3386 1332 castigat;
3413 1266 3646 1335 ﬂagellat

2077 1365 2256 1407 autent
2285 1371 2487 1407 onmem
2534 1354 2706 1424 ﬁlium
2746 1373 2899 1424 quent
2945 1357 3124 1424 recipit
3158 1357 3222 1411 ".
3275 1357 3494 1426 Semper
3533 1357 3652 1412 laus

2078 1446 2192 1516 ejus
2215 1447 2269 1498 in
2303 1463 2392 1500 ore
2415 1463 2546 1500 meo.
2579 1448 2804 1503 Videtur
2837 1452 3096 1519 propheta
3134 1451 3184 1505 id
3214 1453 3357 1520 quod
3389 1453 3502 1507 ﬂeri
3540 1469 3646 1509 ttOtt

2079 1547 2275 1604 patest,
2303 1535 2564 1605 polliceri.
2593 1536 2873 1604 Quomodo
2896 1539 3038 1592 enim
3072 1552 3289 1610 semper
3319 1541 3437 1597 laus
3473 1543 3564 1598 Dei
3591 1543 3643 1598 in

2078 1643 2173 1682 ore
2202 1629 2438 1682 hominis
2469 1643 2588 1683 esse
2621 1631 2841 1696 potest?
2874 1630 3010 1685 Cum
3044 1641 3300 1687 consueta
3329 1641 3380 1688 et
3411 1635 3476 1688 ad
3525 1635 3648 1690 vitae

2080 1733 2235 1772 usum
2264 1719 2566 1787 Spectantia
2595 1719 2864 1788 colloquia
2899 1719 3050 1786 facit,
3095 1720 3148 1774 in
3184 1735 3280 1777 ore
3310 1722 3524 1778 laudem
3555 1724 3648 1780 Dei

387 1808 466 1877 τῷ
501 1809 726 1878 στόματι
761 1809 1050 1880 ἀνθρώπου
1095 1812 1204 1881 (60)
1238 1807 1377 1865 εἶναι
1409 1810 1666 1875 δύναται;
1700 1811 1827 1863 Ὅτε
1861 1809 1962 1862 δια-

2080 1822 2184 1861 non
2225 1806 2407 1861 habet.
2434 1807 2568 1862 Cum
2612 1808 2833 1874 dormit,
2872 1810 3093 1863 omnino
3119 1810 3321 1866 silebit.
3367 1813 3649 1879 Quomodo

389 1900 606 1968 λέγεται
631 1903 728 1966 τὰς
764 1903 1012 1974 συνήθεις
1039 1904 1134 1956 καὶ
1165 1903 1424 1973 βιωτικὰς
1459 1904 1696 1974 ὁμιλίας,
1726 1903 1826 1955 οὐκ
1856 1902 1967 1972 ἔχει

398 1995 478 2047 τὸν
516 1991 662 2049 αἶνον
695 1996 789 2048 τοῦ
831 1997 964 2050 Θεοῦ
1001 1999 1058 2050 ἐν
1099 1996 1175 2066 τῷ
1217 1997 1465 2066 στόματι.
1521 1997 1652 2048 Ὅτε
1695 1994 1966 2058 καθεύδει,

389 2089 722 2154 σιωπήσεται
759 2090 994 2152 πάντως.
1049 2089 1349 2151 Ἐσθίοντος
1377 2087 1434 2140 δὲ
1461 2088 1554 2140 καὶ
1582 2087 1825 2150 πίνοντος
1854 2087 1970 2151 πῶς

387 2179 671 2250 ἐνεργήσει
703 2180 764 2232 τὸ
793 2180 967 2250 στόμα
1011 2178 1108 2250 τὴν
1141 2181 1380 2242 αῖνεσιν;
1418 2177 1562 2249 Πρὸς
1598 2176 1662 2246 δὴ
1700 2180 1860 2230 τοῦτο
1887 2177 1970 2230 λέ-

384 2287 576 2340 γομεν,
619 2272 700 2323 ὅτι
730 2270 844 2323 ἐστι
876 2270 975 2340 μέν
1012 2289 1062 2322 τι
1111 2271 1204 2322 καὶ
1248 2268 1436 2340 νοητὸν
1479 2267 1653 2338 στόμα
1686 2265 1780 2319 τοῦ
1825 2266 1970 2320 ἔνδον

383 2361 692 2434 ἀνθρώπου,
719 2357 764 2431 ᾧ
789 2363 1046 2434 τρέφεται
1079 2362 1188 2431 (61)
1222 2359 1654 2431 μεταλαμϐάνων
1686 2358 1780 2412 τοῦ
1809 2358 1968 2426 λόγου

383 2453 483 2524 τῆς
514 2456 678 2524 ζωῆς,
722 2457 780 2518 ὃς
816 2457 962 2507 ἐστιν
997 2454 1160 2525 ἄρτος
1189 2456 1252 2506 ἐκ
1298 2451 1392 2504 τοῦ
1437 2451 1666 2523 οὐρανοῦ
1702 2451 1965 2514 καταϐάς.

385 2546 523 2617 Περὶ
571 2549 780 2599 ἐκείνου
825 2547 919 2599 τοῦ
958 2547 1225 2616 στόματος
1269 2545 1366 2597 κα)⁵
1405 2545 1433 2596 ό
1472 2544 1764 2613 Προφήτης
1807 2542 1969 2613 φησὶν

383 2640 485 2693 ὅτι·
527 2642 596 2693 Τὸ
627 2641 820 2710 στόμα
840 2658 959 2708 μου
994 2638 1208 2707 ἤνοιξα
1230 2679 1242 2700 ,
1278 2636 1376 2688 καὶ
1413 2637 1673 2689 εἴλκυσα
1713 2633 1964 2702 πνεῦμα.

397 2733 604 2785 Ἐκεῖνο
645 2733 738 2785 καὶ
775 2735 803 2785 ὁ
832 2732 1036 2802 Κύριος
1080 2727 1430 2800 προκαλεῖται
1471 2728 1618 2797 ἡμᾶς
1659 2726 1968 2798 εὐρύχωρον

385 2822 528 2891 ἔχειν
564 2825 643 2886 εἰς
674 2823 938 2893 ὑποδοχὴν
990 2819 1376 2890 ἀφθονωτέραν
1444 2819 1550 2870 τῶν
1607 2817 1824 2888 τροφῶν
1869 2816 1969 2886 τῆς

384 2914 662 2983 ἀληθείας.
713 2915 1030 2990 Πλιὶτιννον
1078 2915 1207 2982 γὰρ,
1259 2912 1414 2982 φησὶ,
1466 2911 1529 2963 τὸ
1579 2911 1773 2978 στόμα
1825 2925 1962 2972 σου,

384 3005 481 3058 καὶ
516 3005 814 3074 πληρώσω
855 3006 1021 3060 αύτό.
1056 3007 1284 3058 Δύναται
1325 2999 1417 3057 οὖν
1469 3005 1502 3074 ἡ
1546 3002 1966 3072 ἐντετυπωμένη

384 3096 529 3163 ἅπαξ
554 3100 646 3151 καὶ
669 3099 832 3152 οἱονεὶ
856 3098 965 3168 (62)
989 3096 1404 3168 ἐσφραγισμένη
1431 3094 1508 3166 τῷ
1538 3094 1848 3166 ἡγεμονικῷ
1869 3095 1966 3165 τῆς

382 3189 561 3259 ψυχῆς
593 3191 721 3262 περὶ
752 3189 886 3243 Θεοῦ
928 3191 1105 3243 ἔννοια
1155 3190 1359 3253 αῖνεσις
1391 3186 1751 3258 ὀνομάζεσθαι
1795 3187 1960 3246 Θεοῦ,

382 3283 672 3347 διαπαντὸς
710 3284 1088 3355 ἐνυπάρχουσα
1133 3285 1200 3352 τῇ
1253 3281 1420 3352 ιζνυχῇ.
1469 3279 1698 3332 Δύναται
1739 3279 1795 3332 δὲ
1845 3280 1958 3343 καὶ,

384 3375 526 3427 κατὰ
556 3376 653 3446 τὴν
687 3375 1046 3446 ἁποστολικὴν
1076 3375 1378 3446 ὑποθήκην,
1413 3376 1440 3426 ό
1467 3373 1752 3434 σπουδαῖος
1784 3371 1962 3424 πάντα

387 3467 559 3516 ποιεῖν
594 3468 672 3528 εἰς
704 3465 860 3531 δόξαν
885 3465 1041 3528 Θεοῦ,
1089 3465 1228 3516 ὥστε
1258 3465 1434 3516 πᾶσαν
1477 3460 1694 3533 πρᾶξιν,
1726 3461 1818 3514 καὶ
1853 3462 1959 3514 πᾶν

384 3556 556 3626 ῥῆμα,
583 3559 680 3610 καὶ
707 3559 888 3610 πᾶσαν
916 3557 1201 3628 ἐνέργειαν
1227 3555 1436 3625 νοερὰν,
1460 3554 1718 3616 αἰνέσεως
1746 3553 1962 3622 ἐπέχειν

380 3647 631 3718 δύναμιν.
659 3650 780 3702 Εἴτε
806 3647 914 3720 γὰρ
947 3648 1117 3701 ἐσθίει
1148 3650 1175 3701 δ
1196 3647 1424 3711 δίκαιος,
1449 3647 1556 3699 εἴτε
1589 3646 1754 3707 πίνει,
1786 3645 1962 3698 πάντα

378 3741 461 3803 εἰς
495 3741 651 3806 δόξαν
697 3741 831 3794 Θεοῦ
878 3744 1039 3794 ποιεῖ.
1086 3739 1194 3792 Τοῦ
1245 3739 1486 3793 τοιούτου
1530 3739 1882 3801 καθεύδοντος
1926 3740 1958 3808 ἡ

2074 1914 2202 1954 vero
2227 1899 2438 1954 edentis
2469 1910 2560 1953 aut
2599 1901 2834 1957 bibentis
2865 1917 2926 1956 os
2951 1903 3175 1958 laudem
3206 1903 3298 1960 Dei
3330 1907 3648 1976 depromet?

2070 1991 2152 2046 Ad
2189 1990 2289 2044 hoc
2325 1991 2726 2059 respondemus,
2753 1993 3019 2060 quoddam
3060 1993 3222 2047 etiam
3259 2009 3378 2050 esse
3415 1997 3648 2053 hominis

2073 2083 2268 2136 interni
2296 2083 2576 2150 spirituale
2600 2097 2661 2137 os
2685 2093 2848 2152 atque
2872 2084 3226 2152 intelligibile,
3252 2101 3362 2156 quo
3383 2089 3641 2153 nutritur,

2072 2175 2198 2229 dum
2226 2173 2453 2229 verbum
2477 2177 2602 2230 vita:
2627 2175 2841 2244 recipit,
2877 2178 2966 2245 qui
2996 2190 3078 2231 est
3101 2177 3277 2247 panis,
3299 2180 3390 2248 qui
3415 2181 3481 2234 de
3506 2179 3646 2236 caelo

2071 2269 2349 2324 descendit
2378 2269 2442 2321 '°.
2483 2269 2557 2322 De
2599 2268 2687 2324 illo
2717 2283 2812 2323 ore
2843 2269 3005 2322 etiam
3047 2269 3316 2337 Propheta
3350 2271 3588 2340 loquitur
3623 2291 3637 2326 :

2072 2360 2144 2415 Os
2175 2377 2345 2415 meum
2370 2363 2550 2430 aperui
2583 2372 2630 2416 et
2667 2361 2866 2415 attraxi
2894 2362 3134 2429 spiritum
3171 2363 3232 2417 ".
3258 2361 3518 2418 Hortatur
3548 2381 3646 2419 nos

2072 2454 2234 2506 etiam
2270 2452 2549 2519 Dominus,
2588 2463 2646 2506 ut
2676 2453 2910 2522 amplum
2942 2469 3003 2507 os
3040 2454 3360 2522 habeamus,
3395 2471 3503 2524 quo
3546 2471 3644 2511 co-

2073 2543 2277 2610 piosius
2330 2543 2658 2612 uberiusque
2697 2545 2952 2600 alimenta
3008 2547 3251 2602 veritatis
3291 2547 3643 2618 accipiamus.

2073 2635 2250 2690 Ditata
2297 2637 2454 2697 enim,
2497 2637 2693 2705 inquit,
2737 2654 2793 2690 os
2833 2649 3001 2701 tuum,
3045 2649 3092 2691 et
3139 2638 3357 2705 implebo
3407 2638 3543 2692 illud
3572 2638 3641 2691 '°.

2072 2727 2256 2795 Itaque
2299 2726 2392 2780 Dei
2440 2727 2700 2797 cogitatio
2745 2729 2909 2784 semel
2953 2730 3248 2800 impressa,
3297 2738 3350 2784 et
3383 2730 3535 2798 quasi
3581 2730 3636 2784 in

2071 2821 2338 2889 prmcipua
2363 2821 2556 2876 animze
2584 2831 2736 2890 parte
2761 2822 3066 2891 obsignata,
3099 2822 3218 2876 laus
3252 2823 3344 2877 Dei
3379 2824 3637 2894 appellari

2071 2921 2269 2979 potest,
2314 2926 2529 2980 semper
2563 2911 2615 2966 in
2643 2912 2823 2965 anima
2854 2912 3116 2966 insidens.
3147 2910 3332 2967 Potest
3359 2923 3538 2968 autem
3594 2925 3648 2968 et

2066 3000 2218 3068 juxta
2251 3001 2606 3069 apostolicam
2643 3001 3067 3056 admonitionem
3115 3003 3196 3055 vir
3224 3003 3426 3071 probus
3457 3005 3638 3058 omnia

2070 3109 2230 3163 agere
2259 3095 2325 3148 ad
2358 3094 2448 3148 Dei
2477 3094 2736 3164 gloriam,
2766 3095 2837 3148 ita
2874 3104 2932 3148 nt
2961 3095 3104 3150 actio
3135 3097 3334 3162 omnis,
3374 3111 3644 3166 omneque

2074 3188 2322 3251 verbum,
2381 3195 2437 3240 et
2477 3185 2776 3256 Spiritualis
2823 3184 3002 3240 omnis
3039 3187 3280 3256 operatio
3315 3186 3421 3240 vim
3469 3187 3647 3244 laudis

2070 3277 2333 3334 obtineat.
2366 3277 2493 3332 Sive
2529 3278 2674 3330 enim
2717 3275 2830 3330 edit
2853 3277 3072 3343 justus,
3103 3277 3219 3331 sive
3259 3276 3433 3345 bibit,
3457 3279 3643 3336 omnia

2071 3368 2122 3422 in
2165 3368 2258 3422 Dei
2299 3366 2524 3438 gloriam
2572 3367 2795 3422 facit“.
2835 3368 2907 3422 Eo
2953 3368 3275 3446 dormiente,
3319 3384 3414 3424 cor
3457 3371 3643 3441 vigilat

2066 3459 2217 3534 juxta
2247 3474 2404 3524 eum,
2453 3461 2546 3529 qui
2577 3459 2628 3513 in
2677 3459 2903 3514 Cantico
2943 3460 3279 3515 canticorum
3316 3461 3447 3516 dicit
3477 3479 3491 3514 :
3527 3462 3640 3534 Ego

2069 3532 2357 3617 dormio,et
2381 3568 2472 3605 cor
2498 3568 2668 3604 meum
2693 3551 2870 3620 vigilat
2889 3553 2954 3604 “.
2978 3551 3189 3606 Etenim
3211 3552 3337 3606 visa:
3360 3552 3410 3605 in
3435 3553 3640 3608 somnis

2070 3641 2278 3710 species
2311 3651 2435 3695 sunt
2461 3656 2564 3694 non
2593 3655 2718 3694 raro
2752 3641 3063 3695 diurnarum
3095 3641 3480 3712 cogitationum
3511 3641 3641 3696 ima-

2067 3746 2238 3802 gtnes.

379 3830 572 3902 καρδία
640 3831 963 3902 ἐγρήγορεν,
1000 3829 1142 3883 κατὰ
1176 3830 1268 3882 τὸν
1305 3829 1528 3882 εἰπόντα
1563 3831 1618 3881 ἐν
1652 3825 1730 3897 τῷ
1772 3827 2008 3897 νᾼσματι
2048 3820 2156 3876 τῶν
2185 3819 2447 3892 ᾀσμάτων
2469 3838 2482 3851 ·
2533 3820 2680 3890 Ἐγὼ
2714 3821 2999 3883 καθεύδω,
3046 3821 3146 3874 καὶ
3191 3822 3228 3889 ἡ
3277 3821 3491 3889 καρδία
3518 3840 3641 3892 μου

379 3922 669 3992 γρηγορεῖ.
723 3923 810 3985 Ὡς
849 3922 958 3994 γὰρ
996 3922 1090 3974 ἐπὶ
1119 3921 1252 3974 πολύ
1285 3921 1353 3974 τὰ
1399 3919 1520 3974 καθ’
1568 3919 1732 3972 ὕπνον
1771 3920 2128 3988 φαντάσματα
2167 3915 2266 3986 τῆς
2318 3912 2687 3985 μεθημερινῆς
2731 3912 2939 3976 ἐννοίας
2979 3913 3126 3965 ἐστὶν
3163 3913 3525 3984 ὰπηχήματα.

448 4015 502 4068 2.
545 4017 646 4068 Ἐν
681 4013 758 4080 τῷ
795 4016 992 4083 Κυρίῳ
1025 4013 1486 4080 ἐπαινεθήσεται
1532 4011 1569 4078 ἠ
1617 4010 1787 4080 ψυχή
1816 4028 1956 4078 μου.

377 4107 603 4179 Μηδεὶς,
638 4108 802 4178 φησὶ,
829 4108 929 4178 τὴν
956 4107 1094 4177 ἐμὴν
1137 4105 1403 4168 ἐπίνοιαν,
1434 4103 1557 4157 καθ’
1599 4104 1666 4173 ἡν
1699 4102 1960 4171 διεσώθην

378 4202 443 4253 ὲκ
480 4202 587 4254 τῶν
619 4201 898 4264 κινδύνων,
936 4199 1248 4252 ἐπαινείτω.
1286 4198 1360 4251 Οὐ
1390 4195 1498 4266 γὰρ
1529 4197 1586 4248 ὲν
1610 4193 1837 4263 δυνάμει
1867 4195 1960 4246 ὰν-

381 4292 623 4365 θρώπου,
659 4293 778 4346 οὐδέ
807 4294 864 4344 ἐν
899 4291 1010 4362 (65)
1058 4291 1240 4360 σοφίᾳ,
1283 4289 1398 4343 ἀλλ’
1432 4291 1490 4342 ἐν
1533 4289 1599 4358 τῇ
1645 4287 1827 4357 χάριτι
1864 4286 1958 4336 τοῦ

376 4384 512 4438 Θεοῦ
531 4385 676 4437 ἐστιν
697 4388 730 4454 ἡ
753 4385 1016 4455 σωτηρία.
1039 4387 1095 4436 Μ
1100 4383 1135 4450 ὴ
1157 4381 1498 4450 καυχάσθω,
1514 4379 1696 4448 φησὶν,
1721 4381 1754 4431 ό
1773 4377 1959 4430 πλού-

376 4493 510 4542 σιος
541 4477 610 4530 ἐν
656 4475 736 4542 τῷ
770 4477 1010 4541 πλούτῳ
1041 4475 1247 4536 αὑτοῦ,
1284 4473 1439 4541 μήτε
1481 4475 1512 4525 ὁ
1545 4470 1738 4538 σορὸς
1780 4470 1849 4521 ἐν
1881 4467 1956 4537 τῇ

376 4572 562 4639 σοφίᾳ
593 4568 799 4630 αὐτοῦ,
827 4566 980 4636 μήτε
1003 4570 1034 4620 ό
1062 4566 1310 4634 ἰσχυρὸς
1342 4565 1410 4616 ἐν
1437 4562 1514 4630 τῇ
1550 4563 1719 4630 ἰσχύϊ
1743 4561 1949 4614 αὐτοῦ·

373 4663 510 4719 ἀλλ’
540 4663 577 4730 ἢ
607 4661 676 4714 ἐν
707 4662 894 4722 τούτῳ
920 4657 1245 4727 καυχάσθω
1275 4659 1307 4708 ό
1336 4653 1738 4724 καυχώμενος,
1772 4654 1841 4705 ἐν
1875 4651 1954 4716 τῷ

373 4757 611 4813 συνιεῖν
649 4758 745 4810 καὶ
787 4753 1105 4824 γινώσκειν
1146 4753 1365 4818 Κύριον
1416 4750 1523 4801 τὸν
1555 4747 1702 4800 Θεέ-ν
1743 4745 1951 4799 αὑτοῦ.

386 4849 547 4919 Ὁρᾷς
574 4848 663 4900 τὸν
701 4843 1020 4898 ’Δπόστολον
1048 4840 1164 4904 πῶς
1189 4841 1316 4902 τοὺς
1340 4837 1637 4908 συνεργοὺς
1661 4835 1752 4887 τοῦ
1779 4834 1954 4902 Εὐαγ-

370 4939 551 5009 γελίου
581 4940 828 5001 ἐπαινεῖ;
867 4936 974 5001 ’⁸ος
1002 4934 1131 4987 ἐστι
1171 4931 1516 4995 σύνδουλος
1546 4927 1644 4981 καὶ
1673 4926 1951 4990 διάκονος

368 5031 538 5104 ὑμῶν
570 5030 680 5100 (64)
712 5031 782 5083 ἐν
813 5028 1029 5096 Κυρίῳ.
1081 5025 1206 5077 Ἐὰν
1247 5024 1426 5094 μέντοι
1457 5039 1539 5084 τις
1577 5020 1670 5074 ἐπὶ
1701 5018 1952 5089 σώματος

2135 4008 2190 4060 τι.
2229 4005 2396 4059 Vens.
2436 4007 2491 4058 3.
2549 4004 2616 4058 In
2665 4004 2888 4059 Domino
2935 4006 3236 4058 laudabitur
3275 4009 3452 4061 anima
3498 4024 3635 4064 mea.

2065 4097 2272 4162 Nullus,
2318 4097 2514 4165 inquit,
2551 4111 2724 4151 meam
2753 4099 3096 4163 industriam,
3123 4114 3218 4169 per
3244 4114 3404 4168 quant
3429 4112 3459 4152 e
3487 4102 3636 4170 peri-

2065 4191 2201 4246 culis
2226 4188 2510 4244 incolumis
2532 4189 2714 4254 evasi,
2748 4189 2952 4244 laudet.
2979 4188 3164 4259 Neque
3193 4189 3339 4244 enim
3368 4190 3422 4244 in
3447 4200 3637 4260 poten-

2067 4284 2139 4335 tia
2179 4280 2434 4344 hominis,
2478 4295 2654 4348 neque
2693 4280 2746 4333 in
2781 4281 3078 4349 sapientia,
3115 4284 3210 4336 sed
3246 4281 3298 4336 in
3337 4283 3430 4338 Dei
3463 4285 3636 4353 gratia

2065 4372 2210 4426 salus
2227 4381 2328 4427 est.
2360 4371 2484 4425 Non
2511 4372 2792 4440 glorietur,
2818 4374 3014 4442 inquit,
3041 4374 3182 4428 diues
3205 4374 3259 4428 in
3282 4375 3478 4428 divitiis
3503 4377 3635 4442 suis,

2064 4479 2227 4533 neque
2257 4463 2463 4532 sapiens
2492 4464 2545 4514 in
2572 4463 2833 4528 sapientia
2866 4479 2985 4528 sua,
3022 4479 3184 4532 neque
3212 4463 3367 4530 fortis
3392 4464 3447 4518 in
3474 4464 3636 4532 forti-

2063 4556 2248 4608 tudine
2277 4571 2376 4608 sua
2413 4569 2430 4607 :
2464 4555 2555 4606 sed
2578 4554 2632 4606 in
2663 4543 2772 4605 hoc'
2788 4553 3043 4622 glorietur
3062 4555 3154 4621 qui
3178 4555 3468 4626 gloriatur,
3497 4558 3638 4624 quod

2063 4647 2306 4716 intelligit
2335 4656 2382 4700 et
2405 4647 2667 4716 cognoscit
2697 4645 2982 4699 Dominum
3011 4645 3176 4700 Deum
3198 4663 3353 4701 suum
3376 4648 3444 4702 “.
3471 4647 3637 4705 Vides

2061 4739 2330 4808 quomodo
2386 4737 2681 4806 Apostolus
2730 4739 3006 4805 adjutores
3067 4736 3345 4805 Evangelii
3401 4738 3635 4794 laudet?

2062 4829 2166 4894 Qui
2193 4839 2264 4882 est
2295 4844 2570 4882 conservus
2595 4839 2640 4881 et
2669 4830 2905 4882 minister
2925 4838 3096 4882 vester
3119 4830 3174 4882 in
3205 4828 3433 4885 Domino
3467 4831 3536 4887 ³⁸.
3573 4833 3631 4886 Si

2060 4923 2182 4991 quis
2219 4930 2396 4976 autem
2431 4921 2501 4976 ob
2537 4922 2780 4990 corporis
2819 4922 3162 4992 elegantiam,
3199 4932 3291 4977 aut
3340 4933 3626 4993 parentum

2059 5013 2438 5068 claritudinem
2493 5011 2766 5079 laudatur,
2830 5029 2935 5067 non
2992 5013 3045 5068 in
3096 5014 3324 5070 Domino
3377 5015 3632 5070 laudatur

439 5191 776 5256 "100nm,
804 5189 895 5253 1‘2,
934 5189 1026 5242 I3.
1106 5188 1148 5218 "
1173 5185 1335 5256 Hebr.
1363 5199 1460 5251 χιι,
1491 5181 1581 5256 6.7
1624 5179 1843 5256 [Unam
1877 5193 1962 5256 XI,-

2143 5174 2185 5205 "
2214 5172 2354 5256 sttl.
2387 5187 2574 5236 cxvtu,
2607 5171 2728 5225 151.
2804 5171 2850 5203 ³⁸
2867 5169 3013 5225 Psal.
3045 5185 3204 5234 Lux,
3231 5169 3318 5224 il.
3395 5166 3633 5225 "ICor.

367 5279 424 5330 ι,
456 5243 676 5318 διῖἿί
705 5243 861 5316 cant.
883 5243 943 5324 'v,
970 5260 1025 5312 2.
1095 5257 1140 5315 ξ³
1178 5255 1375 5311 Jeretn.
1411 5243 1485 5318 ut,
1514 5254 1607 5319 25,
1629 5251 1719 5305 24.
1798 5249 1843 5282 ³⁸
1873 5248 1962 5303 Col

2070 5285 2082 5298 .
2136 5259 2210 5308 tv,
2263 5243 2314 5298 7.

439 5402 552 5472 (60)
574 5401 726 5456 Multi
757 5414 886 5455 mss.
916 5395 1205 5469 ἀνθρώπου
1231 5396 1348 5451 sine
1382 5391 1629 5448 articulo.
1674 5389 1821 5445 Editi
1851 5388 1946 5441 τοῦ

366 5473 675 5546 ἀνθρώπου.
1001 5538 1022 5546 ,
1135 5536 1147 5546 .

441 5529 550 5614 (iit)
575 5541 819 5595 Nonnulli
849 5554 978 5595 mss.
998 5538 1027 5592 ὃ
1054 5536 1335 5609 τρέφεται.
1363 5533 1464 5588 Alii
1492 5548 1623 5589 mss.
1645 5545 1767 5586 cum
1788 5529 1948 5584 editis

364 5607 722 5693 ᾧὲρὲζφξῖαι·
1060 5607 1102 5693 ,⁷
1177 5679 1190 5693 ,
1249 5676 1389 5693 ..,._.

443 5670 568 5756 (δεῖ
583 5681 830 5756 Nonnulli
861 5696 992 5756 mss.
1026 5679 1211 5732 οἱονεί.
1249 5676 1390 5732 Editi
1419 5670 1555 5729 οἷον.
1577 5670 1782 5730 Ibidem
1810 5671 1946 5742 Reg.

369 5751 559 5816 tertius
585 5751 1085 5822 ὲνεσιρραγισμένη.

648 5847 921 5907 ΡΑτιιοι..
960 5845 1077 5906 Gtt.
1118 5837 1360 5902 XXIX.
1393 5837 1398 5842 ’

2130 5384 2240 5456 (65)
2277 5385 2455 5440 Editio
2501 5384 2682 5439 Paris.
2723 5384 2758 5455 ἢ
2805 5385 2884 5437 ἐν.
2928 5382 3000 5437 At
3047 5382 3284 5453 quinque
3337 5394 3468 5435 mss.
3511 5378 3635 5435 οὐδὲ

2058 5459 2241 5598 évitii)
2273 5526 2448 5581 Editio
2471 5524 2652 5598 Paris.
2672 5539 2792 5578 cum
2822 5523 2973 5598 Colb.
2999 5532 3154 5579 sexto
3179 5522 3427 5598 διάκρνος
3449 5519 3632 5592 ἡμῶν,

2060 5606 2114 5650 et
2140 5594 2439 5666 'ita'legerat
2469 5596 2757 5666 interpres,
2790 5597 3028 5666 minister
3062 5605 3264 5648 noster.
3291 5594 3467 5650 Editio
3503 5606 3633 5646 vero

2058 5667 2224 5725 Basil.
2255 5664 2313 5724 ei
2335 5676 2459 5724 octo
2478 5664 2878 5728 ιηεεζδιάκονος
2904 5665 3078 5739 ὑμῶν,
3108 5674 3274 5720 recte.

3215 5823 3295 5886 12
