4048 6220
532 212 640 267 355

1858 224 1925 284 Β.
1964 229 2211 285 BA‘SlLll
2252 232 2467 292 MAGNI
3671 248 3760 303 356

530 330 711 384 anima
746 330 912 400 ipsius
948 332 1094 387 :sed
1129 332 1376 405 quisquis
1424 335 1552 394 talis
1599 347 1703 403 est.
1759 341 1812 395 in
1864 345 2078 400 Vallilalt

2204 348 2408 412 κάλλει,
2446 351 2478 421 ἢ
2506 351 2706 420 γονέων
2730 354 3060 428 περιφανείᾳ
3083 357 3417 421 ἐπαινεῖται,
3448 359 3550 414 οὑκ
3580 361 3635 414 ὲν
3665 362 3760 416 Κυ-

525 420 896 479 oonstituitur.
927 422 1111 493 Neque
1144 426 1291 480 enim
1331 428 1522 484 mediae
1555 439 1700 486 artes
1727 431 1938 489 laudem
1972 450 2078 491 veri

2205 438 2303 508 ρίῳ
2330 420 2633 495 ἐπαινεῖται
2660 420 2824 498 αὐτού
2909 420 3077 517 ψυχη,
3121 447 3232 501 ἀλλ’
3258 449 3320 501 ὲν
3360 452 3430 521 τῇ
3463 454 3757 525 ματαιότητι

525 523 838 568 merentur:
873 516 1299 584 gubernatores,
1340 521 1561 586 medici,
1597 532 1842 580 oratores
1874 536 1969 580 aut
2011 543 2099 582 ar-

526 603 769 672 chitecti,
797 606 887 679 qui
917 608 1101 673 urbes,
1136 619 1231 662 aut
1258 612 1589 682 pyramides,
1620 614 2093 687 autlabyrinthos,

530 703 626 749 aut
655 695 816 750 aliam
846 699 1136 766 quamdam
1173 711 1545 770 sumptuosam
1570 719 1633 760 ac
1650 709 1935 774 superbam
1965 712 2096 764 aedi-

526 786 769 841 ﬁciorum
801 789 994 842 molem
1025 800 1337 847 exstruunt.
1368 791 1451 847 Ob
1481 794 1598 850 hzec
1643 798 1734 864 qui
1782 797 2093 869 laudantur,

524 893 628 932 non
660 878 714 933 in
742 878 970 936 Domino
994 896 1145 936 suam
1185 884 1385 941 habent
1413 887 1674 942 animam.
1705 888 1851 945 Satis
1878 900 1963 947 est
1991 909 2092 948 no-

523 969 608 1023 bis
637 968 704 1022 ad
738 982 954 1025 omnem
978 972 1322 1042 dignitatem,
1358 976 1493 1030 tanti
1526 975 1739 1033 Domini
1779 995 1966 1037 servos
1996 999 2093 1038 no-

522 1061 738 1117 minari.
762 1060 1012 1134 Nunquid
1043 1065 1186 1119 enim
1213 1066 1306 1136 qui
1351 1068 1462 1138 regi
1496 1069 1653 1141 1&5
1682 1068 1994 1141 famulatur,
2035 1090 2093 1130 se

520 1154 641 1210 ideo
669 1155 895 1222 iactabit
922 1158 1063 1227 quod
1102 1157 1156 1212 in
1200 1159 1303 1215 hoc
1330 1169 1421 1214 aut
1454 1162 1506 1217 in
1545 1163 1636 1217 illo
1673 1166 1961 1223 ministerii
1993 1184 2090 1223 or-

524 1246 651 1301 dine
674 1247 971 1304 eollocatus
992 1258 1113 1304 est:
1147 1251 1238 1320 qui
1266 1267 1397 1308 vero
1424 1253 1617 1324 dignus
1645 1256 1862 1314 habitus
1887 1269 1971 1316 est
1999 1263 2089 1332 qui

518 1334 629 1393 Deo
657 1337 894 1404 serviat,
930 1338 1145 1394 aliunde
1189 1340 1376 1396 laudes
1407 1343 1509 1397 sibi
1542 1345 1897 1416 excogitabit,
1930 1350 2085 1417 quasi

520 1430 587 1482 ad
617 1446 833 1486 omnem
862 1430 1046 1501 gloriae
1072 1432 1480 1504 splendorisque
1499 1438 1773 1492 cumulum
1802 1441 2089 1510 appellatio

517 1523 730 1579 Domini
763 1525 866 1580 sibi
898 1540 1000 1580 non
1029 1524 1298 1581 suﬂiciat?
1327 1523 1399 1581 In
1430 1526 1658 1582 Domino
1697 1530 1861 1601 igitur
1893 1533 2086 1587 lauda-

517 1616 657 1667 bitur
708 1615 890 1668 anima
941 1631 1077 1669 mea.
1126 1615 1362 1669 Andiant
1401 1619 1685 1683 mansueti,
1718 1630 1766 1674 et
1816 1620 2079 1677 (tutentur.

2198 529 2314 582 ἐστι
2351 529 2461 584 τῶν
2492 533 2745 587 τοιούτων
2777 536 3025 603 ἕκαστος.
3073 539 3207 592 Οὐδὲ
3246 539 3361 610 γὰρ
3408 542 3466 593 αἱ
3501 543 3655 611 μέσαι
3685 546 3757 597 τέ-

2197 636 2321 688 χναι
2348 620 2462 690 (65)
2488 623 2550 676 τὸ
2577 623 2845 694 ἀληθινῶς
2876 630 3157 684 ἐπαινετὸν
3191 632 3399 703 έχουσι.
3429 636 3751 711 κυϐερνῆται,

2200 710 2390 802 ίᾼατροὶ,
2413 715 2658 788 ῥήτορες,
2678 718 2709 788 ἤ
2731 719 3111 791 ἀρχιτέκτονες
3149 726 3335 791 πόλεις
3362 710 3753 802 οἰκοδομοῦντες

2195 799 2594 897 ῆιτωραμίδας,
2619 810 2652 880 ἢ
2682 809 3114 886 λαϐυρίνθους,ἢ
3151 817 3317 883 ἄλλοις
3353 821 3511 885 τινάς
3535 799 3749 897 δαπανη·

2195 890 2296 961 ράς
2335 893 2368 964 ἢ
2416 895 2752 968 ὑπερόγκους
2797 902 3244 975 οἰκοδομημάτων
3291 912 3663 977 κατασκευάς.
3696 890 3748 968 (li

2193 983 2286 1075 ἐπὶ
2311 984 2521 1051 τούτοις
2557 989 2958 1063 ἐπαινούμενοι,
2992 997 3092 1049 οὑκ
3123 998 3180 1050 ὲν
3216 1000 3413 1072 Κυρίῳ
3452 1001 3562 1075 (66)
3588 1003 3747 1075 ἔχουσι

2189 1073 2289 1168 την
2316 1077 2524 1132 έαυτῶν
2555 1079 2755 1153 ψυχήν.
2798 1083 2982 1156 Ἀρκεῖ
3011 1089 3143 1157 ἡμῖν
3188 1091 3329 1161 πρὸς
3379 1073 3747 1168 ἆπανάξῖωμα

2190 1165 2251 1218 τὸ
2296 1168 2614 1239 τηλικούτου
2659 1174 2931 1229 Δεσπότου
2963 1177 3180 1243 δούλους
3213 1182 3364 1251 ἡμᾶς
3390 1165 3741 1255 ὀνομάζεσθαι.

2189 1258 2263 1311 οὐ
2289 1259 2459 1332 δήπου
2486 1262 2594 1335 γάρ
2625 1264 2834 1335 βασιλεῖ
2875 1269 2973 1339 μέν
3006 1287 3090 1334 τις
3119 1272 3413 1346 ὑπηρετῶν
3452 1277 3589 1346 μέγα
3629 1296 3742 1349 φρο-

2189 1353 2362 1424 νήσει,
2397 1356 2484 1410 διὰ
2516 1358 2579 1411 τὸ
2630 1362 2688 1413 έν
2732 1362 2857 1433 τῇδε
2899 1367 2964 1434 τῇ
3009 1365 3160 1432 τάξει
3193 1369 3294 1437 τῆς
3333 1370 3634 1441 ὑπηρεσίας
3665 1389 3740 1425 τεο

2186 1445 2416 1516 τάχθαι’
2450 1448 2569 1521 Θεῷ
2611 1450 2668 1503 δὲ
2713 1454 3069 1520 καταξιωθεὶς
3114 1457 3423 1531 λατρεύειν,
3476 1462 3738 1533 ἀλλαχόθεν

2185 1539 2311 1602 τοὺς
2357 1541 2610 1606 ἐπαίνους
2642 1545 2819 1616 ἑαυτῷ
2852 1551 3195 1622 περινοήσει,
3243 1553 3322 1616 ὡς
3354 1555 3458 1607 οὐκ
3494 1556 3740 1627 ἀδικούσης

2186 1629 2336 1700 αὑτῷ
2363 1631 2463 1703 τῆς
2489 1634 2828 1706 ἐπικλήσεως
2855 1638 2948 1691 τοῦ
2984 1642 3187 1712 Κυρίου
3217 1645 3359 1716 πρὸς
3393 1649 3567 1701 πᾶσαν
3605 1648 3737 1720 δόξης

514 1703 955 1775 Quandoquidem
994 1706 1111 1761 sine
1150 1708 1368 1776 ιιι-ωηο,
1412 1708 1605 1778 inquit,
1656 1726 1721 1765 ex
1765 1711 1878 1766 sola
1928 1712 2078 1769 faciei

2185 1722 2277 1775 καὶ
2302 1702 2657 1795 περιφανείας
2673 1702 3017 1803 -ὑπερὸολήν;
3054 1702 3156 1789 Ἕν
3178 1702 3482 1806 τῷΙΚυρίῳ
3500 1736 3587 1793 οὖν
3605 1702 3738 1793 ἐπιάζ

508 1798 888 1853 immutatione
940 1798 1176 1853 inimicis
1222 1814 1317 1868 per
1360 1799 1455 1855 Dei
1507 1802 1765 1855 auxilium
1807 1804 2081 1874 deceptis,

513 1891 643 1945 mihi
671 1899 823 1961 parta
851 1891 1000 1946 salus
1022 1900 1106 1946 est
1131 1909 1144 1943 :
1177 1890 1409 1945 Audiant
1438 1895 1722 1961 mansueti,
1773 1893 1891 1951 ﬁeri
1921 1912 2080 1967 posse

511 1992 569 2037 ut
597 1989 647 2038 et
675 1983 1015 2053 quiescentes
1053 1982 1265 2054 erigant
1300 1991 1581 2053 tropaeum,
1623 1995 1678 2040 et
1721 1986 1945 2041 minime
1981 2004 2081 2057 pu-

512 2083 762 2145 gnantes,
790 2076 1026 2131 victores
1048 2074 1427 2130 declarentur:
1457 2075 1525 2130 Et
1549 2077 1810 2144 laetentur,
1845 2079 1908 2133 ad
1937 2096 2080 2135 man-

508 2165 847 2219 suetudinem
875 2164 1305 2231 amplectendam
1335 2180 1454 2219 meo
1479 2166 1726 2234 exemplo
1750 2169 2076 2226 conﬁrmati.

510 2257 625 2311 Hoc
650 2256 794 2310 enim
827 2256 1007 2325 accepi
1044 2256 1284 2310 muneris
1313 2272 1342 2310 a
1376 2257 1503 2320 Deo,
1531 2258 1673 2325 quod
1705 2263 2077 2316 mansuetudi-

510 2362 632 2401 nem
688 2345 922 2415 implevi.
974 2344 1256 2412 Memento,
1309 2346 1555 2411 Domine,
1580 2348 1769 2413 David,
1809 2361 1858 2404 et
1904 2354 2074 2407 omnis

505 2439 923 2493 mansuetudinis
947 2440 1061 2508 ejus
1085 2438 1153 2496 “.
1184 2438 1415 2493 Maxima
1440 2441 1583 2494 enim
1613 2443 1891 2511 virtutum,
1921 2459 2077 2499 man-

506 2532 734 2585 suetudo
768 2541 870 2597 est,
898 2541 1229 2601 quapropter
1260 2541 1314 2586 et
1340 2532 1481 2586 inter
1510 2534 1870 2590 beatitudines
1902 2537 2075 2591 adnu-

504 2630 761 2674 meratur.
788 2620 938 2675 Beati
965 2623 1124 2685 enim,
1156 2623 1799 2693 inquit,mizes,quoniam
1829 2626 1928 2696 ipsi
1951 2644 2072 2695 pag.

499 2709 739 2765 sidebant
775 2722 970 2766 terram
997 2712 1065 2766 “.
1100 2712 1232 2765 Nam
1277 2725 1417 2767 terra
1456 2713 1578 2780 illa,
1624 2716 1865 2770 caelestis
1911 2717 2069 2772 Jeru-

498 2801 688 2867 salem,
722 2802 950 2873 spolium
1002 2817 1107 2857 non
1140 2812 1220 2857 eat
1253 2803 1604 2872 pugnantium
1638 2818 1653 2857 :
1687 2806 1781 2860 sed
1824 2809 2038 2874 mquani

498 2911 710 2950 murum
744 2910 808 2950 ac
838 2907 1240 2952 mansuetorum
1272 2899 1514 2954 virorum
1547 2897 1833 2955 haereditas
1865 2916 2067 2970 propo-

497 2987 663 3041 nitur.
694 2986 836 3041 ldem
870 2997 1049 3041 autem
1078 2989 1220 3042 valet
1247 2988 1369 3054 hoc,
1404 2988 1637 3057 Audiapt
1674 2991 1957 3055 mansueti,
1986 3000 2068 3045 at-

493 3095 601 3149 que
626 3080 777 3144 illud,
803 3080 1034 3134 Audiant
1063 3078 1257 3134 Christi
1285 3082 1553 3150 discipuli.
1580 3080 1853 3137 Fortassis
1882 3093 2063 3138 autem

494 3173 808 3242 prophetice
853 3173 965 3227 vult
1017 3174 1332 3228 miraculum
1362 3174 1625 3241 beneficii
1665 3190 1695 3228 a
1744 3174 1853 3230 Deo
1903 3177 1959 3230 in
2002 3191 2063 3232 se

494 3264 674 3319 collati
720 3266 787 3320 ad
814 3277 912 3320 nos
943 3280 1116 3336 usque
1149 3265 1452 3335 pervenire.
1489 3266 1728 3321 Audiam
1772 3268 1917 3321 enim
1967 3270 2059 3337 qui

492 3356 677 3412 multis
723 3367 847 3427 post
904 3359 1348 3429 generationibus
1407 3358 1572 3414 lutttri
1628 3370 1754 3415 sunt
1806 3362 2055 3432 discipuli

491 3450 713 3505 Christi.
750 3448 1028 3520 Siquidem
1077 3453 1176 3506 hos
1219 3452 1519 3507 nominavit
1568 3464 1900 3520 mansuetos,
1945 3452 2068 3525 qui~

491 3542 588 3596 bus
638 3541 895 3597 Dominus
936 3544 1011 3597 ait
1053 3560 1067 3596 :
1120 3543 1314 3598 Discite
1342 3560 1375 3596 a
1417 3559 1498 3598 me
1530 3546 1659 3613 quia
1693 3545 1835 3600 mitis
1866 3562 1983 3599 sum
2014 3554 2064 3600 et

487 3633 701 3687 humilis
729 3636 882 3689 corde
915 3636 982 3690 ".
1022 3634 1123 3702 Qui
1154 3635 1297 3690 enim
1354 3634 1558 3690 sedatis
1603 3643 1727 3691 sunt
1791 3636 2062 3704 moribus,

488 3735 541 3778 et
575 3727 643 3781 ab
666 3728 819 3780 omni
859 3729 1221 3783 commotione
1264 3727 1444 3793 liberi,
1478 3732 1614 3783 adeo
1647 3737 1706 3782 ut
1754 3728 1897 3782 nulla
1928 3729 2060 3784 insit

488 3817 542 3870 in
576 3833 762 3873 eorum
794 3820 992 3875 animis
1026 3820 1384 3891 perturbatio,
1415 3821 1451 3874 ii
1481 3821 1745 3877 mansueti
1775 3821 2055 3891 appellan-

485 3915 594 3964 tur.
627 3909 963 3982 Quapropter
991 3914 1153 3967 etiam
1194 3912 1403 3983 Moyses
1449 3927 1611 3983 supra
1646 3927 1836 3969 omnes
1877 3914 2054 3970 homi-

489 4017 585 4057 nes
625 4012 782 4057 ιρι-τω
812 4014 1123 4060 mansuetus
1152 4003 1319 4059 fuisse
1342 4005 1657 4073 perhibetur
1683 4006 1749 4060 ⁸³.

2185 1814 2503 1884 νεθήσεται
2536 1818 2573 1886 ἠ
2619 1821 2791 1890 ψυχή
2836 1841 2976 1891 μου.
3034 1826 3493 1883 Ἀκουσάτωσαν
3532 1831 3731 1899 πραεῖς,

2191 1907 2290 1960 καὶ
2322 1910 2849 1977 εὐφρανθλήτωσαν.
2908 1916 3124 1988 Ἐπειδὴ
3159 1920 3285 1972 ἄνευ
3319 1920 3575 1992 πολέμου,
3603 1922 3732 1992 φησὶ,

2190 1999 2524 2072 κατωρθώθη
2569 2021 2658 2073 μοι
2686 2004 2795 2077 (67)
2833 2008 2865 2077 ὴ
2903 2010 3145 2080 σωτηρία
3186 2013 3250 2065 ὲκ
3281 2014 3453 2086 μόνης
3492 2016 3585 2086 τῆς
3614 2015 3730 2068 κατὰ

2182 2089 2475 2160 πρόσωπον
2510 2093 2866 2161 ἀλλοιώσεως,
2901 2099 2990 2152 διά
3028 2101 3128 2171 τῆς
3158 2102 3252 2154 τοῦ
3283 2103 3422 2157 Θεοῦ
3466 2105 3728 2176 συνεργίας

2181 2178 2570 2253 ἀπατηθέντων
2592 2184 2701 2237 τῶν
2724 2185 3017 2257 πολεμίων·
3055 2191 3511 2247 Ἀκουσάτωσαν
3530 2194 3724 2262 πραεῖς.

2178 2271 2260 2324 ὅτι
2286 2272 2512 2328 δυνατὸν
2549 2278 2641 2330 καὶ
2684 2279 3056 2349 ἡσυχάζοντας
3100 2285 3314 2356 ἐγεῖραι
3355 2288 3625 2357 τρόπαιον,
3650 2287 3726 2339 καὶ

2181 2364 2257 2433 μὴ
2292 2366 2633 2436 μαχομένους
2672 2370 2900 2439 νικητάς
2927 2374 3305 2446 ἀποφανθῆναι
3326 2393 3340 2406 ’
3371 2377 3479 2431 Καὶ
3503 2379 3724 2446 εὐφραν-

2176 2451 2474 2519 οήτωσαν,
2519 2457 2896 2529 βεϐαιούμενοι
2928 2464 3007 2525 εἰς
3049 2463 3148 2534 τὴν
3196 2466 3482 2537 πραότητα
3510 2466 3583 2538 τῷ
3624 2464 3722 2519 κατ’

2175 2543 2276 2613 ἐμὲ
2328 2546 2705 2619 ὑποδείγματι.
2754 2551 2987 2605 Ἕλαϐον
3031 2552 3139 2626 γὰρ
3187 2556 3399 2627 ταύτην
3447 2558 3541 2629 τὴν
3587 2556 3720 2628 χάριν

2175 2636 2327 2708 παρὰ
2353 2637 2486 2690 Θεοῦ
2510 2681 2525 2705 ,
2556 2640 2746 2712 ἐπειδὴ
2780 2642 3116 2715 κατώρθωσα
3141 2646 3241 2715 τὴν
3270 2647 3569 2719 πραότητα·
3590 2645 3721 2717 Μνήτ

2173 2730 2366 2795 σθητι,
2392 2733 2587 2799 Κύριε,
2607 2735 2714 2787 τοῦ
2738 2735 2915 2788 Δαϐὶδ
2935 2737 3033 2789 καὶ
3063 2737 3267 2807 πάσης
3283 2740 3397 2808 τῆς
3424 2742 3718 2809 πραότητος

2172 2821 2376 2875 αὐτοῦ.
2431 2825 2676 2898 Μεγίστη
2726 2827 2835 2898 γὰρ
2870 2827 2978 2880 τῶν
3018 2831 3224 2901 ἀρετῶν
3270 2835 3305 2905 ἡ
3350 2833 3609 2905 πραότης·
3653 2829 3718 2883 διδ

2171 2913 2264 2966 καὶ
2295 2917 2407 2978 τοῖς
2434 2923 2804 2990 μ.ακαρισμοῖς
2831 2908 3263 2990 ὲγκατείλεκται.
3298 2926 3578 2994 Μακάριοι
3603 2922 3714 2992 γὰρ,

2172 3005 2356 3076 φησιν,
2391 3009 2444 3060 οἱ
2475 3008 2702 3076 πραεῖς,
2732 3010 2821 3064 ὅτι
2859 3014 3029 3067 αὐτοὶ
3072 3016 3593 3085 κληρονομήσουσι
3623 3011 3716 3078 τὴν

2168 3094 2305 3164 γῆν.
2336 3098 2548 3171 Ἐκείνη
2572 3101 2679 3173 γὰρ
2704 3104 2736 3173 ἡ
2758 3106 2901 3174 γῆ,ή
2934 3106 3251 3177 ἐπουράνιος
3288 3108 3644 3180 Ἰερουσαλὴμ,
3663 3102 3713 3156 οὐ

2169 3188 2377 3258 γίνεται
2409 3191 2516 3245 τῶν
2551 3195 2874 3265 μαχομένων
2918 3197 3176 3270 λάφυρον,
3206 3200 3344 3256 ἀλλὰ
3380 3198 3711 3273 μακροθύμων

2168 3278 2263 3331 κα)¹
2291 3282 2627 3349 πραῢ-παθῶν
2657 3285 2865 3358 ἀνδρῶν
2896 3290 3184 3361 πρόκειται
3211 3292 3560 3366 κληρονομία.
3594 3293 3711 3343 Ἴσον

2163 3369 2221 3423 δὲ
2246 3370 2468 3427 δύναται
2489 3375 2569 3437 τὸ,
2610 3377 3062 3436 Ἀκουσάτωσαν
3085 3385 3313 3452 πραεῖς,
3338 3387 3518 3449 καὶτὸ,
3547 3386 3710 3438 Ἄκου-

2163 3461 2449 3517 σάτωσαν
2482 3466 2593 3538 (68)
2628 3472 2682 3523 οἱ
2722 3473 2982 3539 Χριστοῦ
3009 3480 3290 3547 μαθηταί.
3343 3481 3490 3551 Τάχα
3526 3479 3578 3531 δὲ
3603 3491 3711 3545 προο

2164 3553 2412 3624 φητικῶς
2461 3555 2708 3626 βούλεται
2744 3563 2937 3634 μέχρις
2968 3567 3126 3639 ἡμῶν
3156 3569 3409 3641 διαὸἦναι
3453 3570 3516 3624 τὸ
3552 3567 3708 3634 θαῦμα

2162 3641 2263 3712 τῆς
2296 3643 2389 3696 τοῦ
2437 3645 2573 3701 Θεοῦ
2615 3651 2694 3714 εἰς
2731 3652 2893 3707 αὑτὸν
2924 3656 3264 3728 εὐεργεσίας.
3327 3657 3707 3714 Ἀκουσάτωσαν

2163 3734 2269 3807 γάρ
2297 3738 2347 3789 ol
2376 3737 2600 3804 πολλαῖς
2629 3740 2854 3817 ὕστερον
2886 3751 3101 3816 γενεαῖς
3124 3752 3453 3823 γενήσεσθαι
3480 3749 3568 3803 τοῦ
3590 3747 3704 3815 Χρι-

2166 3825 2292 3879 στοῦ
2359 3828 2598 3902 μαθηταὶ
2658 3833 2961 3903 μέλλοντες.
3024 3839 3257 3906 Τούτους
3314 3843 3425 3914 γὰρ
3486 3838 3705 3908 ὠνόμασι

2165 3922 2379 3987 πραεῖς,
2416 3917 2498 3985 οἷς
2527 3924 2557 3975 ὁ
2587 3925 2790 3997 Κύριος
2813 3926 3117 3998 διαλέγεται
3139 3948 3153 3964 ο
3178 3931 3409 3988 Μάθετε
3435 3931 3530 3987 ἀπ’
3561 3923 3702 3997 ἐμοῦ.

2163 4008 2253 4063 ὅτι
2285 4014 2478 4080 πραῢς
2513 4018 2629 4086 ειμι
2668 4018 2779 4093 (69)
2827 4021 2926 4076 καὶ
2973 4026 3253 4092 ταπεινὸς
3289 4026 3368 4097 τῇ
3404 4023 3617 4095 καρδίᾳ.
3652 4014 3703 4070 Ol

486 4096 909 4166 κατεσταλμένοι
926 4097 995 4151 τὰ
1015 4097 1119 4170 ήθη
1143 4099 1238 4152 καὶ
1262 4097 1463 4163 παντὸς
1525 4098 1734 4163 πάθους
1789 4099 2222 4170 ἀπηλλαγμένοι,
2292 4104 2370 4169 ὡς
2419 4109 2687 4179 μηδεμίαν
2724 4112 2870 4183 ἔχειν
2911 4117 3153 4188 ταραχὴν
3202 4096 3512 4174 ἐνοικοῦσαν
3550 4108 3702 4168 αὐτῶν

484 4190 601 4251 ταῖς
625 4188 852 4258 ψυχαῖς,
882 4184 1024 4243 οὗτοι
1057 4193 1249 4262 πραεῖς
1280 4191 1798 4264 προσαγορεύονται.
1867 4192 1958 4246 Διὸ
1992 4194 2085 4247 καὶ
2123 4196 2363 4270 Μωῦσῆς
2415 4205 2833 4277 μεμαρτύρηται
2886 4184 3087 4280 πραῢς-
3111 4184 3277 4265 τεῖναι
3330 4211 3477 4284 παρά
3522 4207 3700 4263 πάντας

486 4277 803 4349 ἀνθρώπους
829 4280 921 4333 ἐπὶ
947 4281 1044 4351 τῆς
1068 4282 1194 4352 γῆς.

555 4372 609 4426 5.
654 4370 812 4425 Vnus.
857 4371 911 4427 4.
949 4374 1292 4443 Magniﬁcate
1324 4372 1607 4430 Dominum
1649 4392 1874 4431 mecum.
1903 4375 2050 4432 Con-

2226 4379 2279 4433 ‘5.
2322 4382 2706 4450 Μεγαλύνατε
2734 4386 2842 4440 τὸν
2867 4388 3086 4455 Κύριον
3113 4390 3236 4444 σὺν
3264 4392 3414 4463 ἐμοι.
3446 4389 3699 4462 Πρέποντα

481 4463 785 4518 venientem
813 4464 916 4519 sibi
938 4465 1165 4519 chorum
1202 4466 1268 4520 ad
1301 4460 1587 4523 Dominum
1627 4468 2034 4540 gloriﬁcandum

551 4650 598 4681 ”
632 4649 772 4706 Psal.
830 4668 1018 4715 cum,
1070 4651 1121 4709 1.

551 4806 858 4884 (65)_l_3_t_lit_io
882 4805 1045 4860 Basil.
1072 4823 1194 4861 cum
1222 4808 1374 4884 αλιι).
1407 4812 1568 4884 tertio
1601 4812 1659 4864 αἱ
1691 4814 1747 4865 ὲν
1771 4813 1921 4884 μέσῳ
1947 4813 2036 4866 τέ-

477 4894 622 4954 χναι.
648 4877 749 4930 Alii
782 4878 964 4954 decem
1007 4893 1139 4954 mss.
1185 4888 1238 4954 et
1267 4880 1468 4954 patenti
1507 4882 1731 4936 Corder.
1770 4877 1826 4935 αἱ
1875 4877 2037 4954 μέσαι

477 4947 666 5022 τέχναι
686 4965 699 5001 :
722 4961 841 5022 quae
865 4947 1053 5022 eadem
1081 4947 1237 5022 lectio
1267 4948 1460 5022 Legitur
1482 4954 1769 5022 quoqnein
1797 4947 2039 5022 margine

478 5006 630 5089 _Cdlb.
666 5006 830 5071 ter-lii.
868 5016 972 5070 Sed
1013 5032 1132 5089 cum
1163 5006 1547 5089 illudfcéxva't,
1579 5006 1683 5074 non
1707 5006 2039 5089 ’probar'Etur

476 5086 694 5151 Ducaao,
717 5101 783 5142 ex
803 5100 870 5140 eo
894 5087 1133 5157 τεχνῖται
1147 5086 1504 5151 eﬂ'ecit,et"ita
1538 5091 1590 5143 in
1608 5086 1840 5146 editione
1865 5092 2036 5148 Paris.

475 5157 740 5230 edendum
773 5156 1001 5210 curavit.
1054 5156 1161 5230 Nos
1207 5172 1355 5230 vero_
1383 5161 1703 5227 scripturam
1734 5175 1876 5224 eam,
1917 5178 2036 5230 quae

474 5235 557 5280 tot
588 5227 841 5282 librorum
875 5229 1196 5283 auctoritate
1222 5228 1655 5293 continuaretur,
1700 5227 2032 5287 retinendam

474 5311 595 5352 esse
626 5296 1007 5369 indicavimus.
1034 5296 1142 5369 Nec
1162 5298 1495 5369 ACotnhelisio
1528 5314 1742 5369 quoque
1771 5299 2033 5357 Dttcmana

475 5368 781 5420 ememlatio
813 5367 981 5435 magis
998 5367 1215 5435 placuit.
1243 5366 1529 5436 Postquam
1544 5366 1704 5423 'emm
1724 5372 1774 5424 in
1800 5373 2032 5425 medium

473 5436 697 5507 protulit
722 5436 915 5497 multa,
953 5437 1147 5505 quibus
1190 5437 1323 5492 falsa
1351 5439 1438 5491 illa
1470 5441 1735 5507 scriptura
1765 5441 2029 5495 inlirmari

473 5505 661 5579 possit,
694 5517 875 5579 notam
898 5522 1048 5560 suam
1076 5507 1451 5579 concludithis
1475 5505 1683 5563 verbis:
1712 5509 1862 5563 Nihil
1884 5528 2027 5579 ergo,

474 5574 668 5648 inquit,
699 5577 916 5648 uiolente
948 5580 1012 5628 ab
1044 5578 1250 5648 artibus
1284 5578 1353 5632 ad
1383 5579 1613 5648 artiﬁces
1641 5584 1828 5634 transit
1853 5574 2030 5634 .Ba'stL

472 5642 597 5707 lius,
632 5645 723 5697 sed
759 5646 903 5700 docte
934 5661 996 5699 ac
1031 5647 1301 5703 rhetorice.
1335 5648 1457 5705 Mox
1484 5642 1617 5706 iuss.
1651 5652 1857 5721 aliquot
1890 5651 2027 5722 ἥξα-

2149 4471 2326 4542 ἑαυτῴ
2357 4474 2515 4546 χορὸν
2543 4477 2624 4540 εἰς
2659 4477 2967 4548 δοξολογίαν
3001 4482 3092 4536 τοῦ
3133 4485 3343 4557 Κυρίου
3373 4477 3697 4557 παρεῴκεισῶ

1196 4652 1242 4683 ³⁸
1282 4652 1468 4708 Matth.
1521 4670 1578 4717 ν,
1634 4656 1687 4708 4.
1764 4657 1808 4688 ’⁷
1844 4656 2030 4712 Matth.
2057 4656 2244 4726 10,29.
2319 4658 2365 4688 ’⁸
2406 4657 2562 4714 Num.
2593 4674 2693 4727 xu,
2718 4663 2771 4716 '5.

2142 4831 2269 4888 τροι
2284 4819 2320 4888 η,
2349 4828 2596 4888 ρητορες.

2220 4883 2447 4955 (66)](3
2484 4883 2705 4965 ’δοριεηι
2757 4889 3030 4965 ιηεεηΝερ
3076 4893 3231 4950 aliter
3278 4893 3465 4965 legisse
3503 4883 3691 4965 videtur

2145 4953 2435 5023 interpres,
2467 4953 2573 5022 qui
2602 4963 2867 5014 verterit:
2895 4962 2955 5015 in
2990 4963 3237 5018 Domino.
3273 4953 3408 5019 Erilli
3439 4973 3548 5015 cum
3572 4953 3687 5016 ηεμ-

2144 5035 2336 5106 guarto
2380 5026 2438 5106 ἐν
2484 5028 2726 5106 Χριστῷ.
2764 5028 2859 5106 Hic
2904 5046 2999 5098 pro
3030 5023 3691 5106 ψυχήνμειιερὶυαιυτβοψς

2144 5094 2369 5170 beli‘sius
2403 5094 2689 5170 legendum
2729 5094 3018 5170 καύχησιν,
3045 5094 3386 5158 ὀιὶΓαῖνεσὶν
3419 5121 3432 5157 :
3465 5096 3550 5154 sed
3588 5094 3687 5159 t‘l"5

2142 5164 2508 5227 conjecturam
2548 5169 2720 5223 codex
2752 5164 2929 5224 nul'l'u's
2951 5164 3150 5228 tuetur.

2216 5233 2329 5316 (67)
2362 5233 2620 5316 Nonnulli
2640 5254 2769 5295 mss.
2792 5240 3128 5316 κατωρθώθη
3157 5260 3280 5315 μου.
3303 5243 3401 5299 Alii
3441 5250 3559 5294 mss.
3580 5237 3684 5284 cum

2141 5303 2663 5381 editisxqtztopbtbon
2696 5327 2803 5381 μοι.

2213 5373 2325 5445 (es)
2372 5373 2450 5431 lta
2480 5372 2610 5432 inss.
2634 5372 2776 5432 όιεὶο.
2809 5380 2949 5436 sunt
2983 5397 3114 5436 vero
3139 5383 3360 5439 δύναται
3387 5380 3489 5451 τῷ.Δ
3509 5372 3678 5451 Ἀκοιζ·

2141 5431 2392 5498 autem
2433 5431 2628 5519 πραεῖς
2645 5431 2757 5505 aut
2800 5431 3679 5526 mutassetis;“mae

2136 5531 2339 5571 τωσαν.

2207 5586 2319 5657 (69)
2346 5586 2595 5646 Nonnulli
2625 5606 2754 5650 mss.
2779 5593 2861 5648 ὅτι
2883 5593 3059 5666 πρᾶός
3092 5593 3231 5666 ειμι.

3905 2936 3909 3139 1
