4048 6220
411 336 513 391 ’557

1545 335 1828 390 HUMILIA
1871 335 1935 389 ΙΝ
1977 334 2308 392 PSALM-UM
2349 334 2586 390 XXXIII.

3561 333 3666 388 558

411 474 510 510 νει.
533 455 736 525 Μηδεὶς
761 454 1096 528 ταραχώδης,
1126 455 1261 526 μηδέ
1286 453 1552 526 τεθορυϐη
1563 459 1742 526 μένος,
1775 457 1908 526 μηδέ
1933 458 1996 509 ἐκ

2107 460 2353 512 assumit.
2394 456 2562 512 Nemo
2595 454 2956 520 turbulentus,
2986 467 3144 508 nemo
3171 450 3539 524 perturbatus,
3568 466 3668 506 nec

415 547 518 600 τῶν
549 545 735 598 παθῶν
763 547 859 616 τῆς
894 545 1095 617 σαρκὸς
1127 547 1225 615 τὴν
1257 547 1434 618 ψυχὴν
1483 548 1831 618 παροιστρῶν
1876 548 1988 618 (70)

413 639 838 707 ἐγκαταμιγήτω
871 653 978 707 μοι’
1011 637 1125 690 ἀλλ’
1156 638 1312 706 ὑμεῖς
1329 639 1378 691 οἱ
1405 642 1625 710 πραεῖς,
1656 640 1705 692 οἱ
1739 641 1798 692 τὸ
1832 639 1988 710 βεϐη-

413 730 508 796 κὸς
550 731 644 783 καὶ
687 729 944 792 εὐσταθὲς
986 731 1086 801 τῆς
1127 729 1306 800 ψυχῆς
1347 731 1794 802 κατωρθωκότες,
1837 733 1897 785 τὸ
1936 733 1992 784 δὲ

413 822 618 892 νωθρὸν
655 821 746 874 καὶ
781 821 1020 885 ὑπνῶδες
1049 823 1183 891 πρὸς
1208 822 1305 886 τὰς
1329 822 1436 876 τῶν
1466 822 1816 894 καθηκόντων
1847 826 1995 895 ἐνερ-

413 913 567 980 γείας
613 913 1008 984 ἀποσειόμενοι,
1067 915 1226 984 ὑμεῖς
1283 913 1617 984 μεγαλύνατε
1668 916 1757 967 τὸν
1791 914 1997 986 Κύριον

419 1005 513 1056 σὺν
541 1005 683 1074 ἐμοί.
709 1005 1017 1073 Μεγαλύνει
1042 1005 1098 1058 δὲ
1126 1005 1217 1058 τὸν
1257 1005 1463 1076 Κύριον
1493 1007 1520 1056 ὁ
1549 1006 1756 1077 μεγάλῃ
1787 1006 1995 1077 διανοίᾳ

416 1097 512 1150 καὶ
542 1097 733 1168 γαύρῳ
779 1098 856 1168 τῷ
889 1099 1195 1169 φρονήματι
1235 1099 1330 1152 καὶ
1364 1098 1658 1170 ἐπηρμένῳ
1696 1100 1821 1162 τοὺς
1853 1098 1995 1169 ὑπὲρ

414 1186 515 1256 τῆς
560 1186 839 1249 εὐσεϐείας
889 1186 1233 1257 πειρασμους
1284 1187 1593 1258 ὑπομένων.
1660 1189 1890 1240 Ἔπειτα
1937 1188 1995 1240 δὲ

416 1279 511 1329 καὶ
543 1280 570 1330 6
599 1277 810 1348 μεγάλῃ
842 1280 907 1349 τῇ
941 1277 1148 1349 διανοίᾳ
1179 1279 1272 1332 καὶ
1318 1279 1635 1350 θεωρήμασι
1677 1278 1997 1348 βαθυτάτοις

416 1370 484 1421 τὰ
518 1369 720 1440 μεγέθη
752 1371 849 1440 τῆς
879 1370 1106 1432 κτίσεως
1133 1370 1401 1442 καθορῶν,
1439 1371 1505 1423 ἵν’
1531 1374 1594 1424 ἐκ
1617 1371 1707 1424 τοῦ
1738 1371 1999 1442 μεγέθους

418 1462 513 1516 κα)⁸
560 1462 656 1534 τῆς
707 1462 970 1534 καλλονῆς
1019 1461 1125 1515 τῶν
1179 1464 1494 1533 κτισμάτων
1544 1463 1632 1516 τὸν
1684 1481 1996 1534 γενεσιουρ-

417 1554 512 1623 γδν
549 1554 658 1624 (7l)
703 1555 879 1608 αὐτῶν
919 1555 1192 1628 θεωρήσῃ.
1233 1557 1381 1627 ’Ὀσῳ
1419 1556 1527 1630 γάρ
1569 1575 1653 1620 τις
1686 1558 1776 1609 ἐπὶ
1815 1557 1998 1611 πλεῖον

417 1645 711 1717 ὲμῦαθύνει
756 1649 868 1710 τοῖς
900 1647 1078 1715 λόγοις
1119 1645 1240 1699 καθ’
1279 1647 1372 1710 οὓς
1415 1646 1704 1716 γεγένηται
1744 1647 1812 1699 τά
1848 1646 1996 1710 ὄντα,

421 1738 514 1790 καὶ
552 1737 671 1790 καθ’
717 1737 808 1801 οὓς
852 1741 1253 1810 οἰκονομεῖται,
1285 1738 1526 1809 τοσούτῳ
1575 1737 1773 1808 μᾶλλον
1808 1736 2001 1808 θεωρεῖ

2099 550 2386 619 quisquam
2429 548 2518 618 qui
2567 561 2888 601 carnearum
2927 543 3269 600 alI'ectionum
3303 554 3470 600 uestro
3500 549 3666 598 exsti-

2106 641 2274 694 mulet
2300 640 2560 700 animam,
2594 640 2725 692 mihi
2758 639 3122 708 atljungatur:
3155 638 3249 691 sed
3280 651 3374 690 vos
3405 637 3671 690 mansueti

2101 731 2193 798 qui
2216 729 2566 783 stabilitatem
2590 728 3013 796 lirmitatemque
3037 726 3204 780 animi
3223 726 3495 781 consecuti
3517 725 3674 791 estis,

2101 825 2404 880 socordiam
2436 835 2615 877 autem
2653 838 2717 876 ac
2751 837 3000 892 soporem
3030 822 3094 874 ad
3121 819 3295 874 ofﬁcia
3327 819 3670 888 exsequenda

2101 917 2442 981 excussistis,
2481 931 2577 970 vos
2606 913 2947 984 magniﬁcate
2975 913 3258 966 Dominum
3287 926 3517 965 mecum.
3554 909 3670 963 Ma-

2104 1009 2326 1080 guiﬁcat
2352 1020 2530 1062 autem
2564 1007 2846 1061 Dominum
2885 1007 2964 1067 is,
3009 1005 3099 1072 qui
3137 1019 3328 1074 magna
3367 1013 3580 1067 mente,
3621 1012 3675 1056 et

2103 1099 2246 1154 elato
2273 1113 2336 1151 ac
2360 1106 2546 1151 erecto
2574 1095 2767 1165 spiritu
2796 1094 3120 1148 tentationes
3158 1109 3254 1160 pro
3283 1093 3483 1162 pietate
3511 1092 3677 1146 susti-

2105 1201 2216 1244 net.
2253 1189 2452 1243 Deinde
2478 1188 2663 1252 etiam,
2700 1187 2791 1254 qui
2823 1199 3018 1254 magno
3053 1183 3234 1237 animo
3273 1191 3328 1237 et
3358 1183 3673 1253 profundis-

2105 1283 2260 1339 simis
2312 1278 2858 1349 contemplationibus
2918 1274 3316 1346 magnitudines
3383 1275 3678 1330 creatiouis

2105 1371 2435 1435 considerat,
2469 1379 2524 1421 ut
2559 1383 2625 1422 ex
2659 1365 3026 1436 magnitudine
3061 1374 3435 1419 creaturarum
3479 1373 3534 1418 et
3560 1364 3678 1434 pul-

2106 1463 2413 1519 chritudine
2462 1471 2614 1514 ortus
2684 1473 2870 1513 earum
2921 1469 3202 1513 auctorem
3255 1456 3675 1526 contempletur.

2107 1559 2319 1627 Quanto
2363 1559 2508 1612 enim
2545 1557 2665 1626 quis
2707 1555 2869 1611 altius
2909 1563 3157 1622 penetrat
3187 1554 3448 1620 rationes,
3481 1552 3680 1622 quibus

2107 1655 2321 1710 condita
2353 1663 2476 1707 sunt
2500 1665 2563 1705 ac
2594 1661 2853 1719 reguntur
2875 1648 3147 1714 universa,
3177 1655 3326 1702 tanto
3358 1646 3528 1716 magis
3565 1647 3674 1700 Do-

2113 1746 2244 1801 mini
2283 1742 2734 1813 magniﬁcentiam
2766 1741 3098 1811 speculatur,
3140 1749 3194 1794 et
3232 1747 3494 1808 quantum
3528 1737 3579 1790 in
3621 1749 3681 1791 se

418 1828 517 1900 τὴν
563 1830 1035 1901 μεγαλοπρέπειαν
1083 1830 1174 1883 τοῦ
1220 1831 1459 1901 Κυρίου,
1505 1831 1598 1882 καὶ
1636 1829 1696 1881 τὸ
1745 1829 1866 1881 ὅσον
1916 1828 2000 1896 ἐφ’

2107 1848 2208 1904 est,
2234 1839 2522 1892 Dominum
2548 1833 2874 1904 magniﬁcat.
2901 1834 3164 1901 Quoniam
3189 1833 3352 1903 igitur
3371 1847 3473 1886 una
3497 1845 3670 1896 mens,

420 1920 632 1991 ἐαυτῷ,
683 1921 972 1992 μεγαλύνει
1007 1922 1096 1975 τὸν
1155 1923 1376 1991 Κύριον.
1434 1922 1586 1974 Ἐπεὶ
1617 1917 1707 1973 οὖν
1755 1915 1833 1983 εἷς
1879 1919 2000 1982 νοῦς

421 2011 513 2063 καὶ
539 2012 656 2075 ἑνὸς
699 2013 890 2082 ἀνδρὸς
925 2012 1155 2083 μελέτη,
1186 2013 1306 2066 οὐδέ
1349 2013 1485 2083 πρὸς
1520 2013 1692 2082 βραχὺ
1738 2011 2005 2082 αὐταρκεῖ

420 2103 556 2174 πρὸς
577 2104 672 2173 τὴν
701 2103 809 2156 τῶν
841 2103 1144 2174 μεγαλείων
1163 2105 1256 2156 τοῦ
1282 2104 1416 2157 Θεοῦ
1444 2104 1768 2176 κατάληψιν,
1799 2104 2004 2166 πάντας

422 2194 554 2264 ὁμοῦ
586 2195 709 2258 τοὺς
736 2197 928 2265 πραεῖς
951 2197 1032 2259 είς
1060 2196 1158 2267 τὴν
1184 2195 1468 2249 κοινωνίαν
1493 2196 1699 2266 ταύτης
1725 2196 1824 2266 τῆς
1853 2199 2005 2267 ἐνερο

419 2287 573 2353 γείας
619 2289 1056 2360 παραλαμϐάνει.
1109 2291 1200 2342 Δεῖ
1232 2290 1339 2360 γάρ
1390 2290 1570 2344 πᾶσαν
1624 2290 1818 2362 σχολὴν
1851 2290 2003 2358 ἄγειν

419 2380 526 2431 ἀπὸ
560 2379 802 2451 θορύϐων
836 2382 943 2434 τῶν
973 2381 1193 2447 ἔξωθεν,
1228 2383 1323 2435 καὶ
1365 2385 1543 2436 πᾶσαν
1577 2385 1808 2453 ἡσυχίαν
1841 2385 1898 2436 ἐν
1927 2382 2005 2454 τῷ

421 2473 648 2543 κρυπτῷ
676 2475 774 2545 τῆς
805 2474 1030 2546 καρδίας
1069 2475 1436 2544 βουλευτηρίῳ
1473 2476 1800 2545 ποιήσαντα,
1835 2473 2006 2538 οὕτως

422 2565 732 2618 ἐπιϐάλλειν
779 2569 844 2636 τῇ
907 2565 1109 2637 θεωρίᾳ
1147 2567 1246 2637 τῆς
1293 2565 1574 2636 ἀληθείας.
1617 2565 1860 2629 Ἀκούεις
1911 2566 2003 2619 τοῦ

424 2657 913 2728 ἐξομολογουμένου
962 2659 1060 2730 τὴν
1110 2659 1405 2730 ἁμαρτίαν,
1455 2659 1507 2711 τί
1564 2677 1767 2729 φησιν;
1837 2661 2003 2713 Ἑτα-

415 2748 613 2817 ράχθη
658 2749 775 2801 ἀπὸ
814 2752 1001 2818 θυμοῦ
1044 2753 1076 2802 ὀ
1119 2750 1426 2819 ὀφθαλμός
1459 2769 1599 2820 μου.
1633 2752 1707 2804 Οὐ
1754 2751 1912 2822 μόνον
1948 2751 2006 2804 δὲ

425 2841 616 2910 θυμὸς,
654 2839 787 2892 ἀλλὰ
829 2843 921 2893 καὶ
974 2840 1256 2911 ἐπιθυμία,
1312 2843 1404 2895 καὶ
1451 2842 1642 2903 δειλία,
1688 2843 1782 2896 καὶ
1814 2843 2006 2913 φθόνος

425 2931 700 3001 ὀφθαλμὸν
729 2931 907 3001 ψυχῆς
943 2932 1274 3002 ἐκταράσσει
1293 2949 1305 2963 ·
1340 2935 1435 2985 καὶ
1466 2933 1801 2998 ἁπαξαπλῶς
1832 2935 2006 2988 πάντα

424 3025 492 3077 τὰ
523 3025 668 3094 πάθη
700 3025 1002 3094 συγχυτικά
1034 3027 1127 3078 καὶ
1158 3027 1530 3098 ἐκταρακτικὲι
1564 3027 1656 3080 τοῦ
1697 3027 2003 3098 διορατικοῦ

424 3119 524 3188 τῆς
577 3118 753 3188 ψυχῆς
811 3121 946 3171 ἐστι.
1003 3119 1111 3172 Καὶ
1157 3119 1228 3181 ὡς
1277 3119 1336 3172 οὐ
1384 3119 1606 3172 δυνατὸν
1651 3121 2006 3192 τεθολωμένῳ

2104 1941 2158 1986 et
2185 1929 2346 1982 unius
2381 1927 2482 1980 viri
2517 1925 2791 1981 meditatio
2823 1941 2889 1978 ne
2914 1923 2980 1978 ad
3012 1923 3179 1978 breve
3213 1923 3430 1992 quidem
3469 1931 3682 1991 tempus

2103 2021 2296 2076 suﬁicit
2340 2021 2408 2074 ad
2448 2017 2731 2088 magniﬁca
2769 2032 2934 2086 opera
2998 2017 3089 2071 Dei
3130 2014 3680 2086 comprehendenda:

2103 2129 2293 2169 omnes
2331 2111 2490 2166 simul
2535 2120 2843 2164 ruansuetos
2874 2109 2939 2164 ad
2974 2107 3133 2177 hujus
3167 2107 3398 2163 actionis
3432 2110 3675 2162 societa-

2106 2216 2212 2262 tem
2247 2205 2496 2260 assumit.
2530 2202 2756 2273 Oportet
2789 2203 2935 2256 enim
2967 2202 3034 2255 ab
3080 2201 3323 2256 externis
3365 2200 3683 2255 tumultibus

2105 2299 2325 2356 omnino
2368 2296 2529 2368 146
2555 2310 2772 2357 vacare,
2804 2303 2858 2350 et
2888 2293 3035 2348 omni
3070 2293 3251 2362 quiete
3273 2293 3328 2346 in
3360 2293 3681 2348 abscondito

2106 2390 2284 2445 cordis
2312 2403 2525 2443 recessu
2551 2385 2873 2447 constituta,
2898 2391 3011 2436 tum
3040 2382 3256 2437 demum
3287 2381 3534 2437 veritatis
3559 2398 3684 2436 con-

2108 2479 2443 2548 templationi
2501 2477 2740 2531 animum
2801 2476 3055 2544 adjicere.
3110 2474 3280 2530 Audis
3333 2474 3682 2530 conﬁtentem

2107 2579 2412 2640 peccatum,
2464 2569 2594 2638 quid
2627 2567 2800 2622 dicit?
2849 2565 3111 2620 Turbatus
3157 2576 3234 2620 est
3280 2567 3345 2620 ab
3379 2567 3460 2620 ira
3502 2566 3684 2621 oculus

2108 2679 2252 2716 meus
2273 2663 2341 2716 ".-
2393 2661 2508 2716 Non
2543 2671 2722 2716 autem
2757 2661 2836 2714 ira
2871 2659 3065 2724 solum,
3112 2658 3208 2713 sed
3239 2658 3681 2728 concupiscentia

2109 2755 2272 2810 etiam
2302 2765 2356 2809 et
2401 2754 2683 2819 timiditas,
2719 2763 2772 2807 et
2820 2752 3021 2806 invidia
3051 2751 3262 2805 oculum
3309 2751 3503 2804 animae
3555 2765 3684 2804 con-

2110 2847 2325 2912 turbat;
2351 2855 2408 2900 et
2433 2847 2485 2898 in
2515 2846 2846 2909 universum,
2876 2842 3266 2898 commotiones
3292 2857 3480 2896 omnes
3507 2843 3680 2897 aciem

2112 2939 2276 2993 animi
2313 2946 2477 3006 atque
2509 2937 2975 3006 perspicacitatem
3009 2935 3343 2990 confundunt
3374 2949 3439 2991 ac
3470 2945 3686 3005 pertur-

2111 3034 2259 3088 bant.
2291 3030 2357 3084 Et
2380 3032 2828 3100 quemadmodum
2856 3032 2968 3087 ﬁeri
2995 3046 3097 3086 non
3123 3040 3296 3099 potest
3326 3039 3383 3084 ut
3409 3040 3685 3092 accurate,

2111 3127 2266 3182 oculo
2305 3126 2518 3180 turbato
2568 3123 3044 3192 deprehendantur
3074 3123 3307 3178 visibilia
3346 3140 3360 3176 :
3401 3123 3479 3178 sic
3524 3126 3686 3178 etiam

425 3207 690 3278 ὀφθαλμῷ
718 3208 918 3279 ἀκριϐῆ
958 3207 1142 3260 λαϐεῖν
1173 3208 1280 3260 τῶν
1311 3209 1520 3278 ὁρατῶν
1557 3210 1656 3280 τὴν
1685 3191 2002 3282 κατάληψιν,

2115 3219 2329 3273 turbato
2361 3217 2545 3278 corde,
2579 3217 2645 3269 ad
2675 3215 2922 3270 veritatis
2949 3215 3462 3285 contemplationem
3487 3215 3689 3269 incum-
3779 3207 3784 3211 ’

426 3300 597 3364 οὕτως
643 3301 760 3352 οὐδέ
805 3300 1148 3374 τεθολωμένῃ
1184 3300 1382 3372 καρδίᾳ
1429 3303 1495 3372 τῇ
1539 3304 1862 3373 κατανοήσει
1911 3303 2010 3373 τῆς

429 3397 684 3466 ἀληθείας
732 3397 1032 3450 ἐπιϐαλεῖν.
1092 3397 1465 3468 Ἀναχωρῆσαι
1513 3391 1604 3449 οὖν
1649 3397 1728 3448 δεῖ
1762 3397 1869 3450 τῶν
1914 3397 2008 3450 τοῦ

429 3490 633 3560 κόσμου
675 3489 1048 3562 πραγμάτων,
1080 3491 1173 3544 καὶ¹
1225 3491 1364 3561 μήτε
1411 3490 1476 3542 δι’
1515 3490 1827 3562 ὀφθαλμῶν,
1872 3493 2006 3563 μήτε

427 3583 494 3636 δι’
525 3581 697 3646 ὤτων,
733 3585 866 3655 μήτε
903 3584 967 3635 δι’
996 3583 1162 3654 ἄλλης
1187 3584 1331 3647 τινὸς
1365 3583 1670 3654 αἰσθήσεως
1697 3585 2008 3652 ἐπεισάγειν

427 3678 738 3749 ἀλλοτρίους
766 3679 1056 3748 λογισμοὺς
1092 3681 1154 3748 τῇ
1182 3677 1348 3748 ψυχῇ.
1385 3677 1641 3749 Θορύϐων
1669 3678 1776 3749 γὰρ
1817 3679 2009 3748 άσιγή-

425 3789 534 3823 των
569 3771 661 3823 καὶ
695 3773 935 3824 στάσεων
979 3771 1350 3824 άδιαλλάκτων
1380 3771 1773 3841 άναπιμπλῶσι
1817 3771 1886 3824 τά
1924 3771 2009 3823 ἐν·

424 3864 510 3917 δον
539 3867 584 3916 οί
617 3864 710 3916 τοῦ
738 3867 1079 3936 φρονήματος
1113 3865 1211 3935 τῆς
1237 3863 1440 3935 σαρκὸς
1465 3863 1883 3934 ἐπανιστάμενοι
1911 3865 2008 3916 πό-

425 3956 479 4008 λε
490 3974 598 4026 μοι.
639 3958 692 4009 Ἐ
698 3957 994 4025 ﬁert/ianua
1024 3957 1131 4010 τὸν
1155 3958 1397 4024 Κύριον,
1423 3957 1520 4010 καί
1541 3956 1850 4025 ἐπήκουσέ
1865 3975 2003 4026 μου.

425 4047 641 4112 Ταῦτα,
673 4049 866 4118 φησιν,
900 4049 1290 4102 ἀκουσάτωσαν
1323 4052 1372 4102 οί
1411 4052 1626 4121 πραεῖς,
1671 4051 1752 4102 ὅτι
1792 4048 1903 4118 ἐγὼ
1949 4051 2007 4102 ἐν

424 4140 502 4210 τῷ
529 4140 704 4211 καιρῷ
731 4142 921 4212 ἐκείνῳ
945 4142 1022 4212 τῷ
1052 4141 1295 4212 χαλεπῷ,
1320 4143 1408 4194 ὅτε
1434 4143 1542 4206 πᾶς
1577 4143 1674 4213 μὲν
1706 4141 1872 4212 θυμὸς
1899 4141 2007 4194 τῶν

429 4231 910 4297 μνησικακούντων
955 4233 1185 4285 ἐκινεῖτο
1231 4233 1342 4303 (7'2)
1383 4236 1501 4286 κατ’
1554 4231 1709 4303 ἐμοῦ,
1756 4233 1902 4284 πᾶσα
1947 4229 2006 4283 δὲ

426 4320 548 4390 χεὶρ
577 4323 662 4372 ἐπ’
698 4323 798 4391 ἐμὲ
843 4323 1144 4388 ὡπλίζετο,
1176 4326 1380 4396 γυμνὸς
1428 4324 1484 4377 δὲ
1524 4324 1634 4393 ἐγὼ
1674 4325 1767 4377 καὶ
1808 4322 2006 4386 ἄοπλος

427 4409 640 4480 ἕτοιμος
681 4413 760 4474 εἰς
789 4414 967 4465 πᾶσαν
1001 4415 1185 4468 αἰκίαν
1230 4415 1518 4486 ἐξεκείμην
1548 4417 1660 4478 τοῖς
1705 4413 2002 4484 πολεμίοις,

425 4500 545 4552 τότε
574 4502 635 4552 οὐ
673 4503 971 4573 συνεχύθην
1010 4507 1135 4567 τοὺς
1172 4505 1554 4577 διαλογισμοὺς
1581 4506 1660 4575 τῷ
1698 4506 1868 4575 φόϐῳ,
1904 4507 2002 4558 οὐκ
2036 4539 2080 4592 D

426 4589 788 4660 ἐξεκρούσθην
823 4594 886 4643 ἐκ
921 4591 1020 4662 τῆς
1046 4593 1138 4644 τοῦ
1168 4593 1302 4646 Θεοῦ
1350 4595 1554 4656 ἐννοίας
1575 4637 1588 4659 ,
1625 4594 1724 4645 οὐκ
1752 4594 2002 4661 άπέγνων

423 4679 523 4748 τῆς
549 4681 788 4748 ἐμαυτοῦ
817 4683 1108 4752 σωτηρίας,
1139 4683 1252 4735 ἀλλ’
1277 4682 1606 4751 ἑξεζήτησα
1631 4683 1739 4735 τὸν
1759 4683 1980 4750 Κύριον

425 4773 559 4841 Οὐχὶ
592 4771 834 4843 ἐζήτησα
881 4774 1040 4844 μόνον
1069 4774 1247 4844 ἁπλῆν
1285 4792 1402 4827 τινα
1447 4775 1540 4827 καὶ
1577 4773 1830 4844 χρονικὴν
1865 4773 1998 4846 πρὸς

421 4862 514 4914 τὸν
540 4861 743 4933 Κύριον
766 4863 974 4927 ἐλπίδα,
997 4864 1110 4917 ἀλλ’
1131 4863 1452 4936 ὲξεζήτησα.
1478 4864 1666 4918 Πλεῖον
1688 4865 1795 4936 γάρ
1815 4882 1867 4917 τι
1889 4865 1999 4934 (75)

421 4954 570 5025 δηλοῖ
600 4955 749 5025 παρά
794 4957 852 5008 τὸ
885 4954 1133 5024 ζητῆσαι
1178 4958 1211 5028 ἡ
1256 4956 1493 5026 ἔμφασις
1529 4956 1620 5010 τοῦ
1659 4956 1997 5024 ἐκζὴτῆσαι,

420 5046 494 5109 ὡς
529 5047 620 5099 καὶ
651 5047 800 5118 παρά
831 5047 928 5118 τὴν
956 5047 1181 5119 ἔρευναν
1207 5052 1240 5119 ἡ
1275 5049 1639 5120 ἐξερεύνησις.
1682 5047 1996 5111 Ἐξέλιπον

420 5138 529 5207 γὰρ
557 5137 985 5205 ἐξερευνῶντες
1024 5138 1460 5206 ἐξερευνήσας.
1503 5136 1708 5207 Πολλὴν
1755 5132 1846 5190 οὖν
1879 5154 1997 5190 τινα

424 5229 616 5300 σχολὴν
663 5231 755 5284 καὶ
791 5229 1089 5302 ἀταραξίαν
1144 5233 1171 5283 6
1222 5230 1378 5299 λόγος
1426 5231 1722 5299 παρίστησι
1767 5227 1854 5280 διά
1899 5223 1998 5298 τῆξ

420 5321 784 5392 ἐκζητήσεως.

492 5435 540 5467 ²⁹
572 5433 796 5492 Psal.vt
847 5436 900 5492 8.
981 5437 1025 5468 ’°
1066 5436 1208 5492 Psal.
1259 5453 1416 5502 LXIII,
1461 5438 1512 5492 7.

632 5591 724 5668 _Sic
752 5593 1074 5668 multiﬂmss.
1094 5595 1165 5668 At
1187 5594 1312 5650 editi
1338 5597 1780 5668 ὲμπαροιστρῶν.

494 5663 606 5729 (7t)
633 5661 822 5738 Nostra
853 5665 1018 5718 editio
1050 5665 1220 5720 Paris.
1241 5661 1528 5738 operarum
1555 5661 1840 5723 oscitantia
1867 5687 1992 5738 γεν-

421 5732 733 5813 νεσιουργόν
772 5748 870 5802 pro
900 5732 1302 5813 yevsctoupydj.
1360 5738 1526 5813 utiuin
1584 5754 1718 5795 mss.
1775 5732 1990 5812 legitur.

424 5804 619 5877 Statim
644 5802 776 5874 Reg.
811 5805 1076 5862 secundus
1104 5802 1358 5861 τοσοῦτον
1388 5807 1626 5878 μᾶλλον..

2111 3311 2240 3364 bere
2262 3326 2367 3363 non
2397 3323 2704 3378 possumus.
2733 3307 2998 3362 Secedere
3022 3306 3188 3376 igitur
3209 3319 3422 3375 oportet
3445 3321 3473 3360 a
3503 3308 3686 3360 mtmdi

2112 3404 2295 3466 rebus,
2325 3413 2377 3456 et
2409 3417 2582 3471 neque
2613 3416 2709 3470 per
2735 3399 2942 3464 oculos,
2972 3414 3144 3468 neque
3173 3415 3270 3467 per
3301 3414 3482 3460 aures,
3511 3414 3691 3468 neque

2081 3507 2205 3560 -per
2235 3491 2399 3544 alium
2425 3489 2589 3544 ullum
2620 3503 2840 3544 sensum
2869 3488 3235 3558 cogitationes
3258 3488 3462 3542 alienas
3485 3487 3538 3541 in
3571 3489 3690 3541 aui-

2112 3600 2253 3638 mam
2281 3584 2649 3638 introducere.
2678 3580 2808 3646 Quae
2853 3581 2994 3634 enim
3021 3595 3084 3634 ex
3109 3580 3292 3636 carnis
3337 3580 3570 3634 elatione
3593 3595 3690 3632 ex-

2109 3675 2357 3729 oriuntur
2372 3673 2530 3740 bella,
2551 3673 2866 3726 tumultibus
2882 3672 3152 3726 coutinuis
3177 3681 3232 3726 et
3255 3672 3689 3740 implacabilibus

2110 3767 2463 3822 seditionibus
2492 3765 2750 3820 interiora
2775 3765 3064 3834 complent.
3096 3763 3286 3836 (Vens.
3313 3764 3390 3834 5.)
3417 3764 3690 3835 Exquisivi

2111 3861 2428 3925 Dominum,
2470 3871 2517 3914 et
2546 3859 2811 3914 exaudivit
2862 3875 2961 3912 me.
3011 3857 3169 3923 Hmc,
3207 3858 3415 3927 inquit,
3465 3858 3691 3911 audiant

2110 3955 2398 4016 mansueti,
2427 3952 2572 4022 quod
2603 3968 2703 4022 ego
2729 3952 2936 4007 difﬁcili
2967 3951 3061 4007 illo
3089 3962 3330 4023 tempore
3359 3967 3480 4006 cum
3509 3952 3688 4006 omnis

2111 4046 2456 4100 iuirnicorum
2510 4045 2588 4098 ira
2638 4054 2946 4099 moveretur
2992 4053 3181 4098 contra
3240 4059 3364 4111 me,
3400 4046 3690 4114 omnisque

2111 4153 2302 4192 manus
2340 4137 2605 4191 adversus
2635 4152 2722 4191 me
2759 4145 3082 4201 armaretur,
3115 4151 3217 4204 ego
3263 4151 3394 4191 vero
3427 4137 3603 4192 nudus
3629 4145 3685 4192 et

2109 4228 2332 4285 inermis
2360 4230 2424 4284 ad
2459 4244 2618 4284 omne
2647 4231 2966 4298 suppliciqu
2996 4229 3383 4300 perferendum
3409 4230 3686 4300 expositus

2110 4323 2354 4379 hostibus
2375 4338 2574 4387 essem,
2598 4338 2703 4376 non
2731 4334 2906 4377 tamen
2935 4332 3061 4377 tunc
3083 4321 3339 4377 contusus
3362 4336 3479 4376 sum
3501 4322 3683 4375 animo

2109 4429 2218 4483 pra:
2247 4414 2475 4477 timore,
2504 4427 2609 4466 nou
2650 4427 2766 4466 sum
2815 4427 2846 4466 a
2879 4412 2968 4465 Dei
3018 4413 3347 4482 cogitatione
3393 4421 3684 4478 avocatus,

2109 4522 2212 4560 non
2246 4505 2472 4559 salutem
2509 4518 2685 4556 meam
2731 4503 3032 4572 desperavi,
3079 4501 3172 4556 sed
3216 4501 3476 4571 exquisivi
3505 4501 3684 4556 Domi-

2108 4612 2253 4649 num.
2286 4595 2401 4649 Non
2434 4595 2654 4663 quaesivi
2700 4594 2874 4649 solum
2919 4593 3151 4663 simplici
3183 4592 3414 4662 quadam
3446 4603 3501 4647 et
3532 4601 3685 4647 tem-

2109 4686 2320 4755 poraria
2364 4684 2416 4739 iu
2469 4685 2756 4739 Dominum
2809 4700 2936 4755 spe,
2990 4684 3084 4739 sed
3131 4683 3423 4754 exquisivi.
3463 4682 3676 4739 Etenim

2105 4779 2379 4847 emphasis
2408 4779 2555 4833 verbi
2587 4781 2859 4848 exquirere
2888 4777 3116 4846 amplius
3161 4777 3417 4847 quiddam
3462 4777 3672 4847 signiﬁ-

2106 4878 2213 4934 cat,
2241 4885 2402 4939 quam
2452 4871 2675 4924 verbum
2709 4886 2964 4939 quaerere,
3016 4869 3473 4939 quemadmodum
3517 4867 3678 4923 etiam

2107 4961 2466 5030 perscrutatio
2506 4961 2629 5030 plus
2664 4962 2793 5017 dicit
2829 4975 2991 5030 quam
3041 4960 3328 5016 acrutatio.
3362 4957 3676 5029 Defecerunt

2103 5053 2237 5106 enim
2271 5064 2655 5122 perscrutantes
2687 5054 3130 5118 perscrutatione:
3157 5052 3224 5106 ³ο.
3266 5049 3494 5105 Multum
3522 5050 3686 5118 igitur

2104 5145 2198 5199 otii
2231 5160 2295 5199 ac
2343 5145 2747 5214 tranquillitatis
2776 5146 2996 5202 exhibet
3039 5146 3129 5201 hic
3169 5158 3348 5200 sermo
3404 5157 3498 5212 per
3530 5141 3676 5196 illam

2105 5236 2542 5306 exquisitionem.

2176 5598 2288 5667 (72)
2338 5596 2471 5666 Reg.
2496 5595 2686 5667 tertius
2715 5593 3015 5667 ἐκεκίνητο.
3057 5593 3177 5652 Mox
3201 5594 3334 5666 Reg.
3375 5596 3566 5652 tertius
3606 5594 3677 5667 in

2105 5664 2361 5722 contextu
2394 5664 2708 5736 λογισμούς,
2737 5666 2789 5719 in
2824 5664 3075 5738 margine
3106 5683 3231 5723 vero
3272 5664 3674 5738 διαλογισμούς.

2177 5739 2288 5809 (75)
2320 5740 2391 5791 Ita
2445 5738 2595 5791 multi
2636 5752 2763 5790 mss.
2788 5807 2795 5809 Α
2820 5737 2996 5809 [ﬂgitio
3034 5752 3162 5795 vero
3212 5739 3382 5796 Paris.
3437 5737 3544 5808 γάρ
3573 5754 3674 5793 τοι.
3714 5740 3722 5746 ’

2107 5805 2300 5866 Statim
2329 5809 2462 5882 Reg.
2492 5809 2760 5866 secundus
2783 5805 3078 5872 ἐξέλειπον.
