4048 6220
423 235 530 293 3³59
1738 237 1778 293 S

1837 237 2084 295 BASILlI
2119 240 2331 295 MAGNI

3560 242 3675 300 360

480 338 549 411 ’4.
608 354 675 411 Et
736 370 800 409 ex
844 354 1081 408 omnibus
1137 353 1564 409 tribulationibus
1626 361 1755 412 meis
1800 360 1977 426 eripui.

2166 360 2218 414 4.
2260 359 2371 414 Kal
2407 359 2475 412 ἐκ
2513 358 2730 414 πασῶν
2763 357 2884 413 τῶν
2918 360 3185 429 θλίψεών
3213 378 3332 430 μου
3370 344 3701 444 apponant:

421 465 524 506 me.
563 448 696 504 Tota
742 447 871 519 justi
915 448 1025 501 vita
1058 445 1110 500 in
1141 442 1523 502 aﬂlictionibus
1564 449 1741 518 posita
1784 459 1890 511 est,
1940 463 1996 504 et

422 539 583 592 Arcta
635 548 787 608 atque
850 547 1074 605 angusta
1112 546 1185 589 est
1233 536 1314 591 uia
1359 537 1441 603 ³¹;
1488 547 1544 591 et
1589 536 1774 592 Multa'
1821 538 1994 593 tribu-

372 620 385 631 ’
421 630 641 684 lationes
663 630 933 700 justorum
975 630 1040 680 “.
1088 628 1297 684 Idcirco
1342 638 1396 683 et
1424 630 1714 699 Apostolus
1764 632 1879 687 ait:
1930 631 1993 686 In

420 723 657 777 omnibus
700 721 973 792 amicti”;
1010 731 1086 785 et,
1128 720 1391 787 Quoniam
1425 737 1518 790 per
1564 724 1762 777 multas
1808 723 1984 777 tribu-

418 813 637 868 lationes
671 814 867 882 oportet
908 829 1001 865 nos
1032 815 1232 866 intrare
1263 813 1318 866 in
1356 829 1573 882 regnum
1622 814 1801 868 Dei“.
1832 814 1992 869 Libe-

414 917 503 962 rat
530 915 708 960 autem
741 921 807 959 ex
854 904 1205 958 tribulatione
1258 914 1477 961 sanctos
1511 922 1639 961 suos
1679 907 1838 970 Deus,
1882 924 1989 963 non

414 998 560 1068 quod
596 997 717 1052 illos
774 997 911 1051 citra
953 999 1323 1067 probationem
1370 998 1661 1069 relinquat,
1707 1002 1802 1056 sed
1847 1002 1989 1070 quod

412 1089 728 1160 patientiam
775 1088 907 1157 ipsis
956 1088 1239 1159 largiatur.
1289 1088 1423 1145 Nam
1473 1091 1519 1146 si
1560 1090 1857 1146 Tn’bulatio
1894 1109 1988 1162 pa-

412 1181 654 1236 tientiam
683 1190 950 1249 operatur,
982 1183 1237 1250 patientia
1274 1197 1392 1235 vero
1422 1181 1782 1250 probationem
1801 1183 1867 1250 ³⁸,
1894 1184 1986 1255 qui

414 1273 815 1330 tribulationem
855 1274 1142 1337 detrectat,
1173 1274 1495 1344 probatione
1527 1290 1586 1329 se
1637 1276 1752 1345 ipse
1783 1277 1981 1345 privat.

412 1365 874 1435 Quemadmodum
903 1380 1032 1437 ergo
1063 1380 1220 1419 nemo
1254 1378 1552 1420 coronatur
1578 1366 1698 1421 sine
1728 1369 1984 1423 adversa-

410 1455 532 1510 rio:
560 1454 636 1509 sic
671 1468 844 1524 neque
875 1454 1134 1522 probatus
1189 1453 1476 1523 quisquam
1518 1454 1857 1524 pronuntiari
1891 1471 1985 1524 po-

412 1556 537 1614 test,
567 1546 669 1601 nisi
705 1561 799 1615 per
827 1543 1224 1599 tribulationes.
1264 1541 1349 1597 Ea:
1399 1544 1642 1598 omnibus
1680 1545 1846 1615 igitur
1886 1548 1981 1599 tri-

411 1639 764 1695 bulationibus
797 1637 924 1691 meis
956 1652 1038 1689 me
1063 1637 1282 1702 eripuit,
1311 1651 1417 1691 non
1447 1638 1589 1706 quod
1617 1637 1857 1693 divexari
1896 1652 1981 1692 me

2089 468 2186 521 με,
2232 452 2389 505 Πᾶσα
2430 454 2463 523 ἡ
2509 451 2603 505 τοῦ
2641 451 2846 505 δικαίου
2880 451 2992 524 ζωὴ
3021 452 3354 523 τεθλιμμένη
3388 453 3525 516 ἐστὶ,
3571 452 3703 509 aut?

2093 541 2284 611 Στενὴ
2333 542 2431 597 καὶ
2488 540 2842 612 τεθλιμμένη
2899 543 2934 605 1‘.
2986 542 3158 609 ὁδός·
3193 543 3305 609 καὶ,
3349 544 3572 597 Πολλαί
3608 547 3672 599 al

2093 635 2331 704 θλίψεις
2365 634 2485 688 τῶν
2536 634 2800 688 δικαίων.
2841 634 2940 688 Διὰ
2975 635 3132 688 τοῦτο
3170 635 3263 689 καὶ
3314 636 3372 708 ὁ.
3407 637 3671 690 Ἀπόστο-

2090 720 2183 783 λός
2223 738 2406 792 φησιν,
2472 723 2569 775 Ἐν
2616 722 2794 775 παντὶ
2840 724 3211 791 θλιϐόμενοι⁸
3249 724 3364 789 καὶ,
3410 726 3529 779 Ὀτι
3556 726 3664 780 διὰ

2091 813 2338 869 πολλῶν
2361 815 2626 883 θλίψεων
2653 814 2751 868 δεῖ
2772 813 2932 884 ἡμᾶς
2957 817 3045 880 εις
3063 816 3179 884 τὴν
3210 817 3534 881 βασιλείαν
3553 818 3669 873 τοῦ

2093 905 2241 961 Θεοῦ
2261 906 2577 960 εἰσελθεῖν.
2623 906 2840 961 Ῥύεται
2877 906 2933 962 δὲ
2970 907 3035 961 ὲκ
3068 906 3297 978 θλίψεως
3324 910 3448 972 τοὺς
3474 909 3671 978 ἁγίους

2090 997 2256 1052 αὐτοῦ
2286 1000 2313 1051 ό
2341 997 2492 1061 Θεὸς,
2526 998 2625 1052 οὐκ
2655 999 3053 1072 ἀδοκιμάστους
3084 1000 3283 1066 αὐτοὺς
3315 1001 3665 1071 καταλιμπά-

2088 1105 2217 1153 νων,
2253 1088 2388 1143 ἀλλά
2411 1089 2507 1162 τὴν
2539 1090 2816 1164 ὑπομονὴν
2842 1092 3026 1157 αὐτοῖς
3059 1093 3434 1165 χαριζόμενος.
3465 1097 3526 1149 El
3551 1095 3665 1167 γὰρ

2100 1180 2171 1234 Ἠ
2186 1181 2391 1250 θλίψις
2418 1181 2735 1252 ὑπομονὴν
2763 1184 3190 1254 κατεργάζεται,
3227 1187 3267 1254 ἡ
3295 1185 3363 1240 δὲ
3387 1187 3662 1256 ὑπομονὴ

2086 1271 2377 1343 δοκιμήν·
2418 1276 2447 1327 ὁ
2490 1275 2586 1346 τὴν
2631 1275 2809 1346 θλίψιν
2859 1277 3259 1350 ἀφαιρούμενος
3302 1280 3401 1350 τῆς
3433 1278 3663 1349 δοκιμῆς

2085 1362 2276 1416 ἑαυτὸν
2298 1364 2689 1437 ἀπεστέρησεν.
2718 1366 2807 1431 Ὠς
2830 1361 2921 1420 οὖν
2950 1368 3126 1432 οὐδεὶς
3155 1369 3510 1439 στεφανοῦται
3531 1369 3661 1422 ἀνευ

2083 1457 2511 1527 ἀνταγωνιστοῦ,
2543 1456 2716 1522 οὕτως
2747 1459 2868 1514 οὐδὲ
2902 1459 3123 1531 δόκιμος
3161 1461 3537 1530 ἀποφανθῆναι
3565 1459 3658 1512 δύ-

2082 1565 2236 1603 ναται
2275 1553 2322 1603 εί
2363 1551 2436 1622 μὴ
2481 1550 2593 1621 (74)
2626 1550 2716 1604 διὰ
2745 1551 2997 1621 θλίψεων.
3043 1553 3139 1607 Ἐκ
3175 1552 3391 1607 πασῶν
3423 1549 3515 1606 οὖν
3538 1555 3660 1607 τῶν

2082 1639 2348 1708 θλίψεων
2378 1639 2672 1707 ὲρῤύσατό
2701 1658 2798 1710 με,
2845 1642 2964 1711 οὐχὶ
3001 1641 3076 1713 μὴ
3109 1640 3213 1694 ὲῶν
3254 1658 3321 1713 με
3351 1640 3656 1704 θλίϐεσθαι,

410 1748 515 1786 non
553 1730 719 1798 sinat,
750 1728 841 1783 sed
884 1729 1025 1798 quod
1075 1743 1198 1783 cum
1248 1729 1550 1784 tentatione
1586 1730 1790 1785 exitum
1816 1729 1977 1784 etiam

2081 1706 2216 1783 ἀλλά
2253 1732 2349 1784 σὺν
2502 1706 2791 1803 πειρασμῷ
2827 1706 3076 1803 καίντὴν1
3099 1706 3344 1797 ἔκϐασιν,
3376 1732 3469 1786 τοῦ
3497 1732 3655 1786 δύνα-

407 1821 667 1892 prtebeat,
696 1819 829 1873 adeo
847 1828 904 1872 ut
936 1818 1075 1872 ferre
1094 1818 1300 1872 valeam
1323 1819 1390 1874 ⁸⁸.
1418 1818 1603 1891 (Vsus.
1640 1820 1717 1892 6.)
1745 1821 1982 1875 Accedite

405 1912 474 1964 ad
505 1926 644 1975 eum,
674 1918 723 1963 et
750 1908 1158 1973 illuminamini;
1202 1920 1249 1962 et
1295 1908 1457 1977 {acies
1495 1920 1678 1965 vestra:
1712 1927 1815 1965 non
1856 1928 1981 1965 con-

404 2003 714 2073 fundentur.
748 2001 849 2067 Qui
895 2000 949 2054 in
995 2000 1236 2055 tenebris
1269 2011 1325 2055 et
1356 1998 1410 2055 in
1453 2003 1642 2056 umbra
1682 2003 1870 2056 mortis
1901 2018 1982 2057 se-

403 2096 551 2159 dent,
585 2108 680 2149 eos
722 2093 973 2147 hortatur
1003 2101 1062 2146 ut
1095 2092 1161 2145 ad
1209 2091 1496 2146 Dominum
1544 2094 1888 2160 accedant",
1916 2109 1981 2150 ac

402 2186 569 2240 radiis
614 2184 913 2238 divinitatis
955 2182 1123 2252 ipsius
1158 2183 1613 2253 appropinquent,
1651 2193 1709 2238 ut
1760 2201 1827 2240 ex
1879 2201 1979 2257 ap-

402 2277 852 2350 propinquatione
898 2290 995 2345 per
1028 2276 1312 2330 veritatem
1351 2275 1630 2341 illustrati,
1665 2277 1977 2334 illustratio-

402 2388 525 2429 nem
552 2370 671 2442 ejus
711 2384 807 2440 per
837 2368 1067 2439 gratiam
1117 2366 1172 2422 in
1205 2382 1265 2423 se
1307 2367 1452 2437 ipsos
1508 2369 1791 2439 recipiant.
1826 2368 1979 2424 Sicut

399 2462 542 2520 enim
572 2464 686 2516 haec
713 2460 801 2515 lux
832 2458 1102 2515 sensibilis
1123 2474 1227 2514 non
1250 2459 1499 2514 omnibus
1521 2460 1769 2515 similiter
1792 2463 1973 2515 exori-

399 2564 504 2618 tur,
526 2554 617 2613 sed
636 2555 699 2609 iis
716 2554 805 2623 qui
823 2553 1020 2608 habent
1037 2552 1239 2619 oculos,
1255 2551 1412 2624 15.7
1431 2551 1777 2624 vigilantque,
1796 2555 1977 2610 etsine

403 2647 512 2701 ullo
545 2645 928 2717 impedimento
974 2643 1106 2698 solis
1145 2645 1433 2713 praesentia
1468 2644 1571 2698 frui
1603 2657 1828 2714 possunt
1856 2663 1870 2700 :
1900 2649 1974 2702 ita

397 2741 559 2795 etiam
590 2737 816 2809 iustitiae
843 2736 918 2792 sol
944 2736 1010 2801 ³⁸,
1050 2735 1189 2790 Vera
1236 2736 1352 2803 lux,
1404 2753 1521 2808 quae
1569 2739 1835 2792 illuminat
1870 2756 1977 2794 om-

398 2848 513 2887 nem
564 2830 828 2884 hominem
883 2829 1170 2882 venientem
1202 2829 1258 2883 in
1303 2830 1443 2883 hunc
1495 2831 1748 2882 mundum
1767 2832 1834 2897 ",
1869 2848 1972 2887 non

395 2923 650 2978 omnibus
691 2920 1034 2991 splendorem
1079 2934 1237 2974 suum
1283 2919 1535 2990 largitur,
1596 2922 1691 2975 sed
1739 2922 1844 2988 iis,
1879 2924 1971 2993 qui

397 3017 614 3088 dignam
664 3015 779 3085 ipso
822 3014 989 3069 vitam
1022 3016 1242 3082 degunt.
1274 3011 1395 3066 Lua:
1422 3013 1812 3083 enim,-inquit,
1853 3025 1968 3069 orta
2000 3052 2046 3114 Ο

395 3121 491 3177 est,
525 3124 629 3164 non
666 3107 964 3180 peccatori,
1015 3110 1107 3162 sed
1141 3105 1376 3175 justo“.
1410 3104 1481 3161 Ut
1508 3106 1653 3161 enim
1697 3117 1848 3162 ortus
1887 3119 1970 3164 est

395 3198 499 3263 sol,
537 3198 631 3252 sed
678 3213 784 3251 non
834 3196 1330 3266 vespertilionibus,
1363 3210 1463 3250 nec
1494 3196 1616 3250 aliis
1644 3198 1970 3254 animalibus

395 3298 558 3345 noctu
615 3289 682 3343 ad
731 3287 983 3357 pabulum
1034 3287 1463 3357 prodeuntibus:
1501 3287 1571 3341 ita
1616 3303 1828 3358 quoque
1879 3288 1967 3344 lux

395 3395 493 3435 sua
523 3379 741 3448 quidem
786 3386 976 3432 natura
1017 3377 1295 3447 splendida
1326 3387 1435 3443 est,
1464 3393 1527 3434 ac
1555 3378 1607 3432 vi
1633 3379 1968 3436 illuminandi

394 3473 651 3545 praedita;
681 3486 784 3525 non
818 3480 994 3524 tamen
1024 3485 1212 3526 omnes
1238 3469 1503 3527 claritatis
1532 3473 1648 3542 ejus
1682 3474 1969 3544 participes

395 3574 543 3622 sunt.
581 3564 673 3618 Sic
703 3573 757 3619 et
788 3562 971 3617 Omnis
1018 3564 1109 3634 qui
1156 3562 1300 3616 mala
1349 3564 1502 3635 facit,
1549 3565 1660 3617 odit
1701 3564 1889 3626 lucem,
1919 3574 1970 3618 et

392 3673 499 3712 non
569 3656 705 3710 venit
767 3657 836 3708 ad
904 3657 1071 3709 lucem
1128 3668 1184 3708 ut
1242 3671 1347 3709 non
1400 3654 1802 3724 manlfestentur
1853 3657 1967 3726 ejus

392 3764 551 3817 opera
568 3748 636 3803 “.
657 3748 902 3801 Accedite
928 3748 1090 3817 igitur
1105 3746 1174 3800 ad
1200 3762 1316 3799 eum
1334 3754 1381 3799 et
1403 3746 1798 3810 illuminamini,
1817 3758 1862 3801 et
1879 3748 1967 3818 [a-

392 3839 496 3892 cies
526 3847 711 3892 vestra:
748 3853 852 3890 non
892 3836 1304 3905 confundentur.
1354 3833 1576 3903 Beatus,
1633 3837 1747 3906 qui'
1774 3837 1829 3890 in
1881 3838 1968 3892 die

388 3929 521 4000 justi
570 3928 758 3996 judicii
797 3929 909 3994 Dei,
944 3943 1066 3982 cum
1090 3930 1302 3983 venerit
1337 3928 1597 3982 Dominus
1646 3931 1711 3980 ad
1767 3928 1964 3982 illumi-

394 4022 626 4075 nandum
668 4021 980 4074 abscondita
1026 4020 1393 4085 tenebrarum,
1427 4027 1482 4072 et
1512 4018 1965 4072 manifestandum

392 4112 615 4168 consilia
651 4113 894 4167 cordium
916 4112 984 4176 δ’,
1015 4126 1178 4166 ausus
1195 4111 1359 4166 fuerit
1396 4111 1544 4165 illam
1585 4113 1851 4167 examinis
1884 4113 1967 4166 lu-

391 4220 508 4260 cem
550 4206 751 4271 subire,
795 4219 857 4258 ac
885 4218 1136 4259 reversus
1163 4204 1324 4258 fuerit
1364 4219 1468 4260 non
1501 4206 1866 4275 pudibundus,
1899 4220 1966 4260 ex

389 4312 456 4353 eo
486 4297 627 4368 quod
662 4296 1051 4354 conscientiam
1089 4297 1271 4366 pravis
1325 4297 1581 4365 operibus
1625 4296 1966 4352 contamina-

2084 1821 2206 1875 σθαι
2263 1821 2374 1895 (75)
2439 1823 2761 1892 ὑπενεγκεῖν
2788 1863 2802 1887 ,
2863 1823 3239 1895 χαριζόμενος.
3291 1825 3656 1894 Προσέλθετε

2081 1914 2230 1984 πρὸς
2257 1915 2466 1979 αὑτὸν,
2523 1915 2623 1969 καί
2674 1916 3043 1985 φωτίσθητε·
3096 1915 3195 1969 καί
3244 1915 3317 1970 τὰ
3363 1918 3657 1986 πρόσωπα

2079 2002 2246 2073 ὑμῶν
2301 2006 2372 2057 οὐ
2420 2006 2507 2074 μὴ
2551 2004 2990 2075 καταισχυνθῇ.
3040 2006 3172 2071 Τοῖς
3226 2007 3553 2078 καθημενυῑς
3593 2010 3656 2062 ἐν

2080 2098 2263 2149 σκότει
2281 2097 2373 2150 καὶ
2387 2098 2515 2167 σκιᾷ
2539 2096 2790 2161 θανάτου,
2819 2099 3028 2162 τούτοις
3043 2098 3473 2171 παρακελεύεται
3493 2118 3657 2173 προσ-

2079 2188 2253 2242 ελθεῖν
2283 2188 2360 2259 τῷ
2415 2189 2631 2262 Κυρίῳ,
2658 2189 2751 2243 καὶ
2778 2190 3003 2259 ἐγγίσαι.
3020 2190 3184 2243 αὑτοῦ
3208 2194 3328 2254 ταῖς
3353 2192 3533 2245 ἀκτῖσι
3555 2191 3657 2266 τῆς

2079 2281 2349 2353 θεότητος,
2374 2283 2463 2346 ἵν’,
2490 2285 2554 2337 ὲκ
2583 2282 2676 2336 τοῦ
2715 2282 3124 2354 προσεγγισμοῦ
3154 2283 3549 2355 ὲλλαμφθέντες
3584 2288 3652 2356 τῇ

2077 2373 2327 2447 ἀληθείᾳ,
2358 2375 2545 2447 χάριτι
2571 2376 2660 2429 τὸν
2680 2374 2790 2447 (76)
2825 2375 3103 2447 φωτισμὸν
3127 2376 3292 2431 αὑτοῦ
3322 2379 3402 2441 εἰς
3430 2379 3654 2444 ἑαυτοὺς

2076 2467 2421 2537 χωρήσωσιν.
2459 2467 2671 2539 Ὥσπερ
2716 2466 2825 2538 γὰρ
2862 2467 2923 2520 τὸ
2963 2466 3219 2539 αἰσθητὸν
3242 2468 3402 2522 τοῦτο
3440 2454 3556 2541 φῶς
3586 2470 3652 2523 οὐ

2077 2558 2242 2611 πᾶσιν
2273 2559 2474 2629 ὁμοίως
2510 2559 2821 2622 ἀνατέλλει,
2875 2558 3010 2612 ἀλλά
3042 2564 3153 2624 τοῖς
3198 2559 3410 2631 ἔχουσιν
3453 2560 3653 2630 ὀφθαλ-

2079 2649 2234 2720 μοὺς,
2270 2651 2363 2703 καὶ
2410 2651 2772 2722 ἐγρηγορόσι,
2825 2653 2919 2706 καὶ
2962 2654 3053 2706 ὑπ’
3079 2653 3293 2717 οὐδενὸς
3333 2653 3655 2726 κωλύματος

2075 2738 2367 2793 ἀπολαύειν
2397 2739 2710 2811 δυναμένοις
2736 2741 2837 2810 τῆς
2866 2740 2958 2794 τοῦ
2986 2741 3138 2813 ἡλίου
3170 2742 3652 2814 ἐπιδημίαςὋῦτω

2075 2833 2170 2886 καὶ
2201 2835 2229 2886 ὁ
2260 2834 2360 2904 τῆς
2393 2833 2740 2901 δικαιοσύνης
2775 2834 2946 2905 ἥλιος,
2994 2834 3064 2889 Τὸ
3101 2836 3394 2903 ἀληθινὸν
3427 2834 3571 2904 φῶς,
3614 2835 3650 2889 ὃ

2073 2923 2302 2994 φωτίζει
2323 2923 2521 2978 πάντα
2575 2923 2892 2993 ἄνθρωπον
2921 2927 3250 2998 ἐρχόμενον
3274 2930 3360 2993 εἰς
3400 2929 3509 2981 τὸν
3536 2929 3642 2982 κό-

2074 3029 2251 3084 σμον,
2269 3015 2328 3068 οὐ
2347 3017 2480 3068 πᾶσι
2495 3015 2593 3086 τὴν
2619 3015 2812 3069 ἑαυτοῦ
2833 3017 3169 3088 φαιδρότητα
3190 3018 3490 3090 χαρίζεται,
3510 3018 3651 3073 ἀλλὰ

2073 3110 2185 3170 τοῖς
2221 3104 2385 3170 ἀξίως
2411 3106 2575 3159 αὑτοῦ
2606 3106 3059 3179 πολιτευομένοις.
3093 3110 3223 3177 Φῶς
3258 3112 3402 3180 γὰρ,
3450 3111 3649 3183 φησὶν,

2073 3196 2397 3260 ἀνέτειλεν,
2423 3199 2543 3268 οὐχὶ
2571 3198 2648 3268 τῷ
2675 3199 3001 3271 ἁμαρτωλῷ,
3026 3200 3161 3254 ἀλλά
3187 3200 3267 3267 τῷ
3293 3201 3517 3271 δικαίῳ.
3559 3202 3648 3267 Ὠς

2071 3291 2181 3362 γὰρ
2209 3289 2445 3343 ἀνέτειλε
2479 3289 2577 3360 μὲν
2602 3292 2630 3342 ό
2667 3290 2839 3360 ἥλιος,
2874 3292 2988 3344 ἀλλ’
3011 3293 3132 3363 οὐχὶ
3156 3293 3266 3362 (77)
3307 3297 3424 3358 ταῖς
3453 3311 3647 3349 νυκτε-

2075 3385 2235 3456 ρίσιν,
2267 3383 2386 3436 οὐδὲ
2415 3386 2525 3447 τοῖς
2557 3382 2734 3447 ἄλλοις
2763 3383 2922 3449 ζώοις
2949 3387 3064 3449 τοῖς
3092 3388 3434 3459 νυκτινόμοις
3456 3405 3470 3418 ·
3502 3387 3649 3443 οὕτω

2071 3473 2250 3527 καὶτὸ
2288 3472 2403 3542 φῶς
2429 3475 2495 3544 τῇ
2534 3473 2635 3543 μὲν
2684 3473 2879 3526 ἑαυτοῦ
2911 3475 3071 3543 φύσει
3099 3475 3350 3547 λαμπρόν
3391 3479 3506 3530 ἐστι
3548 3477 3647 3533 καὶ

2072 3562 2484 3634 φαιδρυντικόν·
2536 3562 2598 3614 οὺ
2633 3561 2835 3625 πάντες
2880 3563 2937 3616 δὲ
2976 3563 3141 3617 αὐτοῦ
3172 3566 3271 3636 τῆς
3303 3564 3645 3638 λαμπηδόνος

2074 3653 2602 3724 μεταλαμϐάνουσιν.
2631 3651 2788 3705 Οὕτω
2807 3653 2899 3706 καὶ
2919 3652 3044 3719 Πᾶς
3063 3657 3095 3708 ὀ
3127 3653 3199 3708 τὰ
3223 3656 3429 3725 φαῦλα
3449 3655 3645 3725 πράσ-

2069 3759 2199 3797 σων
2213 3741 2386 3812 μισεῖ
2411 3743 2478 3797 τὸ
2512 3742 2658 3812 φῶς,
2691 3744 2789 3797 καί
2822 3746 2933 3797 οὐκ
2968 3746 3203 3814 ἔρχεται
3225 3747 3376 3816 πρὸς
3395 3747 3461 3801 τό
3494 3748 3641 3817 φῶς,

2069 3835 2171 3887 ἵνα
2195 3833 2281 3903 μὴ
2311 3833 2625 3903 φανερωθῇ
2656 3832 2843 3887 αὐτοῦ
2871 3835 2944 3888 τὰ
2957 3834 3118 3904 ἔργα.
3141 3836 3508 3905 Προσέλθετε
3531 3833 3645 3891 οὖν

2068 3926 2221 3994 πρὸς
2247 3925 2434 3979 αὐτὸν
2454 3925 2551 3979 καὶ
2576 3926 2930 4004 φ-ωτίσθητε,
2951 3926 3050 3982 καὶ
3073 3928 3144 3981 τὰ
3168 3929 3458 3995 πρόσωπα
3476 3928 3646 3998 ὑμῶν

2067 4021 2141 4072 οὐ
2159 4019 2246 4088 μὴ
2277 4017 2710 4091 καταισχυνθῇ.
2742 4020 3028 4092 Μακάριος
3066 4022 3094 4072 ὁ
3135 4021 3192 4073 ὲν
3219 4023 3282 4091 τῇ
3328 4020 3507 4091 ἡμέρᾳ
3542 4020 3643 4091 τῆς

2067 4109 2465 4182 δικαιοκρισίας
2488 4108 2581 4162 τοῦ
2609 4109 2768 4174 Θεοῦ,
2799 4111 2927 4164 ὅταν
2967 4109 3097 4184 ἔλθῃ
3125 4112 3153 4163 ὁ
3178 4111 3381 4182 Κύριος
3409 4111 3641 4180 φωτίσαι

2065 4200 2134 4252 τὰ
2167 4200 2384 4271 κρυπτὰ
2409 4200 2501 4253 τοῦ
2538 4199 2784 4265 σκότους,
2823 4200 2917 4254 καὶ
2955 4200 3266 4271 φανερῶσαι
3312 4200 3413 4265 τὰς
3448 4200 3643 4271 βουλὰς

2066 4292 2174 4345 τῶν
2191 4293 2447 4365 καρδιῶν,
2461 4293 2631 4364 τολμὴ
2640 4311 2738 4357 σας
2756 4293 2861 4347 ὑπὸ
2881 4293 2941 4347 τὸ
2953 4291 3069 4362 φῶς
3085 4294 3258 4345 ἐκεῖνο
3272 4291 3380 4347 τῶν
3405 4291 3641 4362 ἐλέγχων

391 4391 502 4447 tam
551 4406 654 4445 non
693 4390 911 4444 habeat.
940 4388 1040 4455 Qui
1085 4388 1229 4443 enim
1273 4390 1410 4444 mala
1444 4399 1751 4460 patrarunt,
1784 4391 1834 4444 in
1870 4406 1967 4458 op-

2076 4384 2358 4452 γενέσθαι,
2412 4385 2508 4438 καὶ
2558 4384 2867 4439 ἐπανελθὼν
2926 4383 3352 4454 ἀνεπαίσχυντος
3402 4383 3514 4455 (78)
3565 4382 3642 4454 τῷ

390 4485 666 4554 probrium
715 4497 781 4537 ac
832 4480 1201 4536 confusionem
1256 4489 1567 4550 resurgent,
1605 4480 1659 4534 in
1712 4495 1771 4534 se
1828 4479 1961 4549 ipsis

391 4575 779 4646 turpitudinem
813 4583 866 4629 et
901 4573 1105 4628 formas
1154 4582 1500 4642 peccatorum
1548 4573 1840 4640 impressas
1880 4572 1964 4625 in-

387 4666 700 4738 spicientes.
735 4663 801 4719 Et
818 4663 1068 4719 fortassis
1090 4676 1151 4717 ea
1175 4661 1440 4727 confusio,
1466 4662 1521 4716 in
1555 4676 1664 4731 qua
1699 4673 1958 4716 aeternum

388 4760 572 4816 vivent
597 4767 933 4828 peccatores,
967 4755 1236 4811 horrenda
1262 4762 1348 4810 est
1382 4754 1577 4821 magis,
1609 4769 1770 4823 quam
1810 4762 1961 4807 tene-

459 4897 506 4932 ³³
522 4895 711 4953 Matth.
736 4912 832 4961 vn,
858 4896 946 4951 H.
1022 4895 1065 4926 δ’
1102 4893 1245 4949 Psal.
1273 4908 1460 4958 χχχιιι,
1494 4890 1583 4947 20.
1660 4892 1704 4924 ³³
1726 4891 1769 4945 ιι
1802 4891 1927 4948 Cor.
1958 4907 2030 4954 Iv,

388 4969 478 5025 15.
553 4967 596 5000 ³⁷
629 4965 762 5023 Luc.
795 4982 834 5032 ι,
865 4965 953 5021 79.
1030 4964 1077 4996 ³⁸
1102 4964 1329 5019 ΜίιΙιιυιι.
1384 4978 1455 5030 Iv,
1495 4962 1549 5016 2.
1626 4962 1670 5031 ⁸Ῡ
1699 4961 1853 5019 Joan.
1888 4978 1927 5031 t,
1967 4962 2021 5017 9.

457 5085 569 5154 (74)
599 5084 741 5140 Editi
784 5092 840 5139 et
871 5083 1003 5153 Reg.
1032 5091 1260 5154 quartus
1292 5090 1369 5154 et“
1390 5080 1546 5154 (Inlb.
1589 5080 1881 5154 septimus
1906 5078 1958 5132 ei

471 5152 490 5210 ’.
520 5149 590 5210 At
617 5157 770 5210 deest
791 5156 839 5207 el
871 5157 923 5209 in
954 5149 1136 5206 inultis
1168 5167 1295 5206 mss.
1335 5152 1535 5206 Ibidem
1589 5149 1721 5217 Reg.
1756 5150 1954 5204 tertius

477 5197 490 5210 .
520 5159 590 5210 At
617 5159 770 5210 deest
791 5159 839 5207 el
871 5159 923 5209 in
955 5159 1136 5206 multis
1168 5167 1295 5206 mss.
1335 5159 1535 5206 Ibidem
1589 5159 1721 5217 Reg.
1756 5159 1954 5204 tertius

383 5159 474 5296 ἐξ
523 5224 775 5296 θλίψεως.
805 5226 1001 5296 Statim
1036 5221 1170 5291 Reg.
1213 5223 1417 5296 tertius
1461 5219 1956 5296 et_Colb._quintus

383 5293 477 5353 οὖν
508 5290 876 5367 τῶνθλίψεών
908 5311 1032 5367 μου.
1095 5290 1164 5346 At
1194 5294 1346 5348 deest
1389 5308 1489 5363 μου
1522 5292 1577 5345 in
1609 5290 1791 5344 multis
1825 5304 1956 5343 mss.

384 5376 441 5422 et
468 5369 520 5421 in
554 5368 731 5422 editis.

458 5437 571 5509 (75)
601 5438 780 5493 Editio
808 5435 980 5491 Paris.
1003 5434 1080 5507 τῷ
1106 5433 1390 5509 δύνασθαι.
1419 5432 1528 5509 Sed
1553 5442 1785 5501 quatuor
1817 5445 1950 5486 mss.

385 5502 609 5577 perinde
646 5517 810 5575 atque
834 5515 1010 5561 textus
1039 5502 1195 5562 sacer
1215 5502 1310 5557 τοῦ
1335 5503 1616 5577 δύνασθαι.

457 5575 568 5647 (76)
601 5570 893 5647 (Jolbertini
923 5578 1421 5647 primusetsextus
1449 5589 1571 5647 cum
1606 5571 1741 5647 Reg.
1788 5570 1950 5626 tertio

384 5643 785 5734 ὲλλαμφθέντες
833 5643 1058 5717 τῇ“τῆς
1110 5643 1366 5717 ἀληθείας
1416 5643 1618 5715 χάριτι,
1670 5643 1782 5711 τόν,
1819 5652 1947 5709 etc.,

2070 4475 2368 4540 ἀμὸλυντον
2402 4474 2543 4545 ἒχειν
2572 4474 2633 4527 τὸ
2658 4476 2894 4539 συνειδὸς
2921 4475 3030 4528 ἀπὸ
3058 4473 3309 4546 πονηρῶν
3347 4473 3542 4546 ἔργων.
3579 4474 3640 4527 0i

2067 4566 2175 4637 γὰρ
2200 4566 2267 4619 τά
2295 4565 2475 4636 φαῦλα
2499 4566 2804 4638 πράξαντες
2832 4569 2912 4631 εἰς
2938 4566 3240 4637 ὀνειδισμὸν
3262 4567 3356 4620 καὶ
3380 4566 3641 4638 αἰσχύνην

2065 4657 2491 4727 ἀναστήσονται,
2532 4648 2826 4729 ἐνορῶντες
2866 4659 2923 4710 ὲν
2969 4659 3182 4720 ἑαυτοῖς
3220 4657 3282 4710 τὸ
3320 4653 3509 4728 αἶσχος
3546 4656 3640 4710 καὶ

2064 4751 2189 4812 τοὺς
2226 4749 2431 4814 τύπους
2462 4750 2570 4804 τῶν
2610 4750 3032 4823 ἡμαρτημένων.
3070 4751 3181 4804 Καὶ
3218 4750 3361 4821 τάχα
3395 4748 3639 4823 φοϐερω-

2062 4890 2115 4944 8.
2194 4890 2238 4921 ³⁵
2264 4891 2382 4944 Act.
2420 4906 2529 4953 xw,
2574 4891 2667 4945 21.
2748 4891 2793 4923 ³⁸
2826 4892 2981 4946 Rom.
3012 4907 3066 4955 v,
3103 4891 3157 4958 5,
3184 4891 3238 4947 4.
3314 4892 3360 4924 ⁸⁸
3385 4890 3546 4950 lCor.
3573 4906 3633 4958 ι,

2097 4961 2142 4992 ³ο
2175 4960 2315 5016 Psal.
2337 4977 2480 5023 xcvn,
2510 4962 2599 5015 Η.
2675 4962 2718 4995 ⁸¹
2742 4960 2899 5017 Joan.
2929 4977 3011 5028 ιιι,
3046 4962 3136 5016 20.
3212 4963 3259 4994 ⁸³
3283 4961 3304 5016 l
3328 4962 3452 5019 Cor.
3477 4977 3553 5029 tv,
3575 4963 3632 5020 5.

2066 5078 2302 5148 veritatis
2336 5079 2507 5144 gratia
2534 5077 2811 5133 illustrati.
2840 5076 3066 5148 Atediti
3100 5092 3222 5133 cum
3257 5075 3448 5147 majori
3483 5087 3638 5148 parte

2064 5146 2627 5230 msls_._§i\}ap<peéyrec
2654 5151 2720 5219 τῇ
2747 5146 2997 5230 ἀληθιέςξι3
3024 5148 3207 5230 χάριτι
3233 5146 3354 5230 τόν,
3377 5159 3484 5229 etc.

2138 5216 2251 5288 (TI)
2288 5214 2373 5288 ita
2412 5214 2646 5288 quatuor
2693 5214 2848 5272 'inssi
2895 5214 3075 5272 Editio
3102 5214 3262 5288 'vero
3312 5217 3485 5272 Paris.
3516 5214 3635 5288 ἀλλ’

2060 5285 2311 5367 o'b.lll_ud_
2354 5285 2497 5367 quod
2530 5304 2652 5367 mox
2709 5289 2982 5367 sequitur,
3013 5285 3635 5367 φαιδρυντικόνηάιιρίξ-

2061 5372 2175 5442 cem
2219 5357 2406 5442 habet.
2434 5358 2887 5442 intelligentiam.
2939 5357 3072 5411 Nam
3109 5357 3216 5442 vim
3269 5357 3630 5423 illuminandi,

2060 5426 2659 5497 autvimvexhilarandi
2692 5428 3006 5497 signiﬁcare
3039 5437 3239 5495 potest.

2132 5494 3218 5585 liii???“39‘0"???,l'l,_'¥?‘.r_8i'l°
3246 5497 3380 5585 “es
3411 5494 3631 5585 δεῖευρὲ

2056 5564 2519 5690 ἓνειταισχύνεως.
2574 5567 2695 5624 Mox
2740 5578 2970 5641 quatuor
2994 5564 3125 5625 mss'.
3169 5564 3404 5633 ἑαυτοῖς.
3456 5566 3634 5624 Editio

2102 5653 2227 5690 arts.
2257 5653 2291 5689 α
2329 5652 2463 5690 τοις.

2102 5653 2227 5692 arts.
2257 5652 2463 5700 αυτοις.
