4048 6220
388 389 488 446 561

1517 397 1804 454 HOMILIA
1846 399 1907 453 IN
1952 397 2285 453 PSALMUM
2321 398 2561 453 XXXIII.

3532 389 3636 445 562

389 510 522 581 τέρα
538 511 632 563 τοῦ
656 511 877 576 σκότους
899 513 993 566 καὶ
1018 513 1110 567 τοῦ
1131 515 1301 586 πυρὸς
1323 515 1417 570 τοῦ
1442 519 1664 573 αἰωνίου
1685 523 1716 590 ἡ
1738 519 1966 591 αἰσχύνη

2076 521 2181 573 brae
2205 529 2258 573 et
2290 519 2430 590 ignis
2446 531 2700 582 aeternus,
2729 532 2850 572 cum
2890 515 3116 585 vestigia
3147 512 3366 568 admissi
3398 513 3449 566 in
3474 526 3638 566 carne

391 601 569 664 ἐστὶν,
673 603 924 673 μέλλουσι
970 604 1387 672 συνδιαιωνίζειν
1416 610 1466 662 οί
1499 611 1843 683 ἁμαρτωλοὶ,
1878 613 1965 664 ἀεὶ

390 696 448 746 ὲν
483 693 781 765 ὀφθαλμοῖς
819 695 1033 768 ἔχοντες
1073 698 1142 752 τὰ
1189 698 1306 771 ἴχνη
1344 701 1443 772 τῆς
1483 703 1540 755 ἐν
1579 705 1742 774 σαρκὶ
1780 705 1966 774 ἁμαρ-

389 784 530 847 τίας,
563 788 725 840 οἱονεί
751 805 894 852 τινος
926 789 1100 861 βαφῆς
1141 792 1496 858 ἁνεκπλύτου,
1529 797 1594 865 τῇ
1642 797 1828 868 μνήμῃ
1867 797 1966 866 τῆς

390 873 570 945 ψυχῆς
595 876 775 929 αὐτῶν
801 879 882 944 είς
923 880 984 932 τὸ
1014 881 1264 952 διηνεκὲς
1305 883 1710 954 παραμένοντα.
1744 885 1966 953 Ὀλίγων

390 966 447 1018 δέ
481 969 594 1020 ἐστι
619 968 678 1019 τὸ
714 970 1030 1040 προσελθεῖν
1055 971 1132 1042 τῷ
1153 973 1292 1041 φωτὶ
1321 974 1400 1044 τῷ
1428 975 1685 1047 ἀληθινῷ,
1719 979 1813 1030 καὶ
1835 978 1968 1030 ἀπο-

395 1056 649 1126 καλύψαι,
680 1059 772 1111 καὶ
795 1062 932 1130 μετὰ
956 1061 1053 1134 τὴν
1081 1063 1420 1134 ἀποκάλυψιν
1442 1067 1549 1120 τῶν
1580 1067 1858 1138 κρυπτῶν,
1891 1069 1966 1139 μὴ

393 1145 645 1200 ἀπελθεῖν
675 1151 1057 1220 αἰσχυνθέντας
1089 1153 1158 1205 τὰ
1192 1154 1476 1225 πρόσωπα.

464 1238 518 1293 5.
547 1236 733 1306 Οὗτος
762 1246 794 1295 o'
819 1245 1055 1312 πτωχὸς
1073 1245 1378 1314 ἐκέκραξε,
1401 1249 1497 1303 καὶ
1524 1251 1556 1302 ὁ
1597 1251 1808 1317 Κύριος
1847 1253 1969 1305 εἰσ·
2033 1269 2040 1274 ·

394 1329 663 1396 ήκουσεν
685 1334 892 1388 αὑτοῦ.
929 1336 1041 1388 Οὐκ
1072 1338 1162 1390 ἀεὶ
1209 1340 1466 1410 ἐπαινετὴ
1487 1343 1520 1408 ἡ
1561 1343 1822 1412 πτωχεία,
1854 1343 1967 1396 ἀλλ’

393 1423 428 1493 ἡ
463 1425 527 1475 ὲκ
553 1425 923 1496 προαιρέσεώς
952 1428 1092 1481 κατὰ
1126 1429 1216 1482 τὸν
1233 1431 1594 1499 εὑαγγελικὸν
1613 1435 1815 1487 σκοπὸν
1834 1453 1967 1488 κατ-

394 1513 718 1586 ορθουμένη.
767 1517 960 1571 Πολλοὶ
1021 1520 1131 1591 γὰρ
1160 1523 1366 1592 πτωχοὶ
1413 1523 1512 1593 μὲν
1545 1527 1610 1595 τῇ
1661 1527 1966 1597 περιουσία,

395 1603 908 1662 πλεονεκτικώτατοι
936 1609 990 1662 δὲ
1023 1615 1088 1682 τῇ
1126 1615 1438 1685 προαιρέσει
1469 1617 1848 1685 τυγχάνουσιν·
1877 1619 1970 1682 οὓς

394 1697 492 1768 οὐχ
532 1699 564 1768 ή
596 1698 771 1752 ἔνδεια
817 1701 1000 1767 σώζει,
1035 1705 1149 1757 ἀλλ’
1184 1709 1216 1776 ἡ
1267 1709 1586 1778 προαίρεσις
1627 1712 1966 1782 κατακρίνει.

396 1790 470 1843 Οὐ
501 1791 676 1845 τοίνυν
699 1793 727 1843 6
755 1793 936 1865 ἐνδεὴς
966 1796 1182 1860 πάντως
1215 1800 1570 1868 μακαριστὸς,
1603 1801 1717 1853 ἀλλ’
1739 1803 1766 1854 ὁ
1791 1803 1970 1873 κρείτ-

2073 609 2282 679 peccati
2327 613 2380 664 in
2437 610 2654 665 modum
2705 607 3005 663 indelebilis
3059 606 3339 674 cujusdam
3391 604 3639 658 tinctura

2067 718 2282 772 semper
2324 705 2434 758 sint
2481 703 2717 757 habituri
2767 704 2837 755 ob
2875 700 3060 756 oculos
3088 716 3101 752 :
3129 714 3247 768 quae
3287 707 3544 767 perpetuo
3585 696 3636 748 iu

2068 795 2262 848 anima:
2294 809 2480 848 eorum
2528 793 2790 848 memoria
2829 806 3183 862 permansura
3237 799 3382 843 sunt.
3434 789 3642 842 Pauco-

2070 902 2188 940 rum
2234 895 2416 941 autem
2444 896 2528 941 est
2569 885 2828 940 accedere
2859 885 2924 939 ad
2957 899 3136 938 veram
3173 881 3366 944 lucem,
3391 896 3454 934 ac
3485 893 3641 934 reve-

2070 979 2202 1042 lare,
2247 989 2302 1034 et
2349 989 2470 1048 post
2527 978 2866 1034 occultorum
2924 977 3310 1032 "attentionem
3362 973 3500 1028 facie
3533 987 3638 1026 non

2068 1069 2292 1124 confusa
2324 1068 2494 1123 abire.
2530 1063 2536 1069 ’

2139 1248 2192 1303 5.
2237 1245 2399 1302 Vens.
2441 1245 2496 1300 7.
2565 1245 2669 1298 llic
2720 1261 2918 1315 pauper
2977 1243 3218 1297 clamavit
3245 1282 3260 1304 ,
3295 1251 3342 1294 et
3386 1241 3643 1295 Dominus

2070 1339 2339 1393 exaudivit
2389 1353 2525 1390 eum.
2565 1335 2680 1390 Non
2727 1351 2939 1404 semper
2987 1333 3274 1387 laudabilis
3309 1343 3391 1387 est
3415 1346 3642 1402 pauper-

2073 1444 2174 1495 tas,
2203 1429 2296 1485 sed
2326 1444 2446 1498 qum
2470 1429 2628 1498 juxta
2671 1428 3039 1497 evangelicum
3072 1423 3357 1480 consilium
3386 1438 3452 1477 ex
3475 1422 3638 1476 libera

2070 1523 2348 1578 voluntate
2375 1523 2672 1592 perficitur.
2705 1519 2982 1591 Siquidem
3014 1518 3166 1572 multi
3202 1526 3328 1570 sunt
3355 1530 3640 1584 pauperes,

2073 1615 2362 1670 lacullates
2393 1615 2436 1669 si
2467 1623 2679 1683 spectes
2706 1633 2719 1667 :
2747 1623 2802 1667 at
2833 1610 3110 1680 preposito
3144 1608 3444 1662 avarissimi
3495 1615 3641 1670 sunt,

2069 1723 2206 1778 quos
2257 1724 2361 1763 non
2419 1706 2590 1762 salvat
2637 1704 2954 1774 indigentia,
2991 1702 3086 1756 sed
3133 1699 3464 1770 propositum
3514 1712 3644 1750 cuu-

2073 1801 2314 1854 demnat.
2351 1797 2465 1852 Non
2500 1798 2662 1868 igitur
2691 1798 2779 1867 qui
2817 1805 2956 1865 eget,
3004 1795 3258 1848 continuo
3289 1793 3482 1847 beatus
3515 1803 3646 1858 prae-

394 1899 522 1935 τονα
549 1885 893 1954 ἡγησάμενος
922 1888 1030 1939 τῶν
1060 1889 1390 1971 τοῦικόσμου
1425 1891 1711 1964 θησαυρῶν
1745 1893 1842 1964 τὴν
1877 1896 1964 1947 ὲν·-

2076 1890 2331 1946 dicendus
2357 1902 2460 1953 est,
2483 1890 2575 1944 sed
2611 1889 2701 1957 qui
2725 1889 2924 1942 Christi
2959 1887 3270 1940 mandatum
3306 1883 3486 1940 mundi
3520 1887 3642 1938 the-

395 1972 555 2044 τολὴν
583 1975 678 2027 τοῦ
709 1977 964 2046 Χριστοῦ.
999 1978 1230 2043 Τούτους
1253 1984 1351 2040 ,καὶ
1380 1984 1407 2034 6
1439 1982 1638 2052 Κύριος
1675 1983 1967 2056 μακαρίζει

395 2064 596 2133 λέγων·
629 2066 917 2136 Μακάριοι
955 2073 1008 2122 οἱ
1043 2072 1264 2140 πτωχοὶ
1307 2073 1387 2138 τῷ
1425 2076 1746 2144 πνεύματι·
1793 2077 1890 2146 οὐχ
1919 2080 1966 2130 οἱ

397 2157 627 2228 πένητες
657 2161 798 2213 κατὰ
841 2162 937 2232 τὴν
976 2165 1308 2234 περιουσίαν,
1344 2167 1460 2219 ἀλλ’
1483 2169 1531 2220 οἱ
1562 2168 1660 2239 τὴν
1696 2170 1968 2240 πτωχείαν

396 2251 460 2302 ὲκ
491 2249 601 2318 (79)
618 2249 794 2321 ψυχῆς
820 2253 1189 2324 προελόμενοι.
1218 2257 1382 2309 Οὐδὲν
1410 2258 1519 2328 γὰρ
1539 2259 1647 2313 τῶν
1675 2261 1970 2333 ἀπροαιρέ-

396 2357 504 2393 των
529 2345 882 2412 μακαριστόν.
919 2347 1062 2398 Διότι
1082 2349 1227 2401 πᾶσα
1260 2349 1450 2420 ἀρετὴ,
1487 2351 1720 2420 μάλιστα
1748 2353 1802 2406 δὲ
1829 2353 1967 2425 αὕτη

399 2433 503 2504 πρὸ
525 2434 760 2498 πάντων,
782 2436 860 2507 τῷ
882 2437 992 2508 (80)
1022 2440 1253 2511 ἑκουσίῳ
1269 2443 1752 2515 χαρακτηρίζεται.
1781 2443 1971 2513 Οὗτος

394 2520 508 2588 οὖν,
540 2524 734 2597 φησὶν,
771 2532 804 2581 ό
830 2531 1068 2599 πτωχὸς
1090 2532 1398 2599 ἐκέκραξε.
1438 2535 1514 2606 Τῇ
1541 2537 1784 2609 δεικτικῇ
1818 2542 1968 2611 φωνῇ

397 2614 490 2667 ἐπὶ
532 2616 622 2668 τὸν
657 2616 1005 2688 πτωχεύοντα
1051 2621 1192 2673 κατὰ
1233 2622 1386 2685 Θεὸν,
1421 2624 1515 2676 καὶ
1561 2625 1850 2691 πεινῶντα,
1877 2627 1972 2680 καὶ⁸

396 2704 654 2772 διψῶντα.
680 2709 774 2760 καὶ
813 2711 1257 2779 γυμνητεύοντα,
1295 2714 1395 2785 τὴν
1431 2714 1668 2770 διάνοιάν
1698 2733 1791 2770 σου
1834 2737 1966 2790 προσ

399 2795 678 2848 καλεῖται·
730 2795 918 2866 Οὗτος
964 2804 996 2853 ὁ
1041 2802 1316 2870 πτωχὸς,
1386 2808 1668 2877 μονονουχὶ
1725 2809 1973 2878 δακτύλῳ

398 2888 627 2951 δεικνύς·
663 2883 831 2955 Οὗτος
863 2893 892 2944 ὁ
923 2894 1169 2967 μαθητὴς
1202 2898 1460 2967 Χριστοῦ.
1497 2901 1731 2953 Δυνατὸν
1769 2904 1862 2956 καὶ
1892 2907 1971 2967 εἰς

397 2980 632 3050 Χριστὸν
683 2982 875 3046 ἁνάξαι
905 2983 995 3037 τὸν
1031 2983 1187 3053 λόγον
1226 2986 1361 3057 (81),
1403 2988 1483 3052 ὃς,
1517 2989 1769 3054 πλούσιος
1797 2992 1872 3046 ῶν
1905 2997 1970 3064 τῇ

399 3072 580 3141 φύσει,
621 3073 754 3126 διότι
798 3074 974 3128 πάντα
1015 3077 1084 3130 τὰ
1120 3076 1213 3130 τοῦ
1259 3079 1470 3148 Πατρὸς
1510 3081 1673 3134 αὑτοῦ
1714 3083 1864 3149 ἐστι,
1905 3085 1971 3137 δι’

397 3167 545 3235 ἡμᾶς
601 3165 966 3236 ἐπτώχευσεν,
1020 3169 1106 3221 ἴνα
1151 3173 1314 3241 ἡμεῖς
1358 3175 1424 3242 τῇ
1473 3174 1681 3226 ἐκείνου
1731 3175 1973 3247 πτωχείᾳ
1999 3211 2040 3268 C

400 3257 810 3326 πλουτήσωμεν.
833 3259 1026 3329 Σχεδὸν
1048 3260 1156 3331 γὰρ
1185 3262 1384 3326 παντὸς
1411 3262 1573 3334 ἔργου
1595 3263 1688 3316 τοῦ
1711 3267 1975 3335 προάγον-

398 3366 490 3412 τος
521 3351 612 3402 ἐπὶ
632 3350 724 3402 τὸν
762 3353 1110 3422 μακαρισμὸν
1136 3355 1298 3419 αὐτὸς
1335 3352 1501 3427 ἦρξεν
1536 3359 1564 3410 6
1599 3357 1826 3428 Κύριος,
1861 3377 1971 3412 παο

402 3439 675 3511 ράδειγμα
707 3444 820 3504 τοῖς
846 3441 1207 3512 μανθάνουσιν
1239 3446 1723 3517 ὲαυτὸνπροτιθείς
1778 3449 1975 3502 Ἐπάν-

402 3549 503 3601 ηκε
537 3533 629 3584 ἐπὶ
668 3535 792 3596 τοὺς
840 3536 1242 3604 μακαρισμους,
1309 3539 1402 3589 καὶ
1441 3537 1668 3590 ’ἑκαστον
1715 3539 1975 3604 ἐξετάσας

401 3625 671 3696 εὑρήσεις,
695 3626 776 3678 ὅτι
802 3625 1064 3696 προέλαϐε
1092 3628 1191 3697 τὴν
1221 3631 1284 3680 ἐκ
1317 3628 1410 3682 τοῦ
1433 3629 1592 3698 λόγου
1623 3631 1975 3687 διδασκαλίαν

399 3719 511 3781 τοῖς
539 3715 742 3789 ἔργοις.
766 3717 1053 3784 Μακάριοι
1081 3721 1134 3771 οἱ
1160 3721 1383 3788 πραεῖς.
1425 3723 1548 3786 Πῶς
1575 3719 1666 3775 οὖν
1717 3724 1974 3794 μάθωμεν

398 3812 498 3881 τὴν
522 3812 835 3883 πραότητα;
887 3813 1111 3868 Μιὶθετε
1135 3815 1235 3868 ἀπ’
1256 3815 1422 3883 ἐμοῦ,
1453 3816 1634 3885 φησὶν,
1673 3815 1761 3870 ὅτι
1785 3819 1975 3886 πρᾶός

398 3904 517 3970 εἰμι
554 3902 652 3954 καὶ
681 3904 958 3970 ταπεινὸς
990 3904 1066 3973 τῇ
1093 3905 1324 3973 καρδίᾳ.
1356 3905 1645 3974 Μακάριοι
1666 3911 1720 3962 οἱ
1745 3911 1976 3976 εἰρηνο-

400 3995 560 4046 ποιοί
566 4035 578 4048 .
613 3994 708 4057 Τίς
735 3996 881 4065 ἡμᾶς
899 3995 1096 4062 διδάξει
1127 3996 1187 4049 τὸ
1203 3997 1302 4067 τῆς
1322 3999 1544 4069 εἰρήνης
1577 4000 1772 4066 καλόν;
1807 4002 1977 4066 Αὐτὸς

400 4087 428 4138 ὁ
447 4087 802 4156 εἰρηνοποιὸς,
825 4090 852 4141 6
885 4088 1050 4140 ποιῶν
1080 4090 1327 4159 εἰρήνην,
1359 4089 1452 4142 καὶ
1482 4090 1977 4146 ἁποκαταλλάσσων

401 4176 527 4238 τοὺς
563 4176 655 4229 δύο
683 4179 763 4241 εἰς
799 4178 895 4230 ἕνα
924 4179 1108 4231 καινὸν
1150 4179 1438 4250 ἄνθρωπον
1458 4197 1470 4210 ⁸
1500 4182 1528 4233 6
1559 4182 1978 4253 εἰρηνοποιήσας

403 4264 492 4317 διὰ
515 4264 608 4317 τοῦ
642 4266 871 4335 αἵματος
905 4266 1000 4320 τοῦ
1037 4268 1270 4337 σταυροῦ
1312 4268 1474 4321 αὐτοῦ
1509 4269 1618 4322 εἴτε
1665 4271 1733 4322 τὰ
1780 4273 1837 4323 ὲν
1867 4276 1978 4337 τοῖς

405 4357 652 4426 οὐρανοῖς
679 4358 788 4410 εἴτε
816 4358 883 4412 τὰ
911 4360 1005 4411 ἐπὶ
1028 4360 1126 4429 τῆς
1158 4361 1284 4428 γῆς.
1332 4361 1621 4428 Μακάριοι
1652 4366 1706 4415 οἱ
1734 4365 1977 4432 πτωχοί.

405 4449 577 4510 Αὐτός
607 4450 754 4502 ἐστιν
784 4451 812 4502 ὁ
847 4451 1184 4520 πτωχεύσας,
1218 4453 1311 4504 καὶ
1338 4452 1581 4517 κενώσας
1611 4455 1800 4506 ἑαυτὸν
1833 4455 1890 4508 ὲν
1913 4459 1976 4527 τῇ

403 4541 499 4594 τοῦ
525 4541 711 4593 δούλου
747 4545 947 4612 μορφῇ,
985 4543 1073 4596 ἵνα
1114 4546 1272 4614 ἡμεῖς
1308 4546 1508 4608 πάντες
1538 4549 1601 4599 ἐκ
1631 4548 1726 4600 τοῦ
1759 4548 1978 4620 πληρώ-

411 4649 578 4702 ματος
610 4631 776 4684 αὑτοῦ
823 4632 1096 4702 λάϐωμεν,
1134 4634 1228 4686 καὶ
1269 4636 1429 4706 χάριν
1472 4637 1592 4689 ἀντὶ
1626 4639 1865 4709 χάριτος.
1915 4641 1983 4693 Εἴ

405 4740 490 4786 τις
517 4719 630 4785 οὖν,
673 4723 780 4775 άπὸ
818 4723 911 4776 τοῦ
940 4724 1050 4792 (8‘2)
1086 4725 1241 4792 ἁγίου
1273 4729 1365 4780 καὶ
1395 4721 1773 4799 φιλανθρώπου
1814 4732 1980 4785 Πνεύ-

412 4832 579 4885 ματος
613 4816 899 4886 ἀγόμενος,
933 4817 1006 4887 μὴ
1039 4818 1248 4887 φρονῶν
1278 4819 1362 4886 ἐφ’
1387 4818 1585 4889 ἐαυτῷ,
1614 4820 1750 4873 ἀλλὰ
1788 4839 1981 4876 ταπει-

407 4904 512 4958 νῶν
543 4905 754 4966 ὲαυτὸν,
793 4906 878 4957 ἵνα
905 4906 1026 4968 τοὺς
1044 4905 1234 4969 ἄλλους
1259 4907 1470 4980 ὑψώσῃ,
1499 4907 1691 4978 κράζοι
1717 4910 1792 4980 τῷ
1825 4914 1981 4965 πνεύ-

411 5014 540 5067 ματι
568 4996 635 5050 τά
675 4997 887 5067 μεγάλα
920 4997 1242 5068 εὐχόμενος,
1284 5000 1376 5051 καὶ
1409 4999 1576 5070 μηδὲν
1607 5004 1982 5074 μικροπρεπὲς

408 5089 544 5164 μηδὲ
585 5091 839 5144 ταπεινὸν
892 5091 1183 5160 φθέγγοιτο
1233 5093 1296 5144 ἐκ
1342 5091 1437 5144 τοῦ
1490 5092 1559 5146 τὰ
1615 5094 1834 5163 ἐπίγεια
1889 5098 1981 5151 καὶ

477 5306 520 5338 ⁸³
546 5304 736 5362 Matth.
767 5321 819 5368 v,
849 5305 902 5358 5.
961 5302 1008 5333 ⁸⁸
1039 5302 1080 5355 Il
1106 5302 1232 5358 Cor.
1262 5319 1377 5369 vm,
1403 5301 1458 5356 9.
1534 5299 1579 5333 “
1611 5301 1799 5357 Matth.
1832 5321 1885 5366 ν.
1922 5307 1973 5360 5.

409 5375 454 5409 ⁸⁹
473 5376 684 5432 Coloss.
722 5393 760 5438 ι,
789 5376 879 5430 20.
924 5373 970 5406 ⁸ο
1000 5371 1188 5426 Matth.
1221 5389 1271 5439 ν,
1298 5373 1348 5426 3.
1425 5374 1469 5404 ⁵¹
1508 5371 1739 5443 Philipp.
1775 5389 1837 5440 ιι,
1868 5376 1920 5430 7.

479 5508 591 5579 (79)
622 5509 750 5577 Reg.
785 5508 1048 5579 tertiusoi
1075 5507 1176 5579 τῂν
1204 5506 1395 5579 πενίαν
1445 5505 1528 5579 ὲκ.
1588 5503 1787 5579 Ibidem
1843 5505 1978 5576 Reg.

410 5575 640 5649 quartus
666 5575 930 5649 ἑλόμενοι.
961 5577 1078 5630 Mox
1112 5575 1244 5646 Reg.
1275 5576 1463 5649 tertius
1493 5575 1574 5649 δτι
1595 5577 1766 5629 πᾶσα.

485 5648 594 5714 (80)
626 5647 700 5702 Ita
754 5646 957 5712 septem
1010 5662 1164 5707 mss.,
1202 5657 1257 5700 et
1309 5648 1382 5700 ita
1417 5646 1515 5714 legi
1557 5656 1808 5714 oportere
1844 5647 1980 5700 satis

457 5720 753 5784 *trspicnum
789 5729 888 5771 est.
927 5719 1066 5771 Editi
1111 5731 1243 5772 vero
1272 5730 1395 5771 cum
1441 5715 1592 5771 Colb.
1648 5716 1838 5784 quinto
1873 5717 1978 5786 μά·-

457 5736 753 5784 εττεριριιιιιιι
789 5736 888 5771 ρει.
927 5736 1019 5771 [λιιι

409 5736 570 5844 λιστα
590 5787 654 5857 δὴ
686 5787 901 5841 πάντων
931 5787 1027 5857 τῷ.

483 5859 596 5927 (81)
629 5854 823 5914 'I'otum
844 5854 994 5922 illud,
1031 5857 1258 5912 δυνατὸν
1291 5857 1384 5912 καὶ
1416 5858 1494 5920 εἰς
1522 5856 1754 5910 Χοιστὸν
1785 5854 1976 5911 ἀνάΞαι

2052 5306 2096 5339 ⁸⁸
2132 5303 2318 5356 Matth.
2356 5315 2433 5363 ιιι,
2463 5299 2553 5355 ἓ9.
2629 5298 2672 5331 ’⁵⁷
2702 5296 2890 5352 Matth.
2934 5311 2986 5361 v,
3016 5297 3069 5352 9.

1997 5380 2042 5410 ⁵³
2074 5376 2226 5431 lusu.
2265 5389 2302 5435 I,
2340 5371 2422 5426 I6.

2071 1983 2246 2037 sauris
2273 1982 2548 2051 antiquius
2601 1983 2779 2036 habet.
2824 1980 2932 2034 llos
2967 1989 3020 2033 et
3060 1978 3317 2033 Dominus
3349 1979 3534 2032 beatos
3563 1976 3645 2030 di-

2071 2073 2164 2136 cit,
2199 2072 2385 2124 dicens
2413 2089 2425 2124 :
2456 2069 2609 2123 Beati
2627 2085 2881 2138 pauperes
2911 2069 3094 2137 spiritu
3119 2067 3165 2099 “
3185 2085 3199 2133 ;
3223 2082 3328 2120 non
3359 2067 3471 2136 qui,
3501 2063 3644 2135 quod

2072 2163 2136 2216 ad
2177 2161 2466 2216 facultates
2511 2161 2728 2226 attinet,
2769 2174 3035 2228 pauperes
3068 2169 3214 2222 sunt,
3253 2159 3345 2213 sed
3390 2157 3479 2225 qui
3513 2171 3617 2225 pau

2071 2263 2333 2322 pertatem
2365 2267 2432 2306 ex
2469 2251 2652 2304 animo
2695 2249 3028 2318 selegerunt.
3065 2249 3334 2317 Quidquid
3373 2249 3514 2302 enim
3547 2261 3636 2302 ro-

2072 2343 2366 2398 luntarium
2413 2360 2517 2397 non
2569 2351 2672 2408 est,
2702 2344 2917 2396 heatum
2963 2341 3068 2396 dici
3103 2357 3209 2395 non
3244 2349 3473 2409 oportet.
3510 2339 3644 2394 Nam

2071 2435 2244 2486 virtus
2273 2433 2474 2497 omnis,
2504 2443 2559 2487 et
2610 2432 2726 2486 haec
2757 2431 3011 2495 maxime,
3046 2431 3098 2484 in
3132 2431 3322 2498 primis
3355 2431 3522 2484 libero
3551 2446 3639 2485 aro

2076 2527 2239 2580 bitrio
2270 2540 2369 2579 ceu
2402 2525 2722 2578 charactere
2752 2521 3060 2593 insignitur.
3101 2520 3205 2574 Hic
3233 2522 3416 2592 igitur,
3451 2522 3645 2586 inquit,

2071 2633 2269 2687 pauper
2295 2615 2563 2669 clamavit.
2599 2614 3030 2669 Demonstrativa
3073 2629 3206 2668 voce
3232 2615 3297 2667 ad
3329 2628 3642 2683 pauperem,

2073 2721 2126 2763 et
2173 2709 2522 2771 esurientem,
2567 2717 2622 2762 et
2653 2708 2948 2773 sitientem,
2977 2717 3033 2761 et
3082 2708 3284 2760 nudum
3343 2707 3644 2762 secundum

2073 2801 2263 2864 Deum,
2297 2801 2565 2871 protrahit
2592 2808 2825 2854 mentem
2851 2812 2994 2854 tuam
3025 2817 3038 2854 :
3070 2799 3170 2854 Hic
3196 2816 3412 2869 pauper,
3441 2808 3648 2854 tantum

2077 2912 2180 2948 nun
2218 2894 2385 2960 digito
2439 2891 2893 2947 ostendenstllie
2927 2892 3126 2947 Christi
3176 2891 3496 2962 discipulus.
3541 2890 3648 2946 Po-

2076 2995 2182 3041 test
2214 2995 2268 3040 et
2293 2985 2358 3039 ad
2387 2984 2662 3039 Christum
2709 2983 2798 3039 hic
2847 2999 3030 3039 sermo
3064 2982 3280 3047 referri,
3317 2984 3406 3052 qui
3459 2991 3649 3036 natura

2075 3082 2225 3135 dives
2265 3093 2385 3133 cum
2421 3088 2588 3140 esset,
2619 3087 2908 3146 propterea
2963 3076 3104 3145 quod
3142 3075 3323 3129 omnia
3371 3077 3515 3129 bona
3547 3073 3651 3127 Pa-

2076 3172 2175 3226 tris
2219 3171 2389 3238 ipsius
2424 3177 2570 3232 sunt,
2599 3175 2826 3235 propter
2857 3181 2954 3219 nos
2998 3181 3203 3236 pauper
3237 3165 3410 3219 factus
3453 3171 3560 3226 est,
3592 3173 3652 3218 ut

2080 3281 2176 3319 nos
2223 3263 2367 3317 illius
2408 3267 2724 3330 paupertate
2771 3258 3248 3313 ditesceremus“.
3288 3257 3497 3313 Etenim
3533 3271 3649 3310 om-

2078 3373 2198 3412 nem
2228 3354 2342 3410 l‘ere
2369 3355 2639 3409 actionem
2668 3367 2786 3422 quae
2813 3366 2908 3405 nos
2932 3353 2996 3404 ad
3028 3351 3421 3405 beatitudinem
3455 3363 3652 3420 provo-

2077 3457 2184 3512 cat,
2220 3446 2477 3501 Dominus
2521 3445 2632 3514 ipse
2658 3443 2968 3512 auspicatus
3009 3453 3112 3504 est,
3153 3456 3214 3496 se
3243 3443 3415 3511 ipsum
3451 3455 3652 3511 propo-

2080 3554 2214 3593 nens
2246 3536 2553 3607 exemplum
2587 3535 2938 3590 discentibus.
2983 3533 3115 3587 Redi
3147 3533 3213 3587 ad
3255 3533 3649 3598 beatitudines;

2077 3643 2132 3688 et
2162 3632 2390 3699 singulis
2415 3630 2691 3699 expensis,
2735 3643 2858 3682 eum
2886 3629 3129 3682 invenies
3161 3627 3416 3696 cperibus
3445 3625 3653 3678 doctri-

2080 3739 2205 3778 nam
2242 3724 2392 3777 verhi
2451 3720 2813 3791 prmvertisse.
2881 3717 3033 3772 Beati
3087 3716 3320 3770 mites".
3373 3715 3655 3781 Quomodo

2079 3817 2242 3887 igitur
2273 3815 2622 3870 didicerimus
2660 3812 2822 3885 148
2850 3807 3354 3865 mansuetudinem?
3385 3807 3584 3860 Discite
3620 3821 3657 3860 α

2080 3927 2180 3974 me,
2210 3909 2400 3977 inquit,
2433 3910 2557 3978 quia
2596 3908 2735 3960 mitis
2763 3922 2880 3959 sum
2915 3914 2962 3957 et
2992 3903 3202 3956 humilis
3234 3902 3390 3955 corde
3413 3899 3478 3955 “.
3503 3897 3659 3953 Beati

2080 3998 2288 4070 paciﬁci
2311 3998 2378 4056 ⁸⁷.
2409 3998 2508 4063 Qui
2547 4012 2643 4051 nos
2677 3997 2890 4051 docebit
2922 3995 3069 4063 pacis
3108 3992 3348 4048 bonum?
3395 3989 3514 4060 Ipse
3564 3989 3655 4044 ille

2083 4093 2360 4162 paciﬁcus,
2391 4090 2482 4158 qui
2535 4088 2666 4143 facit
2717 4104 2926 4156 pacem,
2961 4098 3014 4140 et
3050 4085 3367 4140 reconciliat
3414 4085 3551 4140 duos
3593 4084 3652 4138 in

2084 4200 2247 4237 unum
2293 4199 2489 4237 novum
2526 4183 2796 4237 hominem
2818 4181 2892 4245 ‘3;
2925 4181 3014 4250 qui
3050 4179 3355 4250 paciticavit
3403 4193 3499 4248 per
3525 4193 3656 4231 san-

2081 4278 2296 4346 guinem
2325 4275 2504 4331 crucis
2535 4290 2664 4340 sua',
2697 4285 2808 4328 tum
2851 4287 2970 4342 qua‘
3001 4273 3053 4326 in
3086 4272 3260 4334 cmlis,
3297 4280 3407 4324 tum
3436 4287 3556 4341 quze
3603 4272 3656 4323 in

2083 4380 2226 4422 terra
2273 4366 2477 4422 sunt”.
2505 4365 2656 4420 Beati
2683 4379 2936 4434 pauperes
2959 4363 3026 4416 ⁸ο.
3061 4362 3179 4432 Ipse
3206 4371 3290 4416 est
3325 4361 3418 4429 qui
3453 4375 3657 4432 pauper

2086 4457 2276 4520 fuit,et
2298 4472 2357 4512 se
2391 4457 2564 4524 ipsum
2603 4456 2654 4507 in
2685 4455 2856 4508 forma
2880 4454 3023 4508 servi
3050 4452 3433 4517 exinanivit“,
3477 4460 3534 4504 ut
3559 4440 3660 4505 nes

2015 4555 2057 4606 ι)
2085 4565 2274 4604 omnes
2313 4563 2377 4602 ex
2412 4546 2529 4613 ejus
2561 4544 2893 4615 plenitudine
2943 4543 3296 4610 accipiamus,
3329 4552 3384 4595 et
3427 4539 3655 4610 gratiam

2088 4660 2183 4710 pro
2206 4641 2378 4710 gratia
2396 4641 2464 4693 ".
2490 4639 2545 4692 Si
2577 4639 2697 4707 quis
2718 4637 2883 4706 igitur
2914 4651 2943 4689 a
2971 4645 3162 4688 sancto
3193 4643 3247 4687 et
3285 4632 3518 4701 benigno
3543 4631 3660 4699 Spi-

2090 4735 2195 4787 ritu
2239 4736 2452 4792 ductus,
2485 4731 2536 4782 in
2568 4729 2861 4795 semetipso
2913 4739 3016 4779 non
3053 4725 3247 4788 elatus,
3275 4723 3370 4776 sed
3415 4735 3535 4776 sese
3564 4721 3660 4774 hu-

2088 4824 2325 4886 milians,
2354 4832 2413 4876 ut
2443 4821 2578 4874 alios
2605 4818 2825 4884 exaltet,
2866 4818 3060 4885 spiritu
3101 4816 3299 4872 clamet
3346 4828 3539 4884 magna
3571 4829 3660 4867 ro-

2088 4932 2240 4985 gans,
2283 4928 2382 4968 nec
2435 4913 2727 4982 quidquam
2769 4909 3036 4980 abjectum
3085 4916 3178 4961 aut
3231 4906 3434 4962 humile
3473 4905 3660 4974 loqua-

2093 5019 2200 5070 tur,
2231 5021 2298 5060 ex
2338 5020 2404 5059 eo
2449 5007 2590 5072 quod
2629 5013 2845 5057 terrena
2879 5012 2933 5055 et
2968 5000 3237 5053 mundana
3270 5006 3498 5067 quzerat,
3539 4995 3660 5049 talis

2093 5099 2194 5151 viri
2245 5097 2450 5151 clamor
2477 5113 2505 5150 a
2540 5095 2765 5150 Domino
2803 5092 3145 5146 exaudictur.
3189 5089 3449 5157 Quisnam
3498 5087 3662 5154 igitur

3147 5295 3192 5327 "
3230 5293 3425 5364 Ephes.
3472 5308 3530 5358 ιι,
3569 5291 3657 5347 15.

2081 5508 2172 5560 τὸν
2198 5506 2372 5573 λόγον,
2402 5504 2455 5557 in
2505 5503 2742 5571 quinque
2774 5513 2908 5555 mss.
2934 5512 3040 5552 non
3075 5497 3319 5573 legituri
3361 5495 3454 5573 sed
3509 5510 3664 5573 repe-

2084 5580 2220 5631 ritur
2271 5567 2322 5630 in
2361 5567 2554 5644 Regiis
2585 5567 2779 5642 quarto
2807 5581 2863 5624 et
2895 5580 3049 5624 sexto
3097 5579 3152 5623 et
3194 5568 3248 5621 in
3281 5567 3436 5622 Colb.
3467 5568 3664 5636 quinto

2082 5663 2234 5716 aeque
2274 5661 2338 5700 ac
2373 5647 2427 5698 in
2455 5644 2635 5698 editis.

2147 5704 2382 5797 182)lta
2439 5716 2679 5786 quinque
2721 5726 2854 5770 mss.
2901 5709 3258 5772 Editio,vero
3317 5705 3494 5764 Paris.
3554 5704 3662 5763 ὑπὸ

2081 5807 2198 5843 του.
