4048 6220
398 378 504 446 563
1706 388 1763 443 .5.
1808 386 2055 443 BASILII
2091 384 2309 441 MAGNI
3540 376 3652 430 363

401 499 694 558 auditionis
737 499 859 556 linis
889 501 1011 556 est?
1047 500 1294 556 Liberari
1344 514 1410 555 ex
1461 500 1715 556 omnibus
1749 501 1973 555 tribula-

2073 498 2314 570 κοσμικά
2338 496 2521 568 ζητεῖν
2572 494 2707 567 (83),
2740 492 2834 548 τοῦ
2882 492 3123 547 τοιούτου
3168 492 3203 563 ἡ
3260 488 3473 563 κραυγὴ
3530 488 3654 541 εἱσ-

403 594 664 661 tinnibus,
695 594 830 649 adeo
856 604 916 648 ut
955 609 1061 648 non
1094 594 1171 649 sis
1203 594 1507 659 sauciatus,
1533 608 1640 648 non
1673 590 1969 660 frangaris,

2075 589 2317 661 ακουστὴ
2363 589 2441 660 τῷ
2472 588 2682 661 Κυρίῳ.
2712 588 2776 640 Τί
2804 583 2896 640 οὖν
2920 586 2981 639 τὸ
3025 584 3176 647 τέλος
3220 584 3318 654 τῆς
3348 583 3548 653 ἀκοῆς;
3576 580 3656 634 Τὸ

404 698 580 753 neque
614 684 795 739 carnis
823 683 1040 739 aﬂ‘ectui
1071 684 1416 753 manciperis.
1442 684 1576 751 Quis
1596 684 1758 753 igitur
1783 684 1973 739 modus

2076 683 2338 754 ῥυσθῆναι
2366 681 2475 735 ἀπὸ
2509 670 2698 734 πασῶν
2730 678 2836 733 τῶν
2866 677 3097 747 θλίψεων
3118 676 3381 748 ἄτρωτον,
3420 673 3496 745 μὴ
3524 675 3657 726 ὑπο-

403 789 500 846 per
517 789 677 845 quem
702 774 965 829 liberatur
986 776 1226 845 pauper?
1248 775 1433 847 (Vsus.
1452 775 1529 848 8.)
1547 775 1734 831 Castra
1758 777 1974 831 metabi-

2073 773 2491 835 κατακλιθέντα,
2552 770 2685 843 μηδὲ
2732 768 3049 823 δουλεύοντα
3091 766 3170 836 τῷ
3203 765 3506 836 φρονήματι
3546 764 3654 833 τῆς

406 880 492 921 tur
521 866 735 936 angelus
788 866 1002 921 Domini
1047 869 1102 922 in
1142 870 1362 923 circuitu
1399 871 1691 923 timentium
1745 887 1885 933 eum,
1924 880 1975 924 et

2077 865 2298 936 σαρκός.
2334 865 2431 926 Τίς
2462 858 2553 916 οὖν
2586 862 2680 915 καὶ
2704 862 2733 914 6
2753 860 2951 929 τρόπος
2971 858 3038 911 δι’
3060 851 3121 910 οὗ
3153 855 3341 928 ῥύεται
3356 856 3384 908 6
3403 854 3648 924 πτωχός;

406 958 592 1027 eripiet
625 975 734 1012 eos.
766 956 1155 1027 lnterpretatus
1181 970 1265 1015 est
1292 976 1459 1029 quem
1485 960 1630 1014 dicat
1659 976 1973 1029 pauperem,

2074 955 2450 1026 Παρεμϐαλεῖ
2477 954 2728 1024 ἄγγελος
2767 949 2986 1019 Κυρίου
3034 950 3241 1011 κύκλῳ
3289 945 3407 1001 τῶν
3434 946 3654 1016 φοϐου-

410 1052 685 1106 timentem
743 1050 995 1105 videlicet
1039 1050 1345 1105 Dominum.
1381 1053 1590 1107 Idcirco
1649 1053 1742 1121 qui
1792 1056 1966 1119 timet,

2069 1048 2269 1119 μένων
2295 1050 2497 1111 αὑτὸν,
2526 1045 2622 1100 καὶ
2638 1045 2886 1114 ῥύσεται
2913 1041 3152 1106 αὐτούς.
3171 1038 3503 1110 Ἥρμήνευσε
3528 1037 3651 1089 τίνα

409 1142 585 1196 adhuc
616 1141 670 1196 in
705 1141 850 1197 servi
889 1141 1078 1197 ordine
1113 1151 1230 1197 est:
1255 1143 1343 1211 qui
1380 1157 1510 1197 vero
1537 1143 1805 1198 charitate
1850 1158 1975 1212 per—

2077 1139 2225 1208 λέγει
2282 1137 2373 1190 τὸν
2396 1136 2629 1205 πτωχὸν,
2660 1135 2751 1188 τὸν
2778 1131 3111 1202 φοϐούμενον
3142 1130 3232 1183 τὸν
3263 1129 3484 1200 Κύριον.
3507 1128 3653 1180 Διὸτι

408 1234 584 1289 lectus
623 1234 867 1304 est.jam
916 1235 983 1289 ad
1032 1234 1123 1290 lilii
1177 1236 1495 1306 dignitatem
1540 1235 1805 1290 ascendit.
1839 1235 2006 1289 Hinc“

2076 1233 2106 1284 6
2139 1228 2471 1300 φοϐούμενος
2499 1227 2578 1280 ἔτι
2612 1227 2669 1278 ὲν
2691 1226 2757 1296 τῇ
2791 1224 2883 1277 τοῦ
2910 1222 3096 1276 δούλου
3127 1221 3277 1287 τάξει
3308 1220 3474 1273 ἐστίν.
3505 1219 3562 1272 Ὀ
3592 1219 3652 1272 δὲ

412 1339 601 1379 servus
647 1326 811 1379 etiam
845 1340 1049 1395 pauper
1083 1326 1303 1391 dicitur,
1346 1333 1630 1395 propterea
1674 1326 1818 1396 quod
1849 1326 1978 1380 nihil

2079 1323 2185 1374 ὑπὸ
2218 1322 2317 1391 τῆς
2351 1320 2574 1391 ἀγάπης
2617 1317 3035 1387 τετελειωμένος
3081 1314 3218 1385 πρὸς
3257 1312 3354 1384 τὴν
3395 1311 3487 1366 τοῦ
3532 1310 3652 1365 υῑοῦ

412 1415 574 1470 liabet
592 1416 797 1486 proprii
829 1433 845 1469 :
876 1417 1018 1471 lilius
1047 1430 1174 1472 vero
1199 1415 1311 1484 jam
1342 1416 1493 1472 dives
1518 1427 1623 1482 est,
1647 1417 1789 1487 quod
1818 1419 1981 1472 bono-

2080 1414 2271 1467 λοιπὸν
2316 1412 2474 1477 ἀξίαν
2500 1410 2768 1482 ἀνέδραμε
2796 1408 2925 1480 (84).
2953 1409 3151 1478 Διόπερ
3178 1409 3206 1459 6
3225 1406 3325 1477 μὲν
3349 1404 3533 1469 δοῦλος
3557 1407 3654 1459 καὶ

414 1521 537 1560 rum
565 1517 913 1576 paternorum
941 1509 1012 1563 sit
1039 1508 1231 1563 haeres.
1275 1506 1468 1562 Castra
1500 1509 1661 1579 igitur
1696 1508 1980 1562 melabitur

2081 1503 2294 1574 πτωχὸς
2334 1502 2584 1571 λέγεται,
2625 1500 2704 1571 τῷ
2754 1499 2920 1570 μηδὲν
2963 1499 3095 1551 ἴδιον
3140 1497 3285 1567 ἔχειν
3310 1515 3322 1528 ·
3369 1498 3398 1549 6
3440 1496 3496 1549 δὲ
3538 1495 3652 1560 υἱὸς

416 1597 634 1667 angelus
664 1597 879 1653 Domini
919 1599 974 1651 in
1018 1598 1242 1651 circuitu
1276 1599 1574 1653 timentium
1601 1615 1742 1653 eum.
1768 1598 1983 1654 Assidet

2081 1596 2180 1667 ήδη
2210 1596 2303 1648 καὶ
2332 1592 2605 1658 πλούσιος,
2651 1590 2728 1662 τῷ
2761 1590 3094 1661 κληρονόμος
3138 1588 3276 1643 εἶναι
3315 1587 3423 1641 τῶν
3455 1605 3652 1657 πατρι-

418 1686 642 1756 angelus
685 1686 909 1742 cuilibet
944 1686 998 1741 in
1033 1687 1318 1741 Dominum
1360 1688 1627 1752 credenti,
1660 1689 1762 1743 nisi
1793 1705 1890 1743 nos
1919 1688 1983 1742 il-

2081 1686 2194 1740 κῶν
2225 1684 2466 1753 ἀγαθῶν.
2497 1681 2870 1751 Παρεμϐαλεῖ
2899 1676 2991 1734 οὖν
3021 1680 3277 1751 ἅγγελος
3314 1680 3537 1747 Κυρίου
3554 1679 3656 1731 κύ-

416 1776 527 1831 lum
551 1777 803 1848 operibus
825 1778 1009 1847 pravis
1027 1778 1329 1847 abigamus.
1350 1778 1811 1844 Quemadmodum
1837 1779 1980 1833 enim

2084 1782 2210 1841 κλῳ
2236 1775 2354 1830 τῶν
2385 1775 2770 1845 φοϐουμένων
2810 1775 3016 1829 αὐτόν.
3057 1773 3228 1825 Παντὶ
3274 1770 3656 1824 πεπιστευκότι

418 1845 601 1925 fumus
631 1884 760 1938 apes
791 1845 963 1939 fugat,
1012 1879 1065 1924 et
1104 1845 1244 1925 fetor
1291 1860 1591 1925 columbas
1615 1871 1834 1939 expellit
1865 1889 1878 1925 :
1906 1871 1986 1926 sic

2086 1872 2168 1933 εἰς
2193 1870 2282 1922 τὸν
2319 1869 2522 1940 Κύριον
2560 1862 3165 1939 ἀγγελος’παρεδρεύει,
3194 1864 3288 1917 ἐὰν
3334 1864 3541 1935 μήποτε
3570 1864 3662 1915 uti-

420 1960 667 2029 angelum
694 1962 817 2016 vitae
849 1971 1050 2017 nostnae
1087 1963 1367 2017 custodem
1396 1962 1743 2033 lacrymabile
1774 1977 1839 2017 ac
1865 1977 1985 2029 gra-

2085 1962 2176 2013 τὸν
2215 1962 2375 2032 ἡμεῖς
2403 1961 2466 2013 ἐκ
2503 1959 2612 2013 τῶν
2638 1959 2889 2030 πονηρῶν
2923 1957 3101 2030 ἔργων
3129 1955 3533 2025 ἀποδιώξωμεν.
3569 1955 3662 2018 Ὧς

420 2052 638 2106 veolens
672 2061 951 2119 peccatum
995 2053 1182 2121 abigit.
1221 2052 1396 2120 Opera
1446 2053 1703 2108 custodite
1734 2053 1988 2121 angelicae

2087 2054 2196 2124 γὰρ
2222 2053 2319 2116 τάς
2353 2052 2613 2123 μελίσσας
2655 2052 2859 2116 καπνὸς
2888 2051 3206 2121 φυγαδεύει,
3247 2051 3342 2103 καὶ
3382 2049 3479 2111 τὰς
3507 2065 3666 2121 περι-

421 2140 582 2209 digna
610 2140 663 2193 in
710 2149 797 2194 tua
834 2141 1012 2195 anima
1046 2140 1093 2195 si
1132 2140 1355 2205 habeas,
1381 2149 1434 2195 et
1472 2155 1622 2195 mens
1656 2141 1709 2194 in
1741 2140 1984 2195 veritatis

2091 2145 2286 2216 στερὰς
2313 2144 2545 2198 δυσωδία
2585 2144 2887 2208 ἐξελαύνειο
2923 2143 3064 2197 οὕτω
3086 2145 3179 2196 καὶ
3203 2142 3294 2196 τὸν
3324 2140 3538 2210 φύλακα
3562 2139 3663 2209 τῆς

422 2232 884 2300 contemplatione
929 2232 1078 2286 dives
1132 2233 1186 2286 in
1245 2242 1299 2287 te
1348 2233 1637 2295 inhabitet,
1658 2236 1726 2287 ob
1772 2232 1989 2286 divitias

2090 2236 2234 2308 ζωῆς
2261 2240 2294 2308 ἡ
2305 2236 2420 2307 μῶν
2450 2235 2679 2305 ἄγγελον
2703 2238 2737 2306 ὴ
2768 2235 3111 2306 πολύδακρυς
3156 2234 3253 2287 καὶ
3278 2231 3520 2300 δυσώδης
3556 2231 3665 2300 ἀφ-

425 2320 806 2387 ρτωρΙονοτυιη
847 2337 1071 2392 operum
1103 2322 1340 2388 virtutis,
1373 2322 1516 2378 Deus
1551 2323 1862 2379 necessario
1889 2325 1988 2377 sti-

2095 2328 2302 2399 ίστησιν
2331 2327 2597 2399 ἁμαρτία.
2622 2327 2747 2380 Ἐὰν
2772 2326 2900 2400 ἔχῃς
2924 2327 2981 2378 ὲν
3003 2327 3067 2395 τῇ
3097 2324 3241 2395 ψυχῇ
3265 2323 3391 2389 ἄξια
3424 2320 3667 2391 φυλακῆς

426 2413 704 2481 pulatores
759 2412 852 2466 tibi
887 2418 942 2465 et
974 2413 1228 2467 custodes
1260 2413 1559 2477 constituit,
1589 2422 1747 2482 teque
1779 2413 1990 2483 angelo-

2092 2420 2388 2491 ἀγγελικῆς
2422 2419 2581 2492 ἔργα,
2611 2418 2705 2472 καὶ
2725 2418 2851 2481 νοῦς
2876 2416 3131 2479 πλούσιος
3160 2417 3217 2469 ὲν
3260 2417 3375 2475 τοῖς
3411 2414 3508 2483 τῆς
3536 2410 3670 2482 ἀλη-

427 2518 545 2557 rum
590 2503 886 2557 communit
917 2503 1181 2558 custodia.
1216 2502 1511 2559 Considera
1558 2512 1739 2559 autem
1790 2516 1987 2572 quanta

2093 2512 2242 2576 θείας
2287 2512 2638 2583 θεωρήμασιν
2683 2512 2865 2581 ἐνοικῇ
2913 2527 2992 2562 σοι
3023 2508 3109 2561 διὰ
3144 2507 3237 2561 τὸν
3287 2494 3517 2558 πλοῦτον
3559 2502 3669 2555 τῶν

426 2595 499 2648 sit
529 2592 843 2663 angelorum
881 2603 1092 2661 natura,
1121 2595 1553 2665 quandoquidem
1593 2595 1851 2651 exercitui
1896 2597 1989 2650 toti

2092 2604 2287 2675 τιμίων
2321 2603 2497 2675 ἔργων
2526 2602 2627 2671 τῆς
2654 2602 2873 2673 ἀρετῆς,
2923 2599 3233 2668 ἀναγκαίως
3277 2594 3548 2667 φρουρούς
3584 2609 3672 2645 σοι

424 2693 486 2740 et
534 2687 732 2740 castris
785 2686 1057 2755 frequenti
1111 2690 1281 2744 milite
1329 2687 1548 2743 refertis
1585 2688 1807 2758 angelus
1856 2703 1994 2742 unus

2094 2696 2188 2748 καὶ
2211 2694 2455 2763 φύλακας
2487 2691 2955 2762 παρακαθίστησιν
2987 2692 3016 2743 6
3047 2689 3197 2754 Θεὸς,
3232 2689 3326 2740 καὶ
3354 2682 3650 2757 περιτειχί-

427 2785 796 2845 comparatur.
850 2776 1081 2848 Propter
1110 2779 1536 2850 magnitudinem
1570 2779 1733 2848 igitur
1758 2780 1875 2849 ejus
1900 2778 1992 2846 qui

2096 2785 2178 2850 ζει
2209 2802 2266 2837 σε
2294 2785 2506 2854 φυλακῇ
2551 2782 2816 2851 ἀγγέλων.
2869 2780 3069 2834 Σκόπει
3102 2778 3158 2832 δὲ
3199 2777 3363 2850 ἡλίκη
3415 2775 3531 2829 ἐστὶ
3563 2772 3673 2826 τῶν

428 2871 484 2918 te
509 2865 764 2930 custodit,
800 2865 1057 2921 Dominus
1088 2875 1266 2922 castra
1305 2868 1399 2922 tibi
1450 2868 1694 2938 impertit
1727 2878 1989 2938 :propter

2096 2877 2346 2945 ἀγγέλων
2380 2879 2413 2947 ή
2458 2876 2645 2946 φύσις·
2685 2876 2768 2929 ὅτι
2797 2873 2903 2944 ὅλῳ
2938 2872 3284 2944 στρατοπέδῳ
3328 2869 3424 2923 καὶ
3453 2884 3674 2938 παρεμ-

429 2954 800 3010 fortitudinem
846 2972 974 3012 vero
1019 2958 1218 3028 angeli,
1256 2958 1419 3013 tutela
1468 2959 1637 3029 ipsius
1691 2975 1789 3014 ceu
1841 2975 1996 3014 muro

2097 2969 2225 3039 ϐολῇ
2258 2966 2667 3038 πολυανθρώπῳ
2701 2962 3098 3036 παρεικάζεται
3128 2966 3156 3016 6
3187 2957 3267 3026 εἷς
3298 2959 3546 3030 ἄγγελος.
3575 2956 3676 3011 Διά

429 3045 702 3101 undelibet
733 3055 785 3100 te
833 3048 1024 3102 munit.
1056 3047 1187 3101 Nam
1224 3048 1374 3114 illud,
1406 3048 1474 3103 In
1503 3051 1749 3114 circuitu,
1781 3051 1883 3104 hoc
1912 3051 1993 3120 ip-

2103 3061 2199 3131 μὲν
2225 3055 2316 3113 οὖν
2342 3060 2403 3112 τὸ
2440 3057 2668 3129 μέγεθος
2693 3055 2786 3110 τοῦ
2828 3054 3197 3125 φυλάσσοντός
3228 3069 3287 3106 σε
3322 3048 3676 3123 παρεμϐολήν

430 3153 549 3194 sum
603 3139 895 3209 signiﬁcat.
930 3140 1391 3207 Quemadmodum
1432 3144 1574 3198 enim
1610 3143 1824 3199 urbium
1858 3146 1994 3199 muri
2023 3198 2028 3228 γ

2102 3170 2183 3206 σοι
2209 3151 2488 3223 χαρίζεται
2515 3153 2544 3203 6
2571 3150 2802 3221 Κύριος·
2834 3148 2921 3202 διὰ
2943 3148 2999 3201 δὲ
3020 3147 3120 3218 τὴν
3148 3148 3300 3216 ἰσχὺν
3323 3142 3418 3197 τοῦ
3442 3141 3677 3210 ἀγγέλου

433 3230 493 3299 in,
523 3231 753 3285 circuitu
782 3233 931 3286 omni
957 3247 1022 3286 ex
1048 3241 1199 3302 parte
1231 3234 1608 3299 circumducti,
1641 3236 1998 3308 undecunque
2028 3230 2031 3233 ’

2104 3245 2265 3298 οἱονεὶ
2295 3241 2648 3313 περιτειχίζει
2688 3260 2746 3295 σε
2776 3239 3040 3295 πάντοθεν
3071 3242 3138 3310 τῇ
3172 3239 3266 3293 ἀπ’
3305 3234 3471 3290 αὐτοῦ
3503 3235 3683 3302 ἀσφα-

432 3317 669 3372 hostium
699 3320 937 3375 assultus
966 3331 1156 3376 arcent
1187 3340 1201 3377 :
1233 3321 1305 3376 ita
1333 3322 1496 3377 etiam
1520 3324 1745 3394 angelus
1772 3334 1827 3379 et
1861 3341 2001 3395 pra:-

2106 3335 2246 3406 λείᾳ.
2288 3334 2460 3388 Τοῦτο
2488 3334 2596 3406 γὰρ
2644 3335 2897 3406 σημαίνει
2938 3333 3021 3396 τὸ,
3067 3333 3300 3396 Κύκλῳ.
3334 3330 3543 3398 Ὠσπερ
3570 3326 3682 3397 γάρ

436 3410 614 3464 munit
645 3426 674 3465 a
714 3411 911 3477 fronte,
942 3422 996 3468 et
1035 3428 1064 3467 a
1113 3425 1265 3484 tergo
1297 3417 1550 3482 custodit,
1583 3432 1685 3472 nec
1709 3418 1998 3488 quidquam

2109 3430 2157 3479 οί
2195 3426 2304 3479 τῶν
2332 3427 2540 3480 πόλεων
2590 3426 2887 3497 περίϐολοι,
2928 3424 3113 3494 κύκλῳ
3153 3423 3351 3484 πάσαις
3385 3419 3495 3491 (85)
3523 3436 3683 3489 περι-

438 3504 693 3573 utrinque
724 3505 1109 3560 incustoditum
1155 3507 1429 3577 relinquit.
1462 3509 1536 3563 Ea
1592 3512 1658 3564 de
1698 3525 1861 3565 causa
1893 3509 1998 3563 Ca-

2111 3518 2381 3588 κείμενοι,
2444 3517 2708 3572 πάντοθεν
2761 3517 2858 3581 τὰς
2909 3516 3017 3570 τῶν
3055 3514 3327 3585 πολεμίων
3377 3510 3683 3584 προσϐολὰς

435 3596 554 3648 dent
597 3613 628 3648 a
671 3595 833 3650 latere
901 3607 990 3651 tuo
1046 3598 1212 3664 mille,
1240 3608 1287 3653 et
1339 3601 1514 3654 decem
1548 3601 1716 3655 millia
1744 3618 1776 3655 a
1805 3603 2000 3657 dextris

2108 3610 2461 3681 ἀπείργουσιν
2485 3625 2498 3638 '
2545 3609 2689 3663 οὕτω
2732 3608 2825 3663 καὶ
2867 3610 2896 3661 6
2926 3606 3175 3676 ἄγγελος,
3215 3606 3309 3659 κα)¹
3351 3601 3683 3675 προτειχίζει

435 3684 639 3751 tuis”;
679 3687 746 3739 ad
778 3695 830 3741 te
863 3696 1042 3741 autem
1095 3703 1162 3742 ne
1206 3687 1361 3759 plaga
1413 3692 1627 3759 quidem
1678 3692 1999 3761 cujusquam

2110 3702 2173 3753 ὲκ
2200 3701 2308 3754 τῶν
2357 3701 2690 3773 ἔμπροσθεν,
2722 3703 2815 3755 καὶ
2843 3699 3287 3769 ὀπισθοφυλακεῖ,
3341 3696 3435 3750 καὶ
3474 3693 3593 3748 οὐδὲ
3614 3692 3686 3746 τά

436 3776 610 3830 hostis
639 3777 1376 3848 appropinquabit,quoniam
1402 3782 1605 3852 angelis
1636 3783 1749 3837 suis
1778 3784 2004 3838 manda-

2110 3792 2453 3864 ἑκατέρωθεν
2483 3793 2768 3863 ἀφύλακτα
2798 3792 3134 3847 καταλείπει.
3162 3789 3259 3843 Διὰ
3292 3786 3454 3842 τοῦτο
3476 3783 3685 3840 Πεσεῖι-

438 3866 516 3919 bil
544 3866 609 3920 de
638 3878 707 3925 ιθ.
2110 3899 2205 3936 ται
2224 3883 2293 3937 ἐκ
2314 3885 2421 3938 τοῦ
2448 3886 2693 3951 κλίτους
2712 3900 2829 3938 σου
2853 3884 3071 3953 χιλιὰς,
3104 3882 3203 3936 καὶ
3241 3879 3457 3951 μυριὰς
3493 3878 3560 3930 ἐκ
3593 3875 3689 3930 δε-

438 3958 586 4023 ξιῶν
610 3975 762 4015 σου⁹
797 3967 933 4034 πρὸς
970 3966 1026 4018 σὲ
1069 3964 1125 4017 δὲ
1168 3966 1288 4019 οὐδὲ
1339 3966 1518 4037 πληγή
1562 3984 1706 4030 τινος
1736 3967 1845 4021 τῶν
1892 3969 2003 4042 (86)
2069 3973 2280 4047 ἐχθρῶν
2328 3979 2520 4046 ὲγγιεῖ,
2566 3978 2647 4031 ὃτι
2695 3980 2806 4040 τοῖς
2856 3975 3104 4044 ἀγγέλοις
3167 3971 3330 4027 αὐτοῦ
3378 3964 3689 4024 ’ἐντελεῖται

440 4054 571 4123 περὶ
592 4054 709 4107 σοῦ.

512 4145 567 4202 6.
609 4144 773 4202 Vsus.
811 4147 864 4204 9.
906 4147 1139 4210 Gustata,
1172 4162 1218 4204 et
1246 4152 1413 4206 videte
1444 4154 1693 4222 quoniam
1733 4156 1906 4209 suavis
1932 4166 2008 4211 est

2184 4157 2237 4213 6.
2264 4157 2597 4218 Γεύσασθε,
2636 4154 2734 4206 καὶ
2759 4152 2914 4206 ἴδετε
2946 4150 3036 4203 ὅτι
3075 4146 3339 4219 χρηστὸς
3383 4147 3417 4198 ό
3448 4143 3684 4209 Κύριος.

443 4236 721 4292 Dominus.
758 4238 940 4295 Multis
976 4241 1029 4294 in
1073 4241 1205 4296 locis
1251 4243 1677 4312 observavimus,
1729 4245 2009 4302 facultates

2115 4247 2391 4317 Πολλαχοῢ
2444 4246 2828 4317 τετηρήκαμεν
2853 4283 2869 4307 ,
2922 4244 3003 4296 ὃτι
3057 4244 3172 4302 τοῖς
3226 4237 3422 4304 ἔξωθεν
3474 4233 3687 4305 μέλεσιν

447 4329 639 4382 animae
687 4328 876 4384 iisdem
933 4331 1241 4387 nominibus
1292 4341 1455 4404 atque
1502 4344 1724 4391 externa
1772 4338 2011 4392 membra

2118 4338 2423 4408 ὁμωνύμως
2456 4337 2513 4390 αἱ
2537 4336 2636 4406 τῆς
2663 4335 2839 4406 ψυχῆς
2885 4329 3377 4404 προσαγορεύονται
3409 4326 3686 4396 δυνάμεις.

449 4420 725 4489 appellari.
744 4420 878 4477 Cum
897 4433 1074 4477 autem
1097 4425 1351 4481 Dominus
1375 4435 1557 4481 noster
1571 4428 1726 4495 panis
1744 4443 1904 4483 verus
1921 4429 2012 4495 sit,

2136 4431 2287 4484 Ἐπεὶ
2319 4430 2375 4482 δὲ
2408 4428 2572 4499 ἄρτος
2598 4429 2744 4481 ἐστὶν
2775 4426 3027 4498 ἀληθινὸς
3059 4428 3087 4479 6
3110 4424 3314 4495 Κύριος
3334 4420 3513 4493 ἡμῶν,
3540 4417 3630 4472 καὶ
3651 4415 3689 4487 ἡ

449 4513 636 4581 ctejus
657 4527 785 4567 caro
815 4529 974 4570 verus
1007 4515 1195 4581 cibus;
1228 4532 1449 4573 necesse
1478 4528 1558 4573 est
1588 4518 1746 4590 149
1771 4520 2015 4589 volupta-

2125 4523 2260 4592 σὰρξ
2290 4519 2456 4575 αὐτοῦ
2486 4520 2693 4591 ἀληθής
2718 4521 2833 4572 ἐστι
2858 4517 3060 4589 βρῶσις
3080 4533 3094 4547 ·
3127 4515 3339 4584 ἀνάγκη
3369 4512 3468 4583 τὴν
3498 4510 3688 4581 ἡδονην

448 4611 561 4657 tem
608 4603 811 4661 laetitiae
840 4606 995 4677 panis
1024 4621 1120 4676 per
1164 4616 1379 4676 gustum
1407 4608 1741 4677 spiritualem
1770 4609 1819 4664 in
1857 4611 2012 4665 nobis

2119 4615 2219 4684 τῆς
2238 4612 2578 4684 εὐφροσύνης
2618 4609 2710 4666 τοῦ
2735 4611 2896 4683 ἄρτου
2939 4609 3028 4662 διὰ
3059 4607 3297 4677 γεύσεως
3330 4606 3461 4675 ἡμῖν
3493 4601 3690 4672 νοητῆς

450 4698 619 4768 gigni.
665 4698 1123 4764 Quemadmodum
1156 4702 1328 4757 mellis
1359 4712 1548 4756 natura
1579 4719 1683 4757 non
1726 4719 1877 4772 atque
1906 4720 2021 4759 ser-

2123 4707 2454 4775 ἐγγίνεσθαι.
2494 4707 2580 4769 Ὠς
2614 4694 2715 4758 9’.ςοῦ
2744 4703 2958 4775 μέλιτος
2983 4704 3017 4772 ἡ
3048 4699 3210 4769 φύσις
3234 4698 3295 4751 οὐ
3332 4694 3585 4749 τοσοῦτον
3613 4690 3689 4759 τῷ

455 4805 634 4857 mone,
671 4807 733 4848 ac
755 4794 869 4860 ipso
906 4802 1091 4864 gustus
1125 4810 1285 4864 sensu
1321 4796 1562 4851 exhiberi
1594 4797 1890 4865 inexpertis
1923 4813 2019 4866 po-

2121 4796 2265 4866 λόγῳ
2288 4797 2510 4851 δύναται
2543 4796 2886 4867 παραστῆναι
2941 4794 3052 4865 (87)
3096 4794 3210 4854 τοῖς
3258 4789 3525 4859 ἀπείροις,
3567 4785 3688 4838 ὅσον

450 4887 563 4935 test
590 4895 605 4932 :
630 4880 710 4935 sic
752 4896 927 4951 neque
954 4882 1190 4939 ctelestis
1227 4885 1377 4939 verbi
1428 4885 1640 4940 bonitas
1683 4887 2019 4941 documentis

2122 4889 2215 4941 ἀπ’
2241 4889 2410 4959 αὐτῆς
2455 4890 2553 4956 τῆς
2604 4888 2743 4940 κατὰ
2796 4886 2894 4957 τὴν
2926 4884 3113 4955 γεῦσιν
3142 4881 3474 4952 αἰσθήσεως·
3522 4875 3692 4938 οὕτως

456 4972 604 5027 clare
633 4974 827 5042 exponi
877 4983 1075 5043 potest,
1106 4975 1230 5041 nisi,
1263 4976 1603 5047 dogmatibus
1640 4978 1886 5032 veritatis
1907 4979 2022 5032 diu-

2123 4979 2242 5031 οὺδὲ
2279 4981 2311 5049 ἡ
2346 4979 2645 5050 χρηστότης
2690 4977 2782 5030 τοῦ
2824 4976 3073 5046 οὐρανίου
3106 4973 3263 5041 λόγου
3297 4967 3545 5041 ἐναργῶς
3585 4983 3693 5019 πα-

457 5062 565 5117 tius
585 5063 1254 5131 examinatis,_bonitatem
1289 5066 1499 5122 Domini
1539 5068 1805 5135 possimus
1839 5079 2019 5123 nostra

2129 5071 2415 5141 ραδοθῆναι
2447 5068 2813 5131 διδασκαλίαις
2843 5066 2953 5138 (88)
2976 5066 3215 5127 δύναται,
3243 5062 3337 5117 ἐὰν
3375 5059 3468 5132 μὴ,
3503 5057 3571 5111 τὰ
3596 5056 3694 5125 τῆς

531 5179 577 5210 ⁸³
609 5179 752 5234 Psal.
783 5194 871 5244 xc,
905 5177 956 5231 7.

531 5314 646 5386 (8'5)
687 5314 780 5370 Sic
802 5325 1004 5382 septem
1032 5331 1165 5370 mss.
1203 5314 1272 5368 At
1305 5313 1431 5367 editi
1465 5329 1699 5386 φρονειν.
1729 5310 1848 5386 Mn}
1871 5313 2029 5386 quin-
2164 5385 2168 5386 ν
2208 5313 2318 5386 (86)
2350 5313 2424 5367 lta
2459 5314 2860 5386 quinqne_mss_.
2892 5308 3054 5386 Paulo
3085 5306 3240 5386 aliter
3266 5304 3460 5386 legitur
3503 5300 3664 5386 in‘em

463 5369 897 5456 ηιιέυιῖιεὲξάπὺ
944 5386 1153 5439 πασῶν.
1221 5385 1360 5456 Etliti
1394 5369 1738 5456 Ϋὲιξδπασῶν.
1794 5369 2031 5456 Subinde

2137 5369 2224 5445 tis:
2252 5369 2375 5456 boc_
2400 5369 2555 5439 τιιᾶἀο
2591 5369 2772 5456 [πρὸς
2807 5382 2867 5433 σὲ
2894 5379 2951 5456 δὲ
2996 5380 3101 5456 οὐκ.
3138 5369 3480 5456 ὲγγιεξξοὺδξ
3512 5369 3657 5456 πληγ

464 5439 853 5525 quinquenniis.
885 5455 1228 5510 δουλεύοντα.
1266 5455 1404 5509 Editi
1458 5452 1836 5506 δουλεύσαντα.
1895 5451 2028 5522 Reg.

1985 5467 2028 5522 ε.
2134 5439 2277 5516 τινος
2306 5453 2570 5525 τῶν,νθις.
2620 5439 2767 5521 Reg:
2787 5449 3146 5525 [erlitls__7396;
3178 5439 3499 5525 'a'ensgpsss
3514 5439 3583 5525 πλ

466 5458 699 5525 quinque
725 5473 853 5511 mss.
885 5458 1228 5510 δουλεύοντα.
1266 5458 1404 5509 Editi
1458 5458 1836 5506 δουλεύσαντα.
1895 5458 2028 5522 Reg.

466 5527 683 5593 quintus
713 5525 1069 5582 δουλωθέντα.
1704 5592 1709 5593 ί
1822 5592 1848 5593 η

2134 5471 2277 5516 τινος
2309 5458 2437 5515 τῶν,
2467 5464 2570 5509 etc.
2620 5458 2753 5521 Reg.
2787 5458 2976 5505 tertius
3011 5458 3146 5519 πρὸς
3188 5458 3247 5498 σε
3277 5458 3334 5498 οε
3372 5458 3491 5496 osos
3514 5458 3584 5493 πΑ
3623 5458 3695 5513 γη

2134 5543 2221 5588 τις
2246 5524 2375 5579 τῶν.
2414 5524 2532 5578 Mox
2566 5538 2699 5593 mss.
2730 5536 2823 5593 sex
2852 5522 2966 5583 τοῖς
2990 5518 3205 5583 ἔξωθεν.
3246 5514 3385 5569 ΕιΙὶιί
3416 5515 3527 5574 τοῖς
3570 5458 3696 5577 {Eu}.

536 5594 646 5669 (86)
670 5595 802 5666 Reg.
827 5597 1097 5669 secundus
1126 5595 1413 5669 evédpuus.
1432 5593 1564 5664 Reg.
1592 5592 1780 5649 tertius
1807 5592 2028 5663 ἔδραμε.

1707 5592 1780 5648 ius
1807 5592 2028 5663 ἔδραμε.
2135 5594 2383 5669 Nostine
2411 5610 2540 5649 mss.
2566 5592 2748 5669 ἐπειδὴ
2779 5588 3002 5669 ἄρτος.-
3295 5654 3305 5665 .

468 5660 587 5738 Alii
604 5660 900 5738 _I_i_ts§.'cum
936 5668 1096 5721 editis
1126 5660 1420 5738 ἀνέδραμε.
1501 5660 1585 5738 ,⁷η-
1870 5660 1881 5663 ’
1945 5660 1952 5662 ἡ
1990 5731 2001 5738 _

1990 5731 2001 5738 _
2205 5664 2321 5738 (87)
2349 5664 2481 5738 Reg.
2513 5660 3129 5738 ηιιίιιιιιεπαραστῆσαι,
3163 5670 3271 5738 non
3294 5660 3366 5738 ita
3394 5660 3565 5738 recte.

541 5732 653 5802 (85)
686 5736 822 5794 Editi
855 5744 907 5792 et
937 5746 1047 5791 tres
1084 5751 1211 5792 mss.
1246 5722 1465 5800 πάὰαις.
1485 5734 1588 5791 Alii
1620 5744 1730 5791 tres
1757 5749 1886 5790 mss.
1935 5731 2035 5792 πά-

1990 5731 2035 5792 ὶ-
2209 5722 2320 5807 ζ88)
2356 5722 2458 5792 δίε
2474 5722 2676 5805 septem
2703 5722 3010 5789 mssfb‘diti'
3031 5723 3373 5787 διδασκαλίας
3394 5722 3588 5791 λόγοις.

470 5819 554 5878 σῃ.

2146 5883 2196 5904 ,θ’
