4048 6220
357 331 466 392 565

1495 332 1781 390 ΗοΜιιιΑ
1822 333 1890 388 ΙΝ
1927 331 2260 389 PSALMUM
2298 332 2539 387 XXXlll.

3498 338 3604 396 366

355 454 612 526 ἀληθείας
637 453 883 523 δόγματα
929 451 1022 506 ἐπὶ
1062 453 1222 508 πλέον
1260 453 1668 523 βασανίσαντες,
1695 454 1934 524 δυνηθῶ-

2059 470 2274 523 psorum
2311 453 2642 524 experientia
2673 435 3096 523 apprehendere.
3131 450 3352 508 Gustate
3398 464 3600 520 autem,

361 559 461 614 μεν
495 545 559 613 τῇ
595 541 770 611 οἰκείᾳ
792 541 956 612 πείρᾳ
984 543 1084 611 τὴν
1111 542 1454 613 χρηστότητα
1481 543 1803 596 καταλαϐεῖν
1835 542 1929 595 τοῦ

359 633 586 704 Κυρίου.
616 634 930 687 Γεύσασθε
954 633 1041 696 δὲ,
1084 632 1224 699 εἶπε,
1267 635 1362 687 καὶ
1394 636 1512 705 οὐχὶ
1544 635 1894 706 ἐμπλήσθητε
1913 652 1926 665 ·

357 724 493 779 διότι
522 725 617 778 νῦν
644 725 741 795 μὲν
765 725 828 777 ἐκ
857 726 1054 797 μέρους
1077 726 1440 796 γινώσκομεν,
1467 729 1558 780 καὶ
1577 728 1642 780 δι’
1667 728 1930 798 ἐσόπτρου

363 815 631 887 βλέπομεν
663 818 756 870 καὶ
789 817 1108 888 αἰνίγματος
1139 818 1240 888 τὴν
1261 818 1536 888 ἀλήθειαν·
1569 819 1688 888 ἥξει
1721 819 1776 872 δέ
1803 836 1931 871 ποτε

362 911 450 963 ὅτε
481 911 508 963 6
528 908 623 962 νῦν
653 909 934 981 ἀρραϐὼν,
961 911 1056 964 καὶ
1080 910 1142 963 τὸ
1168 910 1350 981 γεῦμα
1386 911 1544 964 τοῦτο
1586 913 1684 981 τῆς
1715 912 1935 981 χάριτος

364 1004 444 1065 εις
494 1002 806 1073 τελειότητα
844 1005 976 1073 ἡμῖν
1023 1005 1120 1073 τῆς
1175 1003 1526 1066 ἀπολαύσεως
1589 1004 1931 1074 καταντήσει.

365 1093 575 1164 Ὠσπερ
590 1093 646 1146 δὲ
667 1097 715 1146 oi
735 1093 1131 1164 στομαχοῦντες
1148 1095 1242 1146 καὶ
1271 1095 1320 1145 oi
1352 1093 1644 1157 κακόσιτοι,
1670 1094 1936 1164 ἀποστρε-

2034 549 2231 617 iuquit,
2263 563 2368 602 non
2403 558 2581 600 autem
2613 547 2964 615 impleamini.
3002 545 3135 600 Nam
3196 562 3338 602 nunc
3386 548 3600 615 quidem

2034 653 2100 690 ex
2127 645 2281 706 parte
2306 637 2702 706 cognoscimus,
2737 648 2789 692 et
2817 654 2912 705 per
2944 639 3219 706 speculum
3263 654 3324 692 ac
3355 655 3447 707 per
3473 641 3605 694 teni-

2033 744 2156 799 gma
2209 729 2457 784 videmus
2508 729 2791 783 veritatem
2812 729 2860 762 ⁸⁸
2892 746 2904 780 :
2935 730 3117 784 veniet
3163 742 3342 784 autem
3394 740 3604 800 tempus

2034 833 2157 872 cum
2191 833 2429 887 praesens
2464 817 2721 882 arrhabo,
2754 825 2808 871 et
2831 817 2921 871 hic
2947 817 3134 887 gratiae
3163 826 3350 887 gustus
3386 818 3452 870 ad
3481 833 3604 886 per-

2035 911 2232 965 fectam
2274 908 2587 963 fruitionem
2624 909 2782 962 nobis
2808 917 3071 963 vertetur.
3125 907 3192 962 Ut
3249 909 3392 963 enim
3429 909 3464 962 ii
3507 910 3601 978 qui

2035 1001 2320 1056 stomacho
2356 1000 2605 1054 laborant
2652 1008 3026 1070 nauseantque
3080 1012 3394 1054 aversantes
3427 1002 3600 1066 cibos,

2035 1095 2103 1148 ab
2137 1093 2238 1147 hac
2265 1093 2486 1148 molesta
2517 1092 2799 1148 affectione
2825 1100 3084 1146 curantur
3114 1108 3141 1144 a
3169 1092 3408 1155 medicis,
3433 1093 3477 1146 si
3509 1107 3604 1158 ap-

367 1183 588 1252 φόμενοι
615 1182 684 1236 τὰ
721 1184 897 1247 σιτία,
935 1183 1039 1236 ὑπὸ
1071 1183 1176 1236 τῶν
1208 1184 1407 1256 ἰατρῶν
1451 1183 1842 1254 θεραπεύονται
1875 1184 1935 1235 τὸ

2059 1185 2331 1239 tetentiam
2368 1183 2606 1238 excitent
2635 1199 2728 1252 per
2758 1183 3046 1253 quemdam
3085 1183 3326 1237 ciborum
3371 1198 3603 1252 appara-

363 1275 712 1346 δυσάρεστον,
747 1275 1121 1347 διεγειρόντων
1157 1276 1256 1341 τὰς
1287 1276 1497 1348 ὀρέξεις
1527 1276 1618 1329 διά
1647 1294 1790 1339 τινος
1818 1279 1936 1329 ἐπι-

365 1365 668 1437 τηδεύσεως
691 1367 792 1436 τῆς
822 1369 879 1420 ὲν
904 1369 1015 1431 τοῖς
1042 1365 1344 1438 βρώμασιν,
1391 1367 1550 1432 ὥστε,
1585 1367 1690 1421 ὑπὸ
1720 1367 1817 1440 τῆς
1840 1385 1938 1421 κα-

373 1454 593 1527 ρυκείας
635 1456 848 1527 ἐκείνης
896 1455 1284 1530 ὲρεθιζομένης
1328 1461 1427 1530 τῆς
1469 1454 1807 1530 αἰσθήσεως,
1853 1460 1939 1512 ἀεὶ

372 1547 505 1618 πρὸς
535 1548 594 1600 τὸ
629 1549 810 1601 πλεῖον
852 1549 960 1618 (89)
994 1551 1359 1606 ἐπιτείνεσθαι
1389 1552 1488 1615 τὰς
1516 1551 1758 1623 ὀρέξεις·
1799 1551 1940 1604 οὕτω

371 1641 464 1691 καὶ
490 1640 580 1691 ἐπὶ
611 1639 703 1692 τοῦ
732 1641 887 1708 λόγου
920 1643 1021 1711 τῆς
1053 1642 1332 1714 ἀληθείας,
1366 1643 1534 1714 Αὐτὴ,
1580 1644 1764 1713 φησὶν,
1798 1644 1942 1713 ὑμᾶς

370 1732 404 1800 ἠ
424 1734 587 1802 πεῖρα
612 1731 746 1802 πρὸς
762 1733 822 1786 τὸ
841 1734 1135 1804 ἀκόρεστον
1159 1735 1260 1804 τῆς
1279 1735 1571 1806 ἐπιθυμίας
1590 1737 1676 1789 ἀεὶ
1701 1753 1940 1808 προσκα-

2041 1287 2185 1341 ιιιιη;
2214 1277 2347 1330 adeo
2382 1287 2460 1341 ut,
2492 1292 2651 1330 sensu
2694 1290 2792 1344 per
2827 1275 3338 1330 illam'coudituram
3370 1276 3601 1339 irritato,

2042 1369 2350 1436 appetentia
2384 1369 2558 1436 magis
2580 1383 2646 1422 ac
2676 1368 2848 1437 magis
2886 1383 3102 1438 semper
3121 1377 3383 1438 augeatur
3406 1385 3421 1422 :
3448 1367 3522 1422 ita
3552 1375 3609 1422 et

2039 1465 2094 1516 in
2121 1463 2288 1517 verbo
2312 1462 2576 1527 veritatis,
2612 1461 2749 1532 Ipsa,
2784 1464 2979 1532 inquit,
3002 1463 3337 1526 experientia
3366 1462 3432 1517 ad
3457 1461 3607 1517 insa-

2043 1551 2281 1606 tiabilem
2313 1552 2613 1620 apperitum
2648 1566 2745 1606 vos
2779 1567 2993 1621 semper
3019 1553 3351 1622 provocabit.
3379 1552 3607 1616 Idcirco,

2041 1645 2137 1706 ait,
2167 1640 2410 1708 Gustata,
2443 1653 2501 1697 ut
2532 1642 2672 1698 beati
2703 1644 2822 1698 sitis
2860 1659 3075 1712 semper
3101 1632 3401 1700 esurientes
3423 1644 3611 1698 sitien-

2045 1741 2233 1803 tesque
2254 1733 2540 1802 justitiam.
2568 1734 2766 1788 Beatus
2800 1736 2878 1788 uir
2916 1736 3006 1804 qui
3048 1746 3218 1804 sperat
3254 1735 3308 1788 in
3342 1751 3479 1789 eum.
3509 1734 3611 1802 Qui

373 1801 606 1876 λέσεται.
624 1801 724 1877 Διὰ
745 1824 925 1889 τοῦτο,
947 1801 1098 1896 φησὶ,
1118 1801 1454 1889 Γεῦσασθε,
1465 1827 1550 1879 ἵνα
1583 1801 1838 1898 μακάριοι
1858 1827 1942 1895 γέ-

2068 1827 2241 1894 ugiter
2276 1827 2424 1881 verbi
2448 1825 2717 1881 desiderio
2741 1836 2973 1892 tenetur,
3000 1827 3051 1880 in
3077 1827 3218 1880 nulla
3245 1841 3301 1880 re
3320 1827 3421 1881 alia
3451 1841 3611 1895 quam

376 1915 536 1986 νησθε
551 1916 635 1970 ἀεὶ
649 1916 940 1980 πεινῶντες
953 1919 1044 1970 καὶ
1057 1917 1316 1986 διψῶντες
1330 1919 1426 1989 τὴν
1444 1918 1809 1990 δικαιοσύνην.
1829 1923 1947 1973 Μα-

375 2007 569 2076 κάριος
597 2009 750 2078 ἀνὴρ
763 2009 830 2075 ὃς
845 2008 1064 2071 ἐλπίζει
1085 2012 1178 2063 ἐπ’
1197 2012 1398 2065 αὐτόν.
1421 2012 1475 2064 ’0
1503 2013 1588 2064 ἀεὶ
1612 2012 1669 2063 ἐν
1686 2011 1948 2081 ἐπιθυμίᾳ

375 2096 448 2150 ὢν
463 2097 554 2150 τοῦ
576 2098 751 2167 λόγου,
771 2099 1020 2152 ὲπόὐδὲν
1037 2099 1222 2170 ἕτερον
1245 2100 1466 2170 θήσεται
1482 2101 1578 2170 τὴν
1601 2100 1834 2170 ἐλπίδαῆ
1856 2101 1948 2154 ἐπὶ

375 2187 464 2239 τὸν
491 2187 714 2257 Κύριον.
738 2187 1036 2255 Φοϐήθητε
1063 2189 1168 2241 τὸν
1202 2191 1442 2256 Κύριον,
1467 2189 1689 2256 πάντες
1715 2193 1766 2243 οἱ
1795 2189 1948 2260 ἅγιοι

375 2278 558 2332 αὐτοῦ
579 2295 593 2310 ο
625 2278 715 2332 ὅτι
743 2282 852 2332 οὐκ
877 2279 1047 2333 ἔστιν
1076 2280 1382 2349 ὑστέρημα
1415 2281 1538 2346 τοῖς
1560 2280 1949 2350 φοϐουμένοις

377 2373 581 2424 αὐτόν.
626 2372 748 2426 Ἐὰν
779 2371 852 2443 μὴ
882 2373 1043 2440 φόϐος
1071 2373 1302 2446 παιδεύῃ
1330 2373 1484 2443 ἡμῶν
1520 2373 1616 2444 τὴν
1648 2373 1790 2444 ζωὴν
1815 2373 1947 2444 (90),

377 2462 653 2533 ἀμήχανον
681 2464 1089 2535 κατορθωθῆναι
1111 2466 1201 2518 τὸν
1225 2465 1494 2536 ἀγιασμὺν
1528 2466 1584 2517 ὲν
1616 2465 1691 2536 τῷ
1720 2464 1947 2536 σώματι.

379 2553 746 2618 Καθήλωο-ον
798 2555 926 2625 γὰρ,
981 2557 1133 2626 φησὶ,
1187 2557 1256 2610 ἐκ
1303 2558 1408 2610 τοῦ
1451 2558 1638 2626 φόϐου
1679 2572 1795 2610 σου
1846 2558 1953 2623 τὰς

380 2643 611 2710 σάρκας
638 2663 779 2712 μου.
833 2646 919 2709 Ὠς
944 2646 1051 2718 γὰρ
1094 2649 1141 2700 οἱ
1185 2646 1288 2699 ὑπὸ
1325 2648 1432 2700 τῶν
1465 2647 1606 2718 ἥλων
1654 2648 1954 2720 διαπεπαρ-

387 2734 537 2804 μένοι
579 2736 645 2788 τὰ
693 2737 828 2807 μέλη
873 2737 966 2790 τοῦ
1024 2738 1273 2809 σώματος
1315 2741 1544 2810 ἀκίνητα
1591 2740 1772 2810 ἔχουσι
1819 2743 1954 2812 πρὸς

386 2827 682 2898 ἐνέργειαν,
712 2828 883 2893 οὕτως
910 2833 958 2883 οἱ
989 2830 1065 2902 τῷ
1096 2831 1226 2902 θείῳ
1255 2832 1405 2904 φόϐῳ
1437 2832 1534 2904 τὴν
1567 2835 1743 2904 ψυχὴν
1772 2851 1953 2888 κατει-

383 2920 648 2992 λημμένοι
706 2923 888 2975 πᾶσαν
929 2923 1024 2994 τὴν
1079 2924 1143 2977 ὲκ
1190 2925 1298 2978 τῶν
1330 2924 1518 2978 παθῶν
1553 2926 1648 2996 τῆς
1682 2927 1954 2998 ἁμαρτίας

388 3013 661 3083 ἐνόχλησιν
695 3014 1065 3082 διαφεύγουσι.
1101 3015 1190 3087 Τῷ
1212 3013 1302 3071 οὖν
1333 3017 1647 3088 φοϐουμένῳ
1683 3018 1781 3071 οὐκ
1809 3018 1955 3070 ἔστιν

387 3106 704 3176 ὑστέρημα·
754 3108 1022 3170 τουτέστι,
1067 3109 1202 3180 πρὸς
1255 3110 1508 3181 οὐδεμίαν
1555 3111 1755 3182 ἀρετήν
1807 3113 1954 3164 ὲστιν
1980 3150 2021 3207 C

388 3196 607 3267 ἐλλιπὴς
658 3199 686 3250 6
725 3199 829 3250 ὑπὸ
873 3198 966 3252 τοῦ
1021 3200 1184 3268 φόϐου
1232 3201 1340 3253 ἀπὸ
1369 3201 1547 3274 πάσης
1583 3203 1785 3272 ἀτόπου
1813 3200 1954 3274 πρά-

390 3287 520 3351 ξεως
548 3288 906 3360 κωλυόμενος,
944 3291 1078 3346 ἀλλὰ
1122 3292 1324 3356 τέλειός
1372 3293 1508 3356 ἐστι,
1567 3293 1793 3364 μηδενὸς
1846 3293 1954 3346 τῶν

390 3381 783 3436 ἐπιϐαλλόντων
827 3387 890 3456 τῇ
936 3385 1248 3457 ἀνθρωπίνῃ
1275 3386 1434 3455 φύσει
1461 3385 1640 3439 καλῶν
1666 3385 1955 3439 ἀπολειπό-

393 3489 570 3544 μενος.
601 3475 689 3539 Ὠς
713 3475 820 3548 γὰρ
849 3477 949 3530 οὐκ
983 3476 1096 3530 ἔστι
1120 3477 1323 3542 τέλειος
1350 3479 1406 3530 ὲν
1439 3477 1516 3548 τῷ
1545 3475 1760 3548 σώματι
1790 3476 1900 3549 (91)
1926 3479 1954 3528 6

392 3565 448 3619 ἐν
472 3583 576 3620 τινι
613 3569 765 3640 μέρει
804 3570 910 3622 τῶν
945 3571 1257 3638 ἀναγκαίων
1286 3569 1648 3640 ὲλλιμπάνων,
1687 3568 1797 3622 ἀλλ’
1829 3569 1959 3622 ἀτε-

394 3658 492 3728 λής
532 3659 646 3712 ἐστι
712 3659 846 3713 καθ’
898 3661 926 3714 ὃ
978 3661 1244 3714 ἐλλείπει·
1300 3659 1441 3714 οὕτω
1481 3661 1572 3714 καὶ
1609 3663 1637 3714 6
1671 3661 1799 3732 περὶ
1835 3661 1960 3730 μίαν

397 3749 502 3802 τῶν
561 3750 786 3804 ὲντολῶν
843 3751 1323 3824 καταφρονητικῶς
1379 3750 1734 3821 διακείμενος,
1780 3750 1864 3804 διὰ
1903 3749 1964 3802 τὸ

397 3841 641 3912 ὑστερεῖν
700 3841 889 3913 αὐτῆς,
951 3843 1142 3914 ἀτελής
1207 3846 1322 3897 ἐστι
1391 3842 1530 3896 κατὰ
1586 3843 1646 3896 τὸ
1700 3842 1960 3909 ἐλλεῖπον,

2047 1919 2098 1970 in
2135 1917 2362 1972 Domino
2390 1933 2537 1986 spem
2575 1928 2814 1986 reponet.
2841 1916 3029 1988 (Vens.
3067 1917 3180 1988 10.)
3206 1916 3404 1972 Timete
3428 1917 3615 1970 Domi-

2047 2025 2197 2072 num,
2227 2025 2404 2062 omnes
2460 2011 2629 2064 sancti
2663 2013 2778 2078 ejus
2811 2010 3102 2079 :quoniam
3149 2025 3257 2062 non
3300 2018 3377 2064 est
3435 2010 3615 2078 inopia

2048 2100 2344 2154 timentibus
2399 2117 2539 2154 eum.
2595 2100 2709 2154 Nisi
2759 2101 2918 2154 timor
2969 2100 3268 2156 instituerit
3319 2101 3483 2154 vitam
3518 2114 3617 2154 no-

2048 2192 2612 2258 stram,sanctimonia
2632 2194 2683 2246 in
2707 2206 2935 2261 corpore
2959 2194 3262 2260 comparari
3283 2205 3384 2246 non
3418 2203 3614 2261 potest,

2049 2283 2283 2354 Conﬁge,
2332 2284 2524 2354 inquit,
2572 2285 2758 2338 timore
2805 2293 2895 2338 tuo
2925 2301 3108 2338 carnes
3147 2301 3287 2339 meas
3310 2285 3380 2341 ⁵⁵.
3414 2285 3616 2353 Quem-

2049 2377 2334 2432 admodum
2379 2377 2522 2431 enim
2551 2376 2642 2446 qui
2679 2376 2845 2431 clavis
2889 2377 3132 2431 transﬁxi
3181 2387 3329 2442 sunt,
3378 2378 3617 2432 membra

2050 2469 2294 2539 corporis
2333 2469 2398 2524 ad
2449 2471 2714 2539 agendum
2766 2470 3058 2525 immobilia
3105 2471 3356 2525 habent:
3375 2471 3455 2525 sic
3485 2485 3622 2540 quo-

2052 2575 2168 2613 rum
2219 2559 2396 2612 anima
2447 2559 2630 2614 divino
2677 2561 2870 2615 timore
2923 2569 3171 2629 correpta
3200 2570 3305 2626 est,
3340 2561 3376 2615 ii
3408 2576 3619 2616 omnem

2053 2651 2514 2723 perturbationem
2558 2667 2625 2706 ex
2669 2653 2871 2722 peccati
2903 2651 3274 2708 affectionibus
3305 2654 3624 2722 provenien-

2057 2753 2162 2798 tem
2189 2745 2383 2798 vitant.
2403 2743 2634 2798 Timenti
2667 2745 2848 2814 itaque
2887 2761 2992 2800 non
3025 2755 3108 2800 est
3137 2745 3314 2813 inopia
3340 2763 3353 2811 ;
3387 2747 3490 2800 hoc
3515 2755 3624 2810 est,

2054 2835 2143 2904 qui
2173 2849 2269 2904 per
2292 2836 2540 2890 timorem
2568 2836 2636 2890 ab
2661 2837 2807 2890 omni
2833 2836 3085 2890 indecora
3116 2846 3170 2891 et
3197 2835 3428 2891 absurda
3454 2837 3623 2891 actio-

2056 2942 2122 2982 ne
2165 2937 2404 2994 arcetur,
2439 2929 2488 2984 ei
2538 2928 2672 2983 nihil
2714 2929 2867 2984 deest
2913 2930 2979 2984 ad
3015 2928 3310 2998 quamlibet
3345 2930 3623 2994 virtutem,

2057 3019 2151 3075 sed
2183 3021 2456 3089 perfectus
2487 3029 2592 3085 est,
2622 3021 2767 3075 nullo
2800 3020 2943 3075 bono
2974 3021 3223 3075 humanae
3247 3029 3454 3074 naturae
3492 3035 3625 3075 con-

2056 3112 2290 3167 venienti
2315 3111 2629 3171 destitutus.
2649 3109 2720 3166 Ut
2738 3112 2878 3166 enim
2902 3111 3172 3181 perfectus
3197 3112 3250 3165 in
3271 3125 3497 3178 corpore
3522 3124 3627 3163 non

2058 3211 2162 3266 est,
2191 3201 2275 3255 cui
2310 3201 2489 3270 aliqua
2519 3216 2647 3269 pars
2700 3201 3003 3257 necessaria
3053 3201 3212 3267 desit,
3249 3199 3342 3255 sed
3375 3199 3628 3269 imperfe-

2059 3305 2178 3351 ctus
2203 3305 2286 3350 est
2317 3295 2608 3349 secundum
2637 3308 2754 3349 eam
2786 3309 2905 3363 qua:
2934 3293 3083 3349 deest
3107 3303 3314 3362 partem
3338 3313 3349 3348 :
3370 3292 3441 3347 ita
3463 3291 3627 3346 etiam

2059 3388 2150 3457 qui
2209 3385 2296 3442 vel
2344 3401 2509 3441 unum
2580 3396 2908 3455 praeceptum
2959 3392 3302 3455 aspernatur,
3348 3391 3630 3454 propterea

2063 3479 2207 3547 quod
2247 3494 2312 3534 eo
2364 3486 2540 3544 caret,
2575 3478 2922 3548 imperfectus
2971 3485 3058 3532 est
3081 3477 3233 3546 juxta
3278 3475 3330 3530 id
3360 3475 3502 3544 quod
3534 3475 3633 3529 de-

2069 3571 2210 3626 ﬁcit.
2231 3569 2454 3636 Contra,
2503 3569 2597 3639 qui
2648 3568 2946 3638 perfectum
2981 3569 3228 3623 timorem
3267 3567 3522 3636 suscepit,
3568 3581 3635 3620 ac

2067 3661 2248 3716 omnia
2281 3661 2436 3716 timet
2465 3662 2856 3729 circumspecto
2873 3668 3040 3726 metu,
3065 3661 3198 3715 nihil
3224 3658 3488 3729 peccabit,
3510 3673 3634 3712 cum

2071 3750 2206 3805 nihil
2239 3759 2598 3817 contemnat;
2634 3750 2871 3818 inopiam
2913 3758 3090 3806 autem
3145 3762 3250 3804 non
3303 3746 3635 3816 experietur,

2071 3842 2324 3910 quoniam
2350 3849 2608 3910 perpetuo
2641 3841 2688 3895 ei
2721 3840 2874 3895 adest
2905 3840 3066 3893 timor
3099 3839 3151 3892 in
3187 3837 3456 3892 omnibus.

407 3933 465 3985 ὐ
522 3933 581 3986 δὲ
635 3935 727 3987 τὸν
776 3935 979 3988 τέλειον
1046 3935 1208 4004 φόϐον
1272 3934 1612 4006 ἀνειληφὼς,
1676 3936 1770 3988 καὶ
1821 3935 1997 3988 πάντα
2067 3933 2464 4003 καταπτήσσων
2522 3933 2592 3986 δι’
2657 3931 2959 3997 εὐλάϐειαν,
3021 3930 3172 3984 οὐδὲν
3234 3930 3331 4000 μὲν
3391 3929 3640 3999 ἁμαρτὴ-

399 4044 551 4082 σεται
607 4028 686 4100 τῷ
753 4029 979 4102 μηδενὸς
1043 4032 1350 4102 ὑπερορᾷν·
1422 4032 1518 4100 οὐχ
1582 4030 1692 4097 ἕξει
1749 4030 1806 4084 δὲ
1855 4029 2160 4100 ὑστέρημα,
2229 4027 2306 4098 τῷ
2347 4028 2442 4082 ἐπὶ
2489 4029 2664 4083 πάντα
2716 4027 2957 4099 διαρκῶς
3025 4029 3274 4097 παρεῖναι
3350 4023 3498 4096 αὐτῷ
3549 4023 3641 4077 τὸν

400 4121 582 4190 φόϐον.

470 4212 523 4267 7.
553 4215 840 4269 Πλούσιοι
873 4215 1261 4285 ἐπτώχευσαν
1293 4215 1393 4269 καὶ
1426 4215 1786 4269 ἐπείνασανο
1819 4217 1873 4269 οἱ
1905 4214 1955 4267 δι

2148 4212 2199 4266 7.
2235 4211 2398 4265 Vens.
2435 4211 2522 4265 Ii.
2569 4209 2765 4263 Divite:
2803 4217 3054 4278 eguerunt
3093 4215 3143 4261 et
3195 4206 3519 4269 esurierunt;
3560 4204 3645 4258 in-

399 4301 783 4370 ἐκζητοῦνςτες
837 4303 945 4358 τὸν
1007 4305 1226 4370 Κύριον
1283 4305 1395 4357 οὐκ
1457 4301 1972 4368 ὲλαττωθήσονται

399 4391 628 4456 παντὸς
672 4393 914 4462 ἀγαθοῦ.
953 4394 1314 4464 Οἰκοδομείτω
1364 4394 1461 4465 μὲν
1506 4395 1652 4464 ἡμᾶς
1693 4392 1786 4447 καὶ
1837 4393 1974 4464 πρὸς

323 4506 326 4510 -
399 4483 498 4553 τὴν
526 4486 923 4556 καταφρόνησιν
967 4485 1061 4538 τοῦ
1103 4485 1414 4557 σωματικοῦ
1451 4485 1678 4540 πλούτου
1733 4487 1760 4539 ὁ
1796 4484 1971 4555 λόγος,

403 4577 466 4628 τὸ
498 4577 751 4631 ἀϐέϐαιον
791 4580 888 4648 τῆς
929 4578 1037 4631 τῶν
1083 4579 1379 4648 χρημάτων
1409 4578 1723 4649 περιουσίας
1763 4578 1973 4631 ἐκδιδά-

408 4688 572 4726 σκων.
599 4671 1027 4742 Εὐμετάπτωτος
1055 4669 1162 4739 γὰρ
1187 4671 1215 4721 6
1245 4668 1492 4732 πλοῦτος,
1517 4669 1612 4722 καὶ
1635 4668 1794 4721 οἱονεὶ
1823 4666 1976 4739 κῦμα

479 4828 526 4862 ⁸⁸
549 4826 852 4893 lCor.xnt,
887 4827 973 4882 l2.
1048 4827 1094 4860 ⁸⁸
1126 4824 1266 4881 Psal.
1292 4839 1478 4888 cxvm,
1512 4824 1633 4878 120.

481 4983 594 5056 (89)
623 4983 698 5038 lta
752 4981 988 5052 quinque
1040 4995 1168 5036 mss.
1221 4980 1361 5036 Editi
1392 4997 1522 5036 vero
1557 4980 1696 5052 πρὸς
1723 4978 1784 5031 τὸ
1824 4978 1976 5031 πλεῖν

413 5073 595 5197 πῖέθ)
633 5121 884 5179 Nonnulli
939 5136 1070 5177 mss.
1134 5119 1297 5190 φόϐος
1345 5121 1504 5193 ἡμῶν
1564 5119 1809 5175 παιδεύει
1883 5117 1980 5189 τὴν

445 5216 578 5249 ωην.

413 5198 595 5337 gnavi.)
618 5265 802 5337 Editio
822 5261 995 5337 Paris;
1022 5261 1225 5337 τέλειος
1258 5261 1315 5316 ὲν
1337 5260 1414 5337 τῷ
1444 5260 1678 5337 σώματι,
1713 5258 1974 5337 perfectus

415 5353 465 5387 τη
493 5327 738 5402 corpore.
764 5334 938 5387 Etlitio
963 5331 1126 5385 Basil.
1149 5342 1204 5386 et
1229 5327 1406 5402 nostri
1435 5327 1681 5402 undecim
1713 5327 1872 5383 'mss.
1895 5327 1977 5402 τέ-

417 5405 556 5470 λειος
582 5399 638 5461 ἐν
658 5404 745 5478 ,τῷ
771 5402 980 5478 Ιιςυρίῳ,
1003 5403 1257 5478 perfectus
1292 5402 1345 5455 in
1376 5401 1619 5455 Domino.
1651 5401 1708 5454 In
1733 5413 1839 5478 quo
1874 5399 1978 5478 pri-

419 5493 565 5528 mum
600 5470 768 5529 miror
795 5470 1080 5528 lectionem
1115 5473 1507 5536 Basileensem,
1547 5487 1707 5539 quam
1741 5470 1973 5537 ineptis-

421 5547 611 5598 simam
631 5560 750 5598 esse
777 5559 932 5598 nemo
959 5542 1305 5606 iuﬁciahitur,
1337 5542 1387 5594 in
1429 5549 1507 5595 tot
1548 5539 1822 5594 codicibus
1865 5547 1972 5590 tam

423 5624 734 5668 constanter
759 5614 984 5679 reperiri
1008 5628 1021 5663 :
1049 5611 1261 5678 deinde,
1292 5627 1395 5680 qua
1427 5612 1975 5680 auictoritate,__quove

426 5685 730 5740 testimonio
757 5675 957 5738 editum
975 5682 1048 5751 sit
1069 5699 1098 5736 a
1117 5675 1462 5751 typographis
1489 5675 1972 5751 Parisiens‘ibusﬁv

424 5753 502 5828 τῷ
525 5753 758 5826 σώματι,
783 5768 902 5809 cum
938 5750 1054 5822 ejus
1099 5746 1357 5810 lectionis
1399 5766 1662 5820 nusquam
1725 5746 1829 5806 ulla
1881 5747 1974 5800 ﬁat

2076 4305 2336 4376 quirentes
2358 4311 2530 4355 autem
2563 4299 2842 4354 Dominum
2867 4315 2971 4353 non
2997 4298 3298 4351 minuentur
3323 4296 3466 4350 omni
3491 4295 3641 4348 bona.

2079 4394 2178 4450 llic
2225 4406 2404 4448 sermo
2449 4389 2792 4444 abundantiae
2847 4386 3172 4456 pecuniaria:
3230 4384 3644 4441 inconstantiam

2079 4481 2338 4547 edocens,
2370 4495 2470 4536 nos
2501 4479 2664 4532 etiam
2696 4479 2762 4533 ad
2804 4477 3115 4546 corporales
3143 4476 3361 4532 divitias
3381 4488 3646 4546 spernen-

2081 4576 2178 4630 das
2216 4574 2464 4629 aediﬁcet.
2497 4570 2630 4625 Nam
2685 4569 2843 4625 facile
2883 4569 3193 4624 dilabuntur
3223 4568 3442 4630 divitia,
3475 4575 3531 4620 et
3559 4565 3645 4620 in-

2079 4678 2194 4722 star
2234 4665 2389 4721 unda:
2445 4664 2497 4718 vi
2535 4672 2817 4718 ventorum
2879 4661 2983 4716 huc
3019 4660 3144 4716 illuc
3171 4659 3344 4715 solent
3383 4656 3646 4716 difﬂuere.

2084 4974 2306 5050 mentio,
2343 4989 2518 5050 neque
2545 4974 2684 5050 apud
2725 4973 3244 5050 Ducmum,__nequen
3271 4968 3434 5050 (quod
3474 4966 3646 5050 .eqnui-

2085 5051 2204 5102 dem
2232 5037 2938 5116 sciarn)'apudiquemquam
2971 5037 3155 5116 alium}
3213 5037 3487 5116 Suspicari
3529 5037 3653 5116 _for-

2089 5131 2232 5170 tasse
2287 5108 2818 5186 possit-quispiam;
2844 5126 3011 5166 unum
3056 5110 3298 5186 aliquem
3344 5108 3640 5186 librarium

2089 5176 2357 5260 scriptum
2381 5176 2650 5260 reperisse
2676 5183 2727 5236 in
2752 5176 3232 5260 aliquoeodiceﬁy
3262 5176 3401 5260 χρῷ,
3436 5177 3493 5230 in
3519 5192 3652 5260 “cor-

2086 5245 2231 5324 pore',
2265 5257 2357 5309 sed
2387 5245 2458 5310 de
2499 5271 2616 5319 suo,
2641 5253 2781 5327 quod
2837 5245 2950 5327 vitii
3005 5249 3212 5327 aliquid
3238 5245 3482 5327 subesse
3519 5245 3654 5327 falso

2080 5316 2445 5399 existimaret,
2503 5316 2610 5394 pro.
2643 5316 2700 5375 ἔν
2759 5320 2876 5393 χρῷ
2930 5320 3172 5389 posuisse
3234 5316 3650 5399 évn'ch-KUQitp,

2083 5398 2318 5465 hincque
2349 5386 2548 5465 factum
2578 5407 2700 5465 es_s_e
2719 5386 2949 5465 ut'er'ror
2979 5405 3046 5444 ex
3078 5388 3392 5465 uno__co_d_ice
3429 5389 3483 5439 in
3513 5386 3654 5465 alios

2079 5480 2200 5521 sese
2230 5457 2600 5519 transfuderit.
2631 5461 2699 5516 Ut
2726 5472 2779 5514 ut
2812 5463 2924 5514 haec
2964 5469 3111 5522 sunt,
3139 5457 3274 5511 nihil
3303 5460 3356 5510 in
3388 5463 3654 5510 contextu

2081 5538 2394 5608 mutandum
2427 5533 2755 5608 censuimus.
2792 5531 2887 5608 Eo_
2910 5530 3102 5608 magis,
3124 5528 3282 5608 quod
3320 5527 3394 5608 ad,
3435 5539 3653 5608 sensum

2081 5607 2212 5659 nihil
2249 5607 2471 5670 referat,
2503 5605 2616 5659 sive
2661 5604 2719 5656 ὲν
2777 5600 2918 5673 χρῷ,
2960 5593 3073 5656 sive
3122 5593 3179 5653 ὲν
3209 5595 3287 5671 τῷ
3331 5594 3544 5668 σώματι
3578 5593 3654 5652 ιθ-

2080 5692 2242 5746 geris.
