4048 6220
480 291 590 346 367

1793 301 1852 358 S.
1894 302 2141 360 BASlLll
2180 306 2397 364 MAGNI

3680 309 3778 369 368

473 410 582 465 Aut
615 409 754 466 forte
789 413 955 467 etiam
994 413 1217 471 divitem
1240 416 1373 472 dicit
1400 417 1653 488 populum
1671 418 2050 489 lsraeliticum,

2162 426 2261 479 ὑπὸ
2288 428 2386 498 τῆς
2410 427 2521 498 (92)
2558 426 2679 498 βίας
2708 426 2817 480 τῶν
2849 426 3066 499 ἀνέμων
3097 425 3289 481 ἄλλοτε
3330 425 3495 496 πρὸς
3519 424 3666 479 ἄλλα
3696 426 3783 497 μέ-

475 514 707 567 quorum
741 512 827 557 est
850 505 1068 575 adoptio
1106 520 1171 562 ac
1200 506 1418 564 divinus
1440 510 1637 576 cultus,
1658 526 1893 581 quorum
1928 523 2054 570 sunt

476 592 888 661 promissiones,
922 610 990 650 ex
1040 598 1239 665 quibus
1273 609 1401 654 sunt
1438 610 1619 670 patres
1646 602 1713 658 ⁸⁸.
1757 603 1819 659 Hi
1870 604 2054 675 itaque

475 681 547 735 ob
579 695 861 752 peccatum
893 687 946 741 in
988 687 1274 747 Dominum
1307 693 1605 750 admissum
1638 706 1923 765 eguerunt.
1949 697 2051 765 Qui

480 788 609 830 vero
641 775 854 831 illorum
886 778 1007 836 loco
1050 782 1415 853 inquisierunt
1451 785 1757 855 Dominum,
1789 803 1894 844 non
1942 790 2053 844 mi-

478 878 715 920 nuentur
772 870 920 925 omni
967 872 1128 930 bono.
1178 874 1339 947 150
1381 877 1656 948 Eguerunt
1691 890 1870 936 autem
1921 897 2053 953 quo-

477 956 767 1015 dammodo
804 971 860 1017 et
887 965 1220 1022 esurierunt.
1263 967 1559 1038 Postquam
1580 972 1725 1028 enim
1752 990 1944 1044 panem
1968 976 2053 1030 vi-

480 1059 547 1106 ta:
573 1051 617 1084 ⁸⁷
645 1053 1059 1126 interfecerunt,
1095 1061 1244 1116 venit
1274 1077 1439 1132 super
1472 1064 1619 1134 ipsos
1659 1064 1831 1122 fames
1855 1068 2046 1136 panis:

478 1152 532 1197 et
564 1153 845 1215 postquam
884 1146 1015 1204 fonti
1051 1165 1204 1221 aqua:
1237 1154 1374 1209 viva:
1417 1155 1463 1187 ⁸⁸
1508 1165 1754 1212 struxere
1806 1159 2048 1224 insidias,

479 1239 713 1294 accessit
753 1240 821 1296 ad
850 1241 972 1298 illos
999 1244 1145 1311 sitis,
1170 1261 1235 1301 ac
1279 1248 1604 1318 supplicium
1655 1250 1778 1307 sitis
1803 1251 1946 1322 ipsos
1969 1253 2051 1308 in-

477 1329 663 1385 vasit:
707 1329 876 1390 fames
924 1346 1126 1402 autem,
1172 1352 1276 1393 non
1321 1341 1476 1409 panis
1531 1342 1836 1406 sensibilis,
1875 1359 2051 1414 neque

477 1420 595 1475 sitis
640 1435 815 1492 aqum,
858 1425 951 1480 sed
988 1426 1156 1483 fames
1207 1430 1459 1485 audiendi
1488 1432 1710 1486 verbum
1745 1434 1951 1488 Domini
1983 1434 2047 1488 ⁸³.

476 1510 750 1580 Ιτῗθιιενιιηι
774 1514 944 1585 itaque
963 1529 1010 1571 et
1042 1519 1360 1575 esurierttnt.
1397 1520 1468 1574 At
1495 1536 1621 1576 vero
1653 1523 1745 1593 qui
1777 1538 1843 1579 ex
1875 1527 2050 1596 genti-

2159 536 2226 591 ρη
2260 519 2519 589 πεφυκὼς
2549 522 2859 593 μεταρρεῖν.
2894 521 3005 574 Καὶ
3033 519 3289 573 πλούσιον
3323 517 3500 585 λέγει
3525 517 3674 586 τάχα
3697 518 3781 572 τὸν

2170 613 2385 685 Ἰσραήλ
2404 631 2417 644 ·
2448 607 2524 667 ὧν
2554 615 2587 685 ή
2619 612 2861 667 υἱοθεσία
2895 612 2990 667 καὶ
3020 614 3052 683 ή
3081 613 3338 683 λατρεία,
3392 604 3484 664 ὧν
3517 612 3578 662 αἱ
3614 612 3778 675 ἐπαγ-

2157 704 2354 775 γελίαι,
2385 702 2444 768 ἐξ
2464 697 2539 757 ὧν
2566 706 2614 757 oi
2642 703 2894 775 πατέρες.
2923 696 3083 757 Οὗτοι
3108 702 3291 754 τοίνυν
3318 699 3428 753 διὰ
3454 699 3564 769 τὴν
3593 700 3676 760 εἰς
3694 698 3777 751 τὸν

2156 792 2360 863 Κύριον
2388 793 2663 865 ἁμαρτίαν
2687 791 3055 863 ἐπτώχευσαν.
3083 792 3146 845 Οἱ
3171 791 3229 846 δὲ
3255 791 3396 845 ἀντ’
3430 789 3671 841 ἐκείνων
3692 788 3779 839 ἐκ·

2158 883 2488 955 ζητήσαντες
2528 884 2620 938 τὸν
2650 883 2853 955 Κύριον
2896 885 2996 937 οὐκ
3035 883 3541 953 ὲλαττωθήσονται
3584 880 3777 943 παντὸς

2156 977 2384 1045 ἀγαθοῦ.
2435 975 2815 1047 Ἐπτὼχευσαν
2868 975 2925 1028 δέ
2973 992 3090 1038 πως
3139 975 3232 1028 καὶ
3266 974 3404 1045 (9'5)
3454 972 3772 1026 ἐπείνασαν.

2170 1069 2386 1141 Ἐπειδὴ
2418 1069 2524 1140 γὰρ
2558 1069 2884 1121 ἀπέκτειναν
2925 1068 3016 1121 τὸν
3046 1068 3208 1139 ἄρτον
3238 1067 3354 1136 τῆς
3394 1065 3584 1135 ζωῆς,
3618 1059 3773 1134 ἦλθεν

2157 1160 2243 1214 ἐπ’
2273 1162 2469 1225 αὐτοὺς
2488 1162 2517 1213 ό
2546 1160 2702 1232 λιμὸς
2733 1161 2828 1214 τοῦ
2854 1161 3017 1233 ἄρτου
3041 1177 3055 1190 ο
3088 1160 3180 1214 καὶ
3204 1157 3414 1229 ἐπειδὴ
3444 1156 3773 1211 emacem.

2158 1270 2258 1307 σαν
2288 1256 2354 1324 τῇ
2387 1255 2533 1324 πηγῇ
2562 1251 2656 1306 τοῦ
2686 1251 2875 1315 ὕδατος
2900 1250 2996 1305 τοῦ
3022 1250 3239 1316 ζῶντος,
3282 1245 3478 1321 ἦλθεν
3528 1248 3769 1318 αὐτοῖςή

2156 1345 2305 1417 δίψα,
2344 1346 2439 1399 καὶ
2471 1343 2701 1416 ἐπετέθη
2737 1343 2848 1414 (94)
2872 1344 3053 1407 αὐτοῖς
3086 1344 3118 1414 ή
3148 1345 3212 1396 ἐκ
3252 1342 3366 1412 τῆς
3403 1340 3584 1411 δίψης
3619 1338 3771 1392 κόλα-

2160 1454 2274 1501 σις·
2304 1436 2459 1507 λιμὸς
2483 1437 2539 1490 δὲ
2572 1436 2690 1506 οὐχὶ
2710 1436 2875 1507 ἄρτου
2898 1434 3178 1506 αἰσθητοῦ,
3204 1433 3334 1487 οὐδὲ
3375 1432 3524 1502 δίψα
3563 1431 3764 1495 ὕδατος,

2157 1530 2294 1586 ἀλλά
2314 1531 2364 1584 λι
2373 1530 2469 1601 μδς
2488 1530 2582 1586 ¹τοῦ
2606 1529 2835 1584 ἀκοῦσαι
2867 1528 3022 1598 λόγον
3045 1527 3267 1599 Κυρίου.
3317 1526 3768 1594 Ἑπτώχευσαν

477 1603 579 1658 bus
616 1604 901 1664 Dominum
933 1610 1207 1682 inquirere
1235 1614 1563 1680 didicerunt,
1593 1631 1699 1670 non
1739 1617 2053 1673 minuentur

2162 1624 2269 1694 μὲν
2298 1619 2412 1678 οὖν
2448 1622 2546 1676 καὶ
2577 1622 2926 1676 ἐπείνασαν.
2972 1621 3035 1673 Oi
3066 1619 3245 1691 μέντοι
3274 1618 3401 1671 ἀπὸ
3434 1617 3559 1671 τῶν
3606 1615 3763 1670 ἐθνῶν

480 1696 588 1753 ullo
622 1698 781 1756 bono.
814 1700 1121 1760 Perlectum
1155 1707 1377 1762 omnino
1410 1709 1607 1763 bonum
1639 1707 1782 1765 Deus
1811 1709 1926 1780 ipse
1944 1719 2049 1775 est,

2162 1714 2424 1786 μαθόντες
2456 1712 2702 1783 ἐκζητεϊν
2748 1712 2839 1765 τὸν
2887 1711 3090 1783 Κύριον
3129 1710 3229 1763 οὐκ
3269 1708 3761 1778 ἐλαττωθήσονται

477 1801 587 1857 quo
623 1805 733 1845 non
763 1792 1074 1850 minuentur
1099 1807 1362 1868 quotquot
1389 1801 1686 1870 exquirunt
1713 1773 1909 1872 ipsum.
1935 1773 2051 1859 Non

2162 1773 2358 1869 παντὸς
2384 1773 2609 1874 ἀγαθοῦ.
2648 1804 2721 1857 Τὸ
2759 1773 3069 1857 παντέλειαν
3090 1800 3293 1870 ἀγαθὸν
3335 1800 3526 1864 αὐτός
3564 1773 3709 1852 ἐστιν
3735 1799 3760 1850 ό

478 1880 621 1935 enim
679 1883 811 1939 mihi
865 1887 1133 1956 quispiam
1170 1891 1492 1957 ineruditus,
1522 1894 1614 1963 qui
1644 1910 1959 1964 perversum
1987 1897 2055 1952 de

479 1968 619 2027 bono
646 1988 709 2028 ac
761 1976 902 2033 malo
924 1977 1189 2046 judicium
1218 1982 1376 2050 ferat,
1401 1974 1599 2040 bonum
1637 1987 1879 2042 nominet
1908 2002 2051 2051 eum,

480 2063 570 2131 qui
600 2064 922 2136 voluptatem
961 2073 1345 2141 temporariam
1380 2083 1546 2146 atque
1572 2092 1679 2132 una
1700 2093 1826 2134 cum
1861 2093 2055 2148 corpo-

477 2153 555 2209 ris
583 2159 932 2228 corruptione
976 2171 1348 2221 transeuntem
1392 2168 1575 2224 habet.
1615 2169 1718 2237 Qui
1746 2172 1893 2227 enim
1938 2187 2059 2227 cor-

477 2260 673 2315 poreas
698 2263 829 2320 opes
858 2261 914 2308 et
954 2258 1346 2326 praerogativas
1375 2260 1684 2330 corporales
1708 2262 1762 2317 in
1809 2262 1935 2318 boni
1967 2278 2058 2318 or-

480 2341 658 2396 dinem
727 2345 954 2415 redigit,
994 2347 1039 2401 is
1089 2351 1444 2406 reverendum
1500 2364 1557 2408 et
1602 2352 1702 2408 soli
1755 2354 1864 2411 Deo
1927 2370 2056 2411 con-

484 2433 707 2492 veniens
757 2452 954 2494 nomen
1012 2441 1078 2495 ad
1134 2457 1226 2498 res
1278 2444 1414 2500 viles
1462 2455 1520 2502 et
1572 2446 1769 2503 nullius
1794 2449 2055 2505 momenti

480 2525 757 2593 transfert,
790 2538 846 2585 et
869 2531 1030 2588 simul
1055 2535 1110 2589 in
1133 2538 1575 2595 contrarietatem
1609 2539 1815 2597 incidet
1846 2542 2057 2612 gravis-

480 2617 695 2673 simam.
737 2620 844 2677 Aut
884 2622 1030 2678 enim
1067 2625 1211 2681 dicet
1255 2628 1550 2698 apostolos,
1579 2639 1866 2701 propterea
1912 2635 2056 2703 quod

483 2722 592 2763 non
646 2710 1007 2789 inquisierunt
1063 2713 1385 2784 Dominum,
1439 2728 1722 2776 assecutos
1769 2736 1879 2777 non
1934 2737 2057 2778 esse

482 2802 785 2870 corporalia
810 2804 951 2860 bona
992 2823 1008 2861 :
1036 2818 1130 2862 aut
1154 2808 1199 2864 si
1224 2824 1348 2865 eum
1376 2812 1734 2881 inquirentes,
1760 2814 1887 2869 talia
1915 2816 2056 2873 bona

482 2904 590 2945 non
614 2905 1015 2965 compararunt,
1035 2897 1373 2969 Scripturam
1410 2901 1578 2971 ipsam
1611 2905 1909 2970 accusabit,
1939 2920 2059 2975 quae

483 2981 615 3036 dicit
640 2998 736 3040 eos
773 2987 866 3056 qui
908 2987 1197 3045 Dominum
1240 2992 1545 3062 inquirunt,
1574 2995 1718 3050 bono
1775 2997 1924 3053 nullo
1961 2998 2057 3054 ἀοι

2156 1895 2288 1959 Θεός
2307 1912 2320 1925 ·
2354 1888 2414 1949 οὗ
2436 1893 2537 1948 οὐκ
2566 1892 3028 1965 ἐλαττωθήσονται
3060 1893 3259 1954 πάντες
3296 1892 3355 1944 οἱ
3396 1888 3757 1960 ἐπιζητοῦντες

2157 1987 2334 2043 αὐτόν.
2362 1987 2454 2058 Μὴ
2494 1989 2603 2058 γάρ
2642 1986 2733 2056 μοί
2765 2002 2848 2049 τις
2882 1984 3225 2048 ἀπαίδευτος,
3255 1983 3605 2054 ἀδιάκριτον
3631 1979 3759 2051 ἔχων

2166 2078 2246 2130 ιὺν
2277 2077 2405 2148 περὶ
2435 2077 2528 2131 τοῦ
2554 2074 2761 2146 ἀγαθοῦ
2804 2076 2901 2129 κα)⁵
2936 2073 3106 2129 κακοῦ
3152 2074 3319 2127 τόπον
3365 2073 3520 2145 (95),
3565 2070 3755 2139 ἀγαθὸν

2155 2166 2466 2239 ὀνομαζέτω
2540 2169 2631 2222 τὸν
2695 2168 3028 2240 πρόσκαιρον
3088 2166 3276 2238 ἔχοντα
3342 2165 3457 2238 τὴν
3519 2163 3753 2218 ἀπόλαυ-

2159 2276 2242 2313 σιν
2274 2258 2385 2330 (96)
2437 2259 2532 2313 καὶ
2562 2261 2628 2330 τῇ
2677 2258 2854 2331 φθορᾷ
2898 2257 2992 2311 τοῦ
3037 2256 3285 2329 σώματος
3326 2255 3749 2327 συναπερχομέο

2156 2370 2273 2423 νην.
2308 2354 2365 2406 '0
2387 2352 2494 2425 γὰρ
2520 2353 2611 2406 τὸν
2635 2350 2943 2422 σωματικὸν
2972 2349 3201 2403 πλοῦτον
3229 2350 3325 2403 καὶ
3357 2349 3435 2402 τὰ
3469 2344 3750 2418 σωματικά

2157 2445 2547 2516 προτερήματα
2579 2444 2659 2505 είς
2688 2444 2785 2514 τὴν
2813 2442 2906 2496 τοῦ
2935 2441 3141 2511 ἀγαθοῦ
3166 2440 3321 2508 τάξιν
3350 2442 3650 2509 κατάγων.
3672 2439 3745 2500 εἰς

2157 2535 2457 2607 πράγματα
2486 2533 2673 2603 εὐτελῆ
2695 2533 2789 2586 καὶ
2817 2533 3031 2596 οὐδενὸς
3057 2532 3218 2602 λόγου
3249 2531 3388 2596 ἀξια
3418 2531 3553 2600 ἄγει
3579 2530 3640 2582 τὸ
3670 2544 3746 2580 σε·

2160 2627 2290 2698 μνδν
2313 2626 2405 2679 καὶ
2432 2624 2579 2695 μόνῳ
2612 2622 2731 2693 Θεῷ
2764 2623 2970 2695 πρέπον
3002 2623 3191 2694 ὄνομα,
3217 2625 3310 2676 καὶ
3343 2624 3473 2693 ἅμα
3501 2618 3743 2676 ἐναντιώ-

2162 2734 2289 2787 ματι
2318 2713 2683 2786 χαλεπωτάτῳ
2707 2716 3100 2785 περιπεσεῖται.
3128 2715 3198 2766 Ἢ
3220 2711 3331 2785 γὰρ
3355 2715 3495 2776 τοὺς
3526 2709 3743 2765 ἀποστό-

2156 2809 2281 2873 λους
2319 2810 2454 2878 ἐρεῖ,
2492 2807 2639 2879 παρά
2692 2806 2754 2859 τὸ
2811 2805 2886 2877 μὴ
2932 2806 3228 2877 ἐκζητήσαι
3272 2806 3369 2860 τὸν
3410 2804 3641 2877 Κύριον,
3673 2799 3739 2871 μὴ

2156 2901 2513 2971 τετυχηκέναι
2568 2899 2676 2952 τῶν
2721 2898 3047 2969 σωματικῶν
3094 2897 3350 2966 ἀγαθῶν⁹
3412 2898 3449 2969 ἢ
3494 2899 3545 2950 εί
3592 2893 3738 2962 ἐκζη-

2157 2992 2375 3056 τοῦντες
2402 2990 2773 3061 ἀπετύγχανον
2800 2989 2909 3043 τῶν
2930 2990 3184 3043 τοιούτων
3208 2989 3462 3059 ἀγαθῶν,
3486 2989 3589 3059 τῆς
3610 2987 3734 3056 Γρα-

481 3074 655 3133 stitui.
683 3076 791 3133 Sed
818 3087 876 3134 et
903 3080 1271 3149 inquisierunt
1303 3084 1473 3139 sancti
1496 3083 1806 3148 Dominum,
1836 3096 1892 3143 et
1918 3103 2058 3144 com-

482 3167 835 3189 ,ημμεηᾼ
874 3172 910 3189 Α.
964 3188 969 3189 ,
1022 3188 1031 3189 ,
1088 3174 1146 3187 ..
1534 3185 1545 3189 -

2162 3086 2267 3157 φῆς
2310 3084 2482 3154 αὐτῆς
2534 3082 2899 3153 κατηγορήσει
2952 3080 3214 3151 λεγούσης
3264 3081 3507 3152 μηδενὸς
3545 3074 3734 3189 staec?

482 3167 840 3234 prehensione
864 3172 980 3242 ejus
1011 3174 1101 3242 qui
1133 3174 1423 3245 inquisitus
1467 3185 1570 3241 est,
1598 3192 1707 3234 non
1740 3193 2056 3246 caruerunt,

484 3274 659 3332 neque
680 3261 838 3319 bonis
864 3263 918 3319 in
946 3274 1150 3323 aeterna
1172 3269 1360 3338 requie
1389 3269 1640 3340 repositis
1667 3279 1797 3326 sunt
1823 3273 2058 3342 spoliati.

484 3352 764 3423 Siquidem
781 3357 848 3417 de
876 3357 982 3413 illis
1004 3360 1160 3415 bonis
1180 3360 1284 3416 dici
1311 3365 1525 3432 proprie
1549 3365 1718 3434 possit
1733 3364 1886 3432 illud,
1904 3364 2062 3421 Omni

485 3451 642 3504 bona.
663 3448 798 3505 Nam
825 3465 1100 3520 corporea:
1130 3453 1435 3523 voluptates
1470 3455 1587 3525 plus
1614 3456 1874 3513 molestiae
1898 3473 2058 3527 quam

482 3541 834 3612 iucunditatis
870 3541 1089 3599 habent.
1104 3542 1398 3601 Proereant
1419 3547 1564 3601 enim
1582 3548 1781 3617 nuptiae
1800 3548 2060 3604 sterilita-

486 3646 616 3700 tem,
635 3634 972 3699 viduitatem,
992 3642 1211 3705 stupra;
1242 3637 1569 3703 agricultura
1586 3638 2022 3696 infecunditatem
2042 3659 2056 3707 ;

485 3731 787 3783 mercatura
808 3724 1108 3792 naufragia;
1127 3724 1323 3780 divitias
1339 3725 1583 3792 insidias;
1597 3727 1801 3782 delicias
1816 3729 2062 3784 satietas—

484 3829 590 3885 que
610 3822 666 3871 et
694 3815 929 3871 assidua
948 3817 1255 3886 voluptates
1280 3819 1501 3873 morbos
1536 3820 1715 3876 varios
1747 3834 1812 3876 ac
1848 3821 2057 3876 diversa

486 3904 832 3963 aﬂ‘ectionum
880 3921 1101 3978 genera.
1163 3908 1362 3966 Paulus
1416 3911 1603 3980 utique
1650 3920 1707 3967 et
1752 3912 2061 3981 inquirebat

485 3999 796 4065 Dominum,
826 4009 881 4054 et
927 3999 1059 4057 nihil
1100 4001 1149 4056 ei
1186 4001 1356 4058 defuit
1391 4003 1677 4060 bonorum.
1709 4002 1909 4060 Verum
1939 4006 2062 4076 quis

486 4091 729 4160 corporis
756 4090 1055 4156 molestias,
1087 4093 1139 4146 in
1173 4093 1368 4161 quibus
1398 4108 1492 4164 per
1522 4102 1689 4149 totam
1718 4111 1871 4151 suam
1894 4097 2057 4152 vitam

487 4181 644 4245 vixit,
675 4192 1064 4238 annumeraret
1089 4185 1113 4237 ?
1141 4182 1249 4239 Ter
1273 4184 1440 4253 virgis
1474 4200 1648 4241 caesus
1670 4194 1774 4252 est,
1792 4188 1960 4243 semel
1978 4198 2064 4244 est

492 4273 783 4346 lapidatus,
807 4283 890 4330 ter
918 4275 1263 4346 naufragium
1313 4277 1460 4343 fecit,
1504 4288 1718 4334 noctem
1748 4295 1813 4336 ac
1840 4280 1982 4334 diem
2008 4281 2059 4334 in

490 4366 759 4433 profundo
788 4367 919 4436 egit,
950 4368 1003 4423 in
1026 4368 1310 4425 itineribus
1339 4384 1504 4440 saepe,
1529 4372 1580 4427 in
1608 4371 1752 4427 fame
1770 4379 1826 4427 et
1858 4372 1970 4437 siti,
2006 4373 2061 4427 in

489 4459 706 4529 ieiuniis
731 4475 893 4530 saepe,
925 4462 979 4516 in
1018 4460 1204 4518 labore
1228 4474 1283 4520 et
1321 4480 1583 4531 aerumna,
1617 4465 1670 4520 in
1721 4466 2059 4522 necessitati-
2090 4485 2142 4545 ι)

491 4553 590 4608 bus
611 4566 756 4624 saepe
780 4554 847 4609 ‘°.
876 4554 1063 4626 Usque
1091 4556 1159 4611 ad
1188 4566 1488 4614 extremam
1516 4559 1706 4614 horam
1727 4568 1784 4615 et
1815 4560 2061 4615 esuriens

491 4649 675 4712 homo,
703 4654 760 4701 et
781 4646 993 4712 sitiens,
1008 4655 1063 4703 et
1091 4648 1267 4704 nudus
1286 4665 1352 4706 ac
1376 4650 1620 4720 colaphis
1645 4665 1817 4706 caesus
1841 4651 1909 4718 σί,
1927 4665 2061 4721 quo-

560 4763 793 4835 f‘Rom.
845 4780 925 4835 rx,
966 4764 1060 4824 45.
1137 4764 1354 4822 “Joan.
1399 4781 1473 4832 vr,
1511 4766 1602 4821 48.
1689 4768 1735 4799 ⁸⁸
1765 4766 1922 4822 Joan.
1982 4783 2054 4832 tv,
2101 4766 2165 4821 lO
2197 4782 2348 4835 seqq.

492 4833 533 4867 “
560 4833 731 4892 lCor.
762 4849 837 4901 tv,
861 4834 951 4890 11.

566 4972 682 5046 (92)
717 4973 854 5045 Reg.
903 4972 1174 5030 secundus
1208 4972 1316 5046 ἀπὸ
1345 4972 1464 5043 τῆς.
1494 4971 1616 5028 Mox
1648 4972 1779 5027 editi
1810 4971 2071 5041 πεφυκός.

492 5043 968 5123 Atfgptem—mss.
1010 5043 1293 5123 πεφυκός.
1351 5114 1383 5123 __
1720 5086 1795 5123 .__
1921 5111 1960 5123 ﬁ
2040 5110 2073 5123 η

565 5111 679 5188 (95)
724 5115 890 5171 Deest
939 5114 1036 5169 καί
1070 5111 1145 5188 in
1202 5114 1470 5188 aliquibus
1538 5128 1670 5168 mss.
1747 5111 1866 5168 Mox
1921 5111 2076 5181 Regii

494 5183 726 5258 quartus
759 5193 816 5241 et
846 5195 1034 5241 sextus
1058 5185 1092 5255 ή
1119 5183 1297 5258 λιμός.

566 5255 680 5329 (94)
711 5256 788 5310 Ita
811 5271 946 5311 mss.
974 5248 1289 5325 non'pa'uci.
1320 5252 1461 5309 Editi
1491 5248 1656 5325 ἦλθεν
1690 5253 1776 5305 ἐπ’
1811 5252 2007 5315 αὐτοὺς
2040 5251 2074 5321 ή

566 5329 645 5381 [ια.
680 5325 934 5381 ἐπετέθη.

494 5327 645 5387 δίψα,
680 5327 934 5387 ἐπετέθη.

529 5329 645 5399 ἰψα,
680 5329 934 5398 ἐπετέθη.
1475 5394 1478 5397 _
1811 5392 1824 5404 .

566 5397 837 5474 (95)_llla_,
870 5396 1183 5474 ἀδιάκριτον
1216 5394 1445 5474 ﬁxum...
1473 5394 1657 5474 τόπον,
1685 5394 1782 5474 εἰς.
1811 5400 2075 5474 Interpre-

501 5463 648 5524 tatur
664 5463 1054 5545 Qombeﬁsius,
1117 5463 1280 5520 Haud
1306 5480 1492 5545 sanum
1516 5467 1722 5545 habens
1753 5463 2069 5545 judicium":

501 5552 667 5613 quam
688 5538 1197 5613 interpretationem
1235 5537 1371 5613 satis
1395 5537 1700 5613 probatum
1753 5530 1820 5587 iri
1850 5530 2071 5613 intelli—

504 5602 754 5678 gentibus
780 5602 930 5678 puto,
981 5622 1103 5678 cum
1140 5607 1228 5660 vix
1284 5602 1504 5660 dubium
1558 5619 1692 5678 esse
1722 5602 1909 5674 possit,
1942 5602 2069 5678 quin

506 5672 607 5757 hoc
649 5672 927 5735 loco'vox
980 5676 1143 5742 τόπος
1204 5692 1302 5748 pro
1364 5690 1494 5733 voce
1542 5672 1822 5747 κριτήριον
1897 5672 2069 5744 posita

2163 3175 2511 3231 ἐλαττοῦσθαι
2537 3175 2662 3237 τοὺς
2687 3171 3050 3244 ἐκζητοῦντας
3076 3172 3166 3226 τὸν
3194 3172 3429 3244 Κύριον.
3470 3170 3628 3225 Ἀλλά
3653 3167 3731 3220 καὶ

2162 3266 2444 3339 ἐξεζήτουν
2471 3268 2520 3320 οἱ
2550 3266 2692 3334 ἀγιοι
2717 3264 2806 3318 τὸν
2834 3264 3057 3335 Κύριον,
3087 3265 3181 3318 καὶ
3209 3265 3309 3336 τῆς
3328 3264 3508 3318 αὐτοῦ
3532 3261 3625 3315 τοῦ
3645 3259 3730 3329 ζη-

2159 3361 2420 3431 τουμένου
2441 3357 2797 3429 καταλήψεως
2820 3356 2919 3410 οὐκ
2946 3355 3290 3427 ἠλαττοῦντο,
3316 3356 3447 3410 οὐδὲ
3474 3353 3585 3408 τῶν
3613 3353 3730 3405 ἀπο-

2161 3453 2428 3523 κειμένων
2458 3453 2517 3508 ὲν
2545 3453 2611 3521 τῇ
2641 3450 2834 3520 αἰωνίᾳ
2861 3449 3163 3504 ἀναπαύσει
3196 3449 3310 3521 (97)
3335 3447 3567 3519 ἀγαθῶν
3597 3448 3731 3498 ἐστε-

2165 3545 2424 3617 ρήθησαν.
2460 3543 2597 3614 Περὶ
2643 3542 2864 3596 ἐκείνων
2910 3541 3017 3613 γὰρ
3062 3542 3270 3611 λέγοιτο
3304 3543 3372 3595 ἂν
3416 3541 3624 3612 κυρίως
3658 3536 3724 3598 τὸ,

2160 3637 2393 3702 Παντὸς
2447 3635 2692 3705 ἀγαθοῦ.
2758 3636 2822 3688 At
2869 3634 2977 3706 γὰρ
3043 3636 3349 3705 σωματικαὶ
3411 3631 3728 3688 ἀπολαύσεις

2161 3729 2342 3783 πλεῖον
2372 3728 2434 3782 τὸ
2462 3726 2719 3798 ὀδυνηρὸν
2743 3726 2925 3796 ἔχουσι
2970 3725 3063 3779 τοῦ
3105 3726 3291 3796 ήδέος·
3341 3728 3395 3780 oi
3435 3727 3604 3796 γάμοι
3642 3719 3729 3780 τὰς

2161 3819 2436 3883 ἀπαιδίας,
2469 3817 2567 3882 τὰς
2587 3816 2836 3889 χηρείας,
2871 3817 2969 3881 τὰς
2999 3817 3292 3889 διαφθοράς
3313 3835 3325 3849 ·
3374 3821 3437 3871 αί
3478 3812 3728 3885 γεωργίαι

2160 3911 2260 3982 τὴν
2296 3906 2576 3980 ἀκαρπίαν
2596 3924 2609 3937 ·
2649 3908 2707 3959 αἱ
2735 3906 2997 3977 ἐμπορίαι
3025 3908 3093 3960 τὰ
3120 3907 3387 3977 ναυάγιαο
3437 3907 3490 3959 οἱ
3526 3902 3726 3957 πλοῦτοι

2161 4003 2259 4067 τάς
2295 4001 2586 4064 ἐπιϐουλάς
2611 4017 2624 4031 ·
2656 4002 2712 4055 αί
2745 3999 2951 4069 τρυφαὶ
2992 4001 3086 4053 καὶ
3112 4002 3159 4053 oi
3186 4000 3359 4072 κόροι,
3396 4001 3495 4054 καὶ
3533 3999 3587 4050 αί
3612 4008 3723 4047 συν·

2161 4095 2305 4163 εχείς
2333 4090 2659 4153 ἀπολαύσεις
2690 4089 2751 4142 τὸ
2777 4087 3018 4142 ποικίλον
3047 4088 3156 4142 τῶν
3181 4089 3510 4160 νοσημάτων
3527 4129 3541 4151 ,
3564 4083 3653 4138 καὶ
3674 4078 3726 4132 τὺ

2161 4181 2437 4245 πολυειδὲς
2494 4179 2603 4234 τῶν
2661 4177 2866 4233 παθῶν.
2922 4177 3131 4242 Παῦλος
3185 4178 3367 4248 μέντοι
3422 4178 3520 4231 καὶ
3554 4169 3723 4239 ἐξεζήα

2162 4295 2242 4330 τει
2274 4274 2384 4348 (98)
2416 4273 2509 4327 τὸν
2530 4271 2754 4343 Κύριον,
2786 4272 2881 4325 καὶ
2907 4270 3057 4324 οὐδὲν
3087 4269 3236 4341 αὐτῷ
3257 4267 3580 4325 ἔλειπερτῶν
3603 4265 3722 4330 ἀγα-

2162 4368 2290 4423 θῶν.
2324 4365 2516 4420 Καίτοι
2566 4362 2650 4426 τίς
2693 4363 2761 4416 ἂν
2799 4361 3221 4434 ἐξαριθμήσαιτο
3256 4361 3325 4413 τὰ
3363 4360 3462 4414 τοῦ
3490 4356 3719 4427 σώματος

2163 4457 2388 4529 ὀχληρὰ,
2441 4449 2522 4518 οἷς
2579 4451 2731 4525 παρά
2762 4453 2941 4507 πάντα
2978 4454 3068 4506 τὸν
3110 4453 3302 4507 ἑαυτοῦ
3345 4453 3459 4522 βίον
3502 4445 3718 4513 συνέζηῖ

2166 4552 2297 4621 Τρὶς
2334 4544 2682 4620 ὲρῤαϐδίσθη,
2731 4544 2878 4609 ἅπαξ
2929 4544 3208 4617 ὲλιθάσθη,
3242 4546 3362 4617 τρὶς
3409 4541 3713 4608 ἐναυάγησεν

2166 4642 2505 4714 νυχθήμερον
2565 4640 2623 4692 ὲν
2652 4637 2731 4709 ἰῷ
2764 4637 2909 4709 βυθῷ
2955 4639 3272 4710 πεποίηκεν,
3308 4642 3366 4691 ἐν
3408 4630 3716 4703 ὁδοιπορίαις

2441 4763 2487 4796 ⁸ο
2513 4762 2677 4819 Amos
2741 4774 2858 4823 vm,
2904 4759 2993 4813 11.
3067 4757 3113 4789 ⁶⁰
3142 4756 3185 4812 ll
3226 4758 3348 4813 Cor.
3410 4772 3487 4824 ιι,
3515 4750 3601 4818 25,
3631 4745 3711 4802 27.

2249 4967 2361 5039 (96)
2388 4966 2546 5039 Editi
2570 4976 2631 5039 et
2657 4966 2822 5039 nostri
2858 4965 3271 5039 undeci_m_mss.
3318 4964 3419 5039 ⁸τὸν
3473 4957 3711 5039 πρόσκαέ-

2182 5028 2272 5110 ρον
2293 5028 2484 5110 ἔχοντα
2500 5037 2597 5110 τὴν
2609 5037 2927 5110 ἀπόλαυσιν.
2956 5036 3060 5110 _Set_l
3090 5035 3172 5110 vir
3188 5028 3535 5110 doctissimus
3560 5028 3710 5110 ideo:

2178 5094 2283 5180 que
2306 5094 2801 5180 e'ontitlen'tissimus
2823 5104 3186 5180 Combelisius
3205 5119 3304 5158 suo
3339 5103 3570 5180 periculo
3617 5094 3705 5180 ζθξί

2178 5162 2292 5234 vult
2322 5178 2382 5231 τὸ
2411 5178 2742 5248 πρόσκαιρον
2776 5176 2919 5246 ἔχον,
2955 5186 3087 5237 etc.,
3138 5175 3188 5228 id
3217 5162 3359 5248 quod
3391 5176 3462 5228 ita
3486 5174 3589 5239 ipse
3620 5162 3708 5248 [λίς

2180 5251 2290 5304 line
2318 5241 2565 5312 reddidit,
2611 5241 3131 5313 B'onuni'nuncupet,
3170 5241 3311 5312 quod
3344 5241 3707 5308 temporaneam

2181 5319 2335 5373 habet
2370 5319 2777 5386 jucunditatem.
2804 5316 2908 5369 Alii
2936 5312 3199 5386 quidlibet
3220 5315 3321 5369 sibi
3369 5314 3526 5386 licere
3571 5312 3703 5386 Ριιξεξς

2179 5372 2393 5449 verint';
2420 5398 2476 5440 at
2510 5387 2662 5440 nobis
2691 5386 2876 5455 religio
2904 5372 3069 5439 fuerit
3089 5385 3356 5439 editorum
3377 5380 3528 5440 simul
3551 5386 3600 5431 et
3638 5372 3705 5421 ιοι

2181 5460 2428 5514 codicum
2461 5472 2590 5511 mss.
2625 5457 3003 5511 auctoritatem
3025 5468 3305 5522 spernere.
3535 5517 3548 5522 _
3610 5511 3621 5522 ν

2251 5528 2363 5598 (97)
2392 5525 2748 5598 Βθεηιετιίυε
2769 5526 2964 5597 αἰωνίᾳ
2991 5516 3307 5589 ἀπολαύσει,
3339 5532 3393 5579 et
3431 5523 3501 5578 ita
3533 5516 3699 5584 legitur

2181 5599 2233 5653 in
2271 5597 2512 5665 margine
2539 5597 2668 5665 Reg.
2703 5598 2948 5651 secundi.

2249 5651 2459 5732 (98ilvla
2504 5680 2598 5723 sex
2618 5651 2754 5722 inss.
2791 5668 2856 5722 At
2885 5665 3011 5722 editi
3042 5663 3239 5737 ἐζήτει.
3286 5664 3416 5735 Reg.
3471 5651 3698 5719 secundus

2176 5738 2408 5811 éxCﬁren
