4048 6220
314 345 420 400 569
1453 345 1737 401 HOMILIA
1777 346 1842 400 IN
1880 346 2212 403 PSALMUM
2250 345 2491 402 XXXIII.
3465 352 3575 406 570

314 465 592 526 πολλάκις,
623 464 681 515 ἐν
709 462 852 533 λιμῷ
875 463 967 515 καὶ
983 461 1122 530 δίψει
1157 460 1288 531 (99),
1313 463 1370 513 ἐν
1399 463 1672 531 νηστείαις
1691 462 1887 516 πολλά-

1998 465 2156 518 modo
2209 479 2314 518 non
2359 463 2703 518 minuebatur
2748 457 3122 530 corporalibus
3154 456 3308 512 bonis
3333 459 3358 511 1
3391 457 3574 514 Evehe

316 576 424 622 κις,
454 559 511 610 ὲν
541 555 693 625 κόπῳ
719 555 814 608 καὶ
850 554 1051 625 μόχθῳ,
1083 556 1140 606 ἐν
1165 553 1430 621 ἀνάγκαις
1465 555 1744 618 πολλάκις.
1775 554 1887 608 Μέ-

1997 556 2180 624 igitur,
2211 572 2415 624 quaeso,
2443 565 2678 610 mentem
2715 555 2782 608 ad
2813 553 2864 607 id
2895 554 3036 622 quod
3067 564 3194 605 vere
3226 549 3426 605 bonum
3464 558 3570 614 est,

316 667 407 720 χρι
471 649 572 718 τῆς
611 647 845 716 ἐσχάτης
892 645 1038 716 ῶρας
1081 645 1175 699 καὶ
1222 645 1423 698 πεινῶν
1465 645 1767 716 ἄνθρωπος,
1799 646 1887 698 καὶ

1996 656 2054 700 ut
2090 658 2144 700 et
2177 648 2467 717 Scriptura:
2497 647 2910 701 consensionem
2954 643 3241 711 intelligas,
3272 650 3326 696 et
3355 656 3422 696 ne
3444 658 3575 696 con-

314 738 502 808 διῲῶν,
531 739 623 790 καὶ
644 735 1022 808 γυμνητεύων,
1055 737 1148 790 καὶ
1173 736 1618 806 κολαφιζόμενος,
1653 736 1770 800 πῶς
1789 739 1887 790 οὐκ

1992 737 2146 805 iicias
2177 747 2228 792 te
2255 739 2310 790 in
2348 737 2509 790 ullam
2542 736 2822 792 sententia:
2860 732 3286 801 ambiguitatem.

316 829 608 899 ἠλαττοῦτο
653 828 760 880 τῶν
803 827 1129 898 σωματικῶν
1191 829 1448 897 ἀγαθῶνς
1518 830 1784 898 Ἀνάγαγε
1831 827 1926 883 οὖν
1967 847 2056 900 μοι
2096 830 2194 899 τὴν
2237 830 2475 885 διάνοιαν
2519 830 2612 883 ἐπὶ
2653 829 2715 881 τὸ
2775 827 2945 890 ὅντως
2970 825 3195 895 ἀγαθὸν,
3232 826 3319 877 ἵνα
3354 822 3448 876 καὶ¹
3475 820 3572 892 τὴν

317 924 632 994 συμφωνίαν
656 922 756 992 τῆς
776 923 996 996 Γραφῆς
1018 922 1275 993 ἐπιγνῷς,
1304 925 1398 978 καὶ
1430 925 1651 978 σεαυτὸν
1689 924 1761 996 μὴ
1790 925 2102 998 καταϐάλῃς
2122 929 2189 997 τῇ
2220 927 2518 998 ἀμφιϐολίᾳ
2537 925 2637 996 τῆς
2663 924 2890 987 ἐννοίας.

384 1014 439 1070 8.
473 1015 670 1079 Δεῦτε,
707 1013 905 1077 τέκνα,
941 1015 1239 1068 ἀκούσατέ
1268 1034 1388 1084 μου
1409 1034 1422 1046 ·
1448 1018 1636 1084 φόϐον
1671 1017 1890 1084 Κυρίου

313 1105 532 1171 διδάξω
587 1105 760 1175 ὑμᾶς.
833 1105 1166 1159 Ἐνδιαθέτου
1213 1108 1289 1179 (1)
1344 1107 1659 1162 διδασκάλου
1717 1106 1886 1178 φωνὴ,

314 1194 788 1266 προσκαλουμένου
824 1199 902 1258 είς
936 1195 1171 1267 μάθησιν
1197 1196 1284 1250 διὰ
1313 1198 1586 1268 πατρικῆς
1618 1197 1891 1265 εὐσπλαγ-

314 1288 485 1357 χνίας.
509 1289 618 1341 Καὶ
641 1289 749 1359 γὰρ
774 1289 959 1342 τέκνον
985 1291 1101 1342 ἐστὶ
1134 1291 1494 1360 πνευματικὸν
1525 1290 1618 1343 τοῦ
1641 1291 1890 1345 διδασκά-

314 1380 406 1433 λου
437 1382 466 1433 6
494 1381 759 1452 μαθητής.
805 1383 862 1434 Ὀ
887 1381 996 1452 γὰρ
1023 1383 1172 1454 παρά
1195 1400 1338 1446 τινος
1362 1382 1458 1454 τὴν
1487 1384 1765 1454 μόρφωσιν
1789 1383 1890 1453 τῆς

315 1472 595 1536 εὐσεϐείας
631 1473 935 1544 δεχόμενος,
973 1469 1124 1537 οὗτος
1149 1475 1310 1527 οἱονεὶ
1344 1474 1725 1528 διαπλάττεται
1761 1476 1888 1546 παρ’

314 1564 500 1628 αὐτοῦ,
532 1565 624 1617 καὶ
665 1567 745 1628 είς
777 1564 1032 1618 σύστασιν
1067 1565 1278 1633 ἄγεται,
1325 1564 1514 1636 ὥσπερ
1549 1553 1640 1619 καὶ
1669 1566 1888 1637 ὑπὸτῆς

313 1656 686 1728 κυοφορούσης
736 1659 803 1712 τὰ
833 1661 890 1710 ἐν
920 1658 1056 1728 αὐτῇ
1101 1657 1541 1730 διαμορφούμενα
1581 1658 1655 1730 (2)
1687 1657 1880 1730 βρέφη.

2066 1018 2120 1072 8.
2146 1017 2310 1074 Vens.
2339 1018 2422 1073 12.
2469 1017 2667 1082 Venite,
2701 1017 2821 1085 ﬁlii,
2846 1015 3027 1070 audite
3050 1029 3166 1078 me;
3195 1013 3432 1066 timorem
3466 1009 3571 1063 Do-

1997 1111 2126 1162 mini
2157 1111 2349 1164 docebo
2390 1127 2495 1164 vos.
2524 1108 2775 1164 Benevoli
2812 1106 3057 1176 magistri
3104 1121 3202 1159 vox
3244 1115 3348 1170 est,
3382 1104 3448 1156 ad
3489 1099 3575 1156 di-

1995 1201 2276 1270 sciplinam
2338 1209 2564 1270 paterna
2617 1199 3090 1255 commiseratione
3139 1195 3441 1250 invitantis.
3471 1194 3568 1248 Et-

1995 1294 2138 1346 enim
2177 1291 2474 1361 discipulus
2515 1289 2657 1345 (ilius
2691 1287 2990 1358 spiritualis
3042 1274 3127 1342 est
3171 1284 3433 1353 magistri.
3465 1281 3570 1351 Qui

1996 1383 2138 1436 enim
2165 1382 2233 1436 ab
2273 1383 2451 1450 aliquo
2483 1381 2970 1436 conformationem
3002 1378 3218 1449 pietatis
3243 1375 3488 1446 suscipit,
3520 1374 3568 1428 is

1997 1477 2142 1533 velut
2176 1477 2497 1532 informatur
2543 1478 2609 1532 ab
2661 1477 2802 1546 ipso,
2833 1484 2886 1530 et
2932 1475 3313 1545 compingitur,
3348 1473 3574 1543 perinde

1995 1580 2054 1623 ut
2113 1585 2143 1624 a
2195 1580 2506 1640 praegnante
2564 1569 2830 1636 infantes,
2884 1569 2975 1636 qui
3030 1567 3082 1620 in
3131 1581 3193 1620 ea
3240 1564 3569 1619 formantur.

1995 1662 2151 1717 Unde
2180 1662 2343 1716 etiam
2379 1661 2578 1717 Paulus
2634 1669 2801 1716 totam
2832 1659 3148 1716 Galatarum
3184 1656 3500 1720 Ecclesium,
3537 1669 3570 1710 a

314 1747 476 1801 Ὅθεν
530 1748 624 1802 καὶ
657 1749 868 1812 Παῦλος
901 1748 1027 1819 ὃλην
1074 1748 1170 1820 τὴν
1211 1749 1533 1820 Ἐκκλησίαν
1571 1749 1680 1803 τῶν
1712 1750 1885 1803 Γαλα-

1992 1752 2263 1823 prioribus
2302 1754 2600 1824 disciplinis
2639 1753 2923 1822 dilapsam,
2960 1761 3014 1806 et
3040 1749 3194 1820 151
3231 1747 3384 1816 quasi
3407 1747 3570 1802 abor-

309 1837 439 1902 τῶν,
476 1839 540 1890 ὲκ
563 1837 671 1892 τῶν
703 1839 982 1910 προτέρων
1006 1837 1368 1891 διαπεσοῦσαν
1400 1839 1759 1910 μαθημάτων,
1789 1841 1885 1893 καὶ

311 1930 474 1984 οἱονεὶ
493 1930 888 2002 ὰμϐλωθεῖσαν,
910 1930 1070 1984 πάλιν
1099 1931 1512 2002 ἀναλαμϐάνων,
1546 1932 1638 1985 καὶ
1666 1934 1886 2003 μορφῶν

313 2023 518 2077 ἄνωθεν
574 2024 631 2076 ἐν
684 2024 866 2086 αὐτοῖς
916 2023 1006 2074 τὸν
1058 2024 1310 2094 Χριστὸν,
1356 2025 1520 2077 τέκνα
1565 2024 1750 2092 ἔλεγε·
1793 2024 1888 2077 καὶ

311 2112 498 2182 ἐπειδὴ
535 2114 650 2182 μετ’
683 2111 876 2181 ὀδύνης
915 2111 1008 2164 καὶ
1036 2111 1264 2180 θλίψεως
1297 2113 1530 2166 ἐποιεῖτο
1558 2113 1665 2165 τῶν
1689 2115 1887 2182 ἐσφαλ-

313 2205 490 2275 μένων
545 2203 644 2274 τὴν
681 2202 1070 2272 ἐπανόρθωσιν,
1117 2201 1326 2256 ὠδίνειν
1360 2203 1509 2272 ἔλεγε
1539 2207 1603 2275 τῇ
1631 2204 1773 2276 ψυχῇ
1799 2204 1887 2258 διὰ

309 2294 408 2364 τὴν
455 2291 546 2344 ἐπὶ
587 2294 698 2355 τοῖς
744 2291 1078 2344 ἀποπεσοῦσι
1115 2291 1306 2363 λύπην.
1356 2293 1569 2347 Τεκνία
1599 2313 1739 2362 μου,
1780 2295 1888 2359 οὓς

309 2385 498 2438 πάλιν
517 2383 728 2446 ὠδίνω,
758 2382 931 2452 ἄχρις
958 2380 1029 2439 οὗ
1051 2385 1338 2454 μορφωθῇ
1365 2387 1618 2454 Χριστὸς
1637 2388 1707 2440 ἐν
1724 2389 1882 2455 ὑμῖν.

309 2477 487 2530 Δεῦτε
507 2472 620 2539 οὖν,
645 2475 842 2538 τέκνα,
875 2475 1174 2529 ἀκούσατέ
1187 2494 1326 2546 μου.
1357 2478 1422 2530 Τί
1450 2495 1578 2532 ποτε
1612 2479 1718 2549 ἄρα
1745 2480 1888 2532 διδά-

313 2583 462 2620 σκειν
505 2567 685 2636 μέλλει
733 2568 761 2618 6
813 2567 1180 2637 πνευματικὸς
1221 2568 1376 2638 ἡμῶν
1409 2571 1626 2640 πατήρ;
1673 2572 1884 2638 Φόϐον,

312 2660 464 2730 φησι,
501 2661 724 2726 Κυρίου
750 2657 968 2722 διδάξω
983 2658 1157 2728 ὑμᾶς.
1199 2661 1415 2731 Ἐπειδὴ
1444 2662 1555 2715 ἄνω
1587 2665 1886 2735 προσέταξε

311 2748 593 2816 φοϐεῖσθαι
629 2748 718 2800 τὸν
750 2748 975 2819 Κύριον,
1009 2749 1100 2801 καὶ
1147 2750 1207 2802 τὸ
1253 2752 1318 2804 ἐκ
1351 2751 1443 2804 τοῦ
1485 2755 1649 2820 φόϐου
1697 2755 1886 2826 κέρδος

311 2838 608 2903 ὑπέδειξεν,
658 2839 845 2903 εἰπὼν,
894 2840 1014 2893 Ὅτι
1055 2842 1166 2894 οὐκ
1205 2841 1376 2896 ἐστιν
1415 2845 1720 2915 ὑστέρημα
1763 2847 1887 2914 τοῖς

311 2929 702 3000 φοϐουμένοις
731 2932 936 2984 αὐτόν·
973 2930 1066 2985 νῦν
1107 2933 1200 2985 καὶ
1231 2933 1583 2988 διδασκαλίαν
1632 2938 1754 2992 τινὰ
1790 2939 1884 2994 τοῦ

311 3023 455 3078 θείου
502 3024 665 3093 φόϐου
720 3026 848 3095 ἡμῖν
891 3027 1242 3098 παραδίδωσι.
1279 3029 1350 3081 Τὸ
1383 3031 1478 3099 μὲν
1509 3031 1634 3103 γὰρ,
1674 3034 1755 3086 ὅτι
1781 3033 1884 3106 χρὴ

1991 1846 2156 1899 tivam
2193 1844 2388 1898 iterum
2427 1844 2721 1907 suscitans,
2744 1858 2808 1898 ac
2846 1843 3023 1897 denuo
3059 1844 3109 1894 in
3148 1840 3250 1893 illis
3294 1837 3573 1892 Christum

1988 1935 2250 1999 formans,
2279 1935 2418 1989 filios
2445 1934 2781 2004 appellabat:
2802 1942 2855 1988 et
2885 1935 3139 2002 quoniam
3165 1930 3430 1998 collapsos
3444 1942 3569 1983 cum

1989 2027 2174 2082 dolore
2218 2037 2274 2082 et
2319 2027 2567 2097 angustia
2599 2026 2954 2090 emendabat,
2987 2024 3179 2092 spiritu
3215 2021 3484 2092 parturire
3511 2033 3574 2074 se

1987 2119 2144 2182 dixit,
2175 2119 2244 2172 ob
2279 2128 2598 2187 conceptam
2627 2118 2693 2172 de
2715 2117 2876 2187 lapsis
2914 2115 3213 2169 tristitiam.
3238 2111 3422 2166 Filioli
3445 2113 3568 2175 mei,

1987 2226 2114 2278 quos
2148 2211 2340 2263 iterum
2379 2212 2638 2277 parturio,
2679 2208 2841 2261 donec
2870 2206 3126 2274 formetur
3158 2207 3211 2258 in
3252 2205 3392 2257 vobis
3413 2203 3573 2256 Chri-

1987 2309 2099 2351 stus
2116 2297 2182 2350 “.
2233 2296 2412 2351 Venite
2458 2297 2638 2369 igitur,
2667 2297 2788 2366 ﬁlii,
2812 2298 2993 2349 audite
3023 2312 3123 2349 me.
3170 2294 3307 2361 Quid
3355 2295 3573 2349 tandem

1991 2403 2088 2443 nos
2117 2389 2419 2457 spiritualis
2468 2399 2652 2445 noster
2683 2396 2838 2459 pater
2883 2389 3079 2442 docere
3123 2385 3573 2444 vult?Timorem

1994 2481 2225 2546 Domini,
2257 2482 2453 2549 inquit,
2493 2481 2686 2536 docebo
2717 2497 2826 2535 vos.
2859 2479 3150 2548 Postquam
3193 2479 3440 2548 superius
3456 2492 3574 2546 Jus-

1989 2574 2060 2629 sit
2103 2573 2389 2628 Dominum
2450 2575 2676 2641 timere,
2712 2574 3032 2642 lucrumque
3071 2573 3214 2641 quod
3264 2585 3332 2625 ex
3378 2571 3573 2632 timore

1987 2667 2319 2736 percipitur,
2350 2667 2588 2722 ostendit
2627 2668 2710 2722 his
2764 2667 2944 2721 verbis
2982 2680 2996 2716 :
3040 2664 3304 2730 Quoniam
3348 2679 3452 2716 non
3495 2671 3572 2716 est

1987 2760 2164 2827 inopia
2216 2759 2514 2814 timentibus
2553 2776 2668 2813 eum
2704 2777 2722 2824 ;
2752 2767 2863 2812 tum
2924 2758 3143 2812 demum
3205 2757 3361 2810 nobis
3405 2754 3573 2808 tradit

1988 2852 2224 2919 aliquam
2253 2850 2418 2904 divini
2453 2851 2662 2905 timoris
2703 2850 3026 2904 doctrinam.
3061 2846 3194 2902 Nam
3242 2849 3384 2915 quod
3417 2857 3571 2902 recte

1986 2943 2167 2998 valere
2196 2952 2465 3012 oporteat,
2493 2942 2782 3014 cujuslibet
2806 2943 2889 2997 vel
2935 2943 3114 2995 idiota:
3153 2940 3313 2994 fuerit
3340 2940 3523 2995 dicere
3553 2958 3566 2994 :

1989 3035 2258 3105 quomodo
2309 3049 2438 3090 vero
2483 3037 2852 3106 comparanda
2902 3035 3110 3091 sanitas
3161 3034 3254 3097 sit,
3291 3032 3420 3088 illud
3455 3031 3570 3101 jam

313 3118 596 3186 ὑγιαίνειν,
631 3117 828 3180 παντός
871 3119 1018 3172 ἐστιν
1061 3121 1255 3186 εἰπεῖν,
1285 3123 1377 3174 καὶ
1408 3122 1501 3176 τοῦ
1534 3123 1740 3177 ἰδιώτου
1765 3145 1778 3158 ·
1823 3126 1883 3178 τὸ

1992 3129 2260 3198 preprium
2290 3136 2377 3183 est
2414 3127 2587 3194 illius,
2625 3127 2716 3197 qui
2749 3136 2919 3180 artem
2957 3126 3220 3180 medicam
3247 3125 3415 3180 novit.
3455 3123 3569 3178 Non

310 3209 389 3272 δὲ,
419 3208 534 3271 πῶς
558 3207 664 3279 χρὴ
703 3207 1003 3278 κτήσασθαι
1042 3209 1139 3280 τὴν
1171 3210 1377 3278 ὑγείαν,
1420 3211 1576 3264 τοῦτο
1608 3212 1737 3267 ἴδιον
1783 3214 1880 3286 ἤδη

310 3299 404 3352 τοῦ
433 3299 530 3370 τὴν
567 3298 814 3368 ἰατρικὴν
836 3299 1028 3370 τέχνην
1054 3301 1436 3371 ἐπισταμένου.
1473 3304 1548 3356 Οὐ
1586 3307 1691 3368 πᾶς
1724 3306 1884 3374 φόϐος

312 3392 514 3460 ἀγαθόν
544 3393 656 3444 ἐστι
687 3393 780 3444 καὶ
806 3394 1086 3463 σωτήριον,
1121 3393 1235 3446 ἀλλ’
1287 3394 1400 3448 ἐστι
1439 3413 1522 3459 τις
1557 3398 1650 3449 καὶ
1693 3398 1885 3470 ἐχθρὸς

315 3485 495 3554 φόϐος,
523 3485 582 3538 ὃν
607 3484 902 3554 ἁπεύχεται
927 3489 953 3540 6
972 3487 1263 3559 Προφήτης
1287 3491 1602 3558 ἐγγενέσθαι
1630 3494 1794 3546 αὐτοῦ
1817 3500 1882 3566 τῇ

311 3575 476 3645 ψυχῇ,
514 3574 714 3642 λέγων’
773 3576 902 3628 Ἀπὸ
937 3578 1123 3644 φόϐου
1163 3579 1379 3646 ἐχθροῦ
1419 3581 1494 3650 (3)
1527 3583 1742 3646 ἐξελοῦ
1774 3587 1886 3653 τὴν

313 3664 525 3733 ψυχήν
545 3682 686 3733 μου.
732 3664 955 3734 Ἐχθρὸς
985 3667 1091 3738 γὰρ
1122 3668 1283 3735 φόϐος
1309 3671 1336 3721 ό
1366 3669 1594 3724 θανάτου
1624 3676 1754 3743 ἡμῖν
1777 3675 1886 3727 δει-

311 3757 431 3808 λίαν
457 3756 720 3826 ὲμποιῶν,
751 3758 778 3808 6
812 3757 1118 3827 προσώπων
1167 3760 1438 3831 ὑπεροχὰς
1482 3767 1886 3835 καταπτήσσειν

313 3849 460 3918 ἡμᾶς
485 3846 813 3900 ἀναπείθων.
849 3847 973 3910 Πῶς
997 3848 1105 3920 γὰρ
1138 3851 1166 3902 ό
1197 3851 1368 3904 ταῦτα
1390 3853 1722 3924 φοϐούμενος
1741 3857 1888 3928 δυνή-

315 3953 466 3988 σεται
503 3938 558 3988 ἐν
596 3934 772 4004 καιρῷ
807 3937 1106 4007 μαρτυρίου
1152 3938 1313 4008 μέχρι
1357 3939 1585 3994 θανάτου
1625 3944 1760 4015 πρὸς
1791 3946 1888 4017 τὴν

314 4029 586 4100 ἁμαρτίαν
615 4029 1068 4099 ἀντικαταστῆναι
1103 4031 1200 4100 (4),
1230 4033 1324 4084 καὶ
1357 4033 1646 4089 ἀποδοῦναι
1675 4036 1751 4107 τῷ
1776 4041 1888 4092 Κυ-

317 4120 416 4192 ρίῳ
469 4120 567 4190 τὴν
621 4121 861 4190 ὀφειλὴν,
909 4120 986 4191 τῷ
1038 4123 1179 4193 ὑπὲρ
1228 4123 1384 4194 ἡμῶν
1443 4126 1766 4182 ἀποθανόντι
1795 4133 1890 4184 καὶ

316 4211 626 4283 ἐγερθέντι;
657 4214 765 4264 Καὶ
791 4215 818 4265 6
841 4214 944 4266 ὑπὸ
966 4214 1231 4284 δαιμόνων
1259 4218 1556 4289 εὐπτόητος
1583 4221 1675 4274 τὸν
1701 4222 1890 4294 ἐχθρὸν

318 4304 429 4374 ἔχει
455 4304 617 4372 φόϐον
647 4305 703 4356 ἐν
730 4306 924 4376 ἑαυτῷ.
952 4308 1062 4361 Καὶ
1083 4309 1240 4374 ὅλως,
1264 4313 1291 4363 6
1318 4312 1558 4377 τοιοῦτος
1583 4315 1746 4384 φόϐος
1766 4319 1892 4370 ἁπι-

321 4395 473 4458 στίας
519 4395 691 4447 ἔοικεν
747 4395 966 4464 ἔγγονον
1021 4394 1160 4452 εἶναι
1210 4401 1399 4466 πάθος.
1435 4404 1628 4469 Οὐδεὶς
1659 4407 1766 4478 γὰρ
1804 4427 1892 4461 πι-

321 4483 525 4538 στεύων
563 4485 777 4555 ίσχυρὸν
825 4486 975 4558 αὐτῷ
1015 4492 1265 4560 παρεῖναι
1298 4497 1388 4545 τὸν
1423 4494 1614 4565 βοηθὸν
1648 4498 1891 4566 φοϐεῖται

319 4574 427 4628 ἀπό
453 4592 596 4637 τινος
624 4574 732 4628 τῶν
761 4578 1178 4649 ἐπιχειρούντων
1205 4584 1368 4636 αὑτὸν
1390 4586 1768 4658 ἐκταράσσειν.
1796 4591 1895 4643 Φό-

321 4669 415 4731 ϐος
446 4668 502 4721 δὲ
538 4671 566 4721 6
605 4671 889 4739 σωτήριος,
927 4671 1018 4722 καὶ
1065 4672 1227 4739 φόϐος
1274 4675 1546 4746 ἁγιασμοῦ
1593 4682 1892 4751 ποιητικὸς,

322 4760 483 4828 φόϐος
511 4762 540 4812 6
566 4762 683 4814 κατ’
713 4761 1071 4830 ἐπιτήδευσιν,
1099 4765 1191 4817 καὶ
1223 4766 1342 4835 οὐχ).
1379 4769 1519 4821 κατὰ
1546 4771 1712 4834 πάθος
1744 4777 1894 4842 ἐγγι-

320 4853 541 4922 νόμενος
573 4855 639 4922 τῇ
673 4851 839 4922 ψυχῇ,
877 4854 1026 4917 ποῖός
1053 4854 1127 4926 (5)
1166 4857 1279 4909 ἐστι
1304 4856 1479 4926 βούλει
1514 4860 1892 4934 διηγήσωμαι;

393 5011 436 5042 ⁸³
479 5010 598 5066 Gal.
633 5026 707 5074 tv,
738 5011 822 5067 I9.
899 5012 944 5044 °'
967 5012 1110 5068 Psal.
1138 5030 1271 5072 um
1295 5056 1309 5082 ,
1340 5016 1392 5074 2.

399 5147 692 5224 (99)_§30ib.
715 5151 922 5224 primus
949 5153 1042 5205 καὶ
1068 5152 1218 5224 δίψῃ.

397 5219 473 5288 (1)
514 5220 629 5274 Vox
650 5221 954 5284 ἐνδιάθετος
987 5224 1114 5276 mihi
1136 5219 1246 5279 hoc
1285 5223 1402 5280 loco
1432 5225 1572 5280 idem
1608 5227 1786 5282 valere
1816 5231 1897 5284 vi-

325 5291 665 5368 deturjquod
719 5308 827 5368 vos
859 5292 1157 5368 spadone;
1203 5296 1445 5368 magistri
1502 5298 1655 5368 ἱηιιιιι
1693 5300 1892 5368 affecti,

327 5360 573 5421 nummis,
595 5360 846 5415 benevoli.
881 5360 986 5416 Sed
1020 5360 1179 5430 paulo
1221 5360 1375 5418 aliter
1423 5368 1587 5419 sentit
1625 5360 1894 5423 Couiibefi;

328 5430 465 5506 sius,
482 5431 634 5498 cujus
661 5432 773 5485 haec
794 5443 971 5506 sunt:
1016 5432 1319 5506 ἐνδιαθέτου
1367 5435 1709 5499 διδασκάλου,
1740 5442 1891 5506 quasi

327 5496 591 5579 ἐμψύχου,
623 5515 693 5579 eat
716 5503 892 5579 animo
920 5502 1176 5579 loquentis
1213 5507 1447 5575 magistri
1477 5524 1574 5561 vox
1604 5525 1621 5561 :
1658 5496 1855 5563 sincere
1874 5526 1892 5563 :

329 5571 443 5620 sive
471 5571 652 5631 etiam,
676 5571 842 5637 intus,
875 5577 930 5625 in
958 5571 1133 5627 corde.

399 5637 475 5720 (ξ)
495 5637 578 5720 Ιιο.
599 5653 850 5720 sex_ntss.
880 5643 1018 5720 Editi
1050 5660 1178 5700 vero
1204 5647 1575 5720 κυοφορούσης
1619 5648 1686 5703 τὰ
1715 5648 1888 5720 βρέφη

323 5707 392 5762 τὰ
520 5708 655 5784 αὐτῇ
681 5710 1135 5784 διαμορφούμενα.

406 5777 485 5849 (5)
519 5779 678 5833 Recte
719 5777 783 5835 ac
825 5777 956 5839 scite
985 5777 1276 5844 annotavit
1310 5787 1666 5845 Combefisius
1723 5790 1887 5846 inter-

1985 3222 2130 3274 enim
2153 3220 2332 3290 quivis
2373 3221 2532 3273 timor
2563 3221 2736 3274 bonus
2776 3228 2859 3274 est
2887 3228 2981 3272 aut
3024 3216 3302 3281 salutaris,
3351 3216 3460 3270 imo
3491 3225 3574 3268 est

1986 3314 2146 3366 etiam
2178 3311 2398 3380 quidam
2436 3311 2647 3366 hostilis
2679 3312 2857 3376 timor,
2895 3325 3053 3380 quem
3087 3313 3410 3378 deprecatur
3434 3307 3572 3362 Pro-

1988 3407 2166 3473 pheta,
2195 3419 2262 3458 ne
2297 3403 2466 3473 ipsius
2515 3404 2711 3456 anima:
2759 3402 3004 3464 accedat,
3036 3400 3224 3455 dicens
3261 3415 3278 3453 :
3309 3400 3353 3453 Α
3386 3399 3573 3452 timore

1987 3496 2197 3548 inimico
2221 3497 2362 3562 eripe
2389 3495 2619 3548 animam
2652 3493 2904 3547 meam“.
2948 3493 3201 3546 Inimicus
3231 3493 3375 3545 enim
3409 3491 3572 3543 timor

1987 3595 2070 3638 est
2099 3586 2188 3654 qui
2223 3585 2382 3640 nobis
2411 3586 2552 3655 parit
2577 3587 2768 3640 mortis
2800 3596 3022 3649 metum,
3047 3585 3324 3652 nobisque,
3347 3591 3406 3635 ut
3443 3595 3570 3651 per-

1988 3693 2238 3730 souarum
2287 3678 2579 3747 dignitates
2618 3678 2998 3740 furmidemus,
3038 3677 3248 3730 suadet.
3286 3674 3576 3740 Quomodo.

1988 3770 2127 3823 enim
2166 3769 2257 3836 qui
2307 3770 2494 3822 isthmc
2527 3770 2746 3833 metuit,
2787 3769 2983 3838 poterit
3027 3777 3272 3836 tempore
3323 3764 3572 3834 martyrii

1991 3861 2053 3913 ad
2086 3869 2314 3913 mortem
2343 3875 2515 3929 usque
2549 3871 2774 3929 peccato
2813 3861 3086 3924 resistere,
3125 3873 3187 3912 ac
3217 3857 3448 3912 Domino
3475 3857 3574 3924 qui.

1990 3966 2086 4019 pro
2113 3951 2266 4005 nobis
2287 3961 2532 4006 mortuus
2559 3963 2640 4006 est
2662 3962 2715 4007 et
2754 3953 3072 4016 resurrexit,
3103 3951 3342 4006 debitum
3388 3946 3570 4003 exsol-

1993 4044 2164 4097 vere?
2193 4045 2257 4096 Et
2285 4044 2372 4114 qui
2399 4060 2428 4098 a
2469 4045 2802 4100 dzcmonibus
2839 4046 2996 4100 facile
3028 4054 3384 4115 perterretur,
3415 4044 3467 4096 in
3511 4057 3580 4097 se.

1992 4137 2109 4204 ipso
2134 4137 2411 4191 inimicum
2446 4138 2693 4192 timorem
2726 4138 2905 4192 habet.
2937 4139 3000 4192 Et
3036 4154 3142 4191 uno
3170 4138 3356 4200 verbo,
3390 4135 3573 4205 hujus-

1993 4229 2133 4282 modi
2179 4229 2341 4282 timor
2385 4230 2720 4298 perturbatio
2770 4231 3014 4299 quaedam
3071 4245 3137 4284 ex
3196 4227 3585 4283 incredulitate-

1992 4329 2250 4388 prognata
2290 4321 2504 4374 videtur
2535 4335 2677 4377 esse.
2720 4321 2890 4376 Nemo
2942 4322 3084 4376 enim
3125 4321 3220 4388 qui
3252 4320 3352 4374 sibi
3381 4319 3585 4373 adesse.

1995 4411 2169 4464 credit
2213 4409 2405 4465 fortem
2455 4411 2857 4477 auxiliatorem,
2898 4412 3050 4466 timet
3097 4411 3330 4479 aliquem
3358 4423 3569 4472 eorum,

1997 4502 2091 4570 qui
2130 4502 2303 4572 ipsum
2350 4505 2677 4557 conturbare
2718 4511 3002 4556 conantur.
3041 4502 3227 4556 Timor
3252 4512 3430 4554 autem
3475 4499 3572 4568 qui

2000 4594 2253 4648 salutaris
2285 4603 2389 4659 est,
2411 4605 2463 4647 et
2485 4595 2642 4648 timor
2665 4596 2753 4663 qui
2778 4595 2990 4649 confert
3013 4594 3375 4658 sanctitatem,
3409 4593 3577 4645 timur.

2001 4687 2094 4756 qui
2120 4687 2185 4740 de
2215 4687 2500 4752 industria,
2535 4697 2588 4741 et
2629 4703 2733 4740 non
2768 4689 3060 4740 secundum
3094 4684 3429 4740 affectionem
3454 4684 3572 4735 ani-

2005 4795 2094 4833 mo
2122 4781 2338 4843 accidit,
2370 4782 2449 4835 vis
2473 4797 2737 4850 exponam
2766 4780 2940 4850 qualis
2969 4779 3078 4833 sit?
3102 4778 3181 4832 Ad
3213 4776 3428 4846 aliqum!
3453 4789 3574 4844 pec-

2003 4879 2182 4924 catum
2227 4871 2425 4940 impelli
2464 4881 2514 4926 te
2563 4887 2684 4925 cum
2716 4871 2936 4937 videris,
2979 4869 3302 4924 horrendum
3354 4866 3480 4921 illud
3517 4877 3572 4920 et

2003 5174 2208 5235 pretem
2260 5171 2498 5235 veterem
2561 5161 2934 5235 imprudenter
2966 5157 3264 5235 'Vulgatam
3325 5168 3570 5235 secutum

2004 5234 2194 5293 fuisse,
2255 5247 2353 5285 nec
2389 5233 2578 5300 psalmi
2605 5228 2764 5286 verba
2791 5233 2878 5284 hic
2913 5228 3047 5283 ve'rti
3103 5228 3372 5300 debuisse.
3433 5244 3465 5279 a
3506 5231 3571 5300 (i-

2003 5319 2144 5354 more
2174 5299 2397 5365 inimici,
2434 5303 2550 5364 scd,
2583 5319 2614 5354 η
2650 5303 2834 5354 timore
2863 5301 3100 5354 inimico.
3128 5299 3232 5350 lies
3261 5300 3329 5349 ita
3366 5299 3574 5365 perspi-

2001 5387 2100 5424 cua
2131 5383 2238 5434 est,
2273 5381 2331 5424 ut
2386 5387 2561 5434 nemo,
2604 5375 2828 5438 opinor,
2882 5372 3046 5424 homo
3081 5371 3172 5438 qui
3216 5368 3357 5422 hunc
3395 5371 3574 5424 locum

2002 5451 2205 5494 attente
2233 5442 2443 5509 legerit,
2479 5458 2541 5495 ea
2569 5445 2634 5496 de
2669 5458 2726 5495 re
2747 5441 3091 5494 dubitaturus
3123 5440 3214 5493 sit.

2073 5512 2151 5580 (4)
2180 5508 2312 5582 Reg.
2339 5511 2605 5565 secundus
2628 5511 2984 5581 καταστῆναι.
3004 5509 3122 5564 Mox
3145 5525 3274 5564 mss.
3301 5524 3392 5564 sex
3414 5508 3577 5582 ὲγερςι

2002 5579 2170 5640 θέντι,
2199 5581 2338 5636 Editi
2365 5596 2492 5634 vero
2515 5583 2807 5636 ἀναστάντι

2073 5654 2150 5721 (5,)
2188 5654 2260 5705 lla
2293 5662 2523 5720 quatuor
2549 5669 2676 5710 mss.
2708 5669 2828 5709 cum
2883 5652 3120 5709 editione
3163 5649 3323 5705 Basil.
3389 5649 3579 5712 Editio

2000 5738 2124 5779 vero
2153 5723 2320 5778 Paris.
2348 5722 2549 5786 ὁποῖος.

1989 5890 2028 5906 OL
