4048 6220
552 338 656 395 371
1903 336 1961 390 S.
2001 330 2251 389 BASlLlI
2292 331 2507 389 MAGNI
3741 331 3831 386 ειι

551 439 894 505 intolerabile
931 443 1133 500 Christi
1158 443 1415 508 tribunal,
1447 459 1650 515 quaeso,
1679 446 1858 517 cogita
1885 466 1900 503 :
1944 448 1997 502 in
2027 462 2135 517 quo

2265 448 2407 498 Οταν
2440 443 2641 517 μέλλῃς
2666 442 2758 496 ἐπί
2783 458 2905 496 τινα
2927 442 3105 513 ὁρμᾷν
3127 441 3438 513 ἁμαρτίαν,
3468 443 3734 513 ἐννόησον
3757 462 3832 514 μοι

550 540 806 614 przesidet
855 537 1069 607 quidem
1100 537 1267 606 judex
1302 539 1354 591 in
1402 538 1512 593 alto
1550 538 1784 608 quodam
1822 548 1877 594 et
1919 540 2133 595 sublimi

2270 540 2416 590 κεῖνο
2444 537 2506 590 τὸ
2542 535 2768 607 φρικτὸν
2796 536 2890 589 καὶ
2927 533 3249 588 ἀνύποιστον
3283 535 3385 587 τοῦ
3416 535 3671 605 Χριστοῦ
3696 535 3828 590 δικα-

557 634 772 697 throno,
786 630 963 685 omnis
994 643 1122 683 vero
1147 639 1393 683 creatura
1434 630 1503 683 ob
1534 630 1826 701 gloriosum
1857 633 1975 702 ejus
2013 647 2137 686 con-

2265 630 2482 700 πήριον,
2534 629 2592 681 ὲν
2625 621 2670 696 ᾧ
2709 625 3108 700 προκαθέζεται
3156 625 3254 696 μὲν
3297 629 3400 680 ἐπὶ
3452 626 3658 698 θρόνου
3705 626 3831 691 τινὸς

555 730 796 791 spectum
828 720 1257 775 contremiscens
1282 730 1458 786 astat;
1493 720 1603 777 imo
1632 736 1764 776 vero
1787 721 2025 777 futurum
2055 733 2138 779 est

2265 718 2447 789 ,ψηλοῦ
2471 719 2566 774 καὶ
2598 718 2909 790 ἐπηρμένου
2939 718 2968 769 ὁ
2996 716 3210 788 κριτὴς,
3242 717 3585 787 παρέστηκε
3613 716 3671 769 δὲ
3698 719 3829 771 πᾶσα

553 821 617 868 ttt
653 809 848 880 singuli
889 811 1241 875 adducamur,
1272 825 1458 866 eorum
1493 827 1612 881 quae
1641 814 1693 867 in
1728 814 1835 867 vita
1867 815 2139 882 egerimus

2265 830 2273 882 ι
2300 812 2476 874 κτίσις
2498 810 2885 881 ὑποτρέμουσα
2921 809 3019 880 τὴν
3050 808 3370 876 ἐπιφάνειαν
3412 807 3600 861 αὐτοῦ
3633 809 3729 878 τὴν
3757 810 3827 860 έν-

558 917 787 957 examen
814 902 1066 957 subituri.
1101 904 1302 958 Deinde
1328 905 1399 970 ei,
1434 906 1526 974 qui
1557 905 1724 961 multa
1754 892 1898 960 inala
1929 922 2024 973 per
2056 907 2138 960 vi-

2265 899 2419 967 ἰοξονο
2453 900 2799 973 παράγεσθαι
2842 899 2899 952 δὲ
2932 898 3195 970 μέλλομεν
3234 899 3352 952 καθ’
3393 899 3503 952 ἕνα
3547 902 3631 963 είς
3657 898 3823 963 ἐξέτα-

561 1004 670 1050 tam
701 998 1114 1066 perpetraverit,
1147 998 1439 1053 horribiles
1463 997 1682 1067 quidam
1720 1012 1784 1053 ac
1817 999 2018 1055 morosi
2050 1014 2143 1053 an-

2265 1011 2327 1048 rtv
2371 993 2479 1048 τῶν
2526 992 2873 1065 βεϐιωμένων
2922 992 3074 1062 ἡμῖν.
3120 986 3253 1043 Εἶτα
3286 991 3367 1062 τῷ
3404 991 3596 1045 πολλά
3634 992 3823 1062 πονηρά

561 1088 665 1158 geli
704 1088 977 1156 assident,
1023 1090 1202 1159 ignem
1255 1105 1320 1144 ex
1368 1090 1542 1144 oculis
1586 1091 1927 1156 emittentes,
1962 1091 2140 1161 ignem

2265 1085 2567 1155 πεποιηκότι
2601 1083 2744 1137 κατά
2767 1082 2858 1135 τὸν
2881 1081 2994 1152 βίον
3022 1080 3243 1153 φοϐεροί
3266 1099 3424 1147 τινες
3456 1083 3558 1136 καὶ
3582 1085 3822 1153 κατηφεῖς

562 1183 859 1252 Spirantes,
913 1194 1134 1253 propter
1177 1185 1342 1238 animi
1383 1185 1756 1249 acerbitatem,
1813 1185 1957 1239 nocti
1993 1184 2141 1239 vultu

2265 1178 2603 1249 παρίστανται
2634 1175 2876 1245 ἄγγελοι,
2908 1173 3020 1245 πῦρ
3050 1173 3358 1243 βλέποντες,
3392 1174 3518 1246 πῦρ
3548 1175 3820 1228 ἀναπνέον·

562 1276 786 1339 similes,
818 1276 887 1331 ob
926 1275 1080 1331 faciei
1124 1277 1470 1331 tetricitatem
1518 1287 1573 1332 et
1620 1277 1900 1331 hominunt
1936 1276 2140 1333 odium.

2265 1286 2355 1333 τες,
2398 1268 2485 1328 διὰ
2511 1269 2611 1338 τὴν
2655 1266 2881 1337 πικρίαν
2915 1265 3016 1334 τῆς
3041 1265 3447 1337 προαιρέσεως,
3488 1264 3652 1318 νυκτὶ
3675 1263 3819 1317 ἐοικό-

564 1365 755 1419 Postea
786 1364 968 1421 animo
1012 1365 1103 1420 tibi
1138 1365 1310 1436 ﬁngas
1344 1367 1657 1423 barathrum
1688 1367 2033 1437 profundum,
2064 1377 2144 1423 te-

2265 1375 2335 1420 τες
2377 1356 2445 1410 τὰ
2472 1357 2756 1427 πρόσωπα,
2806 1354 2896 1409 διὰ
2923 1354 2984 1408 τὸ
3010 1356 3249 1424 κατηφὲς
3286 1356 3385 1408 καὶ
3427 1354 3814 1427 μισάνθρωπον.

566 1458 763 1513 nebras
789 1458 1253 1527 impenetrabiles,
1290 1459 1466 1529 ignem
1515 1459 1817 1529 splendoris
1846 1469 2143 1528 expertem,

2265 1449 2379 1506 Ξῖτα
2433 1450 2704 1523 βάραθρον
2744 1449 2903 1521 βαθὺ,
2945 1449 3040 1503 καὶ
3085 1448 3277 1511 σκότος
3307 1446 3707 1513 ἀδιεξόδευτον,
3745 1447 3815 1499 καὶ

566 1552 677 1603 vim
708 1549 923 1619 quidem
957 1552 1147 1605 urendi
1186 1550 1241 1604 in
1273 1552 1511 1606 tenebris
1551 1552 1860 1620 habentem,
1888 1552 1981 1606 sed
2029 1551 2148 1605 luce

2265 1543 2321 1596 τῦ
2329 1561 2360 1615 ρ
2383 1542 2632 1614 ἀλαιέιιές
2648 1560 2661 1573 ·
2696 1544 2752 1595 ὲν
2778 1542 2855 1612 τῷ
2890 1539 3071 1594 σκότει
3092 1540 3192 1610 τὴν
3226 1540 3324 1610 μὲν
3348 1537 3670 1607 καυστικὴν
3689 1537 3816 1589 δύνα-

527 1629 530 1632 ’
569 1640 882 1695 destitutum
912 1659 927 1696 :
961 1640 1192 1696 subinde
1229 1642 1494 1697 vermium
1526 1644 1797 1712 quoddam
1849 1657 2019 1713 genus
2057 1657 2150 1698 ve-

2265 1654 2343 1688 itv
2366 1635 2508 1705 ἕχον,
2548 1634 2610 1687 τὸ
2637 1633 2693 1686 δὲ
2719 1632 2919 1702 φέγγος
2958 1630 3334 1702 ἀφῃρημένον.
3366 1625 3520 1683 Εἶτα
3553 1627 3814 1697 σκωλήκων

568 1743 828 1786 uenatum
863 1746 927 1786 ac
959 1731 1328 1798 carnivorum,
1373 1734 1539 1788 edens
1596 1733 2002 1798 insatiabiliter,
2051 1747 2148 1786 nec

2265 1728 2405 1795 γένος
2430 1724 2632 1779 ἰοϐόλον
2670 1724 2764 1777 καὶ
2796 1724 3162 1795 σαρκοφάγον,
3182 1720 3487 1792 ἀπλήστως
3522 1719 3717 1781 ἐσθίον,
3741 1719 3813 1770 καὶ

569 1836 809 1890 unquam
846 1823 1193 1888 exsatiatum,
1228 1821 1598 1880 intolerabiles
1638 1825 1850 1879 dolores
1881 1824 2151 1879 morsibus

2265 1818 2524 1889 μηδέποτε
2566 1816 2981 1887 κορεννύμενον,
3016 1813 3321 1884 ἀφορήτους
3349 1811 3559 1874 ὀδύνας
3588 1807 3813 1880 ἐμποιοῦν

570 1911 870 1966 inducens:
906 1920 1182 1982 postremo
1236 1914 1558 1983 supplicium
1610 1918 1847 1970 omnium
1893 1917 2152 1986 gravissi-

2265 1912 2317 1979 τῇ
2348 1907 2711 1979 καταϐρώσει.
2748 1902 2882 1960 Εἶτα
2912 1907 3010 1978 τὴν
3041 1905 3229 1959 πασῶν
3252 1903 3659 1975 χαλεπωτάτην
3684 1900 3811 1955 κόλα-

569 2018 743 2072 mum,
773 2003 1037 2073 probrum
1078 2003 1207 2059 illud
1238 2015 1293 2059 et
1320 2006 1553 2062 dedecus
1584 2008 1993 2076 sempiternum.
2026 2008 2151 2064 Haec

2265 2016 2359 2065 rw,
2392 2000 2483 2052 τὸν
2501 1997 2802 2068 ὀνειδισμὸν
2831 1998 3034 2049 ἐκεῖνον
3059 1996 3151 2049 καὶ
3178 1997 3276 2065 τὴν
3298 1993 3579 2065 αἰσχύνην
3597 1993 3693 2062 τὴν
3713 1988 3812 2044 αἰώ-

571 2093 722 2161 time,
749 2102 806 2148 et
840 2093 948 2149 hoc
974 2095 1168 2149 timore
1188 2096 1451 2163 eruditus,
1489 2098 1641 2166 quasi
1665 2097 1819 2153 freno
1856 2099 2087 2169 quodam
2121 2115 2150 2152 a

2265 2107 2384 2145 nov.
2412 2090 2596 2143 Ταῦτα
2634 2088 2803 2158 φοϐοῦ
2824 2104 2837 2118 ·
2880 2089 2975 2141 καὶ
3007 2087 3180 2158 τούτῳ
3210 2086 3288 2157 τῷ
3317 2085 3481 2156 φόϐῳ
3524 2084 3808 2153 παιδευόμε-

570 2184 753 2254 pravis
784 2184 1238 2253 concupiscentiis
1289 2194 1436 2241 tuam
1480 2188 1671 2244 cohibe
1706 2189 1964 2244 animam.
1998 2188 2152 2244 Hunc

2265 2201 2361 2247 νος,
2398 2183 2562 2237 οἱονεὶ
2596 2181 2797 2253 χαλινῷ
2825 2198 2931 2234 τινι
2964 2181 3239 2234 ἀνάκοπτε
3270 2180 3368 2251 τὴν
3397 2179 3586 2251 ψυχὴν
3612 2178 3713 2232 ἀπὸ
3734 2176 3809 2244 τῆς
3916 2232 3917 2254 ἧ

572 2276 784 2332 Domini
813 2275 1061 2331 timorem
1098 2276 1256 2347 152
1306 2278 1590 2333 doctorum
1626 2295 1686 2335 se
1731 2294 1829 2335 nos
1873 2292 2025 2350 pater
2063 2281 2154 2336 ille

2265 2275 2390 2347 πρὸς
2417 2274 2485 2328 τὰ
2515 2273 2694 2343 φαῦλα
2722 2273 3035 2342 ἐπιθυμίας.
3054 2271 3257 2325 Τοῦτον
3289 2270 3382 2324 τὸν
3410 2269 3584 2339 φόϐον
3617 2267 3704 2322 τοῦ
3727 2267 3808 2318 Κυ-

572 2370 860 2441 promisit;
918 2385 1028 2424 non
1074 2371 1549 2427 indiscriminatim
1583 2372 1799 2441 quidem
1841 2372 2151 2436 doctorum,

2265 2367 2371 2437 ρίου
2400 2365 2669 2419 διδάσκειν
2695 2366 2841 2437 ἡμᾶς
2865 2367 2894 2418 ὁ
2914 2364 3095 2435 πατὴρ
3123 2362 3525 2433 ἐπηγγείλατοο
3551 2360 3648 2431 οὐχ
3660 2356 3807 2417 ἁπλῶς

576 2461 670 2515 sed
703 2474 819 2528 eos,
843 2462 939 2531 qui
987 2462 1036 2517 ei
1078 2463 1388 2518 auscultare
1434 2463 1657 2531 volunt,
1688 2480 1793 2519 non
1846 2464 1936 2519 diu
1989 2465 2155 2521 colla-

2265 2457 2719 2524 5ιδάσκειν,·ἀλλά
2743 2459 2869 2521 τοὺς
2896 2457 3115 2512 ἀκούειν
3150 2453 3313 2509 αὑτοῦ
3346 2450 3802 2526 προαιρουμένους·

576 2566 724 2620 psos,
767 2553 863 2607 sed
896 2566 1015 2619 eos,
1051 2554 1142 2623 qui
1177 2561 1399 2623 propter
1442 2554 1633 2610 salutis
1681 2554 2010 2610 desiderium
2058 2570 2149 2610 ac-

2265 2549 2315 2601 ού
2351 2549 2478 2612 τοὺς
2511 2547 2729 2619 μακράν
2762 2546 3139 2609 ἀποπεσόντας
3164 2544 3262 2616 (6),
3301 2543 3445 2597 ἀλλὰ
3469 2545 3595 2605 τοὺς
3634 2541 3693 2593 δι’
3716 2540 3808 2590 ὲπι-

577 2650 840 2696 currunt:
869 2656 974 2696 non
1004 2652 1279 2697 extraneos
1308 2661 1339 2698 a
1359 2642 1700 2699 Testamentis
1723 2645 1788 2711 “,
1815 2646 1908 2700 sed
1932 2659 2046 2709 eos,
2065 2645 2156 2715 qui

2265 2640 2453 2712 θυμίαν
2485 2640 2578 2693 τοῦ
2609 2638 3297 2711 σωθῆναιπροστρέχοντας
3317 2653 3331 2666 ·
3361 2637 3427 2689 ού
3460 2634 3603 2698 τοὺς
3631 2630 3803 2696 ξένους

578 2749 646 2786 ex
693 2732 1017 2803 baptismate
1053 2734 1219 2789 verbo
1259 2735 1563 2805 adoptionis
1603 2736 1651 2790 ei
1687 2736 1959 2804 conjuncti
2010 2746 2154 2791 sunt.

2265 2733 2375 2786 τῶν
2402 2730 2727 2800 Διαθηκῶν,
2765 2731 2901 2785 ἀλλά
2934 2733 3059 2795 τοὺς
3104 2733 3168 2783 ὲκ
3198 2730 3291 2784 τοῦ
3321 2730 3699 2801 βαπτίσματος
3730 2723 3803 2790 τῆς

577 2824 891 2892 Propterea,
932 2826 1129 2897 inquit,
1168 2828 1380 2893 venite;
1414 2826 1517 2881 boc
1542 2834 1643 2891 est,
1681 2842 1778 2897 per
1819 2827 1957 2882 bona
1991 2841 2157 2895 opera

2265 2826 2530 2889 υἱοθεσίας
2570 2825 2970 2896 οἰκειουμένους
3004 2822 3083 2894 τῷ
3120 2823 3282 2894 λόγῳ.
3332 2823 3439 2877 Διὰ
3470 2820 3643 2883 τοῦτο,
3680 2814 3799 2885 φησὶν

579 2916 1004 2986 appropinquate
1035 2919 1103 2971 ad
1137 2932 1244 2986 me,
1280 2918 1397 2982 lilii,
1428 2916 1574 2988 digni
1607 2919 1775 2972 habiti
1803 2918 1895 2988 qui
1949 2932 2045 2987 per
2078 2932 2160 2971 re-

2265 2916 2411 2970 Βεῦτε
2428 2934 2441 2947 ·
2469 2916 2736 2979 τουτέστι,
2764 2914 2852 2969 διὰ
2872 2915 2978 2968 τῶν
3000 2912 3217 2982 ἀγαθῶν
3242 2912 3424 2983 ἔργων
3452 2906 3696 2979 ὲγγίσατέ
3717 2920 3801 2975 μοι,

580 3009 982 3077 generationem
1018 3009 1108 3063 lilii
1157 3008 1292 3063 lucis
1336 3011 1533 3065 essetis
1556 3010 1623 3064 ⁸⁸.
1654 3010 1871 3075 Audite,
1929 3026 2027 3066 vos
2065 3011 2158 3080 qui

2265 3011 2446 3071 τέκνα,
2502 3009 2609 3062 υἱοὶ
2658 3006 2836 3078 φωτὸς
2890 3006 3143 3075 γενέσθαι
3179 3005 3267 3060 διὰ
3290 3005 3392 3076 τῆς
3427 2993 3801 3071 παλιγγενεσίας

583 3114 745 3152 aures
772 3099 952 3152 cordis
987 3099 1198 3153 habetis
1232 3106 1480 3168 apertas;
1510 3100 1751 3155 timorem
1777 3100 1987 3155 Domini
2014 3104 2162 3155 doce-

2265 3099 2710 3166 καταξιωθέντες.
2769 3098 3083 3163 Ἀκούσατε,
3140 3098 3190 3151 oi
3231 3096 3453 3167 ἔχοντες
3498 3093 3567 3148 τά
3614 3086 3714 3145 ὦτα
3743 3086 3800 3199 ς)

584 3191 647 3245 bo
696 3207 781 3245 υοε
811 3207 831 3255 ;
860 3206 981 3245 eum
1026 3190 1278 3247 videlicet
1317 3206 1477 3261 quem
1528 3193 1680 3248 vobis
1716 3192 1996 3263 aliquanto
2034 3203 2160 3249 ante

2265 3196 2361 3265 τῆς
2412 3192 2637 3266 καρδίας
2701 3192 3062 3262 ἀνεῳγμένα⁸
3114 3190 3306 3244 Φόϐον
3348 3189 3578 3257 Κυρίου
3621 3178 3799 3242 διδάξω

583 3283 985 3353 descripsimus.

2265 3285 2449 3356 ὑμᾶς·
2497 3284 2706 3349 τοῦτον,
2743 3283 2802 3338 ὃν
2840 3284 3019 3355 μικρῷ
3060 3281 3295 3355 πρόσθεν
3335 3282 3364 3333 ὁ
3396 3280 3555 3351 λόγος
3583 3277 3699 3347 ὑμῖν
3723 3273 3799 3324 ὐπ-

2224 3398 2227 3405 ‘
2262 3384 2522 3456 έγραψεν.

2334 3477 2384 3532 9.
2435 3472 2530 3542 Τῒς
2578 3475 2738 3529 ἐστιν
2789 3472 3097 3540 ἅνθρωπος
3148 3473 3181 3525 ό
3234 3467 3430 3525 θέλων
3471 3466 3651 3532 ζωὴν,
3684 3460 3793 3529 ἆται

2264 3565 2396 3620 πῶν
2437 3564 2662 3635 ἡμέρας
2713 3562 2861 3617 ἰδεῖν
2891 3560 3160 3630 ἀγαθὰς;
3219 3559 3288 3613 Εἴ
3332 3576 3421 3623 τις
3472 3556 3631 3619 θέλει,
3678 3548 3795 3620 φησὶ,

2266 3656 2431 3728 ζωὴν,
2465 3657 2526 3710 οὐ
2576 3654 2677 3725 τὴν
2725 3651 2911 3723 κοινὴν
2949 3648 3151 3721 ταύτην
3186 3651 3251 3721 ἢν
3302 3649 3398 3703 καὶ
3432 3647 3503 3702 τά
3544 3646 3698 3712 ἄλογα
3730 3638 3795 3707 ζῇν

2264 3746 2402 3801 ἀλλά
2419 3746 2518 3818 τὴν
2540 3744 2709 3807 ὄντως
2739 3741 2881 3811 ζωὴν
2905 3740 3003 3811 τὴν
3046 3738 3262 3809 θανάτῳ
3294 3739 3368 3809 μὴ
3395 3730 3795 3818 διακοπτομένην.

2264 3839 2379 3892 Νῦν
2410 3815 2539 3908 γάρ,
2562 3835 2747 3905 φησιν,
2772 3831 3166 3900 ἀποθνήσκετε,
3202 3829 3313 3883 Καὶ
3344 3830 3383 3897 ἢ
3422 3825 3534 3892 ζωὴ
3561 3820 3710 3908 ἡμῶν
3729 3815 3790 3908 (si

2265 3904 2585 3999 κέκροπται
2612 3904 2734 3979 σὺν
2768 3922 2848 3988 τῷ
2871 3920 3104 3991 Χριστῷ
3125 3921 3195 3973 ἐν
3229 3919 3307 3985 τῷ
3329 3918 3483 3999 Θεῷ·
3520 3916 3657 3971 ὅταν
3687 3907 3742 3962 δὲ

2264 3992 2519 4091 Χριστὸς
2588 4012 2931 4087 φανερωθῇ,
2992 4015 3031 4081 ἠ
3101 4010 3212 4079 ζωὴ
3271 3998 3477 4080 ἡμῶν,
3547 4006 3688 4098 τότε-
3721 3992 3794 4098 xiii

2263 4111 2434 4182 ὑμεῖς
2460 4109 2584 4164 σὺν
2610 4105 2771 4172 αὺτῷ
2799 4102 3300 4175 φανερωθήσεσθε
3338 4102 3409 4156 ἐν
3434 4099 3598 4169 δόξῃ.
3631 4094 3796 4187 Otia-toil}

2266 4204 2362 4258 καὶ
2394 4204 2427 4273 ἡ
2455 4201 2621 4263 ὅντως
2651 4196 2764 4269 ζωὴ
2791 4198 2820 4250 ὁ
2847 4194 3102 4267 Χριστὸς,
3132 4194 3227 4248 καὶ
3254 4195 3287 4262 ὴ
3323 4191 3566 4264 ἡμετέρα
3593 4190 3643 4240 ὲν
3669 4182 3788 4273 αὐτῷ

655 3462 711 3518 9.
748 3462 909 3518 Vens.
940 3462 1027 3517 15.
1058 3460 1188 3528 Qui:
1215 3471 1289 3517 est
1312 3463 1467 3516 homo
1493 3461 1581 3533 qui
1606 3460 1711 3517 vult
1739 3463 1919 3528 vitam,
1938 3462 2160 3533 diligens

584 3555 697 3609 dies
725 3555 899 3608 videre
925 3554 1130 3607 bonos?
1161 3552 1217 3607 Si
1250 3554 1395 3624 quis,
1428 3554 1626 3622 inquit,
1678 3553 1793 3608 vult
1830 3555 2021 3619 vitam,
2055 3572 2160 3610 non

585 3660 930 3700 communem
964 3644 1128 3711 hanc,
1186 3635 1350 3715 quam
1379 3653 1436 3699 et
1462 3644 1621 3699 bruta
1650 3644 1860 3711 vivunt,
1909 3646 2004 3698 sed
2041 3659 2159 3699 eam

587 3752 711 3809 qua:
741 3751 868 3792 vere
914 3736 1024 3791 vita
1073 3745 1179 3801 est,
1230 3746 1286 3791 et
1320 3746 1495 3791 morte
1532 3752 1638 3791 non
1688 3737 1981 3791 dirimitur.
2010 3737 2165 3793 Nunc

585 3829 755 3894 enim,
776 3828 970 3896 inquit,
994 3828 1287 3895 ntorimini,
1311 3827 1379 3882 Et
1409 3829 1516 3883 vita
1540 3839 1720 3882 nostra
1751 3839 1824 3882 est
1853 3829 2164 3883 abscondita

588 3936 709 3973 cum
739 3918 948 3975 Christo
975 3921 1029 3973 in
1055 3919 1197 3975 Deo:
1241 3937 1360 3975 cum
1386 3936 1504 3976 vero
1532 3919 1776 3976 Christus
1817 3923 2120 3989 apparuerit
2146 3960 2161 3986 ,

587 4012 693 4063 vita
729 4019 911 4063 nostra
931 4050 948 4077 ,
985 4019 1109 4064 tunc
1137 4021 1184 4065 et
1214 4026 1304 4065 vos
1335 4010 1654 4079 apparebitis
1689 4026 1804 4063 cum
1822 4011 1936 4077 ipso
1971 4013 2024 4063 in
2053 4010 2165 4080 glo-

590 4103 673 4155 ria
704 4100 768 4156 “.
802 4100 971 4171 Igitur
1024 4116 1155 4155 vere
1197 4103 1307 4156 vita
1362 4111 1448 4156 est
1481 4101 1752 4163 Christus,
1785 4113 1839 4155 et
1889 4112 2075 4156 nostra
2110 4103 2162 4157 in

592 4193 713 4259 ipso
758 4191 1107 4246 conversatio
1136 4192 1250 4245 vita
1282 4205 1413 4245 vera
1455 4199 1560 4245 est.
1590 4189 1854 4243 Similiter
1889 4201 2068 4245 autem
2110 4199 2165 4247 et

599 4284 718 4339 dies
767 4283 858 4338 alii
898 4293 1026 4338 sunt
1057 4284 1208 4349 boni,
1243 4298 1379 4354 quos
1429 4283 1484 4338 in
1516 4284 1875 4353 promissione
1911 4287 2163 4354 proponit

2265 4269 2508 4364 διαγωγὴ
2541 4290 2651 4361 ζωή
2683 4292 2831 4343 ἐστιν
2859 4286 3107 4359 ἀληθινή.
3149 4286 3381 4356 Ὁμοίως
3414 4285 3473 4338 δὲ
3500 4282 3589 4337 καὶ.
3616 4279 3666 4332 αἱ
3686 4269 3789 4343 ἠμέ-

589 4375 879 4447 Propheta.
899 4375 1030 4443 Quis
1055 4386 1131 4431 est
1157 4381 1313 4430 homo
1339 4378 1427 4448 qui
1458 4376 1565 4430 vult
1592 4376 1770 4438 vitam.
1803 4376 2027 4447 diligens
2055 4377 2163 4432 dies

2272 4404 2361 4457 ραι
2385 4383 2538 4437 ἄλλαι
2559 4382 2696 4435 εἰσὶν
2724 4379 2927 4449 ἀγαθαὶ
2951 4418 2964 4443 ,
2994 4379 3060 4442 ἃς
3092 4381 3149 4432 ὲν
3178 4376 3484 4448 ἐπαγγελίᾳ
3521 4366 3795 4457 προτίθησιν

591 4470 768 4524 videre
805 4468 1005 4524 bonos?
1038 4468 1162 4525 Dies
1190 4470 1334 4523 enim
1382 4469 1544 4537 hujus
1584 4468 1793 4535 saeculi,
1836 4468 1961 4524 mali
1991 4476 2159 4523 sunt:

2265 4452 2636 4547 όΠροφήτηςζ
2674 4474 2770 4538 Τίς
2812 4472 2983 4526 ἐστιν
3022 4468 3331 4536 ἅνθρωπος
3368 4471 3400 4521 ό
3445 4464 3624 4522 θέλων
3658 4452 3791 4547 (uitri

592 4560 861 4631 siquidem
889 4571 946 4616 et
971 4561 1073 4617 hoc
1101 4561 1382 4628 saeculum,
1415 4576 1670 4615 mensura
1702 4575 1823 4614 cum
1856 4560 1925 4615 sit
1956 4560 2162 4625 mundi,

2273 4545 2523 4638 άγάπῶν
2563 4564 2791 4635 ἡμέρας
2827 4562 2976 4617 ἰδεῖν
2997 4560 3263 4632 ἀγαθάς;
3309 4560 3374 4612 Αἱ
3407 4558 3513 4628 γὰρ
3535 4552 3621 4609 τοῦ
3641 4545 3792 4638 αίῶνος

593 4630 799 4723 dequo
830 4653 1032 4708 dictum
1086 4663 1170 4708 est
1201 4672 1216 4708 :
1260 4652 1492 4707 Mundus
1527 4662 1665 4706 totus
1724 4654 1777 4705 in
1811 4653 2041 4722 maligno
2069 4669 2163 4720 po-

2274 4630 2462 4716 τούτου
2490 4630 2719 4730 ὴμέῥαὶ.
2745 4654 3015 4728 πονηραὶ,
3048 4630 3253 4723 ἐπειδὴ
3296 4651 3389 4705 καὶ
3425 4654 3454 4704 ὁ
3496 4646 3619 4702 αίὼν
3655 4630 3792 4694 οὗτος,

593 4746 730 4800 situs
760 4755 837 4800 est
866 4745 910 4777 "
939 4786 954 4812 ,
994 4754 1202 4800 natura:
1233 4745 1440 4809 mundi,
1474 4759 1635 4814 quem
1670 4745 1953 4798 dimetitur
1975 4784 1991 4809 ,
2032 4743 2166 4798 assi-

596 4837 838 4891 milatur.
874 4836 938 4891 ili
966 4848 1147 4892 autem
1175 4838 1290 4892 dies
1321 4848 1504 4907 partes
1538 4844 1671 4892 sunt
1700 4837 1859 4906 hujus
1883 4837 2164 4905 temporis.

596 4929 938 4999 Quapmpter
980 4929 1112 4984 dicit
1161 4929 1498 4999 Apostolus:
1554 4927 1885 4982 Redimentes
1944 4937 2168 4996 tempus,

594 5021 846 5090 quoniam
899 5020 1012 5074 dies
1060 5022 1188 5075 ntali
1228 5030 1349 5075 sunt
1404 5021 1470 5073 ⁸⁸.
1502 5020 1744 5088 Itemque
1771 5017 1936 5075 Jacob
1969 5040 1982 5074 :
2023 5019 2167 5086 Dies,

598 5114 794 5181 inquit,
822 5129 1079 5166 annorum
1107 5130 1336 5167 meorum
1388 5113 1545 5180 pauci
1572 5122 1621 5166 ει
1649 5105 1777 5163 mali
1810 5120 1933 5166 sunt
1964 5112 2030 5166 ⁶⁹.
2056 5112 2165 5165 Ita-

672 5250 717 5282 “
748 5247 942 5339 Ep‘l‘tes.
975 5264 1037 5315 ιι,
1062 5248 1147 5301 12.
1225 5248 1268 5280 ⁸⁵
1301 5246 1318 5300 l
1348 5245 1540 5302 Thess.
1575 5261 1626 5311 ν,
1666 5244 1720 5298 5.
1812 5244 1869 5295 .“
1899 5243 2104 5299 Coloss.
2137 5260 2218 5309 ιιι,
2247 5244 2298 5309 5,
2332 5245 2393 5339 4.,

604 5334 777 5387 XLV",
819 5318 853 5373 9

675 5477 752 5546 (6)
800 5477 947 5542 Τοὺς
964 5472 1208 5546 paxpax
1226 5471 1683 5537 ἀποπεσόντας,
1725 5478 1875 5525 verte
1910 5486 1927 5525 :
1969 5486 2056 5524 eos
2094 5469 2183 5539 qui

605 5543 787 5614 procul
826 5543 1135 5614 lapsisunt.
1165 5543 1375 5598 MAMN.

679 5617 755 5685 (7)
787 5617 857 5670 Ita
884 5603 1043 5677 'mss.,
1078 5630 1182 5668 non
1209 5615 1384 5685 pauci.
1418 5612 1558 5669 Editi
1581 5612 1792 5682 ἔχοντες
1816 5603 1953 5664 ὦτα.
1976 5609 2179 5663 Ibidem

609 5685 758 5740 Coll).
794 5687 997 5751 primus
1027 5684 1365 5755 ἠνειῳγμένσιζ

682 5757 756 5827 (8)
781 5750 874 5812 Sic
912 5750 1060 5812 nissi
1080 5750 1319 5811 et'eil'itio
1338 5752 1502 5811 Basil.
1535 5768 1654 5809 cum
1682 5751 1897 5821 vulgato
1920 5750 2167 5821 Scriptu-

2273 4755 2367 4808 τοῦ
2416 4753 2621 4823 κόσμου
2656 4752 2852 4822 μέτρον
2885 4750 3181 4821 ὑπάρχων,
3221 4748 3349 4818 περὶ
3391 4739 3451 4799 οὗ
3485 4742 3696 4810 εἴρηται,
3730 4730 3790 4827 ὅξι

2286 4847 2338 4898 '0
2355 4846 2581 4913 κόσμος
2605 4842 2749 4906 ὅλος
2773 4842 2843 4895 ἐν
2860 4839 2941 4905 τῷ
2968 4836 3209 4907 πονηρῷ
3227 4836 3432 4899 κεῖται,
3457 4834 3791 4918 συναφομοιουχ

2273 4953 2364 4990 ται
2394 4936 2460 5005 τῇ
2511 4933 2668 5003 φύσει
2695 4930 2791 4985 τοῦ
2824 4931 3030 5000 κόσμου
3055 4929 3114 4982 ὃν
3137 4930 3412 5000 ὲκμετρεῖ.
3455 4925 3598 4994 Μέρη
3637 4916 3685 4970 δὲ

2278 4994 2469 5095 χρόνού
2509 4994 2699 5076 τούτου
2739 5022 2794 5075 al
2841 4994 3047 5091 ἡμέραι
3082 4994 3261 5071 αὗται.
3310 4994 3408 5070 Ᾰιὰ
3438 5011 3583 5069 τοῦτό
3613 4994 3791 5095 qua”?

2286 5083 2634 5174 λλπόστολοςο
2679 5083 3190 5179 Ἐξαγορα-ζόμενοι
3232 5106 3340 5160 τὸν
3388 5103 3604 5172 καιρὸν,
3640 5092 3713 5146 ὅτι
3745 5083 3792 5137 αλ

2490 5244 2533 5275 ⁸⁷
2570 5240 2767 5297 lJoan.
2806 5256 2862 5306 ν,
2889 5238 2977 5294 l9.
3093 5237 3137 5269 ⁸⁸
3164 5235 3364 5307 Ephes.
3393 5251 3446 5304 v,
3471 5232 3551 5288 l6.
3619 5222 3657 5256 "
3682 5215 3787 5274 6⁸η·

2289 5485 2369 5542 rae
2387 5479 2551 5542 textu.
2583 5467 2760 5522 Editio
2790 5465 2996 5542 Paris._
3027 5462 3347 5542 ζωὴ-ὑμῷνι
3396 5460 3490 5542 illa
3520 5433 3784 5542 (ιυὲξῇζζξῗ

2287 5540 2732 5626 ‘""3'?8“1'}l"°
2766 5532 3780 5626 maritmisfitiififfﬁ‘ff’il‘i

2288 5588 2732 5680 362p:
2981 5588 3198 5680 quidem
3241 5605 3295 5658 in
3323 5588 3752 5680 quatuotilﬂssii“

2287 5682 2632 5753 reperiuntur
2673 5673 2741 5737 ’ἰιι
2778 5677 2896 5735 aliis
2926 5675 3150 5749 perinde
3169 5684 3333 5745 atque
3363 5673 3415 5728 iu
3440 5673 3602 5727 editis.
