4048 6220
271 366 385 424 575

1404 362 1695 419 HOMILIA
1733 362 1801 418 ΙΝ
1843 362 2178 422 PSALMUM
2217 364 2467 420 XXXIII.'

3428 365 3533 419 574

273 491 493 562 ἡμέραι
522 490 778 557 πονηραί
801 491 939 543 εἱσι.
972 490 1083 542 Καὶ
1108 492 1136 543 6
1176 488 1371 543 Ἰακὼϐ
1399 489 1455 542 δὲ
1491 488 1588 560 (9),
1620 494 1691 543 Αι
1722 488 1864 557 ἡμέ-

1980 504 2073 559 que
2102 502 2243 542 nunc
2266 487 2318 542 in
2352 488 2463 541 vita
2502 502 2609 541 non
2637 500 2847 554 sumus,
2882 486 2976 542 sed
3022 486 3075 541 in
3105 494 3296 541 morte.
3332 483 3536 539 ldcirco

272 599 398 651 ραι,
437 581 593 651 φησὶ,
616 579 732 632 τῶν⁴
752 578 901 633 ἑτῶν
915 597 1035 649 μου
1061 580 1263 649 μικραὶ
1290 579 1388 632 καὶ
1412 580 1689 648 πονηραί.
1721 579 1864 632 Οὐκ-

278 671 378 727 οῦν
445 673 539 726 νῦν
591 672 690 743 μὲν
724 672 823 725 οὐκ
857 672 1022 742 ἐσμὲν
1060 673 1119 723 ὲν
1174 670 1317 742 ζωῇ,
1366 671 1482 725 ἀλλ’
1522 673 1580 724 ὲν
1624 671 1860 741 θανάτῳ.

279 762 375 815 Διὸ
399 763 497 816 καὶ
527 760 727 832 ηὔχετο
746 763 775 814 6
803 761 1144 824 Ἀπόστολος,
1168 761 1373 829 λέγων·
1410 763 1506 826 Τίς
1519 778 1596 831 με
1613 762 1866 830 ῥύσεται

278 851 353 904 ἐκ
396 852 503 905 τοῦ
547 849 820 920 σώματος
863 851 969 904 τοῦ
1004 849 1261 904 θανάτου
1296 852 1546 914 τούτου;
1596 851 1763 923 Ἀλλη
1808 851 1865 904 δέ

280 943 369 1005 τίς
393 945 509 995 ὲστι
537 942 671 1014 ζωὴ,
714 944 849 1017 πρὸς
883 944 951 1015 ἢν
989 943 1143 997 καλεῖ
1175 945 1322 1014 ἡμᾶς
1358 946 1387 997 6
1417 944 1606 1012 λόγος⁸
1643 943 1739 997 καὶ
1770 942 1865 997 νῦν

286 1034 388 1104 μὲν
426 1035 481 1085 αἱ
524 1033 726 1104 ἡμέραι
758 1033 915 1105 ἡμῶν
960 1034 1215 1105 πονηραὶ,
1255 1035 1410 1089 ἄλλαι
1448 1034 1506 1088 δέ
1544 1035 1687 1097 τινές
1730 1036 1866 1087 εἰσιν

281 1124 509 1193 ἀγαθαὶ,
544 1124 610 1188 ἃς
635 1124 733 1189 νὺξ
779 1127 839 1178 οὐ
882 1126 1163 1180 διακόπτει
1184 1145 1196 1158 ·
1239 1126 1391 1179 ἔσται
1422 1126 1532 1196 γὰρ
1556 1127 1584 1178 6
1611 1124 1741 1188 Θεὸς
1770 1125 1868 1177 αὑ-

284 1216 396 1269 τῶν
421 1215 536 1286 φῶς
564 1215 778 1270 αἰώνιον
799 1257 813 1280 ,
846 1216 1217 1288 καταλάμπων
1255 1217 1427 1281 αὐτὰς
1474 1217 1552 1288 τῷ
1583 1217 1723 1286 φωτὶ
1768 1217 1867 1287 τῆς

286 1307 484 1361 ἑαυτοῦ
510 1309 688 1380 δόξης.
724 1310 816 1380 Μὴ
844 1310 1042 1377 τοίνυν,
1073 1311 1203 1363 ὅταν
1227 1309 1469 1382 ἀκούσῃς
1486 1308 1713 1380 ⁴ἡμερῶν
1733 1309 1869 1376 ἀγα-ί

289 1402 421 1465 θῶν,
454 1402 552 1473 τήν
589 1402 822 1456 ἐνταῦθά
863 1420 945 1456 σοι
980 1403 1208 1474 νομίσῃς
1260 1402 1404 1473 ζωὴν
1433 1406 1488 1455 ὲν
1518 1400 1870 1470 ἐπαγγελίαις

290 1492 634 1566 προκεῖσθαι.
673 1493 915 1567 Φθαρτα).
947 1495 1056 1565 γάρ
1077 1497 1215 1549 είσιν
1247 1488 1429 1559 αὗται,
1466 1493 1532 1557 ἀς
1555 1495 1583 1546 6
1617 1491 1870 1562 αἰσθητὸς

287 1585 440 1657 ἥλιος
477 1584 878 1655 ἀπεργάζεται·
924 1588 1076 1641 οὐδὲν
1129 1587 1188 1641 δὲ
1242 1586 1479 1659 φθαρτὸν
1527 1583 1872 1658 ἁρμοζόντως

291 1682 358 1736 ἂν
385 1681 555 1754 δῶρον
581 1681 790 1749 γένοιτο
826 1677 904 1749 τῷ
952 1678 1232 1750 ἀφθάρτῳ.
1282 1679 1347 1730 Et
1387 1677 1496 1747 γάρ
1530 1674 1806 1746 ἄφθαρτος
1836 1674 1870 1745 ή

288 1774 456 1845 ψυχὴ,
487 1775 739 1846 ἄφθαρτα
763 1773 932 1843 αὐτῆς
972 1772 1065 1825 καὶ
1101 1769 1171 1823 τὰ
1195 1770 1530 1841 χαρίσματα.
1580 1766 1692 1820 Καὶ
1718 1769 1872 1832 Παρ-

260 1864 424 1934 ιάγει
470 1863 538 1917 τὸ
584 1863 796 1934 σχῆμα
841 1862 947 1916 τοῦ
992 1862 1222 1930 κόσμου
1246 1859 1480 1912 τούτου.
1514 1856 1575 1908 Εἰ
1618 1855 1676 1907 δὲ
1716 1853 1872 1906 σκιάν

290 1955 405 2025 ἔχει
433 1957 461 2009 6
489 1956 653 2026 νόμος
683 1954 791 2007 τῶν
836 1952 1136 2025 μελλόντων
1175 1948 1394 2018 ἀγαθῶν
1416 1988 1432 2012 ,
1475 1948 1585 2001 νόει
1632 1943 1722 2016 μοί
1752 1961 1872 1997 τινα

291 2044 546 2099 Σάϐϐατα
574 2042 854 2115 τρυφερὰ,
892 2041 1024 2109 ἆγια
1045 2079 1059 2106 ,
1089 2042 1154 2094 ὲκ
1193 2039 1303 2093 τῶν
1347 2037 1580 2090 αἰωνίων
1624 2031 1871 2105 ἡμερῶν,

291 2136 605 2208 νεομηνίας,
650 2134 873 2207 ἑορτάςο
910 2133 1005 2187 καὶ
1043 2132 1151 2186 νόει
1179 2149 1269 2203 μοι
1310 2129 1475 2196 ἀξίως
1508 2127 1602 2181 τοῦ
1637 2141 1876 2195 πνευμα-

292 2228 448 2283 τικοῦ
480 2230 669 2299 νόμου.
714 2228 965 2281 Παῦσον
997 2224 1112 2293 τὴν
1148 2220 1440 2295 γλῶσσάν
1470 2236 1584 2274 σου
1621 2216 1740 2272 ἀπὸ
1768 2233 1875 2270 κα-

292 2320 426 2385 κοῦ,
470 2321 568 2374 καὶ
608 2320 784 2391 χείλη
820 2334 937 2374 σου
982 2318 1090 2373 τοῦ
1128 2318 1213 2387 μὴ
1250 2312 1518 2383 λαλῆσαι
1558 2310 1763 2365 δόλον.
1812 2310 1875 2361 Εί

296 2412 474 2484 βούλει
512 2415 570 2466 ὲν
616 2414 738 2475 ταῖς
775 2410 1010 2482 ἡμέραις
1054 2408 1305 2476 γενέσθαι
1351 2408 1470 2468 ταῖς
1521 2402 1786 2484 ἀγαθαῖς,
1826 2400 1876 2452 εί

292 2481 513 2574 ἀγαπᾷς
528 2501 625 2570 τὴν
647 2481 1063 2573 ζωὴν,ποίησον
1083 2500 1183 2569 τὴν
1212 2496 1431 2568 ἐντολὴν
1452 2481 1716 2563 τῆς’ζωῆς
1742 2488 1871 2562 (10).

307 2595 361 2646 Ὁ
421 2595 528 2665 γὰρ
568 2593 817 2664 ἀγαπῶν
872 2609 988 2662 με,
1057 2591 1231 2662 φησὶ,
1284 2587 1391 2652 τὰς
1448 2581 1702 2665 ἐντολάς
1757 2598 1877 2650 μου

294 2662 563 2753 τηρήσει.
595 2662 793 2757 Πρώτη
827 2685 884 2738 δὲ
914 2683 1102 2754 ἐντολὴ
1135 2682 1193 2735 τὸ
1215 2722 1229 2746 ,
1259 2677 1466 2733 παῦσαι
1505 2675 1601 2747 τὴν
1629 2662 1877 2742 γλῶσσαν

296 2776 405 2831 ἀπὸ
432 2777 627 2842 κακοῦ,
659 2778 754 2830 καὶ
796 2776 948 2847 χείλη
980 2773 1075 2828 τοῦ
1110 2772 1183 2845 μὴ
1216 2770 1444 2841 λαλῆσαι
1477 2767 1643 2820 δόλον.
1688 2764 1878 2835 Σχεδὸν

296 2867 463 2939 γὰρὴ
498 2868 894 2940 προχειροτάτη
926 2866 1022 2919 καὶ
1063 2863 1400 2934 πολύτροπος
1431 2855 1674 2928 ἁμαρτία
1715 2856 1748 2924 ή
1792 2852 1879 2906 διὰ

296 2960 549 3032 γλώσσης
615 2960 765 3014 ἐστὶν
831 2956 1220 3029 ἐνεργουμένη.
1303 2950 1625 3023 Ὠργίσθης;
1691 2947 1786 3000 καὶ
1845 2948 1878 3016 ἡ

296 3054 517 3118 γλῶσσα
538 3051 848 3126 προτρέχει.
889 3051 977 3105 Ἐν
1000 3046 1318 3117 ἐπιθυμίαις
1339 3040 1391 3097 εἷ
1415 3060 1429 3110 ;
1463 3042 1556 3095 καὶ
1581 3040 1679 3111 τὴν
1706 3037 1882 3107 γλῶσ-

300 3162 397 3200 σαν
441 3144 585 3216 ἔχεις
627 3143 732 3215 πρὸ
776 3143 996 3197 πάντων
1051 3138 1211 3195 οἱονεί
1249 3154 1373 3190 τινα
1410 3129 1739 3204 μαστρωπδν
1787 3127 1881 3181 καὶ
1908 3174 1951 3234 C

300 3238 646 3312 προαγωγὸν,
699 3229 1326 3307 συγκαταπρασσομένην
1357 3229 1425 3298 τῇ
1454 3222 1719 3312 ἁμαρτία,
1748 3219 1881 3273 καθ-

301 3329 732 3401 υποκρινομένην
790 3327 903 3397 ('11)
969 3323 1094 3386 τοὺς
1140 3319 1386 3390 πλησίον.
1440 3315 1551 3369 Καὶ
1590 3311 1754 3365 ὅπλον
1799 3325 1880 3361 σοι

302 3400 455 3493 πρὸς
482 3421 581 3490 τὴν
622 3419 834 3473 ἀδικίαν
870 3419 904 3489 ἡ
952 3416 1201 3486 γλῶσσα,
1256 3410 1331 3483 μὴ
1388 3406 1460 3461 τὰ
1506 3404 1616 3461 ἀπὸ
1657 3400 1883 3493 καρδίας

299 3492 670 3583 φθεγγομένη,
698 3510 832 3563 ἀλλὰ
873 3510 942 3562 τά
968 3507 1105 3579 πρὸς
1129 3503 1344 3573 ἀπάτην
1370 3497 1740 3571 προφέρουσα.
1774 3492 1884 3544 Καὶ

299 3604 353 3657 τί
397 3603 477 3655 δεῖ
508 3604 684 3655 πάντα
714 3600 793 3672 τῷ
839 3599 982 3669 λόγῳ
1032 3595 1304 3662 ἐπεξιέναι
1353 3591 1462 3644 τῶν
1502 3586 1590 3641 διὰ
1634 3584 1885 3672 γλώσσης

298 3667 800 3763 ἁμαρτανομένων-ς
853 3667 1217 3756 Πεπλήρωται
1246 3679 1402 3752 ήμῶν
1433 3678 1462 3730 6
1493 3675 1607 3747 βίος
1638 3670 1747 3763 τῶν
1775 3667 1886 3721 ἀπὸ

299 3762 554 3849 γλώσσης
592 3778 949 3849 πταισμάτων
1001 3775 1133 3845 (η).
1187 3766 1570 3843 Αίσχρολογία,
1622 3762 1885 3831 εὐτραπε-

301 3871 412 3937 λία,
461 3870 789 3944 μωρολογία,
833 3869 902 3922 τὰ
935 3868 1036 3920 οὐκ
1080 3867 1372 3936 ἀνήκοντα,
1416 3849 1884 3944 καταλαλιαὶηλό-

300 3979 398 4031 γος
445 3939 633 4032 άργδς,
685 3960 963 4032 ἐπιορκίαι
1001 3957 1141 4029 (15),
1170 3946 1658 4025 ψευδομαρτυρίαι,
1709 3939 1887 4032 πάντα

302 4031 577 4107 ταῦταῗτά
607 4051 775 4117 κακὰ,
815 4031 914 4107 καὶ
948 4050 1029 4104 ἔτι
1057 4048 1226 4102 πλείω
1252 4044 1475 4105 τούτων,
1504 4038 1602 4109 τῆς
1634 4031 1886 4103 γλώσσης

306 4145 424 4197 ἐστὶ
474 4144 953 4216 δημιουργήματα.
1012 4144 1075 4196 Oi
1133 4140 1190 4194 δὲ
1240 4137 1546 4204 ἀνοίγοντες
1597 4127 1659 4181 τὸ
1696 4122 1887 4216 ,στόμα

308 4237 448 4291 κατά
503 4212 600 4308 της
836 4235 929 4289 τοῦ
959 4232 1125 4296 Θεοῦ,
1163 4233 1256 4285 καὶ
1300 4225 1515 4282 ἀδικίαν
1551 4222 1629 4282 είς
1660 4212 1887 4309 τὸῌῦψος

305 4305 617 4395 λαλοῦντες,
644 4305 785 4399 ἄλλω
810 4329 917 4380 τινὶ
946 4326 1044 4398 τὴν
1107 4322 1359 4377 ἀσέϐειαν
1404 4316 1499 4371 καὶ
1535 4311 1656 4381 οὐχὶ
1682 4305 1761 4377 τῷ
1793 4305 1887 4399 6-p-

311 4421 463 4491 γάνῳ
485 4421 584 4491 τῆς
609 4394 859 4490 γλώσσης
882 4394 1203 4490 ἐργάζονται
1225 4432 1240 4481 ;
1268 4410 1486 4480 Ἐπειδὴ
1516 4402 1609 4462 οὖν
1645 4403 1741 4454 Ἐκ
1768 4394 1888 4449 τῶν

310 4514 509 4582 λόγων
543 4529 658 4565 σου
695 4510 1060 4577 δικαιωθήσῃ
1085 4548 1100 4573 ,
1145 4507 1243 4560 καὶ
1283 4507 1351 4559 ἐκ
1391 4500 1512 4557 τῶν
1545 4498 1742 4567 λόγων
1772 4502 1887 4543 σου

313 4602 745 4673 κατακριθήσῃ,
786 4600 991 4655 παῦσον
1023 4600 1119 4671 τὴν
1145 4596 1395 4667 γλῶσσάν
1425 4611 1517 4647 σου
1544 4590 1652 4646 ἀπὸ
1685 4584 1879 4647 κακοῦ,

312 4696 405 4750 καὶ
444 4695 519 4766 μὴ
548 4697 849 4766 ἐνεργήσῃς
876 4693 1293 4764 θησαυρίσματα
1316 4687 1536 4757 γλώσσῃ
1561 4684 1746 4753 ψευδεῖ
1781 4678 1885 4750 μά-

311 4805 459 4843 ταια.
504 4787 719 4842 Παῦσον
762 4786 820 4839 δὲ
868 4785 960 4839 καὶ
992 4784 1061 4837 τὰ
1100 4782 1252 4854 χείλη
1293 4797 1384 4833 σου
1411 4778 1503 4831 τοῦ
1549 4776 1623 4847 μὴ
1662 4774 1888 4845 λαλῆσαι

310 4880 477 4934 δόλον·
520 4879 647 4934 ἀντϊ
671 4876 963 4943 τοῦ,⁶’ολον
983 4876 1044 4928 τὸ
1073 4874 1302 4946 ὄργανον
1330 4871 1389 4925 τὸ
1417 4869 1552 4942 πρὸς
1581 4868 1680 4940 τὴν
1707 4869 1884 4922 διακο⁴

1969 583 2134 636 etiam
2165 582 2360 635 orabat
2387 581 2699 649 Apostolus,
2731 581 2916 635 dicens
2947 600 2959 634 :
3018 580 3149 646 Quis
3195 596 3274 634 me
3295 578 3536 632 liberabit

1966 680 2033 727 de
2067 690 2288 743 corpore
2312 675 2494 727 mortis
2519 673 2678 742 hujus
2702 673 2788 726 7°?
2814 673 2931 725 Alia
2953 683 3129 726 autem
3156 672 3399 740 quaedam
3428 670 3538 723 vita

1966 772 2075 830 est,
2102 765 2170 817 ad
2199 778 2363 832 quam
2388 772 2581 815 vocant
2606 777 2707 817 nos
2741 762 2930 816 isthaac
2953 760 3150 824 verba;
3176 770 3230 813 et
3259 774 3404 813 nunc
3427 759 3541 827 qui-

1967 854 2088 907 dem
2146 853 2263 908 dies
2323 853 2493 907 nostri
2536 851 2660 904 mali
2695 849 2970 917 sunt,alii
2996 865 3125 904 vero
3155 850 3372 918 quidam
3414 857 3542 902 sunt

1968 947 2118 1010 boni,
2159 960 2295 1014 quos
2319 960 2424 999 nox
2455 959 2563 998 non
2604 943 2896 997 intercidit.
2920 942 3036 996 Erit
3058 943 3202 996 enim
3228 941 3369 995 Deus
3396 939 3542 1009 ipso-

1970 1054 2089 1092 rum
2119 1038 2208 1091 lux
2237 1037 2591 1105 sempiterna,
2624 1049 2716 1090 eos
2744 1035 2929 1103 gloriae
2953 1049 3065 1089 suae
3093 1033 3210 1088 luce
3240 1032 3540 1086 illustrans.

1971 1127 2049 1182 Ne
2076 1128 2242 1198 igitur
2275 1142 2398 1181 cum
2440 1125 2679 1179 audieris
2724 1124 2840 1178 dies
2881 1123 3077 1186 bonos,
3116 1128 3440 1188 praesentem
3465 1116 3543 1171 is-

1972 1233 2080 1275 tam
2107 1222 2273 1275 vitam
2297 1218 2581 1273 existimes
2606 1217 2702 1271 tibi
2734 1215 2958 1285 proponi
2986 1215 3040 1268 in
3064 1211 3537 1282 promissionibus.

1974 1312 2108 1366 Nam
2133 1326 2270 1380 quos
2299 1311 2417 1364 dies
2433 1309 2512 1363 sol
2539 1306 2812 1363 sensibilis
2841 1305 3068 1376 peragit,
3106 1305 3141 1357 ii
3166 1310 3290 1357 sunt
3314 1301 3540 1356 caduci:

1973 1403 2109 1459 nihil
2145 1412 2325 1456 autem
2355 1401 2621 1456 caducum
2667 1398 2863 1469 poterit
2903 1411 3025 1452 esse
3076 1395 3405 1449 conveniens
3447 1394 3546 1447 do-

1972 1512 2101 1551 num
2131 1492 2500 1563 corruptionis
2534 1491 2761 1560 experti.
2791 1488 3004 1543 Etenim
3055 1488 3099 1541 si
3142 1485 3319 1539 anima
3354 1498 3545 1539 corru-

1973 1587 2142 1657 ptioni
2202 1596 2546 1653 nequaquam
2591 1577 2827 1636 obnoxia
2871 1587 2991 1641 est,
3031 1590 3132 1630 nec
3160 1574 3323 1629 etiam
3361 1586 3547 1627 corru-

1974 1677 2145 1747 ptioni
2183 1673 2418 1730 obnoxia
2450 1670 2654 1725 fuerint
2690 1670 2856 1737 ipsius
2890 1668 3049 1722 dona.
3091 1664 3338 1719 Prwterit
3368 1672 3544 1716 autem

1975 1770 2148 1840 ﬁgura
2176 1768 2335 1838 hujus
2370 1765 2558 1819 mundi
2593 1764 2660 1817 '“.
2698 1761 2848 1828 Quod
2886 1760 2930 1814 si
2968 1759 3054 1814 lex
3085 1756 3334 1811 umbram
3384 1754 3549 1810 habet

1977 1858 2280 1913 futurorum
2326 1857 2589 1910 bonorum
2615 1854 2661 1885 ’τ’
2684 1894 2699 1918 ,
2728 1851 2951 1922 eﬂingas
2980 1848 3139 1903 velim
3176 1846 3356 1900 animo
3407 1845 3550 1899 Sab-

1975 1951 2097 2006 bata
2134 1950 2377 2019 quaedam
2427 1946 2684 2015 jucunda,
2742 1952 2951 2007 sancta,
2991 1957 3058 1994 ex
3106 1939 3324 1994 aeternis
3358 1935 3549 1991 diebus

1976 2043 2232 2109 conﬂata,
2265 2049 2553 2095 nascentes
2575 2036 2756 2101 lunas,
2787 2036 2919 2090 festa
2956 2053 2971 2089 :
3007 2034 3101 2088 sed
3147 2031 3386 2097 intelligo
3430 2030 3503 2082 ita
3531 2064 3547 2091 ,

1976 2147 2036 2190 ut
2064 2135 2236 2204 legem
2262 2129 2599 2201 spiritualem
2625 2128 2799 2180 decet.
2826 2123 3013 2195 (Vens.
3049 2120 3161 2191 M.)
3199 2117 3425 2172 Prohibe
3448 2117 3551 2170 lin-

1977 2242 2134 2297 guam
2163 2236 2308 2278 tuam
2334 2240 2365 2276 a
2388 2221 2552 2284 malo,
2573 2228 2620 2273 et
2652 2218 2794 2271 labia
2815 2226 2907 2269 tua
2940 2230 3003 2267 ne
3033 2213 3318 2281 loquantur
3347 2209 3548 2261 dolum.

1979 2319 2035 2373 Si
2063 2319 2141 2372 vis
2174 2317 2227 2370 in
2263 2313 2453 2369 diebus
2480 2326 2603 2367 esse
2632 2310 2809 2372 bonis,
2836 2308 2881 2362 si
2908 2304 3088 2374 diligis
3120 2303 3308 2366 vitam,
3350 2313 3552 2369 praece-

1979 2421 2126 2481 ptum
2151 2409 2276 2462 vitae
2294 2406 2515 2475 perﬁce.
2542 2402 2647 2467 Qui
2669 2400 2837 2464 enim,
2870 2397 3080 2467 inquit,
3099 2394 3270 2462 diligit
3296 2407 3395 2461 me,
3417 2406 3554 2457 pra:-

1978 2510 2125 2570 cepta
2175 2514 2291 2552 mea
2343 2495 2565 2550 servabit
2602 2493 2669 2545 ⁷³.
2703 2490 2944 2545 Primum
2994 2496 3173 2540 autem
3230 2489 3551 2552 praeceptum

1978 2602 2079 2656 est,
2124 2589 2414 2661 prohibere
2457 2587 2693 2656 linguam
2725 2598 2753 2637 a
2778 2581 2942 2644 malo,
2973 2588 3026 2635 et
3048 2577 3214 2642 labia,
3241 2590 3306 2629 ne
3333 2573 3554 2642 loquan—

1980 2693 2068 2740 tur
2100 2683 2305 2737 dolum.
2367 2668 2656 2734 Peccatum
2703 2677 2846 2731 enim
2888 2673 3030 2743 quod
3066 2686 3162 2740 per
3188 2668 3421 2736 linguam
3457 2663 3553 2717 ad-

1980 2776 2234 2839 mittitur,
2285 2773 2526 2829 omnium
2576 2770 2690 2824 fere
2722 2764 3206 2822 familiarissimum
3241 2768 3344 2824 est,
3390 2768 3554 2827 atque

1982 2865 2334 2936 multiplicem
2363 2863 2596 2918 formam
2643 2861 2825 2915 habet.
2863 2857 3040 2911 Iratus
3084 2853 3191 2908 es?
3225 2853 3335 2919 jam
3370 2849 3555 2918 lingua

1981 2956 2287 3027 praecurrit.
2336 2950 2729 3023 Concupiscis?
2759 2951 2924 3004 etiam
2960 2954 3086 2999 ante
3110 2943 3291 3024 omnia
3316 2940 3553 3010 tinguant

1983 3049 2148 3104 habes
2174 3047 2326 3117 quasi
2358 3046 2645 3116 quamdam
2672 3042 2847 3096 lenam
2872 3048 2929 3094 et
2950 3034 3395 3097 conciliatricem,
3426 3042 3553 3101 pec-

1982 3143 2089 3192 cati
2130 3136 2286 3207 153
2316 3135 2659 3205 adiutricem,
2696 3148 2761 3186 ac
2786 3130 3073 3186 verborum
3112 3123 3384 3181 lenocinio
3421 3136 3548 3191 pro-

1983 3228 2161 3282 ximos
2205 3226 2615 3281 subducentem.
2652 3221 2792 3289 Quin
2844 3220 3010 3274 etiam
3056 3217 3235 3286 lingua
3276 3228 3552 3268 armorum

1981 3319 2101 3373 loco
2135 3317 2228 3372 tibi
2253 3327 2339 3371 est
2371 3313 2436 3368 ad
2469 3313 2845 3380 iniquitatem,
2878 3324 3001 3364 cum
3029 3322 3097 3361 ex
3130 3304 3295 3360 corde
3340 3317 3445 3357 non
3474 3301 3554 3355 lo-

1983 3409 2190 3479 quitur,
2218 3407 2314 3462 sed
2358 3404 2703 3459 fraudulenta
2739 3400 3008 3471 proponit.
3044 3398 3109 3450 Et
3131 3394 3262 3465 quid
3309 3407 3445 3463 Opus
3474 3402 3560 3447 est

1981 3501 2163 3557 verbis
2186 3498 2433 3570 persequi
2472 3495 2654 3550 omnia
2683 3495 2879 3563 linguae
2920 3488 3186 3560 peccata?
3222 3484 3342 3539 Vita
3373 3494 3556 3538 nostra

1985 3592 2182 3646 referta
2213 3602 2297 3645 est
2321 3591 2518 3657 linguae
2547 3585 2778 3641 delictis.
2811 3582 2986 3639 Verba
3016 3582 3277 3641 obscena,
3309 3574 3555 3629 scurrili-

1986 3693 2085 3744 tas.
2116 3679 2536 3749 stultiloquium,
2584 3675 2685 3729 alia
2723 3690 2825 3729 non
2856 3669 3255 3733 convenientia,
3287 3665 3559 3719 obtrecta-

1987 3777 2183 3839 tiones,
2223 3775 2431 3829 otiosus
2485 3785 2687 3834 sermo,
2742 3764 3000 3838 perjuria,
3042 3764 3177 3818 falsa
3225 3762 3554 3828 testimonia,

1985 3865 2167 3920 omnia
2207 3864 2323 3918 haec
2364 3861 2530 3927 mala,
2576 3869 2631 3914 et
2671 3859 2757 3913 his
2788 3858 2967 3912 adhuc
2997 3855 3172 3925 plura,
3199 3854 3397 3927 lingua:
3432 3861 3559 3908 sunt

1985 3956 2220 4027 opilicia.
2246 3954 2348 4021 Qui
2375 3967 2504 4008 vero
2533 3950 2796 4007 adversus
2826 3950 2918 4003 Dei
2945 3948 3173 4019 gloriam
3198 3961 3260 4001 os
3287 3946 3556 4015 aperiunt,

1986 4058 2038 4103 et
2077 4047 2418 4115 iniquitatem
2447 4043 2501 4097 in
2533 4042 2807 4097 excelsum
2832 4038 3105 4104 effutiunt,
3137 4053 3232 4107 per
3259 4037 3385 4106 quid
3415 4034 3557 4090 aliud

1987 4140 2089 4194 nisi
2110 4153 2204 4206 per
2223 4138 2419 4207 linguae
2440 4137 2860 4189 instrumentum
2886 4130 3219 4200 impietatem
3235 4127 3560 4199 perﬁciunt?

1987 4230 2250 4295 Quoniam
2294 4226 2479 4297 igitur!
2508 4225 2594 4279 Ea:
2639 4225 2743 4278 tuis
2792 4222 2959 4277 verbis
2982 4220 3380 4292 justiﬁcaberis,
3411 4230 3458 4273 et
3497 4235 3561 4273 ea:

1989 4322 2160 4377 verbis
2191 4320 2295 4373 tuis
2337 4315 2768 4372 condemnaberis
2799 4312 2867 4380 7‘,
2902 4311 3128 4381 prohibe
3156 4310 3390 4377 linguam
3413 4315 3558 4361 tuam

1990 4430 2021 4470 a
2048 4414 2214 4479 malo,
2254 4425 2356 4465 nec
2396 4409 2683 4463 thesauros
2710 4404 2889 4475 lingua
2922 4402 3169 4458 mendaci
3212 4400 3417 4455 eﬂicias
3469 4412 3561 4450 va—

1990 4522 2109 4561 nos.
2151 4506 2486 4571 lnsuperque
2544 4497 2769 4569 prohibe
2818 4495 2955 4549 labia
3008 4502 3118 4557 tua,
3174 4507 3240 4546 ne
3270 4490 3560 4559 loquantur

1989 4599 2169 4654 dolum
2206 4615 2219 4649 :
2265 4596 2367 4649 hoc
2413 4601 2516 4654 est,
2552 4598 2722 4644 totum
2774 4600 3031 4657 organum
3059 4584 3125 4637 ad
3153 4580 3416 4637 sermonis
3445 4594 3563 4632 mu-

1994 4701 2094 4741 nus
2126 4684 2219 4738 tibi
2253 4695 2574 4737 concessum
2630 4693 2658 4731 a
2709 4691 2874 4746 prava
2928 4673 3238 4742 operatione
3280 4683 3556 4724 coerceas.

1998 4779 2091 4830 Est
2119 4783 2300 4828 autem
2334 4771 2488 4826 dolus
2514 4769 2785 4824 occultum
2832 4765 3179 4830 maleﬁcium,
3227 4765 3326 4817 sub
3360 4758 3562 4817 ofﬁcio-

1994 4883 2111 4922 rum
2147 4865 2327 4936 specie
2353 4865 2597 4933 proximo
2628 4860 2852 4915 illatum.

312 4974 430 5028 νίαν
464 4971 556 5026 τοῦ
593 4971 752 5040 λόγου
792 4987 873 5025 σοι
915 4943 1195 5039 δεδομένον
1233 4963 1512 5037 σχολάζειν
1540 4962 1648 5017 ἀπὸ
1673 4961 1770 5033 τῆς
1809 4964 2049 5033 πονηρᾶς
2104 4957 2382 5030 ἐνεργείας
2452 4954 2697 5027 ποίησον.
2732 4954 2887 5006 Ἔστι
2922 4951 2982 5005 δὲ
3017 4952 3046 5004 6
3075 4948 3222 5012 δόλος
3275 4943 3564 5001 κακοποιία

312 5065 544 5139 λαθραία
581 5067 640 5119 ὲν
672 5065 1031 5137 προσποιήσει
1076 5062 1183 5115 τῶν
1214 5059 1494 5131 βελτιόνων
1521 5055 1598 5127 τῷ
1632 5055 1858 5127 πλησίον
1894 5052 2334 5126 προσφερομένη.

385 5225 430 5257 ⁷ο
485 5223 637 5277 Rom.
692 5237 792 5284 vn,
822 5219 912 5274 24.
989 5219 1031 5250 τί
1065 5218 1081 5272 l
1117 5218 1243 5272 Cor.
1291 5231 1387 5280 vn,
1421 5215 1509 5269 5!.
1585 5213 1629 5244 "
1673 5211 1836 5266 Hebr.

1980 5211 2031 5264 1.
2109 5210 2155 5242 ⁷³
2180 5209 2338 5264 Joan.
2372 5222 2483 5270 xw,
2516 5205 2607 5258 25.
2683 5203 2730 5235 7"
2759 5202 3068 5264 Maltinxn,
3097 5199 3184 5254 57.

315 5358 464 5484 δέω)
499 5358 675 5414 Editio
706 5357 884 5411 Paris.
932 5354 1124 5409 Ἰακώϐ
1154 5370 1235 5407 σε.
1268 5351 1339 5405 At
1367 5360 1474 5406 tres
1516 5365 1648 5405 mss.
1692 5347 1885 5402 Ἰακὼϐ

390 5498 500 5567 (10)
529 5497 613 5569 Ita
631 5509 835 5569 septem
862 5511 993 5551 mss.
1034 5493 1358 5569 _EtlitLve_r0
1383 5491 1624 5565 τήρησον
1646 5489 1747 5569 ῖρις
1790 5490 1889 5560 τῆς

319 5560 464 5639 ζωῆς
484 5560 724 5639 ἐντολάς.
762 5569 955 5639 Statim
984 5562 1349 5639 editir_)_Bas_il.
1382 5560 1709 5639 et'honnulli
1755 5576 1889 5639 mss.

318 5631 569 5706 γλῶσσάν
600 5631 757 5694 σου...
794 5636 943 5710 χείλη
981 5632 1331 5710 σου.Υο(ζυΙ³
1362 5649 1455 5685 σου
1485 5632 1636 5685 deest
1672 5631 1726 5684 in
1776 5631 1890 5685 edi-

321 5705 465 5765 tione
493 5710 664 5762 Paris.
697 5720 749 5762 et
776 5705 828 5761 iii
857 5705 978 5761 aliis
1009 5705 1330 5775 quibusdam
1361 5718 1493 5775 mss.

391 5778 502 5849 (ll)
531 5777 723 5833 Nostra
768 5778 930 5834 editio
967 5768 1134 5832 Paris.
1174 5771 1726 5843 καθυποκλινομένην.
1759 5768 1883 5825 Edi-

1996 5346 2066 5399 tio
2092 5344 2256 5399 Basil.
2287 5342 2856 5412 καθυποκριναμένην.
2898 5338 2967 5391 At
3002 5352 3131 5391 mss.
3168 5333 3564 5404 καθυποκρινο-

1991 5416 2176 5486 μένην.

2061 5471 2171 5554 (1'22)
2197 5483 2373 5537 Editio
2405 5480 2570 5554 Basil.
2608 5490 2681 5554 et‘
2708 5490 2814 5554 tres
2858 5491 2988 5554 mss.
3016 5475 3125 5554 τών
3166 5473 3275 5554 ἀπὸ
3307 5471 3561 5554 γλώσσης

1989 5542 2364 5625 πταισμάτων.
2423 5552 2601 5605 Editio
2652 5551 2824 5625 Paris.
2852 5548 2977 5625 edim
3006 5546 3113 5625 ἀπὸ
3163 5544 3260 5615 τῆς
3308 5542 3559 5615 γλώσσης

1985 5642 2075 5679 πτ.
2117 5616 2219 5677 Alii
2252 5632 2485 5690 quatuor
2507 5638 2638 5676 mss.
2665 5620 2775 5675 τῶν
2795 5622 2889 5675 ἀπ’
2918 5616 3090 5685 αὐτῆς
3114 5633 3204 5690 an.

2060 5694 2171 5764 (15)
2194 5685 2420 5747 Codices
2459 5692 2697 5764 quinque
2733 5707 2861 5748 mss.
2918 5686 3215 5759 ἐπιορκίαι.
3250 5685 3387 5740 Editi
3433 5699 3568 5751 cum

1985 5762 2116 5837 Reg.
2151 5773 2341 5822 ouarto
2368 5762 2639 5833 ἐπιορκία.
