4048 6220
594 342 703 401 375

1938 345 1999 400 S.
2041 344 2286 401 ΒΑδιιιι
2323 344 2537 400 MAGNI
3750 346 3834 401 376

672 463 756 519 10.
795 464 955 517 Vsus.
985 462 1075 517 15.
1106 461 1323 516 Declina
1349 478 1383 515 α
1412 462 1573 525 malo,
1607 471 1653 515 et
1692 459 1777 529 {ac
1809 461 2003 514 bonum
2034 476 2052 514 :
2081 461 2167 514 in-

2341 460 2429 514 10.
2469 462 2798 514 Ἔκκλινον
2827 459 2946 514 ἀπὸ
2990 458 3178 513 κακοῦ
3199 499 3215 521 ,
3252 461 3346 515 καὶ
3412 461 3692 528 ποίησον
3718 462 3836 531 ἀτα-

596 556 748 624 quire
776 569 979 619 pacem,
1026 564 1073 606 et
1118 567 1428 623 persequere
1454 568 1591 605 eam.
1637 550 2021 606 Elemeutarim
2045 558 2170 604 sunt

597 643 682 698 lia:
711 642 1128 706 admonitiones,
1169 651 1221 697 et
1250 642 1317 695 ad
1357 641 1608 709 pietatem
1640 642 2022 695 introducunt:
2048 641 2172 709 qui—

599 735 700 789 bus
727 738 1017 789 edocemur
1041 735 1279 806 linguam
1313 734 1603 805 diligenter
1628 736 1930 800 continere,
1959 748 1989 787 a
2018 734 2168 788 dolo-

595 825 674 877 sis
710 825 919 881 insidiis
947 827 1241 893 abstinere,
1275 842 1306 881 a
1354 826 1497 881 malo
1536 827 1827 882 declinare.
1863 825 1982 881 Non
2026 826 2169 880 enim

597 913 840 982 perfecto
873 916 1131 969 convenit
1165 916 1491 970 abstinentia
1549 915 1678 969 mali
1712 930 1729 969 :
1778 916 1873 970 sed
1904 929 2027 970 eum
2078 913 2171 982 qui

600 1020 793 1060 recens
840 1006 1122 1062 elementis
1170 1008 1496 1072 instituitur,
1528 1007 1594 1062 ab
1627 1008 1719 1062 illo
1751 1008 1804 1062 in
1832 1006 2031 1062 malum
2072 1008 2169 1061 im.

596 1106 723 1165 petu
756 1099 970 1154 resilire
995 1114 1173 1169 opera:
1207 1101 1435 1169 pretium
1458 1110 1562 1163 est,
1594 1108 1758 1169 atque
1783 1113 1813 1152 a
1842 1112 2022 1168 prava:
2047 1097 2173 1151 vita:

594 1188 990 1242 consuetudine
1039 1190 1185 1242 velut
1229 1204 1259 1243 a
1307 1190 1391 1243 via
1443 1188 1581 1243 mala
1637 1189 2051 1253 discedentem,
2099 1188 2171 1242 ita

598 1277 816 1333 demum
845 1279 1109 1334 honorum
1143 1295 1367 1348 operum
1396 1280 1723 1336 exercitium
1751 1279 1995 1351 aggredi.
2015 1278 2170 1334 Enim

598 1383 734 1424 vero
762 1370 867 1425 nisi
898 1373 1022 1441 quis
1061 1374 1209 1443 prius
1243 1375 1464 1430 omnino
1501 1374 1792 1430 desciverit
1827 1389 1894 1429 ac
1928 1372 2171 1428 declina-

601 1460 797 1514 verita
823 1463 984 1528 malo,
1010 1465 1207 1519 bonum
1243 1466 1460 1534 assequi
1489 1481 1595 1520 non
1623 1473 1800 1534 potest
1827 1482 1841 1519 :
1866 1463 2026 1519 sicuti
2056 1464 2172 1518 ﬁeri

600 1567 709 1607 non
743 1562 921 1621 potest
974 1564 1034 1609 ut
1078 1557 1200 1625 quis
1243 1556 1535 1612 sanitatem
1581 1565 1900 1626 recuperet,
1944 1556 2046 1610 nisi
2081 1558 2174 1610 de-

599 1648 789 1714 pulsus
828 1648 1047 1703 morbus
1081 1651 1152 1704 sit
1183 1665 1197 1703 :
1257 1650 1345 1705 vel
1380 1659 1440 1704 ut
1475 1651 1598 1720 quis
1626 1651 1861 1715 calellat,
1893 1647 2175 1719 uisiplaue

599 1738 846 1791 sedatum
891 1740 964 1793 sit
1017 1740 1221 1811 frigus;
1265 1757 1439 1812 neque
1490 1743 1636 1797 enim
1670 1744 1784 1797 haec
1815 1740 1972 1796 simul
2000 1740 2174 1796 cousi-

598 1840 749 1884 stere
776 1841 1024 1899 possunt.
1066 1831 1330 1888 Similiter
1361 1844 1415 1890 et
1443 1834 1536 1905 qui
1576 1835 1773 1889 bonam
1799 1836 1963 1887 vitam
2014 1846 2174 1903 agere

600 1920 770 1988 cupit,
800 1936 923 1977 eum
955 1939 1054 1992 par
1097 1933 1180 1980 est
1228 1927 1298 1981 ab
1335 1927 1486 1980 omni
1522 1927 1661 1981 malo
1695 1925 1972 1981 consortio
2023 1939 2173 1980 rece-

552 2002 561 2009 ”
595 2011 751 2067 dere.
784 2012 1001 2082 Inquire
1016 2031 1221 2085 pacem,
1243 2025 1291 2070 et
1320 2032 1624 2086 persequere
1653 2032 1789 2069 eam.
1838 2014 1915 2070 De
1957 2015 2062 2069 hac
2086 2014 2172 2068 di-

599 2102 681 2157 xit
732 2102 989 2161 Dominus
1022 2122 1035 2159 :
1085 2104 1280 2160 Pacem
1316 2107 1557 2178 relinquo
1597 2106 1762 2172 vobis,
1790 2122 1970 2175 pacem
2005 2121 2174 2161 meum

601 2196 672 2246 do
702 2194 883 2257 vobis;
927 2211 1030 2248 non
1058 2196 1322 2264 quomodo
1350 2198 1578 2249 mundus
1607 2198 1698 2249 dat
1719 2212 1923 2265 pacem,
1959 2211 2053 2266 ego
2104 2196 2172 2249 do

600 2283 745 2337 vobis
770 2283 840 2337 ⁷⁸.
876 2285 1091 2353 Inquiro
1115 2285 1277 2355 igitur
1302 2302 1489 2356 pacem
1524 2287 1829 2352 Domini,et
1854 2302 2177 2358 persequere

602 2390 746 2430 eam.
784 2376 1136 2448 Persequeris
1163 2390 1349 2435 autem
1376 2395 1483 2436 non
1515 2382 1693 2447 aliter,
1736 2396 1902 2451 quam
1948 2396 2174 2437 currens

601 2472 902 2526 secundum
964 2488 1188 2542 scopum
1234 2475 1301 2530 ad
1349 2474 1595 2530 bravium
1638 2489 1885 2542 supernae
1932 2473 2175 2529 vocatio-

603 2567 689 2622 nis
713 2568 782 2622 ⁷⁸.
832 2566 940 2623 Pax
970 2569 1115 2624 enim
1156 2585 1284 2625 vera
1312 2570 1366 2625 in
1412 2571 1662 2641 supernis
1691 2570 1929 2625 exsistit.
1959 2569 2174 2624 Etenim

602 2659 840 2727 quandiu
878 2660 945 2714 ad
992 2674 1215 2715 carnem
1267 2661 1482 2717 astricti
1516 2676 1723 2724 sumus,
1761 2660 1966 2723 multis,
2000 2662 2177 2730 iisque

603 2754 1067 2818 perturbationem
1105 2754 1261 2810 nobis
1287 2756 1620 2820 creantibus,
1654 2769 1843 2809 sumus
1871 2752 2173 2822 conjuncti.

599 2840 819 2912 luquire
847 2844 1012 2914 igitur
1037 2859 1246 2914 pacem,
1272 2845 1599 2902 solutionem
1644 2847 1901 2902 videlicet
1929 2861 1960 2899 a
1992 2843 2175 2899 mundi

603 2937 971 2993 tumultibus:
1013 2954 1266 3008 compara
1317 2949 1553 2996 mentem
1598 2942 1863 3011 quietam,
1906 2941 2175 3011 tranquil-

602 3027 712 3084 lum
743 3031 1028 3098 quemdam
1057 3038 1113 3085 et
1143 3031 1596 3099 imperturbatum
1636 3032 1804 3085 animi
1827 3040 2053 3097 statum,
2082 3032 2172 3100 qui

604 3133 781 3188 neque
808 3120 1196 3188 cupiditatibus
1226 3122 1490 3192 agitetur,
1524 3137 1701 3192 neque
1730 3123 1838 3177 huc
1858 3122 1987 3177 illuc
2012 3136 2043 3177 a
2069 3122 2165 3176 fal-

602 3212 680 3264 sis
706 3211 1050 3280 dogmatibus
1075 3227 1172 3283 per
1201 3214 1729 3271 verisimilitudinem
1781 3216 1849 3270 ad
1886 3229 2170 3270 assensum

603 3300 960 3359 invitantibus
1015 3305 1281 3372 trahatur,
1319 3305 1414 3361 Dei
1456 3318 1516 3361 ut
1560 3323 1748 3378 pacem
1790 3320 2171 3376 consequare,

601 3410 724 3465 qua:
755 3411 973 3453 omnem
1004 3411 1297 3470 exsuperat
1326 3403 1663 3459 intellectum
1692 3401 1761 3467 ",
1793 3410 2055 3469 tuumque
2081 3413 2175 3454 cor

601 3486 855 3541 custodit.
902 3487 1003 3555 Qui
1056 3492 1251 3559 quaerit
1294 3507 1506 3563 pacem,
1570 3492 1844 3547 Christum
1897 3487 2171 3559 inquirit:

601 3582 728 3650 quia
759 3580 873 3650 ipse
900 3591 984 3637 est
1005 3596 1109 3650 pax
1141 3594 1325 3639 nostra
1363 3598 1379 3638 :
1409 3586 1499 3654 qui
1531 3584 1666 3639 duos
1699 3584 1751 3636 in
1782 3596 1948 3636 unum
1978 3594 2174 3634 novum

603 3671 875 3727 hominem
905 3673 1167 3740 condidit,
1204 3674 1406 3730 faciens
1431 3689 1618 3744 pacem
1645 3673 1715 3738 ⁷⁸,
1745 3681 1911 3741 atque
1931 3684 2027 3741 per
2047 3683 2177 3724 san-

603 3762 819 3833 guinem
849 3765 1026 3819 crucis
1060 3778 1192 3831 suae,
1218 3766 1335 3820 sive
1357 3780 1477 3835 quae
1514 3766 1567 3821 in
1597 3766 1775 3831 caelis,
1819 3763 1934 3817 sive
1961 3774 2081 3831 quae
2124 3759 2175 3812 in

605 3858 749 3905 terra
779 3863 924 3917 sunt,
959 3854 1257 3922 paciﬁcans
1278 3856 1347 3908 τ’.

677 3940 736 3996 11
751 3942 933 4015 .155l
950 3943 1111 4000 Vsus.
1125 3946 1374 4001 16.00uli
1386 3947 1599 4002 Domini
1611 3962 1764 4015 super
1766 3944 2015 4015 justas,et
2026 3957 2178 3995 aures

602 4034 718 4104 ejus
748 4035 804 4087 in
834 4052 1008 4102 preces
1040 4053 1245 4092 eorum.
1277 4038 1742 4106 Quemadmodum
1765 4037 1942 4091 sancti
1982 4049 2179 4103 corpus

604 4136 730 4180 sunt
751 4127 977 4192 Christi,
999 4139 1052 4183 et
1087 4131 1328 4185 membra
1363 4145 1429 4185 ex
1460 4138 1644 4200 parte;
1670 4138 1726 4183 et
1758 4127 1936 4197 posuit
1963 4125 2106 4181 Deus
2127 4126 2176 4179 in

603 4217 849 4273 Ecclesia
872 4220 1141 4289 quosdam
1173 4222 1394 4291 quidem
1420 4231 1481 4277 ut
1503 4220 1715 4285 oculos,
1752 4219 2016 4289 quosdam
2048 4231 2179 4271 vero

605 4319 664 4365 ut
697 4309 933 4380 linguas,
975 4312 1113 4368 alios
1136 4315 1227 4383 qui
1254 4329 1537 4380 manuum,
1574 4314 1712 4368 alios
1742 4313 1831 4381 qui
1870 4311 2067 4382 pedum
2096 4311 2179 4362 vi-

602 4415 722 4456 cem
761 4401 1109 4457 obtiueaut"
1145 4424 1160 4459 :
1190 4405 1270 4460 sic
1305 4406 1470 4459 etiam
1500 4416 1703 4460 sanctae
1746 4403 1974 4457 virtutes
2021 4400 2181 4470 spiri-

604 4494 804 4564 tuales,
833 4505 890 4550 et
912 4496 964 4550 in
993 4498 1203 4553 cmlesti
1241 4498 1359 4553 loco
1385 4499 1745 4564 diversantes,
1771 4497 1889 4551 aliae
1929 4495 2182 4550 dicuntur

683 4654 1170 4782 1";{aélé.xtv,27.
1246 4663 1294 4694 τι
1325 4662 1558 4733 Philipp.
1588 4677 1673 4728 ιιι,
1708 4660 1796 4714 η,
1858 4659 1903 4692 17
1936 4656 2163 4725 pum”.

2272 4695 2273 4709 χ
2306 4647 2357 4700 7.
2435 4644 2480 4676 ⁷⁸
2509 4641 2705 4712 Ephes.
2733 4656 2794 4705 ιι,
2842 4640 2932 4698 14.

497 4775 500 4780 .
606 4743 705 4792 ιιι,
735 4743 829 4793 τι,
851 4743 941 4783 :5.

679 4859 790 4999 (11ιέ
824 4860 900 4914 Ita
930 4876 1023 4916 sex
1056 4877 1186 4916 mss.
1221 4866 1291 4916 At
1311 4864 1439 4918 editi
1469 4862 1661 4933 τελείῳ
1695 4863 2071 4944 προσήκουσα.

679 4930 760 4996 (Ιέ
822 4933 893 4984 Ita
927 4947 1023 4986 sint
1075 4949 1204 4989 mss.
1246 4935 1317 4987 At
1362 4935 1493 4989 editi
1526 4932 1828 4998 παντελως,
1857 4946 2021 4988 sensu

603 4930 893 5054 d“tl..‘§).ll.ta
927 4947 1023 4986 sm:
1075 4949 1204 4989 mss.
1246 4935 1317 4987 At
1362 4935 1493 4989 editi
1526 4930 1828 4998 παντελῶς,
1857 4930 2021 4988 εειιειι
2073 4944 2181 4985 non

643 5015 810 5053 lSSIHII
839 5018 873 5054 ι.

643 5015 873 5055 ιεςιηιιιι.

677 5069 791 5143 (1.6)
816 5142 823 5143 γ
846 5072 939 5143 Sic
972 5086 1103 5129 mss.
1148 5083 1376 5143 septem.
1413 5074 1555 5128 Editi
1580 5075 1675 5127 ἐπὶ
1706 5072 1789 5125 τό.
1826 5070 1948 5127 Mox
1979 5069 2109 5125 editi
2144 5073 2177 5142 ή

605 5139 856 5215 ἀληθινή.
895 5142 961 5215 At
984 5155 1077 5195 sex
1099 5139 1249 5215 Amss.
1283 5145 1317 5215 ή
1340 5144 1565 5215 ἀληθής.

678 5210 795 5282 (17),
812 5210 958 5280 Regii
991 5212 1179 5266 tertius
1195 5223 1249 5267 et
1270 5210 1637 5281 quartus'cum
1662 5212 1814 5267 Colb.
1837 5211 2068 5278 septimo
2092 5228 2183 5265 σα-

606 5280 1004 5357 λευομι-ενης...ἑ
1032 5280 1481 5357 περιελκομένης.
1530 5286 1605 5357 At
1645 5284 1822 5357 Regii
1851 5283 2069 5357 quintus
2128 5290 2183 5337 et

608 5350 795 5405 sextus
819 5350 940 5404 cum
965 5350 1118 5406 Colb.
1150 5350 1306 5409 sexto
1320 5364 1374 5409 et
1389 5350 1510 5409 c'um
1545 5356 1702 5410 editis
1727 5350 2176 5475 colamur-Evam"

609 5420 1063 5475 πεοιελκοιιένην.
1092 5438 1196 5475 non
1224 5426 1438 5475 diversa
1468 5426 1761 5475 sententia.
1799 5423 2000 5475 Ibidem
2094 5438 2176 5475 θα.

609 5420 1063 5493 περιελκομένην,
1092 5426 1438 5493 nandiversa
1468 5426 1761 5481 sententia.
1799 5420 2000 5479 ibidem
2042 5420 2179 5493 Reg.

611 5491 801 5563 tertius
837 5491 1353 5563 προσκαλουμένων.

681 5561 791 5636 (18)
823 5561 915 5636 Sic
943 5571 1065 5636 octo
1115 5561 1245 5618 mss.
1289 5566 1357 5618 At
1391 5563 1518 5636 editi
1550 5564 1740 5636 εἰρήνη
1764 5561 1942 5635 ήμῶν.
1972 5561 2179 5636 verisi-

615 5631 742 5684 mile
778 5633 930 5703 uohis
961 5632 1217 5703 llt,gqnod
1245 5650 1343 5689 usu
1372 5634 1553 5690 venire
1590 5631 1746 5699 solet,
1786 5631 1986 5690 'vocem
2017 5631 2175 5703 ἡμῶν

619 5713 683 5756 ex
711 5702 922 5767 vulgato
954 5701 1245 5769 Scriptura:
1285 5714 1428 5759 textu
1460 5705 1696 5759 additam
1727 5720 1866 5761 esse.

699 5769 810 5840 (19)
846 5771 986 5826 Editi
1016 5771 1233 5842 ἐτέρους
1262 5773 1336 5832 δέ.
1374 5774 1567 5831 Vocula
1593 5773 1646 5831 δέ
1679 5774 1830 5832 deest
1864 5776 1915 5832 in
1969 5784 2172 5848 septem

2212 4836 2256 4892 ι)
2289 4867 2419 4905 mss.
2455 4848 2672 4907 Statim,
2703 4848 2789 4902 ubi
2822 4847 2951 4902 editi
2982 4846 3203 4900 confuse
3232 4844 3530 4914 ἐπισκοπὴν

2272 553 2381 608 θόν
2400 570 2411 583 ·
2451 544 2725 620 ζήτησον
2749 550 3016 619 εἰρήνην,
3050 550 3149 604 καί
3186 550 3409 616 δι’ωξσν
3452 551 3679 620 αὑτήν.
3711 554 3835 608 Στοι-

2271 643 2513 714 χειώδεις
2536 646 2590 699 αἰ
2613 645 2986 716 παραινέσεις,
3009 645 3102 697 καὶ
3125 645 3423 713 εἰσαγωγοὶ
3454 646 3542 707 εἰς
3563 645 3832 701 εύσέὸειαν·

2271 736 2596 808 ἀκριόοῦσαι
2632 734 2882 806 γλώσσης
2910 737 3151 807 κρατεῖν,
3180 735 3417 808 δολεριῖνδ
3455 735 3833 807 ὲπιὸουλευμά-

2273 846 2378 881 των
2411 827 2731 899 ἀπέχεσθαι,
2767 827 3033 882 ἐκκλίνειν
3057 828 3166 881 ἀπὸ
3193 827 3384 882 κακοῦ.
3429 829 3513 880 Οὐ
3545 827 3657 899 γὰρ
3678 828 3835 900 τελείῳ

2274 918 2558 989 πρέπουσα
2576 917 2685 989 (14)
2724 920 2756 975 ή
2783 918 2962 989 ἀποχὴ
2979 918 3072 971 τοῦ
3103 917 3459 984 κακοῦ,ωά
3482 917 3565 987 τῷ
3578 918 3701 988 ἄρτι
3721 935 3833 971 m-

2273 1010 2572 1081 χειουμένῳ
2601 1009 2852 1064 ἐκνεῦσαι
2883 1011 3147 1081 προσήκει
3174 1009 3281 1063 ἀπὸ
3316 1010 3424 1080 τῆς
3463 1010 3567 1061 ἐπὶ
3597 1010 3658 1061 τὸ
3693 1009 3832 1063 κακὸν

2273 1100 2466 1169 φορᾶς,
2507 1098 2599 1151 καὶ
2627 1099 2789 1152 οἱονεὶ
2818 1097 2943 1152 ὁδοῦ
2976 1099 3150 1169 κακῆς
3176 1098 3273 1169 τῆς
3307 1101 3364 1152 ὲν
3391 1098 3478 1169 τῷ
3513 1098 3728 1169 πονηρῷ
3751 1099 3830 1168 βίῳ

2274 1189 2557 1261 συνηθείας
2582 1190 2981 1259 ἀπαλλαγέντα,
3004 1190 3175 1255 οὕτως
3191 1191 3435 1261 ἆψασθαι
3469 1191 3575 1260 τῆς
3599 1189 3704 1243 τῶν
3727 1192 3830 1259 ἀγα-

2274 1281 2383 1335 θῶν
2426 1283 2728 1354 ἐνεργείας.
2782 1285 3089 1355 ’Δμήχανον
3148 1284 3257 1356 γὰρ
3295 1283 3555 1353 ἅψασθαι
3591 1282 3683 1337 τοῦ
3715 1286 3821 1352 ἀγα-

2272 1374 2367 1428 θοῦ
2393 1375 2466 1446 μὴ
2487 1376 2796 1431 ἀποστάντα
2821 1377 3081 1449 πρότερον
3106 1376 3384 1440 παντελῶς
3404 1376 3511 1430 καὶ
3531 1376 3825 1429 ὲκνεύσανια

2271 1465 2367 1519 τοῦ
2410 1465 2581 1519 κακοῦ
2608 1482 2622 1496 ⁶
2666 1466 2743 1530 ὠς
2776 1468 3054 1538 ἀμήχανον
3084 1466 3269 1535 ὑγείαν
3311 1465 3617 1519 ἀναλαϐεῖν
3647 1466 3715 1535 μὴ
3748 1465 3820 1534 τῆς

2272 1557 2428 1611 νόσου
2459 1557 2841 1626 ἀπαλλαγέντα
2864 1576 2882 1593 ο
2907 1559 2940 1629 ἢ
2967 1561 3024 1612 ἐν
3049 1558 3343 1630 θερμότητι
3370 1556 3637 1627 γενέσθαι
3664 1556 3741 1609 τὸν
3767 1555 3819 1624 μὴ

2274 1649 2529 1722 καθαρῶς
2566 1651 2675 1721 (15)
2727 1651 3073 1720 πεπαυμένον
3102 1652 3200 1721 τῆς
3227 1648 3594 1720 καταψύξεως
3616 1665 3629 1678 ·
3671 1648 3817 1701 ἀνετί-

2273 1737 2436 1791 δεκτα
2460 1737 2568 1809 γὰρ
2596 1738 2767 1792 ταῦτα
2810 1738 3077 1809 ἀλλήλοις.
3122 1740 3278 1793 Οῦτω
3324 1740 3425 1793 καὶ
3469 1740 3567 1793 τὸν
3602 1738 3818 1809 μέλλοντα

2207 1811 2248 1866 Β
2277 1830 2336 1882 ὲν
2373 1829 2564 1904 ἀγαθῴ
2613 1830 2709 1901 βίῳ
2741 1830 2994 1901 γενέσθαι
3029 1831 3208 1902 πάσης
3244 1833 3522 1903 προσήκει
3551 1832 3647 1903 τῆς
3672 1832 3750 1884 ἐπὶ
3771 1830 3815 1883 τό

2275 1922 2444 1976 κακὸν
2480 1923 2772 1991 συναφείας
2813 1923 3209 1992 ἀπαλλαγῆναι.
3265 1923 3559 1991 Ζήτησον
3593 1923 3813 1992 εἰρήντῃο,

2275 2013 2376 2067 καὶ
2416 2013 2635 2079 δι’ωξον
2661 2013 2872 2080 αὑτήν.
2904 2016 3042 2085 Περί
3072 2014 3275 2085 ταύτης
3308 2017 3542 2087 εἴρηκεν
3578 2019 3607 2070 ὁ
3634 2016 3810 2087 Κύριος·

2275 2105 2540 2175 Εἰρήνην
2573 2107 2785 2177 ἀφίημι
2824 2107 2986 2176 ὑμῖν,
3033 2108 3281 2176 εἰρήνην
3321 2108 3445 2175 τὴν
3474 2107 3629 2179 ἐμὴν
3654 2106 3812 2174 δίδαψι

2274 2197 2417 2266 ὑμῖν
2439 2212 2452 2225 ·
2485 2201 2556 2252 οὐ
2585 2197 2779 2263 καθὼς
2815 2201 2847 2251 ὁ
2882 2200 3110 2268 κόσμος
3148 2199 3401 2254 δίδωσιν
3427 2200 3690 2268 εἰρήνην,
3728 2196 3810 2266 ἐπὶ

2274 2289 2481 2360 δίδωμι
2512 2290 2674 2359 ὑμῖν.
2723 2292 2964 2361 Ζήτησον
2996 2288 3089 2345 οὖν
3128 2291 3225 2363 τὴν
3252 2291 3346 2346 τοῦ
3377 2293 3592 2363 Κυρίου
3616 2292 3806 2361 εἰρήνην,

2275 2382 2370 2436 καὶ
2400 2381 2589 2455 δίωξον
2614 2383 2802 2454 αὑτήν.
2837 2382 3055 2449 Διὼξεις
3083 2384 3141 2437 δὲ
3169 2384 3270 2437 οὐκ
3292 2385 3475 2448 άλλως
3505 2384 3539 2455 ἦ
3567 2383 3698 2438 κατὰ
3720 2397 3809 2433 σκο-

2275 2473 2376 2525 πὸν
2420 2454 2629 2544 τρέχων
2672 2473 2751 2536 είς
2779 2472 2841 2525 τὸ
2871 2474 2981 2545 (16)
3016 2472 3267 2545 βραϐεῖον
3300 2476 3404 2544 τῆς
3447 2454 3561 2529 ἀνω
3592 2473 3805 2543 κλήσεως.

2278 2567 2425 2619 Ἀνω
2454 2566 2561 2636 γάρ
2589 2569 2735 2619 ἐστιν
2759 2567 2791 2636 ή
2824 2567 3013 2638 εἰρήνη
3040 2568 3073 2637 ἡ
3100 2566 3326 2638 ἀληθής.
3365 2568 3525 2621 Ἐπεὶ
3554 2569 3668 2621 ὅσον
3694 2583 3743 2634 γε
3761 2566 3804 2633 τῇ

2278 2659 2441 2730 σαρκὶ
2472 2654 2826 2729 συνδεὸἐμεθα
2853 2658 3063 2729 χρόνον,
3091 2659 3304 2722 πολλοῖς
3330 2662 3429 2714 καὶ
3453 2663 3567 2724 τοῖς
3596 2658 3804 2729 ἐκταράσσ

2278 2765 2458 2801 σουσιν
2496 2749 2648 2818 ἡμᾶς
2697 2745 3120 2817 συνεζεύγμεθα.
3179 2750 3426 2819 Ζήτησον
3476 2746 3570 2803 οὖν
3609 2748 3802 2818 εἰρήνην,

2274 2839 2426 2893 λύσιν
2450 2839 2558 2892 τῶν
2587 2838 2681 2892 τοῦ
2710 2839 2914 2907 κόσμου
2944 2837 3137 2891 τούτου
3180 2838 3431 2910 θορύϐων
3455 2859 3468 2871 υ
3519 2839 3700 2908 κτῆσαι
3730 2852 3798 2903 γα·

2274 2932 2540 3002 ληνιῶντα
2579 2931 2722 2995 νοῦν,
2772 2932 3024 3003 ἀκύμονά
3065 2949 3189 2986 τινα
3235 2933 3329 2987 καὶ
3373 2933 3644 3004 ἀτάραχον
3677 2926 3802 2982 κατὰ·

2278 3039 2465 3077 στασιν
2492 3023 2592 3093 τῆς
2612 3023 2810 3093 ψυχῆς,
2840 3024 2978 3094 μήτε
3001 3022 3106 3075 ὑπὸ
3127 3023 3315 3077 παθῶν
3336 3022 3690 3093 σαλευομένην
3704 3017 3798 3088 ("lt

2281 3118 2416 3186 μήτε
2459 3115 2564 3167 ὑπὸ
2614 3113 2723 3167 τῶν
2760 3113 2972 3184 ψευδῶν
3020 3112 3305 3184 δογμάτων
3350 3114 3445 3169 διὰ
3506 3111 3800 3175 πιθανότητος

2278 3206 2734 3278 προκαλουμένων
2764 3208 2843 3268 εἰς
2869 3203 3264 3273 συγκατάθεσιν
3288 3204 3715 3276 περιελκομένην,
3739 3197 3796 3248 ἵνα

2276 3302 2452 3373 κτήσῃ
2482 3299 2582 3371 τὴν
2605 3299 2825 3369 εἰρήνην
2856 3297 2950 3351 τοῦ
2979 3296 3113 3350 Θεοῦ
3143 3297 3242 3369 τὴν
3275 3298 3642 3369 ὑπερέχουσαν
3666 3292 3799 3345 πάντα

2275 3390 2420 3455 νοῦν,
2450 3389 2789 3462 φρουροῦσαν
2821 3388 2918 3460 τὴν
2957 3389 3183 3461 καρδίαν
3205 3406 3320 3443 σου.
3348 3391 3413 3444 ὐ
3441 3387 3611 3460 ζητῶν
3629 3378 3796 3455 εἰρήνην

2276 3482 2511 3553 Χριστὸν
2537 3481 2775 3552 ὲκζητεῖ,
2827 3481 2908 3534 ὅτι
2960 3480 3123 3544 αὐτός
3166 3482 3313 3534 ἐστιν
3341 3483 3375 3552 ή
3408 3482 3596 3553 εἰρήνη
3623 3475 3733 3547 (18),
3749 3469 3797 3530 ’ὃς

2276 3574 2457 3628 ἔκτισε
2488 3575 2615 3637 τοὺς
2639 3573 2731 3626 δύο
2762 3573 2842 3635 εἰς
2871 3571 2966 3624 ἕνα
2982 3571 3164 3624 καινὸν
3184 3570 3492 3641 ἄνθρωπον,
3511 3567 3664 3624 ποιῶν
3688 3559 3796 3630 εἰρή-

2276 3682 2394 3736 νην,
2424 3665 2516 3718 uel.
2548 3663 2965 3734 εἰρηνοποιήσας
2986 3661 3074 3714 διὰ
3102 3661 3195 3716 τοῦ
3235 3664 3471 3734 αἵματος
3489 3659 3579 3714 τοῦ
3612 3646 3792 3723 σταυρῡῦ

2277 3753 2464 3823 αὑτοῦ,
2498 3752 2609 3806 εἴτε
2639 3752 2710 3806 τὰ
2745 3754 2801 3805 ὲν
2825 3752 2939 3813 τοῖς
2961 3751 3211 3822 οὐρανοῖς
3235 3752 3347 3807 εἴτε
3370 3756 3443 3807 τὰ
3470 3752 3559 3807 ἐπὶ
3594 3749 3681 3818 τῆς
3706 3743 3791 3813 τῆς.

2351 3934 2437 3989 11.
2485 3935 2797 4003 Ὀφθαλμοί
2838 3937 3060 4004 Κυρίου
3111 3935 3210 3989 ἐπὶ
3264 3933 3518 3998 δικαίοις
3542 3971 3556 3995 ,
3591 3927 3675 3983 καὶ
3707 3918 3792 3978 ὦτα

2277 4027 2463 4083 αὑτοῦ
2503 4030 2591 4092 εἰς
2637 4026 2851 4095 δέησιν
2902 4027 3120 4081 αὐτῶν.
3164 4027 3374 4099 Ὥσπερ
3417 4028 3468 4079 οἰ
3517 4024 3649 4092 ἀγιοι
3677 4009 3792 4081 σῶμά

2279 4124 2385 4174 εἰσι
2416 4119 2654 4191 Χριστοῦ
2689 4120 2782 4172 καὶ
2816 4119 2951 4190 μέλη
2988 4121 3053 4172 ὲκ
3098 4119 3321 4190 μέρους·
3374 4120 3471 4173 καὶ
3493 4103 3791 4170 ἕθετοὸθεὺς

2280 4214 2337 4265 ὲν
2368 4212 2433 4281 τῇ
2470 4209 2765 4281 Ἐκκλησία
2803 4210 2929 4273 τοὺς
2961 4210 3059 4280 μὲν
3080 4210 3413 4280 ὀφθαλμοὺς,
3444 4210 3563 4270 τοὺς
3592 4205 3642 4257 δὲ
3659 4195 3789 4269 γλώσ·

2281 4321 2400 4367 σας,
2448 4302 2665 4373 ἑτέρους
2695 4301 2802 4371 (19)
2842 4302 2933 4354 τὸν
2965 4301 3074 4355 τῶν
3112 4301 3344 4373 χειρῶν,
3400 4301 3491 4355 καὶ
3528 4297 3696 4354 ἀλλους
3724 4284 3789 4338 τὸν

2279 4396 2388 4448 τῶν
2416 4393 2592 4448 ποδῶν
2619 4392 2914 4464 ἐπέχοντας
2961 4394 3119 4461 λόγον
3140 4409 3152 4422 ·
3186 4392 3329 4447 οὓτω
3362 4394 3458 4446 καὶ
3479 4393 3534 4445 αἰ
3564 4389 3693 4455 ἅγιαι
3721 4378 3787 4430 δυ·

2282 4487 2476 4558 νάμεις
2506 4486 2560 4538 αἰ
2594 4484 2962 4555 πνευματικαὶ
2998 4484 3092 4537 κα)⁵
3134 4485 3263 4556 περὶ
3297 4484 3388 4539 τὸν
3426 4481 3654 4554 οὐράνιον
3673 4466 3788 4527 οὖσαι

3033 4639 3079 4674 τ’
3111 4639 3324 4696 Coloss.
3362 4655 3401 4696 ι.
3438 4638 3521 4691 20.
3592 4623 3783 4680 "lCor.

3550 4833 3687 4909 ήμῶν
3709 4842 3786 4910 μα’

2291 4920 2606 4993 ραδέχεσθαι
2639 4917 2673 4989 ἢ
2706 4917 3081 4993 πιστευθῆναι,
3104 4926 3235 4993 octo
3251 4933 3382 4970 mss.
3416 4910 3590 4993 melius
3607 4915 3651 4993 et

2494 4969 2506 4972 ν
2520 4969 2720 5060 ἰιξιίιεῖιι
2754 4969 3081 5057 ίὲπισκόπὴν
3111 4987 3152 5060 Δἡ
3160 4984 3275 5060 μῶν
3313 4969 3675 5060 πιστευθῆναιῇ
3686 4969 3784 5060 QE

2518 5039 2653 5127 ejus
2672 5039 2744 5111 rei
2790 5072 2956 5127 causa
2986 5039 3277 5127 exstiterit,
3306 5055 3523 5127 quilibet
3545 5039 3681 5127 paulo

2289 5113 2497 5184 tuamor
2527 5113 2685 5182 facile
2718 5127 2879 5181 videt.
2906 5125 3181 5180 Librarius
3212 5113 3392 5194 igitur,
3421 5124 3526 5194 sive
3545 5113 3779 5194 quod‘?l['f

2287 5214 2446 5266 quem
2496 5198 2837 5252 describebat
2888 5195 3009 5251 libri
3052 5184 3389 5266 scripturam
3420 5184 3712 5266 satis—ce]?
3730 5184 3780 5266 ff

2288 5252 2488 5338 liquido
2516 5266 2824 5338 perspicere
2858 5281 2963 5338 non
3010 5252 3212 5338 posset,
3240 5252 3779 5338 dubitaretque.lqli’f'lf‘;l

2288 5311 2571 5392 illo-modio
2609 5311 2868 5406 scriptum
2909 5311 3069 5403 forert,
3101 5311 3215 5406 sive
3268 5336 3409 5402 quod
3438 5311 3568 5386 aliud
3612 5324 3658 5406 ill

2289 5407 2692 5476 exemplaribus
2721 5393 3009 5476 ‘scriptum
3047 5393 3377 5472 reperisset,
3413 5393 3775 5476 utrumql'SPﬁ:

2289 5481 2418 5542 snit,
2449 5462 2506 5531 'et
2534 5475 2798 5530 lectorum
2823 5462 3027 5545 judicio
3050 5462 3325 5545 permisit,
3361 5462 3529 5529 utrum
3552 5462 3776 5545 veriuij

2289 5529 2524 5641 seritis.-
2542 5545 2746 5641 litis“
2771 5529 3428 5641 sv.‘}9.'33.15'.!39“'..9°3‘31'
3450 5529 3770 5641 εὲξνωίῗτῖἓῖ

2285 5591 2524 5687 ὄδὶἷῶὖὲ
2542 5591 2746 5686 illa}?
2772 5591 3432 5687 ᾖίιῖἑίᾶἐᾜξὶπῗῠᾷὲζ
3455 5591 3588 5672 ἱερέα,
3624 5614 3665 5654 ε.
3705 5591 3770 5651 Ni.

2284 5683 2436 5757 cujus
2473 5683 2636 5744 verba
2676 5687 2986 5743 exscribere
3013 5702 3118 5743 non
3143 5683 3516 5741 dubitavimus.
