4048 6220
276 310 387 364 377

1410 305 1695 361 HOMILIA
1737 305 1805 359 IN
1841 303 2180 361 PSALMUM
2218 302 2458 356 XXXIII.
3427 301 3531 355 578

272 425 459 485 τόπον,
486 424 540 473 al
572 422 668 489 μὲν
700 420 967 490 ὀφθαλμοὶ
1000 420 1276 487 λέγονται,
1316 419 1394 490 τῷ
1424 419 1520 490 τὴν
1555 419 1857 489 ἐπισκοπὴν

1964 417 2123 482 oculi,
2150 419 2291 487 quod
2341 416 2710 472 concreditum
2753 416 2831 470 eis
2871 415 2942 471 sit
2976 430 3172 470 munus
3222 430 3319 470 nos
3365 417 3533 482 inspi-

275 512 434 583 ἡμῶν
458 509 828 580 πιστευθῆναι,
855 512 910 563 αί
938 510 993 561 δὲ
1013 504 1147 573 ὦτα,
1173 509 1249 579 τῷ
1279 508 1676 580 παραδέχεσθαι
1700 510 1855 578 ἡμῶν

273 606 375 667 τάς
404 603 634 672 δεήσεις.
671 602 783 655 Νῦν
822 598 914 655 οὖν
958 600 1056 671 τὴν
1091 601 1392 671 ὲποπτικὴν
1423 600 1577 670 ἡμῶν
1605 600 1852 668 δύναμιν,

273 697 372 750 καὶ
410 696 509 765 τὴν
558 694 665 746 τῶν
716 694 884 764 εὐχῶν
933 693 1345 764 ἀντιληπτικὴν,
1395 693 1706 763 ὀφθαλμοὺς
1736 689 1855 745 εἷπε

278 787 372 840 καὶ
430 781 563 839 ὦτα.
624 784 941 853 Ὀρθαλμοὶ
985 780 1101 838 οὖν
1146 787 1367 852 Κυρίου
1412 785 1511 837 ἐπὶ
1564 784 1853 848 δικαίους,

274 882 377 933 καὶ
420 875 538 932 ὦτα
578 877 765 932 αὑτοῦ
808 881 895 942 εἰς
935 876 1150 943 δέησιν
1189 878 1404 930 αὐτῶν.
1453 877 1669 947 Ἐπειδὴ
1710 879 1857 930 πᾶσα

277 970 477 1042 πρᾶξις
515 970 607 1023 τοῦ
646 970 856 1023 δικαίου
894 968 1017 1032 ἀξία
1048 970 1143 1038 τῆς
1179 968 1411 1039 θεωρίας
1440 968 1532 1020 τοῦ
1568 968 1724 1029 Θεοῦ,
1760 968 1854 1020 καὶ

276 1064 387 1115 πᾶν
440 1062 618 1132 ῥῆμα,
676 1060 754 1130 τῷ
811 1060 975 1130 μηδὲν
1033 1058 1217 1128 ἀργῶς
1274 1060 1525 1127 λέγεσθαι
1570 1060 1719 1131 παρά
1764 1059 1857 1111 τοῦ

275 1155 508 1217 δικαίου,
551 1153 769 1224 ἐνεργόν
811 1155 926 1204 ἐστι
960 1153 1051 1204 καὶ
1086 1150 1422 1222 ἔμπρακτον,
1458 1151 1546 1203 διά
1585 1151 1745 1204 τοῦτο
1774 1150 1859 1203 ἁε)⁵

279 1245 580 1318 ὲρορᾶσθαι
610 1246 703 1297 καὶ
741 1245 825 1297 ἀεὶ
856 1244 1232 1297 είσακούεσθαι
1263 1244 1353 1296 τὸν
1389 1244 1595 1296 δίκαιον
1636 1246 1663 1297 ὁ
1704 1243 1861 1311 λόγος

282 1340 432 1408 φησί.
470 1339 799 1405 Πρόσωπον
840 1335 907 1387 δὲ
938 1336 1159 1402 Κυρίου
1190 1335 1285 1387 ἐπὶ
1324 1336 1645 1400 ποιοῦντας
1686 1335 1857 1400 κακὰ,

279 1430 390 1484 τοῦ
426 1428 849 1496 ἐξολοθρεῦσαι
874 1428 941 1480 ἐκ
975 1426 1089 1496 γῆς
1120 1427 1186 1479 τὸ
1214 1429 1613 1495 μνημόσυνον
1639 1427 1856 1481 αὐτῶν.

282 1516 578 1587 Πρόσωπον
626 1513 734 1581 (20)
790 1507 940 1581 οἶμαι
992 1512 1091 1581 τὴν
1144 1511 1707 1583 πεπαρῤησιασμένην
1768 1511 1863 1564 καὶ

285 1607 528 1677 φανερὰν
558 1605 651 1657 τοῦ
691 1605 898 1673 Κυρίου
926 1604 1219 1673 ἐπιδημίαν
1252 1603 1349 1673 τὴν
1375 1604 1466 1655 ἐπὶ
1498 1602 1594 1673 τῆς
1629 1602 1862 1673 κρίσεως

284 1699 556 1769 λέγεσθαι.
590 1696 680 1749 Διὸ
710 1697 802 1750 καὶ¹
830 1696 1099 1766 ὀφθαλμοὶ¹
1126 1696 1352 1767 Κυρίου,
1377 1695 1451 1757 ὼς
1473 1694 1553 1746 ἔτι
1586 1694 1698 1762 (21)
1733 1695 1864 1764 πόρ-

1957 510 2157 572 ciendi,
2188 509 2308 562 aliae
2339 522 2518 571 aures,
2552 508 2695 576 quod
2728 518 2945 561 nostras
3003 522 3193 576 preces
3231 509 3522 577 excipiant.

1956 598 2109 651 Nunc
2134 598 2298 666 igitur
2323 598 2619 666 potentiam
2652 612 2770 664 quae
2810 612 2908 651 nos
2963 597 3200 665 inspicit,
3256 594 3311 652 et
3345 610 3526 667 poten-

1960 692 2089 744 tiam
2142 705 2261 758 quze
2313 704 2499 757 preces
2536 690 2782 756 suscipit,
2838 690 3027 744 oculos
3080 691 3217 743 dixit
3266 701 3532 747 etaures.

1960 782 2114 835 Oculi
2164 782 2326 850 igitur
2365 780 2581 833 Domini
2629 797 2786 846 super
2810 780 3006 848 justas,
3060 792 3105 835 et
3158 799 3312 835 aures
3338 784 3450 852 ejus
3479 785 3534 836 in

1957 892 2133 944 preces
2156 890 2356 927 eorum.
2394 874 2656 938 Quoniam
2695 875 2868 925 omnis
2893 873 3024 941 justi
3055 877 3197 928 actio
3241 877 3399 945 digna
3446 886 3529 929 est

1959 981 2079 1033 qua:
2113 981 2139 1016 a
2172 966 2277 1017 Deo
2307 965 2647 1031 inspiciatur,
2685 972 2738 1017 et
2772 980 2932 1019 omne
2966 967 3212 1030 verbum,
3244 981 3365 1019 cum
3398 967 3532 1020 nihil

1960 1060 2131 1112 otiose
2157 1074 2184 1107 a
2226 1056 2372 1124 justo
2406 1056 2640 1120 dicatur,
2680 1067 2958 1111 actuosum
3008 1067 3091 1110 est
3126 1067 3179 1109 et
3212 1057 3421 1124 clﬁcax,
3450 1060 3533 1112 id-

1961 1151 2106 1203 circo
2131 1149 2330 1217 justum
2384 1162 2597 1213 semper
2629 1148 2871 1215 conspici
2931 1158 2984 1201 et
3023 1162 3238 1217 semper
3286 1150 3532 1202 exaudiri

1962 1240 2076 1293 haec
2106 1239 2197 1292 illa
2227 1241 2389 1291 verba
2413 1241 2626 1292 docent.
2655 1239 2841 1311 (Vens.
2870 1240 2981 1311 l7.)
3018 1238 3204 1292 Vultus
3222 1251 3393 1293 autem
3429 1241 3540 1295 Do-

1961 1333 2090 1385 mini
2140 1349 2294 1399 super
2330 1332 2580 1398 facientes
2626 1333 2791 1396 mala,
2834 1343 2889 1386 ut
2930 1334 3115 1401 perdat
3165 1334 3228 1385 de
3258 1344 3396 1386 terra
3429 1349 3537 1387 me-

1962 1426 2184 1477 moriam
2242 1440 2443 1477 eorum.
2504 1425 2759 1477 Arbitror
2786 1434 3029 1493 apertum
3077 1440 3141 1477 ac
3182 1426 3533 1494 causpii-uum

1965 1516 2177 1570 Domini
2213 1516 2279 1570 ad
2325 1516 2585 1583 judicium
2640 1518 2930 1570 adventum
2978 1517 3084 1570 dici
3120 1516 3349 1570 vultum.
3391 1516 3537 1582 Qua-

1964 1616 2180 1674 propter
2206 1617 2257 1659 et
2306 1606 2445 1659 oculi
2502 1605 2732 1672 Domini,
2772 1606 2918 1658 velut
2960 1606 3134 1659 adhuc
3182 1606 3398 1661 eminus
3430 1621 3534 1662 nos

1967 1698 2322 1766 inspicientis,
2356 1696 2561 1766 justum
2594 1697 2794 1751 intueri
2819 1698 3073 1751 dicuntur
3102 1698 3146 1729 ⁸³
3173 1716 3185 1764 ;
3214 1698 3326 1765 ipse
3353 1706 3534 1753 autem

286 1793 459 1865 ρωθεν
496 1790 919 1851 ὲπισκοποῦντος
959 1790 1139 1859 ἡμᾶς,
1180 1788 1492 1841 ἐπιϐλέπειν
1526 1786 1616 1838 τὸν
1657 1786 1859 1839 δίκαιον

1967 1791 2150 1843 vultus
2203 1789 2402 1842 dicitur
2444 1790 2808 1857 appariturus,
2860 1790 2927 1842 ad
2972 1804 3188 1843 onmem
3225 1790 3529 1858 iniquitatis

283 1887 531 1957 εἴρηνται
553 1900 567 1913 ⁸
601 1882 732 1935 αὐτὸ
756 1882 812 1935 δὲ
861 1882 923 1934 τὸ
960 1880 1249 1951 πρόσωπον
1279 1877 1728 1948 ἑπιφανήσεσθαι,
1771 1876 1864 1929 ἐπὶ

284 1979 345 2031 τὸ
380 1975 755 2047 ὲξολοθρεῦσαι
789 1976 853 2027 ἐκ
882 1974 983 2043 γῆς
1014 1974 1119 2025 πᾶν
1142 1972 1201 2024 τὸ
1228 1972 1330 2040 τῆς
1359 1971 1624 2041 πονηρίας
1656 1988 1759 2040 μνη
1770 1970 1866 2039 μό-

286 2088 465 2122 συνον.
508 2069 601 2138 Μὴ
635 2067 743 2138 γάρ
787 2084 877 2137 μοι
929 2063 1253 2135 σωματικῶς
1290 2061 1757 2132 διαπεπλασμένον
1804 2060 1865 2114 τὸ

286 2161 575 2231 πρόσωπον
606 2158 699 2211 τοῦ
733 2158 865 2210 Θεοῦ
894 2158 1093 2227 νοήσῃς
1127 2155 1258 2223 (22)·
1303 2154 1423 2207 ἐπεὶ
1467 2153 1610 2206 οὕτω
1660 2170 1723 2221 γε
1775 2153 1865 2205 κα)⁸

286 2253 478 2319 ἄλογον
510 2246 645 2303 εἶναι
673 2250 814 2315 δόξει
854 2249 914 2301 τὸ
953 2247 1103 2318 παρὰ
1149 2245 1250 2315 τῆς
1290 2246 1511 2317 Γραφῆς
1553 2244 1861 2316 εἰρημένον,

290 2343 396 2414 ἰδίᾳ
431 2342 528 2413 μὲν
561 2340 867 2410 ὀφθαλμοὺς
904 2338 1168 2409 ὑπάρχειν
1219 2337 1624 2407 ὲπιλάμποντας
1652 2336 1730 2405 τῷ
1783 2335 1862 2387 δι-

287 2434 447 2504 καίῳ,
483 2433 587 2504 ἰδίᾳ
616 2432 673 2484 δὲ
710 2432 771 2484 τὸ
809 2431 1098 2501 πρόσωπον
1127 2429 1515 2500 ἐπιφερόμενον
1558 2430 1668 2506 τοῖς
1708 2444 1866 2497 πονη-

290 2531 421 2600 ροῖς.
472 2528 664 2581 Καίτοι
699 2526 823 2578 οὔτε
865 2524 1132 2594 ὀφθαλμοὶ
1183 2524 1351 2593 χωρὶς
1394 2520 1684 2592 προσώπου
1728 2520 1861 2591 (25),

286 2617 409 2670 οὔτε
445 2618 733 2687 πρόσωπον
755 2614 1047 2683 ὀφθαλμῶν
1082 2615 1228 2665 ὲστιν
1262 2612 1505 2681 ἄμοιρον.
1547 2610 1865 2680 Ἀνθρωπος

293 2712 392 2781 μὲν
430 2707 523 2763 οὖν
577 2711 637 2761 οὐ
682 2708 754 2779 μὴ
790 2709 873 2777 ἴδῃ
905 2708 966 2759 τὸ
990 2706 1278 2777 πρόσωπον
1312 2704 1537 2775 Κυρίου,
1582 2705 1673 2756 καὶ
1700 2703 1863 2774 ζήσε-

288 2822 377 2857 ται
405 2822 416 2833 ·
451 2804 499 2855 οἱ
543 2802 598 2855 δὲ
635 2801 852 2869 ἄγγελοι
881 2799 987 2853 τῶν
1023 2801 1082 2851 ἐν
1109 2802 1175 2870 τῇ
1218 2798 1511 2868 Ἐκκλησία
1544 2796 1754 2868 μικρῶν
1778 2797 1866 2851 διά

291 2894 488 2957 παντὸς
514 2893 765 2962 βλέπουσι
798 2891 857 2943 τὸ
884 2891 1174 2961 πρόσωπον
1204 2889 1296 2942 τοῦ
1325 2889 1536 2958 Πατρὸς
1565 2889 1720 2959 ἡμῶν
1752 2889 1861 2957 (24)

288 2986 379 3039 τοῦ
424 2988 481 3038 ὲν
511 2988 623 3047 τοῖς
658 2985 923 3055 οὐρανοῖς.
968 2982 1112 3035 Διότι
1162 2983 1254 3034 νῦν
1300 2982 1397 3052 μὲν
1436 2983 1683 3052 χωρῆσαι
1718 2984 1863 3053 ἡμᾶς

287 3078 383 3149 τὴν
422 3077 548 3131 θέαν
584 3075 684 3146 τῆς
718 3074 926 3139 ἐνδόξου
959 3074 1281 3143 ἐπιφανείας
1316 3074 1400 3127 διά
1444 3074 1541 3144 τὴν
1581 3074 1865 3129 ἀσθένειαν

287 3172 384 3240 τῆς
415 3170 614 3240 σαρκὸς
633 3169 729 3239 τὴν
753 3167 1141 3239 περικειμένην
1164 3170 1295 3238 ἡμῖν
1324 3169 1604 3238 ἀμήχανον
1622 3185 1634 3197 ο
1663 3170 1710 3220 οἱ
1745 3168 1863 3239 μέν·

288 3278 367 3313 τοι
400 3260 649 3328 ἄγγελοι,
692 3258 770 3330 τῷ
814 3259 980 3329 μηδὲν
1030 3258 1173 3328 ἔχειν
1214 3260 1581 3330 προκάλυμμα
1622 3262 1861 3315 τοιοῦτον

290 3353 670 3425 παραπλήσιον
711 3355 777 3423 τῇ
817 3352 1062 3423 ἡμετέρᾳ
1109 3352 1291 3422 σαρκὶ,
1330 3352 1419 3403 ὑπ’
1442 3351 1654 3415 οὐδενὸς
1691 3355 1863 3424 ὲμπο-

286 3443 517 3508 δίζονται
573 3442 834 3514 διηνεκῶς
892 3443 1217 3507 ἐνατενίζειν
1290 3442 1368 3513 τῷ
1428 3443 1705 3515 προσώπῳ
1759 3445 1859 3514 τῆς

290 3534 447 3604 δόξης
478 3532 570 3585 τοῦ
595 3532 751 3585 Θεοῦ.
798 3534 959 3585 Ὥστε
990 3535 1084 3585 καὶ
1118 3534 1295 3603 ἡμεῖς,
1330 3532 1549 3584 ἐπειδὰν
1576 3531 1860 3602 γενώμεθα

291 3628 394 3679 υἱοὶ
406 3626 505 3695 τῆς
529 3626 897 3687 ἀναστάσεως,
914 3626 1030 3677 τότε
1052 3623 1569 3694 καταξιωθησόμεθα
1588 3626 1683 3694 τῆς
1706 3626 1864 3696 πρόσ-

285 3736 432 3772 ωπον
485 3718 618 3790 πρὸς
658 3719 947 3787 πρόσωπον
993 3717 1263 3785 γνώσεως.
1307 3718 1439 3769 Τότε
1476 3717 1531 3769 δὲ
1557 3721 1605 3771 οἱ
1643 3718 1740 3786 μὲν
1780 3718 1859 3770 δί-

287 3826 428 3862 καιοι
468 3810 525 3861 ἐν
567 3808 882 3876 ἀγαλλιάσει
926 3808 1024 3877 τῆς
1073 3808 1200 3872 θέας
1243 3807 1334 3859 τοῦ
1397 3809 1686 3877 προσώπου
1735 3828 1864 3863 κατ-

1965 1881 2280 1935 memoriam
2334 1882 2401 1934 de
2445 1890 2590 1933 terra
2623 1881 2928 1935 delendam.
2962 1882 3104 1935 Cave
3143 1882 3284 1935 enim
3322 1882 3529 1950 cogites

1967 1971 2059 2024 Dei
2116 1971 2321 2022 vultum
2371 1971 2636 2039 corporali
2698 1971 2881 2038 Specie
2933 1984 3054 2023 esse
3109 1972 3530 2025 conformatum.

1964 2061 2219 2129 Alioquin
2263 2062 2333 2113 ita
2358 2076 2571 2129 quoque
2599 2062 2890 2115 absurdum
2910 2062 3180 2115 videbitur
3211 2063 3356 2129 quod
3386 2062 3535 2116 Scri—

1966 2161 2125 2221 ptura
2174 2151 2333 2213 dixit,
2374 2166 2618 2205 seorsum
2651 2152 2867 2221 quidem
2902 2151 3087 2205 oculos
3116 2168 3236 2207 esse
3272 2154 3363 2221 qui
3389 2154 3536 2222 justo

1966 2239 2277 2309 aﬂulgeant,
2311 2255 2557 2295 seorsum
2603 2254 2728 2293 vero
2760 2241 2965 2293 vultum
3008 2243 3097 2309 qui
3144 2244 3196 2295 in
3242 2243 3411 2297 malos
3454 2244 3537 2296 in-

1968 2342 2145 2387 tentus
2176 2333 2266 2385 sit.
2305 2332 2371 2386 Et
2399 2346 2526 2387 vero
2552 2346 2727 2402 neque
2755 2333 2897 2387 oculi
2940 2333 3058 2387 sine
3087 2335 3238 2388 vultu
3264 2346 3409 2397 sunt,
3436 2352 3538 2391 ne-

1966 2441 2069 2495 que
2095 2425 2271 2479 vultus
2317 2440 2514 2493 expers
2543 2436 2625 2479 est
2653 2425 2955 2479 oculorum.
2991 2425 3162 2480 llorno
3212 2427 3376 2497 igitur
3427 2444 3540 2484 non

1966 2519 2167 2573 videbit
2195 2518 2387 2573 faciem
2419 2518 2653 2581 Domini,
2683 2530 2735 2573 et
2763 2519 2907 2573 vivet
2930 2520 2975 2550 δ’
3014 2537 3025 2572 :
3055 2521 3232 2589 angeli
3289 2536 3413 2574 vere
3442 2536 3538 2575 eo-

1968 2627 2085 2665 rum
2118 2612 2209 2679 qui
2234 2611 2285 2665 in
2327 2610 2565 2664 Ecclesia
2602 2611 2779 2679 pusilli
2806 2622 2950 2677 sunt,
2986 2627 3204 2682 semper
3241 2614 3424 2668 vident
3452 2614 3538 2668 fa-

1966 2705 2103 2759 ciem
2132 2704 2309 2758 Patris
2336 2705 2531 2765 nostri,
2557 2705 2648 2773 qui
2690 2704 2741 2757 in
2774 2704 2928 2759 caelis
2962 2715 3045 2757 est
3074 2705 3141 2759 ⁸³.
3186 2707 3360 2772 Quare
3395 2722 3541 2762 nunc

1966 2797 2182 2865 quidem
2232 2795 2349 2849 fieri
2384 2810 2489 2848 non
2520 2803 2720 2863 potest,
2777 2804 2837 2849 ut
2885 2811 3002 2859 nos,
3038 2796 3288 2866 gloriosa!
3313 2799 3540 2853 visionis

1968 2899 2272 2957 aspectum,
2302 2891 2372 2942 ob
2397 2890 2577 2943 carnis
2597 2888 2928 2943 debilitatem
2962 2904 3060 2943 nos
3084 2891 3537 2958 circumdantem,

1968 2982 2479 3050 appreltendantus;
2539 2982 2715 3051 angeli
2759 2997 2929 3045 vero,
2980 2982 3123 3050 quod
3168 2983 3372 3037 nullum
3429 2985 3539 3039 tale

1967 3070 2334 3125 velamentum
2362 3071 2564 3125 habent
2587 3071 2738 3126 carni
2768 3080 2965 3125 nostra:
2991 3072 3291 3138 consimile,
3315 3089 3374 3128 re
3392 3076 3539 3129 nulla

1971 3163 2337 3233 impediuntur
2383 3164 2673 3230 quominus
2710 3163 2904 3217 faciem
2946 3164 3132 3234 gloriae
3188 3166 3281 3220 Dei
3335 3166 3541 3237 jugiter

1967 3263 2424 3331 contemplentur.
2459 3261 2639 3327 Quare
2664 3270 2718 3315 et
2753 3277 2875 3326 nos,
2904 3272 3256 3333 posteaquam
3281 3263 3377 3319 lilii
3408 3264 3540 3318 facti

1968 3353 2231 3408 fuerimus
2274 3352 2711 3415 resurrectiOuis,
2762 3361 2893 3406 tunc
2918 3368 2979 3405 ea
3014 3369 3131 3421 qua:
3183 3364 3267 3408 est
3296 3354 3434 3408 facie
3472 3355 3541 3410 ad

1967 3447 2158 3499 faciem
2187 3446 2496 3515 cognitione
2525 3445 2887 3515 dignabimur.
2910 3446 3064 3499 Tunc
3087 3447 3231 3500 enim
3253 3447 3385 3517 justi
3410 3463 3544 3503 con-

1968 3548 2216 3608 spectum
2258 3539 2474 3607 quidem
2509 3537 2686 3591 vultus
2717 3538 2766 3590 in
2796 3537 3163 3592 exsultatione
3196 3555 3541 3609 consequent-

1971 3641 2058 3684 tur
2081 3670 2097 3695 ,
2140 3639 2457 3698 peccatores
2483 3644 2612 3683 vero
2658 3628 2709 3682 in
2738 3628 2979 3697 judicio;
3018 3645 3139 3682 cum
3169 3629 3412 3683 futurum
3445 3632 3537 3695 sit,

1968 3735 2027 3778 ut
2064 3733 2345 3794 peccatum
2387 3739 2548 3779 omne
2583 3725 2730 3793 justa
2778 3724 2867 3778 Dei
2899 3723 3167 3778 sententia
3203 3725 3539 3779 cxtermine~

1972 3826 2076 3872 tttr.

286 3900 697 3970 αξιωθήσονται·
748 3901 797 3952 οἱ
839 3899 895 3951 δὲ
924 3899 1035 3970 (25)
1069 3899 1381 3969 ἁμαρτωλοὶ
1429 3899 1485 3951 ὲν
1523 3899 1721 3971 κρίσει,
1766 3902 2066 3975 μελλούσης
2127 3903 2571 3975 ὲξολοθρεύεσθαι
2636 3902 2788 3974 παρά
2814 3904 2912 3972 τῆς
2937 3902 3147 3964 δικαίας
3176 3902 3412 3973 κρίσεως
3437 3898 3534 3953 τοῦ

288 3992 421 4046 Θεοῦ
454 3993 634 4062 πάσης
662 3992 759 4061 τῆς
794 3991 1088 4061 ἁμαρτίας.

359 4084 446 4135 12.
501 4081 856 4149 Ἐκέκραξαν
890 4082 942 4131 οἱ
976 4078 1215 4140 δίκαιοι,
1267 4077 1365 4131 καὶ
1409 4082 1441 4132 ό
1483 4081 1695 4147 Κύριος
1742 4084 1866 4133 810'-

287 4173 554 4241 ήκουσεν
576 4173 793 4237 αὐτῶν,
822 4174 917 4225 καὶ
935 4174 1001 4225 ἐκ
1032 4171 1243 4225 πασῶν
1258 4172 1377 4225 τῶν
1390 4174 1653 4241 θλίψεων
1667 4173 1866 4227 αὐτῶν

288 4270 577 4337 ὲρῤύσατο
595 4267 833 4330 αὐτούς.
870 4265 1052 4335 Νοητὴ
1078 4264 1186 4316 τῶν
1216 4265 1437 4317 δικαίων
1465 4267 1497 4334 ἡ
1532 4267 1768 4336 κραυγὴ,
1806 4267 1862 4317 ὲν

289 4363 365 4433 τῷ
404 4360 628 4431 κρυπτῷ
662 4359 761 4428 τῆς
795 4358 1017 4427 καρδίας
1056 4357 1153 4427 τὴν
1204 4358 1611 4427 μεγαλοφωνίαν
1645 4358 1858 4427 ἔχουσα,

2040 4083 2126 4136 12.
2186 4081 2349 4137 Vens.
2404 4082 2491 4135 l8.
2550 4080 2921 4135 Clamaverunt
2963 4080 3117 4149 justi,
3167 4089 3217 4133 et
3279 4080 3538 4134 Dominus

1969 4176 2239 4229 exaudivit
2282 4191 2372 4227 eos
2398 4214 2412 4238 ,
2468 4184 2516 4227 et
2557 4191 2621 4227 ea:
2683 4176 2921 4227 omnibus
2986 4173 3410 4226 tribulationibus
3451 4191 3539 4227 eo-

1969 4284 2085 4318 rum
2124 4267 2366 4319 liberavit
2410 4283 2515 4319 eos.
2559 4266 2830 4332 Spiritalis
2878 4277 2959 4320 est
3011 4265 3281 4333 justorum
3312 4265 3537 4329 clamor,

1969 4358 2022 4410 in
2057 4357 2270 4411 occulto
2304 4357 2484 4409 cordis
2512 4372 2723 4411 recessu
2753 4372 2937 4411 vocem
2971 4358 3135 4411 altam
3161 4357 3349 4417 edens,
3382 4356 3541 4424 quip-

289 4451 558 4521 δυναμένη
602 4448 884 4517 ἐφικέσθαι
927 4448 1038 4517 (26)
1084 4449 1176 4501 καὶ
1212 4449 1388 4501 αὐτῶν
1431 4448 1537 4501 τῶν
1572 4448 1726 4501 ὢτων
1770 4450 1859 4501 τοῦ

1969 4466 2034 4519 pe
2058 4452 2147 4521 qui
2179 4452 2244 4505 ad
2282 4452 2424 4519 ipsas
2451 4452 2612 4503 etiam
2656 4448 2749 4501 Dei
2794 4463 2952 4502 aures
3005 4460 3166 4517 queat
3209 4448 3533 4516 pertingere.

289 4545 442 4599 Θεοῦ.
487 4545 543 4596 '0
564 4544 671 4613 γὰρ
710 4540 920 4611 μεγάλα
970 4540 1166 4603 αἰτῶν,
1215 4540 1311 4593 καὶ
1358 4542 1485 4610 περ).
1525 4540 1861 4611 ἐπουρανίων

290 4637 599 4708 εὐχόμενος,
645 4628 797 4697 οὗτος
821 4632 1047 4697 κοάζει,
1094 4632 1188 4684 καὶ
1232 4632 1503 4703 ἀκουστὴν
1550 4632 1860 4703 ἀναπέμπει

1969 4542 2067 4607 Qui
2105 4542 2246 4595 enim
2281 4556 2473 4610 magna
2522 4539 2677 4607 petit,
2712 4546 3145 4607 apprecaturque
3183 4538 3449 4601 ewlestia,
3492 4538 3538 4589 is

1967 4636 2166 4689 clamat
2196 4645 2250 4689 et
2280 4649 2471 4703 preces
2500 4646 2620 4702 qua:
2659 4633 3026 4687 exaudiantur
3057 4633 3124 4686 ad
3156 4633 3321 4685 Deum
3356 4639 3539 4683 trans-

360 4837 407 4871 ⁸¹
441 4837 583 4892 l’sal.
621 4849 807 4895 xxxttl,
842 4834 928 4889 16.
1004 4834 1049 4865 ⁸³
1078 4834 1246 4887 Exod.
1289 4848 1480 4900 xxxut,
1506 4832 1595 4888 20.
1672 4834 1719 4866 ⁸³
1750 4834 1855 4887 Mat

1977 4849 2135 4901 xvm,
2172 4835 2260 4889 50.

362 5045 474 5116 (20)
501 5044 637 5098 Editi
665 5059 785 5116 cum
820 5058 924 5116 uno
952 5058 1049 5116 ms.
1070 5043 1375 5116 πρόσωπον
1406 5043 1485 5102 δέ,
1526 5042 1591 5116 rln
1611 5043 1845 5116 reliquis

290 5113 419 5169 vero
447 5130 576 5169 mss.
608 5114 793 5167 vocula
824 5113 880 5165 δέ
906 5113 1193 5167 omittitur.
1233 5115 1453 5172 Ibidem,
1488 5114 1574 5164 ubi
1609 5114 1659 5164 iu
1688 5114 1847 5166 editis

293 5187 503 5254 legitur,
544 5185 641 5256 τὴν
672 5183 1227 5256 πεπαρρησιασμένην
1258 5183 1351 5235 καὶ
1377 5182 1653 5256 φοϐεράνη
1678 5184 1849 5256 runni-

292 5253 476 5323 festum
515 5272 578 5307 ac
599 5253 993 5322 formidabilem
1018 5256 1313 5314 adventum,
1351 5257 1610 5319 scriptum
1644 5253 1850 5304 inveni-

291 5322 407 5377 mus
437 5326 490 5377 in
524 5340 709 5378 novem
748 5339 876 5375 mss.
908 5324 1004 5392 τὴν
1034 5323 1592 5393 πεπαρρησιασμένην
1624 5322 1717 5374 καὶ
1749 5338 1851 5390 φα-

291 5395 471 5465 νεράν,
506 5408 741 5465 αγρενιιιηι
768 5404 810 5445 et
847 5394 1179 5465 conspicuum
1212 5397 1507 5465 adventum,

361 5464 474 5532 (21)
524 5464 654 5518 Octo
706 5479 833 5515 mss.
872 5463 951 5515 διὸ
1004 5461 1273 5532 ὀφθαλμοὶ
1330 5462 1429 5531 μὲν
1478 5462 1553 5524 ὡς
1601 5460 1699 5513 ἔτι.
1733 5460 1853 5515 Mox

294 5534 444 5587 multi
476 5548 604 5586 mss.
639 5533 731 5586 ἐπὶ
751 5532 845 5602 τῷ.

364 5603 474 5671 (22)
510 5602 646 5656 Editi
674 5600 946 5673 ἐννοήσῃς.
977 5602 1045 5654 At
1091 5608 1293 5673 septem
1326 5616 1466 5673 mss.
1488 5600 1853 5673 νοήσῃς-ΑΗ-

293 5670 492 5741 quanto
524 5670 918 5743 postqmssfse'x
957 5672 1063 5743 ἰδίᾳ
1087 5671 1217 5743 γάρ.
1256 5671 1394 5743 Editi
1433 5671 1538 5743 ἰδίᾳ
1565 5672 1684 5741 μέν.
1716 5670 1850 5742 Reg.

296 5753 515 5811 quartus
547 5752 600 5796 et
629 5742 776 5797 Colb.
809 5741 1064 5811 septimus
1100 5742 1204 5812 ἰδίᾳ
1232 5741 1561 5812 ὀφθαλμούς.

2025 5041 2135 5111 (25)
2162 5042 2298 5096 Editi
2330 5043 2500 5113 χωρὶς
2523 5042 2615 5095 τοῦ
2652 5040 2965 5111 προσώπου.
3002 5041 3072 5113 At
3107 5056 3236 5093 mss.
3267 5056 3369 5113 non
3403 5056 3538 5109 pau-

1953 5112 2007 5183 ci
2048 5115 2215 5183 χωρὶς
2260 5111 2587 5183 προσώπου.
2633 5114 2745 5183 Mox
2802 5115 2919 5165 loco
2965 5112 3265 5183 verborum
3299 5111 3534 5171 illorum,

1954 5181 2077 5233 οὗτε
2109 5181 2396 5252 πρόσωπον
2439 5182 2731 5250 ὀφθαλμῶν
2782 5184 2929 5233 ἐστιν
2974 5182 3219 5251 ἄμοιρον,
3256 5181 3447 5252 legitur
3479 5184 3533 5252 in

1956 5250 2191 5333 editione
2233 5252 2390 5306 Basil.
2441 5254 2565 5305 οὔτε
2608 5253 2898 5322 πρόσωπον
2947 5250 3117 5322 χωρίς
3158 5252 3306 5302 ἐστιν
3333 5250 3539 5319 ὀφθαλ-

2003 5339 2075 5373 ων
2084 5361 2095 5371 .

1960 5339 2095 5393 μων.

2030 5391 2140 5455 024)
2178 5389 2255 5461 [ta
2279 5408 2407 5445 mss.
2443 5402 2671 5461 septem.
2710 5391 2851 5444 Edili
2878 5406 2997 5445 cum
3059 5391 3190 5459 Reg.
3234 5399 3387 5445 sexto
3423 5392 3536 5445 Πα-

1956 5461 2084 5532 τρὸς
2118 5459 2315 5512 αὐτῶν.

2028 5532 2141 5598 (-25)
2177 5534 2240 5581 Οἱ
2268 5530 2353 5591 δέ,
2380 5540 2483 5583 etc.
2508 5527 2814 5584 Peccatores
2846 5533 2897 5583 in
2926 5527 3381 5600 judicio._Supple
3422 5527 3535 5584 ἀπὸ

1956 5600 2157 5662 κοινοῦ,
2207 5600 2306 5669 τῆς
2348 5600 2487 5671 ,θέας
2544 5601 2635 5652 τοῦ
2666 5598 2958 5671 προσώπου
3009 5598 3531 5668 καταξιωθήσονται,

1957 5681 2231 5733 εοηδρεεια
2271 5670 2440 5722 vultus
2480 5670 2855 5739 dignabuutur,
2884 5673 2975 5725 sed
3014 5671 3371 5739 tremebundi.

2031 5740 2143 5811 (26)
2182 5741 2311 5811 Reg.
2350 5738 2545 5797 tertius
2566 5741 2873 5813 δυναμένην
2905 5738 3208 5813 ἐφικέσθαι.
