4048 6220
535 268 645 330 579

536 476 670 532 nihil
703 484 996 537 terrenum,
1032 470 1165 526 nihil
1198 469 1406 524 humile
1442 468 1823 538 inquisierunt.
1856 466 2109 537 Propter-

535 583 601 624 ea
669 581 853 622 vocem
893 565 1134 633 ipsorum
1177 560 1419 629 suscepit
1452 559 1735 623 Dominus,
1769 557 1928 628 155
1959 567 2013 612 et
2042 572 2109 611 ex

536 655 790 713 omnibus
824 650 1268 709 tribulationibus
1299 663 1492 703 eorum
1531 648 1791 702 liberavit
1844 662 1958 702 eos.
2005 646 2112 700 Ta-

541 764 663 803 men
687 764 793 803 non
820 755 932 800 tam
967 759 1061 798 eos
1096 758 1125 796 a
1161 744 1323 796 rebus
1352 740 1599 795 adversis
1636 739 1913 802 liberavit,
1947 751 2110 807 quam

538 855 631 895 eos
659 820 970 894 eventorum
1000 837 1236 889 victores
1264 833 1462 888 ell‘ecit.
1485 831 1671 902 (Vens.
1704 830 2005 901 l9.)Prope
2036 838 2112 884 est

540 930 795 983 Dominus
831 928 896 979 iis
927 926 1016 995 qui
1050 924 1277 977 contrito
1306 932 1427 977 sunt
1463 922 1643 984 corde,
1674 932 1721 974 et
1753 920 1975 973 humiles
2002 920 2111 985 spi-

539 995 648 1072 ritu
669 1018 911 1071 salvabit.
936 1015 1046 1070 Sua
1074 1014 1246 1083 ipsius
1271 1013 1512 1068 bonitate
1534 1012 1789 1066 omnibus
1817 1011 2111 1081 appropin-

541 1114 676 1176 quat
715 1106 973 1159 Dominus
1016 1121 1029 1156 :
1067 1118 1170 1156 nos
1207 1116 1336 1155 vero
1376 1115 1720 1155 removetuus
1754 1100 2115 1168 nosmetipsos

540 1213 637 1266 per
685 1207 990 1264 peccatum.
1034 1189 1171 1244 Ecce
1215 1192 1378 1253 enim,
1412 1190 1621 1258 inquit,
1655 1189 1745 1255 qui
1779 1188 2029 1257 elongant
2060 1206 2115 1242 se

541 1292 633 1343 abs
670 1299 736 1353 te,
766 1287 1007 1356 peribunt
1042 1283 1109 1336 3‘.
1140 1282 1480 1352 Quapropter
1516 1280 1729 1351 Moyses
1768 1279 1879 1335 Deo
1914 1295 2115 1349 appro-

542 1382 804 1450 pinquare
826 1377 1023 1432 dicitur
1040 1376 1118 1437 3";
1151 1385 1206 1429 et
1231 1374 1275 1428 si
1305 1375 1397 1443 qui
1426 1372 1568 1428 alius
1591 1373 1642 1427 ei
1668 1372 1865 1428 similis
1892 1381 1997 1439 est,
2022 1386 2117 1439 per

541 1471 801 1542 praeclara
829 1470 1071 1525 facinora
1100 1478 1157 1524 et
1198 1468 1445 1522 actiones
1480 1465 1650 1520 bonas
1682 1465 1791 1519 Deo
1831 1479 1997 1534 prope
2025 1478 2119 1518 ac-

544 1563 707 1618 cedit.
741 1561 867 1617 Hiec
899 1571 1080 1615 autem
1117 1559 1285 1613 verba
1325 1556 1671 1627 prophetiam
1719 1556 1986 1610 adventus
2014 1556 2120 1609 Do-

544 1653 676 1708 mini
711 1652 891 1721 palam
924 1652 1228 1715 continent,
1278 1648 1739 1717 consentiuutque
1779 1648 2122 1717 eum-priori-

1885 264 1945 319 S.
1986 261 2239 318 BASlLIl
2279 260 2496 317 MAGNI

536 385 725 439 mittit.
776 380 1143 437 Clamaveruut
1181 378 1364 447 itaque
1404 377 1578 447 justi;
1626 376 1760 431 nihil
1813 376 2109 445 abiectum,

2228 374 2288 445 τῷ
2324 373 2443 444 Θεῷ
2468 373 2565 444 τὴν
2581 373 2765 445 εὐχήν.
2794 373 3158 444 Ἐκέκραξαν
3177 369 3272 429 οὖν
3304 379 3371 429 οι
3395 375 3646 429 δίκαιοι
3668 391 3682 408 ·
3702 375 3836 430 οὐδὲν

3745 262 3832 319 580

2220 466 2615 537 μικροπρεπὲς,
2640 466 2761 542 οὐδὲ
2783 467 2991 536 γήϊνον,
3017 466 3138 519 οὐδὲ
3160 467 3450 520 ταπεινὸν
3473 466 3830 538 ὲπεζήτησαν.

2217 558 2315 610 Διά
2348 558 2504 610 τοῦτο
2536 557 2714 610 αὐτῶν
2757 556 3091 628 παρεδέξατο
3136 559 3233 632 τὴν
3286 557 3510 628 φωνὴν
3557 560 3589 611 6
3628 558 3833 629 Κύριος,

2218 649 2313 702 καὶ
2336 650 2401 701 ὲκ
2442 646 2634 700 πασῶν
2665 646 2773 699 τῶν
2797 646 3028 717 θλίψεων
3060 648 3236 702 αὐτῶν
3261 648 3580 721 ὲρρύσατο
3622 648 3830 713 αὐτούς’

2218 742 2278 793 οὐ
2304 739 2555 794 τοσοῦτον
2577 738 2827 793 ἀπολύων
2847 739 3045 803 αὐτοὺς
3067 740 3176 793 τῶν
3199 741 3509 811 ὀχληρῶν,
3536 741 3666 793 ὅσον
3682 741 3834 811 κρείτ-

2220 848 2378 895 τονας
2435 830 2545 883 τῶν
2600 831 3006 901 συμϐαινόντων
3072 833 3564 897 κατασκευάζων.
3645 833 3831 902 ἘΠ-εις

2219 927 2437 993 Κύριος
2478 924 2605 991 τοῖς
2648 925 3174 995 συντετριμμένοις
3219 924 3347 993 τὴν
3403 924 3712 994 καρδίαν,
3747 926 3830 978 καὶ

2220 1018 2362 1084 τοὺς
2412 1015 2731 1083 ταπεινοὺς
2780 1016 2861 1082 τῷ
2896 1018 3186 1086 πνεύματι
3228 1016 3473 1077 σώσει.
3523 1017 3609 1088 Τῇ
3655 1015 3827 1070 ἑαυτοῦ

2220 1109 2516 1180 ἀγαθότηπι
2572 1110 2736 1161 πᾶσιν
2797 1108 3032 1176 ἐγγίζει·
3086 1108 3467 1181 μακρύνομεν
3518 1109 3581 1161 δὲ
3626 1109 3827 1170 ἑαυτοὺς

2223 1201 2383 1270 ἡμεῖς
2406 1199 2494 1251 διὰ
2520 1197 2620 1267 τῆς
2673 1197 2965 1268 ἁμαρτίας.
3011 1196 3163 1251 Ἰδοὺ
3197 1198 3350 1265 γὰρ,
3408 1196 3625 1266 φησὶν,
3650 1197 3706 1247 οἱ
3730 1210 3826 1263 μα⁶

2223 1290 2545 1358 κρύνοντες
2591 1288 2844 1353 ἑαυτοὺς
2900 1287 3019 1341 ἀπὸ
3071 1287 3209 1353 σοῦ,
3264 1287 3698 1341 ἀπολοῦνται.
3743 1285 3823 1337 Διὰ

2222 1379 2379 1434 τοῦτο
2426 1381 2665 1453 Μωῦσῆς
2698 1381 2937 1450 ἐγγίζειν
2976 1379 3192 1448 λέγεται
3219 1378 3301 1450 τῷ
3334 1378 3477 1449 Θεῷ
3504 1396 3519 1409 ·
3560 1379 3659 1431 καὶ
3685 1377 3734 1431 εί
3754 1393 3819 1439 τις

2224 1472 2382 1536 ἄλλος
2429 1473 2806 1544 παραπλήσιος
2852 1472 3064 1543 ἐκείνῳ,
3094 1471 3162 1525 δι’
3207 1469 3708 1543 ἀνδραγαθήματα
3743 1470 3817 1523 καὶ

2226 1562 2453 1636 πράξεις
2494 1564 2703 1633 ἀγαθὰς
2746 1566 2911 1634 ἐγγὺς
2943 1565 3150 1633 γίνεται
3192 1563 3287 1616 τοῦ
3336 1563 3521 1616 Θεοῦ.
3554 1564 3817 1632 ’Δντικρδς

2225 1656 2283 1709 δὲ
2332 1658 2670 1728 προφητείαν
2714 1655 2828 1727 ἔχει
2853 1658 2883 1709 6
2928 1656 3084 1725 λόγος
3109 1656 3210 1727 τῆς
3245 1656 3577 1726 ἐπιδημίας
3606 1654 3699 1707 τοῦ
3724 1655 3811 1707 Ku-

546 1746 667 1799 bus.
721 1744 835 1799 Illic
893 1745 1038 1797 enim
1093 1742 1379 1797 dicebatur
1426 1753 1442 1793 :
1485 1738 1673 1793 Vultus
1704 1737 1919 1792 Domini
1966 1755 2123 1806 super

2228 1749 2342 1819 ρίου
2363 1789 2377 1813 ,
2408 1749 2501 1801 καὶ
2547 1749 2836 1819 σύμφωνος
2878 1746 2955 1818 τῷ
3001 1749 3319 1819 προάγοντι.
3372 1748 3542 1801 Ἐκεῖ
3595 1748 3690 1818 μὲν
3728 1746 3811 1816 γὰρ

545 1837 793 1906 facientes
823 1838 998 1899 mala,
1030 1836 1133 1889 hoc
1164 1843 1266 1901 est,
1322 1832 1441 1900 ejus
1471 1834 1523 1887 in
1554 1832 1759 1900 judicio
1793 1842 2120 1897 conspectus

544 1929 614 1983 ad
632 1929 1050 1997 disperdeudam
1082 1941 1300 1982 omnem
1325 1925 1669 1994 iniquitatem
1696 1925 1824 1978 (iet:
1854 1924 1943 1978 hic
1968 1938 2119 1990 vero,

456 2078 461 2084 ,
546 2017 719 2087 Prope
747 2030 820 2072 est
866 2019 1118 2071 Dominus
1152 2018 1221 2070 iis
1251 2017 1340 2087 qui
1384 2018 1610 2069 contrito
1651 2025 1772 2068 sunt
1802 2015 1980 2079 corde,
2017 2014 2122 2068 Do-

547 2110 677 2163 mini
712 2111 763 2163 in
795 2124 963 2164 carne
989 2111 1278 2163 adventum
1308 2106 1656 2176 praenuntiat,
1688 2106 2123 2175 appropinquan-

549 2212 656 2255 tem
681 2202 818 2271 jam,
847 2209 904 2255 et
932 2216 1037 2254 non
1075 2198 1263 2269 procul
1297 2198 1614 2252 distantem.
1641 2197 1818 2265 Atque
1851 2197 2013 2267 hujus
2042 2197 2120 2252 rei

553 2292 720 2347 faciat
755 2282 860 2347 tibi‘
900 2292 1058 2346 ﬁdem
1103 2290 1389 2361 prophetia
1445 2289 1642 2343 Isaiae:
1690 2285 1928 2357 spiritus
1979 2290 2123 2343 enim

548 2383 761 2438 Domini
790 2398 947 2453 super
975 2398 1055 2436 me
1085 2398 1104 2436 :
1141 2372 1352 2451 propter
1383 2381 1523 2452 quod
1560 2380 1707 2433 unxit
1739 2395 1820 2432 me
1849 2392 1869 2431 .'
1897 2395 2124 2447 evange-

549 2477 718 2528 tizare
751 2474 1064 2543 pauperibus
1093 2473 1231 2526 misit
1275 2488 1388 2536 me,
1422 2486 1613 2525 sanare
1645 2470 1900 2523 contritas
1945 2470 2124 2535 corde,

548 2566 838 2635 praedicare
880 2565 1093 2635 captivis
1133 2565 1514 2630 remissionem,
1563 2572 1613 2617 et
1656 2563 1810 2616 crucis
1843 2563 2014 2617 visum
2057 2562 2125 2615 ⁸⁸.

552 2658 688 2713 Cum
742 2657 889 2711 enim
950 2658 1195 2712 medicus
1257 2658 1566 2710 mitteretur
1617 2653 1869 2710 contritis
1923 2654 2126 2718 corde,

551 2746 746 2816 Prope,
777 2746 975 2817 inquit,
1004 2746 1259 2800 Dominus
1285 2755 1359 2799 est
1393 2759 1412 2796 :
1451 2744 1599 2798 vobis
1622 2744 1743 2798 dico
1774 2744 1867 2813 qui
1899 2743 2130 2797 humiles

549 2840 685 2895 estis
702 2880 717 2902 ,
740 2840 942 2909 quique
963 2839 1163 2894 fastum
1186 2848 1430 2893 vestrum
1451 2836 1810 2901 contrivistis,
1847 2851 1944 2890 vos
1970 2835 2128 2891 simul

552 2933 950 2997 laetiﬁcaturus,
977 2940 1034 2985 et
1075 2946 1172 3000 per
1213 2930 1468 3000 gaudium
1501 2944 1683 2983 rerum
1709 2929 2014 2984 futurarum
2063 2933 2127 2986 ad

553 3023 900 3077 tolerantiam
976 3021 1315 3077 inducturus.
1386 3019 1656 3075 Contritio
1707 3030 1888 3074 autem
1949 3021 2130 3074 cordis

2220 1837 2472 1906 ἐλέγετοο
2521 1841 2853 1906 Πρόσωπον
2901 1839 3012 1910 (‘27)
3060 1840 3283 1907 Κυρίου
3349 1838 3465 1893 ἐπὶ.
3519 1838 3808 1902 ποιοῦντας

2220 1928 2719 1995 κακά’τουτέστιν,
2748 1931 2781 2000 ἡ
2822 1930 3108 2000 ἐπιφάνεια
3135 1929 3302 1984 αὑτοῦ
3340 1930 3504 1984 κατά
3533 1930 3634 2001 τὴν
3662 1930 3809 1999 κρίσιν

2222 2021 2315 2073 ἐπὶ
2338 2020 2632 2091 ἀφανισμῷ
2679 2023 2861 2091 πάσης
2899 2022 3165 2093 πονηρίας
3199 2023 3515 2092 γενήσεται
3537 2039 3551 2051 ·
3608 2018 3804 2074 ἐνταῦθα

2222 2111 2315 2176 δὲ,
2363 2112 2577 2182 Ἐγγὺς
2616 2116 2648 2166 ό
2696 2114 2912 2182 Κύριος
2952 2113 3076 2178 τοῖς
3123 2112 3674 2182 συντετριμμένοις
3720 2108 3806 2175 τὴν

2225 2202 2504 2271 καρδίαν,
2544 2203 2641 2274 τὴν
2701 2204 2994 2274 ἐπιδημίαν
3039 2203 3137 2275 τὴν
3187 2202 3281 2256 τοῦ
3348 2202 3575 2273 Κυρίου
3626 2201 3714 2272 τὴν
3758 2201 3801 2252 ἐν

2228 2296 2390 2365 σαρκὶ
2413 2294 2773 2365 προαγγέλλει
2792 2335 2806 2360 ,
2841 2294 3161 2363 ἐγγίζουσαν
3192 2294 3292 2365 ἤδη
3314 2334 3333 2358 ,
3372 2297 3478 2350 καὶ
3510 2295 3575 2348 οὑ
3623 2292 3803 2364 μακρὰν

2227 2388 2616 2459 ἀφεστηκυῖαν.
2655 2388 2766 2440 Καὶ
2796 2386 2954 2440 τοῦτό
2989 2403 3069 2439 σοι
3111 2386 3303 2440 πιστὸν
3341 2387 3413 2440 ὲκ
3456 2389 3561 2457 τῆς
3614 2385 3795 2437 Ἡσαΐου

2230 2478 2563 2550 προφητείας
2583 2477 2822 2547 γενέσθω
2840 2494 2855 2507 ’
2882 2478 3123 2546 Πνεῦμα
3156 2476 3263 2548 γὰρ
3295 2479 3538 2546 Κυρίου
3582 2477 3670 2529 ἐπ’
3700 2471 3795 2542 ἐμὲ,

2229 2562 2300 2621 οὗ
2337 2566 2543 2620 ἕνεκεν
2588 2564 2797 2635 ἕχρισέ
2834 2580 2943 2635 με’
3006 2566 3535 2635 εὐαγγελίσασθαι
3582 2560 3797 2631 πτωχοῖς

2230 2657 2578 2712 ἀπέσταλκέ
2623 2675 2732 2728 με,
2789 2658 3028 2714 turmam
3076 2658 3216 2725 τοὺς
3271 2655 3795 2727 συντετριμμένους

2231 2750 2345 2817 τὴν
2385 2748 2656 2818 καρδίαν,
2698 2749 2951 2817 κηρύξαι
2988 2748 3395 2819 αἰχμαλώτοις
3439 2748 3685 2818 ἄφεσιν,
3718 2743 3793 2797 καὶ

2231 2842 2482 2911 τυφλοῖς
2512 2842 2867 2909 ἀνάϐλεψιν.
2912 2842 3127 2911 Ἐπειδὴ
3173 2840 3281 2911 γὰρ
3333 2840 3532 2911 ἰατρὸς
3573 2834 3794 2892 ἀπεστέλ-

2231 2935 2352 2988 λετο
2407 2934 2517 2988 τῶν
2576 2935 3048 3007 συντετριμμένων
3101 2936 3199 3006 τὴν
3258 2935 3536 3006 καρδίαν,
3598 2927 3790 2999 Ἐπτὺς,

2237 3029 2390 3099 φησὶν
2454 3029 2666 3094 Κύριός
2709 3027 2905 3081 ἐστιν’
2948 3028 3078 3098 ὑμῖν
3117 3027 3259 3095 λέγω
3281 3031 3404 3091 τοῖς
3436 3025 3702 3085 ταπεινοῖς
3720 3017 3790 3073 καὶ

552 3115 872 3185 exstirpatio
905 3123 989 3168 est
1020 3115 1381 3167 humanarum
1410 3112 1829 3181 cogitationum.
1857 3111 1956 3177 Qui
1987 3127 2125 3181 prae-

2231 3117 2582 3188 συντρίψασιν
2613 3115 2820 3169 ἑαυτῶν
2868 3116 2928 3169 τὸ
2970 3117 3224 3188 φρόνημα
3266 3116 3422 3185 (28),
3451 3106 3790 3184 εὐθυμοποιῶν

550 3209 726 3263 seutia
776 3205 1125 3274 contempsit,
1179 3219 1243 3259 ac
1276 3218 1337 3258 se
1395 3204 1507 3273 ipse
1547 3204 1640 3257 Dei
1687 3203 1899 3258 addixit
1939 3205 2126 3267 verbo,

553 3307 904 3367 mentemque
937 3309 1090 3351 suam
1122 3295 1189 3349 ad
1234 3310 1328 3349 eas
1373 3295 1737 3362 cogitationes
1781 3310 1905 3364 quae
1954 3294 2130 3349 homi-

554 3405 678 3447 nem
727 3397 1020 3459 superant,
1053 3402 1118 3441 ac
1162 3392 1334 3456 magis
1377 3388 1573 3442 divinae
1607 3395 1763 3448 sunt,
1813 3388 2051 3456 appulit,
2084 3388 2129 3443 is

554 3485 745 3555 utique
777 3481 938 3536 fuerit
968 3481 1056 3550 qui
1083 3480 1377 3535 contritum
1408 3493 1502 3531 cor
1526 3477 1710 3542 habet,
1739 3478 1938 3548 quique
1969 3494 2127 3533 suum

554 3590 652 3629 cor
700 3573 1028 3629 sacriﬁcium
1080 3573 1224 3642 quod
1280 3586 1313 3625 a
1369 3570 1597 3626 Domino
1650 3585 1754 3624 non
1811 3571 2127 3639 despicitur,

553 3666 752 3721 effecit.
794 3664 899 3719 Cor
924 3667 1064 3719 enim
1092 3666 1378 3718 contritum
1409 3673 1455 3715 et
1484 3662 1824 3715 humiliatum
1861 3662 1998 3716 Deus
2029 3678 2130 3716 non

555 3760 803 3829 despiciet
832 3759 900 3811 ⁸⁷.
926 3756 1098 3827 Prope
1118 3768 1192 3812 est
1216 3759 1382 3826 igitur
1407 3754 1665 3808 Dominus
1691 3755 1932 3807 contritis
1954 3755 2128 3821 corde,

554 3863 603 3906 et
633 3852 854 3905 humiles
879 3851 1071 3918 spiritu
1096 3848 1340 3904 salvabit.
1370 3847 1473 3913 Qui
1503 3846 1633 3912 nihil
1669 3846 1830 3899 habet
1858 3845 2129 3911 elationis,

557 3958 733 4012 neque
783 3943 855 3997 ob
903 3941 1069 3995 ullam
1115 3955 1230 3994 rem
1286 3940 1578 3992 humanam
1628 3936 1906 4006 superbit,
1947 3937 2038 3991 hic
2078 3949 2134 3992 et

557 4034 824 4091 contritus
859 4043 943 4087 est
979 4034 1164 4096 corde,
1197 4041 1251 4086 et
1281 4031 1501 4083 humilis
1532 4029 1747 4098 Spiritu.
1788 4028 1885 4082 Est
1913 4028 2131 4096 quidem

557 4126 780 4183 humilis
812 4135 870 4178 et
907 4125 955 4178 is
991 4126 1081 4193 qui
1119 4128 1170 4176 in
1207 4133 1429 4191 peccato
1461 4120 1724 4184 ambulat,
1769 4135 1893 4174 cum
1941 4134 2133 4188 pecca-

559 4227 674 4272 tum
705 4217 951 4272 omnium
995 4215 1231 4269 maxime
1277 4212 1535 4268 humilem
1577 4213 1786 4266 reddat.
1826 4211 1961 4266 Hinc
1998 4212 2135 4266 dici-

558 4324 682 4365 mus
711 4306 1048 4363 humiliatam
1078 4318 1199 4360 esse
1224 4312 1280 4359 ct
1327 4317 1448 4357 eam
1480 4316 1601 4370 qua:
1632 4311 1884 4369 corrupta
1919 4310 2025 4365 est,
2071 4316 2134 4356 ac

2231 3207 2374 3277 ὑμᾶς
2405 3208 2498 3260 καὶ
2519 3208 2597 3269 είς
2623 3206 3003 3278 μακροθυμίαν
3025 3207 3232 3275 ὲνάγων
3253 3208 3319 3276 τῇ
3351 3207 3501 3278 χαρᾷ
3526 3203 3631 3258 τῶν
3656 3213 3787 3271 atpos-

2228 3297 2570 3367 δοκωμένων.
2589 3297 2932 3369 Συντριμμὸς
2956 3296 3012 3349 δὲ
3037 3297 3264 3368 καρδίας
3288 3299 3445 3350 ἐστὶν
3470 3298 3500 3349 ό
3519 3289 3786 3364 ἀφανισμὺς

2229 3390 2337 3441 τῶν
2372 3388 3073 3460 ἀνθρωπίνωνολογισμῶν.
3124 3389 3182 3441 Ὀ
3233 3389 3656 3461 καταφρονήσας
3701 3379 3784 3433 τῶν

2229 3481 2376 3550 τῇδε,
2406 3480 2501 3531 καὶ
2534 3478 2886 3541 ἀποδεδωκὼς
2912 3479 3102 3534 ἑαυτὸν
3134 3478 3213 3549 τῷ
3242 3479 3393 3551 λόγῳ
3424 3478 3521 3532 τοῦ
3551 3473 3694 3535 Θεοῦ,
3715 3467 3785 3524 καὶ

2231 3571 2560 3642 ἐμπαρέχων
2593 3558 2789 3623 ἑαυτοῦ
2818 3571 2878 3623 τὸ
2909 3571 3235 3642 ἡγεμονικὸν
3264 3575 3377 3636 τοῖς
3427 3572 3568 3638 ὑπὲρ
3611 3564 3780 3634 ἄνθρω-

2232 3681 2332 3717 πον
2358 3664 2451 3716 καὶ
2485 3662 2776 3733 θειοτέροις
2817 3663 3110 3733 νοήμασιν,
3149 3656 3301 3726 οὗτος
3331 3661 3403 3717 ἂν
3438 3661 3526 3731 εἴη
3570 3660 3598 3711 ὁ
3637 3668 3782 3709 συντε-

2232 3755 2539 3827 τριμμένην
2587 3754 2723 3825 ἔχων
2773 3756 2873 3826 τὴν
2926 3756 3177 3826 καρδίαν,
3223 3755 3318 3808 καὶ
3371 3757 3603 3825 ποιήσας
3646 3745 3778 3812 αὐτὴν

2232 3848 2421 3902 θυσίαν
2447 3849 2547 3901 οὐκ
2570 3847 3001 3918 ὲξουδενωμένην
3025 3848 3129 3901 ὑπὸ
3166 3847 3259 3901 τοῦ
3294 3848 3526 3920 Κυρίου.
3563 3839 3781 3909 Καρδίαν

2230 3937 2343 4007 γὰρ
2371 3937 2482 4010 (29)
2529 3936 3043 4006 συντετριμμένην
3092 3936 3188 3991 καὶ
3234 3932 3725 4003 τεταπεινωμένην
3751 3922 3781 3978 ά

2236 4029 2379 4096 Θεὸς
2436 4032 2548 4083 οὐκ
2591 4028 3001 4094 ἐξουδενώσει.
3050 4029 3256 4098 Ἐτγὺς
3303 4024 3422 4084 οὖν
3453 4028 3659 4093 Κύριος
3683 4013 3778 4078 τοῖς

2233 4120 2759 4191 συντετριμμένοις
2779 4119 2896 4189 τὴν
2921 4121 3191 4190 καρδίαν,
3216 4121 3316 4174 καὶ
3337 4120 3487 4184 τοὺς
3505 4107 3777 4171 ταπεινοὺς

2233 4213 2314 4279 τῷ
2350 4214 2640 4281 πνεύματι
2672 4210 2878 4266 σώσει.
2926 4212 2985 4266 '0
3033 4213 3200 4284 μηδὲν
3226 4213 3365 4284 ἔχων
3395 4214 3634 4284 ἔπαρμα,
3668 4199 3773 4274 μηδὲ

2235 4304 2450 4377 φρονῶν
2487 4303 2579 4356 ὲπί
2613 4310 2718 4357 τινι
2739 4303 2848 4358 τῶν
2877 4304 3266 4376 ἀνθρωπίνων,
3304 4299 3465 4369 οὗτος
3504 4302 3593 4356 καὶ
3627 4308 3773 4349 συντε-

558 4399 891 4470 virginitatis
925 4395 1340 4452 sanctimoniam
1389 4391 1592 4447 amisit.
1633 4390 1726 4445 Sic
1765 4389 2015 4457 Amnon,
2048 4392 2125 4444 iu-

2237 4395 2538 4467 τριμμένος
2562 4396 2679 4448 ἐστὶ
2705 4398 2770 4469 τῇ
2802 4396 3018 4468 καρδία,
3043 4398 3135 4451 καὶ
3153 4398 3407 4462 ταπεινὸς
3428 4395 3506 4467 τῷ
3528 4388 3771 4457 πνεύματιο

559 4463 699 4562 ῳιίἶ,
730 4492 838 4544 vim
870 4488 1109 4557 Thamar
1144 4486 1385 4541 inferens
1410 4485 1477 4549 ⁸³,
1508 4482 1823 4537 Humiliavtt
1859 4484 2030 4548 ipsam
2066 4483 2125 4536 ⁸ο.

2247 4463 2402 4539 νεέτί
2436 4487 2534 4558 μὲν
2555 4463 2811 4552 ταπεινός
2831 4463 2926 4541 καὶ
2940 4463 3122 4542 ὀῄκατά
3155 4488 3254 4559 τὴν
3287 4463 3560 4562 ἁμαρτίαν
3587 4471 3772 4549 πορευδο

560 4580 1072 4650 Quicunque-igitur
1096 4578 1439 4632 altitudinem
1466 4591 1531 4630 ac
1551 4574 1939 4630 sublimitatem
1970 4576 2132 4629 animi

560 4675 817 4737 amisere,
853 4686 950 4742 per
983 4681 1267 4742 peccatum
1311 4672 1363 4722 iu
1403 4678 1597 4721 terram
1635 4667 1849 4737 dejecti,
1886 4677 1939 4721 et
1977 4668 2135 4736 quasi

558 4762 846 4834 prostrati,
897 4776 1003 4815 non
1061 4759 1223 4813 aliter
1268 4757 1577 4827 gradientes
1627 4771 1788 4825 quam
1831 4768 2129 4825 serpentes,

560 4854 924 4919 decumbunt;
954 4868 1188 4921 cumque
1214 4851 1375 4905 iidem
1410 4850 1559 4905 nullo
1592 4850 1753 4903 modo
1778 4849 2051 4918 surrigere
2077 4866 2134 4904 se

563 4947 792 5015 possint,
824 4944 1091 4998 humiliati
1123 4952 1247 4997 sunt
1274 4943 1514 5010 quidem,
1540 4955 1647 4995 non
1682 4949 1860 4993 tamen
1893 4940 2086 5007 spiritu
2117 4959 2130 4994 :

561 5055 666 5093 non
703 5037 848 5091 enim
879 5035 1164 5089 laudabilis
1185 5044 1268 5088 est
1295 5033 1506 5087 illorum
1534 5032 1834 5086 humilitas.
1872 5030 1971 5097 Qui
2008 5046 2137 5086 vero
2186 5029 2197 5042 ‘

560 5132 761 5184 habent
790 5129 1015 5198 spiritus
1049 5128 1224 5183 sancti
1259 5127 1514 5193 gratiam.
1548 5125 1688 5178 haud
1720 5124 1872 5178 inviti
1903 5139 1961 5178 se
1993 5125 2136 5193 ipsos

627 5270 675 5302 “
709 5269 853 5324 Psal.
887 5285 1057 5337 Lxxu,
1101 5271 1194 5325 27.
1268 5270 1313 5301 ⁸⁸
1345 5268 1516 5323 Exod.
1560 5282 1711 5331 xxiv,
1746 5263 1802 5317 2.

560 5357 692 5408 nn,
721 5340 814 5397 29.

652 5493 744 5566 27)
785 5495 877 5566 Sic
911 5509 1039 5547 mss.
1057 5488 1343 5566 _sex._Editi
1379 5487 1670 5566 πρόσωπον
1695 5488 1771 5541 δε.

654 5560 744 5634 28)
777 5565 910 5634 Reg.
949 5564 1136 5617 tertius
1152 5561 1228 5634 τά
1254 5560 1600 5634 φρονήματα.

631 5570 744 5700 (28)
777 5570 910 5634 Reg.
949 5570 1136 5617 tertius
1152 5570 1221 5614 τα
1254 5570 1600 5630 φρονήματα.

631 5635 721 5709 (go
763 5636 905 5709 ΔΕηίιιὶ
934 5635 1063 5709 γὰρ,
1098 5632 1279 5701 φησίν.
1286 5632 1460 5709 Deest
1483 5630 1647 5709 φησίν
1679 5631 1730 5683 in
1753 5644 1886 5709 mss.

634 5698 742 5776 (50)
763 5704 834 5759 lta
862 5698 1097 5775 quinque
1112 5698 1249 5758 mss.
1284 5700 1423 5756 Editi
1446 5698 1567 5755 cum
1598 5701 1730 5772 Reg.
1763 5698 2134 5757 ἀπολώλασιν.

1906 5265 1953 5296 ⁸⁸
2003 5263 2105 5319 lsa.
2148 5281 2261 5331 LXI,
2290 5265 2342 5319 ‘l.
2416 5265 2461 5298 ⁸⁷
2496 5263 2639 5317 Psal.
2666 5280 2716 5329 ι,
2752 5263 2838 5319 19.

2247 4597 2435 4650 μενος,
2462 4579 2595 4632 διότι
2635 4580 3002 4651 ταπεινωτικὴ
3051 4579 3286 4649 μάλιστα
3332 4582 3543 4636 πάντων
3574 4576 3604 4644 ἡ
3630 4572 3773 4640 ἁμαρ-

2240 4670 2351 4723 τία.
2385 4669 2536 4723 Καθὸ
2569 4669 2664 4723 καὶ
2700 4670 2798 4739 τὴν
2836 4668 3183 4740 ἐφθαρμένην
3225 4668 3318 4723 καὶ
3352 4666 3673 4724 ἀπολέσασαν
3702 4655 3771 4706 τὸν

2239 4760 2339 4829 τῆς
2372 4760 2669 4831 παρθενίας
2716 4759 2986 4829 ἁγιασμὺν
3025 4759 3252 4831 λέγομεν
3284 4754 3663 4813 ταπεινοῦσθαι.
3702 4743 3768 4801 Ὠς

2239 4854 2269 4905 6
2319 4851 2563 4922 Ἀμνὼν,
2594 4851 2789 4922 φησὶν,
2829 4852 3138 4917 ἐπαναστὰς
3178 4856 3245 4925 τῇ
3286 4853 3516 4924 Θάμαρ,
3553 4834 3769 4897 Ἐταπεί-

2240 4961 2438 4998 νωσεν
2453 4945 2667 5012 αὐτήν.
2698 4945 2853 4997 Ὅσοι
2887 4940 2978 4999 οὖν
3003 4945 3062 4998 τὸ
3088 4946 3374 5017 ἀνάστημα
3400 4943 3489 4999 καὶ
3516 4939 3574 4993 τὸ
3600 4932 3765 5000 δίαρμα

2242 5035 2340 5105 τῆς
2359 5034 2536 5106 ψυχῆς
2564 5035 2967 5091 ἀπολωλέκασιν
3000 5036 3133 5107 (50),
3160 5037 3264 5091 ὑπὸ
3289 5038 3387 5107 τῆς
3410 5027 3656 5106 ἁμαρτίας
3685 5032 3765 5107 η’

2242 5124 2600 5197 ταϐληθέντες
2630 5127 2709 5188 εἰς
2736 5125 2861 5195 γῆν,
2882 5125 2974 5178 καὶ⁵
3003 5106 3166 5180 οἱονεὶ
3192 5106 3571 5197 ἐδαφισθέντες,
3598 5106 3761 5176 ὁμοίως

2950 5263 2996 5295 ⁸³
3019 5264 3057 5318 ΙΙ
3085 5265 3223 5335 Reg.
3245 5280 3368 5331 xm,
3394 5262 3475 5318 14.
3571 5251 3612 5285 ⁸⁹
3631 5247 3756 5303 θείη·

2244 5488 2362 5545 Mox
2391 5487 2528 5560 Reg.
2555 5491 2822 5561 secundus
2856 5493 3231 5561 συγκόπτουσι
3272 5492 3352 5553 δέ.
3374 5487 3633 5559 Aliquanto
3646 5471 3749 5561 ’ρξ’

2242 5540 2314 5614 ἐξ
2334 5540 2949 5634 ιὶιὲὲῖῖεὲρῧίῆὖξῦῌᾳ-Ξᾶς⁵
2968 5540 3488 5634 ’ξὸξῐῆίὸυῗίῑῦἰιῗ
3500 5540 3609 5613 cum
3644 5540 3746 5605 Bes-

2243 5641 2395 5688 sexto
2413 5630 2507 5685 τοῦ
2526 5630 2682 5701 ἁγίου
2708 5630 3048 5704 Πνεύματος.

3923 1982 3925 2001 4

3920 3010 3923 3099 l
