4048 6220
310 307 402 364 581
1438 311 1723 368 HOMILIA
1760 310 1829 366 IN
1866 311 2202 369 PSALMUM
2242 314 2485 371 XXXI".

3464 311 3571 368 582

308 421 381 493 τῷ
406 422 527 491 ὄφει
559 423 1027 494 συμπορευόμενοι
1054 425 1422 495 συγκύπτουσι
1441 468 1456 492 ,
1495 425 1570 498 μὴ
1606 427 1886 498 δυνάμενοι

1998 428 2315 495 humiliant,
2340 429 2751 498 subjiciuntque
2790 428 3140 484 inferioribus
3180 446 3195 483 :
3233 427 3436 498 quippe
3470 427 3565 496 qui

303 513 676 585 ἀνορθωθῆναι
723 516 804 577 είς
854 515 916 569 τὸ
953 516 1233 582 παντελὲς,
1279 513 1422 572 οὗτοι
1466 519 1888 573 τεταπείνωνται

307 604 426 674 μὲν,
459 604 519 656 οὐ
553 604 659 675 μὴν
687 604 766 674 τῷ
794 604 1065 676 πνεύματι
1087 623 1100 637 ’
1140 607 1213 659 οὐν
1233 608 1341 679 γάρ
1363 609 1622 678 ἐπαινετὴ
1647 608 1825 663 αὐτῶν
1855 612 1888 681 ἠ

301 696 649 759 ταπείνωσις.
684 697 838 749 Ὅσοι
860 696 918 750 δὲ
948 697 1162 768 ἔχοντες
1183 699 1281 771 τὴν
1306 699 1400 752 τοῦ
1440 700 1756 771 Πνεύματος
1793 700 1886 754 τοῦ

303 792 461 858 ἁγίου
530 792 710 863 χάριν,
756 792 973 856 ἑκόντες
1025 794 1250 857 ἑαυτοὺς
1316 795 1734 849 ὑποταπεινοῦσι
1778 800 1890 861 τοῖς

303 881 742 954 ὑποδεεστέροις,
798 884 938 937 κατά
980 882 1071 937 τὸν
1116 884 1431 940 Ἀπόστολον
1477 887 1725 955 λέγοντες
1767 889 1885 940 ἐαυ-

300 974 427 1037 τοὺς
479 970 617 1028 εἶναι
654 974 870 1038 δούλους
913 975 1072 1028 τινῶν
1101 976 1158 1030 ὲν
1182 975 1400 1050 Χριστῷ
1433 979 1568 1050 (51),
1615 980 1707 1032 καὶ
1737 979 1893 1033 Πάν-

299 1083 419 1121 των
478 1068 786 1136 περίψημα
855 1066 966 1133 ἕως
1032 1067 1162 1136 ἄρτι
1187 1085 1201 1099 ”
1243 1070 1338 1123 καὶ
1383 1072 1571 1125 πάλιν·
1642 1072 1735 1138 Ὦς
1790 1086 1891 1124 πε-

294 1156 704 1226 ρικαθάρματα
741 1157 849 1211 τοῦ
903 1159 1134 1227 κόσμου
1174 1159 1577 1230 ἐγενήθημεν·
1634 1163 1685 1215 οί
1727 1179 1891 1214 πνευ-

303 1251 548 1321 ματικῶς
574 1253 642 1322 τῇ
679 1249 1005 1304 ταπεινώσει
1032 1252 1382 1322 κεχρημένοι,
1413 1252 1633 1307 πάντων
1661 1254 1890 1317 ἑαυτοὺς

298 1341 581 1405 ποιοῦντες
607 1343 887 1412 ἐσχάτους,
922 1341 1012 1395 ἵνα
1045 1342 1263 1396 πάντων
1295 1344 1500 1417 πρῶτοι
1534 1345 1800 1413 γένωνται
1832 1346 1889 1399 ὲν

296 1437 365 1506 τῇ
403 1434 649 1505 βασιλείᾳ
679 1434 787 1487 τῶν
820 1435 1084 1508 οὐρανῶν.
1123 1435 1358 1500 Τούτους
1390 1437 1486 1490 καὶ
1530 1436 1824 1507 μακαρίζει
1861 1439 1890 1490 6

296 1528 502 1599 Κύριος
525 1526 734 1595 λέγων’
776 1528 1069 1595 Μακάριοι
1105 1531 1160 1581 οἱ
1190 1528 1412 1596 πτωχοί
1453 1526 1533 1593 τῷ
1574 1529 1886 1597 πνεύματι.

296 1617 529 1673 Πολλαὶ
570 1620 629 1672 al
660 1619 899 1686 θλίψεις
942 1617 1063 1671 τῶν
1095 1616 1373 1683 δικαίων,
1422 1618 1519 1671 καὶ
1559 1618 1629 1671 ἐκ
1674 1617 1888 1672 πασῶν

296 1708 496 1763 αὐτῶν
525 1709 776 1777 ῥύσεται
805 1708 1028 1775 αὐτοὺς
1052 1712 1084 1763 ό
1109 1709 1343 1778 Κύριος.
1380 1709 1483 1762 Ἐν
1500 1709 1700 1774 παντὶ,
1729 1709 1883 1779 φησὶ,

1989 521 2146 590 juxta
2189 522 2503 589 Apostolum
2558 524 2742 574 dicant
2781 536 2901 577 esse
2934 536 2993 576 se
3031 520 3348 591 quorumvis
3388 518 3477 586 qui
3510 517 3567 571 in

1991 612 2207 668 Christo
2237 622 2387 677 sunt,
2414 612 2680 681 servos",
2709 622 2763 668 et
2784 614 3032 667 Omnium
3057 613 3479 682 rejectamentum
3500 610 3571 663 ad

1991 706 2128 758 hunc
2166 721 2329 772 usque
2368 706 2505 760 diem
2533 706 2612 771 ⁹¹;
2651 714 2705 760 et
2736 707 2928 760 iterum
2973 724 2986 760 :
3032 704 3309 774 Tanquam
3365 718 3569 772 purga-

1992 804 2163 847 menta
2190 795 2373 847 mundi
2397 794 2529 863 facti
2555 811 2734 849 sumus
2760 795 2829 848 θ’.
2864 794 2962 861 Qui
2993 796 3292 849 secundum
3316 792 3566 863 spiritum

1993 884 2303 939 humilitate
2355 894 2604 949 utuntur,
2643 900 2763 938 sese
2801 886 3043 938 omnium
3089 883 3299 937 faciunt
3355 892 3570 950 postreo

1991 990 2129 1040 mos,
2169 984 2228 1027 ut
2257 975 2414 1042 primi
2439 975 2492 1029 in
2528 991 2694 1045 regno
2723 974 2987 1029 otelorum
3028 975 3160 1028 (iant
3192 973 3259 1027 ”.
3295 971 3406 1027 Hos
3434 986 3572 1040 prae-

1990 1065 2136 1120 dicat
2170 1079 2387 1134 quoque
2419 1066 2605 1121 beatos
2640 1067 2935 1131 Dominus,
2968 1066 3157 1121 dicens
3189 1083 3203 1119 :
3240 1064 3390 1119 Beati
3432 1078 3572 1131 pau-

1988 1173 2136 1225 peres
2160 1158 2349 1225 spiritu
2366 1158 2432 1211 “.
2459 1156 2649 1228 (Vsus.
2667 1158 2783 1229 ‘20.)
2817 1158 3379 1213 Mullaztribulationes
3398 1155 3573 1225 justo-

1992 1262 2129 1312 rum,
2178 1258 2224 1301 et
2269 1263 2334 1301 ea:
2375 1252 2619 1302 omnibus
2664 1251 2747 1304 his
2785 1249 3025 1303 liberavit
3054 1264 3141 1302 eos
3179 1248 3456 1302 Dominus.
3503 1244 3572 1301 In

1991 1338 2253 1407 omnibus,
2293 1340 2490 1408 inquit,
2544 1341 2706 1413 156
2748 1342 3144 1396 tribulationem
3182 1340 3436 1408 patimur,
3478 1338 3571 1392 sed

1990 1444 2096 1484 non
2135 1432 2509 1499 angustiamur
2533 1434 2604 1493 ".
2641 1433 2940 1503 Propterea
2984 1432 3151 1489 etiam
3185 1430 3443 1486 Dominus
3489 1432 3567 1484 ait

1990 1522 2269 1593 discipulis
2299 1525 2411 1580 suis
2459 1544 2472 1580 :
2523 1524 2592 1579 In
2639 1529 2835 1581 mundo
2876 1542 3176 1595 prcssuram
3213 1524 3447 1586 habetis;
3477 1524 3570 1578 sed

1991 1616 2266 1684 conﬁdite,
2306 1634 2399 1688 ego
2429 1619 2530 1673 vici
2562 1621 2815 1673 mundum
2842 1621 2911 1674 “.
2941 1620 3125 1687 Quare
3159 1618 3203 1672 si
3234 1618 3458 1688 quando
3493 1617 3573 1669 vi-

1992 1705 2138 1760 deris
2171 1705 2351 1775 iustos
2385 1708 2440 1761 in
2482 1709 2710 1777 morbis,
2745 1710 2798 1763 in
2838 1711 3087 1780 corporis
3126 1706 3570 1765 detruncationi—

298 1802 654 1871 θλιϐόμενοι,
699 1801 837 1855 ἀλλ’
866 1802 938 1855 οὐ
977 1802 1540 1870 στενοχωρούμενοι.
1590 1801 1690 1855 Διά
1732 1778 1886 1856 τοῦτό

1991 1796 2113 1862 bus,
2142 1798 2194 1851 in
2223 1799 2645 1869 propinquorum
2682 1778 2995 1866 amissione,
3028 1802 3082 1856 in
3110 1801 3305 1873 plagis,
3328 1801 3382 1854 in
3417 1799 3573 1869 igno-

298 1910 432 1963 φησι
463 1894 557 1947 καὶ
584 1894 613 1946 6
662 1893 866 1965 Κύριος
911 1896 1023 1958 τοῖς
1066 1892 1262 1947 ἑαυτοῦ
1314 1894 1619 1965 μαθηταῖς’
1671 1895 1773 1949 Ἐν
1808 1894 1890 1961 τῷ

297 1987 505 2054 κόσμῳ
528 1986 740 2053 θλίψιν
775 1984 963 2053 ἔχετε·
984 1984 1141 2038 ἀλλὰ
1155 1986 1447 2053 θαρσεῖτε,
1467 1985 1582 2054 ἐγὼ
1595 1986 1891 2054 νενίκηκα

296 2079 404 2131 τὸν
426 2080 679 2147 κόσμον.
721 2077 882 2129 ’Ὥστε
908 2078 1002 2129 ὲάν
1033 2076 1148 2147 ἴδῃς
1185 2077 1317 2130 ποτὲ
1356 2078 1415 2129 ἐν
1448 2077 1623 2141 νόσοις
1643 2118 1657 2142 ,
1689 2080 1747 2131 ὲν
1774 2079 1886 2150 (5'2)

295 2168 577 2241 πηρώσεσι
608 2168 879 2239 σώματος,
908 2171 966 2221 ὲν
992 2168 1230 2239 ἀποϐολῇ
1256 2168 1366 2221 τῶν
1391 2169 1627 2233 οἰκείων,
1658 2171 1716 2221 ὲν
1748 2170 1888 2241 πλη-

294 2264 441 2331 γαῖς,
472 2263 529 2314 ὲν
562 2261 826 2332 ἀτιμίαις,
852 2263 910 2312 ὲν
940 2260 1090 2332 πάσῃ
1117 2259 1293 2331 ἐνδείᾳ
1323 2260 1416 2313 καὶ
1448 2260 1736 2331 ὑστερήσει
1773 2261 1885 2315 τῶν

292 2353 605 2422 ἀναγκαίων
632 2354 758 2416 τοὺς
784 2352 1028 2415 δικαίους
1057 2351 1422 2423 ὑπάρχοντας,
1466 2352 1734 2424 μνήσθητι
1754 2394 1770 2419 ,
1803 2355 1886 2407 ὃτι

292 2445 521 2500 Πολλαὶ
542 2448 601 2499 al
622 2445 861 2512 θλίψεις
877 2443 996 2497 τῶν
1013 2443 1279 2509 δικαίων,
1310 2444 1408 2497 καὶ
1434 2444 1502 2496 ἐκ
1527 2443 1741 2498 πασῶν
1773 2446 1886 2517 (55)

291 2535 491 2591 αὐτῶν
520 2538 773 2604 ⁴ῥύσεται
801 2535 1024 2601 αὐτοὺς
1057 2538 1090 2589 ὁ
1116 2537 1351 2604 Κύριος.
1405 2537 1465 2588 '0
1500 2536 1555 2588 δὲ
1593 2536 1765 2606 λέγων
1811 2540 1885 2611 μὴ

293 2628 522 2701 πρέπειν
552 2628 630 2699 τῷ
664 2627 856 2698 δικαίῳ
880 2628 978 2699 τὴν
1016 2626 1216 2696 θλίψιν,
1256 2627 1409 2681 οὐδὲν
1453 2627 1639 2697 ἕτερον
1669 2628 1816 2697 λέγει
1852 2629 1885 2701 ἢ

297 2721 372 2792 μὴ
432 2720 693 2790 ἁρμόζειν
743 2719 822 2791 τῷ
870 2719 1076 2791 ἀθλητῇ
1132 2718 1226 2772 τὸν
1293 2720 1723 2792 ἀνταγωνιστήν.
1795 2721 1886 2793 Μὴ

296 2812 695 2882 ἀγωνιζόμενος
722 2812 777 2864 δὲ
798 2814 827 2865 6
853 2811 1088 2883 ἀθλητὴς
1119 2811 1272 2875 τίνας
1303 2810 1415 2878 ἕξει
1461 2811 1570 2865 τῶν
1607 2814 1886 2883 στεφάνων

295 2905 394 2966 τὰς
441 2903 761 2968 ὑποθέσεις;
817 2902 955 2974 Ἤδη
1007 2902 1064 2956 δὲ
1112 2903 1371 2974 τέταρτον
1425 2903 1642 2973 λέγεται
1699 2906 1758 2957 ἐν
1808 2905 1887 2977 τῷ

292 2993 492 3063 ψαλμῷ
539 2992 732 3063 τούτῳ,
783 2992 906 3045 τίνα
949 2991 1150 3063 τρόπον
1194 2992 1301 3046 ἀπὸ
1343 2992 1574 3063 θλίψεως
1625 2993 1811 3066 ῥύεται
1857 2999 1886 3051 6

292 3087 497 3157 Κύριος
519 3126 533 3152 ,
563 3084 656 3149 οὓς
701 3087 795 3138 ἐὰν
833 3083 962 3158 θέλῃ
1005 3084 1292 3157 ῥύσασθαι.
1344 3085 1566 3157 Πρῶτον
1599 3087 1697 3157 μὲν
1735 3087 1878 3159 γάρ·
1910 3115 1954 3175 c

305 3176 667 3245 Ἐξεζήτησα
698 3176 806 3230 τὸν
843 3176 1061 3244 Κύριον
1083 3215 1098 3240 ,
1131 3175 1227 3229 καί
1261 3176 1571 3245 ἐπήκουσέ
1591 3194 1712 3246 μου
1734 3217 1749 3242 ,
1780 3180 1882 3234 καὶ

290 3269 360 3322 ἐκ
390 3267 605 3321 πασῶν
628 3266 749 3322 τῶν
787 3266 1052 3336 θλίψεών
1071 3285 1190 3336 μου
1227 3268 1524 3335 ἐρῤύσατό
1548 3286 1654 3338 με’
1696 3270 1879 3324 δεύτε-

297 3377 387 3430 ρον
418 3360 475 3413 δὲ
521 3358 716 3413 πάλινο
758 3354 945 3423 Οὗτος
976 3361 1009 3413 ό
1061 3358 1296 3427 πτωχὸς
1338 3359 1661 3427 ἐκέκραξε,
1710 3361 1809 3414 καὶ
1848 3365 1881 3415 ό

292 3452 506 3520 Κύριος
524 3451 890 3518 είσήκουσεν
916 3452 1125 3515 αὐτοῦ,
1160 3452 1258 3506 καί
1279 3454 1347 3505 ἐκ
1370 3453 1584 3506 πασῶν
1606 3454 1726 3507 τῶν
1751 3456 1880 3509 θλί-

292 3546 457 3613 ψεων
494 3543 679 3597 αὑτοῦ
727 3542 963 3598 ἔσωσεν
1015 3544 1234 3598 αὐτόν’
1279 3546 1374 3599 καὶ
1429 3545 1612 3616 τρίτον
1633 3560 1647 3575 ’

1992 1890 2197 1958 miniis,
2249 1892 2301 1946 in
2341 1893 2487 1946 omni
2545 1893 2726 1963 inopia
2776 1909 2841 1949 ac
2891 1909 3073 1949 rerum
3127 1892 3568 1948 necessariarum

1989 1991 2231 2049 egestate
2271 1983 2534 2047 detineri,
2568 2000 2777 2041 memor
2816 1986 2984 2041 fueris
3026 1987 3169 2057 quod
3220 1983 3409 2038 Multa
3448 1989 3574 2037 sunt

1989 2072 2360 2127 tribulationes
2380 2076 2651 2142 justorum
2671 2115 2688 2140 ,
2714 2086 2763 2131 et
2794 2079 2933 2147 quod
2969 2094 3034 2132 ex
3058 2078 3301 2131 omnibus
3328 2077 3409 2129 his
3438 2075 3572 2129 libe-

1988 2165 2125 2219 rabit
2154 2181 2244 2221 eos
2273 2166 2553 2223 Dominus.
2595 2168 2697 2235 Qui
2729 2179 2910 2225 autem
2956 2171 3089 2225 dicit
3112 2170 3259 2239 justo
3292 2184 3397 2222 non
3437 2182 3572 2222 con—

1987 2258 2176 2311 venire
2205 2257 2614 2316 tribulationem
2636 2300 2653 2325 ,
2688 2260 2823 2314 nihil
2863 2261 3009 2315 aliud
3047 2259 3182 2315 dicit
3215 2260 3320 2314 uisi
3355 2257 3577 2313 athleta

1988 2364 2095 2404 non
2144 2363 2450 2421 congruere
2475 2352 2871 2407 adversarium.
2920 2349 3028 2405 Sed
3074 2349 3302 2405 athletae
3334 2361 3442 2403 non
3478 2346 3576 2401 de-

1988 2441 2221 2497 certanti
2245 2456 2366 2512 quae
2385 2452 2548 2497 erunt
2568 2443 2892 2499 occasiones
2910 2440 3279 2499 coronarum?
3300 2438 3417 2494 Jam
3441 2450 3572 2493 vero

1989 2546 2182 2601 quater
2206 2534 2259 2589 in
2290 2535 2393 2590 hoc
2422 2536 2632 2605 psalmo
2662 2536 2887 2601 dicitur,
2924 2550 3031 2606 qua
3067 2534 3282 2588 ratione
3306 2546 3402 2587 eos
3432 2545 3571 2601 quos

1990 2627 2252 2683 Dominus
2285 2626 2522 2683 liberare
2550 2628 2701 2695 vult,
2735 2643 2766 2682 a
2810 2627 3161 2683 tribulatione
3191 2626 3408 2681 liberet.
3450 2623 3574 2677 Pri-

1989 2733 2133 2771 mum
2183 2718 2328 2773 enim
2394 2717 2605 2789 (Vsus.
2648 2718 2721 2791 5)
2777 2738 2790 2773 :
2851 2717 3126 2789 Exquisivi
3164 2716 3474 2780 Dominum,
3522 2725 3572 2769 et

1986 2811 2253 2865 exaudiuit
2277 2827 2382 2877 me,
2408 2821 2458 2865 et
2485 2828 2550 2866 ea:
2576 2813 2817 2866 omnibus
2852 2811 3284 2866 tribulationibus
3306 2808 3433 2864 meis
3465 2808 3572 2862 eri-

1985 2905 2102 2973 puit
2148 2920 2265 2969 me;
2312 2905 2555 2960 secundo
2592 2905 2783 2974 (Vsus.
2809 2904 2863 2975 7)
2900 2925 2913 2961 :
2942 2903 3047 2957 Hic
3073 2919 3273 2973 pauper
3301 2900 3570 2966 clamavit,

1985 3007 2036 3051 et
2064 2997 2323 3052 Dominus
2358 3000 2625 3053 exaudivit
2655 3015 2795 3064 eum,
2818 3006 2867 3051 et
2893 3014 2958 3052 ea:
2986 2998 3227 3052 omnibus
3265 2994 3572 3049 tribulatio-

1987 3090 2141 3144 nibus
2184 3090 2298 3161 ejus
2330 3090 2550 3145 salvavit
2578 3105 2738 3157 eum;
2786 3090 2944 3146 tertio
2976 3088 3162 3163 (Vt-ms.
3192 3088 3279 3161 18)
3313 3106 3327 3141 :
3358 3085 3572 3141 Clama—

1987 3189 2168 3235 verunt
2192 3183 2370 3251 justi,
2401 3192 2450 3236 et
2482 3182 2742 3238 Dominus
2770 3183 3039 3237 exaudivit
3074 3199 3192 3247 eos,
3224 3191 3270 3234 et
3307 3195 3371 3235 ea:
3396 3178 3567 3234 omni-

1989 3274 2084 3328 bus
2118 3275 2553 3329 tribulutionibu‘s
2589 3292 2770 3330 eorum
2823 3275 3067 3329 liberavit
3109 3290 3221 3329 eos.
3287 3272 3574 3327 Postremo

1989 3366 2180 3436 (Vsus.
2212 3365 2305 3435 20)
2331 3384 2343 3416 :
2376 3365 2562 3420 Multa:
2593 3366 2957 3420 tribulatioues
2982 3366 3273 3435 justorum,
3296 3375 3341 3419 et
3368 3365 3435 3417 de
3459 3378 3572 3418 ont-

1988 3458 2141 3511 nibus
2174 3456 2257 3510 Itis
2285 3457 2524 3511 liberavit
2558 3474 2643 3511 eos
2681 3456 2957 3509 Dominus.

1722 3547 2091 3617 Ἐκέκραξαν
2131 3550 2188 3601 ol
2250 3547 2500 3613 δίκαιοι,
2563 3548 2662 3602 καὶ
2697 3552 2731 3602 ό
2777 3549 2993 3616 Κύριος
3057 3547 3427 3616 εὶσήκουσεν
3460 3546 3569 3600 αὐ-

291 3634 431 3698 τῶν,
462 3635 560 3689 καὶ
582 3635 649 3688 ἐκ
676 3633 890 3689 πασῶν
912 3634 1031 3690 τῶν
1064 3637 1329 3704 θλίψεων
1356 3638 1557 3693 αὐτῶν
1622 3642 1918 3709 ἐρρύσατο
1958 3642 2212 3706 αὐτούς·
2259 3642 2354 3696 καὶ
2392 3642 2732 3695 τελευταῖον·
2775 3641 3007 3694 Πολλαὶ
3061 3643 3120 3693 al
3163 3638 3405 3707 θλίψεις
3440 3634 3567 3690 τῶν

293 3726 568 3792 δικαίων,
597 3725 697 3780 καί
724 3728 793 3780 ἐκ
828 3726 1042 3781 πασῶν
1083 3726 1282 3781 αὐτῶν
1316 3730 1571 3796 ⁴ῥύσεται
1601 3732 1826 3798 αὐτοὺς
1855 3737 1888 3787 ὀ
1925 3735 2160 3802 Κύριος.

364 3816 452 3869 15.
484 3815 794 3871 Φυλάσσει
827 3818 1046 3886 Κύριος
1086 3817 1284 3871 πάντα
1333 3820 1405 3873 τὰ
1452 3820 1606 3875 ὀστᾶ
1651 3822 1883 3875 αὐτῶν

292 3908 364 3963 ἐν
389 3908 459 3974 ἐξ
502 3908 701 3965 αὐτῶν
736 3911 810 3964 οὐ
847 3910 1330 3980 συντριϐήσεται.
1388 3914 1627 3985 Πότερον
1669 3916 1749 3968 δεῖ
1793 3915 1886 3969 ἐπὶ

291 4003 394 4074 τῆς
426 4002 623 4069 λέξεως
663 4006 844 4075 μεῖναι
863 4043 878 4067 ,
913 4004 1007 4057 καὶ
1042 4004 1378 4076 ἀρκεσθῆναι
1406 4009 1471 4077 τῇ
1502 4008 1643 4061 κατά
1664 4009 1724 4061 τὸ
1750 4009 1884 4080 πρό-

296 4111 477 4166 χειρον
500 4094 919 4168 προσπιπτούσῃ
949 4097 1069 4160 ταῖς
1088 4098 1277 4160 ἀκοαῖς
1304 4096 1464 4168 ἡμῶν
1480 4097 1678 4169 ἐννοίᾳ,
1710 4099 1790 4152 ὅτι
1817 4099 1886 4153 τὰ

294 4187 429 4241 ὀστᾶ
454 4187 646 4251 ταῦτα,
681 4189 749 4241 τά
772 4188 872 4258 τῆς
896 4188 1096 4260 σαρκδς
1126 4188 1617 4259 ὑποστηρίγματα,
1654 4190 1714 4243 οὐ
1763 4208 1886 4243 συν-

293 4279 613 4351 τριὸήσεται
644 4278 751 4332 τῶν
774 4280 1000 4333 δικαίων
1025 4281 1113 4335 διὰ
1144 4281 1243 4353 τὴν
1277 4281 1430 4353 παρὰ
1455 4283 1549 4335 τοῦ
1572 4283 1778 4355 Κυρίου
1802 4284 1886 4337 δε-

294 4371 526 4443 δομένην
554 4371 736 4434 αὐτοῖς
768 4372 1048 4443 φυλακήν;
1084 4374 1195 4427 Καὶ
1229 4373 1457 4445 πότερον
1490 4373 1691 4438 ζῶντος
1725 4376 1885 4446 μόνον

296 4462 391 4514 καὶ
420 4463 477 4513 ὲν
518 4458 598 4530 τῷ
643 4458 741 4531 βίῳ
774 4461 1133 4531 τυγχάνοντος
1177 4463 1515 4535 ἀσύντριπτα
1552 4465 1646 4517 τοῦ
1677 4464 1883 4518 δικαίου

2060 3824 2149 3880 15.
2186 3823 2349 3879 Vsus.
2381 3823 2474 3879 21.
2519 3822 2759 3878 Custodit
2798 3822 3053 3877 Dominus
3085 3825 3263 3876 omnia
3307 3836 3428 3876 ossa
3476 3838 3569 3876 eo~

1988 3931 2128 3969 rum.
2151 3931 2315 3969 unum
2362 3931 2427 3969 ea:
2472 3916 2554 3970 his
2594 3932 2700 3970 non
2752 3926 3068 3969 conteretur.
3111 3913 3245 3969 Num
3281 3914 3337 3968 in
3384 3913 3571 3969 littera

1988 4008 2198 4063 hmrere
2230 4016 2467 4078 oportet,
2501 4017 2556 4064 et
2605 4022 2666 4063 ea
2712 4008 2933 4063 notione
2973 4023 3096 4077 quae
3137 4006 3321 4060 statim
3358 4006 3569 4061 auditui
3672 3998 3679 4007 ’

1989 4108 2176 4155 nostro
2215 4100 2476 4165 illabitur,
2534 4109 2845 4155 contentum
2904 4114 3062 4163 esse,
3119 4099 3262 4169 quod
3320 4096 3573 4154 videlilct

1990 4191 2181 4245 isthaec
2204 4188 2476 4259 iustorum
2509 4206 2655 4256 ossa,
2691 4191 2869 4247 carnis
2902 4190 3070 4245 fulcra
3092 4230 3107 4257 ,
3138 4204 3245 4244 non
3280 4200 3573 4244 conteren-

1990 4290 2079 4336 tur
2108 4282 2179 4337 ob
2217 4283 2400 4338 datam
2432 4283 2535 4338 sihi
2567 4299 2598 4338 a
2638 4283 2869 4339 Domino
2897 4282 3236 4338 custodiam?
3281 4282 3348 4336 Et
3381 4290 3564 4335 utrum

1985 4374 2116 4442 justi
2144 4390 2287 4439 ossa,
2321 4375 2559 4445 quandiu
2594 4376 2745 4429 vivet
2792 4376 2966 4430 solum
2998 4385 3053 4429 et
3091 4374 3143 4428 in
3177 4376 3288 4428 vita
3322 4375 3568 4429 diversa-

1992 4466 2158 4534 bilur,
2186 4467 2559 4522 custodientur
2586 4483 2616 4520 a
2644 4466 2885 4520 fractura
2913 4466 3059 4521 omni
3090 4465 3296 4520 illaesa?
3325 4481 3391 4520 an
3414 4464 3568 4533 justo

294 4552 699 4623 φυλαχθήσεται
729 4552 842 4623 (54)
864 4552 934 4606 τά
962 4553 1134 4619 ὀστᾶ;
1168 4554 1201 4625 ἢ
1236 4557 1331 4608 καὶ
1377 4555 1740 4621 ἀπολυθέντος
1788 4557 1883 4611 τοῦ

1991 4562 2155 4613 etiam
2208 4557 2454 4628 corporis
2504 4558 2726 4613 vinculo
2784 4559 3057 4623 exsoluto,
3111 4558 3258 4612 nulla
3312 4556 3570 4612 fracturae

292 4643 494 4713 δεσμοῦ
529 4642 620 4695 τοῦ
636 4643 972 4713 σωματικοῦ,
1003 4645 1172 4715 μηδὲν
1209 4646 1380 4698 αἴτιον
1412 4646 1881 4716 ἐπισυμϐήσεσθαι

293 4734 589 4805 συντριϐῆς
624 4734 702 4805 τῷ
739 4735 966 4806 δικαίῳς
1008 4738 1116 4789 Καὶ
1150 4738 1256 4809 μὴν
1284 4737 1453 4791 πολλά
1483 4739 1881 4811 μεμαθήκαμεν

293 4827 385 4878 ἐπὶ
410 4827 509 4896 τῆς
545 4826 741 4897 πείρας
783 4828 917 4880 ὀστᾶ
943 4828 1166 4883 δικαίων
1194 4833 1630 4902 συντετριμμένα
1652 4872 1666 4896 ,
1698 4833 1805 4887 τῶν
1827 4835 1884 4887 ἐν

292 4919 404 4980 τοῖς
458 4916 600 4988 ὑπὲρ
642 4917 743 4987 τῆς
786 4919 865 4981 είς
902 4920 1136 4991 Χριστὸν
1168 4922 1475 4993 μαρτυρίας
1526 4923 1884 4989 παραδόντων

295 5011 522 5074 ἑαυτοὺς
565 5012 840 5075 παντοίοις
870 5011 1039 5065 εἴδεσι
1085 5013 1447 5086 παθημάτων.
1488 5014 1627 5085 Ἤδη
1664 5017 1769 5089 γάρ
1799 5035 1883 5071 τι·

292 5120 399 5157 νων
434 5104 545 5175 (55)
575 5104 669 5156 καὶ
695 5103 859 5175 σκέλη
889 5103 1157 5170 κατέαξαν
1191 5107 1239 5159 οἱ
1275 5104 1595 5170 διώκοντες,
1638 5109 1733 5160 καὶ
1776 5111 1885 5178 χεῖ-

362 5197 410 5229 ⁹⁰
444 5197 483 5251 ll
530 5198 659 5253 Cor.
708 5213 782 5260 tv,
824 5198 879 5256 5.
981 5200 1024 5232 ⁹¹
1077 5199 1094 5252 l
1144 5199 1269 5253 Cor.
1312 5215 1389 5265 tv,
1422 5200 1508 5254 15.

294 5266 342 5299 ⁸⁸
367 5266 523 5322 Joau.
560 5284 674 5333 xw,
715 5268 806 5323 55.

1604 5200 1649 5230 ’³
1683 5201 1811 5255 ibid.
1890 5204 1937 5235 ’³
1969 5203 2158 5262 Matth.
2192 5222 2284 5270 xx,
2315 5204 2404 5260 16.

1988 4666 2153 4705 causa
2185 4651 2362 4705 futura
2395 4651 2510 4705 sit?
2537 4651 2697 4718 Atqui
2719 4650 3058 4718 experientia
3082 4650 3381 4714 didicimus,
3399 4650 3565 4704 multa

1987 4758 2109 4797 ossa
2136 4743 2428 4809 iustorum,
2459 4742 2551 4810 qui
2585 4756 2708 4795 sese
2740 4741 3025 4810 quibusvis
3051 4741 3437 4811 suppliciorum
3473 4757 3569 4809 ge-

1989 4838 2210 4891 neribus
2245 4851 2342 4905 pro
2384 4835 2510 4889 dato
2558 4834 2624 4889 de
2673 4835 2889 4889 Christo
2923 4835 3232 4888 testimonio
3267 4834 3560 4895 tradidere.

1990 4930 2225 4983 contrita
2262 4938 2425 4995 atque
2455 4927 2787 4982 comminuta
2813 4925 2998 4980 fuisse.
3029 4923 3149 4979 Jam
3179 4925 3324 4980 enim
3353 4932 3407 4978 et
3433 4940 3568 4992 quo-

1988 5025 2233 5072 rumdam
2290 5032 2451 5071 crura
2497 5017 2887 5085 coufregcrunt
2936 5024 3352 5085 persecutores.
3403 5023 3566 5083 atque

1990 5127 2183 5164 manus
2219 5127 2282 5164 ac
2322 5111 2497 5179 capita
2539 5110 2707 5162 clavis
2736 5122 2877 5176 Saepe
2921 5106 3333 5160 transfixorum.
3380 5104 3442 5157 Et
3482 5114 3565 5155 ta-

2500 5202 2548 5236 “
2581 5202 2768 5255 Matth.
2808 5217 2859 5266 ν,
2911 5201 2966 5255 5.
3062 5200 3108 5231 ⁸⁸
3149 5197 3194 5253 ll
3224 5196 3352 5254 Cor.
3397 5213 3472 5261 Iv,
3505 5195 3541 5252 8

368 5320 681 5435 (Sir
710 5320 861 5417 more
910 5356 1520 5435 suo__C_omheﬂsius,_ut
1545 5359 1752 5435 aliquid
1808 5363 1874 5435 ad

1988 5364 2110 5435 τῶν.
2144 5365 2254 5421 Nec
2288 5367 2359 5421 ita
2409 5367 2579 5421 multo
2608 5375 2731 5435 post
2773 5364 2928 5420 Colb.
2964 5364 3170 5427 primus
3195 5365 3242 5416 εί
3277 5361 3350 5434 μὴ
3384 5362 3559 5433 ἀρειό-

297 5427 580 5485 arbitrium
602 5447 758 5486 suum
782 5438 971 5484 mutet.
1003 5427 1103 5483 Uhi
1144 5430 1308 5495 igitur
1339 5429 1566 5498 legimus
1588 5427 1650 5484 et
1678 5431 1729 5483 in
1754 5432 1870 5483 edi-

1978 5434 2114 5498 ζειν.
2143 5435 2502 5509 Κριμιθτιίυε
2530 5440 2580 5490 εί
2614 5434 2698 5509 μὴ
2729 5436 2803 5508 μὴ
2827 5435 3110 5507 ἁρμόζειν.
3135 5435 3238 5487 Alii
3272 5448 3400 5486 mss.
3432 5448 3557 5490 cum

298 5502 367 5555 tis
399 5503 523 5555 etin
550 5517 678 5580 ms_s.
714 5498 1187 5580 omnibusgrty'ibv
1218 5500 1276 5551 ἐν
1314 5499 1559 5580 Χριστῷ,
1589 5501 1708 5553 vult
1766 5500 1871 5580 legi

1988 5507 2202 5580 εάίιίξῆ
2231 5498 2314 5580 ’μὴ
2344 5510 2479 5580 ἀρμ-

295 5581 545 5639 Oportere
576 5570 686 5623 τῶν
712 5572 769 5625 ὲν
800 5567 1041 5643 Χριστῷ.
1081 5567 1378 5640 νυιεειιιω
1398 5567 1687 5626 lectionem
1742 5567 1874 5625 reti-

297 5643 527 5697 nendam
551 5656 671 5695 esse
704 5643 981 5696 duximus.

368 5710 480 5781 (52)
506 5710 645 5781 Editi
669 5711 844 5774 νόσοις
868 5712 902 5781 ἢ
931 5714 1009 5765 ὲν.
1042 5709 1207 5765 Deest
1240 5709 1277 5781 ἡ
1307 5709 1359 5763 i'n
1394 5718 1603 5781 septem
1631 5724 1763 5763 mss.

368 5779 481 5853 (55)
522 5779 675 5851 Βρεῑί
705 5779 899 5838 tertius
921 5790 979 5839 et
1008 5790 1234 5851 quartus
1258 5779 1502 5848 δικαίων,
1527 5779 1642 5835 ἀλλ’
1670 5782 1735 5834 ὲκ
1768 5797 1873 5835 παις

2049 5578 2159 5646 (54)
2192 5576 2345 5632 Culh.
2383 5576 2598 5646 primus
2627 5576 3084 5648 φυλαχθησονται.

2206 5649 2280 5701 Ita
2319 5640 2449 5702 mss.
2492 5640 2651 5702 octo:
2684 5640 2820 5701 Etli't'i
2850 5640 3008 5699 τινων
3039 5643 3239 5700 αὐτῶν.
3275 5641 3394 5701 Mox
3430 5640 3567 5705 editi

1976 5718 2262 5789 Καίτοιγε.
2292 5720 2453 5777 Deest
2487 5735 2551 5789 γε
2579 5719 2631 5774 in
2669 5718 2868 5775 nostris
2903 5731 3029 5773 mss.
