4048 6220
442 281 555 337 583

1795 281 1853 336 S.
1895 278 2140 336 BASILII
2174 280 2390 338 MAGNI

3602 286 3719 342 584

444 410 571 449 mea
600 393 721 463 qdis
752 394 1133 450 Contradicens
1181 394 1460 450 aﬂirmarit
1499 408 1594 450 eos
1634 396 1727 466 qui
1759 395 2019 469 martyrio

2128 414 2227 468 ρας
2262 398 2357 451 καὶ
2377 396 2619 466 κεφαλάς
2656 397 2934 469 διέπειραν
2961 400 3073 461 τοῖς
3096 397 3248 469 ήλοις
3269 396 3546 460 πολλάκις.
3573 399 3719 452 Καί-

442 478 803 542 οῧιιευιιιιιιειὶ
842 494 1003 554 sunt,
1042 501 1147 541 non
1187 488 1431 542 omnium
1483 501 1605 543 esse
1650 486 2021 556 iustissimos?

444 573 555 630 Sed
592 574 874 641 fortassis,
921 577 1378 646 quemadmodum
1435 578 1599 634 homo
1649 580 1874 643 dicitur,
1917 582 2021 636 hoc

442 676 549 735 est,
589 668 768 721 anima
800 679 856 722 et
896 682 1051 723 mens
1086 668 1354 738 humana,
1382 670 1459 725 ita
1487 679 1542 726 et
1572 672 1740 741 ipsius
1775 673 2017 728 membra

441 758 633 814 eodem
672 758 894 813 nomine
930 773 996 813 ac
1039 759 1286 827 corporis
1329 769 1513 830 partes
1557 773 1842 817 vocantur.
1882 762 2018 817 Nam

443 865 584 921 sape
632 851 909 906 interioris
958 853 1198 907 hominis
1245 853 1486 908 membra
1529 856 1809 925 Scriptura
1856 858 2022 911 nomi-

443 954 575 1012 nat;
602 954 660 998 ut
684 959 806 999 cum
829 944 962 999 dicit
1007 968 1020 1002 :
1054 944 1324 1014 Sapientis
1368 948 1509 1001 oculi
1537 948 1590 1000 in
1620 950 1789 1018 capite
1808 949 1922 1017 ejus
1938 951 2016 1017 ’7;

442 1037 546 1092 hoc
589 1046 703 1102 est,
743 1037 955 1091 occulta
1001 1049 1055 1093 et
1091 1039 1369 1093 recondita
1412 1040 1672 1108 sapientis
1718 1056 1863 1109 pars,
1895 1056 2019 1110 pro-

441 1128 565 1181 vida
594 1138 678 1183 est
703 1136 760 1182 et
792 1129 1209 1200 circumspecta.
1240 1130 1307 1184 Et
1337 1146 1525 1185 rursus
1550 1141 1659 1185 tum
1685 1133 1866 1186 carnis
1891 1147 2020 1187 ocu-

442 1218 523 1275 los
553 1219 810 1274 similiter
851 1220 1005 1287 dicit,
1056 1236 1163 1274 non
1204 1221 1380 1276 solum
1422 1221 1475 1276 in
1515 1237 1577 1277 ea
1623 1238 1787 1292 quam
1828 1224 2017 1278 attuli-

442 1326 564 1366 mus
593 1313 888 1380 sententia,
928 1314 1022 1368 sed
1062 1313 1228 1368 etiam
1278 1313 1369 1368 ubi
1414 1315 1510 1379 ait,
1540 1328 1869 1384 praeceptum
1918 1317 2021 1371 Do-

441 1405 575 1459 mini
618 1404 853 1460 lucidum
900 1421 1051 1473 esse,
1100 1416 1154 1462 et
1196 1407 1510 1463 illuminans
1541 1408 1732 1463 oculos
1764 1409 1831 1461 ³⁸.
1877 1409 2020 1475 Quid

441 1507 575 1548 vero
597 1503 811 1564 oportet
853 1496 1034 1551 dicere
1081 1497 1149 1551 de
1187 1497 1292 1551 hoc
1333 1514 1347 1550 :
1390 1496 1492 1562 Qui
1536 1498 1688 1551 liabet
1732 1515 1886 1552 aures
1921 1515 2021 1552 au-

440 1585 643 1654 diendi,
672 1587 857 1640 audiat
883 1587 967 1639 “‘2
996 1586 1347 1657 Compertum
1399 1597 1485 1641 est
1522 1589 1664 1642 enim
1705 1598 1761 1643 et
1802 1604 2023 1658 perspe-

438 1685 610 1741 ctum,
643 1675 911 1745 aliquibus
952 1677 1131 1731 inesse
1181 1691 1340 1730 aures
1377 1676 1631 1731 meliores
1672 1678 2013 1744 praestantio-

2126 506 2214 542 τοι
2240 489 2324 552 τίς
2365 490 2581 561 ἀντερεῖ
2616 488 2691 559 μὴ
2731 489 2852 559 οὐχὶ
2895 488 3114 543 πάντων
3162 484 3301 542 εἶναι
3337 489 3719 553 δικαιοτάτους

2125 580 2251 643 τοὺς
2277 581 2336 632 ὲν
2365 579 2451 650 τῷ
2468 581 2749 653 μαρτυρίῳ
2774 579 3255 648 τετελειωμένουςς
3293 579 3452 633 Ἀλλὰ
3473 582 3713 649 μήποτε,

2125 666 2314 740 ὥσπερ
2337 668 2621 739 ἄνθρωπος
2649 668 2888 737 λέγεται,
2913 666 3211 729 τουτέστιν,
3235 668 3269 737 ή
3288 665 3432 736 ψυχὴ
3452 666 3583 736 (56),
3616 668 3716 718 καὶ

2125 763 2155 815 ὀ
2186 759 2309 823 νοῦς
2335 762 2364 813 ὁ
2385 759 2724 832 ἀνθρώπινος
2748 776 2760 789 ·
2791 757 2933 813 οὕτω
2973 758 3067 811 καὶ
3109 757 3177 811 τά
3224 756 3359 829 μέλη
3393 757 3502 827 (57)
3542 757 3713 811 αὑτοῦ

2125 851 2431 922 ὁμωνύμως
2470 850 2792 920 ὀνομάζεται
2826 849 2962 920 πρὸς
2992 848 3060 902 τὰ
3083 848 3183 917 τῆς
3207 847 3439 919 σαρκός·
3472 848 3547 912 ὼς
3574 848 3711 900 πολ-

2126 942 2281 1006 λάκις
2302 943 2560 1013 ὀνομάζει
2590 943 2623 1013 ἡ
2657 940 2846 1014 Γραφὴ
2881 940 2975 994 τοῦ
3010 939 3253 1011 κρυπτοῦ
3291 938 3581 1010 ἀνθρώπου
3601 979 3618 1003 ,
3651 940 3712 991 ὲν

2124 1036 2203 1107 τῷ
2230 1036 2407 1104 λέγειν
2430 1052 2444 1067 ’
2487 1035 2597 1090 Τοῦ
2619 1034 2817 1103 σοφοῦ
2840 1036 2892 1087 οἱ
2916 1030 3207 1101 ὀφθαλμοὶ
3234 1031 3305 1083 ἐν
3328 1029 3563 1099 κεφαλῇ
3592 1030 3711 1102 (58)

2125 1128 2311 1184 αὑτοῦ
2331 1145 2345 1158 ·
2373 1127 2618 1182 τουτέστι
2647 1125 3007 1199 προορατικόν
3036 1126 3156 1183 ἐστι
3186 1122 3279 1176 καὶ
3308 1123 3715 1195 περιεσκεμμέ-

2125 1236 2215 1273 νον
2252 1219 2313 1272 τὸ
2367 1218 2608 1289 κρυπτὸν
2661 1217 2755 1270 τοῦ
2799 1215 2985 1284 σοφοῦ.
3030 1216 3141 1269 Καὶ
3187 1215 3348 1270 πάλιν
3396 1214 3714 1285 ὀφθαλμοὺς

2124 1311 2323 1383 ὁμοίως
2353 1310 2499 1380 λέγει
2526 1310 2650 1374 τούς
2669 1327 2728 1363 τε
2753 1309 2852 1378 τῆς
2878 1308 3055 1378 ψυχῆς
3102 1307 3196 1361 καὶ
3241 1308 3341 1379 τῆς
3375 1306 3572 1378 σαρκὸς
3592 1345 3609 1372 ,
3644 1308 3712 1359 οὐ

2127 1405 2287 1475 μόνον
2322 1406 2379 1457 ὲν
2476 1402 2830 1474 παρεθέμεθα
2874 1402 3037 1468 λέξει,
3088 1400 3203 1454 ἀλλ’
3249 1404 3308 1454 ὲν
3352 1400 3433 1471 τῷ
3477 1400 3715 1470 φάσκειν

2125 1496 2223 1567 τὴν
2255 1495 2472 1567 ἐντολὴν
2513 1496 2721 1567 Κυρίου
2753 1495 2995 1573 τηλαυγῆ
3041 1491 3177 1548 εἶναι
3228 1495 3322 1547 καὶ
3371 1492 3712 1564 φωτίζουσαν

2124 1587 2454 1657 ὀφθαλμούς.
2489 1587 2554 1640 Τί
2574 1587 2633 1640 δὲ
2671 1586 2754 1640 δεῖ
2784 1586 2961 1655 λέγειν
2991 1585 3256 1658 περὶτοῦ,
3301 1586 3364 1639 '0
3390 1588 3547 1654 ἔχων
3586 1580 3714 1640 ὦτα

2125 1680 2391 1745 ἀκούειν,
2431 1678 2731 1742 ἀκουέτω;
2767 1679 2937 1749 Δῆλον
2956 1679 3086 1751 γὰρ,
3113 1680 3197 1733 ὅτι
3235 1677 3525 1743 κέκτηνταί
3561 1694 3714 1740 τινες

442 1780 670 1834 resque,
701 1781 821 1835 quze
854 1766 950 1822 Dei
982 1766 1191 1836 possint
1218 1766 1383 1821 verba
1424 1766 1632 1820 audire.
1681 1768 1762 1821 Ad
1798 1782 1894 1822 eos
1924 1783 2019 1822 au-

2123 1770 2236 1828 ὢτα
2277 1774 2564 1845 κρείττονα
2605 1772 2882 1843 δυνάμενα
2909 1771 3129 1827 ἀκούειν
3170 1771 3343 1841 λόγων
3374 1770 3529 1824 Θεοῦ.
3562 1770 3712 1841 Πρὸς

443 1871 549 1916 tem
583 1858 675 1928 qui
704 1873 810 1912 non
840 1858 1042 1912 habent
1087 1859 1206 1913 illas
1233 1873 1395 1913 aures
1417 1898 1432 1922 ,
1474 1860 1603 1927 quid
1637 1860 1804 1914 dicit?
1831 1858 2017 1926 Surdi,

438 1952 642 2018 audite,
680 1960 729 2006 et
767 1955 916 2019 C(BCi,
952 1954 1199 2023 suspicite
1231 1954 1271 2007 ¹.
1328 1953 1487 2023 157
1523 1952 1654 2008 ltem
1695 1970 1709 2005 :
1745 1951 1818 2006 0s
1851 1967 2020 2006 meum

437 2049 642 2113 aperui,
674 2055 722 2098 et
752 2047 952 2100 attraxi
990 2046 1235 2113 spiritum
1274 2047 1315 2100 ’.
1357 2047 1445 2109 Et,
1472 2045 1652 2099 dentes
1686 2053 2020 2113 peccatorum

438 2133 734 2187 contrivisti
754 2133 798 2188 '.
822 2133 956 2189 Nam
991 2135 1109 2189 haec
1133 2135 1313 2189 omnia
1338 2135 1406 2189 de
1438 2136 1503 2190 iis
1529 2135 1670 2189 dicta
1691 2142 1818 2188 sunt
1851 2133 2022 2188 facul-

442 2224 666 2291 tatibus,
693 2239 814 2295 qua:
850 2224 1086 2294 spiritali
1121 2224 1392 2280 alimoniae
1416 2241 1480 2279 ac
1509 2226 1768 2280 doctrinae
1790 2224 2017 2294 spiritali

438 2313 762 2369 inserviunt.
781 2313 911 2370 Tale
931 2324 1014 2369 est
1041 2324 1091 2370 et
1122 2313 1250 2368 illud
1279 2329 1294 2368 :
1331 2312 1573 2369 Ventrem
1599 2331 1774 2370 meum
1792 2314 1942 2369 doleo
1962 2317 2015 2382 ⁸;

437 2413 517 2471 et,
546 2403 650 2461 Pes
674 2408 816 2478 justi
855 2424 961 2462 non
995 2408 1243 2478 impinget
1282 2407 1325 2462 ⁸.
1359 2407 1552 2463 Omnia
1600 2410 1744 2463 enim
1799 2410 1922 2462 talia
1952 2410 2021 2464 de

436 2498 683 2554 interiori
714 2500 937 2559 homine
979 2500 1148 2555 relata
1184 2510 1334 2555 sunt.
1363 2499 1484 2555 Jam
1526 2515 1650 2555 vero
1675 2501 1829 2568 juxta
1871 2516 2020 2555 cam-

437 2589 561 2646 detn
597 2590 864 2646 rationem
914 2590 1116 2647 fuerint
1154 2593 1320 2647 etiam
1359 2592 1606 2662 quaedam
1652 2592 1888 2647 hominis
1936 2592 2020 2645 in-

442 2684 584 2738 terni
614 2699 760 2750 ossa,
798 2685 998 2755 quibus
1044 2685 1322 2754 colligatio
1358 2686 1755 2754 harmoniaque
1786 2685 2018 2740 faculta-

437 2784 552 2831 tum
583 2777 779 2831 anitnte
817 2778 1145 2833 continetur.
1177 2777 1246 2832 Et
1273 2776 1732 2847 quemadmodum
1768 2792 1888 2832 ossa
1928 2775 2018 2829 lir-

437 2867 628 2922 mitate
650 2867 865 2937 propria
890 2867 1264 2921 comnmniunt
1286 2867 1535 2921 carnium
1563 2867 2015 2922 teneritudinem:

440 2959 520 3013 sic
549 2967 605 3012 et
637 2958 691 3012 in
730 2956 968 3012 Ecclesia
992 2966 1119 3011 sunt
1146 2957 1388 3026 quidam,
1422 2959 1513 3027 qui
1547 2957 1617 3013 ob
1654 2959 2018 3014 constantiam

437 3063 592 3103 suam
639 3048 899 3105 debilium
940 3047 1345 3103 imbecillitates
1398 3046 1542 3104 ferre
1576 3059 1818 3119 possunt.
1859 3050 1923 3104 Et
1962 3061 2022 3106 ut

2119 1868 2177 1921 δὲ
2202 1867 2329 1931 τοὺς
2358 1865 2433 1937 μὴ
2473 1866 2696 1935 ἔχοντας
2723 1867 2904 1918 ἐκεῖνα
2932 1864 3001 1918 τά
3025 1858 3141 1918 ὦτα
3176 1863 3228 1916 τί
3257 1880 3459 1934 φησιν;
3490 1865 3557 1916 οι
3592 1879 3710 1916 κω-

2121 1958 2223 2029 φοὶ
2242 1997 2258 2022 ,
2281 1959 2616 2022 ἀκούσατε,
2653 1956 2753 2011 καὶ
2774 1959 2828 2011 οἱ
2853 1956 3094 2025 τυφλοὶ,
3131 1956 3520 2023 circumegit-ars
3540 1972 3555 1986 ·
3587 1955 3707 2017 καὶ,

2124 2050 2202 2105 Τὸ
2235 2051 2432 2119 στόμα
2454 2066 2574 2118 μου
2600 2048 2835 2116 ἢνοιξα,
2861 2047 2960 2102 καί
2988 2048 3248 2101 εἷλκυσα
3283 2046 3549 2115 πνεῦμα·
3589 2045 3711 2109 καὶ,

2120 2139 2388 2205 Ὀδόντας
2414 2137 2776 2208 ἁμαρτωλῶν
2797 2137 3185 2206 συνέτριψας.
3205 2136 3388 2192 Ταῦτα
3407 2136 3516 2207 γάρ
3531 2136 3710 2189 πάντα

2120 2231 2335 2304 εἴρηται
2365 2232 2503 2304 πρὸς
2534 2230 2633 2294 τὰς
2661 2229 3038 2302 ὀπουργούσας
3057 2228 3316 2300 δυνάμεις
3340 2229 3433 2281 ἐπὶ
3458 2227 3558 2298 τὴν
3583 2243 3714 2298 νοη-

2118 2323 2219 2393 τὴν
2245 2322 2452 2393 τροφὴν
2483 2323 2577 2376 καὶ
2610 2321 2703 2375 τὸν
2725 2322 2912 2393 νοητὸν
2935 2320 3111 2390 λόγον,
3141 2320 3390 2374 Τοιοῦτον
3417 2319 3474 2372 δὲ
3508 2319 3604 2373 καὶ
3621 2320 3708 2385 τὸ,

2127 2415 2246 2482 Τὴν
2268 2415 2507 2468 κοιλίαν
2529 2431 2650 2484 μου
2688 2413 2881 2483 ἀλγῶ·
2919 2414 3013 2468 καὶ
3055 2414 3137 2481 τὸ,
3198 2415 3251 2466 '0
3293 2411 3447 2481 ποῦς
3480 2412 3586 2467 τοῦ
3622 2411 3713 2465 δι-

2120 2506 2294 2559 καίου
2331 2506 2403 2559 οὺ
2429 2504 2515 2575 μὴ
2552 2506 2898 2575 προσκόψῃ.
2978 2506 3162 2560 Πάντα
3190 2504 3301 2577 γὰρ
3334 2505 3425 2558 ἐπὶ
3456 2502 3549 2558 τοῦ
3599 2503 3713 2557 ἔσω

2120 2597 2410 2670 ἀνθρώπου
2451 2598 2796 2652 κατείλεκται
2824 2597 2896 2651 τὰ
2932 2596 3176 2652 τοιαῦτα.
3209 2596 3369 2652 Κατὰ
3400 2596 3457 2650 δὲ
3485 2597 3578 2650 τὸν
3602 2597 3710 2650 αύ-

2120 2690 2214 2745 τὺν
2244 2691 2400 2761 λόγον
2422 2693 2517 2745 καὶ
2544 2693 2679 2745 ὀστᾶ
2706 2709 2831 2746 τινα
2855 2691 2922 2747 ἂν
2947 2691 3039 2745 τοῦ
3069 2693 3126 2744 ὲν
3155 2690 3232 2762 τῷ
3252 2689 3499 2762 κρυπτῷ,
3530 2692 3590 2743 ὲν
3623 2686 3710 2754 οἷς

2120 2784 2150 2837 ὀ
2175 2782 2468 2856 σύνδεσμος
2490 2785 2584 2839 καὶ
2610 2787 2642 2856 ή
2669 2784 2903 2857 ἁρμονία
2924 2784 3032 2838 τῶν
3062 2783 3309 2855 ψυχικῶν
3330 2786 3444 2837 ἐστι
3477 2783 3588 2854 (59)
3616 2783 3710 2837 δυ-

2122 2875 2339 2947 νάμεων
2364 2877 2828 2949 συγκροτουμένη.
2853 2878 2964 2930 Καὶ
2981 2875 3169 2949 ὥσπερ
3196 2876 3264 2930 τὰ
3292 2877 3425 2929 ὀστᾶ
3445 2878 3512 2946 τῇ
3529 2875 3711 2946 οἰκείᾳ

2122 2969 2338 3041 εὐτονίᾳ
2388 2968 2498 3022 τῶν
2557 2969 2778 3040 σαρκῶν
2815 2969 3151 3039 περιστέλλει
3217 2969 3315 3039 τὴν
3360 2962 3706 3037 ἁπαλότητα,

2121 3060 2264 3115 οὕτω
2287 3064 2381 3116 καὶ
2397 3062 2457 3116 ιν
2479 3064 2544 3133 τῇ
2561 3062 2859 3134 Ἐκκλησία
2891 3062 2998 3115 είσί
3016 3079 3180 3127 τινες,
3203 3062 3251 3115 οἳ
3269 3061 3357 3116 διὰ
3384 3061 3482 3133 τὴν
3496 3061 3710 3115 οἰκείαν

438 3142 580 3196 inter
603 3156 663 3195 se
689 3148 1086 3194 connectuntur
1116 3153 1262 3203 ossa,
1287 3153 1411 3193 cum
1438 3155 1534 3209 per
1562 3154 1757 3195 nervos
1780 3150 1834 3194 et
1862 3141 2016 3196 colli-

2123 3155 2453 3228 στερρότητα
2477 3154 2546 3208 τὰ
2576 3156 2929 3227 ὑστερήματα
2978 3154 3232 3208 δύνανται
3273 3154 3383 3208 τῶν
3426 3154 3712 3209 ἀσθενούν-

436 3232 679 3302 gationes
717 3246 812 3299 per
845 3240 1060 3284 artuum
1112 3230 1503 3286 commissuras
1557 3231 1699 3285 inter
1738 3245 1799 3285 se
1832 3232 2016 3285 adluc-

436 3335 657 3381 rescunt
682 3342 696 3380 :
729 3325 801 3379 ita
820 3338 1036 3395 quoque
1067 3323 1232 3380 fuerit.
1257 3323 1547 3379 charitatis
1575 3332 1631 3378 et
1652 3324 1802 3393 pacis
1830 3326 2020 3378 vincu-

438 3416 585 3483 lum,
644 3416 1048 3471 concretionem
1116 3415 1405 3483 quamdam
1464 3424 1520 3468 et
1577 3415 2016 3484 conjunctionem

436 3507 801 3576 spiritualium
849 3506 1054 3561 ossium
1101 3506 1156 3560 in
1200 3506 1294 3560 Dei
1343 3505 1587 3560 Ecclesia
1637 3503 1899 3559 eﬂiciens.
1942 3505 2019 3559 De

437 3596 701 3666 ejusmodi
752 3597 998 3660 ossibus,
1051 3595 1118 3650 ab
1157 3595 1439 3649 harmonia
1490 3593 1720 3660 solutis,
1766 3604 1821 3648 et
1876 3594 2021 3649 velut

437 3689 659 3753 luxatis,
693 3689 822 3743 dicit
846 3687 1119 3758 Propheta
1151 3706 1164 3742 :
1216 3686 1488 3755 Dissipata
1530 3696 1653 3740 sunt
1684 3702 1803 3739 ossa
1838 3695 2018 3739 nostra

438 3798 586 3837 secus
626 3780 893 3849 infernum
916 3782 959 3834 ⁸.
998 3778 1177 3849 Atque
1205 3780 1251 3833 si
1284 3792 1519 3849 unquam
1572 3778 1688 3832 haec
1727 3791 1850 3832 ossa
1882 3790 2017 3832 con-

441 3874 682 3929 turbatio
716 3872 1207 3943 conquassatioqne
1233 3869 1674 3941 apprehenderit,
1705 3882 1871 3924 orans
1897 3868 1975 3923 ait
2000 3886 2014 3922 :

439 3964 588 4022 Sana
621 3981 702 4018 me
723 4003 739 4030 ,
772 3964 1030 4031 Domine,
1063 3965 1313 4032 quoniam
1364 3961 1677 4016 conturbata
1725 3969 1847 4015 sunt
1898 3976 2018 4015 ossa

438 4074 556 4112 mea
577 4058 620 4111 ".
649 4056 750 4113 Ubi
782 4073 910 4113 vero
933 4057 1272 4113 harmoniam
1292 4053 1567 4124 propriam
1591 4053 1950 4116 servaverint,
1985 4067 2018 4106 a

440 4148 670 4204 Domino
698 4147 991 4210 custodita,
1024 4162 1093 4201 ne
1118 4162 1283 4199 unum
1308 4144 1526 4212 quidem
1557 4158 1623 4198 ex
1654 4143 1739 4199 his
1764 4152 2017 4199 contere-

441 4251 551 4308 tur,
583 4240 678 4295 sed
706 4239 866 4308 digna
891 4248 1037 4301 sunt,
1065 4252 1186 4306 quae
1212 4235 1322 4292 Deo
1348 4236 1574 4306 gloriam
1602 4234 1863 4290 referant.
1893 4233 2020 4290 0m-

440 4337 528 4388 nia
575 4334 739 4397 enim,
788 4332 986 4399 inquit,
1020 4347 1138 4384 ossa
1170 4347 1287 4384 mea
1337 4329 1509 4383 dicent
1558 4344 1577 4383 :
1626 4327 1875 4394 Domine,
1905 4327 2016 4382 Do-

439 4426 599 4489 mine,
636 4424 755 4495 quis
786 4424 977 4478 similis
1015 4421 1109 4477 tibi
1131 4422 1188 4476 '?
1221 4421 1415 4476 Vidisti
1444 4420 1791 4476 rationalium
1812 4421 2016 4475 ossium

2121 3265 2228 3301 των
2264 3248 2571 3318 βαστάζειν.
2607 3249 2718 3301 Καὶ
2739 3247 2927 3319 ὥσπερ
2960 3246 3029 3300 τά
3071 3248 3206 3300 ὀστᾶ
3239 3247 3570 3301 συνάπτεται
3606 3247 3710 3301 άλ-

2121 3338 2302 3410 λήλοις
2326 3338 2468 3392 κατὰ
2502 3338 2598 3401 τὰς
2627 3336 2981 3409 διαρθρώσεις
3012 3337 3224 3409 νεύροις
3265 3338 3357 3391 καὶ
3387 3336 3709 3409 συνδέσμοις

2123 3427 2539 3497 ὲπιπεφυκόσιν,
2569 3425 2742 3490 οὕτως
2765 3424 2832 3479 ἂν
2862 3427 2947 3497 εἴη
2975 3426 3070 3479 καὶ
3086 3429 3115 3479 ὀ
3132 3428 3231 3496 τῆς
3251 3423 3471 3493 ἀγάπης
3494 3425 3589 3477 καὶ
3607 3424 3708 3494 τῆς

2123 3518 2343 3589 εἰρήνης
2362 3516 2676 3586 σύνδεσμος,
2692 3531 2756 3568 συ
2765 3515 2969 3585 μφυῖαν
2984 3512 3106 3567 τινά
3117 3517 3212 3566 καὶ
3226 3512 3419 3565 ἕνωσιν
3432 3511 3540 3564 τῶν
3552 3526 3709 3563 πνευ-

2127 3608 2370 3679 ματικῶν
2386 3608 2587 3661 ὀστέων
2614 3609 2673 3660 ὲν
2697 3610 2764 3679 τῇ
2782 3605 3079 3677 Ἐκκλησία
3097 3604 3193 3658 τοῦ
3211 3604 3345 3658 Θεοῦ
3367 3602 3706 3675 κατεργαζό-

2128 3717 2306 3772 μενος.
2325 3700 2397 3752 Πε
2408 3700 2460 3771 pi.
2479 3698 2682 3752 τούτων
2703 3698 2812 3752 τῶν
2830 3698 3033 3752 ὀστέων
3057 3697 3166 3751 τῶν
3186 3696 3459 3768 λυομένων
3479 3695 3588 3750 άπὸ
3606 3697 3708 3766 τῆς

2126 3789 2407 3861 ἁρμονίας,
2423 3790 2516 3843 καὶ
2530 3789 2691 3861 οἱονεὶ
2708 3788 2871 3859 agape
2878 3806 2987 3858 ρων
3005 3788 3325 3859 γινομένων,
3346 3788 3510 3858 φησὶν
3524 3790 3553 3841 ὀ
3568 3788 3708 3857 Προ-

2125 3860 2304 3952 φήτης
2323 3896 2338 3911 σ
2364 3860 2924 3948 Διεσκορξτίσθησαν
2947 3879 3059 3951 (40)
3084 3878 3158 3933 τὰ
3183 3878 3335 3934 ὀστᾶ
3356 3878 3527 3948 ἡμῶν
3547 3877 3709 3945 παρὰ

2123 3973 2231 4026 τὸν
2266 3972 2442 4039 ᾅδην.
2472 3972 2582 4025 Καὶ
2611 3959 2705 4025 ἐάν
2732 3971 2862 4024 ποτέ
2889 3986 2952 4039 γε
2997 3970 3207 4042 ταραχὴ
3254 3969 3394 4025 αὐτὰ
3431 3969 3525 4023 καὶ
3566 3985 3706 4039 κρα-

2122 4066 2328 4137 δασμὸς
2358 4064 2662 4138 καταλάϐῃ,
2701 4065 2992 4135 εὐχόμενος
3018 4062 3164 4131 λέγει
3183 4079 3199 4092 ⁸
3236 4062 3427 4117 Ἰασαί
3444 4078 3523 4133 με
3545 4099 3560 4124 ,
3590 4062 3708 4116 Κύ-

2115 4175 2230 4227 ριε,
2256 4157 2345 4212 ὅτι
2381 4156 2677 4226 ἐταράχθη
2701 4156 2774 4211 τὰ
2801 4156 2951 4211 ὀστᾶ
2971 4174 3109 4225 μου.
3147 4156 3314 4209 Ὅταν
3342 4155 3399 4207 δὲ
3430 4152 3576 4225 σώζῃ
3605 4152 3707 4223 τὴν

2122 4250 2327 4303 οἰκείαν
2366 4248 2649 4320 ἁρμονίαν,
2682 4247 3056 4317 φυλαττόμενα
3086 4245 3191 4299 ὑπὸ
3217 4245 3310 4299 τοῦ
3332 4246 3558 4318 Κυρίου,
3582 4242 3706 4295 οὐδὲ

2124 4343 2183 4396 ἓν
2214 4342 2393 4397 αὐτῶν
2428 4341 2874 4413 συντριϐήσεται,
2906 4339 3019 4394 ἀλλ’
3053 4339 3180 4405 ἄξιά
3216 4341 3332 4391 ἐστι
3377 4336 3533 4404 δόξαν
3576 4338 3707 4389 ἀνα-

2125 4434 2311 4505 φέρειν
2355 4431 2435 4502 τῷ
2472 4430 2611 4503 Θεῷ.
2660 4430 2862 4485 Πάντα
2906 4432 3052 4500 γὰρ,
3086 4431 3238 4499 φησι,
3283 4428 3356 4484 τὰ
3387 4426 3539 4482 ὀστᾶ
3582 4443 3705 4496 μου

440 4511 728 4575 naturam?
755 4516 1031 4573 Fortassis
1064 4527 1247 4571 autem
1274 4514 1514 4570 Ecclesia
1542 4514 1716 4583 possit
1743 4511 1928 4568 dicere
1954 4513 2017 4567 il-

2123 4522 2358 4590 ἐροῦσι·
2384 4522 2583 4589 Κύριε,
2616 4522 2792 4589 Κύριε
2812 4559 2826 4582 ,
2872 4520 2964 4586 τίς
2988 4520 3100 4590 (41)
3142 4520 3344 4590 ὅμοιός
3381 4533 3517 4580 σοι;
3549 4511 3706 4579 Εἶδες

509 4660 554 4691 ⁸⁷
586 4659 762 4714 Eccle.
797 4672 859 4721 ιι,
903 4656 991 4713 14.
1062 4657 1108 4691 ⁸⁸
1134 4656 1276 4711 Dsal.
1302 4671 1456 4719 xvnt,
1485 4654 1539 4708 9.

1644 4656 1690 4687 ⁹⁹
1728 4653 1862 4707 an.
1894 4669 2013 4715 vm,

2190 4658 2204 4687 ¹
2233 4658 2337 4710 Isa.
2365 4673 2496 4720 ml,
2530 4655 2616 4710 18.
2674 4658 2695 4688 ¹
2722 4657 2861 4711 Psal.
2894 4673 3084 4723 cxvm,
3131 4656 3252 4711 151.
3330 4653 3515 4710 'Psal.
3539 4669 3619 4716 ιιι.
3645 4653 3701 4710 8.

443 4727 684 4785 ‘Jerem.
716 4745 790 4793 tv,
815 4728 903 4784 i9.
979 4729 1000 4759 '
1035 4728 1195 4782 Prov.
1229 4743 1309 4791 ιιι,
1336 4727 1426 4781 25.
1504 4723 1690 4779 ‘Psal.
1720 4739 1842 4789 exn,
1877 4724 1927 4780 7.
2002 4725 2019 4757 ’

2123 4727 2204 4782 sal.
2236 4742 2310 4791 vt,
2351 4729 2405 4782 '5.
2480 4728 2502 4759 ⁸
2532 4727 2672 4783 Psal.
2700 4743 2884 4793 xxxrv,
2920 4729 3006 4783 i8.

517 4849 632 4920 (56)
665 4848 759 4920 Sic
799 4864 934 4903 mss.
967 4859 1197 4920 septem.
1229 4848 1412 4902 Editio
1446 4845 1624 4902 Paris.
1655 4845 1844 4918 ὥσπερ
1867 4846 1896 4898 ὀ
1927 4845 2022 4899 άν-

440 4918 658 4993 enam:
674 4918 891 4993 λέγεται
920 4921 953 4989 ἡ
978 4919 1145 4990 ψυχήν
1179 4927 1285 4993 ets.-

516 4991 631 5067 (ζῆ)
656 4985 805 5067 Satis
843 4985 1140 5067 verisimile
1181 4988 1351 5067 videri
1381 4995 1565 5067 potest
1614 4986 1755 5067 μέρη
1791 5001 1887 5053 pro
1920 4985 2023 5067 μέτ

2131 4849 2254 4919 χῆς.
2285 4850 2354 4904 At
2383 4865 2512 4906 mss.
2548 4859 2751 4918 septem
2785 4851 2880 4912 ita,
2919 4860 2979 4904 nt
3008 4854 3273 4919 edendum
3302 4862 3632 4919 curavrmns.

2203 4920 2317 4988 (39)
2347 4921 2504 4974 Deest
2547 4915 2665 4973 ὲστί
2701 4922 2752 4974 in
2784 4921 2969 4973 multis
3015 4935 3143 4974 mss.
3193 4918 3310 4972 Mox
3364 4919 3494 4988 editi
3528 4915 3707 4986 οἰκείᾳ

2128 4986 2374 5062 δυνάμει.
2397 5060 2405 5062 _
2426 4994 2494 5062 At
2541 5008 2680 5062 tnss.
2699 5000 2904 5062 septem
2931 4988 3373 5062 oixsia_sbcovia.
3400 4986 3708 5062 impuler-

443 5047 831 5140 ln‘leéendnm
857 5074 997 5114 esse.
1026 5061 1164 5129 Apte
1193 5058 1336 5140 enim
1362 5047 1830 5140 d'icitttus,'Par'tes
1856 5047 2023 5138 animi
2133 5054 2251 5140 tius
2266 5047 2341 5133 ’τῇ
2372 5060 2478 5132 ἰδίᾳ
2508 5060 2743 5140 εὐτονίᾳ.
2763 5047 2897 5140 ’Νρρ
2929 5063 3003 5140 ita
3045 5047 3214 5140 multo
3244 5047 3367 5126 post
3392 5047 3704 5140 idem‘neg.
3744 5102 3747 5107 .

441 5126 723 5211 prazcipua:
755 5142 917 5211 :"non
950 5126 1095 5200 apte,
1132 5128 1329 5211 neede
1365 5142 1540 5188 more,
1568 5126 1805 5211 Delubra
1833 5126 2018 5211 .animi
2060 5160 2087 5193 ι

443 5195 733 5271 ρηιέεὶριια.
769 5195 1145 5269 Conjecturam
1169 5198 1411 5267 adjuvat,
1441 5197 1586 5271 quod
1617 5195 1916 5271 Qornarius
1936 5195 2018 5271 ita

447 5264 645 5341 legisse
687 5264 956 5337 putandus
1001 5271 1093 5334 sit,
1124 5264 1249 5323 cuni
1295 5264 1525 5341 verterit
1559 5281 1572 5316 :
1630 5264 1824 5341 Partes
1848 5264 2016 5332 ipsius

451 5335 713 5414 [anima].
743 5342 877 5414 Cum
909 5350 1093 5414 tamen
1122 5340 1213 5414 hic
1247 5347 1439 5414 agatur
1472 5336 1539 5414 de
1568 5335 2017 5414 nomine_impro-

490 5414 568 5467 rio
595 5421 648 5466 et
673 5402 980 5482 ‘a’qnivoco,
1013 5409 1231 5465 dubium
1264 5402 1375 5482 non
1404 5405 1844 5482 habemus,_qu_in
1879 5402 2015 5475 μέλη

490 5428 568 5467 rto
595 5426 648 5466 et
693 5427 980 5482 a’qnwoco,
1013 5426 1231 5465 nuptum
1264 5426 1370 5462 non
1404 5426 1684 5469 navemus,
1715 5426 1844 5473 qum
1879 5426 2015 5475 μεΛη

445 5426 554 5539 Eoo
585 5483 701 5538 loco
736 5484 835 5553 legi
881 5490 1151 5553 Oporteat.
1182 5478 1405 5553 Accedit
1431 5477 1574 5546 quod
1618 5474 1758 5547 μέλη
1782 5475 1836 5528 in
1884 5489 2015 5528 mss.

452 5554 675 5622 perinde
701 5550 862 5621 atque
891 5550 944 5605 iit
977 5552 1139 5622 editis
1168 5550 1489 5622 reperiatur.

523 5621 632 5690 (38)
693 5614 829 5677 Editi
877 5630 931 5675 et
983 5614 1403 5690 Reg.,quartus
1450 5618 1623 5690 sum
1672 5614 2021 5690 κεφαλῇ-Δί

451 5685 585 5745 mss.
616 5685 873 5760 'qninque
925 5701 981 5744 et
1016 5685 1208 5746 ed—itin-
1236 5689 1475 5760 Romana
1531 5685 2019 5760 ὲν“’κεφαλῇ.Μοκ

454 5762 585 5816 editi
636 5755 781 5830 λέγει
825 5760 1025 5831 ὁμοίως
1074 5760 1197 5823 τούς
1246 5776 1304 5811 τε
1352 5759 1451 5828 τῆς
1512 5757 1714 5828 σαρκὸς
1776 5755 1869 5810 καὶ
1912 5755 2019 5825 ψυ-

2129 5126 2485 5188 ῐθνιὶιιέόιιιίι
2534 5126 2774 5186 editione
2820 5130 2984 5185 Basil.
3042 5129 3297 5184 δύνανται
3349 5126 3458 5181 τῶν
3505 5126 3704 5180 ἀδυνά-

2124 5218 2308 5341 τωῖιίο)
2331 5270 2412 5341 Ita,
2435 5284 2593 5341 mss,
2616 5286 2734 5324 sex.
2772 5270 2912 5326 Editi
2947 5280 3002 5326 et
3045 5271 3197 5327 Colb.
3234 5270 3458 5341 quintus
3487 5265 3708 5341 et_LXX

2124 5339 2540 5424 διεσκορπίσθη.
2573 5340 2771 5396 Statim
2820 5356 2954 5397 mss.
2986 5342 3230 5412 quinque
3257 5339 3388 5392 ποτέ
3421 5355 3507 5400 γε.
3543 5339 3711 5397 Deest

2124 5428 2190 5481 γε
2222 5413 2274 5464 in
2302 5413 2487 5466 editis.

2199 5480 2313 5551 (41)
2348 5482 2487 5551 Editi
2525 5490 2582 5536 et
2638 5481 2931 5537 Colbertini
2978 5481 3177 5551 tertius
3230 5489 3287 5533 et
3329 5479 3550 5551 quintus
3581 5492 3704 5551 cum

2125 5549 2516 5633 βοξεεεέςύριε,
2567 5553 2762 5633 Κύριε,
2790 5550 3277 5633 τίςληνοξιίύριε
3309 5549 3709 5633 semeliegi-t‘ttr

2130 5624 2183 5676 in
2205 5620 2368 5685 LXX,
2401 5617 2457 5676 et
2487 5624 2538 5676 in
2578 5617 2702 5676 aliis
2738 5638 2867 5675 mss.
2901 5620 3011 5679 Nec
3034 5617 3286 5678 dissentit
3310 5617 3704 5690 Vulgata,’Do-

2128 5694 2287 5760 mine,
2317 5693 2437 5762 quis
2470 5691 2659 5748 similis
2707 5692 2845 5749 tibi?
