4048 6220
419 309 527 365 385
1545 306 1826 362 HOMILIA
1864 304 1933 358 IN
1971 298 2308 357 PSALMUM
2349 298 2586 356 XXXIII.
3561 305 3667 361 386

422 420 653 489 λογικῶν
670 424 871 474 οστεων
896 436 1087 488 φυσιν;
1118 419 1272 490 Τάχα
1287 421 1331 474 δ’
1348 419 1414 474 ἂν
1438 422 1598 473 τοῦτο
1624 422 1675 490 ὴ,
1703 417 1983 490 Ἐκκλησία

2099 415 2212 479 Iud,
2238 413 2426 467 Omnia
2444 430 2563 467 ossa
2586 429 2700 467 mea
2723 412 2920 479 dicent,
2946 414 3236 469 secundum
3256 416 3665 472 resurrectionis

421 516 597 582 λέγοι,
652 513 745 576 τὸ,
780 512 985 565 Πάντα
1018 512 1099 566 τὰ
1126 511 1279 567 ὀστᾶ
1312 530 1432 581 μου
1478 513 1712 580 ἐροῦσι,
1766 511 1905 564 κατὰ
1938 510 1983 562 τί

2106 505 2445 574 mysterium.
2482 502 2612 556 ch
2644 506 2803 568 enim,
2846 504 3038 573 inquit,
3072 506 3199 557 dicit
3244 506 3494 558 Dominus
3534 511 3666 561 ossi-

420 606 517 675 τῆς
546 604 893 665 ἀναστάσεως
922 605 1238 675 μυστήριον.
1283 603 1429 657 Τάδε
1471 603 1613 671 γὰρ,
1651 601 1804 671 φησὶ,
1838 600 1978 669 λέγε

2099 599 2192 649 bus
2220 595 2337 648 his”
2362 619 2372 649 ;
2403 593 2538 647 Ecce
2556 611 2647 662 ego
2678 595 2788 662 fero
2827 596 2880 648 in
2915 612 3001 648 vos
3025 596 3265 663 spiritum
3285 597 3423 660 vita’,
3449 607 3497 650 et
3530 598 3664 651 dabo

420 698 635 763 Κύριος
670 696 794 760 τοῖς
814 695 1049 760 ὀστέοις
1075 697 1307 761 τούτοις
1329 713 1341 725 ⁸
1394 695 1538 749 Ἰδοὺ
1581 695 1696 764 ἐγὼ
1724 694 1879 763 φέρω
1917 695 1983 758 εὶς

2098 704 2255 753 super
2297 703 2384 740 vos
2434 702 2640 749 nervos,
2675 694 2725 738 et
2759 688 3005 738 reducam
3054 701 3209 754 super
3248 703 3335 767 eos
3372 704 3573 749 carnes,
3614 699 3662 740 et

417 785 572 856 ὑμᾶς
594 787 705 855 (42)
734 786 969 855 πνεῦμα
990 786 1157 853 ζωῆς,
1182 787 1279 841 καὶ
1307 786 1479 840 δώσω
1497 788 1589 854 ἐφ’
1612 786 1764 855 ὑμᾶς
1799 786 1981 853 νεῦρα

2098 779 2297 839 vivetis,
2328 788 2373 830 et
2406 778 2724 847 cognoscetis
2752 782 2889 845 quod
2922 792 3015 844 ego
3061 794 3175 830 sunt
3220 778 3493 830 Dominus.
3542 778 3665 832 Haec

417 877 515 929 καὶ
548 876 750 941 ἀνάξω
792 874 1086 946 ἐφ”ὑμᾶς
1126 875 1358 943 σάρκας
1416 876 1562 947 (45),
1589 876 1686 929 καὶ
1728 874 1983 940 ζήσεσθε

2102 870 2283 938 itaque
2328 884 2475 934 ossa,
2531 880 2805 937 resumpta
2848 869 2980 933 vita,
3025 871 3439 924 resurrectionis
3480 884 3663 923 eorum

417 967 517 1018 καὶ
564 966 890 1036 γνώσεσθε,
942 966 1031 1018 ὅτι
1072 965 1186 1034 ἐγώ
1241 968 1359 1034 εἰμι
1402 967 1634 1034 Κύριος.
1686 964 1872 1018 Ταῦτα
1912 960 1983 1017 οὗτ

2105 962 2311 1015 auctori
2359 963 2559 1028 gratias
2605 961 2988 1029 persolventia,
3021 960 3202 1015 dicent
3236 978 3251 1013 :
3285 960 3528 1025 Domine,
3560 961 3666 1013 Do-

416 1058 482 1110 τά
519 1058 673 1121 ὀστᾶ,
714 1057 1056 1110 ἀπολαϐόντα
1102 1058 1199 1127 τὴν
1245 1057 1417 1127 ζωὴν,
1450 1057 1875 1128 εὐχαριστοῦντα
1920 1055 2000 1126 τῷ

2107 1056 2271 1115 mine,
2298 1054 2412 1123 quis
2444 1053 2633 1106 similis
2666 1053 2803 1107 tibi?

415 1152 803 1222 ἀναστήσαντι,
852 1150 1069 1222 ἐροῦσι·
1131 1152 1342 1219 Κύριε,
1392 1153 1588 1219 Κύριε,
1658 1153 1750 1218 τίς
1803 1151 2006 1220 ὅμοιός
2044 1164 2143 1202 σοι
2176 1148 2332 1219 (44);

488 1245 573 1298 14.
593 1244 858 1316 Ἀκριϐὦς
889 1246 1210 1317 πρόσκειται
1233 1247 1313 1311 τὸ,
1330 1246 1597 1313 Θάνατος
1625 1246 1988 1317 ἁμαρτωλῶν

413 1336 675 1403 πονηρός
694 1352 706 1364 ο
747 1335 878 1388 διότι
905 1336 1021 1388 ἐστί
1053 1353 1139 1399 τις
1168 1326 1261 1390 ἐπὶ
1286 1337 1395 1390 τῶν
1420 1337 1644 1392 δικαίων
1677 1339 1904 1402 Θάνατος
1924 1340 1985 1392 οὐ

414 1425 646 1495 πονηρὸς
675 1424 773 1496 τὴν
805 1424 988 1495 φύσιν,
1019 1426 1133 1482 ἀλλ’
1168 1428 1389 1497 ἀγαθός.
1423 1431 1484 1482 Oi
1525 1430 1633 1502 γάρ
1679 1431 1987 1483 συναποθα-

412 1516 595 1579 νόντες
628 1516 707 1586 τῷ
738 1516 957 1588 Χριστῷ
1000 1519 1056 1571 ὲν
1090 1518 1280 1589 ἁγαθῷ
1317 1519 1534 1590 θανάτῳ
1572 1521 1827 1588 γεγόνασι
1847 1537 1861 1552 ⁸
1893 1521 1988 1575 καὶ

409 1608 461 1659 οἱ
485 1606 846 1671 ἀποθανόντες
874 1611 938 1679 τῇ
972 1609 1215 1681 ἁμαρτία
1254 1610 1347 1665 τὸν
1368 1611 1571 1681 ἀγαθὸν
1600 1614 1694 1665 καὶ
1722 1614 1984 1685 σωτήριον

2170 1244 2257 1298 14.
2278 1245 2545 1298 Accurate
2570 1244 2838 1314 adjectum
2865 1252 2949 1298 est
2974 1262 2987 1298 :
3014 1244 3182 1299 Vens.
3203 1243 3294 1297 22.
3319 1243 3463 1298 Mors
3484 1260 3668 1314 pecca-

2095 1348 2267 1393 torum
2306 1339 2469 1392 mata.
2498 1337 2632 1391 Nam
2664 1346 2745 1392 est
2774 1338 3014 1407 quaedam
3054 1352 3202 1393 mors
3229 1337 3519 1405 justorum,
3562 1354 3665 1391 na-

2097 1438 2216 1484 tura
2246 1445 2348 1483 non
2381 1427 2541 1493 mala,
2572 1429 2663 1483 sed
2692 1427 2852 1482 bona.
2882 1427 2981 1495 Qui
3007 1428 3152 1482 enim
3179 1429 3396 1483 Christo
3425 1440 3667 1483 commo-

2095 1522 2328 1587 riuntur,
2372 1520 2425 1574 in
2463 1519 2603 1575 bona
2638 1527 2811 1574 morte
2856 1532 3178 1587 versantur;
3229 1528 3283 1574 et
3321 1520 3412 1589 qui
3462 1518 3663 1573 mortui

2095 1620 2229 1666 sunt
2268 1621 2512 1682 peccato,
2544 1612 2684 1667 bona
2724 1626 2786 1666 ac
2813 1609 3032 1667 salutari
3078 1623 3249 1668 morte
3279 1612 3476 1667 mortui
3514 1621 3661 1666 sunt.

411 1670 1105 1769 άποτεθνήκασιθάνατον;
1160 1670 1217 1756 ’ὁ
1262 1670 1445 1774 μέντοι
1499 1703 1609 1757 τῶν
1649 1670 1983 1777 ἁμαρτωλῶν

2092 1704 2163 1758 At
2196 1719 2324 1760 vero
2368 1714 2711 1774 peccatorum
2758 1718 2907 1759 mors
2950 1703 3092 1759 mala
3130 1716 3235 1759 est.
3269 1706 3482 1773 Excipit
3514 1705 3658 1760 enim

412 1790 667 1860 πονηρός.
707 1790 1021 1861 Διαδέχεται
1054 1792 1161 1865 γάρ
1193 1794 1393 1858 αὐτοὺς
1422 1797 1454 1865 ἡ
1488 1794 1598 1867 (45)
1640 1797 1879 1863 κόλασις,
1913 1797 1988 1861 ὡς

411 1880 505 1931 καὶ
525 1880 616 1932 τὸν
646 1880 897 1935 πλούσιον
924 1883 1014 1935 τὸν
1040 1882 1387 1954 ἐνδεδυμένον
1421 1885 1710 1956 πορφύραν
1738 1889 1832 1939 καὶ
1863 1887 1989 1957 βύσ-

414 1987 524 2034 σον,
556 1972 648 2024 καὶ¹
689 1973 1112 2043 εὐφραινόμενον
1155 1973 1277 2027 καθ’
1312 1973 1522 2045 ἡμέραν
1553 1974 1839 2047 λαμπρῶς.
1876 1977 1987 2030 Καὶ

412 2064 465 2113 οἱ
512 2063 838 2130 μισοῦντες
883 2064 990 2116 τόν
1033 2064 1267 2118 δίκαιον
1311 2064 1878 2133 πλημμελήσωσιν.
1922 2067 1986 2119 Οἳ

412 2154 504 2206 καὶ
538 2153 624 2205 διὰ
649 2154 709 2205 τὸ
734 2157 791 2207 ὲν
824 2154 1223 2225 πλημμελείαις
1258 2156 1357 2226 ζῇν
1394 2156 1611 2226 μισοῦσι
1638 2157 1729 2209 τὸν
1758 2157 1982 2212 δίκαιον*

408 2245 486 2307 ὡς
526 2245 630 2297 ὑπὸ
660 2247 758 2315 τῆς
793 2249 850 2299 ὲν
881 2247 958 2317 τῷ
987 2248 1172 2301 κανόνι
1215 2248 1530 2319 εὐθύτητος,
1561 2248 1640 2319 τῷ
1668 2250 1855 2322 τρόπῳ
1891 2251 1985 2304 τοῦ

408 2336 649 2401 δικαίου,
702 2337 875 2401 οὕτως
912 2341 1067 2393 αὐτοὶ
1110 2343 1175 2409 τῇ
1224 2342 1523 2411 παραθέσει
1572 2341 1667 2393 τοῦ
1718 2342 1986 2412 βελτίονος

409 2427 773 2499 ἐλεγχόμενοι.
805 2431 915 2482 Καὶ
939 2430 1072 2483 διότι
1100 2432 1157 2483 ἐν
1182 2432 1478 2502 ἁμαρτίαις
1506 2430 1659 2494 ζῶσι,
1687 2432 1986 2502 μισητικῶς

407 2517 650 2586 διάγουσι
690 2519 824 2591 πρὸς
867 2521 956 2573 τὸν
988 2521 1194 2575 δίκαιον
1244 2522 1393 2592 φόϐῳ
1443 2523 1549 2576 τῶν
1583 2522 1853 2593 ὲλέγχωνσ
1893 2525 1986 2577 καὶ

406 2609 538 2662 διότι
566 2611 801 2681 μισοῦσι,
824 2614 985 2666 πάλιν
1010 2613 1307 2684 ἁμαρτίαις
1327 2616 1550 2678 ἑαυτοὺς
1576 2616 1981 2687 περιϐάλλουσι.

408 2700 607 2753 ΙΙολλαὶ
641 2703 748 2773 γὰρ
793 2704 849 2756 ai
886 2704 1190 2774 προφάσεις
1232 2706 1298 2757 δι’
1332 2706 1399 2768 ἃς
1443 2706 1509 2759 ἂν
1545 2707 1797 2779 μισηθείη
1844 2710 1873 2761 ό
1908 2708 1985 2760 δί-

408 2808 591 2855 καιος·
624 2794 657 2863 ἦ
700 2810 760 2846 τε
797 2796 1080 2867 παρρησία
1110 2799 1143 2867 ἡ
1179 2799 1238 2849 ὲν
1281 2800 1394 2860 τοῖς
1421 2798 1533 2868 (46)
1568 2798 1835 2868 ἐλέγχοις.
1883 2799 1984 2853 Μι-

409 2883 561 2935 σοῦσι
588 2882 698 2955 γὰρ
726 2886 783 2938 ὲν
814 2880 1008 2950 πύλαις
1039 2887 1351 2958 ἐλέγχοντα,
1380 2889 1475 2944 καὶ
1503 2889 1659 2959 λόγον
1687 2890 1830 2943 ὅσιον
1865 2890 1983 2961 βδε-

407 2972 713 3030 λύσσονται.
766 2978 878 3030 Καὶ
922 2980 955 3048 ἡ
1009 2979 1349 3051 φιλοπρωτία
1397 2981 1455 3034 δὲ
1504 2982 1599 3034 καὶ
1632 2984 1665 3052 ἡ
1724 2982 1982 3054 φιλαρχία

406 3067 634 3132 πολλοὺς
665 3070 914 3140 ἐκίνησεν
943 3074 1023 3134 εἰς
1043 3072 1103 3124 τὸ
1132 3076 1310 3143 μισεῖν
1343 3075 1470 3138 τοὺς
1498 3076 1838 3146 κρείττονας·
1870 3077 1984 3131 ἔσθ’

405 3155 495 3207 ὅτε
526 3155 582 3209 δὲ
614 3158 707 3209 κα)⁵
751 3157 941 3226 ἄγνοια
970 3160 1063 3213 τοῦ
1097 3163 1223 3233 περὶ
1268 3162 1363 3216 τοῦ
1403 3163 1614 3218 δικαίου
1660 3165 1839 3235 λόγου,
1891 3167 1985 3221 καὶ

406 3246 519 3313 τοῦ,
552 3250 634 3313 τίς
659 3250 687 3301 ὁ
715 3250 919 3315 δίκαιος
950 3253 1083 3323 (47).
1111 3255 1376 3323 Θάνατος
1410 3257 1773 3325 ἁμαρτωλῶν
1801 3273 1986 3328 πονη-

399 3340 531 3406 ρός.
585 3343 654 3393 Ἦ
700 3344 793 3395 καὶ
836 3344 933 3413 τὴν
979 3344 1121 3415 ζωὴν
1168 3347 1385 3401 ἃπασαν
1420 3347 1647 3402 θάνατον
1692 3351 1982 3421 ὀνομάζει·

408 3429 542 3481 διότι
589 3430 684 3501 τὴν
732 3432 910 3504 σάρκα
940 3423 1160 3505 ’ταύτην
1206 3436 1436 3491 θάνατον
1478 3441 1917 3511 προσηγόρευσεν
1956 3444 1985 3496 ὁ

421 3522 757 3588 Ἀπόστολος,
798 3524 964 3577 εἰπών
985 3544 997 3556 ·
1036 3529 1130 3593 Τίς
1166 3547 1243 3597 με
1258 3530 1510 3597 ῥύσεται
1540 3532 1607 3584 ἐκ
1643 3532 1749 3587 τοῦ
1781 3532 1981 3603 σώμα-

406 3630 509 3680 τος
538 3617 643 3669 τοῦ
680 3616 939 3672 θανάτου
977 3621 1228 3685 τούτου;
1257 3625 1318 3675 Οἱ
1349 3624 1405 3675 δὲ
1437 3623 1624 3686 κακῶς
1656 3626 1983 3696 κεχρημένοι

405 3706 482 3775 τῷ
511 3706 723 3777 σώματι
748 3709 941 3780 τούτῳ,
977 3712 1071 3763 καὶ
1100 3714 1278 3782 πάσης
1313 3714 1588 3783 ἁμαρτίας
1616 3716 1747 3768 αὐτὸ
1780 3717 1985 3789 ὑπηρε-

408 3797 528 3848 σίαν
557 3799 902 3870 ποιούμενοι,
934 3803 1166 3872 πονηρὸν
1192 3806 1403 3867 ἑαυτοῖς
1438 3807 1531 3859 τὸν
1561 3806 1789 3860 θάνατον
1816 3825 1985 3861 κατα-

406 3887 749 3950 σκευάζουσι.
802 3891 1178 3957 Λυτρώσεται
1221 3896 1437 3962 Κύριος
1490 3895 1694 3963 ψυχὰς
1744 3897 1980 3951 δούλων

403 3980 609 4043 αὑτοῦ,
644 3982 740 4033 καὶ
782 3984 853 4035 οὺ
888 3983 974 4051 μὴ
1020 3986 1523 4053 πλημμελήσουσι
1552 3986 1773 4054 πάντες
1800 3992 1855 4042 οἱ
1882 3989 1980 4042 ἐλ-

404 4064 673 4132 πίζοντες
719 4070 811 4121 ἐπ’
855 4072 1015 4137 αὐτῴ
1051 4074 1183 4143 (48).
1248 4075 1466 4146 Ἐπειδὴ
1517 4076 1829 4146 κατείχοντο
1876 4078 1980 4131 ὑπὸ

403 4160 500 4229 τὴν
529 4163 903 4231 αἰχμαλωσίαν
945 4166 1041 4219 τοῦ
1075 4167 1271 4237 ἐχθροῦ
1313 4169 1360 4220 oi
1395 4167 1706 4231 κτισθέντες
1746 4168 1854 4238 (49)
1887 4169 1981 4221 ἐπὶ

2094 1794 2217 1849 illos
2260 1795 2603 1864 supplicium,
2670 1795 2824 1865 juxta
2872 1804 3035 1865 atque
3076 1796 3292 1851 divitem
3326 1812 3561 1866 purpura
3608 1805 3663 1851 ct

2093 1886 2254 1956 bysso
2280 1886 2545 1951 indutum,
2572 1892 2628 1940 et
2650 1884 2874 1955 singulis
2907 1886 3095 1941 diebus
3121 1886 3399 1955 splendide
3432 1885 3660 1953 epulan-

2094 1988 2201 2032 tem
2235 1977 2299 2032 ‘°.
2330 1976 2397 2030 Et
2422 1978 2515 2047 qui
2540 1979 2761 2031 oderunt
2790 1976 2997 2046 justum
3022 1976 3343 2047 delinquent.
3383 1977 3482 2043 Qui
3517 1978 3659 2045 quod

2094 2071 2145 2124 in
2199 2069 2410 2124 delictis
2461 2069 2666 2134 vivunt,
2713 2067 2838 2122 odio
2894 2068 3094 2122 habent
3138 2068 3343 2135 justum
3394 2085 3408 2120 :
3462 2067 3661 2137 quippe

2094 2160 2333 2215 moribus
2360 2158 2492 2227 justi
2525 2167 2779 2226 tanquam
2824 2155 3022 2225 regulae
3064 2157 3382 2210 rectitudine
3432 2156 3519 2209 isti
3584 2157 3658 2208 ita

2092 2252 2507 2321 redarguuntur,
2562 2249 2801 2303 melioris
2852 2247 3059 2303 scilicet
3105 2248 3530 2316 comparatione.
3591 2247 3661 2299 Et

2091 2342 2345 2411 quoniam
2394 2342 2447 2394 in
2513 2338 2751 2409 peccatis
2809 2338 3030 2403 vivunt,‘
3086 2340 3209 2392 odio
3262 2350 3661 2408 prosequuntur

2087 2434 2326 2501 justum,
2360 2443 2579 2501 propter
2623 2431 3054 2500 objurgationum
3104 2430 3351 2484 timorem
3386 2448 3401 2483 :
3437 2439 3491 2483 et
3533 2431 3657 2499 quia

2091 2524 2347 2582 oderunt.
2378 2525 2570 2576 iterum
2601 2536 2721 2575 sese
2745 2523 2977 2589 peccatis
2997 2522 3297 2575 involvunt.
3318 2521 3495 2576 Multa:
3512 2522 3657 2576 enim

2091 2622 2215 2667 sunt
2246 2628 2443 2677 conste,
2469 2611 2538 2665 ob
2570 2612 2902 2681 quasjustus
2932 2610 3055 2664 odio
3082 2609 3376 2675 habeatur;
3406 2611 3659 2664 nimirum

2091 2706 2179 2759 illa
2218 2704 2572 2774 redarguendi
2604 2703 2848 2757 libertas.
2889 2701 3024 2755 0dio
3057 2704 3198 2757 enim
3239 2704 3437 2757 habent
3470 2703 3657 2757 redar-

2090 2806 2338 2868 guentem
2370 2798 2421 2851 in
2453 2796 2622 2866 portis
2649 2796 2713 2858 ¹¹,
2736 2803 2789 2849 et
2815 2810 3123 2851 sermonem
3165 2806 3411 2851 sanctum
3443 2796 3657 2851 abomi-

2090 2899 2288 2944 nantur
2310 2890 2375 2941 ι’.
2413 2888 2646 2942 Ambitio
2680 2887 2806 2941 item
2834 2888 3032 2955 prioris
3060 2888 3184 2951 loci,
3213 2889 3659 2959 principatusque

2089 2982 2373 3052 cupiditas,
2424 2983 2715 3036 multorum
2775 2980 2937 3051 158
2992 2981 3114 3035 odia
3152 2982 3202 3034 in
3257 2982 3659 3051 praestantiores

2086 3074 2461 3138 concitarunt;
2506 3088 2893 3143 nonnunquam
2930 3074 3094 3126 etiam
3144 3074 3445 3142 ignorantia
3500 3072 3658 3128 fama:

2078 3168 2231 3237 justi,
2260 3176 2315 3222 et
2344 3168 2465 3238 quis
2493 3168 2782 3237 sitjustus.
2815 3164 2963 3219 Mors
2993 3176 3325 3231 peccatorum
3361 3166 3524 3220 mala.
3551 3166 3661 3221 Aut

2082 3260 2245 3314 etiam
2270 3261 2435 3313 vitam
2460 3272 2697 3325 omnem,
2728 3266 2956 3311 mortem
2986 3257 3236 3326 appellat,
3264 3258 3405 3326 quod
3434 3272 3654 3311 carnem

2084 3350 2520 3421 hancApostolus
2559 3360 2785 3405 mortem
2814 3354 3045 3413 vocavit,
3080 3349 3263 3404 dicens
3285 3351 3329 3382 "
3370 3371 3379 3403 :
3420 3350 3551 3416 Quis
3579 3366 3660 3403 me

2084 3441 2326 3496 liberabit
2359 3442 2421 3495 de
2455 3458 2670 3511 corpore
2716 3441 2904 3495 mortis
2942 3442 3148 3509 hujus?
3193 3441 3295 3508 Qui
3337 3451 3515 3496 autem
3550 3442 3655 3496 hoc

2083 3549 2310 3603 corpore
2341 3533 2479 3588 male
2512 3544 2759 3598 utuntur,
2789 3530 3135 3601 eﬂiciuntque
3162 3542 3221 3587 ut
3250 3542 3473 3601 peccato
3498 3533 3651 3603 omni

2084 3624 2363 3688 inserviat,
2405 3624 2600 3677 malam
2638 3623 2737 3677 sibi
2777 3632 3002 3676 mortem
3030 3622 3534 3691 praeparantﬂens.
3561 3623 3653 3677 23.

2082 3713 2314 3767 Redimet
2356 3712 2610 3766 Dominus
2657 3714 2861 3766 animas
2890 3727 3158 3765 cervarum
3193 3728 3432 3778 suorum,
3457 3721 3506 3765 et
3549 3728 3657 3765 non

2082 3803 2377 3873 delinquant
2410 3820 2584 3857 omnes
2611 3804 2700 3873 qui
2730 3811 2940 3870 sperant
2986 3803 3039 3854 in
3077 3818 3157 3855 eo.
3208 3799 3653 3870 Quandoquidem

2085 3895 2121 3949 ii
2152 3894 2243 3962 qui
2287 3894 2409 3947 ideo
2448 3894 2618 3947 creati
2658 3901 2814 3947 erant
2866 3903 2922 3945 nt
2959 3889 3185 3945 Domino
3211 3891 3512 3953 servirent,
3556 3892 3657 3944 sub

2087 3985 2292 4039 inimici
2323 3986 2583 4039 servitute
2612 3984 3011 4047 detinebantur,
3046 3983 3261 4035 illorum
3292 3982 3501 4036 animas
3531 3996 3659 4051 pre-

2089 4076 2226 4130 tioso
2261 4090 2359 4129 suo
2388 4078 2651 4145 sanguine
2685 4076 2930 4130 redimet.
2968 4074 3303 4142 Quapropter
3352 4073 3530 4129 nullus
3567 4088 3659 4128 eo-

2086 4182 2204 4221 rum
2236 4168 2325 4236 qui
2353 4167 2405 4221 in
2443 4168 2616 4237 ipsum
2650 4175 2891 4236 sperant,
2924 4167 2975 4219 in
3010 4166 3220 4219 delictis
3250 4166 3572 4220 versabitur.

404 4252 479 4319 τῴ
509 4251 774 4307 δουλεύειν
801 4256 877 4326 τῷ
903 4259 1109 4329 Κυρίῳ,
1140 4260 1341 4313 τούτων
1371 4260 1469 4323 τὰς
1530 4260 1708 4331 ψυχὰς
1771 4260 2102 4333 λυτρὼσεται
2142 4259 2223 4330 τῷ
2284 4260 2449 4330 τιμίῳ
2492 4258 2656 4313 αὑτοῦ
2692 4260 2904 4327 αἵματι.
2946 4259 3037 4311 Διὸ
3105 4258 3279 4321 οὐδεὶς
3313 4260 3370 4312 ἐν
3399 4258 3657 4331 πλημμε-

404 4343 577 4408 λείαις
608 4346 1025 4420 ἐξετασθήσεται
1062 4352 1171 4405 τῶν
1204 4353 1531 4417 ἐλπιζόντων
1573 4356 1660 4408 ἐπ’
1690 4354 1874 4410 αὐτόν.

476 4460 496 4490 ⁹
532 4461 729 4515 Ezech.
757 4478 963 4529 xxxv",
992 4465 1044 4527 5,
1075 4465 1128 4520 6.
1206 4468 1250 4497 ¹⁰
1291 4467 1423 4520 Luc.
1460 4484 1569 4533 ενι,
1606 4468 1670 4523 19
1772 4469 1811 4501 “
1854 4468 1959 4526 lsa.

2086 4484 2163 4533 ιι,
2192 4466 2283 4520 2i.
2326 4468 2365 4498 “
2409 4463 2514 4518 lsa.
2547 4478 2598 4524 v,
2628 4462 2719 4517 24.
2798 4462 2841 4494 ¹⁹
2880 4462 3037 4516 Rom.
3088 4477 3183 4527 vn,
3213 4462 3301 4517 24.

609 4577 686 4662 ita
711 4592 804 4634 sex
826 4593 953 4632 mss.
973 4578 1041 4631 At
1060 4580 1187 4632 editi
1214 4580 1683 4662 etianXXneépw
1700 4583 1785 4662 ἐφ’
1816 4583 1978 4662 ὑμᾶς.
2015 4586 2061 4640 D

480 4648 592 4720 (43)
626 4648 716 4720 S_ic
747 4662 929 4720 _mss._
957 4663 1143 4701 novem
1199 4660 1252 4720 et
1289 4652 1454 4720 editio
1503 4648 1663 4704 Basil.
1707 4653 1774 4704 At
1809 4648 1976 4707 editio

408 4716 828 4791 Paris-uberius
854 4717 1098 4791 -σάρκας,
1134 4719 1231 4771 καὶ
1256 4718 1458 4791 εκτενῶ
1499 4720 1585 4789 ἐφ’
1605 4722 1760 4791 (ὑμᾶς
1777 4722 1973 4791 δέρμα,

408 4785 699 4858 καὶίῄδώσω
750 4785 967 4857 πνεῦμά
1003 4804 1103 4857 μου
1142 4791 1218 4851 είς
1255 4790 1399 4858 ὑμᾶς
1422 4804 1434 4839 :
1459 4785 1555 4843 sed
1602 4785 1712 4855 illa,
1744 4785 1854 4843 καῖ
1878 4785 1974 4845 Ex;

405 4856 565 4919 τενῶ,
598 4856 1037 4930 etc.,perperam
1072 4858 1139 4930 ab
1178 4856 1370 4911 otiosis
1398 4874 1461 4911 ex
1488 4858 1700 4929 vulgato
1729 4859 1973 4930 Scriptu-

406 4943 481 4980 ra:
506 4934 651 4979 textu
692 4928 869 4979 addita
910 4942 1027 4979 esse
1055 4929 1399 4979 arbitramur.

479 4997 591 5062 (44)
616 4994 709 5047 llic
729 5011 914 5048 rursus
940 4998 1062 5049 editi
1083 5006 1135 5049 et
1155 4995 1307 5050 Colb.
1328 4999 1517 5051 tertius
1530 5012 1651 5050 cum
1673 4997 1838 5053 Coisl.
1856 4999 1971 5052 Κύο

411 5084 513 5135 ριε,
546 5066 738 5135 Κύριε.
764 5064 980 5135 Rursus
1003 5080 1217 5133 quoque
1242 5068 1293 5119 in
1318 5068 1439 5120 aliis
1453 5080 1685 5133 quatuor
1703 5085 1833 5123 mss.
1864 5085 1970 5123 vox

407 5134 579 5209 Κύριε
611 5134 774 5209 semel
802 5137 1034 5209 pon_it_ur.
1068 5136 1266 5209 Ibidem
1285 5138 1450 5209 editio
1468 5138 1637 5209 Paris.
1665 5140 1848 5209 ὅμοιός
1868 5156 1968 5193 σοι.

404 5204 641 5267 Θάνατος
668 5204 1288 5277 ἁμαρτωλῶνηπονηρός.
1307 5207 1597 5277 ’Δκριϐὦς,
1626 5204 1730 5262 etc.
1753 5210 1858 5263 Sed
1888 5225 1976 5263 se-

405 5288 549 5343 ptem
582 5288 708 5327 mss.
740 5286 793 5328 et
817 5277 981 5329 editio
1015 5276 1175 5328 Basil.
1212 5277 1306 5341 ita,
1350 5276 1483 5331 utin
1519 5278 1970 5335 contextu.Colb.

408 5348 597 5399 tertius
622 5343 837 5415 άληθῶς
876 5345 1218 5415 πρόσκειται.

479 5414 690 5484 (4ὄ)11ιι
720 5414 948 5484 quatuor
999 5430 1127 5468 mss.
1177 5416 1335 5469 Deest
1372 5416 1634 5472 articulus
1673 5418 1727 5472 in
1785 5419 1969 5473 editis.

404 5484 525 5538 Mox
560 5485 725 5558 editio
765 5483 948 5558 _l’aris.
972 5485 1440 5556 πλημμελήσουσι.
1470 5488 1597 5541 Καί.
1635 5491 1705 5542 At
1737 5489 1975 5558 quinque

404 5570 536 5607 mss.
578 5557 671 5615 ita,
704 5555 777 5607 uti
808 5555 1097 5609 edidimus.

475 5624 584 5694 (46)
602 5624 674 5698 Ita
705 5639 835 5698 IIISVS.
851 5625 1115 5698 quinque.
1142 5624 1583 5698 Εόίιίπαρρησία
1595 5627 1655 5681 ὲν
1673 5629 1809 5689 τοῖς.
1828 5626 1977 5698 Scri-

404 5703 544 5759 ptor,
579 5693 826 5763 quisquis
848 5694 965 5752 fuit.
1005 5712 1125 5747 cum
1156 5697 1337 5750 verbis
1361 5693 1619 5750 illisusus
1641 5709 1744 5760 est,
1763 5697 1975 5750 Μισοῦ-

338 5764 341 5767 ’
405 5779 457 5814 σι
483 5768 589 5834 γὰρ
622 5765 678 5814 ὲν
708 5779 764 5813 π.
792 5763 873 5814 ὲλ.
905 5765 1207 5832 respexisse
1234 5768 1444 5820 videtur
1481 5769 1545 5822 ad
1572 5768 1672 5822 lsa.
1703 5782 1852 5836 xxxx,
1889 5769 1973 5822 2i.

644 5854 915 5915 Pnaoc.
963 5856 1082 5916 (in.
1134 5856 1375 5918 ΧΧΙΧ.

2160 4581 2272 4651 (47)
2306 4580 2450 4633 Inter
2482 4592 2694 4651 causas,
2730 4576 3155 4651 ob_quas_justps_
3182 4579 3307 4651 odio
3345 4577 3527 4651 haberi
3561 4595 3657 4637 so-

2089 4647 2181 4710 let,
2202 4647 2511 4703 recensetur
2527 4648 2716 4715 ἄγνοια
2737 4647 2831 4698 τοῦ
2864 4664 2929 4697 πε
2939 4649 2993 4715 ρι
3018 4647 3111 4698 τοῦ
3135 4647 3343 4701 δικαίου
3369 4648 3528 4716 λόγου
3562 4654 3656 4705 καὶ

2082 4718 2198 4784 τοῦ,
2232 4719 2316 4781 τίς
2336 4720 2363 4769 ὁ
2391 4718 2619 4779 δίκαιος,
2641 4718 2732 4769 illa
2759 4719 3018 4786 ignoratio
3036 4732 3155 4786 qua:
3175 4722 3237 4770 sit
3255 4719 3485 4787 justitiaz
3514 4734 3653 4775 ratio

2081 4801 2127 4844 et
2161 4791 2276 4858 quis
2295 4790 2482 4851 iustus.
2516 4787 2725 4840 MABAN.

2154 4856 2265 4927 (48)
2293 4862 2382 4911 Sic
2404 4866 2609 4927 septem
2638 4872 2769 4911 mss.
2796 4856 2868 4911 At
2896 4856 3026 4910 editi
3059 4871 3182 4910 cum
3208 4872 3315 4912 uno
3345 4868 3440 4912 aut
3470 4859 3654 4917 altero

2081 4926 2182 4983 ms.
2216 4928 2301 4980 ἐπ’
2330 4926 2511 4980 αὐτόν.

2150 4998 2263 5121 (492
2284 4997 2523 5061 Utraque
2539 4996 2703 5050 editio
2716 4995 2948 5049 etBasil.
2966 5008 3023 5055 et
3035 4998 3213 5054 Paris.
3229 4998 3554 5061 coniunctim
3585 5004 3658 5055 ol-

2150 5069 2230 5121 ισθ
2265 5084 2407 5121 ντες.
2438 5066 2595 5120 Unde
2620 5068 2965 5121 interpretes.
3011 5069 3437 5121 Misericordiam
3470 5086 3657 5121 come-

2073 5066 2407 5130 κτισθέντες.
2438 5066 2595 5120 Unde
2620 5068 2965 5135 interpretes,
3011 5069 3437 5123 Misericordiam
3470 5086 3657 5125 conse-

2071 5142 2202 5194 cuti.
2240 5142 2309 5193 At
2353 5137 2558 5193 Catena
2599 5135 2931 5189 Corderiana
2982 5151 3037 5193 et
3073 5142 3241 5195 nostri
3296 5153 3485 5192 novem
3519 5157 3651 5194 tuss.

2072 5209 2361 5277 separatim
2386 5207 2436 5259 οἱ
2464 5205 2799 5269 κτισθέντες,
2834 5205 2936 5269 Qui
2965 5210 3127 5261 creati
3160 5222 3331 5262 erant.
3362 5207 3491 5273 Quae
3522 5214 3657 5263 scri-

2073 5289 2228 5347 ptura
2288 5279 2417 5345 quin
2474 5291 2600 5328 vera
2635 5285 2697 5347 et
2740 5279 2971 5344 genuina
3026 5281 3117 5340 sit,
3171 5294 3331 5332 netno
3365 5280 3655 5347 dubitabit,

2073 5346 2165 5416 qui
2201 5350 2344 5402 hunc
2373 5347 2550 5400 locum
2581 5346 2741 5416 paulo
2763 5352 3025 5416 attentius
3056 5350 3501 5403 consideraverit.
3532 5346 3653 5404 nux

2074 5414 2294 5473 codices
2314 5427 2439 5471 octo
2468 5419 2525 5468 ὲν
2553 5414 2976 5485 πλημμελείαις.
3002 5418 3154 5471 Εάὶιὶ
3189 5420 3247 5470 ὲν
3284 5418 3653 5487 πλημμελείᾳ.

2074 5490 2273 5541 Statim
2291 5488 2493 5541 editiet
2526 5480 2763 5557 nonnulli
2793 5500 2920 5557 mss.
2942 5488 3028 5539 ἐπ’
3065 5488 3249 5541 αὐτόν.
3280 5480 3503 5557 Αὑτὶξίὴ
3530 5480 3657 5553 δόξα

2072 5563 2167 5630 καὶ
2208 5558 2269 5610 τὸ
2304 5557 2502 5630 κράτος
2541 5555 2774 5630 εᾲίςᾲτοὺς
2803 5554 3005 5619 αἰῶνας
3055 5558 3163 5630 τῷν
3198 5554 3428 5613 αίώνωνξ
3458 5554 3655 5630 Ἀμήν.

2071 5628 2177 5683 Sed
2212 5630 2321 5692 illa,
2344 5624 2502 5695 ἀὐτῷ
2551 5628 2583 5695 ἡ
2618 5624 2767 5690 δόξα,
2804 5635 2936 5690 etc.,
2985 5630 3037 5679 in
3077 5628 3199 5680 aliis
3228 5638 3351 5682 octo
3377 5624 3653 5683 mssftton

2075 5700 2357 5770 leguntur.
2382 5694 2492 5770 Nec
2528 5696 2885 5770 dubito_qt_tin
2914 5697 3114 5770 melius
3148 5697 3351 5763 absint,
3385 5710 3441 5753 ut
3475 5701 3657 5770 inepta

2076 5770 2169 5823 illa
2194 5767 2461 5833 repetitio,
2493 5765 2654 5821 αὑτὸν
2681 5764 2850 5835 αὐτῷ,
2877 5766 3097 5821 vitetur.

3289 5862 3363 5921 13
