4048 6220
414 324 523 381 387

444 547 750 566 ._____.__.

870 705 939 765 IN
974 701 1310 762 PSALMUM
1339 700 1528 757 XLIV.

1766 306 1823 363 S.
1862 304 2107 361 BASILII
2146 303 2365 360 MAGNI

2024 700 2072 758 Α

3593 289 3710 345 388

2495 688 2604 741 ΕΙΣ
2640 685 2775 741 TON
2828 685 2939 739 MA'
2975 682 3307 738 ΨΑΛΜΟΝ.

421 847 488 903 In
519 846 692 913 linem,
720 844 928 915 propriis
962 844 1050 914 qui
1095 834 1712 915 imm_utabuntur,__ﬁliis
1761 830 1893 886 Core
1928 830 1997 883 ad

2114 824 2201 915 ἳὶς
2224 822 2292 903 τὸ
2317 821 2524 915 ,τέλοςῖ
2553 819 2708 907 ὑπέρ
2747 817 2868 872 τῶν
2893 815 3487 915 ’Ἆλοιωῶσομξνω
3504 855 3518 877 ,
3568 812 3707 895 τοῖς

715 906 1053 977 intellectam,
1085 913 1347 966 canticum
1378 924 1471 978 pro
1502 906 1714 961 dilecto.

496 1028 551 1083 1.
579 1024 804 1082 Videtur
830 1032 886 1079 et
911 1024 1001 1079 hic
1021 1021 1284 1093 .psalmus
1313 1020 1380 1076 ad
1415 1016 1799 1089 perficiendam
1838 1024 2001 1068 natu-

423 1134 539 1175 ram
568 1120 858 1174 humanam
883 1116 1112 1171 idoneus
1134 1129 1276 1179 esse,
1309 1121 1470 1183 atque
1493 1111 1560 1165 iis
1582 1108 1674 1179 qui
1698 1109 1996 1163 secundum

422 1211 679 1266 virtutem
720 1209 903 1265 vivere
951 1214 1289 1271 statuerunt,
1332 1204 1401 1259 ad
1446 1200 1791 1273 propositum
1840 1198 2001 1253 finem

424 1302 819 1374 assequendum
864 1300 1033 1355 utilis.
1085 1297 1222 1352 Nam
1274 1294 1686 1368 proficientibus
1733 1306 1869 1363 opus
1918 1298 2003 1345 est

426 1393 675 1451 doctrina
711 1392 780 1466 ad
806 1390 1220 1465 perfectionem,
1249 1402 1411 1459 quam
1443 1387 1531 1442 hic
1567 1384 1810 1457 psalmus
1843 1381 2000 1438 exhi-

423 1489 541 1552 bet,
569 1485 1013 1556 comparandam.
1045 1482 1174 1550 Ejus
1204 1487 1386 1535 autem
1416 1475 1699 1548 inscriptio
1729 1475 1843 1529 hate
1875 1481 1959 1528 est
1986 1494 1998 1527 :

424 1576 495 1633 In
531 1577 689 1648 ﬁnem
738 1592 831 1647 pro
878 1575 941 1630 iis
986 1574 1075 1646 qui
1126 1571 1567 1627 immutabuntur.
1613 1566 1779 1623 Tecte
1822 1574 2002 1621 autem

427 1671 581 1736 dixit,
622 1685 718 1740 pro
760 1668 1080 1729 hominibus.
1126 1664 1238 1722 Nos
1285 1664 1455 1729 enim,
1487 1661 1726 1718 maxime
1761 1658 2002 1716 omnium

428 1762 806 1828 rationalium,
852 1761 1208 1818 varietatibus
1260 1773 1325 1814 ac
1366 1754 1759 1812 mutationibus
1813 1752 2003 1810 diebus

427 1852 654 1926 singulis
681 1868 745 1910 ac
773 1852 889 1909 fere
919 1853 1072 1909 horis
1102 1849 1442 1921 subjicimur.
1481 1847 1668 1918 Neque
1702 1844 1849 1902 enim
1883 1859 2004 1902 cor-

426 1961 559 2018 pore
609 1960 784 2016 neque
836 1953 1016 2001 mente
1064 1943 1229 1999 iidem
1275 1955 1376 1997 nos
1411 1954 1621 1996 sumus.
1658 1936 1765 1993 Sed
1806 1950 2004 2008 corpus

2137 886 2291 959 υίοῖς
2310 892 2460 961 Κορὲ
2474 894 2562 956 εἰς
2580 886 2859 955 σύνεσιν,
2875 886 2999 957 ᾠδὴ
3017 887 3170 956 ὑπὲρ
3197 886 3304 940 τοῦ
3324 886 3656 956 ἀγαπητοῦ.

2177 1009 2229 1062 1.
2271 1006 2525 1061 Φαίνεται
2565 1005 2663 1076 μὲν
2697 1002 2793 1058 καὶ
2834 994 2991 1066 οὗτος
3033 1001 3063 1054 ό
3097 999 3313 1071 ψαλμὸς
3348 997 3704 1061 τελειωτικός

2101 1118 2187 1165 τις
2225 1098 2301 1154 ὣν
2331 1099 2433 1170 τῆς
2462 1096 2812 1169 ἀνθρωπίνης
2840 1094 3078 1164 φύσεως,
3124 1090 3219 1147 καί⁵
3256 1091 3337 1155 είς
3372 1091 3432 1143 τὸ
3472 1091 3697 1162 προκεί-

2106 1210 2266 1266 μενον
2294 1190 2447 1255 τέλος
2466 1192 2577 1253 τοῖς
2602 1189 2725 1243 κατ’
2753 1187 2959 1261 ἀρετὴν
2983 1185 3134 1257 βιοῦν
3163 1183 3571 1256 προῃρημένοις
3594 1181 3703 1254 τὴν

2103 1286 2373 1357 ὠφέλειαν
2399 1282 2793 1354 παρεχόμενος.
2825 1281 2953 1343 Τοῖς
2992 1277 3102 1350 γάρ
3127 1278 3498 1350 προκόπτουσι
3531 1273 3702 1347 χρεία

2102 1380 2203 1451 τῆς
2232 1380 2310 1443 εἰς
2332 1376 2393 1432 τὺ
2421 1374 2773 1445 τελειωθῆναι
2801 1369 3170 1435 διδασκαλίας,
3200 1370 3266 1441 ἦν
3299 1370 3327 1422 ό
3355 1367 3569 1438 ψαλμὸς
3604 1360 3703 1418 οὗ·

2103 1490 2194 1537 τος
2221 1471 2545 1542 παρέχεται,
2574 1467 2888 1538 ἐπιγραφὴν
2908 1465 3047 1537 ἔχων
3064 1503 3081 1531 ,
3106 1465 3214 1531 Εὶς
3238 1462 3304 1516 τὸ
3333 1460 3507 1527 τέλος
3537 1461 3702 1530 ὑπὲρ

2103 1564 2224 1619 τῶν
2274 1560 2873 1630 ἀλλοιωθησομένων.
2931 1555 3350 1629 Κεκρυμμένως
3401 1554 3458 1608 δὲ
3516 1549 3697 1621 εἶπεν,

2103 1655 2256 1725 ὑπὲρ
2284 1654 2403 1710 τῶν
2429 1652 2777 1723 ἀνθρώπων.
2814 1651 3008 1722 Ἡμεῖς
3038 1650 3148 1720 γάρ
3173 1650 3341 1717 ἐσμεν
3369 1646 3419 1698 οἱ
3452 1643 3693 1715 μάλιστα

2105 1749 2323 1803 πάντων
2349 1746 2458 1801 τῶν
2486 1743 2722 1815 λογικῶν
2755 1740 3076 1796 ἀλλοιώσεσί
3109 1756 3170 1793 τε
3200 1739 3296 1793 καὶ
3323 1739 3549 1810 τροπαῖς
3575 1735 3701 1798 ταῖς

2106 1843 2191 1912 ἐφ’
2237 1840 2476 1912 ἑκάστης
2514 1839 2731 1910 ἡμέρας
2772 1837 2867 1891 καὶ
2904 1835 3053 1907 ὥρας
3093 1832 3279 1905 σχεδὸν
3322 1828 3695 1901 ὑποκείμενοι.

2107 1934 2246 1990 Οὔτε
2278 1933 2388 2005 γὰρ
2432 1930 2644 2004 σώματι
2682 1929 2808 1984 οὔτε
2845 1927 3040 2000 γνώμῃ
3082 1929 3131 1981 oi
3176 1924 3329 1980 αύτοί
3365 1926 3533 1995 ἐσμεν
3562 1923 3698 1975 ἐαυ-

426 2015 642 2109 quidem
675 2015 920 2094 nostrum
948 2048 1167 2105 semper
1190 2033 1396 2088 ﬂuxum
1427 2046 1493 2087 ac
1518 2029 1866 2101 dissipationi
1906 2027 2005 2083 ob-

2114 2028 2238 2091 τοῖς,
2269 2024 2407 2079 ἀλλά
2430 2024 2492 2078 τὸ
2529 2023 2628 2093 μὲν
2657 2021 2820 2093 σῶμα
2853 2021 3034 2093 ἡμῶν,
3060 2019 3149 2073 ἀεὶ
3183 2018 3305 2091 ῥέον
3348 2016 3443 2070 καὶ
3474 2015 3705 2068 σκεδοιν⁸

428 2129 648 2186 noxium
674 2129 729 2184 in
753 2136 902 2184 motu
927 2144 989 2185 ac
1007 2127 1310 2183 mutatione
1331 2131 1603 2186 versatur,
1628 2130 1721 2176 aut
1743 2137 1808 2177 ex
1838 2134 2006 2191 parvo

429 2222 605 2293 majus
638 2219 861 2286 factum,
899 2227 992 2273 aut
1023 2233 1091 2274 ex
1123 2215 1370 2288 perfecto
1401 2215 1470 2269 ad
1506 2212 1773 2268 minorem
1803 2210 2004 2267 molem

429 2321 789 2371 contractum.
825 2309 942 2366 Non
971 2309 1115 2364 enim
1145 2322 1283 2379 puer
1309 2306 1400 2377 qui
1430 2306 1543 2375 jam
1574 2304 1817 2361 scholam
1847 2302 2004 2372 petit,

428 2418 487 2464 et
515 2410 584 2462 ad
610 2415 759 2462 artes
783 2419 846 2461 ac
862 2403 1178 2474 disciplinas
1200 2400 1577 2472 percipiendas
1599 2400 1826 2455 idoneus
1853 2398 2008 2454 inve-

429 2499 598 2565 nitur,
628 2496 767 2552 idem
796 2504 881 2551 est
915 2508 980 2549 ac
1008 2493 1101 2549 ille
1141 2492 1233 2562 qui
1272 2505 1446 2562 nuper
1485 2498 1647 2545 natus
1691 2496 1776 2545 est
1804 2487 2001 2544 infans.

429 2588 583 2645 Alius
608 2596 785 2644 autem
815 2600 1006 2642 rursus
1038 2584 1106 2640 ab
1138 2582 1232 2637 illo
1264 2591 1347 2639 est
1378 2582 1499 2638 sine
1531 2580 1694 2636 dubio
1724 2578 2006 2651 ;ephebus,

430 2681 523 2752 qui
557 2681 672 2751 jam
725 2678 994 2750 juveniles
1040 2675 1463 2733 exercitationes
1508 2673 1748 2745 experiri
1807 2681 2004 2739 potest.

431 2778 607 2844 Atque
633 2773 702 2829 ab
734 2771 944 2842 ephebo
982 2769 1119 2825 alius
1146 2778 1231 2826 est
1270 2769 1376 2832 vir,
1424 2777 1479 2824 et
1509 2765 1766 2822 firmitate
1796 2773 1853 2821 et
1891 2780 2008 2820 ma-

430 2864 712 2939 gnitudine
760 2863 1028 2934 corporis,
1074 2869 1130 2917 et
1182 2860 1411 2916 rationis
1449 2857 1809 2929 perfectione.
1870 2855 2008 2913 Cum

431 2968 608 3014 autem
642 2957 710 3012 ad
737 2956 977 3027 vigorem
1010 2953 1353 3025 pervenerit,
1405 2960 1567 3022 atque
1592 2951 1772 3006 artatis
1799 2949 2011 3006 stabili-

432 3058 597 3102 tatem
625 3046 789 3100 fuerit
822 3051 1164 3106 consecutus,
1198 3043 1392 3096 iterum
1432 3038 1691 3109 paulatim
1722 3036 1896 3091 minui
1929 3037 2012 3090 in-

432 3139 586 3208 cipit,
617 3135 891 3192 ditﬂuente
914 3131 1117 3189 sensim
1140 3130 1389 3199 corporis
1418 3128 1588 3200 ipsius
1615 3127 1822 3198 vigore,
1848 3136 2012 3208 atque

432 3228 711 3299 corporeis
740 3225 944 3281 viribus
970 3221 1448 3286 decrescentibus;
1492 3218 1667 3275 donec
1695 3233 1808 3288 prae
1850 3202 2011 3273 sene-

432 3333 582 3379 ctute
611 3322 946 3382 incurvatus,
973 3315 1219 3371 ultimam
1243 3314 1442 3369 virium
1469 3311 1859 3369 detractionem
1884 3324 2007 3381 per-

2106 2119 2358 2190 νύμενον,
2389 2119 2447 2171 ἐν
2473 2116 2687 2187 κινήσει
2710 2114 2829 2167 ἐστί
2865 2113 2960 2168 καὶ
2984 2110 3277 2185 μεταϐολῇ,
3303 2109 3337 2180 ἢ
3363 2107 3471 2161 ἀπὸ
3501 2104 3700 2178 μικροῦ

2108 2213 2188 2275 εἰς
2213 2209 2274 2263 τὺ
2299 2207 2484 2281 μεῖζον
2516 2207 2627 2278 (ὅθ)
2658 2206 2977 2277 αὐξόμενον,
3005 2205 3038 2275 ἢ
3080 2200 3188 2256 ἀπὸ
3208 2200 3303 2253 τοῦ
3333 2198 3542 2252 τελείου
3565 2197 3704 2267 πρὸς
3809 2210 3813 2214 '

2106 2304 2168 2357 τὸ
2201 2301 2419 2356 ἔλαττον
2454 2298 2900 2369 συστελλόμενον.
2932 2299 3007 2350 Οὐ
3046 2295 3156 2366 γὰρ
3198 2295 3227 2347 ὁ
3267 2292 3431 2354 αὑτός
3464 2291 3581 2343 ἐστι
3621 2286 3706 2358 τῷ

2108 2394 2383 2465 ἀρτιγενεί
2405 2390 2600 2460 παιδίῳ
2629 2392 2658 2444 ὁ
2685 2390 2766 2452 εἰς
2793 2386 3164 2443 διδασκαλεῖον
3192 2381 3392 2454 φοιτῶν
3417 2381 3519 2453 ἤδη
3550 2382 3705 2444 παῖς,

2109 2485 2364 2559 καὶπρὸς
2397 2484 2499 2548 τὰς
2528 2483 2637 2538 τῶν
2665 2481 2872 2553 τεχνῶν
2898 2481 2995 2534 καὶ
3031 2477 3373 2550 μαθημάτων
3404 2473 3710 2546 ἀναλήψεις

2110 2580 2432 2652 ἐπιτηδείως
2458 2577 2598 2648 ἔχων
2617 2593 2632 2607 ·
2660 2576 2848 2648 ἕτερος
2875 2574 2934 2627 δέ
2971 2572 3133 2627 πάλιν
3174 2569 3327 2642 παρὰ
3357 2567 3547 2622 τοῦτον
3569 2569 3706 2637 ὁμο-

2108 2674 2453 2746 λογουμένως
2475 2672 2622 2728 ἐστὶν
2649 2673 2677 2725 ὁ
2699 2668 2922 2739 ἔφηϐος,
2967 2667 3069 2738 ἤδη
3095 2664 3205 2718 τῶν
3230 2661 3494 2716 νεανικῶν
3539 2660 3710 2714 ἄπτε-

2113 2768 2235 2824 σθαι
2255 2767 2573 2838 δυνάμενος.
2601 2763 2712 2818 Καὶ
2739 2760 2893 2833 παρὰ
2927 2759 3019 2813 τὸν
3062 2757 3266 2829 ἔφηϐον
3307 2758 3335 2809 ὁ
3366 2755 3506 2826 ἀνὴρ
3544 2752 3712 2817 ἄλλος

2110 2862 2193 2924 τίς
2222 2862 2338 2914 ἐστι
2361 2859 2455 2913 καὶ
2484 2857 2805 2930 στερρότητι
2839 2853 2934 2907 καὶ
2959 2849 3178 2923 μεγέθει
3211 2847 3484 2919 σώματος,
3509 2845 3607 2898 καὶ
3636 2848 3707 2916 τῇ

2110 2952 2204 3007 τοῦ
2239 2951 2398 3020 λόγου
2426 2945 2843 3020 συμπληρώσει.
2873 2945 2969 3007 Εἰς
2992 2942 3180 3013 ἀκμὴν
3207 2941 3266 2995 δέ
3299 2937 3490 3001 ἐλθὼν,
3523 2936 3619 2990 καὶ
3644 2935 3709 2989 τὸ

2114 3045 2377 3117 στάσιμον
2403 3044 2503 3115 τῆς
2531 3040 2749 3114 ἡλικίας
2775 3034 3086 3100 ἀπολαϐὼν,
3116 3034 3280 3090 πάλιν
3305 3033 3535 3105 ἄρχεται
3562 3029 3709 3084 κατά

2113 3138 2311 3211 μικρὸν
2372 3136 2624 3207 ὑφαιρεῖν
2676 3131 2813 3203 πρὸς
2866 3128 2930 3182 τὸ
3001 3128 3264 3191 ἔλαττον,
3326 3121 3710 3195 ὑπορρεούσης

2113 3229 2261 3302 αὐτῷ
2309 3227 2613 3300 λεληθότως
2663 3224 2760 3295 τῆς
2806 3220 2899 3276 τοῦ
2939 3219 3191 3291 σώματος
3235 3216 3425 3284 ἕξεως,
3461 3214 3556 3268 καὶ
3593 3213 3711 3266 τῶν

2115 3320 2442 3394 σωματικῶν
2464 3319 2633 3372 τόνων
2664 3312 3095 3384 ἐλαττουμένων,
3128 3310 3233 3373 ἕως
3265 3310 3353 3372 ἂν,
3389 3305 3495 3360 ὑπὸ
3517 3305 3713 3377 γήρως

433 3413 684 3485 petiatur.
717 3411 827 3466 Nos
858 3424 986 3481 ergo
1012 3421 1201 3462 sumus
1227 3405 1320 3475 qui
1352 3412 1661 3469 mutamur;
1689 3417 1752 3457 ac
1783 3415 1883 3456 nos
1910 3400 2005 3455 ho-

2114 3393 2551 3482 κατακαμφθεὶς,
2592 3406 2689 3479 τὴν
2724 3406 2803 3468 είς
2835 3402 3063 3473 ἔσχατον
3092 3400 3376 3470 δυνάμεως
3416 3397 3711 3467 ὑφαίρεσιν

433 3508 610 3564 mines
640 3518 732 3576 per
761 3504 904 3559 hanc
930 3515 1113 3557 vocem
1142 3500 1231 3555 hic
1252 3497 1492 3568 psalmus
1523 3496 1803 3565 sapienter
1836 3495 2008 3564 signi-

376 3578 393 3663 ,ί
433 3598 636 3653 tieavit.
690 3592 809 3650 Non
858 3592 1003 3648 enim
1059 3590 1416 3646 mutationem
1466 3588 1762 3644 admittunt
1809 3586 2011 3657 angeli.

433 3689 625 3744 Nullus
649 3686 794 3742 enim
830 3685 973 3740 inter
993 3683 1113 3740 illos
1138 3697 1273 3754 puer
1296 3691 1405 3745 est,
1439 3680 1621 3735 nullus
1650 3678 1968 3734 adolescens
1996 3717 2012 3745 ,

435 3793 602 3836 senex
623 3776 802 3833 nullus
826 3794 840 3832 :
871 3776 965 3832 sed
987 3776 1040 3830 in
1069 3790 1176 3845 quo
1205 3782 1350 3828 statu
1378 3774 1446 3827 ab
1473 3772 1631 3827 initio
1669 3771 1838 3826 creati
1864 3778 2011 3837 sunt,

436 3872 493 3927 in
522 3885 588 3926 eo
614 3876 968 3939 permanent;
996 3882 1118 3924 cum
1139 3880 1328 3923 eorum
1363 3864 1665 3921 substantia
1699 3862 1926 3932 simplex
1959 3871 2015 3917 et

434 3961 789 4018 immutabilis
820 3968 1203 4017 conservetur.
1232 3957 1346 4013 Nos
1379 3965 1560 4013 autem
1596 3963 1894 4021 mutamur,
1928 3970 2016 4009 se-

435 4052 671 4108 cundum
691 4065 889 4120 corpus
909 4049 1155 4120 quidem,
1179 4049 1255 4104 uti
1276 4057 1551 4104 ostensum
1578 4055 1693 4111 est;
1717 4046 2010 4100 secundum

438 4142 673 4198 animam
697 4155 827 4195 vero
856 4149 912 4194 et
934 4140 1246 4194 interiorem
1272 4139 1568 4203 hominem,
1598 4136 1757 4208 159
1791 4144 2013 4192 senten-

438 4234 541 4288 tias
556 4246 658 4286 una
675 4246 795 4285 cum
813 4227 1181 4286 accidentibus
1191 4228 1353 4284 rebus
1364 4242 1581 4297 semper
1590 4234 2011 4281 commutamus.

436 4325 540 4379 Alii
573 4337 804 4393 namque
829 4335 1016 4378 sumus
1040 4322 1169 4376 dum
1194 4320 1461 4386 laetamur,
1491 4319 1784 4387 omniaque
1818 4317 1872 4372 in
1903 4319 2013 4372 vita

437 4416 593 4471 nobis
617 4414 846 4469 feliciter
869 4412 1205 4470 succedunt:
1236 4411 1328 4467 alii
1354 4426 1481 4468 vero
1511 4410 1853 4467 calamitosis
1881 4420 2017 4465 tem-

436 4507 679 4577 poribus,
717 4520 840 4561 cum
874 4507 926 4560 in
962 4505 1170 4576 aliquas
1214 4517 1301 4559 res
1332 4503 1595 4559 adversas
1639 4501 2012 4557 inciderimus.

435 4600 792 4654 lmmutamur
811 4607 866 4654 et
884 4597 937 4653 in
959 4598 1063 4666 ira,
1087 4598 1258 4671 ferino
1278 4598 1510 4667 quodam
1530 4604 1676 4652 statu
1711 4605 2011 4665 assumpto.

2118 3500 2407 3573 ὑπομείνῃ.
2460 3499 2651 3569 Ἡμεῖς
2680 3496 2861 3549 τοίνυν
2890 3492 3057 3563 ὲσμέν
3087 3493 3136 3544 οἱ
3185 3486 3577 3559 ἀλλοιούμενοι,
3613 3484 3715 3537 καὶ

2118 3592 2297 3663 σοφῶς
2317 3592 2466 3664 ἡμᾶς
2490 3591 2617 3652 τοὺς
2644 3584 2968 3657 ἀνθρώπους
2991 3581 3080 3636 διὰ
3104 3581 3203 3651 τῆς
3229 3578 3415 3650 φωνῆς
3439 3577 3648 3646 ταύτης
3681 3575 3713 3627 ὁ

2114 3685 2328 3757 ψαλμὸς
2357 3681 2712 3754 παρῃνίξατο.
2739 3679 2815 3733 Ού
2843 3676 2954 3748 γὰρ
2980 3672 3204 3744 ἄγγελοι
3237 3672 3581 3743 ἐπιδέχονται
3605 3668 3712 3739 τὴν

2116 3778 2422 3834 ἀλλοίωσιν.
2459 3774 2648 3836 Οὐδεὶς
2675 3771 2784 3842 γὰρ
2811 3768 2943 3840 παρ’
2971 3766 3203 3829 ἐκείνοις
3232 3766 3383 3829 παῖς,
3425 3760 3546 3815 οὐδὲ
3581 3777 3713 3813 νεα-

2114 3870 2323 3934 νίσκος,
2361 3867 2483 3922 οὐδὲ
2524 3863 2837 3937 πρεσϐύτης
2868 3859 3003 3931 (51),
3047 3858 3163 3913 ἀλλ’
3187 3859 3245 3913 ἐν
3272 3851 3416 3931 ᾗπερ
3444 3854 3504 3920 ἐξ
3528 3853 3715 3924 ἀρχῆς

2116 3960 2445 4030 ἐκτίσθησαν
2482 3956 2836 4018 καταστάσει,
2874 3953 2932 4005 ἐν
2970 3949 3145 4022 ταύτῃ
3176 3946 3544 4019 διαμένουσιν,
3579 3946 3715 3997 ἀκε-

2118 4055 2276 4128 ραίας
2314 4052 2498 4114 αὐτοῖς
2528 4048 2623 4103 καὶ
2664 4045 2938 4118 ἀτρέπτου
2968 4043 3068 4114 τῆς
3109 4039 3419 4103 συστάσεως
3460 4034 3716 4106 σωζομέ-

2116 4127 2235 4217 νης.
2286 4144 2480 4215 Ἡμεῖς
2521 4141 2581 4194 δέ
2629 4133 3026 4206 ἀλλοιούμεθα,
3078 4132 3217 4187 κατὰ
3274 4129 3372 4201 μὲν
3416 4129 3481 4182 τὸ
3519 4127 3709 4198 σῶμα,

2116 4239 2192 4304 ὡς
2214 4236 2505 4298 δέδεικται,
2532 4230 2673 4286 κατὰ
2708 4228 2766 4282 δὲ
2796 4227 2895 4298 τὴν
2918 4225 3095 4297 ψυχὴν
3122 4224 3217 4277 καὶ
3242 4221 3335 4275 τὸν
3358 4220 3465 4273 ἔσω
3489 4219 3699 4290 ἀνθρωο

2118 4346 2239 4397 πον,
2287 4329 2398 4391 τοῖς
2439 4323 2526 4378 ἀεὶ
2573 4319 2979 4393 προσπίπτουσι
3020 4314 3315 4387 πράγμασι
3366 4324 3695 4381 συμμετατιο

2114 4394 2300 4483 θέντες
2329 4419 2427 4481 τὰς
2455 4414 2712 4476 διανοίας.
2750 4408 2933 4463 Ἀλλοι
2969 4408 3066 4477 μὲν
3095 4406 3207 4476 γάρ
3243 4394 3410 4473 ἐσμεν
3439 4397 3711 4470 εύθυμού-

2122 4530 2292 4585 μενοι,
2323 4511 2417 4563 καὶ
2441 4508 2659 4561 πάντων
2685 4506 2815 4575 ἡμῖν
2838 4501 2947 4555 τῶν
2976 4499 3119 4554 κατᾶ
3144 4497 3236 4551 τὸν
3269 4493 3383 4566 βίον
3404 4491 3544 4547 κατὰ
3575 4490 3713 4562 ῥοῦν

2118 4586 2416 4675 προῖόντῶν
2447 4616 2460 4629 ·
2486 4597 2634 4653 ἄλλοι
2672 4596 2729 4649 δέ
2771 4597 2828 4649 ἐν
2862 4594 2976 4654 τοῖς
3009 4587 3418 4660 περιστατικοῖς
3465 4583 3707 4654 καιροῖς,

434 4689 788 4744 lmmutamur
837 4698 894 4745 et
938 4689 997 4744 in
1040 4689 1536 4760 concupiscentiis,
1581 4687 1754 4743 brutis
1809 4687 2007 4741 similes

2119 4672 2339 4750 ἐπειδάν
2376 4709 2483 4745 τινι
2523 4690 2631 4742 τῶν
2670 4686 2987 4757 ἀϐουλήτων
3038 4678 3523 4754 προσπταίσωμεν.
3584 4672 3713 4727 ’Λλ-

429 4783 627 4848 effecti,
664 4797 761 4854 per
789 4783 912 4839 vitae
939 4783 1239 4839 libidinem.
1264 4781 1401 4851 Equi
1426 4780 1480 4835 in
1508 4779 1742 4835 feminas
1768 4779 2007 4835 furentes

2114 4783 2402 4857 λοιούμεθα
2432 4781 2490 4836 δὲ
2518 4781 2611 4834 καὶ
2648 4778 2791 4832 κατὰ
2816 4776 2915 4839 τὰς
2948 4772 3141 4848 ὀργὰς,
3174 4769 3416 4841 θηριώδη
3445 4767 3567 4821 τινά
3598 4782 3706 4820 κα-

433 4878 561 4935 facti
615 4886 743 4933 sunt
800 4877 869 4943 ii,
917 4876 1010 4947 qui
1054 4889 1239 4930 amore
1286 4886 1515 4927 uxorum
1564 4871 1804 4941 proximi
1862 4872 2014 4927 insa-

2114 4881 2377 4936 τάστασιν
2424 4871 2921 4948 ἀναλαμϐάνοντες.
2975 4861 3362 4935 Ἀλλοιούμεθα
3412 4860 3509 4913 καὶ
3559 4857 3710 4911 κατὰ

432 4971 678 5028 nium“.
727 4970 795 5025 Et
835 4969 1054 5026 dolosus
1096 4968 1311 5038 quidem
1343 4966 1488 5037 vulpi
1516 4973 1900 5034 comparatur,
1935 4964 2007 5019 uti

2114 4972 2215 5036 τὰς
2265 4966 2581 5038 ἐπιθυμίας,
2635 4961 2928 5035 κτηνώδεις
2971 4958 3247 5028 γινόμενοι
3298 4952 3387 5008 διὰ
3428 4948 3524 5006 τοῦ
3577 4949 3719 5003 καθ’

436 5063 675 5121 Herodes
698 5062 743 5096 ιδ
770 5080 785 5116 :
823 5062 1106 5128 impudens
1129 5074 1259 5115 vero
1285 5060 1438 5115 canis
1466 5068 1719 5120 vocatur,
1749 5067 1809 5113 ut
1837 5056 2007 5112 Nabal

2114 5059 2306 5133 ἡδονὴν
2340 5056 2473 5129 βίου.
2513 5056 2700 5108 Ἵπποι
2730 5052 3062 5123 θηλυμανεῖς
3107 5045 3449 5118 ἐγενήθησαν
3493 5042 3543 5096 oi
3580 5045 3708 5105 ταῖς

428 5151 731 5210 Carmelius
771 5151 840 5205 ιο.
891 5148 1057 5206 Vides
1108 5151 1426 5205 varietatem
1478 5164 1544 5204 ac
1600 5148 2008 5204 immutationis

431 5257 629 5303 nostra:
656 5242 1067 5301 diversitatem?
1096 5241 1376 5297 Atltnirare
1404 5240 1564 5311 igitur
1588 5256 1710 5296 eum
1742 5241 1833 5309 qui
1867 5256 2013 5296 com-

432 5339 589 5395 mode
633 5336 1126 5402 convenienterque
1180 5333 1320 5387 hanc
1372 5332 1530 5388 nobis
1583 5332 2004 5404 appellationem

430 5428 656 5500 aptavit.
1006 5420 1009 5425 ’

2116 5132 2332 5222 γυναιξὶ
2356 5147 2467 5215 τῶν
2498 5145 2725 5218 πλησίον
2755 5141 3189 5214 ἐπιμαινόμενοι.
3219 5137 3330 5192 Καὶ
3357 5138 3386 5189 ό
3421 5134 3522 5221 μὲν
3552 5132 3708 5187 δολε-

2124 5216 2216 5319 ρὸς
2247 5241 2492 5298 ἀλώπεκι
2524 5216 2936 5313 παρεικάζεται,
2968 5233 3043 5297 ὡς
3084 5228 3363 5302 Ἡρώδης·
3394 5216 3520 5282 δ’δέ
3554 5227 3710 5279 ἀναιε-

2120 5317 2217 5410 δὴς
2252 5335 2399 5389 κύων
2441 5328 2933 5405 προσαγορεύεται,
2970 5325 3049 5388 ώς
3078 5322 3270 5378 Νάϐαλ
3296 5324 3327 5375 ό
3356 5317 3706 5391 Καρμήλιος.

2135 5431 2297 5502 Ὁρᾷς
2341 5427 2405 5480 τὸ
2448 5423 2691 5479 ποικίλον
2743 5420 2838 5475 καὶ
2886 5416 3168 5479 πολυειδὲς
3220 5415 3320 5487 τῆς
3366 5409 3709 5476 ἀλλοιώσεως

431 5524 629 5596 ἡμῶν;
666 5523 957 5596 Θαύμασον
979 5516 1073 5576 οὖν
1099 5520 1191 5576 τὸν
1229 5522 1554 5595 προσφόρως
1590 5523 1692 5595 τὴν
1732 5528 2102 5601 προσηγορίαν
2127 5524 2333 5596 ταύτην
2361 5524 2493 5592 ἡμῖν
2524 5517 2940 5590 ἐφαρμόσαντα.

504 5659 549 5692 ί*
589 5659 700 5719 Jer.
748 5675 802 5727 ν,
846 5660 903 5717 8.
980 5659 1023 5690 ”
1061 5657 1197 5712 Luc.
1248 5673 1368 5723 xm,
1410 5656 1501 5735 52.
1580 5658 1624 5690 ¹⁶
1661 5657 1682 5713 1
1722 5657 1858 5732 Reg.
1906 5677 2007 5716 xxv

2118 5703 2133 5728 ,
2177 5678 2285 5731 seq.
2320 5655 2500 5712 Lax.

496 5774 618 5855 φο)
654 5771 784 5855 ᾖξε.
812 5779 1038 5855 quartus
1064 5780 1120 5855 et
1136 5771 1294 5855 μοις).
1324 5773 1674 5855 εειῑυεηπρδς
1705 5773 1767 5827 τὺ
1798 5776 2002 5855 μεῖζον.

432 5841 633 5898 ibidem
664 5838 796 5910 Reg.
834 5838 1031 5898 tertius
1061 5839 1445 5911 αὐξανόμενον.
1507 5838 1704 5900 Statim
1751 5838 1992 5917 quinque

2114 5789 2243 5831 mss.
2279 5792 2320 5827 π
2359 5772 2417 5834 ὸς
2450 5772 2510 5825 τὸ
2544 5770 2786 5824 ἔλαττον.

2114 5913 2117 5915 ἓ
2176 5844 2292 5915 (5|)
2323 5790 2479 5901 Eolb.
2504 5842 2713 5913 primus
2740 5858 2780 5893 π

2427 5845 2479 5900 b.
2504 5842 2713 5913 primus
2740 5835 3134 5910 πρεσϐύτερος.
