4048 6220
474 346 569 402 591

1660 377 1667 384 -
1773 350 1831 406 S.
1872 347 2119 405 BASILII
2160 347 2376 406 MAGNI

3619 353 3734 408 592

417 469 430 476 “
449 474 602 522 .sunt
626 465 903 534 beneﬁcio,
934 465 1037 522 hoc
1059 480 1118 522 se
1141 466 1332 523 cantici
1368 466 1492 524 liliis
1515 469 1657 528 Core
1683 471 1916 528 edidisse
1943 475 2016 528 ait

2141 473 2284 544 ᾠδὴν
2317 471 2520 541 ταύτην
2563 468 2918 523 ὲκδεδωκέναι
2965 470 3076 534 τοῖς
3120 471 3255 534 υἱοῖς
3295 471 3438 543 Κορέ
3480 489 3646 542 φησιν
3699 476 3734 526 ὁ

451 557 752 636 [Canticum
776 563 917 614 enim
943 571 1046 626 est,
1070 575 1173 615 non
1203 562 1475 630 psalmus:
1499 564 1696 634 quippe
1715 567 1853 620 nuda
1883 581 2039 634 voce,

456 637 673 721 Iorgano
705 668 810 707 non
844 651 1001 708 simul
1032 668 1225 708 sonum
1251 655 1469 721 edente,
1499 671 1620 709 cum
1650 659 1912 710 concinna
1947 673 2042 714 vo-

471 745 552 800 cis
586 744 946 801 modulatione
982 745 1242 801 emissum
1271 756 1375 800 est.
1408 746 1692 802 Canticum
1732 761 1909 803 autem
1943 765 2040 816 pro

471 838 688 894 dilecto.
721 837 913 892 Tibine
941 838 1192 894 indicabo
1225 853 1370 903 eum,
1405 856 1564 909 quem
1598 841 1877 910 Scriptura
1908 843 2041 897 dicit

468 932 757 987 dilecwm?
809 947 874 985 an
921 931 1082 986 etiam
1128 933 1279 1002 prius
1331 934 1472 988 nosti
1531 948 1692 1000 quam
1750 950 2032 1002 enarrem,

467 1022 788 1093 evangelica:
816 1022 965 1078 vocis
995 1022 1238 1076 memor?
1272 1021 1374 1076 Hic
1395 1031 1473 1076 est
1499 1020 1673 1075 Filius
1712 1039 1857 1076 meus
1900 1022 2036 1076 dile-

465 1127 577 1170 ctus
596 1116 650 1168 in
669 1131 769 1186 quo
788 1103 916 1168 mihi
936 1113 1060 1169 bene
1079 1114 1394 1184 complacui,
1423 1113 1596 1181 ipsum
1617 1114 1798 1166 audite
1815 1113 1880 1167 "’.
1901 1111 2036 1168 Nam

465 1208 697 1264 dilectus
726 1207 874 1262 Patri
904 1207 1122 1276 quidem
1153 1215 1236 1261 est
1262 1216 1321 1260 ut
1347 1205 1697 1276 Unigenitus;
1726 1205 1872 1260 omni
1905 1219 2034 1260 vero

462 1309 724 1354 creatura:
754 1307 811 1353 ut
852 1307 1004 1368 pater
1032 1298 1298 1368 benignus
1330 1306 1386 1352 et
1412 1299 1585 1352 bonus
1617 1312 1837 1366 praeses.
1878 1297 2026 1351 Idem

459 1401 640 1447 autem
664 1400 745 1446 est
776 1399 967 1445 natura
997 1399 1051 1444 et
1079 1389 1330 1446 dilectum
1360 1399 1415 1444 et
1438 1390 1660 1444 bonum.
1688 1389 2030 1458 Quapropter

460 1492 606 1539 recte
651 1483 764 1553 jam
811 1480 1134 1537 deﬁnierunt
1171 1482 1432 1550 quidam,
1469 1481 1669 1536 bonum
1718 1496 1839 1536 esse
1887 1482 2032 1551 quod

457 1577 638 1631 omnia
677 1584 952 1646 expetunt.
985 1571 1102 1628 Non
1133 1585 1313 1628 autem
1346 1571 1637 1642 cujuslibet
1670 1584 1753 1628 est
1783 1574 1850 1628 ad
1892 1574 2028 1628 clta-

462 1669 638 1724 ritatis
677 1667 960 1738 pervenire
1002 1666 1390 1737 perfectionem
1415 1705 1429 1730 ,
1472 1674 1528 1720 et
1567 1679 1691 1720 eum
1731 1678 2030 1736 agnoscere

457 1762 549 1829 qui
580 1775 708 1815 vere
741 1769 825 1815 est
869 1759 1099 1816 dilectus
1132 1777 1146 1813 :
1183 1759 1276 1814 sed
1304 1757 1443 1828 ejus,
1477 1758 1570 1826 qui
1597 1758 1708 1828 jam
1756 1759 1908 1813 exuit
1936 1772 2028 1813 ve-

2144 565 2458 635 Προφήτης.
2501 563 2624 634 ’ῼδὴ
2661 562 2771 634 γάρ
2810 563 2948 629 ἐστι,
3002 564 3097 618 καὶ
3137 565 3259 634 οὐχὶ
3299 565 3547 636 ψαλμὸς·
3587 566 3733 620 διότι

2141 656 2320 725 γυμνῇ
2347 655 2518 724 φωνῇ,
2550 653 2623 724 μὴ
2652 652 3008 724 συ-θηχοῦντος
3037 653 3170 725 αὐτῇ
3203 653 3296 706 τοῦ
3319 654 3572 726 ὀργάνου,
3605 659 3732 726 μετ’

2140 741 2410 813 ἐμμελοῦς
2436 744 2533 814 τῆς
2571 744 2934 812 ὲκφωνήσεως
2968 744 3300 813 παρεδίδοτο.
3490 746 3548 799 δὲ
3583 747 3732 817 ὑπὲρ

2139 831 2231 884 τοῦ
2261 830 2568 902 ἀγαπητοῦ.
2612 829 2762 904 *Λρά
2798 851 2878 886 σοι
2909 833 3242 905 διηγήσομαι
3279 835 3372 888 τὸν
3412 837 3728 907 ἀγαπητὸν,

2137 923 2322 976 ὅντινα
2347 925 2374 976 ὁ
2406 923 2562 992 λόγος
2593 919 2733 978 εἷναί
2757 942 2955 997 φησιν;
2992 927 3025 998 ἢ
3059 927 3154 981 καὶ
3183 927 3288 1000 πρὸ
3308 928 3416 981 τῶν
3441 930 3596 1000 ἡμῶν
3630 930 3728 983 λό-

2137 1033 2250 1084 γων
2296 1015 2610 1081 ἐπίστασαι,
2656 1017 3002 1088 μεμνημένος
3043 1017 3147 1088 τῆς
3191 1021 3248 1072 ἐν
3290 1019 3369 1090 τῷ
3404 1020 3728 1091 Εὑαγγελίῳ

2136 1109 2350 1179 φωνῆς;
2372 1105 2561 1176 Οὗτός
2585 1109 2756 1163 ἐστιν
2785 1113 2819 1164 ό
2848 1111 2979 1176 Υἱός
3005 1128 3125 1180 μου
3160 1113 3194 1165 ό
3232 1111 3542 1181 ἀγαπητὸς
3570 1113 3644 1164 ἐν
3672 1105 3729 1179 ᾧ

2135 1201 2440 1270 εὐδόκησα
2471 1201 2606 1273 (57)·
2631 1202 2818 1256 αὐτοῦ
2857 1203 3127 1258 ἀκούετε.
3173 1204 3478 1274 Ἀγαπητὸς
3504 1205 3613 1276 γάρ
3640 1206 3726 1277 τῷ

2134 1293 2310 1364 Πατρὶ
2347 1294 2446 1364 μὲν
2482 1293 2559 1356 ὡς
2611 1292 2956 1365 Μονογενὴς,
3002 1295 3070 1366 τῇ
3120 1293 3294 1347 κτίσει
3344 1295 3400 1348 δὲ
3441 1295 3592 1368 πάσῃ
3643 1297 3725 1359 ὡς

2133 1385 2316 1456 πατὴρ
2358 1384 2738 1455 φιλάνθρωπος
2761 1385 2853 1438 καὶ
2879 1385 3082 1454 ἀγαθὸς
3122 1386 3454 1458 προστάτης.
3481 1387 3555 1440 Τὸ
3583 1387 3723 1442 αὐτὸ

2130 1477 2189 1531 δέ
2219 1480 2332 1531 ἐστι
2377 1481 2443 1550 τῇ
2488 1478 2649 1547 φύσει
2702 1478 2797 1531 καὶ
2841 1478 3127 1550 ἀγαπητὸν
3166 1479 3261 1533 καὶ
3296 1479 3519 1548 ἀγαθόν.
3568 1481 3722 1534 Διότι

2131 1569 2313 1635 καλῶς
2359 1570 2627 1642 ὡρίσαντο
2667 1571 2768 1643 ἥδη
2811 1570 2974 1635 τινὲς,
3009 1571 3214 1640 ἀγαθὸν
3247 1567 3387 1626 εἶναι
3425 1566 3486 1627 οὗ
3537 1573 3720 1626 πάντα

2130 1664 2362 1734 ἐφίεται.
2395 1664 2471 1717 Οὐ
2507 1664 2602 1717 τοῦ
2633 1663 2886 1735 τυχόντος
2915 1662 2973 1716 δέ
3003 1665 3153 1717 ἐστιν
3182 1667 3261 1727 εἰς
3284 1665 3346 1717 τὸ
3374 1664 3578 1718 τέλειον
3604 1683 3718 1736 χω-

2133 1756 2296 1827 ρῆσαι
2337 1758 2436 1825 τῆς
2474 1754 2586 1827 (58)
2627 1755 2870 1827 ἀγάπης,
2912 1757 3007 1808 καὶ
3053 1755 3144 1810 τὸν
3210 1757 3381 1820 ὅντως
3429 1757 3719 1828 ἀγαπητὸν

458 1863 624 1908 terem
673 1852 971 1916 hominem,
1019 1853 1073 1908 in
1111 1851 1394 1908 desideriis
1424 1850 1629 1906 erroris
1673 1860 2016 1920 corruptum,

2127 1821 2461 1916 ἐπιγνῶναι·
2482 1821 2641 1903 *ἀλλά
2676 1821 2775 1901 τοῦ·
2797 1821 3170 1920 ἐκδυσαμὲνου
3205 1849 3305 1920 ἤδη
3342 1849 3432 1904 τὸν
3480 1821 3715 1903 παλαιὸν

455 1933 629 2000 induit
678 1958 809 1999 vero
849 1957 1067 2007 novum,
1105 1943 1196 2011 qui
1243 1951 1533 1996 renovatur
1569 1943 1637 1995 ad
1689 1942 2023 2012 agnitionem

454 2035 752 2092 secundum
785 2035 1072 2105 imaginem
1119 2033 1416 2089 conditoris
1447 2033 1514 2087 '°.
1551 2032 1763 2087 Etenim
1796 2033 1887 2103 qui
1928 2047 2024 2104 pe-

451 2127 642 2181 cunias
697 2125 896 2194 diligit,
950 2137 1350 2192 corporumque
1399 2122 1854 2192 pulchritudinem
1897 2139 2023 2194 per-

458 2220 660 2274 ituram
721 2219 1046 2288 impotenter
1069 2224 1446 2281 consectatur,
1495 2224 1550 2270 et
1604 2231 1745 2272 nanc
1802 2217 2023 2287 praefert

449 2311 751 2383 gloriolam,
777 2310 829 2364 vi
859 2308 1112 2380 diligendi
1142 2309 1193 2362 in
1223 2308 1310 2374 iis,
1336 2309 1388 2363 in
1411 2309 1607 2378 quibus
1636 2324 1741 2364 non
1773 2309 2018 2377 decebat,

449 2405 751 2474 insumpta,
791 2404 838 2458 is
899 2385 1329 2457 excaecatus‘est
1373 2403 1440 2456 ad
1474 2417 1610 2457 .vere
1653 2401 1831 2458 dilecti
1887 2417 2017 2458 con-

451 2495 877 2566 templationem.
931 2493 1057 2549 Ideo
1108 2495 1218 2549 ait:
1267 2493 1465 2566 Diliges
1520 2493 1798 2550 Dominum
1848 2493 2020 2550 Deum

446 2599 595 2640 tuum
629 2603 695 2642 ea:
723 2595 831 2641 toto
864 2587 1021 2641 corde
1050 2597 1160 2653 tuo,
1196 2598 1245 2642 et
1281 2604 1346 2642 ea:
1373 2597 1484 2642 tota
1511 2589 1689 2642 anima
1719 2598 1809 2643 tua
1833 2628 1850 2654 ,
1877 2598 1927 2644 et
1953 2605 2018 2644 ea;

447 2689 556 2733 tota
589 2689 759 2732 mente
779 2690 870 2732 tua
897 2679 941 2709 '7
1003 2679 1202 2732 Verum
1231 2678 1363 2734 illud
1431 2677 1517 2734 Ex
1549 2689 1658 2734 tota
1682 2722 1697 2748 ,
1726 2681 1926 2735 nullam
1959 2681 2014 2735 in

447 2772 552 2824 alia
583 2772 928 2839 partitionem
955 2770 1210 2826 admittit.
1241 2770 1512 2837 Quantum
1542 2773 1684 2827 enim
1711 2774 2016 2827 dilectionis

446 2864 498 2915 in
525 2863 639 2916 haec
664 2859 922 2916 inferiora
950 2859 1327 2928 insumpseris,
1352 2869 1559 2915 tantum
1583 2862 1678 2916 tibi
1702 2862 2015 2918 necessario

443 2953 618 3008 deerit
642 2967 673 3006 a
705 2961 837 3008 toto.
875 2951 1210 3021 Quapmpter
1236 2951 1390 3019 pauci
1435 2967 1498 3006 ex
1533 2951 1817 3016 omnibus,
1852 2953 2014 3008 amici

445 3043 540 3098 Dei
559 3043 810 3113 appellati
842 3051 1000 3107 sunt;
1029 3042 1481 3112 quemadmodum
1513 3042 1711 3098 litteris
1739 3045 2012 3112 proditum

443 3145 528 3192 est
574 3136 796 3206 Moysen
841 3134 1011 3190 fuisse
1065 3135 1298 3189 amicum
1357 3135 1450 3204 ¹⁸;
1503 3137 1631 3191 item
1686 3135 1950 3192 Joannem
1995 3154 2083 3224 ιο

443 3228 656 3282 Amicus
679 3227 839 3293 enim,
864 3227 1058 3296 inquit,
1087 3229 1285 3296 sponsi.
1311 3237 1480 3293 stans,
1501 3229 1695 3299 gaudio
1717 3229 1909 3300 gaudet
1930 3231 2011 3284 '9:

443 3319 549 3377 hoc
575 3327 683 3386 est,
741 3320 831 3389 qui
888 3319 1136 3375 stabilem
1189 3329 1244 3374 et
1288 3320 1613 3376 immobilem
1643 3321 1694 3375 in
1735 3322 2012 3378 Christum

442 3424 682 3466 amorem
711 3411 894 3476 habet,
919 3409 966 3465 is
989 3411 1180 3477 dignus
1206 3419 1289 3466 est
1319 3411 1487 3480 ipsius
1518 3412 1778 3468 amicitia.
1808 3413 2012 3470 Idcirco

435 3503 600 3556 etiam
645 3498 925 3571 discipulis
967 3499 1081 3570 jam
1130 3499 1385 3570 perfectis
1432 3500 1692 3556 Dominus
1725 3501 1846 3557 ait:
1887 3503 2011 3558 Non

437 3591 663 3662 amplius
712 3608 799 3646 vos
832 3592 952 3646 dico
981 3607 1154 3646 servos
1239 3594 1330 3648 sed
1368 3595 1608 3648 amicos:
1658 3597 1785 3664 quia
1831 3613 2008 3659 seruus

435 3685 598 3737 nescit
632 3682 757 3755 quid
796 3685 958 3752 faciat
1001 3685 1246 3740 dominus
1293 3702 1408 3755 ejus
1447 3687 1514 3742 ³⁰.
1570 3687 1803 3744 Perfecti
1846 3689 2010 3760 igitur

435 3784 542 3838 est,
576 3789 700 3829 vere
728 3775 982 3848 dilectum
1007 3791 1351 3846 cognoscere.
1388 3778 1452 3832 Et
1479 3793 1691 3846 revera,
1721 3782 1818 3836 soli
1845 3782 2003 3836 amici

437 3866 554 3932 Dei,
583 3876 637 3921 et
665 3868 804 3923 inter
835 3883 971 3937 quos
1003 3869 1294 3926 intercedit
1324 3881 1506 3926 mutua
1539 3873 1798 3939 amicitia,
1827 3876 2004 3930 sancti

437 3969 565 4013 sunt
592 3972 607 4012 :
640 3974 796 4015 nemo
825 3971 1003 4016 autem
1040 3952 1404 4031 imprOborum
1437 3973 1529 4018 aut
1555 3965 1842 4021 stultorum
1867 3969 2004 4024 ami-

434 4065 534 4104 cus
567 4059 668 4104 est.
715 4049 900 4120 Neque
948 4052 1092 4106 enim
1125 4053 1378 4108 amicitia:
1403 4056 1621 4115 lbonum
1673 4058 1724 4111 in
1777 4074 1999 4129 pravum

432 4140 685 4196 allectum
713 4143 894 4209 cadit,
943 4145 1198 4213 quoniam
1233 4144 1366 4198 nihil
1403 4155 1556 4214 turpe
1587 4157 1679 4202 aut
1724 4150 2004 4207 inconcin-

431 4247 561 4288 num
585 4233 638 4287 in
664 4233 916 4288 amicitiae
947 4235 1292 4289 concordiam
1327 4235 1534 4305 ingredi
1575 4246 1768 4306 potest.
1803 4239 1998 4294 Malum

428 4327 576 4380 enim
624 4340 732 4380 non
765 4328 907 4382 bono
947 4325 1143 4393 solum,
1173 4327 1268 4383 sed
1316 4329 1488 4398 ipsum
1547 4331 1711 4386 etiam
1743 4332 1847 4387 sibi
1897 4333 2001 4403 ipsi

429 4414 761 4469 contrarium
796 4427 902 4470 est.
931 4413 1050 4470 Jam
1095 4430 1223 4471 vero
1258 4417 1326 4472 ad
1368 4417 1528 4473 verba
1569 4420 1762 4490 psalmi
1794 4437 1998 4493 expen-

429 4507 602 4563 denda
629 4508 1062 4579 progrediamur.

492 4667 546 4720 5.
589 4667 752 4722 Vens.
781 4666 836 4721 2.
875 4667 1154 4722 Eructavit
1192 4684 1284 4722 cor
1319 4685 1489 4722 meum
1536 4670 1747 4725 verbum
1779 4673 1993 4730 bonum.

421 4757 538 4813 Jam
569 4761 784 4830 quidem
829 4760 1071 4815 nonnulli
1119 4761 1498 4815 existimavere
1538 4763 1725 4818 isthmc
1770 4779 1836 4820 ex
1871 4783 1994 4837 per-

493 4897 540 4969 '_’
565 4897 750 4953 Matth.
788 4915 921 4965 xvn,
951 4899 1004 4953 5.
1081 4899 1127 4932 ’⁸
1166 4899 1362 4969 Ephes-
1401 4915 1474 4966 ιν,
1529 4902 1618 4966 22.
1653 4903 1746 4960 9‘-

419 4966 471 5002 ³⁸
496 4966 652 5024 Joan.
678 4986 769 5033 xv,
810 4971 898 5024 15.

492 5082 604 5155 (57)
639 5085 928 5140 Colbertini
975 5087 1216 5155 quintus,
1250 5095 1434 5140 sextus
1476 5097 1531 5142 et
1557 5090 1820 5153 septimus
1861 5109 1985 5149 cum

418 5153 655 5232 editione
677 5157 848 5232 Daris.
881 5166 963 5232 et_
983 5153 1102 5232 eum
1132 5155 1280 5232 Reg.
1311 5159 1598 5232 quartqév
1616 5155 1985 5232 (fiebam-qaut,

417 5226 568 5303 etjta
603 5224 798 5294 legitur
827 5228 964 5294 apud
993 5224 1303 5303 Matth-actim
1330 5224 1461 5303 xm,
1497 5229 1550 5282 5.
1583 5224 1650 5285 Αἰ
1675 5231 1822 5294 illud,
1851 5224 1908 5286 ἐν

415 5294 705 5366 εὐδόκησα,
753 5311 856 5349 non
907 5297 1173 5362 reperitur
1219 5313 1392 5366 neque
1452 5301 1503 5352 in
1551 5303 1788 5355 editione
1821 5294 1986 5358 Basil'.

420 5380 593 5433 neque
624 5365 887 5488 ithRegiis
915 5369 1152 5420 secundo
1180 5377 1235 5421 et
1269 5365 1446 5433 tertio,
1490 5385 1665 5438 neque
1713 5374 1854 5442 apud
1882 5374 1992 5428 Lu-

420 5449 531 5485 cam
561 5451 636 5488 tx.
664 5449 697 5488 ο
740 5476 752 5487 .

416 5449 531 5485 cum
561 5451 636 5496 lx,
664 5449 752 5488 οἵ).

485 5504 595 5573 (58)
627 5504 703 5557 Ita
734 5505 883 5578 multi
927 5520 1058 5578 mss.
1080 5507 1253 5578 Deest
1285 5508 1385 5578 τῆς
1409 5509 1460 5562 in
1493 5510 1651 5563 editis
1686 5519 1742 5565 et
1783 5511 1833 5565 in
1865 5513 1988 5569 aliis

1851 4908 1894 4940 "
1931 4911 2099 4970 Marc.
2132 4936 2243 4990 xu,
2269 4923 2361 4979 50.

2127 1939 2433 2010 ἄνθρωπον,
2462 1940 2554 1992 τὸν
2596 1939 2952 2011 φθειρόμενον
2980 1940 3123 1994 κατὰ
3150 1939 3248 2004 τὰς
3276 1939 3573 2011 ἐπιθυμίας
3614 1941 3716 2011 τῆς

2125 2030 2361 2101 ἀπάτης,
2392 2031 2484 2083 καὶ
2509 2029 2868 2100 ἐνδυσαμένου
2898 2031 2989 2084 τὸν
3023 2031 3162 2098 νέον,
3187 2030 3280 2084 τὸν
3313 2031 3712 2102 ἀνακαινούμε-

2123 2139 2212 2176 νον
2243 2124 2322 2186 εἰς
2348 2123 2643 2191 ἐπίγνωσιν
2687 2122 2808 2176 κατ’
2843 2123 3028 2177 εἰκόνα
3062 2123 3157 2177 τοῦ
3201 2123 3509 2186 κτίσαντος.
3553 2124 3713 2178 Ἐπεὶ

2122 2215 2151 2270 ὃ
2173 2233 2235 2284 γε
2259 2218 2515 2287 χρήματα
2545 2217 2794 2286 ἀγαπῶν,
2821 2216 2917 2270 καὶ
2941 2217 3069 2287 περὶ
3094 2216 3156 2269 τὸ
3199 2215 3439 2288 φθαρτὸν
3466 2217 3576 2269 τῶν
3609 2234 3712 2270 σω-

2126 2309 2309 2380 μάτων
2348 2309 2543 2372 κάλλος
2580 2310 2950 2381 ἐπτοημένος,
2992 2309 3088 2364 καὶ
3133 2309 3195 2362 τὸ
3242 2309 3490 2382 δοξάριον
3541 2309 3709 2362 τοῦτο

2121 2400 2460 2473 ὑπερ-τιμῶν,
2484 2401 2582 2473 τὴν
2619 2401 2712 2456 τοῦ
2759 2403 2979 2474 ἀγαπᾷν
3011 2401 3239 2472 δύναμιν
3276 2402 3388 2472 (59)
3432 2402 3518 2472 ἐφ’
3559 2401 3595 2455 ἃ
3629 2402 3706 2473 μὴ

2120 2493 2397 2566 προσῆκεν
2441 2494 2743 2560 ἀναλώσας,
2792 2497 2929 2568 πρὸς
2971 2494 3068 2566 τὴν
3117 2494 3209 2546 τοῦ
3258 2493 3526 2565 ἀληθινῶς
3567 2494 3710 2562 ἀγα-

2118 2585 2290 2657 πητοῦ
2321 2585 2451 2641 θέαν
2482 2587 2870 2658 ἀπετυφλὼθη.
2894 2585 2994 2640 Διά
3025 2585 3183 2639 τοῦτό
3217 2601 3409 2656 φησιν’
3447 2583 3708 2653 Ἀγαπή-

2117 2694 2248 2746 σεις
2275 2682 2496 2748 Κύριον
2522 2681 2632 2735 τὸν
2678 2681 2826 2734 Θεόν
2865 2695 2982 2734 σου
3013 2679 3081 2744 ἐξ
3133 2678 3284 2746 ὅλης
3315 2676 3422 2745 τῆς
3454 2677 3706 2744 καρδίας

2116 2785 2254 2835 σου,
2287 2771 2384 2826 καὶ
2403 2772 2472 2837 ἐξ
2497 2773 2646 2840 ὅλης
2668 2771 2778 2840 τῆς
2801 2771 3009 2841 ψυχῆς
3033 2788 3169 2836 σου,
3194 2769 3292 2823 καὶ
3313 2769 3382 2833 ἐξ
3413 2768 3561 2835 ὅλης
3593 2767 3706 2834 τῆς

2116 2861 2384 2929 διανοίας
2412 2879 2551 2919 σου.
2579 2863 2653 2915 Τὸ
2684 2862 2761 2927 δὲ,
2797 2861 2900 2926 Ἐξ
2937 2861 3106 2929 ὅλης,
3146 2859 3409 2931 μερισμὸν
3435 2860 3514 2920 εἰς
3537 2857 3704 2927 ἕτερα

2115 2956 2216 3009 οὐκ
2241 2955 2570 3028 ἐπιδέχεται.
2609 2956 2773 3009 Ὅσον
2803 2954 2912 3028 γὰρ
2929 2953 3039 3024 (60)
3076 2953 3141 3008 ἂν
3174 2953 3274 3023 τῆς
3307 2952 3529 3021 ἀγάπης
3555 2966 3703 3021 παρ-

2116 3049 2400 3122 αναλώσῃς
2457 3050 2552 3103 ἐπὶ
2608 3047 2679 3102 τά
2726 3048 2913 3112 κάτω,
2971 3045 3226 3100 τοσοῦτόν
3283 3063 3363 3098 σοι
3415 3044 3588 3114 λείψει
3643 3045 3704 3111 ἐξ

2116 3141 2362 3212 ἀνάγκης
2393 3139 2502 3194 ἀπὸ
2531 3139 2624 3193 τοῦ
2659 3140 2801 3194 ὅλου.
2838 3139 2937 3194 Διά
2965 3138 3125 3192 τοῦτο
3169 3138 3339 3206 ὀλίγοι
3379 3139 3442 3190 ἐκ
3481 3138 3704 3190 πάντων

2115 3234 2257 3302 φίλοι
2310 3233 2444 3286 Θεοῦ
2499 3231 3052 3305 προσηγορεύθησαν
3092 3230 3168 3294 ὡς
3211 3231 3452 3301 Μωῦσῆς
3496 3230 3701 3298 ἀναγέ-

2113 3342 2355 3396 γραπται
2394 3320 2534 3379 εἶναι
2569 3325 2749 3395 φίλοςο
2782 3325 2858 3388 ὡς
2916 3323 3168 3394 Ἰωάννης
3190 3340 3203 3352 ·
3253 3324 3315 3376 '0
3350 3321 3460 3392 γὰρ
3495 3324 3699 3391 φίλος,

2112 3413 2265 3483 φησὶ,
2291 3412 2396 3465 τοῦ
2417 3413 2702 3482 νυμφίου,
2730 3411 2940 3478 ἑστὼς,
2972 3412 3126 3481 χαρᾷ
3152 3412 3340 3482 χαίρει
3357 3429 3370 3442 ο
3393 3412 3696 3478 τουτέστιν,

2109 3503 2138 3554 ὁ
2169 3503 2228 3555 τὸ
2263 3505 2525 3574 στάσιμον
2557 3503 2696 3574 ἔχων
2729 3504 2823 3558 καὶ
2855 3504 3252 3576 ἀμετακίνητον
3284 3506 3384 3577 τῆς
3425 3509 3505 3572 είς
3556 3509 3696 3581 Χρι-

2111 3594 2235 3648 στὸν
2281 3596 2480 3664 φιλίας,
2534 3591 2688 3659 οὗτος
2729 3595 2878 3664 ἄξιος
2915 3598 3017 3668 τῆς
3043 3597 3206 3650 αὐτοῦ
3243 3597 3444 3666 φιλίας.
3475 3600 3566 3653 Διδ
3601 3602 3698 3654 καὶ

2107 3689 2220 3749 τοῖς
2257 3687 2526 3758 μαθηταῖς
2557 3687 2656 3759 ἤδη
2691 3687 3086 3760 τελειουμένοις
3127 3690 3156 3742 ὁ
3194 3690 3420 3762 Κύριος,
3457 3693 3692 3757 Οὐκέτι,

2107 3779 2292 3848 φησιν,
2319 3779 2476 3848 ὑμᾶς
2517 3781 2671 3851 λέγω
2703 3781 2984 3849 δούλους,
3036 3783 3201 3838 ἀλλὰ
3249 3786 3501 3854 sellam,"
3537 3785 3629 3840 ὅτι
3663 3791 3697 3841 ό

2104 3870 2327 3936 δοῦλος
2357 3873 2468 3925 οὐκ
2498 3868 2622 3926 οἶδε
2653 3873 2710 3926 τί
2747 3874 2908 3927 ποιεῖ
2936 3877 2969 3928 ὀ
2999 3876 3201 3943 κύριος
3231 3877 3439 3932 αὑτοῦ.
3471 3877 3694 3932 Τελείου

2102 3963 2282 4016 τοίνυν
2314 3962 2433 4016 ἐστὶ
2473 3963 2534 4017 τὸ
2575 3964 2668 4018 τὸν
2723 3965 2892 4030 ὅντως
2919 3966 3201 4036 ἀγαπητὸν
3231 3968 3552 4037 ἐπιγνῶναι.
3578 3972 3696 4024 Καὶ

2100 4053 2180 4124 τῷ
2211 4053 2324 4108 ὄντι
2356 4055 2505 4125 μόνοι
2537 4055 2678 4125 φίλοι
2715 4056 2852 4110 Θεοῦ
2888 4057 2983 4110 καὶ
3026 4058 3276 4131 ἀλλήλοις
3301 4062 3348 4114 οἱ
3379 4061 3524 4129 ἅγιοι
3545 4079 3559 4092 ο
3595 4064 3692 4115 οὐ·

2100 4141 2212 4204 δεὶς
2243 4141 2299 4193 δὲ
2337 4142 2444 4196 τῶν
2492 4144 2744 4216 πονηρῶν
2783 4146 2876 4199 καὶ
2926 4147 3156 4218 ἀμαθῶν
3207 4150 3378 4219 φίλος.
3410 4152 3544 4204 Οὐδὲ
3578 4153 3692 4224 γὰρ

2101 4232 2289 4286 πίπτει
2321 4233 2384 4286 τὸ
2421 4235 2518 4306 τῆς
2565 4236 2745 4306 φιλίας
2793 4237 2958 4292 καλὸν
2989 4241 3070 4303 είς
3103 4242 3381 4314 μοχθηράν
3413 4243 3688 4298 διάθεσιν

2099 4323 2233 4378 διότι
2267 4326 2418 4380 οὐδὲν
2463 4329 2688 4400 αἰσχρὸν
2721 4331 2815 4384 καὶ
2864 4331 3206 4404 ἀνάρμοστον
3249 4337 3329 4398 είς
3364 4337 3690 4406 συμφωνίαν

2098 4413 2321 4470 δύναται
2349 4419 2594 4490 χωρῆσαι
2626 4420 2828 4490 φιλίας.
2858 4422 2931 4476 Τὸ
2963 4424 3073 4494 γάρ
3105 4425 3273 4479 κακὸν
3301 4427 3360 4480 οὐ
3389 4427 3468 4498 τῷ
3493 4428 3688 4499 ἀγαθῷ

2029 4505 2073 4562 D
2103 4507 2343 4562 ἐναντίον
2381 4511 2502 4564 ἐστὶ
2539 4513 2720 4583 μόνον,
2753 4514 2889 4569 ἀλλά
2919 4516 3014 4570 καὶ
3045 4517 3178 4570 αὐτὸ
3226 4518 3424 4589 ἐαυτῷ.
3460 4519 3597 4590 Ἤδη
3628 4521 3688 4574 δὲ

2103 4598 2200 4651 καὶ
2231 4600 2324 4653 ἐπὶ
2369 4602 2466 4674 τὴν
2500 4604 2608 4676 (61)
2642 4605 2885 4671 ἐξέτασιν
2923 4609 3032 4662 τῶν
3078 4609 3338 4680 ῥημάτων
3383 4612 3681 4682 προΐωμεν.

2171 4691 2226 4745 3.
2268 4693 2666 4764 Ἐξηρεύξατο
2709 4699 2748 4767 ἡ
2789 4700 3002 4770 καρδία
3042 4719 3162 4770 μου
3201 4702 3388 4771 λόγον
3433 4703 3680 4772 ἀγαθόν.

2105 4781 2241 4854 Ἤδη
2294 4786 2398 4856 μέν
2446 4805 2592 4854 τινες
2624 4791 2884 4864 ᾠήθησαν
2912 4795 2978 4848 ὲκ
3010 4794 3300 4866 προσώπου
3332 4795 3427 4849 τοῦ
3464 4796 3686 4869 Πατρδς

2468 4929 2515 4960 ’⁸
2544 4927 2712 4985 Exod.
2744 4947 2919 4987 xxxm
2941 4971 2956 4997 ,
3015 4933 3101 4990 Η.
3204 4935 3249 4967 ³³
3277 4933 3432 4990 Joan.
3467 4951 3552 5001 ttt,
3581 4935 3677 4994 29.

2087 5100 2180 5179 τοῖς»
2190 5103 2484 5179 ἀγαπητοῦ
2501 5107 2632 5179 δύνα
2639 5126 2755 5179 μιν.

2160 5171 2272 5244 (60)
2306 5171 2387 5228 Ila
2421 5193 2559 5253 m_ss._
2593 5171 2896 5253 Deestjdtp
2939 5182 2991 5238 in
3054 5183 3292 5240 editione
3333 5185 3507 5242 Paris.
3549 5186 3676 5244 Mox

2087 5256 2218 5296 mss.
2278 5260 2371 5298 sex
2402 5246 2561 5301 τοῦτό
2611 5265 2713 5303 σοι.
2756 5246 2898 5308 Editi
2945 5267 3076 5308 vero
3105 5254 3356 5308 τοσοῦτόν
3388 5273 3492 5310 σοι.
3539 5256 3679 5311 Jun-

2088 5322 2232 5364 cttttn
2259 5325 2342 5369 est
2376 5328 2664 5387 utrumque
2695 5322 2748 5373 in
2784 5323 2918 5393 Heg.
2949 5325 3209 5389 secundo,
3235 5326 3492 5380 τοσοῦτον
3510 5328 3678 5383 τοῦτό

2091 5397 2192 5435 σοι.

2162 5453 2273 5524 (6i)
2309 5455 2632 5537 Editi_cnm
2664 5474 2772 5537 uno
2802 5473 2898 5516 aut
2931 5462 3105 5518 altero
3159 5480 3262 5520 ms.
3316 5467 3410 5520 ἐπὶ
3446 5469 3566 5537 τήν.
3606 5472 3676 5522 At

2086 5536 2220 5608 russ.
2246 5541 2336 5608 snex
2368 5529 2495 5596 περὶ
2515 5531 2636 5608 τῂν.
2663 5529 2792 5608 Quae
2816 5548 2940 5608 mox
2959 5548 3289 5608 sequuntur,
3309 5529 3676 5608 ξΕξηρέύξατο

415 5585 546 5677 mss.
585 5590 685 5626 non
711 5576 930 5677 paucis.I
963 5575 1090 5677 llllud
1123 5579 1261 5646 qttod
1309 5575 1432 5633 mox
1466 5581 1725 5647 sequitur,
1751 5583 1831 5645 εἰς
1863 5583 1988 5636 ὲπίο

453 5660 612 5677 ψη...
678 5661 700 5677 ι.
730 5657 820 5677 ω..
858 5661 883 5677 ο.
940 5661 980 5677 ...
1008 5662 1083 5677 ...ρ

2115 5666 2116 5672 η
2150 5595 2345 5677 καρδία
2365 5575 2482 5677 pro?)
2515 5575 2927 5677 λόγονκάγαθόν,
2957 5575 3208 5674 leguntur
3233 5575 3671 5674 qititleenrin‘etli:

414 5655 634 5705 γνωσιν,
677 5647 826 5697 abest
857 5661 884 5696 a
917 5646 1086 5698 tribus
1111 5664 1238 5702 mss.

485 5712 801 5792 .(Eiili'Editio
836 5714 1008 5792 Euris.
1041 5731 1164 5769 cum
1200 5717 1354 5792 golh.
1387 5729 1538 5772 sexto
1566 5719 1666 5789 τὴν
1697 5720 1792 5774 τοῦ
1832 5724 1973 5792 ἀγα-

420 5779 525 5847 πᾷν
554 5780 799 5848 δύναμιν.
836 5781 1014 5838 Ειιὶιίο
1045 5800 1170 5841 vero
1198 5786 1356 5842 Basil.
1387 5797 1440 5842 et
1483 5779 1678 5846 novem
1716 5807 1844 5848 mss.
1872 5779 1969 5866 τὴν

2081 5665 2242 5744 tione‘
2257 5664 2596 5744 Patj'siensi,
2621 5672 2715 5726 sed
2742 5664 2942 5729 desunt
2975 5664 3037 5730 εἴ
3060 5677 3112 5730 in
3143 5664 3347 5732 nostris
3377 5694 3508 5732 mss.
3532 5681 3665 5734 etin

2074 5733 2306 5789 editione
2339 5735 2502 5793 Basil.
