4048 6220
363 324 473 379 595

1479 322 1766 380 HOMILIA
1805 325 1870 380 ΙΝ
1911 326 2246 384 PSALMUM
2294 322 2481 382 XLIV.

3509 328 3613 385 594

362 438 613 508 λέγεσθαι
640 439 813 494 ταῦτα
848 441 976 513 περὶ
1007 438 1103 494 τοῦ
1136 439 1194 493 ὲν
1227 438 1369 511 ἀρχῇ
1402 436 1553 503 ὄντος
1596 438 1733 510 πρὸς
1779 438 1934 493 αὐτὸν

2044 456 2175 497 sona
2201 442 2381 499 Patris
2416 444 2482 499 de
2525 442 2706 500 Verbo
2750 443 2889 514 apud
2919 443 3091 515 ipsum
3130 442 3184 497 in
3219 440 3487 513 principio
3516 456 3614 496 ex-

363 534 558 602 Λόγου,
603 532 662 585 δν
702 533 767 586 ἐκ
811 532 913 603 τῆς
963 533 1125 587 οἱονεὶ
1183 532 1410 603 καρδίας
1462 531 1558 585 καὶ
1602 531 1781 584 αὐτῶν
1831 531 1940 585 τῶν

361 622 705 693 σπλάγχνωνν
751 624 904 691 φασὶν
950 625 1234 694 προήγαγε
1264 622 1373 694 (62)
1397 640 1409 654 ⁸
1451 623 1691 676 καὶάπὸ
1728 623 1940 693 ἀγαθῆς

359 717 587 787 καρδίας
608 715 809 785 ἀγαθὸς
838 716 995 785 λόγος
1024 717 1319 789 προῆλθεν·
1355 716 1479 787 ἐμοὶ
1513 716 1570 768 δὲ
1594 717 1741 769 δοκεί
1767 716 1940 769 ταῦτα

343 810 455 880 ἐπὶ
494 809 556 862 τὺ
591 808 926 880 προφητικὸν
963 810 1328 881 ἀναφέρεσθαι
1371 808 1680 879 πρόσωπον.
1713 809 1795 862 Τά
1830 809 1939 879 γὰρ

359 899 555 971 ἐφεξῆς
587 899 682 953 τοῦ
716 901 879 973 ῥητοῦ
908 902 1090 954 οὐκέτι
1116 901 1315 972 ὁμοίως
1347 900 1654 971 ὲξομαλίζει
1682 903 1814 971 ἡμῖν
1840 902 1941 970 τὴν

360 994 489 1065 περὶ
525 993 617 1047 τοῦ
663 993 876 1066 Πατρὸς
910 993 1188 1065 ἐξήγησιν.
1240 992 1377 1045 Οὔτε
1411 992 1519 1065 γάρ
1564 992 1629 1046 ἂν
1669 994 1797 1066 περὶ
1837 995 1939 1063 τῆς

358 1086 553 1141 ἑαυτοῦ
581 1085 832 1158 γλώσσης
856 1087 886 1139 6
914 1087 1102 1158 Πατὴρ
1128 1084 1301 1151 εἶπεν,
1328 1087 1409 1139 ὅτι
1437 1087 1547 1157 (63)
1589 1088 1661 1142 Ἡ
1690 1087 1940 1156 γλῶσσά

351 1193 471 1243 μου
526 1174 796 1244 κάλαμος
848 1177 1229 1245 γραμματέως
1294 1176 1659 1245 ὀξυγράφου.
1712 1178 1940 1244 Ὡραῖος

358 1267 569 1321 κάλλει
606 1267 766 1336 παρὰ
802 1269 942 1335 τοὺς
983 1269 1153 1335 υἱοὺς
1188 1271 1307 1322 τῶν
1338 1269 1682 1337 ἀνθρώπων.
1728 1273 1801 1324 Ub
1834 1272 1939 1343 γὰρ

358 1362 422 1412 ὲκ
443 1359 540 1430 τῆς
561 1361 698 1431 πρὸς
716 1362 842 1425 τοὺς
863 1361 1178 1433 ἀνθρώπους
1197 1363 1531 1433 συγκρίσεως
1553 1364 1651 1434 τὴν
1668 1365 1938 1439 ὑπεροχὴν

356 1450 450 1503 τοῦ
474 1451 702 1518 κάλλους
725 1453 854 1523 ἕχει.
875 1455 985 1506 Καὶ
1002 1454 1207 1525 προϊών
1230 1472 1361 1525 φησι
1382 1471 1396 1485 ο
1420 1454 1519 1508 Διά
1538 1455 1712 1510 τοῦτο
1732 1456 1940 1525 ἔχρισέ

357 1557 431 1595 σε
459 1545 491 1597 ό
516 1543 682 1608 Θεὸς,
712 1548 744 1598 ὁ
779 1546 924 1611 Θεός
962 1562 1100 1610 σου,
1149 1546 1357 1601 ἔλαιον
1389 1547 1822 1615 ἀγαλλιάσεως.
1861 1549 1936 1602 Οὐ

356 1635 466 1707 γάρ
500 1632 651 1691 εἶπεν
670 1654 685 1669 ο
720 1639 955 1710 Ἔχρισὰ
982 1658 1038 1694 σε
1067 1642 1179 1710 ἐγὼ
1206 1645 1233 1695 6
1258 1641 1557 1707 Θεὸς,ἀλλ’,
1580 1642 1821 1712 Ἕχρισέ
1841 1659 1933 1697 σε·

357 1727 497 1781 ὥστε
537 1732 602 1783 ὲκ
637 1730 825 1785 τούτου
864 1734 1230 1805 παρίστασθαι
1272 1734 1461 1806 ἓτερον
1498 1733 1637 1788 εἶναι
1672 1734 1733 1787 τὸ
1765 1734 1940 1787 διαλε-

2040 536 2267 592 sistente
2302 539 2405 593 dici
2435 555 2449 592 :
2482 540 2646 607 quod,
2670 538 2943 609 inquiunt,
2970 536 3119 591 velut
3152 550 3219 590 ex
3261 537 3422 590 corde
3462 543 3516 591 et
3546 550 3614 588 ex

2043 627 2177 695 ipsis
2227 629 2528 683 visceribus
2584 629 2865 698 produxit;
2922 636 3085 697 atque
3139 642 3204 682 ex
3253 628 3394 681 bono
3452 628 3613 680 corde

2041 718 2241 771 bonum
2268 719 2489 773 verbum
2515 718 2733 789 prodiit.
2760 718 2887 773 Mihi
2910 734 3037 774 vero
3055 718 3301 774 videntur
3322 718 3435 771 haec
3455 717 3607 788 161

2041 810 2107 862 ad
2154 808 2441 877 Pmphetat
2486 823 2773 879 personam
2817 808 3097 864 referenda
3148 822 3288 863 esse.
3325 806 3457 860 Nam
3491 823 3612 877 quae

2042 902 2183 955 hanc
2213 902 2468 969 deinceps
2513 903 2835 957 sententiam
2882 909 3202 971 sequuntur,
3242 915 3347 955 non
3383 899 3611 968 amplius

2040 1010 2193 1061 33th
2227 994 2442 1063 planam
2474 995 2731 1050 exhibent
2753 996 2911 1049 nobis
2940 996 3006 1049 de
3033 992 3195 1049 Patre
3220 994 3608 1050 narrationem.

2041 1086 2227 1155 Neque
2260 1087 2403 1139 enim
2440 1089 2505 1142 de
2552 1102 2649 1142 sua
2700 1087 2870 1156 ipsius
2920 1086 3101 1157 lingua
3146 1084 3308 1141 Pater
3356 1085 3555 1140 dixerit
3593 1102 3607 1138 :

2042 1178 2246 1248 Lingua
2306 1194 2423 1231 mea
2484 1177 2719 1233 calamus
2778 1178 2963 1232 scriba:
3007 1178 3249 1231 velociter
3311 1176 3607 1231 scribentis.

2041 1270 2209 1324 Vens.
2238 1269 2289 1323 5.
2320 1268 2596 1335 Speciosus
2645 1269 2818 1338 [arma
2850 1286 2959 1338 pra:
3004 1269 3131 1339 ﬁliis
3160 1270 3451 1322 hominum.
3490 1265 3608 1322 Non

2039 1365 2180 1418 enim
2224 1361 2640 1431 pulchritudinis
2675 1362 3035 1431 praestantiam
3081 1377 3148 1417 ex
3182 1360 3422 1415 humana
3469 1373 3618 1432 com-q

2041 1453 2319 1524 paratione
2342 1461 2638 1505 mutuatur.
2668 1451 2733 1504 Et
2762 1466 3080 1522 progressus
3109 1452 3187 1505 ait
3218 1451 3259 1482 ²¹
3286 1470 3299 1505 :
3328 1447 3610 1518 Propterea

2041 1544 2193 1596 unxit
2227 1552 2274 1595 te
2306 1541 2445 1595 Deus
2472 1582 2487 1608 ,
2520 1540 2666 1594 Deus
2705 1550 2825 1594 tuus
2850 1581 2867 1607 ,
2899 1541 3013 1594 oleo
3049 1540 3269 1594 latitia.
3300 1537 3417 1593 Non
3464 1537 3608 1593 enim

2039 1634 2197 1697 dixit,
2228 1632 2371 1689 Unxi
2408 1643 2458 1687 te
2481 1648 2581 1702 ego
2616 1632 2789 1699 Deus,
2819 1633 2911 1688 sed
2933 1673 2947 1698 ,
2981 1630 3144 1686 Unxit
3174 1642 3222 1686 te
3263 1630 3437 1696 Deus;
3476 1630 3609 1685 adeo

2038 1736 2098 1781 ut
2127 1742 2193 1782 ex
2223 1728 2327 1782 hoc
2355 1736 2566 1782 constet
2593 1727 2755 1781 aliam
2787 1741 2907 1782 esse
2945 1725 3255 1797 loquentem
3293 1737 3604 1794 personam.

358 1825 587 1895 γόμενον
632 1801 956 1898 πρόσωπον.-
990 1830 1148 1881 Ποῖον
1184 1822 1280 1882 οὖν
1316 1801 1431 1881 ἐστι
1462 1826 1620 1880 τοῦτο
1655 1827 1687 1897 ἢ
1729 1827 1757 1879 6
1792 1827 1934 1898 Προ-

2039 1820 2168 1887 Quae
2194 1819 2359 1889 igitur
2388 1820 2501 1874 haec
2529 1829 2632 1885 est,
2663 1820 2762 1874 nisi
2792 1818 3060 1889 Propheta
3086 1818 3220 1887 ipse,
3247 1818 3338 1886 qui
3371 1815 3609 1870 afﬂatum

359 1919 535 1990 φήτης
562 1922 591 1973 6
619 1921 874 1991 χωρήσας
900 1922 999 1993 τὴν
1024 1921 1117 1974 τοῦ
1144 1920 1299 1989 ἁγίου
1324 1920 1639 1991 Πνεύματος
1669 1920 1749 1983 είς
1775 1920 1937 1973 αὑτὸν

356 2012 656 2084 γενομένην
674 2013 951 2085 ἐνέργειαν
971 2030 985 2080 ;
1017 2013 1430 2081 Ἐξηρεύξατο,
1452 2014 1636 2086 φησὶν,
1660 2014 1697 2081 ή
1726 2012 1937 2082 καρδία

352 2122 471 2173 μου
494 2109 682 2176 λόγον
706 2108 949 2177 ἀγαθόν.
983 2108 1197 2181 Ἐπειδὴ
1218 2110 1326 2181 γὰρ
1354 2112 1387 2180 ἡ
1422 2110 1590 2180 ὲρυγή
1622 2110 1739 2163 ἐστι
1772 2109 1937 2164 πνεῦ-

359 2214 434 2267 μα
466 2198 697 2270 κρύφιον
726 2200 866 2253 κατὰ
898 2202 996 2273 τὴν
1030 2201 1177 2266 ζέσιν
1209 2202 1311 2272 τῆς
1349 2202 1558 2273 τροφῆς
1590 2202 1938 2275 ἀπορρηγνυ-

357 2290 533 2359 μένων
564 2293 671 2345 τῶν
704 2294 1068 2364 πομφολύγων
1100 2295 1187 2359 ἐπὶ
1222 2294 1284 2347 τὸ
1329 2293 1441 2348 ἄνω
1471 2295 1877 2367 διαπνεόμενον,
1908 2298 1936 2349 6

352 2384 581 2452 τραφεὶς
607 2385 686 2455 τῷ
715 2385 877 2448 ζῶντι
911 2386 1060 2457 ἄρτῳ
1081 2387 1157 2457 τῷ
1176 2391 1242 2455 ἐκ
1267 2387 1360 2441 τοῦ
1383 2387 1441 2439 ού
1452 2387 1613 2458 ρανοῢ
1640 2388 1935 2442 καταϐάντι

335 2475 450 2529 ’καὶ
477 2475 673 2529 διδόντι
706 2476 851 2548 ζωὴν
877 2476 956 2547 τῷ
984 2478 1192 2548 κόσμῳ,
1229 2479 1322 2532 καὶ
1348 2480 1375 2531 6
1406 2479 1740 2550 ἐμπλησθεὶς
1775 2482 1935 2534 παντὶ

355 2568 562 2637 ῥήματι
593 2570 1007 2642 ἐκπορευομένῳ
1040 2570 1127 2624 διὰ
1177 2571 1441 2640 στόματος
1476 2571 1633 2636 Θεοῦ,
1667 2573 1809 2627 κατὰ
1836 2573 1935 2644 τὴν

351 2657 452 2727 τῆς
491 2657 711 2728 Γραφῆς
769 2659 969 2730 συνήθη
1016 2660 1393 2731 τροπολογίαν,
1445 2661 1477 2731 ή
1526 2664 1793 2732 τραφεῖσα
1821 2664 1933 2728 τοῖς

352 2748 519 2819 ἱεροῖς
569 2748 853 2820 μαθήμασι
916 2751 1099 2822 ψυχὴ,
1154 2751 1458 2824 πρόσφορον
1511 2757 1623 2816 τοῖς
1681 2753 1933 2825 βρώμασι

353 2840 597 2911 προΐεται
633 2841 730 2913 τὴν
779 2844 1001 2915 ὲρυγήν.
1040 2843 1139 2897 Διὰ
1176 2845 1356 2908 τοῦτο,
1397 2844 1585 2914 ἐπειδὴ
1626 2845 1817 2917 λογικὴ
1863 2841 1933 2917 ἦν

353 2933 445 2985 καὶ
478 2932 655 3004 ἀγαθὴ
678 2936 710 3006 ἡ
740 2936 934 3007 τροφὴ,
959 2935 1113 3003 λόγον
1141 2938 1341 3006 ἀγαθὸν
1366 2937 1711 3009 ἐξερεύγεται
1740 2942 1767 2991 6
1794 2940 1933 3011 Προ-

2039 1911 2275 1980 Spiritus
2333 1910 2506 1966 sancti
2558 1912 2612 1966 in
2654 1925 2712 1966 se
2742 1909 2992 1966 diﬂ‘usum
3041 1909 3285 1979 recepit?
3334 1906 3607 1962 Eructavit

2038 2021 2129 2058 cor
2151 2021 2341 2070 meum,
2384 2004 2581 2072 inquit,
2613 2004 2824 2058 verbum
2850 2004 3057 2057 bonum.
3085 2002 3217 2057 Cum
3248 2000 3401 2056 enim
3422 1999 3610 2054 ructus

2036 2096 2195 2151 ﬂatus
2236 2096 2308 2151 sit
2336 2095 2579 2150 occultus
2603 2133 2619 2160 ,
2646 2094 2780 2165 qui,
2808 2094 2968 2150 bullis
3011 2095 3080 2149 ob
3117 2092 3317 2163 sumpti
3366 2090 3607 2146 alimenti

2036 2190 2306 2245 fervorem
2353 2188 2763 2259 erumpentibus
2790 2226 2807 2253 ,
2851 2202 3065 2242 sursum
3106 2199 3297 2241 versus
3337 2182 3606 2247 diluatur;

2036 2283 2129 2352 qui
2177 2282 2409 2336 nutritus
2456 2289 2541 2336 est
2595 2294 2734 2351 pane
2785 2278 2879 2336 illo
2927 2278 3175 2341 vivente,
3208 2276 3300 2345 qui
3357 2276 3424 2329 de
3469 2273 3609 2330 caelo

2037 2378 2338 2444 descendit,
2369 2378 2566 2445 datque
2589 2376 2754 2430 vitam
2779 2374 2982 2429 mundo
3010 2372 3079 2438 δ’,
3110 2379 3162 2426 et
3182 2369 3328 2426 omni
3350 2365 3514 2423 verbo
3540 2381 3607 2423 ex

2036 2487 2131 2527 ore
2165 2470 2257 2525 Dei
2284 2470 2583 2539 prodeunte
2608 2468 2655 2501 ³³
2683 2476 2958 2525 saturatus
2980 2475 3081 2530 est,
3106 2463 3258 2533 juxta
3292 2468 3605 2519 consuetam

2037 2563 2331 2633 Scriptura:
2360 2560 2733 2631 tropologiam,
2770 2563 2948 2614 anima
2969 2603 2983 2627 ,
3016 2559 3255 2629 inquam,
3288 2555 3458 2611 sacris
3483 2568 3609 2608 enu-

2038 2657 2160 2710 trita
2192 2653 2513 2723 disciplinis,
2543 2652 2951 2708 convenientem
2980 2650 3173 2706 eduliis
3208 2656 3420 2702 ructum
3452 2644 3607 2700 emit-

2036 2749 2117 2803 tit.
2170 2748 2514 2817 Quapropter
2563 2761 2686 2801 cum
2742 2743 3002 2815 spiritalis
3045 2750 3219 2808 esset,
3263 2739 3606 2810 optimusque

2033 2841 2210 2905 cibus,
2235 2840 2500 2910 Propheta
2526 2839 2747 2894 verbum
2776 2840 2971 2891 bonum
2994 2842 3229 2889 eructat.
3258 2832 3436 2886 Bone:
3460 2832 3602 2886 enim

2031 2934 2185 2986 homo
2216 2947 2280 2986 ea:
2307 2930 2438 2984 bono
2469 2928 2649 2983 cordis
2679 2928 2761 2983 sui
2800 2929 3045 2981 thesauro
3085 2925 3276 2978 bonum
3308 2920 3508 2991 profert
3536 2920 3601 2973 “.

353 3025 549 3096 φήτης.
601 3025 662 3079 '0
703 3026 812 3099 γὰρ
843 3027 1064 3097 ἀγαθὸς
1107 3028 1415 3098 ἅνθρωπος
1442 3031 1511 3084 ἐκ
1551 3031 1657 3085 τοῦ
1706 3031 1930 3101 ἀγαθοῦ

2036 3024 2353 3091 Quaeramus
2382 3023 2565 3091 itaque
2592 3029 2646 3075 et
2671 3034 2773 3075 nos
2808 3035 2837 3071 a
2872 3016 3037 3072 verbo
3067 3016 3270 3079 cibum,
3305 3014 3370 3067 ad
3407 3012 3607 3066 anima-

353 3118 660 3186 θησαυροῦ
689 3120 789 3190 τῆς
820 3120 1047 3192 καρδίας
1080 3122 1242 3175 αὐτοῦ
1272 3124 1551 3194 προφέρει
1577 3125 1644 3179 τὸ
1678 3126 1925 3196 ἀγαθόν.

2036 3136 2149 3175 rum
2195 3127 2502 3174 nostrarum
2546 3116 2884 3172 saturitatem
2920 3112 3128 3183 (Justus
3164 3109 3337 3173 enim,
3381 3105 3598 3175 inquit,

352 3212 683 3281 Ζητήσωμεν
712 3208 804 3265 οὖν
852 3213 945 3265 καὶ
969 3214 1134 3285 ἡμεῖς
1160 3217 1257 3284 τὴν
1286 3217 1393 3270 ἀπὸ
1421 3217 1514 3270 τοῦ
1542 3217 1700 3286 λόγου
1722 3195 1931 3290 τροφὴν

2036 3212 2304 3267 comedens
2348 3209 2523 3279 implet
2570 3208 2801 3263 animam
2845 3221 2994 3260 suam
3021 3203 3114 3273 ³⁸),
3157 3212 3216 3255 ut
3243 3213 3344 3270 pro
3394 3195 3606 3251 ratione

350 3302 428 3363 είς
466 3302 745 3373 πλήρωσιν
768 3304 875 3357 τῶν
904 3303 1090 3374 ψυχῶν
1125 3307 1278 3377 ήμῶν
1308 3310 1562 3378 (Δίκαιος
1596 3310 1926 3381 γὰρ,φησὶν,

347 3390 587 3456 ἐσθίων,
633 3394 969 3464 ἐμπίπλησι
1002 3398 1116 3468 τὴν
1155 3400 1370 3469 ψυχὴν
1412 3403 1642 3471 αὐτοῦ),
1673 3403 1757 3456 ἵνα
1789 3401 1931 3456 κατά

349 3481 447 3551 τὴν
472 3482 761 3551 ἀναλογίαν
794 3478 867 3538 ὧν
900 3488 1231 3558 τρεφόμεθα,
1265 3490 1326 3543 ού
1366 3490 1458 3543 τὸν
1488 3492 1719 3561 τυχόντα
1750 3492 1927 3562 λόγον,

349 3571 485 3626 ἀλλά
516 3572 717 3642 ἀγαθὸν
744 3577 1173 3650 ἀναπέμπωμεν.
1215 3581 1272 3634 ’0
1303 3581 1412 3653 γὰρ
1444 3584 1682 3655 πονηρὸς
1713 3583 1928 3657 ἄνθρω-

349 3680 471 3729 πος,
524 3666 628 3719 ὑπὸ
689 3668 974 3742 μοχθηρῶν
1004 3671 1289 3741 δογμάτων
1327 3675 1679 3747 ἀνατραφεὶς,
1714 3676 1931 3749 ἐξερεύ-

349 3771 503 3823 γεται
535 3760 601 3829 τῇ
637 3760 834 3832 καρδία
879 3760 1034 3833 λόγον
1079 3764 1334 3835 πονηρόν.
1366 3767 1477 3838 Οὐχ
1508 3770 1639 3840 ὁρᾷς
1671 3771 1832 3823 ὁποῖα
1861 3770 1930 3824 τὰ

350 3846 593 3916 στόματα
622 3850 729 3903 τῶν
760 3854 1050 3923 αἱρετικῶν
1074 3856 1474 3929 ἀπερεύγεται;
1499 3861 1573 3923 ὡς
1600 3860 1812 3932 χαλεπά
1836 3863 1931 3917 καὶ

346 3936 579 4010 δυσώδη,
638 3942 836 4015 πολλήν
888 3963 1011 3999 τινα
1054 3948 1154 4018 τὴν
1196 3951 1253 4003 ὲν
1303 3950 1381 4022 τῷ
1429 3950 1583 4021 βάθει
1637 3953 1789 4007 νόσον
1823 3953 1930 4007 τῶν

346 4029 546 4085 ἀθλίων
577 4035 1020 4106 κατηγοροῦντα;
1066 4040 1128 4092 '0
1173 4040 1283 4111 γὰρ
1327 4044 1591 4111 πονηρὸς
1619 4044 1931 4113 ἅνθρωπος

344 4119 415 4173 ἐκ
445 4121 848 4207 τοῦνπονηροῦ
876 4130 1181 4199 θησαιιοοῦ
1212 4134 1310 4203 τῆς
1339 4133 1563 4205 καρδίας
1592 4134 1756 4189 αὐτοῦ
1785 4150 1929 4204 προ-

347 4212 511 4281 φέρει
534 4213 600 4266 τὸ
620 4219 906 4284 πονηρόν.
924 4220 1016 4292 Μὴ
1039 4221 1101 4293 δὴ
1128 4218 1241 4289 οὖν,
1261 4224 1591 4297 κνηθόμενος
1614 4228 1712 4299 τὴν
1737 4230 1928 4302 ἀκοὴν,

350 4304 724 4377 ἐπισωρεύσῃς
743 4309 952 4380 σεαυτῷ
966 4311 1336 4379 διδασκάλους,
1360 4316 1513 4369 νόσον
1534 4317 1930 4387 ἐνεργάσασθαι

348 4398 461 4458 τοῖς
506 4398 833 4470 σπλάγχνοις
882 4419 973 4455 σου
1005 4404 1350 4476 δυναμένους,
1403 4410 1498 4462 καὶ
1543 4411 1795 4485 πονηρῶν
1846 4430 1928 4466 σοι

351 4491 611 4561 ῥηματων
643 4493 842 4565 ἐρυγὴν
877 4496 1206 4567 προξενῆσαι
1237 4498 1371 4567 (64),
1404 4500 1471 4554 δι’
1506 4495 1582 4557 ὧν
1615 4481 1830 4575 μέλλεις
1867 4507 1926 4560 ὲν
1960 4481 2005 4537 D

348 4584 414 4653 τῇ
447 4582 628 4653 ἡμέρᾳ
652 4587 750 4655 τῆς
776 4586 1008 4656 κρίσεως
1030 4590 1508 4655 καταδικάζεσθαι.
1550 4595 1644 4647 Ἐκ
1665 4594 1777 4666 γὰρ
1807 4595 1926 4651 τῶν

348 4674 546 4743 λόγων
578 4691 715 4742 σου,
752 4678 904 4748 φησὶ,
950 4678 1337 4753 δικαιωθήσῃ,
1368 4686 1466 4738 καὶ
1493 4685 1562 4738 ἐκ
1593 4687 1710 4742 τῶν
1731 4690 1929 4759 λόγων

348 4782 466 4820 σου
510 4767 1025 4840 καταδικασθήσῃ.
1071 4772 1232 4843 Λέγω
1264 4774 1377 4845 ἐγὼ
1407 4776 1480 4829 τὰ
1509 4777 1652 4847 ἔργα
1684 4798 1804 4848 μου
1844 4779 1927 4845 τῷ

342 4856 609 4921 βασιλεῖ.
645 4860 793 4912 Πάνυ
824 4863 1089 4933 προσάγει
1119 4866 1266 4936 ἡμᾶς
1314 4869 1379 4937 τῇ
1429 4867 1638 4939 διανοίᾳ
1666 4868 1759 4921 τοῦ
1792 4887 1925 4941 προ-

348 4948 582 5021 φητικοῦ
610 4951 903 5021 προσώπου
930 4956 1024 5008 καὶ
1051 4954 1206 5010 τοῦτο
1231 4958 1292 5011 τὸ
1319 4959 1469 5030 ῥῆμα
1489 4975 1502 4989 ’
1528 4959 1689 5030 Λέγω
1709 4962 1824 5031 ἐγὼ
1856 4962 1927 5017 τὰ

347 5044 490 5112 ἔργα
516 5061 637 5113 μου
684 5043 764 5110 τῷ
796 5046 1075 5110 βασιλεῖ·
1110 5050 1230 5104 ἀντὶ
1276 5051 1393 5118 τοῦ,
1433 5053 1926 5124 Ἐξομολογήσομαι

346 5136 425 5207 τῷ
457 5140 641 5210 κριτῇ,
688 5140 785 5192 καὶ
816 5140 1185 5213 προλαμϐάνω
1214 5144 1307 5197 τὸν
1353 5146 1676 5218 κατήγορον,
1709 5146 1794 5200 διὰ
1828 5147 1930 5218 τῆς

350 5230 608 5302 περὶτῶν
644 5231 787 5287 ίδίων
813 5232 990 5304 ἔργων
1024 5235 1380 5305 ἀπαγγελίας.
1420 5237 1669 5311 Ἐντολὴν
1708 5239 1816 5312 γὰρ
1849 5242 1927 5293 εί-

2030 3320 2216 3361 eorum
2269 3302 2467 3374 quibus
2521 3300 2737 3366 alimur,
2769 3312 2875 3353 non
2931 3296 3195 3366 vulgare,
3248 3291 3344 3348 sed
3405 3291 3604 3345 bonum

2030 3399 2254 3453 verbum
2305 3396 2641 3451 emittamus.
2694 3388 2832 3445 Nam
2872 3388 3049 3444 malus
3091 3386 3289 3450 homo,
3341 3378 3623 3451 dogmatis.

2030 3493 2213 3563 pravis
2241 3491 2534 3552 enutritus,
2567 3503 2634 3544 ex
2666 3488 2830 3543 corde
2862 3496 3088 3554 pravum
3116 3479 3339 3535 verbum
3370 3482 3602 3530 eructat.

2032 3584 2148 3640 Non
2186 3583 2335 3638 vides
2362 3580 2541 3652 qualia
2577 3586 2828 3634 eructent
2856 3590 2948 3629 ora
2988 3568 3403 3627 bmreticorum?
3441 3580 3603 3635 quam

2031 3676 2249 3748 gravia,
2287 3688 2449 3742 quam
2482 3671 2644 3725 fetida
2669 3710 2685 3736 ,
2728 3680 2979 3735 magnum
3024 3659 3309 3732 quemdam
3357 3657 3604 3712 morbum

2034 3747 2086 3823 iu
2130 3768 2321 3822 intimo
2373 3764 2694 3819 miserorum
2749 3759 2965 3814 illorum
2998 3762 3220 3824 pectore
3271 3747 3605 3805 indicantia?

2034 3859 2178 3914 Nam
2208 3857 2380 3911 malus
2417 3858 2570 3909 homo
2599 3868 2664 3908 ea:
2698 3851 2840 3907 malo
2873 3848 3055 3905 cordis
3088 3845 3171 3901 sui
3215 3844 3462 3897 thesauro
3492 3856 3606 3908 pro-

2032 3949 2132 4019 [ert
2156 3948 2352 4001 malum
2380 3945 2448 3999 ³⁸.
2474 3942 2551 3998 Ne
2582 3944 2742 4013 igitur
2767 3940 3019 4010 pruriens
3042 3936 3285 4000 auribus,
3314 3943 3605 3988 coacerves

2034 4039 2131 4093 tibi
2182 4037 2471 4108 magistros
2501 4034 2578 4102 ⁸⁷,
2604 4034 2696 4103 qui
2740 4030 3042 4087 visceribus
3083 4028 3189 4083 tuis
3228 4025 3478 4081 morbum
3518 4023 3603 4076 in-

2032 4130 2176 4187 ferre
2205 4130 2456 4196 valeant,
2486 4127 2691 4195 tibique
2734 4137 3026 4195 pravorum
3069 4119 3355 4176 verborum
3392 4125 3604 4171 ructnm

2033 4236 2240 4287 creare,
2283 4222 2351 4274 ob
2382 4234 2501 4290 qua;
2526 4218 2578 4273 in
2604 4218 2694 4273 die
2717 4215 2905 4285 judicii
2936 4210 3441 4270 condemnationem
3488 4207 3606 4261 sub-

2033 4316 2209 4370 iturus
2227 4315 2323 4368 sis.
2352 4311 2435 4365 Ea:
2457 4310 2628 4364 verbis
2652 4311 2790 4364 enim
2810 4310 2936 4373 tuis,
2966 4307 3163 4373 inquit,
3185 4300 3564 4374 justiﬁeaberis
3588 4337 3602 4362 ,

2033 4419 2078 4462 et
2113 4424 2177 4462 ex
2194 4406 2358 4461 verbis
2385 4406 2487 4457 tuis
2510 4402 2937 4457 condemnaberis
2964 4400 3028 4454 ³⁸.
3049 4400 3180 4453 Dico
3200 4413 3292 4468 ego
3314 4410 3467 4465 opera
3488 4408 3601 4445 mea

2032 4501 2160 4571 regi.
2190 4499 2421 4552 Maxime
2461 4496 2679 4550 adducit
2705 4509 2839 4559 nos,
2882 4502 2940 4547 ut
2987 4491 3267 4561 Prophetas
3310 4497 3598 4557 personam

2034 4593 2417 4665 intelligamus,
2456 4596 2510 4644 et
2539 4588 2642 4642 hoc
2677 4587 2898 4641 verbum
2932 4602 2945 4637 :
2992 4584 3125 4637 Dico
3160 4598 3254 4652 ego
3293 4594 3450 4648 opera
3489 4591 3602 4627 mea

2036 4685 2187 4754 regi:
2236 4685 2337 4736 hoc
2381 4686 2503 4745 est,
2537 4674 2847 4732 Conﬁtebor
2891 4672 3097 4743 iudici,
3152 4679 3208 4725 et
3237 4673 3605 4724 accusatorem

2033 4784 2408 4835 antevertam,
2445 4785 2543 4842 per
2592 4783 2813 4839 Operam
2860 4764 3201 4838 propriorum
3256 4760 3602 4817 delatio-sem.

2034 4867 2139 4939 Ipsi
2182 4867 2324 4922 enim
2372 4864 2685 4919 mandatum
2720 4861 3060 4932 accepimus,
3101 4855 3243 4927 quod
3285 4853 3363 4910 sic
3392 4852 3555 4906 habet
3590 4865 3602 4898 :

2034 4962 2132 5016 Dic
2175 4970 2230 5013 tu
2279 4959 2482 5028 primus
2526 4956 2830 5028 iniquitates
2869 4963 3022 5017 tuas,
3077 4958 3137 5005 ut
3178 4944 3491 5019 justiﬁceris
3538 4941 3604 4994 ³ο.

2035 5057 2239 5125 Lingua
2292 5070 2408 5108 mea
2472 5052 2707 5106 calamus
2770 5049 2955 5104 scribae
3012 5045 3258 5101 velociter
3312 5037 3604 5096 scribentis.

2035 5147 2499 5218 Quemadmodum
2534 5147 2775 5201 calamus
2806 5144 3225 5198 instrumentum
3269 5146 3351 5192 est
3380 5135 3611 5202 scripto-

2036 5241 2206 5304 rium,
2242 5253 2402 5309 quem
2437 5237 2598 5309 periti
2634 5234 2912 5305 cujusdam
2959 5248 3152 5289 manus
3198 5237 3379 5287 movet
3407 5228 3473 5283 ad
3502 5228 3611 5283 for-

420 5435 467 5513 ’_‘_
491 5433 643 5513 Joan.
679 5436 854 5513 xv,_§.
890 5406 980 5513 .’_'_
1008 5436 1161 5513 ipsa.
1189 5454 1265 5503 v1,
1297 5439 1385 5513 55.
1463 5440 1508 5513 ’7’
1540 5441 1692 5513 Deut.
1721 5456 1840 5508 vm,
1876 5443 1934 5513 ὂς

2036 5443 2162 5499 atth.
2207 5458 2279 5507 ιν,
2324 5444 2377 5498 4.
2454 5444 2502 5475 ³⁸
2540 5442 2726 5501 Matth.
2762 5457 2879 5509 xu,
2924 5440 3013 5498 35.
3092 5440 3135 5475 ⁸⁸
3162 5440 3321 5499 Prov.
3361 5454 3483 5506 xm,
3516 5436 3607 5493 25.

351 5506 395 5539 ³³
424 5507 615 5560 Matth.
647 5524 746 5573 xu,
770 5508 862 5564 55.
937 5508 981 5541 ³⁷
1004 5508 1210 5564 “Tim.
1236 5525 1319 5577 ιν,
1344 5512 1396 5566 5.
1475 5512 1520 5543 ³⁸
1560 5511 1751 5568 Matth.
1796 5506 1869 5568 xit
1896 5506 1931 5580 ,7

2036 5558 2037 5565 η
2115 5515 2158 5547 ⁸³
2190 5506 2292 5569 lsa.
2323 5530 2453 5569 xun
2474 5555 2489 5581 ,
2520 5513 2610 5567 26.

567 5681 699 5765 ρος.
726 5685 991 5765 secundus
1017 5687 1360 5765 σπλάγχνων,
1382 5692 1538 5765 φησι,
1552 5693 1928 5765 προσήγαγεν.

425 5756 536 5824 (6.))
567 5753 658 5806 Sic
682 5756 915 5824 quinque
938 5773 1069 5813 mss.
1102 5753 1257 5816 Deéét
1285 5761 1366 5814 ὅτι
1393 5753 1457 5817 'ni
1478 5753 1669 5817 cditi's-

2112 5693 2224 5767 (ϐξ)
2387 5691 2535 5767 Regii
2564 5692 2915 5767 secundusgt
2942 5694 3132 5751 tertius
3162 5709 3283 5750 cum
3316 5693 3467 5750 Colb.
3498 5697 3610 5767 pri-

2038 5781 2145 5818 mo.
2184 5763 2358 5818 Etlitio
2396 5764 2568 5817 Paris.
2609 5763 2990 5836 προξενοῦσαι.
