4048 6220
395 283 504 341 595

1703 280 1760 334 S.
1802 277 2054 335 BASILII
2089 276 2304 335 MAGNI

3539 276 3656 339 '59“

397 398 627 456 mundos
652 382 983 467 eorum'quaa
1004 398 1292 455 scribenda
1325 405 1451 453 sunt
1476 398 1854 464 characteres,
1892 397 1963 451 ita

2087 399 2317 470 ιήφαμεν
2357 395 2457 468 τὴν
2502 395 2768 465 λέγουσαν
2792 411 2807 427 ’
2839 394 2989 468 Λέγε
3011 399 3094 452 σὺ
3129 396 3359 466 πρῶτος
3397 400 3657 470 ἀνομίας

397 503 454 546 et
476 489 606 559 justi
630 488 829 559 lingua,
864 486 1068 558 Spiritu
1099 496 1286 545 sancto
1311 502 1430 542 eam
1465 494 1734 553 movente,
1761 485 1815 539 in
1855 500 1967 540 cre-

401 581 647 637 dentium
680 566 955 635 cordibus
1008 579 1172 635 verba
1228 579 1355 634 vitae
1409 588 1624 636 aeternae
1682 577 1963 643 inscribit;

398 688 507 728 non
556 680 862 727 atramento
927 670 1127 738 tincta,
1182 671 1280 725 sed
1328 669 1532 740 Spiritu
1594 668 1688 724 Dei
1741 668 1847 723 vivi
1896 667 1965 721 ⁸ο.

402 762 593 819 Scriba
616 764 782 834 igitur
799 772 882 819 est
912 761 1149 831 Spiritus
1185 770 1434 826 sanctus,
1473 761 1727 831 quoniam
1753 760 1969 828 sapiens

401 862 506 919 est,
558 861 614 909 et
663 867 852 908 omnes
905 853 1140 919 docens;
1192 851 1451 907 velociter
1504 865 1633 905 vero
1689 851 1965 916 scribens,

402 945 533 1014 quia
583 944 741 1000 velox
787 953 872 1000 est
932 943 1130 999 mentis
1185 954 1385 1005 motus,
1443 943 1811 1012 Cogitationes
1874 956 1971 994 au-

405 1051 516 1096 tem
584 1041 743 1098 nobis
820 1038 1070 1095 inscribit
1147 1038 1420 1107 Spiritus,
1474 1039 1593 1092 Non
1657 1038 1715 1091 in
1775 1035 1968 1090 tabulis

406 1131 654 1201 lapideis,
680 1130 769 1185 sed
785 1131 840 1185 in
861 1130 1053 1185 tabulis
1085 1129 1258 1183 cordis
1280 1127 1580 1185 carnalibus
1608 1127 1675 1181 ¹⁶¹.
1700 1125 1962 1182 Cancrum

404 1240 505 1294 pro
545 1225 752 1278 ratione
792 1223 1097 1278 latitudinis
1140 1221 1356 1284 cordis,
1401 1219 1557 1290 plura
1587 1218 1667 1273 vel
1717 1218 1968 1286 pauciora

408 1315 646 1385 Spiritus
684 1314 937 1369 cordibus
963 1312 1247 1368 inscribit:
1276 1325 1394 1380 quze
1424 1318 1512 1364 aut
1535 1307 1819 1364 manifesta
1844 1317 1971 1362 sunt

406 1405 682 1471 omnibus,
715 1412 805 1458 aut
832 1403 1169 1466 obscuriora,
1206 1402 1502 1458 secundum
1538 1401 1790 1470 puritatis
1831 1415 1970 1469 pra:-

410 1495 766 1565 parationem.
816 1494 897 1551 Ob
944 1494 1267 1564 scriptorum
1319 1507 1446 1549 vero
1479 1493 1809 1549 celeritatem
1859 1492 1970 1560 jam

412 1594 573 1642 totus.
601 1592 866 1641 terrarum
910 1586 1058 1642 orbis
1099 1585 1391 1657 Evangelia
1418 1584 1651 1655 repletus
1685 1592 1789 1640 est.
1840 1583 1972 1651 Quae

2070 507 2209 554 σου,
2232 491 2333 543 ἵνα
2355 487 2675 557 δικαιωθῇς
2695 487 2831 561 (65).
2869 489 2936 543 Ἡ
2962 487 3217 559 γλῶσσά
3232 508 3354 559 μου
3381 491 3659 562 arduam;-

2070 577 2449 648 ποαμμωτέως
2500 562 2865 647 ὀξυτράερου.
2923 578 3137 649 Ὥσπερ
3161 578 3273 649 (66)
3320 581 3349 633 6
3402 580 3655 651 κάλαμος

2070 667 2299 737 όργανόν
2330 668 2446 720 ἔστι
2493 667 2782 739 γραφικὸν,
2819 669 2916 738 τῆς
2946 666 3125 737 χειρὸς
3162 667 3254 721 τοῦ
3289 669 3658 740 ἐπιστήμονος

2073 757 2328 829 κινούσης
2351 756 2513 810 αὐτὸν
2541 758 2621 820 είς
2650 755 2748 828 τὴν
2773 757 2900 828 περὶ
2923 757 3031 810 τῶν
3058 756 3416 828 γραφομένων
3441 758 3658 829 ἀποση-

2075 850 2301 920 μείωσιν
2324 867 2338 880 ’
2369 850 2512 903 οὕτω
2537 849 2631 903 καὶ
2672 850 2706 919 η
2739 849 2832 901 τοῦ
2862 847 3070 902 δικαίου
3103 849 3343 917 γλῶσσα,
3376 850 3657 913 κινοῦντος

2072 942 2241 1013 αὐτὴν
2266 941 2362 994 τοῦ
2390 942 2544 1011 ἁγίου
2570 940 2710 996 Πνεύ
2719 958 2905 1012 ματος,
2935 940 3200 1009 ἐγγράφει
3218 940 3288 993 τὰ
3311 942 3531 1012 ῥήματα
3549 940 3658 1011 τῆς

2072 1034 2293 1088 αἰωνίου
2316 1033 2460 1104 ζωῆς
2481 1035 2602 1100 ταῖς
2628 1033 2875 1104 καρδίαις
2895 1033 3002 1086 τῶν
3027 1032 3388 1086 πιστευόντων
3410 1049 3424 1062 ·
3449 1031 3658 1102 βαπτο-

2075 1125 2211 1196 μένη
2248 1125 2310 1177 ού
2346 1125 2555 1195 μέλανι,
2581 1117 2716 1178 ἀλλὰ
2743 1123 3018 1195 Πνεύματι
3046 1122 3183 1176 Θεοῦ
3219 1122 3439 1188 ζῶντος.
3459 1124 3655 1196 Γραμ-

2078 1216 2278 1289 ματεὺς
2321 1212 2413 1269 οὖν
2456 1216 2516 1270 τὸ
2556 1216 2711 1285 ἀγιον
2742 1215 2985 1286 Πνεῦμα,
3024 1214 3157 1269 διότι
3208 1215 3369 1284 σοφόν
3398 1217 3513 1268 ἐστι
3554 1217 3657 1271 καὶ

2073 1303 2379 1357 διδακτικὸν
2423 1304 2677 1359 ἁπάντων
2700 1318 2714 1331 ’
2754 1302 3058 1373 ὀξυγρὰφον
3102 1302 3181 1370 δὲ,
3218 1302 3352 1357 διότι
3379 1303 3525 1370 ὀξεῖα
3551 1305 3657 1373 τῆς

2071 1395 2310 1459 διανοίας
2342 1397 2376 1466 ὴ
2420 1394 2653 1467 κίνησις.
2686 1394 2954 1464 Νοήματα
2983 1393 3041 1447 δὲ
3089 1395 3219 1464 ἡμῖν
3272 1395 3542 1465 ἐγγράφει
3588 1396 3657 1448 τὸ

2075 1486 2324 1558 Πνεῦμα,
2373 1488 2495 1540 Οὐκ
2528 1486 2598 1539 ἐν
2646 1485 2832 1548 πλαξὶ
2878 1484 3155 1550 λιθίναις,
3202 1484 3339 1538 ἀλλ’
3366 1485 3437 1539 ἐν
3464 1486 3657 1553 πλαξὶ

2074 1578 2324 1648 καρδίας
2345 1578 2681 1647 σαρκίναις.
2706 1577 2862 1631 Κατὰ
2883 1576 2943 1629 δὲ
2963 1576 3064 1648 τὴν
3085 1575 3374 1645 ἀναλογίαν
3398 1578 3495 1630 τοῦ
3519 1576 3659 1632 πλά-

411 1687 595 1733 autem
649 1686 969 1748 sequuntur,
1018 1692 1083 1734 ea
1135 1676 1293 1733 nobis
1321 1676 1495 1732 visum
1544 1684 1627 1730 est
1672 1688 1886 1729 sumere
1942 1687 1974 1729 e

2087 1690 2203 1736 τους
2225 1672 2327 1743 τῆς
2354 1670 2602 1743 καρδίας,
2633 1668 2851 1724 πλείονα
2893 1669 2926 1741 ἢ
2956 1669 3213 1726 ἐλάττονα
3243 1671 3506 1740 ἐγγράφει
3532 1673 3658 1733 ταῖς

409 1768 626 1838 proprio
658 1769 957 1839 principio,
1002 1784 1104 1825 nec
1137 1768 1293 1840 162
1321 1767 1689 1835 superioribus
1740 1780 1974 1821 connec-

2087 1741 2331 1836 καρδίαις
2357 1741 2696 1834 τδ-Πνεῦμα,
2717 1762 2752 1832 ἦ
2778 1763 2988 1831 ἐκφανῆ
3018 1765 3203 1828 πᾶσιν,
3226 1763 3260 1835 ἢ
3288 1763 3656 1835 ἀμυδρότερα,

407 1867 542 1925 tere,
560 1858 655 1916 sed
670 1861 1018 1930 sequentibus
1036 1859 1342 1929 adiungere.
1361 1859 1492 1914 illud
1510 1859 1674 1926 enim,
1696 1857 1973 1927 Speciosus

406 1948 617 2016 forma,
673 1950 743 2005 ad
811 1950 1094 2007 Dominum
1146 1949 1340 2005 referri
1390 1950 1668 2014 ducimus,
1743 1962 1970 2019 persona

408 2048 759 2096 commutata.

2081 1856 2220 1909 κατά
2251 1855 2350 1927 τὴν
2393 1853 2855 1928 προπαρασκευὴν
2893 1855 2993 1926 τῆς
3023 1854 3411 1926 καθαρότητος.
3459 1855 3562 1909 Διά
3601 1854 3663 1909 δὲ

2076 1945 2136 1998 τὸ
2185 1947 2350 2016 τάχος
2392 1945 2500 1999 τῶν
2546 1944 2906 2018 γραφομένων
2954 1945 3171 2017 πλήρης
3220 1948 3369 2000 πᾶσα
3402 1945 3591 1999 λοιπὸν
3623 1947 3659 2016 ἡ

2075 2038 2367 2109 οἰκουμένη
2407 2036 2502 2091 τοῦ
2545 2035 2879 2107 Εὑαγγελίου
2903 2037 3216 2108 γεγένηται.
3250 2038 3323 2090 Τὸ
3360 2037 3418 2090 δὲ
3458 2038 3662 2109 ἑφεξῆς

406 2126 503 2182 τοῦ
535 2130 699 2201 ρητοῦ
745 2132 852 2194 ἀπὸ
893 2131 1028 2194 ἰδίας
1071 2132 1244 2203 ἀρχῆς
1275 2131 1452 2196 ἔδοξεν
1486 2135 1618 2203 ἡμῖν
1659 2131 1976 2203 λαμϐάνειν,
2016 2133 2109 2186 καὶ
2167 2132 2242 2205 μὴ
2301 2133 2588 2188 συνάπτειν
2610 2135 2720 2196 τοῖς
2744 2131 3124 2205 προλαϐοῦσιν,
3152 2132 3287 2188 ἀλλὰ
3310 2131 3661 2204 προστιθέναι

407 2217 487 2288 τῷ
513 2218 711 2290 ἑφεξῆς
763 2218 897 2292 (67).
961 2220 1036 2274 Τὸ
1076 2220 1205 2294 γὰρ,
1246 2221 1469 2290 Ὡραῐος
1506 2222 1739 2290 κάλλει,
1776 2224 1913 2295 πρὸς
1952 2221 2043 2276 τὸν
2080 2222 2284 2294 Κύριον
2332 2222 2614 2295 ἡγούμεθα
2652 2222 2928 2292 λέγεσθαι,
2968 2222 3110 2276 κατὰ
3160 2223 3261 2295 τὴν
3309 2221 3661 2294 ἀποστροφὴν

409 2307 503 2360 τοῦ
536 2307 849 2379 προσώπου.

478 2397 536 2452 4.
577 2396 852 2467 Speciasus
875 2399 1047 2469 {arma
1066 2416 1177 2470 prce
1199 2400 1325 2470 ﬁliis
1352 2401 1641 2457 hominum.
1663 2403 1876 2474 Di/fusa
1899 2414 1977 2460 est

411 2488 587 2563 gratia
613 2491 668 2550 in
710 2489 862 2545 labiis
894 2492 1018 2554 luis.
1063 2492 1331 2547 lnducunt
1372 2502 1550 2548 autem
1592 2510 1692 2550 nos
1737 2496 1787 2550 in
1836 2496 1978 2553 hanc

412 2580 737 2639 sententiam
787 2591 837 2636 et
875 2583 1069 2654 Aquila
1113 2592 1169 2640 et
1206 2582 1602 2655 Symmachus;
1642 2586 1734 2642 ille
1761 2587 1976 2656 quidem

413 2686 535 2725 cum
583 2671 756 2731 dixit:
807 2673 1212 2731 Pulrhriludine
1254 2686 1542 2737 exornatus
1588 2694 1643 2733 es
1688 2694 1799 2747 prce
1851 2678 1979 2747 ﬁliis

414 2762 722 2829 hominum;
757 2763 1118 2837 Symmachus
1154 2783 1297 2834 vero,
1334 2766 1739 2826 Pulchriludine
1765 2769 1981 2838 pulcher

416 2871 474 2910 es
491 2870 600 2922 pra:
630 2855 757 2925 ﬁliis
797 2854 1089 2922 hominum.
1126 2857 1431 2927 Speciosam
1474 2860 1637 2930 igitur
1675 2860 1845 2930 [arma
1872 2861 1974 2915 Do-

2151 2401 2206 2456 4.
2248 2398 2475 2468 Ὠραῒος
2499 2398 2712 2454 κάλλει
2743 2400 2903 2470 παρὰ
2930 2398 3072 2466 τοὺς
3098 2397 3269 2464 υἱοὺς
3290 2396 3409 2452 τῶν
3432 2396 3660 2466 ἀνθρώ-

2083 2509 2231 2559 πων.
2284 2492 2576 2563 Ἐξεχύθη
2621 2494 2661 2562 ἡ
2713 2494 2882 2563 χάρις
2924 2494 2993 2547 ἐν
3039 2493 3274 2561 χείλεσι
3312 2507 3448 2547 σου.
3489 2493 3663 2561 Προσο

2083 2588 2272 2656 άγεται
2298 2585 2356 2639 δὲ
2385 2586 2534 2657 ἡμᾶς
2567 2587 2635 2657 τῇ
2660 2585 2864 2657 διανοίᾳ
2892 2584 3061 2657 ταύτῃ
3091 2587 3118 2640 ὅ
3144 2602 3206 2639 τε
3252 2584 3481 2648 ’Δκύλας
3507 2586 3605 2638 καὶ
3632 2587 3663 2638 6

2084 2676 2397 2747 Σύμμαχος·
2444 2675 2474 2727 6
2520 2674 2618 2745 μὲν
2671 2674 2871 2728 εἰπών·
2925 2675 3150 2731 Κάλλει
3197 2675 3664 2742 ἐκαλλωπίσθης

2085 2767 2245 2836 παρὰ
2268 2767 2410 2834 τοὺς
2437 2767 2606 2832 υἱοὺς
2637 2766 2757 2820 τῶν
2791 2765 3117 2836 ἀνθρώπων
3135 2786 3147 2800 ·
3177 2769 3205 2821 6
3241 2761 3300 2821 δὲ
3327 2767 3659 2838 Σύμμαχος·

2084 2858 2309 2913 Κάλλει
2336 2857 2524 2925 καλὸς
2550 2854 2611 2912 εἷ
2633 2857 2793 2927 παρὰ
2830 2858 2971 2926 τοὺς
2989 2859 3160 2926 υἱοὺς
3180 2858 3298 2913 τῶν
3314 2858 3660 2928 ἀνθρώπων.

418 2944 624 3005 minum
654 2944 921 3016 appellat,
955 2961 1077 3001 cum
1118 2948 1290 3003 aciem
1325 2949 1524 3003 mentis
1562 2949 1883 3005 intendisset
1925 2950 1979 3005 in

2095 2947 2330 3017 Ὠραῒον
2357 2945 2452 3002 οὖν
2488 2946 2701 3003 κάλλει
2734 2949 3124 3021 προσαγορεύει
3167 2950 3259 3003 τὸν
3290 2948 3491 3020 Κύριον
3517 2948 3546 3000 6
3573 2951 3667 3003 ὲν-

417 3034 533 3101 ejus
572 3036 928 3092 divinitatem.
974 3036 1091 3093 Non
1124 3039 1267 3094 enim
1318 3039 1498 3101 carnis
1527 3040 1979 3109 pulchritudinem

422 3127 619 3182 laudat.
661 3126 900 3189 Vidimus
925 3131 1064 3185 enim
1093 3146 1235 3194 eum,
1267 3140 1315 3185 et
1353 3147 1456 3184 non
1481 3132 1699 3185 habebat
1725 3132 1944 3203 speciem
1966 3173 1982 3200 ,

423 3233 585 3287 neque
608 3220 845 3279 decorem
861 3236 881 3276 :
907 3222 998 3275 sed
1019 3220 1213 3288 species
1239 3221 1350 3290 ejus
1375 3221 1713 3290 inhonorata,
1737 3224 1984 3293 deﬁciens

423 3324 532 3376 prie
557 3308 685 3386 ﬁliis
714 3311 982 3365 honiinum
1018 3310 1083 3367 δ’.
1126 3311 1359 3376 Proinde
1393 3314 1569 3383 palam
1602 3322 1720 3380 est,
1750 3313 1986 3383 Prophe-

425 3408 559 3462 tam,
615 3400 704 3455 ubi
763 3400 1064 3456 claritatem
1142 3401 1258 3470 ejus
1322 3405 1679 3479 inspexisset,
1734 3417 1988 3477 essetque

426 3487 714 3557 splendore
742 3489 891 3545 illinc
930 3491 1311 3561 proﬁciscente
1352 3494 1609 3565 repletus,
1644 3504 1697 3550 et
1734 3511 1846 3566 prae
1869 3497 1989 3566 pul-

425 3578 732 3635 chritudine
761 3580 850 3635 illa
901 3582 1083 3638 animo
1123 3584 1426 3652 perculsus,
1458 3586 1526 3639 ad
1558 3587 1796 3642 divinum
1829 3589 1989 3658 spiri-

425 3669 587 3732 tualis
623 3671 1045 3741 pulchritudinis
1076 3690 1315 3737 amorem
1347 3687 1650 3752 permotum
1690 3694 1810 3735 esse
1838 3696 1855 3734 :
1884 3696 1989 3750 qua

425 3761 616 3818 animat
648 3762 898 3827 humana:
926 3764 1235 3836 aiiulgente,
1265 3769 1446 3823 omnia
1478 3785 1811 3841 quaecunque
1839 3772 1990 3841 prius

425 3855 803 3929 diligebantur,
860 3861 1036 3929 turpia
1065 3863 1214 3917 ‘esse
1267 3863 1518 3921 videntur
1570 3874 1733 3933 atque
1783 3866 1989 3920 abomi-

427 3946 625 4001 nanda.
684 3947 1024 4025 Quapropter
1065 3952 1229 4008 etiam
1272 3953 1501 4020 Paulus,
1535 3955 1696 4010 simul
1753 3965 1811 4010 ut
1857 3957 1992 4011 vidit

426 4034 731 4111 speciosum
765 4038 911 4101 illum
956 4039 1151 4105 forma,
1183 4043 1363 4096 omnia
1404 4044 1559 4098 duxit
1602 4061 1701 4114 pro
1729 4049 1989 4102 stercori-

427 4125 526 4183 bus
545 4164 561 4192 ,
588 4136 649 4182 ut
676 4126 951 4189 Christum
978 4130 1322 4192 lucrifaceret
1337 4134 1403 4188 “.
1429 4134 1532 4200 Qui
1564 4137 1782 4205 quidem
1814 4148 1993 4196 exter-

425 4219 483 4279 ni,
544 4226 672 4274 sunt
718 4228 775 4277 et
822 4219 983 4275 alieni
1024 4237 1055 4277 a
1105 4224 1272 4279 verbo
1314 4224 1588 4295 veritatis,
1647 4227 1991 4297 simplicitate

2083 3041 2336 3104 ἀτενίσας
2367 3039 2537 3094 αὑτοῦ
2565 3042 2631 3112 τῇ
2677 3041 2909 3112 θεότητι.
2944 3043 3019 3095 Οὐ
3051 3041 3161 3113 γὰρ
3206 3041 3268 3094 τὸ
3313 3041 3413 3111 τῆς
3459 3040 3666 3112 σαρκὸς

2084 3134 2312 3205 ᾀνυμνεῖ
2338 3132 2553 3196 κάλλος.
2580 3132 2834 3203 Είδομεν
2860 3132 2969 3203 γὰρ
2994 3134 3199 3199 αὑτὸν,
3235 3134 3334 3187 καὶ
3365 3135 3477 3188 οὐκ
3498 3129 3667 3202 εἶχεν

2084 3225 2263 3291 εἶδος,
2289 3224 2432 3279 οὐδὲ
2456 3224 2707 3291 κάλλος,
2741 3224 2899 3281 ἀλλὰ
2931 3225 2995 3279 τὸ
3029 3221 3189 3291 εἶδος
3219 3224 3403 3279 αὐτοῦ
3428 3223 3663 3293 ἄτιμον,

2084 3315 2367 3371 ἐκλεῖπον
2407 3316 2567 3384 παρὰ
2605 3316 2747 3382 τοὺς
2767 3316 2935 3383 υἱοὺς
2974 3316 3093 3370 τῶν
3119 3315 3463 3384 ἀνθρώπων.
3493 3314 3667 3386 Δῆλον

2086 3403 2199 3473 οὖν,
2225 3408 2308 3461 ὅτι
2333 3406 2520 3463 ἐνιδὼν
2545 3406 2711 3461 αὐτοῦ
2743 3411 2808 3478 τῇ
2829 3407 3170 3480 λαμπρότητι
3194 3407 3287 3470 καὶ
3319 3407 3427 3460 τῶν
3454 3406 3666 3461 ἐκεῖθεν

2090 3496 2469 3569 μαρμαρυγῶν
2501 3496 2866 3568 ἀναπλησθεὶς
2899 3495 3012 3569 (68)
3039 3498 3068 3550 ὁ
3089 3497 3400 3569 Προφήτης,
3434 3497 3665 3568 πληγεὶς

2087 3587 2187 3659 τὴν
2211 3587 2389 3663 ψυχὴν
2421 3588 2598 3659 τούτῳ
2625 3587 2702 3660 τῷ
2740 3587 2947 3653 κάλλει,
2977 3589 3114 3660 πρὸς
3156 3587 3247 3641 τὸν
3275 3587 3456 3644 ἔνθεον
3488 3588 3668 3658 ἔρωτα

2088 3677 2187 3748 τῆς
2227 3678 2421 3749 νοητῆς
2448 3677 2779 3750 ὼραιότητος
2823 3676 3049 3748 ἐκινήθη
3067 3694 3081 3708 ⁸
3108 3673 3177 3750 ἦς
3204 3677 3561 3746 ἐπιφανείσης
3595 3680 3664 3748 τῇ

2088 3769 2408 3846 ἀνθρωπίνῃ
2450 3768 2617 3839 ψυχῇ,
2670 3768 2847 3824 πάντα
2894 3767 3095 3840 αίσχρά
3138 3768 3236 3822 καὶ
3280 3766 3563 3840 ἀπόόλητα
3597 3768 3672 3822 τὰ

2088 3862 2225 3926 τέως
2246 3861 2588 3934 ἀγαπώμενα
2614 3864 3022 3933 καταφαίνεται.
3041 3861 3140 3916 Διὰ
3159 3862 3317 3917 τοῦτο
3344 3865 3440 3916 καὶ
3464 3866 3494 3918 6
3514 3861 3667 3917 Παῦο

2089 3954 2200 4019 λος,
2227 3956 2316 4009 ὅτε
2346 3952 2453 4008 εἶδε
2480 3955 2570 4008 τὸν
2595 3955 2795 4025 ὡραῖον
2827 3955 3015 4009 κάλλει
3044 3953 3177 4023 (69),
3207 3954 3386 4008 πάντα
3417 3954 3671 4026 ἡγήσατο

2094 4046 2358 4111 σκύϐαλα,
2399 4047 2486 4100 ἵνα
2515 4047 2749 4118 Χριστὸν
2789 4046 3046 4117 κερδήσῃ.
3078 4048 3141 4100 Οί
3177 4047 3275 4118 μὲν
3303 4046 3408 4111 ἔξω
3445 4045 3542 4099 τοῦ
3575 4045 3670 4098 λό-

2092 4154 2189 4205 γου
2233 4138 2330 4209 τῆς
2364 4137 2622 4208 ἀληθείας
2670 4137 2879 4208 μωρίαν
2918 4137 3239 4207 ὀνομάζουσι
3272 4135 3366 4190 τοῦ
3420 4137 3669 4205 Εὐαγγε-

2093 4229 2206 4282 λίου
2246 4229 2307 4282 τὸ
2362 4230 2645 4300 κήρυγμα,
2690 4229 2791 4300 τὴν
2840 4229 3110 4283 εὐτέλειαν
3148 4228 3248 4299 τῆς
3276 4229 3529 4299 φράσεως
3560 4227 3672 4282 τῶν

424 4311 677 4373 dictionis
710 4312 1110 4383 Scripturarum
1141 4324 1467 4388 contempta,
1490 4316 1763 4390 Evangelii
1798 4322 1985 4398 praedi-

2096 4320 2331 4392 Γραφῶν
2369 4320 2803 4387 ὲξουθενοῦντεςο
2842 4321 3002 4391 ἡμεῖς
3032 4319 3089 4374 δὲ
3132 4321 3183 4375 οἱ
3232 4319 3570 4391 καυχώμενοι
3611 4320 3670 4371 ὲν

497 4489 542 4524 ³ο
581 4490 635 4546 li
666 4491 792 4548 Cor.
828 4506 926 4559 ιιι,
952 4492 1007 4546 5.
1083 4492 1127 4523 “
1180 4491 1313 4560 ibid.
1382 4492 1427 4525 δ’
1461 4493 1561 4549 lsa.
1602 4510 1729 4562 LIII,
1757 4495 1825 4560 ἓ,
1860 4496 1914 4550 5.

2087 4497 2286 4570 ’hilipp.
2323 4513 2404 4565 ιιι,
2436 4498 2492 4552 8.

496 4647 983 4724 (65)Hieronymns
1003 4654 1056 4709 in
1071 4661 1232 4722 caput
1252 4669 1382 4724 mu
1400 4652 1548 4707 lsaiaa
1563 4663 1746 4724 monet
1766 4653 1854 4708 Illa
1873 4671 1889 4710 :
1908 4653 2004 4706 Δέ-

422 4738 488 4790 γι
510 4722 581 4795 σὺν
602 4723 815 4795 πρῶτος
828 4722 1073 4795 ’ἀνομίας
1093 4740 1208 4795 σου,
1250 4725 1337 4795 ἴνα
1360 4723 1675 4795 δικαιωθῇς,
1695 4724 1794 4777 Dic
1812 4735 1868 4777 lu
1895 4726 2004 4791 pri-

424 4809 542 4862 mus
563 4794 867 4862 iniquitates
895 4794 1034 4857 luas,
1061 4804 1117 4847 ul
1141 4794 1473 4862 justiﬁceris,
1508 4794 1650 4849 inter
1669 4795 2005 4856 additamen-

424 4871 480 4915 ta
508 4860 1035 4933 LXXluterpretum
1064 4860 1314 4933 ponenda
1347 4876 1489 4933 esse.

497 4931 610 5004 (66)
642 4931 791 5004 golb.
829 4931 1034 5001 primus
1065 4931 1285 5004 “nemp
1310 4931 1439 5004 γάρ.

499 5002 613 5071 (67)
639 5002 733 5074 Sic
768 5004 925 5074 Coll».
988 5004 1210 5070 quintus
1246 5002 1395 5074 cum
1431 5002 1563 5074 Reg.
1619 5012 1780 5074 sexto
1832 5002 2008 5074 prima

428 5088 609 5126 manu.
637 5071 815 5149 liditio
844 5072 1018 5135 Paris.
1071 5072 1423 5149 προστιθέναι
1445 5073 1554 5149 τῷν
1586 5071 1846 5149 έφεξῆςες
1866 5074 2006 5128 haud

427 5150 610 5213 recteL
642 5142 794 5197 Colb.
846 5155 1032 5199 sextus
1077 5142 1430 5213 προστιθέναι
1463 5143 1572 5195 τῶν
1601 5146 1690 5210 ἐφ.
1739 5142 1839 5197 Alii
1873 5157 2002 5197 mss.

426 5230 547 5266 cum
580 5211 723 5284 Reg.
750 5223 925 5284 sexto,
952 5211 1187 5284 secunda
1222 5230 1381 5266 manu
1426 5214 1777 5284 προστιθέναι
1812 5213 1873 5266 τὺ
1905 5214 2005 5281 ὲφ-

425 5284 574 5354 εξῆς.
597 5281 835 5354 Ιξειιίίιιιο
864 5282 1029 5337 editio
1056 5283 1216 5337 Basil.
1237 5281 1541 5336 συντιθέναι
1566 5281 1641 5353 τῷ
1663 5283 1881 5353 ἑφεξῆς,
1902 5298 2007 5354 non

426 5350 585 5407 male.
615 5350 733 5406 Mox
758 5350 1083 5421 interpretis
1107 5354 1313 5422 Aquilae
1338 5354 1501 5406 verba
1537 5350 1673 5405 etin
1710 5350 1844 5406 mss;
1874 5362 1935 5422 et
1950 5352 2006 5422 in

429 5436 663 5491 utraque
691 5420 934 5477 editione
961 5424 1126 5478 Basil.
1157 5420 1212 5477 et
1240 5423 1418 5479 Paris.
1458 5427 1529 5475 ita
1561 5422 1832 5491 leguntur,
1874 5420 2007 5475 κάλ-

425 5489 508 5544 λει
569 5491 985 5564 quamnon;
1041 5492 1194 5564 παρὰ
1257 5493 1385 5556 τοὺς
1431 5489 1743 5564 υἱοὺς-ίτῶν
1793 5491 2007 5562 ἀνθρώ-

427 5579 563 5619 πων,
590 5558 992 5616 Pulchritudiite
1017 5558 1302 5618 exornatus
1326 5579 1378 5616 es
1409 5579 1518 5630 pm:
1548 5562 1674 5630 ﬁliis
1702 5558 1967 5615 hominum
1991 5577 2010 5615 .'

425 5632 522 5685 sed
557 5629 715 5696 longe
748 5634 905 5686 aliter
938 5634 1080 5687 edita
1113 5629 1463 5687 inveniuntur
1501 5629 1555 5684 in
1584 5632 2008 5686 Commentariis

429 5700 679 5767 Eusebii;
726 5718 916 5775 ttotnpe
946 5705 1048 5759 hoc
1075 5704 1254 5767 modo,
1299 5701 1485 5757 κάλλει
1517 5701 1853 5774 ὲκαλλιώθης
1897 5703 2007 5763 ἀπὸ

2108 4655 2239 4709 υἱῶν
2268 4654 2590 4726 ἀνθρώπων,
2626 4654 3026 4726 Pulchriludiue
3052 4663 3269 4707 ornatus
3289 4668 3340 4705 es
3370 4651 3548 4726 aﬁliis
3575 4652 3672 4726 ho—

2112 4728 2330 4779 minum.
2359 4721 2455 4780 l'iic
2484 4737 2575 4780 aut
2601 4725 2709 4779 illic
2740 4726 2928 4779 vitium
2963 4725 3140 4779 inesse
3171 4730 3381 4777 constat
3409 4738 3422 4773 :
3453 4722 3544 4781 sed
3580 4721 3670 4774 hic

2113 4810 2180 4849 au
2206 4797 2315 4850 illic
2355 4797 2504 4857 insit,
2560 4796 2821 4859 incertum
2856 4795 3026 4850 videri
3083 4801 3279 4862 potest.
3314 4791 3448 4862 cum
3485 4798 3669 4844 tamen

2111 4866 2434 4934 interpretes
2464 4881 2651 4919 omnes
2679 4865 2745 4919 de
2768 4880 2832 4920 eo
2864 4866 3004 4919 inter
3026 4860 3107 4934 se:
3129 4860 3494 4934 consentiant,
3525 4864 3668 4928 quod

2111 4937 2178 4988 de
2231 4930 2629 5003 pulchritudine
2679 4935 2968 4988 humanam
3024 4930 3475 5004 pulchritudinem
3512 4943 3673 5004 supe-

2110 4999 2266 5058 rante
2317 5007 2624 5074 loquantur,
2678 5004 2764 5055 vix
2808 5014 2891 5057 est
2923 5013 2982 5057 ut
3024 4999 3245 5074 credam
3295 4999 3544 5074 Aquilam
3593 5001 3674 5074 ab

2111 5074 2341 5128 aliorum
2373 5071 2819 5142 interpretatione
2868 5075 2939 5127 ita
2982 5072 3290 5142 recessisse,
3345 5078 3404 5122 ut
3449 5071 3567 5142 ipse
3604 5073 3677 5122 de

2107 5140 2653 5213 pulchritudine—quae
2693 5144 2761 5213 ab
2798 5143 3108 5213 hominibus
3140 5140 3407 5213 tribuatur
3460 5140 3673 5213 locutus

2108 5209 2201 5267 sit.
2256 5214 2435 5280 Quare
2489 5209 2819 5281 probabilius
2870 5210 3036 5266 multo
3086 5212 3329 5281 ducimus
3386 5209 3673 5281 scripsisse

2104 5277 2374 5350 Aquilam,
2402 5277 2585 5337 κάλλει
2606 5281 3020 5350 ὲκαλλωπίσθης
3044 5280 3195 5350 παρά
3216 5278 3361 5350 τούς,
3387 5288 3487 5334 etc.
3515 5277 3671 5333 :Pul-

2107 5349 2405 5419 chiitudine
2437 5362 2723 5405 exornatus
2748 5368 2800 5404 es
2825 5368 2934 5422 pra:
2958 5349 3082 5419 [iliis
3116 5349 3402 5422 hominum.

2179 5417 2289 5494 (68)
2319 5424 2410 5478 Sic
2452 5417 2848 5494 quinqneAmssI
2887 5417 3010 5476 cum
3044 5421 3279 5476 editione
3303 5418 3466 5474 Basil.
3494 5417 3673 5473 Editio

2104 5491 2234 5548 vero
2273 5491 2444 5547 Paris.
2476 5491 2831 5563 ὲμπλησθείς.

2178 5565 2289 5631 (69)
2321 5563 2454 5630 Reg.
2484 5558 2752 5633 secundus
2785 5562 2982 5633 ὡραῖον
3030 5563 3085 5616 ὲν
3135 5560 3340 5618 κάλλει.
3383 5558 3502 5615 Mox
3536 5558 3668 5631 Reg.

2104 5628 2293 5691 tertius
2314 5635 2363 5686 οἱ
2390 5628 2488 5704 μὲν
2506 5628 2620 5696 οὖν,
