4048 6220
413 350 517 408 557

1468 336 1757 396 HOMlLIA
1794 334 1863 392 IN
1900 329 2230 390 PSALMUM’
2263 323 2445 383 XLIV.

3561 322 3665 377 398

417 465 495 535 τῷ
529 460 748 534 σταυρῷ
793 459 889 515 τοῦ
944 457 1203 529 Χριστοῦ,
1255 451 1337 519 οἷς
1390 454 1706 527 ἐφανερώθη
1767 450 1856 506 διὰ
1903 449 1995 504 τοῦ

2102 447 2372 504 cntionem
2406 441 2711 502 stultitiam
2757 437 3040 498 nominant
3076 438 3123 470 “
3156 455 3169 492 :
3211 450 3310 492 nos
3341 449 3470 491 vero
3495 437 3586 504 qui
3611 437 3664 489 in

420 555 733 626 Πνεῦματος
765 552 834 606 τά
863 551 968 606 ὑπὸ
999 549 1092 605 τοῦ
1117 548 1252 602 Θεοῦ
1284 547 1608 626 χαρισθέντα
1637 547 1789 616 ἡμῖν,
1814 542 1915 596 οὐκ
1937 543 1996 594 ὲν

417 615 684 706 διδακτοῖς
715 615 1082 713 *ἀνθρωπίνης
1135 615 1327 707 σοφίας
1361 615 1574 706 λόγοις,
1625 615 1866 706 οἴδαμεν,
1914 633 1997 686 ὅτι

419 735 648 787 πλουσία
674 734 833 804 χάρις
862 733 1010 784 ἐστὶν
1038 730 1380 800 ὲκκεχυμένη
1408 728 1560 798 παρά
1588 727 1724 780 Θεοῦ
1763 725 1856 778 ἐπὶ
1883 726 1997 787 τοῖς

421 826 549 896 περὶ
580 823 815 896 Χριστοῦ
863 822 1058 891 λόγοις.
1101 821 1199 874 Διά
1232 818 1388 873 τοῦτο
1431 819 1488 872 ὲν
1519 817 1685 888 ὀλίγῳ
1711 816 1789 886 τῷ
1819 813 1996 886 χρόνῳ

420 918 597 970 πᾶσαν
643 915 826 986 σχεδὸν
874 915 974 985 τὴν
1019 912 1346 982 οἰκουμένην
1383 910 1565 980 διῆλθε
1603 909 1666 962 τὸ
1715 909 1992 978 κήρυγμα,

418 1007 606 1078 ἐπειδὴ
641 1007 869 1061 πλουσία
910 1006 1004 1060 καὶ
1046 1005 1274 1075 ἄφθονος
1306 1006 1339 1075 ἡ
1375 1003 1533 1074 χάρις
1575 999 1865 1070 ἐκκέχυται
1903 997 1996 1051 ἐπὶ

418 1102 543 1166 τοὺς
564 1103 812 1172 κήρυκας
836 1099 928 1153 τοῦ
950 1098 1302 1167 Εὑαγγελίου,
1334 1095 1427 1161 οὒς
1461 1096 1554 1149 καὶ
1582 1094 1731 1165 χείλη
1759 1091 1994 1163 Χριστοῦ

418 1198 700 1268 ὠνόμασεν
739 1201 772 1270 ἡ
819 1199 1034 1270 Γραφή.
1071 1196 1169 1250 Διά
1209 1195 1366 1249 τοῦτο
1399 1193 1458 1247 ὲν
1504 1190 1995 1260 εὐκαταφρονήτως

418 1283 693 1357 λεξειδίοις
725 1291 858 1343 πολὺ
900 1289 961 1342 τὸ
1003 1289 1216 1357 ἀγωγὸν
1245 1286 1357 1358 (70)
1402 1285 1496 1339 καὶ
1542 1283 1678 1356 πρὸς
1724 1280 1995 1352 σωτηρίαν

417 1382 572 1435 ὁλκὸν
601 1381 715 1451 ἔχει
763 1381 856 1433 τοῦ
901 1380 1234 1448 Εὐαγγελίου
1277 1378 1338 1430 τὸ
1381 1378 1658 1447 κήρυγμα.
1690 1374 1800 1427 Καὶ
1845 1374 1995 1428 πᾶσα

417 1473 561 1542 ψυχὴ
591 1472 923 1543 κεκράτηται
952 1470 1213 1540 δόγμασιν
1256 1468 1552 1538 ἀκινήτοις,
1589 1463 1679 1518 διὰ
1711 1463 1810 1534 τῆς
1843 1463 1998 1533 χάρι-

417 1581 510 1626 τος
540 1564 678 1634 πρὸς
722 1563 819 1633 τὴν
860 1561 1150 1614 ἀσάλευτον
1177 1561 1255 1622 εἰς
1290 1558 1522 1630 Χριστὸν
1549 1557 1729 1612 πίστιν
1757 1554 1999 1626 βεϐαιου-

421 1655 578 1725 μένη.
613 1656 773 1709 Ὅθεν
803 1654 965 1724 φησὶν
1009 1656 1037 1707 ὁ
1081 1651 1428 1714 Ἀπόστολος·
1462 1650 1542 1704 Δι’
1597 1645 1668 1706 οὗ
1705 1649 2000 1716 ἐλάϐομεν

2097 553 2260 595 cruce
2293 536 2496 593 Christi
2534 534 2832 606 gloriamur
2855 531 2924 596 ιδ,
2950 531 3146 601 quibus
3175 527 3512 582 manifestata
3540 535 3666 580 sunt

2094 645 2192 699 per
2223 628 2484 699 Spiritum
2508 640 2595 689 ea,
2627 639 2747 694 quae
2776 623 2973 677 donata
3005 630 3131 677 sunt
3153 619 3310 674 nobis
3336 633 3367 671 a
3399 617 3529 682 Deo,
3556 632 3662 671 non

2095 718 2150 774 in
2181 717 2354 773 doctis
2417 717 2668 770 humanae
2727 711 3006 780 sapientiae
3066 710 3245 764 verbis
3268 708 3350 774 ⁸⁸,
3413 707 3662 762 novimus

2095 808 2326 880 gratiam
2352 820 2495 870 eam,
2532 819 2652 874 qua“:
2681 818 2709 857 a
2745 804 2853 858 Deo
2883 803 2936 856 in
2971 799 3186 856 traditis
3212 799 3279 854 de
3317 798 3532 853 Christo
3562 797 3662 850 do-

2095 899 2286 955 ctrinis
2316 895 2507 953 dill‘usa
2533 894 2664 960 fuit,
2698 893 2915 949 divitem
2947 905 3087 946 esse.
3129 889 3486 955 Quamobrem
3511 887 3660 941 brevi

2098 999 2347 1059 tempore
2387 987 2443 1042 in
2483 986 2793 1041 universum
2845 996 3012 1054 prope
3049 989 3315 1034 terrarum
3350 976 3536 1032 orbem
3573 976 3664 1031 illa

2094 1080 2412 1154 praedicatio
2436 1077 2704 1149 pervenit,
2730 1085 3012 1146 prepterea
3042 1071 3184 1141 quod
3214 1069 3364 1124 dives
3403 1077 3458 1123 et
3489 1068 3656 1122 abun-

2097 1175 2232 1231 dans
2261 1171 2439 1244 gratia
2473 1169 2641 1226 ell'usa
2670 1177 2755 1224 est
2798 1168 2851 1222 in
2884 1163 3156 1234 Evangelii
3200 1175 3496 1231 praecones,
3529 1173 3664 1228 quos

2097 1267 2264 1324 etiam
2308 1262 2510 1320 Christi
2556 1259 2700 1316 labia
2750 1257 3031 1327 Scriptura
3084 1251 3382 1307 nominavit
3410 1250 3478 1304 ⁸⁷.
3514 1249 3664 1315 Qua-

2095 1365 2318 1430 propter
2367 1353 2646 1425 Evangelii
2706 1347 3014 1422 praedicatio
3065 1346 3121 1400 in
3169 1339 3661 1412 contemptibilibus

2098 1448 2441 1506 dictiunculis
2493 1446 2602 1500 vim
2650 1443 2874 1498 multam
2925 1438 3088 1494 habet
3130 1432 3489 1507 persuadendi
3517 1442 3571 1487 et
3595 1433 3664 1486 ad

2099 1543 2326 1598 salutem
2387 1537 2671 1594 illiciendi.
2715 1533 2782 1588 Et
2829 1532 3008 1587 anima
3069 1530 3248 1585 omnis
3299 1524 3664 1581 immobilibus

2101 1631 2370 1704 dogmatis
2397 1629 2621 1686 subacta
2645 1633 2750 1690 est,
2774 1639 2869 1694 per
2900 1623 3126 1695 gratiam
3163 1621 3219 1676 in
3259 1620 3573 1674 inconcussa
3610 1617 3662 1669 in

419 1707 594 1815 Ξςὰρίν
621 1745 717 1801 καὶ
752 1707 1109 1811 ἀπόστολὴν
1137 1743 1224 1808 εὶς
1270 1707 1551 1807 ὑπακοὴν
1579 1743 1838 1802 πίστεως
1856 1707 1995 1790 ’-καὶ

2100 1725 2380 1782 Christum
2436 1723 2541 1777 ﬁde
2593 1720 2935 1777 conﬁrmata.
3001 1715 3152 1772 Unde
3203 1713 3280 1766 ait
3331 1707 3659 1815 Apostolus:

419 1836 611 1890 πάλιν·
650 1835 1085 1902 Περισσότερον
1130 1831 1331 1886 αὐτῶν
1367 1830 1609 1884 πάντων
1657 1829 1954 1882 ἐκοπίασα
1978 1842 1993 1857 °

2097 1813 2204 1868 Per
2221 1829 2371 1884 quem
2400 1811 2695 1881 accepimus
2721 1807 2948 1879 gratiam
2972 1813 3022 1860 et
3051 1802 3426 1874 apostolatum,
3457 1807 3514 1851 ut
3544 1796 3664 1850 obe-

419 1930 530 1984 οὐκ
560 1926 675 1997 ἐγὼ
709 1925 796 1993 δὲ,
825 1926 962 1980 ἀλλ’
985 1926 1024 1993 ὴ
1054 1923 1226 1994 χάρις
1257 1922 1361 1976 τοῦ
1400 1921 1564 1986 Θεοῦ,
1603 1921 1643 1989 ἡ
1682 1919 1803 1974 σὺν
1841 1919 1990 1987 ἐμοι.

489 2169 540 2222 5.
583 2168 869 2237 Ἐξεχύθη
916 2167 1089 2236 χάρις
1118 2168 1188 2221 ἐν
1220 2167 1455 2237 χείλεσι
1491 2179 1640 2220 σου·
1685 2163 1785 2223 διὰ
1819 2163 1996 2218 τοῦτο

415 2260 713 2330 εὐλόγησέ
748 2278 821 2314 σε
851 2263 884 2314 ό
926 2259 1070 2325 Θεὸς
1096 2262 1183 2323 εὶς
1227 2258 1333 2312 τὸν
1363 2257 1565 2314 αἰῶνα.
1596 2256 1910 2327 Γέγραπται
1937 2255 1996 2309 ἐν

416 2348 492 2420 τῷ
524 2349 856 2420 Εὐαγγελίῳ,
884 2350 965 2402 ὅτι
1000 2347 1354 2417 Ἐθαύμαζὸν
1375 2346 1472 2400 ἐπὶ
1509 2346 1631 2412 τοῖς
1657 2346 1861 2414 λόγοις
1885 2342 1998 2411 τῆς

415 2439 656 2509 χάριτος
677 2440 800 2506 τοῖς
826 2437 1320 2508 ἐκπορευομένοις
1344 2436 1441 2490 διὰ
1465 2438 1764 2506 στόματος
1785 2433 1993 2488 αὐτοῦ.

415 2534 613 2604 Διόπερ
639 2530 984 2603 ἐμφαντικῶς
1009 2533 1036 2584 ὁ
1061 2530 1292 2601 ψαλμὸς,
1325 2529 1388 2582 τὸ
1417 2528 1623 2598 πλῆθος
1643 2529 1742 2598 τῆς
1773 2526 1996 2598 χάριτος

414 2625 522 2680 τῶν
570 2623 723 2694 παρά
749 2623 842 2677 τοῦ
886 2623 1089 2695 Κυρίου
1138 2622 1295 2694 ἡμῶν
1340 2620 1598 2692 ῥημάτων
1647 2617 1998 2689 παραστῆσαι

419 2713 756 2786 βουλόμενος,
806 2713 1094 2785 Ἐξεχιῖθη
1133 2711 1307 2781 χάρις
1342 2711 1411 2764 ἐν
1437 2709 1559 2774 τοῖς
1588 2708 1824 2779 χείλεσι
1857 2723 1995 2770 σου,

415 2799 560 2870 εἷπε,
581 2803 755 2857 διὰτὸ
786 2803 1017 2872 ἄφθονον
1043 2801 1144 2872 τῆς
1166 2804 1223 2854 ὲν
1253 2800 1331 2871 τῷ
1358 2799 1502 2871 λόγῳ
1535 2799 1778 2870 χάριτος.
1805 2797 1998 2851 Εὐλό-

414 2896 568 2965 γησέ
600 2911 695 2962 σε,
724 2895 908 2966 φησὶν,
929 2897 961 2948 ό
986 2893 1130 2960 Θεὸς
1147 2894 1234 2959 εἰς
1259 2893 1364 2946 τὸν
1385 2891 1590 2946 αἰῶνα.
1621 2890 1786 2962 Δῆλον
1811 2889 1888 2953 δὲ,
1913 2889 1996 2941 ὅτι

415 2990 509 3042 ἐπὶ
551 2988 612 3042 τὸ
662 2987 999 3058 ἀνθρώπινον
1044 2987 1148 3058 χρὴ
1198 2984 1566 3055 ἀναφέρεσθαι
1616 2982 1809 3048 ταῦτα,
1853 2979 1998 3034 καθά

414 3080 712 3153 προκόπτει
748 3079 933 3148 σοφίᾳ
970 3078 1067 3132 καὶ
1090 3078 1299 3146 ἡλικίᾳ
1338 3076 1436 3130 καὶ
1457 3075 1668 3144 χάριτι.
1695 3071 1849 3127 Κατά
1867 3070 1993 3125 τοῦ-

2096 1909 2277 1960 dicitur
2306 1905 2433 1973 ﬁdei
2460 1903 2525 1956 ⁸⁸.
2552 1902 2620 1957 Ει
2648 1917 2838 1958 rursus
2864 1897 3269 1960 :Abundantius
3289 1893 3397 1948 illis
3425 1890 3664 1946 omnibus

2095 1995 2365 2059 laboravi;
2401 2010 2506 2048 non
2552 2009 2645 2063 ego
2684 2001 2892 2058 autem,
2940 1990 3030 2046 sed
3070 1985 3242 2060 gratia
3273 1983 3400 2050 Det,
3437 1998 3553 2054 qua:
3588 1989 3664 2036 est

2093 2100 2292 2139 mecum
2328 2084 2394 2138 δ’.

2165 2177 2220 2232 5.
2261 2175 2472 2245 Di/Iusa
2521 2183 2598 2229 est
2645 2174 2818 2244 gratia
2867 2173 2925 2226 in
2968 2169 3124 2224 labiis
3177 2167 3280 2221 tuis
3322 2183 3340 2220 :
3390 2171 3667 2232 propterea

2096 2269 2356 2324 benedixit
2389 2278 2434 2320 te
2463 2266 2600 2320 Deus
2626 2267 2681 2319 in
2705 2274 2980 2320 wternum.
3002 2261 3273 2329 Scriptum
3298 2266 3382 2313 est
3410 2258 3463 2311 in
3482 2255 3664 2310 Evan-

2095 2357 2256 2427 gelio,
2285 2356 2428 2427 quod
2456 2355 2793 2411 Mirabantur
2823 2354 2879 2408 in
2905 2350 3073 2406 verbis
3109 2349 3314 2420 gratiae,
3341 2363 3457 2417 quae
3480 2360 3666 2411 proce-

2095 2449 2284 2504 debant
2331 2449 2395 2503 de
2439 2464 2529 2502 ore
2576 2446 2745 2514 ipsius
2770 2447 2838 2500 ⁸ο.
2879 2443 3241 2510 Quamobrem
3297 2439 3668 2511 signiﬁcanter

2096 2539 2492 2594 multitudinem
2526 2538 2714 2606 gratiae
2735 2535 3021 2592 verborum
3045 2533 3257 2590 Domini
3285 2533 3456 2588 nostri
3491 2539 3671 2586 OSten-

2097 2631 2226 2686 dere
2266 2629 2451 2684 volens
2476 2629 2718 2698 psalmus
2740 2667 2755 2694 ,
2796 2627 3007 2696 Di/fusa
3040 2636 3156 2691 est,
3183 2625 3377 2695 inquit,
3409 2621 3582 2692 gratia
3611 2621 3666 2673 in

2097 2723 2250 2777 labiis
2283 2722 2408 2787 tuis,
2435 2721 2505 2777 ob
2534 2722 2720 2790 gratia:
2759 2734 2877 2789 quae
2904 2719 2957 2773 in
2989 2732 3240 2774 sermone
3261 2726 3342 2770 est
3371 2714 3668 2768 exuberan-

2096 2822 2204 2868 tem
2239 2814 2470 2882 copiam.
2501 2810 2784 2865 Benedixit
2817 2821 2865 2864 te
2886 2809 3047 2874 Deus,
3086 2807 3281 2878 inquit,
3306 2807 3360 2858 in
3389 2815 3664 2858 aeternum.

2096 2902 2280 2957 Palam
2304 2911 2386 2957 est
2410 2910 2589 2956 autem
2621 2901 2736 2955 haec
2766 2901 2832 2955 ad
2864 2899 3251 2954 humanitatem
3287 2896 3502 2960 referri,
3529 2909 3666 2962 qua-

2097 3004 2252 3050 tenus
2281 2994 2495 3064 proﬁcit
2527 2994 2788 3062 sapientia
2809 3004 2857 3047 et
2902 3002 3054 3049 atate
3077 3000 3127 3046 et
3157 2993 3332 3060 gratia
3361 2989 3428 3055 5|;
3473 3001 3664 3042 secun-

2097 3088 2225 3141 dum
2257 3101 2420 3155 quam
2441 3129 2457 3152 ,
2491 3085 2838 3156 intelligimus
2867 3086 3095 3155 gratiam
3135 3096 3348 3151 quoque
3394 3094 3495 3134 ceu
3526 3093 3664 3146 prm-

413 3190 474 3225 το
503 3171 612 3243 (71)
650 3172 826 3241 δῆλον,
869 3171 952 3223 ὅτι
980 3170 1072 3223 καὶ
1106 3165 1265 3222 ἆθλον
1297 3165 1802 3238 ἀνδραγαθημάτων
1845 3162 1994 3234 αὐτῷ

2097 3154 2377 3229 clarorum
2427 3154 2729 3230 facinorum
2785 3154 3064 3241 praimium
3129 3172 3179 3224 ei
3235 3171 3413 3224 datam
3476 3167 3665 3221 fuisse.

414 3261 640 3332 νοοῦμεν
682 3260 922 3315 δεδόσθαι
967 3259 1064 3331 τὴν
1111 3259 1290 3330 χάριν.
1323 3260 1544 3328 Ὅμοιον
1582 3257 1640 3310 δὲ
1683 3256 1856 3327 τούτῳ
1895 3254 1990 3308 τό·

426 3354 773 3425 Ἠτάπησας
802 3352 1214 3421 δικαιοσύνην,
1248 3350 1347 3404 καὶ
1375 3351 1673 3420 ἐμίσησας
1707 3349 1992 3417 ἀνομίανο

414 3446 510 3500 διὰ
545 3447 721 3501 τοῦτο
753 3445 958 3515 ἔχρισέ
986 3458 1059 3499 σε
1091 3447 1122 3498 ό
1167 3443 1329 3510 Θεὸς,
1361 3444 1394 3497 ὸ
1433 3443 1576 3508 Θεός
1613 3456 1753 3508 σου,
1790 3441 1997 3494 ἔλαιον

414 3537 830 3608 ἀγαλλιάσεως
862 3535 1020 3604 παρὰ
1057 3534 1199 3601 τοὺς
1223 3535 1516 3604 μετόχους
1545 3546 1682 3587 σου.
1719 3527 1788 3602 ᾯ
1817 3549 1996 3604 παρα-

415 3628 642 3698 πλήσιόν
673 3631 788 3682 ἐστι
820 3629 913 3681 καὶ
939 3629 1000 3680 τὸ
1021 3626 1402 3696 Φιλιππησίοις
1443 3623 1594 3696 παρὰ
1615 3623 1829 3676 Παύλου
1859 3639 1994 3694 γρα-

416 3719 537 3789 φὲν,
561 3720 642 3772 ὅτι
677 3719 1104 3773 Ἐταπεινωσεν
1130 3716 1346 3772 ἑαυτὸν
1374 3718 1694 3787 γενόμενος
1724 3713 1995 3782 ὑπήκοος

410 3809 585 3879 μέχρι
617 3812 897 3874 θανάτου,
941 3808 1201 3863 θανάτου
1240 3807 1309 3861 δὲ
1347 3807 1637 3876 σταυροῦ,
1683 3806 1776 3861 διὸ
1825 3806 1924 3860 καὶ
1962 3809 1996 3860 ό

417 3899 562 3965 Θεὸς
609 3897 797 3953 αὐτὸν
842 3898 1266 3966 ὑπερύψωσεν.
1313 3897 1475 3949 ’Ὥστε
1530 3895 1686 3966 δῆλον
1728 3893 1863 3964 (72),
1912 3895 1994 3947 ὅτι

413 3989 587 4047 ταῦτα
610 3990 738 4063 περὶ
764 3989 857 4043 τοῦ
888 3988 1029 4043 κατὰ
1052 3989 1143 4043 τὸν
1171 3988 1399 4060 Σωτῆρα
1425 3986 1710 4058 ἀνθρώπου
1736 3985 1954 4054 λέγεται
1977 4002 1992 4015 ·

413 4084 448 4156 ἢ
489 4084 673 4154 ἐπειδὴ
719 4085 753 4154 ἡ
812 4082 1108 4156 Ἐκκλησία
1141 4082 1300 4152 σῶμά
1342 4082 1460 4134 ἐστι
1500 4079 1595 4133 τοῦ
1643 4079 1872 4151 Κυρίου,
1900 4079 1996 4132 καὶ

415 4155 576 4239 αὐτὸς
603 4172 810 4245 κεφαλὴ
842 4174 943 4244 τῆς
976 4155 1300 4244 Ἐκκλησίας
1320 4191 1334 4204 ο
1364 4173 1551 4244 ὥσπερ
1578 4171 1996 4242 ἀποδεδώκαμεν

417 4265 567 4335 χείλη
594 4260 732 4318 εἶναι
755 4265 850 4317 τοῦ
876 4264 1114 4336 Χριστοῦ
1145 4266 1270 4328 τοὺς
1297 4262 1768 4334 ὑπηρετουμένους
1799 4261 1876 4332 τῷ
1906 4263 1996 4314 οὑ-

2093 3264 2264 3336 llujus
2307 3264 2462 3336 163
2507 3275 2683 3320 autem
2739 3264 2915 3318 simile
2951 3273 3037 3319 est
3075 3263 3203 3318 illud
3241 3263 3287 3294 ⁸⁸
3349 3278 3362 3314 :
3427 3258 3666 3313 Dilexisti

2087 3357 2378 3428 justitiam,
2432 3365 2483 3411 et
2534 3356 2693 3410 odisti
2745 3355 3114 3424 iniquitatem;
3187 3363 3458 3421 propterea
3515 3351 3666 3405 unxit

2095 3459 2144 3505 te
2191 3449 2359 3515 Deus,
2416 3447 2559 3503 Deus
2587 3458 2705 3502 tuus
2759 3448 2870 3502 oleo
2928 3445 3130 3501 laztitite
3176 3461 3285 3514 prw
3343 3444 3666 3497 consortibus

2095 3542 2222 3596 tuis.
2254 3541 2352 3595 Cui
2393 3539 2552 3595 aliine
2592 3549 2675 3596 est
2710 3549 2762 3596 et
2799 3539 2931 3594 illud
2976 3536 3409 3608 Philippensihus
3444 3550 3473 3588 a
3500 3535 3667 3589 Paulo

2094 3634 2395 3703 scriptum:
2443 3631 2757 3686 Humiliavit
2815 3631 3149 3699 semetipsum
3195 3628 3368 3697 factus
3424 3627 3666 3681 obediens

2093 3741 2256 3794 usque
2303 3725 2373 3778 ad
2412 3733 2651 3790 mortem,
2705 3733 2926 3778 mortem
2981 3730 3154 3774 autem
3205 3721 3397 3785 crucis,
3460 3731 3668 3789 propter

2092 3817 2230 3886 quod
2259 3825 2304 3870 et
2333 3815 2473 3870 Deus
2496 3814 2748 3869 exultavit
2779 3813 2931 3867 illum
2951 3814 3017 3866 ⁸³.
3059 3813 3237 3880 Quare
3273 3811 3441 3881 liquet
3479 3813 3664 3866 isthmc

2095 3906 2162 3960 de
2197 3905 2476 3960 Salvatore
2503 3915 2562 3958 ut
2587 3903 2808 3959 homine
2827 3902 2934 3958 dici
2961 3920 2976 3957 :
3015 3910 3108 3957 aut
3144 3903 3396 3972 quoniam
3426 3899 3664 3956 Ecclesia

2095 4009 2291 4064 corpus
2337 4002 2421 4049 est
2442 3992 2654 4048 Domini
2677 4032 2694 4060 ,
2727 4001 2780 4047 et
2806 3993 2918 4061 ipse
2954 4000 3118 4060 caput
3137 3989 3394 4045 Ecclesia:
3421 4007 3436 4044 :
3465 4004 3658 4058 quem-

2095 4088 2382 4143 admodum
2450 4087 2686 4142 cce'lestis
2747 4085 2895 4138 verbi
2968 4083 3272 4141 ministros
3324 4081 3465 4136 labia
3545 4094 3666 4136 esse

2095 4179 2296 4234 Christi
2331 4179 2570 4234 diximus
2606 4177 2707 4248 (uti
2743 4185 2861 4231 erat
2891 4175 3088 4232 l’aulus
3132 4176 3185 4231 in
3221 4188 3278 4230 se
3313 4175 3428 4245 ipso
3460 4175 3665 4229 habens

2095 4271 2373 4327 Christum
2417 4269 2725 4339 loquentem
2758 4269 2802 4301 “
2829 4310 2843 4335 ,
2881 4280 2934 4323 et
2974 4271 3021 4323 si
3060 4271 3181 4339 quis
3218 4270 3290 4324 illi
3323 4283 3422 4339 par
3469 4268 3668 4320 virtute

423 4357 588 4426 ρανίῳ
616 4356 758 4427 λόγῳ
786 4357 994 4427 (ὥσπερ
1039 4355 1252 4419 Παῦλος
1297 4357 1354 4408 ὲν
1389 4353 1564 4424 ἐαυτῷ
1603 4354 1742 4425 ἔχων
1766 4354 1877 4424 (75)
1903 4354 1995 4408 τὸν

2095 4363 2199 4434 est)
2251 4378 2267 4416 :
2318 4363 2398 4417 sic
2463 4363 2626 4417 etiam
2670 4360 2880 4431 reliqua
2940 4361 3185 4430 corporis
3237 4361 3438 4416 Christi
3501 4373 3667 4412 mem-

416 4446 651 4518 Χριστὸν
701 4446 984 4511 λαλοῦντα,
1037 4447 1132 4500 καὶ
1176 4446 1230 4499 εἴ
1276 4463 1360 4511 τις
1408 4447 1600 4516 ἐκείνῳ
1647 4447 1746 4516 τὴν
1793 4445 1992 4518 ἀρετὴν

2095 4456 2192 4510 bra
2268 4467 2455 4510 sumus
2508 4462 2773 4522 quotquot
2837 4455 3182 4508 credidimus.
3254 4451 3310 4506 Si
3367 4450 3486 4521 quis
3541 4465 3666 4518 ergo

419 4539 854 4612 παραπλήσιος)·
891 4538 1031 4592 οὓτω
1069 4540 1164 4594 καὶ
1193 4538 1262 4592 τὰ
1301 4538 1463 4593 λοιπά
1508 4538 1642 4610 μέλη
1668 4537 1759 4591 τοῦ
1807 4537 1992 4610 σώμα-

2102 4550 2283 4604 datam
2318 4545 2574 4601 Ecclesia:
2621 4533 3048 4610 benedictionem
3113 4546 3180 4599 ad
3253 4543 3535 4598 Dominum
3576 4556 3665 4597 re-

416 4651 508 4696 τος
555 4630 649 4685 τοῦ
699 4630 976 4705 Χριστοῦ,
1027 4633 1076 4684 οἱ
1127 4630 1316 4694 καθεῖς
1387 4631 1494 4685 τῶν
1555 4630 1991 4683 πεπιστευκότων

2099 4640 2319 4704 tulerit,
2381 4639 2427 4693 is
2477 4636 2790 4706 neutiquam
2852 4635 3203 4691 aherraverit.
3250 4629 3394 4691 lllutl'
3448 4637 3661 4706 itaque,

417 4724 604 4795 ἐσμέν.
654 4724 764 4795 Τὴν
809 4719 901 4777 οὖν
945 4725 1013 4795 τῇ
1073 4722 1371 4795 Ἐκκλησία
1413 4723 1695 4794 διδομένην
1743 4722 1989 4791 εὐλογίαν

2095 4730 2375 4790 Beuedixit
2414 4739 2462 4783 te
2487 4729 2647 4795 Deus,
2680 4730 2732 4783 id
2780 4737 2883 4794 est,
2925 4730 3166 4784 membra
3225 4738 3333 4790 tua.
3369 4737 3422 4785 et
3472 4743 3668 4799 corpus

417 4814 511 4868 ἐπὶ
538 4813 628 4867 τὸν
655 4812 862 4884 Κύριον
898 4814 926 4866 ὁ
959 4812 1250 4884 ἀναφέρων
1278 4813 1376 4884 οὐχ
1411 4813 1717 4884 ἁμαρτήσει
1742 4811 1875 4885 (74).
1911 4811 1986 4864 Τὸ

2095 4835 2242 4879 tuum
2266 4821 2508 4893 implevit
2537 4821 2693 4876 bonis
2717 4822 2850 4887 suis,
2879 4822 2934 4875 in
2969 4832 3244 4886 a‘ternum,
3265 4823 3366 4877 hoc
3386 4832 3488 4886 est,
3516 4824 3566 4876 in
3593 4822 3668 4874 in-

415 4900 531 4971 οὖν,
566 4903 880 4974 Εὐλόγησέ
908 4918 981 4958 σε
1011 4908 1043 4959 ό
1075 4904 1237 4971 Θεὸς,
1259 4905 1526 4970 τουτέστι,
1559 4905 1640 4958 Τά
1671 4905 1807 4975 μέλη
1826 4905 1893 4958 τὰ
1917 4905 1984 4958 σὰ

2095 4917 2329 4971 ﬁnitum.
2367 4915 2527 4970 Vnus.
2551 4914 2604 4978 4,
2625 4913 2677 4968 5.
2699 4915 2982 4984 Accingere
3005 4914 3180 4983 gladio
3205 4926 3290 4967 tuo
3315 4931 3469 4982 super
3494 4915 3667 4983 femur

417 4997 512 5052 καὶ
539 4997 600 5050 τὸ
625 4995 786 5066 σῶμα
812 4996 873 5049 τὸ
902 4996 993 5050 σὺν
1017 4995 1305 5068 ἐπλήρωσε
1327 4995 1436 5050 τῶν
1469 4996 1600 5066 παρ’
1629 4994 1822 5049 ἑαυτοῦ
1848 4995 1988 5062 ἀγα-

2095 5019 2264 5074 tuum,
2291 5009 2669 5079 potentissime.
2700 5009 2882 5079 Specie
2919 5017 3006 5061 tua
3040 5019 3086 5061 et
3123 5007 3512 5076 pulchritudine
3551 5021 3662 5064 tua.

484 5195 573 5249 ⁵⁸1
602 5196 726 5251 Cor.
755 5212 793 5259 t,
828 5193 918 5250 21.
1015 5198 1061 5229 ⁸³
1087 5195 1263 5253 Galat.
1297 5211 1372 5261 vr,
1399 5195 1485 5252 14.
1564 5199 1608 5231 ⁸⁸
1635 5198 1652 5252 l
1683 5197 1808 5252 Cor.
1842 5213 1900 5259 ιι,
1926 5197 1991 5250 12

2095 5197 2131 5250 5.
2207 5195 2251 5227 ⁸⁷
2285 5192 2416 5248 Luc.
2444 5178 2619 5258 x,'16.
2695 5194 2739 5224 ⁸⁸
2773 5194 2932 5249 Rom.
2961 5209 3000 5260 ι,
3029 5192 3082 5246 5.
3173 5191 3216 5222 ⁸³
3255 5189 3419 5246 lCor.
3451 5203 3543 5256 xv,
3575 5190 3642 5245 10

415 5266 460 5305 ⁵ο
490 5265 622 5321 Luc.
655 5282 729 5332 IV,
759 5267 850 5320 22.
926 5266 971 5297 “
1000 5265 1132 5323 Luc.
1164 5285 1226 5336 ιι,
1255 5266 1341 5321 52.
1417 5268 1462 5298 δ’
1497 5269 1651 5326 Vers.
1685 5268 1738 5322 8.
1814 5269 1858 5298 ⁵³
1881 5267 1995 5321 Phil

2097 5304 2109 5318 .
2139 5281 2201 5332 ιι,
2228 5265 2282 5331 8,
2310 5264 2362 5318 9.
2443 5265 2490 5297 5"
2515 5264 2556 5320 ll
2579 5266 2701 5320 Cor.
2738 5280 2856 5329 xm,
2879 5265 2932 5317 5.

487 5404 600 5476 (ιο,
628 5400 1013 5476 Editio'Basil.
1056 5410 1110 5455 et
1140 5410 1373 5476 quatuor
1422 5417 1565 5476 mss._
1582 5401 1820 5476 ἀγωγόν.
1858 5401 1987 5476 Edi-

2158 5399 2272 5476 (ἒξ.)
2308 5401 2450 5476 Beg.
2479 5402 2670 5476 tertius
2696 5399 2819 5453 ὅθεν
2838 5400 3016 5476 δῆλον.

419 5469 650 5556 εξονιείὀ
681 5472 855 5528 Paris.
894 5481 951 5528 et
979 5482 1108 5556 .t‘re‘s
1143 5469 1272 5556 mss.
1311 5469 1640 5556 ἐπαγωγόν.
1664 5469 1789 5556 Mor}
1821 5472 1988 5556 editio

2095 5539 2126 5556 ἢ
2158 5469 2386 5556 (75)]ιιι
2411 5469 2739 5556 multi_rnss.
2775 5469 2898 5524 cum
2925 5469 3164 5525 editione
3203 5469 3366 5526 Basil.
3399 5469 3468 5526 At
3494 5472 3657 5528 editio

418 5545 581 5597 llasil.
613 5555 666 5600 et
687 5560 778 5598 sex
819 5557 948 5598 mss.
970 5542 1128 5596 ὁλκὸν
1159 5541 1291 5612 ἔχει.
1341 5539 1525 5598 εαιιισ
1557 5543 1730 5597 Paris.
1763 5542 1988 5612 ὲφολκὸν

2095 5539 2156 5594 Pa
2166 5543 2256 5612 riis.
2278 5542 2382 5612 6_‘ev
2412 5539 2741 5612 αὐτῷέχων.

417 5614 546 5683 ἔχει.
1188 5609 1217 5612 ’⁷
1807 5609 1815 5612 ⁷

493 5681 598 5697 .-η
651 5681 688 5697 η
729 5682 759 5697 ..
901 5683 912 5694 .
1157 5683 1201 5697 Α.
1246 5684 1270 5697 ..
1340 5683 1395 5697 ρ..
1442 5682 1475 5697 ..
1682 5691 1692 5697 .

2127 5611 2270 5697 ⁸(Ἡ.)
2299 5609 2791 5697 Βεις.ἰειιιὶιιξνοῦχ
2824 5609 3184 5697 ἁμαρτήσας.
3219 5610 3322 5691 Alii
3349 5609 3477 5663 duo
3529 5630 3656 5666 mss.

488 5681 602 5764 (ﬁt)
649 5681 1040 5764 Col-[inurbanus
1081 5683 1201 5764 καθ’
1245 5684 1291 5738 ὃ.
1340 5682 1534 5740 Statim
1565 5691 1800 5755 quatuor
1855 5697 1984 5739 mss.

2095 5681 2202 5764 οὐχ-
2236 5681 2549 5764 ἁμαρτήσῃ.
2599 5680 2745 5764 Editi
2802 5680 3077 5737 vet'ocum
3137 5683 3318 5750 ltcgiis
3364 5695 3558 5750 quath
3607 5695 3660 5737 et

418 5751 591 5821 τούτῳ
623 5753 701 5805 τό.
728 5753 1052 5807 Erilli-10510
1082 5754 1178 5824 τῷ.
1581 5750 1602 5755 ”
2089 5761 2247 5809 sexto
2277 5750 2375 5820 οὐχ
2401 5750 2728 5821 ἁμαρτήσει.
