4016 6220
327 302 433 357 599

1636 298 1699 360 S.
1738 300 1986 361 BASIIJI
2018 299 2236 361 MAGNI

3489 312 3605 369 400

325 422 671 479 Arbitramur
719 422 906 494 itaque
956 422 1095 481 illud
1142 423 1349 494 tropice
1400 424 1589 480 referri
1627 426 1696 482 ad
1728 427 1909 482 vivum

2032 427 2126 482 libV
2153 430 2242 495 είς
2267 423 2377 485 τὸν
2417 424 2626 496 αἰῶνα,
2681 429 2994 492 τουτέστιν,
3040 428 3121 491 είς
3164 425 3227 480 τὸ
3268 423 3602 497 ἀπέραντον.

327 529 632 572 sermonem
669 516 786 581 Dei,
813 527 874 571 ut
899 519 1052 574 carni
1081 517 1445 588 coniungatur
1479 536 1495 573 :
1527 518 1619 588 qui
1657 527 1743 576 est
1781 519 1911 591 Em-

325 625 429 663 ra:
459 620 508 664 et
533 610 896 680 penetrantior
935 611 1077 666 omni
1108 610 1290 681 gladio
1335 612 1579 682 ancipiti,
1618 622 1666 667 et
1709 615 1912 682 pertin-

324 717 451 770 gnte
485 717 647 773 usque
685 702 756 756 ad
798 702 1110 758 divisionem
1147 705 1342 760 animae
1377 705 1535 760 simul
1569 721 1632 760 ac
1668 707 1907 775 spiritus,

326 808 739 864 eompagumque
764 803 814 848 et
854 794 1228 859 medullarum,
1259 805 1311 852 et
1347 799 1605 853 discretor
1638 800 1911 870 cogitatio-

326 899 454 939 itum
483 892 535 940 et
572 883 919 941 intentionem
967 886 1143 946 cordis
1175 887 1245 943 ".
1276 888 1475 944 Femur
1498 890 1641 945 enim
1682 890 1913 947 actionis

329 977 399 1031 ad
449 977 857 1050 generationem
911 979 1238 1050 pertinentis
1294 980 1597 1053 symbolum
1650 991 1753 1038 est.
1812 980 1913 1036 flre

328 1066 491 1135 enim,
513 1066 712 1138 inquit,
741 1068 960 1134 enim,
981 1084 1101 1140 qua:
1126 1085 1350 1140 egressa
1371 1079 1494 1125 sunt
1509 1071 1577 1125 de
1596 1070 1791 1139 femore
1816 1069 1915 1125 Ja-

327 1157 425 1214 eob
452 1159 521 1214 “.
552 1159 1020 1228 Quemadmodum
1044 1160 1211 1230 igitur
1248 1162 1360 1218 vita
1383 1172 1491 1233 est,
1521 1171 1577 1217 et
1597 1163 1710 1227 via,
1735 1173 1792 1219 et
1820 1177 1917 1232 pa-

331 1252 418 1309 nis
462 1262 519 1309 et
552 1252 706 1319 vitis,
735 1262 794 1310 et
824 1269 955 1311 vera
994 1255 1087 1310 lux
1120 1255 1207 1322 ιτς
1249 1265 1415 1325 atque
1459 1256 1580 1313 aliis
1614 1257 1916 1314 innumeris

331 1344 506 1399 modis
536 1342 799 1400 Dominus
844 1354 1034 1401 noster
1059 1343 1215 1401 Jesus
1254 1344 1508 1401 Christus
1556 1348 1912 1402 nominatur:

332 1450 413 1492 διο
452 1445 508 1492 et
550 1435 759 1508 gladius
791 1448 997 1508 partem
1042 1438 1236 1494 animae
1265 1438 1481 1495 aﬂ‘ectui
1529 1440 1916 1497 inservientem

333 1527 602 1595 dividens,
622 1537 678 1584 et
702 1536 883 1584 motus
901 1529 1351 1600 concupiscentiae
1372 1530 1727 1586 mortiﬁcans.
1757 1530 1918 1585 Dein-

334 1618 435 1685 de,
464 1620 593 1690 quia
641 1620 785 1676 Deus
816 1618 1054 1677 Verbum
1093 1635 1215 1677 sese
1250 1623 1432 1679 carnis
1461 1621 1763 1677 inﬁrmitati
1795 1636 1920 1677 con-

2010 517 2333 587 Περίζωσαι
2362 519 2477 590 τὴν
2498 521 2806 590 ῥομφαίαν
2832 536 2949 575 σου
2977 518 3077 573 ἐπὶ
3106 518 3215 572 τὸν
3234 519 3430 588 μηρόν
3457 531 3605 579 σου,

2012 610 2255 668 δυνατά.
2310 613 2396 682 Τῇ
2427 614 2742 682 ὠραιότητί
2771 626 2888 668 σου
2942 611 3045 666 καὶ
3093 609 3175 677 τῷ
3223 609 3433 664 κάλλει
3457 624 3603 662 σου.

2026 697 2347 770 Ἦγούμεθα
2403 702 2584 756 τοίνυν
2628 701 2909 775 τροπικῶς
2958 699 3329 772 ἀναφέρεσθαι
3375 701 3452 761 εἰς
3505 697 3607 751 τὸν

2014 789 2195 855 ζῶντα
2222 791 2322 846 τοῦ
2356 792 2494 847 Θεοῦ
2524 794 2706 864 λόγον,
2738 792 2880 848 ὥστε
2912 790 3280 847 συνάπτεσθαι
3310 791 3378 861 τῇ
3411 787 3605 860 σαρκὶ,
3634 858 3642 863 ι

2017 886 2245 950 ὃςὲστιν
2286 887 2575 958 Ἐνεργὴς
2605 887 2707 943 καί
2732 886 3058 958 τομώτερος
3075 882 3228 953 ὑπὲρ
3251 882 3457 939 πᾶσαν
3484 879 3609 952 μά-

2015 995 2236 1047 χαιραν
2259 978 2573 1051 δίστομον,
2600 980 2699 1035 καὶ
2720 979 3134 1049 διικνούμενος
3154 975 3288 1046 ἄχρι
3305 973 3611 1046 μερισμοῦ

2012 1069 2226 1141 ψυχῆς
2248 1089 2316 1126 τε
2340 1072 2442 1126 καὶ
2474 1074 2835 1142 πνεύματος,
2869 1068 3071 1142 ἁρμῶν
3096 1085 3162 1123 τε
3196 1067 3297 1123 καὶ
3324 1066 3606 1138 μυελῶν,

2013 1161 2115 1215 καὶ
2161 1163 2432 1231 κριτικὸς
2464 1163 2855 1234 ἐνθυμήσεων
2897 1161 2996 1215 καὶ
3040 1158 3294 1215 ἐννοιῶν
3329 1158 3606 1228 καρδίας.

2017 1252 2165 1306 Διότι
2204 1257 2235 1308 ό
2281 1254 2456 1327 μηρὸς
2490 1254 2758 1327 σύμϐολόν
2788 1256 2905 1307 ἐστι
2943 1252 3043 1323 τῆς
3078 1250 3222 1306 κατά
3245 1251 3348 1322 τὴν
3384 1250 3612 1319 γένεσιν

2014 1342 2517 1418 ἐνεργείας.Αὗται
2537 1347 2671 1416 γὰρ,
2701 1346 2890 1418 φησὶν,
2928 1346 2988 1398 αἱ
3012 1342 3206 1413 ψυχαὶ
3239 1346 3299 1398 αἱ
3323 1343 3613 1408 ἐξελθοῦ-

2016 1453 2125 1492 σαι
2144 1439 2213 1493 ἐκ
2242 1440 2362 1493 τῶν
2392 1437 2604 1508 μηρῶν
2665 1437 2885 1494 Ἰακώϐ.
2921 1438 3009 1505 Ὠς
3038 1434 3132 1494 οὖν
3181 1439 3294 1511 ζωή
3335 1442 3473 1505 ἔστι,
3508 1438 3612 1491 καὶ

2019 1531 2156 1597 ὁδὸς,
2194 1531 2289 1584 καὶ
2304 1531 2491 1603 ἄρτος,
2521 1532 2617 1586 καὶ
2650 1531 2914 1604 ἄμπελος,
2939 1533 3036 1586 καὶ
3066 1532 3318 1604 ἀληθινὸν
3341 1531 3477 1602 φῶς,
3508 1531 3611 1585 καὶ

2021 1623 2157 1679 ἄλλα
2187 1624 2356 1697 μυρία
2384 1626 2414 1677 ὁ
2440 1624 2647 1698 Κύριος
2664 1625 2821 1697 ἡμῶν
2848 1624 3057 1696 Ἰησοῦς
3083 1625 3319 1696 Χριστὸς
3343 1624 3612 1694 ὀνομάζε-

328 1711 618 1779 juncturus
688 1719 841 1780 erat,
892 1712 1121 1782 pulchre
1186 1712 1436 1780 additur,
1492 1713 1920 1781 Potentissime;

2032 1734 2145 1771 ται·
2197 1715 2342 1770 οὕτω
2385 1715 2481 1771 καὶ
2528 1717 2774 1789 μάχαιρα
2819 1716 3182 1789 διατέμνουσα
3208 1717 3271 1770 τὸ
3303 1716 3611 1786 παθητικὸν

335 1775 532 1875 quippe
585 1804 718 1861 illud
769 1775 854 1861 est
894 1775 1167 1876 potentia:
1209 1775 1465 1861 maximae
1508 1775 1914 1878 argumentum,

2032 1808 2191 1881 μέρος
2219 1808 2321 1879 τῆς
2351 1775 2552 1882 ψυχῆς,
2588 1775 2682 1862 καὶ
2706 1775 3001 1881 ’νεκροῦσα
3041 1808 3111 1862 τά
3140 1808 3277 1880 πρὸς
3310 1775 3613 1877 ἐπιθυμίαν

335 1909 498 1963 posse
531 1896 700 1953 Deum
747 1897 802 1953 in
852 1898 1086 1954 humana
1134 1907 1327 1952 natura
1356 1910 1496 1954 esse.
1527 1896 1662 1952 Nam
1704 1898 1827 1954 caeli
1855 1913 1918 1954 ac

338 1998 498 2042 terra
527 1985 908 2055 conformatio,
935 1997 993 2045 et
1024 1989 1192 2044 maris
1231 1998 1287 2044 et
1312 1989 1456 2044 aeris
1478 1998 1532 2044 et
1557 1989 1919 2048 maximorum

302 2064 729 2136 'elementorum
762 2080 1066 2150 generatio,
1094 2088 1150 2135 et
1176 2080 1221 2134 si
1256 2080 1389 2150 quid
1435 2095 1598 2151 supra
1636 2082 1918 2150 mundum,

338 2177 433 2225 aut
452 2170 501 2227 si
537 2170 671 2242 quid
714 2172 906 2228 subtus
952 2179 1157 2226 terram
1184 2170 1527 2243 intelligitur,
1560 2188 1667 2228 non
1694 2182 1800 2228 tam
1828 2175 1923 2230 Dei

338 2260 506 2319 Verbi
564 2265 918 2319 commendat
956 2262 1284 2333 potentiam,
1332 2278 1496 2335 quam
1531 2264 1926 2324 lncarnationis

339 2355 711 2425 dispensatio,
737 2364 793 2411 et
830 2356 922 2411 illa
960 2356 1031 2411 ad
1058 2356 1417 2413 humilitatem
1465 2367 1522 2413 et
1552 2359 1925 2414 inﬁrmitatem

343 2455 550 2505 natura
580 2449 830 2506 humanae
849 2450 1127 2507 demissio.
1163 2449 1347 2520 Specie
1373 2460 1465 2506 tua
1490 2462 1541 2507 et
1572 2453 1928 2522 pulchritudi-

342 2557 406 2595 ne
457 2552 568 2597 tua.
614 2540 837 2612 Species
882 2558 914 2598 a
968 2542 1371 2614 pulchritudine
1429 2542 1631 2600 differt.
1669 2542 1727 2600 ld
1782 2547 1927 2603 enim

343 2632 650 2701 speciosum
679 2632 897 2700 dicitur,
929 2634 1073 2705 quod
1101 2634 1424 2704 completum
1455 2633 1557 2689 fuit
1576 2635 1770 2691 idoneo
1794 2644 1931 2691 tem-

345 2737 477 2791 pore
539 2725 606 2779 ad
669 2740 845 2797 usque
894 2728 1170 2797 propriam
1227 2727 1620 2783 maturitatem.
1684 2727 1931 2800 Exempli

344 2831 540 2885 causa,
579 2817 711 2874 illud
768 2818 1103 2875 frumentum
1155 2820 1462 2889 speciosum
1509 2821 1740 2887 dicitur,
1788 2824 1933 2894 quod

324 2919 618 2968 'maturum
641 2912 755 2982 jam
785 2922 868 2969 est
891 2914 962 2969 ad
986 2929 1218 2970 messem
1250 2933 1265 2969 :
1299 2923 1461 2985 atque
1490 2915 1538 2970 is
1569 2916 1694 2971 vitis
1727 2915 1933 2973 fructus

347 3003 624 3071 speciosus
656 3013 774 3071 est,
813 3004 907 3075 qui
936 3019 1035 3076 per
1077 3008 1203 3061 anni
1230 3016 1601 3076 tempestatem
1630 3006 1932 3062 coctionem

2020 1901 2318 1972 κινήματα.
2356 1895 2510 1968 Εἶτα,
2542 1898 2731 1972 ἐπειδὴ
2759 1900 2944 1970 μέλλει
2965 1901 3033 1972 τῇ
3069 1898 3321 1969 ἀσθενείᾳ
3348 1898 3614 1951 συνάπτε-

2024 1992 2143 2046 σθαι
2167 1993 2269 2062 τῆς
2292 1992 2496 2063 σαρκὸς
2522 1994 2551 2046 ὁ
2579 1991 2713 2056 Θεὸς
2742 1992 2934 2061 Λόγος,
2958 1990 3142 2054 καλῶς
3176 1990 3496 2061 πρόσκειται
3524 1988 3612 2054 τὺ,

2021 2081 2279 2136 Δυνατέο
2336 2082 2473 2135 διότι
2522 2082 2789 2153 μεγίστης
2833 2081 2947 2152 (75)
2995 2078 3273 2146 ἀπόδειξιν
3320 2077 3614 2148 δυνάμεως

2024 2173 2138 2245 ἔχει
2159 2173 2223 2228 τὸ
2248 2173 2545 2245 δυνηθῆναι
2576 2174 2710 2227 Θεὸν
2733 2176 2791 2227 ὲν
2822 2171 3116 2242 ἀνθρώπου
3147 2171 3305 2243 φύσει
3326 2169 3611 2242 γενέσθαι.

2025 2268 2101 2323 Οὐ
2140 2266 2251 2341 γάρ
2280 2266 2540 2321 τοσοῦτον
2592 2265 2826 2338 οὐρανοῦ
2880 2266 2976 2319 καὶ
3034 2265 3140 2337 γῆς
3181 2264 3463 2327 σύστασις,
3515 2263 3616 2317 καὶ

2027 2357 2331 2430 θαλάσσης,
2373 2357 2469 2412 καὶ
2495 2356 2678 2430 ἀέρος,
2703 2358 2799 2411 καὶ
2834 2356 2942 2411 τῶν
2979 2356 3254 2428 μεγίστων
3275 2353 3557 2426 στοιχείων
3577 2356 3615 2425 ἠ

2026 2450 2263 2521 γένεσις,
2289 2449 2387 2504 καὶ
2414 2450 2469 2504 el
2490 2467 2545 2503 τι
2579 2449 2951 2522 ὑπερκόσμιον
2981 2450 3206 2514 νοεῖται,
3228 2448 3322 2502 καὶ
3346 2446 3399 2501 εἴ
3425 2465 3479 2500 τι
3513 2464 3618 2500 κα-

2028 2541 2334 2613 ταχθόνιον,
2373 2540 2473 2614 τὴν
2509 2540 2741 2611 δύναμιν
2775 2539 3078 2612 παρίστησι
3107 2537 3204 2593 τοῦ
3233 2537 3369 2593 Θεοῦ
3410 2537 3615 2605 Λόγου,

2030 2635 2154 2688 ὅσον
2184 2635 2217 2703 ἠ
2247 2633 2377 2705 περὶ
2397 2631 2497 2705 τὴν
2526 2630 2939 2704 ὲνανθρώπησιν
2965 2627 3267 2701 οἰκονομία,
3298 2629 3395 2682 καὶ
3418 2630 3452 2701 ἡ
3479 2626 3621 2699 προς

2030 2724 2092 2780 τὸ
2122 2725 2378 2780 ταπεινὸν
2411 2725 2507 2779 καὶ
2553 2723 2780 2789 ἀσθενὲς
2818 2722 2923 2794 τῆς
2955 2720 3375 2794 ἀνθρωπότητος
3407 2735 3619 2787 συγκα-

2031 2821 2283 2884 τάϐασις.
2328 2817 2414 2889 Τῇ
2445 2818 2761 2889 ὠραιότητί
2809 2833 2926 2872 σου
2975 2817 3074 2871 καί
3114 2813 3196 2881 τῷ
3227 2814 3442 2869 κάλλει
3474 2826 3617 2867 σου.

2034 2914 2108 2969 Τὸ
2156 2914 2357 2986 ὡραῖον
2390 2912 2488 2966 τοῦ
2530 2912 2763 2975 κάλλους
2809 2910 3059 2983 διαφέρει
3109 2909 3258 2981 (76)·
3288 2909 3372 2962 δτι
3414 2907 3479 2960 τὸ
3518 2906 3621 2976 μὲν

2034 3008 2235 3080 ὡραῖον
2263 3005 2483 3075 λέγεται
2515 3005 2577 3060 τὸ
2611 3002 3156 3077 συμπεπληρωμένον
3190 3004 3270 3066 είς
3304 3001 3396 3053 τὸν
3428 2998 3620 3068 ὲπιτή-

342 3095 619 3165 propriam
660 3095 727 3149 ad
765 3110 915 3150 suam
948 3095 1335 3165 perfectionem
1354 3098 1711 3167 comparavit,
1736 3098 1929 3168 quique

2035 3101 2175 3154 δειον
2209 3100 2400 3170 καιρὸν
2425 3099 2562 3171 πρὸς
2598 3097 2698 3170 τὴν
2746 3098 2954 3152 οἰκείαν
2998 3095 3183 3167 ἀκμήν
3203 3110 3217 3122 ’
3252 3093 3329 3157 ὼς
3360 3091 3563 3162 ὡραῖος
3591 3089 3625 3143 δ

351 3188 470 3241 usui
511 3198 670 3257 aptus
692 3189 925 3243 exsistit.
960 3188 1311 3245 Pulchritudo
1339 3205 1471 3246 vero
1495 3191 1834 3246 concinnitas
1872 3205 1929 3246 ea

2041 3196 2206 3258 σῖτος,
2234 3194 2265 3247 ὁ
2300 3191 2509 3263 ὥριμος
2542 3192 2643 3263 ἤδη
2676 3191 2813 3262 πρὸς
2871 3188 3133 3261 θερισμόν
3158 3201 3174 3216 ⁶
3222 3187 3317 3240 καὶ
3354 3185 3556 3257 ὡραῖος
3593 3184 3627 3242 ὁ

350 3289 455 3344 est,
485 3294 604 3349 qua:
622 3279 676 3334 in
699 3278 1067 3335 membrorum
1102 3281 1495 3350 compositione
1524 3282 1631 3337 sita
1654 3290 1760 3346 est,
1783 3279 1937 3336 eﬂlo-

352 3380 652 3426 rescentem
683 3385 746 3425 ex
765 3386 823 3426 se
849 3371 1075 3441 gratiam
1102 3370 1331 3428 habens.
1350 3373 1810 3443 Aecingereigitur
1824 3374 1939 3444 gla—

352 3464 441 3516 dio
463 3473 720 3531 tuosuper
735 3463 907 3533 femur
927 3472 1096 3528 tuum,
1113 3463 1485 3532 potentissime.
1506 3460 1689 3533 Specie
1711 3474 1822 3531 tua,
1840 3464 1939 3520 hoc

354 3565 470 3621 est,
507 3557 559 3611 in
591 3556 927 3626 plenitudine
951 3564 1288 3627 temporum;
1317 3564 1366 3610 et
1412 3555 1804 3623 pulchritudine
1824 3563 1939 3622 tua,

354 3647 628 3714 videlicet,
676 3647 956 3703 divinitate
1004 3661 1124 3718 quae
1170 3647 1627 3717 contemplatione
1648 3657 1705 3707 et
1735 3648 1942 3704 ratione

359 3741 583 3814 intelligi
618 3742 967 3814 potest.lllud
997 3741 1142 3798 enim
1171 3755 1299 3797 vere
1335 3740 1622 3812 pulchrum
1648 3750 1766 3809 est,
1796 3741 1940 3813 quod

361 3835 650 3889 humanam
677 3848 893 3890 omnem
931 3833 1344 3903 intelligentiam
1379 3831 1540 3905 164
1568 3841 1626 3889 et
1646 3832 1939 3904 potentiam

358 3928 593 3995 excedit,
617 3927 870 3998 quodque
897 3934 1081 3984 mente
1104 3926 1221 3981 sola
1253 3940 1423 3995 queas
1445 3926 1821 3996 contemplari.
1838 3924 1945 3981 No-

360 4029 556 4076 verunt
583 4034 765 4075 autem
789 4021 906 4092 ejus
950 4020 1413 4090 pulchritudinem
1432 4017 1705 4086 discipuli,
1747 4017 1944 4086 quibus

362 4112 612 4181 privatim
654 4112 944 4180 parabolas
980 4111 1242 4168 solvebat.
1276 4109 1543 4166 Viderunt
1570 4109 1736 4165 etiam
1776 4110 1945 4180 ipsius

363 4205 814 4274 pulchritudinem
860 4204 1052 4262 Petrus
1085 4214 1138 4260 et
1191 4202 1287 4259 filii
1337 4202 1556 4259 tonitrni
1626 4203 1680 4256 in
1738 4211 1942 4267 monte,

2039 3285 2250 3357 καρπὸς
2280 3286 2379 3356 τῆς
2405 3282 2677 3355 ἀμπέλου,
2708 3286 2737 3337 ὁ
2779 3281 2879 3353 τὴν
2913 3281 3123 3335 οἰκείαν
3180 3277 3343 3349 πέψιν
3395 3278 3477 3341 εἰς
3523 3292 3623 3329 εε-

2038 3378 2253 3432 λείωσιν
2287 3376 2482 3431 ἑαυτοῦ
2530 3375 2622 3430 διὰ
2653 3376 2751 3446 τῆς
2782 3372 2876 3427 τοῦ
2923 3371 3079 3436 ἔτους
3122 3370 3271 3442 ὧρας
3303 3365 3623 3431 ἀπολαϐὼν,

2040 3471 2136 3525 καὶ
2155 3470 2461 3540 ἐπιτήδειος
2489 3468 2571 3533 εἰς
2602 3465 2906 3520 ἀπόλαυσιν
2926 3481 2945 3513 ο.
2965 3462 3159 3526 κάλλος
3192 3461 3251 3516 δέ
3273 3460 3385 3533 (77)
3415 3462 3532 3512 ἐστι
3562 3460 3627 3513 τὸ

2041 3566 2101 3619 ὲν
2129 3566 2196 3637 τῇ
2229 3562 2476 3617 συνθέσει
2507 3560 2615 3614 τῶν
2665 3558 2844 3629 μελῶν
2889 3556 3229 3628 εὐάρμοστον
3280 3549 3633 3609 ἐπανθοῦσαν

2041 3653 2192 3726 αὐτῷ
2219 3655 2320 3725 τὴν
2353 3653 2514 3725 χάριν
2542 3650 2688 3722 έχον.
2722 3647 3045 3718 Περίζωσαι
3073 3641 3166 3699 οὖν
3188 3643 3304 3712 τὴν
3317 3640 3627 3712 ῥομφαίαν

2042 3763 2159 3801 σου
2188 3745 2291 3801 ἐπὶ
2332 3744 2443 3799 τὸν
2477 3742 2676 3814 μηρόν
2715 3753 2856 3805 σου,
2894 3736 3132 3793 δυνατέ.
3177 3733 3257 3806 Τῇ
3307 3729 3632 3802 ὡραιότητί

2044 3852 2181 3904 σου,
2212 3835 2516 3899 τουτέστιν,
2554 3834 2612 3888 ὲν
2632 3830 2713 3904 τῷ
2738 3830 3069 3903 πληρώματι
3104 3828 3214 3883 τῶν
3248 3823 3493 3896 καιρῶν·
3525 3820 3627 3875 καὶ

2044 3923 2124 3996 τῷ
2149 3927 2362 3982 κάλλει
2393 3941 2532 3991 σου,
2565 3926 2633 3997 τῇ
2651 3924 2903 3996 θεωρητῇ
2939 3920 3049 3993 (78)
3077 3921 3173 3981 καὶ
3201 3920 3365 3990 νοητῇ
3387 3914 3630 3984 θεότητι.

2058 4021 2267 4074 Ἐκεῖνο
2304 4017 2417 4091 γὰρ
2453 4017 2516 4071 τὸ
2548 4015 2720 4080 ὅντως
2758 4015 2943 4081 καλὸν,
2982 4014 3044 4068 τὸ
3094 4009 3402 4082 κατάληψιν
3447 4007 3634 4064 πᾶσαν

2046 4112 2389 4186 ἀνθρωπίνην
2403 4111 2497 4166 καὶ
2519 4109 2751 4181 δύναμιν
2769 4098 3118 4181 ὑπερϐἀῖνον,
3138 4105 3233 4159 καὶ
3254 4101 3462 4172 διανοίᾳ
3491 4099 3635 4171 μόνῃ

2046 4205 2339 4279 θεωρητόν.
2378 4203 2488 4259 Καὶ
2513 4200 2813 4274 ἐγνώριζον
2840 4198 3012 4254 αὐτοῦ
3043 4199 3106 4253 τὸ
3134 4195 3331 4259 κάλλος
3367 4195 3418 4248 οἱ
3452 4189 3632 4264 μαθη-

366 4298 575 4370 fulgore
630 4314 732 4354 suo
778 4298 1121 4368 splendorem
1171 4295 1302 4352 solis
1340 4302 1727 4366 superantem,
1783 4303 1929 4364 atquc

2046 4300 2155 4364 ταὶ,
2169 4293 2251 4363 οἷς
2272 4295 2466 4351 ὲπέλυε
2482 4293 2582 4358 τὰς
2596 4291 2915 4365 παραϐολὰς
2937 4291 3058 4346 κατ’
3078 4290 3234 4344 ἰδίαν.
3258 4282 3414 4342 Εἶδον
3436 4284 3494 4337 δὲ
3515 4280 3638 4353 (79)

366 4392 535 4447 habiti
556 4399 685 4447 sunt
714 4391 883 4462 digni,
908 4389 999 4459 qui
1024 4388 1246 4459 gloriosi
1285 4389 1402 4459 ejus
1427 4386 1696 4442 adventus
1721 4384 1929 4441 exordia

2048 4389 2215 4445 αὐτοῦ
2257 4389 2321 4444 τὸ
2362 4387 2561 4451 κάλλος
2586 4387 2794 4459 Πέτρος
2820 4385 2916 4439 καὶ
2948 4386 2998 4438 οἱ
3030 4383 3139 4437 υἱοὶ
3165 4381 3266 4452 τῆς
3299 4378 3530 4452 βροντῆς
3570 4376 3634 4428 ὲν

364 4486 538 4540 oculis
572 4479 915 4554 perciperent
941 4483 1008 4536 ⁵³.
1042 4482 1108 4537 Ει
1136 4481 1380 4545 Intende,
1403 4479 1599 4550 inquit,
1624 4487 1671 4533 et
1699 4493 1929 4548 prosperi

2049 4480 2128 4551 τῷ
2172 4481 2311 4552 ὄρει,
2365 4478 2724 4551 ὑπερλάμπον
2759 4475 2863 4548 τὴν
2910 4472 3007 4530 τοῦ
3040 4473 3193 4545 ἡλίου
3226 4468 3590 4542 λαμπρότητα
3617 4504 3635 4528 ι

366 4578 607 4647 procede,
658 4585 708 4631 et
738 4593 920 4647 regna.
958 4575 1073 4631 Hoc
1122 4585 1226 4638 est,
1276 4574 1556 4629 hominum
1617 4587 1800 4627 curam
1852 4588 1929 4642 pel

2052 4574 2145 4639 καὶ
2169 4572 2238 4628 τὰ
2265 4571 2524 4645 προοίμια
2555 4571 2656 4642 τῆς
2686 4567 2899 4647 ἐνδόξου
2927 4568 3091 4623 αὑτοῦ
3109 4564 3409 4638 παρουσίας
3434 4558 3640 4630 690a)..-

367 4680 586 4723 carnem
627 4681 938 4738 aggressus,
988 4664 1239 4736 impende
1289 4662 1627 4733 diligentiam
1679 4676 1929 4716 snmman

2056 4668 2177 4736 μοῖς
2224 4663 2411 4719 λαϐεῖν
2460 4660 2905 4736 κατηξιώθησαν.
2954 4659 3065 4712 Καὶ
3131 4658 3444 4712 "Er-terror
3495 4648 3636 4722 (80).

370 4766 816 4829 eonstantemque
844 4766 901 4818 et
933 4771 1207 4825 nunquam
1236 4755 1598 4812 deﬁcientem.
1634 4751 1750 4809 Hoc
1801 4754 1929 4809 enin

2054 4756 2208 4828 φησὶ,
2244 4755 2342 4809 καὶ
2399 4752 2751 4818 κατευοδοῦ,
2804 4751 2905 4807 καὶ
2951 4750 3271 4816 βασίλευε.
3321 4744 3637 4807 Τουτέστιν,

368 4850 514 4905 viam
553 4865 882 4920 cursumque
926 4847 1189 4920 praebebit
1231 4846 1627 4917 praedicationi,
1659 4854 1715 4900 et
1761 4860 1929 4900 omne:

2068 4848 2397 4919 Ἀρξάμενος
2439 4846 2541 4917 τῆς
2591 4845 2702 4901 τῶν
2731 4842 3036 4915 ἀνθρώπων
3065 4841 3155 4895 διὰ
3202 4837 3402 4911 σαρκὸς
3436 4839 3641 4906 ὲπιμεο

371 4954 466 5000 tuo
489 4943 739 5012 subiiciet
772 4941 1019 5012 imperio.
1056 4938 1242 5010 Neque
1276 4952 1404 4993 vero
1440 4935 1572 4993 illud
1612 4936 1770 4991 nobis
1798 4937 1929 4991 inso‘

2057 4939 2227 5003 λείας,
2259 4937 2510 4993 σύντονον
2527 4939 2621 4993 καὶ
2646 4935 2843 5009 διαρκῆ
2873 4935 2967 4990 καὶ
2997 4932 3268 5007 μηδέποτε
3296 4926 3639 4998 ὑπεκλυομέ-

444 5088 492 5121 "
530 5084 692 5142 Hebr.
726 5100 799 5144 tv.
831 5083 917 5138 12-.
1018 5081 1067 5115 ”
1100 5079 1269 5136 Exod.
1299 5096 1338 5146 ι,
1365 5079 1420 5134 5.
1520 5078 1565 5111 ⁸⁷
1596 5068 1754 5131 Joan.
1788 5091 1903 5142 xw,

2046 5092 2119 5145 Vl,
2153 5080 2214 5134 51
2255 5098 2270 5146 ;
2305 5095 2402 5146 ιν,
2435 5078 2489 5146 1,
2527 5078 2607 5146 5;
2652 5093 2690 5146 ι,
2729 5076 2783 5135 9.
2893 5075 2941 5108 ⁸⁸
2983 5074 3173 5129 Matth.
3224 5088 3358 5138 xvu,
3408 5069 3533 5136 1-9;
3594 5068 3647 5121 ll

377 5158 529 5225 Patr,
548 5175 586 5222 ι,
611 5156 700 5223 16,
731 5156 819 5210 17.

451 5278 565 5363 (75)
592 5275 747 5347 Regii
772 5274 1069 5363 secundus.
1105 5281 1340 5363 qgart'us
1366 5277 1423 5322 et
1457 5265 1955 5363 sextuscumtiolb.

378 5339 574 5419 quinto
603 5339 817 5402 et'cum
851 5339 1297 5419 cditione_'l_3_a_sil.
1352 5339 1643 5419 μεγίστην,
1672 5340 1966 5419 maximum

377 5406 628 5489 patentia:
656 5425 1051 5489 argumentith
1080 5412 1260 5489 Eilitio
1291 5406 1524 5489 ve'ro'l’a
1537 5406 1630 5463 ris.
1671 5422 1796 5489 cum
1839 5406 1965 5461 Col-

379 5477 611 5544 l.ertinis
641 5477 799 5544 sefto
826 5485 1148 5558 etgseptim‘o
1169 5482 1311 5558 διότι
1339 5481 1628 5558 μεγίπστίηςζ
1663 5477 1891 5558 Ῑεοιίιιε.

475 5559 566 5633 ἶϐ)
593 5559 735 5633 Reg.
780 5546 990 5633 tertius.
1007 5555 1069 5609 τὸ
1087 5554 1299 5633 ’ᾡραῖον
1326 5546 1433 5633 τοῦ
1462 5546 1631 5633 καλοᾷ
1648 5546 1928 5633 διαφέρει.

475 5559 566 5626 76)
601 5559 735 5628 Reg.
780 5558 973 5611 tertius
1007 5558 1069 5609 τὸ
1098 5558 1299 5625 ὡραῖον
1326 5558 1423 5605 τοῦ
1462 5558 1631 5605 καλου
1659 5558 1928 5619 διαφέρει.

451 5558 565 5752 (τι)
592 5629 722 5695 Reg.
769 5627 961 5681 tertius
1015 5624 1178 5679 καλὸν
1214 5622 1293 5677 δέ.
1353 5621 1551 5683 Statim
1580 5620 1772 5707 idem.
1793 5617 1967 5672 codex

451 5697 564 5752 ὦν
622 5700 935 5752 εὐάρεστον.
1002 5696 1107 5752 Alii
1157 5708 1289 5752 mss.
1330 5708 1455 5752 cum
1509 5691 1669 5752 editis
1719 5687 1961 5752 ευὰρμο-

387 5687 564 5770 μελῶν
622 5687 935 5770 audin-3w).
1002 5696 1107 5753 Alii
1157 5708 1289 5754 mss.
1330 5708 1455 5753 eum
1509 5690 1669 5752 editis
1719 5687 1961 5766 εὐάρμο-

385 5785 530 5824 στον.

1520 5078 1565 5111 ιτ
1596 5068 1754 5131 Joan.
1788 5091 1903 5142 xw,
1933 5075 2003 5144 6;
2046 5092 2119 5145 γι,
2153 5080 2214 5134 51
2255 5098 2270 5146 ;
2305 5095 2402 5146 xv,
2435 5078 2489 5146 1,
2527 5078 2562 5135 5
2592 5095 2607 5146 ;
2652 5093 2690 5146 ι,
2729 5076 2783 5135 9.

2141 5265 2254 5336 (78)
2303 5266 2381 5320 lta
2428 5263 2726 5320 Colbertini
2786 5260 3403 5336 primus,_quintl_1_s__et
3452 5267 3643 5336 segnis

2061 5327 2186 5393 cum
2224 5327 2409 5404 Regiis
2435 5336 2677 5391 secundo
2708 5344 2764 5387 et
2788 5327 2994 5397 'sexto,
3025 5332 3183 5385 bene.
3235 5328 3376 5383 Editi
3405 5339 3461 5382 et
3503 5327 3639 5399 Reg.

2061 5422 2162 5478 qua
2171 5415 2309 5478 rtus‘
2320 5406 2649 5478 θεωρητικῇ.

2134 5476 2248 5549 (79)
2278 5474 2368 5549 Sic
2393 5465 2658 5549 _mss_.__£\'t
2690 5473 2858 5549 editio
2893 5471 3070 5549 Paris.
3099 5465 3211 5549 side
3252 5468 3329 5525 δέ.
3356 5465 3513 5549 βεδε.
3547 5481 3639 5549 se:

2062 5537 2272 5601 rundus
2300 5546 2476 5600 fusius
2503 5540 2657 5599 Εἶδον
2688 5544 2746 5598 δὲ
2783 5542 2949 5597 αὐτοῦ
2986 5541 3050 5595 τὸ
3088 5539 3286 5603 κάλλος
3322 5540 3372 5592 oi
3399 5537 3645 5609 μαθηταὶ

2064 5617 2273 5681 Πέτρος
2305 5619 2400 5671 καὶ
2422 5617 2496 5678 οἱ,
2525 5625 2631 5671 etc.

2135 5678 2264 5757 (30y
2288 5686 2421 5760 Reg.
2469 5685 2741 5749 secundus
2770 5685 2865 5738 ml
2892 5681 3112 5737 έντεινε.
3154 5680 3287 5749 Reg.
3333 5678 3529 5736 tertius
3560 5680 3654 5732 Eva

2062 5775 2119 5819 τε
2127 5774 2175 5817 ιν
2180 5776 2213 5813 α
2218 5776 2255 5819 ι.
