4016 6220
350 338 453 396 401

1401 342 1695 398 llOMlLlA
1733 342 1801 398 ΙΝ
1834 342 2165 399 PSALMUM
2207 336 2391 393 XLIV.

3490 352 3594 405 4t)?

350 470 450 524 νην
494 449 644 506 ποιοῦ
676 451 777 523 τὴν
811 452 1150 524 ἐπιμέλειαν.
1188 454 1358 509 Τοῦτο
1383 455 1492 527 γὰρ
1519 457 1638 511 ὁδὸν
1680 458 1771 510 καὶ
1802 455 1921 527 δρό-

2032 456 2149 512 lens
2196 472 2317 513 esse
2370 458 2659 524 videatur,
2697 460 2839 529 quod
2888 459 3205 530 imperative
3252 459 3452 515 dictum
3503 464 3595 529 sit,

356 565 454 618 μον
484 546 710 616 παρέξει
731 545 810 616 τῷ
831 545 1165 617 κηρύγματι,
1197 549 1293 604 καὶ
1324 549 1532 613 πάντας
1575 548 1833 613 ὑποτάξει
1854 551 1922 619 τῇ

359 638 606 709 βασιλείᾳ
648 655 761 690 σου.
786 639 877 709 Μὴ
910 637 1161 702 ξενιζέτω
1198 639 1255 692 δὲ
1284 641 1433 712 ἡμᾶς
1459 641 1521 693 τὸ
1546 640 1926 713 προστατικῶς

352 728 605 796 λέγεσθαι
648 728 730 795 τὸ,
781 729 1141 793 Κατευοδοῦ,
1202 729 1293 784 διὰ
1348 731 1447 802 τὴν
1497 732 1785 804 συνήθειαν
1825 733 1926 803 τῆς

352 821 574 893 Γραφῆς
599 819 772 884 οὕτως
801 822 889 875 ἀεὶ
915 822 1354 895 σχηματιζούσης
1375 824 1444 878 τὰ
1473 825 1926 893 εὐκτικά.Γενη-

351 912 507 981 θήτω
534 913 641 984 γὰρ
662 912 729 966 τό
754 912 982 982 θέλημά
1010 929 1146 979 σου,
1176 916 1297 969 ἀντὶ
1321 915 1436 982 τοῦ,
1470 917 1742 987 γενηθείη
1764 932 1778 946 ·
1807 918 1923 981 καὶ,

365 1004 609 1059 Ἐλθέτω
638 1005 677 1073 ἡ
703 1006 993 1069 ,βασιλεία
1012 1021 1149 1073 σου,
1181 1008 1300 1074 ἀντὶ
1329 1009 1445 1073 τοῦ,
1463 1010 1627 1064 ἔλθοι
1648 1009 1781 1081 (81).

420 1096 474 1153 6.
509 1095 748 1152 Ἕνεκεν
773 1098 1059 1166 ἀληθείας
1089 1099 1189 1153 καὶ
1204 1102 1537 1169 πραότητος
1565 1102 1663 1156 καὶ
1698 1101 1923 1155 δικαιο-

351 1189 547 1257 σύνης
567 1206 582 1222 ο
612 1191 712 1245 καὶ
734 1189 1020 1259 ὁδηγήσει
1043 1206 1117 1247 σε
1148 1193 1502 1263 θαυμαστῶς
1526 1196 1566 1264 ὴ
1596 1194 1764 1260 δεξιά
1783 1208 1921 1248 σου.

353 1282 523 1336 Πάλιν
550 1284 580 1336 ὁ
610 1284 766 1352 λόγος
786 1286 984 1357 ὁμοίως
1008 1287 1427 1357 ἐσχημάτισται,
1459 1287 1701 1358 ὡσπερεὶ
1735 1285 1925 1357 μισθὸν

350 1372 521 1427 ταῦτα
562 1374 927 1446 λαμϐάνοντος
953 1377 1047 1430 τοῦ
1099 1377 1327 1449 Κυρίου,
1352 1378 1414 1431 τὸ
1452 1374 1924 1433 κατευοδοῦσθαι

351 1467 446 1519 καὶ
474 1467 852 1533 βασιλεύειν,
891 1469 1044 1534 ὑπὲρ
1084 1470 1388 1538 ἀληθείας,
1434 1470 1536 1523 καὶ
1566 1471 1922 1538 πραότητος,

351 1559 452 1612 καὶ
472 1559 883 1629 δικαιοσύνης.
914 1564 1006 1614 Δεῖ
1029 1562 1088 1616 δὲ
1126 1562 1265 1615 οὕτω
1292 1565 1433 1617 νοεῖν
1457 1579 1471 1592 θ
1509 1563 1590 1615 ὅτι
1624 1562 1810 1632 ἐπειδὴ
1845 1561 1924 1631 τῷ

349 1650 531 1719 ψεύδει
558 1652 1011 1723 προδιέστραπται
1030 1654 1097 1706 τὰ
1127 1653 1459 1726 ἀνθρώπινα,
1489 1655 1575 1707 ἵνα
1601 1652 1925 1724 ἐπισπείρῃς

348 1743 448 1813 τὴν
472 1744 745 1815 ἀλήθειαν,
770 1744 1020 1814 βασίλευε
1049 1748 1108 1800 ἐν
1132 1748 1243 1809 τοῖς
1277 1745 1585 1817 ἀνθρώποις
1615 1748 1729 1809 τοῖς
1770 1745 1922 1815 βασι-

349 1831 657 1904 λευομένοις
688 1835 789 1887 ὑπὸ
814 1836 915 1906 τῆς
938 1836 1245 1907 ἁμαρτίας·
1294 1837 1357 1889 σὺ
1390 1836 1497 1908 γὰρ
1530 1832 1581 1889 εἷ
1608 1840 1641 1907 ἡ
1670 1836 1915 1907 ἀλήθεια.

350 1927 481 1990 Καὶ,
511 1928 762 1982 Ἕνεκεν
805 1930 1157 1997 πραότητος,
1195 1930 1281 1981 ἵνα
1312 1928 1391 1998 τῷ
1429 1928 1573 1982 κατὰ
1630 1929 1691 1981 σὲ
1715 1929 1921 1981 ὑποδεί-

348 2035 383 2086 γ
392 2035 519 2087 ματι
539 2019 739 2083 πάντες
753 2020 831 2083 εἰς
847 2020 1146 2073 ἐπιείκειαν
1163 2020 1257 2072 καὶ
1271 2020 1614 2090 χρηστότητα
1630 2017 1917 2088 προαχθῶ-

350 2130 402 2164 σι
431 2112 562 2183 (82).
594 2114 682 2166 Διὸ
709 2116 804 2167 καὶ
858 2117 886 2166 ὁ
913 2113 1116 2185 Κύριος
1149 2114 1329 2181 ἔλεγε»
1368 2112 1595 2167 Μάθετε
1622 2114 1723 2167 ἀπ’
1750 2112 1915 2182 ἐμοῦ,

347 2202 435 2255 ὅτι
460 2203 647 2271 πρᾶός
689 2207 805 2273 ειμι
843 2205 941 2258 καὶ
965 2204 1244 2270 ταπεινὸς
1268 2205 1343 2274 τῇ
1368 2204 1599 2273 καρδίᾳ.
1636 2205 1746 2257 Καὶ
1782 2205 1918 2257 ἁπό-

345 2294 509 2359 δειξιν
557 2296 843 2366 παρείχετο
893 2295 995 2366 τῆς
1069 2295 1376 2366 πραότητος
1435 2297 1521 2347 ἐπ’
1582 2295 1759 2350 αὐτῶν
1808 2293 1919 2347 τῶν

346 2386 522 2457 ἔργων
544 2403 559 2418 ο
591 2386 1019 2458 λοιδορούμενος,
1047 2385 1287 2440 ἐσιώπα’
1322 2387 1734 2457 μαστιζόμενος,
1770 2387 1919 2456 ἠνεί-

346 2494 492 2549 χετο.
522 2480 635 2532 Καὶ
677 2478 965 2549 ὁδηγήσει
1001 2495 1076 2533 σε
1108 2478 1464 2548 θαυμαστῶς
1496 2480 1535 2546 η
1581 2478 1752 2542 δεξιά
1778 2492 1917 2534 σου.

347 2571 481 2641 Οὐχὶ
512 2570 703 2635 στῦλος
759 2572 1008 2642 νεφέλης,
1056 2572 1176 2625 οὐδὲ
1227 2572 1506 2642 φωτισμὸς
1555 2572 1746 2643 πυρὸς,
1802 2572 1920 2626 ἀλλ’

346 2663 483 2734 αὐτὴ
511 2666 544 2734 ἡ
578 2664 729 2731 δεξιά
760 2681 876 2719 σου.
933 2666 1012 2719 Τὰ
1046 2664 1206 2732 ,ϐέλη
1258 2678 1376 2718 σου
1407 2664 1773 2733 ἠκονημένα,
1814 2664 1919 2719 δυ-

346 2753 489 2807 νατέ
512 2752 643 2823 (8'5).
671 2754 811 2826 Βέλη
848 2752 943 2807 τοῦ
969 2754 1196 2809 δυνατοῦ
1229 2754 1547 2825 ἠκονημένα
1577 2756 1726 2808 ἐστὶν
1758 2756 1807 2808 οἱ
1835 2755 1923 2809 εῦ-

349 2862 528 2916 στοχοι
578 2846 760 2914 λόγοι,
811 2848 862 2898 οξ
906 2844 1322 2916 καθικνούμενοι
1386 2846 1487 2917 τῆς
1542 2846 1766 2918 καρδίας
1815 2845 1923 2901 τῶν

348 2939 734 3008 ἀκροωμένων,
767 2938 1052 3009 βάλλοντες
1081 2940 1173 2991 καὶ
1196 2937 1592 3011 τιτρώσκοντες
1639 2938 1735 3001 τὰς
1769 2939 1921 2993 εὐαι-

350 3029 576 3101 σθήτους
592 3030 787 3099 ψυχάς.
813 3031 989 3100 Λόγοι
1020 3030 1150 3099 γὰρ,
1182 3031 1335 3100 φησὶ,
1363 3028 1570 3099 σοφῶν
1589 3030 1670 3095 ὡς
1690 3028 1763 3082 τὰ
1776 3030 1925 3093 ,ϐού-

2028 548 2289 619 I’rospere
2324 552 2560 618 procede,
2581 567 2703 605 cum
2734 567 2794 607 ea
2817 567 2935 621 quae
2960 561 3233 622 optantur,
3257 568 3467 622 semper
3497 556 3596 609 hoc

2026 642 2187 695 modo
2214 640 2444 711 ﬁgurare
2476 640 2755 712 Scriptura
2804 643 2997 698 soleat.
3028 643 3292 697 Nimirum
3314 684 3329 707 ,
3358 641 3485 697 Fiat
3512 660 3599 697 vo-

2024 733 2200 788 luntas
2244 743 2338 786 tua
2365 734 2433 798 ⁸⁸,
2462 747 2581 801 pro,
2624 735 2828 788 utinam
2859 735 2971 803 ﬁat.
3014 734 3145 788 Item
3184 750 3199 789 :
3231 735 3481 790 Adveniat
3513 751 3598 789 re-

2025 839 2181 894 gnum
2226 834 2373 877 tuum
2403 824 2471 890 ‘°,
2506 838 2624 893 pro,
2659 826 2864 878 utinam
2886 826 3149 880 adveniat.

2095 1095 2149 1150 6.
2179 1091 2403 1166 Propter
2430 1097 2783 1164 ueritatem,et
2823 1086 3279 1151 mansuetudinem
3303 1136 3318 1161 ,
3357 1106 3406 1151 et
3433 1097 3597 1166 justi-

2022 1188 2153 1241 tiam
2177 1205 2198 1253 ;
2232 1197 2279 1242 et
2317 1188 2532 1242 deducet
2563 1197 2612 1241 te
2659 1188 2972 1243 mirabiliter
3007 1189 3221 1243 dextera
3249 1200 3360 1244 tua.
3392 1189 3598 1246 Rursus

2023 1277 2111 1333 hic
2157 1292 2337 1333 sermo
2386 1277 2647 1348 ﬁguratus
2697 1287 2811 1346 est,
2843 1278 3064 1349 perinde
3112 1293 3176 1333 ac
3230 1282 3274 1333 si
3332 1279 3596 1334 Dominus

2024 1371 2289 1425 mercedis
2326 1369 2446 1424 loco
2497 1370 2728 1439 accipiat
2774 1370 2898 1433 illa,
2928 1386 3171 1440 prospere
3201 1372 3497 1439 procedere,
3548 1383 3595 1426 et

2026 1477 2262 1531 regnare,
2314 1475 2527 1529 nempe,
2569 1471 2779 1531 propter
2819 1464 3104 1526 veritatem,
3135 1472 3184 1515 et
3230 1465 3596 1516 mansuetudi-

2025 1571 2165 1617 nem,
2197 1565 2245 1608 et
2265 1554 2554 1624 justitiam.
2583 1556 2806 1624 Oportet
2827 1565 3004 1610 autem
3033 1557 3331 1626 intelligere
3356 1557 3457 1611 hoc
3484 1572 3597 1609 mo-

2025 1647 2093 1700 do
2131 1663 2143 1699 :
2174 1647 2427 1714 quoniam
2450 1659 2537 1699 res
2570 1645 2817 1699 humanae
2858 1646 3083 1699 inversa:
3123 1657 3248 1699 sunt
3291 1646 3592 1713 mendacio,

2027 1744 2085 1790 ut
2114 1751 2263 1791 seras
2284 1736 2590 1800 veritatem,
2610 1750 2773 1803 regna
2806 1735 2859 1788 in
2884 1735 3192 1789 hominibus
3216 1744 3436 1803 peccato
3467 1738 3596 1791 sub-

2016 1830 2175 1901 jectis
2209 1846 2223 1884 :
2259 1839 2312 1883 tu
2356 1830 2499 1883 enim
2547 1844 2605 1883 es
2636 1828 2753 1897 ipsa
2800 1831 3021 1883 veritas.
3059 1830 3149 1892 Et,
3206 1826 3425 1895 Pmpter
3453 1844 3598 1882 man-

2021 1922 2371 1985 suetudinem,
2403 1932 2462 1975 ut
2505 1936 2695 1976 omnes
2747 1921 2995 1988 exemplo
3028 1929 3118 1973 tuo
3158 1920 3223 1973 ad
3249 1920 3595 1975 clementiam

2018 2026 2073 2070 et
2124 2016 2421 2071 bonitatem
2452 2016 2833 2084 perducantur.
2884 2014 3246 2080 Quamobrem
3298 2014 3458 2066 etiam
3496 2011 3625 2065 Do--

2020 2107 2195 2160 minus
2235 2105 2446 2160 dicebat
2472 2122 2486 2158 :
2515 2104 2709 2157 Discite
2735 2120 2767 2156 a
2790 2120 2870 2157 me
2896 2105 3032 2173 quod
3060 2104 3200 2157 mitis
3223 2119 3336 2157 sum
3363 2115 3411 2156 et
3428 2103 3601 2155 humi-

2018 2195 2084 2250 lis
2115 2195 2271 2250 corde
2316 2196 2383 2247 οι.
2414 2194 2556 2260 Quin
2598 2202 2655 2248 et
2709 2194 2869 2248 istam
2914 2194 3388 2256 mansuetudinem
3438 2190 3599 2244 factis

2020 2291 2153 2358 ipsis
2184 2289 2419 2345 ostendit
2452 2307 2465 2343 :
2504 2288 2701 2357 quippe
2735 2287 2951 2341 tacebat
2976 2287 3241 2341 conviciis
3272 2280 3602 2340 lacessitus;

2018 2381 2202 2452 ﬂagris
2238 2396 2433 2447 caesus,
2472 2380 2797 2450 perferebat.
2826 2378 2895 2432 Et
2944 2380 3160 2433 deducet
3207 2388 3255 2433 te
3290 2378 3604 2432 mirabiliter

2020 2476 2234 2529 dextera
2258 2486 2368 2527 tua.
2391 2473 2507 2528 Non
2539 2474 2789 2527 columna
2820 2474 2999 2539 nubis,
3021 2486 3126 2527 non
3162 2473 3301 2542 ignis
3327 2470 3601 2540 splendor,

2021 2567 2114 2620 sed
2138 2566 2249 2635 ipsa
2281 2566 2505 2621 dextera
2558 2575 2671 2620 tua.
2705 2567 2867 2621 Vens.
2897 2564 2951 2619 6.
3002 2564 3225 2634 Sagittw
3272 2575 3376 2618 tute
3410 2573 3601 2629 acutae,

2019 2658 2399 2727 potentissime.
2426 2658 2616 2713 Acuta).
2656 2659 2890 2727 potentis
2920 2658 3134 2728 sagittae
3166 2671 3444 2712 sermones
3476 2665 3603 2710 sunt

2022 2749 2252 2818 appositi
2292 2764 2357 2805 ac
2388 2751 2636 2816 solerles,
2669 2752 2758 2820 qui
2797 2751 3104 2805 auditorum
3138 2750 3450 2818 pertingant
3480 2764 3603 2802 cor-

2021 2844 2111 2907 da,
2146 2842 2450 2913 feriuntque
2479 2853 2536 2899 et
2581 2844 2829 2899 sauciant
2877 2844 3088 2898 animas
3144 2857 3304 2895 sensu
3357 2838 3502 2894 facili
3539 2854 3603 2893 ac

2022 2942 2271 3002 prompto
2315 2933 2584 3000 praeditas.
2638 2931 2803 2986 Verba
2853 2934 3010 2994 enim.
3040 2931 3235 3001 inquit,
3261 2932 3600 2999 sapientium,

2022 3026 2160 3078 sicut
2182 3024 2380 3077 stimuli
2413 3024 2605 3077 bonum
2636 3024 2701 3078 ".
2729 3024 2909 3090 Quare
2942 3034 2997 3079 et
3034 3022 3316 3078 Psalmista
3344 3038 3373 3075 a
3403 3022 3602 3075 dolosis

348 3137 579 3189 κεντρα.
621 3121 713 3175 Διὸ
742 3122 837 3175 καὶ
878 3122 906 3174 ὁ
951 3121 1254 3192 Ψαλμῳδὸς
1304 3120 1567 3191 ρυσθῆναί
1623 3138 1752 3173 ποτε
1812 3120 1921 3174 ἀπὸ

2024 3116 2330 3170 hominibus
2380 3116 2555 3169 aetatis
2607 3130 2719 3170 sua:
2755 3116 3046 3184 aliquando
3098 3115 3314 3169 liberari
3355 3114 3600 3183 cupiens,

346 3213 454 3266 τῶν
476 3212 707 3283 δολερῶν
737 3212 847 3266 τῶν
879 3213 1016 3265 κατὰ
1048 3211 1146 3282 τὴν
1173 3211 1369 3281 γενεὰν
1397 3208 1561 3264 αὐτοῦ
1606 3211 1916 3281 εὐχόμενος,

348 3307 427 3370 είς
461 3306 756 3377 θεραπείαν
794 3303 1048 3375 γλώσσης
1076 3303 1257 3367 δολίας
1288 3303 1356 3357 τά
1400 3302 1530 3373 βέλη
1575 3302 1669 3357 τοῦ
1695 3303 1919 3356 δυνατοῦ

346 3372 660 3471 ὴκοῦημένα
697 3398 868 3469 ζητεῖ.
910 3372 1188 3466 Ἐπιζητεῖ
1222 3395 1279 3448 δὲ
1334 3372 1428 3449 καὶ
1464 3372 1591 3458 τοὺς
1644 3394 1919 3466 ἄνθρακας

350 3492 604 3561 παρεῖναι
649 3489 792 3555 τοὺς
838 3488 1193 3558 ἐρημικούς’
1228 3486 1368 3540 ὥστε
1406 3488 1546 3540 ὅσων
1582 3487 1648 3541 ἂν
1680 3488 1752 3558 μὴ
1789 3486 1922 3541 καθ-

347 3581 552 3651 ἅψηται
581 3578 669 3632 διὰ
691 3578 791 3649 τὴν
816 3572 1072 3648 πώρωσιν
1093 3576 1192 3647 τῆς
1221 3575 1446 3647 καρδίας
1470 3577 1537 3629 τὰ
1556 3575 1748 3645 λογικὰ
1768 3575 1918 3647 βέλη,

348 3669 554 3733 τούτοις
576 3667 797 3738 ἑτοίμην
820 3662 961 3719 εἶναι
986 3665 1084 3738 τὴν
1118 3665 1355 3730 κόλασιν,
1380 3667 1447 3737 ἣν
1481 3666 1574 3719 καὶ
1601 3665 1921 3735 ἐρημικοὺς

348 3764 622 3836 ἄνθρακας
669 3762 1130 3834 προσηγόρευσεν.
1168 3759 1325 3814 Ὅσοι
1379 3760 1488 3833 γάρ
1538 3762 1778 3833 ἐρήμους
1825 3760 1919 3816 τοῦ

347 3852 481 3908 Θεοῦ
504 3852 843 3923 κατέστησαν
859 3853 1107 3915 ἐαυτοὺς,
1128 3850 1337 3914 τούτοις
1358 3851 1653 3918 ἀναγκαῖος
1678 3854 1705 3904 ό
1731 3852 1921 3923 εὐτρε-

348 3944 553 4016 πισμὸς
585 3944 693 3997 τῶν
716 3942 1003 4014 ἐρημικῶν
1032 3941 1341 4013 ἀνθράκων.
1382 3941 1497 3994 Νῦν
1534 3937 1629 3995 οὖν
1672 3941 1747 3996 Τὰ
1761 3942 1920 4011 ,βέλη

346 4046 463 4089 σου
491 4033 857 4103 ἠκονημένα.
894 4033 990 4085 Ἐκ
1013 4031 1219 4084 τούτων
1252 4031 1361 4084 τῶν
1398 4031 1570 4102 βελῶν
1594 4032 1923 4104 τιτρώσκον-

347 4144 436 4180 ται
468 4128 525 4180 αί
559 4125 999 4200 παραδεξάμεναι
1025 4125 1126 4195 τὴν
1165 4124 1348 4178 πίστιν
1380 4123 1570 4195 ψυχαὶ,
1606 4125 1699 4178 καὶ
1722 4128 1801 4189 είς
1823 4126 1922 4197 τὴν

348 4220 524 4291 ἄκραν
556 4220 649 4273 τοῦ
680 4220 814 4273 Θεοῦ
844 4221 1066 4291 ἀγάπην
1097 4219 1448 4274 ἐκκαυθεῖσαι
1486 4218 1703 4288 λέγουσι
1753 4237 1924 4292 παραυ

2023 3218 2210 3263 acutas
2246 3207 2483 3277 potentis
2513 3206 2740 3276 sagittas
2769 3209 3029 3276 exquirit,
3055 3223 3154 3277 pro
3186 3207 3383 3276 linguae
3410 3205 3605 3259 dolosa:

2022 3300 2281 3355 remedio.
2318 3298 2522 3365 Quaerit
2570 3298 2754 3353 itidem
2812 3300 3074 3353 carbones
3118 3299 3308 3351 adesse
3350 3297 3584 3349 desolato

2021 3391 2125 3444 rios
2144 3390 2215 3456 ⁸⁸,
2249 3398 2311 3445 ut
2366 3404 2504 3459 quos
2550 3388 2619 3443 ob
2672 3389 2932 3444 callosam
2969 3390 3151 3445 cordis
3201 3389 3454 3443 duritiem
3495 3401 3605 3440 non

2022 3494 2251 3554 tangunt
2297 3482 2608 3553 Spirituales
2658 3483 2904 3550 sagittae,
2944 3481 3009 3535 iis
3066 3490 3351 3549 parentum
3384 3480 3453 3533 sit
3481 3493 3607 3547 sup-

2020 3575 2263 3645 plicium,
2303 3574 2445 3643 quod
2489 3575 2753 3627 carbones
2781 3574 2947 3628 etiam
2992 3572 3345 3627 desolatorios
3375 3571 3610 3641 appella-

2020 3670 2099 3723 vit
2140 3668 2463 3737 Quicunque
2491 3667 2635 3721 enim
2669 3666 2839 3721 Deum
2878 3666 3190 3731 deseruere,
3214 3666 3283 3720 iis
3309 3666 3607 3719 carbonum

2022 3762 2469 3818 desolatoriorum
2502 3768 2793 3830 apparatus
2824 3759 3164 3814 necessarius
3187 3767 3289 3813 est.
3324 3757 3477 3812 Nunc
3510 3758 3608 3825 igi-

2025 3864 2111 3909 tur
2138 3853 2360 3922 Sagittte
2392 3861 2496 3906 tua:
2523 3850 2865 3919 acutaz.Quae
2897 3851 3058 3906 tidem
3114 3851 3433 3919 amplexata:
3481 3860 3610 3905 sunt

2024 3946 2236 4008 animae,
2256 3947 2339 4000 his
2357 3944 2670 3999 sauciantur
2685 3944 2897 4013 sagittis
2916 3960 2931 4009 ;
2950 3955 3005 3999 et
3023 3943 3111 3998 ubi
3132 3957 3344 3997 summa
3363 3943 3415 3996 in
3437 3941 3608 3996 Deum

2023 4037 2290 4092 charitate
2310 4035 2633 4103 exarserint,
2670 4036 2876 4105 pariter
2902 4049 2967 4090 ac
2990 4049 3187 4105 sponsa
3222 4036 3444 4089 dicunt:
3477 4032 3610 4088 Vul-

2022 4139 2207 4183 nerata
2238 4129 2497 4182 charitate
2521 4144 2617 4198 ego
2643 4143 2759 4182 sum
2782 4128 2850 4182 “.
2870 4127 3040 4183 Porro
3063 4127 3215 4183 verbi
3239 4126 3607 4198 pulchritudo,

2022 4222 2301 4291 sapientiae
2328 4220 2558 4290 species,
2577 4236 2641 4275 ac
2668 4220 2762 4275 Dei
2787 4220 2838 4274 in
2867 4220 3035 4290 ipsius
3061 4220 3293 4290 imagine
3322 4219 3494 4275 forma
3529 4220 3610 4272 in-

2023 4314 2355 4383 explicabilis
2379 4324 2464 4370 est
2502 4329 2568 4368 ac
2611 4312 2920 4369 ineﬂ‘ahilis.
2956 4314 3106 4369 Beati
3139 4314 3326 4384 igitur,
3366 4313 3457 4383 qui
3488 4328 3613 4367 con-

2026 4408 2347 4476 templandas
2401 4420 2545 4459 verae
2579 4406 2725 4461 illius
2766 4407 3189 4474 pulchritudinis
3240 4414 3370 4460 sunt
3405 4405 3605 4472 cupidi.

348 4310 590 4381 πλησίως
617 4313 682 4381 τῇ
713 4311 896 4383 νύμφῃ
917 4312 998 4377 τὸ,
1024 4309 1357 4381 Τετρωμένη
1387 4310 1622 4381 ἀγάπης
1641 4310 1755 4381 ἐγώ
1780 4314 1918 4381 εἰμι.

362 4402 771 4473 Ἀνεκδιήγητον
800 4401 857 4455 δέ
889 4403 983 4456 καὶ
1020 4403 1261 4475 ἄρρητον
1297 4404 1358 4455 τὸ
1388 4403 1483 4455 τοῦ
1511 4403 1668 4471 λόγου
1695 4402 1918 4467 κάλλος,

348 4494 443 4548 καὶ
492 4469 677 4565 ήτῆς-
699 4494 889 4562 σοφίας
930 4469 1222 4565 ὡραιότης,
1258 4497 1351 4549 καὶ
1388 4499 1421 4569 ἡ
1453 4496 1546 4550 τοῦ
1580 4469 1717 4550 Θεοῦ
1752 4498 1811 4550 ἐν
1851 4500 1920 4569 τῇ

2028 4469 2162 4556 Nam
2189 4499 2335 4553 velut
2367 4498 2493 4552 huic
2519 4498 2723 4566 alligati
2761 4469 2857 4566 per
2885 4497 3257 4563 dilectionem,
3302 4469 3610 4551 caelestem-

348 4585 517 4638 εἰκόνι
551 4585 715 4639 αὐτοῦ
748 4587 948 4658 μορφή.
999 4588 1277 4659 Μακάριοι
1306 4584 1420 4654 οὖν,
1448 4590 1497 4641 οἱ
1524 4589 1619 4642 τοῦ
1667 4589 1920 4659 ἀληθινοῦ

2029 4608 2134 4663 que
2161 4599 2214 4648 et
2235 4592 2395 4661 plane
2422 4593 2639 4646 beatum
2688 4600 2931 4645 amantes
2961 4603 3197 4643 amorem
3224 4628 3238 4654 ,
3281 4588 3610 4659 propinquo—

348 4677 576 4740 κάλλους
600 4677 1006 4747 φιλοθεάμονες.
1027 4679 1203 4731 Οἱονεὶ
1229 4679 1337 4750 γὰρ
1370 4679 1755 4750 προσδεθέντες
1775 4679 1921 4752 αὐτῷ

2032 4702 2150 4741 rum
2174 4684 2568 4739 obliviscuntur
2594 4662 3009 4737 etiamicorum:
3055 4681 3183 4735 item
3232 4680 3420 4734 domus
3468 4679 3608 4733 obli-

347 4770 437 4823 διὰ
468 4769 568 4839 τῆς
600 4770 840 4841 ἀγάπης,
877 4772 972 4823 καὶ
1001 4770 1091 4823 τὸν
1118 4772 1438 4843 ἐπουράνιον
1468 4773 1561 4826 καὶ
1587 4774 1921 4845 μακαριστὸν

2026 4776 2309 4830 viscuntur
2342 4778 2395 4827 et
2420 4784 2582 4840 opum
2626 4770 2906 4835 omnium;
2944 4770 3052 4823 imo
3087 4765 3242 4837 165
3279 4769 3440 4819 etiam
3487 4780 3610 4819 cor-

348 4860 583 4933 ἐρῶντες
615 4860 815 4931 ἔρωτα,
851 4862 1296 4916 ἐπιλανθάνονται
1329 4862 1427 4932 μὲν
1466 4864 1682 4917 οἰκείων
1710 4867 1804 4918 καὶ
1836 4864 1921 4931 φί-

2026 4866 2271 4937 poralem
2309 4863 2505 4919 edendi
2547 4872 2603 4917 et
2632 4860 2852 4917 bibendi
2898 4860 3275 4916 necessitatem
3305 4856 3477 4922 obliti,
3507 4856 3608 4912 soli

346 4954 484 5008 λων·
520 4954 965 5009 ἐπιλανθάνονται
1003 4955 1059 5008 δὲ
1094 4956 1241 5009 οἴκου
1287 4956 1381 5008 καὶ
1416 4957 1733 5027 περιουσίας
1780 4958 1921 5013 ἁπά-

2028 4957 2211 5013 divino
2244 4970 2310 5011 ac
2344 4968 2482 5023 puro
2519 4952 2692 5007 amori
2746 4950 2887 5005 aﬂixi
2920 4961 3067 5006 sunt.
3102 4949 3404 5019 Intelligere
3429 4956 3605 5001 autem

348 5064 475 5118 σης·
507 5046 853 5116 ἐκλαθόμενοι
876 5046 933 5100 δὲ
961 5047 1168 5117 καὶτῆς
1198 5049 1515 5119 σωματικῆς
1538 5050 1616 5112 εἰς
1636 5049 1699 5101 τὸ
1722 5049 1921 5107 ἐσθίειν

2026 5049 2201 5120 possis
2228 5047 2449 5119 sagittas
2485 5054 2669 5099 acutas
2697 5057 2791 5099 eos
2822 5044 3007 5110 etiam,
3033 5042 3123 5113 qui
3150 5040 3217 5095 ad
3247 5040 3605 5096 disseminan-

416 5230 462 5263 ”
492 5229 684 5285 Matth.
706 5244 782 5295 v1,
809 5228 896 5283 10.
973 5228 1018 5259 ⁸ο
1048 5226 1180 5283 ibid.
1255 5226 1299 5259 “
1326 5226 1612 5294 Matth.x1,
1646 5228 1736 5284 29.
1813 5231 1858 5262 δ’
1889 5228 1921 5284 Ε

2023 5244 2070 5285 e.
2098 5244 2198 5297 xit,
2226 5229 2311 5283 11.
2389 5227 2436 5260 ⁸³
2458 5225 2606 5282 Psal.
2632 5239 2779 5291 cxix,
2806 5223 2861 5278 4.
2938 5223 2982 5255 “
3014 5223 3170 5279 Cant.
3204 5238 3264 5289 ιι,
3296 5220 3348 5276 5.

2105 5365 2214 5435 (83)
2240 5365 2315 5419 Ita
2348 5377 2565 5435 quoque
2589 5361 2790 5435 legitur
2818 5358 2957 5429 apud
2984 5357 3149 5435 LXX,
3184 5359 3279 5413 sed
3308 5372 3492 5435 vocem
3512 5356 3603 5411 6o-

2034 5427 2165 5490 νατέ
2189 5427 2294 5491 non
2325 5427 2570 5498 agnoscit
2588 5427 2878 5493 Eusebius,
2894 5444 2993 5483 nec
3015 5429 3232 5484 dubium
3253 5428 3390 5498 quin,
3410 5427 3604 5483 abesse

2036 5514 2308 5573 oporteat.
2350 5497 2515 5557 Notat
2568 5501 2713 5557 enim
2766 5499 3130 5569 Hieronymus
3163 5498 3229 5573 ad
3260 5497 3512 5573 Simiam,
3538 5499 3597 5573 _i_d

2032 5566 2356 5632 vocabulum
2387 5573 2716 5637 redundare,
2742 5580 2908 5641 atque
2936 5566 3282 5639 e‘superiore
3306 5567 3424 5623 loco
3447 5566 3602 5623 addi-

2029 5656 2346 5788 ωἳὲιῧεῧῗίχ
2384 5712 2578 5783 λογικά
2614 5712 2667 5768 in
2697 5709 2965 5793 aliquibus
3006 5724 3137 5766 mss.
3170 5722 3276 5765 non
3306 5706 3592 5778 reperitur.

419 5364 661 5435 (81)7Sic
697 5365 965 5435 quinque”
984 5378 1119 5435 mss.
1166 5378 1289 5435 cum
1336 5364 1603 5435 editione
1635 5363 1804 5420 Basil.
1851 5366 1925 5421 At

350 5436 519 5487 editio
555 5434 728 5505 Paris.
770 5434 919 5505 ἔλθῃ.
948 5434 1057 5487 Nec
1081 5434 1157 5487 ita
1176 5434 1345 5487 multo
1369 5434 1755 5505 postquinque
1789 5451 1922 5489 mss.

360 5506 529 5578 ’Υπὲρ
550 5504 824 5576 ἀληθείας.
842 5492 981 5578 Editi
1002 5505 1227 5578 Ἕνεκεν
1259 5492 1545 5578 ἀληθείαςί
1569 5492 1763 5558 Statim
1793 5519 1929 5578 qua-

352 5585 475 5628 tuor
500 5574 648 5628 mss.
668 5591 789 5645 cum
815 5574 1051 5629 editione
1072 5574 1234 5645 Basil.
1256 5574 1773 5645 προσδιέστραπται.
1802 5575 1928 5628 Edi-

350 5648 427 5696 tio
494 5658 622 5698 vero
690 5644 863 5699 Paris.
918 5660 1041 5699 cum
1094 5642 1247 5698 Colb.
1301 5642 1460 5699 Sexto
1527 5642 1922 5715 προσ-διεστρα-

349 5732 472 5769 πτο.

420 5776 532 5857 {82)
550 5783 689 5840 Editi
715 5784 1027 5858 ἐναχθῶσιν.
1048 5784 1119 5843 At
1139 5799 1267 5842 mss.
1289 5784 1520 5860 quinque
1553 5782 1915 5861 προαχθῶσιν.
