4016 6220
406 301 512 358 £03

1718 305 1775 363 S.
1816 305 2065 364 BASILII
2102 308 2315 367 MAGNI

3541 304 3654 362 ιθι

406 418 534 471 dum
576 415 631 473 in
658 418 910 475 universo
949 417 1081 475 orbe
1106 418 1451 489 Evangelium
1493 422 1641 478 missi
1664 432 1828 490 sunt;
1867 425 1982 495 qui,

2088 426 2179 480 καὶ
2234 426 2408 480 πίνειν
2461 425 2727 495 ἀνάγκης,
2782 427 2927 497 μόνῳ
2971 426 3050 497 τῷ
3102 424 3231 495 θείῳ
3280 423 3375 476 καὶ
3422 421 3657 494 καθαρῷ

407 508 550 577 quod
596 511 939 566 exacuissent
982 526 1122 579 sese,
1148 511 1641 583 operibusjustitiaa
1678 513 1976 584 fulgebant,

405 608 463 654 et
505 601 769 657 subtiliter
802 603 856 658 in
892 603 1212 659 discentium
1243 605 1453 660 animos
1490 606 1976 675 irrepebantmam

409 688 491 744 hae
512 691 720 760 sagittae
746 708 1178 762 quaquaversum
1208 696 1520 766 praemissae,
1561 699 1805 769 populos,
1838 709 1895 755 ut
1921 716 1981 756 se

408 778 787 836 submitterent
814 782 1063 851 Christo,
1095 786 1489 855 praeparabant.
1511 786 1753 859 iVidetur
1802 797 1979 845 autem

409 869 541 924 mihi
563 870 751 928 isthzec
769 876 1037 930 sententia
1066 877 1245 947 aptius
1268 892 1366 946 per
1384 878 1717 947 hyperbaton
1748 882 1978 947 restitui,

408 962 546 1018 adeo
571 972 629 1018 ut
669 965 716 1020 is
738 965 810 1020 sit
848 981 1043 1023 sensus
1069 984 1083 1021 :
1120 966 1364 1035 Intende,
1392 979 1440 1025 et
1475 983 1717 1041 prospere
1741 972 1977 1041 procede,

407 1065 455 1108 et
477 1071 656 1125 regna,
687 1066 739 1111 et
761 1059 978 1116 deducet
1008 1069 1066 1116 te
1097 1061 1407 1117 mirabiliter
1433 1064 1648 1118 dextera
1685 1074 1798 1131 tua,
1820 1075 1868 1117 et
1883 1080 1981 1132 po-

408 1149 524 1215 puti
543 1150 637 1202 sub
666 1160 713 1204 te
738 1152 959 1216 cadent;
982 1162 1260 1223 propterea
1284 1155 1426 1223 quod
1454 1157 1657 1225 sagittae
1682 1165 1788 1210 tute
1810 1165 1982 1209 acutae

407 1248 530 1294 sunt
565 1240 621 1294 in
647 1242 800 1296 corde
845 1243 1176 1299 inimicorum
1214 1246 1367 1314 regis.
1391 1245 1576 1302 Nullus
1601 1249 1709 1302 Deo
1737 1247 1983 1302 adversa-

408 1328 551 1394 rius,
595 1341 996 1404 autarrogans,
1027 1344 1118 1389 aut
1173 1338 1437 1407 superbus
1475 1338 1693 1407 subiicit
1733 1352 1797 1404 se,
1840 1339 1981 1404 Deo,

410 1423 506 1477 sed
536 1425 629 1492 qui
666 1424 789 1481 ﬁdei
820 1427 1280 1500 obtemperavere.
1317 1429 1537 1502 Sagitta:
1562 1440 1763 1497 autem,
1794 1445 1984 1486 eorum

410 1513 502 1581 qui
526 1515 668 1585 regis
710 1517 999 1587 aliquando
1030 1519 1231 1575 inimici
1257 1520 1414 1575 erant
1460 1519 1712 1575 cordibus
1758 1518 1980 1588 illapste,

2079 517 2513 588 προστετήκασιν
2539 516 2719 588 ἔρωτι.
2751 518 2983 588 Νοήσεις
2997 516 3054 571 δὲ
3069 514 3386 587 ἠκονημένα
3403 511 3530 582 βέλη
3550 511 3653 565 καὶ

2077 609 2208 671 τοὺς
2238 608 2736 679 ἀποστελλομένους
2781 609 2873 661 ἐπὶ
2896 608 2956 662 τὸ
2991 607 3101 680 (85)
3144 607 3458 676 ὲπισπεῖραι
3497 602 3653 673 πάσῃ

2079 701 2148 770 τῇ
2181 698 2475 772 οἰκουμένῃ
2508 698 2567 751 τὸ
2612 698 2972 766 Εὐαγγέλιον’
3002 697 3075 763 οἳ,
3105 696 3194 750 διὰ
3242 695 3303 749 τὸ
3326 691 3653 765 ἠκονῆσθαι,

2081 791 2322 861 ἔλαμπον
2342 794 2453 855 τοῖς
2473 792 2581 862 τῆς
2608 791 2949 863 δικαιοσύνης
2976 791 3174 864 ἔργοις,
3201 791 3299 844 καὶ
3326 788 3533 851 λεπτῶς
3554 785 3652 839 ἐπὶ

2080 882 2179 946 τὰς
2211 881 2320 936 τῶν
2339 882 2738 954 διδασκομένων
2765 882 2939 953 ψυχὰς
2959 882 3289 954 παρεδύοντο
3306 899 3320 914 ·
3340 879 3512 933 ταῦτα
3534 875 3648 948 γὰρ

2080 972 2150 1026 τὰ
2185 972 2311 1044 βέλη
2328 1013 2343 1037 ,
2362 973 2633 1044 πανταχοῦ
2656 973 3108 1046 προπεμπόμενα,
3137 971 3512 1045 παρεσκεύαζε
3531 966 3653 1038 (86)

2081 1066 2208 1130 τοὺς
2234 1065 2395 1129 λαοὺς
2422 1067 2677 1121 ὑποκάτω
2728 1067 2949 1119 πίπτειν
2991 1066 3084 1119 τοῦ
3118 1065 3377 1138 Χριστοῦ.
3409 1065 3565 1116 Δοκεῖ
3590 1060 3651 1115 δέ

2086 1176 2175 1230 μοι
2203 1159 2621 1231 άκολουθότερον
2651 1162 2684 1232 ἡ
2719 1158 2863 1225 λέξις
2889 1157 3355 1214 ἀποκαθίστασθαι
3381 1155 3447 1209 δι’
3481 1156 3654 1224 ὑπερ-

2083 1250 2272 1317 ϐατοῦ,
2296 1250 2437 1307 ὥστε
2471 1252 2709 1306 τοιοῦτον
2738 1248 2878 1306 εἶναι
2910 1253 3002 1306 τὸν
3019 1251 3147 1305 νοῦν
3164 1268 3177 1279 ·
3198 1252 3505 1303 Ἕντεινον
3530 1245 3650 1316 (87)

2083 1341 2185 1394 καὶ
2206 1343 2535 1397 κατευοδοῦ
2550 1345 2645 1398 καὶ
2657 1344 3088 1414 βασιλευεηκαὶ
3112 1341 3399 1412 ὁδηγήσει
3421 1353 3494 1392 σε
3508 1341 3653 1393 θαυ-

2077 1430 2324 1498 μαστῶς
2347 1432 2386 1500 ’ἠ
2424 1430 2595 1496 δεξιά
2618 1446 2757 1495 σου,
2792 1430 2891 1486 καὶ
2928 1428 3066 1485 ,2αοῖ
3099 1430 3375 1484 ὑποκάτω
3404 1442 3519 1480 σου
3550 1438 3658 1477 πε-

2082 1518 2368 1576 σοῦνται·
2416 1520 2494 1591 τῷ
2538 1521 2614 1575 τὰ
2652 1520 2815 1589 ,βέλη
2863 1536 2979 1575 σου
3017 1518 3361 1588 ἠκονημένα
3392 1513 3543 1570 εἶναι
3582 1514 3655 1566 ἐν

412 1604 653 1674 ipsosad
684 1610 928 1667 veritatis
958 1611 1285 1667 desiderium
1317 1612 1562 1678 trahunt,
1588 1611 1735 1682 ipsos
1766 1612 1982 1666 trahunt

2088 1611 2298 1680 καρδίᾳ
2322 1611 2440 1666 τῶν
2456 1611 2685 1682 ἐχθρῶν
2698 1613 2805 1667 τοῦ
2826 1610 3154 1678 βασιλέως.
3178 1610 3366 1673 Οὐδεὶς
3386 1606 3655 1678 θεομάχος

411 1696 479 1750 ad
515 1698 820 1765 Dominum,
849 1711 908 1756 ut
939 1703 1143 1759 inimici
1169 1704 1264 1759 Dei
1286 1705 1629 1770 exsistentes,
1660 1703 1709 1759 ei
1745 1717 1842 1774 per
1886 1702 1982 1758 do-

2088 1704 2179 1756 κα).
2229 1703 2445 1768 ἀλαζὼν
2478 1706 2572 1759 καὶ
2626 1706 2971 1776 ὑπερήφανος
3017 1704 3273 1759 ὑποκάτω
3326 1702 3514 1755 πίπτει
3555 1698 3655 1751 τοῦ

411 1788 641 1843 ctrinatn
671 1794 1108 1851 reconcilientur.

2088 1793 2236 1860 Θεοῦ,
2269 1795 2384 1849 ἀλλ’
2401 1798 2448 1851 oi
2464 1798 2561 1867 τὴν
2582 1799 2647 1851 ὲκ
2661 1799 2898 1862 πίστεως
2917 1796 3191 1867 ὑποταγὴν
3209 1792 3656 1861 καταδεξάμενοι.

411 1877 493 1931 Τὰ
537 1879 594 1933 δὲ
639 1880 803 1952 βέλη,
866 1887 985 1948 ταῖς
1041 1886 1291 1958 καρδίαις
1347 1886 1653 1958 ἐμπεσόντα
1687 1884 1793 1938 τῶν
1845 1899 1979 1937 ποτε
2015 1882 2225 1954 ἐχθρῶν
2256 1884 2349 1937 τοῦ
2380 1884 2667 1956 βασιλέως,
2733 1887 2879 1942 ἕλκει
2942 1887 3138 1950 αὐτοὺς
3168 1887 3248 1949 εἰς
3270 1883 3361 1937 τὸν
3386 1881 3515 1954 περὶ
3555 1881 3661 1951 τῆς

411 1971 670 2043 ἀληθείας
720 1976 903 2042 πόθον,
961 1978 1110 2033 ἕλκει
1152 1981 1353 2044 αὐτοὺς
1402 1980 1543 2051 πρὸς
1598 1980 1689 2032 τὸν
1727 1976 1932 2049 Κύριον
1958 2015 1976 2042 ,
2043 1975 2207 2043 ὥστε,
2259 1978 2489 2049 ἐχθροὺς
2555 1980 2715 2044 δντας
2750 1980 2828 2051 τῷ
2873 1977 3012 2050 Θεῷ,
3058 1975 3461 2046 καταλλαγῆναι
3503 1970 3663 2042 αὐτῷ

410 2064 498 2119 διά
522 2066 629 2119 τῶν
658 2067 1026 2139 διδαγμάτων.

482 2159 534 2215 7.
579 2161 741 2217 Vnus.
782 2163 908 2227 7,8.
955 2164 1119 2222 Sedes
1158 2177 1285 2235 tua,
1313 2167 1481 2230 Deus.
1511 2168 1568 2222 in
1596 2166 1848 2223 saeculum
1880 2182 1984 2220 ste-

411 2250 552 2315 culi;
571 2252 717 2322 virga
749 2255 1101 2321 rectitudinis,
1130 2259 1274 2329 virga
1317 2260 1466 2329 regni
1493 2259 1592 2313 tui.
1631 2258 1875 2314 Dilexisti
1893 2259 1987 2327 ju-

2157 2160 2212 2216 7.
2248 2160 2302 2214 Ὁ
2349 2163 2561 2229 θρόνος
2598 2174 2737 2226 σου,
2788 2163 2823 2216 ό
2863 2160 3028 2227 Θεὸς,
3056 2160 3143 2225 είς
3179 2158 3286 2213 τὸν
3327 2155 3515 2210 αἰῶνα
3545 2152 3663 2208 τοῦ

2084 2254 2332 2320 σιὶῶνος’
2360 2252 2584 2323 ῥάϐδος
2607 2254 2951 2320 εὐθύτητος,
2980 2253 3019 2321 ἡ
3066 2249 3283 2320 ῥάϐδος
3330 2247 3441 2317 τῆς
3477 2248 3665 2313 ,βασι-

411 2344 610 2398 stitiam
643 2356 691 2400 et
717 2347 873 2402 odisti
892 2349 1219 2417 iniquitatem
1239 2367 1261 2417 ;
1288 2358 1561 2421 prapterea
1581 2350 1734 2405 unxit
1759 2360 1808 2406 te
1824 2351 1982 2417 Deus,

2088 2345 2253 2412 λείας
2291 2360 2429 2399 σου.
2478 2343 2817 2413 Ἠγάπησας
2861 2343 3256 2411 δικαιοσύνην
3302 2340 3400 2394 καί
3449 2341 3665 2411 ἐμίση-

414 2433 556 2490 Deus
588 2447 707 2492 tuus
735 2438 847 2495 oleo
872 2440 1066 2496 la'titite
1103 2459 1213 2511 prae
1240 2444 1567 2498 consortibus
1604 2445 1731 2498 tuis.
1768 2443 1982 2498 Postea-

2088 2454 2205 2504 σας
2226 2437 2506 2506 ἀνομίαν·
2544 2435 2643 2491 διὰ
2661 2436 2836 2490 τοῦτο
2859 2434 3069 2505 ἔχρισε
3099 2450 3172 2489 σε
3209 2438 3242 2489 ὁ
3273 2432 3435 2499 Θεὸς,
3463 2436 3495 2486 ὁ
3512 2431 3664 2498 Θεός

412 2542 576 2594 quam
604 2531 670 2584 ad
695 2534 955 2595 {naturam
990 2535 1279 2590 humanam
1317 2536 1579 2598 intentus,
1604 2535 1785 2590 multis
1812 2534 1982 2589 verbis

2088 2545 2225 2594 σου,
2255 2529 2468 2584 ἔλαιον
2512 2528 2929 2598 ἀγαλλιάσεως
2974 2528 3133 2597 παρὰ
3182 2526 3326 2593 τοὺς
3361 2526 3664 2595 μετόχους

414 2621 481 2674 de
509 2634 572 2675 ea
598 2621 876 2692 disseruit,
907 2641 1048 2681 nunc
1077 2628 1383 2683 orationem
1425 2637 1479 2683 et
1508 2628 1848 2683 altitudinem
1873 2626 1982 2697 glo-

2088 2636 2222 2678 σου.
2270 2620 2488 2691 Ἐπειδὴ
2524 2619 2696 2674 πολλὰ
2735 2619 2872 2690 πρὸς
2910 2619 2972 2672 τὸ
3003 2616 3338 2690 ἀνθρώπινον
3381 2613 3653 2670 ἀνατεινόο

416 2712 510 2766 rite
545 2709 819 2784 Uuigeniti
866 2718 1092 2773 reducit.
1135 2716 1295 2774 Sedes
1345 2730 1459 2785 tua,
1504 2718 1684 2783 Deus,
1715 2718 1911 2789 inquit,
1933 2718 1982 2772 in

2088 2728 2247 2783 μενος
2288 2709 2557 2780 διελέχθη,
2606 2709 2870 2777 ἐπανάγει
2899 2708 2994 2762 νῦν
3026 2708 3119 2761 ἐπὶ
3144 2705 3215 2759 τὰ
3242 2705 3349 2777 ὖψη
3401 2703 3499 2775 τῆς
3526 2702 3663 2774 περὶ

411 2804 664 2859 utentum
688 2806 868 2862 seculi
891 2824 909 2862 :
938 2809 1042 2864 hoc
1067 2818 1150 2866 est
1178 2825 1402 2881 regnum
1430 2820 1580 2865 tuum
1614 2810 1757 2865 ultra
1793 2809 1982 2865 secula

2088 2802 2176 2858 τοῦ
2210 2801 2549 2871 Μονογενοῦς
2597 2801 2756 2872 δόξης
2807 2800 2899 2853 τὸν
2939 2800 3115 2869 λόγον.
3160 2798 3221 2850 '0
3264 2797 3473 2867 θρόνος
3513 2809 3658 2857 σου,

413 2907 473 2947 se
503 2895 750 2966 porrigit,
783 2907 974 2968 estque
1011 2901 1158 2956 omni
1191 2900 1553 2971 intelligentia
1590 2900 1884 2969 antiquius.
1923 2899 1982 2953 Et

2088 2895 2267 2965 φησὶν,
2299 2896 2332 2948 ό
2367 2893 2530 2960 Θεὸς,
2563 2895 2651 2959 είς
2683 2893 2790 2947 τὸν
2837 2891 3022 2946 αἰῶνα
3045 2889 3151 2943 τοῦ
3203 2889 3417 2954 αἰῶνος
3442 2904 3458 2920 ο
3507 2901 3664 2939 τουτ-

414 2981 639 3049 pulchre
670 2995 790 3052 post
820 2988 1135 3057 p0pulorum
1167 2990 1550 3053 obedientiam,
1570 2989 1719 3057 regni
1746 2989 1841 3043 Dei
1874 3004 1982 3043 rna-

2088 2986 2253 3049 έστιν,
2288 2986 2322 3056 ή
2388 2984 2636 3055 βασιλεία
2685 3001 2778 3037 σου
2833 2984 3089 3037 ἐπέκεινα
3131 2980 3241 3035 τῶν
3281 2978 3512 3040 αἰώνων,
3563 2978 3663 3031 καὶ

415 3075 783 3143 gnilicentiam
821 3054 1082 3132 celebrat.
1136 3077 1297 3149 Virga
1337 3054 1703 3143 rectitudinis,
1732 3080 1880 3148 virga
1911 3095 1982 3132 re-

2088 3077 2295 3140 ἑννοίας
2312 3054 2494 3148 πάσης
2526 3077 2643 3129 ἐστὶ
2668 3074 3036 3147 πρεσϐυτέρα.
3060 3073 3169 3128 Καὶ⁸
3192 3070 3369 3134 καλῶς
3401 3069 3537 3141 μετὰ
3555 3069 3661 3139 τὴν

414 3168 504 3236 gni
543 3168 643 3221 tui.
687 3168 1027 3239 Quapropter
1058 3178 1113 3223 et
1145 3171 1193 3225 ei
1235 3172 1509 3241 propriam
1547 3170 1779 3226 reddidit
1802 3172 1977 3241 appel-

2088 3170 2195 3223 τῶν
2254 3169 2399 3222 λαῶν
2447 3168 2729 3238 ὑποταγὴν
2784 3167 2843 3220 τὸ
2901 3164 3313 3238 μεγαλοπρεπὲς
3360 3164 3460 3234 τῆς
3506 3162 3662 3233 βασι-

416 3258 692 3323 latiouem,
727 3261 901 3328 ipsum
935 3261 1081 3316 clare
1114 3262 1391 3332 appellans
1417 3264 1582 3317 Deum
1624 3282 1640 3319 :
1673 3263 1836 3319 Sedes
1866 3274 1981 3327 tua,

2090 3261 2238 3325 λείας
2271 3259 2381 3331 (88)
2407 3259 2501 3314 τοῦ
2525 3259 2661 3312 Θεοῦ
2706 3260 2954 3330 ἀνυμνεί.
2991 3258 3235 3324 Ῥάϐδος
3270 3257 3597 3324 εὐθύτητος
3617 3253 3660 3321 ἠ

416 3347 579 3405 Deus.
607 3348 930 3420 Castigatrix
964 3360 1048 3407 est.
1069 3352 1218 3421 virga
1246 3353 1342 3409 Dei
1371 3371 1385 3407 :
1422 3370 1543 3423 quae
1576 3356 1702 3410 dum
1731 3356 1982 3425 castigat,

419 3450 600 3506 recta,
653 3455 760 3497 non
809 3457 1062 3512 perversa
1101 3444 1300 3515 judicia
1349 3445 1575 3516 profert.
1621 3445 1983 3513 Quamobrem

418 3532 567 3602 virga
601 3534 941 3590 rectitudinis
974 3536 1122 3606 virga
1153 3538 1305 3607 regni
1335 3537 1501 3607 ipsius
1544 3548 1846 3608 nuncupata
1878 3547 1982 3593 est.

419 3623 481 3677 Si
514 3624 653 3678 enim
698 3626 1063 3698 dereliquerint
1107 3629 1207 3698 ﬁlii
1247 3631 1361 3698 ejus
1412 3633 1575 3701 legem
1622 3647 1824 3696 meam,
1854 3642 1900 3684 et
1930 3632 1985 3685 in

410 3714 630 3783 judiciis
680 3717 807 3771 meis
856 3734 959 3772 non
1006 3719 1434 3787 ambulaverint;
1469 3723 1687 3776 visitabo
1738 3722 1794 3775 in
1841 3723 1985 3791 virga

417 3807 719 3876 ίηίφιίιαιεδ
752 3809 987 3878 ipsorum
1019 3811 1085 3866 “.
1110 3812 1276 3869 Vides
1308 3814 1511 3883 justqu
1544 3813 1637 3868 Dei
1680 3811 1934 3880 judicium
1963 3812 1986 3865 ?

417 3893 533 3950 Non
564 3896 617 3950 in
653 3898 920 3966 quoslibet
948 3902 1134 3967 utitur,
1168 3903 1258 3958 sed
1288 3904 1342 3957 iu
1378 3913 1703 3973 peccatores.
1738 3902 1860 3958 llaec
1890 3919 1986 3957 au-

421 3995 525 4040 tem
563 3996 617 4041 et
641 3989 1024 4046 consolationis
1054 3992 1201 4062 virga
1240 3994 1435 4049 dicitur
1462 4012 1477 4048 :
1519 3991 1679 4065 Virga
1709 3995 1870 4055 enim,
1900 3996 1984 4049 in-

417 4080 555 4148 quit,
591 4090 638 4134 et
663 4082 878 4137 baculus
915 4093 1058 4151 tuus,
1087 4086 1200 4152 ipsa
1236 4102 1316 4139 me
1339 4087 1609 4140 consolata
1646 4097 1766 4140 sunt
1797 4088 1862 4145 ⁸⁸,
1894 4086 1987 4140 Est

417 4181 474 4227 ct
500 4172 617 4229 haec
644 4176 794 4244 virga
827 4176 1185 4232 contritionis.
1216 4177 1380 4246 Reges
1421 4195 1507 4233 eos
1534 4184 1587 4231 in
1628 4180 1769 4247 virga
1792 4178 1985 4247 ferrea.

418 4275 671 4335 tanquam
714 4281 806 4319 uas
833 4266 984 4336 ﬁguli
1015 4268 1311 4337 confringes
1347 4284 1432 4323 eos
1463 4268 1530 4322 °".
1563 4266 1987 4338 Confringuutur

419 4368 598 4411 autem
637 4366 814 4413 terrea
835 4374 899 4414 ac
928 4359 1093 4426 lutea,
1124 4362 1294 4430 gratia
1345 4376 1530 4415 eorum
1561 4361 1652 4428 qui
1680 4371 1936 4431 reguntur
1968 4380 1983 4430 ;

419 4449 870 4519 quemadmodum
896 4454 1060 4507 etiam
1092 4453 1379 4509 traduntur
1401 4452 1466 4507 In
1487 4453 1754 4508 interitum
1784 4457 1985 4525 carnis,

420 4551 473 4595 ut
498 4543 715 4610 spiritus
758 4544 928 4598 salvus
955 4545 1023 4599 sit
1049 4545 1116 4599 ⁸⁸.

2086 3353 2304 3421 ῥάϐδος
2334 3353 2445 3422 τῆς
2464 3353 2788 3419 βασιλείας
2801 3366 2938 3408 σου.
2964 3351 3060 3405 Διὰ
3081 3351 3241 3406 τοῦτο
3258 3351 3351 3405 καὶ
3380 3349 3663 3403 ἀπέδωκεν

2090 3445 2239 3517 αὐτῷ
2284 3445 2384 3517 τὴν
2419 3444 2554 3499 ίδίαν
2600 3446 3005 3517 προσηγορίαν,
3051 3442 3239 3514 σαφῶς
3267 3442 3426 3497 αὐτὸν
3460 3442 3661 3509 ἀναγο-

2093 3539 2288 3611 ρεύσας
2319 3538 2452 3592 Θεόν
2476 3556 2489 3569 ·
2537 3538 2601 3592 '0
2649 3538 2860 3606 θρόνος
2882 3552 3020 3603 σου,
3051 3540 3085 3592 ὀ
3133 3538 3297 3602 Θεός.
3330 3534 3661 3604 Παιδευτική

2089 3632 2174 3694 τίς
2210 3632 2357 3686 ἐστιν
2377 3632 2412 3702 ἡ
2448 3629 2644 3703 ῥάϐδος
2664 3629 2759 3683 τοῦ
2782 3628 2918 3682 Θεοῦ
2935 3646 2950 3660 ο
2979 3628 3308 3682 παιδεύουσα
3330 3627 3410 3691 δὲ,
3444 3625 3661 3688 εὐθείας

2090 3723 2186 3775 καὶ
2227 3722 2289 3775 οὐ
2335 3720 2869 3793 παρατετραμμένας
2911 3721 3109 3788 ἐπάγει
3157 3720 3257 3782 τὰς
3290 3718 3520 3790 κρίσεις.
3564 3718 3662 3771 Διά

2089 3814 2247 3868 τοῦτο
2276 3814 2469 3886 ῥάϐδος
2495 3813 2787 3880 εὐθύτητος
2820 3815 2853 3883 ἡ
2904 3813 3095 3884 ῥάϐδος
3122 3813 3223 3883 τῆς
3250 3810 3527 3881 βασιλείας
3570 3810 3663 3863 αὐδ

2089 3905 2185 3960 τοῦ
2232 3906 2688 3978 προσηγόρευται.
2740 3905 2880 3960 Ἐὰν
2920 3905 3029 3974 γὰρ
3069 3903 3554 3973 ἐγκαταλίπωσιν
3606 3905 3663 3955 οὶ

2091 3998 2208 4053 υἱοὶ
2242 3998 2430 4053 αὐτοῦ
2461 4000 2567 4054 τὸν
2594 4001 2785 4069 νόμον
2805 4016 2947 4068 μου,
2978 3997 3079 4051 καί
3102 3996 3214 4068 (89)
3258 3995 3386 4061 τοῖς
3412 3994 3663 4064 κρίμασι

2085 4108 2205 4159 μου
2224 4090 2310 4160 μὴ
2334 4089 2729 4158 πορευθῶσιν,
2769 4089 3172 4158 ἐπισκέψομαι
3213 4087 3285 4140 ἐν
3311 4084 3514 4155 ῥάϐδῳ
3552 4085 3663 4151 τὰς

2090 4184 2341 4252 ἀνομίας
2367 4182 2584 4237 αὐτῶν.
2613 4184 2777 4253 Ὁρᾷς
2806 4183 2905 4253 τὴν
2933 4182 3144 4235 δικαίαν
3170 4180 3350 4252 κρίσιν
3376 4178 3471 4232 τοῦ
3488 4178 3659 4240 Θεοῦς

2092 4275 2206 4328 Οὐκ
2234 4274 2328 4328 ἐπὶ
2359 4273 2468 4327 τῶν
2494 4273 2763 4344 τυχόντων
2793 4272 3010 4344 χρῆται,
3054 4270 3169 4325 ἀλλ’
3198 4271 3291 4324 ἐπὶ
3341 4269 3449 4323 τῶν
3487 4270 3662 4339 ἁμαρο

2091 4368 2378 4422 τανόντων.
2396 4367 2544 4437 Αὕτη
2566 4367 2623 4420 δὲ
2648 4366 2741 4420 καὶ
2775 4365 3169 4438 παρακλήσεως
3196 4363 3412 4433 λέγεται
3441 4362 3656 4434 ῥάϐδος·

2105 4459 2165 4512 Ἡ
2204 4456 2425 4525 ῥάϐδος
2468 4455 2579 4526 γάρ
2621 4470 2758 4522 σου,
2799 4454 2953 4527 φησὶ,
2999 4454 3099 4509 καὶ
3125 4455 3164 4522 ἡ
3188 4451 3493 4521 βακτηρία
3518 4459 3659 4514 σού,

2091 4543 2269 4603 αὗταί
2286 4564 2362 4616 με
2390 4545 2831 4615 παρεκάλεσαν.
2870 4546 3018 4617 Αὐτη
3048 4545 3141 4599 καὶ
3175 4540 3513 4615 συντριμμοῦ
3541 4543 3661 4594 ἐστι

422 4634 632 4705 ῥάϐδος.
679 4638 994 4706 Ποιμανεῖς
1035 4638 1146 4720 γάρ
1182 4628 1403 4705 αὐτοὺς
1461 4639 1753 4708 ἐνὶῥάϐδῳ
1817 4638 2055 4708 σιδηρᾷ,
2094 4641 2174 4706 ὠς
2216 4641 2438 4705 σκεῦος
2485 4639 2780 4710 κεραμέως
2841 4638 2951 4711 (90)
3013 4637 3366 4706 συντρίψας
3412 4634 3657 4696 αὐτούς.

418 4727 764 4798 Συντρίϐεται
790 4729 847 4782 δὲ
875 4728 942 4783 τὰ
984 4730 1142 4800 χοϊκά
1192 4732 1285 4784 καὶ
1338 4729 1538 4802 πήλινα
1583 4731 1671 4782 ἐπ’
1701 4731 1988 4803 εὐεργεσίᾳ
2024 4730 2133 4785 τῶν
2160 4731 2625 4803 ποιμαινομένων
2651 4730 2787 4786 καθὸ
2826 4731 2923 4799 καὶ
2982 4728 3335 4800 παραδίδοται
3388 4728 3495 4793 Είς
3523 4724 3660 4778 ὄλε-

418 4827 560 4890 θρον
591 4820 700 4891 τῆς
729 4821 979 4891 σαρκὸς,
1004 4824 1104 4877 ἵνα
1135 4822 1201 4878 τὸ
1230 4823 1465 4892 πνεῦμα
1502 4821 1685 4891 σωθῇ.

487 5004 544 5059 8.
586 5002 875 5071 Propterea
898 5003 1049 5057 until
1084 5011 1133 5056 te
1171 5001 1331 5069 Deus,
1351 5002 1492 5057 Dens
1518 5011 1637 5056 tuus
1655 5001 1766 5083 oleo
1790 5000 1987 5055 laztitia:

416 5115 527 5169 prtB
553 5097 882 5152 consortibus
932 5096 1056 5150 tuis.
1085 5094 1349 5161 Quoniam
1379 5112 1478 5166 par
1505 5105 1624 5151 erat
1651 5104 1708 5150 ut
1751 5097 1984 5166 typicum

2161 5005 2215 5059 8.
2268 5002 2373 5056 Διά
2413 5000 2588 5056 τοῦτο
2618 5000 2826 5070 ἕχρισέ
2877 5014 2952 5054 σε
2983 5000 3016 5051 ό
3064 4996 3232 5063 Θεὸς,
3261 4998 3295 5051 ό
3332 4996 3477 5062 Θεός
3514 5009 3655 5068 σου,

2091 5097 2298 5150 ἔλαιον
2336 5092 2749 5164 ἀγαλλιάσεως
2792 5091 2952 5162 παρὰ
2988 5090 3133 5157 τοὺς
3182 5092 3474 5162 μετόχους
3515 5103 3667 5144 σουλ

511 5235 558 5269 ⁸⁸
588 5234 729 5292 Psal.
764 5248 1024 5296 Lxxxvm,
1067 5230 1264 5297 “51,35.
1338 5231 1386 5264 “
1415 5231 1559 5287 Psal.
1600 5247 1736 5299 xxu,
1772 5231 1827 5287 4.
1903 5231 1948 5263 ⁶⁷

2088 5231 2125 5286 l.
2152 5244 2209 5294 ιι,
2237 5227 2294 5283 9.
2367 5226 2411 5259 ⁸⁸
2438 5224 2458 5279 1
2489 5225 2611 5282 Cor.
2649 5239 2704 5292 v,
2732 5225 2788 5281 5.

488 5372 602 5439 (85)
631 5370 737 5425 Alii
779 5385 908 5424 mss.
942 5369 1037 5422 ἐπὶ
1068 5369 1165 5440 τῷ.
1190 5368 1292 5421 Alii
1327 5369 1420 5440 ὲπί
1442 5368 1522 5423 τό.

512 5444 598 5507 86)
629 5441 782 5495 Colb.
817 5441 1024 5507 primus
1050 5439 1489 5511 παρασκευάζει.

511 5513 601 5575 87)
628 5512 761 5580 Reg.
800 5511 1073 5580 secundus
1098 5510 1325 5565 ἐντεινε.

494 5583 605 5648 (88)
633 5579 872 5635 Itamss.
896 5596 1013 5635 sex.
1042 5579 1201 5647 Illud,
1230 5581 1331 5650 τῆς
1379 5579 1675 5651 βασιλείας,
1711 5579 1991 5635 desidera-

425 5653 582 5706 batur
608 5658 657 5704 iIt
681 5651 860 5703 editis.

2088 5374 2321 5434 quartus
2352 5378 2471 5420 cum
2501 5361 2656 5434 Colb.
2696 5360 2893 5434 primo,
2914 5358 3098 5434 bene.
3124 5356 3302 5434 Editio
3325 5355 3501 5415 Paris.
3529 5373 3655 5415 cum

2088 5427 2242 5495 Colb.
2267 5446 2419 5491 sexto
2440 5433 2545 5485 υἱοί
2586 5448 2681 5484 σου
2698 5427 2804 5483 ’τὸν
2832 5428 2945 5494 καί,
2981 5427 3083 5498 ﬁlii
3123 5429 3223 5498 tui.

2184 5508 2272 5577 90)
2292 5505 2443 5577 Illud,
2476 5520 2537 5577 κε
2547 5501 2786 5574 ραμέως,
2809 5501 2959 5554 deest
2984 5497 3041 5552 in
3059 5497 3301 5577 editione
3314 5497 3654 5577 Darisignsi:

2157 5510 2272 5632 (90)
2292 5510 2443 5568 Illud,
2476 5510 2786 5574 κεραμέως,
2809 5510 2959 5554 deest
2987 5510 3041 5552 in
3059 5510 3297 5553 editione
3316 5510 3609 5554 Parisiensi
3638 5515 3651 5557 :

2090 5596 2149 5635 se
2222 5576 2490 5646 reperitur
2527 5574 2577 5646 iu
2619 5583 2855 5646 quatuor
2890 5584 3025 5646 mss.
3049 5569 3193 5646 et_i_n
3218 5569 3456 5646 editione
3485 5568 3651 5625 Basil.

2093 5653 2145 5704 in
2185 5637 2297 5717 qua'
2319 5661 2414 5714 pro
2447 5637 2648 5717 σκεῦος
2673 5641 2877 5717 _Iegilu_r
2898 5637 3089 5717 σκεύη.
3117 5637 3311 5717 Necila
3338 5639 3507 5696 multo
3536 5647 3656 5710 post

495 5721 604 5790 (89)
635 5719 724 5775 Sic
741 5720 906 5776 editio
932 5719 973 5772 Β
1042 5722 1095 5776 il.
1126 5731 1177 5779 et
1210 5720 1361 5794 Regii
1400 5721 1691 5789 secundus,
1725 5721 1918 5777 tertius
1941 5728 1993 5776 et
2096 5706 2365 5777 duo-mss.
2407 5730 2529 5770 cum
2556 5706 2794 5769 editione
2828 5709 2991 5766 Basil.
3020 5706 3421 5780 παραδίδονται.
