4016 6220
346 317 453 373 405

1377 319 1672 376 HOMlLlA
1710 320 1778 377 IN
1819 320 2158 389 l’SALMUM
2197 321 2383 384 XLIV.

3505 339 3615 396 606

361 432 576 506 Ἐπειδὴ
605 432 712 487 ἔδει
738 433 1073 506 σχηματίσαι
1097 434 1160 490 τὸ
1188 434 1416 491 τυπικδν
1432 436 1659 508 χρίσμα,
1690 436 1932 502 καὶτοὺς

2041 443 2271 498 chrisma
2311 443 2521 515 typicos
2555 452 2666 500 tum
2693 447 3118 517 pontiﬁces-tum
3141 461 3296 522 reges
3332 453 3617 510 adumbra-

348 526 612 591 τυπικοὺς
643 528 935 600 ἀρχιερέας
963 529 1057 583 καὶ⁵
1087 528 1362 601 βασιλέας,
1396 530 1622 602 ὲχρίσθη
1676 530 1756 602 τῷ
1797 531 1928 603 ἀλη-

349 619 480 691 θινῷ
528 619 789 693 χρίσματι
838 622 873 692 ἡ
931 620 1070 694 σὰρξ
1116 621 1211 676 τοῦ
1256 623 1488 694 Κυρίου,
1528 626 1596 694 τῇ
1629 623 1725 677 τοῦ
1766 623 1925 692 ἀγίου

346 711 666 783 Πνεύματος
728 714 808 777 είς
857 714 1026 786 αὐτὴν
1061 713 1348 786 ἐπιδημίᾳ,
1383 716 1520 787 ὅπερ
1553 715 1927 786 ἀγαλλιάσεως

348 802 523 857 ἔλαιον
545 805 1005 878 προσηγόρευται.
1053 806 1310 878 Ἐχρίσθη
1343 806 1401 860 δὲ
1432 808 1595 876 παρά
1616 807 1758 874 τοὺς
1790 824 1926 878 μετ-

348 895 531 963 όχους
577 894 777 949 αὑτοῦ·
820 897 1120 962 τουτέστιν,
1175 898 1316 970 ὑπὲρ
1365 899 1576 964 πάντας
1607 900 1927 972 ἀνθρώπους

346 987 472 1051 τοὺς
533 987 859 1059 μετέχοντας
895 988 990 1043 τοῦ
1031 989 1292 1063 Χριστοῦ.
1343 991 1489 1045 Διότι
1539 992 1769 1057 ἐκείνοις
1827 993 1926 1065 μὲν

351 1078 549 1150 μερική
579 1097 663 1143 τις
707 1079 907 1134 ἐδίδοτο
940 1080 1259 1152 Πνεύματος
1295 1083 1569 1149 κοινωνία,
1614 1084 1710 1137 ἐπὶ
1739 1083 1797 1138 δὲ
1833 1085 1926 1139 τὸν

349 1166 477 1221 Υίὸν
529 1167 624 1221 τοῦ
667 1168 802 1223 Θεοῦ
838 1168 1097 1224 κατελθὸν
1139 1171 1201 1225 τὸ
1238 1173 1466 1244 Πνεῦμα
1509 1174 1570 1227 τὸ
1612 1174 1797 1244 ἅγιον,
1850 1174 1926 1240 ὥς

347 1272 513 1326 φησιν
566 1256 839 1330 Ἰωάννης,
895 1262 1172 1332 Ἔμεινεν
1219 1264 1312 1317 ἐπ’
1354 1265 1562 1321 αὐτόν.
1615 1266 1813 1330 Καλῶς
1869 1267 1925 1321 δὲ

347 1348 722 1417 ἀγαλλιάσεως
779 1351 959 1407 ἔλαιον
1022 1354 1082 1408 τὸ
1141 1354 1369 1427 Πνεῦμα
1417 1358 1922 1429 προσαγορεύεται,

346 1439 532 1512 ἐπειδὴ
568 1442 662 1495 καὶ
697 1436 779 1509 εἷς
807 1444 916 1500 τῶν
948 1446 1053 1500 ὑπὸ
1086 1448 1180 1502 τοῦ
1212 1449 1528 1522 Πνεύματος
1565 1451 1722 1521 ἁγίου
1751 1469 1927 1524 γεωρ-

346 1532 627 1603 γουμένων
662 1536 891 1606 καρπῶν
918 1540 1067 1593 ἐστιν
1109 1542 1142 1612 ἡ
1184 1542 1349 1612 χαρά.
1400 1543 1619 1616 Ἐπειδὴ
1650 1543 1708 1598 δὲ
1736 1545 1929 1615 μικτός

344 1624 491 1676 ἐστιν
509 1624 538 1676 6
567 1628 696 1696 περὶ
719 1625 813 1680 τοῦ
847 1629 1101 1702 Σωτῆρος
1125 1632 1283 1701 λόγος
1307 1633 1398 1687 διά
1418 1652 1478 1687 τε
1506 1635 1605 1706 τὴν
1628 1635 1789 1705 φύσιν
1825 1636 1927 1707 τῆς

345 1714 620 1787 θεότητος,
658 1720 754 1772 καὶ
799 1721 900 1793 τὴν
930 1724 1243 1797 οἰκονομίαν
1293 1729 1391 1798 τῆς
1440 1729 1924 1801 ὲνανθρωπήσεως,

2028 544 2134 602 ret,
2155 550 2287 591 caro
2328 535 2545 591 Domini
2588 552 2721 594 vero
2763 540 3062 595 chrismate
3110 542 3330 597 inuncta
3358 553 3460 610 est,
3499 545 3615 615 ipso

2027 629 2200 684 sancti
2232 627 2473 698 Spiritus
2499 629 2553 683 in
2589 644 2708 684 eam
2730 632 2963 687 adventu
3004 651 3018 687 :
3045 634 3187 702 quod
3214 633 3415 690 laetitiae
3437 636 3613 691 oleum

2029 719 2358 789 appellatum
2394 729 2497 776 est.
2533 719 2739 777 Unctus
2767 732 2857 778 est
2900 733 3082 778 autem
3130 741 3240 794 pra:
3283 727 3614 780 consortibus

2027 815 2162 880 suis,
2191 815 2292 870 hoc
2330 826 2432 882 est,
2465 829 2576 884 pra:
2630 816 2888 873 omnibus
2943 818 3253 874 hominibus
3286 821 3378 890 qui
3411 820 3612 877 Christi

2026 917 2155 963 sunt
2196 907 2505 976 participes.
2540 905 2675 962 Nam
2716 907 2820 963 illis
2860 910 3077 978 quidem
3121 911 3304 980 aliqua
3338 911 3611 968 tribueba-

2029 1006 2119 1052 tur
2147 996 2386 1066 Spiritus
2413 997 2862 1066 communicatio;
2888 1008 2945 1055 at
2966 1014 3094 1056 vero
3127 1000 3361 1071 Spiritus
3389 1012 3613 1059 sanctus

2028 1091 2084 1144 in
2127 1090 2221 1146 Dei
2267 1089 2460 1145 Filium
2501 1090 2854 1158 descendens,
2900 1101 2960 1146 ut
3008 1093 3086 1147 ait
3125 1094 3398 1160 Joannes,
3442 1093 3617 1163 Super

2025 1181 2200 1251 ipsum
2222 1182 2417 1236 mansit
2435 1183 2499 1236 ⁸³.
2533 1183 2702 1238 Recte
2728 1191 2909 1237 autem
2940 1182 3177 1255 Spiritus
3202 1186 3379 1242 oleum
3419 1187 3617 1241 laetitia:

2027 1273 2358 1337 nominatur,
2377 1288 2501 1328 cum
2525 1289 2667 1331 unus
2681 1290 2757 1330 ex
2784 1274 3052 1330 fructibus
3077 1291 3215 1346 quos
3241 1288 3462 1331 sanctus
3488 1275 3614 1342 Spi-

2028 1366 2166 1420 ritus
2188 1365 2470 1437 producit,
2505 1365 2762 1436 gaudium
2786 1367 2858 1423 sit
2890 1368 2960 1424 ⁷⁰.
2988 1368 3152 1440 166
3183 1368 3444 1436 Quoniam
3487 1384 3617 1423 vero

2027 1457 2220 1512 mistus
2246 1465 2335 1531 est
2366 1457 2435 1512 de
2469 1456 2764 1515 Servatore
2804 1474 3010 1525 sermo,
3046 1472 3268 1531 propter
3316 1460 3617 1514 divinitatis

2027 1561 2278 1606 naturam
2306 1560 2362 1606 et
2394 1551 2790 1609 incarnationis
2822 1552 3300 1622 dispensationem,
3333 1567 3519 1607 rursus
3549 1553 3616 1604 ad

2028 1642 2123 1696 Dei
2176 1641 2569 1696 humanitatem
2621 1641 2949 1711 respiciens,
2986 1642 3114 1697 ait:
3165 1642 3415 1696 Dilea‘isti
3453 1640 3618 1708 justi-

2030 1733 2179 1799 tiam,
2204 1741 2255 1788 et
2284 1733 2446 1788 odisti
2490 1734 2824 1804 iniquitatem
2857 1752 2879 1800 ;
2919 1734 3142 1804 perinde
3176 1734 3329 1803 quasi
3364 1734 3566 1788 diceret
3597 1749 3615 1787 :

344 1807 506 1862 πάλιν
538 1811 620 1875 εἰς
651 1812 713 1866 τὸ
740 1814 1083 1887 ἀνθρώπινον
1114 1817 1208 1871 τοῦ
1230 1820 1366 1873 Θεοῦ
1384 1820 1721 1891 ἀποϐλέψας,
1738 1822 1922 1893 φησίν·

2041 1822 2244 1892 Reliqui
2273 1823 2490 1892 quidem
2536 1824 2785 1880 homines
2809 1824 2996 1880 labore
3021 1826 3393 1895 exercitioque
3432 1837 3489 1878 et
3529 1834 3617 1879 at-

357 1898 706 1971 Ἦτάπησας
731 1905 1146 1976 δικαιοσύνην,
1172 1910 1270 1965 καὶ
1291 1913 1591 1981 ἐμίσησας
1634 1913 1892 1983 ἀνομίαν
1910 1933 1924 1946 ·

344 1992 466 2046 ἀντὶ
503 1995 620 2064 τοῦ,
645 2000 709 2051 Oi
743 2000 843 2070 μὲν
871 2000 1047 2057 λοιποὶ
1078 2002 1358 2075 ἄνθρωποι
1392 2006 1540 2077 πόνῳ
1560 2007 1658 2062 καὶ
1692 2008 1925 2078 ἀσκήσει

344 2086 440 2139 καὶ
473 2093 713 2162 προσοχῇ
740 2092 999 2159 πολλάκις
1025 2097 1348 2166 κατορθοῦσι
1375 2097 1474 2168 τὴν
1506 2098 1643 2169 πρὸς
1667 2099 1729 2153 τὸ
1761 2100 1925 2154 καλὸν

343 2176 604 2247 διάθεσιν,
636 2184 730 2237 καὶ
761 2184 860 2254 τὴν
903 2184 1014 2241 τῶν
1048 2187 1267 2257 φαύλων
1318 2189 1702 2263 ἀποστροφήν’
1740 2192 1823 2245 σοὶ
1865 2192 1924 2246 δὲ

345 2273 544 2344 φυσική
579 2273 662 2338 τίς
678 2277 793 2328 ἐστι
818 2277 955 2350 πρὸς
972 2279 1033 2332 τὸ
1060 2280 1264 2349 ἀγαθὸν
1292 2284 1325 2352 ὴ
1357 2282 1651 2350 οἰκείωσις,
1670 2285 1763 2338 καὶ
1786 2284 1922 2357 πρὸς

342 2365 443 2436 τὴν
474 2368 705 2436 ἀνομίαν
751 2371 785 2440 ἡ
825 2370 1199 2444 ἀλλοτρίωσις.
1254 2375 1367 2429 Καὶ
1412 2376 1546 2447 ἡμῖν
1595 2376 1653 2430 δὲ
1694 2376 1807 2448 (9i)
1858 2379 1921 2431 οὐ

343 2455 578 2526 χαλεπὸν
604 2458 942 2532 βουληθεῖσιν
959 2463 1248 2519 ἀναλαϐεῖν
1262 2466 1361 2537 τὴν
1379 2466 1516 2537 πρὸς
1535 2466 1633 2538 τὴν
1654 2466 1926 2521 δικαιοσύ-

344 2564 443 2620 νην
464 2549 708 2622 ἀγάπην,
737 2552 832 2606 καὶ
862 2553 923 2606 τὸ
953 2555 1091 2625 πρὸς
1127 2558 1228 2629 τὴν
1260 2558 1492 2629 ἀνομίαν
1525 2561 1703 2630 μῖσος.
1734 2561 1925 2614 Πᾶσαν

344 2639 455 2714 γὰρ
482 2641 711 2714 δύναμιν
734 2647 764 2698 6
787 2644 920 2710 Θεὸς
949 2648 1236 2720 χρησίμως
1264 2650 1434 2705 ἔδωκε
1446 2653 1512 2723 τῇ
1544 2651 1735 2725 λογικῇ
1753 2653 1923 2724 ψυχῇο

344 2733 534 2807 ὥσπερ
561 2737 662 2809 τὴν
690 2737 783 2791 τοῦ
818 2741 1060 2813 ἀγαπᾷν,
1091 2741 1235 2797 οὕτω
1256 2744 1352 2798 καὶ
1379 2746 1479 2816 τὴν
1500 2743 1594 2799 τοῦ
1628 2748 1826 2816 μισεῖν·
1844 2747 1932 2801 ἵνα

347 2823 489 2897 λόγῳ
516 2825 864 2899 εύθυνόμενοι
896 2833 1201 2905 ἀγαπῶμεν
1243 2836 1341 2906 μὲν
1369 2836 1469 2909 τὴν
1506 2838 1728 2910 ἀρετὴν,
1764 2837 1932 2909 μισῶ-

349 2935 451 2988 μεν
471 2917 638 2991 δὲτὴν
667 2922 886 2977 κακίαν.
919 2924 1076 2979 Ἐστι
1102 2928 1210 2999 γάρ
1241 2945 1374 2983 ποτε
1408 2929 1500 2982 καὶ
1518 2930 1819 2994 ὲπαινετῶς
1846 2929 1927 3001 τῷ

2031 1915 2273 1968 tentione
2300 1914 2620 1983 plerumque
2662 1915 2882 1970 virtutis
2921 1914 3165 1971 habitum
3221 1922 3613 1985 assequuntur,

2029 2004 2435 2074 abhorrenlque
2470 2020 2500 2059 a
2548 2005 2732 2072 vitiis;
2766 2006 2861 2061 tibi
2902 2021 3035 2063 vero
3071 2007 3334 2062 naturalis
3370 2009 3617 2077 quaedam

2025 2105 2110 2152 est
2164 2110 2286 2151 cum
2342 2096 2487 2152 bono
2532 2097 2842 2165 conjunctio
2879 2113 2945 2154 ac
2988 2100 3357 2166 necessitudo,
3408 2102 3614 2156 aliena-

2025 2189 2211 2259 tioque
2249 2189 2318 2245 ab
2366 2188 2671 2258 iniquitate.
2690 2188 2996 2256 Quinetiam
3045 2192 3218 2257 nobis,
3237 2193 3282 2246 si
3325 2192 3613 2257 volumus,

2031 2280 2246 2337 diﬂicile
2311 2296 2419 2336 non
2468 2290 2552 2337 est
2607 2295 2847 2336 amorem
2905 2281 3160 2352 justitim,
3209 2293 3265 2338 et
3315 2285 3620 2353 iniquitatis

2030 2375 2216 2431 odium
2249 2373 2548 2442 suscipere.
2589 2371 2818 2428 Omnem
2851 2374 2997 2429 enim
3026 2372 3339 2429 facultatem
3370 2375 3620 2429 rationali

2033 2466 2227 2520 animae
2284 2464 2488 2520 utiliter
2522 2463 2669 2518 dedit
2702 2464 2888 2531 Deus;
2920 2476 2980 2520 ut
3030 2467 3253 2531 amoris,
3282 2467 3356 2521 ita
3405 2482 3623 2537 quoque

2032 2559 2142 2614 odii
2186 2577 2202 2613 :
2240 2567 2303 2613 ut
2346 2557 2563 2613 ratione
2600 2557 2796 2612 directi
2832 2558 3122 2630 diligamus
3174 2559 3465 2624 virtutem,
3497 2558 3623 2613 odio

2033 2666 2168 2707 vero
2204 2650 2504 2708 habeamus
2554 2650 2923 2720 iniquitatem.
2969 2650 3123 2706 Licet
3149 2651 3293 2705 cnim
3330 2650 3624 2718 aliquando

2037 2744 2202 2800 etiam
2247 2740 2591 2798 laudabiliter
2619 2740 2745 2796 odio
2778 2741 2877 2796 uti.
2914 2740 3105 2795 Nonne
3146 2757 3235 2795 eos
3267 2742 3357 2812 qui
3404 2743 3625 2795 oderant

2033 2845 2105 2898 te,
2128 2833 2371 2901 Domine,
2394 2834 2518 2887 odio
2543 2833 2734 2899 habui,
2764 2841 2815 2886 et
2855 2848 3011 2901 super
3039 2833 3280 2887 inimicos
3322 2843 3440 2887 tuos
3475 2834 3624 2886 tabe-

2031 2928 2235 2983 scebam
2265 2927 2291 2981 .7
2316 2923 2562 2995 Perfecto
2599 2925 2722 2979 odio
2749 2925 2964 2978 oderam
2995 2923 3115 2979 illos
3142 2925 3211 2977 ".

350 3007 498 3079 μίσει
527 3011 855 3083 χρήσασθαι.
891 3015 1038 3084 Οὐχὶ
1096 3017 1240 3085 τοὺς
1269 3019 1611 3088 μισοῦντας
1665 3035 1762 3088 σε,
1797 3021 1997 3091 Κύριε,
2034 3019 2340 3089 ἐμίσησα,
2393 3015 2495 3070 καὶ
2544 3016 2647 3070 ἐπὶ
2689 3015 2834 3083 τοὺς
2881 3015 3134 3086 ἐχθρούς
3186 3031 3303 3071 σου
3345 3015 3628 3085 ἐξετηκό-

343 3101 636 3173 μην(92);
671 3102 908 3160 Τέλειον
922 3106 1107 3177 μῖσος
1120 3110 1377 3180 ἐμίσουν
1407 3113 1651 3187 αύτούς.

419 3190 473 3246 9.
492 3195 737 3263 Σμύρνα
764 3196 864 3254 καὶ
884 3199 1114 3269 στακτὴ
1134 3201 1235 3255 καὶ
1256 3204 1489 3258 κασσία
1507 3204 1628 3259 ἀπὸ
1655 3204 1777 3260 τῶν
1805 3209 1934 3276 ἱμα-

2108 3200 2165 3257 9.
2206 3196 2376 3255 Vslts.
2401 3197 2456 3263 9,
2489 3194 2579 3255 10.
2622 3196 2844 3266 Myrrha
2872 3204 2920 3250 et
2951 3204 3100 3266 gutta
3132 3205 3180 3249 et
3222 3198 3366 3251 casia
3405 3214 3437 3250 a
3474 3199 3629 3253 vesti-

350 3286 492 3340 τίων
510 3302 629 3342 σου
655 3289 772 3344 ἀπὸ
788 3290 1031 3361 βάρεων
1052 3296 1493 3365 ἐλεφαντίνων,
1523 3297 1592 3363 ἐξ
1621 3292 1709 3351 ὧν
1723 3300 1938 3370 εὔφρα-

350 3376 468 3430 rei?
487 3392 561 3433 σε
586 3382 907 3453 θυγατέρες
920 3387 1235 3450 ,ϐασιλέων
1250 3389 1324 3443 ἐν
1339 3388 1417 3457 τῇ
1443 3388 1583 3460 τιμῇ
1616 3405 1755 3446 σου.
1774 3391 1940 3445 Ὑπο-

353 3470 693 3527 καταὸαίνων
719 3473 1031 3542 ἀκολούθως
1071 3479 1100 3531 6
1126 3480 1468 3551 προφητικὸς
1487 3480 1664 3549 λόγος,
1693 3481 1790 3535 καὶ
1805 3484 1938 3537 πᾶσι

351 3563 466 3626 τοῖς
478 3563 619 3618 κατά
638 3564 735 3637 τὴν
754 3568 1069 3642 οίκονομίαν
1086 3571 1490 3643 προεπιὸαλὼν,
1504 3572 1583 3644 τῷ
1604 3574 1939 3646 ὲνατενισμῷ

353 3651 449 3707 τοῦ
488 3655 807 3728 Πνεύματος
844 3658 955 3733 (95)
995 3661 1089 3715 τοῦ
1137 3663 1616 3729 ἀπκαλύπτοντος
1669 3666 1820 3736 αὐτῷ
1870 3667 1941 3721 τά

354 3745 594 3815 κρυπτὰ,
626 3743 790 3819 ἦλθεν
822 3751 917 3805 ἐπὶ
958 3752 1020 3806 τὸ
1060 3752 1234 3817 πάθος
1256 3771 1269 3785 ο
1324 3756 1569 3825 Σμύρνα
1610 3755 1745 3828 γὰρ,
1782 3759 1938 3829 φησὶ,

352 3836 452 3890 καὶ
481 3839 714 3909 στακτὴ
745 3841 847 3897 καὶ
877 3846 1108 3900 κασσία
1133 3845 1251 3900 ἀπὸ
1279 3845 1400 3899 τῶν
1426 3848 1672 3916 ἱματίων
1689 3863 1826 3903 σου.
1876 3849 1940 3903 Ἢ

356 3932 455 4004 μὲν
484 3923 578 3987 οὖν
612 3931 828 4005 σμύρνα
863 3935 946 3987 ὅτι
976 3936 1158 4006 ταφῆς
1188 3936 1304 3989 ἐστι
1340 3935 1628 4008 σύμϐολον,
1670 3939 1766 3992 καὶ
1794 3940 1823 3992 6
1854 3938 1942 3991 εὑ-

354 4025 682 4098 αγγελιστὴς
702 4027 853 4097 ἡμᾶς
904 4027 1156 4099 Ἰωάννης
1189 4028 1449 4096 ἐδίδαξεν,
1476 4031 1647 4083 εἰπὼν
1679 4030 1785 4084 ὑπὸ
1828 4032 1943 4084 Ἰω-

359 4119 469 4190 σὴφ
503 4119 598 4172 τοῦ
650 4118 1007 4190 Ἀριμαθαίου
1053 4121 1473 4190 ἐντεταφιάσθαι
1516 4123 1655 4193 μετά
1694 4122 1943 4195 σμύρνης

357 4211 461 4267 καὶ
489 4211 673 4281 ἀλόης.
722 4212 788 4266 Ἦ
820 4212 877 4266 δὲ
917 4213 1125 4284 στακτὴ
1178 4214 1274 4268 καὶ
1325 4215 1462 4286 αὐτὴ
1511 4215 1761 4286 σμύρνης
1796 4216 1943 4271 ἐστὶν

360 4303 498 4368 εἶδος
545 4304 606 4358 τὸ
636 4303 980 4360 λεπτότατον.
1024 4305 1394 4371 Ἐκθλιόἐντος
1435 4306 1545 4377 γὰρ
1589 4306 1684 4360 τοῦ
1718 4305 1943 4378 ἀρώμα-

357 4413 471 4461 τος,
492 4397 616 4451 ὅσον
647 4398 744 4469 μὲν
767 4396 930 4451 αὐτοῦ
959 4398 1138 4469 ῥυτὸν,
1170 4400 1250 4462 εἰς
1278 4399 1375 4471 τὴν
1411 4399 1647 4470 στακτὴν
1673 4400 1942 4472 ἀπομερί-

361 4490 512 4551 (erat
528 4506 541 4519 ·
577 4489 639 4545 τὸ
658 4490 716 4543 δὲ
742 4489 1047 4561 παχύτερον
1070 4489 1183 4560 (94)
1205 4490 1479 4562 ἀπομένον
1506 4491 1725 4563 σμύρνα
1743 4510 1945 4563 προσα-

2045 3292 2235 3349 mentis
2263 3293 2371 3345 tuis
2397 3307 2429 3345 a
2463 3289 2706 3345 dantibus
2734 3290 2998 3355 eburneis,
3021 3305 3086 3343 ea:
3113 3289 3306 3359 quibus
3342 3288 3629 3344 delectave-

2047 3397 2168 3442 runt
2205 3396 2253 3440 ιε
2287 3385 2415 3454 ﬁlia:
2445 3400 2624 3454 regum
2651 3385 2709 3437 in
2740 3382 2939 3437 honore
2973 3392 3084 3437 tuo.
3125 3364 3480 3451 Propheticus
3512 3397 3630 3436 ser-

2046 3494 2138 3533 mo
2163 3476 2427 3548 paulatim
2457 3473 2652 3531 ordine
2679 3472 3040 3539 descendens,
3072 3486 3137 3526 ae
3172 3472 3324 3542 prius
3354 3486 3416 3525 ea
3446 3473 3626 3525 omnia

2047 3582 2168 3638 quae
2196 3567 2264 3623 ad
2300 3564 2699 3622 incarnationis
2728 3564 3189 3633 dispensationem
3223 3563 3474 3626 attinent,
3502 3577 3630 3632 pro—

2048 3667 2288 3725 secutus,
2325 3656 2635 3713 vehementi
2670 3655 2905 3725 quodam
2936 3654 3172 3725 Spiritus
3199 3655 3246 3709 ei
3280 3654 3495 3709 occulta
3536 3671 3627 3710 re-

2047 3752 2279 3807 velantis
2307 3749 2513 3814 alliatu,
2535 3749 2682 3805 venit
2715 3749 2781 3803 ad
2813 3748 3120 3817 passionem
3158 3766 3170 3801 :
3205 3746 3425 3817 Myrrha
3457 3748 3627 3812 enim,

2050 3845 2246 3914 inquit,
2279 3853 2329 3898 et
2379 3850 2530 3913 gutta
2572 3851 2622 3895 et
2675 3841 2824 3895 casia
2871 3856 2903 3894 a
2949 3840 3266 3894 vestimentis
3297 3840 3420 3893 tuis.
3473 3837 3628 3904 Quod

2049 3937 2268 4008 quidem
2321 3936 2544 4005 myrrha
2597 3932 2900 4005 symbolum
2954 3934 3027 3988 sit
3081 3930 3402 4002 sepulturas,
3460 3932 3626 3984 etiam

2050 4029 2382 4100 evangelista
2433 4029 2670 4085 Joannes
2720 4043 2819 4084 nos
2869 4028 3073 4092 docuit,
3102 4025 3196 4096 qui
3244 4024 3389 4080 dicat
3426 4038 3553 4078 eum
3599 4040 3627 4077 a

2057 4123 2259 4191 Joseph
2285 4123 2352 4176 ab
2374 4122 2702 4176 Arimathaaa
2735 4137 2857 4176 cum
2888 4119 3106 4195 myrrha
3135 4128 3188 4174 et
3218 4119 3336 4174 aloe
3357 4117 3629 4188 sepultum

2048 4232 2173 4272 esse
2197 4217 2267 4271 τ’.
2304 4215 2470 4271 Gutta
2504 4230 2632 4270 vero
2662 4216 2825 4271 etiam
2872 4215 2991 4284 ipsa
3037 4214 3273 4285 myrrha:
3306 4213 3516 4281 species
3548 4221 3633 4266 est

2054 4309 2392 4365 tenuissima.
2435 4308 2731 4379 Postquam
2761 4309 2906 4363 enim
2958 4317 3242 4363 contusum
3288 4313 3372 4361 est
3417 4319 3630 4369 aroma,

2051 4402 2311 4472 quidquid
2364 4401 2420 4455 in
2459 4416 2524 4455 eo
2569 4409 2653 4454 est
2697 4399 2910 4469 liquidi,
2949 4399 3002 4453 in
3055 4409 3265 4469 guttam
3316 4406 3630 4467 separatur,

2053 4496 2195 4565 quod
2233 4495 2473 4550 craSsius
2512 4504 2784 4564 superest,
2823 4494 3042 4565 myrrha
3089 4493 3410 4563 appellatur.
3447 4491 3634 4561 Itaque

433 4643 475 4677 “
500 4642 655 4698 Joan.
700 4658 739 4710 ι,
774 4644 863 4699 52.
939 4647 985 4679 ⁷ο
1013 4645 1132 4701 Gal.
1164 4663 1217 4712 v,
1247 4646 1337 4701 22.
1411 4646 1457 4678 '”
1481 4647 1621 4702 Psal.
1647 4663 1911 4717 cxxxvut,
1933 4649 2025 4717 2i,
2063 4650 2154 4707 22.
2235 4652 2280 4683 ⁷³
2309 4650 2463 4709 Joan.
2496 4665 2610 4716 xrx,
2643 4651 2733 4705 59.

432 4807 542 4879 (9|)
575 4806 781 4863 Vocula
810 4808 868 4862 δέ
896 4809 1054 4865 abest
1083 4809 1153 4866 ab
1185 4810 1429 4866 editione
1455 4810 1623 4867 Basil.
1653 4821 1709 4867 et
1744 4813 1813 4868 ab
1846 4812 1944 4868 ali-
1973 4812 2025 4873 D
2051 4814 2124 4868 ita
2181 4812 2316 4867 nihil
2361 4824 2548 4867 vetare
2576 4813 2797 4867 videtur
2838 4812 3130 4880 quominus
3182 4811 3251 4865 de
3293 4809 3385 4865 illo
3424 4808 3628 4880 priore,

360 4880 559 4949 quibus
589 4893 722 4933 mss.

433 4947 545 5026 (_9_2)
586 4948 720 5026 _llla,
775 4949 870 5026 καὶ.
901 4950 1539 5026 επὶ-τοὺς-εχθρούςίσου
1580 4951 1944 5026 ἐξετηκόμην,

366 5018 549 5093 addita
581 5018 754 5093 fuisse
780 5021 1023 5093 editioni
1053 5018 1320 5093 Basilfe's
1350 5023 1492 5079 Oliv.
1521 5035 1576 5080 et
1598 5018 1825 5093 Anglic:
1846 5018 1945 5079 d'oé

362 5098 449 5145 cet
485 5091 568 5144 vir
595 5088 966 5158 peritissimus
997 5091 1243 5149 Dircaeus.
1274 5092 1439 5147 Notat
1461 5104 1641 5150 tamen
1675 5088 1816 5149 idem
1855 5096 1947 5150 ille

361 5160 542 5247 legiin
567 5160 706 5247 pliv.
735 5162 828 5247 sui.
855 5164 970 5247 τοῖς
998 5162 1214 5247 ἐχθροῖς
1247 5181 1362 5247 σου,
1392 5181 1520 5230 non,
1545 5164 1681 5222 utin
1717 5166 1948 5247 vulgatis

362 5230 539 5295 libris,
563 5231 658 5285 ἐπὶ
689 5234 817 5305 τοὺς
851 5230 1081 5302 ἐχθρούς
1102 5230 1234 5292 σου.
1290 5235 1364 5289 Ea
1419 5247 1603 5291 autem
1645 5251 1766 5305 quae
1802 5230 1946 5290 vidi-

365 5316 488 5355 mus
513 5303 849 5370 exemplaria
882 5319 986 5356 non
1018 5305 1352 5359 conveniunt
1393 5305 1536 5362 inter
1581 5303 1671 5361 se.
1711 5307 1767 5360 ln
1822 5306 1947 5361 aliis

366 5370 512 5445 enim
548 5372 712 5427 verba
753 5373 875 5445 _illa,
911 5373 1012 5445 ,καὶ
1042 5374 1162 5426 ..ἐπὶ
1210 5374 1357 5438 τούς,
1412 5388 1546 5437 etc.,
1600 5377 1948 5445 reperiuntur

366 5440 583 5512 quidem
616 5457 632 5493 :
669 5443 763 5496 sed
789 5445 840 5496 in
875 5443 1000 5498 aliis
1031 5459 1135 5498 non
1165 5447 1354 5512 paucis
1383 5440 1798 5503 desiderantur.
1830 5446 1941 5500 lbi-

367 5511 489 5585 dem
523 5521 647 5585 post
670 5514 805 5585 _illa,
841 5513 1065 5584 ἐμίσουν
1092 5511 1314 5582 αὐτούς,
1352 5518 1618 5585 scriptum
1669 5516 1946 5571 invenitur

367 5579 422 5632 in
449 5578 775 5658 Colhcrtinis
790 5578 981 5658 primo
1010 5595 1065 5639 et
1104 5578 1385 5649 sextust;
1420 5578 1656 5658 ,ἐχθροὺς
1694 5586 1944 5656 ἐγένοντό

371 5665 481 5727 μοι,
532 5649 744 5727 Inimici
773 5649 907 5727 [acti
953 5665 1074 5727 sunt
1115 5658 1268 5711 mihi.
1320 5657 1426 5711 Sed
1456 5649 1940 5727 "quemadmodum

368 5719 814 5797 ultimnnrillnd.
850 5725 929 5797 είς
972 5725 1203 5795 ἐχθροὺς
1238 5719 1631 5797 ἐγένοντόμοι,
1663 5729 1811 5783 credi
1842 5743 1940 5793 pu-

371 5799 470 5863 tcst
498 5806 563 5848 ex
595 5790 779 5850 Bibliis
811 5790 1087 5867 adjectum
1115 5790 1291 5855 fuisse
1333 5799 1400 5857 ab
1449 5790 1630 5869 aliquo
1655 5790 1889 5874 librario
1922 5813 1935 5851 :

2052 4886 2148 4937 καὶ
2170 4884 2263 4937 ἐπὶ
2294 4884 2421 4956 τούς
2450 4884 2678 4956 ἐχθροὺς
2707 4880 3085 4956 ἐξετηκόμην,
3106 4881 3247 4937 idem
3273 4894 3487 4956 quoque
3509 4896 3634 4934 seu»

2054 4957 2273 5008 tiamus.
2324 4953 2456 5009 Utut
2480 4952 2593 5009 haec
2617 4963 2768 5017 sunt,
2805 4952 3254 5021 nihilquidquam
3294 4952 3348 5004 in
3372 4960 3629 5021 contextu

2054 5025 2408 5079 mutavimus.
2468 5025 2622 5091 Quod
2681 5025 2827 5079 enim
2885 5019 3189 5078 addendum
3232 5019 3501 5091 judicavit
3558 5021 3628 5082 is,

2052 5109 2212 5163 quem
2246 5095 2408 5150 modo
2446 5090 2580 5163 dixi,
2622 5095 2706 5149 vir
2762 5094 3188 5159 eruditissimus,
3216 5093 3268 5146 id
3311 5090 3432 5146 sine
3478 5099 3632 5146 certo

2054 5176 2379 5235 argumento
2413 5166 2648 5235 expungi
2679 5165 2878 5220 debere
2902 5180 3007 5235 non
3036 5174 3307 5235 putamus.

2126 5232 2238 5308 (95)
2261 5232 2648 5308 Vehementein
2671 5236 2960 5308 quemdam
2985 5232 3220 5302 Spiritus
3238 5232 3474 5308 amatum
3500 5244 3634 5285 voce

2053 5300 2395 5377 ἐνατενισμῷ
2432 5300 2728 5377 signiﬁcari
2760 5300 3059 5377 obscurum
3094 5318 3201 5357 non
3242 5312 3345 5356 est.
3380 5300 3636 5377 Yerterat

2051 5370 2325 5446 interpres
2366 5370 2546 5443 't'etu's,
2576 5375 2812 5444 Spiritus
2870 5375 3187 5446 intentione,
3211 5388 3319 5426 non
3366 5370 3473 5446 alio
3509 5372 3635 5446 qui:

2049 5440 2215 5510 dem;
2244 5457 2395 5516 puto,
2434 5440 2645 5501 sensu:
2681 5447 2777 5501 scd
2805 5446 3058 5516 ambigue
3095 5454 3150 5498 et
3177 5440 3492 5516 improprie.
3551 5441 3635 5507 Τῷ

2047 5512 2347 5585 ἀτενίσμῷ
2414 5517 2522 5571 τοῦ
2581 5512 2977 5582 Πνεύματοςί
3008 5512 3339 5585 vertendum
3396 5512 3632 5577 videtur,

2047 5583 2267 5652 accepta
2295 5606 2325 5640 a
2359 5590 2551 5654 spiritu
2582 5588 3047 5653 contemplatione.
3085 5583 3297 5637 MARAN.

2088 5683 2094 5691 υ
2119 5648 2230 5725 (92η
2260 5648 2401 5711 Editi
2430 5656 2598 5727 παχύ.
2626 5657 2694 5710 At
2727 5648 2966 5725 quinque
2998 5671 3128 5727 mss.
3164 5653 3495 5727 παχύτερον.
3515 5648 3638 5706 Sta-

2048 5728 2142 5782 tim
2177 5728 2305 5781 editi
2339 5725 2602 5784 ἀποπνέει
2643 5728 2762 5800 μέν.
2823 5727 3025 5785 γυωιε
3057 5725 3156 5798 μέν
3188 5727 3340 5785 deest
3389 5725 3444 5782 in
3496 5738 3631 5781 mss.

2045 5814 2154 5854 non
2190 5813 2380 5868 paucis
