4016 6220
417 326 516 384 107

1756 323 1816 382 S.
1857 325 1941 382 BA
1950 325 2108 384 SlLlI
2145 324 2364 383 MAGNI

3584 329 3699 389 408

405 442 616 502 Christi
673 442 847 498 bonus
896 441 1034 498 odor
1085 441 1364 514 myrrham
1418 441 1636 513 quidem
1691 444 1885 514 spirat,
1928 447 1992 501 oh

2100 444 2405 518 γορεύεται.
2421 444 2632 500 Οὐκοῦν
2648 446 2744 499 καὶ
2766 443 3029 500 ἀποπνέει
3046 445 3078 518 ἡ
3095 444 3190 499 τοῦ
3212 443 3452 518 Χριστοῦ
3472 447 3699 524 εὐωδία,

408 534 722 608 passionem
759 550 775 588 :
815 539 1025 602 guttam
1051 546 1211 598 vero,
1240 531 1383 601 quod
1425 547 1531 587 non
1578 534 1871 590 immobilis
1899 549 1997 592 nec

407 627 621 683 otiosus
656 635 749 680 aut
781 624 1030 680 ineﬂicax
1067 626 1432 695 permanserit
1468 626 1640 681 tribus
1669 628 1777 684 illis
1809 629 1999 687 diebus

408 733 479 774 ac
507 718 784 782 noctibus,
807 718 900 773 sed
934 718 988 772 in
1019 717 1296 773 infernum
1327 718 1694 785 descenderit,
1720 721 1791 776 ob
1817 734 2000 777 resur-

411 811 680 868 rectionis
736 811 1239 880 dispensationem,
1293 821 1355 867 ut
1415 812 1600 868 omnia
1649 828 1774 884 quae
1826 814 1893 870 ad
1940 830 2000 870 se

410 906 735 975 spectabant
784 904 1053 974 expleret.
1103 904 1321 961 Caslam
1359 906 1579 961 tandem
1619 905 1810 974 spirat,
1853 907 1999 977 quod

408 1000 557 1056 casia
590 1013 778 1057 cortex
814 1009 903 1056 est
950 1000 1329 1064 tenuissimus,
1360 1009 1414 1056 et
1440 1001 1579 1056 bene
1616 1001 1791 1067 olens,
1823 1000 2001 1071 ligno-

409 1107 531 1149 sum
580 1091 885 1149 obtendens
932 1093 1228 1149 calamum.
1278 1091 1558 1149 Fortassis
1600 1093 1768 1162 igitur
1816 1094 2000 1149 crucis

406 1184 723 1256 passionem
783 1184 958 1254 gratia
1028 1184 1299 1239 universae
1361 1192 1627 1239 creaturae
1687 1195 1996 1254 susceptam

411 1276 522 1333 alte
570 1277 727 1332 nobis
777 1292 843 1332 ac
890 1277 1173 1348 sapienter
1216 1292 1318 1347 per
1365 1277 1531 1343 casiae
1579 1291 1773 1332 nomen
1824 1277 2001 1332 innuit

411 1367 719 1438 Scriptura.
770 1368 951 1424 Habes
993 1383 1124 1437 ergo
1176 1369 1457 1440 myrrham
1510 1368 1579 1423 ob
1624 1367 1996 1437 sepulturam,

408 1470 623 1532 guttam
666 1459 737 1516 ob
789 1458 1108 1516 descensum
1155 1459 1220 1513 ad
1271 1459 1474 1515 inferos
1522 1459 1994 1530 (quandoquidem

408 1549 590 1602 omnis
619 1548 872 1603 deorsum
911 1542 1135 1615 fertur),
1166 1547 1370 1602 casiam
1407 1563 1562 1613 vero,
1607 1549 1678 1603 ob
1727 1550 1912 1604 carnis
1944 1549 1998 1603 in

410 1638 559 1707 ligno
593 1637 1081 1707 dispensationem.
1110 1638 1191 1693 Ex
1217 1639 1320 1694 hac
1346 1648 1529 1694 autem
1560 1654 1726 1695 causa
1757 1638 1999 1694 Delecta-

407 1740 615 1796 oerunt,
650 1731 849 1801 inquit,
882 1742 931 1786 te
978 1730 1107 1801 ﬁlia
1146 1748 1326 1802 regum
1374 1734 1431 1786 in
1477 1733 1676 1786 honore
1717 1743 1827 1787 tuo.
1868 1733 1999 1798 Quae

2103 538 2352 611 σμύρνης
2405 540 2506 611 μὲν
2548 538 2637 593 διὰ
2675 537 2740 592 τὺ
2772 538 2965 603 πάθος,
3010 538 3249 611 στακτῆς
3300 539 3361 593 δὲ
3404 539 3492 595 διὰ
3530 541 3591 596 τὸ
3615 544 3697 613 μὴ

2100 629 2358 702 ἀκίνητον
2411 633 2590 701 μεῖναι
2650 631 2785 703 μηδὲ
2834 630 3198 702 ἀνενέργητον
3245 631 3304 684 ὲν
3348 632 3471 696 ταῖς
3512 632 3698 703 τρισὶν

2101 724 2337 796 ἡμέραις
2363 725 2458 778 καὶ
2476 728 2597 790 ταῖς
2614 725 2765 799 τρισὶ
2790 725 2960 791 νυξὶν,
2988 724 3125 780 ἀλλὰ
3157 724 3441 780 κατελθεῖν
3456 728 3538 791 εἱς
3560 727 3696 798 ᾅδου

2099 817 2201 888 τῆς
2231 818 2361 888 περὶ
2393 817 2494 889 τὴν
2526 818 2825 873 ἀνάστασιν
2850 818 3165 891 οἰκονομίας
3191 818 3399 883 ἕνεκεν,
3431 818 3521 873 ἱνα
3549 820 3696 891 πλη-

2102 906 2256 983 ρώσῃ
2306 910 2503 964 ἑαυτοῦ
2546 910 2616 964 τὰ
2660 911 2972 983 σύμπαντα.
3010 911 3262 977 Κασσίας
3305 911 3364 966 δὲ
3405 912 3692 979 ἀποπνέει,

2100 1000 2236 1054 διότι
2265 1004 2298 1072 η
2328 1002 2531 1056 κασσία
2565 1004 2749 1074 φλοιός
2790 1004 2877 1067 τίς
2918 1005 3036 1058 ἐστι
3080 1002 3407 1069 λεπτότατος
3435 1005 3529 1059 καὶ
3554 1004 3697 1058 εὐώ-

2100 1091 2220 1163 δης,
2256 1090 2479 1156 ξυλώδει
2513 1094 2715 1167 κάρφει
2750 1093 3204 1166 περιτεινόμενος.
3235 1095 3463 1165 Μήποτε
3503 1088 3597 1149 οὖν
3629 1094 3696 1147 τὸ

2099 1183 2198 1238 τοῦ
2226 1185 2465 1257 σταυροῦ
2497 1186 2692 1251 πάθος,
2711 1187 2799 1240 ἐπ’
2821 1185 3114 1258 εὐεργεσίᾳ
3132 1185 3233 1257 τῆς
3260 1186 3490 1250 κτίσεως
3509 1187 3698 1256 πάσης

2100 1278 2481 1350 παραληφθὲν,
2522 1278 2732 1350 βαθέως
2763 1281 2894 1350 ἡμῖν
2925 1280 3021 1333 καὶ
3046 1278 3228 1349 σοφῶς
3253 1280 3282 1332 ὁ
3302 1277 3460 1347 λόγος
3486 1276 3574 1330 διὰ
3594 1275 3695 1330 τοῦ

2098 1371 2467 1443 τῆς-κασσὶας
2490 1372 2754 1443 ὀνόματος
2784 1371 3140 1445 παρῃνίξατο.
3181 1371 3366 1442 Ἔχεις
3394 1366 3487 1424 οὖν
3514 1368 3699 1441 σμύρ-

2099 1481 2200 1519 ναν
2232 1466 2331 1536 μὲν
2360 1466 2449 1519 διὰ
2479 1466 2577 1537 τὴν
2606 1467 2807 1538 ταφὴν,
2839 1465 3077 1537 στακτὴν
3106 1466 3163 1519 δὲ
3193 1463 3283 1518 διὰ
3307 1463 3405 1534 τὴν
3455 1464 3534 1527 εἱς
3562 1463 3697 1533 ᾅδου

2098 1559 2326 1615 κάθοδον
2364 1559 2572 1631 (ἐπειδὴ
2601 1561 2755 1613 πᾶσα
2788 1557 3001 1629 σταγὼν
3031 1557 3125 1610 ἐπὶ
3145 1557 3215 1611 τὰ
3243 1556 3394 1611 κάτω
3418 1553 3695 1627 φέρεται),

2100 1654 2335 1706 κασσίαν
2361 1653 2419 1706 δὲ
2448 1653 2538 1706 διὰ
2562 1651 2658 1725 τὴν
2689 1653 2793 1722 τῆς
2823 1651 3026 1723 σαρκὸς
3050 1650 3181 1722 περὶ
3206 1649 3267 1703 τὸ
3297 1648 3452 1716 ξύλον
3485 1649 3696 1701 οἰκονο-

2104 1745 2253 1815 μίαν.
2295 1745 2390 1799 Ἐκ
2414 1745 2471 1799 δὲ
2497 1745 2703 1815 ταύτης
2725 1745 2824 1816 τῆς
2849 1743 3029 1807 αἰτίας
3063 1740 3388 1813 Εὔφρανάν
3439 1757 3534 1803 σε,
3585 1757 3697 1811 φη-

408 1838 542 1880 vero
577 1824 782 1880 fuerint
824 1825 950 1881 ﬁliae
1000 1840 1186 1895 regum
1233 1826 1336 1881 nisi
1376 1840 1652 1897 generosae
1685 1839 1992 1896 magnaeque

2103 1836 2175 1900 σὶ,
2206 1836 2528 1906 θυγατέρες
2544 1835 2855 1901 ,ϐασιλέων
2880 1835 2950 1890 ὲν
2982 1833 3059 1904 τῇ
3083 1832 3225 1904 τιμῇ
3257 1847 3397 1887 σου.
3440 1830 3692 1900 Θυγατέ-

405 1923 462 1969 et
500 1915 663 1979 regite
715 1914 956 1970 animae?
1001 1931 1122 1985 quae
1171 1924 1393 1985 propter
1447 1917 1588 1971 hanc
1640 1916 1708 1971 ad
1757 1916 1993 1971 humana

407 2004 793 2060 demissionem
815 2005 1093 2061 Christum
1116 2015 1535 2077 cognoscentes,
1565 2006 1740 2074 ipsum
1763 2006 1996 2062 delecta-

408 2107 607 2151 verunt
635 2097 689 2152 in
726 2098 954 2164 honore,
984 2097 1035 2151 in
1065 2111 1192 2152 vera
1222 2097 1328 2152 (ide
1354 2106 1409 2151 et
1433 2098 1700 2152 charitate
1727 2097 1992 2167 perfecta,

406 2186 640 2257 gioriam
674 2186 945 2241 divinitati
984 2186 1105 2257 ejus
1141 2187 1358 2242 dantes.
1387 2187 1483 2242 Ait
1509 2196 1691 2243 autem
1722 2189 1838 2243 hac
1865 2203 1993 2244 aro-

407 2286 556 2333 mata
586 2292 694 2332 non
724 2291 887 2347 parce
917 2276 1106 2334 adesse
1138 2277 1341 2333 Christi
1371 2279 1714 2335 vestimentis
1739 2281 1882 2351 (haec
1908 2289 1995 2337 est

406 2383 719 2424 sermonum
752 2368 1007 2438 parabole
1041 2377 1097 2423 et
1127 2369 1437 2439 dogmatum
1468 2370 1626 2441 167
1657 2372 1992 2441 apparatus),

406 2462 500 2515 sed
523 2476 554 2516 a
579 2460 705 2516 totis
726 2460 974 2516 aediliciis
999 2457 1201 2514 afferri.
1227 2460 1426 2516 Domos
1446 2461 1590 2515 enim
1609 2461 1738 2517 dicit
1762 2463 1993 2519 aedilicia

408 2554 667 2617 maxima,
697 2566 870 2623 eaque
892 2558 964 2607 'ex
992 2552 1157 2607 ebore
1186 2560 1504 2607 constructa
1538 2567 1556 2609 :
1587 2552 1810 2608 divitem
1843 2553 1992 2609 illam

404 2646 611 2701 Christi
639 2660 767 2713 erga
798 2644 1058 2699 mundum
1087 2644 1433 2700 dilectionem
1462 2644 1746 2710 edocente,
1774 2646 1992 2716 opinor,

406 2740 698 2810 Propheta.
746 2737 925 2792 Astitit
979 2738 1158 2808 regina
1215 2754 1247 2792 a
1285 2738 1489 2792 dextris
1539 2739 1644 2791 tuis
1693 2739 1750 2792 in
1803 2740 1993 2793 uestitu

404 2837 699 2903 deaurato,
752 2835 1084 2889 circumdata
1141 2834 1415 2890 uarietate.
1468 2831 1545 2886 De
1588 2832 1832 2888 Ecclesia
1877 2832 1991 2903 jam

405 2928 571 2982 verba
618 2925 768 2991 facit,
801 2925 869 2981 de
901 2940 1007 2995 qua
1057 2924 1112 2979 in
1160 2924 1387 2980 Cantico
1435 2923 1722 2978 didicimus
1752 2924 1822 2987 ⁷³,
1846 2924 1990 2994 quod

405 3033 513 3071 una
535 3017 608 3071 sit
632 3016 875 3087 perfecta
899 3015 1104 3072 Christi
1135 3015 1409 3081 columba,
1443 3029 1567 3085 quae
1587 3028 1684 3070 eos
1715 3014 1807 3083 qui
1833 3014 1992 3070 bonis

401 3109 664 3177 operibus
696 3106 980 3178 conspicui
1012 3118 1163 3169 sunt,
1191 3106 1257 3161 ad
1291 3107 1539 3161 dextram
1572 3106 1776 3163 Christi
1808 3105 1991 3162 sedem

2102 1946 2195 1999 ρες
2220 1928 2277 1982 δὲ
2310 1928 2573 1999 βασιλέων
2600 1928 2745 1992 τίνες
2776 1926 2843 1982 ἂν
2867 1923 2976 1982 εἷεν
3002 1927 3035 1999 ἢ
3062 1926 3303 1996 εὐγενεῖς
3329 1925 3423 1977 καὶ
3454 1923 3693 1995 μεγάλαι

2099 2020 2195 2074 καὶ¹
2230 2018 2506 2091 βασιλικαὶ
2534 2019 2740 2090 ψυχαί;
2767 2020 2845 2085 αἳ,
2876 2019 2966 2073 διὰ
2990 2019 3090 2090 τὴν
3117 2018 3253 2089 πρὸς
3273 2016 3343 2070 τά
3372 2015 3693 2087 ἀνθρώπινα

2101 2110 2509 2179 συγκατάϐασιν
2538 2109 2857 2179 ὲπιγνοῦσαι
2879 2110 2971 2163 τὸν
2999 2109 3258 2181 Χριστὸν,
3287 2106 3562 2180 εῦφραναν
3584 2106 3691 2159 αὑ-

2098 2204 2190 2258 τὸν
2216 2206 2275 2257 ὲν
2305 2207 2371 2275 τῇ
2397 2206 2553 2275 τιμῇ,
2586 2204 2643 2257 ὲν
2671 2203 2898 2275 ἀληθινῇ
2933 2203 3114 2257 πίστει
3139 2203 3234 2256 καὶ
3258 2203 3451 2274 ἀγάπῃ
3480 2200 3690 2272 τελείᾳ,

2097 2296 2418 2362 δοξάζουσαι
2452 2296 2618 2351 αὐτοῦ
2644 2295 2744 2368 τὴν
2776 2295 3028 2367 θεότητα.
3058 2294 3139 2348 Τά
3169 2294 3228 2348 δὲ
3257 2292 3527 2365 ἀρώματα
3555 2291 3695 2347 ταῦ-

2099 2405 2168 2443 τα
2206 2390 2269 2442 ού
2309 2388 2651 2460 μικρολόγως
2682 2388 2817 2458 φησὶ
2859 2387 3140 2459 προσεῖναι
3172 2389 3286 2450 τοῖς
3320 2385 3554 2457 ἱματίοις
3588 2382 3689 2438 τοῦ

2099 2481 2340 2554 Χριστοῦ
2378 2481 2702 2553 (τουτέστιν,
2733 2483 2767 2553 ἡ
2801 2480 3088 2553 παραϐολὴ
3116 2481 3228 2552 (95)
3258 2480 3368 2535 τῶν
3399 2479 3572 2549 λόγων
3592 2480 3691 2533 καὶ

2100 2576 2134 2646 ἡ
2160 2573 2270 2629 τῶν
2292 2573 2581 2644 δογμάτων
2605 2573 2964 2645 κατασκευὴ),
3002 2572 3117 2626 ἀλλ’
3151 2572 3261 2627 ἀπὸ
3303 2571 3438 2625 ὅλων
3466 2570 3577 2625 τῶν
3609 2571 3692 2624 οἱ-

2100 2665 2304 2738 κοδομη
2316 2667 2502 2737 μάτων
2538 2666 2823 2740 φέρεσθαι.
2856 2664 3058 2736 Βάρεις
3086 2664 3197 2737 γὰρ
3236 2666 3365 2728 τοὺς
3398 2663 3693 2734 μεγίστους

2097 2757 2208 2819 τῶν
2235 2757 2397 2811 οἴκων
2430 2758 2578 2827 λέγει
2606 2757 2740 2831 (96),
2771 2756 2868 2812 καὶ
2896 2757 3117 2821 τούτους
3149 2756 3209 2821 ἐξ
3235 2755 3522 2825 ἐλέφαντος
3551 2751 3696 2810 εἶναι

2098 2851 2664 2921 κατεσκευασμένους,
2694 2850 2757 2904 τὸ
2787 2849 3062 2914 πλούσιον,
3094 2844 3271 2920 οἶμαι,
3291 2848 3394 2919 τῆς
3421 2847 3518 2901 τοῦ
3548 2843 3692 2919 Χρι-

2100 2939 2227 2994 στοῦ
2253 2940 2382 3012 περὶ
2402 2942 2496 2994 τὸν
2518 2941 2723 3013 κόσμον
2748 2941 2972 3012 ἀγάπης
2996 2940 3092 2994 τοῦ
3120 2939 3400 3011 προφήτου
3422 2937 3698 2994 διδάσκον-

2097 3046 2207 3094 τος.
2262 3032 2541 3099 Παρέστη
2596 3031 2636 3099 ἡ
2680 3030 3031 3096 βασίλισσα
3062 3030 3129 3083 ἐκ
3168 3027 3384 3094 δεξιῶν
3436 3040 3579 3094 σου,
3622 3027 3696 3082 ἐν

2098 3121 2392 3192 ἱματισμῷ
2427 3123 2737 3192 διαχρύσῳ
2778 3120 3270 3191 περιϐεϐλημένη,
3308 3119 3689 3189 πεποικιλμέ-

405 3200 665 3266 admittit,
698 3215 994 3272 segregans
1028 3201 1178 3270 ipsos
1221 3215 1252 3254 a
1290 3201 1493 3270 pravis,
1520 3201 1663 3257 sicut
1693 3208 1877 3272 pastor
1905 3215 1992 3258 se—

2096 3232 2192 3283 νη.
2223 3216 2360 3287 Περὶ
2381 3215 2481 3287 τῆς
2522 3215 2846 3285 Ἐκκλησίας
2879 3215 2982 3286 ἤδη
3009 3213 3337 3284 διαλέγεται,
3372 3214 3503 3285 περὶ
3531 3209 3602 3285 ἧς
3631 3216 3694 3268 ὲν

402 3300 596 3362 gregat
621 3306 751 3347 oves
780 3293 849 3346 ab
877 3291 1045 3347 haedis
1083 3291 1154 3347 “.
1184 3293 1341 3347 Astat
1370 3292 1537 3363 igitur
1564 3291 1775 3364 regina,
1810 3292 1991 3347 anima

405 3384 656 3439 videlicet
695 3383 937 3454 sponsali
984 3382 1163 3440 Verbo
1201 3385 1476 3456 copulata,
1512 3387 1721 3456 peccati
1764 3386 1994 3456 imperio

406 3479 549 3533 haud
587 3477 856 3548 subjecta,
885 3476 980 3532 sed
1008 3478 1157 3548 regni
1182 3476 1389 3533 Christi
1412 3481 1707 3548 particeps,
1736 3492 1766 3532 a
1787 3478 1993 3534 dextris

406 3569 713 3626 Salvatoris
742 3569 798 3624 in
824 3569 1025 3625 vestitu
1060 3571 1341 3636 deaurato,
1381 3571 1484 3626 hoc
1510 3579 1614 3637 e5t,
1649 3571 1703 3624 in
1735 3571 1994 3641 spiritua-

404 3663 548 3719 iibus
578 3663 946 3733 dogmatibus,
979 3662 1159 3733 iisque
1202 3663 1515 3718 intertextis
1557 3678 1621 3718 ac
1652 3664 1943 3734 variegatis
1973 3682 1989 3721 :

403 3754 606 3824 quippe
657 3769 779 3825 quae
826 3765 1053 3810 venuste
1101 3763 1157 3809 et
1203 3753 1456 3825 religiose
1493 3768 1553 3810 se
1592 3754 1707 3823 ipsa
1743 3764 1990 3810 exornet.

402 3845 674 3914 Quoniam
719 3855 902 3902 autem
946 3862 1053 3902 non
1102 3847 1263 3903 unius
1309 3848 1511 3917 speciei
1551 3856 1678 3902 sunt
1714 3846 1990 3919 dogmata,

402 3939 500 3994 sed
530 3938 747 3994 diversa
766 3940 1048 4011 variaque,
1074 3939 1311 3996 morales
1337 3955 1403 3995 ac
1431 3940 1702 3995 naturales
1723 3947 1778 3994 et
1803 3941 1991 4012 mysti-

401 4045 498 4085 cos
525 4044 805 4087 sermones
836 4033 1279 4102 complectentia,
1310 4032 1516 4088 idcirco
1547 4033 1825 4102 Scriptura
1850 4033 1983 4088 dicit

401 4137 617 4192 sponsa:
647 4124 904 4179 vestitum
938 4126 1274 4195 variegatum
1308 4138 1450 4180 esse.

2094 3305 2174 3379 τῷ
2201 3307 2442 3379 ’ᾼσματι
2493 3297 2916 3379 μεμαθήκαμεν,
2958 3308 3042 3360 ὅτι
3095 3306 3194 3378 μία
3231 3307 3349 3361 ἐστὶ
3378 3305 3563 3359 τελεία
3593 3306 3691 3359 τοῦ

2095 3398 2339 3472 Χριστοῦ
2365 3399 2684 3472 περιστερὰ,
2723 3400 2847 3471 ἥτις
2887 3399 2970 3463 είς
2999 3398 3099 3470 τὴν
3141 3396 3322 3464 δεξιὰν
3359 3395 3544 3469 χώραν
3576 3396 3689 3468 (97)

2095 3493 2191 3547 τοῦ
2225 3492 2467 3566 Χριστοῦ
2498 3492 2765 3565 λαμϐάνει
2796 3494 2924 3558 τοὺς
2954 3495 3043 3547 ἐπ’
3072 3492 3256 3567 ἔργοις
3291 3491 3518 3560 ἀγαθοῖς
3544 3509 3690 3559 γνω-

2098 3582 2442 3657 ριζομένους,
2484 3584 2838 3658 διακρίνουσα
2887 3585 2996 3639 ἀπὸ
3022 3585 3132 3639 τῶν
3161 3584 3399 3656 φαύλων,
3440 3583 3634 3655 ὥσπερ
3660 3583 3691 3636 δ

2093 3674 2300 3746 ποιμὴν
2331 3674 2598 3746 διακρίνει
2628 3676 2756 3740 τοὺς
2795 3676 2967 3749 ἄρνας
3008 3675 3115 3729 ἀπὸ
3147 3675 3256 3730 τῶν
3283 3675 3509 3747 ἐρίφων.
3541 3673 3691 3744 Παρ-

2093 3765 2309 3819 ίσταται
2347 3761 2441 3820 οὖν
2472 3768 2506 3835 ἠ
2540 3765 2851 3837 βασίλισσα,
2898 3766 2932 3837 ἡ
2979 3764 3057 3837 τῷ
3088 3763 3348 3836 νυμφικῷ
3390 3763 3547 3834 Λόγῳ
3574 3762 3687 3834 (98)

2089 3857 2520 3930 καθηρμοσμένη
2572 3857 2740 3930 ψυχὴ,
2801 3859 2835 3930 ἡ
2888 3856 2961 3928 μὴ
2998 3856 3389 3929 βασιλευομένη
3433 3855 3540 3910 ὑπὸ
3584 3855 3689 3926 τῆς

2087 3944 2385 4016 ἁμαρτίας,
2421 3944 2558 3999 ἀλλὰ
2587 3946 2689 4015 τῆς
2713 3945 2807 3999 τοῦ
2836 3946 3073 4019 Χριστοῦ
3110 3946 3393 4018 βασιλείας
3425 3945 3689 4017 μετέχου-

2090 4052 2179 4100 σα,
2218 4037 2284 4089 ὲκ
2325 4035 2515 4100 δεξιῶν
2554 4036 2651 4091 τοῦ
2689 4036 2943 4109 Σωτῆρος
2970 4039 3028 4091 ὲν
3067 4036 3345 4109 ἱματισμῷ
3369 4036 3685 4109 διαχρύσων

2087 4127 2395 4192 τουτέστιν,
2426 4130 2486 4183 ὲν
2514 4129 2746 4200 δόγμασι
2768 4132 2974 4202 νοεροῖς
2996 4130 3444 4203 καθυφασμένοις
3466 4130 3562 4185 καὶ
3592 4146 3687 4183 πε-

400 4211 794 4283 ποικιλμένοις,
827 4212 1073 4283 σοϐαρῶς
1102 4214 1301 4285 ἑαυτὴν
1333 4214 1429 4267 καὶ
1453 4213 1798 4286 ἱεροπρεπῶς
1818 4216 2269 4289 κατακοσμοῦσα.
2311 4220 2527 4292 Ἐπειδὴ
2593 4221 2651 4274 δὲ
2710 4222 2773 4275 ού
2837 4223 3083 4296 μονοειδῆ
3140 4223 3209 4278 τὰ
3246 4223 3513 4296 δόγματα,
3544 4222 3682 4277 ἀλλά

401 4304 624 4362 ποικίλα
655 4306 748 4360 καὶ
769 4305 1105 4379 πολύτροποι,
1141 4305 1367 4377 ἠθικούς
1393 4321 1455 4358 τε
1483 4305 1578 4359 καὶ
1611 4306 1875 4375 φυσικοὺς
1899 4308 1994 4360 καὶ⁹
2028 4308 2158 4372 τοὺς
2200 4309 2535 4374 ἐποπτικους
2570 4310 2898 4383 λεγομένους
2958 4312 3286 4386 περιέχοντα
3344 4311 3557 4383 λόγους,
3595 4314 3685 4371 διὰ

397 4395 559 4452 τοῦτο
588 4397 1011 4468 πεποικιλμένον
1036 4392 1178 4452 εἶναι
1203 4395 1296 4452 τὸν
1325 4394 1620 4467 ἱματισμὸν
1645 4394 1746 4467 τῆς
1768 4395 1989 4467 νύμφης
2024 4399 2054 4450 ὁ
2078 4396 2236 4467 λόγος
2261 4399 2446 4470 φησίν.

471 4494 559 4551 10.
603 4492 767 4549 Vsus.
801 4494 890 4562 11,
939 4493 1026 4547 12.
1068 4493 1232 4561 Audi,
1269 4492 1408 4562 ﬁlia,
1446 4501 1496 4547 et
1529 4492 1671 4556 vide,
1704 4501 1752 4544 et
1782 4492 1985 4546 inclina

2163 4494 2251 4551 10.
2296 4496 2627 4563 Ἄκουσον,
2664 4498 2940 4569 θύγατερ,
3002 4498 3105 4555 καὶ
3153 4499 3274 4564 ἴδε,
3319 4499 3421 4554 καὶ
3466 4501 3684 4557 κλῖνον

396 4604 585 4645 aurem
609 4598 779 4652 tuam,
807 4595 860 4644 et
883 4587 1185 4643 obliviscere
1214 4586 1467 4658 populum
1495 4598 1667 4651 tuum,
1694 4596 1743 4641 et
1767 4586 1984 4641 domum

398 4682 566 4753 patris
600 4683 716 4737 tui:
757 4692 806 4737 et
853 4683 1184 4747 concupiscet
1225 4696 1319 4734 rea:
1363 4680 1600 4735 decorem
1638 4690 1784 4733 tuum
1811 4695 1829 4732 :
1853 4694 1985 4747 quo-

397 4776 546 4832 niam
592 4776 700 4845 ipse
754 4784 830 4831 est
886 4774 1145 4831 Dominus
1194 4781 1349 4842 tuus,
1395 4782 1445 4828 et
1493 4773 1790 4827 adorabunt
1839 4787 1980 4828 eum.

468 4979 516 5012 ⁷³
546 4979 709 5037 Cant.
742 4994 819 5045 vt,
845 4978 901 5035 8.
974 4977 1024 5013 '"
1048 4978 1240 5035 Matth.
1266 4994 1394 5048 xxv,
1431 4978 1520 5036 52.

473 5161 979 5236 (95)Cotnbelisius
1028 5162 1218 5218 multis
1274 5160 1514 5236 probare
1571 5167 1825 5236 conatur,
1884 5171 1986 5236 pro

401 5228 685 5308 παραϐολή
717 5232 1003 5303 legendum
1046 5249 1168 5308 esse
1220 5228 1485 5308 neptfoli]
1521 5248 1535 5285 :
1573 5229 1667 5284 sed
1699 5243 1823 5284 cum
1853 5228 1985 5282 editi

399 5319 452 5358 ιιι
478 5300 648 5362 nostri
673 5300 803 5361 octo
833 5319 966 5360 mss.
1012 5313 1064 5359 et
1096 5300 1311 5360 Catena
1333 5300 1559 5371 Corder.
1586 5314 1774 5353 vocem
1807 5315 1988 5371 παρα-

401 5377 534 5450 ϐολή
553 5383 870 5450 constanter
891 5375 1209 5450 prwl‘eraut,
1237 5372 1386 5427 illius
1419 5369 1787 5440 conjecturam
1813 5369 1987 5440 quan-

402 5447 606 5503 tumvis
634 5449 827 5502 bonam
849 5447 1020 5500 secuti
1051 5462 1160 5500 non
1190 5458 1399 5500 sumus.

475 5518 589 5588 (96)
618 5517 796 5588 Etlitio
831 5516 1001 5588 Basil.
1040 5526 1092 5588 et_
1128 5527 1340 5588 septem
1390 5527 1522 5588 mss.
1555 5512 1755 5588 Βάρεις
1793 5511 1903 5588 γάρ
1936 5512 1986 5565 οἱ

406 5583 654 5656 μέγιστοι
698 5587 809 5643 τῶν
864 5587 1029 5642 οῐκων
1081 5583 1351 5655 λέγονται.
1388 5585 1459 5640 At
1504 5583 1671 5639 editio
1724 5583 1900 5640 Paris.
1932 5593 1987 5637 et

400 5659 444 5711 (Ζ
469 5670 607 5711 .tena
649 5658 873 5712 Corder.
909 5669 969 5710 ut
995 5661 1048 5711 in
1086 5666 1369 5713 contextu.

476 5728 590 5795 (97)
627 5728 831 5782 Rursus
854 5729 1072 5796 coniicit
1115 5726 1481 5781 Comhelisius
1513 5740 1612 5792 pro
1662 5723 1845 5791 δεξιὰν
1876 5721 1985 5793 χὼ-

401 5816 503 5868 ραν
536 5797 819 5868 legendum
859 5813 979 5855 esse
1007 5797 1190 5860 δεξιὰν
1222 5799 1417 5867 χεῖρα’
1445 5797 1540 5851 scd
1568 5811 1691 5851 cum
1724 5797 1812 5852 hic
1840 5810 1980 5866 quo-

2090 4587 2158 4641 τύ
2187 4583 2300 4653 οὖς
2328 4603 2470 4653 σου,
2514 4591 2615 4645 καὶ
2639 4592 2930 4648 ἐπιλάθου
2958 4592 3066 4648 τοῦ
3085 4594 3241 4649 λαοῦ
3275 4609 3413 4656 σου,
3445 4593 3546 4647 καί
3571 4594 3681 4648 τοῦ

2090 4675 2260 4732 οἴκου
2282 4677 2389 4731 τοῦ
2405 4680 2630 4747 πατρός
2655 4692 2772 4734 σου
2787 4696 2803 4711 ο
2826 4680 2928 4735 καὶ
2949 4680 3306 4752 ἐπιθυμήσει
3327 4683 3361 4734 ό
3376 4679 3682 4746 ,βασιλεὺς

2089 4770 2197 4825 τοῦ
2219 4769 2488 4840 κάλλους
2513 4787 2630 4829 σου
2647 4790 2661 4804 ·
2697 4773 2788 4829 ὅτι
2811 4774 2994 4843 αὐτός
3017 4774 3149 4830 ἐστι
3175 4774 3392 4844 Κύριός
3416 4788 3556 4843 σου,
3578 4773 3681 4827 καὶ

2092 5173 2203 5230 que
2225 5169 2280 5216 et
2302 5163 2432 5222 editi
2455 5173 2512 5222 et
2537 5159 2712 5216 nostri
2753 5164 2877 5213 octo
2900 5170 3034 5213 mss.
3082 5165 3153 5230 et
3186 5157 3399 5213 Catena
3439 5156 3698 5230 Corder.“

2095 5231 2370 5302 vulgatam
2435 5234 2726 5293 lectionem
2786 5237 3062 5295 tueantur,
3106 5229 3176 5285 ab
3214 5243 3277 5285 ea
3308 5229 3672 5285 recedendum

2095 5315 2206 5357 non
2237 5307 2569 5372 putavimus.

2168 5366 2282 5447 (98)
2322 5366 2474 5432 Fecit
2503 5373 2724 5446 quidem
2760 5385 2859 5447 suo
2888 5384 3039 5427 more
3066 5368 3531 5447 Cqmliellsius,_ut
3561 5368 3670 5447 ali-

2093 5439 2224 5513 quid
2262 5439 2592 5500 'mntandu'm
2652 5442 2959 5510 suspicetur
2995 5461 3009 5497 :
3053 5441 3148 5513 sed
3175 5441 3301 5513 hic
3347 5439 3666 5513 modestius.

2086 5510 2251 5579 quam
2280 5516 2439 5571 solet.
2469 5515 2695 5579 Dubitat
2722 5513 2887 5581 igitur
2925 5527 3052 5565 num
3085 5510 3188 5579 legi
3221 5512 3416 5581 debeat
3446 5525 3597 5579 νυμφ

2084 5585 2267 5657 ᾼ-ὁγῳ,
2298 5585 2502 5650 Sponsa
2543 5583 2727 5657 Verbo,
2754 5580 2876 5657 pro
2931 5581 3188 5657 νυμφικῷ
3220 5580 3668 5657 Λόγιρκεροηεοίὲ

2098 5650 2285 5710 Ve'rlio.
2329 5658 2435 5711 Sed
2462 5668 2520 5711 ut
2554 5655 2690 5711 alias
2724 5650 2945 5723 saepius,
2985 5650 3063 5707 ita
3090 5650 3179 5707 hic
3209 5659 3264 5707 et
3288 5650 3418 5707 editi
3447 5658 3503 5705 et
3528 5666 3663 5707 mss.

2082 5728 2130 5782 ei
2169 5730 2549 5784 adversantur.
