4016 6220
384 323 482 377 411

1698 311 1757 365 S.
1801 307 2045 362 BASILII
2084 304 2307 360 MAGNI-

3525 303 3639 358 M2

384 441 666 502 obsecuta,
692 446 749 491 et
778 435 943 491 oblita
981 432 1156 504 populi
1200 431 1281 486 sui
1325 440 1380 484 et
1423 429 1615 483 domus
1650 428 1820 497 patris
1845 427 1951 489 sui,

2067 424 2305 477 παλαιῶν
2337 423 2680 492 διδαγμάτων
2716 421 2816 493 τῆς
2854 421 3138 494 πονηρίας,
3170 419 3524 475 ύπακούσασα
3558 420 3640 491 τῷ

387 539 575 585 narrat
621 544 741 598 quin
790 529 959 597 ipsam
1011 532 1259 595 spectant
1310 522 1549 591 Spiritus
1600 530 1841 574 sanctus.
1891 519 1958 573 Et

385 622 644 690 quoniam
673 620 1007 674 reconditam
1034 615 1353 671 munditiam
1378 614 1522 668 illius
1542 612 1679 667 vidit
1705 626 1721 665 :
1748 610 1955 676 Omnis,

388 713 584 781 inquit,
610 711 782 781 gloria
800 710 928 778 ﬁlia:
958 709 1114 777 regis,
1141 709 1194 762 id
1217 718 1321 770 est,
1352 721 1560 776 sponsa:
1583 704 1807 766 Christi,
1839 716 1958 771 qua:

390 803 611 857 tandem
645 817 741 872 per
764 798 1108 868 adoptionem
1138 798 1245 851 lilia
1280 798 1422 866 regis
1460 794 1649 851 ellecta
1695 795 1786 856 sit,
1815 794 1957 846 intus

387 904 486 947 est.
518 891 819 948 Hortantur
846 891 963 946 hmc
991 891 1177 954 verba,
1211 897 1271 942 ut
1309 888 1377 944 ad
1408 888 1595 941 intima
1630 884 1961 939 ecclesiasti-

389 1000 468 1039 cae
491 983 677 1055 gloria:
700 997 899 1037 arcana
927 990 1295 1050 penetremus,
1322 978 1465 1048 quod
1489 991 1699 1046 sponsae
1726 973 1962 1044 pulchri-

392 1081 522 1131 tudo
554 1077 699 1131 intus
731 1075 981 1130 exsistat.
1013 1071 1115 1138 Qui
1149 1072 1294 1125 enim
1341 1084 1401 1126 se
1444 1070 1674 1124 adornat
1711 1066 1858 1120 Patri
1906 1067 1960 1120 in

392 1167 713 1222 abscondito
764 1163 966 1219 videnti
1000 1162 1068 1228 ⁷⁸,
1099 1170 1478 1230 precaturque,
1513 1167 1571 1213 et
1618 1158 1796 1214 omnia
1842 1171 1963 1226 per-

389 1258 526 1328 agit,
561 1272 668 1311 non
712 1264 771 1309 ut
810 1256 1058 1309 videatur
1093 1253 1159 1308 ab
1191 1252 1499 1307 hominibus
1524 1251 1594 1317 τθ,
1630 1249 1723 1304 sed
1767 1260 1827 1304 ut
1861 1248 1962 1305 soli

390 1346 502 1402 Deo
536 1345 885 1410 innotescat;
940 1344 986 1398 is
1031 1342 1256 1412 perinde
1302 1355 1365 1395 ac
1406 1342 1549 1410 regis
1589 1339 1695 1393 lilia
1737 1339 1961 1407 gloriam

390 1453 608 1493 omnem
650 1437 981 1491 intrinsecus
1025 1436 1211 1490 habet.
1238 1434 1375 1500 Quin
1406 1434 1569 1487 etiam
1608 1432 1833 1487 ﬁmbriae
1865 1446 1962 1485 au-

396 1544 502 1584 reae
550 1528 749 1598 quibus
780 1520 913 1582 tota
963 1526 1370 1580 circumamicta
1423 1534 1506 1578 est
1552 1539 1616 1579 ac
1664 1524 1962 1594 variegata,

393 1622 540 1675 intus
569 1627 715 1674 sunt.
750 1618 895 1673 Nihil
934 1631 1150 1687 quaeras
1182 1616 1236 1669 in
1274 1624 1502 1670 externo
1533 1630 1666 1669 auro
1691 1624 1744 1668 et
1771 1629 1965 1683 corpo-

391 1713 496 1766 rali
536 1713 797 1766 varietate
846 1729 860 1763 :
913 1708 1010 1764 sed
1061 1710 1318 1763 amictum
1364 1708 1650 1777 quemdam
1701 1706 1961 1773 intellige,

2059 515 2368 586 διδάγματι,
2397 516 2491 568 καὶ
2518 513 2884 585 ἐπιλαϐομένη
2912 513 3005 566 τοῦ
3034 512 3163 565 λαοῦ
3195 512 3389 583 αὐτῆς,
3417 512 3513 565 καὶ
3538 512 3637 565 τοῦ

2058 607 2209 661 οἴκου
2245 606 2340 659 τοῦ
2371 605 2573 678 πατρὸς
2600 605 2788 675 αὐτῆς,
2819 605 3084 675 διηγεῖται
3130 605 3199 658 τὰ
3224 605 3351 677 περὶ¹
3377 606 3544 676 αὐτῆς
3575 605 3640 657 τὸ

2059 700 2284 771 Πνεῦμα
2316 700 2378 753 τὸ
2405 699 2578 769 ἆγιον.
2603 701 2714 754 Καὶ
2742 698 2929 770 ἐπειδὴ
2955 694 3064 751 εἶδε
3090 699 3190 771 τὴν
3224 700 3282 752 ὲν
3305 697 3384 769 τῷ
3409 698 3639 770 κρυπτῷ

2059 793 2429 865 καθαρότητα,
2476 790 2671 856 Πᾶσα,
2725 793 2910 863 φησὶν,
2956 793 2994 859 ἠ
3019 790 3169 856 δόξα
3197 790 3310 860 τῆς
3347 790 3639 860 θυγατρὸς

2058 882 2167 936 τοῦ
2192 883 2514 949 βασιλέως,
2556 884 2800 937 τουτέστι
2832 883 2933 953 (8),
2985 883 3082 953 τῆς
3124 880 3360 953 Χριστοῦ
3393 883 3635 953 νύμφης,

2058 977 2159 1045 τῆς
2185 976 2480 1046 γενομένης
2504 975 2687 1029 λοιπὸν
2718 975 2806 1029 διὰ
2832 976 2933 1046 τῆς
2954 975 3223 1037 υἱοθεσίας
3248 973 3516 1045 θυγατρὸς
3535 974 3637 1027 τοῦ

2063 1063 2344 1134 βασιλέως,
2373 1064 2573 1119 ἔσωθέν
2597 1067 2733 1119 ἐστι.
2767 1066 3073 1138 Προτρέπει
3102 1068 3130 1119 ὁ
3159 1065 3314 1135 λόγος
3342 1067 3434 1119 ἐπὶ
3452 1066 3521 1118 τά
3545 1067 3638 1119 ὲν-

2060 1160 2265 1214 δοτάτω
2303 1161 2499 1230 χωρεῖν
2531 1158 2630 1228 τῆς
2659 1157 3119 1227 ὲκκλησιαστικῆς
3151 1156 3308 1226 δόξης
3339 1157 3635 1228 μυστήρια,

2061 1252 2136 1316 ὡς
2166 1251 2311 1306 ἔνδον
2339 1252 2490 1313 ὄντος
2521 1249 2615 1303 τοῦ
2653 1248 2881 1312 κάλλους
2907 1249 3008 1318 τῆς
3039 1248 3279 1318 νύμφης.
3319 1246 3379 1302 '0
3406 1246 3515 1318 γὰρ
3541 1247 3639 1299 eb-

2060 1344 2334 1415 τρεπίζων
2381 1343 2573 1397 ἑαυτὸν
2604 1341 2683 1413 τῷ
2710 1343 2885 1413 Πατρὶ
2914 1341 2993 1413 τῷ
3027 1341 3273 1412 βλέποντι
3311 1341 3369 1393 ὲν
3399 1339 3478 1410 τῷ
3501 1356 3639 1411 κρυ-

2063 1435 2201 1507 πτῷ,
2226 1436 2319 1488 καὶ
2342 1433 2790 1506 προσευχόμενος,
2821 1433 2916 1485 καὶ
2937 1432 3115 1485 πάντα
3137 1431 3391 1502 πράσσων
3412 1431 3473 1483 οὐ
3496 1430 3639 1500 πρὸς

2061 1530 2123 1582 τὸ
2161 1527 2422 1597 θεαθῆναι
2473 1529 2585 1588 τοῖς
2627 1523 2950 1597 ἀνθρώποις,
3005 1523 3139 1577 ἀλλὰ
3189 1522 3323 1594 πρὸς
3381 1521 3441 1575 τὸ
3489 1522 3638 1593 μόνῳ

2065 1619 2444 1691 φανερωθῆναι
2476 1616 2594 1688 Θεῷ
2614 1635 2626 1646 ·
2664 1609 2819 1679 οὗτος
2851 1615 2963 1686 ἔχει
2994 1617 3173 1668 πᾶσαν
3197 1615 3295 1685 τὴν
3326 1612 3482 1678 δόξαν
3508 1614 3640 1667 ἐσω-

2066 1711 2177 1776 θεν,
2209 1710 2283 1773 ὡς
2300 1710 2393 1762 καὶ
2418 1712 2451 1779 ἡ
2478 1707 2723 1778 θυγάτηρ
2742 1703 2837 1758 τοῦ
2868 1704 3147 1776 βασιλέως.
3176 1704 3286 1756 Καὶ
3303 1701 3373 1755 τὰ
3392 1718 3638 1773 κροσσω-

390 1804 483 1871 qui
522 1803 719 1873 dignus
776 1803 845 1856 sit
890 1801 980 1870 qui
1031 1817 1153 1856 cum
1193 1801 1283 1868 qui
1335 1799 1627 1854 secundum
1665 1796 1961 1852 conditoris

2067 1804 2129 1858 τὰ
2151 1804 2331 1856 τοίνυν
2360 1801 2429 1854 τὰ
2456 1803 2532 1870 (9)
2554 1800 2749 1870 χρυσᾶ,
2777 1792 2857 1861 οἷς
2901 1795 3285 1868 περιϐέϐληται
3323 1795 3416 1847 καὶ
3447 1793 3640 1846 πεποί-

390 1893 682 1963 itnaginem
716 1900 792 1947 est
828 1900 1079 1955 exornet,
1106 1898 1166 1944 ut
1189 1892 1265 1944 ait
1286 1889 1575 1959 Apostolus
1605 1906 1618 1941 :
1647 1886 1964 1955 Exspatian—

391 1994 467 2038 tes
500 1993 720 2038 ueterem
752 1981 1039 2045 hominem,
1062 1989 1110 2034 et
1145 1982 1415 2034 inducam
1450 1995 1657 2042 novum,
1686 1978 1777 2047 qui
1810 1994 1963 2031 reno-

390 2086 545 2130 vatur
567 2076 635 2128 ad
660 2074 983 2144 agnitionem
1005 2073 1295 2126 secundum
1325 2071 1575 2125 creatoris
1598 2071 1874 2141 imaginem
1892 2069 1959 2122 ⁸ο.

398 2164 485 2228 Ει,
521 2164 613 2233 qui
657 2161 831 2217 induit
873 2160 1087 2215 Viscera
1133 2161 1533 2224 misericordias,
1572 2161 1961 2229 benignitatem,

393 2255 766 2318 humilitatem,
809 2252 1141 2321 patientiam,
1186 2251 1639 2327 mansuetudinem
1671 2250 1741 2315 δι,
1786 2251 1830 2306 is
1882 2252 1966 2305 in-

393 2345 664 2400 trinsecus
697 2344 927 2398 amictus
959 2352 1063 2410 est,
1097 2350 1154 2396 et
1187 2344 1481 2397 secundum
1521 2342 1837 2397 interiorem
1867 2343 1966 2397 ho-

393 2436 595 2491 minem
635 2444 882 2489 ornatus.
913 2433 1021 2489 Sed
1055 2443 1110 2489 et
1143 2432 1342 2488 Paulus
1376 2434 1653 2497 admonet,
1687 2443 1745 2487 ut
1774 2433 1966 2487 indua-

395 2542 514 2581 mus
546 2526 834 2581 Dominum
864 2523 1051 2579 Jesum
1080 2525 1152 2590 ⁸³,
1188 2540 1296 2579 non
1334 2523 1630 2579 secundum
1679 2534 1965 2579 externum

394 2617 692 2683 hominem,
729 2618 822 2673 sed
873 2626 932 2672 ut
982 2627 1218 2672 mentem
1269 2625 1511 2672 nostram
1554 2617 1651 2672 Dei
1703 2616 1966 2672 memoria

393 2711 771 2780 circumtegat.
820 2710 1071 2765 Arbitror
1127 2717 1307 2764 autem
1374 2709 1677 2780 spiritalem
1741 2710 1965 2778 praetexi

394 2811 625 2866 vestem,
659 2815 781 2854 cum
826 2800 971 2855 actio
1012 2800 1272 2855 doctrinm
1305 2802 1467 2855 verbo
1500 2814 1682 2855 comes
1722 2800 1966 2871 adiungi-

396 2902 504 2946 tur.
531 2891 997 2958 Quemadmodum
1042 2891 1185 2945 enim
1218 2891 1519 2961 corporalis
1547 2891 1711 2946 vestis
1742 2892 1962 2957 texitur,

395 2998 517 3038 cum
554 2983 871 3053 subtegmen
908 2983 1201 3037 innectitur
1229 2983 1471 3050 stamini,
1507 2983 1581 3037 ita
1616 2984 1705 3038 ubi
1738 2984 1963 3038 verbum

397 3073 695 3143 praecessit,
734 3073 781 3128 si
825 3075 985 3127 modo
1035 3073 1276 3128 actiones
1322 3083 1695 3130 consentaneae
1744 3074 1964 3143 subjun-

396 3174 614 3236 gantur,
637 3164 1053 3219 venustissimus
1073 3166 1300 3220 amictus
1324 3166 1517 3219 animae
1542 3163 1732 3219 conﬁci
1763 3175 1959 3234 potest,

395 3257 553 3327 cujus
582 3256 792 3311 scilicet
816 3257 925 3310 vita
970 3271 1037 3311 ex
1066 3258 1382 3326 praescripto
1411 3258 1627 3312 virtutis
1667 3267 1808 3323 acta,
1844 3273 1963 3313 ser-

400 3363 559 3403 mone
588 3356 643 3403 et
667 3362 832 3419 opere
856 3352 1212 3417 compleatur.
1244 3350 1494 3404 Fimbria:
1523 3359 1700 3405 autem
1734 3352 1967 3419 pendent

399 3455 430 3493 a
473 3441 698 3505 vestitu,
730 3441 1041 3510 spirituales
1089 3452 1145 3495 et
1181 3443 1261 3495 liae
1300 3443 1447 3508 ipsw,
1483 3444 1552 3497 ob
1586 3444 1747 3513 idque
1789 3459 1968 3499 aureae

399 3547 521 3588 esse
568 3533 844 3587 dicuntur.
897 3531 1163 3599 Quoniam
1216 3548 1349 3586 sane
1400 3534 1622 3588 verbum
1668 3535 1842 3604 majus
1884 3545 1968 3590 est

398 3638 589 3693 opere,
629 3625 834 3680 idcirco
860 3634 943 3680 est
972 3624 1119 3679 velut
1155 3624 1362 3678 limbria
1388 3626 1635 3693 quaedam
1663 3640 1693 3679 a
1753 3636 1967 3682 textura

401 3717 471 3771 ad
497 3716 763 3771 actionem
796 3717 1125 3771 redundans.
1182 3717 1495 3785 Sequuntur
1540 3727 1717 3771 autem
1756 3719 1968 3772 Domini

401 3821 656 3875 sponsam
693 3806 888 3860 anima:
910 3806 1175 3875 quaedam,
1205 3822 1323 3873 quae
1344 3806 1641 3861 seminibus
1667 3808 1967 3862 alienarum

405 3900 777 3953 doctrinarum
811 3898 954 3953 haud
1001 3899 1293 3973 susceptis,
1339 3899 1670 3952 adducentur
1727 3899 1860 3969 regi,
1889 3914 1970 3953 se-

408 4000 635 4058 quentes
660 4004 937 4058 sponsam.
977 3991 1081 4046 Sed
1112 4000 1164 4045 et
1191 3991 1414 4044 audiant
1452 4006 1573 4058 quae
1606 3991 1967 4061 virginitatem

412 4079 637 4132 Domino
668 4087 951 4144 voverunt,
987 4081 1130 4148 quod
1162 4079 1398 4149 virgines
1439 4082 1549 4149 regi
1581 4080 1920 4135 adducentur
1951 4099 1967 4148 ;

406 4171 662 4240 virgines,
689 4171 928 4240 inquam,
959 4185 1077 4240 quae
1110 4173 1367 4240 proximae
1394 4181 1519 4227 sunt
1550 4172 1829 4239 Ecclesiae,
1851 4189 1971 4243 qua:

407 4275 529 4336 post
557 4265 728 4334 ipsam
754 4274 1074 4333 sequuntur,
1106 4279 1206 4319 nec
1227 4265 1482 4319 aberrant
1510 4265 1577 4319 ab
1600 4265 1972 4322 ecclesiastica

408 4355 715 4425 disciplina.
740 4354 903 4409 Vens.
927 4352 1011 4407 l6.
1049 4354 1388 4408 Adducentur
1416 4354 1575 4425 169
1610 4363 1785 4410 autem
1808 4357 1973 4426 virgia

2061 1894 2241 1949 κιλται
2274 1892 2393 1965 ὅλη,
2428 1890 2649 1945 ἔσωθεν.
2685 1889 2868 1961 Μηδὲν
2909 1887 3061 1957 ζήτει
3106 1889 3163 1940 ὲν
3201 1885 3278 1956 τῷ
3309 1885 3412 1952 ἔξω
3450 1884 3640 1956 χρυσῷ

2060 1986 2157 2041 καὶ
2178 1988 2244 2057 τῇ
2274 1986 2554 2054 σωματικῇ
2592 1982 2833 2052 ποικιλίᾳ
2851 1995 2865 2012 ·
2895 1980 3030 2033 ἀλλὰ
3062 1977 3350 2049 περιϐολὴν
3375 1978 3481 2030 νόει
3513 1976 3641 2028 τινὰ

2063 2078 2216 2144 ἀξίαν
2261 2076 2542 2145 κοσμῆσαι
2581 2075 2671 2127 τὸν
2707 2075 2827 2127 κατ’
2859 2072 3041 2125 εἰκόνα
3077 2070 3169 2123 τοῦ
3208 2070 3508 2132 κτίσαντος,
3559 2068 3639 2131 ὥς

2063 2185 2229 2241 φησιν
2273 2171 2302 2221 ό
2340 2166 2692 2228 Ἀπόστολος·
2756 2163 3180 2233 Ἑκδυσάμενοι
3222 2161 3329 2215 τὸν
3377 2162 3641 2214 παλαιὸν

2062 2262 2393 2328 ἄνθρωπον,
2444 2257 2543 2311 καὶ
2587 2254 2985 2325 ἐνδυσάμενοι
3023 2254 3132 2308 τὸν
3166 2253 3327 2318 νέον,
3354 2255 3462 2308 τὸν
3494 2254 3641 2308 ἁνα-

2063 2353 2459 2420 καινούμενον
2506 2352 2593 2415 είς
2621 2350 2950 2417 ἐπίγνωσιν
2987 2349 3114 2401 κατ’
3140 2348 3344 2400 εἰκόνα
3382 2346 3488 2399 τοῦ
3513 2345 3641 2398 κτί-

2063 2460 2310 2509 σαντος.
2356 2444 2468 2496 Καὶ
2502 2445 2530 2495 ὁ
2564 2441 2920 2511 ἐνδυσάμενος
2949 2440 3005 2493 δὲ
3036 2439 3148 2510 (10)
3199 2437 3525 2508 Σπλαγχνα
3560 2440 3644 2492 ol-

2064 2535 2330 2603 κτιρμοῦ,
2363 2535 2762 2602 χρηστότητα,
2796 2531 3374 2600 ταπεινοφροσύνην,
3414 2545 3643 2598 paxpe-

2064 2626 2305 2693 θυμίαν,
2334 2624 2659 2693 πραότητα,
2711 2621 2920 2676 ἔνδοθεν
2975 2620 3378 2694 περιϐέϐληται.
3408 2618 3502 2673 καὶ
3548 2619 3644 2671 τὸν

2064 2717 2173 2771 ἔσω
2198 2718 2481 2788 ἄνθρωπον
2502 2716 2856 2786 κεκόσμηται.
2883 2714 2994 2769 Καὶ
3015 2715 3043 2767 ό
3069 2712 3279 2775 Παῦλος
3305 2712 3362 2765 δὲ
3386 2715 3646 2782 παραινεί

2065 2806 2384 2859 ἐνδύσασθαι
2412 2805 2522 2876 (li)
2552 2805 2642 2858 τὸν
2665 2805 2868 2877 Κύριον
2908 2804 3133 2876 Ἰησοῦν,
3162 2805 3222 2857 οὐ
3254 2801 3393 2857 κατὰ
3421 2802 3511 2855 τὸν
3536 2801 3646 2866 ἔξω

2064 2898 2369 2969 ἄνθρωπον,
2399 2897 2514 2952 ἀλλ’
2539 2897 2626 2950 ἵνα
2650 2896 2742 2951 τὸν
2775 2897 2899 2950 νοῦν
2923 2896 3076 2968 ἡμῶν
3102 2898 3134 2966 ἡ
3164 2895 3256 2949 τοῦ
3282 2893 3413 2964 Θεοῦ
3452 2896 3643 2965 μνήμη

2066 2986 2469 3061 περισκεπάζῃ.
2544 2984 2711 3058 Οἶμαι
2777 2987 2833 3041 δὲ
2887 2988 2949 3040 τὸ
3000 2985 3368 3056 πνευματικὸν
3425 2985 3649 3054 ἱμάτιον

2065 3082 2464 3152 ὲξυφαίνεσθαι,
2505 3084 2634 3137 ὅταν
2678 3083 2757 3155 τῷ
2802 3080 3090 3152 διδακτικῷ
3120 3080 3260 3150 λόγῳ
3292 3080 3324 3149 ἡ
3357 3078 3649 3140 ἀκόλουθος

2066 3174 2429 3245 ὲπιπλέκηται
2474 3172 2693 3244 πρᾶξις.
2743 3172 2949 3241 Ὥσπερ
2995 3169 3103 3240 γὰρ
3143 3168 3222 3239 τῷ
3266 3169 3490 3239 στήμονι
3542 3166 3649 3236 τῆς

2068 3266 2272 3337 κρόκης
2292 3265 2727 3335 ὲπιπλεκομένης
2741 3264 2802 3316 τὸ
2835 3260 3143 3331 σωματικὸν
3176 3259 3387 3330 ἱμάτιον
3418 3257 3649 3327 ἐξυφαί-

2068 3373 2247 3411 νεται·
2280 3355 2423 3410 οὕτω
2451 3356 2544 3409 τοῦ
2578 3354 2736 3423 λόγου
2770 3351 3206 3425 προῦφεστῶτος,
3246 3353 3296 3404 εί
3337 3348 3650 3412 ἀκολούθως

2070 3449 2126 3501 at
2154 3446 2381 3516 πράξεις
2412 3446 2720 3514 ἐπάγοιντο,
2756 3444 3056 3515 σεμνοτάτη
3090 3460 3174 3507 τις
3212 3442 3277 3496 ἂν
3309 3443 3520 3511 γένοιτο
3551 3458 3652 3494 πε-

2073 3536 2259 3608 ριϐολὴ
2309 3537 2409 3605 τῆς
2449 3537 2647 3606 ψυχῆς,
2683 3535 2824 3605 λόγῳ
2858 3534 2953 3588 καὶ
2994 3535 3140 3607 ἔργῳ
3170 3533 3261 3587 τὸν
3298 3533 3418 3587 κατ’
3444 3533 3651 3603 ἀρετὴν

2074 3627 2186 3699 βίον
2226 3626 2767 3699 συμπεπληρωμένον
2805 3626 3053 3697 ἐχούσης.
3086 3625 3324 3696 Κροσσο“ι
3354 3624 3411 3678 δὲ
3440 3626 3653 3678 ἀπαιω-

2075 3719 2293 3791 ροῦνται
2349 3715 2438 3772 τοῦ
2499 3718 2735 3788 ἱματίου,
2782 3718 2965 3788 νοητοὶ
3018 3718 3113 3770 καὶ
3158 3709 3336 3770 οὗτοι·
3404 3714 3484 3768 διὸ
3551 3717 3651 3768 καὶ

2072 3813 2263 3880 χρυσοῖ
2309 3807 2444 3863 εἶναι
2493 3808 2758 3876 λέγονται.
2816 3808 3143 3879 Ἐπειδήπερ
3185 3809 3214 3859 ό
3242 3807 3397 3875 λόγος
3443 3804 3650 3858 πλείων

2073 3902 2191 3955 ἐστὶ
2232 3901 2327 3955 τοῦ
2384 3902 2566 3974 ἔργου,
2599 3902 2761 3955 olovel.
2804 3900 3032 3972 κροσσός
3064 3901 3148 3963 τίς
3202 3901 3351 3952 ἐστιν
3398 3898 3504 3951 ἀπὸ
3548 3898 3649 3949 τοῦ

2074 3995 2210 4066 πρὸς
2237 3996 2337 4065 τὴν
2378 3991 2573 4063 πρᾶξιν
2616 3993 2931 4062 ὑφάσματος
2977 3989 3337 4063 περισσεύων.
3381 3988 3647 4040 Ἔπονται

2072 4087 2132 4141 δὲ
2167 4089 2233 4157 τῇ
2266 4086 2453 4158 νύμφῃ
2495 4085 2589 4139 τοῦ
2620 4083 2825 4155 Κυρίου
2859 4083 3027 4153 ψυχαί
3060 4099 3224 4144 τινες,
3254 4083 3310 4134 αἱ
3353 4080 3427 4151 μὴ
3462 4095 3647 4149 παρα-

2075 4176 2364 4246 δεξάμεναι
2403 4176 2688 4246 σπέρματα
2723 4174 2831 4244 (12)
2878 4173 3051 4243 λόγων
3096 4171 3410 4243 ἀλλοτρίων,
3444 4169 3648 4230 αἵτινες

2077 4268 2535 4337 άπενεχθήσονται
2576 4265 2653 4337 τῷ
2703 4266 2941 4337 βασιλεῖ,
2983 4263 3369 4318 άκολουθοῦσαι
3411 4264 3476 4332 τῇ
3517 4261 3651 4331 νύμ-

2077 4376 2173 4433 φῃ.
2211 4358 2582 4412 Ἀκουέτωσαν
2614 4358 2671 4411 δὲ
2705 4358 2797 4410 καὶ¹
2828 4359 2884 4410 αἱ
2922 4356 3019 4428 τὴν
3052 4356 3345 4427 παρθενίαν
3377 4352 3650 4421 ἐπαγγελ-

409 4461 504 4501 nes
547 4447 601 4500 in
640 4446 825 4500 lwtitia
851 4455 897 4499 et
933 4447 1304 4511 exsultatione,
1346 4447 1603 4500 ducentur
1635 4447 1691 4501 in
1724 4448 1966 4518 temptant

2076 4450 2296 4521 λόμεναι
2327 4449 2404 4521 τῷ
2430 4450 2640 4521 Κυρίῳ,
2666 4451 2748 4503 ὅτι
2776 4450 3031 4522 παρθένοι
3060 4446 3520 4518 άπενεχθήσονται
3562 4443 3645 4513 τῷ

411 4541 566 4609 regis.
598 4538 714 4594 Non
737 4554 858 4603 qua:
890 4548 1093 4594 coactae
1123 4538 1486 4609 virginitatem
1518 4539 1821 4605 subierunt,
1862 4554 1970 4595 non

410 4644 530 4698 qua:
563 4645 630 4684 ex
657 4630 874 4684 tristitia
904 4639 999 4684 aut
1026 4630 1356 4685 necessitate
1395 4639 1601 4685 castam
1634 4630 1797 4684 vitam
1848 4637 1975 4684 sunt

412 4722 708 4791 amplexae:
743 4723 835 4777 sed
854 4736 974 4790 qua:
1002 4721 1054 4775 in
1083 4721 1264 4776 laetitia
1283 4730 1336 4776 et
1362 4722 1724 4776 exsultatione
1747 4722 1816 4776 ob
1844 4736 1975 4792 prte-

408 4812 618 4866 clarum
645 4812 748 4867 hoc
785 4814 997 4867 facinus
1039 4813 1293 4883 gaudent,
1343 4813 1427 4867 liae
1462 4812 1802 4867 adducentur
1834 4813 1971 4880 regi,

410 4906 784 4975 ducenturque
827 4919 934 4960 non
986 4905 1039 4958 in
1090 4904 1363 4973 vulgarem
1395 4905 1594 4971 locum,
1630 4904 1723 4959 sed
1757 4903 1808 4956 in
1838 4912 1977 4957 tem-

412 4997 557 5068 plum
612 4997 782 5065 regis.
815 4997 947 5051 Nam
979 5012 1107 5053 vasa
1136 5012 1316 5064 sacra,
1350 5011 1472 5068 quae
1517 5011 1624 5052 non
1671 4995 1979 5065 inquinavit

2079 4542 2317 4613 βασιλεῖ·
2351 4541 2610 4613 παρθένοι
2635 4542 2712 4606 δὲ,
2744 4542 2799 4594 αἱ
2834 4541 3057 4612 πλησίον
3087 4534 3243 4592 οὖσαι
3271 4537 3372 4607 τῆς
3416 4534 3647 4605 Ἐκκλη-

2080 4633 2220 4698 σίας,
2261 4634 2316 4686 αἱ
2342 4633 2515 4687 ὀπίσω
2546 4633 2714 4703 αὐτῆς
2758 4633 3039 4702 ἑπόμεναι,
3069 4631 3164 4684 καὶ
3198 4629 3274 4701 μὴ
3320 4627 3646 4681 ἀποπλανώ-

2083 4742 2241 4797 μεναι
2274 4724 2376 4795 τῆς
2406 4724 2859 4794 ὲκκλησιαστικῆς
2882 4722 3152 4787 εὐταξίας.
3188 4719 3649 4789 Ἀπενεχθήσον-

2080 4832 2175 4868 ται
2219 4812 2287 4866 δὲ
2322 4814 2379 4866 αἱ
2419 4812 2674 4884 παρθένοι
2715 4812 2785 4866 ἐν
2840 4814 3185 4882 εὐφροσύνῃ
3217 4811 3315 4865 καὶ
3358 4808 3647 4881 ἀγαλλιά-

2080 4922 2195 4970 σει,
2220 4905 2591 4973 ἀχθήσονται
2628 4907 2714 4971 εὶς
2743 4903 2893 4958 ναὸν
2919 4904 3243 4968 βασιλέως.
3270 4904 3384 4974 Οὐχ
3411 4904 3467 4956 αἱ
3512 4918 3647 4956 κατ-

2080 4996 2512 5069 ηναγκασμένως
2563 4996 2888 5050 ύπελθοῦσαι
2925 4996 3022 5069 τὴν
3068 4996 3386 5068 παρθενίαν,
3426 4993 3548 5049 οὐδὲ
3589 4994 3648 5048 αἱ

490 5197 537 5230 ⁷⁸
572 5193 763 5250 Matth.
798 5210 871 5263 vr,
901 5194 960 5261 4,
995 5194 1049 5250 6.
1124 5195 1169 5228 ⁷⁹
1202 5194 1332 5251 ibid.
1364 5195 1418 5252 1.
1492 5194 1537 5228 ⁸⁸
1562 5192 1722 5249 Colos
1753 5208 1834 5261 ιιι,
1864 5194 1920 5261 9,
1956 5194 1966 5247 l

2119 5192 2163 5225 “
2199 5192 2327 5249 ibid.
2361 5193 2447 5248 12.
2521 5193 2566 5226 θ’
2597 5191 2755 5249 Rom.
2787 5210 2906 5261 xm,
2938 5195 3026 5249 M.

486 5351 554 5425 (8)
580 5351 773 5425 Totum
793 5351 947 5425 illud,
968 5351 1068 5423 τῆς
1095 5351 1364 5424 θυγατρὸς
1386 5350 1481 5425 τοῦ
1504 5350 1790 5421 βασιλέως,
1820 5367 1978 5404 τουτ-

410 5422 548 5486 έστι,
592 5422 645 5476 in
674 5424 875 5479 nostris
908 5422 1110 5490 septem
1143 5422 1279 5477 mss.
1307 5423 1671 5477 desideratur.

482 5492 558 5560 (9)
579 5493 684 5562 Sic
713 5508 844 5546 mss.
871 5496 1132 5561 quinque.
1161 5491 1304 5545 Editi
1344 5491 1631 5562 κροσσωτά
1656 5491 1712 5545 δὲ
1744 5491 1830 5545 τά.

485 5560 596 5631 (l0)
627 5562 700 5615 ita
758 5560 911 5631 Regii
961 5560 1250 5624 secundus,
1282 5560 1510 5631 quartus
1552 5572 1607 5615 et
1642 5571 1833 5631 sextus
1857 5574 1981 5613 cum

414 5629 738 5700 Golbertiuis
776 5629 931 5686 scito
980 5646 1038 5685 et
1095 5634 1344 5700 septimo.
1380 5629 1579 5685 Vocula
1633 5630 1691 5683 δέ
1743 5634 1895 5684 deest
1931 5632 1983 5700 in

412 5698 595 5754 editis.
660 5697 862 5756 Ibidem
907 5701 1039 5756 editi
1098 5697 1435 5771 tat—quinque
1488 5718 1619 5758 mss.
1668 5699 1981 5771 οἰκτιρμοῦ.

2086 5350 2483 5427 Beg.__%__cum
2537 5351 2753 5427 vulgato
2799 5362 2956 5427 textu
3004 5353 3200 5410 Graeco
3260 5354 3577 5427 οἰκτιρμῶν.

2160 5420 2273 5491 (Η)
2306 5421 2396 5474 Sic
2434 5420 2583 5491 Regii
2614 5422 2904 5488 secundus,
2931 5434 3161 5492 quartus
3189 5435 3244 5478 et
3281 5420 3466 5479 sextus
3498 5441 3651 5492 irque

2090 5506 2155 5546 ac
2202 5492 2495 5564 Colliertini
2554 5492 2782 5559 primus,
2825 5503 3011 5564 sextus
3055 5505 3112 5548 et
3172 5496 3458 5564 septimus.
3506 5496 3649 5550 Editi

2084 5576 2227 5631 vero,
2248 5578 2369 5613 cum
2402 5560 2532 5629 Reg.
2571 5564 2760 5631 quinto
2786 5563 3099 5618 ἐνδύσασθε.

2153 5630 2266 5699 (t2)
2298 5631 2439 5707 Editi
2462 5630 2720 5687 (utimuno
2746 5643 2839 5687 aut
2864 5633 3033 5690 altero
3058 5649 3158 5691 ms.
3190 5635 3429 5707 σπέρμα.
3461 5635 3529 5689 At
3552 5648 3647 5689 sex

2087 5717 2219 5757 mss.
2249 5701 2561 5781 σπέρματα.
