4016 6220
294 311 399 365 413

1393 305 1675 364 HOMILIA
1715 308 1783 362 IN
1817 309 2145 364 PSALMUM
2171 306 2354 363 XLIV.

3444 323 3548 374 616

293 431 360 482 ἐκ
400 427 575 499 λύπης
619 427 652 499 ἦ
689 424 750 491 ἐξ
795 427 1038 498 ἀνάγκης
1083 429 1511 500 καταδεξάμεναι
1553 429 1646 482 τὸν
1679 430 1863 499 σεμνὸν

1975 431 2242 484 humanus
2272 445 2421 498 usus,
2453 430 2508 485 in
2535 442 2724 487 sancta
2757 444 3069 490 sanctorum
3106 436 3544 500 introducentm-,

295 522 430 592 βίον,
470 520 583 574 ἀλλ’
625 522 682 572 αἱ
716 521 773 572 ὲν
802 519 1108 591 εὐφροσύνῃ
1156 521 1250 573 καὶ
1297 521 1613 589 ἀγαλλιάσει
1657 523 1749 576 ἐπὶ
1794 522 1870 593 τῷ

294 613 519 684 τοιούτῳ
581 610 961 682 κατορθώματι
1026 611 1313 682 χαίρουσαι
1364 611 1510 683 (15),
1554 605 1714 665 α’ύται
1765 612 1870 665 ἁπ-

294 706 671 776 ενεχθήσονται
702 703 779 774 τῷ
815 702 1040 774 βασιλεῖ,
1073 703 1164 754 καὶ
1185 703 1512 774 ἀχθήσονται
1547 704 1647 756 οὐκ
1675 704 1756 766 είς
1781 703 1871 756 τὸν

293 795 523 867 τυχόντα
543 795 727 862 τόπον,
755 793 868 847 ἀλλ’
914 795 993 857 είς
1020 794 1110 847 τὸν
1155 793 1284 848 ναὸν
1329 793 1423 847 τοῦ
1464 794 1746 865 βασιλέως.
1789 793 1869 848 Τὰ

293 889 400 958 γὰρ
459 886 709 958 ἱερατικά
763 886 966 956 σκεύη,
1016 885 1052 940 ἃ
1089 886 1188 939 οὐκ
1239 887 1496 957 ὲμόλυνεν
1554 886 1866 958 ἀνθρωπίνη

293 979 506 1050 χρῆσις,
538 981 617 1039 είς
661 978 728 1032 τὰ
762 977 893 1046 ἆγια
934 979 1044 1031 τῶν
1073 978 1240 1047 ἁγίων
1279 979 1736 1050 εἰσενεχθήσεται,
1773 979 1869 1032 καὶ

293 1071 540 1135 ἐξουσίαν
580 1071 690 1137 ἕξει
721 1072 820 1142 τῆς
859 1072 939 1134 εἰς
983 1071 1051 1124 τὰ
1099 1071 1268 1124 ἄδυτα
1301 1071 1558 1142 παρόδου,
1585 1065 1733 1124 ίὸπου
1783 1071 1871 1141 βέ-

1975 523 2164 592 eisque
2187 522 2371 578 licebit
2409 525 2476 578 ad
2498 525 2658 595 adyta
2685 529 2966 594 accedere,
2998 529 3087 583 ubi
3131 529 3341 599 profani
3378 535 3545 600 pedes

1976 629 2084 668 non
2117 614 2490 669 ambulabunt.
2524 617 2736 682 Quanta
2762 629 2940 674 autem
2984 635 3071 676 res
3108 622 3179 676 sit
3209 624 3262 675 in
3291 625 3544 691 templum

1977 705 2122 775 regis
2162 707 2375 771 adduci,
2403 707 2672 778 Propheta
2724 710 2838 780 ipse
2883 712 3143 777 ostendit,
3192 728 3289 782 pro
3339 728 3398 768 se
3432 715 3548 782 ipso

1974 812 2139 853 orans
2167 812 2230 853 ac
2255 800 2438 855 dicens
2451 799 2498 832 ⁸³
2520 822 2531 855 :
2557 799 2729 854 Unam
2751 803 3189 870 petiia.Domino,
3211 805 3344 858 lianc
3376 807 3548 872 requi-

1975 906 2090 943 ram
2114 907 2134 944 :
2161 902 2216 945 ut
2237 893 2520 946 inhabilem
2549 893 2604 947 in
2633 894 2789 947 domo
2811 893 3026 949 Domini
3074 897 3311 950 omnibus
3359 897 3540 950 diebus

1973 984 2095 1037 vitae
2123 1000 2285 1050 meae;
2311 995 2364 1038 ut
2398 987 2604 1041 videam
2629 987 2944 1057 voluptatem
2991 988 3225 1054 Domini,
3262 1000 3308 1043 et
3341 990 3541 1043 visitem

1976 1075 2221 1142 templum
2249 1077 2383 1147 ejus.

293 1162 445 1233 ϐηλοι
486 1161 644 1224 πόδες
669 1161 727 1213 οὐ
757 1162 1236 1232 περιπατήσουσιν.
1275 1163 1489 1216 Ἦλίκον
1521 1162 1576 1216 δέ
1608 1164 1724 1215 ἐστι
1765 1162 1826 1214 τὸ
1863 1161 2091 1233 ἀχθῆναι
2123 1167 2204 1230 είς
2235 1169 2359 1222 ναὸν
2393 1169 2678 1240 βασιλέως,
2708 1173 2737 1223 ὁ
2768 1171 3057 1242 Προφήτης
3085 1170 3374 1234 δείκνυσιν,
3402 1170 3543 1239 ὑπὲρ

292 1252 484 1307 ἑαυτοῦ
519 1253 950 1324 προσευχόμενος
1001 1255 1096 1306 κα)¹
1161 1253 1366 1323 λέγων·
1406 1255 1566 1308 Μίαν
1602 1253 1928 1323 ᾐτησάμην
1966 1257 2127 1324 παρά
2168 1261 2412 1327 Κυρίου,
2453 1263 2680 1329 ταύτην
2718 1260 2980 1329 ζητήσω·
3023 1262 3089 1314 τὸ
3137 1261 3433 1315 κατοικεῖν
3465 1281 3542 1331 με

289 1357 358 1404 ἐν
383 1351 525 1415 οἴκῳ
551 1349 771 1417 Κυρίου
798 1349 1000 1415 πάσας
1030 1348 1137 1415 τὰς
1168 1349 1393 1419 ἡμέρας
1414 1349 1524 1419 τῆς
1549 1348 1697 1418 ζωῆς
1719 1367 1860 1419 μου,
1899 1350 2006 1404 τοῦ
2071 1354 2309 1422 θεωρεῖν
2363 1373 2440 1425 με
2473 1356 2585 1426 (14)
2617 1355 2730 1424 τὴν
2763 1356 3129 1424 τερπνότητα
3157 1357 3401 1422 Κυρίου,
3440 1356 3540 1408 καὶ

289 1443 753 1498 ἐπισκέπτεσθαι
777 1443 884 1496 τὸν
909 1444 1061 1498 ναὸν
1086 1445 1296 1498 αὐτοῦ·

363 1537 449 1590 12.
493 1538 639 1592 Ἀντί
675 1536 795 1591 τῶν
839 1538 1107 1607 πατέρων
1149 1553 1266 1594 σου
1314 1538 1729 1611 ἐγεννήθησαν
1756 1541 1866 1613 (15)

290 1634 341 1684 ol
383 1629 501 1682 υἱοί
539 1643 688 1684 σου·
731 1630 1133 1699 καταστήσεις
1175 1633 1396 1699 αὐτοὺς
1433 1632 1728 1703 ἄρχοντας
1767 1635 1867 1689 ἐπὶ

290 1719 496 1775 πᾶσαν
514 1719 769 1791 τὴνγῆν.
787 1725 1002 1796 Ἐπειδὴ
1021 1725 1132 1779 ἅνω
1153 1726 1496 1798 προσετάχθη
1521 1726 1867 1806 ἐπιλαθέσθαι

290 1810 382 1864 τοῦ
422 1812 571 1878 λαοῦ,
613 1813 706 1867 καὶ
743 1813 836 1867 τοῦ
865 1814 1016 1870 οἴκου
1064 1815 1157 1870 τοῦ
1209 1819 1450 1890 πατρὸς,
1491 1819 1572 1881 εἰς
1600 1818 1865 1871 ἀντίδοσιν

290 1905 387 1974 τῆς
417 1905 662 1976 ὑπακοῆς
695 1905 790 1960 νῦν
826 1908 948 1960 ἀντὶ
975 1905 1081 1962 τῶν
1111 1908 1363 1980 πατέρων
1395 1909 1660 1980 λαμϐάνει
1694 1910 1864 1972 υἱοὺς,

290 1995 347 2045 ὲν
400 1996 738 2066 τηλικούτοις
788 1996 1060 2068 ἀξιώμασι
1105 1999 1535 2070 διαπρέποντας,
1580 1999 1720 2051 ὥστε
1761 2016 1865 2053 κα-

288 2088 549 2156 ταστῆναι
583 2087 696 2159 (16)
745 2090 942 2152 αὐτοὺς
993 2090 1289 2159 ἄρχοντας
1334 2091 1430 2144 ἐπὶ
1487 2091 1692 2145 πᾶσαν
1751 2089 1866 2159 τὴν

290 2177 422 2247 γῆν.
475 2178 627 2242 Τίνες
680 2176 772 2233 οὖν
819 2182 869 2233 οἱ
914 2181 1019 2234 υίοὶ
1065 2182 1162 2250 τῆς
1219 2182 1579 2253 Ἐκκλησίας;
1614 2185 1770 2236 Ἤτοι
1815 2186 1864 2237 οἱ

289 2270 395 2322 υἱοὶ
443 2271 534 2323 τοῦ
582 2272 937 2341 Εὐαγγελίου,
986 2273 1034 2326 οί
1069 2273 1249 2344 πάσης
1294 2274 1394 2344 τῆς
1439 2255 1858 2345 γῆξ-ἄρξαντες.

290 2363 395 2427 Εἰς
430 2360 636 2416 πᾶσαν
662 2363 790 2436 γάρ,
829 2365 983 2434 φησὶ,
1012 2363 1125 2434 τὴν
1154 2365 1517 2434 οἰκουμένην
1547 2365 1802 2434 ἐξῆλθεν
1831 2370 1864 2420 ό

287 2456 546 2525 φθόγγος
575 2457 802 2511 αὐτῶν’
835 2458 958 2523 καὶ,
989 2457 1481 2525 Καθεσθήσονται
1507 2459 1605 2512 ἐπὶ
1635 2457 1864 2512 δώδεκα

291 2548 570 2615 θρόνους,
610 2550 709 2602 καὶ
761 2550 1038 2617 κρινοῦσι
1081 2551 1188 2615 τὰς
1229 2549 1456 2603 δώδεκα
1501 2550 1700 2618 φυλὰς
1756 2551 1864 2604 τοῦ

303 2639 571 2707 Ἰσραήλ.
625 2640 747 2693 Ἐἀν
791 2640 848 2692 δέ
900 2658 984 2703 τις
1036 2644 1277 2712 πατέρας
1315 2641 1412 2712 τῆς
1457 2639 1674 2712 νύμφης
1725 2641 1864 2715 λάϐῃ

289 2728 416 2790 τοὺς
444 2729 805 2800 πατριάρχας,
849 2731 943 2783 καὶ
968 2729 1139 2794 οὕτως
1170 2733 1198 2784 ὁ
1224 2730 1380 2798 λόγος
1406 2731 1513 2785 τῶν
1550 2733 1863 2786 ἀποστόλων

290 2819 351 2869 οὐ
381 2819 678 2872 διαπίπτει.
716 2821 860 2872 Ἀντὶ
905 2819 1014 2891 γάρ
1056 2821 1280 2874 ἐκείνων
1324 2821 1690 2892 ἐγεννήθησαν
1725 2823 1861 2894 αὐτῇ

290 2911 395 2962 υἱοὶ
436 2910 523 2963 διά
565 2910 658 2964 τοῦ
708 2912 977 2983 Χριστοῦ,
1019 2915 1066 2966 οἱ
1125 2911 1404 2974 ποιοῦντες
1461 2912 1528 2966 τά
1575 2912 1714 2983 ἔργα
1768 2912 1861 2966 τοῦ

303 3000 582 3071 Ἀϐραάμ·
631 3003 722 3055 καὶ
767 3001 856 3056 διὰ
897 3002 1051 3056 τοῦτο
1098 3003 1328 3074 ἰσότιμοι
1364 3003 1547 3066 αὐτοῖς
1589 3006 1861 3076 χρηματί-

2043 1542 2130 1596 12.
2157 1541 2321 1596 V’Ens.
2349 1539 2436 1594 17.
2469 1538 2579 1592 Pro
2609 1538 2844 1606 patribus
2876 1538 2980 1590 tuis
3012 1538 3122 1591 nati
3154 1546 3274 1590 sunt
3296 1535 3396 1602 ﬁlii
3420 1535 3539 1587 tui:

1973 1635 2252 1689 constitues
2265 1649 2349 1686 eos
2363 1633 2617 1700 principes
2645 1647 2799 1697 super
2821 1647 3019 1684 onmem
3044 1640 3258 1683 terram.
3291 1629 3542 1694 Quando-

1973 1727 2187 1795 quidem
2231 1740 2394 1793 supra
2429 1733 2756 1792 praeceptum
2811 1733 2896 1777 est
2927 1723 2974 1777 ei
3023 1733 3081 1776 ut
3126 1722 3542 1775 oblivisceretur

1968 1819 2147 1888 populi
2184 1827 2238 1872 et
2267 1818 2459 1872 domus
2491 1817 2682 1885 patris,
2714 1815 2765 1868 in
2794 1815 3116 1868 obedientia:
3141 1813 3540 1867 remuneratio-

1967 1927 2088 1964 nem
2119 1926 2262 1964 nunc
2299 1926 2398 1977 pro
2425 1910 2671 1978 patribus
2701 1909 2901 1977 accipit
2931 1908 3070 1961 ﬁlios
3110 1908 3271 1960 tantis
3303 1906 3537 1975 dignita-

1964 2002 2112 2055 tibus
2165 2001 2477 2068 insignitus,
2540 2009 2598 2053 ut
2654 2000 3050 2052 constituantur
3097 1998 3356 2064 principes
3385 2011 3540 2063 super

1965 2105 2167 2144 onmem
2197 2099 2410 2142 terram.
2444 2089 2543 2154 Qui
2569 2099 2693 2142 sunt
2733 2089 2899 2156 igitur
2926 2087 3184 2141 Ecclesiae
3217 2088 3344 2140 ﬁlii?
3371 2087 3536 2140 Nitni-

1966 2196 2081 2234 rum
2115 2179 2389 2248 Evangelii
2431 2179 2549 2242 lilii,
2598 2179 2691 2246 qui
2731 2177 2850 2231 orbi
2886 2178 3138 2230 universo
3176 2178 3533 2245 imperarunt.

1965 2271 2031 2327 In
2055 2286 2255 2325 omnem
2274 2270 2437 2331 enim,
2459 2269 2652 2338 inquit,
2679 2277 2873 2321 terram
2897 2269 3056 2320 exivit
3081 2284 3238 2320 sonus
3265 2283 3445 2319 eorum
3462 2267 3532 2334 3‘;

1963 2374 2038 2428 et,
2073 2362 2338 2417 Sedebant
2379 2378 2534 2429 super
2565 2362 2840 2414 duodecim
2871 2362 3106 2424 thronos,
3146 2371 3195 2414 et
3220 2360 3536 2428 judicabant

1963 2454 2237 2507 duodecim
2275 2454 2437 2506 tribus
2460 2451 2632 2506 Israel
2663 2453 2730 2506 ⁸⁵.
2765 2453 2820 2506 Si
2851 2453 2975 2521 quis
3006 2463 3185 2506 autem
3211 2468 3421 2521 sponsze
3444 2469 3539 2521 pa-

1966 2555 2074 2600 tres
2104 2546 2364 2615 intelligat
2396 2546 2752 2614 patriarchas,
2781 2546 2852 2599 ita
2870 2559 3084 2614 quoque
3120 2545 3389 2598 intellecta
3416 2560 3539 2599 sen-

1965 2640 2133 2693 tentia
2168 2641 2235 2693 ab
2271 2639 2529 2708 apostolis
2559 2639 2733 2692 aliena
2759 2655 2863 2692 non
2891 2648 2992 2692 est.
3020 2637 3152 2692 Nam
3177 2652 3277 2706 pro
3301 2638 3404 2691 illis
3422 2639 3534 2691 nati

1964 2739 2086 2784 sunt
2111 2739 2163 2784 ct
2196 2731 2287 2783 ﬁlii
2306 2745 2400 2799 per
2420 2730 2714 2797 Christum,
2746 2729 3003 2784 facientes
3033 2744 3192 2798 opera
3216 2731 3450 2783 Abrahae
3467 2731 3535 2793 ⁸⁵,

1963 2829 2016 2873 et
2039 2819 2160 2872 ideo
2187 2833 2338 2886 teque
2367 2819 2616 2873 honorati
2650 2834 2713 2872 ac
2745 2818 2869 2886 ipsi,
2899 2818 3041 2885 quod
3082 2821 3266 2870 eadem
3300 2827 3530 2885 egerunt

1966 2925 2086 2980 qua:
2119 2911 2218 2973 illi,
2269 2911 2338 2963 ob
2375 2925 2496 2978 quae
2545 2909 2841 2964 honoribus
2886 2909 3095 2978 magnis
3141 2909 3340 2978 dignati
3404 2919 3533 2961 sunt

1963 3012 2170 3072 patres.
2195 3001 2476 3071 Principes
2499 3017 2627 3056 vero
2657 3003 2925 3056 universa:
2969 3011 3125 3055 terra:
3161 3009 3286 3053 sunt
3336 3001 3536 3062 sancti,

291 3091 476 3156 ζοντες
515 3094 649 3166 (17),
686 3097 750 3148 ἐκ
778 3094 870 3147 τοῦ
916 3095 1276 3166 πεποιηκέναι
1304 3095 1371 3148 τὰ
1417 3095 1556 3149 αὐτὰ
1602 3097 1860 3161 ἐκείνοις,

1967 3096 2034 3152 ob
2065 3111 2216 3150 suam
2241 3111 2362 3150 cum
2394 3095 2537 3149 bono
2567 3094 3043 3155 necessitudinem,
3104 3107 3226 3146 cum
3267 3093 3378 3160 ipsa
3408 3093 3534 3145 boni

290 3184 384 3254 ἀφ’
409 3179 482 3240 ὧν
522 3185 630 3240 τῶν
668 3187 915 3257 μεγάλων
948 3187 1122 3258 τιμῶν
1163 3187 1475 3260 ἠξιώθησαν
1505 3168 1564 3242 oi
1605 3189 1858 3259 πατέρες.

295 3277 584 3347 Ἀρχοντες
625 3277 804 3348 μέντοι
833 3279 970 3331 εἰσὶν
1002 3279 1220 3350 ἀπάσης
1247 3282 1343 3351 τῆς
1384 3279 1490 3350 γῆς
1519 3281 1569 3332 οἱ
1597 3281 1742 3348 ἅγιοι
1771 3280 1860 3333 διὰ

289 3369 390 3438 τὴν
432 3369 565 3439 πρὸς
602 3370 663 3422 τὸ
702 3371 862 3425 καλὸν
895 3373 1190 3436 οίκείωσιν,
1231 3374 1398 3443 αὐτῆς
1435 3372 1537 3442 τῆς
1565 3372 1658 3425 τοῦ
1697 3371 1860 3425 καλοῦ

293 3461 507 3530 φύσεως
542 3461 910 3534 περιτιθείσης
944 3465 1127 3528 αὐτοῖς
1177 3465 1238 3516 τὸ
1283 3467 1572 3535 πρωτεῖον,
1613 3464 1689 3528 ὡς
1715 3481 1864 3534 περι-

291 3550 454 3621 έθηκε
480 3549 556 3620 τῷ
591 3550 783 3604 Ἰακὼϐ
814 3551 912 3621 τὴν
952 3552 1094 3605 κατά
1122 3552 1214 3605 τοῦ
1251 3552 1418 3605 Ἦσαῦ
1463 3553 1731 3620 ἐξουσίαν.
1760 3553 1862 3606 Γί-

290 3658 400 3694 νου
436 3640 564 3712 γὰρ,
600 3642 752 3713 φησὶ,
793 3643 996 3711 κύριος
1035 3642 1141 3697 τοῦ
1180 3643 1447 3714 ἀδελφοῦ
1488 3663 1624 3699 σου.
1651 3646 1712 3698 Οί
1750 3645 1862 3698 τοί--

289 3746 381 3783 νυν
415 3730 643 3802 ἰσότιμοι
685 3733 795 3794 τοῖς
836 3733 1072 3802 πατράσι
1122 3734 1401 3804 γενόμενοι
1447 3734 1577 3804 (18),
1624 3736 1717 3787 καὶ
1763 3734 1861 3806 τὴν

292 3821 432 3875 κατά
460 3823 676 3876 πάντων
705 3823 978 3896 ὑπεροχὴν
1011 3823 1101 3877 διὰ
1127 3827 1226 3896 τὴν
1259 3826 1358 3896 τῆς
1387 3827 1585 3896 ἀρετῆς
1629 3826 1860 3897 ἄσκησιν

289 3909 714 3979 προσλαϐόντες,
756 3913 850 3965 καὶ
890 3913 995 3966 υίοὶ
1025 3913 1126 3979 τῆς
1175 3912 1412 3984 Χριστοῦ
1457 3913 1676 3985 νύμφης
1721 3917 1856 3982 εἰσὶ,

289 3999 397 4051 καὶ·
430 3999 580 4070 παρά
611 4003 710 4071 τῆς
763 4001 899 4064 ίδίας
949 4003 1151 4072 μητρὸς
1203 4002 1555 4056 καθίστανται
1602 4003 1860 4073 ἄρχοντες

289 4091 382 4142 ἐπὶ
417 4093 592 4145 πᾶσαν
631 4092 729 4162 τὴν
763 4092 887 4162 γῆν.
915 4093 1115 4145 Σκόπει
1143 4092 1200 4144 δέ
1235 4110 1325 4163 μοι
1353 4092 1458 4164 τὴν
1487 4093 1732 4159 ἐξουσίαν
1760 4095 1859 4165 τῆς

293 4180 579 4249 βασιλίδος,
618 4185 717 4253 ὅση
754 4201 838 4247 τις
877 4184 964 4236 ἐπ’
1007 4185 1176 4255 αὐτῆς
1208 4185 1360 4237 ἐστι’
1398 4188 1721 4256 χειροτονεῖν
1762 4187 1861 4259 ἄρ-

291 4289 482 4341 χοντας
508 4275 600 4326 ἐπὶ
634 4277 812 4328 πᾶσαν
844 4275 939 4347 τὴν
966 4277 1088 4348 γῆν.
1119 4276 1558 4347 Μνησθήσομαι
1582 4279 1688 4332 τοῦ
1729 4279 1860 4332 ὀνό-
1900 4279 1909 4292 ⁸

284 4367 472 4431 ματός
508 4383 623 4420 σου
658 4367 726 4420 ἐν
761 4367 924 4437 πάσῃ
963 4366 1139 4437 γενεᾷ
1167 4369 1265 4421 καὶ
1310 4367 1505 4437 γενεᾷ.
1537 4369 1642 4440 Διᾴ
1683 4372 1858 4425 τοῦτο

1967 3197 2163 3244 natura
2191 3188 2272 3244 eis
2307 3187 2671 3256 principatum
2725 3188 2949 3252 tribuat,
2991 3188 3133 3242 sicut
3156 3185 3358 3241 Jacobo
3386 3195 3538 3255 pote-

1967 3288 2164 3334 statem
2198 3279 2252 3332 in
2287 3279 2462 3347 ipsum
2493 3278 2634 3332 Esau
2665 3279 2912 3348 praebuit.
2970 3277 3101 3332 Fias
3131 3280 3297 3341 enim,
3341 3277 3535 3346 inquit.

1968 3369 2212 3422 dominus
2238 3367 2419 3437 fratris
2448 3369 2526 3421 tui
2549 3368 2615 3422 ³⁷.
2647 3367 2966 3434 Quicunque
3001 3369 3166 3436 igitur
3195 3369 3406 3423 honore
3438 3385 3535 3438 pa-

1968 3461 2140 3515 tribus
2177 3475 2336 3530 pares
2358 3459 2487 3514 facti
2519 3469 2664 3526 sunt,
2703 3470 2867 3529 atque
2893 3476 2988 3530 per
3016 3461 3231 3515 virtutis
3265 3463 3533 3515 exercita-

1969 3553 2171 3607 tionem
2199 3551 2450 3606 omnibns
2479 3551 2873 3619 praestiterunt,
2909 3562 2963 3605 et
2993 3551 3085 3604 ﬁlii
3131 3567 3341 3620 sponsa:
3369 3551 3532 3606 Chri-

1967 3644 2038 3700 sti
2066 3651 2214 3709 sunt,
2240 3651 2294 3698 et
2315 3658 2344 3696 a
2376 3643 2592 3712 propria
2618 3652 2790 3696 matre
2812 3643 3089 3711 principes
3129 3657 3290 3711 super
3316 3657 3534 3696 omnem

1968 3740 2172 3800 terram
2236 3731 2659 3788 constituuntur.
2730 3732 2904 3787 Velim
2963 3741 3144 3784 autem
3220 3732 3536 3786 consideres

1967 3834 2170 3894 quanta
2193 3827 2264 3880 sit
2299 3827 2498 3894 reginae
2521 3834 2783 3895 potestas,
2813 3827 2893 3880 sic
2923 3834 2983 3879 ut
3003 3833 3151 3879 creet
3185 3839 3246 3878 ac
3270 3824 3536 3893 praeﬁciat

1967 3917 2241 3988 principes
2271 3933 2433 3988 super
2461 3933 2674 3972 omnem
2728 3927 2948 3971 terram.
2999 3917 3160 3972 Vnus.
3204 3917 3284 3972 18.
3325 3916 3536 3969 Mentor

1965 4024 2055 4062 ero
2088 4009 2313 4062 nominis
2343 4011 2420 4062 tui
2458 4010 2514 4062 in
2563 4010 2704 4063 omni
2734 4011 3062 4079 generatione
3102 4018 3151 4063 et
3177 4012 3535 4078 generatione.

1968 4096 2255 4167 PrOpterea
2282 4099 2464 4168 populi
2494 4100 2882 4168 conﬁtebuntur
2907 4101 3004 4154 tibi
3043 4101 3099 4154 in
3129 4100 3378 4155 swculum
3407 4110 3453 4154 et
3479 4102 3536 4156 in

1964 4187 2216 4242 swculum
2261 4191 2465 4243 swculi.
2493 4189 2624 4246 Post
2669 4193 2854 4245 omnia
2906 4201 3158 4261 tanquam
3185 4207 3252 4246 ex
3281 4191 3537 4246 Ecclesia:

1965 4295 2193 4349 persona
2221 4282 2420 4336 dictum
2449 4291 2532 4336 est
2565 4283 2715 4351 illud,
2751 4283 2957 4337 Memor
2989 4301 3078 4337 ero
3117 4283 3343 4337 nominis
3381 4284 3457 4335 tui
3481 4284 3534 4335 in

1965 4373 2106 4426 omni
2139 4375 2469 4441 generatione
2491 4384 2537 4426 et
2571 4377 2925 4442 generatione.
2951 4377 3080 4442 Qua:
3112 4386 3288 4430 autem
3315 4385 3398 4430 est
3420 4376 3536 4430 haec

288 4459 424 4510 λαοί
462 4458 1006 4530 ἐξομολογήσονταί
1034 4474 1134 4512 σοι
1157 4462 1244 4526 εὶς
1269 4460 1375 4516 τὸν
1407 4461 1591 4516 αἰῶνα
1630 4462 1727 4516 καὶ
1764 4466 1858 4529 εἰς

1967 4463 2217 4518 Ecclesiae
2246 4465 2501 4519 memoria
2522 4466 2546 4518 ?
2571 4467 2851 4522 Confessio
2877 4470 3217 4538 populorum.

289 4549 398 4602 τὸν
434 4548 619 4602 αἰῶνα
646 4549 750 4602 τοῦ
787 4548 1016 4616 αἰῶνος.
1052 4551 1174 4604 Ἐπὶ
1207 4552 1372 4604 πᾶσιν
1405 4552 1481 4616 ὡς
1511 4554 1577 4606 ὲκ
1614 4554 1906 4624 προσώπου
1953 4557 2052 4624 τῆς
2085 4555 2408 4627 Ἐκκλησίας
2433 4559 2461 4610 ὁ
2497 4558 2652 4625 λόγος
2691 4561 2924 4630 εἴρηται,
2970 4561 3051 4613 ὅτι
3095 4559 3535 4628 Μνησθήσομαι

289 4641 394 4695 τοῦ
430 4641 720 4712 ὀνόματός
754 4655 868 4695 σου
896 4641 965 4694 ἐν
997 4640 1164 4711 πάσῃ
1195 4641 1372 4711 γενεᾷ
1403 4643 1500 4697 καὶ
1539 4643 1733 4713 γενεᾷ.
1764 4646 1858 4710 Τίς
1898 4647 1955 4699 δέ
1996 4649 2142 4700 ἐστιν
2181 4650 2214 4718 ἡ
2259 4647 2363 4718 τῆς
2395 4649 2720 4721 Ἑκκλησίας
2780 4653 3003 4722 μνήμη;
3040 4652 3103 4704 Ἠ
3151 4652 3534 4725 ἐξομολόγησις

289 4736 398 4789 τῶν
427 4735 592 4791 λαῶν.

359 4894 575 4948 “Psal.
629 4909 775 4960 xxvr,
828 4893 882 4947 4.
960 4894 1009 4926 ⁸⁵
1062 4893 1210 4949 Psal.
1260 4909 1421 4959 xvm,
1457 4894 1512 4949 5.
1587 4895 1632 4928 ⁸⁵
1661 4893 1852 4949 Matth.
1882 4911 1994 4961 nx,
2019 4894 2110 4949 28.

363 5041 476 5112 (l5)
502 5039 598 5095 Vir
628 5040 843 5112 quidem
881 5038 1250 5112 doctissimus,
1279 5048 1421 5112 teste
1468 5039 1686 5112 Ducam,
1719 5053 1852 5112 con-

285 5109 489 5176 iecerat
520 5113 590 5164 ita
619 5109 1010 5164 emendandum
1044 5124 1187 5174 esse,
1217 5109 1308 5162 ἐπὶ
1339 5110 1400 5163 τὸ
1428 5109 1638 5180 τοιοῦτο
1663 5111 1854 5180 κατόρ-

291 5181 450 5252 θωμα
479 5179 751 5252 χωρούσαι
782 5194 796 5208 ·
816 5180 921 5252 sed
952 5180 1184 5252 Ducaeus
1205 5182 1321 5247 ipse
1359 5179 1631 5252 vulgatam
1665 5179 1854 5233 lectio-

291 5248 433 5313 nein,
461 5248 661 5320 ξιξ-τιτῷ
685 5248 911 5318 τοιούτῳ
941 5248 1334 5320 κατορθώματι
1372 5249 1677 5319 χαίρουσαι,
1724 5252 1854 5320 reti-

293 5322 518 5373 nendam
549 5319 783 5380 censuit,
819 5324 885 5373 ad
937 5319 1100 5387 idque
1139 5321 1476 5386 probandum
1539 5319 1852 5373 testimonio

291 5390 494 5443 codicis
523 5388 661 5442 Oliv.
688 5404 817 5442 usus
852 5396 937 5441 est
971 5388 1087 5442 :cui
1113 5389 1284 5442 codici
1317 5389 1440 5442 addi
1464 5398 1688 5457 possunt
1713 5387 1848 5457 Reg.

291 5468 536 5525 quartus,
575 5459 725 5514 Colb.
751 5467 936 5512 sextus
961 5467 1016 5511 et
1049 5457 1138 5510 alii
1169 5458 1433 5512 nonnulli.

364 5527 474 5598 (M)
499 5527 590 5584 Sic
622 5529 785 5584 editio
822 5529 984 5583 Basil.
1028 5537 1084 5583 et
1125 5544 1252 5584 mss.
1288 5529 1550 5598 quinque.
1583 5529 1742 5585 Deest
1782 5542 1850 5598 με

1863 5671 1936 5713 -Ξ

2216 4894 2441 4949 "Joan.
2490 4911 2606 4964 vm,
2637 4897 2704 4952 ’59
2801 4896 2845 4928 ⁸⁷
2896 4895 3226 4961 Gcn.xxvn,
3258 4899 3348 4954 Q9.

1961 5039 2015 5112 in
2045 5040 2499 5112 editioneParis.
2533 5040 2735 5096 Ibidem
2788 5039 2922 5112 Reg.
2963 5042 3234 5097 secundus
3265 5038 3358 5094 τὸν
3407 5037 3534 5092 ναὸν

1958 5109 2049 5162 τὸν
2082 5110 2236 5178 ἆγιον
2258 5108 2444 5164 αὐτοῦ.

2034 5180 2145 5251 (15)
2180 5180 2406 5251 ςιοόὶοοε
2429 5190 2537 5234 tres
2561 5179 2918 5251 ἐγενήθησαν,
2957 5180 3085 5250 facti
3108 5187 3250 5234 sunt.

2057 5249 2146 5320 16)
2178 5249 2270 5305 Sic
2301 5267 2431 5321 mss.
2460 5249 2722 5321 quinque.
2748 5249 2886 5306 Editi
2917 5249 2993 5313 ὥς
3029 5249 3392 5320 καταστῆναι.

2057 5258 2146 5320 16)
2178 5258 2270 5305 Sic
2301 5267 2431 5305 mss.
2460 5258 2722 5321 quinque.
2748 5258 2886 5306 Editi
2917 5258 2993 5313 ως
3029 5258 3392 5320 καταστῆναι.

2030 5258 2144 5390 in)
2179 5321 2270 5374 Sic
2303 5320 2452 5389 Regii
2485 5323 2779 5385 secundus,
2809 5324 3002 5390 tertius
3048 5331 3101 5373 et
3137 5331 3363 5388 quartus
3407 5335 3534 5376 cum

1956 5388 2283 5474 Colb‘erti‘nis
2308 5388 2482 5474 priino
2512 5401 2566 5444 et
2597 5389 2949 5474 sexto.AEdIi'ti.
2969 5390 3422 5474 χρηματίζουσιν.

2031 5460 2142 5531 (18)
2184 5459 2277 5517 Sic
2300 5470 2531 5531 quatuor
2566 5476 2696 5517 mss.
2723 5463 2794 5516 At
2822 5461 2949 5517 editi
2970 5459 3282 5531 γινόμενοι.
