4016 6220
429 353 537 410 4ξό

444 481 1628 512 ___________________.___—~

825 585 985 654 17o
1012 581 1074 634 IN
1105 577 1433 651 PSALMUM
1464 574 1623 629 xev.

539 707 606 760 In
626 706 786 776 ﬁnem
814 719 909 772 pro
937 701 1066 771 ﬁliis
1094 697 1224 752 Core
1249 711 1266 749 :
1301 711 1392 762 pro
1416 691 1624 746 arcanis
1650 688 1903 758 psalmus.

509 841 564 896 1.
621 836 970 907 Prophetiam
1025 833 1094 887 de
1142 830 1305 886 rebus
1347 842 1467 897 quae
1499 825 1550 879 iu
1601 823 1708 877 fine
1741 829 2014 876 eventurae

437 941 588 994 sunt,
629 930 912 984 continuere
937 925 1070 980 mihi
1102 924 1321 978 videtur
1353 921 1440 974 bic
1468 917 1729 986 psalmus.
1751 913 1922 980 Quem
1951 911 2014 964 fi-

437 1040 562 1079 nem
597 1023 823 1077 intuitus
855 1021 1020 1074 etiam
1057 1016 1274 1080 Paulus,
1307 1013 1440 1066 dicit
1465 1029 1479 1065 :
1504 1009 1703 1062 Deinde
1723 1007 1869 1075 ﬁnis,
1895 1019 2015 1058 cum

438 1114 720 1169 tradiderit
781 1127 1004 1182 regnum
1058 1109 1168 1162 Deo
1224 1118 1272 1161 et
1323 1103 1478 1157 Patri
1524 1102 1590 1154 ⁸⁸.
1623 1100 1732 1154 Aut
1759 1097 2014 1167 quoniam

440 1203 686 1256 actiones
736 1212 935 1255 nostrae
967 1197 1242 1253 deducunt
1281 1208 1381 1249 nos
1422 1193 1490 1246 ad
1540 1190 1726 1256 linem,
1760 1200 2019 1256 unaquze-

438 1310 546 1363 que
574 1294 639 1346 ad
673 1292 950 1362 proprium
979 1288 1084 1344 sibi
1121 1287 1258 1357 ipsi;
1290 1285 1497 1340 idcirco
1523 1281 1668 1337 bona
1696 1281 1916 1350 quidem
1951 1277 2018 1332 ad

440 1383 860 1445 beatitudinem,
890 1379 1029 1434 mala
1051 1393 1180 1434 vero
1204 1377 1269 1430 ad
1287 1384 1548 1430 aeternam
1574 1371 2016 1427 damnationem:

442 1476 782 1546 etquoniam
818 1473 1049 1529 consilia
1084 1487 1116 1526 a
1164 1470 1372 1540 Spiritu
1412 1469 1468 1522 in
1524 1467 1627 1521 hoc
1655 1465 1870 1534 psalmo
1902 1474 2020 1518 tra-

443 1569 579 1630 dita,
605 1569 1046 1635 obtemperantes
1075 1565 1141 1618 ad
1166 1565 1366 1620 bonum
1396 1561 1558 1616 linem
1588 1560 1889 1622 deducunt;
1921 1557 2020 1610 hac

445 1662 512 1715 de
544 1674 704 1714 causa
736 1660 1032 1730 inscriptus
1072 1668 1176 1725 est,
1225 1655 1292 1711 In
1323 1655 1506 1726 ﬁnem,
1537 1652 1682 1723 quod
1712 1649 1829 1718 ejus
1863 1651 2026 1704 docu-

446 1761 626 1806 menta
676 1752 744 1806 ad
799 1751 1014 1805 beatum
1039 1750 1290 1804 humanae
1333 1747 1461 1801 vita:
1495 1746 1658 1800 linem
1691 1742 2018 1797 referantur.

446 1842 555 1896 Pro
584 1843 710 1911 ﬁliis
745 1842 899 1898 Core.
924 1841 1094 1896 Filius
1116 1851 1294 1895 autem
1321 1839 1464 1893 Core
1513 1838 1692 1891 dictus
1720 1843 1806 1889 est
1851 1841 1906 1887 et
1935 1833 2024 1886 hic

1743 331 1802 389 S.
1845 327 2092 383 BASILII
2134 322 2348 381 MAGNI

3602 316 3708 370 HG

1633 459 3685 490 W

2506 559 2614 613 ΕΙΣ
2651 558 2791 613 ΤΟΝ
2831 559 2945 614 ME'
2983 558 3305 612 ΨΑΛΜΟΝ.

2113 658 2219 724 Εἰς
2259 655 2327 709 τὸ
2377 653 2553 720 τέλος
2593 651 2747 719 ὑπὲρ
2793 649 2912 724 τῶν
2962 649 3110 704 υἱῶν
3144 650 3337 724 ,Κορέο
3375 650 3529 719 ὑπὲρ
3580 644 3711 702 τῶν

2627 723 2896 791 κρυφίων
2941 723 3206 790 ψαλμός.

2185 820 2237 873 1.
2269 816 2615 889 Προφητείαν
2657 833 2746 886 μοι
2776 816 2920 868 δοκεῖ
2947 815 3224 884 περιέχειν
3255 815 3284 867 ὁ
3320 812 3534 884 ψαλμὸς
3570 812 3709 882 περὶ

2114 912 2224 966 τῶν
2252 911 2394 965 κατὰ
2421 910 2481 964 τὸ
2508 910 2680 974 τέλος.
2707 909 2888 979 Ὅπερ
2915 908 3067 972 τέλος
3099 906 3255 970 εἰδὼς
3282 908 3374 962 καὶ
3402 909 3430 960 ὁ
3467 906 3708 972 Παῦλος.

2118 1004 2314 1076 φησίν·
2369 999 2516 1057 Εἶτα
2568 1002 2633 1056 τὸ
2686 1000 2894 1067 τέλος,
2937 1001 3083 1055 ὅταν
3123 1001 3371 1071 παραδῷ
3417 1002 3528 1072 (19)
3587 1001 3711 1069 τὴν

2111 1097 2442 1161 ,βασιλείαν
2468 1095 2548 1160 τῷ
2576 1093 2698 1160 Θεῷ
2723 1094 2820 1147 καὶ
2849 1095 3054 1163 Πατρι.
3083 1093 3154 1146 ’Ἡ
3184 1093 3370 1164 ἐπειδὴ
3395 1096 3450 1146 αἱ
3476 1093 3713 1164 πράξεις

2118 1186 2277 1260 ἡμῶν
2319 1187 2628 1257 ἀπάγουσιν
2675 1187 2824 1257 ἡμᾶς
2871 1186 3006 1258 πρὸς
3057 1185 3120 1238 τὸ
3167 1185 3342 1250 τέλος,
3387 1185 3592 1256 ἑκάστη
3645 1185 3712 1237 τὸ

2118 1276 2316 1327 οἰκεῖον
2354 1276 2542 1346 ἑαυτῇ,
2571 1275 2604 1343 ἡ
2639 1273 2737 1344 μὲν
2766 1271 2957 1343 ,ἀγαθὴ
2992 1271 3128 1342 πρὸς
3155 1271 3256 1342 τὴν
3302 1263 3708 1344 μακαριότητα,

2121 1368 2155 1437 ἡ
2201 1367 2260 1420 δὲ
2297 1366 2474 1438 φαύλη
2529 1365 2667 1438 πρὸς
2717 1366 2817 1437 τὴν
2862 1365 3086 1418 αἰωνίαν
3145 1363 3501 1436 κατάκρισιν
3538 1365 3592 1416 αί
3649 1362 3710 1414 δὲ

2123 1458 2275 1530 παρὰ
2298 1457 2393 1511 τοῦ
2433 1457 2752 1528 Πνεύματος
2785 1457 2844 1509 ἐν
2876 1454 2956 1526 τῷ
3005 1454 3207 1526 ψαλμῷ
3248 1454 3426 1526 τούτῳ
3475 1453 3712 1525 παραδι-

2122 1549 2344 1621 δόμεναι
2381 1548 2493 1620 (‘20)
2537 1546 2844 1619 συμϐουλαὶ
2885 1545 3025 1618 πρὸς
3067 1547 3129 1599 τὸ
3169 1545 3373 1614 ἀγαθὸν
3401 1545 3557 1608 τέλος
3600 1545 3712 1597 ἀπ·-

2125 1639 2318 1709 άγουσι
2363 1640 2490 1702 τοὺς
2522 1637 2908 1709 πειθομένους·
2944 1635 3136 1691 τούτου
3177 1636 3363 1690 ἕνεκεν
3412 1635 3713 1705 ἐπιγέγρα-

2124 1747 2257 1784 πται
2283 1733 2387 1797 Εἰς
2412 1730 2479 1783 τὸ
2512 1729 2717 1795 τέλος’
2745 1729 2822 1792 ὡς
2853 1729 2956 1798 τῆς
2993 1729 3273 1800 ἀναφορᾶς
3312 1727 3420 1780 τῶν
3443 1726 3714 1796 διδαγμᾶ-

2126 1841 2234 1877 των
2275 1826 2370 1877 ἐπὶ
2403 1825 2464 1877 τὸ
2509 1823 2778 1895 μακάριον
2825 1823 2978 1885 τέλος
3022 1823 3120 1893 τῆς
3164 1820 3510 1892 ἀνθρωπίνης
3561 1818 3712 1887 ζωῆς

447 1937 720 2007 psalmus,
753 1952 892 2004 quos
928 1935 1164 2005 Spiritus
1216 1941 1436 1987 sanctus
1491 1930 1612 1984 ideo
1645 1942 1750 1982 non
1787 1923 2019 1989 dividit,

2139 1917 2499 1988 ὣπαρχούσης.
2542 1915 2723 1983 ’Υπὲρ
2751 1913 2872 1968 τῶν
2905 1912 3053 1968 υἱῶν
3094 1913 3265 1983 Κφέ.
3302 1915 3426 1978 Τοῖς
3465 1913 3522 1967 δέ
3575 1916 3714 1977 υἱοῖς

447 2029 590 2099 quod
616 2028 760 2082 velut
789 2043 897 2081 una
935 2028 1111 2079 anima
1154 2033 1209 2078 et
1241 2039 1346 2077 una
1376 2036 1509 2075 voce
1544 2035 1668 2074 cum
1701 2017 1846 2071 omni
1883 2018 2025 2070 inter

449 2137 509 2176 se
538 2121 829 2176 concordia
860 2131 1141 2172 sermones
1189 2113 1538 2184 propbetieos
1585 2111 1911 2172 emiserunt,
1943 2107 2028 2161 ni-

451 2212 529 2267 lnil
552 2212 847 2282 quidquam
878 2209 985 2262 alio
1003 2216 1202 2277 praeter
1220 2206 1354 2259 alios
1377 2204 1740 2266 vaticinante,
1773 2202 1868 2255 sed
1900 2215 2029 2269 pro-

452 2305 671 2373 phctico
705 2304 847 2357 dono
875 2301 1159 2369 mqnaliter
1214 2298 1292 2351 eis
1329 2310 1619 2359 concesso,
1663 2294 1730 2348 ob
1764 2292 2027 2362 aequalem

453 2398 694 2466 ipsorum
745 2394 887 2446 inter
917 2407 974 2445 se
1031 2391 1083 2444 in
1129 2389 1270 2442 bona
1303 2386 1582 2440 allectum.
1617 2384 1884 2438 Caeterum
1920 2382 2027 2436 Pro

458 2487 670 2541 arcanis
705 2486 881 2540 dictus
917 2491 1002 2538 est
1037 2481 1316 2550 psalmus;
1375 2479 1428 2532 id
1474 2487 1581 2543 est,
1630 2492 1728 2547 pro
1758 2474 1990 2532 occultis
2012 2518 2026 2542 ,

453 2589 510 2634 et
539 2579 835 2633 reconditis
871 2577 924 2629 in
955 2573 1242 2646 mysterio.
1283 2570 1582 2641 Postquam
1621 2580 1802 2623 autem
1845 2568 2033 2638 singu-

454 2673 537 2725 las
585 2669 747 2738 hujus
795 2667 987 2736 psalmi
1044 2665 1347 2720 sententias
1408 2661 1698 2732 attigeris,
1737 2661 2031 2716 verborum

455 2778 655 2818 arcana
705 2761 1004 2824 docebere;
1031 2773 1094 2814 ac
1129 2759 1310 2813 disces
1338 2770 1441 2811 non
1482 2753 1721 2823 cujusvis
1755 2767 1877 2808 esse
1907 2766 2035 2821 my-

455 2856 620 2912 steria
650 2855 835 2909 divina
864 2850 1248 2922 contemplari,
1283 2849 1378 2904 sed
1408 2846 1527 2916 eius
1567 2847 1760 2913 solius,
1809 2844 1901 2915 qui
1931 2846 2035 2899 im-

457 2947 642 3018 plendi
683 2945 938 3015 promissi
986 2956 1253 3013 organum
1305 2940 1637 2994 concinnum
1683 2939 1800 2992 ﬁeri
1840 2937 2033 3006 possit,

459 3043 539 3097 sic
578 3049 639 3095 ut
668 3038 911 3110 psalterii
937 3037 1055 3090 loco
1085 3033 1265 3088 anima
1294 3031 1440 3085 illius
1475 3037 1764 3084 moveatur
1793 3027 1862 3082 ab
1903 3041 2035 3095 ope-

2125 2009 2271 2079 Κορὲ
2303 2011 2396 2063 καὶ
2439 2002 2594 2072 οὗτος
2644 2009 2859 2079 εἴρηται
2888 2010 2917 2060 ὁ
2941 2007 3173 2078 ψαλμὸς,
3198 2006 3293 2071 οὒς
3326 2007 3387 2060 ού
3425 2007 3624 2077 διαιρεῖ
3654 2009 3717 2060 τὸ

2127 2097 2355 2168 Πνεῦμα
2389 2099 2450 2150 τὸ
2481 2099 2655 2166 ἅγιον,
2702 2097 2835 2150 διότι
2888 2095 3078 2168 ὥσπερ
3135 2099 3234 2168 μιᾷ
3282 2095 3426 2168 ψυχῇ
3481 2099 3577 2151 καὶ
3611 2099 3716 2168 μιᾷ

2128 2193 2277 2261 φωνῇ
2334 2190 2471 2262 μετὰ
2529 2190 2711 2262 πάσης
2754 2190 2856 2260 τῆς
2901 2190 3038 2260 πρὸς
3084 2189 3348 2261 ἀλλήλους
3391 2189 3716 2261 συμφωνίας

2126 2283 2253 2344 τοὺς
2286 2283 2656 2352 προφητικοὺς
2691 2280 2883 2348 λόγους
2920 2281 3169 2351 προΐεντο
3213 2280 3359 2351 (21)’
3411 2281 3580 2352 μηδὲν
3617 2281 3715 2334 τοῦ

2128 2371 2316 2441 ἐτέρου
2349 2369 2526 2424 αὐτῶν
2572 2369 2724 2440 παρὰ
2770 2371 2897 2432 τοὺς
2942 2368 3161 2433 λοιποὺς
3199 2370 3715 2440 προφητεύσαντος,

2128 2463 2242 2518 ἀλλ’
2272 2461 2386 2515 ίσου
2429 2463 2612 2523 αὐτοῖς
2649 2460 2744 2514 τοῦ
2775 2460 3114 2533 προφητικοῦ
3159 2462 3498 2532 χαρίσματος
3541 2463 3722 2535 δωρη-

2131 2555 2315 2618 θέντος
2353 2555 2443 2608 διὰ
2487 2554 2548 2607 τὸ
2595 2553 2707 2607 ἴσον
2751 2553 3074 2624 αὐτῶντῆς
3129 2553 3265 2625 πρὸς
3321 2554 3583 2626 ἀλλήλους
3637 2557 3723 2620 είς

2130 2649 2201 2704 τὰ
2233 2648 2374 2702 καλὰ
2415 2647 2730 2710 διαθέσεως.
2763 2646 2944 2714 Ὑπὲρ
2987 2646 3045 2699 δὲ
3087 2645 3207 2699 τῶν
3252 2647 3518 2716 κρυφίων
3567 2640 3725 2717 etp},

2130 2760 2220 2797 ται
2269 2743 2299 2796 ὀ
2345 2741 2589 2812 ψαλμός·
2638 2739 2951 2802 τουτέστιν,
3007 2739 3147 2810 ὑπὲρ
3200 2739 3564 2810 ἀπορρήτων,
3625 2739 3726 2794 καὶ

2131 2833 2242 2888 τῶν
2271 2837 2328 2887 ἐν
2362 2832 2646 2905 μυστηρίῳ
2671 2831 3092 2903 κεκρυμμένων.
3121 2831 3418 2903 Γενόμενος
3445 2832 3502 2885 δὲ
3524 2833 3583 2886 ἐν
3610 2836 3726 2894 τοῖς

2133 2926 2277 2981 κατὰ
2311 2925 2476 2998 μέρος
2509 2928 2697 2996 ῥητοῖς
2729 2923 2823 2977 τοῦ
2849 2923 3090 2996 ψαλμοῦ,
3138 2924 3358 2997 μαθήσῃ
3385 2923 3447 2978 τὸ
3485 2941 3730 2996 κεκρυμ-

2138 3015 2300 3088 μένον
2347 3016 2456 3069 τῶν
2487 3015 2660 3084 λόγων
2682 3031 2696 3044 ·
2729 3014 2827 3068 καὶ
2858 3015 2940 3067 ὅτι
2967 3013 3028 3067 οὑ
3059 3013 3154 3067 τοῦ
3180 3015 3434 3084 τυχόντος
3464 3013 3610 3066 ἐστὶν
3638 3015 3725 3066 ἐν·

457 3141 619 3186 rante
651 3131 706 3184 in
736 3130 854 3197 ipsa
894 3125 1100 3195 Spiritu
1134 3131 1349 3178 saneto.
1378 3118 1545 3174 Vens.
1591 3119 1650 3172 ‘2.
1694 3118 1836 3174 Deus
1862 3128 2034 3171 noster

2140 3107 2268 3161 ιδεῖν
2295 3107 2406 3169 τοῖς
2437 3105 2602 3169 θείοις
2646 3104 2983 3176 μυστηρίοις,
3011 3102 3045 3174 ἢ
3078 3103 3240 3174 μόνου
3274 3102 3388 3173 (22)
3427 3102 3522 3156 τοῦ
3565 3101 3729 3156 δυνα-

459 3223 722 3293 refugium
755 3231 804 3275 et
835 3221 1022 3281 virtus,
1063 3217 1282 3286 adjutor
1323 3217 1379 3270 in
1429 3213 1888 3277 tribulationibus,
1920 3226 2038 3282 quae

2141 3197 2302 3270 μένου
2343 3197 2598 3266 γενέσθαι
2625 3198 2727 3268 τῆς
2753 3196 3083 3264 ἐπαγγελίας
3112 3196 3429 3267 ἐναρμόνιον
3471 3195 3729 3268 ὄργανον,

459 3320 769 3373 invenerunt
799 3328 892 3366 nos
911 3311 1087 3365 nimis.
1118 3308 1339 3363 Auxilio
1364 3306 1536 3362 multo
1559 3321 1695 3374 opus
1722 3312 1802 3358 est
1833 3302 2034 3359 homini

2145 3290 2286 3344 ὥστε
2333 3291 2453 3343 ἀντὶ
2498 3289 2799 3360 ψαλτηρίου
2849 3289 3110 3342 κινεῖσθαι
3174 3287 3339 3341 αὑτοῦ
3383 3288 3485 3360 τὴν
3547 3288 3732 3359 ψυχὴν

461 3411 632 3474 omni,
669 3408 740 3464 ob
780 3407 999 3461 insitam
1059 3402 1110 3458 ei
1171 3411 1371 3457 natura
1406 3399 1825 3455 infirmitatem:
1861 3396 2036 3466 siqui-

461 3505 584 3560 dem
627 3501 809 3556 multa:
831 3500 878 3553 ei
920 3494 1181 3552 molestiae
1210 3507 1572 3563 azrumnmque
1601 3491 1876 3546 accidunt.
1904 3489 2039 3542 Dum

462 3599 630 3667 igitur
656 3595 722 3650 de
753 3594 1010 3648 omnibus
1058 3588 1463 3644 calamitatibus
1512 3585 1783 3656 refugium
1819 3583 2037 3652 quaerit,

463 3688 622 3758 quasi
673 3685 741 3740 ad
795 3691 970 3737 tutum
1028 3679 1205 3734 locum
1254 3678 1558 3746 aufugiens,
1612 3673 1695 3727 vel
1721 3671 1788 3726 ad
1821 3681 2038 3724 acutum

462 3778 757 3850 quemdam
786 3775 1052 3831 verticem
1089 3772 1215 3826 forti
1251 3783 1408 3824 muro
1454 3767 1879 3832 circumseptum
1923 3775 2042 3817 sese

464 3872 757 3942 recipiens,
794 3878 1018 3939 propter
1065 3866 1305 3921 hostium
1357 3863 1666 3922 incursum,
1704 3858 1777 3910 ita
1822 3857 2042 3909 demum

464 3966 530 4019 ad
563 3965 730 4019 Deum
773 3961 1037 4030 confugit,
1070 3969 1221 4012 ratus
1262 3959 1404 4010 hanc
1446 3952 1619 4006 solam
1651 3949 1754 4003 sibi
1797 3947 2043 4016 requiem

463 4073 608 4124 esse,
661 4055 801 4110 siin
849 4055 969 4122 ipso
1004 4056 1340 4122 permaneat.
1403 4043 1691 4112 Refugium
1735 4043 1918 4108 itaque
1974 4037 2043 4092 ad

466 4149 634 4203 Deum
690 4157 900 4217 patere,
957 4147 1010 4197 in
1057 4141 1310 4197 confesso
1334 4145 1418 4192 est
1447 4135 1589 4204 apud
1623 4147 1816 4188 omnes
1846 4149 1859 4185 :
1907 4131 2000 4185 sed
2025 4170 2042 4198 ,

469 4243 614 4312 quod
673 4242 740 4293 ad
788 4235 1054 4291 salvantis
1097 4231 1422 4287 electionem
1455 4226 1674 4287 attinet,
1711 4237 1816 4277 non
1851 4236 2043 4290 parum

467 4331 678 4388 erroris
731 4327 1179 4393 confusionisque
1245 4321 1453 4375 invexit
1498 4315 1781 4371 inimicus.
1827 4313 2044 4367 Etenim

466 4425 598 4482 dum
630 4423 918 4478 insidiatur
947 4417 1094 4473 velut
1123 4413 1322 4480 hostis,
1350 4425 1542 4466 rursus
1581 4407 1782 4478 quibus
1821 4404 2047 4459 insidia-

471 4527 558 4573 tus
583 4523 688 4579 est,
712 4528 806 4568 eos
837 4515 1102 4579 deceptos
1143 4505 1373 4567 inducit,
1417 4511 1476 4556 ut
1511 4501 1576 4554 ad
1617 4513 1676 4555 se
1726 4513 1825 4552 ceu
1857 4505 2044 4550 custo-

469 4612 593 4665 dem
626 4604 960 4676 confugiant.
995 4600 1175 4667 Quare
1201 4595 1398 4664 duplex
1433 4592 1515 4647 eis
1532 4589 1732 4646 malum
1761 4587 2042 4642 imminet:

469 4701 672 4772 quippe
702 4707 795 4753 aut
823 4711 920 4767 per
947 4694 1056 4747 vim
1089 4689 1402 4760 capiuntur,
1435 4693 1530 4738 aut
1558 4697 1624 4738 ex
1659 4679 1852 4734 fraude
1914 4693 2044 4748 per-

468 4769 621 4852 eunt.
640 4793 783 4846 Eam
802 4790 872 4845 ob
899 4803 1010 4843 rem
1038 4785 1104 4840 ad
1136 4784 1406 4838 daemones
1425 4769 2043 4847 perfugiuntincreduli,
2086 4844 2088 4846 ν

471 4895 528 4942 et
561 4888 629 4940 ad
657 4885 818 4951 idola,
851 4881 964 4936 veri
993 4879 1088 4935 Dei
1120 4874 1432 4941 cognitione
1462 4885 1528 4924 ex
1565 4868 1711 4921 illata
1739 4864 1844 4920 sibi
1874 4879 1903 4917 a
1932 4863 2048 4917 dia-

469 4979 593 5036 bolo
633 4976 953 5032 confusione
1005 4969 1242 5041 spoliati.
1290 4966 1478 5020 Sedet
1531 4960 1624 5031 qui
1666 4960 1834 5012 Deum
1868 4971 2044 5027 agno-

469 5081 649 5137 scunt,
682 5071 733 5123 in
765 5068 991 5124 ferendo
1017 5064 1085 5119 de
1114 5064 1276 5118 rebus
1313 5056 1524 5129 judicio
1557 5061 1770 5117 errant,
1805 5051 1930 5105 dum
1959 5049 2048 5102 in-

541 5187 585 5219 “
611 5186 630 5240 l
653 5185 780 5242 Cor.
816 5201 910 5250 xv,
941 5181 1032 5237 24.

435 5302 440 5306 ’
488 5379 500 5380 7
546 5305 655 5380 (l9)
692 5305 769 5380 Ita
803 5299 1096 5380 Cplbel‘llll‘l
1126 5297 1355 5380 primus,
1380 5291 1600 5374 quintus
1623 5295 1674 5340 et
1703 5296 2040 5380 sexrttlsleuut

471 5354 1075 5443 dtto'bvtis-llegiis,inec
1129 5354 1286 5422 aliter
1342 5354 1542 5443 legitur
1592 5357 1730 5425 apud
1781 5354 2038 5443 .Panlum,

475 5427 916 5510 i’iia};'xv,"€24.'
939 5442 1076 5498 Editi
1117 5453 1240 5492 vero
1262 5427 1560 5500 cum'Reg.
1592 5427 1828 5510 secundo
1861 5438 2045 5510 παροι-

473 5494 790 5588 διδῴαίῖυέ.
823 5494 1010 5569 sextus
1044 5511 1214 5580 prima
1251 5520 1408 5561 manu
1445 5494 1746 5572 παραδιδῷ,
1804 5494 2044 5549 secunda

477 5586 723 5640 παραδῶ.

549 5605 782 5726 ἅῗῆῳέὶο
807 5670 945 5726 mss.
982 5661 1206 5722 septem.
1241 5645 1379 5726 ljlditi
1414 5655 1543 5726 vero
1575 5637 1867 5726 διδόμεναι.

689 5706 1411 5795 colli:priniu'snpoclsvfto.
1475 5711 1582 5795 Nec
1611 5711 1686 5795 ita
1721 5706 1887 5795 multo
1923 5711 2046 5774 post

486 5775 849 5858 εεῖίιῖεξίείς
873 5775 968 5846 2a.
1002 5775 1224 5847 Editi'et
1253 5788 1407 5842 Colb.
1441 5791 1628 5838 sextus
1656 5778 1786 5847 περὶ
1817 5775 1907 5835 τά.

2145 3384 2251 3438 ὑπὸ
2295 3381 2390 3436 τοῦ
2457 3381 2809 3454 ἐνεργοῦντος
2865 3383 3003 3452 αὐτῇ
3066 3381 3223 3448 ἁγίου
3290 3379 3629 3449 Πνεύματος.
3668 3380 3730 3432 '0

2145 3475 2290 3539 Θεὸς
2335 3473 2503 3542 ἡμῶν
2548 3472 2863 3542 καταφυγὴ
2913 3473 3012 3526 καὶ
3063 3471 3339 3541 δύναμις,
3380 3472 3615 3539 ,ϐοηθὸς
3661 3472 3731 3524 ἐν

2143 3572 2393 3637 θλίψεσι
2439 3567 2570 3632 ταῖς
2617 3569 2939 3636 εὑρούσαις
3000 3564 3159 3636 ’ἡμᾶς
3215 3565 3473 3634 σφόδρα.
3518 3565 3732 3634 Πολλῆς

2145 3661 2398 3733 βοηθείας
2437 3661 2618 3714 δέεται
2665 3663 2774 3724 πᾶς
2813 3660 3116 3730 ἄνθρωπος,
3159 3659 3248 3712 διὰ
3275 3659 3374 3730 τὴν
3411 3661 3475 3712 ἐκ
3517 3659 3734 3727 φύσεως

2147 3754 2462 3826 προσοῦσαν
2506 3753 2656 3824 αὐτῷ
2699 3753 3004 3816 ἀσθένειαν,
3049 3752 3259 3805 πολλῶν
3300 3751 3451 3822 αὖτῷ
3493 3769 3732 3822 προσπι-

2145 3848 2387 3901 πτόντων
2433 3847 2673 3918 ἀνιαρῶν
2721 3847 2815 3900 καὶ
2861 3846 3157 3899 ἐπιπόνων.
3203 3847 3315 3918 Τὴν
3354 3841 3446 3900 οὖν
3501 3846 3614 3915 (‘25)
3669 3849 3734 3897 ἐκ

2144 3941 2362 3995 πάντων
2427 3940 2537 3993 τῶν
2599 3939 2999 4010 περιστατικῶν
3039 3940 3376 4010 ¹καταφυγὴν
3431 3938 3732 4010 ἐπιζητῶν,

2144 4032 2334 4104 ὥσπερ
2371 4034 2464 4085 ἐπὶ
2504 4033 2700 4087 ἄσυλον
2743 4034 2960 4102 φεύγων
2993 4032 3105 4102 (24)
3142 4033 3364 4104 χωρίον,
3399 4032 3430 4102 ἢ
3469 4032 3561 4085 ἐπί
3606 4050 3732 4084 τινα

2145 4125 2391 4196 κορυφὴν
2434 4125 2613 4192 ὀξεῖαν
2641 4124 2893 4196 καρτερῷ
2934 4124 3103 4195 τείχει
3140 4125 3608 4196 περιειλημμένην
3641 4143 3737 4177 κα-

2144 4218 2457 4287 ταφεύγων,
2488 4217 2576 4271 διὰ
2608 4217 2706 4288 τὴν
2737 4217 2845 4270 τῶν
2879 4217 3154 4288 πολεμίων
3195 4217 3523 4289 ἐπιδρομήν
3559 4217 3735 4279 οὕτως

2146 4309 2240 4361 ἐπὶ
2288 4309 2378 4361 τὸν
2425 4307 2558 4361 Θεὸν
2607 4307 2974 4376 καταφεύγει,
3028 4308 3196 4379 μόνην
3241 4304 3378 4362 εἶναι
3430 4307 3736 4379 ἡγούμενος

2146 4400 2450 4454 ἀνάπαυσιν
2477 4400 2573 4470 τὴν
2601 4401 2658 4453 ἐν
2688 4401 2836 4471 αὐτῷ
2868 4401 3148 4472 διαμονήν.
3182 4402 3303 4454 Ὀτι
3349 4401 3449 4472 μὲν
3493 4400 3588 4456 οὖν
3635 4403 3736 4455 ἐπὶ

2145 4493 2238 4546 τὸν
2295 4493 2428 4546 Θεὸν
2485 4495 2518 4562 ἡ
2577 4494 2869 4564 καταφυγὴ
2924 4493 3073 4564 παρὰ
3136 4495 3300 4548 πᾶσιν
3347 4495 3734 4566 ὡμολόγηται,

2150 4585 2348 4656 πολλὴν
2387 4585 2444 4637 δὲ
2486 4585 2694 4656 πλάνην
2723 4586 2818 4639 καὶ
2862 4585 3122 4655 σύγχυσιν
3153 4587 3181 4638 ὁ
3211 4585 3403 4656 ἐχθρὸς
3442 4586 3733 4654 ἐνεποίησε

2151 4678 2280 4749 περὶ
2316 4678 2412 4749 τὴν
2453 4678 2547 4731 τοῦ
2598 4677 2861 4743 σώζοντος
2905 4679 3156 4749 ἐκλογήν.
3199 4676 3592 4730 Ἑπιϐουλεύων
3624 4677 3735 4748 γὰρ

2151 4769 2226 4832 ὡς
2268 4771 2544 4840 πολέμιος,
2575 4771 2737 4824 πάλιν
2765 4773 2893 4836 τοὺς
2933 4771 3416 4834 ἐπιϐουλευθέντας
3459 4770 3731 4840 ἐξαπατᾷ,

2151 4862 2300 4932 αὐτῷ
2339 4864 2706 4935 προσφεύγειν
2743 4866 2819 4928 ὡς
2849 4865 3072 4934 φύλακι,
3103 4865 3246 4918 ὥστε
3284 4865 3504 4918 διπλοῦν
3549 4867 3738 4929 αὐτοῖς

2155 4954 2536 5023 περιίστασθαι
2584 4954 2645 5008 τὸ
2696 4955 2902 5009 κακόν·
2945 4956 2978 5027 ἢ
3033 4956 3222 5026 βιαίως
3247 4954 3554 5028 ληφθεῖσιν,
3606 4956 3637 5026 ἣ
3681 4958 3739 5022 ἐξ

2154 5045 2371 5117 ἀπάτης
2413 5047 2790 5117 άπολομένοις.
2817 5047 2916 5101 Διὰ
2957 5048 3117 5102 τοῦτο
3160 5049 3296 5120 πρὸς
3337 5049 3598 5120 δαίμονας
3646 5053 3742 5102 καὶ

2571 5270 2734 5327 Basil.
2759 5279 2814 5328 et
2840 5271 3085 5342 quinque
3113 5286 3250 5328 mss.
3281 5271 3314 5344 ἢ
3337 5273 3521 5342 μόνου.
3562 5271 3743 5328 Εάίιίο

2149 5349 2327 5404 Paris.
2407 5349 2545 5397 όνον.

2227 5364 2642 5490 (ἓωῧοοιιιεηιὶ
2674 5407 2768 5490 οὖν
2828 5411 3132 5490 addidimus
3182 5427 3248 5466 ex
3296 5412 3501 5490 Catena
3534 5411 3744 5467 Corde-

2126 5482 2330 5562 'ria'na.'
2365 5485 2568 5562 Ibidem
2604 5482 2756 5536 Coll).
2783 5483 3054 5562 septimus
3071 5483 3498 5553 περιστατικῶν.

2224 5557 2336 5630 (Ἦ)
2383 5554 2536 5630 _Editi
2589 5553 2975 5630 καταφεύγων.
3027 5553 3098 5605 At
3128 5567 3283 5630 _tnss.
3333 5562 3554 5630 _sep_tem
3610 5555 3754 5623 φεύ-ε

2151 5621 2626 5699 γωνίΑΙὶίιιιειιιο
2668 5636 2792 5695 post
2833 5624 2968 5692 lleg.
3019 5623 3210 5677 tertius
3259 5621 3537 5693 πολεμίων
3578 5621 3725 5682 κατα

2151 5698 2383 5772 δρομήν.
