  <div class='ocr_page' id='page_1' title='image "/cluster/home/n/w/nwhite01/storage/ocr_20150623/29/mdp.39015012934371/618.png"; bbox 0 0 4016 6220; ppageno 0'>
   <div class='ocr_carea' id='block_1_1' title="bbox 336 377 437 434">
    <p class='ocr_par' dir='ltr' id='par_1_1' title="bbox 336 377 437 434">
     <span class='ocr_line' id='line_1_1' title="bbox 336 377 437 434; baseline -0.03 0"><span class='ocrx_word' id='word_1_1' title='bbox 336 377 437 434; x_wconf 72' lang='lat' dir='ltr'><strong>H7</strong></span> 
     </span>
    </p>
   </div>
   <div class='ocr_carea' id='block_1_2' title="bbox 1468 346 2430 423">
    <p class='ocr_par' dir='ltr' id='par_1_2' title="bbox 1468 346 2430 423">
     <span class='ocr_line' id='line_1_2' title="bbox 1468 346 2430 423; baseline -0.003 -4"><span class='ocrx_word' id='word_1_2' title='bbox 1468 362 1754 420; x_wconf 60' lang='lat' dir='ltr'><strong>110»th</strong></span> <span class='ocrx_word' id='word_1_3' title='bbox 1790 362 1860 418; x_wconf 85' lang='lat' dir='ltr'><strong>1N</strong></span> <span class='ocrx_word' id='word_1_4' title='bbox 1897 360 2230 423; x_wconf 72' lang='lat' dir='ltr'><strong>PSALMUM</strong></span> <span class='ocrx_word' id='word_1_5' title='bbox 2267 346 2430 418; x_wconf 74' lang='lat' dir='ltr'><strong>XLV.</strong></span> 
     </span>
    </p>
   </div>
   <div class='ocr_carea' id='block_1_3' title="bbox 3473 360 3578 422">
    <p class='ocr_par' dir='ltr' id='par_1_3' title="bbox 3473 360 3578 422">
     <span class='ocr_line' id='line_1_3' title="bbox 3473 360 3578 422; baseline -0.038 -1"><span class='ocrx_word' id='word_1_6' title='bbox 3473 360 3578 422; x_wconf 74' lang='grc'><strong>418</strong></span> 
     </span>
    </p>
   </div>
   <div class='ocr_carea' id='block_1_4' title="bbox 337 457 1909 560">
    <p class='ocr_par' dir='ltr' id='par_1_4' title="bbox 337 457 1909 560">
     <span class='ocr_line' id='line_1_4' title="bbox 337 457 1909 560; baseline -0.01 -12"><span class='ocrx_word' id='word_1_7' title='bbox 337 491 530 548; x_wconf 74' lang='grc' dir='ltr'>εἴδωλα</span> <span class='ocrx_word' id='word_1_8' title='bbox 579 487 689 560; x_wconf 76' lang='grc'>(25)</span> <span class='ocrx_word' id='word_1_9' title='bbox 735 457 1165 555; x_wconf 76' lang='grc' dir='ltr'>καταφεύγουσιν</span> <span class='ocrx_word' id='word_1_10' title='bbox 1205 483 1252 535; x_wconf 86' lang='grc' dir='ltr'>οἱ</span> <span class='ocrx_word' id='word_1_11' title='bbox 1309 478 1557 543; x_wconf 74' lang='grc' dir='ltr'>ἄπιστοι,</span> <span class='ocrx_word' id='word_1_12' title='bbox 1608 477 1703 532; x_wconf 81' lang='grc' dir='ltr'>τοῦ</span> <span class='ocrx_word' id='word_1_13' title='bbox 1744 479 1909 543; x_wconf 79' lang='grc' dir='ltr'>ὅντως</span> 
     </span>
    </p>
   </div>
   <div class='ocr_carea' id='block_1_5' title="bbox 2014 457 3584 560">
    <p class='ocr_par' dir='ltr' id='par_1_5' title="bbox 2015 474 3584 546">
     <span class='ocr_line' id='line_1_5' title="bbox 2015 474 3584 546; baseline -0.003 -11"><span class='ocrx_word' id='word_1_14' title='bbox 2015 481 2149 535; x_wconf 99' lang='lat' dir='ltr'><strong>scite</strong></span> <span class='ocrx_word' id='word_1_15' title='bbox 2183 477 2337 533; x_wconf 89' lang='lat' dir='ltr'><strong>utilia</strong></span> <span class='ocrx_word' id='word_1_16' title='bbox 2398 474 2692 545; x_wconf 90' lang='lat' dir='ltr'><strong>postulant,</strong></span> <span class='ocrx_word' id='word_1_17' title='bbox 2736 488 2800 529; x_wconf 89' lang='lat' dir='ltr'><strong>ac</strong></span> <span class='ocrx_word' id='word_1_18' title='bbox 2825 474 3073 545; x_wconf 65' lang='lat' dir='ltr'><strong>Quaedam</strong></span> <span class='ocrx_word' id='word_1_19' title='bbox 3102 485 3296 546; x_wconf 87' lang='lat' dir='ltr'><strong>petunt</strong></span> <span class='ocrx_word' id='word_1_20' title='bbox 3329 488 3388 532; x_wconf 92' lang='lat' dir='ltr'><strong>ut</strong></span> <span class='ocrx_word' id='word_1_21' title='bbox 3412 479 3584 545; x_wconf 77' lang='lat' dir='ltr'><strong>bona,</strong></span> 
     </span>
    </p>
   </div>
   <div class='ocr_carea' id='block_1_6' title="bbox 336 567 1916 650">
    <p class='ocr_par' dir='ltr' id='par_1_6' title="bbox 336 567 1916 650">
     <span class='ocr_line' id='line_1_6' title="bbox 336 567 1916 650; baseline -0.011 -14"><span class='ocrx_word' id='word_1_22' title='bbox 336 580 470 637; x_wconf 79' lang='grc' dir='ltr'>Θεοῦ</span> <span class='ocrx_word' id='word_1_23' title='bbox 503 580 602 650; x_wconf 87' lang='grc' dir='ltr'><strong>τὴν</strong></span> <span class='ocrx_word' id='word_1_24' title='bbox 638 575 838 646; x_wconf 80' lang='grc' dir='ltr'>γνῶσιν</span> <span class='ocrx_word' id='word_1_25' title='bbox 870 573 975 629; x_wconf 87' lang='grc' dir='ltr'><strong>ὑπὸ</strong></span> <span class='ocrx_word' id='word_1_26' title='bbox 1017 573 1116 644; x_wconf 81' lang='grc' dir='ltr'>τῆς</span> <span class='ocrx_word' id='word_1_27' title='bbox 1151 571 1303 643; x_wconf 85' lang='grc' dir='ltr'><strong>παρά</strong></span> <span class='ocrx_word' id='word_1_28' title='bbox 1342 569 1436 623; x_wconf 80' lang='grc' dir='ltr'>τοῦ</span> <span class='ocrx_word' id='word_1_29' title='bbox 1480 567 1724 622; x_wconf 89' lang='grc' dir='ltr'>διαϐόλου</span> <span class='ocrx_word' id='word_1_30' title='bbox 1768 584 1916 637; x_wconf 86' lang='grc' dir='ltr'>γενο-</span> 
     </span>
    </p>
   </div>
   <div class='ocr_carea' id='block_1_7' title="bbox 340 662 1914 746">
    <p class='ocr_par' dir='ltr' id='par_1_7' title="bbox 340 662 1914 746">
     <span class='ocr_line' id='line_1_7' title="bbox 340 662 1914 746; baseline -0.01 -19"><span class='ocrx_word' id='word_1_31' title='bbox 340 674 506 746; x_wconf 86' lang='grc' dir='ltr'>μένης</span> <span class='ocrx_word' id='word_1_32' title='bbox 535 671 722 733; x_wconf 87' lang='grc' dir='ltr'>αὐτοῖς</span> <span class='ocrx_word' id='word_1_33' title='bbox 760 668 1074 739; x_wconf 86' lang='grc' dir='ltr'>συγχύσεως</span> <span class='ocrx_word' id='word_1_34' title='bbox 1111 662 1518 736; x_wconf 81' lang='grc' dir='ltr'>ἀφαιρεθέντες.</span> <span class='ocrx_word' id='word_1_35' title='bbox 1559 662 1672 716; x_wconf 79' lang='lat' dir='ltr'><strong>Kal</strong></span> <span class='ocrx_word' id='word_1_36' title='bbox 1712 663 1761 714; x_wconf 83' lang='grc' dir='ltr'><strong>οί</strong></span> <span class='ocrx_word' id='word_1_37' title='bbox 1794 664 1914 715; x_wconf 80' lang='grc' dir='ltr'>ἐπι-</span> 
     </span>
    </p>
   </div>
   <div class='ocr_carea' id='block_1_8' title="bbox 337 753 1911 834">
    <p class='ocr_par' dir='ltr' id='par_1_8' title="bbox 337 753 1911 834">
     <span class='ocr_line' id='line_1_8' title="bbox 337 753 1911 834; baseline -0.006 -17"><span class='ocrx_word' id='word_1_38' title='bbox 337 762 695 834; x_wconf 80' lang='grc' dir='ltr'>γινώσκοντες</span> <span class='ocrx_word' id='word_1_39' title='bbox 724 760 782 814; x_wconf 82' lang='grc' dir='ltr'>δὲ</span> <span class='ocrx_word' id='word_1_40' title='bbox 816 760 905 814; x_wconf 86' lang='grc' dir='ltr'><strong>τὸν</strong></span> <span class='ocrx_word' id='word_1_41' title='bbox 931 758 1063 812; x_wconf 82' lang='grc' dir='ltr'>Θεὸν</span> <span class='ocrx_word' id='word_1_42' title='bbox 1106 757 1233 829; x_wconf 77' lang='grc' dir='ltr'>περὶ</span> <span class='ocrx_word' id='word_1_43' title='bbox 1272 756 1374 827; x_wconf 80' lang='grc' dir='ltr'>τὴν</span> <span class='ocrx_word' id='word_1_44' title='bbox 1415 755 1523 808; x_wconf 85' lang='grc' dir='ltr'><strong>τῶν</strong></span> <span class='ocrx_word' id='word_1_45' title='bbox 1566 753 1911 827; x_wconf 82' lang='grc' dir='ltr'><strong>πραγμάτων</strong></span> 
     </span>
    </p>
   </div>
   <div class='ocr_carea' id='block_1_9' title="bbox 338 846 1914 926">
    <p class='ocr_par' dir='ltr' id='par_1_9' title="bbox 338 846 1914 926">
     <span class='ocr_line' id='line_1_9' title="bbox 338 846 1914 926; baseline -0.006 -16"><span class='ocrx_word' id='word_1_46' title='bbox 338 855 606 926; x_wconf 78' lang='grc' dir='ltr'>διάκρισιν</span> <span class='ocrx_word' id='word_1_47' title='bbox 655 853 999 922; x_wconf 76' lang='grc' dir='ltr'><strong>σφάλλονται,</strong></span> <span class='ocrx_word' id='word_1_48' title='bbox 1039 848 1376 911; x_wconf 81' lang='grc' dir='ltr'>ἀπαιδεύτως</span> <span class='ocrx_word' id='word_1_49' title='bbox 1408 847 1507 911; x_wconf 84' lang='grc' dir='ltr'><strong>τὰς</strong></span> <span class='ocrx_word' id='word_1_50' title='bbox 1535 847 1779 919; x_wconf 77' lang='grc' dir='ltr'>αἰτήσεις</span> <span class='ocrx_word' id='word_1_51' title='bbox 1804 846 1914 900; x_wconf 84' lang='grc' dir='ltr'><strong>τῶν</strong></span> 
     </span>
    </p>
   </div>
   <div class='ocr_carea' id='block_1_10' title="bbox 340 936 1916 1020">
    <p class='ocr_par' dir='ltr' id='par_1_10' title="bbox 340 936 1916 1020">
     <span class='ocr_line' id='line_1_10' title="bbox 340 936 1916 1020; baseline -0.008 -17"><span class='ocrx_word' id='word_1_52' title='bbox 340 936 725 1020; x_wconf 74' lang='grc' dir='ltr'>συμφερόντων</span> <span class='ocrx_word' id='word_1_53' title='bbox 786 943 1131 1015; x_wconf 82' lang='grc' dir='ltr'>ποιούμενοι,</span> <span class='ocrx_word' id='word_1_54' title='bbox 1181 940 1276 995; x_wconf 77' lang='grc' dir='ltr'><strong>καὶ</strong></span> <span class='ocrx_word' id='word_1_55' title='bbox 1329 937 1605 1001; x_wconf 81' lang='grc' dir='ltr'>αίτοῦντές</span> <span class='ocrx_word' id='word_1_56' title='bbox 1671 955 1793 992; x_wconf 89' lang='grc' dir='ltr'>τινα</span> <span class='ocrx_word' id='word_1_57' title='bbox 1840 937 1916 1001; x_wconf 84' lang='grc' dir='ltr'>ὡς</span> 
     </span>
    </p>
   </div>
   <div class='ocr_carea' id='block_1_11' title="bbox 338 1030 1916 1112">
    <p class='ocr_par' dir='ltr' id='par_1_11' title="bbox 338 1030 1916 1112">
     <span class='ocr_line' id='line_1_11' title="bbox 338 1030 1916 1112; baseline -0.009 -15"><span class='ocrx_word' id='word_1_58' title='bbox 338 1036 534 1112; x_wconf 63' lang='grc' dir='ltr'>ἀγαθὰ,</span> <span class='ocrx_word' id='word_1_59' title='bbox 578 1040 677 1093; x_wconf 75' lang='grc' dir='ltr'><strong>οὐκ</strong></span> <span class='ocrx_word' id='word_1_60' title='bbox 731 1038 823 1091; x_wconf 72' lang='grc' dir='ltr'>ἐπὶ</span> <span class='ocrx_word' id='word_1_61' title='bbox 873 1035 1203 1107; x_wconf 82' lang='grc' dir='ltr'>συμφέροντι</span> <span class='ocrx_word' id='word_1_62' title='bbox 1261 1031 1521 1094; x_wconf 78' lang='grc' dir='ltr'><strong>πολλάκις</strong></span> <span class='ocrx_word' id='word_1_63' title='bbox 1565 1030 1768 1097; x_wconf 84' lang='grc' dir='ltr'>αὐτῶν,</span> <span class='ocrx_word' id='word_1_64' title='bbox 1820 1032 1916 1084; x_wconf 80' lang='grc' dir='ltr'><strong>καὶ</strong></span> 
     </span>
    </p>
   </div>
   <div class='ocr_carea' id='block_1_12' title="bbox 341 1122 1916 1203">
    <p class='ocr_par' dir='ltr' id='par_1_12' title="bbox 341 1122 1916 1203">
     <span class='ocr_line' id='line_1_12' title="bbox 341 1122 1916 1203; baseline -0.006 -19"><span class='ocrx_word' id='word_1_65' title='bbox 341 1133 633 1203; x_wconf 78' lang='grc' dir='ltr'>φεύγοντες</span> <span class='ocrx_word' id='word_1_66' title='bbox 676 1129 812 1185; x_wconf 83' lang='grc' dir='ltr'>ἄλλα</span> <span class='ocrx_word' id='word_1_67' title='bbox 866 1128 976 1200; x_wconf 73' lang='grc'>(26)</span> <span class='ocrx_word' id='word_1_68' title='bbox 1031 1127 1108 1190; x_wconf 83' lang='grc' dir='ltr'>ὡς</span> <span class='ocrx_word' id='word_1_69' title='bbox 1159 1123 1372 1195; x_wconf 88' lang='grc' dir='ltr'>πονηρά</span> <span class='ocrx_word' id='word_1_70' title='bbox 1393 1165 1407 1189; x_wconf 95' lang='grc'><strong>,</strong></span> <span class='ocrx_word' id='word_1_71' title='bbox 1460 1122 1660 1194; x_wconf 65' lang='grc' dir='ltr'>πολλλὴν</span> <span class='ocrx_word' id='word_1_72' title='bbox 1729 1122 1916 1186; x_wconf 84' lang='grc' dir='ltr'>αὐτοῖς</span> 
     </span>
    </p>
   </div>
   <div class='ocr_carea' id='block_1_13' title="bbox 340 1211 1918 1294">
    <p class='ocr_par' dir='ltr' id='par_1_13' title="bbox 340 1211 1918 1294">
     <span class='ocr_line' id='line_1_13' title="bbox 340 1211 1918 1294; baseline -0.008 -16"><span class='ocrx_word' id='word_1_73' title='bbox 340 1216 509 1279; x_wconf 76' lang='grc' dir='ltr'>ἐνίοτε</span> <span class='ocrx_word' id='word_1_74' title='bbox 538 1225 637 1294; x_wconf 81' lang='grc' dir='ltr'><strong>τὴν</strong></span> <span class='ocrx_word' id='word_1_75' title='bbox 665 1222 932 1292; x_wconf 77' lang='grc' dir='ltr'>ὠφέλειαν</span> <span class='ocrx_word' id='word_1_76' title='bbox 972 1219 1224 1289; x_wconf 83' lang='grc' dir='ltr'>φέροντα.</span> <span class='ocrx_word' id='word_1_77' title='bbox 1264 1211 1409 1282; x_wconf 75' lang='grc' dir='ltr'>Οἷον,</span> <span class='ocrx_word' id='word_1_78' title='bbox 1441 1219 1588 1269; x_wconf 80' lang='grc' dir='ltr'>νοσεῖ</span> <span class='ocrx_word' id='word_1_79' title='bbox 1622 1232 1740 1281; x_wconf 85' lang='grc' dir='ltr'>τις;</span> <span class='ocrx_word' id='word_1_80' title='bbox 1784 1212 1918 1266; x_wconf 80' lang='grc' dir='ltr'><strong>Φεύ-</strong></span> 
     </span>
    </p>
   </div>
   <div class='ocr_carea' id='block_1_14' title="bbox 338 1305 1916 1385">
    <p class='ocr_par' dir='ltr' id='par_1_14' title="bbox 338 1305 1916 1385">
     <span class='ocr_line' id='line_1_14' title="bbox 338 1305 1916 1385; baseline -0.007 -16"><span class='ocrx_word' id='word_1_81' title='bbox 338 1333 450 1385; x_wconf 92' lang='grc' dir='ltr'><strong>γων</strong></span> <span class='ocrx_word' id='word_1_82' title='bbox 482 1315 541 1370; x_wconf 88' lang='grc' dir='ltr'><strong>τὸ</strong></span> <span class='ocrx_word' id='word_1_83' title='bbox 576 1317 638 1368; x_wconf 82' lang='grc' dir='ltr'><strong>ἐκ</strong></span> <span class='ocrx_word' id='word_1_84' title='bbox 662 1315 759 1385; x_wconf 82' lang='grc' dir='ltr'>τῆς</span> <span class='ocrx_word' id='word_1_85' title='bbox 791 1313 942 1367; x_wconf 84' lang='grc' dir='ltr'>νόσου</span> <span class='ocrx_word' id='word_1_86' title='bbox 975 1310 1251 1373; x_wconf 75' lang='grc' dir='ltr'>ἐπίπονον,</span> <span class='ocrx_word' id='word_1_87' title='bbox 1301 1306 1521 1379; x_wconf 72' lang='grc' dir='ltr'>εὔχεται</span> <span class='ocrx_word' id='word_1_88' title='bbox 1556 1306 1654 1378; x_wconf 77' lang='grc' dir='ltr'><strong>τὴν</strong></span> <span class='ocrx_word' id='word_1_89' title='bbox 1685 1305 1916 1377; x_wconf 76' lang='grc' dir='ltr'>ὑγίειαν.</span> 
     </span>
    </p>
   </div>
   <div class='ocr_carea' id='block_1_15' title="bbox 353 1394 1915 1477">
    <p class='ocr_par' dir='ltr' id='par_1_15' title="bbox 353 1394 1915 1477">
     <span class='ocr_line' id='line_1_15' title="bbox 353 1394 1915 1477; baseline -0.007 -17"><span class='ocrx_word' id='word_1_90' title='bbox 353 1406 615 1462; x_wconf 84' lang='grc' dir='ltr'>Ἀπέϐαλε</span> <span class='ocrx_word' id='word_1_91' title='bbox 678 1406 963 1477; x_wconf 85' lang='grc' dir='ltr'>χρήματα;</span> <span class='ocrx_word' id='word_1_92' title='bbox 1016 1400 1356 1473; x_wconf 84' lang='grc' dir='ltr'>Περιὼδυνός</span> <span class='ocrx_word' id='word_1_93' title='bbox 1426 1401 1542 1452; x_wconf 77' lang='grc' dir='ltr'>ἐστι</span> <span class='ocrx_word' id='word_1_94' title='bbox 1595 1400 1660 1470; x_wconf 82' lang='grc' dir='ltr'>τῇ</span> <span class='ocrx_word' id='word_1_95' title='bbox 1720 1394 1915 1469; x_wconf 81' lang='grc' dir='ltr'><strong>ζημίᾳ.</strong></span> 
     </span>
    </p>
   </div>
   <div class='ocr_carea' id='block_1_16' title="bbox 344 1490 1919 1566">
    <p class='ocr_par' dir='ltr' id='par_1_16' title="bbox 344 1490 1919 1566">
     <span class='ocr_line' id='line_1_16' title="bbox 344 1490 1919 1566; baseline -0.008 -14"><span class='ocrx_word' id='word_1_96' title='bbox 344 1500 498 1552; x_wconf 87' lang='grc' dir='ltr'>Ἔστι</span> <span class='ocrx_word' id='word_1_97' title='bbox 536 1498 591 1551; x_wconf 84' lang='grc' dir='ltr'>δὲ</span> <span class='ocrx_word' id='word_1_98' title='bbox 620 1497 876 1559; x_wconf 82' lang='grc' dir='ltr'>πολλάκις</span> <span class='ocrx_word' id='word_1_99' title='bbox 908 1494 1001 1549; x_wconf 77' lang='grc' dir='ltr'>καὶ</span> <span class='ocrx_word' id='word_1_100' title='bbox 1033 1495 1066 1566; x_wconf 82' lang='grc' dir='ltr'>ἡ</span> <span class='ocrx_word' id='word_1_101' title='bbox 1101 1493 1253 1558; x_wconf 82' lang='grc' dir='ltr'>νόσος</span> <span class='ocrx_word' id='word_1_102' title='bbox 1295 1492 1596 1562; x_wconf 72' lang='grc' dir='ltr'>ὠφέλιμος,</span> <span class='ocrx_word' id='word_1_103' title='bbox 1637 1490 1764 1544; x_wconf 87' lang='grc' dir='ltr'>ὃταν</span> <span class='ocrx_word' id='word_1_104' title='bbox 1801 1505 1919 1543; x_wconf 87' lang='grc' dir='ltr'>παι-</span> 
     </span>
    </p>
   </div>
   <div class='ocr_carea' id='block_1_17' title="bbox 2016 567 3584 640">
    <p class='ocr_par' dir='ltr' id='par_1_17' title="bbox 2016 567 3584 640">
     <span class='ocr_line' id='line_1_17' title="bbox 2016 567 3584 640; baseline -0.003 -12"><span class='ocrx_word' id='word_1_105' title='bbox 2016 575 2096 628; x_wconf 91' lang='lat' dir='ltr'><strong>eis</strong></span> <span class='ocrx_word' id='word_1_106' title='bbox 2125 586 2267 640; x_wconf 79' lang='lat' dir='ltr'><strong>saepe</strong></span> <span class='ocrx_word' id='word_1_107' title='bbox 2302 586 2409 625; x_wconf 89' lang='lat' dir='ltr'><strong>non</strong></span> <span class='ocrx_word' id='word_1_108' title='bbox 2432 567 2819 632; x_wconf 83' lang='lat' dir='ltr'><strong>conducibilia,</strong></span> <span class='ocrx_word' id='word_1_109' title='bbox 2850 568 2957 623; x_wconf 89' lang='lat' dir='ltr'><strong>alia</strong></span> <span class='ocrx_word' id='word_1_110' title='bbox 2990 583 3121 624; x_wconf 84' lang='lat' dir='ltr'><strong>vero</strong></span> <span class='ocrx_word' id='word_1_111' title='bbox 3147 580 3207 625; x_wconf 86' lang='lat' dir='ltr'><strong>ut</strong></span> <span class='ocrx_word' id='word_1_112' title='bbox 3243 570 3382 624; x_wconf 83' lang='lat' dir='ltr'><strong>mala</strong></span> <span class='ocrx_word' id='word_1_113' title='bbox 3416 573 3584 626; x_wconf 82' lang='lat' dir='ltr'><strong>decli-</strong></span> 
     </span>
    </p>
   </div>
   <div class='ocr_carea' id='block_1_18' title="bbox 2016 656 3585 734">
    <p class='ocr_par' dir='ltr' id='par_1_18' title="bbox 2016 656 3585 734">
     <span class='ocr_line' id='line_1_18' title="bbox 2016 656 3585 734; baseline 0 -17"><span class='ocrx_word' id='word_1_114' title='bbox 2016 670 2169 728; x_wconf 91' lang='lat' dir='ltr'><strong>nant,</strong></span> <span class='ocrx_word' id='word_1_115' title='bbox 2204 675 2326 734; x_wconf 71' lang='lat' dir='ltr'><strong>qua:</strong></span> <span class='ocrx_word' id='word_1_116' title='bbox 2372 661 2471 716; x_wconf 88' lang='lat' dir='ltr'><strong>sibi</strong></span> <span class='ocrx_word' id='word_1_117' title='bbox 2520 660 2812 731; x_wconf 83' lang='lat' dir='ltr'><strong>aliquando</strong></span> <span class='ocrx_word' id='word_1_118' title='bbox 2871 656 3025 731; x_wconf 77' lang='lat'><strong>171</strong></span> <span class='ocrx_word' id='word_1_119' title='bbox 3073 661 3301 715; x_wconf 85' lang='lat' dir='ltr'><strong>multum</strong></span> <span class='ocrx_word' id='word_1_120' title='bbox 3352 662 3585 718; x_wconf 71' lang='lat' dir='ltr'><strong>allatura</strong></span> 
     </span>
    </p>
   </div>
   <div class='ocr_carea' id='block_1_19' title="bbox 2013 752 3585 825">
    <p class='ocr_par' dir='ltr' id='par_1_19' title="bbox 2013 752 3585 825">
     <span class='ocr_line' id='line_1_19' title="bbox 2013 752 3585 825; baseline 0.001 -17"><span class='ocrx_word' id='word_1_121' title='bbox 2013 763 2173 808; x_wconf 90' lang='lat' dir='ltr'><strong>erant</strong></span> <span class='ocrx_word' id='word_1_122' title='bbox 2210 753 2581 819; x_wconf 79' lang='lat' dir='ltr'><strong>emolumenti.</strong></span> <span class='ocrx_word' id='word_1_123' title='bbox 2624 752 2868 823; x_wconf 82' lang='lat' dir='ltr'><strong>Exempli</strong></span> <span class='ocrx_word' id='word_1_124' title='bbox 2899 768 3064 807; x_wconf 90' lang='lat' dir='ltr'><strong>causa</strong></span> <span class='ocrx_word' id='word_1_125' title='bbox 3093 771 3107 808; x_wconf 92' lang='lat'><strong>:</strong></span> <span class='ocrx_word' id='word_1_126' title='bbox 3162 762 3392 825; x_wconf 68' lang='lat' dir='ltr'><strong>mgrotat</strong></span> <span class='ocrx_word' id='word_1_127' title='bbox 3415 757 3585 825; x_wconf 75' lang='lat' dir='ltr'><strong>quis?</strong></span> 
     </span>
    </p>
   </div>
   <div class='ocr_carea' id='block_1_20' title="bbox 2015 843 3588 918">
    <p class='ocr_par' dir='ltr' id='par_1_20' title="bbox 2015 843 3588 918">
     <span class='ocr_line' id='line_1_20' title="bbox 2015 843 3588 918; baseline 0.001 -17"><span class='ocrx_word' id='word_1_128' title='bbox 2015 847 2187 904; x_wconf 83' lang='lat' dir='ltr'><strong>Morbi</strong></span> <span class='ocrx_word' id='word_1_129' title='bbox 2225 845 2530 902; x_wconf 80' lang='lat' dir='ltr'><strong>molestiam</strong></span> <span class='ocrx_word' id='word_1_130' title='bbox 2564 843 2803 916; x_wconf 77' lang='lat' dir='ltr'><strong>fugiens,</strong></span> <span class='ocrx_word' id='word_1_131' title='bbox 2840 854 2996 918; x_wconf 81' lang='lat' dir='ltr'><strong>rogat</strong></span> <span class='ocrx_word' id='word_1_132' title='bbox 3034 847 3345 903; x_wconf 81' lang='lat' dir='ltr'><strong>sanitatem.</strong></span> <span class='ocrx_word' id='word_1_133' title='bbox 3389 848 3588 903; x_wconf 82' lang='lat' dir='ltr'><strong>Amisit</strong></span> 
     </span>
    </p>
   </div>
   <div class='ocr_carea' id='block_1_21' title="bbox 2017 936 3585 1009">
    <p class='ocr_par' dir='ltr' id='par_1_21' title="bbox 2017 936 3585 1009">
     <span class='ocr_line' id='line_1_21' title="bbox 2017 936 3585 1009; baseline -0.001 -16"><span class='ocrx_word' id='word_1_134' title='bbox 2017 939 2325 1009; x_wconf 84' lang='lat' dir='ltr'><strong>pecunias?</strong></span> <span class='ocrx_word' id='word_1_135' title='bbox 2367 936 2447 993; x_wconf 84' lang='lat' dir='ltr'><strong>0b</strong></span> <span class='ocrx_word' id='word_1_136' title='bbox 2491 938 2634 992; x_wconf 87' lang='lat' dir='ltr'><strong>hanc</strong></span> <span class='ocrx_word' id='word_1_137' title='bbox 2666 936 2936 1005; x_wconf 75' lang='lat' dir='ltr'><strong>iacturam</strong></span> <span class='ocrx_word' id='word_1_138' title='bbox 2968 939 3207 992; x_wconf 80' lang='lat' dir='ltr'><strong>maximo</strong></span> <span class='ocrx_word' id='word_1_139' title='bbox 3235 940 3456 1009; x_wconf 84' lang='lat' dir='ltr'><strong>angitur</strong></span> <span class='ocrx_word' id='word_1_140' title='bbox 3490 943 3585 993; x_wconf 84' lang='lat' dir='ltr'><strong>dn-</strong></span> 
     </span>
    </p>
   </div>
   <div class='ocr_carea' id='block_1_22' title="bbox 2017 1029 3583 1098">
    <p class='ocr_par' dir='ltr' id='par_1_22' title="bbox 2017 1029 3583 1098">
     <span class='ocr_line' id='line_1_22' title="bbox 2017 1029 3583 1098; baseline -0.001 -13"><span class='ocrx_word' id='word_1_141' title='bbox 2017 1034 2152 1086; x_wconf 90' lang='lat' dir='ltr'><strong>iore.</strong></span> <span class='ocrx_word' id='word_1_142' title='bbox 2176 1030 2293 1084; x_wconf 88' lang='lat' dir='ltr'><strong>Erit</strong></span> <span class='ocrx_word' id='word_1_143' title='bbox 2322 1030 2466 1085; x_wconf 90' lang='lat' dir='ltr'><strong>enim</strong></span> <span class='ocrx_word' id='word_1_144' title='bbox 2489 1029 2637 1084; x_wconf 88' lang='lat' dir='ltr'><strong>utilis</strong></span> <span class='ocrx_word' id='word_1_145' title='bbox 2673 1043 3048 1098; x_wconf 77' lang='lat' dir='ltr'><strong>saepenumero</strong></span> <span class='ocrx_word' id='word_1_146' title='bbox 3074 1029 3156 1085; x_wconf 86' lang='lat' dir='ltr'><strong>vel</strong></span> <span class='ocrx_word' id='word_1_147' title='bbox 3188 1031 3431 1095; x_wconf 85' lang='lat' dir='ltr'><strong>morbus,</strong></span> <span class='ocrx_word' id='word_1_148' title='bbox 3457 1040 3583 1085; x_wconf 81' lang='lat' dir='ltr'><strong>eum</strong></span> 
     </span>
    </p>
   </div>
   <div class='ocr_carea' id='block_1_23' title="bbox 2017 1121 3589 1193">
    <p class='ocr_par' dir='ltr' id='par_1_23' title="bbox 2017 1121 3589 1193">
     <span class='ocr_line' id='line_1_23' title="bbox 2017 1121 3589 1193; baseline 0.001 -18"><span class='ocrx_word' id='word_1_149' title='bbox 2017 1123 2270 1178; x_wconf 84' lang='lat' dir='ltr'><strong>videlicet</strong></span> <span class='ocrx_word' id='word_1_150' title='bbox 2298 1134 2615 1193; x_wconf 85' lang='lat' dir='ltr'><strong>peccantem</strong></span> <span class='ocrx_word' id='word_1_151' title='bbox 2650 1121 2975 1177; x_wconf 82' lang='lat' dir='ltr'><strong>refrenabit.</strong></span> <span class='ocrx_word' id='word_1_152' title='bbox 3004 1123 3072 1175; x_wconf 89' lang='lat' dir='ltr'><strong>Et</strong></span> <span class='ocrx_word' id='word_1_153' title='bbox 3104 1138 3279 1177; x_wconf 90' lang='lat' dir='ltr'><strong>nocua</strong></span> <span class='ocrx_word' id='word_1_154' title='bbox 3312 1131 3395 1178; x_wconf 90' lang='lat' dir='ltr'><strong>est</strong></span> <span class='ocrx_word' id='word_1_155' title='bbox 3437 1124 3589 1177; x_wconf 87' lang='lat' dir='ltr'><strong>sani-</strong></span> 
     </span>
    </p>
   </div>
   <div class='ocr_carea' id='block_1_24' title="bbox 2020 1211 3587 1283">
    <p class='ocr_par' dir='ltr' id='par_1_24' title="bbox 2020 1211 3587 1283">
     <span class='ocr_line' id='line_1_24' title="bbox 2020 1211 3587 1283; baseline 0.001 -16"><span class='ocrx_word' id='word_1_156' title='bbox 2020 1223 2100 1269; x_wconf 85' lang='lat' dir='ltr'><strong>tas</strong></span> <span class='ocrx_word' id='word_1_157' title='bbox 2132 1222 2243 1268; x_wconf 89' lang='lat' dir='ltr'><strong>tum</strong></span> <span class='ocrx_word' id='word_1_158' title='bbox 2275 1228 2396 1268; x_wconf 87' lang='lat' dir='ltr'><strong>cum</strong></span> <span class='ocrx_word' id='word_1_159' title='bbox 2428 1229 2489 1267; x_wconf 91' lang='lat' dir='ltr'><strong>ea</strong></span> <span class='ocrx_word' id='word_1_160' title='bbox 2518 1211 2723 1267; x_wconf 77' lang='lat' dir='ltr'><strong>{ruenti</strong></span> <span class='ocrx_word' id='word_1_161' title='bbox 2755 1212 2816 1267; x_wconf 83' lang='lat' dir='ltr'><strong>ﬁt</strong></span> <span class='ocrx_word' id='word_1_162' title='bbox 2860 1214 3067 1283; x_wconf 85' lang='lat' dir='ltr'><strong>peccati</strong></span> <span class='ocrx_word' id='word_1_163' title='bbox 3114 1214 3353 1270; x_wconf 80' lang='lat' dir='ltr'><strong>occasio.</strong></span> <span class='ocrx_word' id='word_1_164' title='bbox 3408 1213 3499 1269; x_wconf 89' lang='lat' dir='ltr'><strong>Sic</strong></span> <span class='ocrx_word' id='word_1_165' title='bbox 3533 1224 3587 1269; x_wconf 77' lang='lat' dir='ltr'><strong>et</strong></span> 
     </span>
    </p>
   </div>
   <div class='ocr_carea' id='block_1_25' title="bbox 2016 1302 3582 1374">
    <p class='ocr_par' dir='ltr' id='par_1_25' title="bbox 2016 1302 3582 1374">
     <span class='ocr_line' id='line_1_25' title="bbox 2016 1302 3582 1374; baseline -0.001 -15"><span class='ocrx_word' id='word_1_166' title='bbox 2016 1304 2260 1374; x_wconf 70' lang='lat' dir='ltr'><strong>pecunia:</strong></span> <span class='ocrx_word' id='word_1_167' title='bbox 2293 1304 2621 1374; x_wconf 85' lang='lat' dir='ltr'><strong>quibusdam</strong></span> <span class='ocrx_word' id='word_1_168' title='bbox 2640 1302 2751 1373; x_wconf 87' lang='lat' dir='ltr'><strong>jam</strong></span> <span class='ocrx_word' id='word_1_169' title='bbox 2773 1304 2839 1358; x_wconf 91' lang='lat' dir='ltr'><strong>ad</strong></span> <span class='ocrx_word' id='word_1_170' title='bbox 2870 1303 3151 1359; x_wconf 88' lang='lat' dir='ltr'><strong>libidinem</strong></span> <span class='ocrx_word' id='word_1_171' title='bbox 3172 1303 3538 1359; x_wconf 88' lang='lat' dir='ltr'><strong>inservierunt</strong></span> <span class='ocrx_word' id='word_1_172' title='bbox 3567 1321 3582 1358; x_wconf 93' lang='lat'><strong>:</strong></span> 
     </span>
    </p>
   </div>
   <div class='ocr_carea' id='block_1_26' title="bbox 2017 1395 3587 1468">
    <p class='ocr_par' dir='ltr' id='par_1_26' title="bbox 2017 1395 3587 1468">
     <span class='ocr_line' id='line_1_26' title="bbox 2017 1395 3587 1468; baseline 0.001 -18"><span class='ocrx_word' id='word_1_173' title='bbox 2017 1403 2308 1466; x_wconf 88' lang='lat' dir='ltr'><strong>paupertas</strong></span> <span class='ocrx_word' id='word_1_174' title='bbox 2338 1410 2466 1450; x_wconf 85' lang='lat' dir='ltr'><strong>vero</strong></span> <span class='ocrx_word' id='word_1_175' title='bbox 2497 1395 2758 1465; x_wconf 84' lang='lat' dir='ltr'><strong>plurimos</strong></span> <span class='ocrx_word' id='word_1_176' title='bbox 2806 1399 2871 1449; x_wconf 84' lang='lat' dir='ltr'><strong>ad</strong></span> <span class='ocrx_word' id='word_1_177' title='bbox 2916 1396 3043 1449; x_wconf 89' lang='lat' dir='ltr'><strong>vitia</strong></span> <span class='ocrx_word' id='word_1_178' title='bbox 3082 1409 3413 1468; x_wconf 78' lang='lat' dir='ltr'><strong>magnopere</strong></span> <span class='ocrx_word' id='word_1_179' title='bbox 3459 1410 3587 1466; x_wconf 88' lang='lat' dir='ltr'><strong>pro-</strong></span> 
     </span>
    </p>
   </div>
   <div class='ocr_carea' id='block_1_27' title="bbox 2018 1484 3585 1558">
    <p class='ocr_par' dir='ltr' id='par_1_27' title="bbox 2018 1484 3585 1558">
     <span class='ocr_line' id='line_1_27' title="bbox 2018 1484 3585 1558; baseline -0.001 -15"><span class='ocrx_word' id='word_1_180' title='bbox 2018 1488 2316 1558; x_wconf 86' lang='lat' dir='ltr'><strong>pendentes</strong></span> <span class='ocrx_word' id='word_1_181' title='bbox 2352 1485 2630 1556; x_wconf 86' lang='lat' dir='ltr'><strong>repressit.</strong></span> <span class='ocrx_word' id='word_1_182' title='bbox 2665 1484 2848 1555; x_wconf 81' lang='lat' dir='ltr'><strong>Neque</strong></span> <span class='ocrx_word' id='word_1_183' title='bbox 2876 1486 3042 1557; x_wconf 77' lang='lat' dir='ltr'><strong>igitur</strong></span> <span class='ocrx_word' id='word_1_184' title='bbox 3065 1485 3303 1557; x_wconf 81' lang='lat' dir='ltr'><strong>refugias</strong></span> <span class='ocrx_word' id='word_1_185' title='bbox 3334 1502 3451 1556; x_wconf 69' lang='lat' dir='ltr'><strong>quae</strong></span> <span class='ocrx_word' id='word_1_186' title='bbox 3479 1503 3585 1542; x_wconf 88' lang='lat' dir='ltr'><strong>non</strong></span> 
     </span>
    </p>
   </div>
   <div class='ocr_carea' id='block_1_28' title="bbox 338 1577 1909 1663">
    <p class='ocr_par' dir='ltr' id='par_1_28' title="bbox 338 1582 1909 1663">
     <span class='ocr_line' id='line_1_28' title="bbox 338 1582 1909 1663; baseline -0.006 -19"><span class='ocrx_word' id='word_1_187' title='bbox 338 1592 600 1660; x_wconf 82' lang='grc' dir='ltr'>δαγωγεῖν</span> <span class='ocrx_word' id='word_1_188' title='bbox 669 1589 837 1663; x_wconf 78' lang='grc' dir='ltr'>μέλλῃ</span> <span class='ocrx_word' id='word_1_189' title='bbox 890 1589 983 1642; x_wconf 87' lang='grc' dir='ltr'><strong>τὸν</strong></span> <span class='ocrx_word' id='word_1_190' title='bbox 1033 1586 1418 1659; x_wconf 86' lang='grc' dir='ltr'>ἁμαρτάνοντα</span> <span class='ocrx_word' id='word_1_191' title='bbox 1443 1602 1456 1615; x_wconf 90' lang='grc'><strong>·</strong></span> <span class='ocrx_word' id='word_1_192' title='bbox 1508 1586 1603 1638; x_wconf 70' lang='grc' dir='ltr'><strong>καὶ</strong></span> <span class='ocrx_word' id='word_1_193' title='bbox 1645 1587 1678 1653; x_wconf 86' lang='grc' dir='ltr'><strong>ή</strong></span> <span class='ocrx_word' id='word_1_194' title='bbox 1738 1582 1909 1650; x_wconf 82' lang='grc' dir='ltr'>ὑγίεια</span> 
     </span>
    </p>
   </div>
   <div class='ocr_carea' id='block_1_29' title="bbox 2014 1577 3583 1663">
    <p class='ocr_par' dir='ltr' id='par_1_29' title="bbox 2019 1577 3583 1648">
     <span class='ocr_line' id='line_1_29' title="bbox 2019 1577 3583 1648; baseline -0.001 -14"><span class='ocrx_word' id='word_1_195' title='bbox 2019 1588 2234 1648; x_wconf 86' lang='lat' dir='ltr'><strong>oportet</strong></span> <span class='ocrx_word' id='word_1_196' title='bbox 2259 1597 2273 1633; x_wconf 90' lang='lat'><strong>:</strong></span> <span class='ocrx_word' id='word_1_197' title='bbox 2294 1592 2394 1633; x_wconf 85' lang='lat' dir='ltr'><strong>nec</strong></span> <span class='ocrx_word' id='word_1_198' title='bbox 2412 1577 2696 1646; x_wconf 82' lang='lat' dir='ltr'><strong>confugias</strong></span> <span class='ocrx_word' id='word_1_199' title='bbox 2723 1577 2789 1631; x_wconf 88' lang='lat' dir='ltr'><strong>ad</strong></span> <span class='ocrx_word' id='word_1_200' title='bbox 2814 1590 2971 1646; x_wconf 85' lang='lat' dir='ltr'><strong>quem</strong></span> <span class='ocrx_word' id='word_1_201' title='bbox 3006 1592 3110 1632; x_wconf 91' lang='lat' dir='ltr'><strong>non</strong></span> <span class='ocrx_word' id='word_1_202' title='bbox 3134 1587 3373 1647; x_wconf 89' lang='lat' dir='ltr'><strong>oportet.</strong></span> <span class='ocrx_word' id='word_1_203' title='bbox 3405 1577 3583 1633; x_wconf 76' lang='lat' dir='ltr'><strong>Unum</strong></span> 
     </span>
    </p>
   </div>
   <div class='ocr_carea' id='block_1_30' title="bbox 342 1669 1909 1754">
    <p class='ocr_par' dir='ltr' id='par_1_30' title="bbox 342 1671 1909 1754">
     <span class='ocr_line' id='line_1_30' title="bbox 342 1671 1909 1754; baseline -0.006 -18"><span class='ocrx_word' id='word_1_204' title='bbox 342 1681 601 1754; x_wconf 74' lang='grc' dir='ltr'>βλαϐερὰ,</span> <span class='ocrx_word' id='word_1_205' title='bbox 641 1682 768 1736; x_wconf 83' lang='grc' dir='ltr'>ὅταν</span> <span class='ocrx_word' id='word_1_206' title='bbox 815 1679 1022 1750; x_wconf 76' lang='grc' dir='ltr'>ἐφόδιον</span> <span class='ocrx_word' id='word_1_207' title='bbox 1076 1679 1292 1750; x_wconf 86' lang='grc' dir='ltr'>γίνηται</span> <span class='ocrx_word' id='word_1_208' title='bbox 1346 1677 1483 1744; x_wconf 89' lang='grc' dir='ltr'>πρὸς</span> <span class='ocrx_word' id='word_1_209' title='bbox 1523 1674 1794 1746; x_wconf 83' lang='grc' dir='ltr'>ἁμαρτίαν</span> <span class='ocrx_word' id='word_1_210' title='bbox 1841 1671 1909 1744; x_wconf 75' lang='grc' dir='ltr'>τῷ</span> 
     </span>
    </p>
   </div>
   <div class='ocr_carea' id='block_1_31' title="bbox 2014 1669 3589 1754">
    <p class='ocr_par' dir='ltr' id='par_1_31' title="bbox 2018 1669 3589 1742">
     <span class='ocr_line' id='line_1_31' title="bbox 2018 1669 3589 1742; baseline -0.001 -16"><span class='ocrx_word' id='word_1_211' title='bbox 2018 1686 2183 1742; x_wconf 88' lang='lat' dir='ltr'><strong>porro</strong></span> <span class='ocrx_word' id='word_1_212' title='bbox 2210 1671 2492 1726; x_wconf 89' lang='lat' dir='ltr'><strong>vitandum</strong></span> <span class='ocrx_word' id='word_1_213' title='bbox 2525 1669 2619 1723; x_wconf 86' lang='lat' dir='ltr'><strong>tibi</strong></span> <span class='ocrx_word' id='word_1_214' title='bbox 2646 1678 2749 1734; x_wconf 89' lang='lat' dir='ltr'><strong>est,</strong></span> <span class='ocrx_word' id='word_1_215' title='bbox 2776 1678 3063 1739; x_wconf 89' lang='lat' dir='ltr'><strong>peccatum</strong></span> <span class='ocrx_word' id='word_1_216' title='bbox 3097 1670 3373 1736; x_wconf 79' lang='lat' dir='ltr'><strong>videlicet,</strong></span> <span class='ocrx_word' id='word_1_217' title='bbox 3392 1681 3446 1725; x_wconf 85' lang='lat' dir='ltr'><strong>et</strong></span> <span class='ocrx_word' id='word_1_218' title='bbox 3471 1671 3589 1724; x_wconf 85' lang='lat' dir='ltr'><strong>uni-</strong></span> 
     </span>
    </p>
   </div>
   <div class='ocr_carea' id='block_1_32' title="bbox 340 1759 1909 1847">
    <p class='ocr_par' dir='ltr' id='par_1_32' title="bbox 340 1765 1909 1847">
     <span class='ocr_line' id='line_1_32' title="bbox 340 1765 1909 1847; baseline -0.008 -18"><span class='ocrx_word' id='word_1_219' title='bbox 340 1777 535 1847; x_wconf 75' lang='grc' dir='ltr'>ἔχοντι.</span> <span class='ocrx_word' id='word_1_220' title='bbox 563 1774 717 1829; x_wconf 78' lang='grc' dir='ltr'>Οὒτω</span> <span class='ocrx_word' id='word_1_221' title='bbox 751 1773 846 1827; x_wconf 73' lang='grc' dir='ltr'>καὶ</span> <span class='ocrx_word' id='word_1_222' title='bbox 884 1773 1141 1844; x_wconf 85' lang='grc' dir='ltr'>χρήματα</span> <span class='ocrx_word' id='word_1_223' title='bbox 1166 1769 1265 1841; x_wconf 74' lang='grc' dir='ltr'>ἤδη</span> <span class='ocrx_word' id='word_1_224' title='bbox 1298 1769 1442 1822; x_wconf 74' lang='grc' dir='ltr'>τισὶν</span> <span class='ocrx_word' id='word_1_225' title='bbox 1472 1766 1749 1837; x_wconf 83' lang='grc' dir='ltr'>ὑπηρεσία</span> <span class='ocrx_word' id='word_1_226' title='bbox 1781 1765 1909 1836; x_wconf 89' lang='grc' dir='ltr'>πρὸς</span> 
     </span>
    </p>
   </div>
   <div class='ocr_carea' id='block_1_33' title="bbox 2014 1759 3588 1847">
    <p class='ocr_par' dir='ltr' id='par_1_33' title="bbox 2019 1759 3588 1832">
     <span class='ocr_line' id='line_1_33' title="bbox 2019 1759 3588 1832; baseline -0.001 -14"><span class='ocrx_word' id='word_1_227' title='bbox 2019 1777 2143 1818; x_wconf 89' lang='lat' dir='ltr'><strong>cum</strong></span> <span class='ocrx_word' id='word_1_228' title='bbox 2181 1777 2250 1817; x_wconf 80' lang='lat' dir='ltr'><strong>ex</strong></span> <span class='ocrx_word' id='word_1_229' title='bbox 2284 1761 2440 1815; x_wconf 88' lang='lat' dir='ltr'><strong>malis</strong></span> <span class='ocrx_word' id='word_1_230' title='bbox 2467 1759 2736 1832; x_wconf 79' lang='lat' dir='ltr'><strong>refugium</strong></span> <span class='ocrx_word' id='word_1_231' title='bbox 2772 1760 2867 1815; x_wconf 88' lang='lat' dir='ltr'><strong>tibi</strong></span> <span class='ocrx_word' id='word_1_232' title='bbox 2909 1761 2981 1817; x_wconf 90' lang='lat' dir='ltr'><strong>sit</strong></span> <span class='ocrx_word' id='word_1_233' title='bbox 3027 1761 3192 1818; x_wconf 88' lang='lat' dir='ltr'><strong>Deus.</strong></span> <span class='ocrx_word' id='word_1_234' title='bbox 3225 1760 3302 1818; x_wconf 84' lang='lat' dir='ltr'><strong>Ne</strong></span> <span class='ocrx_word' id='word_1_235' title='bbox 3335 1764 3588 1819; x_wconf 75' lang='lat' dir='ltr'><strong>confidite</strong></span> 
     </span>
    </p>
   </div>
   <div class='ocr_carea' id='block_1_34' title="bbox 340 1826 1909 1935">
    <p class='ocr_par' dir='ltr' id='par_1_34' title="bbox 340 1826 1909 1935">
     <span class='ocr_line' id='line_1_34' title="bbox 340 1826 1909 1935; baseline -0.008 -14"><span class='ocrx_word' id='word_1_236' title='bbox 340 1826 632 1922; x_wconf 54' lang='grc' dir='ltr'><strong>ἐιῖςξλᾷᾇιᾷιν</strong></span> <span class='ocrx_word' id='word_1_237' title='bbox 670 1826 934 1935; x_wconf 42' lang='grc' dir='ltr'>ὲγένετοῗι</span> <span class='ocrx_word' id='word_1_238' title='bbox 963 1826 1059 1917; x_wconf 47' lang='lat' dir='ltr'><strong>real</strong></span> <span class='ocrx_word' id='word_1_239' title='bbox 1108 1826 1266 1915; x_wconf 74' lang='grc' dir='ltr'><strong>τεεᾷιοὶ</strong></span> <span class='ocrx_word' id='word_1_240' title='bbox 1305 1859 1533 1922; x_wconf 77' lang='grc' dir='ltr'>πολλοὺς</span> <span class='ocrx_word' id='word_1_241' title='bbox 1573 1826 1909 1928; x_wconf 51' lang='grc' dir='ltr'>’ἐσωφρόνισε</span> 
     </span>
    </p>
   </div>
   <div class='ocr_carea' id='block_1_35' title="bbox 2014 1826 3588 1935">
    <p class='ocr_par' dir='ltr' id='par_1_35' title="bbox 2019 1851 3588 1925">
     <span class='ocr_line' id='line_1_35' title="bbox 2019 1851 3588 1925; baseline 0.001 -17"><span class='ocrx_word' id='word_1_242' title='bbox 2019 1854 2354 1925; x_wconf 82' lang='lat' dir='ltr'><strong>principibus</strong></span> <span class='ocrx_word' id='word_1_243' title='bbox 2379 1853 2462 1919; x_wconf 72' lang='lat'><strong>8&#39;;</strong></span> <span class='ocrx_word' id='word_1_244' title='bbox 2516 1868 2584 1908; x_wconf 91' lang='lat' dir='ltr'><strong>ne</strong></span> <span class='ocrx_word' id='word_1_245' title='bbox 2617 1851 2916 1908; x_wconf 66' lang='lat' dir='ltr'><strong>efferamini</strong></span> <span class='ocrx_word' id='word_1_246' title='bbox 2961 1854 3144 1909; x_wconf 89' lang='lat' dir='ltr'><strong>animo</strong></span> <span class='ocrx_word' id='word_1_247' title='bbox 3176 1855 3228 1909; x_wconf 91' lang='lat' dir='ltr'><strong>in</strong></span> <span class='ocrx_word' id='word_1_248' title='bbox 3270 1855 3477 1910; x_wconf 86' lang='lat' dir='ltr'><strong>incerto</strong></span> <span class='ocrx_word' id='word_1_249' title='bbox 3504 1856 3588 1910; x_wconf 89' lang='lat' dir='ltr'><strong>di-</strong></span> 
     </span>
    </p>
   </div>
   <div class='ocr_carea' id='block_1_36' title="bbox 337 1940 1909 2030">
    <p class='ocr_par' dir='ltr' id='par_1_36' title="bbox 337 1946 1909 2030">
     <span class='ocr_line' id='line_1_36' title="bbox 337 1946 1909 2030; baseline -0.007 -19"><span class='ocrx_word' id='word_1_250' title='bbox 337 1957 446 2012; x_wconf 83' lang='grc' dir='ltr'>τῶν</span> <span class='ocrx_word' id='word_1_251' title='bbox 469 1957 812 2030; x_wconf 79' lang='grc' dir='ltr'>ὡρμημένων</span> <span class='ocrx_word' id='word_1_252' title='bbox 839 1954 1042 2019; x_wconf 81' lang='grc' dir='ltr'>κακῶς.</span> <span class='ocrx_word' id='word_1_253' title='bbox 1070 1955 1224 2025; x_wconf 88' lang='grc' dir='ltr'>Μήτε</span> <span class='ocrx_word' id='word_1_254' title='bbox 1267 1946 1360 2005; x_wconf 79' lang='grc' dir='ltr'>οὖν</span> <span class='ocrx_word' id='word_1_255' title='bbox 1387 1950 1564 2020; x_wconf 73' lang='grc' dir='ltr'>φύγῃς</span> <span class='ocrx_word' id='word_1_256' title='bbox 1598 1947 1634 2003; x_wconf 81' lang='grc' dir='ltr'><strong>ἀ</strong></span> <span class='ocrx_word' id='word_1_257' title='bbox 1682 1947 1757 2019; x_wconf 83' lang='grc' dir='ltr'>μὴ</span> <span class='ocrx_word' id='word_1_258' title='bbox 1798 1948 1909 2013; x_wconf 80' lang='grc' dir='ltr'>δεῖ,</span> 
     </span>
    </p>
   </div>
   <div class='ocr_carea' id='block_1_37' title="bbox 2014 1940 3587 2030">
    <p class='ocr_par' dir='ltr' id='par_1_37' title="bbox 2020 1940 3587 2012">
     <span class='ocr_line' id='line_1_37' title="bbox 2020 1940 3587 2012; baseline -0.001 -13"><span class='ocrx_word' id='word_1_259' title='bbox 2020 1942 2273 1999; x_wconf 85' lang='lat' dir='ltr'><strong>vitiarum</strong></span> <span class='ocrx_word' id='word_1_260' title='bbox 2309 1942 2395 2008; x_wconf 72' lang='grc' dir='ltr'>ὀς</span> <span class='ocrx_word' id='word_1_261' title='bbox 2429 1956 2495 1996; x_wconf 91' lang='lat' dir='ltr'><strong>ne</strong></span> <span class='ocrx_word' id='word_1_262' title='bbox 2524 1940 2852 2012; x_wconf 83' lang='lat' dir='ltr'><strong>superbiatis</strong></span> <span class='ocrx_word' id='word_1_263' title='bbox 2891 1943 2960 1997; x_wconf 89' lang='lat' dir='ltr'><strong>ob</strong></span> <span class='ocrx_word' id='word_1_264' title='bbox 3002 1942 3249 2010; x_wconf 87' lang='lat' dir='ltr'><strong>corporis</strong></span> <span class='ocrx_word' id='word_1_265' title='bbox 3279 1943 3460 2009; x_wconf 81' lang='lat' dir='ltr'><strong>vires;</strong></span> <span class='ocrx_word' id='word_1_266' title='bbox 3516 1958 3587 1997; x_wconf 85' lang='lat' dir='ltr'><strong>ne</strong></span> 
     </span>
    </p>
   </div>
   <div class='ocr_carea' id='block_1_38' title="bbox 343 2030 1909 2118">
    <p class='ocr_par' dir='ltr' id='par_1_38' title="bbox 343 2037 1909 2118">
     <span class='ocr_line' id='line_1_38' title="bbox 343 2037 1909 2118; baseline -0.007 -17"><span class='ocrx_word' id='word_1_267' title='bbox 343 2048 477 2118; x_wconf 86' lang='grc' dir='ltr'>μήτε</span> <span class='ocrx_word' id='word_1_268' title='bbox 524 2044 846 2117; x_wconf 79' lang='grc' dir='ltr'>προσφύγῃς</span> <span class='ocrx_word' id='word_1_269' title='bbox 888 2038 933 2112; x_wconf 82' lang='grc' dir='ltr'>ᾧ</span> <span class='ocrx_word' id='word_1_270' title='bbox 985 2044 1059 2116; x_wconf 82' lang='grc' dir='ltr'><strong>μὴ</strong></span> <span class='ocrx_word' id='word_1_271' title='bbox 1104 2043 1201 2097; x_wconf 85' lang='grc' dir='ltr'>δεῖ.</span> <span class='ocrx_word' id='word_1_272' title='bbox 1262 2041 1399 2094; x_wconf 89' lang='grc' dir='ltr'>Ἀλλ’</span> <span class='ocrx_word' id='word_1_273' title='bbox 1428 2041 1486 2094; x_wconf 77' lang='grc' dir='ltr'>ἓν</span> <span class='ocrx_word' id='word_1_274' title='bbox 1537 2057 1617 2093; x_wconf 87' lang='grc' dir='ltr'><strong>σοι</strong></span> <span class='ocrx_word' id='word_1_275' title='bbox 1682 2037 1909 2108; x_wconf 85' lang='grc' dir='ltr'>φευκτὸν</span> 
     </span>
    </p>
   </div>
   <div class='ocr_carea' id='block_1_39' title="bbox 2014 2030 3589 2118">
    <p class='ocr_par' dir='ltr' id='par_1_39' title="bbox 2021 2030 3589 2102">
     <span class='ocr_line' id='line_1_39' title="bbox 2021 2030 3589 2102; baseline 0.002 -16"><span class='ocrx_word' id='word_1_276' title='bbox 2021 2031 2275 2086; x_wconf 72' lang='lat' dir='ltr'><strong>humanae</strong></span> <span class='ocrx_word' id='word_1_277' title='bbox 2322 2030 2506 2101; x_wconf 65' lang='lat' dir='ltr'><strong>gloriae</strong></span> <span class='ocrx_word' id='word_1_278' title='bbox 2567 2033 2972 2101; x_wconf 89' lang='lat' dir='ltr'><strong>prosequamini</strong></span> <span class='ocrx_word' id='word_1_279' title='bbox 3024 2032 3394 2102; x_wconf 88' lang='lat' dir='ltr'><strong>splendorem.</strong></span> <span class='ocrx_word' id='word_1_280' title='bbox 3440 2031 3589 2089; x_wconf 82' lang='lat' dir='ltr'><strong>Nihil</strong></span> 
     </span>
    </p>
   </div>
   <div class='ocr_carea' id='block_1_40' title="bbox 337 2129 1916 2210">
    <p class='ocr_par' dir='ltr' id='par_1_40' title="bbox 337 2129 1916 2210">
     <span class='ocr_line' id='line_1_40' title="bbox 337 2129 1916 2210; baseline -0.006 -18"><span class='ocrx_word' id='word_1_281' title='bbox 337 2140 470 2210; x_wconf 70' lang='grc' dir='ltr'>ἤτω,</span> <span class='ocrx_word' id='word_1_282' title='bbox 515 2140 548 2208; x_wconf 80' lang='grc' dir='ltr'>ἡ</span> <span class='ocrx_word' id='word_1_283' title='bbox 589 2138 866 2208; x_wconf 85' lang='grc' dir='ltr'>ἁμαρτία,</span> <span class='ocrx_word' id='word_1_284' title='bbox 913 2136 1007 2189; x_wconf 78' lang='grc' dir='ltr'><strong>καὶ</strong></span> <span class='ocrx_word' id='word_1_285' title='bbox 1038 2135 1135 2206; x_wconf 87' lang='grc' dir='ltr'><strong>μία</strong></span> <span class='ocrx_word' id='word_1_286' title='bbox 1192 2132 1484 2203; x_wconf 86' lang='grc' dir='ltr'>καταφυγὴ</span> <span class='ocrx_word' id='word_1_287' title='bbox 1539 2132 1604 2185; x_wconf 81' lang='grc' dir='ltr'><strong>ἐκ</strong></span> <span class='ocrx_word' id='word_1_288' title='bbox 1651 2129 1760 2182; x_wconf 86' lang='grc' dir='ltr'><strong>τῶν</strong></span> <span class='ocrx_word' id='word_1_289' title='bbox 1814 2146 1916 2183; x_wconf 90' lang='grc' dir='ltr'>κα-</span> 
     </span>
    </p>
   </div>
   <div class='ocr_carea' id='block_1_41' title="bbox 339 2221 1912 2299">
    <p class='ocr_par' dir='ltr' id='par_1_41' title="bbox 339 2221 1912 2299">
     <span class='ocr_line' id='line_1_41' title="bbox 339 2221 1912 2299; baseline -0.006 -15"><span class='ocrx_word' id='word_1_290' title='bbox 339 2231 450 2284; x_wconf 84' lang='grc' dir='ltr'><strong>κῶν</strong></span> <span class='ocrx_word' id='word_1_291' title='bbox 481 2230 613 2299; x_wconf 64' lang='lat'><strong>(~27),</strong></span> <span class='ocrx_word' id='word_1_292' title='bbox 639 2232 667 2283; x_wconf 98' lang='lat'><strong>6</strong></span> <span class='ocrx_word' id='word_1_293' title='bbox 695 2228 846 2291; x_wconf 85' lang='grc' dir='ltr'>Θεός.</span> <span class='ocrx_word' id='word_1_294' title='bbox 878 2228 971 2298; x_wconf 81' lang='grc' dir='ltr'><strong>Μὴ</strong></span> <span class='ocrx_word' id='word_1_295' title='bbox 1013 2226 1299 2280; x_wconf 86' lang='grc' dir='ltr'>πεποίθετε</span> <span class='ocrx_word' id='word_1_296' title='bbox 1338 2223 1453 2295; x_wconf 73' lang='lat'><strong>(28)</strong></span> <span class='ocrx_word' id='word_1_297' title='bbox 1500 2223 1587 2276; x_wconf 75' lang='grc' dir='ltr'>ἐπ’</span> <span class='ocrx_word' id='word_1_298' title='bbox 1610 2221 1879 2293; x_wconf 81' lang='grc' dir='ltr'>ἄρχοντας</span> <span class='ocrx_word' id='word_1_299' title='bbox 1898 2238 1912 2253; x_wconf 76' lang='grc' dir='ltr'><strong><em>ο</em></strong></span> 
     </span>
    </p>
   </div>
   <div class='ocr_carea' id='block_1_42' title="bbox 342 2314 1916 2393">
    <p class='ocr_par' dir='ltr' id='par_1_42' title="bbox 342 2314 1916 2393">
     <span class='ocr_line' id='line_1_42' title="bbox 342 2314 1916 2393; baseline -0.006 -18"><span class='ocrx_word' id='word_1_300' title='bbox 342 2320 417 2393; x_wconf 81' lang='grc' dir='ltr'><strong>μὴ</strong></span> <span class='ocrx_word' id='word_1_301' title='bbox 460 2318 752 2393; x_wconf 79' lang='grc' dir='ltr'>ἐπαίρεσθε</span> <span class='ocrx_word' id='word_1_302' title='bbox 797 2319 890 2373; x_wconf 76' lang='grc' dir='ltr'>ἐπὶ</span> <span class='ocrx_word' id='word_1_303' title='bbox 936 2318 1163 2372; x_wconf 80' lang='grc' dir='ltr'>πλούτὸυ</span> <span class='ocrx_word' id='word_1_304' title='bbox 1205 2316 1523 2389; x_wconf 82' lang='grc' dir='ltr'>ἀδηλότητι·</span> <span class='ocrx_word' id='word_1_305' title='bbox 1561 2314 1635 2386; x_wconf 87' lang='grc' dir='ltr'><strong>μὴ</strong></span> <span class='ocrx_word' id='word_1_306' title='bbox 1669 2316 1916 2386; x_wconf 82' lang='grc' dir='ltr'>φρονεῖτε</span> 
     </span>
    </p>
   </div>
   <div class='ocr_carea' id='block_1_43' title="bbox 337 2403 1917 2483">
    <p class='ocr_par' dir='ltr' id='par_1_43' title="bbox 337 2403 1917 2483">
     <span class='ocr_line' id='line_1_43' title="bbox 337 2403 1917 2483; baseline -0.006 -17"><span class='ocrx_word' id='word_1_307' title='bbox 337 2414 431 2465; x_wconf 76' lang='grc' dir='ltr'><strong>ἐπὶ</strong></span> <span class='ocrx_word' id='word_1_308' title='bbox 469 2412 696 2482; x_wconf 85' lang='grc' dir='ltr'>δυνάμει</span> <span class='ocrx_word' id='word_1_309' title='bbox 725 2411 1004 2483; x_wconf 87' lang='grc' dir='ltr'>σώματος·</span> <span class='ocrx_word' id='word_1_310' title='bbox 1043 2410 1117 2481; x_wconf 81' lang='grc' dir='ltr'>μὴ</span> <span class='ocrx_word' id='word_1_311' title='bbox 1152 2408 1253 2480; x_wconf 81' lang='grc' dir='ltr'>τῆς</span> <span class='ocrx_word' id='word_1_312' title='bbox 1281 2406 1628 2479; x_wconf 84' lang='grc' dir='ltr'>ἀνθρωπίνης</span> <span class='ocrx_word' id='word_1_313' title='bbox 1658 2404 1816 2474; x_wconf 84' lang='grc' dir='ltr'>δόξης</span> <span class='ocrx_word' id='word_1_314' title='bbox 1854 2403 1917 2456; x_wconf 92' lang='grc' dir='ltr'><strong>τὸ</strong></span> 
     </span>
    </p>
   </div>
   <div class='ocr_carea' id='block_1_44' title="bbox 2019 2122 3587 2192">
    <p class='ocr_par' dir='ltr' id='par_1_44' title="bbox 2019 2122 3587 2192">
     <span class='ocr_line' id='line_1_44' title="bbox 2019 2122 3587 2192; baseline 0.002 -14"><span class='ocrx_word' id='word_1_315' title='bbox 2019 2123 2211 2178; x_wconf 87' lang='lat' dir='ltr'><strong>horum</strong></span> <span class='ocrx_word' id='word_1_316' title='bbox 2240 2123 2393 2177; x_wconf 87' lang='lat' dir='ltr'><strong>ducit</strong></span> <span class='ocrx_word' id='word_1_317' title='bbox 2412 2124 2479 2176; x_wconf 89' lang='lat' dir='ltr'><strong>ad</strong></span> <span class='ocrx_word' id='word_1_318' title='bbox 2503 2122 2765 2189; x_wconf 86' lang='lat' dir='ltr'><strong>salutem;</strong></span> <span class='ocrx_word' id='word_1_319' title='bbox 2811 2126 3134 2192; x_wconf 84' lang='lat' dir='ltr'><strong>temporaria</strong></span> <span class='ocrx_word' id='word_1_320' title='bbox 3164 2126 3368 2190; x_wconf 86' lang='lat' dir='ltr'><strong>omnia,</strong></span> <span class='ocrx_word' id='word_1_321' title='bbox 3397 2128 3587 2181; x_wconf 79' lang='lat' dir='ltr'><strong>omnia</strong></span> 
     </span>
    </p>
   </div>
   <div class='ocr_carea' id='block_1_45' title="bbox 2024 2212 3586 2284">
    <p class='ocr_par' dir='ltr' id='par_1_45' title="bbox 2024 2212 3586 2284">
     <span class='ocr_line' id='line_1_45' title="bbox 2024 2212 3586 2284; baseline 0.003 -17"><span class='ocrx_word' id='word_1_322' title='bbox 2024 2214 2258 2270; x_wconf 82' lang='lat' dir='ltr'><strong>fallacia.</strong></span> <span class='ocrx_word' id='word_1_323' title='bbox 2290 2212 2576 2284; x_wconf 80' lang='lat' dir='ltr'><strong>Refugium</strong></span> <span class='ocrx_word' id='word_1_324' title='bbox 2604 2215 2846 2277; x_wconf 90' lang='lat' dir='ltr'><strong>unicum,</strong></span> <span class='ocrx_word' id='word_1_325' title='bbox 2878 2213 3042 2270; x_wconf 90' lang='lat' dir='ltr'><strong>Deus.</strong></span> <span class='ocrx_word' id='word_1_326' title='bbox 3074 2214 3391 2271; x_wconf 73' lang='lat' dir='ltr'><strong>Maledictus</strong></span> <span class='ocrx_word' id='word_1_327' title='bbox 3430 2219 3586 2272; x_wconf 81' lang='lat' dir='ltr'><strong>homo</strong></span> 
     </span>
    </p>
   </div>
   <div class='ocr_carea' id='block_1_46' title="bbox 2018 2306 3586 2380">
    <p class='ocr_par' dir='ltr' id='par_1_46' title="bbox 2018 2306 3586 2380">
     <span class='ocr_line' id='line_1_46' title="bbox 2018 2306 3586 2380; baseline 0.004 -21"><span class='ocrx_word' id='word_1_328' title='bbox 2018 2307 2108 2375; x_wconf 82' lang='lat' dir='ltr'><strong>qui</strong></span> <span class='ocrx_word' id='word_1_329' title='bbox 2135 2322 2275 2377; x_wconf 78' lang='lat' dir='ltr'><strong>spem</strong></span> <span class='ocrx_word' id='word_1_330' title='bbox 2320 2307 2466 2375; x_wconf 84' lang='lat' dir='ltr'><strong>ponit</strong></span> <span class='ocrx_word' id='word_1_331' title='bbox 2493 2306 2547 2359; x_wconf 81' lang='lat' dir='ltr'><strong>in</strong></span> <span class='ocrx_word' id='word_1_332' title='bbox 2576 2306 2786 2360; x_wconf 80' lang='lat' dir='ltr'><strong>homine</strong></span> <span class='ocrx_word' id='word_1_333' title='bbox 2813 2307 2881 2372; x_wconf 82' lang='grc'>⁹¹,</span> <span class='ocrx_word' id='word_1_334' title='bbox 2913 2319 3005 2361; x_wconf 83' lang='lat' dir='ltr'><strong>aut</strong></span> <span class='ocrx_word' id='word_1_335' title='bbox 3059 2309 3114 2365; x_wconf 87' lang='lat' dir='ltr'><strong>in</strong></span> <span class='ocrx_word' id='word_1_336' title='bbox 3164 2309 3348 2380; x_wconf 86' lang='lat' dir='ltr'><strong>aliqua</strong></span> <span class='ocrx_word' id='word_1_337' title='bbox 3396 2323 3456 2364; x_wconf 92' lang='lat' dir='ltr'><strong>re</strong></span> <span class='ocrx_word' id='word_1_338' title='bbox 3485 2312 3586 2366; x_wconf 77' lang='lat' dir='ltr'><strong>hu~</strong></span> 
     </span>
    </p>
   </div>
   <div class='ocr_carea' id='block_1_47' title="bbox 2019 2410 2202 2451">
    <p class='ocr_par' dir='ltr' id='par_1_47' title="bbox 2019 2410 2202 2451">
     <span class='ocr_line' id='line_1_47' title="bbox 2019 2410 2202 2451; baseline -0.005 0"><span class='ocrx_word' id='word_1_339' title='bbox 2019 2410 2202 2451; x_wconf 86' lang='lat' dir='ltr'><strong>mana.</strong></span> 
     </span>
    </p>
   </div>
   <div class='ocr_carea' id='block_1_48' title="bbox 337 2482 3583 2575">
    <p class='ocr_par' dir='ltr' id='par_1_48' title="bbox 337 2482 3583 2575">
     <span class='ocr_line' id='line_1_48' title="bbox 337 2482 3583 2575; baseline -0.003 -19"><span class='ocrx_word' id='word_1_340' title='bbox 337 2504 634 2575; x_wconf 85' lang='grc' dir='ltr'>περιφανὲς</span> <span class='ocrx_word' id='word_1_341' title='bbox 666 2482 910 2556; x_wconf 84' lang='grc' dir='ltr'>διώκετε.</span> <span class='ocrx_word' id='word_1_342' title='bbox 943 2500 1109 2556; x_wconf 80' lang='grc' dir='ltr'>Οὐδὲν</span> <span class='ocrx_word' id='word_1_343' title='bbox 1135 2499 1339 2553; x_wconf 81' lang='grc' dir='ltr'>τούτων</span> <span class='ocrx_word' id='word_1_344' title='bbox 1371 2495 1553 2562; x_wconf 77' lang='grc' dir='ltr'>σώζει·</span> <span class='ocrx_word' id='word_1_345' title='bbox 1589 2495 1764 2549; x_wconf 87' lang='grc' dir='ltr'>πάντα</span> <span class='ocrx_word' id='word_1_346' title='bbox 1795 2490 1905 2564; x_wconf 69' lang='lat'><strong>(29)</strong></span> <span class='ocrx_word' id='word_1_347' title='bbox 1945 2488 2273 2561; x_wconf 85' lang='grc' dir='ltr'>πρόσκαιρα,</span> <span class='ocrx_word' id='word_1_348' title='bbox 2316 2483 2495 2538; x_wconf 84' lang='grc' dir='ltr'>πάντα</span> <span class='ocrx_word' id='word_1_349' title='bbox 2530 2482 2802 2554; x_wconf 76' lang='grc' dir='ltr'>ἀπατηλὰ.</span> <span class='ocrx_word' id='word_1_350' title='bbox 2862 2484 2979 2540; x_wconf 87' lang='grc' dir='ltr'>Μία</span> <span class='ocrx_word' id='word_1_351' title='bbox 3038 2490 3351 2561; x_wconf 73' lang='grc' dir='ltr'>καταφυγὴ,</span> <span class='ocrx_word' id='word_1_352' title='bbox 3378 2490 3409 2545; x_wconf 90' lang='lat'><strong>6</strong></span> <span class='ocrx_word' id='word_1_353' title='bbox 3431 2490 3583 2554; x_wconf 76' lang='grc' dir='ltr'>Θεὸς.</span> 
     </span>
    </p>
   </div>
   <div class='ocr_carea' id='block_1_49' title="bbox 350 2577 3064 2664">
    <p class='ocr_par' dir='ltr' id='par_1_49' title="bbox 350 2577 3064 2664">
     <span class='ocr_line' id='line_1_49' title="bbox 350 2577 3064 2664; baseline -0.005 -15"><span class='ocrx_word' id='word_1_354' title='bbox 350 2593 803 2664; x_wconf 82' lang='grc' dir='ltr'>Ἐπικατάρατος</span> <span class='ocrx_word' id='word_1_355' title='bbox 827 2593 1136 2661; x_wconf 76' lang='grc' dir='ltr'>ἄνθρωπος</span> <span class='ocrx_word' id='word_1_356' title='bbox 1157 2595 1191 2646; x_wconf 87' lang='grc' dir='ltr'><em>ὀ</em></span> <span class='ocrx_word' id='word_1_357' title='bbox 1220 2590 1335 2659; x_wconf 80' lang='grc' dir='ltr'><strong>τὴν</strong></span> <span class='ocrx_word' id='word_1_358' title='bbox 1360 2588 1580 2643; x_wconf 74' lang='grc' dir='ltr'>ἐλπίδα</span> <span class='ocrx_word' id='word_1_359' title='bbox 1611 2587 1768 2657; x_wconf 72' lang='grc' dir='ltr'>ἔχων</span> <span class='ocrx_word' id='word_1_360' title='bbox 1801 2583 1894 2639; x_wconf 77' lang='grc' dir='ltr'><strong>ἐπ’</strong></span> <span class='ocrx_word' id='word_1_361' title='bbox 1931 2582 2265 2650; x_wconf 73' lang='grc' dir='ltr'>ἄνθρωπον,</span> <span class='ocrx_word' id='word_1_362' title='bbox 2290 2577 2325 2650; x_wconf 82' lang='grc' dir='ltr'>ἢ</span> <span class='ocrx_word' id='word_1_363' title='bbox 2358 2577 2449 2631; x_wconf 78' lang='grc' dir='ltr'><strong>ἐπί</strong></span> <span class='ocrx_word' id='word_1_364' title='bbox 2479 2594 2531 2631; x_wconf 89' lang='grc' dir='ltr'><strong>τι</strong></span> <span class='ocrx_word' id='word_1_365' title='bbox 2557 2578 2665 2633; x_wconf 86' lang='grc' dir='ltr'><strong>τῶν</strong></span> <span class='ocrx_word' id='word_1_366' title='bbox 2693 2578 3064 2651; x_wconf 83' lang='grc' dir='ltr'>ἀνθρωπίνων.</span> 
     </span>
    </p>
   </div>
   <div class='ocr_carea' id='block_1_50' title="bbox 416 2681 1917 2757">
    <p class='ocr_par' dir='ltr' id='par_1_50' title="bbox 416 2681 1917 2757">
     <span class='ocr_line' id='line_1_50' title="bbox 416 2681 1917 2757; baseline -0.007 -15"><span class='ocrx_word' id='word_1_367' title='bbox 416 2686 471 2742; x_wconf 75' lang='grc'>2.</span> <span class='ocrx_word' id='word_1_368' title='bbox 525 2688 586 2741; x_wconf 85' lang='lat'><strong>&#39;0</strong></span> <span class='ocrx_word' id='word_1_369' title='bbox 621 2685 764 2753; x_wconf 81' lang='grc' dir='ltr'>Θεὸς</span> <span class='ocrx_word' id='word_1_370' title='bbox 814 2681 907 2740; x_wconf 80' lang='grc' dir='ltr'><strong>οὖν</strong></span> <span class='ocrx_word' id='word_1_371' title='bbox 948 2685 1118 2757; x_wconf 76' lang='grc' dir='ltr'>ἡμῶν</span> <span class='ocrx_word' id='word_1_372' title='bbox 1148 2683 1463 2753; x_wconf 70' lang='grc' dir='ltr'>καταφυγὴ</span> <span class='ocrx_word' id='word_1_373' title='bbox 1514 2683 1612 2737; x_wconf 80' lang='grc' dir='ltr'>καὶ</span> <span class='ocrx_word' id='word_1_374' title='bbox 1645 2681 1917 2750; x_wconf 80' lang='grc' dir='ltr'>δύναμις.</span> 
     </span>
    </p>
   </div>
   <div class='ocr_carea' id='block_1_51' title="bbox 2089 2672 3586 2753">
    <p class='ocr_par' dir='ltr' id='par_1_51' title="bbox 2089 2672 3586 2753">
     <span class='ocr_line' id='line_1_51' title="bbox 2089 2672 3586 2753; baseline 0.006 -25"><span class='ocrx_word' id='word_1_375' title='bbox 2089 2676 2145 2729; x_wconf 70' lang='lat'><strong>2.</strong></span> <span class='ocrx_word' id='word_1_376' title='bbox 2179 2672 2320 2728; x_wconf 74' lang='lat' dir='ltr'><strong>Deus</strong></span> <span class='ocrx_word' id='word_1_377' title='bbox 2351 2673 2520 2743; x_wconf 86' lang='lat' dir='ltr'><strong>igitur</strong></span> <span class='ocrx_word' id='word_1_378' title='bbox 2548 2685 2723 2728; x_wconf 79' lang='lat' dir='ltr'><strong>noster</strong></span> <span class='ocrx_word' id='word_1_379' title='bbox 2770 2674 3034 2746; x_wconf 79' lang='lat' dir='ltr'><strong>refugium</strong></span> <span class='ocrx_word' id='word_1_380' title='bbox 3075 2686 3123 2732; x_wconf 86' lang='lat' dir='ltr'><strong>et</strong></span> <span class='ocrx_word' id='word_1_381' title='bbox 3158 2679 3345 2736; x_wconf 77' lang='lat' dir='ltr'><strong>virtus.</strong></span> <span class='ocrx_word' id='word_1_382' title='bbox 3385 2680 3463 2735; x_wconf 91' lang='lat' dir='ltr'><strong>Illi</strong></span> <span class='ocrx_word' id='word_1_383' title='bbox 3491 2683 3586 2753; x_wconf 87' lang='lat' dir='ltr'><strong>qui</strong></span> 
     </span>
    </p>
   </div>
   <div class='ocr_carea' id='block_1_52' title="bbox 341 2764 1909 2846">
    <p class='ocr_par' dir='ltr' id='par_1_52' title="bbox 341 2770 1909 2846">
     <span class='ocr_line' id='line_1_52' title="bbox 341 2770 1909 2846; baseline -0.003 -19"><span class='ocrx_word' id='word_1_384' title='bbox 341 2774 432 2845; x_wconf 83' lang='grc' dir='ltr'><strong>Τῷ</strong></span> <span class='ocrx_word' id='word_1_385' title='bbox 460 2775 740 2846; x_wconf 80' lang='grc' dir='ltr'>δυναμένῳ</span> <span class='ocrx_word' id='word_1_386' title='bbox 771 2773 970 2843; x_wconf 84' lang='grc' dir='ltr'>λέγειν,</span> <span class='ocrx_word' id='word_1_387' title='bbox 1008 2773 1211 2828; x_wconf 79' lang='grc' dir='ltr'>Πάντα</span> <span class='ocrx_word' id='word_1_388' title='bbox 1243 2774 1433 2841; x_wconf 72' lang='grc' dir='ltr'>ἰσχύω</span> <span class='ocrx_word' id='word_1_389' title='bbox 1459 2772 1528 2826; x_wconf 83' lang='grc' dir='ltr'><strong>ἐν</strong></span> <span class='ocrx_word' id='word_1_390' title='bbox 1556 2771 1638 2837; x_wconf 82' lang='grc' dir='ltr'>τῷ</span> <span class='ocrx_word' id='word_1_391' title='bbox 1664 2770 1909 2825; x_wconf 81' lang='grc' dir='ltr'>ἐνδυνα-</span> 
     </span>
    </p>
   </div>
   <div class='ocr_carea' id='block_1_53' title="bbox 2014 2764 3585 2846">
    <p class='ocr_par' dir='ltr' id='par_1_53' title="bbox 2018 2764 3585 2844">
     <span class='ocr_line' id='line_1_53' title="bbox 2018 2764 3585 2844; baseline 0.007 -25"><span class='ocrx_word' id='word_1_392' title='bbox 2018 2772 2198 2838; x_wconf 89' lang='lat' dir='ltr'><strong>potest</strong></span> <span class='ocrx_word' id='word_1_393' title='bbox 2219 2765 2398 2820; x_wconf 90' lang='lat' dir='ltr'><strong>dicere</strong></span> <span class='ocrx_word' id='word_1_394' title='bbox 2429 2784 2443 2821; x_wconf 88' lang='lat'><strong>:</strong></span> <span class='ocrx_word' id='word_1_395' title='bbox 2481 2764 2674 2820; x_wconf 81' lang='lat' dir='ltr'><strong>Omnia</strong></span> <span class='ocrx_word' id='word_1_396' title='bbox 2712 2783 2925 2837; x_wconf 73' lang='lat' dir='ltr'><strong>possum</strong></span> <span class='ocrx_word' id='word_1_397' title='bbox 2947 2769 3003 2822; x_wconf 80' lang='lat' dir='ltr'><strong>in</strong></span> <span class='ocrx_word' id='word_1_398' title='bbox 3043 2784 3105 2824; x_wconf 87' lang='lat' dir='ltr'><strong>eo</strong></span> <span class='ocrx_word' id='word_1_399' title='bbox 3136 2772 3227 2842; x_wconf 84' lang='lat' dir='ltr'><strong>qui</strong></span> <span class='ocrx_word' id='word_1_400' title='bbox 3254 2788 3335 2826; x_wconf 86' lang='lat' dir='ltr'><strong>me</strong></span> <span class='ocrx_word' id='word_1_401' title='bbox 3372 2774 3585 2844; x_wconf 78' lang='lat' dir='ltr'><strong>con/or-</strong></span> 
     </span>
    </p>
   </div>
   <div class='ocr_carea' id='block_1_54' title="bbox 334 2855 1909 2937">
    <p class='ocr_par' dir='ltr' id='par_1_54' title="bbox 334 2859 1909 2937">
     <span class='ocr_line' id='line_1_54' title="bbox 334 2859 1909 2937; baseline -0.003 -18"><span class='ocrx_word' id='word_1_402' title='bbox 334 2866 551 2937; x_wconf 72' lang='grc' dir='ltr'>μοῦντί</span> <span class='ocrx_word' id='word_1_403' title='bbox 582 2882 661 2935; x_wconf 86' lang='grc' dir='ltr'><strong>με</strong></span> <span class='ocrx_word' id='word_1_404' title='bbox 695 2864 948 2935; x_wconf 80' lang='grc' dir='ltr'>Χριστῷ,</span> <span class='ocrx_word' id='word_1_405' title='bbox 989 2864 1218 2936; x_wconf 84' lang='grc' dir='ltr'>δύναμίς</span> <span class='ocrx_word' id='word_1_406' title='bbox 1266 2866 1413 2917; x_wconf 76' lang='grc' dir='ltr'>ἐστιν</span> <span class='ocrx_word' id='word_1_407' title='bbox 1444 2865 1473 2917; x_wconf 92' lang='lat'><strong>6</strong></span> <span class='ocrx_word' id='word_1_408' title='bbox 1503 2861 1657 2925; x_wconf 88' lang='grc' dir='ltr'>Θεὸς.</span> <span class='ocrx_word' id='word_1_409' title='bbox 1699 2859 1909 2915; x_wconf 74' lang='grc' dir='ltr'>Πολλῶν</span> 
     </span>
    </p>
   </div>
   <div class='ocr_carea' id='block_1_55' title="bbox 2014 2855 3585 2937">
    <p class='ocr_par' dir='ltr' id='par_1_55' title="bbox 2016 2855 3585 2934">
     <span class='ocr_line' id='line_1_55' title="bbox 2016 2855 3585 2934; baseline 0.006 -23"><span class='ocrx_word' id='word_1_410' title='bbox 2016 2865 2095 2911; x_wconf 83' lang='lat' dir='ltr'><strong>tat</strong></span> <span class='ocrx_word' id='word_1_411' title='bbox 2120 2855 2343 2912; x_wconf 87' lang='lat' dir='ltr'><strong>Christo</strong></span> <span class='ocrx_word' id='word_1_412' title='bbox 2365 2856 2432 2922; x_wconf 81' lang='grc'><strong>⁹²,</strong></span> <span class='ocrx_word' id='word_1_413' title='bbox 2460 2859 2634 2912; x_wconf 85' lang='lat' dir='ltr'><strong>virtus</strong></span> <span class='ocrx_word' id='word_1_414' title='bbox 2656 2867 2738 2913; x_wconf 90' lang='lat' dir='ltr'><strong>est</strong></span> <span class='ocrx_word' id='word_1_415' title='bbox 2762 2857 2924 2915; x_wconf 89' lang='lat' dir='ltr'><strong>Deus.</strong></span> <span class='ocrx_word' id='word_1_416' title='bbox 2952 2859 3244 2917; x_wconf 83' lang='lat' dir='ltr'><strong>Multorum</strong></span> <span class='ocrx_word' id='word_1_417' title='bbox 3261 2864 3479 2934; x_wconf 81' lang='lat' dir='ltr'><strong>quidem</strong></span> <span class='ocrx_word' id='word_1_418' title='bbox 3501 2878 3585 2921; x_wconf 84' lang='lat' dir='ltr'><strong>est</strong></span> 
     </span>
    </p>
   </div>
   <div class='ocr_carea' id='block_1_56' title="bbox 342 2948 1910 3022">
    <p class='ocr_par' dir='ltr' id='par_1_56' title="bbox 342 2948 1910 3022">
     <span class='ocr_line' id='line_1_56' title="bbox 342 2948 1910 3022; baseline -0.001 -16"><span class='ocrx_word' id='word_1_419' title='bbox 342 2953 440 3022; x_wconf 83' lang='grc' dir='ltr'>μὲν</span> <span class='ocrx_word' id='word_1_420' title='bbox 486 2948 580 3008; x_wconf 79' lang='grc' dir='ltr'><strong>οὖν</strong></span> <span class='ocrx_word' id='word_1_421' title='bbox 627 2957 775 3008; x_wconf 64' lang='grc' dir='ltr'>ἔστιν</span> <span class='ocrx_word' id='word_1_422' title='bbox 808 2955 1001 3019; x_wconf 81' lang='grc' dir='ltr'>εἰπεῖν,</span> <span class='ocrx_word' id='word_1_423' title='bbox 1037 2955 1092 3006; x_wconf 87' lang='grc' dir='ltr'><strong><em>Ὁ</em></strong></span> <span class='ocrx_word' id='word_1_424' title='bbox 1150 2953 1295 3019; x_wconf 81' lang='grc' dir='ltr'>Θεὸς</span> <span class='ocrx_word' id='word_1_425' title='bbox 1343 2952 1512 3021; x_wconf 73' lang='grc' dir='ltr'><strong>ἡμῶν</strong></span> <span class='ocrx_word' id='word_1_426' title='bbox 1561 2950 1910 3021; x_wconf 69' lang='grc' dir='ltr'>καταφυγή·</span> 
     </span>
    </p>
   </div>
   <div class='ocr_carea' id='block_1_57' title="bbox 2015 2947 3586 3028">
    <p class='ocr_par' dir='ltr' id='par_1_57' title="bbox 2015 2947 3586 3028">
     <span class='ocr_line' id='line_1_57' title="bbox 2015 2947 3586 3028; baseline 0.006 -25"><span class='ocrx_word' id='word_1_427' title='bbox 2015 2948 2236 3005; x_wconf 88' lang='lat' dir='ltr'><strong>dicere:</strong></span> <span class='ocrx_word' id='word_1_428' title='bbox 2265 2947 2403 3004; x_wconf 77' lang='lat' dir='ltr'><strong>Deus</strong></span> <span class='ocrx_word' id='word_1_429' title='bbox 2431 2958 2608 3004; x_wconf 80' lang='lat' dir='ltr'><strong>noster</strong></span> <span class='ocrx_word' id='word_1_430' title='bbox 2629 2951 2916 3021; x_wconf 81' lang='lat' dir='ltr'><strong>refugium;</strong></span> <span class='ocrx_word' id='word_1_431' title='bbox 2942 2964 3017 3018; x_wconf 89' lang='lat' dir='ltr'><strong>et,</strong></span> <span class='ocrx_word' id='word_1_432' title='bbox 3050 2950 3296 3018; x_wconf 84' lang='lat' dir='ltr'><strong>Domine,</strong></span> <span class='ocrx_word' id='word_1_433' title='bbox 3323 2958 3586 3028; x_wconf 74' lang='lat' dir='ltr'><strong>refugiunt</strong></span> 
     </span>
    </p>
   </div>
   <div class='ocr_carea' id='block_1_58' title="bbox 339 3038 1909 3134">
    <p class='ocr_par' dir='ltr' id='par_1_58' title="bbox 339 3040 1909 3115">
     <span class='ocr_line' id='line_1_58' title="bbox 339 3040 1909 3115; baseline -0.002 -18"><span class='ocrx_word' id='word_1_434' title='bbox 339 3045 431 3098; x_wconf 75' lang='grc' dir='ltr'>καὶ</span> <span class='ocrx_word' id='word_1_435' title='bbox 468 3046 549 3109; x_wconf 88' lang='grc' dir='ltr'><strong>τὸ,</strong></span> <span class='ocrx_word' id='word_1_436' title='bbox 593 3046 798 3114; x_wconf 81' lang='grc' dir='ltr'>Κύριε,</span> <span class='ocrx_word' id='word_1_437' title='bbox 849 3044 1159 3115; x_wconf 71' lang='grc' dir='ltr'>καταφυγὴ</span> <span class='ocrx_word' id='word_1_438' title='bbox 1205 3043 1497 3114; x_wconf 79' lang='grc' dir='ltr'>ἐγενήθης</span> <span class='ocrx_word' id='word_1_439' title='bbox 1539 3041 1713 3112; x_wconf 80' lang='grc' dir='ltr'><strong>ἡμῖν’</strong></span> <span class='ocrx_word' id='word_1_440' title='bbox 1756 3041 1818 3094; x_wconf 88' lang='grc' dir='ltr'><strong>τὸ</strong></span> <span class='ocrx_word' id='word_1_441' title='bbox 1857 3040 1909 3094; x_wconf 77' lang='grc' dir='ltr'>δὲ</span> 
     </span>
    </p>
   </div>
   <div class='ocr_carea' id='block_1_59' title="bbox 2014 3038 3585 3134">
    <p class='ocr_par' dir='ltr' id='par_1_59' title="bbox 2017 3038 3585 3116">
     <span class='ocr_line' id='line_1_59' title="bbox 2017 3038 3585 3116; baseline 0.006 -24"><span class='ocrx_word' id='word_1_442' title='bbox 2017 3039 2191 3109; x_wconf 76' lang='lat' dir='ltr'><strong>factus</strong></span> <span class='ocrx_word' id='word_1_443' title='bbox 2223 3055 2276 3095; x_wconf 76' lang='lat' dir='ltr'><strong>es</strong></span> <span class='ocrx_word' id='word_1_444' title='bbox 2303 3040 2451 3093; x_wconf 80' lang='lat' dir='ltr'><strong>nobis</strong></span> <span class='ocrx_word' id='word_1_445' title='bbox 2472 3038 2521 3073; x_wconf 80' lang='grc'><strong>’³</strong></span> <span class='ocrx_word' id='word_1_446' title='bbox 2547 3058 2561 3095; x_wconf 90' lang='lat'><strong>:</strong></span> <span class='ocrx_word' id='word_1_447' title='bbox 2593 3040 2645 3095; x_wconf 90' lang='lat' dir='ltr'><strong>id</strong></span> <span class='ocrx_word' id='word_1_448' title='bbox 2667 3055 2798 3097; x_wconf 91' lang='lat' dir='ltr'><strong>vero</strong></span> <span class='ocrx_word' id='word_1_449' title='bbox 2822 3043 3014 3098; x_wconf 90' lang='lat' dir='ltr'><strong>eodem</strong></span> <span class='ocrx_word' id='word_1_450' title='bbox 3067 3059 3131 3099; x_wconf 86' lang='lat' dir='ltr'><strong>ac</strong></span> <span class='ocrx_word' id='word_1_451' title='bbox 3175 3043 3439 3116; x_wconf 87' lang='lat' dir='ltr'><strong>Propheta</strong></span> <span class='ocrx_word' id='word_1_452' title='bbox 3470 3051 3585 3101; x_wconf 87' lang='lat' dir='ltr'><strong>ani-</strong></span> 
     </span>
    </p>
   </div>
   <div class='ocr_carea' id='block_1_60' title="bbox 338 3133 1914 3209">
    <p class='ocr_par' dir='ltr' id='par_1_60' title="bbox 338 3133 1914 3209">
     <span class='ocr_line' id='line_1_60' title="bbox 338 3133 1914 3209; baseline -0.002 -19"><span class='ocrx_word' id='word_1_453' title='bbox 338 3137 444 3190; x_wconf 90' lang='grc' dir='ltr'><strong>ἀπὸ</strong></span> <span class='ocrx_word' id='word_1_454' title='bbox 487 3139 583 3209; x_wconf 80' lang='grc' dir='ltr'>τῆς</span> <span class='ocrx_word' id='word_1_455' title='bbox 627 3137 796 3208; x_wconf 78' lang='grc' dir='ltr'>αὐτῆς</span> <span class='ocrx_word' id='word_1_456' title='bbox 835 3136 1126 3200; x_wconf 79' lang='grc' dir='ltr'>διαθέσεως</span> <span class='ocrx_word' id='word_1_457' title='bbox 1156 3138 1329 3189; x_wconf 86' lang='grc' dir='ltr'>εἰπεῖν</span> <span class='ocrx_word' id='word_1_458' title='bbox 1359 3133 1439 3206; x_wconf 83' lang='grc' dir='ltr'><strong>τῷ</strong></span> <span class='ocrx_word' id='word_1_459' title='bbox 1466 3135 1727 3207; x_wconf 75' lang='grc' dir='ltr'>Προφήτῃ</span> <span class='ocrx_word' id='word_1_460' title='bbox 1773 3133 1914 3187; x_wconf 83' lang='grc' dir='ltr'>πάνυ</span> 
     </span>
    </p>
   </div>
   <div class='ocr_carea' id='block_1_61' title="bbox 342 3225 1913 3300">
    <p class='ocr_par' dir='ltr' id='par_1_61' title="bbox 342 3225 1913 3300">
     <span class='ocr_line' id='line_1_61' title="bbox 342 3225 1913 3300; baseline -0.003 -20"><span class='ocrx_word' id='word_1_461' title='bbox 342 3228 559 3298; x_wconf 80' lang='grc' dir='ltr'>ὀλίγων.</span> <span class='ocrx_word' id='word_1_462' title='bbox 599 3229 799 3298; x_wconf 85' lang='grc' dir='ltr'>Ὀλίγοι</span> <span class='ocrx_word' id='word_1_463' title='bbox 830 3228 939 3300; x_wconf 90' lang='grc' dir='ltr'><strong>γάρ</strong></span> <span class='ocrx_word' id='word_1_464' title='bbox 966 3229 1014 3281; x_wconf 89' lang='grc' dir='ltr'>οἱ</span> <span class='ocrx_word' id='word_1_465' title='bbox 1049 3228 1123 3299; x_wconf 84' lang='grc' dir='ltr'>μὴ</span> <span class='ocrx_word' id='word_1_466' title='bbox 1154 3227 1562 3298; x_wconf 87' lang='grc' dir='ltr'>τεθαυμακότες</span> <span class='ocrx_word' id='word_1_467' title='bbox 1601 3228 1670 3283; x_wconf 78' lang='grc' dir='ltr'>τὰ</span> <span class='ocrx_word' id='word_1_468' title='bbox 1702 3225 1913 3298; x_wconf 82' lang='grc' dir='ltr'>ἀνθρώ-</span> 
     </span>
    </p>
   </div>
   <div class='ocr_carea' id='block_1_62' title="bbox 339 3317 1912 3392">
    <p class='ocr_par' dir='ltr' id='par_1_62' title="bbox 339 3317 1912 3392">
     <span class='ocr_line' id='line_1_62' title="bbox 339 3317 1912 3392; baseline -0.001 -20"><span class='ocrx_word' id='word_1_469' title='bbox 339 3337 491 3385; x_wconf 84' lang='grc' dir='ltr'>πινα,</span> <span class='ocrx_word' id='word_1_470' title='bbox 521 3319 634 3373; x_wconf 85' lang='grc' dir='ltr'>ἀλλ’</span> <span class='ocrx_word' id='word_1_471' title='bbox 674 3321 785 3374; x_wconf 82' lang='grc' dir='ltr'>ὅλοι</span> <span class='ocrx_word' id='word_1_472' title='bbox 815 3320 1115 3392; x_wconf 74' lang='grc' dir='ltr'>ἠρτημένοι</span> <span class='ocrx_word' id='word_1_473' title='bbox 1146 3319 1240 3373; x_wconf 79' lang='grc' dir='ltr'>τοῦ</span> <span class='ocrx_word' id='word_1_474' title='bbox 1270 3318 1428 3383; x_wconf 78' lang='grc' dir='ltr'>Θεοῦ,</span> <span class='ocrx_word' id='word_1_475' title='bbox 1458 3319 1553 3373; x_wconf 75' lang='grc' dir='ltr'><strong>καὶ</strong></span> <span class='ocrx_word' id='word_1_476' title='bbox 1584 3317 1747 3371; x_wconf 83' lang='grc' dir='ltr'>αὐτὸν</span> <span class='ocrx_word' id='word_1_477' title='bbox 1781 3318 1912 3370; x_wconf 75' lang='grc' dir='ltr'>ἀναο</span> 
     </span>
    </p>
   </div>
   <div class='ocr_carea' id='block_1_63' title="bbox 340 3406 1910 3479">
    <p class='ocr_par' dir='ltr' id='par_1_63' title="bbox 340 3406 1910 3479">
     <span class='ocr_line' id='line_1_63' title="bbox 340 3406 1910 3479; baseline -0.004 -15"><span class='ocrx_word' id='word_1_478' title='bbox 340 3410 609 3474; x_wconf 84' lang='grc' dir='ltr'>πνέοντες,</span> <span class='ocrx_word' id='word_1_479' title='bbox 636 3412 731 3465; x_wconf 79' lang='grc' dir='ltr'><strong>καὶ</strong></span> <span class='ocrx_word' id='word_1_480' title='bbox 762 3412 940 3463; x_wconf 72' lang='grc' dir='ltr'>πᾶσαν</span> <span class='ocrx_word' id='word_1_481' title='bbox 965 3408 1155 3463; x_wconf 74' lang='grc' dir='ltr'>ἐλπίδα</span> <span class='ocrx_word' id='word_1_482' title='bbox 1184 3410 1279 3462; x_wconf 73' lang='grc' dir='ltr'><strong>καὶ</strong></span> <span class='ocrx_word' id='word_1_483' title='bbox 1312 3407 1633 3479; x_wconf 81' lang='grc' dir='ltr'>πεποίθησιν</span> <span class='ocrx_word' id='word_1_484' title='bbox 1677 3406 1910 3477; x_wconf 77' lang='grc' dir='ltr'>ἔχοντες.</span> 
     </span>
    </p>
   </div>
   <div class='ocr_carea' id='block_1_64' title="bbox 344 3499 1916 3572">
    <p class='ocr_par' dir='ltr' id='par_1_64' title="bbox 344 3499 1916 3572">
     <span class='ocr_line' id='line_1_64' title="bbox 344 3499 1916 3572; baseline -0.003 -17"><span class='ocrx_word' id='word_1_485' title='bbox 344 3501 455 3555; x_wconf 82' lang='lat' dir='ltr'><strong>Kal</strong></span> <span class='ocrx_word' id='word_1_486' title='bbox 489 3500 699 3572; x_wconf 76' lang='grc' dir='ltr'>ἐλέγχει</span> <span class='ocrx_word' id='word_1_487' title='bbox 742 3518 807 3569; x_wconf 91' lang='grc' dir='ltr'><strong>γε</strong></span> <span class='ocrx_word' id='word_1_488' title='bbox 855 3502 1002 3572; x_wconf 78' lang='grc' dir='ltr'>ἡμᾶς</span> <span class='ocrx_word' id='word_1_489' title='bbox 1047 3500 1118 3553; x_wconf 86' lang='grc' dir='ltr'>τὰ</span> <span class='ocrx_word' id='word_1_490' title='bbox 1160 3499 1481 3572; x_wconf 88' lang='grc' dir='ltr'>πράγματα,</span> <span class='ocrx_word' id='word_1_491' title='bbox 1526 3500 1652 3552; x_wconf 83' lang='grc' dir='ltr'>ὅταν</span> <span class='ocrx_word' id='word_1_492' title='bbox 1696 3500 1753 3551; x_wconf 80' lang='grc' dir='ltr'>ἐν</span> <span class='ocrx_word' id='word_1_493' title='bbox 1794 3500 1916 3560; x_wconf 88' lang='grc' dir='ltr'>ταῖς</span> 
     </span>
    </p>
   </div>
   <div class='ocr_carea' id='block_1_65' title="bbox 338 3591 1913 3666">
    <p class='ocr_par' dir='ltr' id='par_1_65' title="bbox 338 3591 1913 3666">
     <span class='ocr_line' id='line_1_65' title="bbox 338 3591 1913 3666; baseline -0.004 -18"><span class='ocrx_word' id='word_1_494' title='bbox 338 3594 578 3665; x_wconf 70' lang='grc' dir='ltr'>θλίψεσιν</span> <span class='ocrx_word' id='word_1_495' title='bbox 608 3595 702 3649; x_wconf 68' lang='grc' dir='ltr'><strong>ἐπὶ</strong></span> <span class='ocrx_word' id='word_1_496' title='bbox 735 3594 911 3649; x_wconf 85' lang='grc' dir='ltr'>πάντα</span> <span class='ocrx_word' id='word_1_497' title='bbox 953 3593 1153 3665; x_wconf 79' lang='grc' dir='ltr'>μᾶλλον</span> <span class='ocrx_word' id='word_1_498' title='bbox 1190 3594 1223 3666; x_wconf 78' lang='grc' dir='ltr'><strong>ἢ</strong></span> <span class='ocrx_word' id='word_1_499' title='bbox 1272 3593 1366 3647; x_wconf 75' lang='grc' dir='ltr'><strong>ἐπὶ</strong></span> <span class='ocrx_word' id='word_1_500' title='bbox 1402 3593 1494 3646; x_wconf 87' lang='grc' dir='ltr'><strong>τὸν</strong></span> <span class='ocrx_word' id='word_1_501' title='bbox 1528 3591 1661 3645; x_wconf 83' lang='grc' dir='ltr'>Θεὸν</span> <span class='ocrx_word' id='word_1_502' title='bbox 1704 3591 1913 3662; x_wconf 83' lang='grc' dir='ltr'>τρέχω-</span> 
     </span>
    </p>
   </div>
   <div class='ocr_carea' id='block_1_66' title="bbox 340 3682 1912 3758">
    <p class='ocr_par' dir='ltr' id='par_1_66' title="bbox 340 3682 1912 3758">
     <span class='ocr_line' id='line_1_66' title="bbox 340 3682 1912 3758; baseline -0.003 -18"><span class='ocrx_word' id='word_1_503' title='bbox 340 3704 458 3758; x_wconf 87' lang='grc' dir='ltr'>μεν.</span> <span class='ocrx_word' id='word_1_504' title='bbox 500 3688 665 3740; x_wconf 85' lang='grc' dir='ltr'>Νοσεῖ</span> <span class='ocrx_word' id='word_1_505' title='bbox 702 3686 764 3739; x_wconf 89' lang='grc' dir='ltr'><strong>τὸ</strong></span> <span class='ocrx_word' id='word_1_506' title='bbox 801 3686 1046 3748; x_wconf 90' lang='grc' dir='ltr'>παιδίον;</span> <span class='ocrx_word' id='word_1_507' title='bbox 1095 3685 1205 3739; x_wconf 88' lang='lat' dir='ltr'><strong>Kal</strong></span> <span class='ocrx_word' id='word_1_508' title='bbox 1238 3683 1302 3737; x_wconf 76' lang='grc' dir='ltr'><strong>σὺ</strong></span> <span class='ocrx_word' id='word_1_509' title='bbox 1336 3684 1427 3738; x_wconf 89' lang='grc' dir='ltr'><strong>τὸν</strong></span> <span class='ocrx_word' id='word_1_510' title='bbox 1465 3682 1713 3737; x_wconf 80' lang='grc' dir='ltr'>ὲπαοιδὸν</span> <span class='ocrx_word' id='word_1_511' title='bbox 1754 3699 1912 3753; x_wconf 89' lang='grc' dir='ltr'>περι-</span> 
     </span>
    </p>
   </div>
   <div class='ocr_carea' id='block_1_67' title="bbox 338 3775 1913 3849">
    <p class='ocr_par' dir='ltr' id='par_1_67' title="bbox 338 3775 1913 3849">
     <span class='ocr_line' id='line_1_67' title="bbox 338 3775 1913 3849; baseline -0.004 -16"><span class='ocrx_word' id='word_1_512' title='bbox 338 3782 579 3845; x_wconf 85' lang='grc' dir='ltr'>σκοπεῖς,</span> <span class='ocrx_word' id='word_1_513' title='bbox 622 3778 655 3849; x_wconf 83' lang='grc' dir='ltr'>ἤ</span> <span class='ocrx_word' id='word_1_514' title='bbox 702 3779 795 3832; x_wconf 88' lang='grc' dir='ltr'><strong>τὸν</strong></span> <span class='ocrx_word' id='word_1_515' title='bbox 840 3778 968 3841; x_wconf 78' lang='grc' dir='ltr'>τοὺς</span> <span class='ocrx_word' id='word_1_516' title='bbox 1023 3776 1350 3848; x_wconf 79' lang='grc' dir='ltr'>περιέργους</span> <span class='ocrx_word' id='word_1_517' title='bbox 1402 3775 1757 3847; x_wconf 82' lang='grc' dir='ltr'>χαρακτῆρας</span> <span class='ocrx_word' id='word_1_518' title='bbox 1800 3777 1913 3839; x_wconf 81' lang='grc' dir='ltr'>τοῖς</span> 
     </span>
    </p>
   </div>
   <div class='ocr_carea' id='block_1_68' title="bbox 334 3864 1912 3941">
    <p class='ocr_par' dir='ltr' id='par_1_68' title="bbox 334 3864 1912 3941">
     <span class='ocr_line' id='line_1_68' title="bbox 334 3864 1912 3941; baseline -0.004 -19"><span class='ocrx_word' id='word_1_519' title='bbox 334 3868 625 3941; x_wconf 75' lang='grc' dir='ltr'>τραχήλοις</span> <span class='ocrx_word' id='word_1_520' title='bbox 650 3867 758 3922; x_wconf 86' lang='grc' dir='ltr'><strong>τῶν</strong></span> <span class='ocrx_word' id='word_1_521' title='bbox 786 3869 1044 3922; x_wconf 83' lang='grc' dir='ltr'>ἀναιτίων</span> <span class='ocrx_word' id='word_1_522' title='bbox 1072 3866 1283 3937; x_wconf 90' lang='grc' dir='ltr'>νηπίων</span> <span class='ocrx_word' id='word_1_523' title='bbox 1305 3864 1648 3937; x_wconf 83' lang='grc' dir='ltr'>περιτιθέντα</span> <span class='ocrx_word' id='word_1_524' title='bbox 1667 3882 1680 3895; x_wconf 87' lang='grc'><strong>·</strong></span> <span class='ocrx_word' id='word_1_525' title='bbox 1703 3864 1735 3936; x_wconf 85' lang='grc' dir='ltr'>ἢ</span> <span class='ocrx_word' id='word_1_526' title='bbox 1766 3865 1827 3917; x_wconf 85' lang='grc' dir='ltr'><strong>τό</strong></span> <span class='ocrx_word' id='word_1_527' title='bbox 1850 3881 1912 3933; x_wconf 87' lang='grc' dir='ltr'><strong>γε</strong></span> 
     </span>
    </p>
   </div>
   <div class='ocr_carea' id='block_1_69' title="bbox 334 3956 1911 4032">
    <p class='ocr_par' dir='ltr' id='par_1_69' title="bbox 334 3956 1911 4032">
     <span class='ocr_line' id='line_1_69' title="bbox 334 3956 1911 4032; baseline -0.004 -19"><span class='ocrx_word' id='word_1_528' title='bbox 334 3961 639 4014; x_wconf 84' lang='grc' dir='ltr'>τελευταῖον</span> <span class='ocrx_word' id='word_1_529' title='bbox 670 3960 763 4013; x_wconf 74' lang='grc' dir='ltr'><strong>ἐπὶ</strong></span> <span class='ocrx_word' id='word_1_530' title='bbox 807 3959 898 4014; x_wconf 87' lang='grc' dir='ltr'><strong>τὸν</strong></span> <span class='ocrx_word' id='word_1_531' title='bbox 935 3959 1118 4032; x_wconf 88' lang='grc' dir='ltr'>ἰατρὸν</span> <span class='ocrx_word' id='word_1_532' title='bbox 1166 3958 1302 4032; x_wconf 81' lang='grc' dir='ltr'>ἔρχῃ</span> <span class='ocrx_word' id='word_1_533' title='bbox 1348 3957 1445 4011; x_wconf 77' lang='grc' dir='ltr'><strong>καὶ</strong></span> <span class='ocrx_word' id='word_1_534' title='bbox 1491 3957 1559 4009; x_wconf 89' lang='grc' dir='ltr'><strong>τά</strong></span> <span class='ocrx_word' id='word_1_535' title='bbox 1608 3956 1911 4025; x_wconf 80' lang='grc' dir='ltr'>φάρμακα.</span> 
     </span>
    </p>
   </div>
   <div class='ocr_carea' id='block_1_70' title="bbox 334 4044 1911 4122">
    <p class='ocr_par' dir='ltr' id='par_1_70' title="bbox 334 4044 1911 4122">
     <span class='ocr_line' id='line_1_70' title="bbox 334 4044 1911 4122; baseline -0.003 -18"><span class='ocrx_word' id='word_1_536' title='bbox 334 4052 428 4104; x_wconf 77' lang='grc' dir='ltr'>τοῦ</span> <span class='ocrx_word' id='word_1_537' title='bbox 471 4051 767 4122; x_wconf 88' lang='grc' dir='ltr'>δυναμένου</span> <span class='ocrx_word' id='word_1_538' title='bbox 807 4050 1001 4116; x_wconf 79' lang='grc' dir='ltr'>σώζειν</span> <span class='ocrx_word' id='word_1_539' title='bbox 1050 4048 1456 4120; x_wconf 83' lang='grc' dir='ltr'>καταμελήσας.</span> <span class='ocrx_word' id='word_1_540' title='bbox 1498 4045 1618 4098; x_wconf 85' lang='grc' dir='ltr'><strong>Κᾶν</strong></span> <span class='ocrx_word' id='word_1_541' title='bbox 1663 4044 1911 4099; x_wconf 75' lang='grc' dir='ltr'>ἐνύπνιόν</span> 
     </span>
    </p>
   </div>
   <div class='ocr_carea' id='block_1_71' title="bbox 337 4135 1912 4215">
    <p class='ocr_par' dir='ltr' id='par_1_71' title="bbox 337 4135 1912 4215">
     <span class='ocr_line' id='line_1_71' title="bbox 337 4135 1912 4215; baseline -0.004 -20"><span class='ocrx_word' id='word_1_542' title='bbox 337 4160 397 4196; x_wconf 89' lang='grc' dir='ltr'><strong>σε</strong></span> <span class='ocrx_word' id='word_1_543' title='bbox 431 4144 735 4215; x_wconf 80' lang='grc' dir='ltr'>ὲκταράξῃ,</span> <span class='ocrx_word' id='word_1_544' title='bbox 780 4143 918 4215; x_wconf 89' lang='grc' dir='ltr'>πρὸς</span> <span class='ocrx_word' id='word_1_545' title='bbox 959 4142 1051 4195; x_wconf 89' lang='grc' dir='ltr'><strong>τὸν</strong></span> <span class='ocrx_word' id='word_1_546' title='bbox 1095 4139 1477 4211; x_wconf 83' lang='grc' dir='ltr'>ὀνειροσκόπον</span> <span class='ocrx_word' id='word_1_547' title='bbox 1514 4137 1746 4208; x_wconf 82' lang='grc' dir='ltr'>τρέχεις.</span> <span class='ocrx_word' id='word_1_548' title='bbox 1794 4135 1912 4189; x_wconf 82' lang='grc' dir='ltr'><strong>Κᾶν</strong></span> 
     </span>
    </p>
   </div>
   <div class='ocr_carea' id='block_1_72' title="bbox 337 4228 1913 4306">
    <p class='ocr_par' dir='ltr' id='par_1_72' title="bbox 337 4228 1913 4306">
     <span class='ocr_line' id='line_1_72' title="bbox 337 4228 1913 4306; baseline -0.006 -18"><span class='ocrx_word' id='word_1_549' title='bbox 337 4235 575 4306; x_wconf 79' lang='grc' dir='ltr'>φοϐηθῇς</span> <span class='ocrx_word' id='word_1_550' title='bbox 603 4234 815 4306; x_wconf 75' lang='grc' dir='ltr'>ἐχθρὸν,</span> <span class='ocrx_word' id='word_1_551' title='bbox 854 4236 1161 4305; x_wconf 77' lang='grc' dir='ltr'>προστάτην</span> <span class='ocrx_word' id='word_1_552' title='bbox 1207 4233 1305 4286; x_wconf 69' lang='grc' dir='ltr'>ἕνα</span> <span class='ocrx_word' id='word_1_553' title='bbox 1340 4229 1448 4283; x_wconf 85' lang='grc' dir='ltr'>τῶν</span> <span class='ocrx_word' id='word_1_554' title='bbox 1486 4228 1786 4299; x_wconf 88' lang='grc' dir='ltr'>ἀνθρώπων</span> <span class='ocrx_word' id='word_1_555' title='bbox 1817 4244 1913 4279; x_wconf 62' lang='grc' dir='ltr'>πει</span> 
     </span>
    </p>
   </div>
   <div class='ocr_carea' id='block_1_73' title="bbox 339 4317 1911 4396">
    <p class='ocr_par' dir='ltr' id='par_1_73' title="bbox 339 4317 1911 4396">
     <span class='ocr_line' id='line_1_73' title="bbox 339 4317 1911 4396; baseline 0.004 -17"><span class='ocrx_word' id='word_1_556' title='bbox 339 4329 552 4396; x_wconf 87' lang='grc' dir='ltr'>ρινοεῖς.</span> <span class='ocrx_word' id='word_1_557' title='bbox 598 4328 707 4380; x_wconf 83' lang='lat' dir='ltr'><strong>Kal</strong></span> <span class='ocrx_word' id='word_1_558' title='bbox 747 4326 885 4389; x_wconf 84' lang='grc' dir='ltr'>ὅλως</span> <span class='ocrx_word' id='word_1_559' title='bbox 929 4326 1011 4393; x_wconf 76' lang='grc' dir='ltr'><strong>ἐφ’</strong></span> <span class='ocrx_word' id='word_1_560' title='bbox 1038 4324 1277 4394; x_wconf 78' lang='grc' dir='ltr'>ἑκάστης</span> <span class='ocrx_word' id='word_1_561' title='bbox 1317 4319 1506 4392; x_wconf 77' lang='grc' dir='ltr'>χρείας</span> <span class='ocrx_word' id='word_1_562' title='bbox 1536 4317 1766 4389; x_wconf 76' lang='grc' dir='ltr'>ἐλέγχῃ.</span> <span class='ocrx_word' id='word_1_563' title='bbox 1812 4317 1911 4388; x_wconf 62' lang='grc' dir='ltr'><strong>βῆ·-</strong></span> 
     </span>
    </p>
   </div>
   <div class='ocr_carea' id='block_1_74' title="bbox 2018 3131 3585 3203">
    <p class='ocr_par' dir='ltr' id='par_1_74' title="bbox 2018 3131 3585 3203">
     <span class='ocr_line' id='line_1_74' title="bbox 2018 3131 3585 3203; baseline 0.005 -17"><span class='ocrx_word' id='word_1_564' title='bbox 2018 3146 2108 3187; x_wconf 93' lang='lat' dir='ltr'><strong>mo</strong></span> <span class='ocrx_word' id='word_1_565' title='bbox 2122 3131 2325 3198; x_wconf 89' lang='lat' dir='ltr'><strong>dicere,</strong></span> <span class='ocrx_word' id='word_1_566' title='bbox 2356 3148 2615 3202; x_wconf 90' lang='lat' dir='ltr'><strong>perquam</strong></span> <span class='ocrx_word' id='word_1_567' title='bbox 2640 3148 2938 3203; x_wconf 89' lang='lat' dir='ltr'><strong>paucorum</strong></span> <span class='ocrx_word' id='word_1_568' title='bbox 2969 3144 3072 3192; x_wconf 89' lang='lat' dir='ltr'><strong>est.</strong></span> <span class='ocrx_word' id='word_1_569' title='bbox 3101 3135 3264 3193; x_wconf 85' lang='lat' dir='ltr'><strong>Pauci</strong></span> <span class='ocrx_word' id='word_1_570' title='bbox 3289 3140 3430 3195; x_wconf 90' lang='lat' dir='ltr'><strong>enim</strong></span> <span class='ocrx_word' id='word_1_571' title='bbox 3458 3151 3585 3196; x_wconf 83' lang='lat' dir='ltr'><strong>sunt</strong></span> 
     </span>
    </p>
   </div>
   <div class='ocr_carea' id='block_1_75' title="bbox 2016 3222 3582 3298">
    <p class='ocr_par' dir='ltr' id='par_1_75' title="bbox 2016 3222 3582 3298">
     <span class='ocr_line' id='line_1_75' title="bbox 2016 3222 3582 3298; baseline 0.01 -24"><span class='ocrx_word' id='word_1_572' title='bbox 2016 3222 2109 3291; x_wconf 92' lang='lat' dir='ltr'><strong>qui</strong></span> <span class='ocrx_word' id='word_1_573' title='bbox 2138 3223 2370 3277; x_wconf 89' lang='lat' dir='ltr'><strong>humana</strong></span> <span class='ocrx_word' id='word_1_574' title='bbox 2393 3238 2497 3277; x_wconf 92' lang='lat' dir='ltr'><strong>non</strong></span> <span class='ocrx_word' id='word_1_575' title='bbox 2518 3223 2803 3291; x_wconf 90' lang='lat' dir='ltr'><strong>mirentur,</strong></span> <span class='ocrx_word' id='word_1_576' title='bbox 2831 3227 2926 3281; x_wconf 89' lang='lat' dir='ltr'><strong>sed</strong></span> <span class='ocrx_word' id='word_1_577' title='bbox 2956 3228 3049 3281; x_wconf 88' lang='lat' dir='ltr'><strong>toti</strong></span> <span class='ocrx_word' id='word_1_578' title='bbox 3073 3231 3341 3296; x_wconf 88' lang='lat' dir='ltr'><strong>pendeant</strong></span> <span class='ocrx_word' id='word_1_579' title='bbox 3367 3246 3433 3287; x_wconf 82' lang='lat' dir='ltr'><strong>ex</strong></span> <span class='ocrx_word' id='word_1_580' title='bbox 3456 3235 3582 3298; x_wconf 91' lang='lat' dir='ltr'><strong>Deo,</strong></span> 
     </span>
    </p>
   </div>
   <div class='ocr_carea' id='block_1_76' title="bbox 2017 3311 3584 3390">
    <p class='ocr_par' dir='ltr' id='par_1_76' title="bbox 2017 3311 3584 3390">
     <span class='ocr_line' id='line_1_76' title="bbox 2017 3311 3584 3390; baseline 0.01 -24"><span class='ocrx_word' id='word_1_581' title='bbox 2017 3311 2301 3383; x_wconf 86' lang='lat' dir='ltr'><strong>ipsumque</strong></span> <span class='ocrx_word' id='word_1_582' title='bbox 2333 3313 2564 3383; x_wconf 88' lang='lat' dir='ltr'><strong>spirent,</strong></span> <span class='ocrx_word' id='word_1_583' title='bbox 2597 3330 2660 3370; x_wconf 88' lang='lat' dir='ltr'><strong>ac</strong></span> <span class='ocrx_word' id='word_1_584' title='bbox 2693 3314 2747 3369; x_wconf 93' lang='lat' dir='ltr'><strong>in</strong></span> <span class='ocrx_word' id='word_1_585' title='bbox 2778 3315 2898 3385; x_wconf 90' lang='lat' dir='ltr'><strong>ipso</strong></span> <span class='ocrx_word' id='word_1_586' title='bbox 2918 3333 3132 3372; x_wconf 86' lang='lat' dir='ltr'><strong>omnem</strong></span> <span class='ocrx_word' id='word_1_587' title='bbox 3164 3336 3313 3390; x_wconf 89' lang='lat' dir='ltr'><strong>spem</strong></span> <span class='ocrx_word' id='word_1_588' title='bbox 3353 3337 3416 3379; x_wconf 89' lang='lat' dir='ltr'><strong>ac</strong></span> <span class='ocrx_word' id='word_1_589' title='bbox 3445 3326 3584 3381; x_wconf 87' lang='lat' dir='ltr'><strong>tidu-</strong></span> 
     </span>
    </p>
   </div>
   <div class='ocr_carea' id='block_1_77' title="bbox 2015 3403 3582 3484">
    <p class='ocr_par' dir='ltr' id='par_1_77' title="bbox 2015 3403 3582 3484">
     <span class='ocr_line' id='line_1_77' title="bbox 2015 3403 3582 3484; baseline 0.009 -26"><span class='ocrx_word' id='word_1_590' title='bbox 2015 3403 2153 3458; x_wconf 89' lang='lat' dir='ltr'><strong>ciam</strong></span> <span class='ocrx_word' id='word_1_591' title='bbox 2184 3405 2438 3459; x_wconf 87' lang='lat' dir='ltr'><strong>habeant.</strong></span> <span class='ocrx_word' id='word_1_592' title='bbox 2475 3405 2544 3459; x_wconf 89' lang='lat' dir='ltr'><strong>Et</strong></span> <span class='ocrx_word' id='word_1_593' title='bbox 2572 3421 2706 3461; x_wconf 90' lang='lat' dir='ltr'><strong>sane</strong></span> <span class='ocrx_word' id='word_1_594' title='bbox 2726 3419 2964 3476; x_wconf 89' lang='lat' dir='ltr'><strong>arguunt</strong></span> <span class='ocrx_word' id='word_1_595' title='bbox 3012 3425 3110 3465; x_wconf 90' lang='lat' dir='ltr'><strong>nos</strong></span> <span class='ocrx_word' id='word_1_596' title='bbox 3145 3427 3232 3467; x_wconf 89' lang='lat' dir='ltr'><strong>res</strong></span> <span class='ocrx_word' id='word_1_597' title='bbox 3269 3414 3418 3484; x_wconf 63' lang='lat' dir='ltr'><strong>ipsae,</strong></span> <span class='ocrx_word' id='word_1_598' title='bbox 3458 3433 3582 3472; x_wconf 87' lang='lat' dir='ltr'><strong>cum</strong></span> 
     </span>
    </p>
   </div>
   <div class='ocr_carea' id='block_1_78' title="bbox 2016 3494 3583 3571">
    <p class='ocr_par' dir='ltr' id='par_1_78' title="bbox 2016 3494 3583 3571">
     <span class='ocr_line' id='line_1_78' title="bbox 2016 3494 3583 3571; baseline 0.008 -21"><span class='ocrx_word' id='word_1_599' title='bbox 2016 3497 2071 3550; x_wconf 92' lang='lat' dir='ltr'><strong>in</strong></span> <span class='ocrx_word' id='word_1_600' title='bbox 2102 3494 2491 3552; x_wconf 79' lang='lat' dir='ltr'><strong>aliIictionibus</strong></span> <span class='ocrx_word' id='word_1_601' title='bbox 2522 3496 2587 3552; x_wconf 89' lang='lat' dir='ltr'><strong>ad</strong></span> <span class='ocrx_word' id='word_1_602' title='bbox 2618 3498 2877 3566; x_wconf 65' lang='lat' dir='ltr'><strong>quaelibet</strong></span> <span class='ocrx_word' id='word_1_603' title='bbox 2908 3500 3092 3569; x_wconf 88' lang='lat' dir='ltr'><strong>potius</strong></span> <span class='ocrx_word' id='word_1_604' title='bbox 3122 3516 3282 3571; x_wconf 87' lang='lat' dir='ltr'><strong>quam</strong></span> <span class='ocrx_word' id='word_1_605' title='bbox 3312 3508 3379 3558; x_wconf 90' lang='lat' dir='ltr'><strong>ad</strong></span> <span class='ocrx_word' id='word_1_606' title='bbox 3415 3504 3583 3564; x_wconf 71' lang='lat' dir='ltr'><strong>Deum</strong></span> 
     </span>
    </p>
   </div>
   <div class='ocr_carea' id='block_1_79' title="bbox 2014 3587 3582 3669">
    <p class='ocr_par' dir='ltr' id='par_1_79' title="bbox 2014 3587 3582 3669">
     <span class='ocr_line' id='line_1_79' title="bbox 2014 3587 3582 3669; baseline 0.009 -29"><span class='ocrx_word' id='word_1_607' title='bbox 2014 3600 2381 3642; x_wconf 90' lang='lat' dir='ltr'><strong>recurramus.</strong></span> <span class='ocrx_word' id='word_1_608' title='bbox 2416 3587 2667 3657; x_wconf 60' lang='lat' dir='ltr'><strong>[Egrotat</strong></span> <span class='ocrx_word' id='word_1_609' title='bbox 2691 3590 2876 3645; x_wconf 83' lang='lat' dir='ltr'><strong>ﬁlius?</strong></span> <span class='ocrx_word' id='word_1_610' title='bbox 2909 3591 3028 3646; x_wconf 78' lang='lat' dir='ltr'><strong>Mox</strong></span> <span class='ocrx_word' id='word_1_611' title='bbox 3068 3603 3121 3648; x_wconf 93' lang='lat' dir='ltr'><strong>tu</strong></span> <span class='ocrx_word' id='word_1_612' title='bbox 3170 3595 3429 3665; x_wconf 85' lang='lat' dir='ltr'><strong>conjectis</strong></span> <span class='ocrx_word' id='word_1_613' title='bbox 3454 3613 3582 3669; x_wconf 88' lang='lat' dir='ltr'><strong>quo-</strong></span> 
     </span>
    </p>
   </div>
   <div class='ocr_carea' id='block_1_80' title="bbox 2015 3679 3579 3759">
    <p class='ocr_par' dir='ltr' id='par_1_80' title="bbox 2015 3679 3579 3759">
     <span class='ocr_line' id='line_1_80' title="bbox 2015 3679 3579 3759; baseline 0.012 -30"><span class='ocrx_word' id='word_1_614' title='bbox 2015 3690 2343 3746; x_wconf 82' lang='lat' dir='ltr'><strong>quoversum</strong></span> <span class='ocrx_word' id='word_1_615' title='bbox 2374 3679 2568 3746; x_wconf 86' lang='lat' dir='ltr'><strong>oculis,</strong></span> <span class='ocrx_word' id='word_1_616' title='bbox 2598 3695 2813 3751; x_wconf 81' lang='lat' dir='ltr'><strong>magum</strong></span> <span class='ocrx_word' id='word_1_617' title='bbox 2857 3684 3112 3752; x_wconf 87' lang='lat' dir='ltr'><strong>requiris,</strong></span> <span class='ocrx_word' id='word_1_618' title='bbox 3144 3685 3226 3741; x_wconf 85' lang='lat' dir='ltr'><strong>vel</strong></span> <span class='ocrx_word' id='word_1_619' title='bbox 3274 3692 3579 3759; x_wconf 88' lang='lat' dir='ltr'><strong>quempiam</strong></span> 
     </span>
    </p>
   </div>
   <div class='ocr_carea' id='block_1_81' title="bbox 2013 3768 3579 3848">
    <p class='ocr_par' dir='ltr' id='par_1_81' title="bbox 2013 3768 3579 3848">
     <span class='ocr_line' id='line_1_81' title="bbox 2013 3768 3579 3848; baseline 0.013 -30"><span class='ocrx_word' id='word_1_620' title='bbox 2013 3768 2104 3835; x_wconf 86' lang='lat' dir='ltr'><strong>qui</strong></span> <span class='ocrx_word' id='word_1_621' title='bbox 2130 3781 2296 3822; x_wconf 86' lang='lat' dir='ltr'><strong>vanos</strong></span> <span class='ocrx_word' id='word_1_622' title='bbox 2324 3768 2671 3825; x_wconf 87' lang='lat' dir='ltr'><strong>characteres</strong></span> <span class='ocrx_word' id='word_1_623' title='bbox 2704 3771 2844 3826; x_wconf 89' lang='lat' dir='ltr'><strong>collo</strong></span> <span class='ocrx_word' id='word_1_624' title='bbox 2869 3772 3241 3831; x_wconf 89' lang='lat' dir='ltr'><strong>innocentium</strong></span> <span class='ocrx_word' id='word_1_625' title='bbox 3290 3793 3579 3848; x_wconf 90' lang='lat' dir='ltr'><strong>puerorum</strong></span> 
     </span>
    </p>
   </div>
   <div class='ocr_carea' id='block_1_82' title="bbox 2012 3858 3580 3941">
    <p class='ocr_par' dir='ltr' id='par_1_82' title="bbox 2012 3858 3580 3941">
     <span class='ocr_line' id='line_1_82' title="bbox 2012 3858 3580 3941; baseline 0.01 -30"><span class='ocrx_word' id='word_1_626' title='bbox 2012 3858 2433 3927; x_wconf 90' lang='lat' dir='ltr'><strong>circumponat;</strong></span> <span class='ocrx_word' id='word_1_627' title='bbox 2490 3859 2574 3915; x_wconf 90' lang='lat' dir='ltr'><strong>vel</strong></span> <span class='ocrx_word' id='word_1_628' title='bbox 2609 3868 2964 3930; x_wconf 84' lang='lat' dir='ltr'><strong>postremum,</strong></span> <span class='ocrx_word' id='word_1_629' title='bbox 3016 3877 3081 3919; x_wconf 90' lang='lat' dir='ltr'><strong>eo</strong></span> <span class='ocrx_word' id='word_1_630' title='bbox 3110 3867 3204 3936; x_wconf 84' lang='lat' dir='ltr'><strong>qui</strong></span> <span class='ocrx_word' id='word_1_631' title='bbox 3240 3882 3458 3924; x_wconf 83' lang='lat' dir='ltr'><strong>servare</strong></span> <span class='ocrx_word' id='word_1_632' title='bbox 3484 3887 3580 3941; x_wconf 87' lang='lat' dir='ltr'><strong>po-</strong></span> 
     </span>
    </p>
   </div>
   <div class='ocr_carea' id='block_1_83' title="bbox 2012 3946 3581 4019">
    <p class='ocr_par' dir='ltr' id='par_1_83' title="bbox 2012 3946 3581 4019">
     <span class='ocr_line' id='line_1_83' title="bbox 2012 3946 3581 4019; baseline 0.008 -22"><span class='ocrx_word' id='word_1_633' title='bbox 2012 3952 2119 4000; x_wconf 87' lang='lat' dir='ltr'><strong>test</strong></span> <span class='ocrx_word' id='word_1_634' title='bbox 2148 3946 2412 4016; x_wconf 84' lang='lat' dir='ltr'><strong>neglecto,</strong></span> <span class='ocrx_word' id='word_1_635' title='bbox 2440 3947 2508 4002; x_wconf 91' lang='lat' dir='ltr'><strong>ad</strong></span> <span class='ocrx_word' id='word_1_636' title='bbox 2543 3949 2810 4004; x_wconf 90' lang='lat' dir='ltr'><strong>medicum</strong></span> <span class='ocrx_word' id='word_1_637' title='bbox 2846 3950 3090 4019; x_wconf 87' lang='lat' dir='ltr'><strong>devenis,</strong></span> <span class='ocrx_word' id='word_1_638' title='bbox 3131 3963 3187 4010; x_wconf 88' lang='lat' dir='ltr'><strong>et</strong></span> <span class='ocrx_word' id='word_1_639' title='bbox 3230 3958 3299 4012; x_wconf 80' lang='lat' dir='ltr'><strong>ad</strong></span> <span class='ocrx_word' id='word_1_640' title='bbox 3346 3960 3581 4015; x_wconf 73' lang='lat' dir='ltr'><strong>medica-</strong></span> 
     </span>
    </p>
   </div>
   <div class='ocr_carea' id='block_1_84' title="bbox 1994 4037 3581 4110">
    <p class='ocr_par' dir='ltr' id='par_1_84' title="bbox 1994 4037 3581 4110">
     <span class='ocr_line' id='line_1_84' title="bbox 1994 4037 3581 4110; baseline 0.012 -21"><span class='ocrx_word' id='word_1_641' title='bbox 1994 4046 2217 4091; x_wconf 69' lang='lat' dir='ltr'><strong>~menta.</strong></span> <span class='ocrx_word' id='word_1_642' title='bbox 2257 4037 2587 4094; x_wconf 86' lang='lat' dir='ltr'><strong>Insomnium</strong></span> <span class='ocrx_word' id='word_1_643' title='bbox 2617 4040 2663 4095; x_wconf 90' lang='lat' dir='ltr'><strong>si</strong></span> <span class='ocrx_word' id='word_1_644' title='bbox 2700 4048 2751 4097; x_wconf 88' lang='lat' dir='ltr'><strong>te</strong></span> <span class='ocrx_word' id='word_1_645' title='bbox 2777 4042 3061 4110; x_wconf 88' lang='lat' dir='ltr'><strong>sollicitat,</strong></span> <span class='ocrx_word' id='word_1_646' title='bbox 3108 4049 3287 4105; x_wconf 86' lang='lat' dir='ltr'><strong>curris</strong></span> <span class='ocrx_word' id='word_1_647' title='bbox 3329 4052 3397 4105; x_wconf 91' lang='lat' dir='ltr'><strong>ad</strong></span> <span class='ocrx_word' id='word_1_648' title='bbox 3448 4066 3581 4107; x_wconf 86' lang='lat' dir='ltr'><strong>con-</strong></span> 
     </span>
    </p>
   </div>
   <div class='ocr_carea' id='block_1_85' title="bbox 2006 4128 3577 4209">
    <p class='ocr_par' dir='ltr' id='par_1_85' title="bbox 2006 4128 3577 4209">
     <span class='ocr_line' id='line_1_85' title="bbox 2006 4128 3577 4209; baseline 0.01 -28"><span class='ocrx_word' id='word_1_649' title='bbox 2006 4128 2296 4198; x_wconf 84' lang='lat' dir='ltr'><strong>jectorem.</strong></span> <span class='ocrx_word' id='word_1_650' title='bbox 2330 4128 2386 4184; x_wconf 89' lang='lat' dir='ltr'><strong>Si</strong></span> <span class='ocrx_word' id='word_1_651' title='bbox 2419 4131 2664 4187; x_wconf 91' lang='lat' dir='ltr'><strong>timueris</strong></span> <span class='ocrx_word' id='word_1_652' title='bbox 2694 4133 2999 4201; x_wconf 87' lang='lat' dir='ltr'><strong>inimicum,</strong></span> <span class='ocrx_word' id='word_1_653' title='bbox 3035 4137 3271 4209; x_wconf 86' lang='lat' dir='ltr'><strong>aliquem</strong></span> <span class='ocrx_word' id='word_1_654' title='bbox 3305 4141 3577 4197; x_wconf 84' lang='lat' dir='ltr'><strong>hominem</strong></span> 
     </span>
    </p>
   </div>
   <div class='ocr_carea' id='block_1_86' title="bbox 2012 4220 3577 4294">
    <p class='ocr_par' dir='ltr' id='par_1_86' title="bbox 2012 4220 3577 4294">
     <span class='ocr_line' id='line_1_86' title="bbox 2012 4220 3577 4294; baseline 0.011 -22"><span class='ocrx_word' id='word_1_655' title='bbox 2012 4220 2317 4288; x_wconf 76' lang='lat' dir='ltr'><strong>adiutorem</strong></span> <span class='ocrx_word' id='word_1_656' title='bbox 2368 4222 2626 4277; x_wconf 85' lang='lat' dir='ltr'><strong>attendis.</strong></span> <span class='ocrx_word' id='word_1_657' title='bbox 2658 4223 2726 4279; x_wconf 89' lang='lat' dir='ltr'><strong>Et</strong></span> <span class='ocrx_word' id='word_1_658' title='bbox 2769 4225 2822 4279; x_wconf 92' lang='lat' dir='ltr'><strong>in</strong></span> <span class='ocrx_word' id='word_1_659' title='bbox 2883 4241 3119 4294; x_wconf 86' lang='lat' dir='ltr'><strong>summa,</strong></span> <span class='ocrx_word' id='word_1_660' title='bbox 3152 4233 3490 4288; x_wconf 87' lang='lat' dir='ltr'><strong>convinceris</strong></span> <span class='ocrx_word' id='word_1_661' title='bbox 3526 4235 3577 4288; x_wconf 90' lang='lat' dir='ltr'><strong>in</strong></span> 
     </span>
    </p>
   </div>
   <div class='ocr_carea' id='block_1_87' title="bbox 2011 4314 3579 4389">
    <p class='ocr_par' dir='ltr' id='par_1_87' title="bbox 2011 4314 3579 4389">
     <span class='ocr_line' id='line_1_87' title="bbox 2011 4314 3579 4389; baseline 0.009 -24"><span class='ocrx_word' id='word_1_662' title='bbox 2011 4325 2337 4382; x_wconf 85' lang='lat' dir='ltr'><strong>quacunque</strong></span> <span class='ocrx_word' id='word_1_663' title='bbox 2376 4314 2729 4380; x_wconf 85' lang='lat' dir='ltr'><strong>necessitate,</strong></span> <span class='ocrx_word' id='word_1_664' title='bbox 2787 4318 2953 4374; x_wconf 86' lang='lat' dir='ltr'><strong>verbo</strong></span> <span class='ocrx_word' id='word_1_665' title='bbox 2991 4321 3210 4389; x_wconf 86' lang='lat' dir='ltr'><strong>quidem</strong></span> <span class='ocrx_word' id='word_1_666' title='bbox 3245 4322 3411 4379; x_wconf 87' lang='lat' dir='ltr'><strong>Deum</strong></span> <span class='ocrx_word' id='word_1_667' title='bbox 3435 4327 3579 4380; x_wconf 79' lang='lat' dir='ltr'><strong>retu-</strong></span> 
     </span>
    </p>
   </div>
   <div class='ocr_carea' id='block_1_88' title="bbox 340 4404 1909 4487">
    <p class='ocr_par' dir='ltr' id='par_1_88' title="bbox 340 4407 1906 4487">
     <span class='ocr_line' id='line_1_88' title="bbox 340 4407 1906 4487; baseline -0.007 -18"><span class='ocrx_word' id='word_1_668' title='bbox 340 4434 469 4487; x_wconf 87' lang='grc' dir='ltr'>ματι</span> <span class='ocrx_word' id='word_1_669' title='bbox 509 4417 603 4487; x_wconf 81' lang='grc' dir='ltr'><strong>μὲν</strong></span> <span class='ocrx_word' id='word_1_670' title='bbox 646 4417 739 4470; x_wconf 85' lang='grc' dir='ltr'><strong>τὸν</strong></span> <span class='ocrx_word' id='word_1_671' title='bbox 771 4417 901 4469; x_wconf 84' lang='grc' dir='ltr'>Θεὸν</span> <span class='ocrx_word' id='word_1_672' title='bbox 948 4412 1226 4487; x_wconf 77' lang='grc' dir='ltr'>ὀνομάζων</span> <span class='ocrx_word' id='word_1_673' title='bbox 1271 4409 1615 4481; x_wconf 79' lang='grc' dir='ltr'>καταφυγὴν,</span> <span class='ocrx_word' id='word_1_674' title='bbox 1661 4408 1807 4479; x_wconf 79' lang='grc' dir='ltr'>ἔργῳ</span> <span class='ocrx_word' id='word_1_675' title='bbox 1849 4407 1906 4459; x_wconf 81' lang='grc' dir='ltr'><strong>δὲ</strong></span> 
     </span>
    </p>
   </div>
   <div class='ocr_carea' id='block_1_89' title="bbox 2014 4404 3580 4487">
    <p class='ocr_par' dir='ltr' id='par_1_89' title="bbox 2014 4404 3580 4486">
     <span class='ocr_line' id='line_1_89' title="bbox 2014 4404 3580 4486; baseline 0.009 -29"><span class='ocrx_word' id='word_1_676' title='bbox 2014 4404 2157 4475; x_wconf 86' lang='lat' dir='ltr'><strong>gium</strong></span> <span class='ocrx_word' id='word_1_677' title='bbox 2190 4405 2494 4470; x_wconf 89' lang='lat' dir='ltr'><strong>nominare,</strong></span> <span class='ocrx_word' id='word_1_678' title='bbox 2518 4405 2611 4459; x_wconf 90' lang='lat' dir='ltr'><strong>sed</strong></span> <span class='ocrx_word' id='word_1_679' title='bbox 2650 4421 2711 4461; x_wconf 87' lang='lat' dir='ltr'><strong>re</strong></span> <span class='ocrx_word' id='word_1_680' title='bbox 2744 4408 2857 4477; x_wconf 90' lang='lat' dir='ltr'><strong>ipsa</strong></span> <span class='ocrx_word' id='word_1_681' title='bbox 2887 4423 2951 4464; x_wconf 78' lang='lat' dir='ltr'><strong>ex</strong></span> <span class='ocrx_word' id='word_1_682' title='bbox 2997 4411 3277 4468; x_wconf 84' lang='lat' dir='ltr'><strong>inutilibus</strong></span> <span class='ocrx_word' id='word_1_683' title='bbox 3315 4417 3580 4486; x_wconf 86' lang='lat' dir='ltr'><strong>vanisque</strong></span> 
     </span>
    </p>
   </div>
   <div class='ocr_carea' id='block_1_90' title="bbox 335 4499 1905 4578">
    <p class='ocr_par' dir='ltr' id='par_1_90' title="bbox 335 4499 1905 4578">
     <span class='ocr_line' id='line_1_90' title="bbox 335 4499 1905 4578; baseline -0.006 -19"><span class='ocrx_word' id='word_1_684' title='bbox 335 4507 434 4578; x_wconf 81' lang='grc' dir='ltr'><strong>τὴν</strong></span> <span class='ocrx_word' id='word_1_685' title='bbox 475 4509 540 4560; x_wconf 83' lang='grc' dir='ltr'>ὲκ</span> <span class='ocrx_word' id='word_1_686' title='bbox 579 4506 685 4560; x_wconf 82' lang='grc' dir='ltr'><strong>τῶν</strong></span> <span class='ocrx_word' id='word_1_687' title='bbox 736 4505 1024 4575; x_wconf 81' lang='grc' dir='ltr'>ἀνωφελῶν</span> <span class='ocrx_word' id='word_1_688' title='bbox 1066 4505 1161 4558; x_wconf 68' lang='grc' dir='ltr'><strong>καλ⁸</strong></span> <span class='ocrx_word' id='word_1_689' title='bbox 1201 4503 1445 4573; x_wconf 89' lang='grc' dir='ltr'>ματαίων</span> <span class='ocrx_word' id='word_1_690' title='bbox 1489 4499 1741 4571; x_wconf 84' lang='grc' dir='ltr'>βοήθειαν</span> <span class='ocrx_word' id='word_1_691' title='bbox 1785 4500 1905 4551; x_wconf 85' lang='grc' dir='ltr'>ὲπι-</span> 
     </span>
    </p>
   </div>
   <div class='ocr_carea' id='block_1_91' title="bbox 339 4586 1907 4668">
    <p class='ocr_par' dir='ltr' id='par_1_91' title="bbox 339 4586 1907 4668">
     <span class='ocr_line' id='line_1_91' title="bbox 339 4586 1907 4668; baseline -0.004 -21"><span class='ocrx_word' id='word_1_692' title='bbox 339 4595 643 4668; x_wconf 89' lang='grc' dir='ltr'>σπώμενος.</span> <span class='ocrx_word' id='word_1_693' title='bbox 681 4595 834 4648; x_wconf 87' lang='grc' dir='ltr'>Ἔστι</span> <span class='ocrx_word' id='word_1_694' title='bbox 881 4595 938 4647; x_wconf 84' lang='grc' dir='ltr'><strong>δὲ</strong></span> <span class='ocrx_word' id='word_1_695' title='bbox 982 4593 1058 4664; x_wconf 80' lang='grc' dir='ltr'>τῷ</span> <span class='ocrx_word' id='word_1_696' title='bbox 1104 4592 1299 4662; x_wconf 83' lang='grc' dir='ltr'>δικαίῳ</span> <span class='ocrx_word' id='word_1_697' title='bbox 1341 4589 1569 4662; x_wconf 83' lang='grc' dir='ltr'>ἀληθινὴ</span> <span class='ocrx_word' id='word_1_698' title='bbox 1609 4586 1832 4658; x_wconf 82' lang='grc' dir='ltr'>βοήθεια</span> <span class='ocrx_word' id='word_1_699' title='bbox 1877 4589 1907 4640; x_wconf 92' lang='lat'><strong>6</strong></span> 
     </span>
    </p>
   </div>
   <div class='ocr_carea' id='block_1_92' title="bbox 334 4680 1905 4759">
    <p class='ocr_par' dir='ltr' id='par_1_92' title="bbox 334 4680 1905 4759">
     <span class='ocr_line' id='line_1_92' title="bbox 334 4680 1905 4759; baseline -0.006 -18"><span class='ocrx_word' id='word_1_700' title='bbox 334 4688 486 4751; x_wconf 84' lang='grc' dir='ltr'>Θεός.</span> <span class='ocrx_word' id='word_1_701' title='bbox 532 4687 741 4759; x_wconf 82' lang='grc' dir='ltr'>Ὥσπερ</span> <span class='ocrx_word' id='word_1_702' title='bbox 803 4705 887 4750; x_wconf 84' lang='grc' dir='ltr'><strong>τις</strong></span> <span class='ocrx_word' id='word_1_703' title='bbox 952 4683 1256 4757; x_wconf 86' lang='grc' dir='ltr'>στρατηγὸς</span> <span class='ocrx_word' id='word_1_704' title='bbox 1319 4680 1595 4737; x_wconf 82' lang='grc' dir='ltr'>ὁπλιτικὸν</span> <span class='ocrx_word' id='word_1_705' title='bbox 1662 4680 1905 4748; x_wconf 86' lang='grc' dir='ltr'>γενναῖον</span> 
     </span>
    </p>
   </div>
   <div class='ocr_carea' id='block_1_93' title="bbox 335 4772 1904 4851">
    <p class='ocr_par' dir='ltr' id='par_1_93' title="bbox 335 4772 1904 4851">
     <span class='ocr_line' id='line_1_93' title="bbox 335 4772 1904 4851; baseline -0.006 -20"><span class='ocrx_word' id='word_1_706' title='bbox 335 4779 699 4851; x_wconf 74' lang='grc' dir='ltr'>ἐξηρτημένος</span> <span class='ocrx_word' id='word_1_707' title='bbox 763 4777 979 4848; x_wconf 74' lang='grc' dir='ltr'>ἕτοιμος</span> <span class='ocrx_word' id='word_1_708' title='bbox 1024 4777 1112 4831; x_wconf 76' lang='grc' dir='ltr'><strong>ἀεὶ</strong></span> <span class='ocrx_word' id='word_1_709' title='bbox 1162 4774 1374 4847; x_wconf 83' lang='grc' dir='ltr'>βοηθεῖν</span> <span class='ocrx_word' id='word_1_710' title='bbox 1417 4772 1496 4843; x_wconf 82' lang='grc' dir='ltr'>τῷ</span> <span class='ocrx_word' id='word_1_711' title='bbox 1560 4786 1904 4824; x_wconf 86' lang='grc' dir='ltr'>καταπονου-</span> 
     </span>
    </p>
   </div>
   <div class='ocr_carea' id='block_1_94' title="bbox 336 4863 1905 4942">
    <p class='ocr_par' dir='ltr' id='par_1_94' title="bbox 336 4863 1905 4942">
     <span class='ocr_line' id='line_1_94' title="bbox 336 4863 1905 4942; baseline -0.006 -18"><span class='ocrx_word' id='word_1_712' title='bbox 336 4872 483 4941; x_wconf 82' lang='grc' dir='ltr'>μένῳ</span> <span class='ocrx_word' id='word_1_713' title='bbox 532 4870 714 4942; x_wconf 81' lang='grc' dir='ltr'>μέρει’</span> <span class='ocrx_word' id='word_1_714' title='bbox 746 4868 919 4932; x_wconf 71' lang='grc' dir='ltr'>οὕτως</span> <span class='ocrx_word' id='word_1_715' title='bbox 951 4870 979 4921; x_wconf 89' lang='lat'><strong>6</strong></span> <span class='ocrx_word' id='word_1_716' title='bbox 1008 4867 1140 4930; x_wconf 85' lang='grc' dir='ltr'>Θεὸς</span> <span class='ocrx_word' id='word_1_717' title='bbox 1187 4865 1380 4937; x_wconf 86' lang='grc' dir='ltr'>βοηθὸς</span> <span class='ocrx_word' id='word_1_718' title='bbox 1420 4864 1578 4937; x_wconf 80' lang='grc' dir='ltr'>ἡμῶν</span> <span class='ocrx_word' id='word_1_719' title='bbox 1627 4865 1767 4924; x_wconf 75' lang='grc' dir='ltr'>ἐστι,</span> <span class='ocrx_word' id='word_1_720' title='bbox 1810 4863 1905 4915; x_wconf 82' lang='grc' dir='ltr'><strong>καὶ</strong></span> 
     </span>
    </p>
   </div>
   <div class='ocr_carea' id='block_1_95' title="bbox 2013 4495 3639 4577">
    <p class='ocr_par' dir='ltr' id='par_1_95' title="bbox 2013 4495 3639 4577">
     <span class='ocr_line' id='line_1_95' title="bbox 2013 4495 3639 4577; baseline 0.004 -26"><span class='ocrx_word' id='word_1_721' title='bbox 2013 4495 2174 4551; x_wconf 82' lang='lat' dir='ltr'><strong>rebus</strong></span> <span class='ocrx_word' id='word_1_722' title='bbox 2194 4495 2450 4550; x_wconf 82' lang='lat' dir='ltr'><strong>auxilium</strong></span> <span class='ocrx_word' id='word_1_723' title='bbox 2471 4496 2564 4550; x_wconf 89' lang='lat' dir='ltr'><strong>tibi</strong></span> <span class='ocrx_word' id='word_1_724' title='bbox 2592 4510 2891 4554; x_wconf 88' lang='lat' dir='ltr'><strong>accersere.</strong></span> <span class='ocrx_word' id='word_1_725' title='bbox 2915 4500 3009 4556; x_wconf 85' lang='lat' dir='ltr'><strong>Est</strong></span> <span class='ocrx_word' id='word_1_726' title='bbox 3026 4511 3205 4557; x_wconf 89' lang='lat' dir='ltr'><strong>autem</strong></span> <span class='ocrx_word' id='word_1_727' title='bbox 3223 4503 3371 4574; x_wconf 85' lang='lat' dir='ltr'><strong>justo</strong></span> <span class='ocrx_word' id='word_1_728' title='bbox 3393 4512 3577 4558; x_wconf 84' lang='lat' dir='ltr'><strong>verum</strong></span> <span class='ocrx_word' id='word_1_729' title='bbox 3634 4570 3639 4577; x_wconf 24' lang='lat'><em>.</em></span> 
     </span>
    </p>
   </div>
   <div class='ocr_carea' id='block_1_96' title="bbox 2014 4588 3579 4664">
    <p class='ocr_par' dir='ltr' id='par_1_96' title="bbox 2014 4588 3579 4664">
     <span class='ocr_line' id='line_1_96' title="bbox 2014 4588 3579 4664; baseline 0.006 -23"><span class='ocrx_word' id='word_1_730' title='bbox 2014 4588 2278 4642; x_wconf 86' lang='lat' dir='ltr'><strong>auxilium</strong></span> <span class='ocrx_word' id='word_1_731' title='bbox 2344 4588 2503 4652; x_wconf 84' lang='lat' dir='ltr'><strong>Deus.</strong></span> <span class='ocrx_word' id='word_1_732' title='bbox 2558 4588 3024 4655; x_wconf 85' lang='lat' dir='ltr'><strong>Quemadmodum</strong></span> <span class='ocrx_word' id='word_1_733' title='bbox 3080 4594 3224 4649; x_wconf 89' lang='lat' dir='ltr'><strong>enim</strong></span> <span class='ocrx_word' id='word_1_734' title='bbox 3283 4597 3579 4664; x_wconf 88' lang='lat' dir='ltr'><strong>imperator</strong></span> 
     </span>
    </p>
   </div>
   <div class='ocr_carea' id='block_1_97' title="bbox 2014 4679 3577 4760">
    <p class='ocr_par' dir='ltr' id='par_1_97' title="bbox 2014 4679 3577 4760">
     <span class='ocr_line' id='line_1_97' title="bbox 2014 4679 3577 4760; baseline 0.008 -28"><span class='ocrx_word' id='word_1_735' title='bbox 2014 4679 2141 4734; x_wconf 77' lang='lat' dir='ltr'><strong>forti</strong></span> <span class='ocrx_word' id='word_1_736' title='bbox 2197 4681 2426 4735; x_wconf 90' lang='lat' dir='ltr'><strong>militum</strong></span> <span class='ocrx_word' id='word_1_737' title='bbox 2458 4733 2464 4739; x_wconf 83' lang='lat'><strong>.</strong></span> <span class='ocrx_word' id='word_1_738' title='bbox 2494 4696 2655 4738; x_wconf 89' lang='lat' dir='ltr'><strong>manu</strong></span> <span class='ocrx_word' id='word_1_739' title='bbox 2721 4683 3179 4751; x_wconf 86' lang='lat' dir='ltr'><strong>instructus,-ad</strong></span> <span class='ocrx_word' id='word_1_740' title='bbox 3223 4702 3379 4757; x_wconf 89' lang='lat' dir='ltr'><strong>opem</strong></span> <span class='ocrx_word' id='word_1_741' title='bbox 3437 4691 3577 4760; x_wconf 84' lang='lat' dir='ltr'><strong>parti</strong></span> 
     </span>
    </p>
   </div>
   <div class='ocr_carea' id='block_1_98' title="bbox 2011 4770 3578 4845">
    <p class='ocr_par' dir='ltr' id='par_1_98' title="bbox 2011 4770 3578 4845">
     <span class='ocr_line' id='line_1_98' title="bbox 2011 4770 3578 4845; baseline 0.007 -23"><span class='ocrx_word' id='word_1_742' title='bbox 2011 4784 2283 4839; x_wconf 77' lang='lat' dir='ltr'><strong>Oppressa:</strong></span> <span class='ocrx_word' id='word_1_743' title='bbox 2328 4770 2604 4825; x_wconf 79' lang='lat' dir='ltr'><strong>ferendam</strong></span> <span class='ocrx_word' id='word_1_744' title='bbox 2645 4785 2862 4842; x_wconf 91' lang='lat' dir='ltr'><strong>semper</strong></span> <span class='ocrx_word' id='word_1_745' title='bbox 2898 4783 3125 4845; x_wconf 87' lang='lat' dir='ltr'><strong>paratus</strong></span> <span class='ocrx_word' id='word_1_746' title='bbox 3173 4788 3258 4831; x_wconf 91' lang='lat' dir='ltr'><strong>est</strong></span> <span class='ocrx_word' id='word_1_747' title='bbox 3288 4800 3300 4832; x_wconf 84' lang='lat'><strong>;</strong></span> <span class='ocrx_word' id='word_1_748' title='bbox 3332 4778 3403 4832; x_wconf 89' lang='lat' dir='ltr'><strong>ita</strong></span> <span class='ocrx_word' id='word_1_749' title='bbox 3436 4779 3578 4833; x_wconf 85' lang='lat' dir='ltr'><strong>Dens</strong></span> 
     </span>
    </p>
   </div>
   <div class='ocr_carea' id='block_1_99' title="bbox 2009 4862 3576 4930">
    <p class='ocr_par' dir='ltr' id='par_1_99' title="bbox 2009 4862 3576 4930">
     <span class='ocr_line' id='line_1_99' title="bbox 2009 4862 3576 4930; baseline 0.006 -13"><span class='ocrx_word' id='word_1_750' title='bbox 2009 4862 2226 4930; x_wconf 80' lang='lat' dir='ltr'><strong>adjutor</strong></span> <span class='ocrx_word' id='word_1_751' title='bbox 2255 4873 2443 4918; x_wconf 91' lang='lat' dir='ltr'><strong>noster</strong></span> <span class='ocrx_word' id='word_1_752' title='bbox 2466 4871 2568 4928; x_wconf 85' lang='lat' dir='ltr'><strong>est,</strong></span> <span class='ocrx_word' id='word_1_753' title='bbox 2594 4873 2648 4919; x_wconf 90' lang='lat' dir='ltr'><strong>et</strong></span> <span class='ocrx_word' id='word_1_754' title='bbox 2685 4866 2976 4921; x_wconf 80' lang='lat' dir='ltr'><strong>auxiliator</strong></span> <span class='ocrx_word' id='word_1_755' title='bbox 2999 4868 3217 4923; x_wconf 88' lang='lat' dir='ltr'><strong>cuilibet</strong></span> <span class='ocrx_word' id='word_1_756' title='bbox 3238 4879 3430 4926; x_wconf 89' lang='lat' dir='ltr'><strong>contra</strong></span> <span class='ocrx_word' id='word_1_757' title='bbox 3463 4872 3576 4926; x_wconf 85' lang='lat' dir='ltr'><strong>dia-</strong></span> 
     </span>
    </p>
   </div>
   <div class='ocr_carea' id='block_1_100' title="bbox 399 4980 1909 5091">
    <p class='ocr_par' dir='ltr' id='par_1_100' title="bbox 399 5015 1906 5091">
     <span class='ocr_line' id='line_1_100' title="bbox 399 5015 1906 5091; baseline -0.007 -10"><span class='ocrx_word' id='word_1_758' title='bbox 399 5026 445 5059; x_wconf 77' lang='lat'><strong>&quot;</strong></span> <span class='ocrx_word' id='word_1_759' title='bbox 473 5024 616 5080; x_wconf 86' lang='lat' dir='ltr'><strong>Psal.</strong></span> <span class='ocrx_word' id='word_1_760' title='bbox 649 5040 809 5091; x_wconf 61' lang='grc' dir='ltr'>στιν,</span> <span class='ocrx_word' id='word_1_761' title='bbox 838 5025 895 5080; x_wconf 75' lang='lat'><strong>2.</strong></span> <span class='ocrx_word' id='word_1_762' title='bbox 986 5023 1032 5056; x_wconf 85' lang='grc'><strong>⁹⁰</strong></span> <span class='ocrx_word' id='word_1_763' title='bbox 1063 5020 1085 5077; x_wconf 86' lang='grc' dir='ltr'><strong>ι</strong></span> <span class='ocrx_word' id='word_1_764' title='bbox 1111 5021 1252 5077; x_wconf 85' lang='lat' dir='ltr'><strong>Tim.</strong></span> <span class='ocrx_word' id='word_1_765' title='bbox 1288 5035 1362 5086; x_wconf 75' lang='lat' dir='ltr'><strong>vr,</strong></span> <span class='ocrx_word' id='word_1_766' title='bbox 1401 5018 1487 5072; x_wconf 81' lang='lat' dir='ltr'><strong>l7.</strong></span> <span class='ocrx_word' id='word_1_767' title='bbox 1564 5017 1607 5048; x_wconf 83' lang='grc'><strong>⁹¹</strong></span> <span class='ocrx_word' id='word_1_768' title='bbox 1642 5015 1754 5072; x_wconf 82' lang='lat' dir='ltr'><strong>Jer.</strong></span> <span class='ocrx_word' id='word_1_769' title='bbox 1794 5032 1906 5071; x_wconf 82' lang='lat' dir='ltr'><strong>xvn</strong></span> 
     </span>
    </p>
   </div>
   <div class='ocr_carea' id='block_1_101' title="bbox 2014 4980 3309 5091">
    <p class='ocr_par' dir='ltr' id='par_1_101' title="bbox 2014 4980 3309 5088">
     <span class='ocr_line' id='line_1_101' title="bbox 2014 4980 3309 5088; baseline 0.006 -19"><span class='ocrx_word' id='word_1_770' title='bbox 2014 5055 2023 5069; x_wconf 92' lang='lat'><strong>.</strong></span> <span class='ocrx_word' id='word_1_771' title='bbox 2118 5016 2163 5047; x_wconf 82' lang='lat'><strong>&quot;</strong></span> <span class='ocrx_word' id='word_1_772' title='bbox 2196 5013 2430 5085; x_wconf 86' lang='lat' dir='ltr'><strong>Philipp.</strong></span> <span class='ocrx_word' id='word_1_773' title='bbox 2457 5032 2531 5082; x_wconf 88' lang='lat' dir='ltr'><strong>tv,</strong></span> <span class='ocrx_word' id='word_1_774' title='bbox 2562 5016 2650 5072; x_wconf 78' lang='grc'><strong>15.</strong></span> <span class='ocrx_word' id='word_1_775' title='bbox 2725 5017 2771 5050; x_wconf 83' lang='grc'><strong>⁸³</strong></span> <span class='ocrx_word' id='word_1_776' title='bbox 2799 5016 2946 5073; x_wconf 85' lang='lat' dir='ltr'><strong>Psai.</strong></span> <span class='ocrx_word' id='word_1_777' title='bbox 2981 4980 3209 5088; x_wconf 63' lang='lat' dir='ltr'><strong>struix,</strong></span> <span class='ocrx_word' id='word_1_778' title='bbox 3239 5023 3309 5076; x_wconf 70' lang='grc' dir='ltr'><strong>1.ο</strong></span> 
     </span>
    </p>
   </div>
   <div class='ocr_carea' id='block_1_102' title="bbox 400 5131 1890 5213">
    <p class='ocr_par' dir='ltr' id='par_1_102' title="bbox 400 5131 1890 5213">
     <span class='ocr_line' id='line_1_102' title="bbox 400 5131 1890 5213; baseline -0.007 -17"><span class='ocrx_word' id='word_1_779' title='bbox 400 5142 514 5213; x_wconf 73' lang='lat'><strong>(25)</strong></span> <span class='ocrx_word' id='word_1_780' title='bbox 546 5140 701 5207; x_wconf 84' lang='lat' dir='ltr'><strong>Illud,</strong></span> <span class='ocrx_word' id='word_1_781' title='bbox 728 5139 823 5213; x_wconf 67' lang='grc' dir='ltr'>καὶ</span> <span class='ocrx_word' id='word_1_782' title='bbox 870 5139 1085 5213; x_wconf 74' lang='grc' dir='ltr'>εἴδωλα,</span> <span class='ocrx_word' id='word_1_783' title='bbox 1129 5134 1391 5213; x_wconf 66' lang='lat' dir='ltr'><strong>additum</strong></span> <span class='ocrx_word' id='word_1_784' title='bbox 1415 5132 1585 5213; x_wconf 80' lang='lat' dir='ltr'><strong>fuisse</strong></span> <span class='ocrx_word' id='word_1_785' title='bbox 1612 5131 1890 5213; x_wconf 69' lang='lat' dir='ltr'><strong>contemni</strong></span> 
     </span>
    </p>
   </div>
   <div class='ocr_carea' id='block_1_103' title="bbox 329 5202 1885 5280">
    <p class='ocr_par' dir='ltr' id='par_1_103' title="bbox 329 5202 1885 5280">
     <span class='ocr_line' id='line_1_103' title="bbox 329 5202 1885 5280; baseline -0.01 -14"><span class='ocrx_word' id='word_1_786' title='bbox 329 5202 571 5266; x_wconf 44' lang='lat' dir='ltr'><strong>ex‘Oliv.</strong></span> <span class='ocrx_word' id='word_1_787' title='bbox 598 5202 871 5280; x_wconf 65' lang='lat' dir='ltr'><strong>etAnglic.</strong></span> <span class='ocrx_word' id='word_1_788' title='bbox 904 5202 1173 5280; x_wconf 10' lang='lat' dir='ltr'><strong>traditﬁvir</strong></span> <span class='ocrx_word' id='word_1_789' title='bbox 1197 5205 1593 5280; x_wconf 72' lang='lat' dir='ltr'><strong>eruditissimus</strong></span> <span class='ocrx_word' id='word_1_790' title='bbox 1623 5202 1847 5255; x_wconf 68' lang='lat' dir='ltr'><strong>Ducmus</strong></span> <span class='ocrx_word' id='word_1_791' title='bbox 1871 5214 1885 5251; x_wconf 87' lang='lat'><strong>:</strong></span> 
     </span>
    </p>
   </div>
   <div class='ocr_carea' id='block_1_104' title="bbox 330 5275 1890 5349">
    <p class='ocr_par' dir='ltr' id='par_1_104' title="bbox 330 5275 1890 5349">
     <span class='ocr_line' id='line_1_104' title="bbox 330 5275 1890 5349; baseline -0.008 -16"><span class='ocrx_word' id='word_1_792' title='bbox 330 5284 527 5349; x_wconf 88' lang='lat' dir='ltr'><strong>quibus</strong></span> <span class='ocrx_word' id='word_1_793' title='bbox 542 5275 817 5336; x_wconf 70' lang='lat' dir='ltr'><strong>codicibus</strong></span> <span class='ocrx_word' id='word_1_794' title='bbox 842 5292 951 5349; x_wconf 87' lang='lat' dir='ltr'><strong>tum</strong></span> <span class='ocrx_word' id='word_1_795' title='bbox 977 5276 1314 5333; x_wconf 85' lang='lat' dir='ltr'><strong>Colbertinos</strong></span> <span class='ocrx_word' id='word_1_796' title='bbox 1334 5275 1583 5343; x_wconf 88' lang='lat' dir='ltr'><strong>quintum</strong></span> <span class='ocrx_word' id='word_1_797' title='bbox 1609 5280 1665 5349; x_wconf 89' lang='lat' dir='ltr'><strong>et</strong></span> <span class='ocrx_word' id='word_1_798' title='bbox 1677 5279 1890 5349; x_wconf 78' lang='lat' dir='ltr'><strong>sextum</strong></span> 
     </span>
    </p>
   </div>
   <div class='ocr_carea' id='block_1_105' title="bbox 330 5340 1891 5420">
    <p class='ocr_par' dir='ltr' id='par_1_105' title="bbox 330 5340 1891 5420">
     <span class='ocr_line' id='line_1_105' title="bbox 330 5340 1891 5420; baseline -0.01 -15"><span class='ocrx_word' id='word_1_799' title='bbox 330 5340 386 5420; x_wconf 67' lang='lat' dir='ltr'><strong>et</strong></span> <span class='ocrx_word' id='word_1_800' title='bbox 411 5354 719 5420; x_wconf 88' lang='lat' dir='ltr'><strong>septimum,</strong></span> <span class='ocrx_word' id='word_1_801' title='bbox 764 5361 874 5403; x_wconf 87' lang='lat' dir='ltr'><strong>tum</strong></span> <span class='ocrx_word' id='word_1_802' title='bbox 929 5348 1124 5416; x_wconf 82' lang='lat' dir='ltr'><strong>Regios</strong></span> <span class='ocrx_word' id='word_1_803' title='bbox 1148 5340 1411 5420; x_wconf 66' lang='lat' dir='ltr'><strong>quartum</strong></span> <span class='ocrx_word' id='word_1_804' title='bbox 1450 5352 1515 5420; x_wconf 82' lang='lat' dir='ltr'><strong>et</strong></span> <span class='ocrx_word' id='word_1_805' title='bbox 1532 5348 1747 5419; x_wconf 80' lang='lat' dir='ltr'><strong>sextum</strong></span> <span class='ocrx_word' id='word_1_806' title='bbox 1768 5340 1891 5420; x_wconf 69' lang='lat' dir='ltr'><strong>acl-</strong></span> 
     </span>
    </p>
   </div>
   <div class='ocr_carea' id='block_1_106' title="bbox 326 5409 1886 5489">
    <p class='ocr_par' dir='ltr' id='par_1_106' title="bbox 326 5409 1886 5489">
     <span class='ocr_line' id='line_1_106' title="bbox 326 5409 1886 5489; baseline -0.008 -16"><span class='ocrx_word' id='word_1_807' title='bbox 326 5409 490 5489; x_wconf 62' lang='lat' dir='ltr'><strong>jungi&#39;</strong></span> <span class='ocrx_word' id='word_1_808' title='bbox 515 5409 764 5489; x_wconf 78' lang='lat' dir='ltr'><strong>oportere</strong></span> <span class='ocrx_word' id='word_1_809' title='bbox 796 5409 1107 5489; x_wconf 55' lang='lat' dir='ltr'><strong>monemus.</strong></span> <span class='ocrx_word' id='word_1_810' title='bbox 1148 5409 1449 5469; x_wconf 80' lang='lat' dir='ltr'><strong>Fatendum</strong></span> <span class='ocrx_word' id='word_1_811' title='bbox 1503 5418 1684 5466; x_wconf 87' lang='lat' dir='ltr'><strong>tamen</strong></span> <span class='ocrx_word' id='word_1_812' title='bbox 1728 5409 1783 5463; x_wconf 84' lang='lat' dir='ltr'><strong>id</strong></span> <span class='ocrx_word' id='word_1_813' title='bbox 1832 5409 1886 5461; x_wconf 91' lang='lat' dir='ltr'><strong>in</strong></span> 
     </span>
    </p>
   </div>
   <div class='ocr_carea' id='block_1_107' title="bbox 334 5487 1692 5562">
    <p class='ocr_par' dir='ltr' id='par_1_107' title="bbox 334 5487 1692 5562">
     <span class='ocr_line' id='line_1_107' title="bbox 334 5487 1692 5562; baseline -0.001 -23"><span class='ocrx_word' id='word_1_814' title='bbox 334 5487 516 5562; x_wconf 62' lang='lat' dir='ltr'><strong>Regiis</strong></span> <span class='ocrx_word' id='word_1_815' title='bbox 536 5487 773 5562; x_wconf 55' lang='lat' dir='ltr'><strong>secundo</strong></span> <span class='ocrx_word' id='word_1_816' title='bbox 792 5500 858 5562; x_wconf 83' lang='lat' dir='ltr'><strong>et</strong></span> <span class='ocrx_word' id='word_1_817' title='bbox 894 5489 1054 5562; x_wconf 83' lang='lat' dir='ltr'><strong>tertio</strong></span> <span class='ocrx_word' id='word_1_818' title='bbox 1078 5487 1288 5562; x_wconf 75' lang='lat' dir='ltr'><strong>deesse.</strong></span> <span class='ocrx_word' id='word_1_819' title='bbox 1679 5546 1692 5562; x_wconf 39' lang='grc' dir='ltr'><em>υ</em></span> 
     </span>
    </p>
   </div>
   <div class='ocr_carea' id='block_1_108' title="bbox 328 5557 1890 5679">
    <p class='ocr_par' dir='ltr' id='par_1_108' title="bbox 328 5557 1890 5679">
     <span class='ocr_line' id='line_1_108' title="bbox 328 5557 1890 5679; baseline -0.012 -65"><span class='ocrx_word' id='word_1_820' title='bbox 328 5626 380 5679; x_wconf 38' lang='grc' dir='ltr'><strong>ἆ.</strong></span> <span class='ocrx_word' id='word_1_821' title='bbox 399 5557 515 5640; x_wconf 65' lang='grc'><strong>(26)</strong></span> <span class='ocrx_word' id='word_1_822' title='bbox 536 5559 676 5613; x_wconf 81' lang='lat' dir='ltr'><strong>Editi</strong></span> <span class='ocrx_word' id='word_1_823' title='bbox 704 5558 994 5629; x_wconf 78' lang='grc' dir='ltr'>φεύγοντές</span> <span class='ocrx_word' id='word_1_824' title='bbox 1021 5573 1164 5611; x_wconf 85' lang='grc' dir='ltr'>τινα.</span> <span class='ocrx_word' id='word_1_825' title='bbox 1190 5559 1261 5608; x_wconf 86' lang='lat' dir='ltr'><strong>At</strong></span> <span class='ocrx_word' id='word_1_826' title='bbox 1298 5568 1392 5609; x_wconf 83' lang='lat' dir='ltr'><strong>sex</strong></span> <span class='ocrx_word' id='word_1_827' title='bbox 1424 5565 1555 5607; x_wconf 81' lang='lat' dir='ltr'><strong>mss.</strong></span> <span class='ocrx_word' id='word_1_828' title='bbox 1595 5557 1890 5618; x_wconf 76' lang='grc' dir='ltr'>φεύγοντες</span> 
     </span>
     <span class='ocr_line' id='line_1_109' title="bbox 367 5642 482 5679; baseline -0.009 0"><span class='ocrx_word' id='word_1_829' title='bbox 367 5642 482 5679; x_wconf 67' lang='lat' dir='ltr'><strong>Ma.</strong></span> 
     </span>
    </p>
   </div>
   <div class='ocr_carea' id='block_1_109' title="bbox 367 5642 482 5679">
    <p class='ocr_par' dir='ltr' id='par_1_109' title="bbox 367 5642 482 5679">
     <span class='ocr_line' id='line_1_110' title="bbox 367 5642 482 5679; baseline -0.009 0"><span class='ocrx_word' id='word_1_830' title='bbox 367 5642 464 5679; x_wconf 76' lang='grc' dir='ltr'><strong>ΛΛα</strong></span> <span class='ocrx_word' id='word_1_831' title='bbox 472 5667 482 5678; x_wconf 94' lang='grc'><strong>.</strong></span> 
     </span>
    </p>
   </div>
   <div class='ocr_carea' id='block_1_110' title="bbox 403 5684 1891 5765">
    <p class='ocr_par' dir='ltr' id='par_1_110' title="bbox 403 5684 1891 5765">
     <span class='ocr_line' id='line_1_111' title="bbox 403 5684 1891 5765; baseline -0.007 -16"><span class='ocrx_word' id='word_1_832' title='bbox 403 5698 513 5765; x_wconf 72' lang='lat'><strong>(&#39;27)</strong></span> <span class='ocrx_word' id='word_1_833' title='bbox 548 5697 683 5750; x_wconf 71' lang='grc' dir='ltr'><strong>Ειιίιί</strong></span> <span class='ocrx_word' id='word_1_834' title='bbox 716 5699 778 5751; x_wconf 80' lang='grc' dir='ltr'>ὲκ</span> <span class='ocrx_word' id='word_1_835' title='bbox 819 5698 1036 5752; x_wconf 82' lang='grc' dir='ltr'>πάντων</span> <span class='ocrx_word' id='word_1_836' title='bbox 1086 5692 1294 5750; x_wconf 84' lang='grc' dir='ltr'>κακῶν.</span> <span class='ocrx_word' id='word_1_837' title='bbox 1339 5692 1409 5747; x_wconf 83' lang='lat' dir='ltr'><strong>At</strong></span> <span class='ocrx_word' id='word_1_838' title='bbox 1448 5704 1580 5746; x_wconf 89' lang='lat' dir='ltr'><strong>mss.</strong></span> <span class='ocrx_word' id='word_1_839' title='bbox 1622 5702 1719 5744; x_wconf 78' lang='lat' dir='ltr'><strong>sex</strong></span> <span class='ocrx_word' id='word_1_840' title='bbox 1754 5684 1891 5742; x_wconf 82' lang='lat' dir='ltr'><strong>siut-</strong></span> 
     </span>
    </p>
   </div>
   <div class='ocr_carea' id='block_1_111' title="bbox 330 5767 987 5834">
    <p class='ocr_par' dir='ltr' id='par_1_111' title="bbox 330 5767 987 5834">
     <span class='ocr_line' id='line_1_112' title="bbox 330 5767 987 5834; baseline 0.002 -14"><span class='ocrx_word' id='word_1_841' title='bbox 330 5767 541 5834; x_wconf 85' lang='lat' dir='ltr'><strong>pliciler</strong></span> <span class='ocrx_word' id='word_1_842' title='bbox 562 5769 625 5819; x_wconf 80' lang='grc' dir='ltr'><strong>ὲκ</strong></span> <span class='ocrx_word' id='word_1_843' title='bbox 653 5768 760 5821; x_wconf 81' lang='grc' dir='ltr'>τῶν</span> <span class='ocrx_word' id='word_1_844' title='bbox 785 5769 987 5821; x_wconf 82' lang='grc' dir='ltr'>κακῶν.</span> 
     </span>
    </p>
   </div>
   <div class='ocr_carea' id='block_1_112' title="bbox 652 5857 1371 5923">
    <p class='ocr_par' dir='ltr' id='par_1_112' title="bbox 652 5857 1371 5923">
     <span class='ocr_line' id='line_1_113' title="bbox 652 5857 1371 5923; baseline -0.006 -2"><span class='ocrx_word' id='word_1_845' title='bbox 652 5862 920 5923; x_wconf 54' lang='lat' dir='ltr'><strong>Parum&quot;</strong></span> <span class='ocrx_word' id='word_1_846' title='bbox 968 5861 1083 5923; x_wconf 81' lang='lat' dir='ltr'><strong>Gn.</strong></span> <span class='ocrx_word' id='word_1_847' title='bbox 1133 5857 1371 5920; x_wconf 74' lang='lat' dir='ltr'><strong>XXIX.</strong></span> 
     </span>
    </p>
   </div>
   <div class='ocr_carea' id='block_1_113' title="bbox 2066 5129 3576 5203">
    <p class='ocr_par' dir='ltr' id='par_1_113' title="bbox 2066 5129 3576 5203">
     <span class='ocr_line' id='line_1_114' title="bbox 2066 5129 3576 5203; baseline 0.003 -19"><span class='ocrx_word' id='word_1_848' title='bbox 2066 5129 2182 5201; x_wconf 71' lang='lat'><strong>(28)</strong></span> <span class='ocrx_word' id='word_1_849' title='bbox 2213 5129 2515 5203; x_wconf 76' lang='lat' dir='ltr'><strong>Colb_erti_ni</strong></span> <span class='ocrx_word' id='word_1_850' title='bbox 2545 5131 2752 5203; x_wconf 80' lang='lat' dir='ltr'><strong>primus</strong></span> <span class='ocrx_word' id='word_1_851' title='bbox 2773 5142 2828 5186; x_wconf 90' lang='lat' dir='ltr'><strong>et</strong></span> <span class='ocrx_word' id='word_1_852' title='bbox 2855 5142 3043 5203; x_wconf 81' lang='lat' dir='ltr'><strong>sextus</strong></span> <span class='ocrx_word' id='word_1_853' title='bbox 3073 5149 3194 5189; x_wconf 88' lang='lat' dir='ltr'><strong>cum</strong></span> <span class='ocrx_word' id='word_1_854' title='bbox 3221 5134 3351 5203; x_wconf 47' lang='lat' dir='ltr'><strong>Reg.</strong></span> <span class='ocrx_word' id='word_1_855' title='bbox 3382 5148 3576 5191; x_wconf 78' lang='lat' dir='ltr'><strong>secun-</strong></span> 
     </span>
    </p>
   </div>
   <div class='ocr_carea' id='block_1_114' title="bbox 1993 5200 3575 5275">
    <p class='ocr_par' dir='ltr' id='par_1_114' title="bbox 1993 5200 3575 5275">
     <span class='ocr_line' id='line_1_115' title="bbox 1993 5200 3575 5275; baseline 0.002 -20"><span class='ocrx_word' id='word_1_856' title='bbox 1993 5200 2063 5255; x_wconf 91' lang='lat' dir='ltr'><strong>do</strong></span> <span class='ocrx_word' id='word_1_857' title='bbox 2080 5200 2142 5255; x_wconf 90' lang='lat' dir='ltr'><strong>et</strong></span> <span class='ocrx_word' id='word_1_858' title='bbox 2170 5216 2291 5254; x_wconf 90' lang='lat' dir='ltr'><strong>cum</strong></span> <span class='ocrx_word' id='word_1_859' title='bbox 2323 5200 2488 5275; x_wconf 71' lang='lat' dir='ltr'><strong>Coisl.</strong></span> <span class='ocrx_word' id='word_1_860' title='bbox 2511 5201 2993 5257; x_wconf 79' lang='grc' dir='ltr'>πεποίθατε.ΕιΙίιί</span> <span class='ocrx_word' id='word_1_861' title='bbox 3016 5218 3139 5259; x_wconf 85' lang='lat' dir='ltr'><strong>cum</strong></span> <span class='ocrx_word' id='word_1_862' title='bbox 3169 5200 3348 5275; x_wconf 77' lang='lat' dir='ltr'><strong>ltegiis</strong></span> <span class='ocrx_word' id='word_1_863' title='bbox 3380 5216 3575 5260; x_wconf 86' lang='lat' dir='ltr'><strong>uuartn</strong></span> 
     </span>
    </p>
   </div>
   <div class='ocr_carea' id='block_1_115' title="bbox 1992 5270 2557 5327">
    <p class='ocr_par' dir='ltr' id='par_1_115' title="bbox 1992 5270 2557 5327">
     <span class='ocr_line' id='line_1_116' title="bbox 1992 5270 2557 5327; baseline 0.004 -3"><span class='ocrx_word' id='word_1_864' title='bbox 1992 5280 2045 5324; x_wconf 93' lang='lat' dir='ltr'><strong>et</strong></span> <span class='ocrx_word' id='word_1_865' title='bbox 2068 5280 2222 5323; x_wconf 80' lang='lat' dir='ltr'><strong>sexto</strong></span> <span class='ocrx_word' id='word_1_866' title='bbox 2245 5270 2557 5327; x_wconf 87' lang='grc' dir='ltr'>πεποίθετε.</span> 
     </span>
    </p>
   </div>
   <div class='ocr_carea' id='block_1_116' title="bbox 2064 5338 3575 5413">
    <p class='ocr_par' dir='ltr' id='par_1_116' title="bbox 2064 5338 3575 5413">
     <span class='ocr_line' id='line_1_117' title="bbox 2064 5338 3575 5413; baseline 0.002 -21"><span class='ocrx_word' id='word_1_867' title='bbox 2064 5338 2173 5409; x_wconf 67' lang='grc' dir='ltr'>(ἳθ)</span> <span class='ocrx_word' id='word_1_868' title='bbox 2209 5338 2303 5393; x_wconf 90' lang='lat' dir='ltr'><strong>Sic</strong></span> <span class='ocrx_word' id='word_1_869' title='bbox 2326 5355 2457 5413; x_wconf 73' lang='lat' dir='ltr'><strong>mss.</strong></span> <span class='ocrx_word' id='word_1_870' title='bbox 2497 5350 2551 5396; x_wconf 90' lang='lat' dir='ltr'><strong>et</strong></span> <span class='ocrx_word' id='word_1_871' title='bbox 2578 5340 2744 5413; x_wconf 84' lang='lat' dir='ltr'><strong>editio</strong></span> <span class='ocrx_word' id='word_1_872' title='bbox 2789 5340 2980 5408; x_wconf 85' lang='lat' dir='ltr'><strong>Basil.,</strong></span> <span class='ocrx_word' id='word_1_873' title='bbox 3025 5359 3124 5399; x_wconf 86' lang='lat' dir='ltr'><strong>nec</strong></span> <span class='ocrx_word' id='word_1_874' title='bbox 3169 5344 3327 5398; x_wconf 84' lang='lat' dir='ltr'><strong>aliter</strong></span> <span class='ocrx_word' id='word_1_875' title='bbox 3364 5344 3575 5413; x_wconf 87' lang='lat' dir='ltr'><strong>legerat</strong></span> 
     </span>
    </p>
   </div>
   <div class='ocr_carea' id='block_1_117' title="bbox 1994 5408 3570 5482">
    <p class='ocr_par' dir='ltr' id='par_1_117' title="bbox 1994 5408 3570 5482">
     <span class='ocr_line' id='line_1_118' title="bbox 1994 5408 3570 5482; baseline 0.004 -21"><span class='ocrx_word' id='word_1_876' title='bbox 1994 5408 2286 5482; x_wconf 79' lang='lat' dir='ltr'><strong>interpres.</strong></span> <span class='ocrx_word' id='word_1_877' title='bbox 2321 5408 2426 5482; x_wconf 67' lang='lat' dir='ltr'><strong>sed</strong></span> <span class='ocrx_word' id='word_1_878' title='bbox 2460 5425 2563 5482; x_wconf 80' lang='lat' dir='ltr'><strong>vox</strong></span> <span class='ocrx_word' id='word_1_879' title='bbox 2591 5411 2907 5482; x_wconf 85' lang='grc' dir='ltr'>πρόσκαιρα</span> <span class='ocrx_word' id='word_1_880' title='bbox 2932 5427 3220 5482; x_wconf 82' lang='lat' dir='ltr'><strong>operarum</strong></span> <span class='ocrx_word' id='word_1_881' title='bbox 3246 5408 3570 5482; x_wconf 56' lang='lat' dir='ltr'><strong>negligitnna</strong></span> 
     </span>
    </p>
   </div>
   <div class='ocr_carea' id='block_1_118' title="bbox 1992 5477 3566 5553">
    <p class='ocr_par' dir='ltr' id='par_1_118' title="bbox 1992 5477 3566 5553">
     <span class='ocr_line' id='line_1_119' title="bbox 1992 5477 3566 5553; baseline 0.003 -22"><span class='ocrx_word' id='word_1_882' title='bbox 1992 5477 2046 5553; x_wconf 79' lang='lat' dir='ltr'><strong>in</strong></span> <span class='ocrx_word' id='word_1_883' title='bbox 2080 5478 2321 5553; x_wconf 78' lang='lat' dir='ltr'><strong>editione</strong></span> <span class='ocrx_word' id='word_1_884' title='bbox 2354 5478 2525 5533; x_wconf 82' lang='lat' dir='ltr'><strong>Paris.</strong></span> <span class='ocrx_word' id='word_1_885' title='bbox 2572 5477 2771 5534; x_wconf 78' lang='lat' dir='ltr'><strong>omissa</strong></span> <span class='ocrx_word' id='word_1_886' title='bbox 2805 5477 3157 5553; x_wconf 74' lang='lat' dir='ltr'><strong>fuerat._Mox</strong></span> <span class='ocrx_word' id='word_1_887' title='bbox 3192 5477 3339 5553; x_wconf 49' lang='lat' dir='ltr'><strong>mss:</strong></span> <span class='ocrx_word' id='word_1_888' title='bbox 3360 5477 3566 5553; x_wconf 74' lang='lat' dir='ltr'><strong>septem</strong></span> 
     </span>
    </p>
   </div>
   <div class='ocr_carea' id='block_1_119' title="bbox 1996 5547 3575 5628">
    <p class='ocr_par' dir='ltr' id='par_1_119' title="bbox 1996 5547 3575 5628">
     <span class='ocr_line' id='line_1_120' title="bbox 1996 5547 3575 5628; baseline 0.004 -30"><span class='ocrx_word' id='word_1_889' title='bbox 1996 5547 2564 5628; x_wconf 52' lang='lat' dir='ltr'><strong>émxaco&#39;tpacogg‘qua</strong></span> <span class='ocrx_word' id='word_1_890' title='bbox 2594 5565 2658 5628; x_wconf 77' lang='lat' dir='ltr'><strong>ex</strong></span> <span class='ocrx_word' id='word_1_891' title='bbox 2696 5565 2827 5605; x_wconf 87' lang='lat' dir='ltr'><strong>voce</strong></span> <span class='ocrx_word' id='word_1_892' title='bbox 2856 5551 2912 5628; x_wconf 64' lang='lat' dir='ltr'><strong>in</strong></span> <span class='ocrx_word' id='word_1_893' title='bbox 2935 5551 3180 5628; x_wconf 76' lang='lat' dir='ltr'><strong>editione</strong></span> <span class='ocrx_word' id='word_1_894' title='bbox 3208 5551 3378 5605; x_wconf 75' lang='lat' dir='ltr'><strong>Paris.</strong></span> <span class='ocrx_word' id='word_1_895' title='bbox 3419 5547 3575 5628; x_wconf 50' lang='lat' dir='ltr'><strong>facta;</strong></span> 
     </span>
    </p>
   </div>
   <div class='ocr_carea' id='block_1_120' title="bbox 1995 5618 3574 5700">
    <p class='ocr_par' dir='ltr' id='par_1_120' title="bbox 1995 5618 3574 5700">
     <span class='ocr_line' id='line_1_121' title="bbox 1995 5618 3574 5700; baseline 0.004 -30"><span class='ocrx_word' id='word_1_896' title='bbox 1995 5620 2290 5700; x_wconf 68' lang='lat' dir='ltr'><strong>suntquae,</strong></span> <span class='ocrx_word' id='word_1_897' title='bbox 2324 5618 2806 5691; x_wconf 69' lang='grc' dir='ltr'>ὲπεΐκατάρατος.</span> <span class='ocrx_word' id='word_1_898' title='bbox 2855 5620 3094 5677; x_wconf 85' lang='lat' dir='ltr'><strong>Subinde</strong></span> <span class='ocrx_word' id='word_1_899' title='bbox 3139 5636 3270 5678; x_wconf 90' lang='lat' dir='ltr'><strong>mss.</strong></span> <span class='ocrx_word' id='word_1_900' title='bbox 3324 5632 3436 5680; x_wconf 87' lang='lat' dir='ltr'><strong>tres</strong></span> <span class='ocrx_word' id='word_1_901' title='bbox 3479 5621 3574 5677; x_wconf 73' lang='grc' dir='ltr'>ἐπί</span> 
     </span>
    </p>
   </div>
   <div class='ocr_carea' id='block_1_121' title="bbox 1994 5703 2258 5743">
    <p class='ocr_par' dir='ltr' id='par_1_121' title="bbox 1994 5703 2258 5743">
     <span class='ocr_line' id='line_1_122' title="bbox 1994 5703 2258 5743; baseline 0.011 -3"><span class='ocrx_word' id='word_1_902' title='bbox 1994 5703 2104 5743; x_wconf 83' lang='grc' dir='ltr'>τινι</span> <span class='ocrx_word' id='word_1_903' title='bbox 2128 5704 2258 5743; x_wconf 87' lang='grc' dir='ltr'>των.</span> 
     </span>
    </p>
   </div>
   <div class='ocr_carea' id='block_1_122' title="bbox 3188 5847 3257 5907">
    <p class='ocr_par' dir='ltr' id='par_1_122' title="bbox 3188 5847 3257 5907">
     <span class='ocr_line' id='line_1_123' title="bbox 3188 5847 3257 5907; baseline -0.014 0"><span class='ocrx_word' id='word_1_904' title='bbox 3188 5847 3257 5907; x_wconf 69' lang='grc' dir='ltr'><strong>1ᾰι</strong></span> 
     </span>
    </p>
   </div>
  </div>
