4016 6220
392 336 499 396 Ὴθ

1698 327 1758 382 S.
1798 326 2042 380 BASILII
2077 324 2294 376 ΜΑϋΝι

3528 322 3641 371 420

393 456 507 514 boli
539 454 766 510 insidias
814 447 1102 522 pugnanti,
1156 444 1416 501 emittens
1468 441 1964 498 administratorios

2069 437 2356 508 σύμμαχος
2388 448 2554 489 παντι
2598 416 2678 505 τῷ
2722 429 3136 503 στρατευομένῳ
3175 429 3316 485 κατὰ
3354 429 3456 500 τῆς
3506 429 3640 501 μεθ-

394 550 621 623 spiritus
666 546 735 602 ad
787 541 1152 614 indigentium
1204 539 1457 596 salutem.
1522 535 1733 600 Invenit
1780 543 1962 587 autem

394 637 613 697 sinictio
648 649 862 692 omnem
900 632 1135 702 iustum,
1168 630 1238 686 ob
1269 629 1395 683 vita:
1447 627 1752 683 institutam
1796 625 1963 679 ratio—

396 743 542 783 nem.
577 725 679 793 Qui
714 724 858 780 enim
903 720 1141 776 declinat
1182 719 1345 773 latam
1379 731 1444 770 ac
1476 716 1768 784 spatiosam
1797 713 1961 778 viam,

396 818 642 875 ambulat
671 825 854 870 autem
902 824 1187 885 angustam
1236 820 1291 865 et
1336 819 1540 865 arctam
1583 809 1725 862 viam
1746 806 1815 871 “,
1852 805 1898 861 is
1930 821 1960 860 a

396 907 835 967 tribulationibus
863 903 1160 960 invenitur.
1204 901 1340 957 Rem
1369 903 1434 958 ad
1478 903 1660 956 vivum
1691 899 1965 969 expressit

394 1003 666 1071 Propheta
693 1038 710 1064 ,
745 1012 868 1052 cum
904 996 1077 1050 dixit:
1108 994 1175 1047 In
1204 993 1652 1058 tribulationibus,
1682 1007 1798 1063 quae
1823 993 1963 1045 inve-

394 1102 582 1151 nerunt
616 1108 709 1146 uos
750 1088 926 1143 nimis.
982 1086 1091 1142 Nos
1121 1087 1268 1141 enim
1302 1099 1402 1141 ceu
1432 1085 1669 1139 animata
1705 1082 1960 1138 animalia

394 1183 806 1256 deprehendunt
833 1177 1238 1239 tribulationes,
1272 1190 1392 1245 quae
1421 1174 1735 1246 patientiam
1764 1172 1963 1243 produ-

394 1286 544 1343 cunt,
567 1286 623 1332 et
645 1289 739 1346 per
769 1270 1088 1342 patientiam
1125 1267 1498 1338 probationem
1524 1305 1538 1331 ,
1568 1273 1622 1318 et
1655 1279 1749 1332 per
1772 1264 1962 1334 proba-

396 1372 599 1431 tionem
643 1380 791 1438 spem
815 1365 882 1417 ’⁵.
912 1361 1062 1418 Unde
1090 1370 1147 1417 et
1169 1358 1462 1430 Apostolus
1482 1358 1598 1413 ait:
1631 1356 1738 1411 Per
1766 1358 1961 1411 multas

394 1459 766 1516 tribulationes
794 1463 992 1525 oportet
1017 1469 1111 1508 nos
1133 1453 1328 1506 intrare
1353 1449 1407 1503 in
1429 1463 1641 1517 regnum
1655 1445 1845 1501 ﬂet“.
1871 1444 1959 1513 Et,

396 1553 581 1623 Multae
609 1548 972 1619 tribu-lationes
988 1546 1254 1616 justorum
1268 1543 1336 1597 "’.
1358 1541 1514 1612 172
1545 1538 1651 1594 Sed
1675 1541 1768 1609 qui
1795 1553 1962 1609 gene-

397 1659 521 1700 rose
537 1652 594 1698 et
617 1640 885 1710 intrepide
912 1635 1277 1692 tribulationis
1303 1633 1657 1688 tentationem
1686 1631 1963 1686 sustinue-

397 1739 491 1802 rit,
509 1735 685 1790 tiicet:
706 1730 773 1786 In
799 1730 880 1784 Itis
904 1729 1141 1783 omnibus
1166 1741 1470 1795 superamus
1495 1733 1707 1793 propter
1735 1737 1855 1776 eum
1871 1719 1962 1790 qui

2063 529 2243 591 οδείας
2286 525 2382 580 τοῦ
2438 524 2707 589 διαϐόλου,
2758 522 3102 577 ἀποστέλλων
3175 520 3246 576 τὰ
3289 521 3638 594 λειτουργικά

2063 619 2350 689 πνεύματα
2403 617 2541 690 πρὸς
2585 616 2684 688 τὴν
2733 614 3006 687 σωτηρίαν
3045 614 3156 668 τῶν
3198 613 3492 685 δεομένων.
3531 614 3637 668 Εὐ·

2066 710 2241 782 ρίσκει
2277 709 2335 763 δὲ
2376 711 2410 780 ή
2461 708 2641 771 θλίψις
2681 707 2858 761 πάντα
2894 706 2987 760 τὸν
3026 706 3231 760 δίκαιον
3268 705 3357 760 διὰ
3397 706 3495 778 τὴν
3538 704 3637 759 τοῦ

2064 802 2179 872 βίου
2246 800 2610 872 ἐπιτήδευσιν.
2648 798 2708 852 Ὀ
2755 796 2863 869 γὰρ
2913 796 3175 851 ἐκκλίνων
3219 797 3316 868 μὲν
3341 796 3440 869 τὴν
3496 796 3636 850 πλα-

2061 896 2210 948 τεῖαν
2256 893 2350 947 καὶ
2406 891 2720 965 εὐρύχωρον
2766 889 2905 953 ὁδὸν,
2955 888 3155 942 ὁδεύων
3188 888 3258 951 ,δέ
3294 888 3396 958 τὴν
3443 887 3636 959 στενὴν

2062 987 2156 1040 καὶ
2208 985 2615 1057 τεθλιμμένην,
2678 981 2992 1054 εὑρίσκεται
3045 980 3149 1034 ὑπὸ
3189 980 3298 1034 τῶν
3358 978 3611 1050 θλίψεων.

2074 1076 2362 1148 Ἐμψύχως
2423 1077 2514 1129 τὸν
2590 1075 2751 1143 λόγον
2808 1073 3173 1144 ἐσχημάτισεν
3240 1072 3270 1126 ό
3340 1071 3635 1143 Προφήτης

2059 1170 2228 1239 είπών
2250 1186 2264 1202 ·
2310 1170 2412 1223 Ἐν
2432 1168 2677 1236 θλίψεσι
2705 1164 2836 1231 ταῖς
2858 1164 3178 1233 εὑρούσαις
3206 1159 3363 1232 ἡμᾶς
3380 1160 3634 1229 σφόδρα.

2063 1261 2272 1333 ,Ὥσπερ
2322 1258 2432 1331 γὰρ
2481 1256 2597 1322 ζῶα
2644 1255 2862 1327 ἔμψυχα
2915 1253 3419 1325 καταλαμϐάνουσιν
3465 1252 3636 1323 ἡμᾶς,

2060 1350 2422 1422 ἐργαζόμεναι
2452 1348 2752 1422 ὑπομονὴν,
2793 1348 2888 1403 καὶ
2925 1347 3014 1401 διὰ
3052 1346 3153 1416 τῆς
3178 1344 3456 1416 ὑπομονῆς
3490 1343 3637 1396 δοκισ

2064 1439 2192 1513 μὴν,
2224 1442 2319 1496 καὶ
2342 1442 2431 1496 διὰ
2458 1442 2559 1513 τῆς
2582 1441 2812 1512 δοκιμῆς
2839 1438 3049 1494 ἐλπίδα.
3089 1436 3250 1491 Ὅθεν
3286 1435 3381 1489 καὶ
3414 1435 3443 1488 ὁ
3486 1435 3638 1488 Ἀπό-

2063 1531 2247 1596 στολός
2273 1549 2404 1602 φησι
2424 1549 2436 1561 ·
2470 1532 2574 1588 Διὰ
2589 1529 2837 1586 πολλῶν
2865 1530 3131 1597 θλίψεων
3161 1527 3257 1581 δεῖ
3277 1525 3434 1597 ἡμᾶς
3448 1528 3639 1581 £108.1-

2060 1622 2187 1677 θεῖν
2224 1626 2311 1689 είς
2336 1623 2450 1691 τὴν
2472 1623 2802 1688 ,βασιλείαν
2830 1619 2937 1674 τοῦ
2962 1620 3109 1675 Θεοῦ
3150 1620 3298 1691 (50)·
3340 1620 3452 1683 καὶ,
3483 1622 3639 1673 Πολ-

2061 1712 2167 1766 λαὶ
2200 1715 2259 1766 al
2293 1712 2534 1781 θλίψεις
2561 1709 2680 1765 τῶν
2718 1710 2986 1764 δικαίων.
3035 1708 3173 1763 Ἀλλ’
3201 1710 3230 1762 ὁ
3252 1708 3511 1777 γενναίως
3541 1708 3638 1761 καὶ

395 1781 581 1883 dilexit
615 1840 708 1880 nos
727 1821 796 1877 ".
828 1822 909 1875 Ac
945 1829 1151 1873 tantum
1181 1781 1338 1872 abest
1370 1824 1430 1870 ut
1460 1781 1699 1870 animum
1730 1781 1963 1882 despon-

2069 1801 2354 1875 ἀταράχως
2382 1802 2474 1857 τὸν
2512 1803 2578 1856 ἐκ
2617 1801 2716 1872 τῆς
2750 1800 2981 1870 θλίψεως
3007 1799 3311 1871 πειρασμὸν
3341 1799 3639 1870 ὑπομείνας

397 1922 547 1983 deat,
576 1932 641 1971 ac
689 1920 902 1984 torpeat
942 1910 996 1965 in
1029 1905 1498 1973 tribulationibus,
1534 1913 1594 1959 ut
1641 1903 1803 1958 etiam
1849 1900 1965 1972 glo-

395 2009 575 2068 riandi
609 2007 953 2081 occasionem
988 2017 1058 2057 ex
1102 1998 1367 2054 malorum
1398 1995 1771 2066 magnitudine
1798 1994 1963 2049 desu-

396 2116 530 2169 mat,
563 2102 750 2156 dicens
784 2115 799 2153 :
838 2095 960 2150 Non
1007 2093 1180 2149 solum
1216 2100 1415 2158 autem,
1443 2089 1534 2146 sed
1578 2099 1627 2144 et
1670 2087 1966 2158 gloriamur

397 2195 452 2249 iu
486 2187 912 2248 tribulationibus
937 2185 1006 2238 θ’.

467 2457 522 2512 5.
560 2455 726 2511 Vens.
757 2453 810 2508 5.
846 2447 1132 2519 Propterea
1157 2462 1261 2500 non
1292 2444 1585 2498 timebimus
1632 2441 1757 2493 dum
1787 2438 1965 2492 turba-

401 2563 486 2605 tur
513 2558 673 2612 terra,
706 2555 753 2600 et
795 2541 1191 2612 transferuntur
1214 2547 1412 2591 montes
1441 2536 1497 2589 in
1522 2534 1687 2589 corda
1713 2530 1963 2585 marium.

402 2642 651 2713 llagnam
692 2621 1002 2692 ﬁrmitatem
1048 2630 1258 2686 ﬁducia:
1303 2628 1356 2682 in
1395 2625 1682 2683 Christum
1728 2623 1967 2678 ostendit

403 2735 666 2807 Propheta
696 2747 712 2784 :
743 2728 1023 2789 nimirum,
1062 2722 1280 2779 etiamsi
1319 2720 1504 2776 omnia
1556 2731 1775 2774 sursum
1808 2716 1968 2769 deor-

402 2844 518 2884 sum
552 2823 958 2895 provolvantur,
986 2816 1201 2874 etiamsi
1229 2824 1371 2870 terra
1396 2813 1609 2867 turbata
1642 2810 1966 2871 invertatur,

403 2915 615 2974 etiamsi
654 2922 886 2978 montes,
907 2907 1132 2979 prapria
1161 2906 1292 2960 sede
1330 2903 1543 2967 relicta,
1568 2897 1970 2955 transferantur

404 3028 455 3067 in
483 3008 718 3065 medium
748 3018 919 3069 mare,
961 2999 1086 3054 Non
1117 2998 1411 3053 timebimus
1443 3010 1461 3047 :
1496 2993 1637 3062 quod
1671 2991 1839 3046 Deum
1871 2990 1968 3044 ha-

2063 1896 2198 1969 ἐρεῖ,
2226 1895 2308 1948 ὅτι
2347 1895 2451 1949 Ἐν
2472 1893 2706 1959 τούτοις
2733 1893 2925 1948 πᾶσιν
2958 1890 3369 1962 ὑπερνικῶμεν
3402 1890 3500 1944 διὰ
3529 1889 3639 1944 τοῦ

2061 1986 2488 2058 ἀγαπήσαντος
2513 1984 2688 2057 ἡμᾶς.
2733 1987 2847 2041 Καὶ
2887 1985 3138 2040 τοσοῦτον
3177 1983 3368 2055 ἀπέχει
3393 1983 3639 2054 ἀπαυδᾷν

2061 2081 2157 2155 καὶ
2193 2080 2453 2134 ἀποκνεῖν
2485 2079 2542 2133 ἐν
2587 2081 2708 2142 ταῖς
2741 2077 3004 2147 θλίψεσιν,
3037 2079 3120 2131 ὅτι
3166 2077 3259 2130 καὶ
3289 2076 3641 2147 καυχήματος

2063 2170 2315 2245 ἀφορμὴν
2354 2170 2416 2224 τὸ
2445 2167 2777 2241 ὑπερϐάλλον
2807 2169 2916 2222 τῶν
2959 2166 3145 2222 κακῶν
3176 2169 3406 2220 ποιεῖται
3444 2165 3639 2234 λέγων,

2062 2263 2145 2316 ὅτι
2174 2264 2256 2315 Οὐ
2281 2262 2476 2331 μόνον
2516 2259 2605 2325 δὲ,
2650 2258 2813 2315 ἀλλὰ
2851 2259 2949 2314 καί
3000 2257 3365 2328 καυχώμενοι
3399 2257 3469 2310 ὲν
3511 2256 3644 2323 ταῖς

2065 2350 2333 2419 θλίψεσι.

2134 2441 2188 2495 5.
2234 2440 2335 2494 Διὰ
2375 2438 2550 2493 τοῦτο
2589 2439 2661 2493 οὐ
2696 2439 3156 2507 φοϐηθησόμεθα
3197 2436 3268 2490 ἐν
3306 2436 3386 2502 τῷ
3416 2434 3615 2504 ταρὰσ

2065 2537 2279 2589 σεσθαι
2294 2533 2411 2600 τὴν
2430 2530 2569 2601 γῆν,
2599 2531 2695 2585 καὶ
2715 2529 3130 2601 μετατίθεσθαι
3157 2529 3262 2599 ὅρη
3286 2529 3358 2583 ἐν
3376 2526 3647 2598 καρδίαις

2067 2622 2413 2679 θαλασσῶν.
2456 2622 2616 2691 Μέγα
2639 2621 3002 2674 ἐπιδείκνυται
3034 2621 3095 2673 τὸ
3128 2621 3410 2691 στερέωμα
3434 2619 3535 2689 τῆς
3560 2620 3648 2682 εἰς

2066 2716 2300 2789 Χριστὸν
2352 2714 2730 2785 πεποιθήσεως
2777 2714 2889 2785 (5i)
2940 2714 2970 2767 ό
3021 2712 3349 2784 Προφήτης,
3396 2711 3480 2765 ὅτι
3536 2709 3646 2764 κᾶν

2066 2810 2247 2862 πάντα
2297 2807 2409 2862 ἀνω
2438 2806 2531 2861 καὶ
2563 2806 2714 2860 κάτω
2753 2806 2993 2879 γίνηται,
3038 2804 3139 2858 κᾶν
3165 2806 3199 2876 ή
3240 2804 3311 2874 γῆ
3346 2802 3647 2874 στρέφηται

2065 2899 2444 2973 ταρασσομένη
2464 2938 2478 2962 ,
2518 2897 2620 2952 κᾶν
2647 2899 2717 2952 τὰ
2747 2898 2850 2969 ὅρη
2875 2897 2973 2970 τὴν
3002 2895 3206 2951 οἰκείαν
3233 2894 3393 2967 ἐδραν
3419 2893 3648 2967 καταλι-

2068 2994 2237 3047 πόντα
2256 3031 2271 3055 ,
2302 2989 2436 3063 πρὸς
2471 2989 2541 3043 τὰ
2581 2989 2721 3061 μέσα
2756 2988 3071 3060 μεθίσταται
3103 2986 3202 3059 τῆς
3230 2985 3528 3057 θαλάσσηςο
3559 2985 3649 3040 Οὐ

390 3113 624 3158 beamus
651 3096 919 3166 refugium
947 3092 1313 3158 virtutemque
1349 3094 1404 3140 et
1447 3084 1749 3154 adiutorem
1780 3081 1832 3135 in
1865 3082 1963 3134 tri-

2069 3085 2544 3155 φοϐηθησόμεθα,
2577 3081 2666 3135 διὰ
2691 3080 2750 3134 τὸ
2773 3080 2916 3150 ἔχειν
2942 3080 3032 3134 τὸν
3053 3078 3185 3133 Θεὸν
3212 3076 3527 3147 καταφυγὴν
3550 3077 3652 3129 καὶ

404 3190 789 3253 bulationibus,
817 3199 938 3255 quae
972 3183 1292 3236 invenerunt
1326 3191 1426 3232 nos
1460 3174 1642 3229 nimis.
1671 3172 1965 3241 Gaiusnttm

2069 3175 2295 3247 ὥναμιν
2318 3174 2418 3229 καὶ
2459 3171 2652 3245 βοηθὸν
2684 3173 2741 3225 ἐν
2768 3171 2980 3241 θλίψεσι
3017 3172 3137 3234 ταῖς
3170 3168 3455 3241 εὑρούσαις
3496 3168 3651 3238 ἡμᾶς

390 3301 496 3342 τοι·
530 3281 860 3353 impavidum
900 3275 1068 3340 adeo,
1116 3271 1399 3338 cuiusnam
1433 3268 1795 3338 cogitationes
1833 3267 1967 3320 adeo

2071 3269 2299 3340 σφόδρα.
2338 3267 2493 3329 Τίνος
2525 3265 2697 3329 οὕτως
2735 3264 3006 3336 ἀπτὸητος
3039 3264 3072 3334 ἠ
3118 3261 3344 3331 καρδία,
3374 3260 3519 3322 τίνος
3555 3258 3655 3311 οὔ·

404 3385 531 3431 sunt
554 3369 979 3442 imperturbata,
1010 3378 1071 3421 ut
1093 3365 1238 3420 illius
1266 3363 1482 3417 animus
1512 3360 1566 3415 in
1605 3368 1753 3412 tanta
1780 3356 1970 3411 confu-

405 3469 557 3525 sione
594 3464 667 3520 sit
710 3463 779 3517 ad
814 3461 983 3516 Deum
1019 3459 1282 3523 intentus,
1324 3469 1388 3509 ac
1422 3461 1644 3523 propter
1672 3450 1967 3519 repositam

2073 3449 2331 3521 συγχύσει
2380 3447 2635 3502 τετάσθαι
2679 3449 2747 3517 τῇ
2792 3446 3002 3518 διανοίᾳ
3052 3444 3189 3516 πρὸς
3226 3444 3317 3498 τὸν
3354 3442 3508 3507 Θεὸν,
3554 3445 3654 3496 καὶ

406 3575 458 3613 ιη
485 3558 604 3627 ipso
647 3568 799 3625 spem
839 3566 906 3607 ex
943 3549 1093 3605 nullo
1138 3561 1322 3603 rerum
1356 3552 1553 3599 eventu
1584 3539 1967 3612 perturbetur?

2070 3546 2160 3601 διὰ
2189 3544 2288 3616 τὴν
2332 3543 2466 3614 πρὸς
2500 3541 2659 3595 αὐτὸν
2688 3540 2896 3603 ἐλπίδα,
2930 3540 3022 3592 ἐπὶ
3066 3536 3256 3609 μηδενὶ
3295 3535 3405 3589 τῶν
3430 3534 3656 3607 γινομέ-

2067 3375 2177 3421 τως
2224 3356 2487 3427 ἀτάραχοι
2535 3355 2586 3405 οἱ
2636 3353 2907 3423 λογισμοὶ,
2956 3350 3097 3404 ὥστε
3143 3350 3201 3402 ἐν
3232 3351 3299 3419 τῇ
3346 3347 3650 3418 τηλικαύτῃ
3754 3353 3766 3359 “

396 3649 514 3704 Nos
540 3661 671 3702 vero
703 3642 939 3700 hominis
971 3641 1104 3697 iram
1138 3653 1243 3694 non
1275 3636 1642 3700 sustinemus;
1677 3643 1772 3687 aut
1804 3632 1973 3701 impe-

407 3751 553 3797 tente
587 3753 685 3794 nos
713 3750 870 3801 cane,
922 3743 1018 3789 aut
1062 3730 1171 3787 alio
1226 3728 1421 3801 quovis
1470 3725 1713 3793 animali,
1746 3738 1852 3779 non
1905 3723 1972 3777 ad

401 3833 575 3887 Deum
609 3828 926 3899 respicimus
963 3824 1266 3895 adiutorem
1303 3829 1552 3877 nostrum
1585 3819 1639 3874 in
1673 3816 1974 3874 tribulatio-

408 3924 588 3991 nibus,
625 3922 720 3976 sed
774 3900 1065 3989 stupefacti
1099 3915 1171 3970 ad
1221 3929 1321 3969 nos
1370 3913 1520 3984 ipsos
1580 3911 1973 3967 convertimur.

406 4013 579 4070 Vens.
611 4012 667 4068 4.
702 4010 1002 4065 Sonuerunt
1048 4016 1097 4061 et
1143 4006 1368 4061 turbatae
1414 4014 1535 4058 sunt
1577 4016 1727 4071 aqua:
1774 4015 1973 4053 eorum.

412 4107 559 4162 Dixit
603 4103 809 4158 telluris
858 4098 1327 4156 conturbationem
1385 4109 1454 4149 ac.
1482 4092 1745 4149 montium
1795 4101 1977 4148 trans.

2071 3652 2179 3691 νων
2221 3631 2650 3706 ἐκπλήττεσθαι;
2701 3631 2890 3701 Ἡμεῖς
2933 3629 2990 3683 δέ
3030 3627 3314 3699 ἀνθρώπου
3344 3628 3513 3701 ὀργὴν
3550 3628 3655 3697 οὐχ

2074 3725 2450 3798 ὑπομένομεν
2491 3723 2525 3794 ἢ
2571 3722 2733 3785 κυνὸς
2776 3719 3198 3791 ἐπιδραμόντος,
3247 3719 3280 3790 ἢ
3313 3717 3472 3772 ἄλλου
3502 3716 3655 3780 τινὸς

2075 3817 2286 3891 θηρίου,
2313 3817 2374 3871 ού
2405 3815 2539 3887 πρὸς
2569 3813 2702 3867 Θεὸν
2728 3811 3109 3882 ἀποϐλέπομεν
3137 3811 3229 3864 τὸν
3259 3809 3453 3880 βοηθὸν
3489 3810 3523 3880 ὴ
3533 3807 3654 3880 μῶν

2076 3913 2134 3965 ἐν
2164 3912 2286 3972 ταῖς
2316 3908 2580 3978 θλίψεσιν,
2613 3903 2751 3958 ἀλλά
2789 3902 3206 3974 διαπτοηθέντες
3237 3902 3376 3972 πρὸς
3422 3900 3656 3963 ἑαυτοὺς

2077 3996 2534 4072 ἐπιστρεφόμεθα.
2584 3998 2864 4065 Ἥχησαν
2931 3994 3030 4048 καὶ
3105 3991 3524 4062 ἐταράχθησαν
3578 3990 3660 4045 τὰ

2076 4092 2267 4146 ὕδατα
2294 4087 2510 4144 αὐτῶν.
2546 4083 2681 4140 Εἶπε
2707 4085 2810 4156 γῆς
2843 4085 3109 4157 ταραχὴν,
3134 4085 3227 4139 καί
3255 4084 3399 4153 ὀρῶν
3425 4081 3658 4155 μετάθε-

411 4198 665 4253 lationem
711 4212 729 4250 :
779 4192 948 4249 maris
993 4204 1210 4260 quoque
1263 4187 1685 4244 commotionem
1738 4184 1874 4240 dicit
1923 4191 1967 4237 el

2081 4196 2165 4234 σιν
2185 4197 2197 4209 ·
2227 4179 2377 4247 λέγει
2400 4178 2494 4232 καὶ
2514 4176 2786 4248 θαλάσσης
2813 4175 2973 4230 σάλον
3009 4175 3102 4228 καὶ¹
3126 4172 3458 4247 ἀνατροπὴν,
3486 4173 3655 4244 μέσον

406 4289 769 4349 eversionem,
813 4284 1088 4340 montibus
1123 4282 1175 4337 in
1223 4281 1462 4336 medium
1508 4278 1735 4349 pelagus
1766 4274 1967 4332 ruenti-

2079 4269 2188 4323 τῶν
2228 4270 2398 4340 ὀρέων
2439 4270 2551 4331 τοῖς
2596 4266 2890 4336 πελάγεσιν
2928 4266 3327 4337 ἐμπιπτόντων.
3380 4266 3659 4334 Ἦχησαν

412 4383 532 4439 bus.
557 4377 855 4434 Souuerunt
874 4383 922 4429 et
945 4373 1168 4428 turbata:
1192 4380 1315 4428 sunt
1337 4385 1488 4442 aqute
1507 4384 1688 4424 eorum
1698 4384 1719 4434 ;
1745 4367 1967 4422 marium

2081 4362 2179 4416 καὶ
2200 4360 2618 4430 ἐταράχθησαν
2641 4357 2714 4413 τὰ
2738 4358 2925 4413 ὕδατα
2958 4355 3155 4413 αὐτῶν
3176 4373 3192 4389 ·
3233 4358 3341 4411 τῶν
3370 4354 3659 4410 θαλασσῶν

413 4468 698 4528 videlicet.-
728 4464 1056 4535 Ampliorem
1104 4468 1283 4516 autem
1333 4457 1797 4529 perturbationem
1828 4454 1967 4511 exei-

2080 4450 2340 4521 δηλονότι.
2403 4449 2526 4502 Ἐπὶ
2556 4447 2717 4503 πλέον
2758 4447 2815 4501 δὲ
2854 4450 3088 4502 ποιεῖται
3132 4445 3231 4518 τὴν
3275 4445 3388 4516 (5‘2)
3437 4446 3496 4498 ἐν
3540 4446 3658 4508 τοῖς

414 4568 534 4616 tant
556 4558 610 4615 in
637 4556 792 4626 aquis
819 4564 1031 4611 montes
1063 4551 1188 4623 ipsi,
1221 4552 1264 4607 si
1291 4551 1343 4605 in
1368 4548 1502 4605 mari
1530 4546 1673 4602 ﬁrmi
1699 4561 1806 4601 non
1828 4557 1967 4613 sunt,

2087 4540 2243 4594 ὕδασι
2273 4540 2517 4612 ταραχὴν
2558 4539 2698 4595 αὑτά
2738 4538 2810 4593 τὰ
2852 4539 2953 4611 ὅρη
3001 4538 3074 4610 μὴ
3109 4536 3425 4609 ἐνιδρυμένα
3457 4538 3522 4607 τῇ
3555 4535 3657 4589 θα-

414 4649 509 4705 sed
542 4624 757 4719 propria
782 4645 1079 4717 agitatione
1112 4640 1336 4696 multum
1372 4637 1530 4708 aquis
1569 4634 1802 4692 ali‘erunt
1831 4649 1967 4690 com-

2089 4631 2284 4702 λάσσῃ,
2311 4630 2446 4686 ἀλλὰ
2487 4629 2566 4702 τῷ
2591 4630 2776 4701 οἰκείῳ
2809 4629 2954 4699 σάλῳ
2990 4627 3158 4681 πολὺν
3189 4624 3516 4697 ἐμποιοῦντα
3557 4624 3659 4678 τὸν

417 4718 689 4794 motionis.
725 4734 856 4790 Cum
898 4733 1062 4805 igitur
1097 4741 1241 4784 terra
1269 4728 1536 4791 turbatur,
1576 4732 1633 4781 et
1666 4737 1819 4794 aquae
1864 4736 1967 4776 ma-

2086 4722 2272 4778 κλόνον
2304 4726 2414 4788 τοῖς
2444 4723 2652 4777 ὕδασιν.
2684 4722 2815 4775 Ὀτε
2842 4721 3019 4773 τοίνυν
3070 4720 3105 4791 ἡ
3159 4719 3257 4791 μὲν
3291 4718 3365 4789 γῆ
3391 4718 3660 4790 ταράσσε-

418 4831 556 4905 rium
593 4827 756 4883 edent
788 4839 1001 4888 sonum,
1028 4831 1084 4877 et
1116 4836 1183 4876 ex
1227 4818 1494 4891 profundo
1524 4813 1808 4877 ebullient,
1854 4827 1967 4867 cum

2084 4831 2198 4881 ται,
2234 4813 2402 4869 ὕδατα
2441 4814 2497 4869 δὲ
2525 4812 2807 4868 θαλασσῶν
2839 4813 3030 4882 ἡχήσει
3064 4810 3156 4864 καὶ
3185 4809 3660 4881 ἀναϐρασθήσεται

420 4902 632 4974 montes
688 4916 1089 4970 transferuntur
1138 4921 1192 4967 et
1238 4906 1701 4980 perturbationem
1756 4902 1967 4957 multatr

2089 4908 2154 4960 ἐκ
2184 4907 2380 4977 βυθῶν,
2408 4908 2509 4980 ὅρη
2532 4907 2590 4961 δέ
2620 4905 2963 4977 μετατίθεται
2986 4903 3080 4957 καὶ
3104 4901 3269 4956 πολὺν
3291 4899 3546 4972 ὑπομένει
3566 4900 3659 4952 τὸν

418 5011 727 5076 sustinent,
781 5022 879 5078 per
918 5012 1332 5075 exsuperantem
1380 4998 1595 5056 Domini
1640 4996 1967 5078 potentiam:

2090 4999 2346 5068 τάραχον,
2375 4997 2463 5051 διὰ
2495 4996 2555 5050 τὸ
2594 4992 2929 5067 ὑπερϐάλλον
2972 4992 3070 5063 τῆς
3104 4989 3385 5061 δυνάμεως
3416 4986 3511 5042 τοῦ
3544 4988 3659 5041 Κυ-

422 5076 808 5172 tunc,inquit,
854 5114 951 5154 cor
989 5096 1441 5167 imperturbatum
1489 5076 1797 5161 permanet,
1843 5101 1967 5157 qum

2099 5087 2245 5159 piou'
2276 5088 2416 5154 τότε,
2450 5089 2636 5160 φησὶν,
2665 5086 2934 5156 άπτόητος
2957 5083 3113 5156 ἡμῶν
3145 5089 3179 5155 η
3207 5081 3403 5154 καρδία
3430 5080 3524 5135 τοῦ
3553 5082 3660 5134 ἀσ-

491 5199 539 5231 “
566 5196 755 5252 Matth.
792 5211 889 5260 vn,
926 5195 1016 5263 15,
1042 5193 1131 5250 14.
1243 5191 1290 5222 ⁸⁸
1329 5188 1488 5244 Rom.
1529 5201 1583 5251 ν,
1622 5185 1677 5249 5,
1708 5181 1767 5236 4.
1881 5181 1932 5213 ’⁸
1964 5223 1967 5231 ς

459 5269 505 5302 ’⁸
543 5267 701 5321 Rom.
742 5280 795 5329 ν,
838 5265 894 5319 5.

2074 5218 2088 5233 .
2131 5198 2243 5247 xw,
2283 5182 2373 5238 2i.
2448 5184 2495 5216 ⁸⁷
2536 5182 2679 5238 Psal.
2722 5196 2917 5245 χχχιιι,
2954 5180 3045 5235 20.
3121 5178 3168 5210 ⁸⁸
3208 5178 3367 5233 Ruit).
3406 5193 3523 5239 vm,
3563 5177 3657 5233 57.

497 5379 608 5450 (50)
636 5378 712 5450 ita
731 5393 876 5450 ⁸ιιιςε.
904 5389 1093 5450 novem
1111 5388 1234 5450 cu_m
1260 5369 1475 5450 vulgato
1500 5365 1796 5450 Scriptum
1814 5372 1982 5450 testu.

425 5432 575 5503 Editii
590 5432 693 5572 τήν
723 5445 997 5519 βασιλείαν
1018 5442 1125 5497 τῶν
1142 5432 1402 5512 οὐρανῶν.
1431 5437 1546 5492 Mox
1565 5432 1827 5489 editicum
1850 5432 1986 5500 Reg.

426 5518 614 5572 quinto
700 5518 964 5572 γενναῖος.
999 5514 1107 5568 Alii
1141 5526 1236 5566 sex
1275 5524 1408 5564 mss.
1449 5510 1478 5561 ὁ
1504 5503 1791 5572 γενναίως,
1825 5511 1881 5556 et
1912 5501 1986 5555 ita

426 5501 614 5586 quinto
634 5501 964 5586 όγενναίος.
999 5514 1107 5568 Alii
1141 5501 1236 5586 scit
1275 5524 1408 5586 mss.
1449 5510 1478 5561 ὁ
1504 5503 1791 5585 γενναίως,
1825 5511 1881 5556 et
1906 5501 1987 5586 ita

426 5573 881 5651 legendum'esse,
912 5573 957 5639 si
989 5598 1105 5651 non,
1149 5580 1381 5635 aliunde.
1409 5588 1462 5631 at
1510 5573 1576 5630 ex
1625 5573 1869 5644 proxima
1905 5578 1989 5625 ta-

429 5650 549 5727 men
570 5671 703 5727 voce
726 5654 1037 5727 ἀταράχως,
1062 5650 1221 5721 plane
1254 5654 1547 5727 constaret.

501 5708 741 5780 (διιείε
768 5708 891 5781 ocio
908 5708 1078 5779 ’ἷιιεέιζ⁵
1099 5734 1222 5775 cum
1254 5718 1486 5772 editione
1533 5712 1693 5770 Basil.
1735 5711 1804 5767 At
1833 5708 1985 5766 Colb.

2092 5369 2279 5416 sextus
2307 5367 2363 5412 et
2394 5357 2560 5412 editio
2591 5355 2767 5410 Paris.
2810 5354 2912 5425 τῆς
2946 5354 3038 5425 είς
3070 5350 3217 5425 Θεὸν
3262 5348 3660 5425 πεποιθήσεως.

2165 5428 2277 5500 (52)
2303 5427 2455 5482 Colb.
2483 5429 2690 5497 primus
2729 5419 3015 5500 ποιεῖ’τήχ.
3066 5421 3175 5500 ﬁco
3205 5419 3658 5500 ita.tnultonintra

2094 5488 2497 5568 quinqueunss:
2531 5495 2921 5568 cumgcditione
2949 5488 3129 5568 'Basil.
3160 5488 3455 5568 ποιοῦντα..
3479 5488 3663 5568 Editio

2094 5558 2224 5622 vero
2247 5558 2438 5622 'Paris.
2484 5581 2606 5621 cum
2636 5566 2789 5618 Colh.
2832 5571 2987 5618 sexto
3014 5558 3366 5630 ἐμποιοῦντα.
3403 5558 3663 5630 Subinde

2096 5653 2226 5691 mss.
2265 5647 2377 5691 tres
2415 5639 2448 5708 ἡ
2481 5638 2576 5708 μὲν
2608 5635 2701 5704 γῆ.
2746 5632 2946 5688 Vocula
2977 5628 3077 5703 μέν
3108 5632 3161 5684 in
3194 5629 3355 5685 editis
3383 5628 3663 5682 desidera-

2096 5708 2274 5763 batur.

3306 5779 3344 5802 ει
