4016 6220
322 365 420 417 421

1452 359 1738 410 t-IUMILIA
1778 360 1842 406 IN
1884 356 2216 406 PbALMUM
2257 354 2414 407 λιιν.

3469 357 3573 411 ιεε

325 481 510 549 φαλεῖς
559 478 653 530 καὶ
701 475 921 546 βεϐαίας
970 475 1113 546 ἔχειν
1167 476 1260 528 ἐπὶ
1309 474 1439 527 Θεὸν
1499 475 1596 537 τὰς
1653 473 1896 536 ἐλπίδας.

2007 481 2150 527 tutas
2183 473 2478 540 ﬁrmasque
2520 471 2572 525 in
2607 471 2716 528 Deo
2750 487 2878 542 spes
2921 471 3138 528 habeat.
3199 471 3419 528 Turbati
3455 484 3576 529 sunt

337 571 785 640 Ἐταρὰχθησαν
811 571 885 623 τὰ
916 569 1020 637 ὄρη
1054 569 1124 620 ἐν
1154 567 1228 635 τῇ
1267 568 1641 635 κραταιότητι
1689 567 1896 620 αὐτοῦ.

325 662 556 714 Δύνασαι
585 660 677 713 καὶ
711 659 987 731 τροπικῶς
1015 657 1262 712 ἐκλαϐεῖν
1289 658 1388 730 τὴν
1417 658 1654 713 διάνοιαν
1679 658 1772 710 τοῦ
1804 661 1900 729 ρη-

323 750 440 816 τοῦ,
476 751 582 820 ὄρη
626 750 906 821 ὀνομάζων
946 750 1073 813 τοὺς
1123 749 1656 821 μεγαλοφρονοῦντας
1687 750 1779 804 ἐπὶ
1822 750 1900 819 τῷ

326 843 530 895 ἑαυτῶν
582 842 829 913 μεγέθει,
867 841 1194 911 ἀγνοοῦντας
1242 841 1300 894 δέ
1345 842 1443 913 τὴν
1473 841 1566 895 τοῦ
1600 842 1734 895 Θεοῦ
1764 860 1901 914 κρα-

324 936 602 1006 ταιότητα,
634 935 728 987 καὶ
749 935 1020 1005 ὐπερυψου
1030 935 1222 1004 μένους
1250 935 1392 988 κατὰ
1417 936 1516 1006 τῆς
1535 934 1791 1003 γνώσεως
1807 935 1901 988 τοῦ

327 1027 482 1093 Θεοῦ,
522 1023 640 1080 εἶτα
685 1027 1018 1097 νικωμένους
1052 1026 1155 1078 ὑπὸ
1182 1026 1290 1081 τῶν
1331 1026 1468 1097 μετὰ
1497 1026 1778 1097 δυνάμεως
1811 1028 1903 1080 καὶ

329 1118 520 1188 σοφίας
545 1117 950 1188 πρεσϐευόντων
979 1118 1070 1170 τὸν
1096 1119 1192 1188 τῆς
1221 1118 1410 1187 σοφίας
1438 1118 1616 1187 λόγον,
1644 1119 1738 1173 καὶ
1765 1120 1902 1188 μετὰ

325 1205 424 1276 τὴν
455 1205 800 1276 συναίσθησιν
833 1207 929 1276 τῆς
969 1205 1177 1269 ἑαυτῶν
1220 1207 1493 1277 πτωχείας
1538 1207 1904 1277 φοϐουμένους

325 1297 414 1349 τὸν
447 1295 673 1367 Κύριον,
711 1296 806 1349 καὶ
836 1297 1399 1366 ὐποταπεινουμένους
1449 1299 1515 1368 τῇ
1553 1298 1903 1367 κραταιότητι

327 1386 513 1439 αὐτοῦ.
556 1387 626 1438 Ἦ
655 1387 796 1456 τάχα
830 1387 926 1440 καὶ
955 1389 1004 1440 oi
1039 1387 1296 1458 ἄρχοντες
1325 1387 1419 1441 τοῦ
1459 1387 1654 1451 αἰῶνος
1689 1388 1900 1452 τούτου,

327 1479 420 1531 καὶ
442 1478 676 1549 πατέρες
701 1479 802 1549 τῆς
833 1479 1211 1550 ἀπολλυμένης
1247 1479 1459 1547 σοφίας,
1492 1478 1596 1548 ὄρη
1627 1479 1720 1532 καὶ
1752 1480 1906 1533 αὐτοὶ

326 1569 590 1639 λέγονται,
620 1573 1012 1643 ταρασσόμενοι
1055 1574 1112 1624 ἐν
1141 1575 1206 1642 τῇ
1239 1572 1330 1624 τοῦ
1364 1571 1600 1644 Χριστοῦ
1641 1571 1902 1642 κραταιό-

327 1677 449 1730 τητι
469 1702 484 1726 ,
513 1663 580 1731 ἢν
606 1663 662 1715 ἐν
689 1661 766 1732 τῷ
801 1662 968 1730 ἀγῶνι
996 1663 1084 1715 διὰ
1118 1663 1212 1716 τοῦ
1245 1662 1477 1734 σταυροῦ
1507 1663 1617 1731 (55)
1649 1662 1783 1732 πρὸς
1815 1662 1905 1715 τὸν

327 1751 388 1804 τὸ
413 1752 613 1822 κράτος
646 1753 834 1823 ἔχοντα
861 1755 953 1808 τοῦ
1003 1755 1232 1808 θανάτου
1264 1751 1594 1818 ἐπεδείξατο.
1645 1753 1903 1806 Ἀπεκδυ-

2004 575 2202 617 utentes
2246 565 2301 616 in
2344 563 2654 631 fortitudine
2680 562 2816 634 ejus.
2853 563 3012 620 Potes
3042 566 3206 620 etiam
3241 566 3368 621 dicti
3418 567 3576 634 hujus

2002 669 2217 710 sensum
2246 671 2344 724 per
2367 655 2741 723 metaphoram
2769 670 3062 726 exponere,
3082 667 3282 712 montes
3302 658 3577 728 appellans

1999 759 2116 810 eos,
2153 744 2245 813 qui
2287 745 2357 798 ob
2408 759 2561 797 suam
2606 745 3030 813 magnitudinem
3083 747 3433 813 insolescunt,
3479 747 3576 802 Dei

2001 844 2131 884 vero
2163 830 2533 885 fortitudinem
2574 832 2846 901 ignorant,
2898 842 2953 887 et
2985 835 3254 890 extollunt
3292 852 3414 892 sese
3446 851 3579 891 cou-

2005 930 2085 975 tra
2129 920 2222 976 Dei
2263 921 2544 976 scientiam
2583 939 2596 976 :
2638 922 2729 992 qui
2785 931 2962 976 tamen
3009 929 3348 994 postmodum
3391 929 3460 982 ab
3509 929 3576 982 iis

2005 1015 2094 1083 qui
2148 1029 2271 1067 cum
2327 1016 2527 1069 virtute
2580 1023 2635 1069 et
2689 1015 2951 1084 sapientia
3017 1018 3240 1072 verbum
3299 1020 3580 1090 sapientia:

2005 1105 2325 1174 praedicant,
2370 1116 2700 1175 superantur
2731 1109 3138 1178 vincunturque
3162 1150 3177 1175 ,
3213 1121 3267 1166 et
3293 1127 3404 1166 sua:
3433 1112 3580 1180 ipso—

2007 1215 2123 1252 rum
2167 1201 2360 1269 inopize
2408 1200 2535 1255 facti
2566 1202 2794 1268 conscii,
2826 1203 3019 1257 timent
3060 1204 3366 1268 Dominum,
3415 1220 3482 1259 ac
3517 1219 3579 1259 se

2007 1292 2127 1361 ejus
2163 1292 2421 1360 potentia!
2453 1293 2795 1348 submittunt.
2852 1301 2958 1348 Aut
3002 1294 3252 1350 fortassis
3282 1308 3336 1350 et
3371 1297 3579 1364 princi-

2007 1399 2103 1452 pes
2137 1385 2320 1439 smculi
2375 1385 2555 1452 hujus,
2614 1395 2670 1440 et
2722 1398 2904 1456 patres
2960 1388 3242 1456 sapientia:
3298 1390 3576 1456 perituris,

2006 1482 2204 1526 utentes
2234 1473 2486 1528 dicuntur
2525 1484 2580 1528 et
2609 1475 2732 1544 ipsi,
2765 1478 2855 1544 qui
2905 1479 3103 1532 turbati
3133 1487 3258 1532 sunt
3290 1480 3340 1532 in
3375 1478 3577 1534 Christi

2013 1560 2363 1629 fortitudine,
2395 1581 2555 1634 quam
2589 1567 2640 1621 in
2677 1569 2857 1622 crucis
2885 1570 3182 1624 certamine
3225 1578 3416 1625 contra
3452 1585 3577 1624 eum

2008 1655 2099 1722 qui
2145 1655 2429 1724 imperium
2495 1660 2687 1712 mortis
2744 1659 3017 1723 habebat,
3065 1663 3320 1716 ostendit.
3373 1663 3580 1716 Exutus

2009 1744 2154 1798 enim
2183 1745 2348 1800 veluti
2380 1760 2678 1816 generosus
2707 1749 2978 1818 quispiam
3027 1750 3253 1815 athleta,
3301 1752 3577 1820 principa-

332 1843 563 1912 σάμενος
589 1845 718 1916 γὰρ,
751 1845 937 1918 ὥσπερ
978 1863 1063 1910 τις
1099 1850 1340 1915 γενναῖος
1396 1847 1723 1916 ἀγωνιστὴς,
1766 1863 1901 1899 κατ-

2009 1842 2091 1887 tus
2126 1849 2190 1888 ac
2226 1844 2521 1902 potestates
2570 1840 2881 1906 superavit,
2925 1855 2990 1894 ac
3029 1839 3320 1896 Ostentavit
3371 1841 3575 1911 palam,

330 1935 591 1988 επά).αισε
624 1937 721 2000 τὰς
753 1939 926 2008 ἀρχὰς
971 1940 1066 1992 καὶ
1097 1939 1196 2002 τὰς
1233 1937 1519 2022 ἐξουσίαςι
1559 1939 1654 1991 κα).
1694 1938 1906 2006 Ἐδειγ-

322 2026 578 2096 μάτισεν
601 2028 671 2081 ἐν
701 2029 1023 2097 παρῤησίᾳ,
1051 2031 1447 2099 θριαμϐεύσας
1477 2029 1698 2094 αὐτοὺς
1723 2030 1793 2081 ἐν
1825 2027 1905 2093 τῷ

332 2119 518 2186 ξύλῳ.

399 2211 454 2266 4.
496 2212 605 2265 Τοῦ
639 2211 905 2279 ποταμοῦ
937 2211 1010 2264 τὰ
1040 2210 1346 2280 ὀρμήματα
1370 2214 1763 2282 εὐφραίνουσι
1791 2213 1902 2284 (54)

329 2299 444 2367 τὴν
477 2300 657 2353 πόλιν
692 2299 798 2353 τοῦ
839 2299 1005 2353 Θεοῦ.
1047 2300 1126 2353 Τὰ
1162 2300 1260 2369 μὲν
1299 2301 1518 2372 ἁλμυρὰ
1561 2301 1730 2356 ὕδατα
1778 2321 1907 2373 σφο-

328 2393 469 2463 δρῶς
494 2393 598 2446 ὐπὸ
628 2392 735 2445 τῶν
762 2392 1083 2462 πνευμάτων
1109 2392 1554 2464 ἐκταρασσόμενα
1580 2397 1790 2468 ἤχησαν
1813 2398 1908 2450 καὶ

330 2484 706 2555 ἐταράχθησαν
726 2501 740 2516 ·
773 2485 840 2537 τὰ
866 2484 922 2536 δὲ
949 2485 1044 2538 τοῦ
1070 2483 1315 2554 ποταμοῦ
1347 2487 1489 2556 ὁρμή
1501 2504 1644 2556 ματα
1671 2489 1907 2558 ἀψοφητὶ

332 2575 606 2645 προϊόντα,
638 2575 730 2626 καὶ
758 2575 932 2645 ἡσυχῆ
965 2577 1077 2638 τοῖς
1104 2575 1274 2641 ἀξίοις
1304 2575 1402 2645 τῆς
1444 2577 1708 2649 ὑποδοχῆς
1755 2581 1909 2652 ἐπιρ-

335 2665 545 2735 ρέοντα,
577 2665 920 2735 εὐφραίνουσι
947 2666 1045 2737 τὴν
1078 2668 1229 2720 πόλιν
1258 2669 1352 2722 τοῦ
1397 2668 1554 2724 Θεοῦ.
1601 2672 1710 2724 Καὶ
1754 2672 1847 2725 νῦν
1880 2676 1909 2727 ό

332 2757 537 2819 δίκαιος
581 2757 726 2808 πίνει
770 2756 831 2808 τὸ
877 2758 984 2821 ζῶν
1017 2758 1180 2829 ὕδωρ,
1229 2761 1322 2812 καὶ
1361 2758 1586 2832 ὕστερον
1629 2763 1686 2816 δέ
1725 2764 1908 2817 πίεται

333 2845 725 2916 ἀφθονώτερον,
771 2845 929 2917 ἡνίκα
964 2847 1029 2901 ἂν
1076 2847 1516 2922 πολιτογραφηθῇ
1561 2854 1619 2904 ἐν
1659 2856 1724 2924 τῇ
1758 2855 1908 2908 πόλει

330 2938 424 2989 τοῦ
451 2937 604 2990 Θεοῦ.
649 2938 807 2992 Ἀλλὰ
851 2938 944 2992 νῦν
982 2941 1078 3011 μὲν
1116 2941 1182 2994 δι’
1217 2941 1479 3013 ἐσόπτρου
1511 2946 1604 2998 καὶ
1632 2947 1690 2999 ἐν
1730 2949 1908 3016 αἰνίγ-

342 3047 473 3098 ματι
526 3031 707 3094 πίνει,
760 3031 847 3084 διὰ
893 3032 991 3101 τὴν
1041 3034 1182 3087 κατὰ
1217 3035 1390 3107 βραχὺ
1442 3037 1746 3109 κατάληψιν
1801 3041 1909 3095 τῶν

331 3120 488 3172 θείων
520 3119 889 3191 θεωρημάτων
912 3139 924 3152 ·
962 3121 1081 3175 τότε
1107 3123 1163 3175 δέ
1193 3124 1328 3194 ὁμοῦ
1357 3126 1790 3200 πλημμυροῦντα
1815 3131 1906 3184 τὸν

332 3209 570 3279 ποταμὸν
602 3209 935 3276 ὑποδέξεται,
973 3212 1154 3265 πᾶσαν
1201 3212 1267 3264 δι’
1302 3215 1640 3288 εὐφροσύνης
1681 3219 1904 3273 ἐπικλύ-

331 3301 443 3364 ζειν
473 3301 764 3372 δυνάμενον
796 3302 894 3372 τὴν
932 3301 1083 3355 πόλιν
1154 3304 1249 3357 τοῦ
1285 3304 1442 3360 Θεοῦ.
1497 3308 1593 3372 Τίς
1628 3310 1672 3363 δ’
1707 3311 1772 3364 ἂν
1818 3312 1902 3384 εἴη

328 3394 356 3443 ό
389 3391 629 3462 ποταμὸς
660 3391 753 3444 τοῦ
783 3392 916 3444 Θεοῦ
961 3393 992 3464 ἢ
1033 3393 1094 3446 τὸ
1123 3395 1345 3466 Πνεῦμα
1390 3398 1452 3451 τὸ
1484 3398 1661 3468 ἅγιον,
1704 3403 1768 3455 ἐκ
1805 3404 1905 3473 τῆς

330 3484 564 3546 πίστεως
589 3483 696 3536 τῶν
727 3485 806 3547 είς
827 3485 1061 3555 Χριστὸν
1089 3490 1529 3544 πεπιστευκότων
1558 3494 1904 3564 ἐγγινόμενον

327 3576 440 3636 τοῖς
477 3573 684 3638 ἁξίοις;
723 3575 774 3626 Ὀ
816 3575 927 3644 γὰρ
955 3580 1278 3644 πιστεύων,
1314 3582 1499 3651 φησὶν,
1525 3585 1613 3650 εἰς
1641 3585 1764 3653 ἐμὲ,
1795 3603 1903 3638 πο-

329 3664 497 3733 ταμοὶ
526 3665 595 3718 ἐκ
622 3664 732 3734 τῆς
757 3666 988 3732 κοιλίας
1009 3669 1193 3723 αὐτοῦ
1213 3671 1512 3737 ῥεύσουσι
1535 3689 1547 3702 ⁸
1591 3677 1684 3726 καὶ
1709 3676 1866 3729 πάλιν
1887 3693 1899 3705 °

341 3757 476 3810 Ἐάν-
501 3774 591 3823 τις
619 3758 728 3826 πίῃ
757 3759 825 3812 ἐκ
858 3759 962 3812 τοῦ
990 3760 1208 3826 ὕδατος
1230 3758 1301 3818 οὗ
1341 3762 1454 3832 ἐγὼ
1479 3763 1704 3834 δίδωμι,
1733 3767 1895 3835 ’γε-νή.-

327 3865 495 3903 σεται
520 3851 590 3902 ἐν
615 3850 775 3916 αὐτῷ
801 3851 964 3922 πηγὴ
1006 3853 1224 3919 ὕδατος
1256 3855 1594 3924 ἁλλομένου
1629 3861 1717 3925 εἰς
1753 3858 1904 3930 ζωὴν

325 3939 582 3995 αἰώνιον.
632 3936 799 4006 Οὗτος
837 3943 1016 3997 τοίνυν
1062 3946 1091 3997 ό
1124 3945 1364 4015 ποταμὸς
1408 3946 1687 4016 εὐφραίνει
1725 3951 1905 4004 πᾶσαν

325 4033 459 4102 ὁμοῦ
488 4032 586 4105 τὴν
617 4032 772 4086 πόλιν
823 4033 915 4087 τοῦ
944 4033 1077 4088 Θεοῦ
1101 4076 1115 4100 ,
1150 4036 1267 4108 ἦτοι
1292 4037 1390 4108 τὴν
1424 4038 1750 4110 Ἐκκλησίαν
1795 4042 1904 4098 τῶν

326 4126 387 4177 τὸ
413 4124 705 4196 πολίτευμα
732 4125 963 4196 ἐχόντων
987 4130 1046 4181 ἐν
1078 4128 1326 4199 οὐρανοῖς
1347 4147 1360 4160 ’
1390 4129 1422 4201 ἢ
1454 4133 1632 4186 πᾶσαν
1659 4133 1758 4205 τὴν
1783 4151 1905 4207 νοη-

327 4219 422 4276 τὴν
461 4217 636 4270 κτίσιν
687 4219 794 4270 ἀπὸ
841 4219 948 4272 τῶν
1005 4221 1390 4293 ὑπερκοσμίων
1433 4223 1713 4296 δυνάμεων
1743 4227 1903 4299 μέχρι

327 4311 435 4362 τῶν
467 4309 818 4382 ἀνθρωπίνων
841 4312 1026 4382 ψυχῶν
1058 4314 1211 4367 πόλιν
1252 4316 1357 4387 χρὴ
1387 4319 1527 4372 νοεῖν
1555 4320 1906 4392 εὐφραινομέο

327 4421 424 4474 νην
458 4404 684 4475 ὑπὸτῆς
727 4407 988 4478 ἐπιρροῆς
1032 4407 1126 4461 τοῦ
1177 4408 1332 4477 ἁγίου
1371 4412 1706 4483 Πνεύματος.
1753 4416 1901 4486 Ὀρί-

2005 1927 2335 1994 triumphans
2372 1929 2435 1982 de
2457 1928 2563 1983 illis
2587 1930 2644 1982 in
2668 1931 2809 1999 ligno
2842 1931 2881 1985 ί.

2077 2191 2132 2244 4.
2173 2190 2334 2245 Vens.
2361 2192 2414 2246 5.
2469 2191 2734 2249 Fluminis
2765 2196 2983 2264 impetus
3019 2197 3288 2268 lcetiﬁcant
3317 2202 3578 2257 civitatem

2007 2281 2125 2336 Dei.
2162 2283 2381 2337 Marium
2406 2285 2620 2352 quidem
2645 2303 2798 2356 aqua:
2821 2289 3170 2346 vehementer
3194 2307 3222 2345 a
3249 2295 3428 2348 ventis
3457 2309 3581 2362 per-

2009 2377 2239 2430 turbata:
2277 2388 2579 2432 sonuerunt
2617 2391 2673 2434 et
2711 2381 2940 2436 turbatae
2985 2391 3111 2437 sunt
3142 2403 3156 2440 :
3191 2386 3284 2439 sed
3337 2383 3580 2443 ﬂuminis

2010 2467 2242 2536 ipetus
2295 2469 2413 2523 sine
2471 2472 2703 2540 strepitu
2761 2473 3154 2541 procedentes,
3205 2486 3262 2531 et
3313 2486 3583 2547 quotquot

2009 2559 2154 2628 digni
2196 2571 2323 2612 sunt
2355 2560 2448 2630 qui
2479 2575 2573 2615 eos
2602 2564 2888 2630 recipiant,
2925 2565 2990 2620 iis
3031 2565 3224 2621 leniter
3249 2568 3578 2634 allabentes,

2011 2649 2291 2704 ltetiﬁcant
2357 2652 2634 2707 civitatem
2695 2655 2810 2710 Dei.
2880 2657 2946 2710 Et
3007 2673 3152 2713 nunc
3204 2658 3386 2727 justus
3447 2660 3582 2717 bibit

2015 2755 2212 2806 aquam
2243 2741 2420 2796 vivam
2453 2745 2495 2806 ³,
2532 2753 2692 2814 atque
2723 2755 2909 2816 postea
2950 2748 3221 2816 copiosius
3250 2748 3418 2816 bibet,
3454 2768 3579 2807 cum

2011 2832 2215 2887 civitati
2235 2834 2328 2887 Dei
2348 2837 2616 2907 ascriptus
2634 2836 2814 2893 fuerit.
2842 2840 2998 2910 173
3017 2842 3176 2910 Atqui
3194 2858 3336 2897 nunc
3357 2846 3576 2912 quidem

2011 2935 2106 2988 per
2135 2925 2410 2993 speculum
2453 2936 2507 2981 et
2557 2929 2610 2982 in
2647 2929 2975 3000 aenigmate8
3017 2932 3186 2999 bibit,
3232 2936 3301 2989 ob
3330 2935 3581 3004 exiguam

2011 3017 2318 3071 divinarum
2371 3020 2894 3088 contemplationum
2957 3026 3356 3094 perceptionem
3399 3043 3412 3080 :
3452 3037 3581 3084 tunc

2010 3123 2138 3165 vero
2162 3110 2323 3166 simul
2373 3121 2778 3182 restagnantem
2831 3114 3052 3171 ﬂuvium
3097 3131 3421 3189 excepturus
3474 3130 3578 3185 est,

2009 3203 2101 3270 qui
2139 3211 2302 3258 totam
2343 3204 2438 3260 Dei
2491 3206 2765 3261 civitatem
2822 3207 3007 3264 laetitia
3063 3202 3345 3268 inundare'
3386 3213 3576 3284 possit.

2007 3294 2140 3361 Quis
2193 3305 2372 3349 autem
2416 3297 2582 3351 fuerit
2628 3298 2824 3354 ﬂuvius
2883 3301 2986 3356 iste
3022 3302 3140 3367 Dei,
3186 3305 3289 3358 nisi
3345 3303 3582 3375 Spiritus

2005 3396 2247 3452 sanctus,
2286 3387 2377 3458 qui
2413 3388 2590 3458 dignis
2625 3389 2890 3454 illabitur,
2940 3397 3237 3450 secundum
3296 3397 3453 3452 ﬁdem
3481 3415 3581 3454 eo-

2009 3493 2127 3532 rum
2159 3479 2251 3547 qtti
2295 3480 2347 3532 in
2381 3479 2658 3536 Christum
2705 3484 3098 3540 crediderunt?
3143 3486 3250 3551 Qui
3283 3491 3440 3554 enim,
3491 3492 3579 3544 in-

2006 3573 2145 3640 quit,
2167 3576 2328 3627 credit
2353 3575 2405 3628 in
2427 3591 2525 3640 me,
2548 3577 2696 3644 ﬂuvii
2718 3581 2780 3632 de
2802 3588 2976 3632 ventre
2997 3578 3110 3647 ejus
3132 3583 3292 3649 ﬂuent
3311 3581 3352 3635 ⁸.
3377 3582 3441 3636 Ει
3459 3599 3580 3636 rur-

2007 3683 2139 3721 sus:
2171 3666 2231 3721 Si
2273 3669 2389 3738 quis
2420 3667 2603 3723 biberit
2643 3685 2707 3724 ea:
2747 3687 2884 3740 aqua
2921 3688 3077 3742 quam
3125 3689 3218 3743 ego
3253 3675 3354 3740 do,
3388 3676 3478 3745 ﬁet
3524 3679 3580 3732 in

2006 3775 2064 3812 eo
2105 3759 2224 3827 fons
2254 3776 2405 3830 aqua:
2437 3760 2675 3814 salientis
2714 3761 2766 3812 in
2803 3763 2968 3815 vitam
2994 3771 3245 3817 attentam
3267 3767 3309 3817 ⁸.
3349 3765 3446 3820 llic
3479 3768 3578 3820 ita-

2006 3867 2110 3919 que
2158 3851 2352 3905 ﬂuvius
2385 3865 2598 3904 omnem
2647 3851 2807 3905 simul
2861 3852 2951 3907 Dei
3010 3853 3284 3909 civitatem
3319 3857 3575 3924 laetiﬁcat,

2007 3959 2205 4013 nempe
2237 3952 2436 3997 emtum
2465 3958 2676 4008 eorum,
2709 3944 2800 4013 qui
2837 3959 2988 3999 suam
3025 3946 3078 4000 in
3105 3948 3260 4004 ccelis
3287 3964 3580 4006 conversa-

2007 4034 2206 4088 tionem
2270 4034 2474 4089 babent
2511 4053 2525 4090 :
2557 4046 2652 4090 aut
2698 4051 2915 4092 omnem
2955 4049 3262 4094 creaturam
3301 4043 3577 4099 intellectu

2006 4126 2310 4196 praeditam,
2341 4141 2372 4181 a
2402 4127 2698 4184 virtutibus
2727 4131 3036 4186 ccelestibus
3065 4147 3237 4203 usque
3273 4134 3338 4189 ad
3371 4137 3578 4193 animas

2009 4219 2317 4284 humanas,
2389 4218 2664 4274 civitatem
2724 4221 2948 4293 intelligi
3019 4233 3271 4293 oportet,
3341 4229 3577 4297 Spiritus

2007 4311 2182 4364 sancti
2231 4310 2584 4364 inundatione
2636 4311 2981 4367 laetiﬁcatam.
3056 4315 3270 4370 Etenim
3332 4323 3574 4376 nonnulli

2008 4403 2079 4454 ita
2109 4401 2387 4456 civitatem
2413 4402 2697 4467 deﬁniunt,
2730 4412 2790 4457 ut
2815 4405 3001 4460 dicant
3025 4409 3273 4462 stabilem
3301 4425 3422 4465 esse
3446 4427 3575 4465 con-

328 4493 509 4561 ζονται
556 4496 662 4568 γάρ
709 4514 851 4562 τινες
899 4499 1052 4553 πόλιν
1110 4497 1248 4555 εἶναι
1293 4502 1547 4575 σύστημα
1597 4507 1899 4578 ἱδρυμένον,

2008 4494 2400 4561 gregationcm,
2431 4494 2731 4547 secundum
2763 4494 2931 4562 legem
2960 4498 3412 4555 administratam.
3440 4502 3576 4556 Tra-

327 4587 468 4641 κατὰ
495 4589 656 4658 νόμον
680 4588 1064 4660 διοικούμενον.
1109 4593 1438 4665 Ἐφαρμόζει
1470 4598 1525 4651 δὲ
1555 4600 1648 4652 καὶ
1692 4605 1755 4672 τῇ
1787 4603 1898 4655 ἄνω

341 4681 692 4753 Ἰερουσαλὴμ
733 4684 798 4753 τῇ
844 4685 1148 4757 ἐπουρανίῳ
1197 4686 1348 4739 πόλει
1394 4690 1422 4739 ὁ
1463 4690 1741 4754 ἁποδοθεὶς
1774 4693 1898 4762 ὄρος

327 4773 424 4841 τῆς
453 4771 679 4834 πόλεως.
728 4771 986 4842 Σύστημα
1028 4773 1137 4846 γὰρ
1169 4776 1330 4829 κάκεῖ
1365 4776 1474 4830 τῶν
1514 4781 1892 4849 πρωτοτόκων,

323 4865 432 4916 τῶν
483 4867 991 4937 ἀπογεγραμμένων
1036 4869 1094 4921 ἐν
1137 4869 1413 4940 οὐρανοῖς·
1466 4873 1559 4924 καὶ
1609 4873 1894 4943 ἱδρυμένον

321 4957 478 5011 τοῦτο
506 4957 591 5011 διὰ
620 4959 682 5012 τὸ
707 4960 1101 5032 ἀμετακίνητον
1128 4962 1230 5032 τῆς
1265 4963 1540 5036 διαγωγῆς
1567 4965 1675 5018 τῶν
1701 4967 1891 5034 ἁγίων,

321 5055 413 5105 καὶ
441 5053 582 5106 κατὰ
609 5054 770 5124 νόμον
799 5053 890 5106 τὸν
927 5054 1176 5126 οὐράνιον
1209 5054 1321 5125 (55)
1356 5055 1745 5126 διοικούμενον.
1782 5056 1891 5127 Τὴν

319 5146 496 5199 τοίνυν
519 5145 759 5211 διάταξιν
791 5148 1005 5219 ἐκείνης
1034 5149 1131 5219 τῆς
1155 5149 1450 5212 πολιτείας,
1479 5150 1571 5202 κα)¹
1592 5152 1772 5204 πᾶσαν
1795 5150 1893 5220 τὴν

319 5239 677 5313 διακόσμησιν
708 5241 1060 5311 καταμαθεῖν,
1088 5241 1341 5313 οὐδεμιᾶς
1375 5244 1520 5296 ἐστιν
1551 5241 1894 5312 ἀνθρωπίνης

399 5424 418 5458 ⁸
436 5424 643 5484 Coloss.
683 5446 743 5496 tt,
785 5432 872 5486 i5.

389 5565 502 5634 (55)
529 5563 610 5644 _Ita
641 5579 735 5620 sex
783 5579 913 5620 mss.
955 5565 1026 5618 At
1059 5565 1224 5621 editio
1284 5566 1458 5622 Paris.
1493 5568 1552 5620 ἐν
1588 5565 1666 5638 τῷ
1710 5566 1882 5635 ἀγῶνι

319 5651 612 5770 στῗὲὕοςῖὰ
628 5704 1320 5775 ὀρμήματαεύερρίνουσι,
1351 5707 1570 5772 impetus
1591 5695 1888 5776 laetiﬁcum,

321 5785 375 5830 et
405 5776 476 5830 ita
502 5776 698 5845 legitur
745 5777 797 5829 iu
832 5791 968 5831 nova
994 5779 1278 5846 Augustini
1325 5776 1558 5848 Operum
1592 5779 1831 5854 editipuc
1867 5793 1879 5829 :

963 5433 984 5462 ²
1022 5430 1176 5487 Joan.
1222 5447 1294 5499 tv,
1326 5432 1413 5487 {0.
1491 5433 1510 5463 ³
1551 5431 1572 5486 l
1607 5429 1734 5487 Cor.
1779 5448 1902 5494 xm,
1945 5431 2033 5485 12.
2112 5427 2134 5458 ⁵
2171 5425 2328 5483 Joan.
2369 5438 2470 5487 vn,
2509 5420 2598 5477 58.

2007 4589 2114 4641 dita
2157 4595 2336 4640 autem
2394 4583 2637 4638 deﬁnitio
2672 4586 2930 4648 civitatis,
2975 4587 3139 4642 etiam
3193 4590 3268 4643 illi
3304 4607 3423 4660 quae
3455 4610 3577 4648 sur—

2004 4697 2120 4734 sum
2152 4687 2235 4734 est
2270 4677 2572 4732 Jerusalem
2607 4677 2811 4733 caelesti
2855 4679 3059 4734 civitati
3110 4688 3379 4751 congruit.
3438 4683 3572 4738 Nam

2000 4783 2055 4826 et
2086 4772 2195 4825 illic
2224 4781 2308 4826 est
2354 4771 2843 4841 primogenitorum
2880 4773 3277 4842 descriptorum
3315 4777 3369 4829 in
3421 4781 3573 4834 ccelis

2002 4862 2376 4932 congregatio,
2419 4872 2580 4931 atque
2630 4876 2692 4914 ea
2739 4862 2808 4916 ob
2859 4863 3250 4919 immutabilem
3291 4867 3414 4922 vita:
3447 4884 3575 4923 san-

2000 4967 2211 5011 ctorum
2244 4957 2512 5012 rationem
2562 4955 2776 5010 stabilis
2811 4970 2874 5010 ac
2918 4955 3073 5010 ﬁrma
3103 4965 3207 5021 est,
3245 4967 3299 5012 et
3340 4974 3405 5013 ex
3456 4961 3573 5032 lege

1998 5050 2209 5104 caelesti
2241 5049 2595 5119 gubernatur.
2646 5047 2794 5101 Illius
2839 5047 3020 5116 itaque
3058 5047 3295 5104 civitatis
3323 5053 3568 5107 ordinem

1999 5159 2062 5198 ac
2097 5152 2349 5197 ornatum
2381 5155 2597 5194 omnem
2623 5139 2934 5210 perdiscere
2959 5142 3207 5196 humanae
3234 5153 3439 5196 naturae
3465 5161 3569 5197 non

2001 5247 2102 5291 est.
2137 5233 2229 5288 llla
2266 5225 2393 5286 sunt
2417 5269 2433 5295 ,
2471 5228 2602 5295 Quae
2646 5229 2828 5282 oculus
2879 5244 2983 5282 non
3031 5230 3178 5298 uidit,
3234 5247 3394 5302 neque
3423 5235 3570 5286 auris

2713 5419 2735 5450 ⁵
2772 5416 2929 5473 Joan.
2973 5433 3046 5482 tv,
3089 5416 3176 5473 13.

1991 5566 2042 5618 in
2076 5570 2242 5705 vgleri
2277 5578 2408 5619 vero
2458 5562 2686 5631 perinde
2741 5572 2906 5632 atque
2956 5561 3008 5614 in
3055 5559 3304 5630 Vulgata,
3344 5559 3599 5627 impetus

1991 5639 2098 5690 la’ti
2144 5647 2248 5688 cat.
3518 5699 3529 5705 _

1991 5639 2248 5690 laetiﬁcat.

2065 5699 2178 5772 (55)
2232 5704 2426 5759 Nostra
2476 5704 2638 5758 editio
2695 5702 2874 5759 Paris.
2929 5716 3216 5766 operarum
3278 5699 3567 5756 oscitantis

1994 5792 2090 5847 pro
2120 5777 2368 5848 οὐράνιον
2397 5775 2556 5830 habet
2581 5773 2833 5846 οὐρανόν.
