4016 6220
426 321 530 378 4ὶὸ

1765 317 1824 373 8.
1861 316 2105 374 BASlLll
2146 318 2363 374 MAGNI

3569 325 3679 378 424

424 435 645 502 audiuit,
670 451 831 503 neque
862 451 913 489 tn
942 449 1031 489 cor
1052 435 1279 489 hominis
1306 440 1648 488 ascenderunt
1674 447 1691 486 :
1724 448 1839 502 qua:
1861 449 1980 500 pra:-

2092 434 2327 501 φὺσεως.
2377 434 2587 487 Ἐκεῖνα
2625 434 2732 505 γάρ
2769 435 2936 498 ἐστιν,
2982 437 3040 489 Ἀ
3085 435 3390 504 ὀφθαλμὸς
3434 437 3546 490 οὐκ
3595 433 3678 490 εἷ-

424 529 626 595 parauit
659 527 799 583 Deus
829 528 894 580 iis
932 528 1021 593 qui
1067 527 1293 596 diligunt
1345 525 1494 579 illum
1518 526 1574 590 °;
1631 538 1991 595 praeterquam

424 620 569 688 quod
600 619 672 675 ibi
715 611 981 688 reperitur
1009 620 1291 674 innumera
1336 617 1648 687 angelorum
1680 615 1990 683 multitudo,

421 723 838 782 sanctorumque
876 722 1199 775 conventus.
1233 720 1288 766 et
1317 710 1556 765 Ecclesia
1605 710 1994 782 primogenita-

414 822 541 860 -rum
571 807 960 874 descriptorum
1007 807 1060 860 in
1097 805 1249 860 caelis
1280 805 1323 858 ".
1379 805 1452 858 De
1497 803 1586 855 illa
1619 801 1750 856 dicit
1780 801 1946 855 David
1975 816 1990 854 :

415 897 666 952 Gloriosa
696 900 834 953 dicta
863 907 984 953 sunt
1021 899 1083 952 de
1111 908 1177 964 te,
1215 897 1400 950 civitas
1432 895 1526 949 Dei
1553 894 1599 949 ⁸.
1653 893 1875 948 Civitati
1916 891 1991 945 illi

423 1005 522 1060 per
563 988 755 1044 Isaiam
789 989 1076 1059 pollicetur
1132 989 1269 1044 Deus
1302 1007 1315 1042 :
1356 988 1563 1042 Ponam
1608 996 1657 1040 te
1685 986 1993 1038 exsultatio-

424 1099 540 1136 nem
587 1090 870 1146 a’ternam,
907 1082 1143 1136 lwtitiam
1180 1082 1578 1152 generationum
1634 1079 1988 1146 generationi-

424 1171 556 1235 bus;
587 1181 633 1224 et
666 1187 769 1224 non
792 1171 890 1224 erit
921 1173 1189 1237 contritio,
1227 1187 1388 1241 neque
1415 1169 1632 1223 miseria
1669 1167 1723 1220 in
1756 1170 1991 1222 terminis

423 1263 560 1327 tuis;
586 1262 675 1317 sed
707 1261 939 1318 salutare
965 1266 1285 1319 vocabuntur
1308 1265 1442 1317 muri
1476 1265 1554 1318 tui
1574 1265 1618 1314 ⁹.
1655 1259 1864 1314 Erectis
1893 1261 1991 1327 igi-

425 1365 511 1410 tur
535 1357 725 1410 animae
753 1356 946 1420 oculis,
979 1365 1037 1410 ut
1069 1371 1158 1410 res
1186 1370 1449 1426 supernas
1465 1357 1641 1424 decet,
1669 1373 1851 1428 quaere
1871 1370 1990 1426 quae

420 1459 546 1502 sunt
568 1448 802 1502 civitatis
818 1447 931 1502 Dei.
952 1447 1091 1514 Quid
1110 1463 1271 1518 porro
1295 1449 1630 1505 beatitudine
1654 1451 1740 1504 illa
1771 1451 1988 1519 dignum

419 1554 451 1593 a
483 1553 751 1608 quoquam
797 1539 1089 1609 excogitari
1144 1540 1336 1610 possit,
1392 1557 1553 1611 quam
1603 1541 1841 1596 laetiﬁcat
1870 1542 1992 1610 qni-

420 1634 540 1686 dem
593 1631 682 1686 Dei
739 1631 954 1694 tlnvius,
1008 1630 1160 1697 cujus
1197 1647 1324 1688 vero
1373 1634 1569 1688 artifex
1612 1643 1695 1689 est
1727 1643 1781 1688 et
1809 1633 1988 1702 opifex

420 1723 560 1778 Dens
623 1725 736 1794 ipse
780 1723 868 1776 ‘°?
936 1721 1299 1791 Sanctiﬁcavit
1369 1726 1764 1780 tabernaculum
1831 1741 1985 1778 suum

2095 525 2220 590 δεν,
2254 527 2392 579 οὔτε
2427 521 2538 592 οὖς
2569 525 2857 594 ἤκουσεν,
2885 528 3022 580 οὔτε
3045 527 3144 579 ἐπὶ
3176 526 3427 594 καρδίαν
3452 526 3677 594 ἀνθρὼ-

2095 632 2210 670 που
2251 614 2432 684 ἀνέϐη
2458 656 2474 682 ,
2508 615 2547 671 ἁ
2589 618 2917 687 ἡτοίμασεν
2955 621 2989 672 ὁ
3022 616 3166 684 Θεὸς
3194 617 3318 682 τοῖς
3359 617 3677 687 ἀγαπῶσιν

2093 707 2308 758 αὐτόν·
2341 705 2479 776 πλὴν
2509 706 2591 759 ὅτι
2621 707 2880 778 μυριάδες
2908 706 3154 776 ἀγγέλων
3196 707 3344 770 ἐκεῖ,
3403 709 3496 760 καὶ
3541 723 3676 759 παν-

2095 797 2290 867 ήγυρις
2309 797 2499 866 ἁγίων,
2519 799 2613 853 καὶ
2629 797 2920 868 Ἐκκλησία
2937 798 3296 869 πρωτοτόκων
3316 799 3676 868 ἀπογεγραμ-

2097 888 2272 958 μένων
2295 890 2351 941 ἐν
2373 890 2644 960 οὐρανοῖς.
2685 890 2821 959 Περὶ
2867 889 3079 958 ἐκείνης
3111 888 3273 958 φησὶν
3309 889 3338 940 6
3362 887 3553 940 Δαϐίδ·
3578 890 3675 940 Δε·

2092 975 2434 1046 δοξασμένα
2451 977 2718 1044 ἐλαλήθη
2754 978 2886 1046 περὶ
2919 979 3057 1042 σοῦ,
3098 980 3136 1046 ἠ
3160 978 3338 1043 πόλις
3367 978 3472 1030 τοῦ
3495 978 3670 1032 Θεοῦ.

2104 1071 2315 1142 Ἐκείνη
2352 1075 2416 1142 τῇ
2457 1071 2609 1124 πόλει
2654 1071 2741 1124 διὰ
2785 1070 2880 1123 τοῦ
2927 1071 3145 1123 Ἡσαΐου
3199 1068 3587 1136 ἐπαγγέλλεται
3643 1072 3673 1121 6

2091 1162 2244 1228 Θεὸς,
2279 1164 2358 1215 ὅτι
2385 1161 2560 1230 Θήσω
2593 1178 2667 1216 σε
2696 1164 3040 1232 ἀγαλλίαμα
3079 1162 3338 1224 αἰώνιον,
3374 1162 3674 1229 εὐφροσύ-

2090 1269 2207 1319 νην
2245 1251 2465 1321 γενεῶν
2504 1252 2734 1320 γενεαῖς
2755 1270 2767 1282 ·
2817 1253 2915 1306 καὶ
2967 1254 3078 1306 οὐκ
3127 1253 3296 1306 ἐσται
3335 1252 3672 1320 σύντριμμα

2089 1345 2232 1398 οὐδὲ
2259 1347 2621 1414 ταλαιπωρία
2651 1346 2721 1398 ἐν
2757 1345 2881 1411 τοῖς
2930 1345 3114 1412 ὁρίοις
3146 1361 3261 1398 σου
3282 1361 3296 1376 ·
3332 1346 3490 1400 ἀλλὰ
3531 1349 3672 1411 κλη-

2090 1437 2334 1503 θήσεται
2360 1435 2655 1504 σωτήριον
2681 1436 2752 1489 τὰ
2775 1437 2939 1505 τείχη
2972 1452 3106 1490 σου.
3154 1437 3395 1507 Ἐπάρας
3418 1432 3509 1489 οὖν
3541 1436 3669 1495 τοὺς

2089 1529 2398 1598 ὀφθαλμοὺς
2439 1529 2538 1598 τῆς
2565 1527 2960 1598 ψυχῆςιὰξίως
2986 1530 3094 1582 τῶν
3125 1530 3234 1582 ἄνω
3268 1529 3420 1601 ζήτει
3448 1529 3522 1580 τὰ
3539 1528 3669 1599 περὶ

2089 1624 2185 1694 τῆς
2216 1623 2421 1687 πόλεως
2443 1622 2535 1676 τοῦ
2570 1623 2727 1677 Θεοῦ.
2771 1623 2835 1675 Τί
2873 1623 2915 1676 δ’
2947 1623 3014 1677 ἂν
3041 1624 3141 1692 τῆς
3181 1626 3299 1676 ἐκεῖ
3327 1621 3666 1693 μακαριότη-

2088 1732 2178 1778 τος
2211 1714 2430 1780 ἐπάξιόν
2455 1733 2538 1778 τις
2571 1714 2870 1786 ἐννοηθείη,
2907 1715 2973 1786 ἢν
3005 1715 3286 1786 εὐφραίνει
3323 1715 3420 1784 μὲν
3454 1715 3482 1766 6
3509 1729 3668 1765 ποτα-

419 1820 738 1874 Altissimus.
794 1819 1070 1875 Fortassis
1121 1833 1340 1873 carnem
1393 1817 1529 1871 dicit
1577 1816 1860 1880 deileram,
1915 1830 1978 1869 ex

2093 1807 2190 1876 μὸς
2220 1807 2312 1859 τοῦ
2342 1807 2510 1870 Θεοῦ,
2541 1785 2790 1876 τεχνίτης
2833 1785 2890 1860 δὲ
2932 1785 3038 1860 καὶ
3079 1785 3410 1876 δημιουργός
3447 1806 3591 1856 ἐστιν
3637 1802 3670 1855 6

417 1908 794 1978 conjunctione
841 1925 964 1964 cum
1016 1909 1122 1964 Deo
1167 1907 1576 1963 sanctiﬁcatam.
1637 1905 1711 1960 Ex
1758 1920 1865 1974 quo
1900 1906 1984 1959 in-

401 2001 620 2072 telliges
653 2001 1058 2057 tabernaculum
1104 1999 1389 2064 Altissimi,
1441 1999 1618 2066 ipsum
1655 1997 1746 2053 Dei
1783 1999 1982 2052 adven-

416 2101 548 2157 tutn,
581 2091 672 2160 qui
705 2099 789 2146 est
817 2107 913 2158 per
945 2105 1188 2143 carnem.

481 2360 532 2413 5.
551 2358 715 2413 Vens.
734 2358 787 2413 6.
808 2357 943 2411 Deus
963 2355 1017 2408 in
1035 2356 1204 2408 medio
1217 2355 1352 2425 ejus,
1365 2365 1410 2408 et
1433 2371 1534 2409 non
1551 2354 1976 2410 commovebitur.

415 2450 692 2519 Adjuvabit
739 2464 854 2502 eam
906 2448 1044 2501 Deus
1083 2462 1234 2499 mane
1291 2444 1555 2498 diluculo.
1612 2444 1677 2498 Et
1725 2445 1976 2513 quoniam

415 2543 555 2596 Deus
592 2542 643 2594 in
696 2540 872 2594 medio
902 2540 1143 2594 civitatis
1183 2548 1288 2605 est,
1327 2552 1443 2592 eam
1479 2537 1778 2592 stabilitate
1809 2538 1980 2592 dona-

413 2633 511 2698 uit,
543 2632 719 2701 primo
751 2631 888 2686 lucis
919 2641 1039 2684 ortu
1071 2647 1228 2700 opem
1262 2631 1310 2683 ei
1345 2628 1602 2683 atl‘erens.
1639 2627 1768 2683 Sive
1813 2630 1980 2698 igitur

413 2720 483 2772 Illi
535 2735 655 2788 qua:
707 2733 922 2773 sursum
975 2728 1060 2772 est
1096 2718 1397 2774 Jerusalem
1443 2719 1508 2783 ¹¹,
1555 2719 1671 2773 sive
1723 2720 1978 2772 Ecclesia:

413 2827 528 2877 qua:
585 2811 722 2864 infra
778 2819 894 2874 est,
941 2811 1182 2866 civitatis
1237 2827 1428 2864 nomen
1488 2821 1731 2880 aptatum
1796 2811 1974 2877 fuerit,

412 2903 768 2974 Sancti/ienuit
824 2905 876 2958 in
912 2918 976 2959 ea
1027 2905 1422 2957 tabernaculum
1471 2920 1623 2956 suum
1655 2903 1974 2963 Altissimus.

411 2999 583 3068 Atque
635 3012 731 3066 per
775 2997 877 3050 hoc
925 2995 1330 3050 tabernaculum
1388 2997 1441 3050 in
1497 3011 1604 3066 quo
1657 2996 1978 3051 inhabitavit

411 3094 570 3154 Deus,
610 3091 662 3144 in
711 3090 887 3144 medio
923 3090 1093 3158 ipsius
1137 3088 1270 3153 fuit,
1315 3089 1368 3144 id
1415 3089 1463 3143 ei
1509 3088 1744 3156 largiens
1774 3097 1832 3143 ut
1869 3105 1972 3144 non

411 3191 831 3239 commoveatur.
885 3181 939 3234 In
972 3181 1148 3234 medio
1187 3190 1366 3235 autem
1399 3180 1638 3235 civitatis
1681 3188 1764 3235 est
1809 3181 1970 3246 Deus,

410 3274 640 3346 aequales
672 3273 953 3327 undelibet
987 3273 1240 3328 emittens
1267 3273 1451 3326 radios
1478 3287 1588 3326 sua:
1623 3273 1978 3341 providentiae

410 3371 471 3420 ad
503 3381 673 3437 usque
696 3367 831 3420 lines
855 3367 1025 3421 orbis.
1077 3365 1171 3421 Sic
1204 3365 1347 3420 enim
1395 3364 1488 3420 Dei
1513 3365 1724 3434 justitia
1749 3381 1975 3421 conser-

409 3471 597 3524 vatur,
636 3458 1072 3528 quandoquidem
1126 3457 1377 3511 omnibus
1419 3457 1662 3512 eamdem
1718 3457 1976 3511 bonitatis

405 3564 714 3605 mensuram
753 3549 1025 3618 dispertit.
1073 3549 1354 3620 Adjuvabit
1391 3565 1506 3604 eam
1544 3547 1684 3602 Deus
1713 3565 1865 3602 mane
1893 3549 1977 3600 di-

403 3639 597 3692 luculo.
650 3639 932 3694 Sensibilis
978 3639 1057 3693 sol
1122 3640 1442 3694 matutinum
1489 3641 1708 3710 quidem
1763 3651 1975 3711 tempus

393 3732 544 3800 apud
576 3745 673 3785 nos
699 3730 892 3796 efﬁcit,
934 3741 1218 3800 postquam
1251 3747 1410 3802 supra
1441 3743 1686 3786 nostrum
1722 3733 1976 3787 borizon-

398 3832 512 3878 tem
541 3822 858 3887 eminuerit;
885 3821 1044 3894 174
1068 3825 1386 3876 matutinum
1417 3839 1553 3878 vero-
1571 3823 1662 3878 Sol
1684 3824 1908 3893 justitiae
1931 3826 1973 3856 “

407 3914 462 3968 in
513 3914 690 3966 anima
742 3914 976 3982 perlicit,
1003 3921 1125 3966 ortu
1163 3913 1299 3967 lucis
1346 3913 1644 3981 spiritualis
1667 3915 1975 3982 producens

404 4005 542 4055 diem
569 4004 621 4056 in
649 4019 713 4055 eo
736 4004 825 4071 qui
857 4002 1034 4071 ipsum
1056 4003 1314 4071 suscepit.
1342 4000 1398 4054 In
1431 4011 1589 4055 nocte
1615 4001 1757 4055 enim
1787 4018 1975 4057 sumus

405 4110 504 4150 nos
545 4093 794 4148 homines
851 4109 946 4163 per
1001 4095 1104 4150 hoc
1157 4093 1474 4162 ignorantiae
1525 4101 1757 4160 tempus.
1816 4095 1976 4149 Post-

397 4201 567 4254 quam
595 4185 778 4255 igitur,
830 4193 1012 4240 nostra
1065 4192 1244 4237 mente
1279 4195 1532 4250 expassa,
1573 4184 1975 4250 susceperimus

402 4277 588 4349 gloriae
604 4276 952 4346 splendorem
969 4277 1032 4340 ¹³,
1053 4275 1444 4344 etsempiterna
1467 4274 1555 4329 illa
1577 4274 1698 4330 luce
1717 4275 1974 4332 illustrati

403 4370 686 4435 tulerimus,
725 4378 852 4425 tunc
882 4368 1163 4438 Adjuuabit
1201 4385 1314 4422 eam
1346 4368 1482 4424 Deus
1517 4386 1671 4424 mane
1716 4371 1970 4426 diluculo.

2087 1899 2254 1964 656;;
2309 1901 2542 1970 Ἠγίασε
2589 1899 2656 1952 τὸ
2694 1899 2982 1967 σκήνωμα
3029 1898 3214 1952 αὑτοῦ
3267 1901 3300 1951 ὀ
3347 1898 3666 1965 "nl-totae.

2087 1993 2241 2060 Τάχα
2306 1992 2404 2063 τὴν
2441 1991 2620 2062 σάρκα
2664 1991 2810 2058 λέγει
2843 1992 2945 2062 τὴν
2990 1990 3280 2059 θεοφόρον,
3313 1981 3670 2057 ἀγιασθεῖέαν

2085 2084 2174 2137 διὰ
2215 2085 2312 2154 τῆς
2361 2084 2496 2155 πρὸς
2552 2083 2642 2136 τὸν
2687 2082 2819 2135 Θεὸν
2870 2083 3186 2150 συναφείας.
3249 2083 3410 2133 Ὥστε
3450 2080 3672 2149 νοήσεις

2089 2176 2354 2245 σκήνωμα
2400 2174 2494 2228 τοῦ
2529 2173 2781 2243 Ὑψίστου
2828 2173 2926 2240 τὴν
2971 2172 3061 2226 διὰ
3109 2172 3310 2243 σαρκὸς
3343 2171 3669 2240 ἐπιφάνειαν

2085 2266 2178 2319 τοῦ
2209 2265 2366 2320 Θεοῦ.

2156 2357 2206 2410 5.
2252 2357 2312 2408 '0
2337 2355 2480 2422 Θεὸς
2507 2355 2578 2408 ἐν
2607 2355 2773 2425 μέσῳ
2819 2353 3026 2422 αὐτῆς,
3058 2353 3155 2407 καὶ
3184 2355 3256 2407 οὐ
3297 2351 3670 2418 cale-varias-

2084 2463 2198 2500 ται.
2241 2446 2536 2513 Βοηθήσει
2571 2446 2725 2516 αὐτῇ
2754 2449 2786 2500 ό
2816 2447 2979 2510 Θεὸς,
3021 2447 3087 2498 τὸ
3115 2448 3265 2513 πρὸς
3301 2445 3448 2514 πρωὶ
3491 2445 3664 2513 πρωί.

2084 2539 2194 2592 Καὶ
2222 2539 2408 2610 ἐπειδὴ
2439 2541 2466 2592 6
2491 2537 2622 2602 Θεὸς
2659 2541 2716 2593 ἐν
2743 2537 2892 2609 μέσῳ
2920 2538 3020 2607 τῆς
3049 2537 3255 2600 πόλεώς
3281 2540 3417 2603 ἐστι,
3446 2537 3508 2590 τὸ
3539 2537 3672 2590 ἀσά-

2084 2627 2269 2681 λευτον
2301 2632 2572 2702 χαριεῖται
2618 2629 2777 2699 αὐτῇ,
2810 2629 2909 2699 τὴν
2960 2627 3212 2699 βοήθειαν
3257 2629 3394 2699 αὐτῇ
3429 2628 3672 2698 παρεχόο

2087 2736 2245 2789 μενος
2269 2721 2326 2772 ἐν
2353 2722 2470 2783 ταῖς
2499 2719 2741 2792 πρώταις
2763 2720 3048 2784 ἀνατολαῖς
3067 2720 3160 2774 τοῦ
3197 2722 3394 2790 φωτός.
3422 2721 3548 2774 Εἴτε
3569 2718 3670 2775 οὖν

2083 2815 2148 2883 τῇ
2183 2812 2294 2866 ἀνω
2329 2813 2703 2885 Ἰερουσαλὴμ,
2736 2814 2845 2867 εἴτε
2877 2817 2940 2885 τῇ
2975 2815 3124 2867 κάτω
3158 2815 3456 2887 Ἐκκλησία
3482 2815 3544 2868 τὸ
3565 2817 3672 2887 τῆς

2085 2904 2290 2969 πόλεως
2347 2906 2648 2976 ἐφαρμόσει
2703 2905 2873 2976 ὄνομα
2897 2947 2911 2971 ,
2973 2906 3248 2975 Ἡγίασεν
3309 2908 3368 2959 ἐν
3409 2906 3547 2978 αὐτῇ
3596 2909 3670 2960 τὸ

2083 2996 2370 3066 σκήνωμα
2405 2998 2592 3052 αὐτοῦ
2626 3001 2659 3052 ό
2698 2999 3004 3066 Ὕψιστος.
3046 2999 3156 3052 Καὶ
3195 2998 3282 3052 διὰ
3319 2998 3414 3052 τοῦ
3453 2999 3672 3070 σκηνώ-

2086 3105 2254 3159 ματος
2277 3089 2490 3156 τούτου,
2533 3082 2578 3158 ᾧ
2607 3090 3021 3161 κατεσκήνωσεν
3054 3091 3082 3142 6
3107 3090 3262 3153 Θεὸς,
3293 3093 3352 3144 ἐν
3391 3091 3545 3162 μέσῳ
3575 3094 3672 3146 αὑ-

2080 3179 2180 3249 τῆς
2226 3179 2459 3247 ἐγένετο,
2509 3180 2865 3251 χαριζόμενος
2906 3181 3043 3252 αὐτῇ
3087 3178 3149 3234 τὸ
3197 3181 3270 3252 μὴ
3315 3182 3667 3236 σαλεύεσθαι.

2095 3271 2182 3322 Ἐν
2218 3270 2365 3340 μέσῳ
2391 3273 2448 3325 δέ
2487 3273 2604 3324 ἐστι
2641 3273 2740 3343 τῆς
2776 3272 2982 3336 πόλεως
3006 3275 3034 3326 6
3063 3273 3215 3336 Θεὸς,
3250 3273 3370 3337 ίσας
3392 3275 3671 3344 πανταχόο

2083 3361 2174 3417 θεν
2199 3363 2291 3415 ἐπὶ
2333 3364 2401 3416 τά
2441 3364 2651 3435 πέρατα
2679 3363 2770 3417 τοῦ
2804 3364 3006 3417 κύκλου
3037 3364 3139 3434 τῆς
3177 3365 3371 3418 ἐαυτοῦ
3403 3368 3666 3436 προνοίας

2081 3454 2179 3517 τὰς
2216 3455 2439 3517 ἀκτῖνας
2492 3453 2813 3524 ἐκπέμπων.
2865 3453 3020 3507 Οὕτω
3061 3456 3171 3527 γὰρ
3218 3455 3276 3508 τὸ
3313 3456 3523 3509 δίκαιον
3564 3457 3664 3510 τοῦ

2081 3543 2216 3596 Θεοῦ
2259 3541 2598 3607 διασώζεται,
2651 3541 2711 3595 τὸ
2757 3542 2888 3596 αὐτὸ
2929 3541 3124 3614 μέτρον
3177 3545 3275 3614 τῆς
3323 3545 3666 3616 ἀγαθότητος

2079 3634 2420 3705 διανέμοντος
2449 3633 2639 3686 ἅπασι.
2675 3633 2974 3700 Βοηθ-ήσει
3004 3633 3160 3702 αὐτῇ
3189 3639 3221 3689 ὀ
3251 3636 3396 3701 Θεὸς
3416 3637 3480 3690 τὸ
3509 3639 3666 3706 πρὸς

2080 3726 2227 3793 πρωὶ
2271 3726 2439 3793 πρωί.
2477 3725 2589 3795 Τὴν
2639 3724 2736 3795 μὲν
2769 3723 2877 3794 (56)
2915 3720 3007 3778 οὖν
3038 3727 3166 3797 παρ’
3195 3728 3327 3796 ἡμῖν
3374 3729 3585 3798 πρωίαν
3632 3733 3664 3784 ὁ

2079 3819 2332 3888 αἰσθητὸς
2359 3817 2510 3888 ἥλιος
2535 3821 2698 3882 ποιεῖ,
2726 3817 2945 3872 ἐπειδὰν
2967 3816 3059 3871 τὸν
3093 3819 3214 3872 καθ’
3233 3822 3382 3890 ἡμᾶς
3407 3822 3661 3892 ὁρίζοντα

2081 3911 2370 3984 ὑπερκύψῃ
2387 3927 2400 3940 °
2429 3910 2526 3982 τὴν
2547 3912 2603 3964 δὲ
2626 3913 2683 3964 ἐν
2701 3913 2767 3982 τῇ
2797 3909 2941 3982 ψυχῇ
2977 3912 3188 3982 πρωίαν
3215 3915 3243 3966 6
3271 3915 3370 3984 τῆς
3391 3915 3663 3970 δικαιοσύο

2080 4021 2177 4074 νης
2194 4003 2382 4067 Ἥλιος
2406 4003 2658 4056 ἀποτελεῖ
2681 4005 2746 4073 τῇ
2778 4003 3011 4074 ἀνατολῇ
3032 4003 3126 4056 τοῦ
3144 4005 3320 4073 φωτὸς
3347 4004 3440 4058 τοῦ
3465 4007 3659 4077 νοητοῦ

2082 4097 2250 4150 ποιῶν
2281 4096 2492 4167 ἡμέραν
2520 4097 2575 4147 ὲν
2601 4093 2676 4164 τῷ
2707 4093 3137 4165 παραδεξαμένῳ
3171 4096 3351 4150 αὐτόν.
3389 4098 3474 4150 Ἐν
3498 4100 3660 4152 νυκτὶ

2080 4190 2187 4261 γάρ
2216 4191 2380 4259 ἐσμεν
2424 4187 2572 4258 παρὰ
2597 4187 2688 4240 τὸν
2721 4188 2911 4258 καιρὸν
2943 4187 3041 4255 τῆς
3073 4188 3348 4255 ἀγνωσίας
3374 4189 3423 4241 οί
3453 4188 3661 4260 ἀνθρω-

2082 4296 2193 4333 ποι.
2239 4275 2486 4332 Ἐπειδὰν
2519 4271 2631 4339 οὖν,
2659 4275 3097 4339 ἀναπετάσαντες
3127 4277 3336 4331 ἑαυτῶν
3363 4277 3422 4330 τὸ
3456 4279 3660 4350 ἠγεμο-

2080 4373 2258 4436 νικὸν,
2297 4367 2682 4438 ὑποδεξώμεθα
2725 4367 2787 4420 τὸ
2827 4366 3162 4438 ἀπαύγασμα
3203 4368 3302 4439 τῆς
3341 4369 3520 4440 δόξης,
3560 4371 3659 4424 καὶ

406 4461 508 4519 Ubi
539 4463 667 4517 facti
704 4461 967 4518 fuerimus
999 4460 1091 4515 lllii
1127 4459 1283 4527 lucis,
1315 4475 1529 4530 noxque
1561 4461 1699 4528 apud
1731 4477 1829 4516 nos
1849 4476 1974 4531 pro-

2087 4461 2544 4534 περιλαμφθῶμεν
2569 4459 2646 4530 τῷ
2673 4459 2812 4529 φωτὶ
2841 4459 2918 4529 τῷ
2945 4459 3118 4529 ἀϊδίῳ,
3163 4461 3461 4529 Βοηθήσει
3499 4461 3658 4530 αὐτῇ

404 4569 586 4626 gressa
626 4552 822 4618 fuerit,
872 4553 986 4608 dies
1024 4567 1154 4608 vero
1179 4551 1693 4622 apprOpinquaverit
1728 4553 1792 4620 ιι,
1845 4564 1973 4608 tunc

2087 4558 2108 4610 5
2144 4553 2286 4620 Θεὸς
2308 4553 2372 4606 τὸ
2406 4552 2556 4621 πρὸς
2577 4551 2724 4620 πρωί
2751 4551 2900 4620 πρωί
2920 4551 3054 4623 (57).
3099 4553 3346 4608 Ἐπειδὰν
3370 4554 3654 4624 γενώμεθα

406 4645 499 4699 Dei
529 4645 732 4699 auxilio
760 4643 907 4714 digni
946 4641 1226 4698 elIielmur.
1263 4642 1499 4712 Adiuvat
1529 4642 1692 4710 igitur
1724 4642 1867 4698 Deus
1896 4646 1974 4698 ci-

404 4735 646 4798 vitatem,
689 4750 785 4804 per
831 4736 1105 4804 proprium
1147 4743 1391 4787 exortum
1424 4741 1479 4786 et
1517 4733 1829 4801 adventum,
1861 4751 1975 4789 ma-

407 4826 642 4879 tutinam
684 4826 734 4879 ei
778 4825 948 4879 lucem
980 4827 1260 4880 inducens.
1299 4823 1434 4877 Ecce
1475 4823 1620 4877 enim
1667 4824 1846 4893 homo,
1890 4827 1975 4881 in-

403 4917 544 4984 quit,
576 4916 762 4971 Oriens
793 4933 980 4971 nomen
999 4918 1045 4970 ei
1074 4917 1138 4972 ¹⁸.
1170 4915 1374 4983 Quibus
1402 4915 1564 4983 igitur
1596 4925 1780 4970 exorta
1813 4917 1972 4973 fuerit

405 5006 498 5063 lux
525 5007 846 5076 spiritualis,
871 5007 1131 5062 discussis
1163 5006 1482 5075 ignorantiae
1504 5006 1974 5076 improbitatisque

407 5100 665 5168 tenebris,
704 5101 770 5156 iis
799 5109 1008 5171 tempus
1043 5099 1369 5155 matutinum
1418 5099 1652 5154 accedit.
1699 5099 1970 5165 Quoniam

477 5235 499 5266 ⁸
537 5233 554 5288 l
587 5235 711 5290 Cor.
739 5248 798 5295 ll,
837 5232 892 5288 9.
969 5232 989 5264 '
1034 5230 1310 5291 llebr.xu.
1338 5228 1429 5282 25.
1503 5229 1526 5260 '
1565 5227 1722 5297 Psal.
1747 5243 1965 5297 Lxxxw,
2003 5234 2058 5289 5.

2073 4647 2241 4700 τέκνα
2275 4645 2481 4715 φωτὸς,
2518 4645 2614 4698 καὶ
2645 4645 2678 4714 ἡ
2715 4645 2811 4709 νὺξ
2857 4644 2956 4715 μὲν
2999 4645 3130 4715 ἡμῖν
3179 4646 3458 4718 προκύψῃ.
3510 4649 3543 4717 ὴ
3595 4647 3656 4701 δὲ

2076 4740 2258 4811 ἡμέρα
2287 4737 2502 4809 ἐγγίσῃ,
2528 4737 2651 4789 τότε
2678 4736 2816 4802 ἀξιοι
2853 4737 2954 4808 τῆς
2982 4737 3076 4790 τοῦ
3103 4736 3239 4791 Θεοῦ
3281 4738 3531 4809 βοηθείας
3574 4757 3656 4808 γι-

2075 4831 2299 4902 νόμεθα.
2335 4827 2528 4899 Βοηθεῖ
2561 4822 2654 4881 οὖν
2695 4829 2762 4899 τῇ
2794 4827 2950 4880 πόλει
2981 4830 3010 4881 6
3051 4827 3205 4892 Θεὸς,
3243 4828 3331 4881 διὰ
3361 4827 3474 4900 ’³τῆς
3518 4829 3655 4893 ἰδίας

2078 4921 2340 4992 ἀνατολῆς
2394 4920 2487 4973 καὶ
2549 4919 2868 4987 ἐπιφανείας
2921 4921 3135 4989 πρωίαν
3190 4922 3324 4992 αὐτῇ
3387 4921 3651 4991 ἐμποιῶν.

2093 5011 2236 5064 Ἰδοὺ
2262 5011 2369 5081 γὰρ
2397 5008 2726 5077 ἅνθρωπος,
2757 5009 2940 5080 φησὶν,
2959 5010 3237 5078 Ἀνατολὴ
3265 5010 3448 5078 ὄνομα
3470 5010 3651 5076 αὐτῷ.

2081 5098 2177 5167 Οἷς
2230 5102 2295 5156 ἂν
2351 5097 2443 5155 οὖν
2486 5100 2815 5172 ἐπανατείλῃ
2847 5101 2959 5172 (38)
3018 5101 3079 5154 τὸ
3123 5102 3311 5172 νοητὸν
3349 5101 3484 5172 φῶς,
3523 5102 3652 5156 λυο-

2134 5237 2155 5267 ⁹
2195 5232 2300 5288 lsa.
2325 5249 2416 5297 ιχ,
2457 5231 2646 5288 15-18.
2727 5233 2776 5265 ¹⁰
2807 5233 2968 5287 Hebr.
3006 5249 3080 5299 XI,
3124 5235 3212 5288 10.
3291 5235 3330 5264 ¹¹
3362 5234 3537 5290 Galat.
3576 5250 3652 5300 tv,

403 5305 494 5359 26.
573 5305 616 5336 ⁸³
654 5304 884 5359 Malach.
922 5317 994 5368 tv,
1023 5302 1072 5356 Ξ.
1156 5301 1199 5334 ¹³
1240 5300 1399 5355 Hebr.
1428 5299 1521 5364 I,3
1619 5298 1662 5328 “
1697 5296 1856 5352 Rom.
1899 5296 1974 5356 xit

2087 5305 2152 5358 2.
2231 5305 2273 5335 ⁸⁵
2314 5296 2480 5358 ZaCh.
2526 5318 2602 5366 vt,
2643 5304 2732 5356 12.

479 5441 594 5514 (36)
632 5441 724 5497 Sic
752 5441 1102 5514 Begatertrus
1136 5438 1434 5514 t3_t__Cate_ua
1459 5435 1685 5514 Corder.
1715 5437 1782 5514 ᾼι
1814 5434 1970 5514 ςυμ).

407 5505 962 5592 Ξεριξιὶιυςητὴνξμένι
986 5509 1114 5590 γάρ.
1145 5508 1284 5592 Editi
1319 5507 1416 5577 τὴν
1462 5505 1571 5592 ὑμὲν
1619 5505 1788 5592 παρέω
1804 5507 1967 5592 ημῖν.

410 5577 603 5662 Statim
626 5582 754 5662 editi
776 5577 883 5662 τὴν
918 5582 975 5633 δὲ
1000 5577 1101 5650 τῆς
1130 5577 1307 5648 ψυχῆς
1341 5577 1572 5649 πρωῖαν.
1615 5577 1684 5629 At
1713 5590 1845 5629 mss.
1877 5591 1966 5631 se-

408 5659 551 5720 ptem
586 5663 644 5702 ut
667 5659 719 5704 in
751 5660 1029 5704 contextu.

483 5719 590 5787 (57)
626 5717 714 5772 lla:
749 5734 925 5783 voces,
956 5721 1018 5771 τὸ
1071 5719 1206 5789 πρὸς
1257 5715 1397 5788 πρωῒ
1445 5715 1610 5787 πρωῒ,
1673 5714 1871 5771 desunt
1913 5716 1966 5770 in

2077 5449 2313 5522 quatuor
2342 5455 2476 5522 ‘mss.
2507 5438 2579 5493 At
2611 5437 2664 5492 in
2692 5438 2902 5494 duobus
2930 5438 3050 5494 aliis
3082 5454 3237 5510 aeque
3291 5455 3352 5494 ac
3399 5440 3454 5493 in
3490 5440 3653 5496 editis

2079 5518 2447 5577 reperiuntur.

2145 5580 2259 5701 €68)
2299 5579 2437 5634 Editi
2471 5577 2835 5652 ἐπανατέλλῃ.
2866 5579 2936 5634 At
2987 5593 3116 5634 mss.
3169 5579 3410 5648 quinque
3453 5580 3650 5632 ἐπαναο

2075 5666 2156 5702 τει
2192 5668 2244 5720 ῃ.
