4016 6220
408 292 509 344 ιίέῗ

1742 285 1798 332 b.
1832 285 2076 331 bAbth
2114 284 2328 333 MAblVl

3536 285 3650 340 428

407 405 527 472 pius
558 401 839 466 accedant,
875 400 1061 455 dicens
1092 417 1106 453 :
1165 398 1344 454 Venite
1383 409 1433 453 et
1459 399 1644 454 videte.
1695 397 1970 466 Quemad-

2074 410 2206 466 τητα.
2241 397 2627 468 προσκαλεῖται
2660 399 2687 451 ὁ
2717 397 2873 466 λόγος
2903 396 3075 466 λέγων
3095 415 3109 428 ·
3141 397 3316 452 Δεῦτε
3335 398 3432 452 καὶ
3464 399 3645 454 ἴδετε.

410 496 625 550 modum
659 493 801 549 enim
831 493 881 547 in
910 492 1190 562 corporeis
1221 492 1412 557 oculis,
1451 492 1733 547 intervalla
1776 506 1970 562 magna

412 587 698 640 obscuram
731 585 964 638 reddunt
995 599 1181 639 eorum
1216 599 1333 652 qua:
1374 586 1475 638 sub
1507 593 1856 653 conspectum
1889 597 1973 637 ca-

410 679 542 731 dunt
563 677 1096 746 comprehensionem
1119 695 1132 741 ;
1163 688 1346 739 contra
1370 675 1608 730 accessio
1629 676 1970 736 intuentium,

407 767 756 834 conspicuam
813 767 984 821 reddit
1015 780 1195 820 rerum
1231 767 1574 819 visendarum
1595 766 1924 835 agnitionem
1956 781 1968 816 :

409 858 488 910 sic
509 859 672 912 etiam
701 859 753 911 in
781 857 975 912 mentis
1001 856 1476 925 contemplatione,
1503 856 1592 924 qui
1611 870 1669 910 se
1691 867 1785 924 per
1808 868 1973 921 opera

412 947 521 1000 Deo
556 962 658 1001 non
686 946 980 1017 coniungit,
1017 963 1115 1002 nec
1148 948 1560 1016 appropinquat,
1611 960 1776 1016 opera
1831 944 1975 1001 illius

411 1038 560 1103 puris
593 1038 787 1094 mentis
817 1039 991 1093 oculis
1045 1039 1226 1094 videre
1259 1055 1362 1094 non
1409 1049 1603 1108 potest.
1653 1039 1858 1094 ldcirco
1884 1055 1972 1093 ve-

412 1131 548 1196 nite,
583 1129 1012 1200 appropinquate
1035 1133 1186 1201 prius
1212 1148 1226 1196 ;
1261 1131 1454 1186 deinde
1483 1131 1661 1186 videte
1681 1146 1843 1200 opera
1869 1130 1972 1186 Do-

411 1221 570 1286 mini,
602 1222 909 1292 prodigiosa
941 1238 1072 1278 sane
1105 1234 1159 1278 et
1186 1223 1490 1291 mirabilia;
1537 1224 1732 1293 quibus
1759 1224 1972 1294 percul-

412 1328 504 1366 sas
542 1323 750 1383 gentes,
785 1329 984 1381 easque
1005 1324 1162 1370 antea
1194 1314 1421 1369 hosﬁles
1453 1324 1510 1369 et
1539 1316 1846 1378 seditiosae,
1906 1317 1973 1368 ad

410 1404 644 1468 quietem
686 1405 976 1458 transtulit.
1016 1403 1214 1468 Venite,
1241 1407 1366 1475 ﬁlii,
1391 1407 1570 1460 audite
1607 1409 1784 1473 me”;
1821 1409 1972 1470 item,

420 1491 598 1548 Venite
629 1512 802 1550 omnes
843 1497 932 1566 qui
982 1497 1258 1564 laboratis,
1300 1508 1348 1553 et
1376 1499 1579 1552 onerati
1614 1500 1737 1552 estis
1769 1499 1835 1553 ’⁸.
1869 1499 1972 1554 Pa-

413 1594 565 1638 terna
605 1600 710 1640 vox
736 1599 838 1651 eSI,
882 1589 1138 1658 expansis
1182 1590 1322 1645 ulnis
1363 1592 1432 1646 ad
1477 1606 1537 1648 se
1570 1591 1850 1648 invitantis
1882 1609 1974 1649 eos

411 1673 502 1741 qni
544 1673 814 1730 hactenus
859 1679 1093 1734 rebelles
1150 1679 1324 1737 fuere.
1365 1681 1469 1748 Qui
1529 1683 1696 1753 igitur
1740 1684 1976 1738 audierit

409 1766 773 1833 vocationem,
808 1745 1446 1842 appropinquaveritque
1487 1745 1856 1844 etvimperanti
1891 1778 1979 1830 ad-
2009 1745 2048 1799 Β

413 1853 654 1920 haeserit,
681 1857 725 1910 is
756 1871 878 1912 emn
912 1861 1128 1915 visurus
1157 1871 1239 1917 est
1264 1863 1354 1932 qui
1395 1873 1586 1919 cuncta
1626 1881 1725 1935 per
1758 1882 1974 1920 crucem

411 1944 736 2012 paciﬁcavit,
774 1946 895 2004 Sive
939 1965 1056 2019 qua:
1092 1953 1147 2004 in
1180 1961 1320 2007 terra
1354 1965 1496 2020 sunt,
1521 1955 1625 2010 sive
1659 1973 1774 2026 qua:
1796 1958 1849 2010 in
1878 1974 1977 2011 coe-

413 2037 479 2088 lis
506 2037 574 2089 ²¹.
603 2038 798 2092 Arcum
842 2049 1092 2106 conteret,
1129 2053 1176 2096 et
1210 2045 1499 2114 confringet
1538 2063 1706 2113 arma,
1749 2057 1794 2101 et
1828 2059 1976 2102 scuta

410 2127 677 2182 comburet
707 2131 837 2198 igni.
865 2129 1030 2186 Vides
1048 2135 1330 2201 paciﬁcum
1369 2137 1605 2191 animum
1630 2137 1841 2193 Domini
1869 2142 1977 2194 vir-

415 2227 612 2282 tutum,
646 2221 786 2288 quod
817 2221 1115 2278 invisibiles
1157 2224 1430 2294 legionum
1482 2228 1850 2298 angelicarnm
1879 2248 1976 2300 po-

414 2318 638 2364 .estates
669 2325 854 2365 secum
885 2313 1112 2368 habeat?
1141 2312 1305 2372 Vides
1329 2316 1698 2374 fortitudinem
1733 2321 1895 2376 simul
1923 2333 1977 2376 et

415 2403 804 2459 humanitatem
833 2408 1028 2462 summi
1058 2408 1214 2465 ducis
1244 2411 1552 2466 virtutum?
1580 2413 1670 2483 qui
1701 2429 1832 2468 sane
1867 2416 1974 2470 Do-

412 2493 591 2548 minus
617 2509 738 2550 cum
767 2497 839 2550 sit
870 2498 1152 2564 virtutum,
1194 2517 1258 2556 ac
1288 2518 1480 2558 omnes
1516 2503 1786 2574 legionum
1819 2521 1977 2576 ange-

413 2585 640 2644 licarum
684 2599 889 2645 turmas
920 2591 1135 2658 habeat,
1169 2609 1436 2663 nusquam
1459 2607 1637 2653 tamen
1668 2601 1832 2655 ullum
1859 2603 1976 2656 vul—

413 2687 569 2732 nerat
597 2681 1054 2748 adversariorum,
1090 2687 1358 2740 neminem
1393 2691 1721 2757 prosternit,
1759 2693 1978 2760 attingit

414 2771 724 2828 neminem:
781 2777 875 2829 sed
925 2791 1083 2831 arcus
1137 2779 1368 2834 conterit
1422 2790 1478 2834 et
1521 2796 1693 2846 arma,
1723 2799 1786 2839 ac
1822 2796 1974 2840 scuta

413 2862 684 2918 comburit
713 2865 765 2919 in
821 2866 960 2935 igne.
995 2869 1193 2922 Arcum
1233 2871 1450 2937 quidem
1481 2873 1733 2941 conterit,
1774 2886 1830 2928 nt
1871 2893 1973 2932 non

415 2953 643 3022 amplius
677 2956 838 3025 ignita
873 2957 973 3012 tela
1012 2973 1106 3028 per
1147 2975 1240 3015 eos
1264 2962 1583 3017 emittantur
1613 2981 1628 3017 :
1665 2967 1977 3037 confringet

2077 489 2285 559 Ὥσπερ
2312 490 2417 561 γὰρ
2452 489 2684 543 ἐπὶτῶν
2730 491 3056 561 σωματικῶν
3102 491 3393 561 όῳθαλμῶν
3440 494 3496 545 ai
3545 494 3650 562 μὲν

2074 580 2167 631 ἐπὶ
2201 578 2333 632 πολὺ
2364 579 2690 642 ἀποστάσεις
2721 579 2966 651 ἀμυδρὰν
2999 579 3207 633 ποιοῦσι
3239 583 3338 652 τὴν
3369 581 3477 634 τῶν
3507 585 3652 653 ὀρω-

2077 671 2252 740 μένων
2277 671 2598 741 κατάληψιν,
2639 669 2687 724 οἱ
2715 671 2771 724 δὲ
2805 672 3198 743 προσεγγισμο).
3233 671 3342 724 τῶν
3379 672 3651 741 θεωρούν-

2073 781 2180 816 των
2227 763 2429 834 ὲναργῆ
2474 763 2798 834 παρέχονται
2841 764 2950 816 τῶν
2991 762 3332 833 βλεπομένων
3386 764 3500 833 (44)
3541 764 3652 834 τὴν

2075 856 2396 923 ἐπίγνωσιν·
2427 854 2570 908 οὕτω
2594 857 2686 909 καὶ
2738 855 2830 908 ἐπὶ
2871 855 2978 909 τῶν
3022 855 3164 910 κατά
3194 854 3317 909 νοῦν
3364 855 3652 925 θεωρημά-

2074 964 2201 1008 των,
2230 948 2258 998 ὁ
2293 946 2366 1017 μὴ
2398 945 2486 999 διὰ
2514 945 2624 999 τῶν
2657 945 2834 1016 ἔργων
2864 946 3163 1009 οίκειωθεὶς
3200 946 3295 999 καὶ
3339 945 3650 1014 πλησιάσας

2075 1038 2193 1109 Θεῷ
2213 1040 2337 1092 ἰδεῖν
2357 1039 2423 1091 τὰ
2440 1038 2576 1109 ἔργα
2604 1036 2766 1090 αὐτοῦ
2779 1037 3036 1109 καθαροῖς
3058 1039 3172 1100 τοῖς
3185 1037 3418 1100 διανοίας
3441 1036 3648 1105 ὀφθαλ-

2079 1132 2197 1200 μοῖς
2240 1129 2300 1182 ob
2346 1129 2586 1182 δύναται.
2636 1127 2736 1180 Διά
2778 1127 2953 1192 τοῦτο,
3001 1126 3200 1192 Δεῦτε,
3249 1126 3648 1198 προσεγγίσατε

2077 1220 2337 1291 πρότερον
2374 1219 2506 1290 (45),
2549 1215 2667 1273 εἶτα
2709 1219 2844 1272 ἴδετε
2880 1217 2949 1272 τὰ
2973 1218 3110 1290 ἔργα
3143 1216 3347 1288 Κυρίου
3387 1218 3650 1288 τεράστια

2076 1309 2204 1365 ὄντα
2229 1311 2322 1363 καὶ
2353 1308 2630 1381 παράδοξα
2653 1323 2666 1338 ⁶
2716 1311 2806 1378 ὑφ’
2840 1301 2914 1364 ὧν
2954 1307 3372 1376 καταπλαγέντα
3407 1307 3477 1359 τὰ
3504 1309 3646 1377 πρό-

2077 1417 2230 1470 τερον
2255 1399 2489 1470 πολέμια
2521 1399 2616 1452 καὶ
2645 1398 2911 1469 στασιώδη
2941 1399 3066 1469 ἔθνη
3102 1398 3238 1470 πρὸς
3267 1397 3495 1468 ἡσυχίαν
3512 1414 3645 1467 μετ-

2077 1491 2255 1546 ἐϐαλε.
2310 1491 2510 1556 Δεῦτε,
2557 1491 2759 1555 τέκνα,
2805 1490 3106 1546 ἀκούσατέ
3131 1507 3282 1560 μουο
3320 1491 3433 1552 καὶ,
3467 1489 3649 1558 Δεῦτε

2077 1584 2297 1650 πάντες
2318 1589 2371 1638 οἱ
2396 1581 2742 1651 κοπιῶντες,
2767 1586 2865 1638 καὶ
2892 1583 3372 1653 πεφορτισμένοι.
3396 1584 3646 1654 Πατρικὴ

2077 1677 2110 1745 ὴ
2146 1677 2317 1743 φωνὴ,
2355 1675 2703 1746 ήπλωμὲναις
2732 1674 2999 1743 ἀγκάλαις
3025 1674 3160 1745 πρὸς
3190 1673 3376 1726 ἑαυτὸν
3415 1671 3646 1725 καλοῦν-

2076 1785 2166 1830 τος
2192 1768 2316 1830 τοὺς
2339 1766 2473 1830 τέως
2492 1766 2903 1837 ἀρρηνιάξοντας.
2941 1765 2997 1820 'O
3015 1761 3107 1818 οὖν
3133 1764 3368 1828 ἀκούσας
3392 1764 3490 1835 τῆς
3509 1763 3645 1833 κλή-

2079 1876 2234 1922 σεως,
2266 1860 2360 1912 καὶ
2404 1859 2662 1927 ἐγγίσας,
2700 1858 2791 1912 καὶ
2825 1858 3104 1929 κολληθεὶς
3146 1856 3224 1928 τῷ
3257 1857 3642 1928 προστάξαντι,

2076 1953 2264 2022 ὄψεται
2306 1950 2396 2004 τὸν
2435 1953 2916 2024 είρηνοποιήσαντα
2947 1951 3015 2004 τὰ
3040 1951 3215 2004 πάντα
3238 1951 3327 2004 διὰ
3351 1948 3444 2002 τοῦ
3474 1967 3639 2002 σταυ-

2079 2043 2194 2116 ροῦ.
2218 2043 2352 2096 Εἴτε
2371 2042 2442 2096 τὰ
2465 2041 2560 2096 ἐπί
2585 2040 2691 2109 τῆς
2709 2041 2843 2111 γῆς,
2866 2041 2986 2095 εἴτε
3009 2043 3083 2096 τὰ
3104 2041 3174 2095 ἐν
3195 2041 3317 2106 τοῖς
3341 2040 3637 2108 οὐραγοῖς.

2082 2133 2267 2197 Τόξον
2287 2132 2627 2200 συντρίψει,
2665 2132 2764 2186 καὶ
2785 2131 3122 2186 συνθλὰσει
3148 2130 3258 2201 (46)
3290 2131 3500 2196 ὅπλον,
3541 2129 3638 2184 καὶ

2077 2225 2325 2292 θυρεοὺς
2349 2225 2712 2278 κατακαύσει
2757 2223 2828 2276 ἐν
2868 2223 3030 2292 πιιρί.
3083 2224 3243 2294 Ὁρᾷς
3276 2222 3337 2276 τὸ
3372 2223 3645 2293 εἰρηνικὸν

2077 2314 2283 2386 Κυρίου
2320 2313 2428 2366 τῶν
2467 2313 2769 2383 δυνάμεων,
2815 2313 2896 2366 ὅτι
2929 2312 3067 2382 ἔχων
3105 2312 3222 2382 μεθ’
3250 2311 3440 2365 ἑαυτοῦ
3474 2311 3633 2382 ἀορά-

2075 2426 2200 2471 τους
2234 2407 2490 2478 δυνάμεις
2534 2405 2837 2475 άγγελικῶν
2873 2404 3221 2472 καταλόγων;
3263 2404 3422 2475 Ὁρᾷς
3452 2404 3513 2457 τὸ
3543 2404 3642 2456 ἀνα

2075 2500 2250 2571 δρεῖον
2308 2497 2444 2568 ὁμοῦ
2495 2499 2589 2552 καὶ
2632 2497 3004 2568 φιλάνθρωπον
3053 2495 3145 2548 τοῦ
3207 2496 3640 2567 ἀρχιστρατήγου

2074 2592 2183 2645 τῶν
2215 2591 2494 2661 δυνάμεων
2518 2606 2531 2654 ;
2559 2591 2616 2652 ὃς
2645 2606 2729 2658 γε,
2757 2587 2956 2659 Κύριος
2982 2585 3057 2640 ὢν
3085 2585 3192 2639 τῶν
3216 2585 3515 2654 δυνάμεων,
3547 2584 3643 2637 καὶ

2076 2685 2256 2739 πάντα
2302 2685 2441 2754 ἔχων
2477 2683 2544 2737 τὰ
2577 2684 2897 2753 συστήματα
2932 2680 3042 2734 τῶν
3081 2679 3384 2750 άγγελικῶν
3412 2676 3642 2731 καταλό-

2077 2795 2208 2847 γων,
2231 2775 2464 2848 οὐδαμοῦ
2493 2794 2613 2830 τινα
2640 2773 2931 2846 τιτρώσκει
2965 2773 3074 2826 τῶν
3119 2771 3411 2842 πολεμίων,
3452 2769 3641 2823 οὐδένα

2077 2870 2403 2924 καταϐάλλει
2436 2869 2567 2940 (47),
2594 2866 2804 2930 οὐδενὸς
2827 2867 3058 2920 ἅπτεται
3074 2882 3087 2896 ·
3120 2865 3254 2918 ἀλλὰ
3277 2863 3404 2929 τόξα
3429 2879 3642 2932 συντρι-

2077 2959 2182 3023 ϐει,
2210 2960 2303 3012 καὶ
2333 2959 2492 3021 ὅπλα,
2521 2960 2613 3011 καὶ
2643 2956 2868 3027 θυρεοὺς
2895 2957 3183 3009 κατακαίει
3213 2957 3269 3008 ὲν
3297 2954 3446 3024 πυρί.
3476 2952 3641 3016 Τόξον

413 3055 590 3101 autem
614 3050 1000 3118 arma,quihus
1019 3053 1262 3106 cominus
1289 3063 1574 3123 pugnatur,
1609 3066 1667 3110 ut
1694 3061 1785 3126 qui
1810 3075 1972 3130 prope

2080 3053 2176 3122 μὲν
2219 3052 2526 3122 συντρίϐει,
2579 3050 2718 3103 ὥστε
2763 3049 2956 3120 μηκέτι
2993 3049 3061 3102 τὰ
3107 3048 3471 3118 πεπυρωμένα
3509 3045 3640 3115 βέλη

411 3147 560 3205 sunt,
597 3138 804 3195 insidiis
855 3141 1042 3210 petiti,
1087 3142 1304 3198 vulnera
1354 3146 1593 3216 recipere
1630 3164 1971 3220 nequaquam

411 3225 642 3294 possint.
693 3226 760 3282 Et
813 3238 962 3284 scuta
1006 3230 1272 3285 comburat
1306 3232 1434 3303 igni,
1469 3237 1812 3296 adversarios
1850 3258 1973 3312 spo-

320 3392 322 3395 λ
413 3315 556 3371 lians
607 3318 723 3372 suis
779 3321 1150 3389 munimentis,
1207 3332 1367 3392 atque
1416 3325 1761 3385 inimicorum
1795 3335 1970 3402 gratia

409 3405 592 3463 omnia
621 3407 845 3465 faciens.

480 3685 534 3730 δ.
614 3689 728 3732 ens.
771 3676 858 3730 Η.
895 3676 1090 3733 Yacate
1125 3689 1175 3734 et
1204 3683 1390 3746 videte,
1435 3687 1683 3753 quoniam
1725 3703 1818 3757 ego
1854 3705 1968 3742 sum

412 3765 573 3821 Deus.
609 3767 856 3833 Quandiu
891 3770 1106 3838 quidem
1160 3772 1350 3829 alienis
1399 3790 1429 3828 a
1472 3777 1580 3830 Deo
1616 3781 1776 3832 relms
1810 3795 1973 3834 vaca-

409 3873 555 3924 mus,
588 3857 682 3912 Dei
715 3861 961 3913 notitiam
1010 3863 1284 3932 suscipere
1339 3882 1442 3919 non
1496 3881 1801 3935 possumus.
1837 3873 1968 3937 Quis

411 3950 557 4003 enim
592 3949 659 4007 de
681 3951 860 4004 mundi
891 3953 1050 4006 rebus
1083 3955 1370 4018 sollicitus,
1402 3972 1466 4011 ac
1493 3958 1821 4028 immergeus
1846 3978 1967 4015 sese

407 4040 588 4096 carnis
617 4042 1079 4110 occupationibus,
1107 4055 1272 4114 queat
1322 4049 1504 4102 verbis
1545 4049 1640 4104 Dei
1667 4055 1968 4117 attendere,

409 4146 572 4201 atque
595 4139 675 4186 tot
697 4146 762 4187 ac
789 4133 949 4220 tantis
975 4135 1133 4190 rebus
1157 4148 1410 4192 accurate
1431 4138 1825 4212 diligenterque
1846 4160 1970 4214 spe-

407 4221 653 4277 culandis
681 4237 782 4292 par
801 4225 958 4279 esse?
1007 4225 1120 4278 Non
1151 4227 1322 4292 vides,
1375 4230 1653 4299 delapsum
1698 4234 1752 4287 in
1782 4236 1968 4304 spinas

405 4315 630 4370 verbum
659 4318 830 4388 spinis
857 4319 1106 4374 sulfocari
1131 4319 1154 4373 ?
1183 4320 1361 4391 Spinaa
1407 4334 1587 4378 autem
1621 4337 1744 4380 sunt
1784 4329 1966 4384 carnis

2077 3144 2455 3215 ἐκπέμπεσθαι
2482 3145 2547 3197 δι’
2581 3142 2758 3196 αὐτῶν
2780 3160 2792 3174 ·
2829 3143 2964 3195 ὅπλα
3014 3142 3070 3194 δὲ
3106 3141 3386 3194 συνθλάσει
3430 3138 3538 3209 (48)
3569 3139 3640 3191 τὰ

2074 3237 2382 3307 ἀγχέμαχα,
2408 3237 2482 3300 ὡς
2512 3235 2585 3306 μὴ
2616 3235 2872 3290 δύνασθαι
2899 3235 3022 3297 τοὺς
3063 3233 3325 3302 σύνεγγυς
3352 3231 3644 3304 τραύματα

2073 3329 2322 3400 δέχεσθαι
2347 3331 2880 3402 ἐπιϐουλευομένους.
2917 3333 3024 3385 Kal.
3053 3332 3276 3403 θυρεοὺς
3303 3329 3642 3384 κατακαύσει

2074 3422 2130 3476 ἐν
2161 3424 2310 3492 πυρὶ,
2353 3424 2574 3494 γυμνῶν
2621 3426 2745 3487 τοὺς
2791 3423 3191 3494 ἀντικειμένους
3225 3422 3329 3476 ἀπὸ
3362 3423 3468 3475 τῶν
3508 3439 3641 3492 προ-

2073 3513 2384 3583 ϐλημάτων,
2432 3516 2525 3567 καὶ
2577 3516 2754 3568 πάντα
2808 3517 2893 3568 ἐπ’
2941 3515 3228 3586 εὐεργεσίᾳ.
3274 3513 3382 3566 τῶν
3431 3511 3640 3583 ἐχθρῶν

2072 3605 2327 3676 ἐνεργῶν.

2141 3697 2193 3749 8.
2215 3699 2259 3749 Σ
2262 3696 2563 3764 κολάσατε
2583 3697 2679 3750 καὶ
2696 3697 2896 3767 γνῶτε,
2924 3697 3010 3751 ὅτι
3034 3697 3145 3768 ἐγώ
3159 3701 3272 3766 εἰμι
3291 3701 3323 3751 ὁ
3345 3699 3507 3760 Θεός.
3523 3696 3637 3765 Ἐφ’

2071 3785 2192 3836 ὅσον
2229 3786 2324 3854 μὲν
2366 3788 2475 3848 τοῖς
2517 3785 2622 3851 ἔξω
2653 3785 2786 3838 Θεοῦ
2833 3783 3160 3855 σχολάζομεν
3206 3784 3548 3853 πράγμασιν,
3576 3782 3639 3833 οὐ

2070 3876 2342 3946 δυνάμεθα
2382 3877 2628 3947 χωρῆσαι
2654 3876 2851 3944 γνῶσιν
2882 3875 3038 3929 Θεοῦ.
3071 3877 3167 3938 Τίς
3207 3876 3314 3945 γὰρ
3363 3874 3640 3946 μεριμνῶν

2071 3968 2139 4019 τὰ
2179 3967 2272 4020 τοῦ
2303 3968 2541 4038 κόσμου,
2579 3968 2673 4020 καὶ
2714 3966 3031 4038 ὲμϐαθύνων
3083 3971 3193 4031 τοῖς
3234 3968 3640 4038 περισωσμοῖς

2069 4061 2166 4130 τῆς
2198 4060 2416 4130 σαρκὸς,
2439 4059 2658 4112 δύναται
2679 4061 2791 4122 τοῖς
2813 4076 2878 4111 πε
2889 4060 2939 4129 pl
2959 4059 3095 4112 Θεοῦ
3123 4059 3298 4127 λόγοις
3329 4059 3638 4130 προσέχειν,

2071 4153 2163 4204 καὶ
2186 4154 2249 4222 τῇ
2274 4151 2529 4222 ἀκριϐείᾳ
2551 4151 2654 4203 τῶν
2673 4149 3004 4221 τηλικούτων
3026 4152 3393 4222 θεωρημάτων
3413 4151 3603 4222 ἀρκεῖν
3623 4169 3638 4213 ;

2070 4244 2179 4312 Οὐχ
2205 4244 2355 4314 ὁρᾷς,
2386 4244 2468 4295 ὃτι
2497 4244 2525 4295 ὁ
2549 4243 2629 4304 είς
2665 4241 2764 4304 τὰς
2792 4242 3029 4306 ἀκάνθας
3057 4241 3312 4312 ἐμπεσὼν
3351 4242 3506 4310 λόγος
3534 4243 3641 4294 ὑπὸ

2068 4335 2174 4385 τῶν
2201 4333 2450 4387 ἀκανθῶν
2481 4335 2871 4404 συμπνίγεται;
2911 4333 3176 4386 Ἀκανθαι
3205 4334 3262 4386 δέ
3287 4334 3420 4385 εἰσιν
3455 4333 3640 4403 ἡδοναὶ

405 4408 729 4478 voluptates,
779 4418 834 4462 et
878 4409 1101 4474 divitiae,
1138 4422 1192 4466 et
1222 4414 1413 4478 gloria,
1450 4425 1504 4468 et
1533 4432 1611 4470 eae
1638 4433 1757 4486 qute
1791 4420 1856 4473 ad
1887 4422 1968 4475 vi-

2076 4425 2294 4496 σαρκὸς,
2321 4425 2412 4477 καὶ
2440 4423 2666 4488 πλοῦτος
2690 4425 2781 4478 καὶ
2801 4423 2946 4488 δόξα,
2969 4425 3060 4477 καὶ
3081 4425 3328 4494 βιωτικαὶ
3355 4424 3636 4494 μέριμναι.

407 4509 514 4552 tam
559 4499 828 4568 pertinent
867 4516 1011 4556 cura:
1059 4504 1126 4556 ".
1158 4503 1422 4560 Caeterum
1467 4510 1535 4561 ab
1592 4510 1677 4565 bis
1719 4512 1968 4568 omnibus

405 4591 698 4648 alienatum
723 4609 843 4648 esse
866 4596 1140 4662 oportebit
1169 4612 1320 4663 eum,
1346 4600 1434 4664 qui
1477 4601 1569 4655 Dei
1603 4604 1965 4672 cognitionem

404 4680 709 4746 desiderat;
731 4692 783 4735 et
806 4683 893 4737 ubi
922 4685 1197 4738 vacaverit
1223 4685 1288 4740 ab
1317 4687 1619 4756 all'ectibus,
1652 4693 1725 4746 ita
1749 4695 1962 4750 demum

405 4771 496 4824 Dei
532 4773 773 4841 recipere
810 4775 1192 4843 cognitionem.
1223 4777 1499 4842 Quomodo
1542 4783 1684 4836 enim
1726 4785 1959 4840 animam

400 4877 431 4916 a
463 4863 660 4918 mentis
695 4866 1100 4935 evagationibns
1123 4883 1182 4921 se
1208 4873 1705 4940 praeoccupantibus
1736 4891 1959 4947 oppres-

2074 4518 2257 4569 Πάντα
2289 4516 2344 4568 δὲ
2370 4515 2480 4584 (49)
2511 4516 2714 4570 τούτων
2744 4515 2849 4581 ἔξω
2875 4517 3054 4584 δεήσει
3081 4515 3335 4582 γενέσθαι
3372 4515 3462 4568 τὸν
3511 4515 3636 4566 ὲπι-

2071 4605 2319 4675 δεόμενον
2349 4608 2445 4675 τῆς
2475 4603 2730 4672 γνώσεως
2757 4604 2848 4658 τοῦ
2873 4603 3030 4664 Θεοῦ,
3049 4605 3144 4656 καὶ
3178 4603 3511 4673 σχολάσαντα
3529 4605 3640 4657 ἀπὸ

2071 4697 2176 4750 τῶν
2207 4697 2413 4759 παθῶν,
2431 4695 2602 4758 οὕτως
2627 4695 2916 4749 ἀναλαϐεῖν
2939 4695 3035 4766 τὴν
3057 4695 3347 4763 ἐπίγνωσιν
3365 4693 3456 4747 τοῦ
3477 4693 3637 4748 Θεοῦ.

2070 4788 2194 4850 Πῶς
2232 4789 2339 4858 γὰρ
2375 4788 2590 4859 εἰσέλθῃ
2633 4788 2713 4851 είς
2757 4787 2932 4856 ψυχὴν
2988 4785 3489 4856 στενοχωρουμένην
3533 4786 3639 4838 ὑπὸ

2067 4880 2174 4934 τῶν
2235 4879 2754 4952 προκαταλαϐόντων
2793 4877 2960 4949 αὐτὴν
3008 4877 3370 4948 διαλογισμῶν
3428 4881 3461 4949 ἡ
3509 4879 3640 4948 περὶ

497 5111 520 5142 ⁸
545 5109 686 5170 Psal.
715 5127 910 5179 χχχιιι,
945 5113 1028 5167 19..
1107 5115 1151 5146 ²⁰
1185 5098 1374 5172 Matth.
1409 5134 1487 5186 Il,
1519 5119 1630 5178 ΞΒ,
1691 5125 1734 5156 ’ί
1771 5123 1972 5180 Coloss.

2075 5128 2167 5181 ‘20.
2244 5128 2288 5158 ²²
2321 5126 2506 5179 Matth.
2543 5142 2665 5185 χιιι.
2717 5125 2788 5188 7,
2840 5123 2930 5177 ‘22.

470 5315 582 5388 (Μ)
621 5315 696 5372 lta
754 5332 886 5376 mss.
940 5323 1166 5385 septem.
1212 5315 1353 5371 Editi
1411 5334 1539 5376 vero
1591 5319 1700 5374 τῶν
1750 5321 1961 5394 θεωμέ-

401 5398 580 5591 νωέιίὲἰ)
614 5455 750 5510 Editi
779 5455 1011 5524 πρῶτον.
1038 5453 1108 5508 At
1141 5471 1273 5511 mss.
1307 5466 1509 5527 septem
1538 5459 1820 5532 πρότερον.

492 5523 583 5591 46)
621 5525 795 5580 Editio
833 5527 996 5580 Basil.
1033 5536 1090 5580 et
1121 5524 1274 5591 Regii
1313 5529 1600 5591 secundus,
1647 5532 1816 5591 quinti

492 5523 583 5594 46)
621 5525 795 5580 Editio
833 5527 996 5580 Basil.
1033 5536 1090 5580 et
1121 5524 1274 5598 Regii
1312 5523 1600 5598 secundus,
1647 5523 1866 5598 quintus
1902 5540 1953 5585 et

400 5602 584 5646 sextus
604 5609 706 5646 una
746 5611 867 5650 cum
917 5597 1038 5650 aliis
1079 5597 1249 5649 tribus
1297 5597 1620 5655 Colbertinis
1650 5597 1948 5656 συνθλάσει.

403 5661 574 5734 luditi_o_
601 5678 727 5734 vero
753 5665 924 5719 Paris.
956 5665 1269 5734 συγκλάσει.

470 5729 582 5804 (47)
614 5730 742 5804 Reg.
785 5737 974 5792 tertius
1021 5729 1221 5806 βάλλει.
1272 5733 1392 5792 Mox
1427 5737 1722 5797 Colbcrtini
1755 5743 1956 5807 primus

2059 5333 2113 5376 et
2142 5331 2328 5375 sextus
2358 5337 2479 5377 cum
2509 5323 2640 5390 Reg.
2681 5317 2884 5390 quinto
2905 5314 3260 5390 atat-ramosa.

2130 5392 2240 5454 (48)
2270 5391 2366 5446 llic
2406 5407 2533 5446 mss.
2560 5386 2654 5446 sex
2684 5386 3005 5454 συγκλὰσει.
3037 5386 3169 5454 Reg.
3200 5397 3330 5437 vero
3359 5391 3544 5436 sextus
3577 5393 3632 5436 et

2057 5463 2202 5517 Colln.
2234 5466 2455 5530 quintus
2474 5477 2594 5530 cum
2631 5460 2791 5513 editis
2825 5456 3135 5510 συνθλάσει.
3230 5521 3239 5530 _
3414 5518 3463 5530 υ
3508 5519 3545 5530 μ
3572 5519 3600 5530 η

2129 5518 2452 5607 (49).Ednitio_
2473 5529 2635 5584 Basil.
2669 5539 2722 5583 et
2753 5535 2984 5596 quatuor
3005 5541 3137 5607 mss.
3171 5518 3486 5607 adsumis;
3507 5519 3635 5607 lidi-

2058 5588 2286 5654 tio‘vc'ro
2331 5599 2505 5652 Paris.
2534 5609 2588 5654 et
2632 5609 2742 5652 II‘CS
2769 5588 2908 5650 inss.
2953 5595 3169 5648 πάντων
3203 5588 3317 5646 οὖν.
3350 5592 3474 5643 Mox
3506 5588 3632 5638 (Iol-

2058 5671 2252 5723 bertini
2282 5670 2489 5755 primus
2511 5681 2566 5722 et
2599 5678 2788 5724 sextus
2816 5682 2936 5723 cum
2965 5664 3097 5736 Reg.
3142 5662 3302 5718 tertio
3332 5657 3631 5722 ἐπιδικαζό-

2057 5757 2216 5806 μενον
2251 5757 2345 5807 της
2373 5755 2648 5806 γνωσεως.
