4016 6220
438 302 542 356 429

1562 296 1851 354 HOMILIA
1888 295 1956 350 lN
1997 293 2325 350 PSALMUM
2360 294 2519 351 XLV.

3592 291 3696 347 430

437 415 572 471 Θεοῦ
598 416 775 469 ἔννοια
798 432 812 480 ;
836 410 956 469 υἶδε
1002 414 1112 486 (50)
1147 415 1203 469 δὲ
1243 416 1337 468 καὶ
1373 412 1596 485 Φαραὼ,
1639 414 1721 467 ὅτι
1753 412 1880 465 ἴδιόν
1904 411 2016 462 ἐστι

2126 424 2242 464 sam
2271 407 2608 479 ingredietur
2636 408 2729 463 Dei
2749 407 3028 478 cognitio?
3061 406 3227 476 Atqui
3271 415 3325 459 et
3352 404 3566 459 Pharao
3599 420 3686 455 no-

436 507 531 561 τοῦ
577 506 928 577 σχολάζοντος
970 505 1218 575 ἐκζητεῖν
1262 504 1353 556 τὸν
1403 502 1555 567 Θεὸν,
1597 501 1690 554 καὶ
1727 498 1815 552 διά
1861 496 2020 551 τοῦτο

437 598 684 662 ὀνειδίζει
714 596 804 650 τὸν
818 597 1036 667 Ἰσραήλ
1059 613 1072 626 ·
1092 596 1406 667 Σχολάςετε,
1426 593 1715 665 σχολασταί
1739 594 1880 654 ἐστε,
1925 591 2016 643 καὶ

438 693 622 760 λέγετε
638 709 652 723 ο
674 692 864 764 Κυρίῳ
876 690 952 761 τῷ
973 690 1091 760 Θεῷ
1106 689 1262 761 ἡμῶν
1288 686 1697 761 προσευξόμεθα
1716 686 1851 757 (Si).
1870 683 2015 754 Αὕτη

442 783 539 852 μὲν
565 777 656 836 οὖν
688 783 721 852 ἠ
758 780 920 852 σχολὴ
943 781 1121 851 ἀγαθὴ
1146 779 1224 850 τῷ
1251 778 1562 850 σχολάζοντι
1593 778 1687 831 καὶ
1722 775 2016 846 ὠφέλιμος,

437 874 668 945 ἡσυχίαν
694 873 1000 944 ἐμποιοῦσα
1030 874 1166 944 πρὸς
1194 872 1292 944 τὴν
1311 872 1419 926 τῶν
1446 872 1726 943 σωτηρίων
1758 871 2019 941 διδαγμά-

438 980 545 1017 των
578 963 877 1035 ἀνάληψιν·
913 962 1127 1035 πονηρά
1153 962 1209 1016 δὲ
1260 961 1421 1032 σχολὴ
1461 963 1495 1031 ἡ
1528 961 1635 1014 τῶν
1696 960 2015 1032 ’Δθηναίων,

434 1051 519 1120 οἷς
558 1059 662 1123 Eli;
695 1055 875 1112 οὐδὲν
918 1055 1070 1111 ἄλλο
1132 1057 1456 1123 εὐκαίρουν
1491 1054 1529 1123 ἢ
1573 1055 1774 1122 λέγειν
1816 1072 1872 1108 τι
1918 1056 2017 1109 καὶ

436 1150 685 1204 ἀκούειν
725 1150 1109 1217 καινότερονο
1149 1134 1339 1221 nam
1373 1148 1469 1201 νῦν
1514 1165 1657 1212 me;
1704 1147 2016 1218 μιμοῦνται,

437 1245 502 1313 τῇ
526 1240 617 1294 τοῦ
636 1240 749 1310 βίου
772 1240 934 1312 σχολῇ
952 1241 1090 1312 πρὸς
1105 1241 1203 1312 τὴν
1219 1242 1305 1294 ἀεί
1330 1258 1473 1304 τινος
1489 1241 1800 1313 καινοτέρου
1815 1240 1991 1311 δόγμα
2002 1269 2019 1280 -

436 1350 526 1396 τος
546 1331 761 1401 εὕρεσιν
781 1330 1185 1402 ἀποχρώμενοι.
1212 1331 1271 1384 'tl
1293 1330 1515 1401 τοιαύτη
1539 1330 1700 1403 σχολὴ
1719 1331 1846 1402 φίλη
1872 1331 2020 1383 ἐστὶν

435 1423 768 1496 ἀκαθάρτοις
796 1423 892 1477 καὶ
915 1425 1171 1495 πονηροῖς
1204 1422 1529 1494 πνεύμασιν.
1564 1424 1743 1478 Ὅταν
1776 1421 2016 1491 ἐξέλθῃ,

439 1516 592 1586 φησὶ,
624 1516 690 1571 τὸ
721 1515 1058 1585 ἀκάθαρτον
1089 1516 1326 1584 πνεῦμα
1367 1515 1484 1569 ἀπὸ
1536 1514 1643 1569 τοῦ
1681 1512 2015 1581 ἀνθρώπου,

434 1606 618 1678 λέγει,
662 1609 1035 1678 Πορεύσομαι
1069 1610 1157 1674 είς
1189 1606 1297 1660 τὸν
1327 1607 1513 1660 τόπον
1558 1606 1698 1663 ὅθεν
1732 1606 2015 1674 ἐξῆλθον.

436 1699 546 1752 Kal
569 1698 751 1753 ἐλθὸν
770 1699 1036 1766 εὑρίσκει
1059 1697 1166 1751 τὸν
1188 1694 1359 1751 οἷκον
1387 1696 1623 1750 ἐκεῖνον
1644 1694 2021 1763 σχολάζοντα

2121 502 2197 555 vit
2223 501 2499 570 proprium
2526 514 2647 555 esse
2671 500 2942 564 vacantis,
2981 500 3147 553 Deum
3194 498 3490 567 inquirere,
3513 504 3567 550 et
3595 496 3695 548 hac

2120 592 2187 646 de
2219 606 2381 646 causa
2416 591 2704 661 exprobrat
2733 590 2920 646 lsraeli
2951 610 2963 644 :
3011 589 3246 648 Vacalis,
3305 588 3467 643 otiosi
3519 587 3654 641 estis
3676 627 3691 652 ,

2119 695 2173 738 et
2195 683 2377 739 dicitis
2410 701 2425 739 :
2452 684 2681 738 Domino
2710 682 2821 737 Deo
2849 692 3041 738 nostro
3078 693 3198 738 vota
3238 680 3504 751 iaciemus
3534 679 3600 732 ”.
3630 677 3697 732 Et

2120 774 2341 843 quidem
2384 788 2448 828 ea
2477 775 2690 828 vacatio
2732 773 2873 827 bona
2902 773 3161 842 utilisque
3185 781 3269 827 est
3304 770 3540 833 vacanti,
3576 783 3697 838 quae

2121 866 2188 921 ad
2218 867 2487 920 salutares
2518 866 2796 921 doctrinas
2847 865 3190 936 recipiendas
3240 866 3477 933 quietem
3512 860 3691 915 alfert.

2125 959 2286 1030 176
2308 960 2487 1014 Otium
2507 972 2636 1012 vero
2652 957 3067 1011 Atheniensium
3085 957 3286 1010 malum
3320 965 3461 1019 erat,
3489 954 3579 1024 qui
3612 952 3691 1005 Ad

2122 1047 2253 1099 nihil
2283 1046 2431 1100 aliud
2477 1047 2733 1101 vacabant
2774 1048 2877 1101 nisi
2917 1048 2985 1099 ad
3018 1048 3296 1101 dicendum
3335 1059 3425 1100 ant
3472 1046 3697 1099 audien-

2120 1140 2245 1192 dum
2274 1139 2474 1209 aliquid
2497 1139 2851 1206 novi“.Quod
2874 1139 3042 1194 otium
3064 1140 3224 1194 etiam
3246 1156 3388 1195 nunc
3411 1140 3695 1194 imitantur

2120 1230 2395 1293 nonnulli,
2427 1231 2552 1284 dum
2595 1231 2898 1285 abutuntur
2927 1230 3063 1294 otio,
3124 1241 3183 1285 ut
3225 1245 3441 1300 semper
3494 1245 3690 1284 novum

2120 1326 2341 1396 aliquod
2399 1326 2591 1395 dOgma
2640 1326 3146 1381 comminiscautur.
3182 1325 3315 1380 Tale
3352 1324 3522 1381 otium
3553 1325 3693 1379 ami-

2119 1434 2240 1474 cum
2270 1428 2352 1472 est
2392 1419 2683 1473 immundis
2723 1433 2785 1472 ac
2815 1418 2998 1488 pravis
3044 1416 3347 1485 spiritibus.
3396 1415 3527 1470 Cum
3550 1418 3665 1470 exie

2122 1511 2213 1574 rit,
2261 1510 2454 1579 inquit,
2491 1512 2793 1565 immundus
2834 1511 3053 1578 spiritus
3096 1511 3161 1562 ab
3216 1510 3426 1563 homine
3457 1550 3472 1577 ,
3520 1508 3688 1563 dicit.

2122 1603 2369 1656 Revertar
2400 1601 2455 1656 in
2489 1602 2661 1656 locum
2694 1602 2831 1656 unde
2860 1601 3019 1654 exivi.
3044 1600 3108 1654 Et
3135 1603 3342 1655 veniens
3381 1601 3573 1653 invenit
3608 1600 3696 1652 do-

2122 1710 2266 1747 mum
2294 1693 2448 1746 illam
2496 1703 2769 1746 vacantem
2800 1703 2848 1747 et
2882 1694 3053 1761 scopis
3080 1693 3391 1746 mundatam
3438 1692 3507 1745 ³⁵.
3537 1692 3697 1745 Absit

436 1792 537 1848 καὶ
567 1792 1008 1861 σεσαρωμένον.
1064 1791 1156 1863 Μὴ
1194 1790 1407 1861 γένοιτο
1476 1785 1569 1842 οὖν
1614 1790 1762 1860 ἡμᾶς
1826 1788 2016 1860 σχολὴν

2127 1786 2292 1856 igitur
2319 1795 2381 1839 ut
2413 1800 2511 1839 nos
2534 1800 2629 1853 per
2653 1786 2826 1839 otium
2855 1786 3063 1839 aditum
3105 1784 3419 1839 adversario
3460 1784 3696 1850 praebea-

438 1884 659 1953 ποιῆσαι
719 1882 799 1952 τῷ
840 1881 1203 1952 ἀντικειμένῳ
1254 1881 1391 1952 πρὸς
1437 1880 1534 1950 τὴν
1585 1880 1819 1943 εἴσοδον,
1883 1880 2020 1933 ἀλλά

436 1974 826 2045 ἀσχολήσωμεν
875 1973 1030 2043 ἡμῶν
1072 1973 1163 2024 τὸν
1233 1972 1340 2025 ἔσω
1383 1967 1561 2036 οἶκον,
1614 1973 2021 2042 προενοικίσαν-

436 2082 526 2129 τες
555 2065 667 2134 (5‘2)
698 2066 754 2117 ἐν
785 2066 999 2126 ἑαυτοῖς
1031 2064 1119 2117 διὰ
1138 2064 1233 2116 τοῦ
1270 2062 1589 2133 Πνεῦματος
1632 2064 1722 2116 τὸν
1761 2066 2013 2134 Χριστόν.

435 2155 589 2209 Μετά
643 2154 773 2223 γοῦν
805 2155 865 2207 τὸ
914 2154 1243 2225 χαρίσασθαι
1287 2154 1386 2225 τὴν
1440 2155 1663 2225 εἰρήνην
1719 2158 1829 2217 τοῖς
1881 2155 2017 2219 τέως

434 2245 867 2315 ταρασσομένοις
917 2245 1023 2298 ὑπὸ
1066 2245 1175 2300 τῶν
1226 2244 1502 2315 πολεμίων
1527 2286 1540 2308 ,
1589 2245 1709 2297 τότε
1744 2245 1890 2313 λέγει
1932 2246 2014 2307 τὸ,

436 2333 739 2403 Σχολάσατε
780 2334 889 2388 ἀπὸ
915 2333 1023 2386 τῶν
1057 2333 1450 2407 περισπώντων
1495 2335 1640 2406 ὑμᾶς
1669 2333 1900 2406 ἐχθρῶν,
1932 2336 2021 2389 ἵνα

436 2428 492 2478 ἐν
534 2423 732 2495 ἠσυχίᾳ
753 2425 879 2486 τοὺς
904 2424 1034 2494 περὶ
1058 2424 1156 2495 τῆς
1176 2424 1436 2495 ἀληθείας
1463 2423 1781 2495 θεωρήσητε
1806 2423 2016 2493 λόγους.

434 2516 533 2569 Διά
564 2516 722 2568 τοῦτο
750 2514 844 2567 καὶ
870 2518 898 2568 ὁ
924 2516 1147 2586 Κύριος,
1184 2515 1309 2582 Πᾶς
1336 2516 1507 2581 ὅστις
1536 2519 1647 2569 οὐκ
1678 2513 2019 2569 ἀποτάσσε-

435 2624 551 2669 ται,
574 2609 726 2678 φησὶ,
752 2606 900 2660 πᾶσι
928 2607 1051 2673 τοῖς
1086 2608 1489 2676 ὑπάρχουσιν,
1522 2610 1592 2661 οὺ
1627 2606 1877 2660 δύναταί
1900 2626 2018 2677 μου

433 2696 586 2753 εἶναι
609 2699 898 2769 μαθητής.
948 2699 1211 2768 Σχολάσαι
1246 2696 1338 2752 οὖν
1372 2699 1452 2751 δεῖ
1484 2699 1594 2753 ἀπὸ
1634 2700 1740 2753 τῶν
1766 2702 2020 2773 γαμικῶν

437 2791 633 2863 ἔργων,
672 2791 757 2844 ἵνα
791 2791 1140 2862 σχολάσωμεν
1178 2794 1244 2861 τῇ
1276 2794 1551 2863 προσευχῇ
1574 2810 1588 2823 ο
1620 2792 1877 2862 σχολάσαι
1912 2794 2020 2847 ἀπὸ

433 2883 543 2936 τῶν
565 2900 631 2935 πε
640 2885 695 2955 pl
725 2883 814 2936 τὸν
836 2881 1062 2935 πλοῦτον
1084 2882 1354 2949 σπουδῶν,
1370 2883 1479 2936 ἀπὸ
1500 2884 1598 2955 τῆς
1629 2901 1695 2937 πε
1703 2885 1759 2956 ρὶ
1785 2885 1847 2938 τὸ
1874 2885 2022 2950 δοξά-

440 2991 553 3046 ριον
584 2974 740 3027 τοῦτο
771 2973 1088 3044 ἐπιθυμίας,
1116 2973 1225 3027 ἀπὸ
1256 2974 1363 3027 τῶν
1404 2975 1541 3046 πρὸς
1572 2975 1869 3029 ἀπόλαυσιν
1900 2977 2020 3048 ἡδο-

436 3065 565 3131 νῶν,
590 3065 697 3119 ἁπὸ
723 3065 919 3134 φθόνου
950 3065 1044 3118 καὶ
1074 3066 1254 3137 πάσης
1277 3067 1376 3138 τῆς
1402 3069 1481 3130 είς
1501 3067 1592 3119 τὸν
1615 3066 1841 3138 πλησίον
1865 3071 1896 3138 ἡ
1906 3069 2019 3139 μῶν

435 3158 718 3229 πονηρίας,
755 3156 862 3221 ἵνα,
910 3156 1255 3228 γαληνιώσης
1284 3158 1439 3229 ἡμῶν
1476 3159 1575 3230 τῆς
1602 3159 1782 3229 ψυχῆς
1805 3161 1897 3213 καὶ
1924 3160 2015 3212 ὑπ’

434 3250 647 3315 οὐδενὸς
706 3250 909 3315 πάθους
956 3250 1390 3321 ταρασσομένης,
1445 3245 1557 3305 οἷον
1617 3254 1675 3305 ἐν
1724 3253 2016 3324 κατόπτρῳ

434 3343 544 3395 τιν),
573 3341 792 3413 καθαρά
834 3342 1060 3411 γένηται
1107 3341 1218 3411 (53)
1264 3341 1360 3395 καὶ
1403 3342 1828 3413 ἀνεπισκότητος
1860 3344 1892 3414 ἡ
1928 3343 2014 3396 ἔλ-

434 3432 640 3505 ὶαμψις
677 3433 770 3486 τοῦ
813 3433 965 3487 Θεοῦ.
1025 3433 1449 3503 Ὑψωθήσομαι
1486 3436 1555 3488 ἐν
1596 3435 1721 3501 τοῖς
1752 3436 2011 3497 ἔθνεσιν,

435 3524 831 3594 ὑψωθήσομαι
874 3527 941 3579 ἐν
982 3525 1057 3593 τῇ
1098 3525 1197 3595 γῇ.
1250 3526 1444 3595 Σαφῶς
1489 3527 1660 3581 ταῦτα
1698 3528 1844 3597 λέγει
1888 3531 2016 3601 περὶ

434 3615 529 3669 τοῦ
550 3618 671 3669 καθ’
701 3618 888 3672 ἐαυτὸν
915 3619 1119 3683 πάθους
1142 3622 1171 3672 ὁ
1195 3619 1419 3691 Κύριος,
1443 3621 1625 3685 καθὼς
1652 3622 1711 3674 ἐν
1735 3622 1812 3691 τῷ
1838 3623 2014 3691 Εὐαγ-

436 3706 600 3778 γελίῳ
653 3709 1000 3780 γέγραπταιο
1054 3709 1261 3779 Κάγὼ,
1304 3710 1451 3764 ὅταν
1480 3711 1731 3780 ὑψωθῶ,
1784 3712 2015 3778 πάντας

436 3798 676 3852 ἑλκύσω
702 3800 849 3867 πρὸς
872 3801 1151 3870 ἐμαυτόν.
1181 3802 1291 3855 Kal
1334 3800 1424 3854 ὅτι
1453 3802 1564 3870 (δι)
1604 3801 1806 3869 ῶσπερ
1851 3806 2014 3855 Μωῢ-

437 3888 559 3955 σῆς
574 3889 783 3957 ὕψωσε
806 3890 910 3943 τὸν
934 3891 1071 3959 ὅφιν
1088 3892 1158 3944 ἐν
1194 3890 1268 3960 τῇ
1292 3890 1510 3960 ἐρήμῳ,
1543 3892 1698 3945 οὕτω
1731 3891 1828 3945 δεῖ
1852 3895 2016 3961 ὑψω-

437 3980 614 4049 θῆναι
644 3983 748 4035 τὸν
786 3982 921 4036 Υὶὸν
941 3983 1046 4037 τοῦ
1076 3983 1388 4051 ἀνθρώπου
1421 3984 1521 4036 ἐπὶ
1552 3983 1660 4051 τῆς
1691 3983 1820 4054 γῆς.
1863 3985 2015 4038 Ἐπεὶ

436 4066 529 4124 οὖν
550 4074 688 4143 ὑπὲρ
709 4072 817 4125 τῶν
840 4073 1009 4126 ἐθνῶν
1039 4073 1263 4144 ἔμελλεν
1279 4074 1545 4144 ὑψοῦσθαι
1576 4075 1712 4146 πρὸς
1738 4075 1827 4129 τὸν
1855 4093 2016 4130 σταυ-

441 4162 553 4234 ρὸν,
576 4164 669 4216 καὶ
708 4164 847 4234 ὑπὲρ
872 4166 1052 4234 πάσης
1081 4166 1181 4235 τῆς
1213 4165 1318 4235 γῆς
1354 4165 1453 4235 τὴν
1488 4164 1696 4233 ῦψωσιν
1723 4166 2016 4236 καταδέχε-

442 4253 583 4318 σθαι,
607 4255 693 4307 διά
720 4256 877 4309 τοῦτό
899 4273 1061 4327 φησιν
1082 4274 1097 4287 ³
1144 4258 1568 4327 ’Υψωθήσομαι
1587 4258 1657 4311 ἐν
1694 4258 1817 4323 τοῖς
1847 4259 2013 4313 ἔθνε-

438 4361 562 4409 σιν,
594 4346 986 4416 ὐψωθήσομαι
1008 4348 1078 4400 ἐν
1106 4346 1178 4417 τῇ
1201 4347 1297 4417 τῇ.
1324 4349 1540 4416 Κύριος
1566 4346 1687 4402 τῶν
1705 4348 2016 4419 δυνάμεων

2122 1892 2241 1930 lllllS
2270 1894 2285 1942 ;
2318 1876 2425 1929 imo
2479 1874 2792 1929 interiorem
2829 1883 3070 1929 nostram
3108 1875 3327 1928 domum
3373 1879 3695 1940 occupatam

2122 1980 2428 2035 teneamus,
2467 1968 2601 2021 adeo
2652 1974 2712 2021 ut
2768 1968 2916 2037 prius
2954 1968 3006 2021 in
3061 1966 3217 2020 nobis
3250 1965 3381 2034 ipsis
3416 1964 3694 2019 Christum

2120 2078 2217 2131 per
2268 2060 2532 2127 Spiritum
2574 2060 2912 2129 excipiamus
2952 2059 3211 2127 hospitio.
3250 2058 3544 2124 Postquam
3594 2055 3696 2125 igi-

2119 2163 2211 2208 tur
2240 2153 2308 2206 iis
2347 2153 2438 2220 qui
2476 2152 2742 2205 hactenus
2790 2151 3151 2203 turbabantur
3194 2151 3261 2202 ab
3300 2150 3567 2216 hostibus,
3602 2162 3696 2217 pa-

2119 2262 2234 2299 cem
2267 2246 2491 2314 largitus
2533 2254 2639 2309 est,
2676 2253 2803 2298 tunc
2841 2243 2974 2297 dicit
3004 2259 3017 2295 :
3068 2242 3271 2296 Vaeate
3306 2258 3335 2294 a
3383 2242 3695 2295 diStrahen-

2123 2339 2263 2392 tibus
2293 2353 2393 2391 vos
2430 2336 2687 2398 inimicis,
2723 2346 2784 2389 ut
2806 2336 2859 2388 in
2885 2336 3067 2403 quiete
3101 2336 3265 2387 verba
3294 2333 3540 2388 veritatis
3566 2348 3697 2387 con-

2122 2430 2365 2499 templari
2404 2429 2643 2499 possitis.
2677 2426 3017 2496 Quapropter
3055 2425 3217 2479 etiam
3278 2423 3537 2480 Dominus
3580 2424 3691 2479 ait:

2122 2520 2308 2574 Omnis
2335 2522 2423 2589 qui
2449 2535 2552 2573 non
2584 2519 2851 2572 renuntiat
2881 2517 3121 2572 omnibus
3146 2532 3264 2587 qua:
3297 2516 3552 2585 possidet,
3589 2532 3696 2570 non

2119 2622 2286 2682 potest
2314 2628 2461 2666 meus
2484 2628 2595 2667 esse
2628 2611 2922 2679 discipulus
2959 2612 3024 2664 ".
3057 2610 3265 2664 Vacare
3291 2609 3458 2679 igitur
3481 2616 3694 2677 oportet

2124 2706 2191 2758 ab
2225 2703 2480 2771 operibus
2516 2703 2869 2772 nuptialibus,
2934 2713 2990 2755 ut
3038 2716 3295 2756 vacemus
3346 2700 3642 2769 precationi
3676 2716 3690 2752 :

2122 2812 2323 2850 vacare
2355 2810 2385 2849 a
2423 2796 2735 2850 divitiarum
2768 2795 2970 2861 studio,
3015 2795 3082 2848 ab
3115 2794 3277 2862 huius
3318 2792 3561 2861 gloriolae
3595 2806 3693 2846 cu-

2122 2888 2369 2954 piditate,
2398 2889 2466 2941 ab
2498 2903 2597 2941 usu
2627 2885 2983 2955 voluptatum,
3034 2886 3101 2940 ab
3133 2883 3331 2939 invidia
3373 2894 3429 2939 et
3465 2883 3611 2938 omni
3640 2882 3693 2936 in

2124 2987 2371 3033 nostrum
2400 2976 2708 3046 proximum
2732 2976 3092 3046 malignitate,
3119 2984 3200 3039 ut,
3242 2975 3518 3030 obtinente
3554 2986 3697 3029 tran-

2122 3070 2444 3140 quillitatem
2470 3069 2650 3123 anima
2681 3080 2888 3131 nostra,
2932 3078 2986 3121 et
3010 3067 3158 3122 nullo
3193 3066 3385 3123 eﬂ'ectu
3416 3081 3536 3120 eam
3561 3082 3694 3121 con-

2126 3163 2404 3226 turbante,
2437 3160 2732 3215 illustratio
2766 3158 2861 3213 Dei
2898 3169 3154 3228 tauquam
3187 3160 3241 3214 in
3266 3160 3447 3230 aliquo
3476 3160 3697 3227 speculo

2123 3269 2254 3326 pura
2279 3269 2615 3324 exspersque
2643 3254 2988 3308 tenebrarum
3018 3251 3301 3307 elliciatur.
3332 3251 3697 3306 Exaltaborin

2121 3346 2385 3416 gentibus,
2424 3345 2701 3401 exaltabor
2726 3344 2781 3399 in
2811 3355 2975 3401 terra.
3001 3344 3188 3399 Palam
3224 3345 3339 3400 haec
3362 3346 3427 3399 de
3455 3360 3550 3399 sua
3570 3361 3695 3416 pas-

2121 3440 2274 3493 sione
2302 3438 2433 3492 dicit
2487 3438 2767 3503 Dominus,
2813 3438 3268 3507 quemadmodum
3306 3437 3359 3491 in
3404 3438 3697 3507 Evangelio

2119 3531 2382 3599 scriptum
2428 3538 2553 3584 est:
2588 3526 2657 3581 Et
2706 3545 2799 3599 ego
2829 3537 2948 3582 cum
2991 3528 3255 3583 exaltatus
3292 3529 3465 3596 fuero,
3518 3546 3696 3583 omnes

2120 3620 2329 3673 traham
2350 3619 2419 3672 ad
2441 3634 2519 3672 me
2540 3619 2711 3687 ipsum
2740 3619 2808 3672 ⁸⁷.
2838 3617 2903 3671 Ει
2922 3620 3057 3673 sicut
3084 3618 3291 3689 Moyses
3307 3620 3554 3673 exultavit
3582 3636 3696 3672 ser-

2118 3721 2319 3781 pentem
2350 3711 2402 3762 in
2447 3710 2692 3773 deserto‘,
2741 3710 2817 3762 ita
2864 3709 3092 3763 exaltari
3129 3719 3329 3776 oportet
3369 3707 3573 3762 Filium
3604 3710 3698 3763 ho-

2120 3803 2279 3856 minis
2301 3803 2355 3855 in
2392 3810 2535 3856 terra
2558 3802 2624 3855 ²⁸.
2663 3801 2930 3868 Quoniam
2977 3802 3139 3872 igitur
3166 3817 3263 3871 pro
3295 3802 3549 3872 gentibus
3576 3812 3699 3857 erat

2124 3897 2175 3949 iu
2205 3909 2424 3949 crucem
2454 3893 2795 3959 exaltandus,
2821 3902 2875 3948 et
2906 3908 3003 3962 pro
3046 3894 3301 3949 universa
3334 3905 3481 3948 terra
3507 3908 3695 3948 susce-

2122 3997 2311 4056 pmrus
2364 3985 2509 4041 illam
2562 3985 2975 4051 exultationem,
3012 3995 3297 4055 propterea
3330 3986 3499 4041 dicit:
3531 3985 3699 4041 Exol-

2122 4078 2273 4131 tubor
2299 4079 2353 4132 in
2386 4078 2646 4148 gentibus,
2667 4078 2949 4132 exaltabor-
2982 4078 3036 4132 in
3065 4087 3231 4132 terra.
3268 4076 3431 4132 Vens.
3465 4078 3552 4135 19..
3584 4077 3698 4131 Do-

2120 4170 2296 4223 minus
2325 4169 2578 4222 virtutum
2606 4168 2895 4231 nobiscum,
2930 4177 3203 4239 susceptor
3230 4178 3411 4223 noster
3441 4168 3581 4223 Deus
3604 4168 3700 4223 Ja-

2120 4261 2234 4315 cob.
2271 4260 2563 4316 Exsultans
2586 4262 2655 4315 ob
2686 4260 2777 4316 Dei
2813 4262 3099 4327 auxilium,
3119 4263 3202 4318 bis
3232 4278 3419 4318 vocem
3451 4264 3697 4319 eamdem

2122 4354 2350 4425 protulit
2383 4374 2393 4408 :
2428 4353 2685 4407 Dominus
2710 4355 2964 4408 virtutum
3008 4356 3299 4421 nobiscum,
3334 4356 3487 4425 quasi
3530 4355 3698 4411 insul-

431 4437 563 4506 μεθ’
602 4437 791 4506 ἡμῶν,
841 4439 1221 4507 ἀντιλήπτωρ
1276 4439 1445 4509 ἡμῶν
1493 4443 1526 4493 ὀ
1592 4439 1737 4507 Θεὸς
1798 4441 2012 4497 Ἰακώϐ.

2125 4456 2265 4501 taret
2290 4461 2355 4502 ac
2385 4446 2633 4501 insileret
2665 4447 2832 4511 hosti,
2857 4450 2926 4502 ob
2951 4448 3251 4516 perfectam
3297 4464 3463 4517 quam
3494 4450 3549 4503 in
3575 4448 3698 4504 ani-

452 4530 917 4602 Ἐπαγαλλόμενος
940 4535 1007 4603 τῇ
1037 4532 1129 4585 τοῦ
1160 4532 1295 4585 Θεοῦ
1328 4532 1550 4604 βοηθείᾳ
1569 4573 1584 4597 ,
1620 4533 1702 4597 δὶς
1723 4534 1822 4603 τὴν
1849 4534 2016 4605 αὐτὴν

2124 4554 2331 4592 marum
2370 4548 2679 4591 nostrarum
2731 4537 3071 4593 Salvatorem
3110 4541 3342 4595 habebat
3398 4541 3648 4597 liduciam
3680 4582 3695 4605 ,

440 4623 623 4693 φωνὴν
649 4621 903 4694 ἐξεϐόησε
926 4641 939 4655 ο
970 4625 1181 4693 Κύριος
1202 4625 1320 4677 τῶν
1338 4625 1650 4694 δυνάμεων
1662 4627 1792 4696 μεθ’
1813 4626 1981 4695 ἡμῶν
1998 4644 2014 4661 ’

436 4715 601 4790 οἱονεὶ
643 4715 989 4786 ἐπεμϐαίνων
1034 4716 1129 4769 καὶ
1169 4716 1521 4787 ἐναλλόμενος
1564 4717 1642 4788 τῷ
1692 4718 1904 4790 ἐχθρῷ,
1929 4719 2016 4772 διὰ

435 4808 535 4877 τὴν
560 4806 769 4860 τελείαν
793 4806 886 4860 ἐπὶ
916 4806 1009 4860 τὸν
1032 4808 1259 4878 Σωτῆρα
1289 4806 1398 4861 τῶν
1431 4807 1618 4879 ψυχῶν
1642 4810 1800 4880 ήμῶν
1826 4809 2015 4864 πεποί-

438 4899 614 4969 θησιν,
654 4898 729 4962 ὼς
756 4899 908 4952 οὐδὲν
937 4899 1263 4970 πεισόμενος
1289 4901 1421 4971 παρ’
1450 4900 1615 4954 αὐτοῦ
1643 4901 1773 4971 (55).
1809 4904 1879 4954 El
1907 4901 2016 4970 γὰρ

437 4994 469 5043 ὀ
501 4992 636 5059 Θεὸς
664 4992 817 5060 ὑπὲρ
844 4992 1034 5061 ἡμῶν,
1060 4993 1153 5059 τίς
1184 4994 1311 5047 καθ’
1351 4993 1559 5063 metiar;
1614 4996 1670 5049 Ὀ
1698 4996 1776 5066 τῷ
1822 4994 2014 5048 Ἰακὼϐ

508 5174 552 5204 ’³
594 5173 762 5226 Exod.
800 5188 851 5233 ν,
886 5172 973 5226 17.
1088 5174 1134 5204 ’⁸
1174 5174 1294 5227 Act.
1348 5189 1481 5236 xv",
1534 5172 1623 5226 2i.

1743 5174 1787 5204 ’⁸
1824 5171 2013 5225 Matth.
2063 5188 2171 5235 xu,
2223 5172 2313 5234 4⁸5,
2368 5174 2456 5229 ότι.

2121 4629 2286 4698 quod,
2311 4642 2376 4681 eo
2399 4626 2644 4695 iuvante,
2674 4627 2805 4680 nihil
2831 4638 3273 4695 passurusesset.
3307 4629 3369 4685 Si
3399 4631 3537 4684 enim
3556 4630 3697 4684 Deus

2120 4734 2216 4786 pro
2254 4718 2423 4783 nobis,
2479 4719 2596 4786 quis
2631 4727 2817 4769 contra
2853 4733 2949 4769 nos
2988 4718 3077 4770 ‘9?
3110 4717 3211 4784 Qui
3241 4716 3406 4772 Iacob
3429 4718 3579 4772 dedit
3618 4718 3699 4770 vi-

2123 4810 2371 4873 ctoriam,
2402 4824 2466 4863 ac
2488 4818 2610 4878 post
2636 4809 2837 4862 Iuctam
2876 4810 3052 4879 ipsum
3082 4808 3251 4864 Israel
3285 4798 3590 4878 designavit
3627 4811 3697 4873 ³⁸,

2122 4902 2209 4956 hic
2239 4914 2325 4956 est
2357 4911 2637 4970 susceptor
2662 4910 2882 4969 uoster;
2909 4905 3023 4971 ipse
3048 4918 3147 4971 pro
3166 4904 3324 4961 nobis
3346 4914 3567 4973 pugnat.
3590 4903 3699 4957 Nos

2124 5004 2302 5050 autem
2357 4995 2721 5063 quiescamus,
2756 4996 2899 5066 quod
2935 4994 3058 5064 Ipse
3100 5004 3175 5049 est
3230 5012 3335 5064 pax
3370 5010 3572 5056 nostra,
3607 4998 3697 5064 qui

2562 5174 2606 5202 ’⁸
2640 5173 2763 5226 Luc.
2811 5188 2920 5239 XIV,
2953 5173 3041 5226 55.
3149 5173 3191 5202 ’⁷
3242 5177 3399 5224 Juuu.
3457 5185 3571 5231 xtl,
3603 5170 3690 5223 5‘2.

442 5244 485 5276 "‘
517 5244 669 5299 Joau.
700 5259 781 5308 ιιι,
815 5243 902 5299 14.
980 5244 1024 5275 ¹⁹
1066 5242 1222 5298 Rom.
1259 5259 1375 5310 vm,
1412 5244 1503 5299 51.
1579 5243 1623 5274 ³⁸
1662 5242 1797 5297 Gen.
1834 5258 2007 5307 χχχιι,
2064 5245 2155 5297 28.

510 5418 623 5485 (50)
662 5417 738 5472 Ita
768 5431 903 5473 mss.
932 5417 1192 5487 quinque.
1227 5418 1388 5472 Deest
1424 5418 1481 5471 δέ
1510 5417 1563 5471 in
1595 5426 1779 5473 emus.

511 5488 621 5557 (5|)
655 5487 849 5559 Nostra
883 5490 1050 5544 editio
1088 5489 1263 5559 Paris.
1288 5488 1737 5559 προσευξώμεθα.
1772 5491 1842 5542 At
1881 5504 2015 5545 mss.

439 5544 873 5629 προσευξόμεθα.
913 5560 1092 5629 σΑρυθ
1118 5544 1265 5629 LXX
1300 5544 1371 5612 ita
1410 5544 1607 5628 legitur
1645 5577 1658 5612 :
1719 5560 1816 5611 Διὰ
1860 5544 2018 5612 τοῦτ’)

439 5625 627 5710 λέγετε
646 5625 1083 5710 ’ΠΠορευθῶμεη
1110 5626 1365 5710 θύσωμεν
1396 5625 1622 5710 τῷΘξῴ
1660 5630 1836 5700 ἡμῶν.
1884 5629 2014 5685 Pro—

443 5708 618 5769 pterea
643 5699 816 5769 dicitis
839 5714 858 5751 .'
887 5700 1104 5753 Eamus.
1134 5699 1496 5766 sacriﬁcemus
1536 5699 1643 5755 Deo
1674 5710 1870 5757 nostra.

515 5768 628 5833 (52)
650 5767 782 5836 Reg.
824 5770 1013 5827 tertius
1038 5769 1422 5833 ἐνοικίσαντες.

2223 5416 2313 5482 55)
2346 5414 2437 5470 Sic
2459 5424 2663 5483 septem
2700 5430 2831 5469 mss.
2856 5430 2979 5469 cuin
3028 5413 3270 5469 editione
3296 5411 3459 5483 Basil.
3490 5410 3552 5464 At
3578 5410 3695 5463 eili-

2118 5486 2190 5540 tio
2222 5486 2393 5556 Paris.
2430 5482 2743 5556 ἐγγένηται.
2775 5486 2931 5556 (ξοιι).
2961 5496 3148 5556 sextus
3178 5482 3482 5556 ἐγγένεται.

2186 5556 2299 5623 (54)
2332 5554 2405 5606 Ita
2424 5554 2626 5623 septeni
2646 5572 2775 5610 mss.
2797 5554 2954 5610 Deest
2973 5555 3053 5608 ὅτι
3072 5556 3124 5608 in
3150 5555 3330 5608 editis.
3352 5555 3544 5606 Statim
3564 5568 3692 5606 mss.

2119 5641 2311 5680 navem
2342 5624 2448 5677 τῶν
2482 5623 2807 5694 ἀνθρώπων,
2838 5641 2931 5691 pro
2959 5625 3274 5680 hominibus.

2187 5696 2302 5763 (55)
2344 5695 2441 5760 Ὠς
2473 5691 2653 5749 οὐδὲν
2687 5696 3043 5762 πεισόμενος
3080 5695 3216 5763 παρ’
3260 5692 3467 5751 αὑτοῦ.
3516 5691 3697 5757 Verte,

2121 5776 2175 5821 ut
2201 5764 2333 5820 nihil
2361 5767 2424 5820 ab
2454 5766 2599 5822 hoste
2619 5782 2892 5838 passurus.
2928 5763 3139 5821 Manu.
