4016 6220
321 279 432 335 435

1447 274 1730 331 HOMILIA
1770 274 1838 331 IN
1871 275 2205 334 PSALMUM
2242 275 2473 333 XLVIII.

3466 277 3573 336 ιω

320 406 424 461 σης
459 388 922 460 ὑπερανέστηκεν,
954 386 1095 442 ὥστε
1117 387 1176 455 ἐξ
1203 387 1446 443 ἀπόπτου
1485 390 1661 444 πάντα
1688 390 1815 443 ἰδεῖν
1837 388 1888 443 τέ

2011 392 2146 447 adeo
2172 391 2376 448 vocalis
2397 404 2596 460 prateo,
2627 398 2687 446 ut
2728 389 2982 446 inclamet
3024 389 3166 460 quod
3191 404 3220 445 a
3251 395 3328 447 tot
3348 390 3574 449 auribus

308 481 474 550 .EGV'q,
519 481 831 533 καὶ¹πᾶσαν
866 478 965 550 τὴν
997 478 1319 552 οἰκουμένην
1358 478 1621 552 ὀφθαλμῷ
1674 480 1899 550 περιλα-

319 571 471 636 ϐεῖν;
502 571 598 635 Τίς
617 569 760 625 οῦτω
791 571 1303 643 μεγαλοφωνότατος
1324 572 1516 644 κῆρυξ,
1545 572 1686 627 ὥστε
1714 572 1902 626 τοσαύ·

319 679 444 726 ταις
480 660 615 732 ὁμοῦ
651 662 838 725 ἀκοαῖς
866 661 1187 727 ἐξάκουστον
1216 663 1481 734 ἐμϐοῆσαι
1507 680 1521 729 ;
1566 664 1662 728 Τίς
1700 664 1729 716 ό
1752 664 1901 736 δέχε-

320 753 452 807 σθαι
479 753 775 825 δυνάμενος
802 753 977 826 χῶρος
996 755 1121 818 τοὺς
1148 755 1638 826 ἐκκλησιάζοντας;
1663 756 1900 827 Πηλίκος

316 843 376 897 δὲ
408 846 437 898 ὁ
475 843 791 909 διδάσκαλος
829 846 923 899 καὶ
962 848 1203 911 ποταπὸς
1228 848 1328 920 τὴν
1354 848 1563 917 σοφίαν,
1592 847 1733 901 ὥστε
1773 846 1899 913 ἀξια

318 936 425 1006 τῆς
449 935 781 1008 τηλικαύτης
812 938 1132 1010 Ἐκκλησίας
1160 940 1270 1009 (63)
1302 940 1623 1011 ἐξευρεῖντά
1648 941 1903 1011 διδάγμα-

320 1043 391 1081 τα
415 1044 430 1093 ;
459 1027 669 1102 Μικρὸν
697 1028 1005 1100 ἀνάμεινον,
1040 1031 1132 1083 καὶ
1156 1032 1392 1106 μαθήσῃ,
1423 1032 1505 1084 ὅτι
1534 1031 1659 1097 ἄξια
1680 1032 1773 1085 τοῦ
1801 1034 1898 1086 ἐπ-

318 1116 666 1186 αγγέλματός
694 1119 809 1170 ἐστι
834 1117 901 1171 τὰ
924 1119 1138 1191 ἐφεξῆς.
1175 1121 1233 1173 '0
1260 1119 1357 1191 μὲν
1386 1120 1494 1194 γὰρ
1524 1121 1896 1193 ἐκκλησιάζων

317 1208 417 1261 καὶ
459 1210 635 1262 πάντα
667 1209 951 1278 συγκαλῶν
993 1210 1073 1282 τῷ
1118 1212 1432 1283 κηρύγματι
1477 1215 1505 1267 ό
1546 1212 1897 1284 Παράκλητός

317 1314 455 1362 εστι,
471 1299 533 1352 τὸ
550 1300 774 1370 Πνεῦμα
799 1301 898 1371 τῆς
922 1300 1197 1371 ἀληθείας,
1220 1304 1307 1356 διὰ
1325 1304 1619 1376 προφητῶν
1646 1303 1740 1357 καὶ
1763 1305 1896 1357 ἀπο·

317 1389 522 1444 στόλων
570 1391 815 1460 συνάγων
850 1392 960 1463 (64)
996 1394 1123 1456 τοὺς
1162 1394 1500 1465 σωζομένους
1524 1412 1538 1424 ·
1588 1388 1664 1449 ὧν
1710 1395 1894 1466 ἐπειδὴ

312 1482 422 1545 Εἰς
449 1480 694 1536 ἅπασαν
728 1481 843 1549 τὴν
864 1483 983 1552 γῆν
1009 1482 1267 1551 ἐξῆλθεν
1301 1487 1334 1537 ό
1374 1485 1631 1554 φθόγγος
1675 1482 1891 1548 αὐτῶν,

314 1573 416 1626 καί
443 1574 530 1638 εἰς
565 1574 638 1628 τὰ
663 1573 887 1641 πέρατα
914 1574 1024 1644 τῆς
1050 1574 1405 1644 οἰκουμένης
1433 1575 1505 1629 τὰ
1524 1574 1762 1645 ῥήματα
1788 1578 1894 1629 αὺ-

313 1663 460 1718 τῶνε
500 1664 587 1718 διὰ
615 1666 772 1719 τοῦτὸ
792 1683 987 1737 φησιν·
1031 1667 1372 1734 Ἀκούσατε,
1408 1668 1603 1721 πάντα
1634 1669 1705 1721 τὰ
1724 1668 1888 1737 ἔθνη,

2012 482 2176 538 simul
2205 482 2507 537 audiatur?
2544 481 2676 549 Quis
2709 482 2860 537 locus
2887 482 2953 537 ad
2987 482 3301 538 concionem
3343 482 3569 538 venien-

2008 584 2091 631 tes
2122 584 2289 645 queat
2312 574 2604 643 excipere?
2632 573 2880 640 Quantus
2898 583 3075 628 autem
3109 577 3319 640 doctor,
3342 583 3395 629 et
3421 573 3570 645 quali

2005 664 2267 733 sapientia
2302 664 2586 734 praeditus,
2614 673 2672 718 ut
2696 664 3017 719 documenta
3049 663 3567 719 inveniatconsessu

2005 763 2158 809 tanto
2183 753 2382 824 digna?
2406 752 2673 823 ExSpecta
2702 762 3081 824 parumper,et
3098 769 3161 809 ea
3189 769 3308 825 quae
3329 768 3567 824 sequun-

2006 854 2112 908 tur,
2135 844 2424 914 promissis
2477 844 2695 915 indigna
2734 859 2840 900 non
2874 860 2995 900 esse
3025 845 3259 902 edisces.
3290 845 3566 915 Siquidem

2004 935 2383 999 concionator,
2415 944 2470 990 et
2503 934 2593 1004 qui
2639 950 2830 991 omnes
2880 937 3152 1007 praeconio
3192 937 3359 1004 cogit,
3394 936 3566 991 Para-

2000 1028 2174 1092 cletus
2205 1035 2308 1092 est,
2345 1027 2433 1081 ille
2476 1027 2714 1097 Spiritus
2754 1028 3026 1095 veritatis,
3068 1044 3163 1099 per
3201 1030 3488 1099 prophetas
3513 1039 3571 1086 et

2001 1118 2281 1190 apostolos
2320 1132 2414 1172 eos
2455 1132 2796 1187 congregans
2839 1117 2932 1188 qui
2966 1118 3195 1174 salutem
3223 1120 3567 1174 consecuturi

2001 1212 2159 1267 erant
2185 1230 2198 1265 :
2224 1224 2451 1279 quorum
2486 1209 2611 1279 quia
2651 1207 2717 1262 In
2752 1224 2954 1263 omnem
2997 1220 3191 1263 terram
3217 1210 3373 1263 exiuit
3406 1226 3567 1264 sonus

1999 1320 2201 1368 eorum,
2223 1311 2270 1356 et
2296 1302 2348 1355 in
2372 1302 2503 1372 ﬁnes
2535 1302 2673 1355 orbis
2699 1312 2853 1355 terra:
2878 1303 3034 1355 verba
3057 1318 3235 1356 eorum
3256 1302 3332 1368 ’7;
3368 1303 3568 1359 idcirco

1999 1394 2130 1447 dicit
2159 1409 2172 1447 :
2197 1392 2414 1457 Audite,
2453 1408 2629 1447 omnes
2664 1403 2858 1463 gentes,
2890 1403 2938 1447 et
2981 1409 3156 1447 omnes
3195 1395 3283 1463 qui
3320 1395 3568 1449 habitatis

2002 1486 2200 1538 orbem.
2234 1483 2579 1555 Quapropter
2604 1492 2659 1540 et
2686 1483 2928 1539 Ecclesia
2961 1499 3027 1539 ex
3062 1485 3313 1540 omnibus
3342 1484 3566 1541 collecta

2000 1585 2083 1630 est
2122 1576 2545 1641 conditionibus,
2582 1584 2641 1629 ut
2673 1590 2830 1630 nemo
2858 1576 2949 1645 qui
2987 1591 3178 1631 exsors
3219 1577 3289 1632 sit
3315 1576 3567 1635 utilitatis

2001 1668 2360 1737 relinquatur.
2396 1667 2609 1721 Etenim
2643 1668 3089 1738 congregationes
3113 1677 3223 1721 tres
3249 1678 3376 1723 sunt
3401 1684 3568 1724 voca-

312 1756 414 1810 καί
444 1755 667 1823 πάντες
693 1762 748 1811 οἱ
778 1757 1193 1824 κατοικοῦντες
1228 1760 1344 1827 τὴν
1377 1759 1754 1829 οἰκουμένην.
1801 1761 1888 1813 Διὸ

1996 1770 2196 1823 torum,
2227 1758 2427 1828 quibus
2450 1772 2611 1813 omne
2647 1758 2924 1812 hominum
2949 1773 3118 1828 genus
3146 1759 3561 1828 comprehendi-

315 1850 409 1902 καὶ
440 1852 473 1922 ἠ
517 1850 812 1922 Ἐκκλησία
834 1851 897 1903 ἐκ
925 1850 1276 1905 παντοδαπῶν
1304 1850 1747 1923 ἐπιτηδευμάτων
1771 1868 1892 1905 συν-

311 1941 571 2006 είλεκται,
628 1941 714 1994 ἴνα
769 1942 955 2013 μηδεὶς
991 1941 1094 2006 ἔξω
1128 1943 1226 2012 τῆς
1252 1942 1515 2010 ὠφελείας
1567 1942 1888 2012 ἀπολειφθῇ.

309 2033 472 2103 Τρεῖς
509 2033 617 2104 γάρ
660 2034 766 2085 εἰσι
815 2034 1062 2101 συζυγίαι
1114 2032 1219 2085 τῶν
1268 2032 1639 2103 κεκλημένων,
1694 2035 1751 2086 ἐν
1802 2029 1890 2097 αἶς

309 2124 455 2174 ἅπαν
490 2120 551 2173 τὸ
578 2120 686 2174 τῶν
712 2119 1012 2192 ἀνθρώπων
1046 2121 1355 2191 περιέχεται
1385 2122 1541 2189 γένος
1560 2137 1573 2150 ·
1610 2120 1737 2189 ἔθνη
1781 2119 1890 2192 γάρ

309 2214 357 2265 οί
387 2212 766 2275 κατοικοῦντες
798 2211 895 2282 τὴν
925 2212 1249 2282 οἰκουμένην
1268 2228 1279 2241 ·
1309 2215 1558 2283 γηγενεῖς
1583 2213 1676 2265 καὶ
1704 2214 1750 2264 oi
1784 2213 1890 2265 υἱοὶ

309 2303 418 2357 τῶν
459 2301 787 2374 ἀνθριῦπωνο
828 2303 1072 2357 πλούσιοι
1124 2304 1217 2357 καὶ
1260 2303 1508 2375 πένητες.
1544 2304 1675 2357 Τίνα
1710 2304 1889 2358 τοίνυν

314 2394 418 2459 ἔξω
450 2394 800 2449 καταλέλοιπε
835 2396 933 2467 τῆς
973 2395 1324 2466 ἀκροάσεως;
1365 2397 1428 2448 Οί
1473 2394 1741 2466 ἀλλότριοι
1789 2397 1889 2466 τῆς

313 2488 547 2551 πίστεως
595 2486 684 2541 διὰ
730 2487 842 2558 (65)
885 2486 995 2541 τῶν
1042 2486 1211 2540 ἐθνῶν
1249 2485 1579 2558 ἐκλήθησαν.
1626 2487 1690 2541 Οἶ
1729 2489 1789 2540 ἐν
1820 2490 1887 2559 τῇ

322 2579 620 2650 Ἐκκλησία
676 2579 833 2643 εἰσὶν,
879 2579 931 2631 oi
972 2577 1349 2641 κατοικοῦντες
1394 2578 1493 2648 τὴν
1541 2578 1885 2649 οἰκουμένην.

307 2671 563 2741 Γηγενεϊς
586 2673 634 2724 οί
666 2671 734 2725 τὰ
760 2671 928 2742 γήινα
953 2669 1294 2742 φρονοῦντες,
1319 2669 1413 2723 καὶ
1435 2668 1541 2722 τῶν
1570 2669 1889 2742 θελημάτων

309 2759 414 2830 τῆς
446 2759 643 2831 σαρκὸς
675 2760 1040 2829 ἀντεχόμενοι.
1078 2758 1199 2811 Υίοὶ
1230 2756 1340 2812 τῶν
1372 2755 1672 2830 ἀνθρώπων
1700 2761 1749 2812 οί
1775 2759 1891 2812 ἐπι-

311 2850 531 2922 μέλειάν
584 2867 708 2903 τινα
759 2849 854 2903 καὶ
903 2849 1135 2919 ἄσκησιν
1186 2847 1281 2902 τοῦ
1327 2848 1486 2917 λόγου
1542 2848 1885 2919 ποιούμενοι·

309 2942 439 2997 [διον
462 2941 571 3013 γάρ
601 2941 696 2994 τοῦ
729 2938 1015 3012 ἀνθρώπου
1048 2940 1108 2993 τὸ
1129 2938 1365 3008 λογικόν.
1390 2939 1640 2993 Πλούσιοι
1671 2940 1765 2994 καὶ
1798 2940 1886 2993 πέ-

307 3050 467 3105 νητες
493 3031 715 3086 αὐτόθεν
747 3031 928 3103 ἔχουσι
959 3032 1366 3102 γνωριζομένην
1403 3031 1501 3103 τήν
1536 3031 1801 3103 ίδιότητα·
1831 3034 1882 3085 οί
1912 3064 1955 3122 C

311 3124 410 3194 μὲν
438 3123 854 3195 ὑπερϐαίνοντες
887 3122 986 3195 τὴν
1015 3124 1205 3195 κτῆσιν
1250 3122 1359 3175 τῶν
1389 3122 1718 3192 ἀναγκαίων,
1751 3125 1800 3177 οί
1828 3123 1886 3177 δὲ

306 3218 366 3267 ὲν
402 3214 579 3283 ἐνδείᾳ
604 3213 808 3267 τούτων
836 3213 1257 3285 καθεστηκότες.
1307 3214 1522 3285 Ἐπειδὴ
1558 3214 1618 3267 δὲ
1651 3217 1679 3269 ὀ
1705 3214 1887 3287 ἰατρὸς

304 3305 415 3358 τῶν
436 3304 623 3375 ψυχῶν
649 3306 749 3358 οὐκ
772 3301 903 3375 ἦλθε
926 3306 1152 3360 καλέσαι
1180 3306 1440 3371 δικαίους,
1468 3305 1604 3360 ἀλλά
1628 3307 1887 3377 ἀμαρτω-

305 3396 430 3461 λοὺς
461 3398 541 3462 είς
576 3398 884 3466 μετάνοιαν,
924 3397 1140 3469 πρῶτον
1183 3397 1370 3465 ἔταξεν
1415 3400 1472 3451 ἐν
1505 3400 1571 3470 τῇ
1605 3398 1792 3470 κλήσει
1828 3400 1887 3452 ἐν

306 3490 512 3563 ἑκάστῃ
542 3489 770 3560 συζυγίᾳ
810 3489 872 3542 τὸ
903 3491 1373 3563 κατεγνωσμένον.
1408 3491 1642 3561 Χείρονα
1674 3490 1784 3562 γὰρ
1815 3490 1883 3543 τά

304 3581 435 3652 εθνη
472 3580 581 3634 τῶν
608 3581 1006 3635 κατοικούντων
1051 3584 1150 3653 τὴν
1181 3584 1504 3655 οἰκουμένην
1522 3600 1538 3615 ο
1582 3582 1696 3637 ἀλλ’
1735 3584 1883 3654 ὅμως

304 3671 696 3746 προτετίμηται
723 3671 836 3743 (66)
866 3674 945 3736 είς
970 3672 1067 3745 τὴν
1098 3673 1310 3744 κλῆσιν,
1341 3675 1429 3729 ἵνα
1455 3676 1506 3727 οί
1528 3674 1713 3738 κακῶς
1737 3674 1885 3745 ἔχον-

304 3784 395 3832 τες
426 3767 687 3839 πρότερον
738 3765 1083 3838 μεταλάϐωσι
1134 3766 1233 3836 τῆς
1272 3767 1335 3819 ἐκ
1378 3764 1470 3818 τοῦ
1517 3764 1703 3838 ἰατροῦ
1748 3765 1884 3836 ὡφε-

303 3856 469 3919 λείας.
513 3856 683 3909 Πάλιν
722 3858 771 3909 οἱ
801 3857 1053 3925 γηγενεῖς
1085 3854 1192 3927 πρὸ
1223 3854 1335 3909 τῶν
1366 3855 1499 3909 υίῶν
1542 3856 1650 3909 τῶν
1675 3854 1884 3927 ἀνθρώ-

302 3964 421 3999 πων
451 3947 785 4018 ἐτάχθησανο
840 3946 934 4000 καὶ
960 3945 1201 3999 πλούσιοι
1245 3945 1351 4019 πρὸ
1373 3945 1480 3999 τῶν
1508 3948 1773 4017 πενήτων.
1810 3948 1882 4000 Τὸ

299 4038 721 4109 ἀπεγνωσμένον
761 4038 970 4109 τάγμα,
1022 4039 1117 4091 καὶ
1149 4037 1402 4091 δύσκολον
1432 4038 1554 4109 ἔχον
1581 4038 1679 4109 τὴν
1711 4056 1882 4109 σωτη-

302 4130 442 4198 ρίαν,
470 4130 731 4201 πρότερον
770 4130 1031 4201 κέκληται
1068 4129 1176 4183 τῶν
1199 4129 1449 4200 πτωχῶν.
1499 4129 1733 4202 Τοιαύτη
1771 4131 1881 4204 γὰρ

301 4220 334 4290 ἡ
366 4219 458 4271 τοῦ
485 4220 665 4291 ἰατροῦ
693 4220 1073 4292 φιλανθρωπία
1095 4223 1207 4284 τοῖς
1232 4221 1666 4291 ἀσθενεστέροιςο
1687 4222 1881 4290 προτέ-

304 4325 417 4380 ροις
450 4308 561 4380 (67)
604 4310 923 4380 μεταδίδωσι
953 4313 1052 4382 τῆς
1078 4312 1367 4381 ὡφελείας.
1404 4312 1567 4382 Ὁμοῦ
1591 4312 1648 4365 δὲ
1674 4313 1768 4365 καὶ
1799 4315 1879 4365 εί-

1997 1858 2120 1912 tur;
2163 1856 2355 1917 gentes
2380 1856 2434 1901 et
2483 1847 2794 1902 habitantes
2821 1850 3042 1913 orbem;
3080 1850 3365 1919 terrigena:
3394 1862 3447 1906 et.
3471 1852 3563 1907 lilii

1994 1938 2296 2002 hominum,
2331 1938 2530 1992 divites
2592 1945 2646 1991 et
2683 1951 2971 2008 pauperes.
3008 1938 3177 2005 Quem
3219 1940 3379 2008 igitur
3411 1952 3563 1995 extra

1992 2030 2321 2083 auditorium
2342 2028 2601 2098 reliquit?
2623 2029 2799 2083 Alieni
2832 2046 2859 2081 a
2888 2029 3010 2091 ﬁde,
3045 2046 3141 2098 per
3163 2039 3349 2099 gentes
3389 2033 3563 2087 vocati

1997 2119 2161 2189 178
2182 2127 2331 2173 sunt.
2363 2117 2463 2185 Qui
2488 2128 2709 2172 manent
2739 2118 2792 2171 in
2821 2118 3085 2186 Ecclesia,
3105 2120 3139 2173 ii
3164 2103 3313 2185 sunt,
3342 2122 3433 2192 qui
3466 2123 3564 2176 ha—

1990 2212 2167 2265 bitant
2196 2211 2409 2265 orbem.
2442 2206 2754 2280 Terrigenae
2782 2218 2910 2263 sunt
2950 2210 3042 2277 qui
3078 2220 3294 2266 terrena
3319 2213 3556 2282 sapiunt,

1990 2313 2045 2357 et
2078 2302 2256 2357 urnis
2286 2301 2482 2371 placita
2518 2312 2903 2370 assequuntur.
2936 2301 3055 2356 Filii
3104 2303 3382 2357 hominum
3412 2316 3561 2370 suttt,

1990 2396 2080 2465 qui
2112 2396 2346 2465 quodam
2402 2394 2561 2450 modo
2603 2395 2870 2448 rationem
2919 2406 3115 2450 curant
3162 2407 3559 2467 exercentque;

1989 2501 2115 2540 nam
2157 2486 2297 2541 ratio
2330 2486 2549 2557 propria
2588 2485 2827 2540 hominis
2852 2496 2956 2539 est.
2990 2484 3223 2540 Divitum
3255 2502 3319 2541 ac
3356 2501 3562 2556 paupe-

1989 2594 2110 2633 rum
2168 2579 2477 2649 pr0prietas
2521 2593 2616 2647 per
2673 2591 2735 2633 se
2786 2577 3173 2647 cognoscitur:
3224 2578 3300 2633 illi
3343 2581 3583 2648 quidem.

1988 2671 2432 2739 superabundant
2479 2684 2662 2724 rerum
2716 2670 3150 2723 necessariarum
3194 2670 3558 2738 possessione,

1989 2761 2044 2816 hi
2083 2775 2209 2816 vero
2256 2760 2310 2815 in
2347 2760 2665 2816 earumdem
2700 2758 2878 2829 inopia
2921 2762 3141 2829 degunt.
3186 2758 3321 2815 Cum
3376 2773 3557 2816 autem

1989 2853 2237 2908 medicus
2290 2852 2595 2906 animarum
2649 2866 2758 2904 non
2804 2851 3035 2914 venerit,
3080 2861 3139 2904 ut
3177 2848 3353 2918 iustos
3384 2863 3556 2914 vocet.

1994 2943 2091 3000 sed
2119 2950 2437 3013 peccatores
2464 2941 2530 2995 ad
2557 2941 2932 3009 paenitentiam
2950 2940 2997 2973 ³⁸
3022 2956 3036 2994 :
3060 2941 3201 3011 quod
3225 2942 3277 2996 in
3310 2943 3552 3011 qualibet

1995 3034 2375 3106 coniugatione
2426 3033 2835 3106 reprehensioni
2881 3032 3173 3087 obnoxium
3226 3044 3345 3089 erat
3395 3043 3560 3103 atque

1987 3125 2343 3193 damnationi,
2374 3124 2429 3181 id
2467 3124 2701 3194 primum
2757 3126 2813 3178 in
2867 3124 3155 3179 vocatione
3204 3127 3408 3194 posuit.
3456 3128 3559 3181 De-

1989 3217 2217 3272 teriores
2254 3216 2401 3272 enim
2436 3224 2562 3271 sunt
2600 3223 2792 3285 gentes
2839 3228 3004 3284 quam
3044 3214 3136 3282 qui
3190 3213 3437 3270 habitant
3469 3231 3560 3271 or-

1986 3309 2107 3364 bem
2138 3326 2151 3361 :
2182 3308 2276 3364 sed
2312 3318 2491 3362 tamen
2524 3304 2826 3376 praeposita:
2879 3313 3007 3359 sunt
3050 3304 3104 3358 in
3145 3305 3451 3373 vocatione,
3498 3315 3559 3361 ut

1991 3400 2083 3470 qui
2116 3399 2255 3453 male
2282 3398 2483 3453 habent
2515 3397 2732 3467 priores
2761 3411 2789 3449 a
2825 3396 3038 3450 medico
3069 3395 3374 3466 percipiant
3411 3397 3557 3452 utili-

1986 3498 2174 3544 tatem.
2208 3488 2421 3543 Rursus
2480 3486 2769 3555 terrigenae
2814 3494 2941 3542 aute
2981 3486 3122 3541 ﬁlios
3153 3486 3432 3543 hominum
3469 3505 3558 3546 re-

1985 3580 2176 3636 censiti
2218 3589 2379 3645 sunt;
2412 3586 2468 3634 et
2497 3578 2693 3634 divites
2728 3586 2856 3632 ante
2889 3592 3173 3648 pauperes.
3225 3576 3558 3648 Desperatus

1983 3670 2142 3737 ordo,
2181 3678 2237 3725 et
2271 3669 2364 3741 qui
2418 3667 2708 3724 dilliculter
2745 3667 2975 3723 salutem
3020 3670 3388 3737 consequitur,
3428 3681 3559 3726 ante

1985 3768 2211 3816 vocatus
2239 3768 2323 3816 est
2368 3774 2532 3830 quam
2586 3772 2877 3829 pauperes.
2925 3758 3245 3827 Hujustnodi
3288 3760 3430 3814 enim
3470 3772 3555 3819 est

1983 3853 2295 3921 benignitas
2321 3850 2515 3906 medici
2546 3864 2561 3903 :
2590 3850 2742 3920 prius
2772 3864 2923 3919 opem
2946 3848 3053 3904 fert
3085 3849 3551 3911 imbecillioribus.

1986 3943 2160 3998 Simul
2193 3952 2373 3996 autem
2416 3941 2569 4009 pacis
2614 3941 2779 3995 etiam
2808 3940 3148 3995 conciliatrix
3185 3950 3270 3997 est
3305 3958 3551 3998 commu-

1983 4036 2127 4091 nitas
2154 4033 2480 4098 vocationis,
2519 4032 2655 4086 adeo
2689 4041 2748 4085 ut
2776 4031 2866 4100 qui
2909 4031 3174 4087 hactenus
3223 4033 3366 4087 inter
3406 4050 3465 4089 se
3497 4036 3551 4090 in

1983 4128 2224 4183 moribus
2257 4125 2652 4189 dissenserant,
2685 4124 2756 4179 ob
2787 4125 2929 4178 hunc
2975 4134 3305 4180 conventum
3353 4139 3553 4183 mutua:

1981 4232 2298 4275 assuescant
2327 4217 2603 4273 cltaritati.
2641 4218 2914 4286 Agnoscat
2954 4216 3097 4271 enim
3132 4217 3283 4273 dives
3324 4234 3383 4274 se
3427 4236 3555 4274 cum

1982 4326 2219 4383 paupere
2249 4312 2521 4380 prmconio
2545 4309 2662 4378 pari
2687 4318 2934 4362 vocatum
2959 4323 3101 4366 esse.
3123 4308 3294 4365 Simul
3319 4313 3370 4366 in
3392 4329 3553 4366 unum

302 4397 470 4467 ρήνης
499 4398 614 4451 ἐστὶ
643 4399 954 4467 συναγωγὸν
975 4402 1008 4470 ή
1034 4400 1291 4454 κοινωνία
1316 4402 1417 4471 τῆς
1439 4399 1705 4471 κλήσεως,
1736 4401 1879 4453 ὥστε

1992 4403 2152 4468 enim,
2213 4384 2411 4470 in'quit,
2462 4397 2604 4450 dives
2648 4406 2695 4449 et
2736 4411 2953 4465 pauper.
3011 4396 3369 4467 Posteaquam
3417 4399 3549 4453 foris

269 4489 424 4552 ’τοὺς
445 4487 665 4557 ἔχοντας
697 4490 833 4553 τέως
860 4491 924 4543 ἐκ
954 4491 1062 4544 τῶν
1091 4492 1535 4562 ἐπιτηδευμάτων
1566 4493 1702 4565 πρὸς
1724 4492 1877 4566 ἀλλή-

299 4577 422 4642 λους
450 4580 798 4644 ὑπεναντίως,
830 4581 1052 4645 τούτους
1087 4582 1174 4635 διὰ
1202 4583 1302 4652 τῆς
1347 4584 1670 4655 Ἐκκλησίας
1708 4603 1876 4655 προσ-

299 4668 574 4741 εθισθῆναι
600 4671 847 4743 ἀλλήλοις
870 4674 949 4735 εἰς
971 4672 1069 4743 τὴν
1093 4673 1335 4742 ἀγάπην.
1367 4676 1685 4729 Γινωσκέτω
1713 4677 1819 4748 γὰρ
1846 4678 1877 4730 ό

299 4760 570 4826 πλούσιος,
596 4763 678 4815 ὄτι
711 4763 956 4834 ὁμοτίμῳ
984 4764 1298 4836 κηρύγματι
1330 4765 1590 4837 κέκληται
1619 4767 1755 4838 πρὸς
1785 4767 1874 4821 τὸν

296 4853 525 4924 πένητα.
591 4854 713 4908 Ἐπί
756 4854 820 4907 τὸ
871 4855 1018 4909 αὐτὸ
1062 4854 1192 4927 γάρ,
1247 4856 1400 4926 φησὶ,
1451 4858 1745 4924 πλούσιος
1775 4859 1874 4912 καὶ

296 4945 508 5013 πένης.
546 4945 692 5010 Ἔξω
733 4946 1049 5001 καταλιπὼν
1081 4949 1179 5019 τὴν
1211 4949 1345 5020 πρὸς
1370 4951 1495 5012 τοὺς
1520 4949 1871 5004 καταδεεστέ-

296 5054 425 5109 ρους
459 5038 752 5111 ὐπεροχὴν,
791 5039 970 5093 καὶτὸ
999 5040 1064 5094 ἐκ
1098 5040 1192 5094 τοῦ
1228 5041 1459 5095 πλούτου
1483 5041 1766 5113 φρύαγμα,
1789 5042 1874 5096 οὖ-

289 5275 296 5283 ,
369 5211 415 5249 ³⁷
439 5212 587 5269 Psal.
618 5228 774 5277 xvttt,
815 5212 871 5269 5.
946 5211 993 5244 ³⁸
1017 5211 1207 5268 Matth.
1237 5228 1317 5277 ιτ,
1347 5211 1432 5266 15.

288 5286 302 5319 Ο

368 5353 480 5425 (65)
510 5354 687 5411 Editio
730 5353 897 5427 Basil.
929 5354 1259 5427 τηλικαύτης
1308 5354 1523 5424 σοφίας.
1560 5356 1738 5411 Editio
1764 5355 1868 5411 Pa-

300 5425 392 5498 ris.
417 5441 557 5498 _t-utn_
579 5439 708 5478 mss.
738 5425 1073 5498 τηλικαύτης
1101 5425 1450 5498 Ἐκκλησίας,
1483 5428 1640 5498 bene.
1666 5427 1868 5498 ibidem

297 5495 426 5568 editi
465 5494 733 5568 ἀγάμενον
764 5494 860 5550 καὶ
894 5495 1145 5568 μαθήσει.
1170 5498 1240 5550 At
1275 5494 1405 5551 mss.
1438 5511 1534 5552 sex
1579 5495 1870 5567 ἀνάμεινον

298 5562 392 5616 καὶ
422 5562 671 5632 μαθήσει.

370 5633 482 5705 itif)
515 5630 605 5705 ita
632 5647 885 5705 sex‘mss.
923 5636 983 5688 At
1016 5635 1142 5686 editi
1164 5636 1437 5705 οσυνάγον.

367 5699 481 5761 (65)
515 5700 689 5756 Editio
714 5700 887 5761 Paris.
922 5707 1011 5760 καὶ
1034 5705 1138 5763 διά.
1180 5699 1347 5764 Abest
1377 5703 1470 5760 καί
1502 5714 1556 5762 et
1595 5719 1626 5761 a
1655 5718 1783 5761 mss.
1813 5712 1864 5760 et

1992 4491 2277 4561 reliqueris
2305 4504 2426 4543 eam
2461 4504 2564 4556 qua
2594 4486 2876 4539 inferiores
2900 4501 3129 4556 superas
3158 4491 3554 4556 praestantiam,

1982 4594 2037 4641 et
2069 4599 2187 4637 eam
2221 4595 2342 4650 qua:
2373 4595 2440 4633 ex
2464 4578 2665 4632 divitiis
2698 4578 2871 4632 oritur
2899 4579 3212 4645 elationem,
3245 4580 3316 4632 ita
3333 4580 3547 4634 demum

1987 4675 2269 4744 ingredere
2317 4672 2370 4726 in
2418 4670 2712 4725 Ecclesium
2776 4670 2893 4725 Dei.
2948 4668 3135 4738 Neque
3185 4672 3352 4741 igitur
3398 4673 3559 4728 dives

1988 4782 2285 4839 pauperem,
2323 4768 2608 4836 despiciat,
2642 4784 2819 4840 neque
2857 4786 3062 4840 pauper
3098 4770 3351 4827 formidet
3393 4772 3545 4828 locu-

1982 4857 2183 4926 pletum
2232 4859 2525 4928 potentiam
2553 4877 2566 4913 :
2598 4876 2772 4931 neque
2804 4862 2899 4916 filii
2940 4864 3217 4919 hominum
3250 4865 3548 4935 terrigenas

1986 4951 2403 5020 parvipendant,
2447 4966 2546 5006 nec
2593 4967 2783 5008 rursus
2830 4954 2898 5009 ab
2939 4953 3046 5010 illis
3079 4970 3199 5011 sese
3241 4956 3551 5012 abalienent

1985 5042 2294 5113 terrigenae.
2330 5042 2441 5100 lmo
2471 5053 2657 5115 gentes
2687 5058 2807 5100 cum
2843 5047 2908 5101 iis
2943 5046 3034 5117 qui
3066 5046 3312 5103 habitant
3336 5049 3553 5110 orbem,

1978 5355 2047 5412 ab
2075 5356 2311 5412 editione
2331 5355 2494 5410 Basil.

2048 5425 2163 5497 (66)
2188 5425 2277 5481 Sic
2299 5426 2538 5496 quinque
2552 5439 2685 5482 mss.
2704 5425 2771 5481 At
2792 5424 2919 5480 editi
2941 5439 3059 5480 cum
3080 5424 3211 5495 Reg.
3238 5434 3388 5478 sexto
3411 5438 3552 5493 προ-

1972 5497 2315 5567 τετίμηνται.

2048 5562 2268 5637 (67)lta
2304 5574 2428 5637 octo
2476 5580 2609 5621 mss.
2657 5574 2712 5637 et
2753 5562 2918 5637 editio
2962 5562 3126 5620 Basil.
3185 5563 3362 5621 Editio
3410 5576 3533 5617 vch

1972 5632 2154 5695 Paris.
2178 5651 2300 5694 cum
2327 5636 2529 5692 Catena
2559 5635 2782 5693 Cordcr.
2806 5632 3091 5709 πρότερον.
