4016 6220
385 269 495 329 £35
1728 271 1788 327 S.
1830 270 1995 327 BASI]

2114 273 2337 330 MAGNI
3532 280 3670 335 456

385 387 779 447 consuetudine
805 388 1242 461 coniungantur:
1272 398 1327 447 et
1350 391 1442 462 qui
1466 391 1654 447 orbem
1686 393 1960 460 habitant,
1991 452 1995 460 ,

2103 413 2170 460 ως
2189 396 2438 469 είσέρχου
2460 410 2541 460 εις
2569 396 2667 467 τήν
2712 395 3036 468 Ἐκκλησίαν
3059 396 3151 450 τοῦ
3171 395 3303 452 Θεοῦ
3332 396 3464 470 (68).
3486 399 3671 471 Μήτι

385 481 706 553 peregrinos
736 496 766 535 a
785 483 1126 537 testamentis
1148 496 1245 552 per
1271 484 1598 540 cbaritatem
1623 486 1944 555 suscipiant.

2103 481 2148 540 ἲν
2195 487 2225 539 ὁ
2273 486 2527 552 πλούσιος
2569 487 2662 540 τὸν
2695 486 2904 558 πένητα
2946 487 3382 560 ὑπερηφανείτω,
3434 491 3581 558 μήτε
3631 492 3675 542 ὁ

389 573 558 648 πένης
598 575 696 646 τὴν
724 575 1039 631 δυναστείαν
1066 577 1175 632 τῶν
1209 578 1586 652 εὐπορούντων
1627 581 2052 652 ὑποπτησσέτω·
2097 582 2233 653 μήτε
2269 583 2319 637 oi
2342 583 2449 636 υἱοὶ
2499 582 2639 653 τῶν,
2658 581 2960 653 ἀνθρώπων
3027 584 3152 646 τοὺς
3215 586 3466 655 γηγενεῖς
3496 583 3667 646 ἐξου-

388 666 732 730 θενείτωσαν,
786 670 922 741 μήτε
950 671 1000 722 οἱ
1037 673 1290 740 γηγενεῖς
1313 670 1518 726 τούτων
1549 673 1709 727 πάλιν
1739 671 2343 742 ἀπαλλοτριούσθωσαν.
2379 674 2489 727 Καὶ
2508 674 2575 727 τὰ
2603 674 2730 745 ἔθνη
2765 673 3028 738 ἐθιζέσθω
3092 675 3228 748 πρὸς
3284 676 3412 739 τοὺς
3463 692 3668 731 κατοι-

387 760 617 826 κοῦντας
676 760 776 833 τὴν
820 761 1180 833 οἰκουμένην,
1247 763 1343 818 καὶ
1390 764 1442 816 οἱ
1494 764 1593 835 τὴν
1644 765 1968 836 οἰκουμένην
2005 763 2280 830 οἰκοῦντες
2302 767 2428 831 τοὺς
2459 767 2642 832 ξένους
2670 767 2780 822 τῶν
2827 766 3097 837 διαθηκῶν
3125 767 3214 821 διὰ
3267 768 3365 829 τ’ῗτς
3425 767 3667 837 ἀγάπης

389 855 772 930 προσλαμϐανέ
780 856 1012 911 σθωσαν.

455 948 510 1002 2.
552 946 714 1002 Vsus.
754 947 811 1001 4.
855 947 928 1002 0s
956 965 1129 1002 meum
1161 948 1404 1017 loquetur
1431 950 1761 1019 sapientiam,
1784 959 1833 1004 et
1858 964 1964 1003 me—

2129 947 2186 1001 ‘2.
2222 947 2293 1001 Τὸ
2316 948 2510 1017 στόμα
2530 964 2651 1018 μου
2680 947 2941 1016 λαλήσει
2963 948 3207 1017 σοφίαν,
3236 948 3332 1002 καὶ
3355 949 3393 1016 ἠ
3419 948 3664 1017 μελέτη

390 1043 579 1096 dilatio
611 1042 788 1096 cordis
829 1041 932 1096 mei
957 1043 1313 1111 prudentiam.
1344 1043 1634 1110 Quoniam,
1669 1042 1959 1097 secundum

2104 1039 2180 1108 ἧς
2199 1038 2447 1108 καρδίας
2473 1040 2592 1109 μου
2611 1040 2886 1094 σύνεσιν.
2930 1041 3167 1112 Ἐπειδὴ,
3198 1040 3341 1094 κατὰ
3360 1038 3450 1094 τὸν
3485 1041 3666 1095 ’Λπό-

393 1133 727 1203 Apostolum,
765 1133 939 1189 Corde
972 1135 1206 1189 creditur
1249 1137 1317 1189 ad
1343 1137 1634 1206 justitiam.
1666 1152 1756 1190 ore
1786 1144 1962 1188 autem

2103 1131 2274 1196 τολον,
2300 1131 2524 1201 Καρδίᾳ
2561 1133 2904 1186 πιστεύεται
2938 1134 3026 1199 είς
3050 1131 3459 1200 δικαιοσύνην,
3500 1134 3661 1187 atd-

393 1221 649 1292 ronfessio
670 1221 731 1291 ﬁt
757 1224 828 1276 ad
857 1223 1083 1278 salutem
1104 1223 1173 1288 ",
1203 1234 1255 1279 et
1301 1234 1532 1295 utraque
1561 1226 1689 1279 dum
1723 1223 1965 1278 efﬁciun-

2103 1239 2205 1277 ιατι
2225 1223 2295 1276 δὲ
2315 1223 2683 1295 ὁμολογεῖται
2702 1228 2790 1291 εὶς
2810 1224 3130 1294 σωτηρίαν,
3156 1223 3302 1295 καὶὴ
3325 1223 3660 1294 ἀμφοτέρων

395 1324 506 1379 tnr,
534 1311 916 1382 perfectionem
948 1315 1263 1380 declarant;
1300 1325 1583 1384 propterea
1614 1330 1792 1371 sermo
1810 1325 1965 1374 utra,-

2103 1327 2131 1363 ν
2156 1309 2369 1375 τούτοις
2412 1312 2658 1383 ὲνέργεια
2698 1312 2989 1367 ὑποϐάλλει
3028 1313 3127 1385 τήν
3162 1313 3505 1385 τελειότητα·
3550 1311 3659 1367 διὰ

395 1420 497 1474 que
530 1404 692 1460 simul
722 1406 1039 1476 complexus
1072 1418 1178 1472 est,
1219 1407 1329 1463 tum
1367 1409 1480 1463 oris
1527 1408 1822 1474 actionem,
1851 1418 1964 1460 tum

2105 1399 2228 1454 οῦτο
2255 1403 2540 1474 ἀμφότερα
2572 1404 2601 1455 ὁ
2629 1402 2787 1472 λόγος
2829 1405 2887 1456 ὲν
2912 1403 2989 1475 τῷ
3021 1403 3168 1475 αὐτῷ
3199 1404 3505 1476 συνείληφε,
3544 1403 3660 1474 τήν

396 1496 576 1553 cordis
613 1496 1046 1555 meditationem.
1098 1499 1313 1554 Etenim
1357 1498 1403 1553 si
1457 1499 1656 1554 bonum
1702 1499 1755 1552 in
1805 1497 1969 1551 t-orde

2106 1511 2133 1547 ε
2158 1493 2254 1548 τοῦ
2280 1497 2545 1566 στόματος
2568 1495 2866 1568 ἐνέργειαν,
2888 1499 2982 1550 καὶ
3004 1497 3101 1569 τήν
3122 1497 3223 1570 τῆς
3244 1497 3466 1570 καρδίας
3492 1496 3661 1567 μελέ-

398 1591 550 1661 prius
582 1605 690 1648 non
745 1592 910 1647 fuerit
956 1594 1281 1661 repositum,
1315 1591 1591 1660 quomodo
1649 1590 1965 1646 thesaurum

2106 1603 2191 1657 ην.
2236 1586 2361 1641 Ἐάν
2393 1604 2453 1640 τε
2480 1587 2588 1659 γὰρ
2618 1582 2751 1661 μὴῇ
2783 1587 2844 1641 τὸ
2869 1589 3069 1658 ἀγαθὸν
3103 1592 3160 1643 ὲν
3191 1593 3257 1661 τῇ
3290 1589 3484 1661 καρδίᾳ
3512 1605 3662 1660 προ-

399 1700 493 1756 per
523 1700 587 1743 os
623 1685 862 1758 proferet
891 1686 983 1754 qui
1021 1699 1126 1739 non
1166 1684 1408 1755 possidet
1436 1682 1587 1738 illum
1625 1682 1678 1736 in
1721 1679 1970 1735 occulto?

2103 1676 2450 1747 .ποκείμενον,
2495 1677 2611 1742 πῶς
2656 1679 2962 1751 προενέγκῃ
2989 1679 3097 1750 (69)
3126 1680 3217 1733 τὸν
3255 1679 3521 1751 θησαυρὸν
3554 1678 3657 1732 διὰ

400 1776 489 1847 qui
524 1792 657 1833 vero
684 1779 828 1834 bona
857 1778 1039 1833 cordis
1066 1777 1250 1841 habet,
1272 1791 1335 1831 ea
1360 1776 1405 1832 si
1445 1777 1614 1831 verbo
1646 1790 1751 1828 non
1793 1773 1971 1828 divul-

400 1877 511 1940 get,
535 1870 744 1926 dicetur
791 1869 1213 1937 illi:Sapientia
1263 1870 1540 1933 absconsa,
1589 1878 1636 1922 et
1696 1866 1971 1921 thesaurus

402 1958 619 2025 inuisus,
651 1974 769 2028 quw
816 1958 1020 2013 utilitas
1085 1959 1142 2012 in
1192 1957 1530 2026 utrisque“?
1566 1956 1773 2011 Idcirco
1821 1966 1876 2007 ut
1906 1956 1973 2009 ad

403 2050 630 2104 aliorum
658 2049 946 2104 utilitatem
986 2064 1048 2103 os
1097 2064 1276 2104 meum
1328 2047 1583 2118 loquatur
1630 2047 1973 2118 sapientiam,

403 2149 476 2194 tta
500 2140 567 2194 ad
596 2149 843 2195 nostrum
899 2140 1137 2210 ipsorum
1170 2139 1474 2209 profectum
1500 2154 1597 2194 cor
1626 2139 1971 2208 prudentiam

404 2231 713 2286 meditetur.
751 2230 913 2286 Vsus.
949 2232 1004 2286 5.
1032 2230 1306 2284 Inclinabo
1344 2232 1400 2284 in
1440 2230 1746 2297 parabolam
1792 2247 1974 2284 aurem

406 2338 592 2386 meam,
633 2324 868 2393 aperiam
916 2323 976 2377 in
1016 2322 1267 2391 psalterio
1323 2323 1728 2392 propositionem
1786 2338 1972 2376 meam.

408 2414 593 2471 Adhuc
624 2413 889 2484 Propheta
928 2429 1080 2470 suam
1102 2414 1270 2484 ipsius
1295 2429 1580 2483 personam
1609 2413 1975 2477 commendat,

409 2518 465 2564 at
498 2522 566 2563 ne
594 2507 767 2576 ipsius
801 2521 1085 2563 sermones
1116 2517 1376 2576 tanquam
1400 2520 1467 2561 ex
1491 2507 1710 2561 invento
1737 2506 1980 2560 humano

410 2598 603 2669 prolati
631 2607 1124 2653 contemnerentur.
1159 2597 1310 2663 Quas,
1341 2597 1537 2665 inquit,
1577 2611 1608 2651 a
1641 2595 1844 2665 Spiritu
1886 2594 1981 2648 do-

413 2701 568 2752 ceor,
601 2701 667 2741 ea
709 2687 866 2741 vobis
901 2687 1191 2753 annuntio,
1236 2684 1372 2739 nihil
1404 2686 1593 2740 dicens
1629 2686 1773 2755 quod
1805 2699 1980 2739 meum

413 2781 503 2843 sit,
536 2778 699 2850 179
725 2787 818 2833 aut
840 2779 1139 2833 humanum
1170 2794 1184 2830 :
1216 2778 1309 2832 sed
1338 2778 1466 2845 quia
1497 2778 1714 2831 auditor
1744 2792 1864 2831 sum
1901 2777 1981 2830 fa-

413 2880 532 2924 ctus
559 2868 987 2938 pr0positionum
1031 2866 1290 2937 Spiritus,
1340 2868 1394 2922 in
1430 2867 1688 2938 mysterio
1723 2869 1984 2922 tradentis

2072 1768 2165 1822 τοῦ
2194 1771 2458 1841 στόματος
2477 1771 2507 1824 ό
2537 1770 2611 1841 μὴ
2633 1787 2799 1842 κεκτη
2810 1772 2966 1841 μένος
2992 1774 3050 1826 ὲν
3079 1772 3156 1844 τῷ
3176 1769 3434 1844 κρυπτῷς
3464 1770 3556 1823 ἐὰν
3582 1786 3655 1823 τε

2073 1861 2211 1932 ἔχων
2242 1863 2311 1917 τὰ
2346 1862 2446 1934 τῆς
2471 1862 2696 1934 καρδίας
2723 1861 2907 1930 ἀγαθὰ
2942 1864 3018 1936 μὴ
3050 1862 3345 1935 δημοσιεύη
3381 1862 3461 1932 τῷ
3483 1861 3657 1932 λόγῳ,

2073 1952 2393 2025 λεχθήσεται
2419 1954 2600 2026 αὐτῷ·
2631 1957 2820 2026 Σοφία
2855 1953 3252 2024 κεκρυμμένη,
3289 1953 3386 2007 καὶ
3429 1955 3664 2019 θησαυ-

2067 2045 2178 2114 ρὸς
2209 2046 2467 2116 ἀφανὴς,
2511 2050 2603 2115 τίς
2633 2048 2886 2119 ὠφέλεια
2924 2048 2994 2102 ἐν
3029 2045 3412 2116 ἀμφοτέροις
3455 2044 3666 2114 Διόπερ

2075 2140 2157 2201 είς
2192 2139 2289 2210 μὲν
2330 2140 2439 2193 τῶν
2467 2139 2667 2211 ἐτέρων
2695 2141 2970 2211 ὠφέλιμον
3007 2138 3117 2207 (70)
3146 2137 3208 2190 τὸ
3237 2135 3410 2208 στόμα
3437 2152 3536 2207 μου
3562 2135 3666 2187 λα-

2076 2228 2234 2282 λείτω
2272 2230 2486 2299 σοφίαν,
2524 2232 2604 2293 εἰς
2642 2230 2700 2284 δὲ
2742 2231 2842 2302 τήν
2863 2229 3139 2302 ήμέτεραν
3166 2226 3346 2282 αὐτῶν
3374 2223 3663 2298 προκοπὴν

2078 2325 2113 2394 ἡ
2137 2323 2333 2395 καρδία
2355 2324 2630 2395 μελετάτω
2654 2323 2884 2377 σύνεσιν.
2902 2321 3099 2378 [amb
3121 2326 3208 2388 είς
3222 2319 3574 2390 παραϐολὴν
3590 2321 3662 2374 τὸ

2080 2415 2337 2486 οὗςιμου,
2355 2417 2490 2471 dra!
2495 2416 2530 2481 ξ
2533 2435 2575 2469 ω
2584 2417 2655 2470 ἐν
2669 2417 2978 2485 ψαλτηρίῳ
2992 2416 3058 2469 τὸ
3076 2412 3528 2483 πρόϐλημὰμου.
3538 2413 3663 2465 Ἔτι

2081 2510 2140 2564 τὸ
2172 2509 2365 2563 ἑαυτοῦ
2400 2510 2690 2581 πρόσωπον
2725 2508 3034 2580 συνίστησιν
3061 2509 3090 2560 ὁ
3120 2507 3432 2578 Προφήτης,
3459 2505 3546 2559 ἵνα
3583 2504 3662 2574 μὴ

2082 2601 2542 2674 εὐκαταφρόνητοι
2570 2594 2701 2655 ὦσιν
2725 2601 2774 2653 οἱ
2798 2599 2944 2669 λόγοι
2966 2600 3041 2665 ὡς
3066 2599 3173 2653 ἀπὸ
3199 2596 3542 2669 ἀνθρωπίνης
3572 2598 3665 2650 εὐ-

2087 2693 2288 2766 ρέσεως
2309 2694 2725 2766 προφερόμενοι.
2759 2693 2824 2745 *Α
2840 2691 3183 2762 διδάσκομαι,
3218 2691 3370 2762 φησὶ,
3396 2689 3547 2761 παρὰ
3568 2687 3665 2743 τοῦ

2085 2783 2424 2856 Πνεύματος,
2452 2782 2625 2838 ταῦτα
2660 2785 2788 2856 ὑμῖν
2813 2783 3128 2853 ἀναγγέλλω
3161 2783 3295 2852 {71),
3319 2782 3470 2836 οὐδὲν
3506 2782 3532 2833 ὲ
3580 2790 3664 2841 ον,

2085 2876 2236 2928 οὐδὲν
2264 2874 2601 2946 ἀνθρώπινον
2628 2873 2801 2942 λέγων
2819 2890 2832 2903 ·
2866 2872 2981 2927 ἀλλ’
3018 2870 3208 2942 ἐπειδὴ
3251 2870 3517 2941 κατήκοος
3542 2882 3670 2936 εγε-

415 2963 571 3017 nobis
600 2962 772 3030 ipsam
804 2961 897 3016 Dei
930 2961 1278 3031 sapientiam,
1322 2960 1507 3029 aperio
1539 2960 1693 3015 vobis
1724 2969 1778 3014 et
1809 2960 1983 3013 mani-

2103 2967 2260 3038 ιόμην
2291 2966 2400 3020 τῶν
2436 2965 2833 3037 προϐλημάτων
2875 2965 2967 3019 τοῦ
2994 2963 3326 3034 Πνεύματος,
3368 2963 3424 3014 ὲν
3462 2976 3669 3031 μυστη-

416 3050 614 3106 festam
642 3047 784 3103 facio
813 3049 1265 3117 propositionem,
1287 3051 1470 3119 aperio
1501 3058 1678 3103 autem
1707 3066 1811 3104 non
1832 3050 1988 3104 aliter

2103 3059 2192 3130 atq)
2227 3057 2609 3127 παραδιδόντος
2650 3060 2780 3129 ἡμῖν
2807 3057 2907 3129 τὴν
2936 3055 3029 3110 τοῦ
3056 3055 3191 3109 Θεοῦ
3226 3055 3436 3124 σοφίαν,
3467 3051 3667 3119 ἀνοίγω

417 3158 576 3212 quam
610 3157 707 3211 per
740 3141 1080 3211 psalterium.
1110 3138 1207 3194 Est
1228 3149 1404 3195 autem
1438 3141 1754 3211 psalterium
1784 3143 1989 3197 instru-

418 3242 659 3286 mentum
697 3232 990 3296 musicum,
1021 3245 1185 3286 sonos
1216 3232 1482 3286 concinne
1541 3233 1772 3288 reddens
1807 3235 1874 3287 ad
1899 3249 1993 3289 vo-

422 3324 504 3378 cis
529 3323 974 3378 modulationem.
1014 3322 1302 3378 Rationale
1339 3324 1503 3394 igitur
1535 3325 1853 3394 psalterium
1878 3335 1989 3380 tum

420 3417 657 3471 maxime
684 3416 950 3486 aperitur,
989 3431 1112 3472 cum
1151 3414 1395 3471 actiones
1458 3419 1800 3473 sermonibus
1857 3435 1991 3474 con-

424 3519 699 3566 sentaneae
729 3510 1034 3565 redduntur
1058 3525 1123 3565 ac
1144 3511 1461 3566 concordes.
1505 3510 1573 3567 Et
1606 3510 1696 3565 ille
1722 3521 1805 3586 est
1833 3512 1995 3582 spiri-

406 3603 574 3657 tuale
599 3602 935 3672 psalterium,
959 3602 1049 3671 qui
1083 3600 1213 3656 fecit
1241 3610 1295 3656 et
1317 3601 1517 3657 docuit.
1553 3601 1653 3656 Hic
1687 3602 1739 3656 in
1774 3602 1996 3671 psalmis

426 3694 600 3762 aperit
627 3694 1072 3764 propositionem,
1103 3693 1553 3748 documentorum
1581 3694 1993 3763 possibilitatem

429 3800 528 3841 suo
586 3786 759 3856 ipsius
806 3785 1055 3856 exemplo
1114 3799 1443 3856 proponens.
1493 3784 1776 3855 Tanquam
1835 3787 1998 3857 igitur

435 3876 636 3931 nullius
674 3877 751 3931 rei
786 3877 1127 3931 inconcinnm
1150 3885 1244 3931 aut
1275 3877 1471 3931 rationi
1506 3877 1865 3933 dissentanea:
1897 3878 1996 3933 sibi

432 3968 488 4021 in
512 3967 619 4021 vita
646 3966 918 4030 conscius,
951 3967 1024 4020 ita
1047 3965 1383 4021 confidenter
1406 3981 1685 4022 sermones
1711 3977 2000 4037 sequentes

432 4058 659 4130 profert.
687 4058 797 4114 Cur
818 4059 1011 4112 timebo
1045 4058 1102 4111 in
1140 4059 1228 4111 die
1256 4056 1439 4112 mala?
1477 4056 1745 4122 Iniquitas
1768 4060 2001 4114 calcanei

433 4153 535 4206 mei
562 4168 667 4205 non
696 4148 1043 4205 circumdabit
1074 4165 1174 4203 me.
1217 4147 1411 4202 Malam
1442 4149 1604 4213 diem,
1644 4150 1829 4220 judicii
1860 4151 2000 4207 diem

432 4243 583 4305 dicit,
615 4243 683 4297 de
715 4256 820 4311 qua
854 4242 1058 4297 dictum
1090 4249 1172 4295 est
1197 4256 1213 4293 :
1242 4239 1363 4294 Dies
1393 4238 1608 4294 Domini
1637 4243 2002 4296 immedicabi-

2090 3151 2224 3219 ἡμῖν
2253 3149 2347 3201 καὶ
2381 3147 2610 3218 φανερὸν
2639 3146 2934 3217 καθίστημι
2962 3146 3021 3199 τὸ
3047 3144 3359 3216 πρόϐλημα,
3387 3142 3588 3211 ἁνοίγω
3608 3139 3668 3193 δὲ

2090 3240 2189 3310 οὐχ
2221 3240 2423 3312 ἑτέρως
2455 3239 2488 3311 ἢ
2530 3238 2618 3292 διὰ
2648 3238 2966 3310 ψαλτηρίου.
3001 3239 3157 3291 Ἔστι
3187 3238 3245 3291 δὲ
3266 3236 3337 3290 τὸ
3372 3235 3668 3306 ψαλτήριον

2092 3331 2322 3402 ὄργανον
2350 3331 2625 3402 μουσικὸν,
2656 3329 2992 3402 ὲναρμονίως
3031 3332 3158 3393 τοὺς
3191 3328 3458 3398 φθόγγους
3485 3324 3670 3378 ἀποδι-

2096 3423 2187 3478 δὸν
2215 3423 2353 3498 προς
2383 3423 2479 3494 τὴν
2507 3426 2570 3476 ὲκ
2604 3423 2787 3493 φωνῆς
2819 3421 3102 3492 μελῳδίαν.
3135 3421 3209 3474 Τὸ
3240 3419 3417 3474 τοίνυν
3455 3417 3668 3486 λογικὸν

2093 3517 2391 3588 ψαλτήριον
2432 3515 2552 3568 τότε
2589 3515 2863 3582 ἀνοίγεται
2917 3514 3166 3586 μάλιστα,
3200 3513 3328 3566 ὅταν
3356 3513 3411 3565 αἱ
3444 3509 3667 3581 πράξεις

2097 3602 2200 3663 ὦσι
2250 3606 2555 3678 συμφώνως
2602 3608 2715 3670 τοῖς
2750 3605 2929 3674 λόγοις
2972 3604 3369 3675 ἀποδιδόμεναι.
3407 3602 3668 3665 Κάκεῖνός

2100 3702 2217 3754 ἐστι
2247 3699 2614 3770 πνευματικὸν
2637 3698 2954 3770 ψαλτήριον,
2986 3699 3016 3752 ὁ
3050 3698 3281 3769 ποιήσας
3311 3696 3406 3749 καὶ
3433 3692 3666 3758 διδάξας.

2101 3786 2268 3855 υῦτος
2311 3792 2369 3845 ὲν
2404 3790 2637 3862 ψαλμοῖς
2676 3774 2880 3859 ἀνοίγει
2915 3789 2973 3844 τὸ
3002 3789 3313 3860 πρόϐλημα,
3358 3788 3419 3840 τὸ
3454 3786 3669 3839 δυνατὸν

2100 3883 2207 3938 τῶν
2246 3882 2588 3955 διδαγμόιτων
2633 3884 2698 3936 ὲκ
2738 3882 2833 3935 τοῦ
2882 3880 3003 3936 καθ’
3049 3882 3238 3935 ἑαυτὸν
3284 3878 3671 3948 ὑποδείγματος

2102 3974 2397 4047 προτιθείς.
2441 3974 2527 4038 Ὠς
2554 3968 2646 4028 οὖν
2675 3972 2843 4044 μηδὲν
2872 3972 3230 4044 ἀνάρμοστον,
3274 3970 3408 4041 μηδὲ
3450 3968 3672 4039 ἐκμελὲς

2103 4066 2282 4138 ἑαυτῷ
2318 4064 2572 4125 συνειδὼς
2599 4063 2738 4119 κατὰ
2762 4064 2853 4117 τὸν
2883 4064 3020 4134 βίον,
3050 4063 3223 4126 οὕτως
3261 4064 3319 4116 ὲν
3356 4061 3672 4131 πεποιθήσει

2105 4162 2339 4214 ποιεῖται
2367 4160 2493 4222 τοὺς
2514 4158 2703 4227 λόγους
2728 4158 2855 4220 τοὺς
2879 4154 3095 4225 ἑφεξῆς
3132 4156 3257 4209 Ἵνα
3306 4154 3365 4207 τί
3387 4153 3673 4223 φοϐοῦμαι

2105 4253 2175 4307 ὲν
2205 4251 2398 4322 ἡμέρᾳ
2428 4246 2699 4316 πονηρᾷ;
2745 4249 2816 4303 Ἦ
2858 4246 3076 4316 ἀνομία
3111 4243 3224 4314 τῆς
3259 4242 3521 4312 πτέρνης
3559 4259 3673 4312 μου

432 4332 499 4388 lis
514 4332 559 4366 ’⁵⁸
588 4334 643 4388 in
671 4346 857 4388 omnes
901 4340 1122 4402 gentes:
1149 4330 1200 4384 in
1229 4344 1356 4401 qua,
1385 4331 1473 4397 ait,
1492 4331 1779 4401 prophetas
1807 4348 1995 4388 unum-

2109 4348 2183 4400 οὺ
2215 4343 2512 4399 κυκλώσει
2527 4359 2604 4413 με
2636 4340 2769 4412 (79.).
2798 4332 3046 4410 Πονηρὰν
3080 4337 3292 4410 ἡμέραν
3324 4337 3423 4408 τὴν
3451 4336 3550 4406 τῆς
3572 4336 3671 4407 κρί-

505 4499 551 4533 ⁸⁶
579 4499 738 4556 Rom.
765 4516 821 4565 ιι,
854 4499 942 4554 10.
1019 4498 1067 4531 ⁸ο
1094 4499 1264 4554 Eccli.
1290 4513 1382 4563 xx,
1411 4497 1500 4552 5'2.
1577 4497 1621 4528 "‘
1645 4497 1746 4552 lsa.
1772 4514 1892 4564 xui,
1918 4500 1970 4555 9.

509 4640 623 4714 (68)
654 4641 729 4696 Ita
771 4639 918 4714 τιέιίιίΔ
945 4654 1068 4714 cum
1106 4638 1468 4714 llegiis_§eXI_o
1507 4638 1870 4714 et__seeundo.
1906 4637 2014 4714 ᾼΙίἰ

440 4706 533 4796 θριξὶ
559 4782 573 4796 ⁸
599 4706 728 4768 inss.
770 4709 1100 4783 Ἐκκλησίαν
1149 4708 1244 4762 τοῦ
1289 4709 1519 4778 Κυρίου,
1569 4706 1860 4762 Ecclesiam
1904 4707 2016 4762 Do-

440 4798 593 4836 num.
664 4819 676 4831 .

515 4852 628 4921 (69)
685 4851 776 4905 Sic
828 4865 963 4906 mss.
1017 4849 1280 4921 quinque.
1336 4848 1481 4921 Reg.
1516 4848 1785 4902 secundus
1843 4863 2021 4921 atpos-

443 4917 664 4994 ενέγκῄ.
690 4922 834 4994 Editi
877 4935 1003 4977 vero
1034 4917 1185 4994 'cum'
1204 4918 1384 4994 ΔΙὶιξςίο
1440 4921 1630 4994 quinto
1660 4917 2009 4990 προενέγκει.

342 5032 349 5037 -
449 4989 782 5060 llautl'longe
810 4993 943 5060 Reg.
976 4993 1167 5062 tertius
1199 4989 1556 5062 δημοσιεύσῃ.
1599 5058 1611 5062 _
1685 5055 1690 5062 _

518 5063 632 5135 (70)
657 5056 835 5135 Editio
857 5056 1027 5135 B'asil.
1059 5075 1182 5135 cum
1210 5056 1390 5135 Regiis
1412 5056 1650 5135 secundo
1678 5056 1748 5135 et_
1766 5065 1921 5111 sexto
1959 5056 2022 5109 τὸ

447 5127 722 5206 ἑκατέρων
754 5133 1125 5206 ὠφέλιμον,ρι
1160 5131 1233 5183 ita
1278 5129 1471 5206 legisse
1497 5129 1706 5206 videtur
1735 5127 2022 5206 interpres,

448 5207 538 5274 qui
568 5197 747 5259 vertat
771 5221 785 5259 :
808 5197 889 5274 Att
925 5197 1200 5274 utriusque
1227 5197 1404 5253 usuin.
1441 5201 1510 5254 At
1551 5197 1717 5252 editio
1742 5197 1918 5274 Paris.
1969 5205 2025 5249 et

449 5266 619 5330 codex
662 5273 908 5330 Comhel‘.
945 5287 1070 5326 cum
1105 5266 1235 5324 aliis
1285 5282 1517 5334 «ptatuor
1566 5274 1621 5321 et
1668 5281 1788 5320 cum
1819 5266 2022 5321 Catena

448 5346 680 5399 tiorder.
710 5353 769 5398 ut
795 5345 848 5398 in
873 5352 1042 5406 textu,
1076 5343 1229 5393 bene.
1259 5339 1455 5393 Statim
1496 5338 1632 5407 Reg.
1673 5337 1866 5391 tertius
1893 5352 2027 5407 καρ-

449 5415 537 5469 δία
566 5432 688 5483 μου.
709 5414 779 5469 At
803 5414 954 5468 deest
992 5428 1093 5483 μου
1125 5410 1362 5483 in_editis
1392 5419 1446 5463 et
1480 5410 1535 5483 i_n_
1565 5408 1686 5460 aliis
1716 5421 1848 5460 mss.

526 5479 636 5555 (Ἡ)
663 5483 953 5555 ΒὶονΟΙίν.
980 5479 1277 5555 et_.An_glic._
1297 5496 1422 5555 cum
1449 5479 1571 5555 aliis
1591 5485 1850 5555 _q_uatuor
1893 5489 2023 5555 mss.

452 5547 682 5609 et'cu'm
738 5554 974 5610 editione
1028 5547 1194 5606 Basi'l.
1252 5553 1324 5604 At
1371 5547 1664 5603 Colbertini
1714 5547 1934 5615 quintus
1974 5554 2029 5600 et

457 5632 665 5705 sextus
679 5640 802 5680 cum
834 5623 1002 5705 Regio
1029 5621 1271 5705 tertioct
1297 5634 1429 5705 cum.
1449 5616 1904 5705 Catenaﬁor’der.
1929 5616 2025 5705 ἀεν-

460 5692 695 5757 ιγνελῶ,
717 5686 1059 5748 anmmtiabo.
1089 5690 1269 5747 Editio
1314 5697 1493 5746 nostra
1549 5688 1725 5743 Paris.
1761 5686 2027 5756 ἀναγγέλ-

2116 4642 2212 4695 λω.
2244 4639 2366 4694 Mox
2394 4636 2521 4691 editi
2555 4649 2676 4687 cum
2745 4632 2881 4697 Reg.
2922 4630 3111 4699 quinto
3156 4628 3322 4696 λέγω.
3356 4626 3427 4680 At
3460 4626 3596 4681 Oliv.
3629 4635 3678 4678 et

2117 4711 2324 4778 Anglic.
2356 4722 2480 4778 cum
2508 4704 2627 4759 aliis
2657 4711 2871 4778 septeni
2888 4716 3020 4778 m_s_s.
3069 4699 3265 4778 λέγων.

2191 4763 2323 4852 (ἧῖ)-
2342 4777 2519 4852 Editio
2547 4763 2779 4852 utraque
2834 4771 3000 4852 Basil.
3027 4777 3077 4852 et
3108 4763 3281 4852 Paris.
3296 4767 3388 4852 ει.
3417 4763 3679 4852 κυκλώσει

2168 4836 2215 4913 εξ
2268 4836 2393 4903 Non
2434 4836 2780 4900 circumdabit
2809 4856 2911 4913 me.
2942 4839 3045 4913 Sed
3080 4851 3253 4913 neque
3296 4836 3482 4902 Hebr.,
3518 4851 3681 4903 neque

2168 4870 2215 4913 ε,
2268 4870 2393 4903 non
2434 4870 2778 4900 crrcumuuuu
2809 4870 2911 4894 um.
2943 4870 3045 4895 acu
3081 4870 3253 4905 tu:un
3296 4870 3482 4902 "cum,
3518 4870 3680 4903 "(nl-sc

2122 4870 2289 4985 ﬁxx,
2320 4930 2495 4983 neque
2526 4928 2657 4968 mss.
2701 4910 2869 4985 nostri
2900 4909 3218 4985 particulam
3245 4916 3539 4985 negantem
3579 4920 3680 4985 _ex-

2121 4975 2332 5046 bibent.
2360 4975 2501 5040 Hinc
2536 4982 2812 5038 contentio
2845 4975 2930 5034 est
2975 4978 3119 5033 inter
3148 4975 3506 5046 peritissimos
3540 4975 3682 5046 fviros

2125 5060 2377 5114 Ducaeum
2402 5064 2457 5109 et
2484 5051 2886 5108 Combelisium.
2921 5047 3019 5102 ilic
3075 5045 3320 5100 voculam
3351 5046 3410 5100 οὐ
3450 5045 3674 5099 retinen-

2126 5132 2273 5191 dam,
2297 5126 2391 5180 ille
2418 5123 2695 5179 delendam
2723 5134 2844 5175 esse
2876 5117 3196 5191 existimat;
3211 5116 3390 5191 Fayet
3403 5114 3683 5191 Quamli-

2126 5184 2348 5253 brornm
2380 5209 2510 5248 mss.
2547 5200 2848 5247 auctoritas
2890 5204 2906 5241 :
2968 5187 3114 5241 favet
3156 5185 3482 5240 Comheﬁsio
3525 5184 3683 5239 series

2127 5265 2408 5326 orationis,
2455 5277 2596 5333 quae,
2650 5269 2710 5333 n_t
2770 5266 2940 5333 patet,
2980 5256 3225 5333 voculam
3277 5255 3348 5333 oti
3388 5253 3683 5333 necessario

2129 5321 2315 5407 euigit.
2345 5321 2453 5388 Aut
2473 5321 2643 5404 igitur
2670 5321 3054 5407 Basilius—cum
3087 5327 3199 5379 haec
3224 5326 3516 5407 scriberet,
3531 5321 3686 5407 falsus

2133 5391 2393 5462 memoria
2429 5391 2529 5458 est"
2548 5418 2562 5454 :
2598 5410 2692 5454 aut
2742 5401 2796 5453 in
2848 5391 3031 5465 aliquo
3057 5395 3357 5463 exemplari
3406 5393 3470 5446 οὐ
3503 5391 3685 5465 legisse

2133 5476 2409 5549 putandus
2434 5482 2566 5549 est.
2598 5471 2790 5549 Utrum
2823 5462 2965 5549 mon"
2989 5465 3149 5549 facile
3185 5462 3684 5549 (ιί-ξοτξιιιὲιιίίςιὲιιο

2135 5534 2286 5603 certe
2305 5543 2594 5613 contigisse
2624 5537 2877 5613 oportuit;
2931 5535 3038 5613 sed
3090 5535 3206 5590 sive
3235 5534 3466 5613 [lasilius
3492 5545 3684 5613 metuo.

2135 5600 2380 5688 ria-plus
2428 5600 2585 5688 at?un
2617 5600 2917 5688 céniideifs,
2972 5604 3106 5659 falso
3125 5600 3685 5688 credideritbocloco

2136 5675 2453 5753 particulam
2479 5675 2541 5739 οὐ
2565 5682 2617 5737 in
2646 5679 2924 5747 Scriptura
2967 5676 3213 5745 reperiri,
3259 5675 3373 5731 sive
3434 5676 3485 5730 in
3518 5676 3683 5731 Bibliis
