4016 6220
337 314 436 362 457

1439 319 1722 376 HOMILIA
1760 323 1827 377 IN
1863 323 2192 380 PSALMI'M
2232 323 2462 378 XLVIII.

3508 336 3607 393 158

337 447 478 490 σεως
509 429 678 497 λέγει,
713 430 844 500 περί
885 423 953 501 ἦς
998 428 1232 501 εἴρηταν
1267 433 1488 502 Ἡμέρα
1520 439 1742 505 Κυρίου
1769 439 1929 493 ἁνία-

2040 455 2309 510 quemque
2369 441 2784 496 circumdabunt
2817 443 3046 500 consilia
3103 461 3200 501 sua
3220 447 3291 506 ".
3323 448 3475 504 Tunc
3505 453 3610 507 ita-

338 539 440 588 τος
466 523 577 575 ὲπίο
591 520 765 574 πάντα
784 521 852 574 τά
881 521 1028 593 ἔθνη,
1068 524 1125 581 ἐν
1153 518 1209 598 ᾖ,
1243 527 1407 596 φησὶν
1442 530 1470 580 ὁ
1497 531 1804 601 προφήτης,
1838 531 1922 584 ὅτι

339 613 608 668 κυκλώσει
641 614 867 667 ἕκαστον
896 614 964 668 τὰ
995 616 1272 672 διαϐούλια
1303 619 1489 672 αὐτοῦ.
1523 623 1655 676 Τότε
1693 621 1807 688 οὖν,
1835 625 1922 678 διὰ

338 703 400 756 τὸ
433 703 596 773 μηδέν
634 720 720 774 μοι
762 703 1075 774 πεπράχθαι
1107 705 1306 777 ἄνομον
1347 711 1404 761 ἐν
1437 714 1502 782 τῇ
1536 711 1642 780 ὁδῷ
1687 716 1753 784 τῇ
1779 712 1922 766 κατά

339 794 429 846 τὸν
462 793 595 863 βίον,
629 794 689 847 ού
729 795 1003 866 φοϐοῦμαι
1032 797 1130 867 τὴν
1165 799 1379 870 ἡμέραν
1415 802 1514 870 τὴν
1542 803 1802 879 πονηράν.
1845 805 1919 856 Oti

340 885 448 956 γὰρ
471 887 857 957 περιστήσεται
883 905 971 959 μοι
995 889 1064 942 τὰ
1097 889 1220 960 ἴχνη
1251 892 1356 945 τῶν
1381 895 1807 965 ἡμαρτημένων,
1831 897 1924 948 οὑ-

340 980 398 1033 δὲ
455 979 724 1034 κυκλώσει
790 999 878 1050 με,
926 983 984 1034 ὲν
1041 987 1106 1054 τῇ
1159 984 1422 1058 σιωπώσῃ
1476 987 1779 1059 κατηγορίᾳ
1833 987 1922 1041 τὸν

342 1069 562 1141 ἐλεγχόν
605 1089 695 1142 μοι
739 1071 1030 1139 ἐπάγοντα.
1063 1072 1251 1136 Οὐδεὶς
1284 1073 1393 1144 γάρ
1438 1091 1529 1127 σου
1564 1075 1749 1145 ἕτερος
1798 1091 1930 1128 κατ-

343 1163 539 1232 ήγορος
571 1161 826 1232 στήσεται
855 1161 888 1232 ἢ
927 1161 1089 1214 αὐταὶ
1116 1163 1171 1214 αἰ
1213 1161 1441 1232 πράξεις
1485 1162 1627 1233 μετά
1653 1164 1752 1233 τῆς
1788 1163 1925 1226 ἰδίας

347 1253 560 1325 μορφῆς
587 1253 791 1325 ἑκάστη
823 1255 1199 1326 παρισταμένη
1225 1271 1239 1286 ο
1267 1258 1298 1326 ἡ
1331 1256 1562 1326 μοιχεία,
1598 1259 1632 1326 ὴ
1667 1255 1863 1326 κλοπὴ,
1893 1259 1928 1328 ἡ

344 1344 590 1416 πορνεία,
641 1345 777 1415 μετά
811 1345 911 1415 τῆς
945 1346 1155 1410 νυκτὸς,
1203 1347 1341 1417 μετά
1384 1346 1479 1398 τοῦ
1519 1348 1742 1418 τρόπου,
1789 1348 1928 1417 μετὰ

345 1433 451 1486 τῶν
485 1435 994 1506 χαρακτηριζόντων
1022 1434 1189 1503 αὐτὴν
1236 1435 1561 1506 ἰδιωμάτων,
1607 1436 1702 1490 καὶ
1753 1435 1929 1503 ἁπαξ-

344 1523 550 1588 απλῶς,
587 1526 786 1597 ἑκάστη
825 1526 1066 1596 ἁμαρτία
1111 1525 1248 1596 μετά
1289 1527 1381 1580 τοῦ
1411 1527 1542 1580 ἰδίου
1581 1527 1929 1600 χαρακτῆρος

348 1616 553 1686 ἐναργῆ
582 1617 818 1688 φέρουσα
849 1617 943 1688 τὴν
976 1619 1277 1688 ὑπόμνησιν
1304 1619 1732 1689 παραστήσεται.
1795 1618 1926 1688 Ἐμὲ

2025 545 2154 598 que,
2180 530 2305 598 quia
2359 529 2497 584 nihil
2534 545 2562 584 a
2598 546 2684 586 me
2721 533 2895 603 iniqui
2949 535 3002 589 in
3053 535 3177 590 vitae
3205 538 3287 591 via
3334 549 3604 607 patratum

2025 629 2132 682 est,
2164 617 2361 672 malam
2399 635 2505 673 non
2533 620 2734 674 timebo
2777 621 2942 677 diem.
2976 622 3110 676 Nam
3144 636 3488 692 peccatorum
3513 642 3607 682 ve-

2026 711 2186 780 stigia
2218 726 2322 765 non
2359 725 2444 765 me
2478 711 2908 777 circumsistent,
2943 729 3117 783 neque
3165 715 3603 786 circumdahunt,

2029 803 2190 857 tacita
2241 801 2591 856 accusatione
2648 817 2736 857 me
2792 803 3153 875 objurgantia.
3217 807 3406 863 Nullus
3457 810 3604 863 enim

2030 894 2172 948 alius
2202 902 2492 948 accusator
2523 894 2598 947 tui
2651 894 2900 960 sistetur,
2933 911 3098 965 quam
3131 897 3244 967 ipsa
3277 897 3442 962 facta,
3475 914 3600 953 cum

2030 999 2128 1038 sua
2162 997 2391 1053 quaeque
2443 983 2616 1038 forma
2673 985 2908 1039 astantia
2942 987 3336 1053 :adulterium,‘
3365 989 3601 1056 .furtum,

2031 1086 2300 1146 stuprum,
2338 1090 2459 1129 cum
2493 1087 2674 1142 nocte,
2711 1092 2834 1131 cum
2879 1078 3066 1142 modo,
3101 1095 3223 1136 eum
3264 1081 3605 1150 proprietati-

2032 1165 2134 1219 bus
2160 1165 2213 1219 id
2253 1165 2688 1234 designantihus,
2721 1175 2777 1222 et
2811 1169 2862 1222 in
2899 1183 3132 1234 summa,
3172 1173 3599 1240 unumquodque

2034 1263 2314 1324 peccatum
2341 1271 2464 1310 cum
2497 1258 2716 1326 pr0prio
2757 1259 3075 1314 charactere
3117 1262 3464 1329 producetur,
3491 1263 3604 1318 cla-

2031 1361 2146 1398 ram
2176 1343 2408 1400 all‘erens
2439 1346 2888 1402 recordationem.
2919 1348 3002 1402 Me
3027 1350 3192 1418 igitur
3227 1351 3448 1420 vestigia
3472 1366 3599 1420 pec-

2032 1447 2276 1490 catorum
2313 1451 2418 1491 non
2463 1437 2872 1492 circumdabunt
2900 1459 2914 1494 :
2943 1440 3139 1510 quippe
3170 1440 3295 1509 quia
3341 1442 3597 1499 inclinavi

2031 1529 2082 1580 iu
2119 1529 2432 1597 parabolam
2474 1544 2660 1584 aurem
2701 1545 2899 1596 meam,
2946 1541 3001 1586 et
3035 1534 3222 1602 aperui
3252 1533 3304 1587 in
3335 1533 3592 1604 psalterio

2029 1620 2455 1688 propositionem
2485 1637 2683 1679 meam.

346 1704 438 1761 οὖν
487 1710 548 1761 οὐ
592 1709 859 1764 κυκλώσει
891 1712 958 1766 τά
989 1711 1108 1782 ἴχνη
1152 1713 1258 1764 τῶν
1298 1714 1726 1785 ἡμαρτημένων·
1780 1713 1914 1766 διότι
1953 1712 2161 1769 έκλινον
2183 1716 2262 1779 εἰς
2286 1715 2598 1788 παραϐολὴν
2635 1718 2697 1771 τὸ
2734 1712 2828 1781 οὖς
2867 1734 2993 1789 μου,
3032 1719 3220 1790 ἡνοιξα
3242 1721 3299 1774 ἐν
3322 1719 3605 1793 ψαλτηρίῳ

346 1800 407 1852 τὸ
435 1800 724 1872 πρόϐλημά
756 1820 876 1873 μου.

415 1893 466 1946 3.
485 1895 548 1946 Ol
571 1896 919 1959 πεποιθότες
950 1894 1048 1948 ἐπὶ
1078 1893 1152 1962 τῇ
1179 1895 1427 1964 δυνάμει
1455 1898 1674 1960 αὐτων,
1702 1897 1799 1949 καί
1823 1895 1923 1948 ἐπὶ

2095 1895 2150 1948 5.
2187 1892 2351 1947 Vens.
2384 1891 2436 1946 7.
2458 1890 2560 1956 Qui
2591 1892 2858 1960 conﬁdunt
2885 1893 2937 1947 in
2965 1894 3153 1948 virtute
3170 1905 3350 1961 sua,et
3381 1898 3437 1950 in
3461 1899 3603 1952 mul-

346 1983 428 2048 τῷ
460 1983 674 2052 πλήθει
700 1983 804 2037 τοῦ
830 1987 1098 2039 πλούτου
1121 1986 1321 2039 αὐτῶν
1358 1986 1749 2056 καυχώμενοι.
1777 1987 1924 2058 Πρὸς

346 2073 439 2127 δύο
462 2074 725 2145 πρόσωπα
753 2074 830 2145 τῷ
855 2075 1114 2146 Προφήτῃ
1140 2078 1167 2128 ὁ
1199 2076 1354 2144 λόγος
1385 2076 1499 2128 ἐστί
1519 2093 1531 2106 ⁸
1560 2076 1694 2147 πρός
1727 2093 1784 2128 τε
1824 2092 1924 2146 γη·

347 2171 522 2236 τενεῖς
551 2169 643 2222 καὶ
677 2169 812 2240 πρὸς
838 2171 965 2232 τοὺς
998 2171 1304 2234 πλουσίους.
1333 2171 1456 2234 Τοῖς
1487 2171 1584 2241 μὲν
1615 2171 1723 2241 γὰρ
1756 2169 1926 2223 διαλέ-

347 2277 521 2327 γεται,
577 2259 853 2331 καθαιρῶν
898 2261 996 2333 τὴν
1027 2262 1120 2314 ἐπὶ
1144 2265 1208 2333 τῇ
1234 2262 1460 2333 δυνάμει
1506 2261 1684 2315 αὐτῶν
1725 2261 1922 2332 οἴησιν,

347 2355 456 2414 τοῖς
475 2352 532 2406 δὲ
561 2353 658 2423 τὴν
690 2354 781 2409 ἐπὶ
805 2356 871 2425 τῇ
907 2353 1017 2423 (75)
1050 2355 1337 2426 περιουσίᾳ
1373 2354 1482 2407 τῶν
1513 2354 1807 2426 κτημάτων
1834 2354 1928 2407 έπ·

295 2479 298 2481 -
349 2461 526 2515 αρσιν.
579 2445 784 2515 Ὑμεῖς,
818 2446 1002 2517 φησὶν,
1049 2446 1100 2498 οἱ
1135 2445 1452 2508 πεποιθότες
1480 2447 1570 2498 ἐπὶ
1603 2450 1668 2517 τῇ
1699 2446 1926 2516 δυνάμει

348 2535 543 2588 αὐτῶν.
585 2530 742 2588 Οὗτοι
774 2536 882 2606 γὰρ
909 2536 958 2588 οἰ
987 2539 1257 2605 γηγενεῖς,
1284 2537 1332 2587 οἰ
1369 2535 1512 2604 ἰσχύϊ
1553 2533 1801 2604 σώματος
1833 2537 1928 2588 ἐπ-

350 2625 678 2689 ελπίζοντες,
717 2627 812 2678 καὶ
830 2626 1063 2696 οἰόμενοι
1088 2626 1334 2696 αὐτάρκη
1359 2623 1496 2677 εἶναι
1526 2626 1624 2696 τὴν
1657 2624 1931 2696 ἀνθρωπί-

352 2734 448 2786 νην
472 2715 630 2786 φύσιν
658 2717 876 2796 πρὸίτὸ
901 2717 1139 2781 δυνατῶς
1166 2717 1431 2771 ἐπιτελεῖν
1459 2718 1494 2772 ἃ
1523 2717 1790 2789 βούλεται.
1823 2720 1930 2772 Καὶ

355 2809 532 2878 ὑμεῖς,
569 2808 751 2878 φησὶν,
784 2809 832 2860 οἱ
872 2808 1191 2873 πεποιθότες
1219 2811 1311 2862 ἐπὶ
1342 2810 1570 2865 πλούτου
1619 2812 1928 2883 ἀδηλότητι,

353 2899 642 2954 ἀκούσατε.
669 2900 892 2969 Λύτρων
927 2900 1054 2970 ὑμῖν
1083 2901 1240 2971 χρεία
1284 2901 1419 2973 πρὸς
1453 2902 1512 2955 τὸ
1542 2903 1620 2966 εἰς
1648 2903 1744 2973 τὴν
1778 2904 1930 2955 ἐλευ-

355 2992 540 3062 θερίαν
575 2991 940 3061 ἐξαιρεθῆναι,
965 2993 1029 3062 ἣν
1056 2992 1369 3065 ἀφῃρέθητε
1407 2995 1716 3065 νικηθέντες
1748 2999 1811 3066 τῇ
1844 2996 1932 3067 βίᾳ

353 3080 446 3133 τοῦ
481 3080 746 3144 διαϐόλου,
773 3081 850 3144 ὃς,
883 3083 1225 3154 ὑποχειρίους
1247 3085 1388 3154 ὑμᾶς
1414 3084 1614 3148 λαϐὼν,
1646 3087 1705 3139 ού
1741 3088 1934 3158 πρότε-

356 3188 448 3243 ρον
475 3171 576 3241 τῆς
614 3173 805 3226 ἑαυτοῦ
835 3175 1147 3245 τυραννίδος
1181 3175 1394 3244 ἀφίησι,
1441 3177 1568 3247 πρὶν
1604 3177 1666 3229 ἄν
1703 3196 1809 3230 τινι
1837 3179 1930 3230 λύ-

353 3279 464 3332 τρῳ
499 3262 759 3334 ἀξιολόγῳ
797 3265 1041 3328 πεισθεὶς
1078 3266 1508 3332 ἀνταλλάξασθαι
1545 3269 1688 3337 ὑμᾶς
1719 3269 1927 3339 ἕληται.

355 3356 445 3409 Δεῖ
466 3350 558 3408 οὖν
592 3356 653 3409 τὸ
683 3355 875 3427 λύτρον
920 3358 992 3428 μὴ
1029 3357 1286 3427 ὁμογενὲς
1311 3355 1445 3411 εἶναι
1490 3362 1602 3422 τοῖς
1635 3361 1932 3431 κατεχομέ-

353 3462 484 3510 νοις,
507 3445 642 3500 ἀλλά
665 3446 844 3518 πολλῷ
867 3448 1142 3518 διαφέρειν
1169 3447 1246 3518 τῷ
1273 3447 1475 3520 μέτρῳ,
1506 3451 1552 3500 εἰ
1583 3449 1766 3518 μέλλοι
1789 3451 1931 3503 ἑκὼν

353 3535 583 3605 ἀφήσειν
636 3537 734 3606 τῆς
785 3537 1026 3599 δουλείας
1083 3538 1208 3599 τοὺς
1270 3538 1672 3608 αἰχμαλώτους.
1733 3540 1932 3611 Διόπερ

355 3625 580 3694 ἀδελφὸς
609 3627 750 3696 ὑμᾶς
776 3627 885 3698 (7-4)
921 3625 1301 3698 λυτρώσασθαι
1333 3629 1392 3680 ού
1417 3627 1654 3683 δύναται.
1691 3629 1934 3700 Ἀνθρω-

354 3735 455 3780 πος
504 3718 614 3789 γάρ
661 3718 834 3782 οὐδεὶς
886 3718 1109 3782 δυνατός
1159 3720 1275 3771 ἐστι
1333 3722 1516 3771 πεῖσαι
1559 3720 1649 3772 τὸν
1689 3720 1931 3774 διάϐολον

354 3810 490 3882 πρὸς
537 3810 597 3864 τὸ
627 3810 718 3862 τὸν
763 3809 908 3873 ἅπαξ
942 3809 1090 3879 αύτῷ
1125 3811 1464 3863 ὑποπεσόντα
1510 3811 1785 3875 ἐξελέσθαι
1825 3812 1934 3865 ἀπὸ

353 3902 451 3971 τῆς
483 3899 760 3964 ἐξουσίας·
791 3899 848 3962 ὃς
887 3917 948 3968 γε
987 3899 1107 3952 ούδὲ
1140 3900 1268 3970 περὶ
1303 3899 1408 3952 τῶν
1439 3901 1581 3953 ἰδίων
1607 3903 1934 3973 ἁμαρτημά-

341 3997 462 4046 ’των
505 3986 616 4055 οἷός
645 3991 704 4044 τέ
741 3994 856 4044 ἐστι
887 3991 1151 4061 ὲξίλασμα
1182 3991 1361 4043 δοῦναι
1392 3992 1468 4063 τῷ
1501 3993 1639 4064 Θεῷ.
1687 3994 1811 4057 Πῶς
1841 3990 1932 4047 οὖν

357 4082 564 4153 ἰσχύσει
593 4082 750 4135 τοῦτο
777 4083 916 4155 ὑπὲρ
951 4083 1137 4154 ἐτέρου
1173 4083 1410 4156 πράξαις
1449 4084 1511 4136 Τί
1543 4085 1586 4136 δ’
1617 4085 1681 4138 ἂν
1715 4086 1810 4138 καί
1843 4103 1931 4139 το-

358 4172 545 4226 σοῦτον
595 4176 852 4244 κτήσαιτο
888 4175 946 4226 ἐν
980 4172 1057 4242 τῷ
1100 4173 1257 4227 αἰῶνι
1301 4174 1494 4244 τούτῳ,
1545 4174 1620 4237 ti);
1663 4173 1932 4245 αὔταρκες

356 4268 498 4338 ἔχειν
535 4268 634 4337 τῆς
665 4267 844 4337 ψυχῆς
871 4268 1224 4337 ἀντάλλαγμα
1247 4270 1346 4336 τῆς
1373 4267 1530 4335 φύσει
1563 4268 1770 4336 τιμίας,
1799 4269 1931 4321 διότι

357 4359 475 4412 κατ’
514 4359 694 4412 εἰκόνα
727 4359 818 4412 τοῦ
859 4359 1142 4422 κτίσαντος
1177 4358 1346 4429 αὐτὴν
1382 4360 1633 4427 ἐγένετος
1670 4361 1826 4424 Ποῖος
1875 4361 1932 4414 δὲ

358 4452 602 4521 κάματος
639 4450 729 4502 τοῦ
756 4450 1048 4514 ἐνεστῶτος
1075 4451 1266 4515 αἰῶνος
1300 4450 1569 4522 αὔταρκες
1603 4453 1813 4520 ἐφόδιον
1839 4451 1928 4505 τοῦ

360 4542 639 4614 μέλλοντος
669 4541 863 4606 αἰῶνος
892 4545 956 4612 τῇ
985 4541 1294 4614 ἀνθρωπίνῃ
1320 4542 1460 4613 ψυχῇ
1485 4559 1498 4606 ;
1531 4542 1794 4597 Τοσοῦτον
1815 4545 1928 4615 ’μὲν

354 4630 448 4688 οὖν
476 4634 837 4704 ἁπλούστερον
876 4633 1048 4686 ταῦτα
1093 4634 1447 4704 νενοήκαμεν.
1483 4634 1598 4688 Κᾶν
1636 4636 1744 4688 τῶν
1791 4636 1932 4706 μέγα

355 4745 440 4790 τις
463 4727 775 4797 δυναμένων
810 4726 866 4776 ὲν
895 4723 972 4794 τῷ
993 4723 1091 4794 βίῳ
1116 4723 1286 4794 τούτῳ
1310 4722 1447 4778 εἶναι
1476 4727 1625 4796 δοκῇ,
1659 4727 1763 4779 κᾶν
1791 4727 1929 4798 πλῆ-

357 4819 446 4882 θος
468 4819 711 4889 κτήσεως
737 4816 1195 4888 περιϐεϐλημένος
1222 4813 1278 4887 ᾖ,
1303 4816 1537 4869 διδάσκει
1566 4817 1808 4870 καθεῖναι
1831 4818 1930 4887 τῆς

355 4913 579 4981 οἰήσεως
617 4911 644 4963 ὁ
663 4908 838 4975 λόγος,
868 4907 963 4960 καὶ
989 4906 1386 4976 ταπεινωθῆναι
1409 4907 1512 4959 ὑπὸ
1540 4907 1636 4978 τὴν
1666 4908 1933 4978 κραταιάν

356 5007 511 5075 χεῖρα
555 5000 652 5055 τοῦ
692 4999 849 5062 Θεοῦ,
899 4999 992 5053 καὶ
1038 5001 1173 5070 μήτε
1223 5000 1314 5052 ἐπί
1342 5000 1672 5073 νομιζομένῃ
1705 5001 1933 5071 δυνάμει

357 5093 697 5154 πεποιθέναι,
745 5092 880 5162 μήτε
915 5091 1008 5143 ἐσττί
1045 5090 1123 5160 τῷ
1157 5089 1349 5161 πλήθει
1383 5091 1476 5142 τοῦ
1513 5090 1744 5143 πλούτου
1797 5109 1931 5144 καυ-

357 5182 572 5253 χᾶσθαι.
606 5179 839 5233 Δυνατὸν
867 5180 1049 5249 μέντοι
1077 5181 1170 5232 καὶ
1208 5181 1400 5250 μικρόν
1436 5198 1485 5234 τι
1526 5183 1937 5252 προσαναϐῆναι

355 5278 421 5344 τῇ
447 5273 670 5345 διανοίᾳ,
705 5272 799 5326 καὶ
827 5273 952 5334 τοὺς
991 5271 1319 5333 πεποιθότας
1362 5270 1452 5323 ἐπὶ
1487 5274 1550 5342 τῇ
1581 5273 1807 5342 δυνάμει
1842 5273 1938 5324 αύ-

434 5409 479 5441 "’
507 5408 631 5465 Ose.
653 5424 749 5475 vn,
790 5410 845 5462 2.
921 5407 1013 5462 "1
1045 5408 1185 5464 Tim.
1212 5409 1398 5474 v1.17.
1472 5409 1555 5462 “l
1590 5408 1732 5463 Pctr.
1758 5426 1810 5473 ν,
1839 5409 1891 5464 6.

362 5548 628 5604 ιηρηιιοείε
658 5551 732 5604 ita
764 5547 988 5617 legerit:
1025 5546 1280 5617 quoniam
1307 5554 1485 5599 tamen
1532 5546 1705 5600 oratio
1729 5545 1846 5600 sine
1869 5545 1928 5596 ού

361 5619 632 5672 coluerere
685 5636 790 5674 non
838 5633 995 5687 posse
1052 5618 1286 5682 videtur,
1339 5617 1542 5672 idcirco
1576 5631 1696 5671 eam
1742 5629 1930 5668 vocem

363 5689 693 5742 retinendam
723 5686 1238 5756 esve'judicavimus.

432 5758 541 5820 (73)
573 5756 711 5814 Editi
763 5754 867 5823 τὴν
894 5760 950 5811 ὲν
982 5760 1068 5826 τῇ.
1103 5758 1169 5812 At
1209 5772 1338 5812 mss.
1370 5756 1520 5812 multi
1567 5756 1664 5823 τὴν
1705 5754 1799 5808 ὲπί
1831 5756 1917 5823 τῇ.

2027 1986 2244 2039 timdine
2272 1985 2572 2038 divilt'arum
2605 2001 2821 2038 suarum
2849 1984 3167 2054 gloriantur.
3201 1989 3280 2040 Ad
3326 1987 3458 2042 duas
3489 2005 3606 2060 pero

2027 2091 2193 2132 sonas
2219 2075 2505 2144 Prophetm
2537 2089 2718 2130 sermo
2741 2087 2854 2129 est:
2899 2085 2953 2130 et
2991 2076 3055 2129 ad
3093 2078 3414 2145 terrigenas,
3452 2092 3505 2134 et
3532 2083 3600 2135 ad

2029 2168 2243 2221 divites.
2272 2165 2393 2220 Illos
2417 2165 2560 2220 enim
2599 2166 2911 2235 alloquitur,
2944 2167 3023 2222 sic
3054 2176 3113 2223 ut
3141 2171 3600 2227 existimationem

2027 2275 2191 2328 quam
2224 2257 2291 2313 de
2318 2271 2377 2312 se
2409 2257 2542 2326 ipsis
2577 2257 2646 2312 ob
2689 2258 2987 2326 potentiam
3039 2271 3422 2329 conceperant,
3447 2278 3607 2318 ever-

2031 2360 2142 2404 tat:
2175 2350 2275 2406 hos
2311 2363 2464 2412 vero,
2524 2349 2606 2403 sic
2638 2355 2697 2402 ut
2736 2349 2983 2405 destruat
3036 2349 3278 2418 ipsorum
3325 2352 3395 2406 oh
3439 2367 3601 2422 opum

2029 2441 2236 2510 copiam
2261 2440 2572 2496 elationem.
2599 2439 2729 2504 Vos,
2756 2440 2953 2511 inquit,
2988 2442 3078 2511 qui
3121 2441 3173 2496 in
3203 2450 3377 2496 vestra
3400 2443 3606 2500 virtute

2031 2533 2320 2587 conﬁditis.
2353 2532 2416 2586 Hi
2455 2532 2600 2586 enim
2629 2541 2754 2586 sunt
2797 2532 3100 2600 terrigenae,
3131 2533 3222 2602 qui
3266 2533 3318 2587 in
3361 2534 3604 2604 corporis

2032 2625 2239 2678 viribus
2269 2637 2418 2692 spem
2477 2632 2706 2692 ponunt,
2741 2631 2798 2677 et
2833 2623 3120 2678 humanam
3159 2636 3405 2679 naturam
3451 2625 3604 2680 sutil-

2032 2716 2262 2769 cientem
2319 2729 2439 2770 esse
2481 2724 2698 2784 putant,
2754 2715 2820 2769 ad
2875 2725 3097 2771 strenue
3125 2717 3450 2786 perﬁcienda
3482 2732 3604 2788 quae

2033 2806 2168 2861 vult.
2211 2804 2277 2860 Et
2306 2821 2422 2871 vos,
2458 2806 2653 2876 inquit,
2689 2808 2780 2876 qui
2843 2807 2896 2861 in
2965 2808 3173 2862 incerto
3223 2809 3530 2863 divitiarum
3557 2811 3603 2841 “

2035 2897 2286 2951 ﬁduciam
2320 2897 2607 2961 habuistis,
2637 2897 2842 2951 audite.
2878 2897 3061 2952 Pretio
3095 2901 3476 2968 redemptionis
3503 2915 3604 2953 vo-

2033 2987 2114 3041 his
2140 3001 2274 3054 opus
2313 2994 2418 3050 est,
2452 2994 2511 3040 ut
2557 2985 2880 3040 asseramini
2913 2989 2964 3040 in
2991 2986 3316 3052 libertatem,
3339 3004 3444 3059 qua
3474 3005 3601 3058 spo-

2035 3075 2146 3130 liati
2179 3075 2377 3141 fuistis,
2412 3076 2463 3129 vi
2492 3076 2690 3131 diaboli
2728 3078 2879 3141 victi,
2918 3079 3010 3146 qui
3067 3080 3312 3149 captivos
3343 3096 3439 3136 vos
3469 3083 3600 3136 reti-

2037 3183 2191 3234 nens,
2219 3182 2324 3221 non
2349 3167 2500 3237 prius
2522 3182 2551 3220 a
2581 3182 2679 3220 sua
2703 3169 2989 3238 tyrannide
3016 3169 3170 3225 abire
3201 3170 3402 3226 liberos
3435 3172 3603 3238 sinet,

2035 3273 2199 3327 quam
2243 3259 2513 3325 condigno
2548 3257 2732 3327 aliquo
2794 3259 3185 3330 redemptionis
3216 3263 3390 3332 pretio
3433 3263 3604 3317 addu-

2035 3359 2175 3414 ctus,
2213 3359 2524 3420 permutare
2560 3365 2657 3405 vos
2711 3349 2859 3407 velit.
2920 3351 3155 3407 Proinde
3222 3353 3606 3424 redemptionis

2035 3442 2266 3512 pretium
2302 3456 2409 3496 non
2457 3439 2697 3508 ejusdem
2723 3441 2940 3512 generis
2987 3457 3109 3498 esse
3145 3455 3360 3511 oportet
3384 3460 3506 3498 cum
3539 3445 3606 3500 iis

2033 3533 2126 3602 qui
2183 3532 2523 3598 detinentur,
2558 3532 2651 3586 sed
2699 3532 2862 3586 modo
2894 3548 3258 3603 mensuraque
3287 3534 3442 3604 longe
3464 3550 3602 3603 pra:-

2036 3625 2288 3691 stantius,
2317 3626 2361 3680 si
2387 3624 2626 3678 futurum
2658 3634 2743 3680 est
2772 3633 2832 3679 ut
2857 3625 3046 3680 lubens
3072 3628 3314 3697 captivos
3342 3627 3606 3681 servitute

2034 3713 2249 3769 liberet.
2282 3712 2642 3780 Quamobrem
2665 3713 2834 3769 frater
2849 3729 2944 3769 vos
2974 3730 3311 3786 nequaquam
3336 3717 3604 3771 redimere

2035 3804 2199 3860 valet.
2235 3804 2425 3859 Nullus
2454 3805 2595 3860 enim
2619 3806 2778 3861 homo
2812 3808 3137 3876 persuadere
3163 3808 3377 3863 diabolo
3409 3809 3600 3878 possit,

2037 3910 2096 3953 ut
2125 3914 2248 3953 eum
2296 3899 2386 3969 qui
2434 3898 2537 3953 sibi
2589 3899 2864 3966 subjectus
2911 3903 3074 3955 semel
3107 3910 3210 3966 cst,
3240 3917 3304 3955 ex
3336 3911 3604 3971 potestate

2035 4005 2135 4045 sua
2169 3990 2379 4044 eximat
2409 4006 2423 4042 :
2456 3991 2544 4059 qui
2583 3991 2791 4046 scilicet
2825 4008 2890 4046 ne
2918 4008 3016 4061 pro
3044 3993 3156 4047 suis
3188 3995 3404 4062 quidem
3443 3995 3604 4064 180

2033 4081 2273 4150 peccatis
2330 4081 2440 4134 Deo
2473 4087 2633 4148 queat
2679 4079 2948 4148 piaculare
2999 4081 3325 4134 sacriﬁcium
3383 4079 3599 4134 offerre.

2035 4173 2316 4240 Quomodo
2347 4171 2511 4241 igitur
2541 4172 2737 4240 poterit
2788 4172 2842 4226 id
2885 4187 2985 4242 pro
3036 4171 3144 4225 alio
3187 4171 3434 4226 eﬂicere?
3464 4171 3601 4239 Quid

2034 4278 2224 4319 rursus
2256 4261 2388 4315 tanti
2433 4261 2588 4330 pretii
2634 4261 2686 4314 in
2721 4262 2824 4316 hoc
2869 4260 3071 4315 saeculo
3101 4262 3422 4331 possederit,
3455 4273 3512 4315 ut
3549 4261 3603 4316 id

2034 4372 2155 4412 cum
2194 4356 2375 4409 anima
2419 4367 2538 4422 qua:
2569 4352 2805 4421 pretiosa
2835 4363 2920 4407 est
2947 4361 3168 4418 natura,
3202 4353 3394 4407 idonee
3432 4353 3604 4422 possit

2041 4445 2389 4512 commutari,
2440 4444 2705 4511 siquidem
2733 4445 2800 4498 ad
2827 4444 3104 4499 Creatoris
3145 4445 3430 4511 imaginem
3458 4444 3601 4497 facta

2038 4549 2146 4594 est.
2183 4538 2369 4605 Qualis
2401 4547 2579 4592 autem
2605 4537 2755 4590 labor
2778 4537 3061 4606 prmsentis
3083 4536 3400 4590 saeculiesse
3431 4535 3604 4604 possit

2039 4646 2138 4701 pro
2171 4631 2351 4684 futuro
2393 4629 2588 4685 smculo
2619 4629 2871 4683 viaticum
2917 4629 3190 4684 suﬂiciens
3235 4630 3482 4682 humanae
3509 4645 3604 4682 na-

2042 4727 2216 4779 tunc?
2249 4725 2520 4779 llactenus
2558 4724 2778 4793 quidem
2830 4725 2946 4780 haec
2992 4725 3290 4794 simplicius
3337 4726 3605 4781 intellexi-

2043 4835 2182 4872 mus.
2223 4817 2447 4871 Etiamsi
2495 4819 2619 4886 quis
2668 4818 2720 4872 in
2771 4817 2873 4871 hac
2901 4818 3009 4871 vita
3058 4834 3380 4888 magnopere
3411 4834 3604 4888 p0tens

2039 4910 2140 4963 sihi
2177 4925 2298 4962 esse
2329 4908 2594 4971 videatur,
2641 4907 2855 4961 etiamsi
2904 4909 3210 4962 divitiarum
3255 4910 3407 4978 copia
3439 4910 3606 4978 stipa-

2037 5009 2122 5054 tus
2158 4999 2248 5062 sit,
2279 5014 2402 5054 eum
2438 5013 2617 5054 sermo
2649 5000 2803 5055 docet
2831 5000 2967 5054 hanc
2987 4999 3126 5052 illam
3151 4999 3603 5053 existimationem

2040 5091 2330 5158 deponere,
2365 5099 2529 5159 atque
2567 5091 2909 5144 humiliatum
2961 5103 3083 5143 esse
3124 5090 3221 5143 sub
3264 5090 3468 5156 potenti
3510 5088 3606 5143 Dei

2043 5179 2287 5241 manu“,
2333 5191 2384 5234 et
2422 5196 2598 5250 neque
2627 5182 2679 5234 itt
2712 5195 2773 5234 ea
2805 5195 2966 5248 quam
3017 5180 3198 5232 animo
3227 5179 3462 5248 concipit
3509 5193 3606 5248 po-

2044 5271 2209 5324 tentia
2253 5271 2439 5336 ﬁdere,
2469 5285 2642 5340 neque
2681 5270 2732 5324 iu
2788 5285 2947 5339 opum
2984 5269 3328 5323 multitudine
3361 5267 3605 5340 gloriari.

2040 5537 2235 5596 Statim
2268 5533 2406 5603 Reg.
2446 5534 2711 5604 secundus
2746 5534 2838 5586 ἐπὶ
2858 5535 2923 5604 τῇ
2956 5530 3166 5604 ἑαυτῶν
3188 5531 3430 5604 δυνάμει.

2111 5607 2224 5678 (74)
2258 5605 2330 5678 Ita
2357 5600 2520 5658 'mss.
2547 5603 2616 5678 ᾼι
2661 5604 2796 5678 editi
2838 5600 3006 5678 ἡμᾶς.
3045 5601 3168 5678 Mox
3218 5600 3382 5678 editio
3407 5600 3602 5678 _Paris.

2040 5672 2161 5736 cuiu
2192 5672 2342 5730 Coll).
2369 5682 2521 5727 sexto
2554 5672 2891 5745 Ἀνθρωπος
2909 5675 3036 5745 γάρ.
3073 5675 3231 5745 Deest
3257 5673 3366 5745 γάρ
3405 5672 3458 5728 in
3510 5689 3604 5729 sex

2033 5764 2165 5806 mss.
2200 5745 2425 5818 perinde
2461 5753 2621 5814 atqne
2650 5743 2703 5798 in
2737 5743 3168 5801 editione—Basil.
