4016 6220
295 361 392 414 HI

1384 352 1668 404 HUMILIA
1713 353 1775 402 ΙΝ
1818 353 2146 404 PbALMUM
2188 353 2417 404 XLVIII.

3429 361 3533 416 4ίὲ

293 474 457 547 τιμὴν
489 469 806 542 λυτρώσεως
832 468 933 538 τῆς
959 466 1135 537 ψυχῆς
1171 469 1348 537 ἡμῶν,
1378 465 1440 518 τὸ
1459 466 1611 534 ἅγιον
1636 467 1730 519 καὶ
1759 482 1848 518 πο-

1963 477 2160 520 nostra:
2186 469 2368 522 datum
2407 474 2513 532 est,
2541 477 2763 524 sanctus
2791 470 2878 525 ille
2913 483 2977 527 ac
3007 474 3278 542 pretiosus
3312 484 3534 549 sanguis

295 567 588 637 λυτίμητον
618 557 758 632 αἷμα
792 560 885 614 τοῦ
915 558 1120 628 Κυρίου
1150 557 1306 628 ἡμῶν
1341 557 1514 627 Ἰησοῦ
1552 555 1811 628 Χριστοῦ,
1839 557 1869 608 ὃ

296 660 435 729 ὑπὲρ
479 655 636 727 ἡμῶν
683 653 862 724 ἐξέχεε
917 653 1164 706 πάντωνο
1194 649 1382 719 διόπερ
1425 649 1518 702 καὶ
1542 650 1704 719 τιμῆς
1739 651 1868 718 ἡγο-

297 749 466 821 ράσθη
477 765 594 819 μεν.
628 748 689 800 Εἰ
716 743 808 800 οὖν
842 744 1068 813 ἀδελφὸς
1099 743 1159 796 ού
1192 741 1501 812 λυτροῦται,
1531 740 1865 810 λυτρώσεται

293 841 620 912 άνθρωπος;
665 840 728 892 Εἰ
779 838 834 890 δὲ
876 836 1162 906 ἄνθρωπος
1197 831 1573 905 λυτρώσασθαι
1609 833 1756 901 ἡμᾶς
1803 833 1864 885 οὐ

293 935 539 995 δύναται,
584 935 613 985 ὁ
654 931 1072 1001 λυτρωσάμενος
1107 931 1253 999 ἡμᾶς
1287 928 1387 980 οὐκ
1414 925 1696 997 ἄνθρωπος
1729 926 1860 995 (81).

291 1026 383 1094 Μὴ
424 1020 536 1089 οὖν,
569 1023 656 1077 διὰ
687 1024 747 1076 τὸ
783 1026 840 1076 ἐν
874 1020 1177 1092 ὁμοιώματι
1211 1020 1412 1089 σαρκὸς
1444 1017 1715 1090 ἁμαρτίας
1746 1019 1865 1070 ἐπι-

293 1117 658 1187 δεδημηκέναι
712 1117 862 1185 ἡμῖν,
911 1113 1196 1182 ἄνθρωπον
1251 1110 1407 1182 μόνον
1454 1108 1728 1178 ὑπολάϐῃς
1772 1108 1862 1161 τὸν

297 1205 502 1276 Κύριον
533 1206 711 1276 ἡμῶν,
742 1207 840 1276 τὴν
871 1205 971 1274 τῆς
1000 1202 1250 1274 θεότητος
1285 1202 1512 1272 δύναμιν
1551 1202 1822 1271 ἀγνοήσας
1843 1214 1858 1229 ⁶

292 1296 351 1359 ὃς
375 1297 436 1349 ού
469 1297 658 1366 χρείαν
693 1296 818 1366 ἔσχε
841 1295 950 1368 (82)
984 1293 1166 1348 δοῦναι
1194 1293 1271 1364 τῷ
1295 1294 1412 1363 Θεῷ
1441 1292 1703 1363 ἐξίλασμα
1737 1293 1861 1344 ἑαυ-

296 1386 412 1450 τοῦ,
462 1388 580 1440 οὐδὲ
611 1388 709 1459 τὴν
760 1387 896 1442 ἰδίαν
941 1384 1430 1457 ἀπολυτρώσασθαι
1477 1383 1672 1454 ψυχὴν,
1726 1382 1858 1436 διότι

302 1477 621 1546 Ἀμαρτίαν
663 1479 774 1531 οὐκ
811 1477 1123 1542 ἐποίησεν,
1172 1474 1312 1528 οὐδὲ
1339 1473 1552 1542 εὑρέθη
1589 1472 1767 1537 δόλος
1791 1471 1860 1523 ἐν

289 1568 370 1633 τῷ
404 1570 654 1637 στόματι
704 1567 911 1622 αὑτοῦ.
954 1566 1354 1636 Ἐξωνήσασθαι
1411 1565 1510 1636 μὲν
1545 1560 1637 1616 οὖν
1667 1563 1857 1615 ἑαυτὸν

289 1659 463 1724 οὐδεὶς
517 1659 719 1724 ἱκανὸς,
761 1660 854 1712 ἐὰν
898 1658 972 1730 μὴ
1007 1657 1136 1729 ἔλθῃ
1175 1661 1202 1710 ό
1232 1655 1328 1727 τὴν
1363 1655 1734 1726 αἰχμαλωσίαν
1761 1653 1855 1705 τοῦ

289 1751 420 1806 λαοῦ
441 1753 803 1823 ἐπιστρέφων,
823 1752 883 1804 ού
916 1749 1053 1821 μετὰ
1077 1749 1305 1819 λύτρων,
1333 1747 1451 1800 οὐδὲ
1479 1746 1614 1818 μετὰ
1643 1743 1850 1816 δώρων,

1973 558 2184 612 Domini
2217 559 2383 613 nostri
2417 557 2544 614 Jesu
2590 558 2814 626 Christi,
2854 577 3012 632 quem
3052 580 3150 634 pro
3176 566 3330 622 nobis
3366 574 3536 624 omni-

1969 633 2068 705 bus
2102 652 2343 707 eti‘udit:
2390 652 2739 722 quamobrem
2787 655 2962 724 pretio
3016 633 3178 712 etiam
3223 663 3389 731 empti
3440 679 3534 718 su-

1968 758 2088 796 mus
2117 742 2180 796 ‘9.
2205 743 2387 812 Itaque
2409 744 2453 798 si
2488 744 2657 798 frater
2684 760 2787 798 non
2814 748 3050 815 redimit,
3070 751 3298 807 redimet
3331 755 3489 808 homo
3510 757 3537 810 ἲ

1968 832 2023 887 Si
2057 849 2185 888 vero
2221 834 2490 888 redimere
2527 849 2625 889 nos
2682 850 2784 888 non
2817 847 2992 905 potest
3036 839 3197 893 homo
3226 857 3241 905 ;
3267 845 3355 911 qui
3385 847 3534 900 rede-

1967 927 2065 980 mit
2094 941 2214 988 nos,
2240 925 2401 980 homo
2431 941 2538 981 non
2594 936 2698 984 est.
2748 927 2826 983 Ne
2865 929 3049 999 igitur,
3083 945 3364 1002 propterea
3389 941 3532 1005 quod

1965 1015 2018 1068 in
2066 1015 2420 1071 similitudine
2464 1019 2647 1072 carnis
2672 1020 2874 1086 peccati
2916 1023 3192 1076 nobiscum
3227 1025 3530 1084 diversatus

1963 1114 2066 1170 est,
2097 1108 2367 1161 hominem
2400 1108 2572 1163 solum
2603 1111 2880 1164 existimes
2925 1111 3210 1168 Dominum
3259 1129 3528 1186 nostrum,

1963 1195 2260 1250 divinitatis
2289 1199 2583 1264 potentiam
2636 1201 2891 1269 ignorans
2929 1221 2942 1255 :
2989 1204 3072 1256 cui
3114 1220 3248 1272 opus
3277 1223 3380 1261 non
3414 1220 3532 1264 erat

1964 1284 2070 1338 Deo
2092 1286 2220 1340 dare
2244 1287 2600 1356 placationem
2633 1306 2812 1355 suam,
2841 1307 3012 1361 neque
3061 1299 3330 1364 propriam
3384 1303 3528 1356 redi-

1961 1394 2109 1432 mere
2135 1381 2540 1452 animatn,.quia
2581 1383 2856 1438 Peccatum
2891 1402 2992 1440 non
3013 1386 3153 1456 fecit,
3182 1407 3273 1444 nec
3298 1393 3532 1448 inuentus

1959 1480 2032 1522 est
2062 1471 2211 1525 dolus
2236 1473 2289 1525 in
2317 1488 2406 1526 ore
2435 1474 2546 1539 eius
2569 1475 2636 1527 ⁸ο.
2662 1476 2834 1530 Nemo
2865 1478 3026 1546 igitur
3046 1495 3104 1534 se
3127 1481 3240 1548 ipse
3270 1484 3537 1539 redimere

1960 1572 2151 1629 potest,
2187 1564 2288 1617 nisi
2313 1565 2596 1633 veniatqui
2621 1569 2988 1634 captivitatem
3015 1572 3194 1639 populi
3219 1584 3522 1643 convertat,

1958 1669 2062 1706 non
2114 1668 2236 1705 cum
2270 1655 2483 1722 pretiis,
2516 1670 2692 1724 neque
2727 1673 2848 1710 cum
2893 1660 3071 1727 donis,
3109 1663 3253 1716 sicut
3299 1663 3354 1716 in
3391 1664 3528 1718 Isaia

1956 1743 2212 1811 scriptum
2248 1753 2332 1798 est
2362 1744 2444 1810 “,
2481 1746 2576 1799 sed
2617 1746 2668 1800 iu
2717 1763 2816 1801 suo
2865 1752 3145 1818 sanguine.
3177 1751 3277 1807 Hic
3323 1762 3528 1817 autem,

288 1843 364 1907 ώς
395 1845 452 1896 ἐν
493 1844 692 1913 Ἡσαΐᾳ
742 1843 1073 1913 γέγραπται,
1129 1839 1244 1892 ἀλλ’
1281 1841 1338 1891 ὲν
1379 1837 1457 1908 τῷ
1508 1836 1702 1891 ἑαυτοῦ
1743 1838 1851 1908 (85)

1959 1849 2078 1886 cum
2114 1849 2220 1888 non
2257 1850 2496 1891 essemus
2531 1834 2749 1904 fratres,
2776 1839 2868 1894 sed
2893 1855 3134 1896 essemus
3160 1844 3363 1898 inimici
3396 1844 3523 1900 facti

289 1933 501 2003 αἵματι.
556 1925 722 1993 Οὗτος
770 1930 828 1982 δὲ
861 1930 982 1998 οὐχὶ
1025 1927 1285 1995 ἀδελφοὺς
1329 1928 1476 1997 ἡμᾶς
1517 1927 1696 1991 ὄντας,
1740 1927 1852 1980 ἀλλ’

288 2021 514 2091 ἐχθροὺς
546 2020 693 2089 ἡμᾶς
721 2017 1048 2087 γενομένους
1077 2017 1190 2078 τοῖς
1227 2013 1688 2086 παραπτώμασιν,
1732 2015 1854 2068 οὔτε

287 2113 568 2184 ἄνθρωπος
597 2112 749 2182 ψιλὸς
779 2110 873 2175 ὢν,
907 2107 1042 2162 ἀλλὰ
1066 2108 1216 2170 Θεὸς,
1256 2107 1392 2178 μετὰ
1418 2107 1518 2177 τὴν
1546 2105 1855 2177 ἐλευθερίαν

287 2206 354 2276 ἢν
384 2203 663 2276 χαρίζεται
691 2204 842 2274 ἡμῖν,
875 2202 969 2253 καὶ
1017 2199 1274 2266 ἀδελφοὺς
1304 2199 1449 2268 ἡμᾶς
1473 2195 1666 2250 ἐαυτοῦ
1694 2214 1858 2268 προσ-

285 2293 556 2365 αγορεύει.
611 2291 950 2362 Ἀπαγγελῶ
996 2291 1127 2361 γὰρ,
1185 2289 1338 2362 φησὶ,
1373 2289 1437 2343 τὸ
1485 2288 1671 2358 ὄνομα
1739 2303 1855 2342 σου

285 2386 410 2452 τοῖς
435 2383 716 2454 ἀδελφοῖς
737 2401 876 2453 μου.
908 2383 964 2436 '0
988 2380 1081 2436 οὖν
1107 2381 1522 2452 λυτρωσάμενος
1553 2381 1663 2452 (84)
1687 2382 1854 2452 ἡμᾶς,

286 2475 379 2530 ἐὰν
407 2475 504 2546 μὲν
535 2477 634 2547 τὴν
663 2473 824 2544 φύσιν
841 2470 1008 2526 αὐτοῦ
1041 2474 1270 2542 σκοπῇς,
1289 2471 1413 2525 οὔτε
1443 2471 1696 2538 ἁδελφὸς,
1733 2469 1855 2522 οὔτε

286 2566 601 2638 ἄνθρωπος·
637 2567 729 2618 ἐὰν
750 2564 807 2617 δὲ
849 2564 948 2636 τὴν
978 2565 1040 2616 ἐγ
1069 2564 1290 2635 χάριτος
1336 2561 1500 2616 αὑτοῦ
1535 2562 1668 2633 πρὸς
1711 2563 1858 2631 ἡμᾶς

293 2657 725 2724 συγκατάῶσιν,
779 2656 874 2710 καὶ
919 2654 1181 2724 ἀδελφοὺς
1225 2657 1372 2726 ἡμᾶς
1424 2654 1714 2723 ὀνομάζει,
1762 2654 1858 2706 καὶ

288 2751 425 2821 πρὸς
476 2749 568 2804 τὸν
616 2749 953 2820 ἀνθρώπινον
987 2748 1325 2811 καταϐαίνει,
1368 2747 1428 2810 ὃς
1464 2749 1547 2800 οὐ
1575 2744 1751 2798 δώσει
1780 2740 1859 2812 τῷ

290 2837 411 2904 Θεῷ
455 2839 756 2908 ἐξίλασμα
799 2837 1037 2901 ἑαυτοῦ,
1084 2837 1220 2891 ἀλλὰ
1268 2836 1362 2890 τοῦ
1393 2836 1598 2906 κόσμου
1634 2835 1853 2898 παντός.

288 2929 360 2980 Οὐ
389 2927 496 2998 γὰρ
537 2927 762 2998 ἱλασμοῦ
795 2928 986 2991 δεῖται,
1017 2925 1129 2980 ἀλλ’
1156 2927 1316 2989 αὐτός
1346 2927 1493 2978 ἐστιν
1527 2925 1852 2994 ἱλαστήριον.

294 3015 561 3080 Τοιοῦτος
585 3013 694 3085 γὰρ
724 3015 868 3084 ἡμῖν
893 3015 1151 3084 ἔπρεπεν
1172 3013 1482 3084 ἀρχιερεὺς
1502 3014 1690 3080 ὅσιος,
1716 3014 1860 3068 ἄκα-

287 3123 411 3172 κος,
445 3108 752 3177 ἀμίαντος,
787 3109 1226 3178 κεχωρισμένος
1267 3107 1386 3162 ἀπὸ
1431 3105 1550 3159 τῶν
1586 3107 1852 3176 ἁμαρτω-

1959 1923 2028 1976 ob
2056 1933 2298 1993 peccata,
2328 1939 2503 1993 neque
2544 1926 2657 1995 ipse
2691 1929 2851 1983 homo
2880 1931 3080 1994 nudus,
3107 1931 3205 1986 sed
3233 1933 3392 1995 Deus.
3413 1943 3534 2002 post

1959 2015 2260 2071 libertatem
2304 2031 2468 2085 quam
2527 2016 2682 2073 nobis
2721 2019 2966 2090 largitur,
3003 2022 3167 2077 etiam
3207 2040 3305 2079 nos
3338 2025 3532 2081 fratres

1958 2121 2085 2162 suos
2139 2108 2392 2176 appellat.
2445 2108 2693 2163 Narrabo
2725 2113 2883 2178 enim,
2928 2113 3120 2182 inquit,
3173 2133 3354 2170 nomen
3385 2129 3530 2171 tuum

1957 2199 2211 2267 fratribus
2231 2201 2358 2252 meis
2389 2201 2454 2252 ".
2473 2201 2659 2269 Itaque
2688 2203 2778 2270 qui
2807 2202 3032 2258 redemit
3061 2219 3179 2271 nos,
3207 2207 3252 2260 si
3281 2218 3529 2262 naturam
3619 2207 3630 2220 '

1957 2291 2172 2358 quidem
2211 2289 2376 2356 ipsius
2410 2293 2730 2361 perpendas,
2753 2307 2925 2361 neque
2953 2293 3140 2360 frater,
3165 2312 3342 2366 neque
3365 2299 3528 2354 homo

1957 2391 2036 2435 est
2071 2402 2082 2436 :
2113 2381 2158 2436 si
2189 2396 2315 2436 vero
2359 2382 2532 2451 ipsius
2581 2383 2649 2437 ad
2688 2398 2787 2438 nos
2830 2385 3213 2441 dcmissionem
3248 2402 3315 2442 ex
3355 2391 3531 2458 gratia

1958 2471 2174 2540 factam,
2205 2483 2259 2527 et
2299 2489 2396 2530 nos
2426 2474 2624 2530 fratres
2650 2477 2916 2540 nominat,
2955 2487 3012 2530 et
3045 2479 3110 2530 ad
3143 2479 3533 2535 humanitatem

1959 2564 2234 2617 descendit
2262 2567 2388 2632 :qui
2417 2563 2540 2619 Non
2569 2567 2714 2618 dabit
2750 2567 2854 2621 Deo
2876 2569 3220 2638 placationem
3248 2575 3529 2639 suam,sed

1960 2654 2122 2707 totius
2162 2653 2367 2709 mundi.
2397 2653 2511 2709 Non
2541 2656 2683 2708 enim
2712 2655 2913 2726 indiget
2946 2656 3268 2725 placatione,
3293 2661 3384 2714 sed
3415 2662 3530 2730 ipse

1959 2744 2268 2812 propitiatio
2318 2751 2419 2798 est.
2466 2743 2610 2799 Talis
2662 2749 2800 2799 enim
2847 2748 3060 2799 decebat
3114 2758 3170 2800 ut
3221 2759 3350 2802 esset
3385 2751 3531 2804 nobis

1957 2835 2190 2903 pontifex
2222 2850 2240 2886 .'
2269 2847 2504 2903 sanctus,
2539 2836 2785 2890 innocens
2811 2876 2826 2901 ,
2861 2837 3166 2904 impollutus
3187 2877 3203 2903 ,
3234 2851 3533 2908 segregatus

1958 2945 1989 2980 a
2034 2926 2410 2992 peccatoribus,
2447 2938 2494 2980 et
2528 2928 2785 2980 excelsior
2842 2929 2985 2981 caelis
3033 2929 3236 2998 factus;
3287 2932 3376 3001 qui
3429 2949 3534 2986 non

1957 3017 2108 3069 liabet
2149 3018 2506 3070 necessitatem
2531 3016 2799 3085 quotidie,
2830 3017 3264 3087 quemadmodum
3291 3021 3534 3073 sacerdo-

1960 3108 2216 3177 tes,prius
2247 3124 2340 3171 pro
2370 3108 2481 3160 suis
2521 3108 2722 3160 delictis
2753 3110 2950 3162 hostias
2984 3109 3194 3177 o/I'erre,
3226 3109 3414 3163 deinde
3435 3129 3532 3180 pro

284 3196 428 3265 λῶν,
457 3198 555 3251 καὶ
585 3201 962 3267 ὑψηλότερος
983 3199 1099 3253 τῶν
1123 3197 1393 3268 οὐρανῶν
1421 3200 1758 3268 γενόμενος’
1785 3197 1853 3263 ὃς

1959 3198 2130 3267 populi
2167 3199 2477 3267 ignorantiis
2498 3193 2564 3251 ⁵³.
2595 3199 2786 3253 Postea
2841 3200 2967 3254 dicit
2997 3201 3168 3270 (νειιε.
3211 3203 3264 3270 9)
3293 3219 3307 3256 :
3340 3199 3409 3255 Et
3448 3205 3533 3257 la-

283 3289 395 3342 οὺκ
441 3289 564 3358 ἔχει
593 3292 719 3343 καθ’
742 3290 970 3358 ἡμέραν
1012 3291 1303 3360 ἀνάγκην,
1337 3290 1540 3358 ὥσπερ
1573 3293 1626 3344 οἰ
1656 3291 1850 3359 ἀρχιε-

283 3380 426 3446 ρεῖς,
455 3382 744 3449 πρότερον
772 3382 924 3450 ὑπὲρ
950 3381 1070 3437 τῶν
1099 3383 1262 3436 ἰδίων
1281 3381 1578 3452 ἁμαρτιῶν
1595 3381 1853 3450 προσφέ-

282 3489 409 3538 ρειν
452 3474 685 3539 θυσίας,
721 3473 925 3528 ἔπειτα
972 3473 1088 3527 τῶν
1124 3473 1228 3528 τοῦ
1261 3474 1412 3529 λαοῦ
1443 3472 1848 3542 ἀγνοημάτων.

285 3565 416 3618 Εἶτά
440 3581 590 3635 φησι·
615 3566 724 3620 Καὶ
749 3567 1075 3621 ἐκοπίασεν
1092 3568 1178 3632 εἰς
1211 3567 1316 3619 τὸν
1344 3565 1550 3631 αἰῶνα,
1572 3565 1669 3618 καὶ
1692 3563 1853 3631 ζήσε-

1956 3283 2233 3342 ὺοταυὶίίη
2266 3299 2536 3354 αἰενηιιηι,
2570 3289 2742 3360 (νεεδ.
2769 3289 2855 3361 10)
2885 3302 2932 3343 et
2966 3293 3094 3346 vivet
3117 3294 3173 3346 in
3196 3294 3377 3361 finem.
3408 3295 3531 3364 Ipsa

1957 3396 2050 3449 per
2079 3396 2138 3436 se
2166 3382 2296 3446 vita,
2333 3382 2447 3452 ipsa
2472 3383 2645 3436 virtus
2667 3424 2681 3447 ,
2706 3391 2760 3436 et
2789 3383 3057 3439 indefessa
3095 3395 3288 3438 natura
3316 3386 3532 3441 labora-

1961 3472 2111 3526 vitin
2155 3472 2255 3527 hoc
2287 3472 2506 3537 saeculo,
2547 3475 2762 3542 quando
2793 3472 3072 3545 Fatigatae
3112 3492 3177 3530 ex
3205 3477 3408 3542 itinere,
3451 3495 3523 3533 se-

1958 3563 2108 3616 debat
2141 3580 2301 3631 supra
2325 3565 2523 3632 fontem
2555 3563 2623 3617 ⁵⁸.

284 3672 376 3707 ται
399 3657 484 3721 εἰς
518 3655 710 3722 τέλος.
755 3658 819 3710 Ἦ
858 3658 1189 3729 αὑτοζωὴ,ή
1253 3658 1500 3728 δύναμις,
1559 3660 1591 3727 ἡ
1625 3657 1905 3728 ἀκάματος
1943 3654 2124 3725 φύσις,
2162 3656 2454 3709 ἐκοπίασεν
2505 3657 2562 3709 ἐν
2591 3656 2670 3728 τῷ
2707 3656 2864 3710 αἰῶνι
2920 3658 3113 3728 τούτῳ,
3152 3659 3315 3728 ἡνίκα
3342 3663 3531 3714 Κεκο-
3569 3655 3578 3670 ’

283 3745 507 3811 πιακὼς
529 3747 597 3799 ἐκ
622 3745 729 3814 τῆς
759 3747 1098 3816 ὁδοιπορίας
1133 3747 1434 3808 ἐκαθέζετο
1460 3747 1558 3800 ἐπὶ
1590 3746 1700 3814 τῆς
1725 3746 1943 3815 πηγῆς.

353 3837 404 3891 ὅ.
443 3841 538 3904 Ὃς
558 3841 667 3893 οὐκ
688 3840 1306 3911 ὅψεταικαταφθορὰν,
1337 3842 1482 3895 ὅταν
1506 3841 1602 3910 ἴδῃ
1621 3841 1850 3910 σοφοὺς

281 3931 783 4000 ἀποθνήσκοντας
816 3935 897 4003 (οὐ
942 3933 1102 3988 δώσει
1141 3934 1250 4005 γὰρ
1296 3934 1388 3986 τὸν
1431 3935 1575 3986 ὅσιον
1622 3932 1784 3986 αὑτοῦ
1821 3935 1848 3985 ὁ

285 4020 470 4092 Πατὴρ
505 4022 636 4074 ἰδεῖν
676 4021 1014 4095 διαφθορὰν),
1047 4023 1176 4076 ὅταν
1205 4023 1254 4074 οἱ
1276 4022 1375 4092 τὴν
1400 4022 1848 4094 καταργουμένην

287 4111 472 4179 σοφίαν
518 4113 806 4182 αὐχοῦντες
843 4113 1278 4184 ἀποθνήσκωσιν.
1331 4113 1394 4164 Εἰ
1436 4113 1492 4165 δὲ
1534 4113 1710 4183 βούλει
1758 4113 1850 4165 καὶ

283 4200 374 4251 ἐπὶ
403 4201 701 4270 ἀνθρώπων
725 4203 946 4256 δικαίων
963 4202 1145 4255 λαϐεῖν
1165 4201 1232 4255 τὰ
1257 4201 1542 4273 εἰρημένα,
1578 4201 1846 4271 μνήσθητι

282 4293 376 4347 τοῦ
421 4293 542 4345 Ἰὼϐ
562 4294 825 4361 λέγοντος
854 4297 1196 4363 Ἀνθρωπος
1214 4291 1494 4363 γεννᾶται
1521 4294 1686 4355 κόπῳ
1704 4309 1716 4321 ·
1755 4292 1847 4344 καὶ

2024 3841 2076 3896 5.
2109 3841 2270 3897 Vsus.
2309 3842 2397 3896 11.
2427 3842 2530 3907 Qui
2562 3860 2665 3896 non
2695 3843 2883 3897 videbit
2910 3844 3178 3897 interitum
3200 3883 3214 3909 ,
3245 3861 3366 3898 cum
3391 3847 3532 3901 vide-

1953 3934 2022 3985 rit
2051 3934 2312 4002 sapientes
2358 3936 2636 3987 morientes
2681 3934 2809 4003 (non
2858 3933 3011 3990 dabit.
3053 3935 3195 3987 enim
3248 3933 3426 4000 Pater,
3464 3947 3524 3988 ut

1952 4030 2172 4074 sanctus
2210 4034 2340 4074 suus
2370 4022 2551 4075 videat
2580 4022 2983 4090 corruptionem
3004 4022 3096 4090 ⁸⁵),
3117 4033 3228 4076 tum
3264 4039 3384 4078 cum
3411 4041 3527 4081 mo-

1953 4115 2163 4170 rientur
2209 4115 2300 4184 qui
2350 4113 2667 4183 sapientiam
2723 4114 3060 4168 desinentem
3101 4114 3332 4183 jactant.
3367 4117 3520 4184 Quod

1952 4208 1996 4260 si
2031 4207 2193 4261 etiam
2219 4209 2283 4260 de
2309 4207 2468 4276 justis
2497 4220 2712 4274 quoque
2745 4206 3052 4260 hominibus
3083 4207 3199 4261 haec
3236 4211 3396 4262 verba
3430 4228 3523 4265 ac-

1952 4299 2134 4366 cipere
2179 4297 2434 4358 volueris,
2489 4297 2840 4350 reminiscere
2885 4295 2986 4351 Job
3037 4297 3315 4352 dicentis:
3353 4299 3525 4354 Homo

285 4385 447 4440 πάλιν
489 4385 584 4438 τοῦ
635 4387 953 4440 Ἀποστόλου
978 4426 992 4450 ,
1042 4389 1123 4440 ὅτι
1169 4388 1608 4455 Περισσότερον
1651 4383 1847 4438 αὐτῶν

1959 4390 2184 4443 nascitur
2230 4388 2298 4440 ad
2350 4387 2652 4439 laborem"
2681 4403 2695 4451 ;
2729 4396 2783 4440 et
2825 4403 3011 4442 rursus
3040 4387 3278 4457 Apostoli
3308 4407 3320 4442 :
3349 4390 3523 4443 Abun-

284 4476 522 4530 πάντων
544 4476 837 4530 ἐκοπίασα
859 4495 872 4506 ·
903 4479 996 4529 καὶ
1017 4477 1098 4543 τὸ,
1136 4477 1236 4531 Ἑν
1265 4479 1474 4542 κόποις
1499 4475 1850 4544 περισσοτέ-

278 4583 418 4633 ρως.
467 4565 524 4620 '0
573 4563 665 4620 οὖν
710 4569 977 4630 κοπιάσας
1020 4571 1078 4622 ἐν
1129 4569 1206 4640 τῷ
1249 4569 1404 4623 αἰῶνι
1449 4570 1644 4640 τούτῳ,
1692 4561 1849 4634 οὗτος

285 4656 504 4727 ζήσεται
536 4659 617 4720 εἰς
656 4658 836 4721 τέλος·
868 4660 895 4711 ὁ
919 4658 976 4710 δὲ
1010 4660 1066 4712 ἐν
1095 4661 1272 4731 τρυφῇ
1302 4659 1397 4713 καὶ
1435 4661 1587 4733 πάσῃ
1634 4660 1848 4714 ἐκλύσει

283 4748 520 4814 διάγων,
558 4749 647 4802 διὰ
687 4751 748 4802 τὸ
787 4750 1129 4822 ἁϐροδίαιτον
1179 4751 1466 4824 πορφύραν
1510 4755 1605 4807 καὶ
1653 4753 1850 4823 βύσσον

284 4839 616 4910 ἐνδυόμενος,
632 4841 724 4894 καὶ
741 4842 1161 4914 εὐφραινόμενος
1181 4841 1300 4896 καθ’
1324 4842 1538 4915 ἡμέραν
1555 4842 1848 4916 λαμπρῶς,

284 4931 378 4984 καὶ
407 4931 622 5000 φεύγων
659 4934 784 4998 τοὺς
833 4934 973 5005 ὑπὲρ
1007 4933 1108 5004 τῆς
1149 4933 1352 5005 ἀρετῆς
1380 4934 1682 5006 καμάτους,
1725 4933 1849 4987 οὔτε

283 5021 570 5074 ἐκοπίασεν
607 5024 666 5075 ἐν
695 5022 774 5094 τῷ
815 5023 969 5077 αἰῶνι
1010 5023 1220 5094 τούτῳ,
1264 5023 1388 5077 οὔτε
1424 5023 1650 5095 ζήσεται
1682 5026 1740 5077 ἐν
1771 5025 1849 5095 τῷ

285 5113 549 5182 μέλλοντι,
592 5112 726 5168 ἀλλὰ
761 5115 976 5186 μακρὰν
1008 5115 1197 5184 ἅψεται
1229 5116 1330 5187 τὴν
1362 5115 1526 5187 ζωὴν,
1565 5114 1850 5185 βασανιζό-

287 5223 444 5274 μενος
468 5207 526 5259 ἐν
570 5209 637 5278 τῇ
681 5206 840 5276 φλογί⁷
866 5208 965 5279 τῆς
1001 5209 1254 5280 καμίνου.
1302 5209 1360 5262 '0
1393 5208 1449 5261 δέ
1481 5208 1698 5279 μυρίοις
1736 5209 1851 5270 τοῖς

1952 4481 2162 4532 dantius
2187 4478 2290 4530 illis
2334 4475 2571 4529 omnibus
2596 4474 2919 4541 laboravi";
2955 4476 3083 4531 item
3121 4491 3138 4529 :
3172 4477 3522 4532 Inlaboribus

1951 4571 2306 4622 abundantius
2329 4569 2396 4621 ⁸⁸.
2424 4568 2523 4634 Qui
2562 4567 2728 4638 igitur
2770 4567 2823 4621 in
2851 4567 2955 4620 hoc
2981 4569 3180 4622 saeculo
3225 4568 3510 4634 laboravit,

1953 4659 2040 4713 hic
2080 4661 2224 4714 vivet
2261 4659 2315 4712 in
2382 4659 2540 4712 linem
2581 4659 2717 4727 :qui
2753 4672 2881 4711 vero
2935 4659 2986 4712 in
3030 4658 3234 4715 deliciis
3281 4675 3345 4715 ac
3373 4663 3521 4716 omni

1954 4749 2366 4816 intemperantia
2404 4749 2577 4818 degit,
2609 4749 2678 4803 ob
2729 4748 3006 4803 mollitiem
3055 4749 3280 4805 indutus
3319 4767 3522 4820 purpu-

1955 4858 2072 4897 ram
2100 4851 2154 4895 et
2197 4842 2439 4910 hyssum,
2475 4850 2530 4895 et
2572 4841 2794 4909 epulans
2832 4841 3072 4908 quotidie
3117 4841 3395 4910 splendide
3424 4843 3469 4876 "
3501 4860 3517 4898 :

1957 4930 2276 4999 laboresque
2305 4931 2374 4984 ob
2413 4930 2668 4984 virtutem
2704 4927 3054 4998 perferendos
3093 4929 3323 4999 fugiens,
3355 4931 3401 4987 is
3429 4947 3524 4986 ne-

1953 5036 2057 5092 que
2083 5023 2134 5074 in
2169 5024 2267 5076 hoc
2299 5022 2496 5075 saeculo
2531 5022 2816 5087 laboravit,
2841 5036 3010 5090 neque
3045 5022 3186 5076 vivet
3213 5022 3263 5076 iu
3302 5022 3518 5078 futuro:

1954 5109 2046 5163 sed
2076 5108 2286 5162 eminus
2330 5109 2494 5162 vitam
2531 5109 2752 5175 videbit,
2808 5109 2862 5162 in
2902 5110 3097 5162 camini
3138 5109 3352 5164 [Iantma
3397 5128 3522 5166 cru-

1955 5199 2149 5253 ciatus.
2180 5197 2280 5264 Qui
2314 5215 2440 5254 vero
2494 5201 2792 5256 innumeris
2843 5202 3230 5258 certaminibus
3278 5220 3374 5274 pro
3409 5210 3520 5260 vir-

355 5359 820 5421 ιοιοοιι.νι,20.
896 5359 1370 5423 '°lPetr.n,22.
1447 5360 1817 5421 "Isa.Lll,5.
1890 5349 2354 5426 "Psal-xglﬁ,
2432 5351 3020 5426 “’quLr.VI_I_.26.27.
3096 5351 3326 5426 l’f_~loam.
3355 5370 3428 5426 ιν,
3465 5359 3516 5412 6.

283 5432 328 5463 ⁵⁸
357 5429 502 5485 Psal.
529 5446 621 5497 xv,
644 5431 897 5500 £0;Act.
920 5431 1099 5500 ",27.
1171 5434 1217 5464 ⁸⁸
1242 5421 1342 5486 Job
1376 5445 1430 5499 v,
1461 5431 1512 5485 '7.
1589 5430 1676 5483 ⁵⁷1
1717 5429 1845 5484 Cor.

1959 5465 1972 5490 ,
1999 5422 2080 5475 10.
2160 5421 2206 5452 ⁸⁸
2233 5421 2276 5474 II
2303 5423 2429 5477 Cor.
2460 5436 2538 5487 ιι,
2569 5422 2658 5475 35.
2736 5423 2780 5454 "
2811 5422 2943 5478 Luc.
2973 5438 3083 5488 XVI,
3117 5424 3203 5477 19.

281 5542 524 5614 θρώπων
570 5543 719 5598 deest
774 5544 828 5598 in
861 5542 1067 5614 majori
1115 5553 1268 5614 parte
1313 5557 1446 5598 mss.
1488 5541 1609 5596 Mox
1642 5549 1845 5611 septem

282 5613 414 5666 mss.
443 5613 826 5736 πολυτίμᾶιτον.
859 5613 1001 5668 Editi
1035 5613 1352 5682 πολύτιμον.

354 5684 465 5736 (8|)
525 5685 644 5736 Οὺκ
704 5688 991 5736 νθοωπος.
1037 5683 1161 5736 Νοη
1220 5686 1352 5736 ltonu

354 5684 465 5752 (81)
525 5680 991 5751 Οὺθιᾶνθρωπος,
1037 5683 1161 5737 Νοη
1220 5680 1396 5737 Ιιοηιο.
1452 5680 1563 5736 Hoc
1596 5689 1700 5745 est,
1745 5695 1847 5732 non

282 5751 432 5806 homo
462 5753 699 5824 simplex,
729 5754 818 5806 sed
847 5752 984 5807 Deus
1019 5754 1192 5807 homo.

2026 5534 2134 5607 (82)
2163 5535 2344 5590 Editio
2388 5534 2555 5607 Basili
2581 5551 2703 5589 cum
2749 5551 2878 5591 mss.
2906 5536 3098 5606 χρείαν
3142 5537 3317 5607 ἔσχεν,
3347 5539 3516 5598 Editiu

1953 5604 2279 5676 vereParis.
2311 5605 2499 5676 χρείαν
2533 5604 2690 5675 ἔχων.
2716 5674 2745 5676 ὦ
2772 5675 2780 5676 7
2839 5674 2846 5676 _
2908 5604 2916 5606 ἡ
2949 5604 2958 5606 “
3205 5604 3237 5607 ”
3524 5623 3540 5651 κ

2024 5675 2136 5748 (ἐξῆ)
2164 5674 2516 5748 [tarquinun
2545 5674 2674 5748 mss.
2712 5674 2850 5748 Editi
2885 5690 3010 5731 vero
3039 5677 3096 5732 ἐν
3121 5677 3199 5748 τῷ
3225 5678 3407 5733 αὑτοῦ.

2029 5739 2327 5816 (84)(10151.
2361 5739 2439 5798 '0'
2456 5739 2550 5799 οὖν
2581 5744 2962 5815 λυτρούμενος.
