4016 6220
437 342 545 397 443

1780 330 1836 386 s.
1878 299 2121 384 BASlLll
2158 328 2378 381 mum

3598 332 3703 386 ιιι

440 463 554 511 tute
581 451 876 516 desudarit,
906 451 1064 522 182
1101 450 1302 521 quique
1329 489 1344 515 ,
1379 457 1439 504 ut
1470 464 1590 504 eam
1621 457 2021 518 assequeretur,

2139 444 2267 514 5πὲρ
2315 443 2415 513 τῆς
2460 442 2662 515 ἀρετῆς
2692 442 2898 512 ἀγῶσιν
2943 442 3260 516 ὲνιδρώσας,
3296 444 3390 498 καὶ
3419 445 3562 516 ὑπὲρ
3604 447 3704 499 τοῦ

442 545 719 601 laboribus
767 544 1011 613 pluribus
1046 550 1289 597 tentatus
1338 540 1537 607 fuerit,
1569 540 1816 596 victurus
1854 549 1937 593 est
1967 538 2020 591 in

2139 536 2411 589 ὶναλαδείν
2433 535 2600 607 αὐτὴν
2638 537 2696 588 ὲν
2720 535 2909 599 κόποις
2937 535 3341 607 περισσοτέρως
3365 536 3699 603 ἐξετασθείς,

443 636 628 701 linem,
652 635 801 691 velut
843 634 933 689 ille
965 635 1078 702 ipse
1102 635 1196 703 qui
1244 632 1471 686 multum
1505 631 1768 686 laboravit
1800 629 1852 683 in
1890 627 2024 681 allii-

440 729 712 796 ctionibus
732 727 974 781 Lazarus
994 727 1075 785 ⁸ος
1102 724 1247 779 velut
1272 724 1361 778 ille
1384 724 1499 794 ipse
1519 723 1607 790 qui
1643 723 1696 776 in
1718 723 2026 777 certamini-

445 819 545 871 bus
566 826 753 871 contra
778 814 1149 870 adversarium
1184 812 1430 867 defessus
1457 821 1537 866 est
1556 810 1740 865 Jobus.
1762 810 1846 864 Ibi
1861 811 2024 876 enim,

447 909 638 977 inquit,
664 909 1018 976 requievertmt
1047 906 1171 974 fessi
1190 905 1256 961 “.
1281 904 1620 973 Quapropter
1644 903 1808 958 etiam
1846 903 2028 957 Domi-

448 1004 657 1069 nus‘eos
678 1001 768 1069 qui
795 1000 1044 1053 laborant
1072 1013 1135 1052 ac
1168 997 1376 1052 onerati
1419 1008 1566 1063 sunt,
1585 997 1651 1049 ad
1680 996 1923 1063 requiem
1945 994 2028 1048 in-

445 1093 581 1147 vitat
609 1093 676 1147 “.
697 1092 983 1158 Quomodo
1030 1091 1196 1158 igitur
1224 1089 1313 1157 qui
1348 1090 1399 1141 in
1426 1089 1580 1143 bonis
1596 1087 1851 1157 operibus
1880 1086 2029 1141 labo-

449 1197 592 1249 rant,
614 1184 869 1240 dicuntur
886 1184 1096 1239 onerati
1119 1183 1143 1237 ἲ
1169 1181 1304 1249 Quia
1324 1179 1521 1235 Euntes
1552 1181 1700 1234 ibant
1725 1191 1772 1233 et
1807 1180 2026 1249 ﬂebant,

456 1280 715 1332 mittentes
759 1278 958 1330 semina
986 1292 1085 1329 sua
1117 1288 1135 1327 :
1161 1275 1421 1329 venientes
1450 1281 1625 1326 autem
1672 1272 1874 1325 venient
1911 1285 2029 1324 cum

447 1367 818 1434 multatione,
835 1376 1104 1435 portantes
1122 1364 1418 1435 manipulos
1435 1379 1556 1417 suos
1572 1363 1617 1395 “
1634 1362 1899 1417 fructibus
1924 1363 2031 1431 ple-

452 1476 570 1524 nos,
595 1460 687 1529 qui
729 1474 826 1528 pro
870 1458 1077 1512 ratione
1122 1472 1308 1513 eorum
1347 1471 1467 1526 quae
1513 1466 1629 1510 sata
1666 1455 1845 1518 luere,
1889 1452 2021 1520 ipsis

454 1554 646 1609 redditi
675 1560 817 1607 sunt.
837 1551 1055 1606 Onerati
1076 1550 1255 1619 itaque
1270 1549 1547 1613 dicuntur,
1565 1545 1679 1614 qui,
1699 1544 1841 1613 quod
1861 1542 2028 1597 semi-

453 1644 716 1701 naruntin
736 1642 1223 1707 benedictionibus,
1243 1641 1309 1696 de
1333 1637 1800 1696 benedimionibus
1829 1644 1884 1688 et
1915 1647 2032 1686 mc-

2123 620 2280 691 οὖτός
2308 629 2455 681 ἐστιν
2490 630 2519 681 6
2557 626 2745 698 ζήσειν
2792 628 3002 698 μέλλων
3034 628 3114 691 εἰς
3142 628 3328 691 τέλος,
3366 628 3441 693 ὡς
3468 630 3498 682 6
3528 628 3701 683 πολλά

2124 719 2396 783 κοπιάσας
2414 722 2470 772 ὲν
2500 718 2712 789 θλίψεσι
2744 718 3024 791 Λάζαρος·
3048 719 3125 783 ὡς
3150 721 3178 772 6
3205 720 3515 783 κατάκοπος
3545 720 3705 788 γενό-

2128 828 2289 881 μενος
2311 811 2368 865 ὲν
2397 813 2510 875 τοῖς
2541 813 2678 884 πρὸς
2706 812 2800 865 τὸν
2829 812 3069 865 ἐναντίον
3094 811 3302 881 ἀγῶσιν
3337 811 3478 866 Ἰώδ·
3526 812 3699 876 Ἐκεῖ,

2126 902 2256 972 γὰρ,
2284 904 2437 972 φησί,
2465 902 2789 958 κατάκοποι
2809 903 3368 980 ἀνεπαύσαντο.ιΔιδ
3398 906 3493 958 καὶ
3518 905 3547 957 6
3584 903 3702 957 Κύ-

2130 1010 2244 1065 ριος
2268 995 2424 1048 καλεί
2458 994 2568 1065 (85)
2612 996 2748 1068 πρὸς
2776 996 2873 1068 τὴν
2903 997 3210 1052 ἀνάπαυσιν
3239 997 3366 1060 τοὺς
3395 996 3702 1060 κοπιῶντας

2128 1089 2223 1141 καὶ
2248 1089 2732 1159 πεφορτισμένους.
2761 1088 2888 1153 Πῶς
2915 1086 3008 1144 οὖν
3036 1090 3085 1142 οἱ
3117 1088 3417 1153 κοπιῶντες
3432 1090 3489 1142 ἐν
3519 1089 3707 1161 ἔργοις

2130 1178 2354 1247 ἀγαθοῖς
2382 1180 2801 1252 πεφορτισμένοι
2838 1180 3122 1250 λέγονται;
3158 1182 3281 1235 ’Ὁτι
3310 1181 3705 1249 Πορευόμενοι

2129 1271 2488 1340 ἐπορεύοντο
2516 1274 2613 1327 καί
2634 1274 2899 1337 ἔκλαιον,
2919 1274 3260 1340 ,βάλλοντες
3295 1273 3367 1327 τὰ
3397 1276 3707 1342 σπέρματα

2130 1362 2347 1417 αὐτᾶν
2361 1364 2670 1434 ἐρχόμενοι
2683 1364 2752 1419 δὲ
2768 1365 3029 1433 ἥξουσιν
3040 1365 3111 1418 ἐν
3124 1363 3501 1434 ἀγαλλιάσει,
3516 1364 3710 1431 αἴρον-

2132 1472 2231 1522 τες
2284 1456 2358 1510 τὰ
2411 1456 2720 1528 δράγματα
2766 1457 2966 1513 αὐτῶν
3012 1456 3418 1529 πεπληρωμένα
3453 1454 3703 1525 καρπῶν,

2133 1548 2242 1602 τῶν
2261 1548 2404 1602 κατὰ
2418 1549 2517 1621 τὴν
2537 1549 2830 1618 ἀναλογίαν
2848 1552 3027 1621 ὲσπαρ
3035 1549 3210 1620 μένων
3225 1547 3595 1602 ἀποδοθέντων
3613 1547 3711 1600 αὖ·

2132 1639 2263 1701 τοῖς.
2294 1639 2721 1710 Πεφορτισμένοι
2754 1634 2847 1693 οὖν
2881 1638 3129 1707 λέγονται
3159 1639 3209 1691 οἰ
3231 1678 3246 1702 ,
3282 1637 3372 1691 διά
3397 1638 3459 1692 τὺ
3489 1640 3709 1709 σπεῖραι

455 1735 651 1799 lunt“,
669 1743 866 1789 etcum
887 1733 1070 1788 laetitia
1097 1732 1422 1802 sempiterna
1453 1725 1756 1795 manipulos
1780 1723 2034 1803 spiritua-

2139 1730 2221 1782 ἐπ’
2250 1729 2544 1798 εὐλογίαις,
2581 1732 2668 1784 ἐπ’
2692 1731 2964 1800 εὐλογίαις
2980 1732 3075 1784 καί.
3103 1729 3411 1802 θερίζοντες
3439 1729 3576 1801 (86),
3616 1731 3712 1782 καὶ

456 1828 584 1881 lium
620 1826 893 1881 fructuum
929 1825 1031 1880 sibi
1055 1824 1187 1894 ipsis
1215 1829 1501 1891 reponunt.
1524 1817 1625 1885 Qui
1657 1831 1788 1887 ergo
1820 1816 2031 1870 redem-

457 1927 582 1987 ptus
603 1927 685 1971 est
713 1930 811 1984 per
835 1915 1028 1980 Deum,
1054 1914 1144 1982 qui
1174 1927 1272 1982 pro
1304 1925 1370 1966 eo
1405 1910 1554 1965 dedit
1579 1909 1959 1976 placationem,
1990 1906 2034 1959 is

465 2008 682 2077 quidem
736 2007 789 2061 in
815 2006 920 2061 hoc
950 2004 1147 2061 saeculo
1174 2001 1470 2065 laboravit,
1516 2009 1700 2069 postea
1734 2012 1862 2052 vero
1892 1996 2035 2049 vivet

469 2099 523 2153 in
547 2098 729 2152 linem.
750 2095 847 2150 llic
876 2096 1039 2150 etiam
1067 2093 1191 2147 Non
1223 2092 1412 2146 videbit
1442 2089 1729 2153 interitum,
1749 2103 1865 2140 cum
1890 2085 2036 2138 vide-

459 2192 527 2245 rit
548 2192 803 2259 sapientes
831 2188 1126 2242 morientes.
1154 2185 1259 2252 Qui
1303 2190 1587 2253 angustam
1614 2191 1670 2237 et
1700 2180 2032 2235 laboriosam

454 2285 623 2336 vitam
653 2296 761 2350 prae
791 2278 949 2349 plana
989 2292 1054 2332 ac
1094 2275 1241 2331 molli
1272 2273 1597 2346 elegerit,in
1633 2283 1875 2341 tempore
1908 2269 2038 2323 visi-

461 2372 678 2429 tationis
721 2371 850 2434 Dei,
879 2384 1003 2424 cum
1039 2367 1376 2423 abducentur
1403 2369 1470 2419 ad
1511 2374 1770 2418 aeternam
1820 2378 2034 2432 penam

464 2466 499 2519 ii
532 2464 651 2535 qui,
689 2473 749 2517 ut
779 2477 885 2517 non
916 2460 1264 2516 crediderunt
1287 2458 1467 2514 verbis
1505 2456 1625 2524 Dei,
1663 2458 1736 2511 ita
1763 2466 1882 2526 post
1912 2455 2037 2509 vani

460 2557 541 2612 sui
575 2554 753 2612 cordis
783 2553 1045 2610 desideria
1090 2550 1528 2614 ambulaverunt,
1557 2547 1648 2603 hic
1699 2562 1805 2602 non
1838 2546 2040 2600 videbit

458 2658 715 2705 aeternum
748 2648 1056 2709 interitum,
1085 2643 1429 2698 alllictionem
1463 2640 1710 2696 videlicet
1744 2640 1888 2693 illam
1920 2654 2041 2707 per-

461 2750 619 2810 petuo
639 2740 970 2795 duraturam.
1007 2736 1293 2805 Sapientes
1329 2744 1507 2788 autem
1532 2733 1661 2787 dicit
1699 2742 1790 2785 aut
1816 2733 1867 2783 in
1894 2742 2040 2784 astu-

463 2833 535 2885 tia
563 2829 909 2892 exercitatos,
938 2828 1004 2883 de
1044 2827 1242 2896 quibus
1285 2826 1362 2880 ait
1407 2824 1675 2879 Jeremias
1707 2840 1722 2877 :
1766 2822 2040 2891 Sapientes

460 2932 602 2990 sunt,
622 2931 677 2974 ut
702 2920 899 2990 faciant
929 2919 1093 2982 mala,
1124 2917 1248 2971 bene
1281 2927 1457 2970 autem
1489 2915 1663 2983 facere
1690 2917 1926 2968 nesciunt
1952 2913 1998 2945 ⁸⁸
2021 2929 2037 2967 :

368 3044 371 3047 π
464 3024 559 3069 aut
585 3013 855 3082 sapientes
884 3010 1015 3064 dicit
1042 3009 1208 3063 etiam
1238 3007 1578 3076 pereuntium
1604 3006 1906 3076 principum
1940 3007 2035 3059 lin-

2139 1821 2256 1893 μετ’
2281 1822 2619 1894 εὐφροσύνης
2647 1825 2869 1877 αἰωνίου
2900 1822 2970 1877 τά
3002 1823 3112 1878 τῶν
3146 1822 3533 1894 πνευματικῶν
3578 1837 3716 1893 καρ-

2137 1915 2253 1967 πῶν
2280 1916 2492 1980 ἑαυτοῖς
2521 1916 2920 1987 ὲπαναθέμενοι
2948 1916 3259 1988 δράγματα.
3300 1916 3359 1969 Ὀ
3382 1910 3475 1968 οὖν
3505 1914 3718 1986 λυτρω-

2136 2004 2250 2070 θείς
2276 2006 2365 2060 διὰ
2410 2007 2504 2061 τοῦ
2553 2007 2846 2072 δεδωκότος
2878 2008 3013 2062 Θεοῦ
3048 2008 3188 2080 ὑπὲρ
3215 2005 3378 2062 αὑτοῦ
3425 2005 3711 2076 ὲξίλασμα,

2135 2091 2291 2160 οὗτος
2326 2098 2585 2152 ἐκοπίασε
2636 2100 2733 2170 μὲν
2782 2101 2860 2163 εἰς
2892 2099 2983 2153 τὸν
3010 2099 3181 2153 αἰῶνα
3223 2099 3436 2163 τοῦτον,
3468 2097 3611 2170 μετά
3659 2097 3716 2150 δὲ

2135 2189 2311 2244 ταῦτα
2342 2191 2566 2262 ζήσεται
2593 2193 2673 2255 είς
2696 2191 2868 2255 τέλος.
2899 2186 3068 2255 Οὗτος
3103 2191 3197 2245 καὶ
3222 2193 3344 2245 Οὐκ
3373 2190 3583 2260 ὄψεται
3616 2205 3719 2241 και

2138 2282 2462 2351 ταφθορὰν,
2497 2281 2644 2336 ὅταν
2690 2282 2788 2351 ἴδῃ
2835 2283 3068 2351 σοφοὺς
3098 2280 3623 2351 ἀποθνήσκοντας.
3662 2278 3720 2331 '0

2136 2376 2233 2446 τὴν
2264 2374 2454 2445 στενὴν
2474 2375 2568 2429 καί
2598 2374 2830 2444 ἔγκοπον
2860 2375 2978 2428 ὁδὸν
3012 2374 3116 2446 πρὸ
3139 2376 3239 2445 τῆς
3264 2373 3414 2437 λείας
3449 2372 3545 2426 καὶ
3572 2373 3723 2424 ἀνει-

2141 2468 2309 2539 μένης
2342 2465 2719 2536 ἐκλεξάμενος,
2757 2468 2813 2519 ὲν
2849 2465 2926 2537 τῷ
2958 2465 3137 2538 καιρῷ
3157 2467 3255 2537 τῆς
3283 2464 3592 2533 ἐπισκοπῆς
3621 2461 3718 2515 τοῦ

2138 2556 2296 2621 Θεοῦ,
2330 2555 2695 2626 ἀπαγομένων
2721 2557 2802 2619 είς
2839 2555 2937 2627 τὴν
2965 2554 3187 2609 αἰωνίαν
3215 2554 3436 2608 κόλασιν
3462 2553 3570 2606 τῶν
3599 2553 3725 2606 ἀπι-

2143 2650 2455 2720 στησάντων
2490 2648 2590 2719 μὲν
2634 2652 2749 2713 τοῖς
2795 2649 2974 2717 λόγοις
3005 2648 3099 2702 τοῦ
3132 2648 3267 2702 Θεοῦ
3289 2689 3304 2713 ,
3345 2648 3725 2720 πορευθέντων

2139 2740 2196 2792 δὲ
2222 2738 2398 2791 ὀπίσω
2424 2736 2530 2790 τῶν
2564 2736 2885 2809 θελημάτων
2904 2737 3004 2809 τῆς
3032 2738 3259 2810 καρδίας
3280 2737 3456 2791 αὐτῶν
3485 2736 3589 2808 τῆς
3621 2754 3725 2808 μα-

2140 2832 2300 2894 ταίας
2321 2830 2457 2904 (87),
2489 2824 2643 2893 οὗτος
2658 2829 2755 2902 τὴν
2782 2830 2998 2885 αἰώνιον
3026 2829 3395 2903 καταφθορὰν,
3425 2830 3525 2901 τὴν
3550 2832 3632 2894 εἰς
3665 2830 3724 2882 τὸ

2147 2922 2397 2993 διηνεκὲς
2442 2921 2814 2975 κακοπάθειαν
2852 2922 2952 2975 οὐκ
2992 2921 3201 2991 ὄψεται.
3246 2921 3449 2990 Σοφοὺς
3479 2920 3537 2974 δὲ
3569 2920 3724 2990 λέγει

2142 3016 2261 3087 ἤτοι
2282 3016 2408 3079 τοὺς
2429 3015 2634 3078 δεινοὺς
2663 3016 2721 3066 ὲν
2752 3014 3081 3087 πανουργίᾳ,
3109 3014 3239 3087 περὶ
3281 3006 3356 3067 ὧν
3392 3030 3527 3085 φησι
3561 3013 3725 3086 Ἰερε-

456 3104 545 3173 jus
573 3104 749 3159 saeculi
790 3101 1106 3169 discipulos,
1130 3099 1224 3169 qui
1252 3099 1492 3154 Dicentes
1525 3114 1579 3152 se
1609 3114 1721 3152 esse
1752 3099 2034 3161 sapientes,

2145 3105 2275 3177 μίας
2300 3104 2436 3175 (88),
2467 3105 2549 3159 ὅτι
2584 3105 2771 3173 Σοφοί
2789 3107 2907 3158 εισι
2935 3103 3043 3159 τοῦ
3077 3101 3506 3170 κακοποιῆσαι,
3535 3101 3604 3156 τὸ
3656 3101 3724 3155 δὲ

463 3198 610 3252 stulti
642 3197 770 3268 facti
799 3196 1002 3250 sunt“.
1032 3193 1164 3247 Nam
1197 3192 1465 3262 Sapientia
1493 3192 1650 3262 hujus
1683 3192 1865 3246 mundi
1902 3191 2035 3246 sial-

464 3292 584 3344 titia
606 3301 680 3344 est
720 3289 861 3356 apud
889 3287 1057 3341 Deum
1085 3285 1150 3339 ⁸⁷.
1184 3285 1249 3338 Ει
1282 3284 1407 3352 quia
1448 3286 1562 3338 [nec
1597 3283 1865 3354 sapientia
1902 3282 2037 3338 Stul-

466 3394 548 3438 tus
574 3382 720 3445 facit,
747 3381 866 3435 ideo
894 3378 1034 3434 Deus
1066 3378 1400 3448 perditurum
1434 3392 1494 3432 se
1520 3390 1640 3431 esse
1665 3377 1795 3432 dicit
1822 3376 2036 3445 sapien-

466 3474 591 3527 tiam
634 3472 980 3542 sapientium,
1016 3479 1070 3524 et
1114 3468 1454 3538 prudentiam
1492 3467 1834 3535 prudentium
1861 3480 2040 3535 repro-

464 3564 712 3619 batnrum
743 3563 811 3617 ".
844 3561 1233 3618 Persuasiones
1260 3559 1423 3626 igitur
1446 3558 1603 3628 hujus
1639 3557 1880 3613 scientia:
1904 3557 2038 3612 falso

465 3651 773 3716 nominatae,
804 3652 890 3715 iis,
935 3653 1026 3720 qui
1071 3665 1166 3705 eas
1210 3648 1542 3719 exceperint,
1586 3647 1776 3702 mortis
1817 3663 2037 3703 causam

464 3743 694 3800 alierum
718 3763 732 3800 :
759 3761 920 3815 quam
955 3753 1186 3798 mortem
1228 3757 1332 3796 non
1379 3740 1583 3795 videbit
1612 3740 1702 3808 qui
1732 3740 2038 3810 redemptus

463 3846 548 3891 est
590 3837 672 3890 ab.
699 3852 788 3901 eo,
829 3836 914 3890 cui
948 3835 1118 3890 visunt
1151 3844 1237 3889 est
1268 3835 1323 3887 in
1376 3832 1776 3903 praedicationis
1810 3832 2037 3888 stultitia

462 3931 746 3984 credentes
785 3929 1013 3981 saIVare.

2139 3196 2334 3251 καλὸν
2348 3195 2599 3265 ποιῆσαι
2624 3198 2696 3250 οὐ
2725 3194 3147 3267 γινώσκουσιν·
3174 3195 3206 3266 ἢ
3241 3195 3437 3265 σοφοὺς
3456 3195 3606 3262 λέγει
3630 3196 3722 3248 καὶ

2138 3291 2266 3352 τοὺς
2302 3287 2551 3360 μαθητὰς
2581 3286 2690 3341 τῶν
2739 3288 3016 3359 ἀρχόντων
3045 3288 3138 3342 τοῦ
3173 3288 3367 3352 αἰῶνος
3393 3287 3581 3342 τούτου
3614 3287 3723 3341 τῶν

2143 3380 2625 3452 καταργουμένων,
2654 3380 2871 3445 οἵτινες,
2918 3379 3267 3447 Φάσκοντες
3315 3377 3467 3434 εἶναι
3516 3382 3719 3448 σοφοὶ,

2144 3471 2597 3542 ἐμωράνθησαν.
2626 3470 2770 3524 Διότι
2803 3471 2865 3527 Ἠ
2908 3471 3095 3540 σοφία
3118 3469 3227 3524 τοῦ
3252 3472 3483 3539 κόσμου
3507 3469 3723 3523 τούτου

2141 3563 2332 3632 μωρία
2363 3563 2523 3630 παρὰ
2553 3561 2635 3628 τῷ
2680 3561 2822 3627 Θεῷ.
2865 3563 2974 3615 Καὶ
3008 3561 3096 3615 διὰ
3130 3561 3192 3615 τὸ
3231 3556 3371 3615 εἶναι
3416 3561 3722 3632 μωροτοιὸν

2144 3652 2243 3724 τὴν
2281 3653 2471 3722 σοφίαν
2497 3652 2721 3723 ταύτην,
2758 3653 3044 3706 ἀπολέσειν
3077 3652 3241 3723 φησὶν
3275 3654 3303 3704 ὁ
3330 3651 3464 3716 Θεὸς
3489 3650 3599 3722 (89)
3620 3651 3721 3722 τὴν

2148 3744 2340 3812 σοφίαν
2371 3742 2480 3796 τῶν
2529 3743 2730 3812 σοφῶν,
2789 3747 2881 3796 καὶ
2902 3727 3047 3814 ’νῖὴῗῗ
3075 3742 3290 3796 σύνεσιν
3334 3741 3441 3795 τῶν
3486 3742 3723 3796 συνετῶν

2144 3835 2452 3906 ἀθετήσειν.
2482 3836 2547 3888 ΑΞ
2579 3831 2672 3888 οὖν
2698 3832 3050 3905 πιθανότητες
3077 3836 3175 3906 τῆς
3198 3833 3551 3905 ψευδωνύμου
3577 3833 3718 3904 rub-

2146 3947 2302 3995 σεως,
2331 3929 2562 3985 θανάτου
2608 3929 2788 3984 αἰτίαν
2816 3932 2928 3994 τοῖς
2965 3930 3429 4002 παραδεξαμένοις
3453 3930 3721 4001 παρέχον-

462 4039 584 4077 cur
617 4023 798 4076 ὅντινα
817 4020 1042 4074 θάνατον
1077 4018 1178 4072 οὐκ
1198 4017 1386 4088 ὄψεται
1421 4017 1450 4070 6
1480 4013 1775 4086 λυτρωθείς
1798 4012 1910 4066 ὑπὸ
1965 4013 2060 4068 τοῦ
2098 4019 2489 4090 εὐδοκήσαντος
2553 4021 2611 4072 ὲν
2672 4020 2740 4089 τῇ
2793 4018 2974 4090 μωρίᾳ
3018 4017 3113 4071 τοῦ
3156 4018 3506 4089 κηρύγματος
3553 4018 3723 4071 σῶσα-

462 4115 589 4176 τοὺς
615 4111 987 4174 πιστεύοντας.

536 4206 589 4260 6.
625 4203 794 4260 Simul
814 4204 1059 4272 insipiens
1075 4210 1125 4256 et
1152 4200 1344 4255 stultus
1368 4198 1629 4267 peribunt,
1657 4204 1709 4252 et
1746 4198 2038 4275 relinquent

467 4297 654 4351 alienis
687 4295 895 4350 divitias
926 4311 1049 4348 suas
1079 4308 1098 4346 :
1136 4292 1307 4359 (νειιε.
1344 4290 1432 4361 12)
1477 4299 1523 4343 et
1562 4290 1799 4359 sepulcra
1837 4305 2038 4355 eorum,

2217 4199 2269 4255 6.
2320 4199 2451 4254 Ἐπὶ
2471 4198 2538 4252 τὸ
2567 4198 2714 4253 αὐτὸ
2745 4197 2952 4267 ἅεςρων
2980 4199 3079 4253 καὶ
3111 4198 3297 4265 ἄνους
3323 4200 3714 4265 ἀπολουνται,

2143 4294 2243 4347 καὶ
2282 4292 2763 4358 καταλείψουσιν
2802 4291 3143 4358 ἀλλοτρίοις
3173 4290 3283 4345 τὸν
3320 4291 3588 4345 πλοῦτον
3616 4295 3722 4347 αὐ-

469 4388 654 4442 damus
699 4384 911 4440 illarum
959 4386 1013 4438 in
1050 4394 1323 4438 wternum.
1359 4380 1718 4435 Tabernacula
1763 4396 1940 4435 eorum
1985 4382 2034 4433 in

2140 4384 2278 4439 τῶν.
2329 4384 2438 4439 Καὶ
2475 4386 2530 4437 οἱ
2562 4384 2738 4454 τάφοι
2776 4383 2978 4439 αὐτῶν
3021 4387 3201 4439 οἰκίαι
3242 4384 3441 4440 αὐτῶν
3483 4388 3570 4453 εἰς
3615 4387 3723 4441 τόν

468 4475 761 4546 progeniem
797 4485 845 4528 et
886 4472 1218 4544 progeniem,
1252 4479 1561 4526 vocaverunt
1605 4470 1818 4524 nomina
1850 4485 1947 4523 sua
1980 4470 2038 4523 in

466 4571 636 4622 terris.
681 4565 1139 4636 ln'superioribus
1175 4578 1280 4619 uno
1319 4562 1553 4631 generali
1587 4562 1801 4617 nomine
1823 4562 2036 4633 sapien-

470 4665 550 4710 tes
588 4656 821 4721 vocavit,
857 4671 995 4726 quos
1048 4670 1192 4710 nunc
1231 4653 1501 4718 dividens,
1536 4653 1854 4721 insipientes
1908 4652 2041 4707 dicit

468 4757 523 4802 et
543 4747 754 4805 stultos.
785 4748 968 4803 Palam
1010 4757 1093 4803 est
1124 4748 1300 4816 ipsum
1352 4760 1445 4801 eos
1480 4745 1752 4814 sapientes
1788 4757 2035 4809 vocasse,

470 4841 572 4895 lioe
606 4839 824 4895 nomine
849 4854 915 4894 ex
946 4853 1133 4893 eorum
1162 4838 1419 4907 opinione
1462 4851 1642 4892 usum.
1673 4835 2037 4901 Quemadmo-

469 4935 594 4984 dum
622 4937 679 4984 et
710 4930 954 4985 nominat
979 4932 1131 4995 deos,
1164 4929 1258 5000 qui
1305 4926 1379 4983 dii
1416 4942 1520 4982 non
1559 4937 1687 4980 sunt
1717 4936 1936 4992 natura,
1959 4940 2040 4980 er-

538 5042 586 5074 “
624 5041 757 5113 Luc.
783 5057 897 5105 xvr,
922 5042 994 5096 20
1022 5057 1193 5113 seqqa
1222 5039 1417 5113 _‘{Job
1452 5039 1661 5113 tit,_l7.

2142 4474 2345 4529 αἰῶνα.
2381 4472 2747 4543 Σκηνώματα
2771 4473 2970 4529 αὐτῶν
2992 4477 3080 4541 εις
3104 4475 3320 4546 γενεὰν
3356 4476 3455 4529 καί
3484 4477 3718 4545 γενεάν.

2155 4561 2627 4618 Ἐπεκαλέσαντο
2656 4562 2728 4618 τὰ
2762 4565 3023 4634 ὀνόματα
3053 4563 3362 4621 αὐτῶνέπί
3379 4565 3498 4618 τῶν
3517 4564 3718 4635 τοιῶν.

2146 4657 2291 4709 Ἀνω
2330 4655 2413 4707 ἐν).
2452 4654 2782 4726 ὀνόματιτῷ
2814 4653 3016 4725 γενικῷ
3057 4655 3469 4728 προσηγόρευσε
3502 4657 3719 4726 σοφοὺς,

2136 4744 2230 4809 οὒς
2258 4745 2354 4799 νῦν
2399 4744 2760 4817 ὑποδιαιρῶν,
2803 4746 3048 4818 ἄφρονας
3078 4747 3173 4800 καὶ
3209 4745 3372 4810 ἄνους
3397 4747 3547 4816 λέγει
3586 4746 3719 4817 (90).

2143 4837 2308 4907 Δῆλον
2331 4836 2413 4889 ὅτι
2464 4837 2663 4906 σοφοὺς
2692 4836 2791 4908 μὲν
2822 4838 3020 4901 αὐτοὺς
3048 4832 3220 4902 εἶπεν,
3241 4838 3348 4892 ἀπὸ
3375 4841 3473 4910 τῆς
3495 4839 3724 4910 οἰήσεως

2142 4929 2245 4999 τῆς
2285 4929 2510 4982 ἐκείνων
2562 4927 3013 5000 συγχρησάμενος
3061 4928 3141 5000 τῷ
3188 4930 3433 5001 ὀνόματι.
3490 4929 3576 4992 Ὦς
3624 4928 3724 4981 καί

1752 5040 1797 5071 θ’
1820 5040 2008 5094 Matth.

2157 5041 2250 5096 ‘28.
2325 5041 2372 5074 “
2407 5040 2548 5096 Psal.
2578 5056 2741 5106 ουν,
2773 5039 2827 5095 6.
2904 5040 2953 5073 ⁸⁸
2978 5040 3023 5095 ll
3046 5040 3172 5096 Cor.
3196 5058 3275 5108 Ix,
3302 5042 3357 5096 6.
3431 5041 3478 5073 ⁵³
3504 5040 3615 5096 Jer.
3646 5058 3723 5107 tv,

465 5110 555 5168 23.
632 5113 678 5144 “
710 5112 864 5168 Boni.
903 5127 946 5179 ι,
980 5113 1071 5166 29..
1100 5109 1115 5113 ”
1140 5109 1194 5144 ⁷⁸⁷
1222 5110 1243 5165 1
1270 5111 1397 5166 Cor.
1425 5125 1506 5173 ιιι,
1536 5109 1623 5164 l9.
1700 5109 1745 5141 “
1778 5109 1886 5165 lsa.
1906 5125 2033 5165 xxu

2139 5115 2190 5178 ις
2234 5111 2405 5167 lCor.
2443 5111 2594 5180 1,19.

546 5246 652 5315 (85)
675 5245 753 5301 lta
790 5260 922 5300 mss.
952 5254 1181 5313 septem.
1214 5243 1353 5299 Editi
1382 5258 1795 5315 προσκαλειται.

562 5277 632 5303 ου
676 5277 753 5301 ιιι
793 5277 922 5300 ιιιθδο
952 5277 1181 5313 θςνιῦιιιο
1216 5277 1353 5299 υυιιι
1389 5277 1682 5315 ιιγυυοιυιηςοι
1696 5277 1795 5297 unus.

538 5277 654 5386 (86)
690 5317 798 5386 δίο,
828 5316 1007 5386 Regii“
1035 5315 1248 5386 tertius,
1291 5322 2033 5386 quartus__e_t_sextus__c_um

468 5382 679 5443 duobus
734 5385 855 5439 aliis
901 5382 1224 5439 Colbertinis
1248 5392 1303 5437 et
1347 5398 1469 5436 cum
1515 5382 1683 5436 Cois-1.
1712 5383 1784 5435 At
1822 5382 1950 5434 editi
1986 5391 2041 5433 et

471 5455 709 5587 ιιοὲιιιιιὶιί
752 5470 887 5511 mss.
914 5454 1001 5508 διὰ
1019 5454 1082 5508 τὸ
1114 5456 1334 5526 σπεῖραι
1369 5453 1456 5505 ἐπ’
1490 5451 1760 5521 εὐλογίαις
1780 5490 1795 5517 ,
1828 5451 1924 5504 καὶ
1953 5448 2041 5504 θε-

473 5542 524 5587 ρι
560 5543 729 5587 οντες.

510 5543 729 5589 ιςοντες.

473 5542 810 5663 “giving.
853 5595 1044 5648 tertius
1064 5591 1173 5646 τῶν
1224 5590 1487 5664 ματαίων.
1528 5589 1730 5664 Ibidem
1754 5590 1806 5645 ί¹¹
1837 5590 2034 5660 anqui-

474 5663 571 5715 lins
608 5661 736 5718 mss.
764 5661 965 5733 legitur
984 5661 1298 5729 αἰώνιον,”ἱιι
1329 5663 1450 5733 aliis
1474 5661 1731 5733 αἰωνίαν.

542 5733 651 5793 (88)
688 5729 859 5787 Ε·ίίῠό
886 5734 1057 5788 Paris.
1082 5735 1111 5786 6
1152 5730 1441 5800 Ἱερεμίας.
1473 5732 1633 5797 Deest
1682 5729 1943 5787 articulus
1978 5729 2032 5786 in

2148 5264 2280 5303 mss.
2307 5257 2361 5303 et
2390 5248 2442 5301 in
2472 5248 2712 5303 editione
2748 5246 2912 5303 Basil.
2947 5247 3147 5304 Statim
3192 5248 3364 5303 editio
3402 5247 3577 5302 Paris.
3618 5267 3727 5301 mm

2143 5320 2307 5373 verbo
2357 5318 2741 5389 καλοποιῆσαι.
2774 5320 2951 5373 Editio
2996 5334 3129 5374 vero
3177 5317 3344 5373 Basil.
3379 5328 3435 5375 et
3456 5333 3550 5374 sex
3587 5334 3722 5373 mss.

2141 5390 2352 5460 duabus
2365 5389 2594 5460 vocibus
2621 5389 2783 5442 καλὸν
2810 5389 3058 5460 ποιῆσαι.

2213 5458 2325 5527 (89)
2358 5457 2451 5513 Sic
2494 5458 2790 5513 Colbertini
2838 5457 3068 5527 primus,
3115 5457 3360 5527 quintus,
3422 5467 3610 5512 sextus
3662 5466 3724 5513 et

2146 5527 2413 5597 septimus
2471 5543 2595 5581 cum
2632 5528 2752 5583 aliis
2807 5530 2981 5583 tribus
3035 5528 3223 5597 Regiis
3274 5537 3330 5580 et
3395 5542 3517 5597 cum
3549 5527 3718 5584 tioisl.

2144 5596 2284 5650 Editi
2312 5612 2441 5652 vero
2462 5612 2584 5651 cum
2617 5613 2724 5651 uno
2755 5608 2844 5650 aut
2872 5599 3044 5651 altero
3070 5596 3172 5651 ms.
3215 5598 3352 5664 φησί
3377 5597 3470 5652 τὸν
3492 5596 3647 5655 Θεὸν.

2215 5666 2329 5737 (90)
2364 5665 2442 5722 lta
2478 5682 2604 5722 mss.
2633 5682 2749 5724 sex.
2782 5668 2918 5723 Editi
2946 5667 3107 5731 ἄνους
3135 5665 3310 5720 καλεῖ.
