4016 6220
271 328 376 383 ΗΒ

1367 323 1645 380 HOMILIA
1687 323 1757 380 IN
1792 323 2119 381 PSALMUM
2156 323 2391 380 XLVIII.

3390 279 3394 283 ό
3417 325 3524 382 446

272 440 427 504 θεοὺς
459 437 714 509 ὀνομάζει
747 439 872 502 τοὺς
909 436 984 508 μὴ
1015 436 1175 506 φύσει
1226 438 1406 504 ὄντας,
1463 442 1529 511 τῇ
1582 439 1842 513 συνηθείᾳ

1948 441 2183 497 rantium
2238 448 2456 497 secutus
2500 443 2994 500 consuetudinem:
3043 443 3116 500 ita
3169 458 3382 514 quoque
3435 459 3525 499 sa-

272 533 378 588 τῶν
411 531 777 602 ἠπατημένων
827 531 1129 602 ἑπόμενος,
1168 533 1309 586 οὕτω
1341 533 1435 587 καὶ
1478 535 1674 602 σοφοὺς
1719 529 1841 588 εἷπε

273 625 394 688 τοὺς
424 625 662 694 ἄφρονας
698 622 791 675 καὶ
822 623 1100 695 ἀνοήτους.
1145 624 1376 677 Δυνατὸν
1421 619 1510 678 οὖν
1537 627 1604 695 τῇ
1633 625 1845 697 ἐπινοίᾳ

273 716 461 768 διελεῖν
491 714 580 766 τὸν
604 714 812 784 ἄφρονα
841 715 948 768 ἀπὸ
976 714 1069 769 τοῦ
1093 716 1340 786 ἀνοήτου.
1365 717 1586 788 ’Ἄφρων
1615 716 1712 786 μὲν
1735 716 1844 784 γάρ

271 808 419 859 ἐστιν
450 806 478 857 6
509 805 869 876 ἐστερημένος
899 809 1232 879 φρονήσεως,
1261 808 1354 860 καὶ
1377 809 1404 860 6
1432 807 1569 878 πρὸς
1596 809 1662 859 τὰ
1690 807 1844 862 κοινά

272 900 367 951 καὶ
408 897 723 970 ἀνθρώπινα
761 898 1083 970 διορατικῶς
1138 899 1214 969 μὴ
1269 899 1426 970 ἔχων.
1470 899 1625 951 Οὕτω
1669 899 1762 952 καὶ
1809 900 1842 970 ἡ

274 989 526 1060 συνήθεια
561 989 854 1060 φρονίμους
887 990 1041 1044 καλεῖ
1059 993 1184 1055 τοὺς
1216 992 1273 1045 ἐν
1307 992 1419 1054 τοῖς
1445 991 1584 1044 κατά
1610 990 1700 1042 τὸν
1731 990 1844 1058 βίον

274 1079 559 1150 πράγμασι
590 1078 649 1131 τὸ
679 1078 953 1148 ὠφέλιμον
983 1079 1078 1131 καὶ
1113 1078 1374 1150 βλαϐερὸν
1399 1079 1506 1149 (9i)
1541 1078 1843 1150 διακρίνον-

273 1185 398 1232 τας·
429 1168 562 1222 καθὸ
583 1168 796 1240 εἴρηται
826 1168 920 1221 καὶ
945 1170 1002 1222 ἐν
1035 1167 1113 1238 τῷ
1130 1168 1464 1238 Εὐαγγελὶῳο
1490 1168 1620 1221 ’Ὅτι
1645 1170 1697 1220 οἱ
1725 1168 1842 1220 υἱοὶ

275 1260 380 1314 τοῦ
436 1259 650 1325 αἰῶνος
703 1260 922 1312 τούτου
981 1259 1402 1330 φρονιμώτεροι
1475 1259 1627 1326 ὑπὲρ
1702 1258 1844 1324 τοὺς

275 1349 444 1417 υἱοὺς
487 1349 593 1404 τοῦ
647 1349 838 1418 φωτὸς
895 1351 983 1415 είς
1031 1349 1148 1418 τὴν
1195 1350 1408 1419 τεν-εὰν
1463 1347 1576 1416 τὴν
1616 1346 1845 1401 ἑαυτῶν

275 1445 450 1496 εἰσιν.
499 1443 573 1494 Οὐ
615 1442 724 1513 γάρ
771 1441 958 1504 ἁπλῶς
1008 1441 1426 1514 φρονιμώτεροι,
1473 1441 1585 1494 ἀλλ’
1618 1442 1697 1503 είς
1745 1439 1844 1509 τὴν

275 1535 608 1604 διεξαγωγὴν
634 1536 732 1605 τῆς
771 1534 918 1604 ζωῆς
943 1535 1146 1605 ταύτης
1189 1533 1288 1603 τῆς
1332 1535 1389 1586 ἐν
1417 1535 1484 1604 τῇ
1515 1533 1677 1604 σαρκί
1712 1531 1840 1601 (99.).

277 1622 436 1679 Οὗτοι
468 1627 525 1680 δὲ
557 1626 651 1680 καὶ
670 1626 940 1697 οἰκονόμοι
971 1625 1181 1689 ἀδικίας
1205 1626 1472 1696 λέγονται,
1509 1624 1597 1678 διὰ
1632 1624 1693 1676 τὸ
1723 1623 1845 1695 φρό-

275 1733 429 1788 νιμον
460 1717 560 1786 τῆς
593 1716 721 1787 περὶ
768 1717 858 1769 τὸν
906 1716 1110 1770 ἑαυτῶν
1150 1715 1266 1786 βίον
1303 1715 1631 1784 οἰκονομίας.
1686 1711 1845 1766 Κατὰ

1945 531 2186 600 pientes,
2246 532 2565 602 insipientes
2611 542 2665 588 et
2718 534 2916 590 stultos
2965 535 3119 590 dixit.
3178 535 3524 604 lnsipientem

1946 623 2111 692 igitur
2150 639 2179 676 a
2215 625 2377 679 stulto
2417 626 2745 696 cogitatione
2782 626 2908 681 licet
2958 627 3309 694 distinguere.
3342 624 3526 698 Siqui-

1945 716 2064 768 dem
2107 715 2364 784 insipiens
2397 726 2480 770 est
2534 717 2625 784 qui
2663 718 2948 785 prudentia
2980 719 3245 786 privatus,
3278 719 3331 773 in
3368 733 3523 773 com-

1947 805 2196 858 munibus
2231 820 2295 859 ac
2338 807 2590 860 humanis
2632 809 2794 862 rebus
2843 811 3130 878 perspicax
3161 829 3264 866 non
3292 823 3396 868 est.
3430 813 3525 868 Sic

1946 891 2108 944 etiam
2141 895 2476 950 consuetudo
2520 897 2812 965 prudentes
2839 909 2994 952 vocat
3032 915 3148 966 eos,
3187 903 3276 971 qui
3317 904 3368 956 in
3399 903 3525 956 vitae

1947 985 2197 1053 negetiis,
2225 986 2358 1040 utile
2379 997 2433 1041 et
2465 988 2684 1042 noxium
2723 990 3054 1055 discernunt,
3079 992 3233 1062 juxta
3269 996 3410 1064 quod
3441 995 3522 1047 di-

1946 1082 2090 1125 ctum
2121 1081 2205 1126 est
2244 1083 2296 1127 et
2334 1074 2386 1126 in
2440 1073 2771 1144 Evangelio:
2815 1078 2952 1143 Quia
2993 1080 3092 1148 ﬁlii
3139 1083 3296 1152 hujus
3335 1089 3520 1142 swculi

1945 1163 2307 1228 prudentiores
2322 1164 2451 1232 filiis
2479 1167 2612 1220 lucis
2629 1169 2680 1220 in
2703 1172 3033 1236 generatione
3052 1190 3150 1226 sua
3177 1186 3300 1230 sunt
3324 1177 3386 1230 θ’.
3407 1179 3523 1236 Non

1946 1254 2090 1308 enim
2119 1255 2492 1323 prudentiores
2535 1271 2658 1313 sunt
2703 1261 3043 1329 simpliciter,
3079 1267 3174 1320 sed
3223 1269 3289 1322 ad
3321 1271 3524 1339 degen-

1946 1344 2068 1398 dam
2109 1347 2247 1400 hanc
2301 1347 2353 1400 in
2389 1364 2551 1404 carne
2591 1351 2776 1404 vitam.
2815 1353 3021 1410 Rursus
3065 1367 3118 1410 et
3163 1359 3324 1415 villici
3365 1365 3524 1435 183

1946 1435 2021 1490 illi
2066 1437 2368 1506 iniquitatis
2404 1441 2692 1508 prudentes
2729 1444 3004 1509 dicuntur,
3041 1451 3181 1514 quod
3233 1457 3528 1520 prudenter

1946 1528 2113 1582 vitam
2140 1544 2292 1583 suam
2329 1531 2634 1586 instituant.
2671 1533 2970 1592 Prndentcs
2992 1554 3205 1609 quoque
3254 1556 3375 1598 sunt
3404 1562 3525 1602 set"

1948 1621 2223 1688 pentes",
2261 1624 2557 1676 secundum
2617 1625 2758 1680 hanc
2814 1629 3287 1698 signiﬁcationem,
3331 1638 3530 1707 quippe

1947 1710 2035 1777 qui
2069 1710 2168 1762 sibi
2201 1710 2331 1778 ipsis
2355 1720 2542 1780 parent
2568 1711 2810 1781 latibula,
2831 1726 2996 1785 atque
3023 1719 3075 1772 in
3097 1721 3350 1787 periculis
3378 1724 3527 1778 omni

275 1808 429 1862 τοῦτο
458 1808 518 1861 τὸ
546 1808 962 1878 σημαινόμενον,
996 1807 1249 1880 φρόνιμοί
1277 1809 1415 1860 είσιν
1453 1806 1548 1858 καὶ
1582 1805 1630 1858 οἱ
1666 1805 1840 1872 ὄφεις,

1949 1802 2104 1856 ιιιοιίο
2140 1802 2324 1872 plagas
2363 1805 2558 1872 capitis
2601 1807 2826 1861 evitent.
2869 1807 3078 1865 Stultus
3110 1823 3288 1868 autem
3323 1815 3367 1869 is
3394 1817 3530 1872 dici-

277 1899 595 1963 καταδύσεις
617 1900 828 1962 ἑαυτοῖς
861 1897 1300 1969 εὐτρεπίζοντες,
1324 1897 1416 1949 καὶ
1444 1899 1501 1951 ἐν
1528 1899 1640 1960 τοῖς
1666 1893 1847 1948 κινδύ-

277 2009 387 2056 νοις
416 1991 577 2044 παντὶ
599 1990 782 2061 τρόπῳ
809 1989 907 2053 τάς
941 1989 1033 2042 ἐπὶ
1063 1987 1160 2060 τὴν
1202 1987 1440 2059 κεφαλὴν
1465 1988 1680 2058 πληγὰς
1709 1989 1846 2040 ἀποο

277 2083 582 2152 φεύγοντες.
622 2082 815 2144 Ἀνους
840 2080 896 2132 δὲ
927 2079 1143 2147 λέγεται
1172 2080 1201 2131 6
1226 2079 1324 2131 οὐκ
1357 2079 1496 2148 ἔχων
1529 2080 1595 2132 τά
1635 2078 1730 2132 τοῦ
1761 2080 1848 2132 ἀν-

277 2173 494 2246 θρώπου
524 2171 792 2244 ἐξαίρετα.
822 2169 1004 2223 Ταῦτα
1031 2170 1088 2223 δέ
1119 2171 1234 2221 ἐστι
1267 2168 1400 2222 Θεοῦ
1432 2170 1644 2241 Πατρὸς
1683 2188 1847 2224 κατα-

276 2265 476 2334 νόησις,
511 2264 603 2318 atati.
630 2265 664 2334 ἡ
700 2260 794 2315 τοῦ
817 2264 874 2314 ἐν
905 2263 1047 2332 ἀρχῇ
1070 2260 1222 2322 ὄντος
1252 2259 1385 2330 πρὸς
1401 2260 1491 2314 τὸν
1521 2260 1651 2314 Θεὸν
1673 2262 1845 2328 Λόγου

277 2355 553 2427 παραδοχή
589 2354 736 2425 (95)’
783 2354 879 2407 καὶ
924 2355 952 2406 6
1003 2353 1158 2424 παρά
1189 2353 1281 2407 τοῦ
1321 2353 1478 2421 ἁγίου
1532 2353 1846 2422 Πνεύματος

277 2448 621 2518 ἐγγινόμενος
659 2444 964 2516 φωτισμός·
993 2446 1177 2499 ὅντινα
1209 2444 1332 2497 νοῦν
1361 2444 1571 2514 ἔχουσιν
1599 2446 1647 2496 οἱ
1685 2445 1847 2498 δυνά-

281 2557 428 2611 μενοι
481 2537 617 2610 μετά
665 2536 878 2591 Παύλου
927 2535 1138 2604 λέγειν·
1181 2520 1370 2604 Ἡμεῖς
1427 2535 1495 2588 δὲ
1537 2535 1688 2589 γοῦν
1718 2539 1850 2604 xm-

278 2634 428 2688 στοῦ
478 2632 714 2702 ἔχομεν.
773 2630 1058 2703 Κέχρηται
1117 2631 1300 2700 μέντοι
1355 2631 1451 2684 καὶ
1511 2630 1849 2703 ἐνηλλαγμέ-

275 2743 383 2788 νως
429 2728 538 2787 τοῖς
590 2725 796 2794 ῥήμασι
823 2721 1032 2786 τούτοις
1059 2724 1092 2792 ἡ
1129 2721 1385 2794 συνήθεια
1433 2722 1535 2792 τῆς
1579 2724 1824 2795 Γραφῆς,

277 2814 367 2868 τὸν
391 2813 488 2885 μὲν
516 2813 671 2866 ἄθεον
699 2813 906 2883 ἄφρονα
935 2811 1167 2881 λέγουσα
1195 2814 1251 2865 ἐν
1285 2813 1361 2884 τῷ
1381 2853 1395 2876 ,
1435 2810 1623 2867 Εἶπεν
1649 2815 1851 2883 ἄφρων

277 2905 346 2958 ἐν
373 2902 584 2972 καρδίᾳ
615 2902 828 2956 αὐτοῦ’
873 2903 994 2954 Οὐκ
1039 2899 1169 2955 ἔστι
1199 2902 1344 2968 Θεός
1370 2917 1384 2932 ·
1434 2903 1528 2956 καὶ
1580 2903 1742 2957 πάλιν
1790 2904 1851 2956 τὸ

281 2999 407 3070 περὶ
461 2997 559 3067 τὴν
625 2995 769 3066 ζωὴν
839 2995 1100 3066 βλαϐερὸν
1169 2995 1395 3066 ἀνόητον
1467 2996 1806 3067 όνομάζουσα
1831 3014 1844 3027 ·

279 3091 353 3154 ὡς
381 3091 409 3142 6
451 3087 772 3150 Ἀπόστολος
823 3086 950 3156 περὶ
983 3084 1090 3138 τῶν
1115 3086 1497 3156 ἐμπιπτόντων
1543 3088 1624 3150 είς
1661 3087 1850 3140 ἐπιθυ-

1951 1900 2056 1955 tnr,
2081 1894 2170 1961 qui
2200 1907 2305 1946 non
2344 1894 2507 1949 habet
2535 1910 2619 1961 ea,
2663 1913 2783 1967 quae
2813 1910 2937 1954 sunt
2968 1902 3205 1958 hominis
3237 1907 3524 1974 prmeipua.

1948 1979 2073 2036 llzec
2101 1992 2278 2038 autem
2330 1993 2474 2052 sunt,
2515 1985 2609 2041 Dei
2643 1986 2819 2044 Patris
2845 1993 3056 2060 notitia,
3082 2002 3139 2048 ct
3168 1995 3349 2062 Verbi,
3383 1999 3528 2067 quod

1947 2083 2065 2128 erat
2096 2072 2150 2126 in
2210 2074 2478 2144 principio
2510 2079 2649 2145 apud
2687 2080 2853 2136 Deum
2877 2083 2942 2150 '“,
2973 2085 3219 2141 doctrina
3245 2105 3274 2142 a
3301 2091 3525 2158 majori-

1947 2163 2046 2218 bus
2073 2175 2320 2234 accepta,
2341 2176 2397 2221 et
2423 2182 2454 2221 a
2494 2179 2681 2223 sancto
2709 2170 2912 2238 Spiritu
2952 2179 3247 2243 procedens
3285 2180 3524 2236 illustra-

1951 2255 2024 2309 tio
2053 2274 2065 2308 :
2098 2271 2259 2325 quam
2293 2268 2525 2314 mentem
2571 2261 2794 2328 habent,
2823 2265 2914 2332 qui
2949 2278 3173 2335 possunt
3200 2285 3322 2326 cum
3364 2272 3527 2329 Paulo

1949 2347 2128 2403 dicere
2160 2367 2172 2403 :
2220 2349 2332 2404 Nos
2361 2362 2534 2406 autem
2573 2365 2795 2409 mentem
2829 2357 3024 2412 Christi
3050 2360 3301 2417 habemus
3323 2365 3392 2420 ⁷⁸.
3423 2367 3525 2420 At-

1952 2448 2128 2492 tamen
2172 2440 2256 2495 his
2284 2443 2504 2497 vocibus
2541 2444 2783 2500 vicissim
2826 2463 2890 2503 ac
2926 2452 3237 2519 promiscue
3274 2458 3350 2509 uti
3391 2457 3528 2512 solet

1950 2528 2250 2600 Scriptura,
2293 2543 2478 2602 utpote
2514 2549 2633 2603 qua:
2693 2538 2915 2606 impium
2961 2553 3115 2597 vocet
3155 2544 3522 2615 insipientem,

1947 2622 2196 2678 videlicet
2249 2624 2367 2679 loco
2414 2626 2537 2695 illo,
2585 2629 2732 2682 Dixit
2786 2631 3038 2701 insipiens
3070 2635 3123 2688 in
3174 2639 3330 2692 corde
3375 2656 3470 2693 sua
3507 2657 3528 2695 :

1952 2713 2077 2769 Non
2125 2727 2199 2770 est
2248 2717 2388 2772 Deus
2413 2718 2480 2772 ⁷³.
2533 2719 2599 2773 Et
2646 2720 2842 2775 iterum
2880 2723 2956 2789 id,
2986 2726 3127 2793 quod
3175 2729 3298 2783 vita:
3347 2741 3523 2796 nocet,

1951 2806 2174 2861 Stultum
2228 2809 2988 2879 nominat;quemadmodum
3039 2816 3328 2884 Apostolus
3357 2821 3424 2875 de
3459 2823 3526 2876 iis

1951 2899 2040 2968 qui
2070 2898 2124 2952 in
2171 2900 2636 2969 concupiscentias
2669 2905 2863 2959 stultas
2889 2915 2944 2964 et
2985 2910 3176 2963 noxias
3201 2911 3524 2971 incidunt".

1950 2991 2062 3046 lloc
2095 2991 2282 3060 utique
2315 3002 2471 3062 pacto
2505 2993 2766 3063 insipiens
2804 3001 2859 3048 et
2891 2997 3086 3052 stultus
3113 3000 3432 3054 deferuntur
3460 3005 3528 3058 ad

1953 3098 2120 3136 unum
2165 3098 2508 3138 communem
2545 3085 2706 3140 linem
2736 3126 2752 3152 ,
2784 3087 3139 3155 perditionem
3165 3091 3210 3122 ⁷⁸
3247 3092 3522 3148 videlicet.

281 3151 408 3250 μίας
441 3180 700 3249 ἀνοήτους
747 3177 842 3231 καὶ
877 3151 1166 3247 βλαϐεράς.
1223 3174 1378 3229 Οὕτω
1443 3177 1626 3246 μέντοι
1677 3177 1788 3248 (94)
1819 3179 1844 3231 6

1951 3178 2315 3234 Possitetiam
2345 3181 2468 3250 quis
2500 3181 2711 3248 dicere,
2759 3183 3107 3254 insipientem
3163 3189 3381 3257 quidem
3435 3208 3530 3263 ap-

278 3273 466 3343 ἄφρων
510 3270 602 3323 καὶ
633 3271 660 3322 6
693 3268 851 3331 ἄνους
885 3267 1019 3338 πρὸς
1060 3267 1116 3320 ἐν
1158 3267 1334 3321 κοινὸν
1366 3267 1518 3332 τέλος
1565 3269 1663 3340 τὴν
1700 3268 1850 3323 ἀπώ-

279 3362 425 3414 λειαν
453 3360 870 3430 καταφέρονται.
901 3358 1135 3411 Δύναται
1181 3358 1237 3411 δέ
1291 3377 1375 3422 τις
1421 3361 1593 3412 εἰπεῖν
1640 3359 1850 3430 ἄφρονα

282 3456 379 3525 μὲν
429 3451 739 3524 ὠνομάσθαι
788 3451 878 3504 τὸν
926 3449 1154 3512 ἐθνικῶς
1199 3447 1407 3514 ζῶντα,
1449 3449 1610 3503 ἄνουν
1655 3450 1711 3503 δὲ
1759 3451 1850 3504 τὸν

292 3545 592 3609 Ἰουδαϊκῶς
622 3543 761 3598 κατὰ
785 3543 882 3614 τὴν
919 3541 1080 3612 ψιλὴν
1115 3541 1208 3594 τοῦ
1236 3542 1400 3612 νόμου
1430 3543 1661 3614 τήρησιν
1697 3541 1848 3594 πολι-

277 3639 582 3712 τευόμενον.
624 3635 810 3705 Τούτῳ
847 3633 954 3706 γάρ
987 3634 1064 3703 τῷ
1102 3633 1297 3704 ἄφρονι
1331 3629 1484 3687 εἶπεν
1526 3636 1554 3686 6
1587 3633 1717 3697 Θεὸς
1763 3633 1852 3688 διὰ

275 3733 377 3804 τὴν
442 3730 849 3799 ἐνυπάρχουσαν
919 3725 1066 3796 αὐτῷ
1137 3725 1437 3796 ἀθεότητα·
1490 3727 1729 3794 Ἀφρον,
1782 3727 1853 3778 ἐν·

277 3825 462 3890 ταύτῃ
495 3820 571 3890 τῇ
606 3819 778 3874 νυκτὶ
803 3818 917 3887 τὴν
946 3815 1160 3886 ψυχήν
1189 3830 1305 3869 σου
1335 3817 1700 3884 ἀφαιροῦσιν
1733 3817 1849 3871 ἀπὸ

275 3919 392 3974 σοῦ
437 3917 568 3989 (95).
614 3918 810 3978 Ἀνους
841 3915 898 3967 δὲ
927 3914 955 3965 6
996 3911 1138 3966 κατά
1178 3911 1358 3983 σάρκα
1391 3911 1605 3982 Ἰσραὴλ
1637 3911 1852 3982 ὠνόμα-

278 4029 399 4066 σται
436 4009 574 4064 κατὰ
612 4011 701 4062 τὸν
733 4006 1038 4078 προφήτην,
1065 4005 1123 4068 ὃς
1157 4021 1318 4075 φησι·
1354 4003 1465 4058 Καὶ
1495 3999 1576 4073 ἦν
1608 4003 1853 4071 Ἐφραζμ

277 4106 356 4170 ὡς
389 4102 703 4172 περιστερὰ
738 4100 924 4165 ἄνους
944 4114 957 4129 ·
991 4097 1297 4168 Αἴγυπτον
1325 4095 1676 4150 ἐπεκαλεῖτο
1716 4095 1850 4166 (96),

278 4195 376 4250 καὶ
425 4196 511 4260 εὶς
551 4192 898 4261 Ἀσσυρίους
940 4191 1277 4260 ἐπορεύετο.
1311 4189 1528 4242 Τούτων
1566 4183 1658 4240 οὖν
1697 4191 1849 4260 κοινῇ

279 4286 384 4339 ὑπὸ
407 4287 506 4356 τῆς
545 4284 681 4347 ίδίας
720 4282 942 4352 ἀγνοίας
984 4280 1442 4352 συντριϐομένων,
1471 4281 1634 4350 ἡμεῖς
1666 4281 1714 4333 oi
1753 4281 1850 4334 ἀλ-

277 4377 477 4449 λότριοι
501 4375 678 4430 αὐτῶν
702 4373 1024 4445 κληρονόμοι
1052 4372 1145 4426 τοῦ
1171 4372 1401 4426 πλούτου
1430 4371 1694 4442 γινόμεθα
1718 4372 1846 4442 (97).

1951 3269 2204 3336 pellatum
2261 3285 2383 3324 esse
2437 3287 2596 3338 eum,
2665 3273 2757 3342 qui
2821 3289 2971 3330 more
3027 3277 3161 3331 vivit
3227 3281 3525 3355 gentium:

1951 3358 2176 3412 stultum
2228 3374 2362 3414 vero
2413 3375 2559 3427 eum,
2595 3362 2688 3430 qui
2749 3377 2901 3418 more
2948 3363 3171 3422 Judaico
3224 3373 3523 3428 secundum

1953 3448 2148 3502 nudam
2176 3447 2308 3519 legis
2339 3450 2775 3506 observationem
2817 3453 2984 3508 vitam
3009 3454 3176 3525 degit.
3215 3456 3353 3515 lluic
3380 3463 3528 3518 enim

1953 3536 2228 3606 insipienti
2292 3539 2430 3594 dixit
2485 3540 2652 3604 Deus,
2703 3543 2938 3598 obeam
2988 3561 3109 3614 qua:
3144 3549 3196 3602 in
3234 3551 3352 3621 ipso
3409 3565 3530 3610 erat

1953 3628 2283 3698 impietatem
2331 3650 2344 3685 :
2394 3629 2692 3700 lnsipiens,
2751 3633 2851 3688 hac
2885 3648 3032 3690 nocte
3090 3649 3234 3694 tuam
3295 3644 3529 3700 animam

1953 3718 2199 3787 auferunt
2235 3738 2268 3775 a
2310 3731 2358 3776 te
2391 3723 2458 3775 ⁷⁸.
2486 3722 2651 3779 Israel
2691 3735 2891 3794 autem,
2931 3729 3024 3798 qui
3065 3733 3359 3788 secundum
3403 3751 3528 3792 car-

1953 3826 2075 3864 nem
2131 3822 2257 3879 est,
2307 3825 2532 3870 vocatus
2587 3825 2671 3870 est
2731 3817 2946 3884 stultus,
3004 3820 3159 3890 juxta
3209 3826 3527 3894 prophetam

1953 3903 2221 3957 dicentem
2259 3923 2273 3958 :
2320 3903 2388 3958 Et
2427 3915 2541 3960 erat
2569 3905 2822 3976 Ephraim
2857 3911 3010 3980 quasi
3047 3913 3287 3970 columba
3311 3917 3477 3973 stulta
3506 3936 3526 3975 :

1951 3994 2244 4066 J'Igyptum
2295 3999 2606 4066 inuocabat,
2661 4011 2708 4056 et
2761 4001 2830 4077 ad
2881 4005 3125 4075 Assyrios
3169 4007 3280 4062 ibat
3327 4011 3394 4069 ⁷⁷.
3431 4012 3529 4070 His

1953 4087 2116 4157 igitur
2145 4104 2243 4158 per
2273 4104 2424 4146 suam
2458 4093 2702 4161 ipsorum
2741 4095 3008 4150 inscitiam
3039 4099 3200 4153 simul
3232 4103 3484 4160 contritis
3508 4147 3526 4172 ,

1953 4181 2115 4236 alieni
2163 4196 2263 4238 nos
2313 4181 2624 4238 divitiarum
2677 4199 2898 4240 suarum
2943 4187 3186 4246 haredes
3230 4191 3523 4250 etiicimur.

1953 4272 2146 4329 Nostra
2208 4275 2352 4330 enim
2428 4285 2560 4332 sunt
2615 4291 2924 4348 praecepta,
2993 4281 3163 4337 nostri
3216 4286 3523 4356 prophetas,

1953 4367 2122 4420 nostri
2165 4366 2521 4434 patriarchae;
2568 4369 2740 4422 nostri
2777 4379 2906 4424 sunt
2958 4370 3114 4439 quia
3150 4373 3349 4429 saeculo
3391 4374 3525 4444 justi

290 4471 476 4544 Ἦμῶν
530 4469 640 4542 γὰρ
697 4469 754 4522 αἱ
819 4465 1068 4532 ἐντολαὶ,
1132 4465 1392 4537 ἡμέτεροι
1447 4466 1497 4517 οἱ
1551 4464 1844 4534 προφῆται,

1953 4459 2126 4514 fuere.
2173 4459 2310 4514 Suas
2355 4461 2513 4516 nobis
2559 4461 2775 4515 divitias
2824 4461 3160 4531 reliquerunt
3201 4467 3293 4535 qui
3339 4466 3394 4520 in
3427 4483 3524 4522 sua

353 4635 398 4666 ⁶⁹
421 4632 554 4687 Luc.
623 4646 734 4693 xvr,
766 4627 943 4700 ξεί-’ξ’
979 4625 1168 4700 Matth.
1200 4639 1262 4700 ξ,
1299 4622 1382 4700 16:

279 4704 371 4759 ἰι
422 4704 563 4760 Tim.
597 4717 672 4766 vt,
705 4701 760 4756 9.
795 4693 814 4700 ’
835 4698 884 4732 ’⁸
915 4696 1044 4751 Luc.
1068 4693 1172 4761 'xtt,
1198 4694 1289 4748 20.
1362 4694 1407 4724 ⁷⁷
1431 4693 1557 4748 Ose.
1588 4708 1676 4758 vn,
1718 4693 1767 4745 1.

351 4840 462 4914 (9η)
492 4837 723 4920 Edim
753 4833 1012 4920 βλαϐερδγ
1035 4827 1697 4920 κακώίρέλξιξφνςιεξξιιε
1715 4843 1846 4920 ῩΞῖο

281 4915 335 4967 in
355 4897 457 4968 ‘sex’
485 4925 618 4966 mss.
646 4897 862 4963 inverso
892 4897 1084 4961 o'rdine
1105 4905 1168 4956 τὸ
1202 4897 1478 4970 ὠφέλιμον
1509 4900 1604 4951 καὶ
1644 4897 1842 4968 βλαϐε-

281 4984 462 5122 ρόῖὁε)
494 5001 636 5105 Editi
664 5051 722 5122 ὲν
753 5045 1202 5122 capitium-mss.
1230 5039 1384 5122 [nulli
1414 5040 1481 5109 τῇ
1504 5039 1582 5122 *ἐν
1621 5037 1804 5122 εςαρλιί³

349 5108 460 5192 i955
496 5108 923 5193 llla,;c1i._i;:_toi3
950 5117 1006 5168 ἐν
1043 5114 1186 5193 ἀρχῇ
1230 5111 1382 5172 δντος
1421 5108 1559 5193 sps;
1587 5108 1846 5193 τὸνΥΘεὸν

279 5176 457 5262 Λόγοιί
479 5176 882 5263 παραδοχή,ἐἱο
907 5176 1438 5263 νειιειὶιΐξιιιθιπριέε
1467 5176 1480 5232 Ξ
1509 5176 1643 5263 Item
1671 5177 1845 5263 Verbi=

280 5247 420 5331 quod
447 5265 501 5316 in
527 5247 782 5330 principio
818 5267 932 5331 erat
973 5255 1119 5331 apud
1155 5247 1362 5331 Deum,
1385 5249 1698 5331 assumptio.
1738 5247 1846 5331 Sed

281 5317 384 5387 vox
445 5317 731 5400 assumptio
785 5327 899 5400 visa
934 5317 1038 5400 est
1080 5319 1402 5400 gontbelisio
1455 5319 1733 5400 remotior,
1775 5317 1848 5400 ob

282 5403 442 5470 idque
469 5387 811 5467 interpretari
845 5395 1054 5457 maluit,
1102 5391 1260 5446 Verbi
1301 5389 1663 5470 in.principio
1703 5387 1844 5453 apud

282 5471 448 5520 Deum
486 5471 700 5520 traditio
726 5479 774 5520 et
805 5467 953 5520 ﬁdes.
992 5465 1108 5518 Vim
1143 5459 1391 5515 vocabuli
1427 5474 1472 5512 st
1515 5467 1842 5520 spectemus,

280 5471 448 5525 Deum
486 5471 700 5525 traditio
726 5479 774 5522 et
803 5470 953 5536 ﬁdes.
993 5470 1108 5518 \‘im
1143 5470 1391 5515 vocabuli
1427 5474 1472 5512 st
1515 5470 1842 5536 spectemus,

280 5542 562 5612 παραδοχή
610 5537 822 5608 proprie
868 5535 973 5612 erit
998 5531 1256 5612 susceptio
1305 5527 1504 5612 Zethi:
1538 5527 1622 5579 vel
1654 5535 1846 5612 potius

280 5595 732 5678 doétriniifquam
764 5623 792 5661 ο
845 5595 1156 5676 majoribus
1188 5602 1254 5654 de
1305 5595 1469 5653 Verbi
1513 5596 1844 5665 susceptione

278 5683 607 5747 accepimus.
1127 5743 1137 5748 _
1739 5726 1807 5748 Α,

351 5735 464 5806 μὴ)
487 5750 664 5805 Editio
695 5748 866 5803 Paris.
903 5760 1021 5800 cum
1052 5743 1287 5810 quinque
1311 5748 1403 5792 aut
1438 5751 1529 5792 sex
1567 5751 1697 5791 mss.
1735 5735 1832 5788 Οὗ-

1480 4623 1526 4656 "
1560 4620 1716 4676 Joan.
1752 4639 1790 4688 ι,
1821 4621 1876 4676 2.

1953 4620 2041 4674 "l
2075 4619 2202 4675 Cor.
2233 4634 2293 4685 tt,
2324 4617 2410 4672 16.
2512 4619 2558 4650 ⁷³
2586 4616 2728 4673 Psal.
2786 4634 2907 4684 χιιι,
2955 4620 3008 4673 1.
3082 4598 3131 4652 τί
3166 4619 3324 4678 Rom.
3352 4637 3393 4690 ι,
3427 4622 3524 4678 51.

1950 4843 2040 4890 τος
2072 4824 2275 4894 μέντοι.
2301 4821 2462 4878 Cois].
2495 4824 2664 4884 Ουτος
2691 4820 2790 4891 μὲν
2826 4820 2919 4874 οὖν
2944 4820 3151 4892 ἄφρων.
3185 4821 3365 4876 Editto
3395 4837 3524 4879 vero

1950 4895 2114 4982 Eius“.
2155 4905 2230 4982 et”
2250 4893 2400 4982 ltegii
2427 4897 2698 4946 secundus
2721 4902 2776 4946 et
2802 4902 2985 4947 sextus
3012 4909 3133 4947 cum
3165 4891 3318 4948 Colb.
3343 4894 3520 4962 printo

1949 4965 2154 5028 Οὕτως,
2188 4964 2402 5017 melius.

1971 5106 1981 5118 _
2013 5034 2324 5118 (θῇ-νοσῶ
2352 5029 2460 5086 ἀπὸ
2493 5029 2587 5083 σοῦ
2616 5030 2808 5085 desunt
2839 5031 2891 5085 in
2921 5045 3018 5086 sex
3062 5047 3194 5088 mss.
3225 5041 3280 5087 et
3318 5030 3371 5086 in
3395 5033 3512 5087 edi-

1946 5105 2458 5247 υοὲθθϐξὶῗὶῗὶὸειιὶιιῑ
2492 5171 2718 5247 primus.
2771 5179 2965 5247 sex_tns_
2998 5180 3054 5225 et
3086 5171 3348 5247 septimus
3389 5187 3512 5247 cum

1945 5239 2153 5302 duobus
2215 5243 2394 5310 Regiis
2427 5239 2817 5294 ἐπεκαλέσατο.
2853 5242 3055 5295 Ibidem
3080 5243 3206 5295 editi
3243 5251 3298 5294 et
3345 5244 3517 5306 major

1947 5332 2072 5384 pars
2098 5330 2228 5370 mss.
2263 5311 2573 5382 ἐπορεύετο.
2608 5311 2957 5384 Ahiquidam
2993 5325 3122 5384 mss.
3171 5311 3516 5384 ἐπορεύοντο.

1942 5380 2087 5440 LXX
2111 5399 2323 5454 quoque
2365 5380 2591 5436 humero
2624 5380 2981 5436 multitudinis
3006 5380 3088 5435 usi
3111 5393 3260 5448 sunt,
3279 5380 3520 5452 ἐπορεύ-

1943 5457 2135 5528 θησαν.

1990 5527 2120 5647 ,(9Ἱὲ
2145 5522 2292 5578 Colb.
2322 5521 2580 5604 septimus
2609 5518 2903 5591 γενόμεθα.
2963 5517 3099 5590 Reg.
3137 5521 3406 5608 secundus
3429 5536 3519 5606 Υι-

1943 5614 2088 5647 νωιιε
2127 5613 2180 5647 α.
2224 5592 2336 5647 Hoc
2383 5607 2500 5647 tnso
2544 5607 2595 5644 tn
2635 5593 2750 5644 loco
2777 5600 2981 5647 sentem
3024 5605 3156 5643 mss.
3215 5590 3358 5647 Ημιν
3387 5607 3518 5647 γαρ.

1939 5590 2180 5666 νώμεθα.
2224 5592 2336 5647 Hoc
2383 5595 2500 5660 ipso
2544 5591 2595 5644 in
2635 5590 2751 5666 loco
2777 5600 3156 5666 septetn_tnss.
3199 5590 3358 5666 ᾘμῖν
3387 5592 3518 5662 γάρ.

1941 5659 2083 5723 ιιιιῑυ
2106 5681 2233 5721 Vero
2266 5677 2388 5717 cum
2405 5659 2522 5718 uno
2551 5670 2644 5715 aut
2668 5660 2840 5715 altero
2864 5673 2964 5716 ms.
2992 5659 3150 5731 ἡμῶν
3176 5659 3306 5734 γάρ.

3531 5765 3546 5803 ι
