4016 6220
481 231 577 286 15⁸1

1817 230 1875 284 S.
1918 230 2161 286 BASILII
2201 232 2416 288 MAGNI

3614 237 3712 292 453

481 355 635 410 Nunc
679 354 891 424 quidem
928 360 1182 422 tanquam
1217 365 1388 420 equus
1434 365 1614 405 amore
1665 351 1850 406 furens
1892 353 2023 406 femi

2148 372 2290 420 τοις,
2323 356 2420 407 καὶ
2465 354 2728 423 ὡμοιώθη
2764 355 2998 420 αὐτοῖς·
3038 355 3130 408 νῦν
3181 356 3276 426 μὲν
3306 356 3380 419 ὼς
3421 357 3585 421 ἵππος
3623 359 3714 428 θη-

481 464 671 502 narum
697 487 711 510 ,
746 447 993 500 adhinnit
1019 446 1248 516 proximi
1291 447 1373 499 sui
1408 445 1565 498 uxori
1597 444 1641 477 ⁸⁸
1676 462 1688 497 :
1727 459 1875 499 nunc
1920 459 2049 498 vero

481 551 734 607 tanquam
766 537 921 605 lupus
950 551 1110 605 rapax
1131 535 1320 590 alienis
1350 535 1574 590 insidias
1604 534 1821 589 struit”
1842 553 1856 589 :
1878 535 2047 588 inter-

479 634 604 684 dum
646 638 713 685 oh
761 630 1061 684 adhibitum
1116 628 1374 682 adversus
1420 626 1640 680 fratrem
1677 627 1893 692 dolum,
1920 641 2046 680 ver-

478 725 634 777 sutia:
697 722 876 790 vulpis
943 721 1275 776 assimilatur
1310 719 1381 772 ⁸ο.
1415 719 1509 772 Est
1562 728 1740 772 autem
1796 718 2046 772 cumulus

479 815 725 869 stultitiae
751 825 804 867 et
825 813 1110 867 dementiae
1140 811 1295 879 plane
1327 811 1598 874 belluinae,
1637 825 1761 864 eum
1789 811 1879 878 qui
1917 826 2046 864 con-

477 911 621 962 ditus
669 919 751 962 est
791 911 856 962 ad
904 906 1179 961 Creatoris
1225 904 1557 974 imaginem,
1596 917 1768 971 neque
1815 902 2043 970 primam

475 1014 626 1054 suam
665 997 1102 1053 constitutionem
1127 997 1438 1064 percipere,
1478 1008 1651 1062 neque
1679 1001 1754 1046 tot
1787 1007 1851 1046 ac
1898 1002 2042 1046 tanta

472 1105 572 1160 pro
608 1105 666 1144 se
691 1091 996 1157 dispensata
1039 1088 1292 1156 mysteria
1339 1086 1634 1156 intelligere
1676 1084 1811 1137 velle
1835 1125 1851 1149 ,
1886 1094 1941 1138 et
1977 1099 2042 1138 ne

472 1198 538 1237 ex
577 1183 680 1235 illis
722 1181 938 1250 quidem
979 1179 1292 1246 dignitatem
1337 1193 1489 1232 suam
1539 1191 1870 1245 cognoscere
1903 1194 1915 1229 :
1947 1178 2039 1231 sed

471 1275 842 1328 immemorem
882 1286 1025 1337 esse,
1065 1274 1204 1339 quod
1252 1270 1460 1339 abjecta
1501 1269 1576 1322 rei
1628 1267 1864 1323 caelestis
1900 1266 2039 1319 ima-

471 1366 629 1433 gine,
688 1365 762 1417 rei
813 1372 1042 1417 terrenae
1089 1363 1377 1431 imaginem
1425 1361 1738 1429 sumpserit.
1771 1361 1947 1426 Atque
1981 1364 2040 1409 ut

478 1471 544 1509 ne
573 1457 623 1508 iu
658 1464 879 1524 peccato
902 1463 1233 1524 permaneat,
1269 1461 1622 1521 proptereum
1667 1449 1886 1504 Verbum
1913 1467 2038 1503 caro

471 1548 669 1616 factum
701 1555 798 1610 est,
853 1557 900 1598 et
936 1545 1188 1597 habitavit
1216 1544 1268 1596 in
1311 1542 1458 1594 nobis
1491 1541 1559 1606 σί,
1595 1553 1650 1594 et
1691 1557 1860 1609 usque
1903 1541 2037 1595 adeo

469 1652 529 1692 se
558 1638 729 1706 ipsum
763 1635 1051 1705 depressit,
1086 1645 1142 1688 ut
1174 1634 1350 1689 factus
1379 1635 1449 1687 sit
1478 1631 1737 1686 Obediens
1766 1648 1928 1701 usque
1966 1633 2034 1685 ad

2155 446 2398 517 λυμανὴς
2439 445 2777 515 χρεμετίζων
2814 446 2906 497 ἐπὶ
2942 444 3038 516 τὴν
3079 448 3311 514 γυναῖκα
3357 445 3449 499 τοῦ
3497 448 3715 517 πλησίον

2155 537 2318 592 αὑτοῦ
2340 555 2351 567 ·
2384 537 2478 592 νῦν
2509 537 2564 591 δὲ
2595 537 2668 598 ὼς
2699 537 2861 600 λύκος
2903 537 3084 609 ἅρπαξ
3141 537 3446 607 ἐφεδρεύων
3476 541 3587 601 τοῖς
3625 539 3712 592 ἁλ-

2153 629 2412 700 λοτρίοιςο
2457 629 2642 683 ἄλλοτε
2677 628 2734 682 δὲ
2783 629 2859 698 (7)
2902 628 2991 682 διὰ
3033 628 3126 681 τοῦ
3177 629 3314 700 πρὸς
3361 628 3449 680 τὸν
3495 627 3712 696 ἀδελερὸν

2151 720 2302 774 δόλου
2361 723 2415 791 τῇ
2471 720 2775 792 πανουργίᾳ
2847 720 2946 790 τῆς
3005 718 3285 782 ἀλώπεκος
3350 719 3709 788 εἰκαζόμενος.

2164 809 2465 881 ’Υπερϐολὴ
2489 810 2545 862 δὲ
2575 811 2674 880 τῆς
2703 809 2888 874 ἀνοίας
2916 809 3127 878 καὶτῆς
3151 808 3457 878 κτηνώδους
3498 808 3711 877 ἀλογίας

2149 900 2227 970 τῷ
2255 901 2368 953 ὄντι
2403 904 2539 973 μήτε
2571 902 2670 972 τῆς
2699 899 2756 967 ἐξ
2786 901 2958 972 ἀρχῆς
2983 898 3174 952 ἑαυτοῦ
3207 899 3547 966 κατασκευῆς
3569 900 3712 952 ἐπαι-

2151 992 2462 1058 σθάνεσθαι,
2494 992 2966 1063 δημιουργηθέντα
3007 991 3125 1044 κατ’
3153 991 3336 1044 εἰκόνα
3370 990 3462 1043 τοῦ
3499 991 3710 1043 κτίσαν-

2148 1100 2259 1146 τος,
2306 1084 2443 1155 μήτε
2489 1083 2587 1146 τὰς
2633 1083 2965 1154 τηλικαύτας
3017 1084 3155 1155 ὑπὲρ
3205 1083 3370 1135 αὐτοῦ
3422 1084 3710 1152 γενομένας

2147 1177 2454 1247 οἰκονομίας
2509 1179 2648 1230 νοεῖν
2700 1173 2982 1246 βούλεσθαι
3033 1175 3147 1244 (8),
3194 1176 3288 1229 καὶ
3337 1176 3431 1228 ἀπ’
3493 1176 3709 1228 ἐκείνων

2146 1269 2276 1336 γοῦν
2317 1269 2512 1322 ἑαυτοῦ
2545 1269 2831 1340 γνωρίζειν
2864 1269 2924 1322 τὸ
2967 1268 3174 1338 τίμιον·
3210 1269 3323 1321 ἀλλ’
3362 1269 3706 1338 ἀμνημονεῖν,

2144 1361 2225 1413 ὄτι
2279 1360 2568 1414 ἀποϐαλὼν
2607 1361 2707 1432 τὴν
2745 1361 2928 1414 εἰκόνα
2969 1359 3062 1412 τοῦ
3107 1359 3450 1430 ἐπουρανίου,
3489 1359 3707 1412 ἀνέλαϐε

2143 1453 2242 1522 τὴν
2281 1452 2462 1505 εἰκόνα
2505 1452 2598 1505 τοῦ
2633 1450 2840 1523 χοϊκοῦ.
2885 1453 2994 1505 Καὶ
3036 1453 3120 1504 ἵνα
3157 1453 3232 1522 μὴ
3276 1453 3605 1521 ὲναπομείνῃ
3645 1455 3706 1522 τῇ

2145 1545 2414 1616 ἁμαρτίᾳ,
2455 1545 2523 1598 δι’
2571 1545 2731 1600 αὑτὸν
2765 1546 2827 1597 Ὅ
2879 1546 3066 1612 Λόγος
3103 1544 3257 1614 σὰρξ
3303 1544 3568 1614 ἐγένετο,
3613 1547 3707 1597 καί

2141 1637 2496 1702 ἐσκήνωσεν
2523 1637 2592 1691 ἐν
2629 1638 2795 1706 ἡμῖν,
2833 1640 2926 1690 καὶ
2965 1638 3059 1690 ἐπὶ
3094 1638 3346 1690 τοσοῦτον
3372 1639 3567 1691 ἑαυτὸν
3594 1640 3712 1690 ἐτα-

465 1738 716 1792 mortem,
752 1735 970 1779 mortem
1013 1735 1187 1778 autem
1229 1725 1400 1776 crucis
1435 1723 1501 1774 θ’.
1557 1723 1747 1774 Prima:
1788 1730 1892 1774 tua}
1922 1721 2023 1774 ori-

2135 1729 2422 1795 πείνωσεν,
2444 1726 2585 1781 ὥστε
2615 1727 2868 1796 γενέσθαι
2897 1727 3194 1793 ’Υπήκοος
3225 1728 3402 1796 μέχρι
3430 1727 3707 1792 θανάτου,

466 1822 605 1889 ginis
634 1821 676 1874 si
715 1834 924 1873 memor
957 1834 1064 1872 non
1094 1832 1154 1871 es
1175 1857 1190 1878 ,
1221 1831 1285 1870 ex
1316 1813 1593 1884 persoluto
1633 1827 1728 1880 pro
1767 1818 1818 1864 te
1863 1811 2034 1879 pretio

465 1915 889 1984 qualemcunque
929 1912 1210 1980 dignitatis
1259 1918 1360 1962 tua:
1410 1907 1682 1962 notionem
1713 1906 1933 1973 accipe;
1967 1904 2032 1958 ad

464 2006 696 2075 pretium
752 2001 878 2056 illud
912 2017 1018 2070 quo
1050 2007 1417 2054 commutatus
1455 2011 1515 2051 es
1562 1996 1768 2063 respice
1791 2035 1806 2060 ,
1863 2003 2034 2048 tuam-

464 2113 568 2166 que
622 2109 852 2168 agnosce
895 2093 1228 2163 dignitatem.
1274 2089 1492 2157 Emptus
1543 2102 1600 2142 es
1643 2085 2032 2156 pretiosissimo

463 2189 664 2245 Christi
715 2187 1009 2256 sanguine,
1044 2182 1245 2252 peccati
1289 2197 1355 2236 ne
1399 2181 1494 2234 fias
1536 2193 1748 2233 servus.
1793 2178 2032 2249 lntellige

464 2291 609 2334 tuam
663 2277 1067 2348 praestantiam,
1120 2283 1177 2327 ut
1234 2288 1300 2326 ne
1337 2272 1598 2341 iumentis
1651 2271 2030 2340 insipientibus

446 2371 798 2426 .assimileris.
838 2367 1000 2422 Vens.
1053 2366 1140 2418 M.
1191 2363 1317 2419 Ilaec
1354 2365 1436 2419 via
1468 2380 1643 2417 eorum
1668 2404 1684 2430 ,
1719 2363 2028 2416 scandalum

459 2462 607 2532 ipsis.
663 2461 763 2528 Qui
811 2473 901 2513 res
954 2464 1168 2511 nostras
1215 2456 1527 2509 moderatur
1585 2452 1763 2517 Deus,
1813 2451 2030 2506 obsistit

461 2558 616 2610 nobis
644 2569 740 2624 per
769 2553 986 2606 malitiae
1019 2554 1160 2607 viam
1196 2549 1591 2613 incedentibus,
1621 2546 1945 2603 offendicula
1973 2556 2029 2602 et

460 2646 840 2716 impedimenta
870 2644 1133 2714 objiciens
1158 2684 1173 2710 ,
1224 2652 1343 2696 uta
1383 2640 1490 2693 vita
1533 2639 1761 2694 rationis
1806 2648 2028 2707 experte

459 2739 782 2801 resilientes,
840 2746 1028 2804 postea
1079 2737 1132 2789 in
1181 2743 1368 2788 nostro
1415 2745 1509 2787 ore
1556 2731 2025 2800 complaceamus,

449 2832 545 2884 .ubi
579 2829 742 2884 corde
791 2827 1009 2898 quidem
1054 2825 1440 2880 crediderimus
1486 2823 1552 2877 ad
1597 2822 1902 2890 justitiam,
1933 2836 2026 2876 ore

451 2935 583 2974 vero
609 2919 838 2990 confessi
868 2917 1133 2971 fuerimus
1159 2917 1224 2968 ad
1249 2915 1480 2970 salutem
1494 2913 1562 2966 ".
1589 2912 2027 2981 Persequebatur

455 3010 676 3073 Paulus,
710 3010 1025 3063 devastabat
1071 3005 1368 3060 Ecclesiam
1413 3005 1619 3060 Christi
1647 3005 1716 3068 ⁸⁸,
1757 3020 1911 3059 suum
1956 3005 2021 3057 ad

455 3101 749 3169 nequitiam
779 3112 998 3153 cursum
1045 3097 1367 3152 acceleravit
1400 3115 1412 3151 :
1458 3097 1651 3152 deinde
1691 3097 1745 3150 in
1792 3111 1886 3151 ore
1923 3110 2020 3150 suo

454 3193 818 3262 complacuit,
870 3207 991 3245 cum
1031 3190 1376 3246 annuutiaret
1419 3191 1472 3245 in
1521 3191 1828 3261 synagogis,
1868 3191 2019 3256 Quod

448 3289 534 3340 hic
569 3299 642 3340 est
675 3285 916 3340 (.hrt'stus
942 3285 1008 3337 ".

518 3548 569 3600 9.
613 3546 778 3602 Vens.
813 3547 897 3601 15.
939 3545 1090 3601 Sicut
1141 3563 1256 3601 oves
1297 3547 1352 3600 in
1399 3546 1604 3617 inferno
1646 3546 1838 3615 posuit,
1877 3562 2016 3600 mors

446 3641 686 3705 depascet
730 3655 838 3693 eos.
889 3637 1205 3707 Quicunque
1257 3649 1438 3692 autem
1501 3637 1721 3692 belluini
1772 3646 1897 3691 sunt
1953 3653 2018 3693 ac

433 3730 744 3800 comparati
806 3730 957 3783 fuere
1030 3729 1242 3784 stolidis
1296 3729 1620 3799 pecoribus,
1673 3729 1818 3784 velut
1886 3744 2016 3784 oves

450 3839 623 3893 neque
665 3821 996 3877 intellectum
1045 3836 1219 3888 neque
1254 3821 1574 3876 defendendi
1612 3837 1671 3876 se
1701 3821 2014 3877 facultatem

445 3916 727 3980 habentes,
761 3915 806 3968 is
837 3913 926 3982 qui
960 3915 1025 3966 ad
1071 3913 1441 3984 captivitatem
1470 3913 1641 3982 rapit,
1678 3929 1799 3968 cum
1829 3914 2014 3968 inimi-

449 4021 545 4061 rus
576 4005 871 4075 sit,-186
890 4004 1000 4073 jam
1041 4005 1093 4058 in
1135 4018 1290 4057 suam
1343 4003 1514 4071 ipsius
1539 4019 1717 4058 arcem
1745 4005 2009 4072 coniecit,

439 4112 513 4151 ac
542 4097 702 4150 morti
730 4097 951 4151 tradidit
978 4096 1297 4165 pascendos.
1324 4094 1658 4164 Depascebat
1687 4096 1828 4151 enim
1866 4113 2012 4152 mors

434 4190 519 4243 .ab
565 4189 733 4242 Adam
779 4189 844 4242 ad
895 4202 1065 4258 usque
1111 4187 1316 4257 Moysis
1367 4187 1891 4244 administrationem
1941 4190 2008 4254 ",

432 4282 611 4335 (donec
644 4280 791 4335 venit
821 4294 988 4356 verus
1033 4291 1235 4348 pastor,
1285 4280 1375 4350 qui
1433 4295 1586 4334 suam
1633 4281 1866 4334 animam
1914 4296 2010 4350 pro

2135 1823 2391 1878 θανάτου
2435 1822 2503 1876 δὲ
2544 1818 2832 1891 σταυροῦ.
2874 1822 2934 1873 Εἰ
2987 1822 3060 1892 μὴ
3093 1822 3191 1890 τῆς
3227 1820 3448 1892 πρώτης
3483 1821 3708 1874 σεαυτοῦ

2133 1915 2399 1984 γενέσεως
2436 1913 2733 1983 μέμνησαι,
2761 1913 2825 1964 ὲκ
2851 1911 2951 1981 τῆς
2974 1911 3410 1982 καταϐληθείσης
3442 1912 3583 1982 ὑπὲρ
3615 1911 3708 1966 σοῦ

2129 2009 2296 2078 τιμῆς
2338 2006 2469 2060 λάϐε
2499 2006 2592 2060 τοῦ
2633 2005 2942 2076 ἀξιώματος
2992 2005 3236 2059 ἔννοιαν·
3269 2006 3576 2075 amaracum
3615 2026 3710 2062 σου

2133 2099 2268 2168 πρὸς
2301 2098 2362 2150 τὸ
2389 2098 2765 2168 ἀντάλλαγμα,
2802 2098 2894 2149 καὶ
2931 2096 3097 2165 γνῶθι
3135 2097 3362 2150 σεαυτοῦ
3398 2098 3497 2168 τὴν
3528 2100 3709 2164 ἀξίαν.

2132 2185 2221 2255 Τῷ
2270 2185 2619 2256 πολυτιμήτῳ
2672 2186 2862 2256 αἵματι
2915 2186 3009 2238 τοῦ
3063 2185 3298 2256 Χριστοῦ
3354 2187 3707 2258 ήγοράσθηςο

2134 2276 2208 2348 μὴ
2235 2277 2386 2345 γίνου
2419 2275 2493 2347 (9)
2539 2276 2725 2339 δοῦλος
2773 2276 2872 2347 τῆς
2921 2278 3212 2348 ἁμαρτίας.
3258 2277 3424 2341 Σύνες
3473 2279 3708 2332 σεαυτοῦ

2131 2368 2231 2437 τῆς
2260 2367 2448 2437 τιμῆς,
2493 2367 2580 2420 ἵνα
2627 2367 2701 2437 μὴ
2744 2366 3118 2436 παρεικασθῇς
3148 2369 3260 2429 τοῖς
3288 2367 3537 2438 ἀνοήτοις
3575 2370 3709 2439 κτή-

2129 2474 2291 2510 νεσιν.
2323 2457 2485 2523 Αὕτη
2518 2457 2556 2523 ἡ
2586 2455 2724 2521 ὁδὸς
2765 2454 2964 2508 αὐτῶν
2990 2454 3342 2510 σκάνδαλον
3379 2458 3606 2523 αὐτοῖς.
3650 2459 3709 2511 Ὀ

2127 2548 2426 2620 οἰκονομῶν
2459 2548 2527 2601 τὰ
2559 2549 2802 2620 ἡμέτερα
2834 2548 2966 2610 Θεὸς
3002 2545 3282 2618 ἐμποδίζει
3309 2550 3442 2619 ἡμῖν
3479 2548 3570 2602 διὰ
3605 2550 3708 2620 τῆς

2127 2640 2324 2703 κακίας
2369 2639 2694 2710 βαδίζουσιν,
2745 2637 3148 2708 προσκόμματα
3192 2640 3324 2710 ἡμῖν
3377 2641 3473 2693 καὶ
3526 2642 3706 2697 κωλύ-

2130 2749 2276 2802 ματα
2327 2729 2531 2794 τιθεὶς,
2581 2731 2686 2793 ἵνα,
2741 2729 3077 2792 ἀποστάντες
3127 2730 3224 2800 τῆς
3289 2731 3430 2784 κατὰ
3477 2732 3706 2800 ἀλογίαν

2127 2823 2291 2893 ζωῆς,
2332 2822 2469 2893 μετά
2507 2822 2679 2875 ταῦτα
2722 2825 2780 2874 ὲν
2821 2820 2900 2892 τῷ
2941 2821 3170 2892 στόματι
3203 2823 3360 2894 ήμῶν
3400 2823 3704 2895 εύδοκήσω-

2129 2933 2247 2987 μεν,
2308 2914 2506 2985 καρδίᾳ
2568 2915 2667 2984 μὲν
2724 2914 3132 2968 πιστευσάντων
3195 2917 3275 2979 εἰς
3327 2917 3698 2988 δικαιοσύνην,

2127 3007 2353 3077 στόματι
2402 3006 2458 3060 δὲ
2497 3005 2947 3077 ὁμολογησάντων
3000 3007 3078 3069 εἰς
3141 3006 3433 3078 σωτηρίαν.
3476 3009 3700 3062 Ἐδίωκε

2047 3058 2090 3116 c
2123 3058 2356 3162 Παῦλος,
2399 3058 2619 3169 sudabat
2665 3058 3132 3168 "ripIV'Exxl'qafav
3178 3058 3700 3170 reGNXpt—mg,

2119 3191 2249 3261 ἧκεν
2275 3190 2438 3252 αὑτοῦ
2471 3191 2561 3243 τὸν
2604 3189 2801 3262 δρόμον
2843 3189 2934 3242 τὸν
2979 3190 3072 3242 ἐπὶ
3103 3190 3202 3259 τὴν
3237 3191 3498 3261 πονηρίαν
3548 3193 3695 3262 (10)⁶

2121 3282 2259 3352 μετά
2285 3282 2456 3335 ταῦτα
2490 3284 2547 3334 ὲν
2579 3280 2656 3351 τῷ
2687 3280 2914 3351 στόματι
2961 3281 3125 3334 αὐτοῦ
3165 3281 3444 3352 εύδόκησε,
3486 3299 3697 3352 καταγο

2117 3373 2319 3440 γέλλων
2359 3375 2416 3427 ὲν
2460 3377 2579 3437 ταῖς
2633 3375 2992 3443 συναγωγαῖς,
3047 3375 3164 3427 Ὅτι
3210 3370 3388 3440 οὗτός
3439 3375 3612 3429 ἐστιν
3662 3379 3696 3430 ό

2116 3467 2390 3532 Χριστός.

2185 3555 2239 3610 9.
2293 3556 2386 3620 Ὡς
2438 3557 2699 3622 πρόϐατα
2741 3554 2811 3606 ἐν
2860 3553 2974 3623 ᾅδῃ
3024 3555 3189 3609 ἔθετο
3243 3556 3380 3625 (ii),
3433 3557 3692 3623 θάνατος

2115 3646 2397 3715 ποιμανεῖ
2421 3648 2660 3712 αὐτούς.
2693 3647 2832 3708 Τοὺς
2868 3646 2925 3699 δὲ
2955 3646 3249 3716 κτηνὼδεις
3274 3647 3368 3700 καὶ
3397 3664 3693 3719 παρασυμ-

2115 3738 2409 3809 ϐληθέντας
2455 3742 2568 3802 τοῖς
2613 3726 2835 3810 κτήνεσι
2882 3740 2994 3802 τοῖς
3027 3739 3290 3810 ἀνοήτοις,
3323 3740 3400 3802 ὡς
3441 3740 3690 3811 πρόϐατα

2114 3830 2236 3882 οῦτε
2274 3831 2487 3884 σύνεσιν
2544 3831 2754 3900 ἔχοντα,
2793 3829 2917 3884 οὔτε
2965 3830 3066 3901 τὴν
3109 3830 3247 3902 πρὸς
3276 3829 3338 3883 τὸ
3378 3831 3688 3901 ἀμύνασθαι

2112 3921 2360 3992 δύναμιν,
2387 3923 2415 3974 ὁ
2455 3921 2769 3992 διαρπάζων
2809 3924 2888 3984 εἰς
2920 3921 3019 3992 τὴν
3062 3921 3461 3991 αἰχμαλωσίαν,
3493 3923 3686 3995 ἐχθρὸς

2111 4014 2207 4077 ὢν,
2252 4015 2351 4086 ἤδη
2403 4013 2700 4067 κατέϐαλεν
2751 4016 2831 4078 εἰς
2887 4014 2947 4067 τὸ
2991 4013 3120 4067 ἴδιον
3169 4013 3334 4066 αὐτοῦ
3382 4015 3682 4087 ὀχύρωμα,

2112 4107 2205 4160 καὶ
2253 4107 2535 4178 παρέδωκε
2575 4107 2653 4177 τῷ
2691 4107 2904 4176 Θανάτῳ
2952 4106 3263 4177 ποιμαίνειν
3313 4107 3446 4176 (12).
3499 4109 3683 4161 Ἐποί-

2115 4213 2271 4264 μαινε
2320 4196 2428 4266 γὰρ
2469 4198 2496 4247 ὁ
2532 4195 2759 4259 Θάνατος
2805 4195 2914 4248 ἀπὸ
2964 4195 3132 4265 Ἀδὰμ
3183 4195 3345 4266 μέχρι
3386 4196 3485 4266 τῆς
3540 4197 3683 4252 κατά

2109 4288 2346 4341 Μωῦσέα
2377 4287 2670 4352 πολιτείας,
2697 4287 2802 4351 ἕως
2827 4279 2886 4340 οῦ
2915 4283 3076 4358 ἦλθεν
3102 4288 3131 4338 ὁ
3159 4287 3414 4358 ἀληθινὸς
3454 4290 3679 4359 ποιμὴν,

428 4371 629 4425 ovibus
650 4369 829 4439 posuit
853 4371 920 4434 ’⁷,
958 4370 1144 4440 sicque
1175 4384 1270 4424 eas
1300 4384 1486 4424 secum
1522 4371 1812 4438 excitatas,
1848 4382 1900 4426 et
1938 4388 2002 4427 ex

2124 4378 2276 4439 5031;
2307 4379 2410 4450 τὴν
2447 4380 2642 4433 ἑαυτοῦ
2674 4380 2854 4452 ψυχὴν
2896 4380 3037 4452 ὑπὲρ
3085 4379 3194 4433 τῶν
3235 4381 3539 4451 προϐάτιον,
3587 4385 3680 4435 καὶ

436 4463 634 4517 inferni
675 4477 897 4518 carcere
938 4463 1007 4516 ad
1041 4464 1456 4519 resurrectionis
1495 4464 1818 4518 matutinum
1867 4466 2000 4520 edu-

2108 4468 2280 4534 οὕτως
2325 4472 2503 4541 ἐαυτῷ
2550 4475 2956 4542 συναναστήσας
3004 4473 3098 4526 καὶ
3142 4471 3423 4542 ἐξαγαγὼν
3473 4475 3537 4527 ἐκ
3580 4475 3679 4544 τῆς

501 4596 552 4672 ξέ
576 4595 774 4650 Jerem.
795 4612 861 4672 _v,
898 4595 984 4672 8.__
1025 4595 1296 4672 lfl’Ezech.
1321 4594 1568 4672 ειη.-ᾷῆ
1644 4594 1688 4626 ⁹⁰
1718 4596 1916 4672 Εῑεςίι.
1941 4612 2023 4672 ιιι)

2124 4600 2176 4661 ίς
2218 4599 2345 4654 Luc.
2381 4618 2498 4663 xm.
2540 4602 2630 4672 '52.
2705 4605 2749 4636 ⁹¹
2777 4602 2930 4657 Joan.
2967 4620 3006 4667 ι,
3042 4604 3128 4658 14.
3212 4605 3258 4635 θ’
3295 4602 3488 4672 Philip.
3521 4620 3582 4669 ιι,
3619 4605 3672 4658 8.

431 4665 480 4698 “
506 4666 656 4720 lium.
696 4683 748 4727 ιι,
779 4668 873 4718 10.
948 4666 994 4697 ’³
1023 4668 1142 4719 Act.
1172 4680 1264 4718 vm
1287 4707 1301 4729 ,
1333 4667 1386 4718 5.
1462 4665 1507 4694 ’⁵
1545 4666 1659 4718 Act.
1697 4681 1781 4729 Ix,
1811 4665 1900 4719 ‘22.
1976 4669 2022 4699 “

2124 4688 2208 4723 im.
2246 4688 2295 4734 ν,
2328 4672 2414 4724 14.
2487 4673 2531 4704 ³⁷
2563 4671 2718 4728 Joan.
2753 4673 2936 4738 Χ,15.

504 4799 580 4870 (7)
612 4799 766 4870 Deest
797 4800 854 4852 δέ
892 4801 943 4852 ἰη
971 4815 1102 4854 mss.
1139 4816 1242 4854 non
1267 4799 1475 4869 paucis.

503 4869 580 4940 (8)
614 4869 691 4923 Ita
717 4870 844 4924 editi
879 4885 1009 4940 cum
1028 4871 1146 4940 solo
1181 4870 1332 4925 Colb.
1358 4869 1606 4937 septimo.
1643 4870 1713 4924 At
1758 4871 1846 4924 alii
1903 4873 1994 4928 de-

429 4938 546 5010 cent
578 4954 706 5010 mss.
730 4941 869 4994 νοεῖν
906 4938 1204 5010 βουληθείς.
1556 4997 1560 5002 _

503 5008 580 5079 (9)
607 5007 683 5062 Ita
714 5025 804 5064 sex
841 5007 973 5064 mas.
1003 5007 1142 5064 Editi
1177 5023 1300 5064 vero
1330 5012 1404 5083 μὴ
1438 5011 1527 5081 γίν
1573 5051 1587 5066 .

503 5079 616 5134 HO)
664 5079 954 5133 Colbertini
1011 5080 1215 5134 primus
1241 5089 1296 5134 et
1335 5029 1587 5134 sextusgt

502 5079 616 5149 (ιθ)
664 5079 954 5152 Colbertjni
1011 5080 1215 5144 primus
1241 5089 1296 5152 et
1332 5079 1520 5136 'se'xtus
1538 5079 1763 5152 δρόμον,
1807 5082 1866 5136 ὃν
1895 5083 1988 5135 ἐπὶ

427 5147 533 5232 τὴνΔ
559 5147 821 5232 πρνηρίαν
868 5148 1058 5230 ἔτρεχε
1087 5166 1100 5202 :
1133 5150 1276 5232 quod
1310 5152 1438 5232 quin
1462 5168 1537 5232 ett
1575 5147 1756 5222 aliquo
1786 5153 1994 5222 glosse-

428 5220 572 5274 mate
603 5220 654 5273 in
679 5220 1210 5288 textumirrepserit,
1253 5220 1358 5276 non
1396 5222 1597 5277 dubito.

498 5292 613 5360 (Η)
643 5290 795 5358 Apud
819 5287 962 5342 LXX
991 5287 1085 5361 pro
1115 5288 1294 5361 ἔθετο,
1319 5293 1512 5361 posuit,
1533 5291 1740 5361 legitur
1780 5291 1984 5358 ἔθεντο,

424 5361 583 5433 petiti
608 5361 1002 5433 δοκήσας-σιξ
1027 5360 1114 5433 eis
1150 5360 1412 5433 dissentit
1446 5359 1688 5433 Vulgata.
1747 5362 1990 5433 Symma-

427 5431 582 5493 chus,
630 5429 677 5482 si
725 5427 936 5482 Nobilio
973 5427 1104 5482 ﬁdes
1149 5430 1428 5498 habeatur,
1481 5427 1570 5485 ita'
1599 5427 1987 5498 interpretatus

423 5509 526 5579 est,
553 5499 627 5579 ὡς
649 5498 964 5579 βοσκήματα
991 5497 1331 5579 ᾆδουᾼξταξεν
1362 5499 1578 5579 αύτούς,
1795 5518 1982 5570 pecora

424 5567 617 5625 inferni
651 5567 929 5620 constituit
979 5567 1085 5625 eos.
1127 5570 1232 5622 Sed
1297 5569 1454 5625 facile
1499 5567 1820 5624 crediderim
1855 5586 1978 5625 eum

425 5639 556 5701 falli,
584 5647 739 5706 atque
765 5654 860 5706 pro
891 5638 1076 5702 ἔταξεν
1097 5637 1290 5702 αὐτούς
1325 5640 1601 5710 legendum
1634 5655 1752 5696 esse
1778 5640 1975 5706 ἔταξαν

2101 4809 2347 4878 εαυτους,
2380 4811 2771 4863 constituerunt
2803 4825 2857 4863 se
2903 4811 3068 4878 ipsos.
3113 4808 3245 4862 Nam
3286 4810 3357 4862 ita
3387 4811 3674 4878 scripsisse

2104 4875 2492 4946 Symmachum
2566 4875 2973 4946 locupletissimi
3057 4890 3222 4933 testes
3283 4875 3544 4934 Eusebius
3617 4893 3672 4935 et

2102 4946 2475 5016 Tlieodoretus
2504 4947 2700 5001 litteris
2730 4950 3102 5016 prodiderunt.

2171 5015 2284 5084 (l2)
2318 5018 2375 5071 In
2408 5018 2643 5099 editione
2661 5015 2843 5099 faris.
2861 5019 2931 5070 ita
2955 5019 3156 5099 editum
3181 5017 3451 5099 invenitur
3471 5017 3547 5099 τῷ
3566 5017 3670 5099 θατ

2095 5085 2238 5158 νάτῳ
2283 5088 2771 5158 ποιμαίνειν.-Καὶ
2827 5085 3348 5158 κατακυριεύσουσιν
3395 5085 3577 5140 αὐτῶν
3618 5091 3670 5140 οἰ

2096 5154 2272 5219 εὐθεῖς
2303 5154 2571 5227 τδπρωῒ,
2611 5154 2692 5227 Et
2724 5154 3142 5210 dominabuntur
3184 5174 3366 5212 eorum
3423 5161 3546 5210 recti
3610 5159 3668 5210 in

2098 5228 2377 5298 matutino.
2423 5225 2527 5281 Sed
2587 5225 2826 5298 ἰίιθηκαὶ
2877 5227 3580 5298 κατακυριεύσουσιν,θια.,
3613 5228 3666 5280 in

2103 5312 2230 5349 mss.
2267 5297 2661 5350 desiderantur.
2704 5296 2814 5350 Nec
2849 5299 3001 5349 valde
3023 5296 3308 5350 admodum
3331 5297 3664 5360 dubitamus.

2096 5367 2225 5433 quin
2258 5366 2392 5428 haec,
2426 5375 2481 5420 et
2510 5365 2612 5418 alia
2648 5366 2836 5428 multa,
2871 5381 2900 5418 e
2933 5365 3118 5419 Bibliis
3147 5376 3398 5420 contextu
3455 5382 3484 5418 a
3539 5371 3665 5434 qui-

2097 5435 2321 5488 husdam
2357 5434 2596 5489 librariis
2642 5435 2848 5502 adjecta
2885 5436 3017 5500 sint,
3069 5450 3242 5504 eoque
3283 5436 3487 5504 magis,
3516 5436 3664 5502 quod

2093 5506 2291 5558 seriem
2341 5506 2604 5559 orationis
2633 5505 2962 5558 intercidere
2988 5507 3286 5559 videantur.
3341 5505 3518 5571 Quare
3543 5507 3660 5571 ipsa

2087 5573 2266 5626 delere
2299 5574 2469 5628 satius
2488 5575 2754 5628 duximus.
2795 5575 2907 5627 Hoc
2943 5575 3058 5642 ipso
3089 5577 3142 5630 in
3175 5576 3291 5631 loco
3317 5575 3448 5631 editi
3476 5573 3659 5627 Ἐποί-

2085 5660 2220 5713 μανε
2248 5644 2376 5714 γάρ.
2406 5647 2475 5698 At
2514 5660 2640 5698 mss.
2687 5643 3025 5714 Ἐποίμαινε.
