4016 6220
325 323 428 383 453

1417 323 1702 382 HOMILIA
1743 328 1807 382 lN
1852 323 2182 383 PSALMUM
2221 325 2454 387 XLVIII.

3478 330 3586 390 ιδι

324 440 572 511 φυλακῆς
608 435 700 490 τοῦ
739 436 863 510 ᾅδου
893 441 972 501 είς
1013 439 1111 509 τὴν
1141 439 1240 511 τῆς
1283 440 1630 505 ἀναστάσεως
1664 443 1892 513 πρωῖαν,

2007 453 2142 506 etas,
2181 446 2344 499 rectis
2383 443 2625 508 tradidit,
2669 443 2772 499 hoc
2799 451 2917 510 est,
2958 444 3164 500 sanctis
3193 445 3308 501 suis
3339 447 3584 516 angelis,

325 530 609 602 παρέδωκε
649 531 761 593 τοῖς
809 530 1010 595 εὐθέσι,
1042 534 1316 597 τουτέστι,
1357 537 1469 597 τοῖς
1514 535 1689 602 ἁγίοις
1734 535 1898 588 αὑτοῦ

323 623 594 691 ἀγγέλοις,
614 625 694 685 εἰς
713 623 776 674 τὸ
804 623 1113 694 ποιμαίνειν
1139 624 1354 688 αὐτούς.
1381 625 1489 678 Καὶ
1524 627 1904 694 κατακυριεύο

324 727 546 765 σουσιν
568 711 766 766 αὐτῶν
786 716 840 766 οἱ
865 714 1060 780 εὐθεῒς
1087 714 1152 766 τὸ
1179 716 1334 782 πρωΐ
1355 716 1486 787 (15).
1521 716 1766 787 Ἐκάστῳ
1792 717 1902 788 γὰρ

323 803 433 855 τῶν
472 802 678 856 πιστῶν
728 806 876 858 ἐστιν
933 806 1162 874 ἅγγελος
1209 806 1689 880 παρεζευγμένος,
1751 808 1902 872 ἄξιος

322 893 416 946 τοῦ
443 893 658 964 βλέπειν
695 897 784 949 τὸν
819 898 1036 968 Πατέρα
1061 898 1152 951 τὸν
1191 901 1249 952 ἐν
1285 903 1400 963 τοῖς
1433 901 1705 972 οὐρανοῖς.
1737 895 1901 954 Οὗτοι

323 979 416 1037 οὖν
445 987 494 1038 οἱ
520 985 696 1049 εὐθεῖς
729 987 1251 1058 κατακυριεύσουσιν
1277 989 1456 1044 αὐτῶν
1487 995 1551 1045 ὲκ
1574 994 1673 1062 τῆς
1701 1010 1899 1062 πικρο-

323 1079 491 1149 τάτης
532 1079 774 1143 δουλείας
827 1080 1324 1152 ἐλευθερωθέντων,
1383 1084 1478 1138 καὶ
1537 1084 1902 1156 κατακυριεύ-

323 1185 476 1221 σουσι
523 1171 630 1223 τῶν
679 1171 986 1242 γενομένων
1041 1173 1150 1244 (14)
1186 1176 1244 1227 ὲν
1282 1179 1346 1247 τῇ
1388 1177 1592 1249 πρωῒᾳ,
1629 1177 1896 1241 τουτέστι,

319 1260 429 1312 τῶν
483 1261 820 1316 ὑπελθόντων
866 1263 962 1335 τὴν
1009 1266 1270 1338 ἀνατολὴν
1303 1268 1396 1321 τοῦ
1449 1269 1646 1338 φωτός.
1698 1269 1899 1323 Θέασαι

322 1353 499 1408 πάντα
527 1356 617 1408 τὸν
649 1359 839 1427 εἱρμὸν
869 1358 978 1411 τῶν
1008 1360 1294 1431 γραφικῶν
1324 1363 1601 1433 ῥημάτων.
1649 1365 1899 1431 Ἀνθρω-

321 1460 453 1512 πος,
481 1448 550 1500 ἐν
578 1449 715 1518 τιμῇ
735 1449 838 1514 ὢν,
867 1453 938 1506 οὐ
967 1451 1218 1520 συνῆκεο
1244 1454 1748 1523 «(marrow-86172011
1779 1456 1901 1522 τοῖς

321 1538 568 1607 κτήνεσι
597 1541 722 1608 τοῖς
748 1543 1046 1611 ἀνοήτοις.
1095 1546 1153 1598 Ὀ
1181 1545 1266 1599 διὰ
1301 1547 1398 1616 μὲν
1424 1545 1521 1617 τὴν
1551 1547 1898 1618 κατασκευὴν

321 1629 458 1700 ἔχων
483 1632 543 1684 τὸ
569 1633 768 1704 τίμιον,
799 1635 885 1689 διὰ
907 1637 963 1689 δὲ
993 1637 1091 1709 τὴν
1119 1637 1433 1692 ἐνοικοῦσαν
1461 1640 1519 1691 ὲν
1546 1637 1695 1709 αὐτῷ
1722 1641 1900 1709 ἁμαρ-

319 1721 440 1774 τίαν
470 1723 571 1776 οὐκ
599 1724 986 1796 αἰσθανόμενος
1010 1729 1228 1793 ἑαυτοῦ,
1253 1721 1408 1792 οὗτος
1441 1729 1898 1801 παρασυνεϐλήθη

320 1815 433 1874 τοῖς
477 1814 748 1874 κτήνεσιν.
790 1813 922 1871 Εἶτα
966 1819 1054 1872 διὰ
1089 1820 1148 1872 τὸ
1185 1819 1544 1892 ἀλλοτριῶσαι
1581 1821 1771 1875 ἑαυτὸν
1805 1819 1897 1874 τοῦ

321 1901 455 1956 Θεοῦ
504 1905 662 1974 λόγου
706 1908 838 1979 (15),
891 1911 1182 1982 γενόμενον
1234 1912 1446 1982 ἄλογον,
1501 1912 1576 1977 ὡς
1624 1912 1897 1983 πρόϐατον

321 1994 655 2065 ἀποίμαντον
681 2000 709 2051 ὁ
733 1999 921 2070 ἐχθρὸς
945 2002 1250 2072 διαρπάσας
1280 2006 1337 2057 ὲν
1365 2004 1444 2075 τῷ
1474 2005 1575 2078 ᾄδῃ
1604 1984 1776 2066 ἐθετοί
1803 2007 1896 2059 atati.

323 2086 602 2156 παρέδωκε
635 2089 712 2160 τῷ
742 2091 953 2163 θανάτῳ
981 2095 1310 2164 ποιμαίνειν.
1341 2097 1440 2149 Διὰ
1463 2096 1619 2150 τοῦτο
1643 2100 1671 2151 ὁ
1691 2098 1898 2151 ἐκεῖθεν

322 2178 558 2247 ρυἐθεὶς,
595 2181 808 2235 καὶτοῦ
848 2185 1084 2256 πονηροῦ
1120 2187 1378 2258 ποιμένος
1417 2188 1774 2258 ἀπαλλαγεὶς,
1803 2189 1896 2242 λέ-

320 2286 406 2337 γει
442 2270 522 2335 τὸ,
552 2274 768 2342 Κύριος
797 2278 1094 2345 ποιμαίνει
1129 2295 1224 2347 με.
1259 2279 1369 2332 Καὶ
1417 2280 1598 2333 οὐκέτι
1645 2280 1894 2345 θάνατος,

319 2361 454 2416 ἀλλὰ
487 2362 597 2434 ζωή
620 2381 634 2394 ·
667 2367 850 2420 οὐκέτι
877 2369 1104 2433 πτῶσις,
1128 2369 1242 2422 ἀλλ’
1265 2371 1561 2434 ἀνάστασις
1581 2387 1594 2400 ·
1625 2371 1807 2424 οὐκέτι
1835 2373 1898 2424 τὸ

318 2453 533 2521 ψεῦδος,
568 2456 681 2509 ἀλλ’
713 2460 747 2528 ἡ
782 2459 1028 2530 ἀλήθεια.
1069 2461 1182 2514 Καὶ
1217 2463 1256 2530 ἡ
1285 2461 1537 2529 ,βοήθεια
1565 2461 1762 2516 αὐτῶν
1787 2479 1898 2515 πα-

319 2548 710 2613 λαιωθήσεται
740 2551 810 2603 ἐν
854 2550 933 2616 τῷ
973 2552 1108 2621 ᾄδῃ.
1144 2554 1300 2606 Ἤτοι
1347 2555 1477 2625 περὶ
1528 2553 1623 2607 τοῦ
1664 2553 1896 2610 θανάτου

319 2640 487 2708 λέγει,
531 2641 626 2694 τοῦ
678 2643 752 2713 μὴ
792 2643 1110 2715 δυνηθέντος
1167 2645 1306 2715 μετὰ
1349 2645 1529 2717 πάσης
1577 2646 1742 2699 αὑτοῦ
1798 2649 1896 2719 τῆς

321 2730 573 2802 βοηθείας
609 2733 958 2806 ἀντισχέσθαι
991 2737 1096 2790 τῶν
1130 2737 1221 2790 ὑπ’
1255 2737 1420 2791 αὑτοῦ
1461 2739 1896 2809 ποιμαινομένων

317 2825 406 2878 διὰ
437 2827 527 2878 τὸν
557 2826 894 2881 καταλύοντα
923 2829 1011 2880 τὸν
1049 2829 1110 2882 τὸ
1149 2830 1349 2902 κράτος
1378 2829 1569 2900 ἔχοντα
1601 2831 1696 2884 τοῦ
1731 2831 1897 2886 θανά-

317 2935 410 2970 του
436 2936 449 2948 *
498 2913 573 2973 ὧν
615 2921 764 2973 πᾶσα
794 2923 826 2991 ή
863 2921 1085 2992 βοήθεια
1130 2923 1335 2979 παλαιὰ
1376 2925 1469 2978 καὶ
1498 2925 1751 2998 ἀσθενής.
1783 2927 1895 2980 Καὶ

317 3011 437 3064 τότε
480 3011 926 3082 ἐξελεγχθήσεται
959 3016 992 3084 ὴ
1042 3013 1260 3086 βοήθεια
1297 3014 1404 3069 τῶν
1442 3015 1746 3086 ἀνθρώπων
1787 3015 1895 3069 τῶν

2015 545 2109 586 eas
2127 543 2184 585 ut
2209 545 2516 600 pascerent.
2536 533 2581 586 Ε
2587 542 2604 586 ι
2621 534 3034 588 dominabuntur
3046 551 3225 588 eorum
3244 536 3369 588 recti
3393 536 3446 588 in
3469 553 3586 588 ma-

2006 621 2198 675 tutino.
2222 621 2454 678 Cuilibet
2476 623 2619 678 enim
2651 623 2884 678 ﬁdelium
2908 634 2988 680 est
3018 625 3238 693 angelus
3274 625 3580 695 adjunctus,

2005 714 2094 782 qui
2129 713 2324 784 dignus
2361 726 2444 770 est
2497 716 2588 786 qui
2641 717 3007 772 diversantem
3059 718 3110 770 in
3173 717 3328 772 caelis
3368 717 3582 771 Patrem

2006 805 2203 858 videat.
2248 802 2309 857 lli
2354 805 2520 872 igitur
2555 806 2687 859 recti
2715 806 2796 860 eis
2835 821 2900 861 ex
2936 806 3274 861 amarissima
3322 810 3586 863 servitute

2007 896 2249 951 liberatis
2277 896 2720 962 dominabuntur,
2753 907 2809 953 et
2835 899 3266 954 dominabuntur
3299 901 3430 969 ipsis
3456 918 3584 956 con-

2007 988 2213 1042 stitutis
2245 988 2299 1041 in
2334 989 2603 1043 matutino
2623 1031 2638 1056 ,
2671 990 2776 1044 hoc
2800 1000 2904 1054 est,
2931 992 2998 1044 ad
3035 990 3171 1046 lucis
3201 1003 3451 1046 exortum
3490 1009 3583 1046 ac-

2005 1082 2348 1135 cedentibus.
2384 1080 2680 1136 Considera
2714 1096 2929 1137 omnem
2959 1083 3250 1138 verborum
3284 1081 3584 1152 Scriptura:

2007 1175 2204 1226 seriem
2237 1191 2250 1226 :
2288 1171 2460 1226 Homo
2495 1190 2613 1226 cum
2640 1175 2693 1226 in
2727 1176 2924 1228 honore
2953 1185 3107 1239 esset,
3144 1193 3248 1228 non
3287 1171 3580 1239 intellexit;

2006 1273 2343 1332 comparatus
2383 1265 2740 1334 estjumentis
2781 1266 3171 1334 insipientibus.
3221 1266 3323 1332 Qui
3369 1281 3436 1320 ex
3486 1282 3582 1320 sua

2006 1357 2315 1410 conditione
2354 1355 2519 1410 habet
2547 1356 2891 1426 dignitatem,
2931 1369 2980 1411 et
3025 1367 3244 1425 propter
3274 1356 3584 1410 inhabitans

2007 1450 2057 1502 in
2088 1450 2204 1517 ipso
2240 1459 2526 1518 peccatum
2549 1491 2563 1514 ,
2598 1465 2706 1504 non
2748 1451 3026 1520 cognoscit
3065 1464 3126 1506 se
3169 1450 3344 1519 ipsum
3367 1489 3382 1514 ,
3416 1450 3462 1503 is
3491 1449 3583 1518 ju-

2007 1542 2204 1595 mentis
2239 1552 2587 1610 comparatus
2621 1552 2724 1597 est.
2770 1543 2973 1598 Deinde
3015 1543 3236 1613 quod-a
3278 1541 3444 1597 verbo
3486 1541 3583 1596 Dei

2005 1645 2125 1684 sese
2163 1632 2516 1695 abalienavit,
2553 1631 2804 1687 eﬂ'ectum
2836 1634 3080 1698 brutum,
3116 1634 3265 1690 velut
3293 1649 3450 1690 ovem
3487 1650 3584 1704 pa-

2007 1734 2152 1778 store
2199 1725 2513 1779 destitutam
2557 1726 2816 1780 inimicus
2862 1727 3124 1796 abripuit,
3177 1728 3470 1798 posuitque
3524 1727 3583 1780 in

2004 1817 2236 1884 inferno,
2281 1826 2335 1872 et
2364 1819 2524 1873 morti
2561 1819 2784 1872 tradidit
2828 1822 3180 1888 pascendum.
3232 1820 3582 1889 Quapropter

2004 1911 2130 1965 inde
2151 1921 2463 1981 exemptus,
2493 1919 2546 1965 et
2573 1927 2601 1963 a
2630 1911 2868 1981 maligno
2900 1921 3117 1979 pastore
3142 1911 3427 1976 liberatus,
3460 1911 3535 1964 ait
3561 1929 3576 1964 :

2002 2002 2260 2056 Dominus
2303 2005 2466 2072 pascit
2508 2019 2587 2056 me
2609 2004 2677 2065 9⁸,
2728 2013 2783 2055 et
2818 2016 2923 2057 non
2978 2003 3212 2072 amplius
3263 2018 3429 2067 mors,
3483 2002 3582 2057 sed

2001 2095 2110 2148 vita
2143 2111 2156 2147 :
2192 2108 2297 2147 non
2325 2093 2556 2163 amplius
2585 2109 2767 2159 casus,
2802 2096 2897 2148 sed
2924 2095 3254 2148 resurrectio
3286 2114 3298 2148 :
3331 2111 3436 2148 non
3463 2110 3582 2147 am-

2001 2186 2142 2256 plius
2177 2186 2541 2250 mendacium,
2586 2186 2680 2240 sed
2716 2187 2941 2240 veritas.
2978 2185 3049 2238 Et
3091 2186 3357 2238 auxilium
3396 2201 3579 2239 eorum

2001 2291 2279 2335 ueterascet
2323 2281 2377 2333 in
2421 2280 2654 2347 inferno.
2687 2281 2793 2332 Aut
2831 2277 3073 2348 loquitur
3102 2279 3168 2332 de
3200 2288 3408 2343 morte,
3458 2294 3582 2348 qua:

2001 2388 2120 2425 cum
2156 2371 2302 2427 omni
2335 2385 2434 2426 suo
2482 2371 2738 2440 praesidio
2768 2386 2898 2438 eos,
2932 2386 3070 2440 quos
3103 2370 3390 2440 pascebat.
3435 2370 3582 2425 deti-

2002 2479 2132 2520 nere
2166 2479 2273 2519 non
2301 2464 2492 2533 potuit,
2526 2472 2747 2534 propter
2785 2463 2934 2516 illum
2965 2480 2992 2516 a
3017 2477 3125 2530 quo
3149 2462 3466 2516 destructus
3496 2469 3583 2516 est

2003 2557 2046 2610 is
2082 2559 2172 2624 qni
2207 2555 2402 2609 mortis
2449 2556 2684 2610 habebat
2715 2554 3004 2623 imperium
3031 2552 3113 2618 9';
3153 2568 3384 2624 quorum
3415 2568 3581 2608 omne

2000 2645 2261 2698 auxilium
2295 2655 2451 2698 vetus
2473 2653 2528 2698 et
2560 2645 2832 2697 inﬁrmum
2858 2655 2963 2699 est.
3000 2644 3263 2714 Tuncque
3287 2644 3580 2716 redargue-

2003 2746 2087 2790 tur
2123 2737 2382 2791 auxilium
2412 2737 2692 2790 hominum
2724 2750 2936 2802 eorurn,
2981 2738 3075 2806 qui
3113 2748 3296 2791 mente
3333 2736 3577 2805 decepti,

1999 2830 2068 2884 ob
2099 2829 2314 2882 divitias
2354 2828 2696 2897 gloriamque
2741 2837 2795 2881 et
2830 2840 3159 2897 potestatem
3192 2843 3253 2884 se
3299 2828 3400 2897 ipsi
3434 2827 3580 2882 mul-

2001 2935 2111 2974 tum
2144 2919 2398 2975 efferunt.
2434 2919 2501 2972 In
2533 2920 2738 2988 inferno
2768 2932 3047 2974 veterascet
3080 2932 3214 2985 tum,
3247 2936 3371 2974 cum
3411 2921 3580 2975 fuerit

1998 3027 2187 3067 eorum
2220 3011 2568 3066 imbecillitas
2604 3011 2960 3081 deprehensa.
2997 3013 3103 3066 Aut
3139 3014 3278 3067 forte
3310 3012 3574 3066 auxilium

317 3101 684 3172 ἠπατημένων
727 3102 838 3165 (16)
867 3106 934 3174 τῇ
962 3102 1190 3174 διανοίᾳ,
1232 3104 1309 3175 τῷ
1345 3104 1580 3175 πλούτῳν
1615 3106 1708 3159 καὶ
1742 3103 1892 3176 δόξῃν

2000 3103 2262 3173 iustorum
2310 3117 2446 3170 quos
2484 3103 2714 3156 redemit
2763 3102 3045 3167 Dominus,
3089 3105 3142 3156 in
3181 3101 3396 3157 inferno
3444 3116 3575 3171 pro-

319 3194 411 3246 κα“ι
459 3192 744 3263 δυναστείᾳ
783 3194 925 3264 μέγα
971 3195 1328 3266 φρονούντων.
1372 3197 1466 3250 Ἐν
1500 3196 1581 3263 τῷ
1624 3197 1738 3266 ᾅδῃ
1782 3213 1896 3252 πα-

317 3285 729 3353 λαιωθήσεται,
793 3286 1154 3360 ὲλεγχομένης
1202 3290 1382 3344 αὐτῶν
1439 3291 1538 3361 τῆς
1583 3292 1889 3354 ἀσθενείας.

321 3381 390 3432 Ἢ
428 3381 636 3450 μήποτε
665 3383 697 3453 ἡ
728 3381 948 3453 βοήθεια
982 3383 1089 3436 τῶν
1121 3383 1343 3438 δικαίων
1372 3383 1480 3436 τῶν
1507 3385 1890 3456 λυτρωθέντων

318 3470 468 3535 παρὰ
499 3471 702 3542 Κυρίου
736 3474 1180 3544 παραταθήσεται
1216 3477 1274 3527 ὲν
1307 3474 1384 3545 τῷ
1416 3475 1540 3548 ᾄδῃ.
1581 3473 1746 3527 Οὔπω
1777 3476 1887 3544 γὰρ

316 3560 641 3630 ἐκομίσαντο
665 3561 763 3624 τὰς
790 3565 1138 3632 ἐπαγγελίας,
1163 3565 1256 3616 τοῦ
1279 3564 1413 3618 Θεοῦ
1445 3566 1572 3637 περί
1594 3565 1748 3636 ἡμῶν
1775 3563 1886 3635 (17)

316 3653 560 3721 κρεῖττόν
585 3671 636 3707 τι
671 3654 1142 3727 προϐλεψαμένου,
1174 3658 1262 3712 ἴνα
1303 3659 1378 3730 μὴ
1409 3659 1576 3737 χωρὶς
1614 3657 1770 3728 ἡμῶν
1799 3675 1889 3709 τε-

312 3741 606 3798 λειωθῶσιν
635 3749 685 3798 oi
715 3747 1121 3818 προειληφότες.
1153 3748 1324 3817 Πλὴν
1354 3753 1386 3803 ό
1410 3749 1553 3814 Θεὸς
1589 3746 1889 3816 λυτρώσε-

313 3853 407 3890 ται
450 3838 553 3906 τὴν
609 3839 821 3909 ψυχήν
858 3859 977 3909 μου
1007 3841 1075 3894 ἐκ
1119 3841 1317 3910 χειρὸς
1351 3842 1521 3909 ᾅδου,
1553 3841 1696 3894 ὅταν
1733 3844 1887 3908 λαμ-

2006 3195 2274 3250 tondetur.
2307 3192 2559 3248 Nondum
2596 3193 2742 3246 enim
2780 3202 3109 3261 acceperant
3144 3192 3576 3262 promissiones,

2001 3286 2144 3353 quod
2178 3286 2319 3339 Deus
2346 3285 2414 3340 de
2453 3284 2616 3338 nobis
2643 3283 2835 3337 melius
2864 3284 2994 3352 quid
3028 3283 3336 3350 providerat
3371 3284 3412 3350 ¹;
3439 3298 3508 3337 ne
3540 3283 3579 3336 ii

1999 3379 2092 3448 qui
2119 3377 2470 3445 prmiverant,
2503 3376 2623 3432 sine
2653 3375 2809 3429 nobis
2839 3385 3375 3430 consumrnarentur.
3410 3373 3576 3428 Vsus.

2000 3470 2088 3524 16.
2155 3468 2528 3523 Verumtamen
2582 3467 2728 3522 Deus
2763 3468 2982 3520 redimet
3024 3470 3258 3520 animam
3308 3483 3477 3519 meam
3510 3468 3576 3519 de

1999 3578 2158 3614 manu
2191 3559 2375 3629 inferi,
2403 3576 2520 3612 cum
2555 3558 2814 3628 acceperit
2845 3573 2944 3612 me.
2971 3555 3155 3610 Palam
3183 3557 3433 3625 praedicit
3469 3555 3576 3610 Do-

1997 3653 2128 3706 mini
2155 3653 2221 3707 ad
2255 3652 2459 3707 inferos
2483 3653 2828 3716 descensum,
2850 3650 2940 3719 qui
2974 3665 3079 3703 una
3104 3663 3227 3702 cum
3257 3649 3378 3702 aliis
3403 3649 3576 3718 ipsius

2000 3749 2164 3802 etiam
2205 3747 2489 3818 Prophetas
2522 3746 2762 3801 animam
2801 3745 3083 3808 liberabit,
3129 3755 3187 3798 ut
3225 3761 3293 3799 ne
3331 3743 3442 3797 illic
3481 3759 3573 3797 re-

1998 3848 2233 3893 maneat.

312 3931 464 4004 σάνῃ
497 3952 592 4005 με.
627 3936 825 4007 Σαφῶς
859 3937 1190 4009 προφητεύει
1225 3939 1321 4010 τὴν
1348 3937 1440 3991 τοῦ
1487 3937 1690 4008 Κυρίου
1718 3934 1943 3989 κάθοδον
1977 3935 2086 4005 (18)
2128 3937 2208 3998 είς
2241 3933 2389 4006 ᾅδου,
2419 3934 2480 3998 ὃς
2503 3934 2640 4004 μετὰ
2708 3933 2816 3989 τῶν
2883 3933 3058 3989 ἄλλων
3121 3935 3215 3986 καὶ
3279 3932 3446 3988 αὑτοῦ
3481 3931 3575 3985 lu-

309 4029 578 4101 τρώσεται
603 4034 694 4087 τοῦ
728 4035 1014 4106 Προφήτου
1039 4036 1136 4106 τὴν
1166 4034 1361 4106 ψυχὴν,
1385 4035 1459 4098 ὡς
1488 4034 1561 4105 μὴ
1591 4035 1939 4102 ὲναπομεῖναι
1973 4033 2105 4084 ἐκεῖ.

389 4123 476 4176 10.
518 4125 614 4193 Μὴ
659 4127 876 4195 φοϐοῦ,
911 4129 1058 4182 ὅταν
1105 4127 1422 4198 πλουτήσῃ
1471 4127 1801 4204 ἄνθρωπος,
1845 4126 1884 4195 ἢ

312 4215 458 4270 ὅταν
480 4219 801 4288 πληθυνθῇ
832 4223 870 4290 ἡ
899 4221 1050 4286 δόξα
1081 4220 1186 4274 τοῦ
1214 4221 1384 4275 οἴκου
1411 4221 1618 4275 αὐτοῦ.
1651 4218 1749 4288 Μὴ
1781 4237 1887 4288 φο-

312 4307 441 4372 ϐοῦ,
464 4311 647 4380 φησὶν,
671 4311 817 4365 ὅταν
840 4313 1158 4381 πλουτήσῃ
1192 4311 1500 4380 ἄνθρωπος
1530 4311 1661 4379 (19).
1698 4311 1886 4378 Ἀναγ-

310 4401 465 4453 καῖον
493 4399 765 4454 καὶτοῦτο
792 4400 851 4454 τὸ
879 4405 1138 4472 κήρυγμα
1169 4404 1279 4464 τοῖς
1292 4399 1389 4472 τὴν
1404 4399 1729 4470 οἰκουμένην
1755 4417 1884 4453 κατ-

307 4489 541 4553 οικοῦσι,
566 4491 678 4552 τοίς
701 4508 761 4542 τε
797 4490 1051 4561 γηγενέσι
1106 4491 1200 4544 καὶ
1229 4493 1340 4553 τοῖς
1367 4493 1500 4554 υἱοῖς
1529 4489 1638 4545 τῶν
1671 4488 1881 4562 ἀνθρώ-

312 4598 450 4644 πων,
502 4579 776 4644 πλουσίοις
811 4598 871 4633 τε
922 4581 1058 4651 ὁμοῦ
1114 4582 1208 4636 καὶ
1254 4581 1466 4651 πένησι.
1524 4580 1624 4650 Μὴ
1671 4581 1881 4650 φοϐοῦ,

311 4670 458 4724 ὅταν
477 4669 797 4738 πλουτήσῃ
832 4670 1160 4738 ἄνθρωπος.
1191 4671 1355 4724 Ὅταν
1389 4673 1526 4742 ἴδῃς,
1563 4673 1746 4743 φησιν,
1776 4671 1885 4725 ἄδι-

310 4780 404 4815 κον
437 4763 536 4832 μὲν
562 4761 914 4828 πλουτοῦντα,
947 4762 1152 4815 δίκαιον
1183 4762 1239 4814 δὲ
1270 4763 1582 4832 πενόμενον,
1617 4761 1690 4832 μὴ
1720 4763 1886 4833 φοϐη-

309 4854 407 4926 θῇς
445 4855 584 4908 κατὰ
625 4855 880 4908 σεαυτόν’
925 4856 999 4926 μὴ
1038 4854 1279 4927 πτοηθῇς
1321 4857 1388 4926 τῇ
1419 4855 1643 4928 διανοίᾳ,
1672 4856 1745 4919 ὡς
1769 4857 1874 4926 ἄρα

378 5021 422 5053 ⁸⁸
460 5019 602 5077 Psal.
634 5021 855 5088 xxn,'l.
928 5021 973 5054 ⁹⁹
1009 5021 1171 5076 Hebr.
1200 5038 1261 5088 ιι,
1290 5022 1374 5077 14.
1458 5022 1677 5080 '.liebr.
1716 5038 1790 5086 ιιι,
1827 5021 1916 5076 40.

384 5199 490 5323 (lii)
515 5200 607 5255 Sic
629 5216 759 5257 mss.
792 5213 1043 5271 quatuor.
1081 5201 1221 5257 Editi
1252 5217 1373 5257 cum
1412 5203 1545 5270 Reg.
1599 5211 1753 5256 sexto
1797 5199 1874 5273 τῷ

385 5290 429 5323 ω
457 5311 470 5323 .

306 5288 348 5325 π
353 5288 449 5325 οωι
457 5311 470 5324 ,

353 5289 490 5411 ((111)
530 5340 821 5412 Colhertiui
875 5343 1082 5408 primus
1125 5351 1178 5393 et
1218 5353 1402 5412 sextus
1431 5357 1552 5396 cum
1596 5343 1727 5412 Reg.
1761 5354 1874 5396 ter-

306 5411 380 5466 tio
411 5413 537 5474 τοὺς
568 5411 956 5482 γενομένους...
991 5414 1117 5474 τοὺς
1141 5411 1490 5476 ὑπελθόντας.
1533 5412 1600 5465 Αι
1625 5411 1710 5467 alii
1735 5426 1863 5467 mss.

304 5497 408 5534 non
441 5484 591 5546 pauci
621 5497 744 5535 cum
773 5485 932 5536 editis
954 5493 1012 5534 ιιι
1041 5485 1094 5535 in
1129 5493 1298 5537 textu.

375 5551 486 5618 (15)
514 5549 644 5620 Reg.
679 5554 868 5606 tertius
893 5552 1039 5606 θείου
1071 5552 1254 5621 λόγου,
1289 5572 1318 5607 a
1341 5553 1490 5606 verbo
1509 5551 1704 5606 divino.

373 5621 482 5690 (l6)
518 5621 592 5672 lta
647 5621 939 5676 Colhertiui
995 5625 1239 5690 primus,
1286 5625 1528 5690 quintus,
1591 5633 1776 5676 sextus
1817 5629 1869 5676 et

302 5692 580 5762 septimus,
619 5691 838 5762 perinde
878 5705 1040 5762 atque
1096 5693 1246 5762 llegii
1289 5695 1481 5746 tertius
1527 5702 1581 5744 et
1614 5703 1860 5759 quartus.

304 5759 442 5815 Editi
465 5775 585 5816 cum
618 5760 796 5831 Regiis
822 5759 1058 5820 secundo
1095 5773 1149 5819 ει
1180 5759 1333 5820 sexto
1360 5761 1707 5833 ὴπατημένῃ.

2068 4125 2154 4180 10.
2197 4124 2360 4182 Vens.
2392 4127 2479 4181 17.
2524 4125 2606 4181 Νε
2629 4127 2886 4192 timueris,
2927 4142 3047 4179 cum
3080 4125 3224 4179 diues
3255 4127 3426 4194 [actus
3456 4125 3572 4194 [ue-

1995 4217 2060 4268 rit
2095 4215 2274 4281 homo,
2313 4216 2390 4270 vel
2419 4234 2539 4271 cum
2574 4216 2922 4287 multiplicata
2958 4217 3122 4286 fuerit
3163 4217 3335 4286 gloria
3381 4217 3570 4270 domus

1992 4308 2124 4374 ejus.
2175 4306 2258 4361 Ne
2299 4309 2564 4374 timueris,
2611 4310 2806 4377 inquit,
2854 4325 2973 4362 cum
3003 4309 3146 4362 dives
3185 4307 3361 4376 factus
3403 4309 3567 4374 fuerit

1992 4397 2166 4453 homo.
2195 4400 2515 4456 Necessaria
2549 4413 2632 4455 est
2666 4411 2720 4456 et
2756 4402 2870 4455 haec
2898 4400 3218 4470 praedicatio
3243 4400 3309 4453 iis
3342 4401 3432 4467 qui
3474 4413 3567 4452 or-

1994 4492 2111 4546 bem
2142 4493 2412 4558 habitant,
2459 4495 2858 4562 terrigenisque
2883 4510 2946 4550 ac
2979 4493 3106 4548 ﬁliis
3143 4493 3447 4554 hominum,
3488 4490 3568 4543 dr-

1996 4585 2300 4654 vitibusque
2335 4585 2496 4640 simul
2531 4596 2587 4641 et
2635 4586 2982 4656 pauperibus.
3020 4585 3104 4639 Ne
3133 4586 3371 4638 timueris
3394 4623 3409 4646 ,
3449 4599 3568 4636 cum

1994 4678 2135 4730 dives
2165 4678 2337 4746 factus
2369 4679 2528 4747 fuerit
2554 4680 2730 4733 homo.
2765 4678 2902 4733 Cum
2945 4678 3169 4741 videris,
3201 4677 3394 4744 inquit,
3425 4675 3567 4741 injuo

1993 4780 2135 4826 stum
2166 4773 2544 4838 ditescentem,
2568 4773 2772 4842 justum
2804 4786 2936 4826 vero
2964 4779 3234 4838 egentem,
3273 4784 3340 4822 ne
3373 4769 3566 4821 timeas

1993 4864 2135 4932 apud
2169 4863 2547 4932 temetipsum;
2580 4879 2646 4919 ne
2674 4863 3046 4918 consterneris
3068 4861 3271 4926 animo,
3304 4867 3561 4913 tanonam

2055 5202 2166 5272 (1'1)
2195 5200 2351 5272 illud,
2377 5202 2506 5272 περὶ
2531 5200 2712 5272 ἡμῶν,
2743 5199 2897 5272 abest
2919 5214 2949 5252 a
2975 5206 3214 5272 quatuor
3246 5213 3375 5272 ιιιεεἔ

2057 5266 2165 5338 (18)
2194 5270 2327 5339 Reg.
2371 5266 2698 5340 teriius'coﬁ
2765 5266 3020 5340 Χριστοῦ
3053 5268 3299 5322 κάθοδον.
3353 5266 3555 5340 Ibidem

1985 5337 2153 5398 editio
2184 5337 2472 5410 Parisxﬁv
2499 5342 2576 5403 εἰς
2603 5340 2749 5410 ᾅδου.
2780 5337 3067 5410 υεεειὲτήν
3108 5341 3158 5391 in
3210 5340 3275 5394 iis
3307 5351 3447 5406 quos
3479 5337 3559 5388 vi-

1975 5412 2152 5467 dimus
2199 5407 2473 5464 codiuilnis
2507 5419 2562 5462 et
2591 5407 2642 5462 in
2671 5411 2906 5464 editione
2931 5407 3093 5462 BaSil.

2047 5481 2156 5551 (19)
2195 5481 2304 5551 Illa.
2335 5480 2426 5550 Μὴ
2475 5478 2662 5548 φοϐοῦ,
2722 5480 2907 5551 φησὶν,
2930 5479 3110 5551 *ὅτανΑ
3140 5477 3419 5551 πλουτήσῃ
3453 5478 3553 5551 ἄν·

1975 5546 2213 5621 θρωπος,
2245 5546 2437 5603 desuni.
2488 5546 2702 5621 quidem
2731 5546 2794 5602 in
2811 5548 2974 5621 editis
3007 5557 3061 5601 et
3099 5548 3153 5599 in
3190 5546 3344 5621 Gnlh.
3387 5546 3556 5621 sopti-

1978 5617 2064 5676 tno
2095 5638 2106 5670 :
2151 5621 2244 5674 sed
2271 5621 2523 5687 leguntur
2548 5619 2602 5671 in
2632 5619 2814 5688 Regiis
2841 5619 3035 5687 primo,
3059 5617 3315 5679 secundo,
3371 5618 3552 5676 tertio,

1977 5699 2174 5758 quarto
2208 5698 2261 5743 et
2287 5699 2462 5753 sexto,
2494 5689 2655 5756 inque
2677 5689 3002 5758 Colhertinis
3044 5688 3241 5758 primo.
3273 5688 3460 5747 quinto
3501 5695 3555 5740 et

1975 5757 2146 5818 s’ex'o.
2188 5759 2382 5817 Statim
2415 5758 2544 5832 Reg.
2581 5761 2770 5817 tertius
2796 5757 2876 5813 ἔτι
2908 5759 3000 5814 καὶ
3029 5760 3142 5821 τοῖς
3192 5757 3350 5820 υἱοῖς.
