4016 6220
414 275 514 330 ίῦδ

1757 272 1816 328 S.
1853 273 1934 327 BA
1947 269 2098 328 SlLll
2139 269 2349 324 MAGNI

3565 260 3679 322 456

412 393 456 444 si
497 402 756 455 nusquam
801 386 870 440 sit
906 383 1244 454 providentia
1278 384 1391 450 Dei,
1437 399 1556 453 quae
1592 400 1678 441 res
1711 387 1973 440 humanas

2081 386 2318 458 οὐδαμοῦ
2355 385 2468 438 ἔστι
2514 385 2740 457 πρόνοια
2773 383 2908 437 Θεοῦ
2945 382 3318 437 ἐπισκοποῦσα
3358 383 3426 436 τά
3461 385 3680 454 ἀνθρώ-

413 481 701 551 inspiciat;
733 479 918 533 aut-sit
950 479 1166 548 quidem
1199 476 1452 533 fortassis
1480 478 1746 545 inspectio
1777 479 1977 543 divina,

411 575 506 628 sed
542 588 604 627 ea
636 585 977 641 nequaquam
1011 571 1077 624 ad
1119 579 1435 624 terrestrem
1480 569 1658 625 locum
1687 571 1978 639 pertingat,

411 668 546 720 adeo
576 675 634 719 ut
660 680 746 718 res
773 677 986 732 quoque
1021 673 1236 718 nostras
1262 663 1420 732 187
1449 663 1758 727 intueatur;
1778 672 1979 716 etenim

411 759 455 813 si
485 767 632 812 esset
655 757 1012 824 providentia,
1040 757 1332 824 unicuique
1361 755 1709 810 distribueret
1734 753 1975 824 propria,

413 850 491 904 sic
521 856 580 902 ut
623 849 816 902 divites
849 849 1064 916 quidem
1104 855 1288 902 essent
1322 846 1476 915 justi.
1527 845 1618 914 qui
1656 845 1861 900 divitiis
1903 846 1979 898 uti

413 943 658 997 scirent:
691 956 955 1010 pauperes
983 956 1113 995 vero
1139 951 1325 994 essent
1354 939 1500 1001 mali,
1547 938 1745 1007 quibus
1780 936 1981 991 divitiae

413 1036 832 1088 instrumentum
862 1030 1037 1085 forent
1071 1045 1184 1085 suae
1208 1032 1450 1099 ipsorum
1486 1027 1813 1097 iniquitatis.
1842 1025 1977 1078 Cum

413 1127 577 1195 igitur
617 1123 769 1177 multi
804 1124 912 1177 sint
938 1124 1080 1177 inter
1110 1131 1301 1192 gentes
1336 1132 1498 1190 atque
1529 1120 1854 1186 terrigenas,
1888 1117 1978 1185 qui

414 1217 540 1268 talia
564 1215 828 1278 sentiunt,
857 1215 1056 1283 quique
1091 1224 1311 1283 propter
1345 1219 1695 1281 apparentem
1742 1210 1982 1277 inaequa-

414 1309 617 1362 litatem
648 1306 1046 1362 distributionis
1073 1321 1250 1359 rerum
1283 1307 1347 1358 ad
1373 1306 1537 1359 vitam
1564 1301 1978 1369 pertinentium,

411 1397 668 1450 mundum
710 1397 843 1450 citra
877 1396 1271 1464 providentiam
1305 1394 1416 1462 regi
1462 1393 1842 1461 suspicantur;
1876 1389 1974 1442 bos

408 1486 698 1555 compellat
727 1501 925 1550 sermo,
956 1486 1284 1539 ineruditum
1316 1485 1554 1554 ipsorum
1586 1468 1790 1536 motum
1822 1495 1978 1534 coer-

409 1594 575 1634 cens:
607 1593 739 1646 quos
780 1579 898 1646 ipso
937 1579 1097 1630 etiam
1129 1576 1284 1630 initio
1315 1577 1380 1628 ad
1421 1575 1685 1628 audienda
1717 1574 1974 1642 dogmata

409 1670 690 1726 invitabat.
732 1670 839 1724 Ant
884 1672 1045 1723 etiam
1090 1669 1342 1737 privatim
1392 1668 1456 1721 ad
1498 1667 1666 1722 solam
1716 1670 1974 1736 pauperis

2091 499 2218 533 πινα
2239 496 2250 508 ·
2285 482 2318 551 ἦ
2347 482 2462 532 ἐστι
2494 480 2592 550 μέν
2616 496 2718 536 που
2744 479 2885 549 τάχα
2917 480 2949 549 ἡ
2991 477 3111 530 θεία
3142 477 3434 547 ἐπισκοπὴ,
3466 479 3527 529 οὐ
3562 478 3676 547 μὴν

2089 571 2180 624 καὶ
2212 571 2348 641 πρὸς
2383 570 2472 622 τὸν
2514 569 2790 640 περίγειον
2835 569 3000 621 τόπον
3033 566 3246 636 φθάνει,
3288 566 3429 619 ὥστε
3468 568 3557 620 καὶ
3601 566 3673 618 τὰ

2089 664 2332 734 ἡμέτερα
2370 663 2592 734 ὲφορᾷν.
2636 663 2700 714 Εἰ
2742 662 2850 731 γάρ
2891 661 3114 732 πρόνοια
3143 655 3233 730 ἦν,
3265 658 3478 729 ἑκάστῳ
3508 658 3670 728 μερίσ-

2089 757 2256 818 ζουσα
2299 756 2368 808 τὰ
2404 759 2601 821 οἰκεῖα,
2631 756 2772 809 ὥστε
2814 755 3063 808 πλουτεῖν
3096 755 3195 824 μὲν
3239 754 3365 817 τοὺς
3403 753 3669 816 δικαίους,

2087 851 2214 911 τοὺς
2249 849 2642 919 ἐπισταμένους
2677 849 2756 918 τῷ
2796 848 3010 918 πλούτῳ
3044 846 3371 917 χρήσασθαι,
3408 843 3672 898 πένεσθαι

2087 940 2141 992 δὲ
2176 941 2301 1004 τοὺς
2335 941 2604 1012 πονηροὺς
2630 943 2754 1005 τοὺς
2789 941 3009 1010 ἔχοντας
3050 940 3160 1009 (20)
3185 940 3415 1009 ὖργανον
3453 938 3552 1007 τῆς
3582 939 3670 990 οἱ·

2089 1029 2242 1093 κείας
2266 1032 2529 1102 πονηρίας
2567 1032 2658 1083 τὸν
2700 1030 2951 1086 πλοῦτον.
2999 1029 3149 1082 Ἐπεὶ
3181 1025 3273 1082 οὖν
3304 1028 3485 1081 πολλοί
3528 1029 3671 1080 εἰσιν

2089 1126 2146 1177 ὲν
2172 1128 2282 1188 τοῖς
2308 1124 2483 1177 ἔθνεσι
2513 1124 2606 1177 καὶ
2635 1126 2748 1188 τοῖς
2775 1124 3064 1194 γηγενέσιν
3089 1123 3138 1176 οἱ
3179 1121 3246 1176 τά
3279 1120 3500 1174 τοιαῦτα
3530 1136 3670 1190 φρο-

2088 1217 2324 1282 νοῦντες,
2367 1217 2460 1268 καὶ
2494 1216 2579 1269 διὰ
2603 1216 2701 1287 τὴν
2730 1215 3060 1286 φαινομένην
3085 1213 3402 1284 ἀνωμαλίαν
3429 1213 3519 1265 τοῦ
3545 1213 3673 1262 ὲπι-

2091 1309 2358 1380 μερισμοῦ
2395 1309 2502 1361 τῶν
2539 1307 2809 1378 βιωτικῶν
2841 1308 3181 1378 πραγμάτων
3215 1304 3549 1376 ἀπρονόητον
3583 1301 3668 1356 εἷ-

2088 1418 2174 1454 ναι
2209 1401 2298 1453 τὸν
2341 1402 2542 1471 κόσμον
2573 1399 3045 1471 ὑπολαμϐάνοντες
3066 1416 3078 1428 ·
3116 1398 3326 1461 τούτοις
3357 1396 3667 1464 διαλέγεται

2087 1493 2114 1544 ὁ
2141 1492 2316 1562 λόγος,
2351 1492 2728 1546 καταστέλλων
2749 1489 2928 1544 αὐτῶν
2951 1489 3050 1560 τὴν
3077 1489 3400 1542 ἀπαίδευτον
3428 1488 3662 1558 κίνησιν·

2087 1584 2179 1648 οὓς
2205 1585 2297 1638 καὶ
2325 1586 2382 1638 ἐν
2411 1584 2712 1656 προοιμίοις
2738 1585 2830 1636 ἐπὶ
2849 1583 2948 1654 τὴν
2973 1581 3235 1653 ἀκρόασιν
3261 1582 3370 1634 τῶν
3398 1580 3664 1651 διδαγμά-

2087 1693 2193 1730 των
2225 1677 2426 1730 ἐκάλει.
2461 1678 2534 1729 Ἤ
2564 1693 2664 1728 που
2717 1675 2811 1729 κα)⁸
2863 1674 3000 1745 πρὸς
3047 1674 3205 1744 μόνον
3233 1673 3378 1736 ίδίως
3404 1671 3466 1725 τὸ
3493 1672 3668 1743 πρόσ-

407 1779 696 1836 personam
723 1763 1026 1815 orationem
1057 1761 1347 1823 convertit,
1382 1760 1569 1813 dicens
1601 1777 1613 1811 :
1654 1757 1733 1811 Ne
1766 1757 1971 1823 timeas,

2080 1785 2222 1822 ωπον
2239 1769 2332 1822 τοῦ
2359 1769 2582 1839 πένητος
2604 1767 2943 1821 ἀποτείνεται
2965 1766 3158 1834 λέγων’
3176 1764 3270 1831 Μὴ
3289 1762 3492 1834 φοϐοῦ,
3519 1763 3667 1814 ὅταν

407 1874 522 1910 cum
551 1857 691 1908 dives
731 1843 900 1922 factus
933 1855 1089 1924 fuerit
1128 1855 1302 1906 homo.
1341 1851 1403 1904 Hi
1450 1852 1593 1906 enim
1621 1851 1705 1904 vel
1739 1850 1976 1903 maxime

407 1944 642 2014 indigent
675 1943 1045 1998 consolatione
1069 1984 1082 2005 ,
1115 1959 1182 1998 ne
1219 1943 1552 2012 potentiores
1589 1941 1971 1995 reformident.

406 2036 558 2089 Nulla
592 2036 758 2097 enim,
795 2035 990 2103 inquit,
1016 2034 1220 2088 utilitas
1249 2042 1330 2087 est
1356 2035 1507 2086 diviti
1539 2033 1816 2096 morienti,
1849 2048 1973 2087 cum

408 2143 514 2182 non
564 2135 726 2195 queat
768 2140 952 2179 secum
990 2125 1203 2178 auferre
1231 2125 1482 2190 divitias;
1527 2124 1616 2191 qui
1651 2124 1867 2179 scilicet
1920 2125 1972 2179 id

406 2235 472 2273 ex
535 2232 719 2272 earum
777 2216 1118 2282 possessione
1174 2216 1412 2269 lucratus
1461 2214 1532 2269 sit
1584 2215 1781 2279 solum,
1833 2216 1975 2284 quod

408 2309 575 2378 ipsius
606 2310 784 2362 anima
815 2308 867 2360 in
893 2307 994 2361 hac
1019 2307 1124 2359 vita
1153 2307 1219 2360 ab
1247 2306 1622 2360 adulatoribus
1648 2305 1804 2360 beata
1837 2321 1976 2376 prae-

406 2400 580 2454 dicata
623 2400 712 2454 sit.
748 2395 949 2452 Vcrnm
997 2411 1120 2451 cum
1155 2396 1410 2460 moritur,
1456 2411 1563 2450 non
1595 2404 1856 2463 assumet,
1891 2398 1976 2451 in-

406 2491 542 2560 quit,
595 2505 810 2544 omnem
856 2489 995 2543 banc
1037 2487 1413 2555 opulentiam:
1457 2488 1549 2542 vix
1598 2488 1974 2543 indumentum

404 2580 673 2650 accipiet,
717 2594 824 2648 quo
857 2576 1104 2646 pudenda
1145 2574 1266 2643 ejus
1306 2585 1573 2645 tegantur,
1601 2577 1783 2644 idque,
1818 2577 1863 2631 si
1895 2576 1977 2630 vi-

406 2688 522 2726 sutn
558 2671 719 2724 fuerit
763 2668 982 2724 famulis
1014 2668 1188 2737 ipsum
1233 2667 1634 2723 amicientibns.
1669 2667 1814 2722 Bene
1847 2683 1972 2722 cum

402 2778 469 2818 eo
492 2772 670 2817 actum
703 2760 886 2824 fuerit,
909 2760 954 2813 si
980 2760 1228 2830 exiguam
1271 2767 1470 2813 terram
1507 2759 1788 2825 sortiatur,
1817 2773 1962 2813 eam-

405 2865 509 2922 que
543 2853 639 2920 ipsi
686 2865 716 2904 a
753 2849 958 2904 funeris
985 2848 1329 2904 curatoribus
1361 2849 1542 2902 datam
1581 2848 1650 2903 ob
1679 2852 1973 2906 commise-

406 2945 724 3000 rationem:
762 2944 853 3014 qui
901 2944 949 2996 ei
994 2943 1184 2997 istha'c
1233 2949 1513 3012 praastant,
1552 2944 1622 2998 ob
1667 2944 1975 3000 communis

407 3038 654 3091 humana
681 3045 887 3089 natura:
910 3035 1295 3100 reverentiam,
1322 3047 1426 3088 non
1446 3034 1494 3088 ei
1519 3035 1632 3089 bare
1663 3033 1970 3105 largientes,

405 3126 499 3180 sed
528 3126 818 3179 humanam
864 3132 1111 3177 naturam
1146 3123 1351 3177 honore
1380 3121 1698 3178 efﬁcientes.
1738 3123 1974 3180 Proinde

409 3232 474 3271 ne
504 3216 578 3270 sis
605 3214 798 3284 pusillo
829 3215 1010 3268 animo
1055 3213 1201 3268 circa
1233 3213 1523 3284 praesentia
1553 3233 1567 3269 :
1599 3215 1692 3270 sed
1714 3226 1974 3284 exspecta

408 3306 622 3358 beatam
662 3301 808 3356 illam
850 3311 902 3354 et
923 3309 1244 3371 perpetuam
1277 3303 1466 3356 vitam.
1517 3300 1670 3358 Tune
1705 3303 1849 3358 enim
1879 3305 1979 3359 vi-q

405 3397 560 3453 debis
598 3404 988 3465 paupertatem,
1022 3405 1077 3450 et
1121 3395 1493 3464 ignominiam,
1541 3405 1596 3452 et
1650 3397 1975 3453 deliciarum

404 3489 766 3559 privationem
807 3488 856 3541 ei
893 3489 984 3557 qui
1029 3487 1209 3556 justus
1244 3500 1330 3542 εει
1371 3489 1511 3543 bene
1544 3490 1760 3546 cedere.
1808 3491 1876 3545 Et
1907 3505 1976 3548 ne

403 3581 744 3636 conturberis
791 3596 936 3635 nunc
985 3591 1204 3649 propter
1234 3595 1296 3634 ea
1342 3595 1461 3649 quae
1500 3591 1760 3651 putantur
1807 3585 1969 3650 bona,

407 3687 659 3742 tanquam
693 3671 891 3740 injuste
920 3673 1032 3727 sint
1059 3673 1252 3728 divisa.
1285 3673 1488 3728 Audies
1526 3676 1666 3728 enim
1703 3675 1973 3744 quomodo

404 3767 614 3819 dicetur
645 3763 796 3818 diviti
834 3764 1049 3832 quidem
1087 3778 1100 3815 :
1140 3763 1400 3832 Recepisti
1441 3765 1575 3819 bona
1625 3774 1718 3819 tua
1764 3768 1818 3819 in
1867 3769 1973 3822 vita

403 3870 494 3911 tua
519 3859 575 3923 ’;
602 3858 824 3927 pauperi
852 3872 980 3912 vero
1003 3855 1147 3927 quod
1171 3860 1442 3928 acceperit
1465 3861 1606 3914 mala
1632 3861 1686 3914 in
1715 3860 1822 3914 vita
1851 3875 1968 3917 sua.

403 3950 744 4019 Quapropter
787 3959 849 4003 ut
890 3949 1128 4017 bicjurc
1162 3964 1230 4004 ac
1259 3953 1455 4006 merito
1493 3952 1694 4018 reperit
1722 3953 1971 4006 consola-

399 4046 626 4106 tionem,
660 4042 733 4096 ita
756 4042 844 4097 ille
873 4041 1058 4098 dolore
1079 4046 1369 4099 cruciatur.
1402 4043 1570 4098 Vsus.
1607 4043 1696 4098 19.
1733 4042 1973 4112 Conﬁte-

397 4135 496 4188 bor
537 4135 667 4200 tibi,
711 4151 828 4189 cum
873 4136 1188 4204 benefaceris
1226 4137 1296 4190 ei.
1338 4135 1604 4205 Loquitur
1654 4137 1720 4191 de
1755 4137 1974 4194 homine

400 4239 644 4292 terreno,
669 4237 723 4282 et
751 4228 844 4298 qui
890 4229 1031 4283 bona
1059 4243 1179 4284 esse
1217 4229 1497 4284 existimat
1527 4228 1672 4284 solas
1713 4229 1839 4284 vita:
1870 4228 1970 4283 bu-

398 4320 487 4387 jus
519 4320 926 4388 praerogativas,
961 4334 1105 4388 spes,
1132 4321 1528 4388 sanitatemque
1557 4327 1612 4374 et
1638 4321 1962 4390 potentiam.

2077 1858 2395 1927 πλουτήσῃ
2425 1859 2754 1927 ἄνθρωπος.
2788 1851 2948 1911 Οὗτοι
2973 1857 3080 1928 γὰρ
3110 1857 3204 1910 καὶ
3233 1857 3463 1926 μάλιστα
3495 1872 3666 1924 παρα-

2080 1949 2280 2018 μυθίας
2322 1949 2534 2002 δέονται
2581 1950 2716 2020 πρὸς
2743 1949 2805 2001 τὺ
2843 1950 2915 2020 μὴ
2947 1949 3311 2019 ὑποπτήσσειν
3340 1947 3466 2008 τοὺς
3492 1947 3662 2016 ὑπερ,

2075 2039 2318 2108 έχοντας.
2351 2039 2515 2093 Οὐδὲν
2545 2040 2672 2112 γάρ,
2712 2042 2896 2111 φησὶν,
2931 2041 3120 2110 ὄφελος
3147 2039 3224 2110 τῷ
3257 2038 3493 2108 πλουσίῳ
3529 2039 3664 2090 ἀπο-

2076 2131 2382 2201 θνήσκοντι,
2436 2130 2510 2202 μὴ
2561 2131 2843 2203 δυναμένῳ
2901 2132 3087 2185 λαϐεῖν
3131 2130 3221 2183 τὸν
3277 2129 3504 2182 πλοῦτον
3565 2128 3662 2179 σὺν

2075 2222 2286 2293 ἐαυτῷ·
2333 2224 2393 2286 ὃς
2423 2241 2486 2292 γε
2519 2222 2774 2277 τοσοῦτον
2823 2224 2932 2276 ἀπὸ
2977 2223 3079 2292 τῆς
3121 2221 3474 2284 ἀπολαύσεως
3504 2221 3663 2290 ἐκέρ-

2075 2314 2223 2368 δαινε
2272 2315 2454 2385 μόνον,
2520 2316 2644 2367 ὅσον
2695 2315 2792 2386 τὴν
2842 2314 3018 2385 ψυχὴν
3079 2312 3244 2367 αὐτοῦ
3306 2315 3365 2366 ὲν
3420 2314 3487 2383 τῇ
3547 2310 3657 2380 ζωῇ

2073 2406 2246 2477 ταύτῃ
2298 2405 2410 2477 (21)
2456 2405 2606 2477 παρά
2656 2405 2764 2458 τῶν
2804 2405 3051 2458 κολάκων
3095 2402 3519 2474 μακαρισθῆναι.
3570 2402 3657 2455 Ἐν

2074 2497 2130 2549 δὲ
2153 2497 2232 2566 τῷ
2257 2496 2644 2567 ἀποθνήσκειν,
2673 2497 2732 2548 ού
2767 2496 3019 2566 λήψεται,
3049 2495 3206 2566 φησὶ,
3247 2496 3427 2548 πᾶσαν
3453 2492 3660 2564 ταύτην

2075 2587 2172 2659 τὴν
2205 2587 2526 2660 περιϐολήν·
2567 2586 2720 2658 μόλις
2759 2585 2960 2657 ἔνδυμα
2988 2586 3215 2658 λήψεται
3251 2585 3525 2639 καλῦπτον
3557 2585 3657 2639 αὐ-

2074 2679 2168 2732 τοῦ
2199 2679 2266 2733 τά
2299 2679 2587 2750 ἀσχήμονα
2611 2695 2624 2707 ·
2653 2679 2749 2731 καὶ
2780 2678 2973 2742 τοῦτο,
3006 2677 3100 2730 ἐὰν
3133 2678 3258 2749 δόξῃ
3293 2676 3401 2731 τῶν
3433 2676 3661 2731 οἰκετῶν

2074 2775 2186 2835 τοῖς
2243 2770 2707 2841 περιστέλλουσιν.
2779 2770 3086 2841 Ἀγαπητὸν
3130 2769 3280 2840 αὐτῷ
3323 2770 3428 2840 γῆς
3471 2769 3659 2840 ὀλίγης

2074 2863 2290 2934 λαχεῖν·
2331 2861 2427 2914 καὶ
2455 2861 2660 2932 ταύτης
2686 2862 2753 2916 δι’
2787 2857 2968 2915 οἶκτον
3010 2861 3291 2934 διδομένης
3328 2862 3478 2932 αὐτῷ
3508 2861 3658 2935 παρὰ

2074 2954 2180 3008 τῶν
2211 2953 2571 3025 κηδευόντων,
2609 2953 2804 3016 οἵτινες
2833 2950 2983 3023 αὐτῷ
3016 2953 3346 3024 παρέχονται
3378 2954 3550 3007 ταῦτα
3577 2955 3658 3006 al—

2076 3047 2156 3100 δοῖ
2199 3045 2300 3115 τῆς
2347 3045 2535 3115 κοινῆς
2573 3045 2668 3099 καὶ
2716 3044 2827 3115 (i2)
2869 3043 3220 3116 ἀνθρωπίνης
3270 3044 3506 3114 φύσεως,
3557 3043 3659 3097 οὐκ

2078 3137 2225 3208 αὐτῷ
2261 3135 2630 3208 χαριζόμενοι,
2655 3134 2793 3189 ἀλλά
2814 3135 3085 3206 τιμῶντες
3112 3136 3211 3206 τὴν
3242 3135 3656 3207 ἀνθρωπότητα.

2077 3229 2167 3300 Μὴ
2205 3228 2530 3300 μικροψύχει
2559 3225 2652 3283 οὖν
2691 3229 2821 3300 περὶ
2858 3228 2923 3282 τὰ
2955 3227 3217 3299 παρόντα,
3247 3228 3384 3284 ἀλλά
3421 3229 3657 3299 ἀνάμενε

2074 3321 2173 3392 τὴν
2221 3321 2497 3392 μακαρίαν
2541 3320 2758 3390 ἐκείνην
2807 3319 2955 3390 ζωὴν
2996 3318 3088 3372 καὶ
3135 3319 3458 3392 ἀπέραντον.
3499 3321 3658 3389 Ὀψει

2074 3412 2184 3483 γὰρ
2214 3413 2357 3473 τότε,
2385 3412 2466 3465 ὅτι
2493 3411 2629 3485 πρὸς
2654 3409 2816 3464 καλοῦ
2848 3410 3056 3478 γίνεται
3082 3408 3159 3477 τῷ
3185 3410 3378 3480 δικαίῳ
3408 3410 3442 3482 ὴ
3476 3410 3656 3472 πενία,

2074 3504 2170 3557 καὶ
2211 3507 2243 3573 ἠ
2282 3503 2486 3570 ἀδοξία,
2527 3504 2621 3556 καὶ
2661 3505 2692 3573 ἡ
2738 3501 2994 3573 στέρησις
3023 3502 3124 3571 τῆς
3159 3501 3391 3571 τρυφῆς.
3423 3502 3535 3554 Kal.
3583 3502 3657 3572 μὴ

2073 3595 2350 3667 ταραχθῇς
2375 3594 2469 3670 νῦν
2500 3595 2595 3648 ἐπὶ
2625 3596 2738 3656 τοῖς
2760 3592 3134 3664 νομιζομένοις
3165 3591 3410 3660 ἀγαθοῖς,
3439 3591 3516 3654 ὼς
3553 3592 3657 3644 ἀδίο

2074 3703 2186 3748 κως
2229 3684 2630 3756 μεριζομένοις.
2681 3681 2916 3755 Ἀκούσῃ
2945 3681 3053 3753 γὰρ
3088 3680 3207 3744 πῶς
3237 3679 3314 3751 τῷ
3359 3680 3456 3751 μὲν
3491 3680 3656 3733 πλου-

2077 3780 2176 3850 σίῳ
2213 3778 2557 3850 λεχθήσεται’
2605 3776 2919 3841 Ἀπέλαϐες
2950 3773 3023 3828 τὰ
3070 3773 3261 3843 ἀγαθά
3301 3790 3418 3826 σου
3468 3775 3536 3827 ἐν
3580 3773 3655 3841 τῇ

2074 3864 2186 3933 ζωῇ
2215 3879 2364 3918 σου⁶
2400 3865 2478 3935 τῷ
2505 3864 2561 3916 δὲ
2602 3864 2815 3935 πένητι,
2850 3864 2931 3915 ὅτι
2974 3862 3170 3931 ἀπέχει
3213 3861 3284 3914 τά
3323 3867 3467 3915 κακά
3501 3865 3556 3915 ἐν
3587 3866 3654 3934 τῇ

2075 3956 2187 4027 ζωῇ
2224 3955 2408 4010 αὐτοῦ.
2453 3955 2654 4025 Διόπερ
2689 3953 2998 4015 ἀκολούθως
3034 3954 3062 4004 ὁ
3099 3952 3196 4022 μὲν
3232 3952 3651 4024 παρακαλεῖται.

2073 4049 2102 4100 ὁ
2135 4047 2192 4101 δὲ
2229 4048 2500 4100 ὀδυνᾶται.
2544 4047 3074 4116 Ἑξομολογήσεταί
3118 4063 3237 4111 σοι,
3269 4045 3415 4098 ὅταν
3444 4047 3652 4113 ἀγαθύ-

2074 4154 2186 4205 νῃς
2207 4137 2367 4204 αὐτῷ
2396 4139 2527 4209 (25).
2556 4139 2692 4210 Περὶ
2712 4137 2804 4191 τοῦ
2835 4137 3020 4208 χοϊκοῦ
3047 4135 3332 4208 ἀνθρώπου
3359 4137 3452 4188 καὶ
3476 4136 3653 4205 ἀγαθὰ

2073 4229 2382 4298 νομίζοντος
2411 4225 2549 4283 εἷναι
2592 4230 2730 4300 μόνα
2770 4228 2837 4282 τά
2882 4228 2972 4281 τοῦ
3005 4227 3119 4298 βίου
3164 4224 3352 4280 τούτου
3384 4229 3651 4298 προτερή-

2078 4339 2243 4390 ματα,
2294 4321 2544 4384 πλοῦτον,
2585 4323 2680 4375 καὶ
2729 4321 2961 4390 ὑγίειαν,
3001 4319 3095 4373 καὶ
3139 4319 3480 4385 δυναστείαν,
3523 4320 3651 4386 περὶ

408 4411 480 4464 De
509 4409 612 4464 hoc
639 4411 742 4465 isto
769 4411 921 4474 dicit,
947 4411 1090 4480 quod
1119 4412 1227 4466 Deo
1251 4411 1618 4479 conﬁtebitur,
1646 4426 1769 4465 cum
1802 4410 1970 4465 fuerit

2080 4403 2265 4466 τούτου
2289 4413 2475 4483 φησὶν,
2501 4413 2582 4466 ὅτι
2616 4412 3068 4483 ἐξομολογήσεται
3099 4411 3178 4481 τῷ
3200 4409 3338 4480 Θεῷ,
3371 4411 3495 4463 ὅταν
3526 4410 3652 4476 ἀγαο

403 4502 630 4558 aﬂ'ectus
671 4502 974 4570 beneficiis;
1010 4503 1062 4556 in
1095 4502 1338 4558 adversis
1384 4513 1566 4558 autem
1598 4518 1816 4559 omnem
1845 4516 1971 4571 pro-

406 4595 969 4664 feratblaspbemiam.
999 4594 1132 4650 Nam
1164 4595 1354 4650 relicto
1377 4609 1631 4666 paupere,
1663 4595 1830 4650 Deum
1860 4593 1972 4663 jatn

404 4686 728 4756 alloquitur:
765 4688 816 4741 in
845 4688 1234 4756 redarguendis
1257 4687 1462 4742 divitiis
1491 4689 1653 4742 etiam
1687 4690 1791 4743 hoc
1816 4689 1970 4742 adhi-

403 4776 556 4840 bens,
585 4777 727 4846 quod
751 4776 905 4832 dives
928 4777 982 4831 in
1011 4777 1125 4831 sola
1156 4776 1428 4845 opulentia
1452 4774 1562 4833 Deo
1591 4790 1714 4847 agat
1741 4779 1966 4846 gratias,

475 4918 495 4948 ²
537 4914 664 4972 Luc.
699 4932 807 4981 xw,
847 4917 937 4972 25.

478 5121 589 5192 (ἓο)
625 5121 716 5175 Sic
745 5121 895 5191 Regii
921 5121 1150 5192 primus,
1185 5119 1800 5192 secundus,‘tertius_et
1839 5133 1961 5174 sex-

405 5187 509 5255 tus,
560 5187 664 5244 non
725 5187 882 5245 secus
915 5187 978 5245 ac
1029 5190 1324 5244 Colbertini
1385 5187 1595 5252 tertius,
1645 5190 1865 5258 quintus
1909 5199 1962 5243 et

405 5263 667 5329 septimus
699 5275 819 5329 cum
851 5262 1087 5314 editione
1120 5259 1437 5313 Basileensi.
1487 5259 1666 5316 Editio
1695 5273 1822 5313 vero
1859 5259 1961 5312 Pa-

408 5333 500 5450 rlis.
523 5345 645 5384 cum
693 5328 843 5385 Colb.
893 5341 1047 5386 sexto
1072 5331 1199 5392 τοὺς
1229 5329 1305 5400 μὴ
1332 5329 1551 5400 ἔχοντας
1576 5369 1591 5394 ,
1636 5346 1740 5385 non
1791 5343 1976 5384 emcn-

408 5418 424 5450 ι
443 5411 546 5450 ate.

406 5411 546 5452 date.

478 5469 587 5541 (2i)
623 5469 771 5541 εἴθε(
801 5471 991 5524 tertius
1022 5473 1080 5525 ὲν
1112 5473 1176 5541 τῇ
1213 5470 1322 5540 ζωῇ
1359 5468 1542 5541 αὑτοῦ.

501 5539 586 5608 '22)
621 5539 711 5592 Sic
737 5544 972 5609 quinque
1001 5557 1128 5597 mss.
1152 5539 1334 5594 "Deest
1363 5540 1454 5591 καί
1489 5543 1540 5593 in
1570 5539 1749 5594 editis.

499 5609 589 5677 ‘23)
634 5609 724 5662 Sic
759 5626 886 5664 mss.
914 5623 1037 5665 octo
1085 5621 1206 5666 cum
1255 5610 1494 5663 editione
1537 5609 1796 5665 Romana.
1832 5611 1969 5665 Editi

409 5690 534 5730 vero
567 5687 618 5731 et
657 5679 807 5733 Colb.
843 5693 1022 5736 sextus
1070 5679 1344 5752 ἀγαθύνῃς
1375 5680 1554 5734 αὐτόν.
1590 5678 1710 5734 Mox
1755 5684 1974 5738 Colber-

2078 4499 2338 4572 θύνηται·
2391 4503 2448 4554 ὲν
2499 4502 2556 4554 δὲ
2612 4505 2723 4566 τοῖς
2779 4503 3184 4571 περιστατικοῖς
3241 4500 3422 4553 πᾶσαν
3460 4498 3653 4569 ἀφίησι

2077 4598 2406 4668 δυσφημίαν.
2445 4597 2776 4652 Καταλιπὼν
2817 4598 2928 4669 γὰρ
2965 4597 3057 4650 τὸν
3097 4597 3342 4666 πένητα,
3385 4593 3520 4666 πρὸς
3561 4593 3654 4646 τὸν

2078 4688 2208 4740 Θεὸν
2244 4689 2345 4760 ἤδη
2389 4691 2622 4744 ποιεῖται
2654 4687 2744 4742 τὸν
2781 4688 2971 4757 λόγον·
3014 4691 3072 4742 ὲν
3114 4687 3418 4759 κατηγορίᾳ
3457 4689 3523 4756 τῇ
3558 4685 3653 4738 τοῦ

2075 4779 2305 4832 πλούτου
2336 4779 2449 4850 (24)
2493 4780 2941 4852 παραλαμϐάνων
2985 4782 3081 4835 καὶ
3123 4780 3186 4834 τὸ
3222 4782 3281 4832 ὲν
3325 4781 3391 4852 τῇ
3431 4777 3655 4849 εῦθηνίᾳ

2071 5119 2168 5172 tini
2205 5128 2394 5176 sextus
2423 5128 2479 5175 et
2513 5119 2778 5187 septimus
2811 5135 2934 5177 cum
2957 5120 3091 5190 Reg.
3126 5119 3286 5176 tertio
3317 5117 3653 5189 ἐξομολογή-

2071 5205 2245 5242 σεται.

2143 5259 2268 5339 (24)
2298 5258 2441 5339 Edili
2485 5273 2606 5339 cum
2641 5274 2781 5339 [ηδε.-
2811 5276 2916 5339 non
2949 5261 3138 5328 paucis
3168 5261 3226 5339 ὲν
3249 5259 3559 5339 κατηγορία
3586 5258 3654 5339 τὰ

2081 5314 2175 5382 τοῦ
2211 5314 2462 5402 πλούτους
2503 5329 2589 5402 ΔΑι
2637 5314 2824 5402 (ΞοίεΙξ
2848 5314 2905 5383 έν
2940 5314 3241 5402 κατηγορίᾳ
3275 5333 3338 5400 τῇ
3367 5314 3641 5402 τὸῦ’πλού;

2081 5417 2198 5454 του.
2226 5399 2585 5471 Combeﬁsius
2607 5415 2673 5471 ex
2698 5401 2902 5471 Catena
2940 5399 3225 5471 legendum
3267 5399 3449 5454 censet
3485 5399 3542 5451 ὲν
3569 5399 3652 5471 Δτῇ

2084 5467 2390 5540 κατηγορίᾳ
2434 5469 2547 5540 τοῦ
2580 5469 2808 5522 πλούτου
2862 5488 2876 5524 :
2931 5486 2958 5523 a
2995 5467 3114 5538 'qua
3146 5471 3455 5540 conjectura
3483 5467 3654 5523 codei

2081 5539 2246 5594 Coisl.
2288 5539 2390 5592 non
2444 5539 2667 5592 multum
2717 5541 2940 5594 abludit.
2975 5540 3180 5594 Ibidem
3230 5539 3358 5593 editi
3418 5548 3475 5593 et
3519 5553 3649 5592 mss.

2083 5609 2319 5663 nonnulli
2363 5609 2538 5662 καὶτὸ
2565 5612 2622 5662 ἐν
2653 5613 2741 5679 τῇ.
2795 5609 2897 5663 Alii
2931 5611 3154 5678 quidam
3189 5625 3319 5662 mss.
3356 5611 3450 5663 καὶ
3494 5607 3652 5661 τοῦτο

2083 5682 2139 5732 ὲν
2164 5683 2254 5751 τῇ.
2288 5680 2418 5750 Reg.
2444 5690 2670 5748 quartus
2701 5679 2796 5732 καὶ
2829 5681 2985 5734 τοῦτο
3013 5679 3074 5733 τὸ
3113 5681 3170 5733 ἐν
3201 5681 3291 5751 τῇ.
