4016 6220
370 357 472 415 457

1484 341 1771 398 IIOIIIILIA
1812 340 1878 396 IN
1916 339 2250 395 PSALMUM
2292 337 2524 395 XLVIII.

3521 333 3628 386 438

375 471 513 543 μόνῃ
543 466 884 538 εὐχαριστεῖν
915 461 993 533 τῷ
1022 461 1161 532 Θεῷ,
1206 459 1672 530 σκυθρωποτέρων
1702 457 1757 511 δέ
1793 474 1953 510 τινων

2084 469 2157 508 rec
2203 453 2432 522 amplius
2472 454 2613 507 idem
2654 460 3001 520 permaneat,
3039 450 3126 504 ubi
3165 465 3252 504 res
3296 449 3490 517 aliqua:
3526 448 3623 498 Iri-

373 561 772 635 περιστάντων.
819 557 1016 629 μηκέτι
1058 555 1149 609 τὸν
1183 555 1343 607 αὐτὸν
1373 553 1669 623 διαμένειν.
1705 552 1954 605 Τοιοῦτον

372 658 480 725 γάρ
506 656 621 707 ἐστι
653 653 746 706 καὶ
771 650 832 704 τὸ
859 649 953 702 τοῦ
976 648 1224 701 διαϐόλου
1250 648 1328 710 εἰς
1356 645 1695 716 κατηγορίαν
1721 662 1958 716 προσφε-

381 751 605 822 ρόμενον
647 745 724 817 τῷ
751 745 865 816 (25)
911 743 1052 807 Ἰὼϐ,
1088 743 1170 796 ὅτι
1225 743 1286 795 οὐ
1338 739 1548 812 δωρεὰν
1587 739 1804 793 σέϐεται
1839 737 1958 790 Ἰὼϐ

378 842 466 896 τὸν
494 839 721 912 Κύριον,
749 835 886 892 ἀλλά
919 835 1108 907 μισθὸν
1129 833 1241 905 ἔχει
1260 835 1358 904 τῆς
1387 831 1667 895 εὐσεϐείας
1684 831 1774 884 τὸν
1797 829 1961 884 πλοῦ-

377 951 469 986 τον
489 974 503 997 ,
535 932 631 984 καὶ
655 929 724 983 τά
745 929 928 986 λοιπά.
955 929 1046 983 Διὸ
1076 929 1169 982 καὶ
1202 931 1280 992 εἰς
1302 926 1576 992 ἀπόδειξιν
1608 927 1706 997 τῆς
1741 925 1833 979 τοῦ
1866 927 1960 980 ἀν-

378 1024 503 1095 δρὸς
547 1022 747 1092 ἀρετῆς
782 1019 1098 1090 ὲγύμνωσεν
1133 1017 1294 1072 αὐτὸν
1329 1019 1357 1071 6
1391 1017 1522 1082 Θεὸς
1563 1011 1638 1070 ὧν
1671 1011 1836 1088 εῖχεν,
1874 1015 1962 1068 ἵνα

379 1114 467 1168 διὰ
507 1113 728 1167 πάντων
770 1111 1006 1182 διαφανῇ
1046 1110 1107 1163 τὸ
1153 1109 1290 1179 πρὸς
1329 1109 1458 1162 Θεὸν
1501 1108 1823 1178 εὐχάριστον
1868 1105 1960 1159 τοῦ

379 1207 478 1262 ἀνθ
486 1205 702 1278 ρώπου.·

452 1309 542 1360 11.
579 1306 922 1372 Εἱσελεύσῃ
948 1305 1059 1376 (26)
1088 1304 1198 1370 ἕως
1230 1302 1436 1372 γενεᾶς
1460 1301 1729 1370 πατέρων
1753 1299 1959 1354 αὐτοῦ.

383 1395 550 1471 Οἶμαι
584 1399 763 1468 λέγειν
795 1398 923 1469 περὶ
955 1397 1050 1451 τοῦ
1079 1396 1426 1468 ἀμαρτωλοῦ,
1454 1397 1536 1449 ὅτι
1565 1394 1815 1448 τοσοῦτον
1846 1397 1966 1446 ὲπι-

381 1491 639 1562 γινώσκει
668 1491 799 1544 Θεὸν
825 1490 959 1562 (27),
987 1492 1114 1544 ὅσον
1140 1491 1173 1561 ἡ
1199 1489 1306 1542 τῶν
1333 1489 1586 1559 πατέρων
1627 1486 1793 1541 αὐτοῦ
1845 1504 1966 1540 συν-

383 1584 542 1655 ήθεια
565 1583 935 1654 παραδέδωκε·
966 1585 1030 1654 τῇ
1063 1583 1120 1635 δὲ
1153 1582 1331 1654 οἰκείᾳ
1361 1580 1456 1634 τοῦ
1490 1583 1706 1653 φρονεῖν
1740 1579 1967 1652 δυνάμει

384 1675 535 1728 οὐδὲν
569 1675 730 1729 πλέον
767 1676 1127 1746 προσκτᾶται,
1153 1674 1274 1727 οὐδὲ
1300 1674 1652 1745 προστίθησιν
1678 1674 1854 1744 ἑαυτῷ
1888 1677 1968 1738 είς

385 1768 484 1838 τὴν
516 1767 618 1836 τῆς
651 1765 909 1838 ἀληθείας
956 1766 1273 1834 ἐπίγνωσιν.
1325 1765 1592 1819 Τοσοῦτον
1637 1759 1764 1829 οῦν,
1803 1765 1965 1835 φησὶ,

388 1857 664 1929 παραγίνῃ
703 1857 788 1923 σὺ,
823 1859 850 1910 6
882 1856 1034 1921 Θεὸς,
1078 1857 1173 1910 καὶ
1200 1856 1438 1926 τοσαύτη
1474 1856 1622 1909 ἐστὶν
1660 1857 1718 1908 ὲν
1750 1855 1898 1926 αὐτῷ
1939 1857 1971 1925 ἡ

388 1948 517 2018 περὶ
547 1947 641 2001 σοῦ
670 1947 868 2011 ἔννοια,
901 1948 999 2018 ὅση
1029 1949 1092 2001 ἐν
1111 1949 1176 2018 τῇ
1201 1948 1364 2018 γενεᾷ
1389 1946 1498 1999 τῶν
1527 1947 1780 2016 πατέρων
1806 1947 1970 1999 αὐτοῦ

390 2040 626 2111 ὑπῆρχε.
674 2039 786 2092 Καὶ
828 2038 1060 2092 ἐνταῦθα
1106 2039 1168 2090 τὸ
1215 2038 1383 2108 ἀργὸν
1429 2037 1564 2090 πολὺ
1605 2036 1706 2108 τῆς
1736 2037 1974 2100 διανοίας

389 2130 484 2183 καὶ
517 2130 637 2184 ὅλον
673 2130 862 2200 γήϊνον
894 2130 988 2183 καὶ
1027 2128 1355 2199 φιλόσαρκον
1389 2127 1480 2180 τοῦ
1529 2129 1586 2181 ἐν
1631 2127 1846 2199 πλούτῳ
1881 2129 1974 2182 καὶ

387 2225 566 2294 τρυφῇ
602 2222 925 2294 κυλιομένου
953 2223 1276 2294 παρίστησι,
1305 2224 1400 2291 καὶ
1425 2220 1520 2274 τοῦ
1553 2222 1692 2294 ὑπὲρ
1716 2221 1821 2275 τῶν
1849 2222 1976 2292 βιω-

387 2313 553 2367 τικῶν
593 2314 871 2386 μεριμνῶν
902 2314 1416 2384 καταπεπνιγμένον
1450 2314 1540 2367 τὸν
1581 2313 1704 2367 νοῦν
1740 2313 1972 2383 ἔχοντος.

388 2409 490 2462 Διὰ
521 2408 696 2463 τοῦτο
721 2408 832 2473 ἕως
860 2406 1077 2473 αὶῶνος
1098 2410 1210 2464 οὐκ
1239 2409 1448 2477 ὄψεται
1477 2408 1621 2477 φῶς.
1654 2409 1715 2462 Ol
1747 2411 1853 2481 γὰρ
1883 2427 1976 2463 τυ-

390 2500 544 2570 φλοῖς
576 2498 918 2562 διδασκάλοις
952 2499 1050 2570 τὴν
1085 2499 1307 2568 ὁδηγίαν
1336 2500 1546 2552 ἑαυτῶν
1584 2501 1978 2571 ἐπιτρέψαντες

389 2592 694 2664 ἐστέρησαν
751 2591 978 2654 ἑαυτοὺς
1039 2591 1140 2661 τῆς
1196 2591 1290 2644 τοῦ
1353 2593 1532 2662 φωτὸς
1600 2591 1972 2658 ἀπολαύσεως.

395 2681 549 2752 Ἔχει
572 2680 628 2734 δὲ
661 2680 772 2752 (28)
805 2680 899 2734 καί
931 2697 1054 2733 τινα
1087 2679 1328 2736 τοιοῦτον
1360 2683 1483 2736 νοῦν
1521 2683 1604 2747 τὸ,
1636 2684 1978 2754 Είσελεύσῃ

391 2775 504 2839 ἕως
531 2772 739 2845 γενεᾶς
765 2771 1038 2842 πατέρων
1070 2774 1278 2832 αὑτοῦ.
1315 2775 1593 2842 Τουτέστι,
1628 2776 1756 2840 τοὺς
1783 2779 1840 2830 ὲν
1881 2797 1981 2832 πο-

393 2863 546 2936 νηρῷ
588 2864 685 2934 βίῳ
724 2863 817 2916 καὶ
847 2863 1079 2936 δόγμασι
1117 2864 1367 2937 πατρίοις
1409 2867 1536 2937 μὲν,
1582 2867 1878 2939 ἀλλοτρίως
1922 2868 1979 2921 δὲ

396 2954 578 3025 ἔχουσι
603 2954 740 3024 πρὸς
772 2953 870 3026 τὴν
905 2955 1209 3021 εὐσέὸειαν,
1243 2957 1692 3029 καταληφθέντας
1722 2959 1854 3030 (29),
1881 2961 1982 3014 οὐκ

397 3044 596 3107 αὐτοὺς
636 3044 870 3108 ἐκδικεῖς
905 3045 1086 3116 μόνον,
1115 3045 1250 3100 ἀλλά
1279 3048 1375 3101 καὶ
1405 3048 1534 3112 τοὺς
1564 3049 1844 3120 ἀρχηγοὺς
1873 3050 1980 3103 τῶν

402 3129 694 3202 μοχθηρῶν
724 3131 1070 3204 διδαγμάτων
1102 3134 1404 3206 ἐπιζητεῖς.
1449 3137 1559 3190 Καὶ
1591 3137 1748 3193 τοῦτό
1779 3142 1893 3192 ἐστι
1921 3140 1982 3194 τὸ

399 3222 688 3293 λεγόμενον
723 3225 834 3293 ('50)
857 3243 872 3256 ο
915 3228 1254 3298 Εἰσελεύσῃ
1302 3228 1412 3295 ἕως
1458 3229 1668 3299 γενεᾶς
1714 3232 1984 3303 πατέρων

401 3317 608 3370 αὑτοῦ.
644 3319 717 3370 Ού
747 3318 855 3390 γὰρ
884 3320 1045 3389 μόνον
1077 3322 1104 3373 6
1132 3321 1373 3392 πονηρὰς
1405 3322 1544 3392 ἔχων
1574 3324 1700 3395 περὶ
1728 3325 1862 3379 Θεοῦ
1895 3327 1982 3379 ὲν-

402 3406 552 3470 νοίας
573 3408 841 3472 ὑπαίτιος,
868 3409 1003 3463 ἀλλά
1022 3411 1116 3464 καὶ
1142 3412 1169 3462 6
1193 3409 1398 3465 τούτων
1423 3413 1558 3483 πρὸς
1585 3412 1683 3484 τὴν
1708 3413 1984 3468 ἀπώλειαν

404 3497 606 3569 ταύτην
633 3499 1108 3571 καθηγησάμενος.
1153 3501 1398 3554 Τοιοῦτοι
1434 3503 1490 3556 δὲ
1527 3504 1576 3555 οἱ
1612 3505 1705 3557 καὶ
1729 3505 1824 3576 τὴν
1853 3523 1984 3577 προ-

404 3590 578 3658 γόνων
607 3592 805 3645 κακίαν
833 3592 1226 3664 διαδεξάμενοι,
1251 3595 1343 3649 καὶ
1371 3595 1723 3650 δυσέκνιπτον
1747 3598 1982 3668 ἔχοντες,

405 3681 493 3734 διὰ
531 3682 592 3735 τὸ
632 3684 832 3754 χρονίῳ
872 3683 983 3736 ἔθει
1017 3684 1401 3756 βεϐαιωθῆναι.
1434 3688 1587 3754 ’Ἑως
1612 3669 1843 3755 ἀῑῶνος
1875 3693 1986 3744 οὐκ

407 3773 615 3841 ὄψεται
639 3774 782 3843 φῶς.
815 3776 1129 3846 Πέμπονται
1152 3779 1261 3850 γὰρ
1286 3781 1390 3846 Εἰς
1413 3779 1480 3832 τὸ
1507 3783 1728 3849 σκότος
1757 3783 1820 3836 τὸ
1847 3784 1989 3849 ἐξώ-

408 3879 581 3931 τερον
599 3882 611 3893 ·
642 3863 771 3917 ἐκεῖ
791 3863 962 3919 ἔσται
994 3869 1027 3919 ὀ
1067 3867 1374 3936 κλαυθμὸς
1405 3868 1501 3921 καὶ
1527 3870 1846 3939 ὀβρυγμὸς
1871 3871 1990 3926 τῶν

409 3957 702 4010 ὀδόντων·
756 3959 851 4010 καὶ
896 3956 1054 4010 τοῦτο
1088 3958 1228 4012 κατά
1261 3957 1359 4029 τὴν
1393 3959 1610 4014 δικαίαν
1658 3960 1839 4032 κρίσιν
1887 3962 1981 4014 τοῦ

409 4047 544 4100 Θεοῦ
573 4047 954 4119 ὑπομένουσιν,
989 4050 1175 4122 ἐπειδὴ
1212 4053 1268 4103 έν
1300 4049 1378 4120 τῷ
1415 4049 1514 4122 βίῳ
1546 4051 1740 4124 τούτῳ,
1773 4053 1860 4108 διά
1893 4053 1985 4108 τοῦ

411 4137 480 4191 τὰ
509 4139 687 4207 φαῦλα
719 4139 828 4210 (5-1)
858 4141 1146 4211 πράσσειν,
1195 4141 1424 4213 ἐμίσουν
1456 4143 1518 4195 τὸ
1552 4145 1686 4213 φῶς.
1739 4145 1989 4214 Ἄνθρω-

414 4247 546 4296 πος,
571 4232 640 4284 ἐν
662 4231 800 4301 τιμῇ
824 4231 928 4297 ὢν,
949 4237 1020 4288 οὺ
1053 4233 1308 4304 συνῆκε·
1337 4235 1842 4305 παρασυνεϐλήθη
1869 4239 1993 4305 τοῖς

416 4321 664 4388 κτήνεσι
697 4325 819 4391 τοῖς
844 4327 1141 4395 ἀνοήτοις,
1170 4328 1268 4381 καὶ
1295 4328 1560 4397 ὡμοιώθη
1590 4331 1813 4395 αὐτοῖς.
1857 4329 1991 4401 Σχε-

414 4415 698 4487 τλιαστικὴ
727 4418 760 4488 ἡ
789 4419 958 4489 φωνή.
993 4419 1335 4490 Ἀνθρωπος,
1373 4421 1401 4472 6
1435 4419 1607 4491 βραχύ
1639 4438 1691 4472 τι
1729 4421 1860 4490 παρ’
1891 4421 1992 4490 ἀγ-

490 4568 512 4601 ³
549 4568 650 4626 Job
694 4586 728 4632 I,
777 4571 830 4625 9'.
911 4575 933 4602 ’⁵
972 4569 1163 4626 Matth.
1197 4589 1315 4636 vm,
1367 4573 1456 4627 12.
1530 4575 1551 4605 ⁸
1595 4573 1757 4630 Hebr.
1785 4591 1848 4643 It,
1881 4577 1932 4641 7,
1961 4577 2014 4632 9.

493 4685 822 4759 (25)“Codrx
879 4683 1124 4759 Combel.
1173 4700 1293 4759 cum
1346 4686 1511 4759 Coisl.
1546 4689 1992 4759 ’προφερόμενον

421 4757 520 4828 τῷ.
554 4757 842 4828 Aliquanto
869 4765 992 4823 post
1013 4755 1166 4810 Colb.
1195 4756 1400 4828 primus
1423 4755 1685 4809 τὸνθεόν.

495 4828 605 4898 (26)
639 4827 786 4898 Regii
821 4827 1359 4898 _secu_ndus,rtertius
1391 4835 1446 4880 et
1490 4837 1676 4881 sextus
1716 4840 1770 4882 et
1825 4830 1992 4883 editio

425 4895 589 4952 BaIsiI.
625 4895 930 4966 εἰσελεύσῃ,
965 4896 1211 4949 introibis
1237 4911 1256 4949 :
1288 4911 1446 4961 quam
1481 4898 1805 4966 scripturam
1834 4908 1889 4952 et
1940 4899 1991 4952 hi

427 4979 538 5024 tres
599 4966 816 5021 codices
867 4965 921 5020 et
979 4966 1142 5020 editio
1178 4966 1337 5020 Basil.
1389 4967 1443 5019 in
1493 4965 1703 5022 duobus
1741 4970 1875 5022 locis
1908 4984 1994 5022 se-

425 5039 716 5106 quentibus
755 5038 1069 5090 constanter
1124 5036 1402 5090 exhibent.
1462 5036 1530 5089 Et
1579 5037 1649 5090 ita
1707 5040 1997 5107 scripsisse

425 5109 681 5163 Basilinm
719 5118 828 5160 tota
855 5107 1123 5161 oratioais
1166 5107 1336 5161 series
1379 5115 1566 5174 aperte
1601 5109 1860 5162 ostendit.
1921 5109 1994 5161 Ita

426 5195 640 5247 quoque
655 5178 782 5233 olim
816 5176 1096 5247 legebatur
1111 5177 1252 5244 apud
1271 5185 1380 5230 tres
1403 5178 1750 5243 interpretes,
1773 5188 1997 5232 auctore

428 5246 790 5305 Theodoreto.
823 5246 894 5300 At
941 5247 1236 5316 Colbertini
1302 5257 1486 5316 sextus
1518 5255 1572 5299 et
1605 5249 1869 5316 septimus
1892 5289 1906 5310 ,
1945 5257 1998 5302 et

431 5321 560 5390 Reg.
608 5329 863 5390 quartus,
910 5327 964 5371 et
990 5315 1248 5390 _(_I_liv._et
1290 5315 1429 5369 LXX
1463 5327 1545 5390 _et
1597 5315 1764 5390 editio
1827 5318 1999 5390 Paris.

427 5385 814 5448 εἰσελεύσεται,
839 5387 1092 5441 introibit.
1126 5385 1226 5440 Ubi
1277 5386 1597 5447 notandum,
1663 5387 1749 5439 hic
1786 5389 2002 5454 quidem

427 5461 480 5512 in
509 5461 711 5513 ultimis
763 5459 934 5511 tribus
967 5458 1247 5511 codicibus
1306 5458 1408 5526 legi
1463 5456 1834 5509 εἰσελεύσεται
1865 5474 1876 5508 :
1910 5459 2004 5512 sed

427 5529 569 5584 infra
597 5531 661 5599 in
691 5529 878 5582 iisdem
913 5529 1079 5581 semel
1105 5534 1198 5599 aut
1228 5527 1424 5599 iterum
1457 5527 1558 5596 legi
1593 5527 1896 5599 εἰσελεύσῃ.

499 5599 610 5664 (27)
639 5598 728 5652 Ait
761 5599 1120 5651 Combelisius
1155 5596 1256 5663 legi
1293 5597 1434 5651 {mdo
1468 5584 1655 5651 errore
1693 5598 1744 5650 iu
1775 5584 2001 5658 Ca‘t'ena,

427 5668 678 5753 ⁸Ξοσοῦτον
732 5667 1085 5753 ἐπιγινῶσκει
1117 5669 1145 5719 ὁ
1174 5664 1328 5730 Θεός,
1366 5669 1418 5721 id
1465 5671 1605 5735 quod
1659 5669 1734 5753 ita
1779 5669 2006 5722 reddidit

430 5738 737 5804 Curderius,
790 5739 929 5807 quod
967 5748 1173 5791 tantum
1227 5748 1502 5807 cognoscat
1545 5754 1663 5792 eum
1704 5738 1865 5802 Deus,
1895 5749 1995 5791 etc.

2060 549 2259 602 stiores
2282 547 2600 602 acciderint.
2621 545 2752 600 Tale
2776 546 2918 601 enim
2949 553 3032 600 est
3050 547 3214 599 etiam
3243 542 3370 596 illud
3393 538 3620 602 diaboli,

2060 642 2114 696 in
2146 643 2390 697 criminis
2418 641 2538 695 loco
2567 639 2837 708 ohjectum
2874 637 3029 703 Jobo,
3062 637 3205 706 quod
3232 634 3331 690 Job
3360 648 3464 687 non
3499 646 3622 700 gra-

2061 735 2130 789 tis
2157 735 2299 789 colat
2323 732 2610 788 Dominum
2635 732 2680 798 ³,
2712 731 2806 786 sed
2833 730 3046 785 divitias
3073 727 3378 782 mercedem
3405 721 3632 794 pietatis

2061 828 2330 892 obtineat,
2365 835 2420 881 et
2458 825 2686 894 reliqua.
2715 823 2923 878 Idcirco
2948 823 3112 879 etiam
3145 822 3210 874 ad
3244 815 3630 874 ostendendam

2062 919 2167 973 viri
2198 919 2476 983 virtutem,
2496 932 2619 970 eum
2651 916 2718 970 iis
2747 929 2866 984 quae
2894 909 3448 984 possidebatprivavit
3469 907 3630 970 Deus,

2065 1022 2122 1067 ut
2148 1013 2203 1066 in
2238 1011 2491 1067 omnibus
2520 1019 2705 1082 gratus
2739 1006 2979 1063 hominis
3011 1007 3062 1060 in
3098 1005 3266 1059 Deum
3301 1002 3516 1056 animus
3547 999 3632 1052 in-

2065 1113 2392 1160 notesceret.

2138 1287 2224 1342 11.
2267 1287 2432 1342 Vens.
2465 1285 2555 1339 20.
2581 1283 2832 1339 Introibis
2855 1298 3016 1353 usque
3039 1282 3094 1334 in
3129 1279 3399 1349 progenies
3425 1287 3636 1345 patrum

2067 1381 2249 1450 ipsius.
2287 1377 2450 1448 188
2477 1379 2724 1434 Arbitror
2751 1392 2872 1432 eum
2903 1377 3005 1430 hoc
3031 1377 3095 1430 de
3130 1380 3412 1443 peccatore
3437 1369 3635 1431 dicere,

2069 1472 2209 1543 quod
2229 1481 2434 1526 tantum
2450 1470 2725 1540 c0gnoscit
2745 1469 2937 1531 Deum,
2955 1474 3216 1537 quantum
3241 1470 3452 1533 patrum
3471 1459 3639 1528 ipsius

2069 1563 2403 1648 consuetudo
2441 1562 2692 1626 tradidit;
2749 1559 2963 1630 propria
3000 1572 3131 1611 vero
3171 1552 3416 1623 sapiendi
3463 1548 3639 1603 facul-

2071 1642 2182 1713 tate
2216 1657 2347 1712 nihil
2387 1656 2620 1725 amplius
2654 1655 2921 1723 acquirit,
2952 1665 3126 1721 neque
3153 1655 3310 1718 parat
3351 1645 3455 1699 sibi
3486 1642 3643 1712 quid-

2071 1763 2235 1820 quam
2287 1749 2354 1803 ad
2388 1747 2632 1802 veritatis
2672 1745 3024 1814 agnitionem.
3061 1741 3292 1795 Tantum
3338 1738 3521 1806 igitur,
3558 1736 3641 1787 in-

2009 1827 2048 1880 B
2075 1842 2212 1911 quit,
2247 1839 2460 1895 accedis
2489 1847 2565 1903 tu,
2603 1835 2764 1901 Deus,
2799 1845 2854 1889 et
2881 1843 3028 1888 tanta
3054 1833 3104 1888 ei
3138 1831 3204 1911 de
3242 1839 3294 1883 te
3317 1829 3459 1882 inest
3486 1824 3645 1880 intel-

2076 1906 2334 2002 ligentia,
2404 1938 2604 1998 quanta
2666 1928 2720 1981 in
2775 1924 3126 1997 generatione
3180 1906 3408 1989 'patrum
3473 1915 3644 1985 ipsius

2076 2025 2306 2081 exstitit.
2361 2023 2427 2078 Et
2469 2023 2561 2077 hic
2612 2021 2851 2075 animum
2904 2017 3057 2070 valde
3099 2015 3329 2068 inertem
3376 2018 3430 2065 et
3474 2016 3644 2062 totum

2079 2128 2355 2174 terrenum
2403 2130 2465 2171 ac
2499 2112 2650 2170 carni
2697 2112 2972 2165 addictum
3018 2107 3236 2162 exhibet
3264 2103 3406 2171 ejus,
3451 2101 3543 2171 qui
3592 2101 3644 2153 in

2077 2209 2281 2266 divitiis
2319 2207 2638 2275 deliciisque
2663 2204 2960 2264 volutatur,
2994 2215 3057 2253 ac
3085 2207 3321 2252 mentem
3354 2196 3516 2250 habet
3546 2194 3648 2246 hu—

2072 2303 2160 2375 jus
2183 2303 2306 2356 vitae
2333 2298 2478 2353 curis
2507 2294 2847 2351 suﬂ'ocatam.
2879 2291 3214 2360 Quapropter
3236 2302 3402 2356 usque
3422 2285 3478 2338 in
3503 2293 3651 2338 teter-

2078 2408 2203 2446 num
2243 2407 2346 2444 non
2376 2388 2563 2444 videbit
2592 2387 2787 2440 lumen.
2818 2383 2920 2450 Qui
2946 2383 3088 2438 enim
3126 2395 3184 2435 se
3218 2381 3378 2435 caecis
3409 2377 3649 2433 doctori-

2079 2485 2178 2541 bus
2231 2481 2507 2538 ducendos
2545 2477 2952 2540 commiserint,
2999 2471 3323 2542 semetipsos
3365 2467 3501 2523 lucis
3550 2481 3649 2521 usu

2078 2576 2449 2646 privaverunt.
2485 2571 2627 2638 Quin
2652 2579 2707 2624 et
2733 2569 2894 2622 talem
2928 2565 3215 2636 quemdam
3241 2577 3457 2617 sensum
3482 2559 3648 2613 habet

2079 2671 2244 2735 illud,
2294 2668 2546 2725 Introibis
2587 2677 2749 2737 usque
2789 2666 2844 2718 in
2882 2662 3150 2733 progenies
3206 2670 3417 2724 patrum
3462 2657 3649 2726 ipsius.

2084 2763 2195 2820 Hoc
2239 2771 2344 2828 est,
2378 2776 2492 2825 eos,
2525 2758 2618 2828 qui
2664 2758 2720 2812 in
2764 2753 2902 2810 mala
2934 2754 3040 2807 vita
3075 2761 3129 2806 et
3173 2749 3516 2821 dogmatibus
3547 2763 3645 2814 pa-

2082 2856 2251 2911 ternis
2300 2853 2552 2924 quidem,
2611 2847 2707 2903 sed
2756 2861 2785 2899 a
2824 2845 3024 2916 pietate
3070 2842 3281 2909 alienis,
3328 2839 3653 2911 deprehensi

2081 2956 2227 3014 sunt,
2257 2960 2366 3000 non
2401 2941 2684 2998 ulcisceris
2713 2939 2895 3005 modo,
2930 2937 3024 2993 sed
3057 2944 3305 2990 auctores
3331 2933 3497 2986 etiam
3529 2945 3655 3000 pra-

2083 3053 2274 3096 vorum
2303 3037 2614 3104 dogmatum
2652 3031 2908 3102 inquiris.
2943 3031 3120 3099 Atque
3156 3029 3259 3083 hoc
3285 3038 3368 3082 est
3395 3026 3540 3097 quod
3572 3026 3656 3079 di-

2085 3134 2226 3188 citur
2263 3150 2276 3186 :
2313 3129 2776 3195 Introibisusque
2813 3125 2869 3178 in
2904 3124 3176 3194 progenies
3207 3129 3420 3193 patrum
3466 3120 3658 3189 ipsius.

2086 3223 2202 3279 Non
2231 3223 2375 3278 enim
2405 3221 2578 3276 solum
2607 3221 2698 3290 qui
2728 3233 2892 3289 prave
2923 3217 2990 3272 de
3023 3215 3132 3271 Deo
3160 3214 3346 3277 Sentit,
3378 3227 3505 3266 reus
3527 3221 3612 3266 est
3641 3229 3654 3265 :

2087 3315 2181 3371 sed
2217 3315 2380 3368 etiam
2410 3314 2502 3382 qui
2546 3311 2669 3366 aliis
2711 3312 2777 3365 ad
2823 3310 2966 3364 hanc
3007 3305 3369 3378 perditionem
3422 3303 3656 3374 prasivit.

2086 3407 2364 3480 Ejusmodi
2390 3416 2571 3461 autem
2609 3413 2734 3460 sunt
2762 3411 2816 3458 et
2845 3403 2936 3472 qui
2969 3399 3233 3468 majorum
3265 3397 3657 3468 malignitatem

2088 3514 2418 3570 suscepere:
2460 3513 2602 3568 quae,
2633 3497 2777 3568 quod
2807 3495 3014 3549 diutina
3047 3489 3438 3548 consuetudine
3477 3505 3662 3544 corro-

2088 3594 2277 3649 borata
2311 3600 2415 3656 est,
2455 3589 2560 3644 elui
2597 3589 2683 3642 vis
2716 3597 2914 3658 potest.
2968 3584 3141 3654 Usque
3184 3585 3237 3636 in
3271 3591 3526 3636 wternum
3559 3595 3662 3633 non

2088 3687 2274 3741 uidebit
2296 3685 2492 3739 lumen.
2520 3682 2808 3737 Mittuntur
2834 3678 2978 3734 enim
3007 3676 3072 3730 In
3096 3676 3330 3730 tenebras
3357 3673 3660 3732 exteriores,

2087 3781 2177 3833 ubi
2215 3780 2309 3833 erit
2339 3779 2494 3848 ﬂetus
2535 3786 2582 3829 et
2619 3775 2817 3828 stridor
2844 3769 3150 3834 dentium‘;
3186 3768 3346 3836 idque
3375 3765 3522 3832 justo
3569 3763 3662 3816 Dei

2085 3871 2290 3942 judicio
2321 3871 2616 3940 patiuntur,
2653 3882 2774 3921 cum
2807 3865 2858 3918 iu
2895 3865 2994 3918 hac
3029 3864 3136 3915 vita
3182 3861 3326 3914 inter
3371 3857 3510 3911 mala
3566 3873 3664 3925 pa-

2091 3963 2281 4017 tranda
2312 3960 2525 4016 oderint
2553 3959 2752 4012 lumen.
2783 3955 2948 4011 Vens.
2994 3955 3086 4010 21.
3118 3952 3292 4008 Homo
3321 3969 3439 4005 cum
3478 3952 3531 4002 in
3572 3951 3667 4002 Ιιοο

2095 4073 2222 4111 nore
2261 4065 2414 4120 esset,
2456 4070 2560 4107 non
2600 4051 2892 4115 intellexit;
2937 4057 3272 4116 comparatus
3308 4055 3380 4099 esl
3407 4044 3668 4114 jumentis

2091 4149 2478 4218 insipientibus,
2526 4131 2572 4200 et
2605 4146 2793 4200 similis
2828 4145 3001 4214 factus
3044 4149 3119 4195 est
3175 4141 3301 4193 illis.
3345 4137 3669 4193 Miserabilis

2093 4259 2217 4296 vox.
2259 4243 2450 4305 Homo,
2481 4241 2637 4311 paulo
2657 4239 2861 4309 angelis
2890 4237 3173 4298 inferior“,
3212 4236 3275 4288 de
3309 4249 3415 4303 quo
3441 4243 3494 4287 et
3517 4232 3670 4285 Salo-

2097 4354 2221 4394 mon
2257 4337 2332 4390 ait
2367 4355 2380 4390 :
2419 4335 2668 4406 Magnum
2704 4335 2958 4403 quiddam
2992 4342 3074 4386 est
3115 4333 3298 4390 homo,
3335 4337 3391 4382 et
3431 4343 3516 4380 res
3545 4341 3669 4394 pre-

2101 4432 2237 4488 tiosa
2271 4431 2355 4485 vir
2384 4427 2693 4483 misericors
2714 4426 2734 4457 ⁶
2769 4445 2781 4479 :
2813 4426 2900 4480 hic
2932 4425 3049 4495 ipse
3071 4463 3086 4489 ,
3118 4438 3184 4478 eo
3226 4422 3368 4491 quod
3400 4417 3669 4489 propriam

2091 4583 2113 4615 ⁸
2135 4577 2294 4632 Prov.
2323 4593 2417 4640 xx,
2447 4573 2501 4627 6.

2101 4689 2215 4745 lloc
2243 4689 2382 4745 idem
2432 4700 2718 4760 peccatum
2769 4700 2822 4744 et
2855 4691 2908 4744 in
2938 4687 3175 4742 editione
3210 4684 3374 4760 Dasil.
3399 4691 3453 4736 et
3483 4682 3672 4760 inite-

2101 4762 2204 4830 giis
2263 4754 2520 4821 secundo,
2559 4762 2720 4814 tertio
2777 4771 2831 4814 et
2878 4768 3072 4829 quarto
3132 4756 3338 4830 pariter
3382 4754 3669 4830 reperitur.

2103 4821 2208 4884 Sed
2241 4839 2417 4884 tamen
2441 4833 2764 4898 scripturam
2802 4821 3009 4890 veram,
3043 4821 3295 4880 τοσοῦτον
3320 4821 3673 4898 ἐπιγινιῦσκει

2102 4899 2254 4960 Θεόν,
2295 4910 2515 4954 tuentur
2549 4891 2660 4953 tum
2688 4901 2856 4954 editio
2883 4899 3228 4959 Parisiensis,
3264 4906 3375 4948 tum
3410 4891 3674 4945 (Jolberti-

2101 4971 2154 5024 ni
2184 4970 2425 5038 quintus,
2449 4979 2634 5025 sextus
2664 4980 2720 5022 et
2758 4971 3038 5037 septimus.
3074 4967 3271 5020 Ibidem
3304 4961 3669 5038 editioliasnil.

2101 5050 2155 5094 et
2181 5031 2330 5108 Regii
2368 5041 2664 5101 secundus,
2696 5031 2884 5094 tertius
2913 5049 2967 5092 et
3001 5045 3231 5104 quartus
3253 5049 3377 5108 cum
3406 5031 3566 5085 Coisl.
3592 5031 3674 5082 ὅτι
3695 5038 3710 5108 ί

2093 5112 2156 5180 τῇ
2188 5106 2294 5182 τῶν
2315 5112 2581 5182 λπατέρων
2608 5110 2774 5162 αὑτοῦ
2809 5108 3077 5182 συνηθείῆ
3097 5106 3478 5182 παραδέδοται.

2169 5181 2280 5256 (ἓξ)
2307 5180 2408 5256 ξίο
2429 5177 2576 5256 ιιιέεζ
2598 5193 2828 5256 septem.
2866 5177 3115 5234 Abest’Bé
3140 5177 3208 5230 ab
3239 5177 3421 5230 editis.

2167 5240 2281 5319 (29)
2318 5251 2496 5305 Editio
2544 5240 2705 5304 Basi'l.
2739 5263 2794 5304 et
2837 5260 3070 5318 quatuor
3105 5263 3231 5319 mss.
3287 5240 3677 5308 καταλειφθέν-

2100 5318 2216 5384 τας.
2253 5321 2430 5374 Editio
2482 5336 2610 5373 vero
2648 5321 2822 5373 Paris.
2864 5334 2987 5373 cum
3040 5318 3196 5373 Colb.
3230 5319 3419 5385 quinto
3467 5324 3522 5365 et
3553 5327 3672 5362 cum

2105 5391 2233 5455 Reg.
2277 5401 2430 5443 sexto
2456 5390 2920 5460 καταληφθέντας.

2171 5449 2282 5531 (50)
2319 5460 2465 5531 Regii
2497 5449 2691 5515 ιετιίιίὲ
2715 5471 2768 5513 et
2814 5449 3038 5531 qu'artus
3073 5457 3392 5531 ieréuegqy
3419 5456 3521 5508 ὅτι.
3557 5449 3682 5531 staT

2104 5527 2196 5584 tini
2249 5527 2613 5615 Regftertius
2659 5531 2797 5584 ἀλλά
2821 5530 2917 5582 καὶ
2954 5530 2982 5580 6
3005 5529 3218 5584 τούτου.
3257 5527 3394 5582 Editi
3429 5536 3483 5580 et
3523 5528 3684 5578 mutu

2104 5617 2231 5656 IIISS.
2255 5618 2484 5655 τουτων.

2174 5673 2285 5740 (51)
2317 5673 2446 5744 llcg.
2475 5673 2667 5727 tertius
2690 5671 2778 5724 διὰ
2810 5671 2869 5724 τὸ
2899 5671 2966 5724 τά
3003 5668 3200 5740 φαῦλα.
