4016 6220
361 324 468 381 ἑ59

1727 321 1784 377 S.
1828 321 1910 376 BA
1920 319 2069 377 SILII
2106 320 2244 375 MAG
2253 319 2317 375 Nl

3507 322 3632 376 460

359 454 467 493 non
512 437 752 506 percepit
789 435 1137 507 dignitatem,
1182 435 1276 490 sed
1323 435 1503 490 carnis
1550 434 1932 505 cupiditatibus

2037 434 2226 503 τέλους
2266 432 2612 499 ἐλαττωθεὶς,
2662 435 2791 504 περὶ
2827 427 2888 489 οὗ
2933 434 3026 489 καὶ
3070 436 3099 488 ὁ
3137 434 3384 505 Σολομὼν
3416 453 3579 506 φησι
3604 454 3623 468 ν

360 529 673 593 succubuit,
702 527 1055 596 Comparatus
1087 539 1164 581 est
1184 527 1440 598 jumentis
1470 528 1854 596 insipientibus,
1881 539 1929 583 et

361 619 549 673 similis
574 619 748 687 factus
770 628 847 673 est
875 618 1003 672 illis.

2036 527 2194 595 Μέγα
2233 525 2549 598 ἄνθρωπος,
2585 526 2681 580 καὶ
2724 526 2905 598 τίμιον
2950 527 3091 599 ἀνὴρ
3132 528 3409 601 ὲλεήμων·
3451 521 3627 591 οὗτος

2035 621 2122 675 διὰ
2155 620 2216 674 τὸ
2256 621 2329 692 μὴ
2363 620 2720 691 αἰσθανθῆναι
2762 620 2859 676 τοῦ
2891 621 3092 675 οίκείου
3131 621 3456 692 ἀξιώματος,
3490 622 3623 676 ἀλλ’

356 710 633 783 ὓποκῦψαι
673 714 787 777 τοῖς
824 711 1024 767 πάθεσι
1051 712 1154 784 τῆς
1193 710 1415 784 σαρκὸς,
1453 713 1971 783 Παρασυνεῶῑήθη
1998 715 2122 782 τοῖς
2150 716 2404 783 κτήνεσι
2429 714 2555 781 τοῖς
2590 716 2890 783 ἀνοήτοις,
2927 715 3027 771 καὶ
3047 714 3308 785 ὡμοιώθη
3344 716 3570 782 αὐτοῖς.

803 972 870 1027 IN
908 970 1244 1028 PSALMUM
1291 969 1423 1030 LIX.

431 1068 481 1121 i.
517 1066 649 1122 Cum
673 1074 909 1119 vestram
935 1063 1001 1117 ad
1030 1062 1355 1117 audiendum
1378 1061 1737 1124 alacritatem,
1773 1077 1921 1118 mea-

360 1173 587 1227 rumque
608 1157 800 1208 virium
830 1152 1158 1209 debilitatem
1183 1152 1419 1217 intueor,
1444 1151 1744 1207 similitudo
1770 1153 1923 1221 pueri

359 1248 658 1317 cujuspiam
686 1245 923 1298 animum
947 1243 1125 1299 subit:
1159 1244 1249 1311 qui
1279 1242 1496 1313 quidem
1520 1241 1631 1310 jam
1657 1243 1929 1298 robustior

359 1351 466 1403 est,
507 1338 735 1393 necdum
774 1344 957 1390 tamen
1001 1350 1031 1393 a
1068 1333 1204 1389 lacte
1237 1333 1489 1402 depulsus
1520 1333 1639 1397 fuit,
1674 1335 1767 1388 sed
1806 1348 1925 1387 ma-

360 1443 572 1488 ternam
626 1428 915 1486 illamillam
961 1442 1069 1495 prae
1114 1423 1429 1479 inﬁrmitate
1476 1423 1802 1478 exsiccatam
1851 1424 1931 1477 di-

359 1532 560 1579 vexat:
604 1522 691 1577 cui
734 1532 926 1583 mater,
958 1519 1120 1574 etiam
1157 1518 1202 1571 si
1238 1516 1414 1571 siccos
1445 1515 1601 1571 lactis
1631 1514 1808 1569 fontes
1837 1516 1932 1568 ba-

359 1614 491 1670 bere
538 1627 598 1668 se
641 1611 874 1674 sentiat,
918 1609 1046 1679 quia
1095 1618 1275 1662 tamen
1319 1607 1555 1661 trahitur
1602 1615 1659 1659 et
1702 1606 1771 1661 ab
1817 1605 1933 1674 ipso

361 1705 663 1769 vellicatur,
699 1717 986 1759 mammam
1038 1700 1454 1770 porrigitpnon
1501 1708 1560 1752 ut
1600 1697 1805 1754 nutriat
1853 1697 1935 1750 in-

360 1797 586 1859 fantem,
629 1795 722 1852 sed
780 1801 839 1849 ut
872 1793 1048 1863 ipsum
1108 1790 1396 1859 eiulantem
1466 1788 1638 1844 sedet.
1707 1787 1773 1841 Et
1816 1786 1937 1855 qui-

2346 973 2458 1026 ΕιΣ
2496 973 2632 1027 ΤοΝ
2662 973 2781 1042 ξΝθι
2818 973 3115 1027 ΨΑΛΜΟΝ
3161 974 3295 1044 (52).

2105 1061 2155 1117 ί.
2182 1063 2325 1134 Πρὸς
2349 1064 2410 1117 τὸ
2438 1062 2716 1134 πρόθυμον
2729 1064 3016 1137 ἀφορῶντα
3026 1065 3130 1136 τῆς
3141 1065 3608 1138 ὑμετέῳςάκοῆς,

2037 1156 2134 1209 καὶ⁵
2164 1155 2227 1209 τὺ
2249 1156 2348 1226 τῆς
2373 1154 2611 1227 ἐμαυτοῦ
2634 1156 2914 1227 δυνάμεως
2936 1155 3181 1222 ἀσθενὲς,
3206 1157 3411 1228 ὑπῆλθέ
3436 1161 3501 1230 μέ
3523 1178 3612 1224 τις

2035 1246 2198 1301 είκὼν
2227 1246 2438 1301 παιδίου
2463 1246 2850 1317 νεανικωτέρου
2873 1246 3077 1306 λοιπὸν.
3099 1245 3249 1301 οὔπω
3270 1247 3450 1319 μέντοι
3473 1252 3614 1304 ἀπο-

2034 1340 2566 1411 γεγαλακτισμένου,
2601 1338 2937 1411 διοχλοῦντος
2977 1339 3034 1393 δὲ
3077 1339 3190 1409 (³55)
3218 1339 3316 1411 τὴν
3350 1342 3611 1413 μητρῴαν

2031 1431 2208 1504 θηλὴν
2252 1432 2345 1486 ὑπ’
2380 1432 2693 1504 ἀρρωστίας
2727 1432 3145 1504 κατεψυγμένην
3166 1448 3180 1464 °
3209 1426 3255 1501 ᾧ
3280 1435 3383 1487 κᾶν
3419 1436 3610 1488 αίσοά-

2029 1538 2191 1593 νηται
2219 1525 2253 1592 ἡ
2295 1525 2476 1594 μήτηρ
2522 1523 2691 1594 ξηράς
2731 1523 2928 1595 έχουσα
2967 1525 3067 1589 τὰς
3099 1525 3282 1596 πηγὰς
3312 1525 3405 1580 τοῦ
3438 1528 3609 1595 γάλα-

2031 1632 2192 1688 gos,
2254 1615 2518 1687 ἑλκομένη
2589 1615 2684 1669 καὶ
2759 1618 3179 1688 σπαρασσομένη
3255 1619 3385 1688 παρ’
3439 1617 3609 1671 αὐτοῦ

1994 1676 2341 1778 vitava
2385 1676 2729 1762 έπιδίδωσιν·
2772 1676 2888 1779 οὐχ.
2922 1709 3009 1761 ἵνα
3047 1676 3235 1780 ’θρέψῃ
3393 1712 3607 1780 νήπιον,

2034 1796 2150 1851 ἀλλ’
2193 1796 2280 1851 ἵνα
2332 1795 2517 1870 παύσῃ
2567 1794 3122 1868 κλαυθμυριζόμενον.
3172 1799 3283 1851 Καὶ
3328 1797 3503 1851 τοίνυν
3562 1801 3611 1851 ei

359 1890 482 1943 dem
532 1885 748 1941 tametsi
790 1860 936 1939 vires
1002 1893 1200 1938 nostrre
1263 1882 1421 1951 longa
1494 1878 1658 1956 189
1708 1879 1812 1933 bac
1869 1892 1932 1932 ac

2037 1888 2129 1942 xui.
2160 1887 2228 1941 τά
2255 1860 2986 1959 ήμέτερίκατεξηραμμέντα
3011 1889 3076 1959 τῇ
3108 1889 3292 1959 μακρᾷ
3317 1888 3485 1959 ταύτῃ
3511 1890 3612 1942 καὶ

358 1980 510 2033 varia
577 1977 820 2044 corporis
867 1976 1187 2045 aegritudine
1228 1982 1589 2038 exaruerunt,
1658 1970 1934 2025 nihilomi-

362 2085 467 2127 nus
536 2078 716 2123 tamen
774 2076 976 2136 praesto
1049 2075 1176 2121 sunt
1251 2064 1437 2127 vobis,
1500 2077 1604 2118 non
1656 2062 1933 2117 ministra-

363 2172 500 2215 turte
547 2159 769 2215 delicias
821 2158 1072 2221 eximias,
1108 2155 1200 2212 sed
1261 2158 1405 2226 quod
1465 2162 1736 2224 utcunque
1781 2153 1933 2208 vobis

362 2249 681 2307 satisfacere
721 2250 890 2318 possit
924 2265 938 2301 :
971 2248 1171 2316 quippe
1217 2244 1417 2299 amoris
1456 2243 1621 2298 vestri
1667 2242 1934 2311 magnitu-

362 2342 478 2397 dini
524 2342 658 2396 satis
693 2349 794 2407 est,
826 2339 871 2394 si
907 2339 988 2394 vel
1029 2338 1141 2393 sola
1192 2350 1322 2393 voce
1365 2336 1689 2392 desiderium
1742 2335 1795 2390 in
1849 2348 1933 2389 me

361 2442 608 2490 vestrum
645 2432 896 2487 leniatur.
928 2430 1205 2486 Salutetur
1250 2430 1414 2500 igitur
1445 2428 1539 2483 Dei
1582 2427 1838 2489 Ecclesia,
1869 2441 1933 2481 ac

362 2527 547 2579 dicere
580 2524 752 2578 discat
785 2523 925 2593 quod
958 2522 1116 2577 modo
1146 2520 1458 2591 legebamus
1490 2539 1503 2574 :
1534 2520 1696 2575 Vens.
1729 2520 1817 2574 t3.
1848 2517 1932 2572 Da

366 2616 515 2675 nobis
550 2617 814 2679 auxilium
837 2618 902 2669 de
926 2614 1261 2670 tribulatione
1294 2629 1313 2668 :
1338 2623 1386 2668 et
1417 2629 1553 2667 uana
1581 2613 1726 2667 salus
1763 2612 1932 2666 homi-

364 2709 466 2763 nis.
510 2708 688 2777 Quare
730 2707 976 2769 fortassis
1020 2721 1090 2762 ne
1134 2705 1348 2763 causari
1387 2706 1601 2777 quidem
1643 2704 1932 2759 infirmita-

365 2808 476 2857 tem
509 2798 639 2854 siuit
677 2797 869 2868 psalmi
905 2797 1168 2852 sententia
1200 2815 1212 2850 :
1243 2794 1513 2864 siquidem
1551 2793 1789 2860 alliictio,
1828 2808 1931 2849 non

366 2888 663 2950 debilitatis
709 2898 1003 2958 praetextas
1050 2887 1303 2947 auxilium
1347 2901 1614 2956 opemque
1654 2886 1930 2943 conciliat.

366 2982 470 3051 Qui
513 2996 643 3052 ergo
689 2990 816 3035 sunt
857 2978 1055 3049 repulsi
1109 2981 1177 3034 ob
1217 2988 1467 3049 peccata,
1499 2993 1562 3033 ac
1607 2978 1800 3032 deinde
1838 2976 1932 3033 Dei

367 3074 741 3134 misericordia
772 3086 961 3127 rursus
999 3071 1241 3134 admissi,
1273 3070 1338 3125 iis
1371 3069 1535 3126 fuerit
1573 3080 1931 3140 opportunum

2034 1977 2254 2049 ποικίλῃ
2312 1976 2407 2030 τοῦ
2455 1976 2704 2048 σώματος
2755 1978 3056 2050 ἀρρωστίᾳ,
3115 1979 3263 2049 ὅμως
3326 1982 3613 2051 πρόκεισαι

2034 2069 2185 2139 ὑμῖν,
2224 2067 2326 2121 οὐκ
2368 2068 2667 2120 ἀπόλαυσιν
2714 2068 3009 2137 ἀξιόλογον,
3052 2069 3187 2123 ἀλλὰ
3240 2070 3612 2142 πληροφορίαν

2032 2158 2155 2212 τινὰ.
2192 2159 2564 2231 παρεχόμενα,
2615 2161 2750 2215 διότι
2794 2162 2894 2232 τῆς
2923 2160 3142 2232 ἀγάπης
3171 2163 3324 2232 ὑμῶν
3354 2164 3413 2217 τὸ
3436 2167 3611 2236 ὑπερ-

2033 2250 2225 2304 ϐάλλον
2254 2251 2507 2321 ἀρκεῖται
2543 2251 2638 2304 καὶ
2663 2251 2800 2326 μόνῃ
2827 2255 2892 2323 τῇ
2928 2255 3077 2324 φωνῇ
3112 2253 3202 2306 τὸν
3233 2254 3318 2321 ἐφ’
3347 2256 3478 2324 ἡμῖν
3506 2256 3610 2309 πό-

2033 2341 2123 2396 θον
2154 2340 2267 2411 (54)
2316 2342 2718 2413 καταπραῧναι.
2766 2344 3151 2416 Προσειρήσθω
3198 2345 3373 2398 τοίνυν
3423 2348 3458 2418 ἡ
3511 2346 3609 2400 τοῦ

2032 2433 2168 2488 Θεοῦ
2216 2432 2533 2504 Ἐκκλησία,
2556 2435 2654 2490 καὶ
2681 2434 3013 2491 διδασκέσθω
3041 2434 3218 2504 λέγειν
3242 2437 3378 2509 ὅπερ
3406 2437 3613 2509 ἀρτίως

2033 2524 2318 2594 ἐλέγομεν·
2345 2523 2457 2590 Δὸς
2481 2525 2625 2595 ἡμῖν
2649 2526 2940 2593 βοήθειαν
2973 2528 3042 2582 ἐκ
3066 2530 3346 2597 θλίψεως,
3374 2529 3471 2584 καὶ
3497 2547 3610 2599 μα-

2032 2615 2167 2669 ταία
2186 2617 2446 2685 σωτηρία
2467 2614 2800 2685 ἀνθρώπου.
2828 2618 2986 2671 Ὥστε
3012 2619 3150 2689 τάχα
3172 2620 3295 2673 οὐδὲ
3311 2620 3373 2674 τὸ
3400 2638 3613 2693 προφασ-

2036 2706 2279 2772 σίξεσθαι
2311 2707 2624 2779 ἀρρωστίαν
2654 2708 2785 2779 ἡμῖν
2817 2709 2850 2779 ἡ
2875 2708 2970 2762 τοῦ
3000 2709 3216 2781 ψαλμοῦ
3242 2711 3447 2767 διάνοια
3479 2729 3613 2780 συγ-

2034 2799 2218 2871 χωρεῖ,
2247 2799 2405 2870 εἴπερ
2437 2801 2470 2870 ἡ
2505 2799 2683 2870 θλίψις
2723 2799 2973 2871 βοηθείας
3022 2802 3299 2874 πρόξενος,
3346 2804 3460 2857 ἀλλ’
3506 2805 3612 2858 οὐκ

2036 2890 2321 2954 ἀσθενείας
2366 2892 2515 2946 ἐστὶν
2562 2893 2806 2964 ἀφορμή.
2855 2895 2980 2958 Τοῖς
3010 2890 3101 2948 οὖν
3142 2896 3485 2966 ἀπωσμένοις
3518 2897 3613 2951 διὰ

2035 2982 2133 3048 τὰς
2161 2983 2457 3055 ἁμαρτίας.
2482 2978 2599 3037 εἶτα
2616 2984 2705 3038 διὰ
2728 2984 3131 3057 φιλανθρωπίαν
3155 2985 3288 3039 Θεοῦ
3312 2987 3422 3058 (55)
3446 2986 3613 3041 πάλιν

2035 3072 2441 3145 προσδεχθεῖσιν
2502 3073 2757 3146 εὔκαιρον
2798 3074 3006 3143 λέγειν·
3067 3076 3119 3127 ’0
3177 3076 3341 3143 Θεὸς,
3388 3075 3614 3131 ἀπώσω

368 3168 553 3245 dicere~
583 3184 597 3220 :
634 3165 796 3227 Vtilis.
827 3164 881 3219 '5.
923 3163 1086 3228 υκαι,
1121 3161 1357 3231 repuliin
1390 3177 1505 3223 nos,
1536 3173 1583 3215 et
1628 3161 1934 3216 destruxisti

2037 3161 2213 3232 ἡμᾶς,
2248 3162 2347 3217 καὶ
2374 3163 2648 3231 καθεῖλες
2687 3164 2875 3235 ἡμᾶς·
2925 3166 3241 3237 ὠργίσθηςν
3286 3168 3383 3221 καὶ
3406 3169 3613 3233 ᾠκτεί-

370 3246 463 3312 ηοέ
494 3258 704 3317 :iratus
755 3271 828 3319 es,
860 3263 911 3309 et
960 3255 1205 3312 misertus
1258 3269 1311 3308 es
1364 3252 1549 3307 nostri.
1597 3252 1687 3308 Vel
1735 3255 1933 3323 potius,

369 3348 624 3421 quoniam
681 3349 747 3405 de
800 3346 988 3421 psalmi
1044 3344 1315 3403 sententia
1355 3344 1543 3399 incidit
1581 3359 1782 3410 sermo,
1818 3360 1936 3415 age,

370 3440 763 3511 expositionem
792 3438 911 3513 ejus
937 3437 1276 3507 aliquatenus
1307 3435 1654 3506 attingamus.

440 3536 497 3590 2.
539 3532 775 3597 Historia
807 3531 1088 3604 praesentis
1117 3530 1330 3601 psalmi,
1360 3531 1428 3584 ad
1450 3530 1673 3585 verbum
1700 3530 1937 3600 quidem,

373 3632 668 3687 secundum
704 3627 1134 3696 inscriptionem,
1168 3640 1429 3694 nusquam
1465 3625 1566 3680 hoc
1607 3633 1847 3701 tempore
1888 3626 1939 3679 in

375 3724 595 3785 traditis
613 3721 868 3777 divinitus
894 3718 1137 3774 historiis
1166 3717 1458 3773 invenitur.
1483 3718 1734 3772 Attamen
1762 3716 1939 3786 aliqua

374 3815 504 3872 huic
529 3828 635 3873 non
664 3811 888 3880 imparia
921 3808 988 3863 ab
1019 3809 1087 3864 iis
1113 3808 1205 3877 qui
1234 3806 1522 3877 diligenter
1561 3807 1861 3877 inquirunt,
1888 3807 1939 3860 in

277 3939 282 3945 -
374 3907 614 3966 secundo
657 3904 964 3970 Regnorum
1010 3902 1150 3955 libro
1192 3899 1549 3969 reperientur,
1583 3901 1635 3953 in
1671 3913 1778 3969 quo
1810 3899 1944 3953 scri-

377 4006 524 4069 ptum
547 4005 634 4050 est
681 4012 697 4048 :
729 3993 793 4047 Et
818 3992 1066 4060 percussit
1118 3990 1291 4045 David
1317 3989 1557 4044 Adrazar
1576 3988 1744 4056 ﬁlium
1770 3987 1942 4053 Raab,

375 4105 548 4159 regem
579 4085 738 4149 Saba,
775 4102 890 4140 cum
933 4085 1029 4138 iret
1069 4086 1178 4149 ipse
1217 4082 1285 4134 ad
1327 4078 1693 4144 imponendum
1730 4094 1941 4155 manum

377 4197 528 4234 suam
579 4195 735 4248 super
777 4179 973 4247 [lumen
1013 4174 1352 4243 Euphratem.
1389 4171 1473 4225 Et
1502 4172 1632 4240 cepit
1665 4169 1835 4226 Dauid
1879 4171 1943 4225 de

379 4271 531 4324 rebus
562 4268 677 4337 ejus
706 4268 847 4321 mille
880 4281 1088 4329 currus,
1120 4274 1166 4319 et
1199 4274 1393 4331 septem
1428 4260 1595 4315 millia
1619 4261 1872 4331 equitum,
1894 4271 1944 4315 et

377 4359 562 4428 viginti
606 4358 772 4411 millia
815 4357 1045 4410 uirorum
1087 4355 1339 4424 peditum.
1388 4352 1451 4407 Et
1499 4353 1734 4408 dissolvit
1772 4353 1943 4410 David

381 4463 556 4503 omnes
594 4462 800 4508 currus,
831 4454 878 4498 et
916 4442 1190 4512 dereliquit
1234 4457 1299 4496 ea:
1329 4442 1403 4495 eis
1443 4450 1649 4495 centum
1678 4456 1864 4494 currus
1897 4440 1939 4493 ".

2032 3266 2230 3322 ρησας
2255 3254 2293 3322 ἡ
2297 3253 2437 3324 μᾶς.
2465 3255 2680 3313 Μᾶλλον
2710 3256 2787 3323 δὲ,
2814 3256 3000 3329 ἐπειδὴ
3027 3258 3107 3322 είς
3133 3258 3449 3313 ἀκολουθίαν
3475 3263 3506 3313 ὁ
3526 3260 3617 3314 λό-

2038 3362 2134 3416 γος
2165 3348 2263 3416 τῆς
2289 3346 2383 3401 τοῦ
2409 3347 2623 3419 ψαλμοῦ
2656 3349 2894 3414 διανοίας
2922 3350 3163 3417 ἐνέπεσε,
3192 3351 3350 3422 δεῦρο
3376 3354 3616 3423 μετρίως

2038 3434 2302 3506 ἁψώμεθα
2334 3436 2497 3490 αὐτοῦ
2518 3437 2617 3509 τῆς
2648 3437 2980 3510 ἐξηγήσεως.

2108 3523 2163 3580 2.
2210 3524 2274 3578 Ἦ
2304 3525 2514 3596 ἱστορία
2548 3524 2642 3578 τοῦ
2675 3526 3035 3597 προκειμένου
3074 3527 3289 3598 ψαλμοῦ
3337 3528 3613 3593 αὑτολεξεὶ

2045 3617 2165 3685 μὲν,
2210 3615 2351 3670 κατά
2385 3616 2484 3688 τὴν
2517 3617 2850 3688 ἐπιγραφὴν,
2879 3618 3089 3674 οὐδέπω
3135 3620 3226 3673 καὶ
3268 3618 3361 3673 νῦν
3387 3619 3614 3691 εὕρηταί

2042 3723 2144 3759 που
2184 3707 2409 3778 κειμένη
2452 3707 2560 3761 τῶν
2607 3707 2976 3763 θεοπνεύστων
3006 3710 3283 3782 ἱστοριῶν·
3326 3712 3393 3766 τὰ
3427 3712 3613 3783 μέντοι

2045 3798 2465 3869 ἰσοδυναμοῦντα
2502 3801 2638 3870 αὐτῇ
2661 3802 2775 3864 τοῖς
2806 3800 3105 3870 φιλοπόνως
3140 3803 3431 3873 ὲρευνῶσιν
3459 3806 3516 3857 έν
3542 3807 3610 3875 τῇ

2041 3891 2269 3965 δευτέρᾳ
2328 3891 2495 3964 βίϐλῳ
2543 3892 2651 3945 τῶν
2699 3892 2993 3949 Βασιλειῶν
3057 3893 3432 3966 εὑρεθήσεται,
3487 3891 3611 3969 ὲνῇ

2042 3984 2378 4054 γέγραπται·
2404 3983 2512 4037 Καὶ
2537 3981 2793 4049 ἐπάταξε
2825 3983 2999 4038 Δαϐὶδ
3038 3985 3144 4038 τὸν
3182 3984 3449 4054 Ἁδραζόρ
3478 3985 3615 4039 υἱὸν

1988 4066 1994 4071 ’
2053 4075 2236 4131 Ῥαὰϐ
2268 4075 2401 4147 (56),
2444 4075 2708 4141 βασιλέα
2741 4072 2925 4139 Σωϐᾶ,
2972 4076 3374 4149 πορευομένου
3424 4075 3613 4131 αὐτοῦ

2041 4168 2365 4237 ἐπιστῆσαι
2392 4168 2505 4238 τὴν
2524 4168 2691 4238 χεῖρα
2719 4168 2905 4223 αὑτοῦ
2938 4169 3035 4230 ἐπὶ
3064 4167 3172 4222 τὸν
3202 4166 3467 4238 ποταμὸν
3495 4170 3614 4223 Εὐ·-

2043 4259 2295 4333 septimis.
2320 4260 2429 4314 Καὶ
2461 4259 2930 4328 προκατελὰϐετο
2956 4258 3132 4315 Δαϐὶδ
3165 4259 3283 4314 τῶν
3308 4258 3495 4314 αὐτοῦ
3518 4259 3610 4329 zi-

2043 4354 2146 4405 λια
2172 4351 2420 4422 ἅρματα,
2445 4352 2541 4405 καὶ
2579 4350 2727 4409 ἑπτὰ
2763 4349 3037 4419 χιλιάδας
3057 4350 3302 4417 ἱππέων,
3332 4351 3432 4409 καί
3455 4351 3610 4405 sino-

2045 4457 2112 4497 σι
2142 4442 2406 4512 χιλιάδας
2454 4441 2691 4512 ἀνδρῶν
2724 4443 2929 4505 πεζῶν.
2965 4443 3073 4497 Καὶ
3110 4442 3414 4512 παρέλυσε
3441 4441 3619 4496 Δαϐὶδ

380 4538 448 4592 Et.
477 4536 633 4606 paulo
663 4542 782 4604 post
807 4534 938 4588 dicit
971 4552 984 4586 :
1015 4531 1082 4585 Et
1113 4533 1340 4602 regnavit
1376 4530 1542 4585 David
1566 4546 1720 4599 super
1751 4529 1938 4593 Israel,

2047 4532 2242 4587 πάντα
2267 4534 2337 4589 τὰ
2367 4534 2616 4604 ἅρματα,
2642 4536 2740 4589 καὶ
2773 4536 3126 4590 ὑπελείπετο
3157 4533 3226 4599 ἐξ
3254 4533 3453 4589 αὐτῶν
3476 4533 3616 4588 ἐκα-

451 4651 470 4681 ”¹
502 4647 542 4703 ΙΙ
570 4647 704 4719 Reg.
738 4664 851 4713 vin,
880 4648 934 4710 5,
962 4647 1016 4700 4.

456 4742 569 4811 (1'32)
604 4743 778 4796 Editio
814 4742 982 4796 Paris.
1037 4741 1143 4812 Τοῦ
1170 4741 1336 4812 αὐτοῦ
1365 4742 1444 4803 είς
1476 4741 1569 4812 τὸν
1607 4739 1682 4795 νθ¹
1715 4741 1950 4812 ψαλμὸν.

383 4816 479 4877 Εἰς
500 4810 561 4865 τὸ
589 4812 740 4875 τέλος
774 4815 885 4875 τοῖς
920 4811 1440 4881 ἁλλοιωθησομένοις
1458 4828 1472 4841 ο
1498 4810 1579 4864 ἔτι
1625 4813 1704 4881 είς
1732 4810 1740 4812 ⁷
1764 4810 1956 4881 στηλο-

384 4885 625 5007 γραφίαν
651 4883 729 4953 τῷ
763 4883 926 4937 Δαϐὶδ
953 4884 1032 4945 εἰς
1059 4880 1299 4952 διδαχὴν,
1333 4881 1492 4933 ὁπότε
1541 4880 1827 4952 ἐνεπύρισε
1853 4880 1955 4952 τὴν

383 4957 419 5009 Ἀ
444 4954 810 5023 εσοποταμίαν
864 4954 1084 5023 Συρίας,
1110 4953 1225 5023 καὶ,
1246 4951 1344 5023 τὴν
1403 4952 1611 5023 Συρίαν
1635 4952 1818 5023 ΔΣοὸᾶ,
1864 4954 1955 5006 καὶ

385 4992 1364 5094 ige'épllp2‘3'71'wicir‘iéi235.1%;
1399 4992 1838 5094 ΞὲνἝδὼῖζἜὶρ
1867 4992 1953 5093 Τῇ

388 5083 647 5163 φάραῇγί
662 5093 771 5163 τῶν
812 5092 1004 5155 Ἀλῶν,
1030 5091 1234 5145 δώδεκα
1272 5083 1532 5163 χιλιάδας.
1564 5090 1630 5163 in
1673 5083 1830 5163 'ﬁnem
1889 5083 1953 5144 n'.‘

386 5161 481 5232 qui
517 5161 973 5226 im’mutabuntur;
1016 5163 1188 5216 adltuc
1249 5163 1302 5216 in
1359 5162 1500 5214 tituli
1560 5161 1952 5232 inscriptionem

389 5229 491 5294 ipsi
519 5233 692 5287 David
728 5233 783 5286 in
813 5233 1130 5297 doctrinam,
1164 5248 1280 5285 cum
1328 5232 1592 5284 succendit
1650 5229 1951 5296 Mesopota-

390 5305 554 5358 sitiam
585 5303 778 5373 Syriae,
812 5315 858 5356 et
888 5303 1098 5373 Syriam
1118 5299 1312 5373 _Soba,
1344 5310 1391 5354 et
1441 5301 1688 5373 convertit
1716 5299 1951 5373 Jaab._et

390 5370 646 5495 ἣττονεεῆ
672 5371 845 5426 Edam
870 5370 1081 5427 inpalle
1104 5371 1433 5434 Salinarum,
1462 5370 1732 5424 duodecim
1763 5370 1950 5423 millia.

448 5443 698 5495 ictitulus
734 5458 904 5495 neque
929 5442 980 5495 in
1010 5442 1209 5495 nostris
1238 5441 1482 5494 undecim
1516 5455 1647 5494 mss.
1684 5455 1854 5495 neuue
1898 5442 1948 5492 in

448 5443 698 5498 ictitulus
734 5458 904 5510 neque
929 5442 980 5496 in
1010 5442 1209 5496 nostris
1238 5441 1482 5510 undecim
1516 5455 1647 5494 mss.
1684 5455 1856 5510 neque
1898 5442 1948 5492 in

395 5512 628 5568 editione
676 5508 971 5568 Basileensi
1014 5510 1300 5581 reperitur.
1350 5508 1555 5564 Idcirco
1589 5518 1764 5581 autem
1795 5508 1948 5581 addiv

398 5587 509 5652 tum
542 5596 666 5635 eum
698 5581 864 5652 fuisse
894 5598 923 5636 a
954 5578 1298 5652 t)'pographis
1321 5588 1589 5652 putamus,
1617 5578 1763 5652 quod
1814 5579 1947 5634 lucis

400 5647 597 5719 aliquid
622 5651 902 5708 Basiliame
930 5647 1291 5719 eiplanationi
1321 5647 1515 5702 aﬂ‘erre
1542 5649 1809 5702 videatur.

471 5718 579 5788 (55)
610 5720 681 5773 lta
717 5720 865 5790 Regii
892 5718 1177 5786 secundus,
1215 5720 1399 5774 tertius
1421 5729 1470 5773 ct
1512 5730 1758 5789 quartus.
1794 5720 1947 5773 Deest

2059 4740 2119 4794 δέ
2142 4740 2195 4792 in
2236 4738 2419 4792 multis
2445 4736 2565 4790 aliis
2587 4750 2713 4789 mss.
2741 4743 2793 4789 et
2825 4735 2877 4787 in
2911 4734 3087 4789 editis.

2128 4809 2242 4880 (54)
2269 4808 2457 4880 Editiq
2493 4805 2660 4880 Desii.
2692 4816 2740 4880 et
2785 4804 2947 4880 Regii
2997 4802 3535 4880 se_cu_ndus,‘tertilts__
3560 4818 3619 4880 et

2059 4869 2243 4933 Scitus
2272 4892 2391 4931 cum
2418 4876 2570 4931 Coll).
2612 4876 2771 4930 tertio
2800 4869 2893 4927 τδῡ
2932 4876 3015 4943 ἐφ’
3041 4875 3169 4943 ὑμῖν
3220 4872 3403 4926 πόθον.
3442 4869 3620 4928 Ειιίιῖυ

2060 4948 2236 5002 Paris.
2269 4956 2323 5001 et
2346 4946 2498 4999 multi
2534 4945 2622 5014 alii
2654 4960 2781 5014 mss.
2808 4944 2901 4998 τὸν
2939 4944 3024 5014 ἐφ’
3060 4945 3189 5014 ἡμῖν
3222 4943 3405 4998 πόθον.

2132 5018 2385 5100 (“Ws
2424 5013 3143 5100 5,“W‘1“V99°’.?“°”_9£?92
3170 5014 3619 5100 iurandum??-

2061 5083 2267 5142 uotavit
2314 5087 2538 5140 Duc-aius
2588 5100 2652 5139 ex
2689 5083 2896 5153 Anglic.
2933 5096 2986 5139 et
3021 5084 3160 5139 Oliv.
3198 5083 3616 5153 additafuisse.

2057 5162 2334 5211 Anuotare
2362 5164 2607 5209 nostrum
2637 5162 2741 5217 est,
2766 5152 2866 5207 lioc
2889 5154 3031 5209 idem
3066 5163 3120 5205 et
3147 5153 3197 5205 in
3241 5152 3442 5207 nostris
3481 5169 3589 5220 quo

2056 5243 2159 5296 que
2192 5225 2468 5282 codicibus
2500 5225 2749 5296 inveniri.
2774 5223 2917 5278 lnl'ra
2945 5238 3042 5294 pro
3070 5222 3383 5294 ἐξηγήσεως
3429 5223 3622 5293 legitur

2056 5294 2107 5352 in
2146 5297 2275 5366 lteg.
2315 5296 2473 5366 tertio
2498 5294 2822 5366 διηγήσεως.

2127 5360 2245 5437 (56Ῐ
2267 5365 2441 5437 Editio
2497 5360 2670 5437 Paris.
2720 5363 2833 5437 υίὺν
2904 5363 3096 5437 Ῥαὰϐ.
3140 5360 3316 5437 Editip
3356 5360 3515 5437 Basil.
3568 5371 3622 5411 et

2056 5431 2166 5492 tres
2200 5431 2330 5490 mss.
2363 5435 2476 5487 υἱὸν
2518 5432 2708 5501 Ῥαὰφ.
2744 5434 2813 5487 At
2862 5433 3026 5487 codex
3059 5431 3303 5487 Cnmbel‘.
3332 5439 3388 5486 et
3408 5431 3496 5484 alii
3524 5444 3616 5483 sex

2057 5522 2189 5562 mss.
2239 5507 2352 5558 υἱὸν
2410 5503 2602 5558 Μωὰϐ.
2638 5502 2836 5556 Ibidem
2880 5503 3008 5557 editi
3059 5511 3113 5558 et
3158 5501 3312 5555 Colb.
3363 5501 3622 5568 septimus

2055 5576 2317 5647 βασιλέως
2344 5574 2521 5647 Σῳϐἅι.
2546 5573 2651 5647 Sed
2673 5572 2807 5627 Oliv.
2838 5581 2887 5628 et
2906 5571 3116 5643 Anglic.
3144 5584 3264 5625 cum
3291 5570 3413 5626 aliis
3439 5571 3619 5625 decem

2055 5643 2185 5703 inss.
2226 5643 2447 5717 βασιλέα
2474 5644 2650 5698 Σωϐᾶ.
