4016 6220
309 291 417 348 463

1695 288 1751 342 S.
1791 287 2032 341 BASILII
2066 284 2281 342 MAGNI

3493 285 3536 338 Is
3550 283 3644 338 64

313 409 382 462 ad
407 420 594 463 omnes
625 405 783 476 hujus
814 404 1005 474 psalmi
1036 404 1239 461 utilitas
1270 404 1575 474 perveniat.
1608 405 1708 472 Qui
1740 406 1883 460 enim

2021 405 2139 468 έλος
2167 405 2223 458 δὲ
2261 404 2408 472 λέγει
2439 403 2497 456 τὸ
2522 403 2612 456 ἐπὶ
2646 402 2924 473 συντελείᾳ
2959 401 3066 455 τῶν
3103 401 3312 456 αἰώνων
3347 401 3648 471 ἐκϐήσε-

312 499 691 562 immutantur,
725 505 780 550 et
818 495 908 565 qui
945 495 1395 563 immutabuntur,
1431 496 1468 549 ii
1505 506 1634 551 sunt
1665 497 1756 566 qui
1791 513 1884 552 ne-

311 605 417 657 que
463 589 709 643 eumdem
759 586 1008 657 cor-poris
1057 587 1299 642 habitum
1342 595 1586 655 servant,
1621 602 1796 659 neque
1836 589 1888 643 in

313 682 503 736 eadem
532 693 750 749 semper
773 680 1069 748 persismnt
1097 679 1363 734 sententia
1396 694 1412 734 :
1439 680 1532 736 sed
1560 680 1652 750 qui
1678 689 1738 734 ut
1764 696 1891 736 cor-

312 788 446 842 pore
476 772 565 826 alii
592 771 905 826 eﬂlciu-ntur
926 770 1082 840 iam
1111 780 1331 826 relatum
1362 772 1790 841 vicissitudines,
1819 775 1892 828 ita

312 875 503 920 mente,
539 880 636 935 pro
686 879 908 919 casuum
959 864 1314 920 varietatibus
1364 875 1757 936 permutantur.
1789 866 1893 922 Alii

316 972 552 1026 namque
599 971 788 1014 sumus
833 956 1009 1026 pueri,
1054 955 1143 1011 alii
1201 957 1452 1026 puberes,
1503 957 1592 1013 alii
1639 958 1742 1013 viri
1784 957 1894 1027 jam

315 1045 471 1110 facti,
512 1061 576 1100 ac
625 1055 1085 1102 consenescentes
1125 1045 1322 1102 iterum
1373 1048 1593 1102 omnino
1642 1048 1894 1102 immuta-

316 1151 462 1193 mur.
493 1136 557 1191 Et
588 1137 678 1190 alii
705 1137 922 1210 quidem
956 1151 1144 1192 sumus
1178 1137 1228 1191 in
1261 1137 1466 1193 laetiore
1495 1153 1674 1194 rerum
1710 1148 1854 1194 statu
1881 1157 1895 1193 :

317 1227 408 1280 alii
456 1242 591 1282 vero
645 1242 713 1282 ex
764 1228 888 1283 aliis
939 1228 1220 1292 eliicimur,
1261 1229 1539 1298 asperiore
1595 1237 1896 1301 temporum

319 1332 449 1371 casu
491 1319 574 1373 usi
603 1336 615 1372 :
651 1317 744 1374 alii
785 1318 912 1372 dum
959 1329 1310 1388 aegrotamus,
1339 1319 1430 1374 alii
1465 1320 1592 1374 dum
1627 1320 1898 1375 valemus:

321 1408 414 1463 alii
465 1409 518 1463 in
566 1410 790 1480 nuptiis,
833 1411 921 1464 alii
974 1412 1024 1464 in
1063 1411 1231 1466 luctu.
1265 1412 1374 1466 Aut
1411 1411 1664 1479 quoniam
1699 1412 1902 1466 dictum

321 1514 428 1554 non
464 1509 568 1564 cst,
602 1497 673 1555 lis
705 1501 796 1570 qui
829 1501 1208 1568 immutantur,
1240 1501 1358 1567 sed,
1393 1499 1472 1556 Iis
1517 1502 1606 1571 qui
1653 1501 1904 1555 immuta-

321 1595 538 1659 bumur,
586 1607 799 1667 voxque
859 1594 1094 1662 speciem
1140 1595 1441 1665 prophetiae
1499 1608 1612 1664 prae
1661 1607 1720 1648 se
1778 1591 1902 1662 fert,

320 1685 465 1752 quod
503 1682 670 1740 futuri
725 1685 798 1740 sit
848 1687 1146 1755 temporis;
1179 1687 1816 1755 convenientiusfuerit,
1849 1697 1909 1744 ut

1994 493 2116 546 σθαι
2139 493 2350 562 μέλλον.
2375 493 2466 546 Διὸ
2488 493 2577 546 καὶ
2599 496 2711 556 τοῖς
2732 491 3252 562 ἀλλοιωθησομένοις
3270 489 3647 562 γεγράφθαι

1993 589 2128 660 φησὶ
2170 589 2261 642 τὸν
2297 587 2530 659 ψαλμόν.
2567 587 2721 639 Ἔστι
2749 584 2805 636 δὲ
2837 583 3170 650 ἁπαξαπλῶς
3209 585 3337 653 περὶ
3379 581 3647 644 παντὸς

1992 674 2088 728 τοῦ
2123 674 2315 743 γένους
2341 674 2450 728 τῶν
2478 673 2780 745 ἀνθρώπων
2810 673 3016 745 νοῆσαι,
3045 673 3120 738 ὠς
3150 676 3228 737 εἰς
3248 675 3464 736 πάντας
3500 673 3644 741 τῆς

1997 767 2106 820 ἀπὸ
2131 766 2224 820 τοῦ
2246 765 2462 838 ψαλμοῦ
2489 766 2870 838 διαϐαινούσης
2908 765 3195 836 ὠφελείας.
3240 765 3488 820 Ἀλλοιοῦ
3502 781 3646 836 με·

1998 877 2078 913 νοι
2109 859 2219 931 γὰρ
2253 860 2348 913 καὶ
2376 858 2865 931 ἀλλοιωθησόμενοι
2894 861 2942 913 οἱ
2975 861 3111 931 μήτε
3151 859 3246 931 τὴν
3273 860 3364 913 τοῦ
3397 859 3641 930 σώμα-

1997 969 2089 1015 τος
2121 951 2234 1016 ἕξιν
2263 952 2360 1023 τὴν
2393 951 2562 1022 αὐτὴν
2593 949 2967 1017 διασώζοντες,
3018 953 3154 1024 μήτε
3193 952 3285 1005 ἐπὶ
3322 952 3421 1022 τῆς
3449 949 3642 1020 γνώ-

2004 1060 2113 1115 μης
2142 1043 2350 1113 ἀεὶτῆς
2373 1043 2544 1114 αὐτῆς
2577 1043 2889 1115 βεϐηκότες,
2916 1043 3051 1098 ἀλλά
3078 1043 3139 1096 τὸ
3168 1044 3263 1114 μὲν
3293 1043 3455 1114 σῶμα
3498 1060 3643 1096 κα·-

1999 1134 2068 1187 τά
2105 1133 2205 1198 τάς
2232 1133 2340 1188 τῶν
2365 1133 2592 1204 ἡλικιῶν
2629 1133 2933 1206 μεταϐολὰς
2975 1134 3363 1206 ἀλλοιούμενοι,
3403 1136 3515 1207 τὴν
3559 1134 3640 1188 δὲ

2002 1224 2244 1280 διάνοιαν
2276 1223 2414 1296 πρὸς
2449 1225 2548 1288 τὰς
2578 1223 2852 1287 ποικιλίας
2893 1223 3003 1277 τῶν
3035 1225 3456 1295 συμπτωμάτων
3492 1242 3634 1295 με-

2002 1317 2369 1388 τατιθέμενοι.
2409 1315 2593 1370 ’Ἄλλοι
2625 1315 2723 1388 μὲν
2745 1316 2854 1388 γάρ
2882 1318 3050 1388 ἐσμεν
3085 1317 3289 1379 παῖδες,
3315 1317 3412 1370 καὶ
3440 1317 3631 1370 ἄλλοι

2005 1407 2219 1479 ἔφηϐοι,
2252 1410 2344 1460 καὶ
2372 1408 2740 1480 ἀνδρωθέντες
2764 1410 2963 1480 ἕτεροι,
3000 1411 3092 1463 καὶ
3132 1409 3628 1482 ἀπογηράσαντες

2006 1500 2170 1553 πάλιν
2195 1500 2475 1564 παντελῶς
2507 1499 2864 1572 ἀλλοιούμεθα
2893 1502 3026 1571 (45).
3060 1504 3168 1556 Καὶ
3209 1501 3357 1556 ἄλλοι
3395 1502 3496 1572 μὲν
3548 1502 3627 1552 ὲν

2005 1595 2127 1656 ταῖς
2159 1590 2542 1664 φαιδροτέραις
2578 1591 3159 1662 ὲσμὲν’καταστάσεσι
3194 1593 3303 1645 τῶν
3335 1593 3626 1664 πραγμά-

2007 1698 2116 1735 των
2137 1699 2152 1712 ο
2187 1681 2336 1736 ἄλλοι
2367 1682 2424 1734 δὲ
2461 1681 2521 1748 ἐξ
2547 1681 2719 1737 ἄλλων
2759 1681 3023 1754 γινόμεθα
3058 1684 3372 1756 τραχυτέρᾳ
3398 1702 3625 1737 συντυ-

322 1776 689 1832 immutandos
751 1777 1118 1848 intelligamus
1172 1795 1290 1847 eos,
1345 1780 1460 1849 qui,
1516 1779 1704 1835 relicta
1763 1795 1903 1835 vana

2016 1774 2101 1844 χίᾳ
2152 1773 2362 1844 καιρῶν
2402 1774 2767 1845 κεχρημένον
2808 1774 2955 1849 ἄλλοι
3005 1773 3301 1839 νοσοῦντες,
3347 1777 3444 1829 καὶ
3497 1776 3618 1829 ἀλ-

321 1877 539 1938 patrum
593 1884 813 1924 suorum
867 1873 1280 1938 consuetudine,
1311 1887 1379 1927 ex
1428 1871 1699 1942 Evangelii
1746 1872 1908 1927 disci—

321 1959 470 2030 plina
503 1960 680 2015 vitam-
703 1977 855 2017 suam
884 1974 1042 2018 erant
1070 1963 1391 2020 instituturi.
1417 1963 1604 2032 Itaque
1633 1980 1740 2019 non
1765 1964 1909 2020 illius

321 2053 500 2109 :rtatis
538 2051 742 2110 Iudaeis
782 2056 867 2110 hic
904 2057 1147 2125 psalmus
1193 2057 1427 2126 scriptus
1465 2065 1569 2121 est,
1609 2057 1702 2112 sed
1753 2056 1909 2113 nobis

326 2143 706 2209 immutandis.
740 2147 834 2217 qui
865 2149 1086 2202 deorum
1116 2147 1514 2204 multitudinem
1545 2148 1596 2202 in
1626 2151 1903 2218 pietatem,

325 2251 392 2291 ac
427 2235 694 2292 idolorum
737 2255 978 2294 errorem
1023 2239 1078 2294 in
1105 2240 1415 2297 Conditoris
1445 2241 1612 2297 nostri
1641 2241 1910 2311 cognitio—

326 2343 452 2384 nem
481 2330 810 2385 mutavimus
836 2346 850 2384 :
875 2333 966 2400 qui
995 2349 1094 2402 pro
1118 2342 1452 2404 repugnante
1480 2333 1583 2406 legi
1611 2333 1907 2404 voluptate,

325 2421 763 2477 consentientem
825 2423 924 2494 legi
980 2426 1395 2495 temperantiam
1445 2427 1709 2498 elegimus
1755 2446 1772 2483 :
1820 2428 1910 2498 qui

325 2524 428 2581 pro
463 2510 609 2566 tibiis
638 2521 692 2567 et
723 2513 911 2569 choris
939 2531 1002 2571 ac
1026 2515 1294 2572 ebrietate
1321 2517 1588 2588 psalmum
1613 2517 1910 2590 jejunium-

326 2616 434 2672 que
476 2612 531 2660 et
583 2606 950 2674 precationem
1002 2610 1162 2665 nobis
1207 2609 1622 2667 vindicavimus.
1678 2612 1915 2668 Proinde

327 2694 421 2764 qui
467 2696 614 2752 hunc
662 2697 929 2766 psalmum
974 2699 1176 2755 dixerit
1216 2701 1479 2771 scriptum
1517 2704 1674 2758 nobis
1706 2716 1845 2771 esse,
1881 2719 1912 2758 a

331 2786 587 2844 veritatis
617 2802 785 2859 scopo
812 2790 954 2846 haud
991 2792 1288 2848 aberrabit.
1318 2791 1445 2848 ideo
1478 2801 1534 2848 et
1572 2805 1757 2850 nostra
1787 2805 1914 2851 sunt

326 2877 546 2934 oracula
581 2879 784 2949 divina,
818 2891 873 2936 et
919 2883 987 2937 ab
1036 2883 1276 2939 Ecclesia
1325 2885 1443 2952 Dei,
1482 2894 1736 2956 tanquam
1772 2888 1914 2943 dona

330 2966 591 3024 divinitus
639 2971 829 3035 missa,
859 2972 912 3026 in
964 2974 1193 3044 singulis
1238 2979 1597 3034 conventibus
1643 2979 1912 3050 leguntur,

2008 1865 2091 1919 λοι
2153 1867 2551 1931 εὐπαθοῦντες
2611 1866 2761 1920 ἄλλοι
2813 1869 2870 1921 ὲν
2929 1867 3148 1939 γάμοις,
3201 1869 3295 1921 καὶ
3341 1867 3491 1922 άλλοι
3541 1871 3620 1921 ὲν

2007 1957 2288 2012 πένθεσιν.
2337 1960 2408 2012 Ἢ
2447 1959 2536 2012 διὰ
2578 1959 2639 2013 τὸ
2687 1957 2762 2030 μὴ
2806 1959 3077 2030 εἰρῆσθαι,
3121 1957 3246 2022 Τοῖς
3283 1959 3619 2030 ἀλλοιουμέ-

2009 2066 2140 2113 νοις,
2177 2049 2332 2115 ἀλλὰ,
2370 2051 2499 2116 Τοῖς
2528 2049 3133 2119 ἀλλοιωθησομένοις,
3169 2050 3264 2103 καὶ
3285 2049 3383 2122 τὴν
3412 2051 3614 2121 φωνὴν

2010 2139 2234 2204 ἔνδειξιν
2268 2140 2412 2210 ἔχειν
2439 2140 2793 2210 προφητείας,
2825 2138 2904 2210 τῷ
2939 2141 3018 2202 εἰς
3049 2139 3108 2192 τὸ
3143 2139 3333 2210 μέλλον
3360 2140 3471 2212 (46)
3509 2143 3612 2193 ὲκ-

2011 2233 2298 2288 κεκλίσθαι
2332 2235 2425 2287 τὸν
2454 2234 2667 2305 χρόνον,
2691 2231 3113 2303 ἀκολουθότερον
3132 2233 3333 2286 ἐννοεῖν
3362 2234 3487 2298 τοὺς
3513 2233 3615 2286 ἀλ-

2011 2322 2476 2394 λοιωθησομένους
2505 2323 2632 2386 τοὺς
2662 2322 2973 2394 μέλλοντας,
3008 2322 3106 2394 τὴν
3140 2323 3278 2394 πρὸς
3296 2321 3364 2375 τά
3393 2323 3611 2394 μάταια

2011 2415 2121 2468 τῶν
2155 2415 2408 2484 πατέρων
2440 2415 2726 2485 συνήθειαν
2773 2413 2886 2484 (47)
2937 2414 3195 2483 ἀφέντας,
3254 2417 3321 2486 τῇ
3352 2414 3498 2468 κατά
3540 2415 3606 2469 τὸ

2013 2509 2346 2579 Εὑαγγέλιον
2389 2508 2646 2580 ἀκριϐείᾳ
2685 2506 2988 2574 κανονίζειν
3039 2509 3136 2581 τὴν
3182 2509 3476 2564 πολιτείαν.
3525 2511 3603 2564 Οὐ

2011 2603 2194 2656 τοίνυν
2223 2602 2336 2665 τοῖς
2369 2601 2493 2655 τότε
2531 2600 2804 2666 Ἰουδαίοις
2825 2603 2853 2656 ὁ
2881 2600 3093 2673 ψαλμὸς
3117 2601 3451 2675 γέγραπται,
3486 2602 3602 2657 ἀλλ’

2012 2697 2148 2767 ἡμῖν
2187 2697 2300 2758 τοῖς
2329 2693 2876 2766 ἀλλοιωθησομένοις,
2909 2695 3022 2758 τοῖς
3058 2696 3158 2767 τὴν
3193 2695 3482 2750 πολυθεταν
3524 2697 3609 2760 εἰς

2015 2788 2299 2842 εὐσέϐειαν
2343 2787 2706 2859 διαμείϐουσι,
2761 2789 2861 2860 τὴν
2915 2789 3045 2860 περὶ
3083 2787 3152 2843 τά
3207 2787 3404 2842 εἴδωλα
3462 2788 3604 2843 πλά-

2016 2899 2114 2953 νην
2140 2881 2252 2952 (48)
2297 2881 2377 2944 εἰς
2423 2881 2523 2952 τὴν
2570 2879 2666 2934 τοῦ
2715 2882 3042 2951 ποιήσαντος
3080 2881 3228 2953 ἡμᾶς
3275 2881 3600 2950 ἐπίγνωσιν·

2015 2974 2128 3036 τοῖς
2158 2972 2278 3025 ἀντὶ
2304 2970 2495 3042 ἡδονῆς
2520 2971 2839 3043 παρανόμου
2870 2971 3226 3044 σωφροσύνην
3260 2971 3486 3044 ἔννομον
3515 2975 3606 3026 αἱ-

326 3059 480 3116 velut
509 3059 824 3117 alimentum
873 3065 1142 3133 quoddam
1191 3067 1516 3137 animarum,
1553 3073 1697 3140 quod
1729 3088 1757 3126 a
1794 3073 1909 3142 Spi-

2021 3065 2302 3138 ρουμένοις
2326 3081 2339 3096 °
2371 3066 2493 3119 ἀντὶ⁹
2529 3064 2739 3130 αὐλῶν,
2767 3063 2864 3118 καὶ
2896 3063 3094 3136 χορῶν,
3125 3065 3218 3118 καὶ⁴
3251 3064 3442 3136 μέθης,
3470 3064 3608 3134 ψαλ-

328 3149 441 3203 ritu
467 3151 931 3208 subministretur.
965 3153 1070 3210 Sed
1102 3169 1151 3212 et
1179 3157 1269 3213 hic
1300 3160 1540 3229 psalmus
1566 3163 1801 3232 scriptus
1829 3175 1912 3220 est

327 3249 394 3296 ut
424 3243 480 3297 in
529 3242 782 3300 columna
815 3246 1174 3316 inscribatur;
1217 3249 1319 3305 hoc
1353 3261 1456 3320 est,
1494 3268 1598 3307 non
1639 3255 1908 3326 negligen-

331 3344 417 3390 ter
459 3345 516 3390 et
561 3335 927 3404 perfunctorie
977 3343 1258 3410 audiatur;
1313 3359 1511 3414 neque,
1553 3349 1913 3416 quemadmo-

330 3426 460 3480 dum
496 3426 606 3482 cito
651 3427 902 3484 delentur
941 3445 1060 3500 quae
1103 3433 1156 3488 in
1203 3437 1428 3492 materia
1478 3452 1537 3492 se
1574 3438 1728 3514 191
1759 3439 1915 3495 facile

331 3529 719 3590 corrumpente
761 3522 1073 3583 scribuntur
1105 3544 1119 3580 :
1151 3527 1234 3582 sic
1266 3529 1319 3582 in
1363 3538 1456 3584 tuo
1497 3532 1680 3587 animo
1727 3533 1915 3590 isthaec

330 3607 402 3664 ad
433 3610 600 3665 breve
635 3620 849 3682 tempus
892 3618 1169 3672 memoriae
1216 3619 1513 3691 insculpas,
1550 3623 1744 3678 deinde
1797 3624 1913 3694 ipsa

331 3701 587 3757 confundi
621 3717 686 3759 ac
711 3704 1018 3762 oblitterari
1043 3709 1227 3777 sinas;
1268 3713 1364 3768 sed
1396 3714 1447 3767 in
1482 3723 1571 3768 tua
1607 3717 1786 3779 anima
1815 3733 1912 3773 ceu

331 3792 388 3849 in
440 3791 694 3850 columna
747 3795 917 3852 incisa
962 3798 1105 3866 sint;
1155 3800 1208 3855 id
1262 3812 1366 3868 est,
1401 3802 1813 3860 immutabiliter
1851 3821 1916 3862 ac

332 3885 569 3941 ﬁrmiter
614 3903 714 3958 per
756 3904 922 3947 omne
961 3900 1173 3965 tempus
1212 3893 1269 3950 in
1313 3897 1572 3951 memoria
1624 3898 1912 3954 insideant.

332 3977 489 4044 Quod
519 3981 564 4035 si
605 3997 704 4038 nos
734 3985 997 4054 repulerit
1026 3983 1266 4052 Judaus,
1302 3987 1447 4042 velut
1474 4004 1505 4043 a
1528 3989 1748 4057 scriptis
1777 3990 1915 4046 alie-

331 4087 471 4140 nos;
515 4087 611 4142 per
643 4074 761 4130 haec
810 4092 931 4145 qua:
976 4078 1178 4148 scripta
1226 4087 1372 4145 sunt,
1407 4079 1580 4148 ipsum
1620 4079 1918 4136 aﬂiciamus

332 4163 598 4233 pudore:
639 4165 720 4221 sic
769 4177 828 4222 ut
882 4169 1230 4226 ostendamus
1292 4171 1516 4226 mixtam
1579 4175 1916 4230 vocationem

335 4269 480 4322 esse,
507 4267 628 4325 quae
649 4256 908 4312 distantia
936 4259 1159 4330 colligit,
1187 4272 1242 4316 et
1267 4276 1330 4317 ea
1357 4277 1478 4332 qua:
1507 4265 1695 4334 procul
1721 4265 1918 4322 absunt

336 4354 621 4410 convocat,
649 4360 714 4400 ac
765 4362 860 4416 per
902 4347 1062 4404 ﬁdem
1109 4350 1161 4404 in
1206 4349 1484 4407 Christum
1525 4353 1687 4410 eilicit
1721 4356 1918 4412 multos

2026 3158 2145 3229 μὸν,
2183 3157 2276 3211 καὶ
2305 3155 2580 3227 νηστείαν,
2610 3155 2702 3230 καὶ
2733 3157 3039 3228 προσευχὴν
3078 3156 3604 3227 μεταλαμϐάνουσιν.

2032 3251 2192 3320 Ἡμῖν
2219 3245 2310 3302 οὖν
2339 3249 2648 3320 γεγράφθαι
2685 3249 2777 3303 τὸν
2813 3248 3028 3320 ψαλμὸν
3057 3248 3225 3304 εἰπών
3266 3267 3370 3314 τις,
3404 3251 3504 3302 οὐκ
3541 3248 3608 3305 ἂν

2021 3344 2257 3414 ἁμάρτοι
2289 3342 2388 3413 τῆς
2421 3341 2698 3413 ἀληθείας.
2730 3342 2824 3398 Διὸ
2851 3343 2963 3412 (49)
2998 3343 3090 3397 καὶ
3116 3342 3359 3415 ἡμέτερά
3386 3345 3502 3396 ἐστι
3539 3343 3609 3398 τὶ

2021 3433 2142 3488 θεῖα
2181 3434 2358 3504 λόγια,
2417 3436 2513 3488 καὶ
2557 3438 2624 3508 τῇ
2663 3434 2759 3487 τοῦ
2800 3433 2936 3487 Θεοῦ
2985 3434 3302 3506 Ἐκκλησία,
3355 3434 3430 3497 ὡς
3486 3432 3608 3486 θεό-

2024 3542 2249 3596 πεμπτα
2291 3524 2461 3596 δῶρα,
2504 3524 2627 3578 καθ’
2677 3524 2908 3578 ἕκαστον
2953 3523 3209 3593 σύλλογον
3265 3522 3609 3591 ὑπαναγινώ-

2023 3634 2234 3680 σκεται,
2280 3611 2391 3670 οἷόν
2430 3634 2513 3680 τις
2549 3617 2722 3688 τροφὴ
2756 3615 2944 3687 ψυχῶν
2983 3616 3362 3691 χορηγουμένη
3397 3617 3485 3672 διὰ
3512 3615 3608 3670 τοῦ

2025 3707 2358 3778 Πνεύματος.
2401 3705 2563 3758 Ἀλλά
2594 3705 2686 3758 καὶ
2726 3708 2804 3769 εἰς
2839 3707 3242 3778 στηλογραφίαν
3292 3706 3608 3779 γέγραπται

2022 3803 2054 3854 ὁ
2097 3800 2348 3871 ψαλμός·
2404 3799 2676 3866 τουτέστι,·
2720 3799 2794 3873 μὴ
2851 3800 3128 3872 πάρεργος
3174 3800 3315 3854 ἔστω
3358 3799 3523 3853 αὑτοῦ
3576 3802 3610 3871 ἡ

2023 3893 2313 3966 ἀκρόασις·
2348 3893 2514 3964 μηδὲ,
2534 3891 2721 3962 ῶσπερ
2751 3891 2819 3945 τὰ
2852 3894 2909 3946 ὲν
2929 3895 2993 3964 τῇ
3029 3891 3317 3964 εὐφθάρτῳ
3352 3891 3450 3966 ὕλῃ
3473 3909 3612 3963 γρα-

2025 3986 2236 4057 φόμενα
2278 3985 2448 4056 ταχὺν
2483 3983 2593 4055 (50)
2626 3983 2892 4054 λαμϐάνει
2933 3984 3024 4037 τὸν
3057 3985 3382 4055 ἀφανισμὸν,
3433 3984 3610 4048 οὕτως

2024 4080 2082 4134 ὲν
2108 4080 2174 4150 τῇ
2203 4075 2427 4130 σεαυτοῦ
2452 4074 2660 4145 διανοίᾳ
2685 4074 2821 4146 πρὸς
2849 4073 3026 4142 ὀλίγον
3050 4073 3356 4146 ἐγχαράξας
3380 4078 3445 4145 τῇ
3475 4078 3611 4146 μνή-

2029 4187 2124 4241 μῃ,
2180 4163 2298 4222 εἷτα
2347 4166 2709 4242 συγχωρήσῃς
2765 4164 2904 4218 αὐτὰ
2960 4165 3292 4237 συγχυθῆναι
3353 4165 3463 4235 (51)
3514 4165 3607 4218 καὶ

2025 4260 2418 4331 ἀφανισθῆναι·
2456 4257 2568 4311 ἀλλ’
2593 4257 2681 4328 ἔχε
2705 4257 3186 4329 ἐνεστηλιτευμένα
3214 4275 3304 4310 σου
3336 4260 3400 4328 τῇ
3427 4257 3570 4328 ψυχῇ
3588 4273 3604 4284 ·

2025 4352 2298 4406 τουτέστιν
2329 4350 2558 4420 ἀκίνητα
2601 4351 2696 4403 καὶ
2729 4349 2901 4417 πάγια
2942 4350 3023 4414 εἰς
3060 4349 3236 4404 πάντα
3278 4350 3368 4402 τὸν
3418 4349 3611 4419 χρόνον

335 4447 527 4488 unum.
569 4433 732 4490 Vens.
775 4437 830 4490 '1.
873 4437 1024 4492 Meus
1058 4448 1154 4508 est,
1186 4441 1382 4511 inquit,
1424 4441 1654 4511 Galaad,
1685 4454 1734 4499 et
1773 4463 1909 4501 meus

2025 4443 2352 4516 ἐνιδρυμένα
2394 4444 2460 4513 τῇ
2501 4442 2708 4512 μνήμῃ.
2760 4441 2885 4495 Ἐἀν
2929 4441 2987 4494 δὲ
3032 4443 3352 4515 παρωθῆται
3393 4444 3544 4514 ἡμᾶς
3579 4445 3611 4496 ὁ

338 4533 413 4578 eu
441 4524 733 4585 narrasses.
753 4529 818 4583 Et
846 4527 1103 4600 Ephraim
1128 4534 1283 4599 dixit,
1301 4545 1355 4590 et
1387 4534 1580 4591 ludam
1603 4539 1920 4609 assumpsit,

339 4623 394 4667 et
420 4623 798 4676 annumeravit
822 4621 1000 4681 Moab.
1027 4623 1168 4690 Quin
1194 4635 1249 4680 et
1276 4626 1327 4680 in
1351 4626 1637 4682 ldumaeam
1667 4646 1925 4686 ascensu-

342 4721 463 4761 rum
488 4723 547 4763 se
575 4712 832 4782 minatur,
853 4731 916 4770 ac
941 4717 1183 4770 omnium
1223 4718 1383 4771 simul
1411 4720 1799 4788 subjectionem
1830 4738 1926 4775 an-

342 4800 556 4854 nuntiat
589 4820 602 4854 :
635 4802 800 4861 Vnus.
835 4805 924 4860 10.
958 4806 1093 4862 Mihi
1120 4807 1426 4876 alienigenis
1449 4811 1643 4864 subditi
1672 4822 1814 4865 sunt.

2042 4537 2290 4600 Ἰουδαῖος
2323 4536 2398 4599 ὼς
2429 4534 2742 4605 ἀλλοτρίους
2779 4534 2888 4587 τῶν
2931 4536 3351 4607 γεγραμμένων,
3406 4537 3470 4588 ἐκ
3500 4535 3608 4588 τῶν

2023 4625 2424 4698 γεγραμμένων
2478 4625 2640 4679 αὑτὸν
2689 4625 3132 4696 δυσωπήσωμεν·
3200 4625 3482 4695 δηλοῦντες
3549 4625 3610 4678 τὸ

2026 4718 2331 4790 σύμμικτον
2357 4717 2454 4788 τῆς
2479 4717 2722 4786 κλήσεως
2739 4733 2753 4746 °
2786 4717 2935 4780 ὅπως
2979 4715 3048 4769 τὰ
3074 4717 3335 4770 διεστῶτα
3364 4716 3605 4785 συνάγει,

2024 4810 2094 4863 τὰ
2117 4809 2333 4882 μακρὰν
2363 4806 2648 4876 συγκαλεῖ,
2677 4807 2773 4860 ’ένα
2803 4810 2947 4860 ποιεῖ
2982 4808 3109 4870 τοὺς
3143 4806 3369 4871 πολλοὺς
3399 4807 3486 4861 διά
3510 4809 3610 4877 τῆς

342 4896 423 4959 εἰς
471 4896 704 4966 Χριστὸν
762 4899 997 4962 πίστεως
1041 4897 1173 4970 (52).
1236 4900 1403 4966 Ἐιιός
1439 4901 1589 4965 ἐστι,
1653 4904 1808 4975 φησὶ,
1859 4901 2133 4957 Γαλαὰδ·
2191 4901 2289 4956 καὶ
2333 4900 2473 4969 ἐμός
2505 4900 2636 4953 ἐστι
2681 4898 3043 4967 Μανασσῆς.
3091 4899 3202 4953 Καὶ
3237 4899 3330 4952 τὸν
3372 4897 3609 4971 Ἑφραῖμ

311 5044 327 5144 ι

416 5101 529 5173 (45)
565 5103 695 5171 Reg.
729 5101 1346 5173 tertiusdﬂozoupevor.

419 5173 533 5243 (46)
567 5173 746 5229 Nostri
782 5173 1031 5244 undecim
1089 5189 1219 5244 mss.
1259 5173 1457 5228 habent
1486 5176 1564 5238 εἰς
1620 5173 1680 5228 τὸ
1710 5175 1922 5244 μέλλον.

348 5242 490 5315 Egliti
535 5246 615 5315 εἰς
647 5244 737 5298 τὸν
788 5243 1071 5315 μέλλοντα.
1107 5242 1312 5315 Ibidem
1351 5255 1460 5315 tres
1497 5259 1628 5299 mss.
1677 5242 1926 5312 ἐγκεκλί-

348 5312 492 5368 σθαι.
526 5314 720 5370 Statim
758 5312 999 5384 quinque
1031 5329 1159 5367 mss.
1200 5313 1625 5384 ἀκολουθότερον
1659 5319 1820 5371 νοεῖν.

421 5386 535 5453 (47)
567 5386 642 5438 Ita
685 5385 826 5441 Oliv.
859 5395 916 5438 et
964 5383 1208 5439 Combel.
1247 5400 1371 5438 cum
1424 5383 1545 5439 aliis
1570 5402 1664 5440 sex
1695 5403 1824 5442 mss.
1863 5389 1930 5442 At

348 5457 728 5527 etIitiAet‘Reg.
763 5464 949 5527 sextus
967 5453 1086 5527 τῶν
1109 5453 1413 5527 ἀνθρώπων
1442 5456 1748 5527 συνήθειαν.

425 5523 536 5592 (48)
569 5523 873 5598 Colbertini
898 5525 1105 5598 primus
1129 5534 1182 5579 et
1199 5523 1395 5598 sextus
1421 5542 1542 5598 cum
1563 5523 1700 5598 Reg.
1737 5536 1930 5595 quarto

348 5593 450 5662 τὴν
483 5595 614 5664 περὶ
635 5595 705 5648 τὰ
733 5594 930 5649 εἴδωλα
957 5595 1166 5656 πτοίαν,
1193 5596 1400 5650 inanem
1418 5593 1681 5650 idolorum
1711 5593 1924 5652 metum.

355 5661 504 5717 Multi
540 5663 629 5717 alii
655 5680 789 5721 mss.
831 5681 953 5719 cum
987 5667 1146 5720 editis
1176 5665 1274 5723 τὴν
1315 5668 1442 5723 περὶ
1477 5665 1548 5720 τὰ
1576 5669 1769 5723 εἴδωλα
1792 5669 1924 5722 πλά-

356 5683 504 5717 ιηηιιι
540 5683 629 5717 alll
655 5683 789 5721 mss.
831 5683 953 5719 cum
987 5683 1146 5720 εαιιιε
1176 5683 1274 5735 την
1315 5683 1442 5736 περι
1477 5683 1548 5720 τα
1576 5683 1769 5723 ειοωλα
1792 5683 1927 5722 πλαα

355 5748 466 5812 νην.
510 5731 619 5790 Nec
664 5735 740 5792 ita
767 5735 938 5790 multo
984 5745 1105 5807 post
1160 5745 1346 5793 nostra
1375 5738 1542 5795 editio
1570 5739 1744 5797 Paris.
1772 5741 1927 5814 αἱρη-

2030 5105 2232 5175 μένοις.
2282 5106 2528 5162 Secunda
2576 5106 2743 5162 editio
2789 5105 2963 5162 Paris.
2997 5105 3314 5179 ᾑρημένοις.
3364 5105 3433 5158 At
3473 5120 3602 5158 mss.

2028 5179 2390 5247 αἱρουμένοις.

2090 5245 2212 5317 (49)
2245 5247 2322 5302 Ita
2361 5263 2455 5303 sex
2497 5262 2629 5304 mss.
2684 5263 2807 5304 cum
2847 5249 3086 5304 editione
3140 5247 3304 5303 Basil.
3347 5247 3415 5300 At
3441 5245 3608 5300 editio

2029 5317 2201 5371 Paris.
2228 5317 2381 5371 διότι.

2072 5333 2201 5374 arts.
2228 5333 2381 5371 σιοτι.

2100 5386 2212 5522 (5οζ
2241 5389 2470 5443 Codices
2492 5387 2708 5456 aliquot
2728 5387 2890 5460 ταχύ,
2919 5387 3179 5444 celeriter.

2100 5457 2182 5522 (51
2244 5459 2384 5513 Editi
2414 5459 2764 5522 συγχεθῆναι.
2796 5463 2866 5514 At
2897 5475 3026 5514 mss.
3085 5472 3177 5522 sep

2100 5455 2212 5529 (51)
2244 5459 2384 5513 Editi
2414 5459 2764 5529 συγχεθῆναι.
2796 5455 2866 5514 At
2897 5475 3026 5514 mss.
3085 5467 3301 5529 septem
3347 5455 3611 5529 συγχυθῆ-

2031 5525 2137 5581 voti.
2173 5528 2282 5584 lloc
2312 5528 2428 5598 ipso
2460 5525 2672 5584 inloco
2699 5531 2865 5584 editio
2894 5529 3065 5584 Paris.
3123 5525 3602 5596 ὲνστηλιτευμένα.

2028 5601 2094 5672 At
2152 5608 2388 5672 quatuor
2455 5615 2584 5655 mss.
2665 5599 3168 5672 ἐνεστηλιτευμένα.
3220 5598 3374 5654 Colb.
3423 5608 3607 5650 sextus

2029 5669 2308 5740 ἐστηλιτευ
2318 5668 2473 5739 μένα.
2843 5668 2852 5672 ⁷
3515 5711 3526 5716 -

2100 5739 2211 5814 (δὲ)
2249 5741 2542 5798 Colbertini
2583 5741 2811 5812 primus,
2836 5748 3084 5812 quartus,
3137 5739 3378 5809 quintus,
3417 5744 3600 5791 sextus
