  <div class='ocr_page' id='page_1' title='image "/cluster/home/n/w/nwhite01/storage/ocr_20150623/29/mdp.39015012934371/642.png"; bbox 0 0 4016 6220; ppageno 0'>
   <div class='ocr_carea' id='block_1_1' title="bbox 324 361 429 415">
    <p class='ocr_par' dir='ltr' id='par_1_1' title="bbox 324 361 429 415">
     <span class='ocr_line' id='line_1_1' title="bbox 324 361 429 415; baseline 0 0"><span class='ocrx_word' id='word_1_1' title='bbox 324 361 429 415; x_wconf 68' lang='grc'><strong>465</strong></span> 
     </span>
    </p>
   </div>
   <div class='ocr_carea' id='block_1_2' title="bbox 1488 361 2414 422">
    <p class='ocr_par' dir='ltr' id='par_1_2' title="bbox 1488 361 2414 422">
     <span class='ocr_line' id='line_1_2' title="bbox 1488 361 2414 422; baseline 0.006 -6"><span class='ocrx_word' id='word_1_2' title='bbox 1488 361 1769 416; x_wconf 77' lang='lat' dir='ltr'><strong>HOMILIA</strong></span> <span class='ocrx_word' id='word_1_3' title='bbox 1809 363 1871 416; x_wconf 78' lang='grc' dir='ltr'><strong>ΙΝ</strong></span> <span class='ocrx_word' id='word_1_4' title='bbox 1912 363 2240 418; x_wconf 81' lang='lat' dir='ltr'><strong>PSALMUM</strong></span> <span class='ocrx_word' id='word_1_5' title='bbox 2278 364 2414 422; x_wconf 81' lang='lat' dir='ltr'><strong>LIX.</strong></span> 
     </span>
    </p>
   </div>
   <div class='ocr_carea' id='block_1_3' title="bbox 3476 367 3580 422">
    <p class='ocr_par' dir='ltr' id='par_1_3' title="bbox 3476 367 3580 422">
     <span class='ocr_line' id='line_1_3' title="bbox 3476 367 3580 422; baseline -0.01 0"><span class='ocrx_word' id='word_1_6' title='bbox 3476 367 3580 422; x_wconf 70' lang='grc'><strong>466</strong></span> 
     </span>
    </p>
   </div>
   <div class='ocr_carea' id='block_1_4' title="bbox 325 472 3579 553">
    <p class='ocr_par' dir='ltr' id='par_1_4' title="bbox 325 472 3579 553">
     <span class='ocr_line' id='line_1_4' title="bbox 325 472 3579 553; baseline 0.002 -24"><span class='ocrx_word' id='word_1_7' title='bbox 325 472 467 539; x_wconf 73' lang='grc' dir='ltr'>εἷπε,</span> <span class='ocrx_word' id='word_1_8' title='bbox 501 475 594 529; x_wconf 59' lang='grc' dir='ltr'><strong>καὶ⁸</strong></span> <span class='ocrx_word' id='word_1_9' title='bbox 624 476 715 528; x_wconf 82' lang='grc' dir='ltr'>τὸν</span> <span class='ocrx_word' id='word_1_10' title='bbox 748 473 949 527; x_wconf 86' lang='grc' dir='ltr'>Ἰούδαν</span> <span class='ocrx_word' id='word_1_11' title='bbox 983 474 1377 543; x_wconf 78' lang='grc' dir='ltr'>προσελάϐετο·</span> <span class='ocrx_word' id='word_1_12' title='bbox 1430 477 1525 528; x_wconf 77' lang='grc' dir='ltr'><strong>καὶ</strong></span> <span class='ocrx_word' id='word_1_13' title='bbox 1584 477 1954 548; x_wconf 86' lang='grc' dir='ltr'>συνηρίθμησε</span> <span class='ocrx_word' id='word_1_14' title='bbox 1989 476 2080 528; x_wconf 81' lang='grc' dir='ltr'><strong>τὸν</strong></span> <span class='ocrx_word' id='word_1_15' title='bbox 2108 478 2299 531; x_wconf 81' lang='grc' dir='ltr'>Μωάϐ.</span> <span class='ocrx_word' id='word_1_16' title='bbox 2336 478 2447 531; x_wconf 75' lang='grc' dir='ltr'>Καὶ</span> <span class='ocrx_word' id='word_1_17' title='bbox 2474 477 2576 547; x_wconf 84' lang='grc' dir='ltr'>τῆς</span> <span class='ocrx_word' id='word_1_18' title='bbox 2623 478 2921 550; x_wconf 79' lang='grc' dir='ltr'><strong>Ἰδουμαίας</strong></span> <span class='ocrx_word' id='word_1_19' title='bbox 2948 480 3300 553; x_wconf 71' lang='grc' dir='ltr'>ἐπιϐήσεσθαι</span> <span class='ocrx_word' id='word_1_20' title='bbox 3333 484 3579 539; x_wconf 80' lang='grc' dir='ltr'>ἀπειλεῖ³</span> 
     </span>
    </p>
   </div>
   <div class='ocr_carea' id='block_1_5' title="bbox 325 563 2794 638">
    <p class='ocr_par' dir='ltr' id='par_1_5' title="bbox 325 563 2794 638">
     <span class='ocr_line' id='line_1_5' title="bbox 325 563 2794 638; baseline 0 -16"><span class='ocrx_word' id='word_1_21' title='bbox 325 567 421 622; x_wconf 77' lang='grc' dir='ltr'><strong>καὶ</strong></span> <span class='ocrx_word' id='word_1_22' title='bbox 444 566 661 618; x_wconf 87' lang='grc' dir='ltr'>πάντων</span> <span class='ocrx_word' id='word_1_23' title='bbox 704 563 840 632; x_wconf 82' lang='grc' dir='ltr'>ὁμοῦ</span> <span class='ocrx_word' id='word_1_24' title='bbox 897 564 992 635; x_wconf 81' lang='grc' dir='ltr'>τὴν</span> <span class='ocrx_word' id='word_1_25' title='bbox 1025 566 1300 637; x_wconf 84' lang='grc' dir='ltr'><strong>ὑποταγὴν</strong></span> <span class='ocrx_word' id='word_1_26' title='bbox 1326 566 1764 634; x_wconf 76' lang='grc' dir='ltr'><strong>εὐαγγελίζεται·</strong></span> <span class='ocrx_word' id='word_1_27' title='bbox 1811 566 1963 633; x_wconf 79' lang='grc' dir='ltr'><strong>Ἐμοὶ</strong></span> <span class='ocrx_word' id='word_1_28' title='bbox 2006 568 2347 635; x_wconf 64' lang='grc' dir='ltr'><strong>ἀλλόφυλοι</strong></span> <span class='ocrx_word' id='word_1_29' title='bbox 2384 568 2794 638; x_wconf 77' lang='grc' dir='ltr'>ὑπετάγησαν.</span> 
     </span>
    </p>
   </div>
   <div class='ocr_carea' id='block_1_6' title="bbox 396 649 1983 727">
    <p class='ocr_par' dir='ltr' id='par_1_6' title="bbox 396 649 1983 727">
     <span class='ocr_line' id='line_1_6' title="bbox 396 649 1983 727; baseline 0.002 -17"><span class='ocrx_word' id='word_1_30' title='bbox 396 658 448 711; x_wconf 79' lang='grc'>5.</span> <span class='ocrx_word' id='word_1_31' title='bbox 492 658 555 708; x_wconf 88' lang='lat'><strong>&#39;0</strong></span> <span class='ocrx_word' id='word_1_32' title='bbox 595 654 739 719; x_wconf 84' lang='grc' dir='ltr'><strong>Θεὸς</strong></span> <span class='ocrx_word' id='word_1_33' title='bbox 784 649 877 707; x_wconf 80' lang='grc' dir='ltr'>οὖν</span> <span class='ocrx_word' id='word_1_34' title='bbox 913 653 1132 709; x_wconf 80' lang='grc' dir='ltr'><em>ἀπώσω</em></span> <span class='ocrx_word' id='word_1_35' title='bbox 1165 654 1342 723; x_wconf 73' lang='grc' dir='ltr'>ἡμᾶς.</span> <span class='ocrx_word' id='word_1_36' title='bbox 1363 656 1501 721; x_wconf 77' lang='grc' dir='ltr'>Τοὺς</span> <span class='ocrx_word' id='word_1_37' title='bbox 1533 656 1908 727; x_wconf 75' lang='grc' dir='ltr'>μακρύνοντας</span> <span class='ocrx_word' id='word_1_38' title='bbox 1940 659 1983 713; x_wconf 84' lang='grc' dir='ltr'><strong>Α</strong></span> 
     </span>
    </p>
   </div>
   <div class='ocr_carea' id='block_1_7' title="bbox 328 745 1905 819">
    <p class='ocr_par' dir='ltr' id='par_1_7' title="bbox 328 745 1905 819">
     <span class='ocr_line' id='line_1_7' title="bbox 328 745 1905 819; baseline 0 -17"><span class='ocrx_word' id='word_1_39' title='bbox 328 750 552 812; x_wconf 80' lang='grc' dir='ltr'>ἑαυτοὺς</span> <span class='ocrx_word' id='word_1_40' title='bbox 595 746 702 800; x_wconf 85' lang='grc' dir='ltr'>ἀπὸ</span> <span class='ocrx_word' id='word_1_41' title='bbox 745 745 839 799; x_wconf 81' lang='grc' dir='ltr'>σοῦ</span> <span class='ocrx_word' id='word_1_42' title='bbox 872 746 1013 800; x_wconf 82' lang='grc' dir='ltr'>κατὰ</span> <span class='ocrx_word' id='word_1_43' title='bbox 1044 746 1142 817; x_wconf 80' lang='grc' dir='ltr'>τὴν</span> <span class='ocrx_word' id='word_1_44' title='bbox 1170 747 1459 815; x_wconf 80' lang='grc' dir='ltr'>ἀναλογίαν</span> <span class='ocrx_word' id='word_1_45' title='bbox 1503 748 1615 801; x_wconf 84' lang='grc' dir='ltr'><strong>τῶν</strong></span> <span class='ocrx_word' id='word_1_46' title='bbox 1655 750 1905 819; x_wconf 75' lang='grc' dir='ltr'>ἁμαρτητ</span> 
     </span>
    </p>
   </div>
   <div class='ocr_carea' id='block_1_8' title="bbox 330 834 1985 911">
    <p class='ocr_par' dir='ltr' id='par_1_8' title="bbox 330 834 1985 911">
     <span class='ocr_line' id='line_1_8' title="bbox 330 834 1985 911; baseline -0.033 -14"><span class='ocrx_word' id='word_1_47' title='bbox 330 838 518 911; x_wconf 76' lang='grc' dir='ltr'>μάτων</span> <span class='ocrx_word' id='word_1_48' title='bbox 548 836 771 891; x_wconf 86' lang='grc' dir='ltr'>ἀπώσω.</span> <span class='ocrx_word' id='word_1_49' title='bbox 816 836 900 890; x_wconf 83' lang='grc' dir='ltr'><strong>Τὰ</strong></span> <span class='ocrx_word' id='word_1_50' title='bbox 936 839 1259 907; x_wconf 84' lang='grc' dir='ltr'>συστήματα</span> <span class='ocrx_word' id='word_1_51' title='bbox 1302 839 1400 909; x_wconf 80' lang='grc' dir='ltr'>τῆς</span> <span class='ocrx_word' id='word_1_52' title='bbox 1441 840 1705 910; x_wconf 70' lang='grc' dir='ltr'>πονηρίας</span> <span class='ocrx_word' id='word_1_53' title='bbox 1753 834 1947 909; x_wconf 23' lang='lat' dir='ltr'><strong>fma)“</strong></span> <span class='ocrx_word' id='word_1_54' title='bbox 1980 840 1985 843; x_wconf 87' lang='lat'><strong>.</strong></span> 
     </span>
    </p>
   </div>
   <div class='ocr_carea' id='block_1_9' title="bbox 327 926 1911 1001">
    <p class='ocr_par' dir='ltr' id='par_1_9' title="bbox 327 926 1911 1001">
     <span class='ocr_line' id='line_1_9' title="bbox 327 926 1911 1001; baseline 0.001 -21"><span class='ocrx_word' id='word_1_55' title='bbox 327 927 593 991; x_wconf 76' lang='grc' dir='ltr'>καθεῖλες,</span> <span class='ocrx_word' id='word_1_56' title='bbox 628 926 951 998; x_wconf 74' lang='grc' dir='ltr'>[εὐεργετῶν</span> <span class='ocrx_word' id='word_1_57' title='bbox 984 929 1131 997; x_wconf 80' lang='grc' dir='ltr'>ἡμᾶς</span> <span class='ocrx_word' id='word_1_58' title='bbox 1165 927 1253 981; x_wconf 76' lang='grc' dir='ltr'>διὰ</span> <span class='ocrx_word' id='word_1_59' title='bbox 1282 929 1384 997; x_wconf 81' lang='grc' dir='ltr'>τῆς</span> <span class='ocrx_word' id='word_1_60' title='bbox 1410 929 1739 1001; x_wconf 77' lang='grc' dir='ltr'>ἀσθενείας.]</span> <span class='ocrx_word' id='word_1_61' title='bbox 1792 931 1911 1001; x_wconf 82' lang='grc' dir='ltr'><strong>Ὠρ-</strong></span> 
     </span>
    </p>
   </div>
   <div class='ocr_carea' id='block_1_10' title="bbox 327 1015 1910 1094">
    <p class='ocr_par' dir='ltr' id='par_1_10' title="bbox 327 1015 1910 1094">
     <span class='ocr_line' id='line_1_10' title="bbox 327 1015 1910 1094; baseline 0.004 -24"><span class='ocrx_word' id='word_1_62' title='bbox 327 1019 539 1090; x_wconf 85' lang='grc' dir='ltr'>γίσθης,</span> <span class='ocrx_word' id='word_1_63' title='bbox 567 1021 654 1072; x_wconf 77' lang='grc' dir='ltr'>ὅτε</span> <span class='ocrx_word' id='word_1_64' title='bbox 684 1015 823 1090; x_wconf 77' lang='grc' dir='ltr'>ἦμεν</span> <span class='ocrx_word' id='word_1_65' title='bbox 850 1019 1007 1088; x_wconf 81' lang='grc' dir='ltr'>φύσει</span> <span class='ocrx_word' id='word_1_66' title='bbox 1034 1021 1199 1073; x_wconf 82' lang='grc' dir='ltr'>τέκνα</span> <span class='ocrx_word' id='word_1_67' title='bbox 1227 1021 1415 1091; x_wconf 84' lang='grc' dir='ltr'>ὀργῆς,</span> <span class='ocrx_word' id='word_1_68' title='bbox 1446 1021 1634 1075; x_wconf 81' lang='grc' dir='ltr'>ἐλπίδα</span> <span class='ocrx_word' id='word_1_69' title='bbox 1666 1022 1740 1094; x_wconf 82' lang='grc' dir='ltr'>μὴ</span> <span class='ocrx_word' id='word_1_70' title='bbox 1762 1023 1910 1093; x_wconf 77' lang='grc' dir='ltr'>έχον-</span> 
     </span>
    </p>
   </div>
   <div class='ocr_carea' id='block_1_11' title="bbox 328 1108 1906 1183">
    <p class='ocr_par' dir='ltr' id='par_1_11' title="bbox 328 1108 1906 1183">
     <span class='ocr_line' id='line_1_11' title="bbox 328 1108 1906 1183; baseline 0.003 -20"><span class='ocrx_word' id='word_1_71' title='bbox 328 1127 439 1172; x_wconf 83' lang='grc' dir='ltr'>τες,</span> <span class='ocrx_word' id='word_1_72' title='bbox 474 1109 569 1162; x_wconf 82' lang='grc' dir='ltr'><strong>καὶ</strong></span> <span class='ocrx_word' id='word_1_73' title='bbox 602 1108 751 1163; x_wconf 77' lang='grc' dir='ltr'>ἄθεοι</span> <span class='ocrx_word' id='word_1_74' title='bbox 780 1109 837 1160; x_wconf 85' lang='grc' dir='ltr'>ὲν</span> <span class='ocrx_word' id='word_1_75' title='bbox 865 1108 943 1178; x_wconf 78' lang='grc' dir='ltr'>τῷ</span> <span class='ocrx_word' id='word_1_76' title='bbox 969 1109 1177 1181; x_wconf 75' lang='grc' dir='ltr'>κόσμῳ.</span> <span class='ocrx_word' id='word_1_77' title='bbox 1229 1111 1581 1181; x_wconf 82' lang='grc' dir='ltr'>ᾩκτείρησας</span> <span class='ocrx_word' id='word_1_78' title='bbox 1616 1115 1784 1183; x_wconf 81' lang='grc' dir='ltr'>ἡμᾶς,</span> <span class='ocrx_word' id='word_1_79' title='bbox 1821 1116 1906 1167; x_wconf 81' lang='grc' dir='ltr'><strong>ὅτε</strong></span> 
     </span>
    </p>
   </div>
   <div class='ocr_carea' id='block_1_12' title="bbox 325 1201 1908 1276">
    <p class='ocr_par' dir='ltr' id='par_1_12' title="bbox 325 1201 1908 1276">
     <span class='ocr_line' id='line_1_12' title="bbox 325 1201 1908 1276; baseline 0.003 -23"><span class='ocrx_word' id='word_1_80' title='bbox 325 1202 417 1254; x_wconf 76' lang='grc' dir='ltr'><strong>τὸν</strong></span> <span class='ocrx_word' id='word_1_81' title='bbox 483 1201 760 1270; x_wconf 85' lang='grc' dir='ltr'>Μονογενῆ</span> <span class='ocrx_word' id='word_1_82' title='bbox 823 1217 914 1253; x_wconf 92' lang='grc' dir='ltr'><strong>σου</strong></span> <span class='ocrx_word' id='word_1_83' title='bbox 976 1201 1203 1272; x_wconf 86' lang='grc' dir='ltr'>προέθου</span> <span class='ocrx_word' id='word_1_84' title='bbox 1259 1201 1568 1276; x_wconf 81' lang='grc' dir='ltr'><strong>ἱλαστήριον</strong></span> <span class='ocrx_word' id='word_1_85' title='bbox 1613 1206 1752 1275; x_wconf 79' lang='grc' dir='ltr'>ὑπὲρ</span> <span class='ocrx_word' id='word_1_86' title='bbox 1798 1206 1908 1258; x_wconf 84' lang='grc' dir='ltr'><strong>τῶν</strong></span> 
     </span>
    </p>
   </div>
   <div class='ocr_carea' id='block_1_13' title="bbox 324 1292 1905 1367">
    <p class='ocr_par' dir='ltr' id='par_1_13' title="bbox 324 1292 1905 1367">
     <span class='ocr_line' id='line_1_13' title="bbox 324 1292 1905 1367; baseline 0.003 -22"><span class='ocrx_word' id='word_1_87' title='bbox 324 1293 617 1363; x_wconf 80' lang='grc' dir='ltr'>ἁμαρτιῶν</span> <span class='ocrx_word' id='word_1_88' title='bbox 646 1292 829 1363; x_wconf 82' lang='grc' dir='ltr'>ἡμῶν,</span> <span class='ocrx_word' id='word_1_89' title='bbox 861 1294 949 1345; x_wconf 79' lang='grc' dir='ltr'><strong>ἵνα</strong></span> <span class='ocrx_word' id='word_1_90' title='bbox 978 1294 1034 1347; x_wconf 82' lang='grc' dir='ltr'>ἐν</span> <span class='ocrx_word' id='word_1_91' title='bbox 1057 1293 1135 1364; x_wconf 85' lang='grc' dir='ltr'>τῷ</span> <span class='ocrx_word' id='word_1_92' title='bbox 1158 1295 1349 1364; x_wconf 76' lang='grc' dir='ltr'>αἵματι</span> <span class='ocrx_word' id='word_1_93' title='bbox 1374 1295 1539 1349; x_wconf 81' lang='grc' dir='ltr'>αὑτοῦ</span> <span class='ocrx_word' id='word_1_94' title='bbox 1571 1296 1667 1367; x_wconf 83' lang='grc' dir='ltr'><strong>τὴν</strong></span> <span class='ocrx_word' id='word_1_95' title='bbox 1701 1297 1905 1350; x_wconf 85' lang='grc' dir='ltr'>ἀπολύ-</span> 
     </span>
    </p>
   </div>
   <div class='ocr_carea' id='block_1_14' title="bbox 326 1384 1908 1459">
    <p class='ocr_par' dir='ltr' id='par_1_14' title="bbox 326 1384 1908 1459">
     <span class='ocr_line' id='line_1_14' title="bbox 326 1384 1908 1459; baseline 0.002 -21"><span class='ocrx_word' id='word_1_96' title='bbox 326 1402 526 1455; x_wconf 83' lang='grc' dir='ltr'>τρωσιν</span> <span class='ocrx_word' id='word_1_97' title='bbox 568 1384 835 1457; x_wconf 77' lang='grc' dir='ltr'>εὕρωμεν.</span> <span class='ocrx_word' id='word_1_98' title='bbox 868 1387 934 1439; x_wconf 83' lang='lat' dir='ltr'><strong>&quot;A</strong></span> <span class='ocrx_word' id='word_1_99' title='bbox 955 1386 1054 1438; x_wconf 81' lang='grc' dir='ltr'><strong>οὐκ</strong></span> <span class='ocrx_word' id='word_1_100' title='bbox 1080 1384 1144 1439; x_wconf 86' lang='grc' dir='ltr'><strong>ἂν</strong></span> <span class='ocrx_word' id='word_1_101' title='bbox 1179 1387 1556 1456; x_wconf 76' lang='grc' dir='ltr'>ἐγνωρίσαμεν</span> <span class='ocrx_word' id='word_1_102' title='bbox 1588 1387 1908 1459; x_wconf 82' lang='grc' dir='ltr'>εὐεργετού-</span> 
     </span>
    </p>
   </div>
   <div class='ocr_carea' id='block_1_15' title="bbox 328 1475 1901 1548">
    <p class='ocr_par' dir='ltr' id='par_1_15' title="bbox 328 1475 1901 1548">
     <span class='ocr_line' id='line_1_15' title="bbox 328 1475 1901 1548; baseline 0.002 -18"><span class='ocrx_word' id='word_1_103' title='bbox 328 1495 498 1547; x_wconf 85' lang='grc' dir='ltr'>μενοι,</span> <span class='ocrx_word' id='word_1_104' title='bbox 548 1479 596 1530; x_wconf 78' lang='lat' dir='ltr'><strong>si</strong></span> <span class='ocrx_word' id='word_1_105' title='bbox 647 1477 720 1548; x_wconf 82' lang='grc' dir='ltr'>μὴ</span> <span class='ocrx_word' id='word_1_106' title='bbox 777 1477 1033 1540; x_wconf 84' lang='grc' dir='ltr'>ὲπότισας</span> <span class='ocrx_word' id='word_1_107' title='bbox 1084 1479 1230 1547; x_wconf 78' lang='grc' dir='ltr'>ἡμᾶς</span> <span class='ocrx_word' id='word_1_108' title='bbox 1281 1475 1453 1532; x_wconf 84' lang='grc' dir='ltr'>Οἶνον</span> <span class='ocrx_word' id='word_1_109' title='bbox 1500 1480 1901 1545; x_wconf 79' lang='grc' dir='ltr'><strong>κατανύξεως.</strong></span> 
     </span>
    </p>
   </div>
   <div class='ocr_carea' id='block_1_16' title="bbox 324 1563 1905 1638">
    <p class='ocr_par' dir='ltr' id='par_1_16' title="bbox 324 1563 1905 1638">
     <span class='ocr_line' id='line_1_16' title="bbox 324 1563 1905 1638; baseline 0 -19"><span class='ocrx_word' id='word_1_110' title='bbox 324 1563 479 1620; x_wconf 83' lang='grc' dir='ltr'>υἷνον</span> <span class='ocrx_word' id='word_1_111' title='bbox 499 1566 646 1634; x_wconf 82' lang='grc' dir='ltr'>λέγει</span> <span class='ocrx_word' id='word_1_112' title='bbox 688 1566 777 1618; x_wconf 84' lang='grc' dir='ltr'><strong>τὸν</strong></span> <span class='ocrx_word' id='word_1_113' title='bbox 804 1565 960 1634; x_wconf 86' lang='grc' dir='ltr'>λόγον</span> <span class='ocrx_word' id='word_1_114' title='bbox 986 1566 1073 1619; x_wconf 83' lang='grc' dir='ltr'><strong>τὸν</strong></span> <span class='ocrx_word' id='word_1_115' title='bbox 1101 1566 1197 1636; x_wconf 86' lang='grc' dir='ltr'>τὴν</span> <span class='ocrx_word' id='word_1_116' title='bbox 1232 1568 1647 1638; x_wconf 83' lang='grc' dir='ltr'>πεπωρωμένην</span> <span class='ocrx_word' id='word_1_117' title='bbox 1682 1567 1905 1638; x_wconf 82' lang='grc' dir='ltr'>καρδίαν</span> 
     </span>
    </p>
   </div>
   <div class='ocr_carea' id='block_1_17' title="bbox 323 1654 1905 1725">
    <p class='ocr_par' dir='ltr' id='par_1_17' title="bbox 323 1654 1905 1725">
     <span class='ocr_line' id='line_1_17' title="bbox 323 1654 1905 1725; baseline 0.001 -18"><span class='ocrx_word' id='word_1_118' title='bbox 323 1657 403 1719; x_wconf 87' lang='grc' dir='ltr'><strong>είς</strong></span> <span class='ocrx_word' id='word_1_119' title='bbox 473 1655 821 1725; x_wconf 69' lang='grc' dir='ltr'>συναίσθησιν</span> <span class='ocrx_word' id='word_1_120' title='bbox 884 1654 1106 1722; x_wconf 78' lang='grc' dir='ltr'>ἄγοντα,</span> <span class='ocrx_word' id='word_1_121' title='bbox 1183 1655 1444 1721; x_wconf 81' lang='grc' dir='ltr'>Ἔδωκας</span> <span class='ocrx_word' id='word_1_122' title='bbox 1509 1656 1633 1722; x_wconf 79' lang='grc' dir='ltr'>τοῖς</span> <span class='ocrx_word' id='word_1_123' title='bbox 1690 1659 1905 1724; x_wconf 68' lang='grc' dir='ltr'>φοϐου-</span> 
     </span>
    </p>
   </div>
   <div class='ocr_carea' id='block_1_18' title="bbox 320 1747 1905 1817">
    <p class='ocr_par' dir='ltr' id='par_1_18' title="bbox 320 1747 1905 1817">
     <span class='ocr_line' id='line_1_18' title="bbox 320 1747 1905 1817; baseline 0.002 -18"><span class='ocrx_word' id='word_1_124' title='bbox 320 1747 526 1817; x_wconf 77' lang='grc' dir='ltr'>μένοις</span> <span class='ocrx_word' id='word_1_125' title='bbox 552 1764 626 1800; x_wconf 90' lang='grc' dir='ltr'><strong>σε</strong></span> <span class='ocrx_word' id='word_1_126' title='bbox 652 1747 1003 1816; x_wconf 77' lang='grc' dir='ltr'>σημείωσιν,</span> <span class='ocrx_word' id='word_1_127' title='bbox 1037 1747 1142 1801; x_wconf 88' lang='grc' dir='ltr'>τοῦ</span> <span class='ocrx_word' id='word_1_128' title='bbox 1183 1747 1397 1817; x_wconf 70' lang='grc' dir='ltr'>φυγεῖν</span> <span class='ocrx_word' id='word_1_129' title='bbox 1430 1748 1547 1801; x_wconf 81' lang='grc' dir='ltr'><strong>ἀπὸ</strong></span> <span class='ocrx_word' id='word_1_130' title='bbox 1581 1748 1905 1816; x_wconf 80' lang='grc' dir='ltr'>προσώπου</span> 
     </span>
    </p>
   </div>
   <div class='ocr_carea' id='block_1_19' title="bbox 322 1838 1907 1912">
    <p class='ocr_par' dir='ltr' id='par_1_19' title="bbox 322 1838 1907 1912">
     <span class='ocr_line' id='line_1_19' title="bbox 322 1838 1907 1912; baseline 0.001 -21"><span class='ocrx_word' id='word_1_131' title='bbox 322 1838 524 1903; x_wconf 81' lang='grc' dir='ltr'><strong>τόξου.</strong></span> <span class='ocrx_word' id='word_1_132' title='bbox 594 1839 834 1909; x_wconf 83' lang='grc' dir='ltr'>Μωῦσῆς</span> <span class='ocrx_word' id='word_1_133' title='bbox 897 1840 995 1909; x_wconf 85' lang='grc' dir='ltr'><strong>μὲν</strong></span> <span class='ocrx_word' id='word_1_134' title='bbox 1060 1839 1160 1904; x_wconf 84' lang='grc' dir='ltr'>τὰς</span> <span class='ocrx_word' id='word_1_135' title='bbox 1231 1840 1392 1909; x_wconf 79' lang='grc' dir='ltr'>φλιὰς</span> <span class='ocrx_word' id='word_1_136' title='bbox 1458 1840 1566 1893; x_wconf 82' lang='grc' dir='ltr'><strong>τῶν</strong></span> <span class='ocrx_word' id='word_1_137' title='bbox 1642 1841 1907 1912; x_wconf 81' lang='grc' dir='ltr'>Ἰσραηλι-</span> 
     </span>
    </p>
   </div>
   <div class='ocr_carea' id='block_1_20' title="bbox 323 1930 1899 2002">
    <p class='ocr_par' dir='ltr' id='par_1_20' title="bbox 323 1930 1899 2002">
     <span class='ocr_line' id='line_1_20' title="bbox 323 1930 1899 2002; baseline 0 -18"><span class='ocrx_word' id='word_1_138' title='bbox 323 1932 429 1984; x_wconf 84' lang='grc' dir='ltr'><strong>τῶν</strong></span> <span class='ocrx_word' id='word_1_139' title='bbox 474 1931 584 2001; x_wconf 61' lang='grc'><strong>(55)</strong></span> <span class='ocrx_word' id='word_1_140' title='bbox 623 1930 701 2001; x_wconf 83' lang='grc' dir='ltr'><strong>τῷ</strong></span> <span class='ocrx_word' id='word_1_141' title='bbox 749 1932 939 2000; x_wconf 83' lang='grc' dir='ltr'>αἵματι</span> <span class='ocrx_word' id='word_1_142' title='bbox 994 1932 1087 1984; x_wconf 76' lang='grc' dir='ltr'>τοῦ</span> <span class='ocrx_word' id='word_1_143' title='bbox 1136 1932 1407 2002; x_wconf 78' lang='grc' dir='ltr'>προϐάτου</span> <span class='ocrx_word' id='word_1_144' title='bbox 1452 1936 1899 2002; x_wconf 82' lang='grc' dir='ltr'>κατεσημήνατο·</span> 
     </span>
    </p>
   </div>
   <div class='ocr_carea' id='block_1_21' title="bbox 326 2019 1901 2094">
    <p class='ocr_par' dir='ltr' id='par_1_21' title="bbox 326 2019 1901 2094">
     <span class='ocr_line' id='line_1_21' title="bbox 326 2019 1901 2094; baseline 0 -19"><span class='ocrx_word' id='word_1_145' title='bbox 326 2024 389 2076; x_wconf 74' lang='grc' dir='ltr'><strong>σὺ</strong></span> <span class='ocrx_word' id='word_1_146' title='bbox 442 2023 499 2076; x_wconf 85' lang='grc' dir='ltr'><strong>δὲ</strong></span> <span class='ocrx_word' id='word_1_147' title='bbox 545 2024 751 2087; x_wconf 85' lang='grc' dir='ltr'>ἔδωκας</span> <span class='ocrx_word' id='word_1_148' title='bbox 796 2024 925 2094; x_wconf 81' lang='grc' dir='ltr'>ἡμῖν</span> <span class='ocrx_word' id='word_1_149' title='bbox 967 2024 1285 2093; x_wconf 87' lang='grc' dir='ltr'>σημείωσιν,</span> <span class='ocrx_word' id='word_1_150' title='bbox 1336 2023 1467 2076; x_wconf 81' lang='grc' dir='ltr'>αὐτὸ</span> <span class='ocrx_word' id='word_1_151' title='bbox 1517 2024 1576 2076; x_wconf 75' lang='grc' dir='ltr'>τὸ</span> <span class='ocrx_word' id='word_1_152' title='bbox 1631 2019 1769 2094; x_wconf 74' lang='grc' dir='ltr'>αἷμα</span> <span class='ocrx_word' id='word_1_153' title='bbox 1806 2024 1901 2075; x_wconf 81' lang='grc' dir='ltr'>τοῦ</span> 
     </span>
    </p>
   </div>
   <div class='ocr_carea' id='block_1_22' title="bbox 324 2113 1906 2186">
    <p class='ocr_par' dir='ltr' id='par_1_22' title="bbox 324 2113 1906 2186">
     <span class='ocr_line' id='line_1_22' title="bbox 324 2113 1906 2186; baseline 0.001 -19"><span class='ocrx_word' id='word_1_154' title='bbox 324 2113 557 2185; x_wconf 85' lang='grc' dir='ltr'>ἀμώμου</span> <span class='ocrx_word' id='word_1_155' title='bbox 610 2114 783 2183; x_wconf 81' lang='grc' dir='ltr'>ἀμνοῦ</span> <span class='ocrx_word' id='word_1_156' title='bbox 817 2113 911 2167; x_wconf 84' lang='grc' dir='ltr'>τοῦ</span> <span class='ocrx_word' id='word_1_157' title='bbox 955 2114 1381 2183; x_wconf 81' lang='grc' dir='ltr'>σφαγιασθέντος</span> <span class='ocrx_word' id='word_1_158' title='bbox 1405 2115 1543 2185; x_wconf 80' lang='grc' dir='ltr'>ὑπὲρ</span> <span class='ocrx_word' id='word_1_159' title='bbox 1579 2116 1676 2185; x_wconf 79' lang='grc' dir='ltr'>τῆς</span> <span class='ocrx_word' id='word_1_160' title='bbox 1726 2117 1906 2186; x_wconf 84' lang='grc' dir='ltr'>ἁμαρ·-</span> 
     </span>
    </p>
   </div>
   <div class='ocr_carea' id='block_1_23' title="bbox 323 2204 1905 2276">
    <p class='ocr_par' dir='ltr' id='par_1_23' title="bbox 323 2204 1905 2276">
     <span class='ocr_line' id='line_1_23' title="bbox 323 2204 1905 2276; baseline 0.001 -18"><span class='ocrx_word' id='word_1_161' title='bbox 323 2206 442 2269; x_wconf 89' lang='grc' dir='ltr'>τίας</span> <span class='ocrx_word' id='word_1_162' title='bbox 484 2206 577 2259; x_wconf 82' lang='grc' dir='ltr'>τοῦ</span> <span class='ocrx_word' id='word_1_163' title='bbox 639 2207 868 2276; x_wconf 85' lang='grc' dir='ltr'>κόσμου.</span> <span class='ocrx_word' id='word_1_164' title='bbox 925 2206 1037 2259; x_wconf 77' lang='grc' dir='ltr'>Καὶ</span> <span class='ocrx_word' id='word_1_165' title='bbox 1098 2204 1359 2276; x_wconf 76' lang='grc' dir='ltr'>Ἰεζεκιὴλ</span> <span class='ocrx_word' id='word_1_166' title='bbox 1413 2206 1506 2259; x_wconf 78' lang='grc' dir='ltr'>ἐπὶ</span> <span class='ocrx_word' id='word_1_167' title='bbox 1564 2205 1632 2260; x_wconf 85' lang='grc' dir='ltr'>τὰ</span> <span class='ocrx_word' id='word_1_168' title='bbox 1680 2206 1905 2276; x_wconf 82' lang='grc' dir='ltr'>μέτωπα</span> 
     </span>
    </p>
   </div>
   <div class='ocr_carea' id='block_1_24' title="bbox 228 2294 1907 2366">
    <p class='ocr_par' dir='ltr' id='par_1_24' title="bbox 228 2294 1907 2366">
     <span class='ocr_line' id='line_1_24' title="bbox 228 2294 1907 2366; baseline 0.002 -19"><span class='ocrx_word' id='word_1_169' title='bbox 228 2307 235 2318; x_wconf 93' lang='grc'><strong>·</strong></span> <span class='ocrx_word' id='word_1_170' title='bbox 323 2296 432 2347; x_wconf 87' lang='grc' dir='ltr'>τῶν</span> <span class='ocrx_word' id='word_1_171' title='bbox 474 2294 777 2366; x_wconf 87' lang='grc' dir='ltr'>προσώπων</span> <span class='ocrx_word' id='word_1_172' title='bbox 815 2294 1053 2347; x_wconf 78' lang='grc' dir='ltr'>δίδοσθαι</span> <span class='ocrx_word' id='word_1_173' title='bbox 1092 2294 1238 2361; x_wconf 86' lang='grc' dir='ltr'>λέγει</span> <span class='ocrx_word' id='word_1_174' title='bbox 1287 2295 1347 2347; x_wconf 89' lang='grc' dir='ltr'><strong>τὸ</strong></span> <span class='ocrx_word' id='word_1_175' title='bbox 1382 2297 1621 2364; x_wconf 85' lang='grc' dir='ltr'>σημεῖον.</span> <span class='ocrx_word' id='word_1_176' title='bbox 1657 2298 1907 2363; x_wconf 83' lang='grc' dir='ltr'>Πορεύε-</span> 
     </span>
    </p>
   </div>
   <div class='ocr_carea' id='block_1_25' title="bbox 327 2386 1905 2457">
    <p class='ocr_par' dir='ltr' id='par_1_25' title="bbox 327 2386 1905 2457">
     <span class='ocr_line' id='line_1_25' title="bbox 327 2386 1905 2457; baseline -0.003 -15"><span class='ocrx_word' id='word_1_177' title='bbox 327 2392 436 2442; x_wconf 81' lang='grc' dir='ltr'><strong>σθε</strong></span> <span class='ocrx_word' id='word_1_178' title='bbox 485 2387 615 2456; x_wconf 78' lang='grc' dir='ltr'>γὰρ,</span> <span class='ocrx_word' id='word_1_179' title='bbox 672 2387 857 2456; x_wconf 64' lang='grc' dir='ltr'>φησιν,</span> <span class='ocrx_word' id='word_1_180' title='bbox 896 2388 1089 2440; x_wconf 80' lang='grc' dir='ltr'>ὀπίσω</span> <span class='ocrx_word' id='word_1_181' title='bbox 1122 2386 1330 2445; x_wconf 84' lang='grc' dir='ltr'>αὑτοῦ.</span> <span class='ocrx_word' id='word_1_182' title='bbox 1380 2386 1479 2440; x_wconf 81' lang='grc' dir='ltr'>καὶ</span> <span class='ocrx_word' id='word_1_183' title='bbox 1511 2388 1786 2440; x_wconf 82' lang='grc' dir='ltr'>κόπτετε·</span> <span class='ocrx_word' id='word_1_184' title='bbox 1818 2388 1905 2457; x_wconf 79' lang='grc' dir='ltr'><strong>μὴ</strong></span> 
     </span>
    </p>
   </div>
   <div class='ocr_carea' id='block_1_26' title="bbox 327 2476 1907 2547">
    <p class='ocr_par' dir='ltr' id='par_1_26' title="bbox 327 2476 1907 2547">
     <span class='ocr_line' id='line_1_26' title="bbox 327 2476 1907 2547; baseline 0.001 -16"><span class='ocrx_word' id='word_1_185' title='bbox 327 2477 621 2547; x_wconf 70' lang='grc' dir='ltr'>φείσησθε</span> <span class='ocrx_word' id='word_1_186' title='bbox 651 2476 762 2547; x_wconf 73' lang='grc'><strong>(54)</strong></span> <span class='ocrx_word' id='word_1_187' title='bbox 784 2494 796 2507; x_wconf 92' lang='grc'><strong>·</strong></span> <span class='ocrx_word' id='word_1_188' title='bbox 829 2476 985 2545; x_wconf 85' lang='grc' dir='ltr'>μηδὲ</span> <span class='ocrx_word' id='word_1_189' title='bbox 1005 2476 1315 2544; x_wconf 77' lang='grc' dir='ltr'>ἐλεήσητε.</span> <span class='ocrx_word' id='word_1_190' title='bbox 1345 2479 1777 2545; x_wconf 77' lang='grc' dir='ltr'>Πρεσϐύτερον,</span> <span class='ocrx_word' id='word_1_191' title='bbox 1808 2480 1907 2533; x_wconf 82' lang='grc' dir='ltr'>καὶ</span> 
     </span>
    </p>
   </div>
   <div class='ocr_carea' id='block_1_27' title="bbox 325 2565 1910 2638">
    <p class='ocr_par' dir='ltr' id='par_1_27' title="bbox 325 2565 1910 2638">
     <span class='ocr_line' id='line_1_27' title="bbox 325 2565 1910 2638; baseline -0.001 -16"><span class='ocrx_word' id='word_1_192' title='bbox 325 2568 669 2637; x_wconf 80' lang='grc' dir='ltr'>νεανίσκον,</span> <span class='ocrx_word' id='word_1_193' title='bbox 703 2567 802 2620; x_wconf 76' lang='grc' dir='ltr'>καὶ</span> <span class='ocrx_word' id='word_1_194' title='bbox 823 2565 1064 2633; x_wconf 76' lang='grc' dir='ltr'>νήπιον,</span> <span class='ocrx_word' id='word_1_195' title='bbox 1090 2567 1191 2620; x_wconf 77' lang='grc' dir='ltr'>καὶ</span> <span class='ocrx_word' id='word_1_196' title='bbox 1230 2566 1547 2635; x_wconf 77' lang='grc' dir='ltr'>παρθένον,</span> <span class='ocrx_word' id='word_1_197' title='bbox 1577 2568 1676 2620; x_wconf 82' lang='grc' dir='ltr'><strong>καί</strong></span> <span class='ocrx_word' id='word_1_198' title='bbox 1708 2568 1910 2638; x_wconf 72' lang='grc' dir='ltr'>γυναῖ-</span> 
     </span>
    </p>
   </div>
   <div class='ocr_carea' id='block_1_28' title="bbox 328 2657 1905 2727">
    <p class='ocr_par' dir='ltr' id='par_1_28' title="bbox 328 2657 1905 2727">
     <span class='ocr_line' id='line_1_28' title="bbox 328 2657 1905 2727; baseline 0 -14"><span class='ocrx_word' id='word_1_199' title='bbox 328 2677 439 2726; x_wconf 80' lang='grc' dir='ltr'><strong>κας</strong></span> <span class='ocrx_word' id='word_1_200' title='bbox 479 2659 865 2713; x_wconf 83' lang='grc' dir='ltr'>ἀποκτείνατε</span> <span class='ocrx_word' id='word_1_201' title='bbox 906 2661 993 2724; x_wconf 86' lang='grc' dir='ltr'>εὶς</span> <span class='ocrx_word' id='word_1_202' title='bbox 1031 2657 1346 2727; x_wconf 68' lang='grc' dir='ltr'>ἐξάλειοψιν</span> <span class='ocrx_word' id='word_1_203' title='bbox 1365 2675 1378 2688; x_wconf 93' lang='grc'><strong>·</strong></span> <span class='ocrx_word' id='word_1_204' title='bbox 1425 2658 1523 2711; x_wconf 79' lang='grc' dir='ltr'><strong>ἐπὶ</strong></span> <span class='ocrx_word' id='word_1_205' title='bbox 1556 2658 1625 2712; x_wconf 83' lang='grc' dir='ltr'>δὲ</span> <span class='ocrx_word' id='word_1_206' title='bbox 1656 2658 1905 2727; x_wconf 79' lang='grc' dir='ltr'>πάντας,</span> 
     </span>
    </p>
   </div>
   <div class='ocr_carea' id='block_1_29' title="bbox 329 2749 1909 2821">
    <p class='ocr_par' dir='ltr' id='par_1_29' title="bbox 329 2749 1909 2821">
     <span class='ocr_line' id='line_1_29' title="bbox 329 2749 1909 2821; baseline 0 -16"><span class='ocrx_word' id='word_1_207' title='bbox 329 2751 423 2820; x_wconf 67' lang='grc' dir='ltr'><strong>ἐφ’</strong></span> <span class='ocrx_word' id='word_1_208' title='bbox 468 2751 574 2816; x_wconf 87' lang='grc' dir='ltr'>οὓς</span> <span class='ocrx_word' id='word_1_209' title='bbox 615 2751 748 2805; x_wconf 82' lang='grc' dir='ltr'>ἐστι</span> <span class='ocrx_word' id='word_1_210' title='bbox 791 2750 857 2803; x_wconf 87' lang='grc' dir='ltr'>τὸ</span> <span class='ocrx_word' id='word_1_211' title='bbox 899 2749 1172 2819; x_wconf 81' lang='grc' dir='ltr'>σημεῖον,</span> <span class='ocrx_word' id='word_1_212' title='bbox 1212 2750 1298 2818; x_wconf 81' lang='grc' dir='ltr'>μὴ</span> <span class='ocrx_word' id='word_1_213' title='bbox 1332 2750 1629 2821; x_wconf 65' lang='grc' dir='ltr'>ἐγγίσητε.</span> <span class='ocrx_word' id='word_1_214' title='bbox 1671 2752 1724 2803; x_wconf 92' lang='lat'><strong>&#39;0</strong></span> <span class='ocrx_word' id='word_1_215' title='bbox 1766 2752 1909 2817; x_wconf 84' lang='grc' dir='ltr'><strong>Θεὸς</strong></span> 
     </span>
    </p>
   </div>
   <div class='ocr_carea' id='block_1_30' title="bbox 329 2839 1908 2910">
    <p class='ocr_par' dir='ltr' id='par_1_30' title="bbox 329 2839 1908 2910">
     <span class='ocr_line' id='line_1_30' title="bbox 329 2839 1908 2910; baseline 0 -15"><span class='ocrx_word' id='word_1_216' title='bbox 329 2841 636 2908; x_wconf 74' lang='grc' dir='ltr'>ἐλάλησεν</span> <span class='ocrx_word' id='word_1_217' title='bbox 673 2840 744 2893; x_wconf 87' lang='grc' dir='ltr'>ἐν</span> <span class='ocrx_word' id='word_1_218' title='bbox 780 2839 860 2905; x_wconf 84' lang='grc' dir='ltr'>τῷ</span> <span class='ocrx_word' id='word_1_219' title='bbox 887 2839 1032 2909; x_wconf 79' lang='grc' dir='ltr'>ἁγίῳ</span> <span class='ocrx_word' id='word_1_220' title='bbox 1058 2839 1264 2906; x_wconf 85' lang='grc' dir='ltr'>αὐτοῦ,</span> <span class='ocrx_word' id='word_1_221' title='bbox 1294 2840 1771 2910; x_wconf 72' lang='grc' dir='ltr'>Ἀγαλλιάσομαι,</span> <span class='ocrx_word' id='word_1_222' title='bbox 1810 2841 1908 2895; x_wconf 79' lang='grc' dir='ltr'>καὶ</span> 
     </span>
    </p>
   </div>
   <div class='ocr_carea' id='block_1_31' title="bbox 331 2930 1908 3003">
    <p class='ocr_par' dir='ltr' id='par_1_31' title="bbox 331 2930 1908 3003">
     <span class='ocr_line' id='line_1_31' title="bbox 331 2930 1908 3003; baseline 0.001 -19"><span class='ocrx_word' id='word_1_223' title='bbox 331 2930 607 3000; x_wconf 85' lang='grc' dir='ltr'>διαμεριῶ</span> <span class='ocrx_word' id='word_1_224' title='bbox 632 2930 843 2999; x_wconf 78' lang='grc' dir='ltr'>Σίκιμα</span> <span class='ocrx_word' id='word_1_225' title='bbox 875 2930 1007 3000; x_wconf 82' lang='grc'>(55).</span> <span class='ocrx_word' id='word_1_226' title='bbox 1054 2931 1256 3000; x_wconf 76' lang='grc' dir='ltr'>Σίκιμα</span> <span class='ocrx_word' id='word_1_227' title='bbox 1298 2930 1358 2983; x_wconf 86' lang='grc' dir='ltr'>τὸ</span> <span class='ocrx_word' id='word_1_228' title='bbox 1390 2930 1667 3001; x_wconf 81' lang='grc' dir='ltr'>ἐξαίρετον</span> <span class='ocrx_word' id='word_1_229' title='bbox 1688 2933 1908 3003; x_wconf 87' lang='grc' dir='ltr'>χωρίον,</span> 
     </span>
    </p>
   </div>
   <div class='ocr_carea' id='block_1_32' title="bbox 331 3021 1912 3097">
    <p class='ocr_par' dir='ltr' id='par_1_32' title="bbox 331 3021 1912 3097">
     <span class='ocr_line' id='line_1_32' title="bbox 331 3021 1912 3097; baseline 0.003 -23"><span class='ocrx_word' id='word_1_230' title='bbox 331 3023 410 3093; x_wconf 86' lang='grc' dir='ltr'>τῷ</span> <span class='ocrx_word' id='word_1_231' title='bbox 452 3022 649 3094; x_wconf 75' lang='grc' dir='ltr'><strong>ζιωσὴφ</strong></span> <span class='ocrx_word' id='word_1_232' title='bbox 681 3023 833 3094; x_wconf 73' lang='grc' dir='ltr'>παρὰ</span> <span class='ocrx_word' id='word_1_233' title='bbox 873 3022 967 3075; x_wconf 81' lang='grc' dir='ltr'>τοῦ</span> <span class='ocrx_word' id='word_1_234' title='bbox 1029 3021 1221 3075; x_wconf 84' lang='grc' dir='ltr'>Ἰακὼὸ</span> <span class='ocrx_word' id='word_1_235' title='bbox 1265 3022 1569 3094; x_wconf 84' lang='grc' dir='ltr'>δεδομένον,</span> <span class='ocrx_word' id='word_1_236' title='bbox 1612 3024 1781 3089; x_wconf 83' lang='grc' dir='ltr'>τύπος</span> <span class='ocrx_word' id='word_1_237' title='bbox 1810 3026 1912 3097; x_wconf 87' lang='grc' dir='ltr'><strong>τῆς</strong></span> 
     </span>
    </p>
   </div>
   <div class='ocr_carea' id='block_1_33' title="bbox 332 3113 1908 3190">
    <p class='ocr_par' dir='ltr' id='par_1_33' title="bbox 332 3113 1908 3190">
     <span class='ocr_line' id='line_1_33' title="bbox 332 3113 1908 3190; baseline 0.002 -21"><span class='ocrx_word' id='word_1_238' title='bbox 332 3115 598 3186; x_wconf 82' lang='grc' dir='ltr'>διαθήκης</span> <span class='ocrx_word' id='word_1_239' title='bbox 634 3114 733 3185; x_wconf 87' lang='grc' dir='ltr'><strong>τῆς</strong></span> <span class='ocrx_word' id='word_1_240' title='bbox 767 3115 912 3185; x_wconf 84' lang='grc' dir='ltr'>μόνῳ</span> <span class='ocrx_word' id='word_1_241' title='bbox 936 3113 1196 3185; x_wconf 85' lang='grc' dir='ltr'>δοκούσης</span> <span class='ocrx_word' id='word_1_242' title='bbox 1217 3114 1322 3184; x_wconf 75' lang='grc' dir='ltr'><strong>τῷ’</strong></span> <span class='ocrx_word' id='word_1_243' title='bbox 1338 3116 1536 3187; x_wconf 79' lang='grc' dir='ltr'>Ισραὴλ</span> <span class='ocrx_word' id='word_1_244' title='bbox 1558 3116 1908 3190; x_wconf 83' lang='grc' dir='ltr'>δεδωρῆσθαι.</span> 
     </span>
    </p>
   </div>
   <div class='ocr_carea' id='block_1_34' title="bbox 335 3204 1911 3279">
    <p class='ocr_par' dir='ltr' id='par_1_34' title="bbox 335 3204 1911 3279">
     <span class='ocr_line' id='line_1_34' title="bbox 335 3204 1911 3279; baseline 0.003 -20"><span class='ocrx_word' id='word_1_245' title='bbox 335 3207 446 3278; x_wconf 86' lang='grc' dir='ltr'>Τὴν</span> <span class='ocrx_word' id='word_1_246' title='bbox 478 3206 655 3260; x_wconf 85' lang='grc' dir='ltr'>τοίνυν</span> <span class='ocrx_word' id='word_1_247' title='bbox 693 3206 966 3277; x_wconf 75' lang='grc' dir='ltr'>ἐξαίρετον</span> <span class='ocrx_word' id='word_1_248' title='bbox 997 3204 1260 3277; x_wconf 86' lang='grc' dir='ltr'>διαθήκην</span> <span class='ocrx_word' id='word_1_249' title='bbox 1290 3208 1385 3260; x_wconf 76' lang='grc' dir='ltr'><strong>καὶ</strong></span> <span class='ocrx_word' id='word_1_250' title='bbox 1415 3207 1778 3279; x_wconf 86' lang='grc' dir='ltr'>κληρονομίαν</span> <span class='ocrx_word' id='word_1_251' title='bbox 1816 3209 1911 3263; x_wconf 79' lang='grc' dir='ltr'>τοῦ</span> 
     </span>
    </p>
   </div>
   <div class='ocr_carea' id='block_1_35' title="bbox 1933 1990 1975 2042">
    <p class='ocr_par' dir='ltr' id='par_1_35' title="bbox 1933 1990 1975 2042">
     <span class='ocr_line' id='line_1_35' title="bbox 1933 1990 1975 2042; baseline 0 0"><span class='ocrx_word' id='word_1_252' title='bbox 1933 1990 1975 2042; x_wconf 85' lang='grc' dir='ltr'><strong>Β</strong></span> 
     </span>
    </p>
   </div>
   <div class='ocr_carea' id='block_1_36' title="bbox 2084 658 3583 733">
    <p class='ocr_par' dir='ltr' id='par_1_36' title="bbox 2084 658 3583 733">
     <span class='ocr_line' id='line_1_36' title="bbox 2084 658 3583 733; baseline 0.007 -23"><span class='ocrx_word' id='word_1_253' title='bbox 2084 658 2137 711; x_wconf 80' lang='grc'><strong>5.</strong></span> <span class='ocrx_word' id='word_1_254' title='bbox 2184 658 2322 712; x_wconf 76' lang='lat' dir='ltr'><strong>Deus</strong></span> <span class='ocrx_word' id='word_1_255' title='bbox 2364 659 2525 728; x_wconf 83' lang='lat' dir='ltr'><strong>igitur</strong></span> <span class='ocrx_word' id='word_1_256' title='bbox 2559 660 2795 727; x_wconf 78' lang='lat' dir='ltr'><strong>repulisti</strong></span> <span class='ocrx_word' id='word_1_257' title='bbox 2838 677 2951 714; x_wconf 82' lang='lat' dir='ltr'><strong>nos.</strong></span> <span class='ocrx_word' id='word_1_258' title='bbox 2990 660 3093 714; x_wconf 86' lang='lat' dir='ltr'><strong>Eos</strong></span> <span class='ocrx_word' id='word_1_259' title='bbox 3125 661 3216 729; x_wconf 86' lang='lat' dir='ltr'><strong>qui</strong></span> <span class='ocrx_word' id='word_1_260' title='bbox 3266 664 3583 733; x_wconf 86' lang='lat' dir='ltr'><strong>semetipsos</strong></span> 
     </span>
    </p>
   </div>
   <div class='ocr_carea' id='block_1_37' title="bbox 2011 747 3577 822">
    <p class='ocr_par' dir='ltr' id='par_1_37' title="bbox 2011 747 3577 822">
     <span class='ocr_line' id='line_1_37' title="bbox 2011 747 3577 822; baseline 0.006 -25"><span class='ocrx_word' id='word_1_261' title='bbox 2011 762 2039 797; x_wconf 90' lang='lat' dir='ltr'><strong>a</strong></span> <span class='ocrx_word' id='word_1_262' title='bbox 2094 756 2144 799; x_wconf 87' lang='lat' dir='ltr'><strong>te</strong></span> <span class='ocrx_word' id='word_1_263' title='bbox 2188 747 2469 815; x_wconf 84' lang='lat' dir='ltr'><strong>elongant,</strong></span> <span class='ocrx_word' id='word_1_264' title='bbox 2520 763 2617 815; x_wconf 82' lang='lat' dir='ltr'><strong>pro</strong></span> <span class='ocrx_word' id='word_1_265' title='bbox 2664 750 2877 803; x_wconf 76' lang='lat' dir='ltr'><strong>ratione</strong></span> <span class='ocrx_word' id='word_1_266' title='bbox 2937 750 3252 804; x_wconf 80' lang='lat' dir='ltr'><strong>delictorum</strong></span> <span class='ocrx_word' id='word_1_267' title='bbox 3314 753 3577 822; x_wconf 89' lang='lat' dir='ltr'><strong>repnlisti.</strong></span> 
     </span>
    </p>
   </div>
   <div class='ocr_carea' id='block_1_38' title="bbox 2013 836 3582 909">
    <p class='ocr_par' dir='ltr' id='par_1_38' title="bbox 2013 836 3582 909">
     <span class='ocr_line' id='line_1_38' title="bbox 2013 836 3582 909; baseline 0.006 -20"><span class='ocrx_word' id='word_1_268' title='bbox 2013 836 2330 891; x_wconf 75' lang='lat' dir='ltr'><strong>Desuuxisti</strong></span> <span class='ocrx_word' id='word_1_269' title='bbox 2360 838 2661 907; x_wconf 68' lang='lat' dir='ltr'><strong>iniquitatis</strong></span> <span class='ocrx_word' id='word_1_270' title='bbox 2683 849 2879 895; x_wconf 69' lang='lat' dir='ltr'><strong>nostrae</strong></span> <span class='ocrx_word' id='word_1_271' title='bbox 2906 841 3234 909; x_wconf 78' lang='lat' dir='ltr'><strong>congeriem,</strong></span> <span class='ocrx_word' id='word_1_272' title='bbox 3260 842 3330 897; x_wconf 89' lang='lat' dir='ltr'><strong>ob</strong></span> <span class='ocrx_word' id='word_1_273' title='bbox 3357 844 3582 898; x_wconf 76' lang='lat' dir='ltr'><strong>inﬁrmi-</strong></span> 
     </span>
    </p>
   </div>
   <div class='ocr_carea' id='block_1_39' title="bbox 2012 930 3579 997">
    <p class='ocr_par' dir='ltr' id='par_1_39' title="bbox 2012 930 3579 997">
     <span class='ocr_line' id='line_1_39' title="bbox 2012 930 3579 997; baseline 0.005 -16"><span class='ocrx_word' id='word_1_274' title='bbox 2012 938 2176 983; x_wconf 84' lang='lat' dir='ltr'><strong>tatem</strong></span> <span class='ocrx_word' id='word_1_275' title='bbox 2232 930 2390 984; x_wconf 87' lang='lat' dir='ltr'><strong>nobis</strong></span> <span class='ocrx_word' id='word_1_276' title='bbox 2445 930 2813 986; x_wconf 82' lang='lat' dir='ltr'><strong>benefaciens.</strong></span> <span class='ocrx_word' id='word_1_277' title='bbox 2869 932 3043 986; x_wconf 85' lang='lat' dir='ltr'><strong>Iratus</strong></span> <span class='ocrx_word' id='word_1_278' title='bbox 3089 948 3167 997; x_wconf 89' lang='lat' dir='ltr'><strong>es,</strong></span> <span class='ocrx_word' id='word_1_279' title='bbox 3210 948 3331 987; x_wconf 90' lang='lat' dir='ltr'><strong>cum</strong></span> <span class='ocrx_word' id='word_1_280' title='bbox 3389 946 3579 990; x_wconf 84' lang='lat' dir='ltr'><strong>natura</strong></span> 
     </span>
    </p>
   </div>
   <div class='ocr_carea' id='block_1_40' title="bbox 2010 1022 3579 1093">
    <p class='ocr_par' dir='ltr' id='par_1_40' title="bbox 2010 1022 3579 1093">
     <span class='ocr_line' id='line_1_40' title="bbox 2010 1022 3579 1093; baseline 0.004 -16"><span class='ocrx_word' id='word_1_281' title='bbox 2010 1038 2255 1078; x_wconf 77' lang='lat' dir='ltr'><strong>essemus</strong></span> <span class='ocrx_word' id='word_1_282' title='bbox 2284 1024 2376 1077; x_wconf 63' lang='lat' dir='ltr'><strong>irae</strong></span> <span class='ocrx_word' id='word_1_283' title='bbox 2402 1022 2495 1077; x_wconf 76' lang='lat' dir='ltr'><strong>ﬁlii</strong></span> <span class='ocrx_word' id='word_1_284' title='bbox 2526 1025 2589 1090; x_wconf 74' lang='grc' dir='ltr'><strong>³ο,</strong></span> <span class='ocrx_word' id='word_1_285' title='bbox 2624 1037 2775 1093; x_wconf 84' lang='lat' dir='ltr'><strong>spem</strong></span> <span class='ocrx_word' id='word_1_286' title='bbox 2802 1038 2908 1077; x_wconf 90' lang='lat' dir='ltr'><strong>non</strong></span> <span class='ocrx_word' id='word_1_287' title='bbox 2938 1025 3216 1089; x_wconf 84' lang='lat' dir='ltr'><strong>habentes,</strong></span> <span class='ocrx_word' id='word_1_288' title='bbox 3241 1037 3293 1081; x_wconf 89' lang='lat' dir='ltr'><strong>et</strong></span> <span class='ocrx_word' id='word_1_289' title='bbox 3322 1042 3388 1081; x_wconf 91' lang='lat' dir='ltr'><strong>ne</strong></span> <span class='ocrx_word' id='word_1_290' title='bbox 3416 1029 3579 1083; x_wconf 87' lang='lat' dir='ltr'><strong>Deum</strong></span> 
     </span>
    </p>
   </div>
   <div class='ocr_carea' id='block_1_41' title="bbox 2010 1112 3579 1184">
    <p class='ocr_par' dir='ltr' id='par_1_41' title="bbox 2010 1112 3579 1184">
     <span class='ocr_line' id='line_1_41' title="bbox 2010 1112 3579 1184; baseline 0.002 -18"><span class='ocrx_word' id='word_1_291' title='bbox 2010 1114 2230 1184; x_wconf 82' lang='lat' dir='ltr'><strong>quidem</strong></span> <span class='ocrx_word' id='word_1_292' title='bbox 2261 1114 2319 1167; x_wconf 86' lang='lat' dir='ltr'><strong>in</strong></span> <span class='ocrx_word' id='word_1_293' title='bbox 2343 1115 2543 1169; x_wconf 87' lang='lat' dir='ltr'><strong>mundo</strong></span> <span class='ocrx_word' id='word_1_294' title='bbox 2571 1122 2922 1183; x_wconf 68' lang='lat' dir='ltr'><strong>agnoscentes</strong></span> <span class='ocrx_word' id='word_1_295' title='bbox 2955 1114 3019 1168; x_wconf 82' lang='lat'><strong>“.</strong></span> <span class='ocrx_word' id='word_1_296' title='bbox 3052 1112 3299 1170; x_wconf 75' lang='lat' dir='ltr'><strong>Miserius</strong></span> <span class='ocrx_word' id='word_1_297' title='bbox 3326 1131 3384 1170; x_wconf 88' lang='lat' dir='ltr'><strong>es</strong></span> <span class='ocrx_word' id='word_1_298' title='bbox 3414 1119 3579 1171; x_wconf 85' lang='lat' dir='ltr'><strong>nostri</strong></span> 
     </span>
    </p>
   </div>
   <div class='ocr_carea' id='block_1_42' title="bbox 2011 1204 3582 1275">
    <p class='ocr_par' dir='ltr' id='par_1_42' title="bbox 2011 1204 3582 1275">
     <span class='ocr_line' id='line_1_42' title="bbox 2011 1204 3582 1275; baseline 0.001 -17"><span class='ocrx_word' id='word_1_299' title='bbox 2011 1215 2144 1269; x_wconf 92' lang='lat' dir='ltr'><strong>tum,</strong></span> <span class='ocrx_word' id='word_1_300' title='bbox 2178 1221 2300 1259; x_wconf 88' lang='lat' dir='ltr'><strong>cum</strong></span> <span class='ocrx_word' id='word_1_301' title='bbox 2349 1204 2691 1275; x_wconf 81' lang='lat' dir='ltr'><strong>Unigenitum</strong></span> <span class='ocrx_word' id='word_1_302' title='bbox 2743 1216 2891 1258; x_wconf 89' lang='lat' dir='ltr'><strong>tuum</strong></span> <span class='ocrx_word' id='word_1_303' title='bbox 2945 1219 3043 1273; x_wconf 91' lang='lat' dir='ltr'><strong>pro</strong></span> <span class='ocrx_word' id='word_1_304' title='bbox 3092 1206 3291 1260; x_wconf 82' lang='lat' dir='ltr'><strong>nostris</strong></span> <span class='ocrx_word' id='word_1_305' title='bbox 3348 1207 3582 1274; x_wconf 82' lang='lat' dir='ltr'><strong>peccatis</strong></span> 
     </span>
    </p>
   </div>
   <div class='ocr_carea' id='block_1_43' title="bbox 2008 1294 3581 1366">
    <p class='ocr_par' dir='ltr' id='par_1_43' title="bbox 2008 1294 3581 1366">
     <span class='ocr_line' id='line_1_43' title="bbox 2008 1294 3581 1366; baseline -0.001 -16"><span class='ocrx_word' id='word_1_306' title='bbox 2008 1298 2450 1366; x_wconf 85' lang='lat' dir='ltr'><strong>propitiatiouetn</strong></span> <span class='ocrx_word' id='word_1_307' title='bbox 2481 1296 2830 1365; x_wconf 85' lang='lat' dir='ltr'><strong>proposuisti,</strong></span> <span class='ocrx_word' id='word_1_308' title='bbox 2856 1304 2915 1349; x_wconf 94' lang='lat' dir='ltr'><strong>ut</strong></span> <span class='ocrx_word' id='word_1_309' title='bbox 2958 1298 3009 1349; x_wconf 91' lang='lat' dir='ltr'><strong>in</strong></span> <span class='ocrx_word' id='word_1_310' title='bbox 3050 1294 3165 1363; x_wconf 87' lang='lat' dir='ltr'><strong>ejus</strong></span> <span class='ocrx_word' id='word_1_311' title='bbox 3205 1298 3466 1366; x_wconf 77' lang='lat' dir='ltr'><strong>sanguine</strong></span> <span class='ocrx_word' id='word_1_312' title='bbox 3495 1298 3581 1350; x_wconf 81' lang='lat' dir='ltr'><strong>iu-</strong></span> 
     </span>
    </p>
   </div>
   <div class='ocr_carea' id='block_1_44' title="bbox 2008 1388 3580 1457">
    <p class='ocr_par' dir='ltr' id='par_1_44' title="bbox 2008 1388 3580 1457">
     <span class='ocr_line' id='line_1_44' title="bbox 2008 1388 3580 1457; baseline 0.001 -17"><span class='ocrx_word' id='word_1_313' title='bbox 2008 1389 2318 1442; x_wconf 82' lang='lat' dir='ltr'><strong>veniremus</strong></span> <span class='ocrx_word' id='word_1_314' title='bbox 2349 1388 2796 1457; x_wconf 72' lang='lat' dir='ltr'><strong>redemptionem.</strong></span> <span class='ocrx_word' id='word_1_315' title='bbox 2826 1388 2955 1452; x_wconf 68' lang='lat' dir='ltr'><strong>Qna:</strong></span> <span class='ocrx_word' id='word_1_316' title='bbox 2983 1388 3167 1455; x_wconf 87' lang='lat' dir='ltr'><strong>utique</strong></span> <span class='ocrx_word' id='word_1_317' title='bbox 3200 1402 3303 1439; x_wconf 90' lang='lat' dir='ltr'><strong>non</strong></span> <span class='ocrx_word' id='word_1_318' title='bbox 3332 1389 3580 1457; x_wconf 82' lang='lat' dir='ltr'><strong>agnovis-</strong></span> 
     </span>
    </p>
   </div>
   <div class='ocr_carea' id='block_1_45' title="bbox 2005 1476 3580 1545">
    <p class='ocr_par' dir='ltr' id='par_1_45' title="bbox 2005 1476 3580 1545">
     <span class='ocr_line' id='line_1_45' title="bbox 2005 1476 3580 1545; baseline -0.001 -14"><span class='ocrx_word' id='word_1_319' title='bbox 2005 1490 2189 1531; x_wconf 87' lang='lat' dir='ltr'><strong>semus</strong></span> <span class='ocrx_word' id='word_1_320' title='bbox 2246 1476 2508 1530; x_wconf 84' lang='lat' dir='ltr'><strong>beneﬁcio</strong></span> <span class='ocrx_word' id='word_1_321' title='bbox 2566 1487 2657 1531; x_wconf 88' lang='lat' dir='ltr'><strong>tuo</strong></span> <span class='ocrx_word' id='word_1_322' title='bbox 2711 1477 2868 1530; x_wconf 85' lang='lat' dir='ltr'><strong>nobis</strong></span> <span class='ocrx_word' id='word_1_323' title='bbox 2927 1476 3249 1545; x_wconf 85' lang='lat' dir='ltr'><strong>contigisse,</strong></span> <span class='ocrx_word' id='word_1_324' title='bbox 3320 1477 3422 1529; x_wconf 87' lang='lat' dir='ltr'><strong>nisi</strong></span> <span class='ocrx_word' id='word_1_325' title='bbox 3483 1491 3580 1530; x_wconf 87' lang='lat' dir='ltr'><strong>nos</strong></span> 
     </span>
    </p>
   </div>
   <div class='ocr_carea' id='block_1_46' title="bbox 2010 1566 3583 1639">
    <p class='ocr_par' dir='ltr' id='par_1_46' title="bbox 2010 1566 3583 1639">
     <span class='ocr_line' id='line_1_46' title="bbox 2010 1566 3583 1639; baseline 0.001 -21"><span class='ocrx_word' id='word_1_326' title='bbox 2010 1566 2197 1639; x_wconf 70' lang='lat' dir='ltr'><strong>(Vens.</strong></span> <span class='ocrx_word' id='word_1_327' title='bbox 2233 1568 2290 1638; x_wconf 86' lang='lat'><strong>5)</strong></span> <span class='ocrx_word' id='word_1_328' title='bbox 2336 1566 2469 1620; x_wconf 78' lang='lat' dir='ltr'><strong>Viuo</strong></span> <span class='ocrx_word' id='word_1_329' title='bbox 2502 1568 2910 1636; x_wconf 74' lang='lat' dir='ltr'><strong>compunctionis</strong></span> <span class='ocrx_word' id='word_1_330' title='bbox 2952 1577 3212 1635; x_wconf 86' lang='lat' dir='ltr'><strong>potasses.</strong></span> <span class='ocrx_word' id='word_1_331' title='bbox 3260 1566 3451 1620; x_wconf 79' lang='lat' dir='ltr'><strong>Vinum</strong></span> <span class='ocrx_word' id='word_1_332' title='bbox 3484 1582 3583 1620; x_wconf 85' lang='lat' dir='ltr'><strong>au-</strong></span> 
     </span>
    </p>
   </div>
   <div class='ocr_carea' id='block_1_47' title="bbox 2010 1659 3581 1730">
    <p class='ocr_par' dir='ltr' id='par_1_47' title="bbox 2010 1659 3581 1730">
     <span class='ocr_line' id='line_1_47' title="bbox 2010 1659 3581 1730; baseline 0 -17"><span class='ocrx_word' id='word_1_333' title='bbox 2010 1672 2117 1714; x_wconf 90' lang='lat' dir='ltr'><strong>tem</strong></span> <span class='ocrx_word' id='word_1_334' title='bbox 2178 1659 2411 1730; x_wconf 79' lang='lat' dir='ltr'><strong>appellat</strong></span> <span class='ocrx_word' id='word_1_335' title='bbox 2470 1674 2796 1721; x_wconf 80' lang='lat' dir='ltr'><strong>sermonem,</strong></span> <span class='ocrx_word' id='word_1_336' title='bbox 2837 1674 2943 1728; x_wconf 88' lang='lat' dir='ltr'><strong>quo</strong></span> <span class='ocrx_word' id='word_1_337' title='bbox 2996 1659 3317 1712; x_wconf 78' lang='lat' dir='ltr'><strong>ebduratum</strong></span> <span class='ocrx_word' id='word_1_338' title='bbox 3373 1675 3466 1713; x_wconf 94' lang='lat' dir='ltr'><strong>cor</strong></span> <span class='ocrx_word' id='word_1_339' title='bbox 3516 1663 3581 1713; x_wconf 87' lang='lat' dir='ltr'><strong>ad</strong></span> 
     </span>
    </p>
   </div>
   <div class='ocr_carea' id='block_1_48' title="bbox 2007 1750 3583 1807">
    <p class='ocr_par' dir='ltr' id='par_1_48' title="bbox 2007 1750 3583 1807">
     <span class='ocr_line' id='line_1_48' title="bbox 2007 1750 3583 1807; baseline -0.001 -1"><span class='ocrx_word' id='word_1_340' title='bbox 2007 1768 2228 1807; x_wconf 89' lang='lat' dir='ltr'><strong>sensum</strong></span> <span class='ocrx_word' id='word_1_341' title='bbox 2261 1751 2572 1806; x_wconf 78' lang='lat' dir='ltr'><strong>deducitur.</strong></span> <span class='ocrx_word' id='word_1_342' title='bbox 2604 1751 2769 1805; x_wconf 74' lang='lat' dir='ltr'><strong>Vens.</strong></span> <span class='ocrx_word' id='word_1_343' title='bbox 2807 1750 2871 1805; x_wconf 79' lang='lat'><strong>6.‘</strong></span> <span class='ocrx_word' id='word_1_344' title='bbox 2908 1750 3107 1804; x_wconf 79' lang='lat' dir='ltr'><strong>Dedisti</strong></span> <span class='ocrx_word' id='word_1_345' title='bbox 3145 1750 3489 1804; x_wconf 78' lang='lat' dir='ltr'><strong>metuentibus</strong></span> <span class='ocrx_word' id='word_1_346' title='bbox 3533 1761 3583 1805; x_wconf 86' lang='lat' dir='ltr'><strong>te</strong></span> 
     </span>
    </p>
   </div>
   <div class='ocr_carea' id='block_1_49' title="bbox 2007 1841 3580 1915">
    <p class='ocr_par' dir='ltr' id='par_1_49' title="bbox 2007 1841 3580 1915">
     <span class='ocr_line' id='line_1_49' title="bbox 2007 1841 3580 1915; baseline -0.003 -16"><span class='ocrx_word' id='word_1_347' title='bbox 2007 1846 2468 1915; x_wconf 75' lang='lat' dir='ltr'><strong>signiﬁcationem,</strong></span> <span class='ocrx_word' id='word_1_348' title='bbox 2488 1852 2543 1895; x_wconf 86' lang='lat' dir='ltr'><strong>ut</strong></span> <span class='ocrx_word' id='word_1_349' title='bbox 2562 1842 2771 1912; x_wconf 77' lang='lat' dir='ltr'><strong>fugiant</strong></span> <span class='ocrx_word' id='word_1_350' title='bbox 2798 1860 2828 1895; x_wconf 90' lang='lat' dir='ltr'><strong>a</strong></span> <span class='ocrx_word' id='word_1_351' title='bbox 2856 1842 2991 1908; x_wconf 78' lang='lat' dir='ltr'><strong>[acie</strong></span> <span class='ocrx_word' id='word_1_352' title='bbox 3022 1858 3198 1896; x_wconf 84' lang='lat' dir='ltr'><strong>arcus.</strong></span> <span class='ocrx_word' id='word_1_353' title='bbox 3232 1841 3440 1911; x_wconf 75' lang='lat' dir='ltr'><strong>Moyses</strong></span> <span class='ocrx_word' id='word_1_354' title='bbox 3465 1842 3580 1910; x_wconf 54' lang='lat' dir='ltr'><strong>qui.</strong></span> 
     </span>
    </p>
   </div>
   <div class='ocr_carea' id='block_1_50' title="bbox 2009 1934 3582 2003">
    <p class='ocr_par' dir='ltr' id='par_1_50' title="bbox 2009 1934 3582 2003">
     <span class='ocr_line' id='line_1_50' title="bbox 2009 1934 3582 2003; baseline -0.004 -12"><span class='ocrx_word' id='word_1_355' title='bbox 2009 1938 2130 1991; x_wconf 85' lang='lat' dir='ltr'><strong>dem</strong></span> <span class='ocrx_word' id='word_1_356' title='bbox 2177 1936 2537 1990; x_wconf 88' lang='lat' dir='ltr'><strong>lsraelitarum</strong></span> <span class='ocrx_word' id='word_1_357' title='bbox 2582 1943 2765 2003; x_wconf 86' lang='lat' dir='ltr'><strong>postes</strong></span> <span class='ocrx_word' id='word_1_358' title='bbox 2812 1935 2974 1987; x_wconf 88' lang='lat' dir='ltr'><strong>ovillo</strong></span> <span class='ocrx_word' id='word_1_359' title='bbox 3017 1935 3279 2003; x_wconf 79' lang='lat' dir='ltr'><strong>sanguine</strong></span> <span class='ocrx_word' id='word_1_360' title='bbox 3325 1934 3582 2003; x_wconf 82' lang='lat' dir='ltr'><strong>obsigna-</strong></span> 
     </span>
    </p>
   </div>
   <div class='ocr_carea' id='block_1_51' title="bbox 2009 2024 3585 2093">
    <p class='ocr_par' dir='ltr' id='par_1_51' title="bbox 2009 2024 3585 2093">
     <span class='ocr_line' id='line_1_51' title="bbox 2009 2024 3585 2093; baseline -0.006 -10"><span class='ocrx_word' id='word_1_361' title='bbox 2009 2030 2088 2083; x_wconf 86' lang='lat' dir='ltr'><strong>vit</strong></span> <span class='ocrx_word' id='word_1_362' title='bbox 2114 2030 2197 2093; x_wconf 82' lang='grc'><strong>¹²;</strong></span> <span class='ocrx_word' id='word_1_363' title='bbox 2242 2038 2296 2082; x_wconf 90' lang='lat' dir='ltr'><strong>tu</strong></span> <span class='ocrx_word' id='word_1_364' title='bbox 2335 2041 2462 2080; x_wconf 90' lang='lat' dir='ltr'><strong>vero</strong></span> <span class='ocrx_word' id='word_1_365' title='bbox 2513 2024 2667 2079; x_wconf 91' lang='lat' dir='ltr'><strong>nobis</strong></span> <span class='ocrx_word' id='word_1_366' title='bbox 2718 2025 2910 2077; x_wconf 83' lang='lat' dir='ltr'><strong>dedisti</strong></span> <span class='ocrx_word' id='word_1_367' title='bbox 2946 2025 3418 2093; x_wconf 79' lang='lat' dir='ltr'><strong>signiﬁcationem,</strong></span> <span class='ocrx_word' id='word_1_368' title='bbox 3458 2039 3585 2077; x_wconf 68' lang='lat' dir='ltr'><strong>san-</strong></span> 
     </span>
    </p>
   </div>
   <div class='ocr_carea' id='block_1_52' title="bbox 2007 2108 3580 2189">
    <p class='ocr_par' dir='ltr' id='par_1_52' title="bbox 2007 2108 3580 2189">
     <span class='ocr_line' id='line_1_52' title="bbox 2007 2108 3580 2189; baseline -0.007 -17"><span class='ocrx_word' id='word_1_369' title='bbox 2007 2119 2223 2189; x_wconf 81' lang='lat' dir='ltr'><strong>guinem</strong></span> <span class='ocrx_word' id='word_1_370' title='bbox 2276 2118 2450 2184; x_wconf 88' lang='lat' dir='ltr'><strong>ipsum</strong></span> <span class='ocrx_word' id='word_1_371' title='bbox 2498 2111 2904 2167; x_wconf 82' lang='lat' dir='ltr'><strong>incontaminati</strong></span> <span class='ocrx_word' id='word_1_372' title='bbox 2951 2113 3097 2181; x_wconf 85' lang='lat' dir='ltr'><strong>agni,</strong></span> <span class='ocrx_word' id='word_1_373' title='bbox 3127 2112 3218 2181; x_wconf 88' lang='lat' dir='ltr'><strong>qui</strong></span> <span class='ocrx_word' id='word_1_374' title='bbox 3264 2126 3362 2179; x_wconf 89' lang='lat' dir='ltr'><strong>pro</strong></span> <span class='ocrx_word' id='word_1_375' title='bbox 3398 2108 3580 2163; x_wconf 90' lang='lat' dir='ltr'><strong>mundi</strong></span> 
     </span>
    </p>
   </div>
   <div class='ocr_carea' id='block_1_53' title="bbox 2007 2199 3582 2278">
    <p class='ocr_par' dir='ltr' id='par_1_53' title="bbox 2007 2199 3582 2278">
     <span class='ocr_line' id='line_1_53' title="bbox 2007 2199 3582 2278; baseline -0.007 -15"><span class='ocrx_word' id='word_1_376' title='bbox 2007 2218 2230 2278; x_wconf 84' lang='lat' dir='ltr'><strong>peccato</strong></span> <span class='ocrx_word' id='word_1_377' title='bbox 2265 2206 2573 2260; x_wconf 87' lang='lat' dir='ltr'><strong>immolatus</strong></span> <span class='ocrx_word' id='word_1_378' title='bbox 2602 2212 2704 2259; x_wconf 83' lang='lat' dir='ltr'><strong>est.</strong></span> <span class='ocrx_word' id='word_1_379' title='bbox 2737 2201 2802 2255; x_wconf 84' lang='lat' dir='ltr'><strong>Et</strong></span> <span class='ocrx_word' id='word_1_380' title='bbox 2835 2202 3084 2256; x_wconf 81' lang='lat' dir='ltr'><strong>Ezechiel</strong></span> <span class='ocrx_word' id='word_1_381' title='bbox 3140 2203 3192 2255; x_wconf 90' lang='lat' dir='ltr'><strong>in</strong></span> <span class='ocrx_word' id='word_1_382' title='bbox 3244 2200 3452 2255; x_wconf 85' lang='lat' dir='ltr'><strong>frontes</strong></span> <span class='ocrx_word' id='word_1_383' title='bbox 3497 2199 3582 2253; x_wconf 81' lang='lat' dir='ltr'><strong>fa-</strong></span> 
     </span>
    </p>
   </div>
   <div class='ocr_carea' id='block_1_54' title="bbox 2008 2294 3578 2365">
    <p class='ocr_par' dir='ltr' id='par_1_54' title="bbox 2008 2294 3578 2365">
     <span class='ocr_line' id='line_1_54' title="bbox 2008 2294 3578 2365; baseline -0.004 -12"><span class='ocrx_word' id='word_1_384' title='bbox 2008 2299 2210 2353; x_wconf 87' lang='lat' dir='ltr'><strong>cierum</strong></span> <span class='ocrx_word' id='word_1_385' title='bbox 2236 2297 2447 2365; x_wconf 76' lang='lat' dir='ltr'><strong>signum</strong></span> <span class='ocrx_word' id='word_1_386' title='bbox 2470 2297 2652 2349; x_wconf 88' lang='lat' dir='ltr'><strong>datum</strong></span> <span class='ocrx_word' id='word_1_387' title='bbox 2693 2309 2815 2350; x_wconf 87' lang='lat' dir='ltr'><strong>esse</strong></span> <span class='ocrx_word' id='word_1_388' title='bbox 2847 2294 3042 2349; x_wconf 79' lang='lat' dir='ltr'><strong>dicit&quot;</strong></span> <span class='ocrx_word' id='word_1_389' title='bbox 3075 2312 3087 2347; x_wconf 90' lang='lat'><strong>:</strong></span> <span class='ocrx_word' id='word_1_390' title='bbox 3116 2294 3396 2348; x_wconf 85' lang='lat' dir='ltr'><strong>Ambulate</strong></span> <span class='ocrx_word' id='word_1_391' title='bbox 3420 2299 3578 2362; x_wconf 82' lang='lat' dir='ltr'><strong>enim,</strong></span> 
     </span>
    </p>
   </div>
   <div class='ocr_carea' id='block_1_55' title="bbox 2010 2386 3585 2460">
    <p class='ocr_par' dir='ltr' id='par_1_55' title="bbox 2010 2386 3585 2460">
     <span class='ocr_line' id='line_1_55' title="bbox 2010 2386 3585 2460; baseline -0.003 -16"><span class='ocrx_word' id='word_1_392' title='bbox 2010 2391 2202 2460; x_wconf 88' lang='lat' dir='ltr'><strong>inqttit,</strong></span> <span class='ocrx_word' id='word_1_393' title='bbox 2240 2400 2355 2458; x_wconf 78' lang='lat' dir='ltr'><strong>post</strong></span> <span class='ocrx_word' id='word_1_394' title='bbox 2401 2390 2590 2457; x_wconf 71' lang='lat' dir='ltr'><strong>ipsum,</strong></span> <span class='ocrx_word' id='word_1_395' title='bbox 2616 2398 2663 2440; x_wconf 83' lang='lat' dir='ltr'><strong>et</strong></span> <span class='ocrx_word' id='word_1_396' title='bbox 2697 2388 2971 2455; x_wconf 83' lang='lat' dir='ltr'><strong>percutite,</strong></span> <span class='ocrx_word' id='word_1_397' title='bbox 3010 2402 3073 2439; x_wconf 85' lang='lat' dir='ltr'><strong>ne</strong></span> <span class='ocrx_word' id='word_1_398' title='bbox 3108 2386 3458 2453; x_wconf 70' lang='lat' dir='ltr'><strong>paper-teritis,</strong></span> <span class='ocrx_word' id='word_1_399' title='bbox 3497 2404 3585 2439; x_wconf 88' lang='lat' dir='ltr'><strong>ne-</strong></span> 
     </span>
    </p>
   </div>
   <div class='ocr_carea' id='block_1_56' title="bbox 2007 2476 3581 2552">
    <p class='ocr_par' dir='ltr' id='par_1_56' title="bbox 2007 2476 3581 2552">
     <span class='ocr_line' id='line_1_56' title="bbox 2007 2476 3581 2552; baseline -0.006 -17"><span class='ocrx_word' id='word_1_400' title='bbox 2007 2498 2107 2552; x_wconf 88' lang='lat' dir='ltr'><strong>que</strong></span> <span class='ocrx_word' id='word_1_401' title='bbox 2138 2480 2512 2533; x_wconf 74' lang='lat' dir='ltr'><strong>misereamini.</strong></span> <span class='ocrx_word' id='word_1_402' title='bbox 2544 2477 2831 2543; x_wconf 83' lang='lat' dir='ltr'><strong>Seniorem,</strong></span> <span class='ocrx_word' id='word_1_403' title='bbox 2857 2486 2905 2531; x_wconf 87' lang='lat' dir='ltr'><strong>et</strong></span> <span class='ocrx_word' id='word_1_404' title='bbox 2924 2476 3189 2545; x_wconf 79' lang='lat' dir='ltr'><strong>juvenem,</strong></span> <span class='ocrx_word' id='word_1_405' title='bbox 3217 2488 3265 2528; x_wconf 86' lang='lat' dir='ltr'><strong>et</strong></span> <span class='ocrx_word' id='word_1_406' title='bbox 3299 2476 3581 2544; x_wconf 78' lang='lat' dir='ltr'><strong>infantem,</strong></span> 
     </span>
    </p>
   </div>
   <div class='ocr_carea' id='block_1_57' title="bbox 2008 2567 3581 2641">
    <p class='ocr_par' dir='ltr' id='par_1_57' title="bbox 2008 2567 3581 2641">
     <span class='ocr_line' id='line_1_57' title="bbox 2008 2567 3581 2641; baseline -0.005 -15"><span class='ocrx_word' id='word_1_407' title='bbox 2008 2584 2056 2627; x_wconf 88' lang='lat' dir='ltr'><strong>et</strong></span> <span class='ocrx_word' id='word_1_408' title='bbox 2078 2572 2353 2641; x_wconf 80' lang='lat' dir='ltr'><strong>virginem,</strong></span> <span class='ocrx_word' id='word_1_409' title='bbox 2378 2582 2428 2624; x_wconf 83' lang='lat' dir='ltr'><strong>et</strong></span> <span class='ocrx_word' id='word_1_410' title='bbox 2451 2569 2694 2623; x_wconf 70' lang='lat' dir='ltr'><strong>mulieres</strong></span> <span class='ocrx_word' id='word_1_411' title='bbox 2719 2568 3001 2635; x_wconf 77' lang='lat' dir='ltr'><strong>interﬁcite</strong></span> <span class='ocrx_word' id='word_1_412' title='bbox 3034 2567 3104 2619; x_wconf 86' lang='lat' dir='ltr'><strong>ad</strong></span> <span class='ocrx_word' id='word_1_413' title='bbox 3135 2567 3543 2621; x_wconf 72' lang='lat' dir='ltr'><strong>internecionem</strong></span> <span class='ocrx_word' id='word_1_414' title='bbox 3560 2579 3581 2618; x_wconf 93' lang='lat'><strong><em>:</em></strong></span> 
     </span>
    </p>
   </div>
   <div class='ocr_carea' id='block_1_58' title="bbox 2010 2659 3584 2731">
    <p class='ocr_par' dir='ltr' id='par_1_58' title="bbox 2010 2659 3584 2731">
     <span class='ocr_line' id='line_1_58' title="bbox 2010 2659 3584 2731; baseline -0.005 -12"><span class='ocrx_word' id='word_1_415' title='bbox 2010 2667 2078 2720; x_wconf 86' lang='lat' dir='ltr'><strong>ad</strong></span> <span class='ocrx_word' id='word_1_416' title='bbox 2106 2680 2285 2718; x_wconf 74' lang='lat' dir='ltr'><strong>omnes</strong></span> <span class='ocrx_word' id='word_1_417' title='bbox 2317 2678 2454 2724; x_wconf 82' lang='lat' dir='ltr'><strong>vero,</strong></span> <span class='ocrx_word' id='word_1_418' title='bbox 2486 2662 2541 2715; x_wconf 89' lang='lat' dir='ltr'><strong>in</strong></span> <span class='ocrx_word' id='word_1_419' title='bbox 2578 2661 2768 2731; x_wconf 74' lang='lat' dir='ltr'><strong>quibus</strong></span> <span class='ocrx_word' id='word_1_420' title='bbox 2814 2668 2889 2713; x_wconf 79' lang='lat' dir='ltr'><strong>est</strong></span> <span class='ocrx_word' id='word_1_421' title='bbox 2937 2660 3161 2728; x_wconf 75' lang='lat' dir='ltr'><strong>signum,</strong></span> <span class='ocrx_word' id='word_1_422' title='bbox 3191 2674 3253 2712; x_wconf 84' lang='lat' dir='ltr'><strong>ne</strong></span> <span class='ocrx_word' id='word_1_423' title='bbox 3297 2659 3584 2728; x_wconf 72' lang='lat' dir='ltr'><strong>appropin-</strong></span> 
     </span>
    </p>
   </div>
   <div class='ocr_carea' id='block_1_59' title="bbox 2008 2747 3586 2826">
    <p class='ocr_par' dir='ltr' id='par_1_59' title="bbox 2008 2747 3586 2826">
     <span class='ocr_line' id='line_1_59' title="bbox 2008 2747 3586 2826; baseline -0.004 -16"><span class='ocrx_word' id='word_1_424' title='bbox 2008 2757 2196 2826; x_wconf 75' lang='lat' dir='ltr'><strong>quetit.</strong></span> <span class='ocrx_word' id='word_1_425' title='bbox 2234 2753 2395 2809; x_wconf 68' lang='lat' dir='ltr'><strong>Vens.</strong></span> <span class='ocrx_word' id='word_1_426' title='bbox 2426 2752 2481 2807; x_wconf 90' lang='lat'><strong>8.</strong></span> <span class='ocrx_word' id='word_1_427' title='bbox 2515 2752 2656 2805; x_wconf 77' lang='lat' dir='ltr'><strong>Deus</strong></span> <span class='ocrx_word' id='word_1_428' title='bbox 2689 2751 2893 2805; x_wconf 71' lang='lat' dir='ltr'><strong>lactans</strong></span> <span class='ocrx_word' id='word_1_429' title='bbox 2918 2759 2993 2804; x_wconf 73' lang='lat' dir='ltr'><strong>est</strong></span> <span class='ocrx_word' id='word_1_430' title='bbox 3026 2748 3079 2803; x_wconf 86' lang='lat' dir='ltr'><strong>in</strong></span> <span class='ocrx_word' id='word_1_431' title='bbox 3108 2759 3289 2802; x_wconf 76' lang='lat' dir='ltr'><strong>sancto</strong></span> <span class='ocrx_word' id='word_1_432' title='bbox 3319 2765 3433 2811; x_wconf 77' lang='lat' dir='ltr'><strong>suo,</strong></span> <span class='ocrx_word' id='word_1_433' title='bbox 3468 2747 3586 2803; x_wconf 74' lang='lat' dir='ltr'><strong>Lc-</strong></span> 
     </span>
    </p>
   </div>
   <div class='ocr_carea' id='block_1_60' title="bbox 2011 2839 3584 2914">
    <p class='ocr_par' dir='ltr' id='par_1_60' title="bbox 2011 2839 3584 2914">
     <span class='ocr_line' id='line_1_60' title="bbox 2011 2839 3584 2914; baseline -0.011 -13"><span class='ocrx_word' id='word_1_434' title='bbox 2011 2848 2183 2911; x_wconf 84' lang='lat' dir='ltr'><strong>tabor,</strong></span> <span class='ocrx_word' id='word_1_435' title='bbox 2223 2856 2273 2899; x_wconf 86' lang='lat' dir='ltr'><strong>et</strong></span> <span class='ocrx_word' id='word_1_436' title='bbox 2303 2844 2539 2914; x_wconf 85' lang='lat' dir='ltr'><strong>partibor</strong></span> <span class='ocrx_word' id='word_1_437' title='bbox 2573 2842 2852 2896; x_wconf 84' lang='lat' dir='ltr'><strong>Sicimam.</strong></span> <span class='ocrx_word' id='word_1_438' title='bbox 2902 2840 3102 2895; x_wconf 83' lang='lat' dir='ltr'><strong>Sicima</strong></span> <span class='ocrx_word' id='word_1_439' title='bbox 3134 2839 3406 2908; x_wconf 86' lang='lat' dir='ltr'><strong>peculiare</strong></span> <span class='ocrx_word' id='word_1_440' title='bbox 3445 2853 3584 2909; x_wconf 65' lang='lat' dir='ltr'><strong>pra-</strong></span> 
     </span>
    </p>
   </div>
   <div class='ocr_carea' id='block_1_61' title="bbox 2013 2931 3584 3006">
    <p class='ocr_par' dir='ltr' id='par_1_61' title="bbox 2013 2931 3584 3006">
     <span class='ocr_line' id='line_1_61' title="bbox 2013 2931 3584 3006; baseline -0.004 -13"><span class='ocrx_word' id='word_1_441' title='bbox 2013 2940 2182 3002; x_wconf 90' lang='lat' dir='ltr'><strong>dium,</strong></span> <span class='ocrx_word' id='word_1_442' title='bbox 2207 2936 2446 3006; x_wconf 84' lang='lat' dir='ltr'><strong>Josepbo</strong></span> <span class='ocrx_word' id='word_1_443' title='bbox 2466 2949 2495 2989; x_wconf 83' lang='lat' dir='ltr'><strong>a</strong></span> <span class='ocrx_word' id='word_1_444' title='bbox 2519 2933 2719 2990; x_wconf 83' lang='lat' dir='ltr'><strong>Jacobo</strong></span> <span class='ocrx_word' id='word_1_445' title='bbox 2741 2934 2922 2987; x_wconf 80' lang='lat' dir='ltr'><strong>datum</strong></span> <span class='ocrx_word' id='word_1_446' title='bbox 2948 2931 3013 2999; x_wconf 77' lang='lat'><strong>“,</strong></span> <span class='ocrx_word' id='word_1_447' title='bbox 3041 2932 3210 3001; x_wconf 80' lang='lat' dir='ltr'><strong>ﬁgura</strong></span> <span class='ocrx_word' id='word_1_448' title='bbox 3236 2946 3300 2985; x_wconf 85' lang='lat' dir='ltr'><strong>ac</strong></span> <span class='ocrx_word' id='word_1_449' title='bbox 3324 2941 3480 3001; x_wconf 87' lang='lat' dir='ltr'><strong>typus</strong></span> <span class='ocrx_word' id='word_1_450' title='bbox 3500 2941 3584 2986; x_wconf 86' lang='lat' dir='ltr'><strong>est</strong></span> 
     </span>
    </p>
   </div>
   <div class='ocr_carea' id='block_1_62' title="bbox 2015 3020 3580 3095">
    <p class='ocr_par' dir='ltr' id='par_1_62' title="bbox 2015 3020 3580 3095">
     <span class='ocr_line' id='line_1_62' title="bbox 2015 3020 3580 3095; baseline -0.005 -11"><span class='ocrx_word' id='word_1_451' title='bbox 2015 3027 2350 3091; x_wconf 80' lang='lat' dir='ltr'><strong>testamenti,</strong></span> <span class='ocrx_word' id='word_1_452' title='bbox 2383 3026 2526 3095; x_wconf 83' lang='lat' dir='ltr'><strong>quod</strong></span> <span class='ocrx_word' id='word_1_453' title='bbox 2558 3024 2739 3079; x_wconf 87' lang='lat' dir='ltr'><strong>lsraeli</strong></span> <span class='ocrx_word' id='word_1_454' title='bbox 2779 3023 2877 3078; x_wconf 86' lang='lat' dir='ltr'><strong>soli</strong></span> <span class='ocrx_word' id='word_1_455' title='bbox 2910 3022 3167 3077; x_wconf 87' lang='lat' dir='ltr'><strong>traditum</strong></span> <span class='ocrx_word' id='word_1_456' title='bbox 3195 3036 3315 3076; x_wconf 88' lang='lat' dir='ltr'><strong>esse</strong></span> <span class='ocrx_word' id='word_1_457' title='bbox 3351 3020 3580 3076; x_wconf 86' lang='lat' dir='ltr'><strong>videtur.</strong></span> 
     </span>
    </p>
   </div>
   <div class='ocr_carea' id='block_1_63' title="bbox 2012 3112 3586 3190">
    <p class='ocr_par' dir='ltr' id='par_1_63' title="bbox 2012 3112 3586 3190">
     <span class='ocr_line' id='line_1_63' title="bbox 2012 3112 3586 3190; baseline -0.008 -13"><span class='ocrx_word' id='word_1_458' title='bbox 2012 3123 2197 3190; x_wconf 78' lang='lat' dir='ltr'><strong>Itaque</strong></span> <span class='ocrx_word' id='word_1_459' title='bbox 2230 3118 2502 3190; x_wconf 84' lang='lat' dir='ltr'><strong>peculiare</strong></span> <span class='ocrx_word' id='word_1_460' title='bbox 2534 3115 2659 3169; x_wconf 91' lang='lat' dir='ltr'><strong>illud</strong></span> <span class='ocrx_word' id='word_1_461' title='bbox 2696 3123 3073 3169; x_wconf 86' lang='lat' dir='ltr'><strong>testamentum</strong></span> <span class='ocrx_word' id='word_1_462' title='bbox 3107 3112 3586 3180; x_wconf 63' lang='lat' dir='ltr'><strong>hereditatemque</strong></span> 
     </span>
    </p>
   </div>
   <div class='ocr_carea' id='block_1_64' title="bbox 2014 3203 3588 3284">
    <p class='ocr_par' dir='ltr' id='par_1_64' title="bbox 2014 3203 3588 3284">
     <span class='ocr_line' id='line_1_64' title="bbox 2014 3203 3588 3284; baseline -0.007 -16"><span class='ocrx_word' id='word_1_463' title='bbox 2014 3212 2197 3284; x_wconf 89' lang='lat' dir='ltr'><strong>populi</strong></span> <span class='ocrx_word' id='word_1_464' title='bbox 2256 3213 2527 3265; x_wconf 79' lang='lat' dir='ltr'><strong>adducam</strong></span> <span class='ocrx_word' id='word_1_465' title='bbox 2578 3208 2630 3261; x_wconf 91' lang='lat' dir='ltr'><strong>in</strong></span> <span class='ocrx_word' id='word_1_466' title='bbox 2685 3206 3040 3270; x_wconf 81' lang='lat' dir='ltr'><strong>divisionem,</strong></span> <span class='ocrx_word' id='word_1_467' title='bbox 3091 3219 3155 3259; x_wconf 85' lang='lat' dir='ltr'><strong>ac</strong></span> <span class='ocrx_word' id='word_1_468' title='bbox 3205 3220 3327 3259; x_wconf 88' lang='lat' dir='ltr'><strong>cum</strong></span> <span class='ocrx_word' id='word_1_469' title='bbox 3376 3203 3588 3257; x_wconf 66' lang='lat' dir='ltr'><strong>caeteris</strong></span> 
     </span>
    </p>
   </div>
   <div class='ocr_carea' id='block_1_65' title="bbox 335 3296 1915 3379">
    <p class='ocr_par' dir='ltr' id='par_1_65' title="bbox 335 3296 1913 3373">
     <span class='ocr_line' id='line_1_65' title="bbox 335 3296 1913 3373; baseline 0.004 -24"><span class='ocrx_word' id='word_1_470' title='bbox 335 3296 467 3350; x_wconf 82' lang='grc' dir='ltr'>λαοῦ</span> <span class='ocrx_word' id='word_1_471' title='bbox 511 3297 711 3368; x_wconf 88' lang='grc' dir='ltr'>ταύτην</span> <span class='ocrx_word' id='word_1_472' title='bbox 754 3300 834 3360; x_wconf 80' lang='grc' dir='ltr'><strong>είς</strong></span> <span class='ocrx_word' id='word_1_473' title='bbox 881 3298 1145 3368; x_wconf 79' lang='grc' dir='ltr'>μερισμὸν</span> <span class='ocrx_word' id='word_1_474' title='bbox 1180 3297 1312 3362; x_wconf 83' lang='grc' dir='ltr'>ἄξω,</span> <span class='ocrx_word' id='word_1_475' title='bbox 1357 3299 1453 3351; x_wconf 76' lang='grc' dir='ltr'>καὶ</span> <span class='ocrx_word' id='word_1_476' title='bbox 1482 3300 1667 3369; x_wconf 87' lang='grc' dir='ltr'>κοινὴν</span> <span class='ocrx_word' id='word_1_477' title='bbox 1703 3302 1913 3373; x_wconf 87' lang='grc' dir='ltr'>ποιήσω</span> 
     </span>
    </p>
   </div>
   <div class='ocr_carea' id='block_1_66' title="bbox 2014 3296 3587 3379">
    <p class='ocr_par' dir='ltr' id='par_1_66' title="bbox 2016 3296 3587 3368">
     <span class='ocr_line' id='line_1_66' title="bbox 2016 3296 3587 3368; baseline -0.009 -7"><span class='ocrx_word' id='word_1_478' title='bbox 2016 3303 2451 3363; x_wconf 81' lang='lat' dir='ltr'><strong>communicabo.</strong></span> <span class='ocrx_word' id='word_1_479' title='bbox 2488 3300 2780 3368; x_wconf 80' lang='lat' dir='ltr'><strong>P05tquam</strong></span> <span class='ocrx_word' id='word_1_480' title='bbox 2833 3313 2961 3367; x_wconf 85' lang='lat' dir='ltr'><strong>ergo</strong></span> <span class='ocrx_word' id='word_1_481' title='bbox 3015 3305 3392 3352; x_wconf 89' lang='lat' dir='ltr'><strong>testamentum</strong></span> <span class='ocrx_word' id='word_1_482' title='bbox 3445 3296 3587 3349; x_wconf 88' lang='lat' dir='ltr'><strong>inter</strong></span> 
     </span>
    </p>
   </div>
   <div class='ocr_carea' id='block_1_67' title="bbox 337 3387 1915 3465">
    <p class='ocr_par' dir='ltr' id='par_1_67' title="bbox 337 3387 1915 3465">
     <span class='ocr_line' id='line_1_67' title="bbox 337 3387 1915 3465; baseline 0.002 -22"><span class='ocrx_word' id='word_1_483' title='bbox 337 3391 474 3463; x_wconf 73' lang='grc' dir='ltr'>πρὸς</span> <span class='ocrx_word' id='word_1_484' title='bbox 502 3393 628 3454; x_wconf 78' lang='grc' dir='ltr'>τοὺς</span> <span class='ocrx_word' id='word_1_485' title='bbox 646 3390 884 3454; x_wconf 84' lang='grc' dir='ltr'>λοιπούς.</span> <span class='ocrx_word' id='word_1_486' title='bbox 913 3391 1363 3462; x_wconf 81' lang='grc' dir='ltr'>Διαμερισθείσης</span> <span class='ocrx_word' id='word_1_487' title='bbox 1399 3387 1491 3445; x_wconf 78' lang='grc' dir='ltr'>οὖν</span> <span class='ocrx_word' id='word_1_488' title='bbox 1521 3392 1620 3463; x_wconf 80' lang='grc' dir='ltr'>τῆς</span> <span class='ocrx_word' id='word_1_489' title='bbox 1651 3394 1915 3465; x_wconf 84' lang='grc' dir='ltr'>διαθήκης</span> 
     </span>
    </p>
   </div>
   <div class='ocr_carea' id='block_1_68' title="bbox 341 3483 1916 3555">
    <p class='ocr_par' dir='ltr' id='par_1_68' title="bbox 341 3483 1916 3555">
     <span class='ocr_line' id='line_1_68' title="bbox 341 3483 1916 3555; baseline 0.003 -18"><span class='ocrx_word' id='word_1_490' title='bbox 341 3486 422 3546; x_wconf 80' lang='grc' dir='ltr'>εἰς</span> <span class='ocrx_word' id='word_1_491' title='bbox 453 3484 676 3547; x_wconf 75' lang='grc' dir='ltr'>πάντας,</span> <span class='ocrx_word' id='word_1_492' title='bbox 706 3486 801 3537; x_wconf 78' lang='grc' dir='ltr'><strong>καὶ</strong></span> <span class='ocrx_word' id='word_1_493' title='bbox 828 3483 923 3536; x_wconf 80' lang='grc' dir='ltr'><strong>τοῦ</strong></span> <span class='ocrx_word' id='word_1_494' title='bbox 962 3484 1055 3537; x_wconf 81' lang='grc' dir='ltr'><strong>ἀπ’</strong></span> <span class='ocrx_word' id='word_1_495' title='bbox 1086 3484 1257 3551; x_wconf 75' lang='grc' dir='ltr'>αὐτῆς</span> <span class='ocrx_word' id='word_1_496' title='bbox 1294 3484 1571 3555; x_wconf 86' lang='grc' dir='ltr'>ὠφελίμου</span> <span class='ocrx_word' id='word_1_497' title='bbox 1600 3486 1780 3539; x_wconf 80' lang='grc' dir='ltr'>κοινοῦ</span> <span class='ocrx_word' id='word_1_498' title='bbox 1812 3490 1916 3541; x_wconf 65' lang='grc' dir='ltr'>πᾶν·</span> 
     </span>
    </p>
   </div>
   <div class='ocr_carea' id='block_1_69' title="bbox 338 3576 1913 3649">
    <p class='ocr_par' dir='ltr' id='par_1_69' title="bbox 338 3576 1913 3649">
     <span class='ocr_line' id='line_1_69' title="bbox 338 3576 1913 3649; baseline 0.004 -21"><span class='ocrx_word' id='word_1_499' title='bbox 338 3593 393 3628; x_wconf 88' lang='grc' dir='ltr'><strong>σι</strong></span> <span class='ocrx_word' id='word_1_500' title='bbox 430 3578 543 3638; x_wconf 80' lang='grc' dir='ltr'>τοῖς</span> <span class='ocrx_word' id='word_1_501' title='bbox 577 3576 1049 3647; x_wconf 82' lang='grc' dir='ltr'>εὐεργετουμένοις</span> <span class='ocrx_word' id='word_1_502' title='bbox 1092 3576 1239 3647; x_wconf 75' lang='grc' dir='ltr'>παρὰ</span> <span class='ocrx_word' id='word_1_503' title='bbox 1275 3576 1410 3630; x_wconf 82' lang='grc' dir='ltr'>Θεοῦ</span> <span class='ocrx_word' id='word_1_504' title='bbox 1454 3580 1759 3649; x_wconf 84' lang='grc' dir='ltr'>γινομένου,</span> <span class='ocrx_word' id='word_1_505' title='bbox 1793 3582 1913 3635; x_wconf 86' lang='grc' dir='ltr'>τότε</span> 
     </span>
    </p>
   </div>
   <div class='ocr_carea' id='block_1_70' title="bbox 338 3667 1915 3741">
    <p class='ocr_par' dir='ltr' id='par_1_70' title="bbox 338 3667 1915 3741">
     <span class='ocr_line' id='line_1_70' title="bbox 338 3667 1915 3741; baseline 0.003 -21"><span class='ocrx_word' id='word_1_506' title='bbox 338 3668 434 3721; x_wconf 77' lang='grc' dir='ltr'><strong>καὶ</strong></span> <span class='ocrx_word' id='word_1_507' title='bbox 467 3669 500 3738; x_wconf 79' lang='grc' dir='ltr'>ἡ</span> <span class='ocrx_word' id='word_1_508' title='bbox 538 3667 721 3731; x_wconf 81' lang='grc' dir='ltr'>κοιλὰς</span> <span class='ocrx_word' id='word_1_509' title='bbox 772 3670 879 3721; x_wconf 86' lang='grc' dir='ltr'><strong>τῶν</strong></span> <span class='ocrx_word' id='word_1_510' title='bbox 928 3668 1140 3738; x_wconf 84' lang='grc' dir='ltr'>σκηνῶν</span> <span class='ocrx_word' id='word_1_511' title='bbox 1186 3667 1714 3741; x_wconf 83' lang='grc' dir='ltr'>διαμετρηθήσεται·</span> <span class='ocrx_word' id='word_1_512' title='bbox 1758 3689 1915 3725; x_wconf 87' lang='grc' dir='ltr'>τουτ-</span> 
     </span>
    </p>
   </div>
   <div class='ocr_carea' id='block_1_71' title="bbox 341 3757 1917 3831">
    <p class='ocr_par' dir='ltr' id='par_1_71' title="bbox 341 3757 1917 3831">
     <span class='ocr_line' id='line_1_71' title="bbox 341 3757 1917 3831; baseline 0.003 -21"><span class='ocrx_word' id='word_1_513' title='bbox 341 3757 488 3811; x_wconf 79' lang='grc' dir='ltr'>έστιν</span> <span class='ocrx_word' id='word_1_514' title='bbox 509 3799 522 3822; x_wconf 92' lang='grc'><strong>,</strong></span> <span class='ocrx_word' id='word_1_515' title='bbox 559 3759 906 3831; x_wconf 85' lang='grc' dir='ltr'>ήοίκουμένη</span> <span class='ocrx_word' id='word_1_516' title='bbox 959 3762 1141 3823; x_wconf 82' lang='grc' dir='ltr'>πᾶσα,</span> <span class='ocrx_word' id='word_1_517' title='bbox 1177 3760 1339 3812; x_wconf 76' lang='grc' dir='ltr'>οἱονεὶ</span> <span class='ocrx_word' id='word_1_518' title='bbox 1379 3760 1601 3831; x_wconf 81' lang='grc' dir='ltr'>κλήροις</span> <span class='ocrx_word' id='word_1_519' title='bbox 1632 3764 1762 3826; x_wconf 77' lang='grc' dir='ltr'>τισὶ,</span> <span class='ocrx_word' id='word_1_520' title='bbox 1797 3767 1917 3827; x_wconf 84' lang='grc' dir='ltr'>ταῖς</span> 
     </span>
    </p>
   </div>
   <div class='ocr_carea' id='block_1_72' title="bbox 338 3848 1915 3924">
    <p class='ocr_par' dir='ltr' id='par_1_72' title="bbox 338 3848 1915 3924">
     <span class='ocr_line' id='line_1_72' title="bbox 338 3848 1915 3924; baseline 0.005 -23"><span class='ocrx_word' id='word_1_521' title='bbox 338 3848 459 3902; x_wconf 80' lang='grc' dir='ltr'>καθ’</span> <span class='ocrx_word' id='word_1_522' title='bbox 501 3850 727 3903; x_wconf 73' lang='grc' dir='ltr'>ἕκαστον</span> <span class='ocrx_word' id='word_1_523' title='bbox 756 3851 919 3903; x_wconf 87' lang='grc' dir='ltr'>τόπον</span> <span class='ocrx_word' id='word_1_524' title='bbox 966 3851 1276 3923; x_wconf 88' lang='grc' dir='ltr'>παροικίαις</span> <span class='ocrx_word' id='word_1_525' title='bbox 1303 3853 1727 3924; x_wconf 81' lang='grc' dir='ltr'>διαιρεθήσεται.</span> <span class='ocrx_word' id='word_1_526' title='bbox 1782 3857 1915 3909; x_wconf 87' lang='grc' dir='ltr'>Τότε</span> 
     </span>
    </p>
   </div>
   <div class='ocr_carea' id='block_1_73' title="bbox 339 3941 1925 4012">
    <p class='ocr_par' dir='ltr' id='par_1_73' title="bbox 339 3941 1925 4012">
     <span class='ocr_line' id='line_1_73' title="bbox 339 3941 1925 4012; baseline 0.006 -19"><span class='ocrx_word' id='word_1_527' title='bbox 339 3941 431 3993; x_wconf 77' lang='grc' dir='ltr'><strong>καὶ</strong></span> <span class='ocrx_word' id='word_1_528' title='bbox 464 3943 533 3993; x_wconf 80' lang='grc' dir='ltr'>τὰ</span> <span class='ocrx_word' id='word_1_529' title='bbox 563 3942 823 3996; x_wconf 85' lang='grc' dir='ltr'>διεστῶτα</span> <span class='ocrx_word' id='word_1_530' title='bbox 871 3942 1128 4011; x_wconf 72' lang='grc' dir='ltr'>συνάψει,</span> <span class='ocrx_word' id='word_1_531' title='bbox 1159 3943 1221 3996; x_wconf 87' lang='lat'><strong>&#39;0</strong></span> <span class='ocrx_word' id='word_1_532' title='bbox 1255 3944 1643 4012; x_wconf 80' lang='grc' dir='ltr'>εἰρηνοποιῶν</span> <span class='ocrx_word' id='word_1_533' title='bbox 1680 3947 1800 4001; x_wconf 77' lang='grc' dir='ltr'>εἴτε</span> <span class='ocrx_word' id='word_1_534' title='bbox 1845 3948 1925 4001; x_wconf 73' lang='grc' dir='ltr'>τὰι</span> 
     </span>
    </p>
   </div>
   <div class='ocr_carea' id='block_1_74' title="bbox 338 4032 1917 4103">
    <p class='ocr_par' dir='ltr' id='par_1_74' title="bbox 338 4032 1917 4103">
     <span class='ocr_line' id='line_1_74' title="bbox 338 4032 1917 4103; baseline 0.003 -16"><span class='ocrx_word' id='word_1_535' title='bbox 338 4034 437 4087; x_wconf 80' lang='grc' dir='ltr'><strong>ἐπὶ</strong></span> <span class='ocrx_word' id='word_1_536' title='bbox 484 4032 596 4101; x_wconf 81' lang='grc' dir='ltr'>τῆς</span> <span class='ocrx_word' id='word_1_537' title='bbox 644 4032 772 4103; x_wconf 76' lang='grc' dir='ltr'>γῆς,</span> <span class='ocrx_word' id='word_1_538' title='bbox 804 4034 925 4087; x_wconf 81' lang='grc' dir='ltr'>εἴτε</span> <span class='ocrx_word' id='word_1_539' title='bbox 974 4036 1047 4091; x_wconf 86' lang='grc' dir='ltr'>τὰ</span> <span class='ocrx_word' id='word_1_540' title='bbox 1086 4036 1155 4088; x_wconf 88' lang='grc' dir='ltr'>ἐν</span> <span class='ocrx_word' id='word_1_541' title='bbox 1203 4036 1328 4101; x_wconf 86' lang='grc' dir='ltr'>τοῖς</span> <span class='ocrx_word' id='word_1_542' title='bbox 1357 4037 1663 4103; x_wconf 73' lang='grc' dir='ltr'>οὐρανοῖςο</span> <span class='ocrx_word' id='word_1_543' title='bbox 1707 4038 1818 4092; x_wconf 79' lang='grc' dir='ltr'><strong>Καὶ</strong></span> <span class='ocrx_word' id='word_1_544' title='bbox 1849 4039 1917 4092; x_wconf 84' lang='grc' dir='ltr'>τὸ</span> 
     </span>
    </p>
   </div>
   <div class='ocr_carea' id='block_1_75' title="bbox 338 4126 1919 4201">
    <p class='ocr_par' dir='ltr' id='par_1_75' title="bbox 338 4126 1919 4201">
     <span class='ocr_line' id='line_1_75' title="bbox 338 4126 1919 4201; baseline 0.006 -24"><span class='ocrx_word' id='word_1_545' title='bbox 338 4126 695 4193; x_wconf 79' lang='grc' dir='ltr'>μεσότοιχον</span> <span class='ocrx_word' id='word_1_546' title='bbox 728 4126 835 4180; x_wconf 84' lang='grc' dir='ltr'>τοῦ</span> <span class='ocrx_word' id='word_1_547' title='bbox 874 4126 1145 4197; x_wconf 66' lang='grc' dir='ltr'>φραγμοῦ</span> <span class='ocrx_word' id='word_1_548' title='bbox 1192 4127 1304 4199; x_wconf 84' lang='grc'>(56)</span> <span class='ocrx_word' id='word_1_549' title='bbox 1362 4129 1581 4194; x_wconf 75' lang='grc' dir='ltr'>λύσας,</span> <span class='ocrx_word' id='word_1_550' title='bbox 1630 4129 1704 4184; x_wconf 84' lang='grc' dir='ltr'>τὰ</span> <span class='ocrx_word' id='word_1_551' title='bbox 1730 4132 1919 4201; x_wconf 71' lang='grc' dir='ltr'>ἀμερο-</span> 
     </span>
    </p>
   </div>
   <div class='ocr_carea' id='block_1_76' title="bbox 342 4216 850 4284">
    <p class='ocr_par' dir='ltr' id='par_1_76' title="bbox 342 4216 850 4284">
     <span class='ocr_line' id='line_1_76' title="bbox 342 4216 850 4284; baseline 0.008 -16"><span class='ocrx_word' id='word_1_552' title='bbox 342 4232 481 4284; x_wconf 82' lang='grc' dir='ltr'>τερα</span> <span class='ocrx_word' id='word_1_553' title='bbox 502 4216 737 4282; x_wconf 81' lang='grc' dir='ltr'>ποιήσει</span> <span class='ocrx_word' id='word_1_554' title='bbox 764 4218 850 4272; x_wconf 80' lang='grc' dir='ltr'>ἓν.</span> 
     </span>
    </p>
   </div>
   <div class='ocr_carea' id='block_1_77' title="bbox 412 4305 1918 4381">
    <p class='ocr_par' dir='ltr' id='par_1_77' title="bbox 412 4305 1918 4381">
     <span class='ocr_line' id='line_1_77' title="bbox 412 4305 1918 4381; baseline 0.008 -23"><span class='ocrx_word' id='word_1_555' title='bbox 412 4305 467 4358; x_wconf 76' lang='grc'><strong>4.</strong></span> <span class='ocrx_word' id='word_1_556' title='bbox 519 4307 693 4375; x_wconf 83' lang='grc' dir='ltr'>Ἔμός</span> <span class='ocrx_word' id='word_1_557' title='bbox 736 4309 867 4363; x_wconf 83' lang='grc' dir='ltr'>ἐστι</span> <span class='ocrx_word' id='word_1_558' title='bbox 897 4311 1174 4375; x_wconf 69' lang='grc' dir='ltr'>Γαλαὰδ,</span> <span class='ocrx_word' id='word_1_559' title='bbox 1206 4311 1305 4365; x_wconf 72' lang='grc' dir='ltr'><strong>καί</strong></span> <span class='ocrx_word' id='word_1_560' title='bbox 1345 4312 1488 4381; x_wconf 81' lang='grc' dir='ltr'>ἐμός</span> <span class='ocrx_word' id='word_1_561' title='bbox 1512 4314 1643 4368; x_wconf 86' lang='grc' dir='ltr'>ἐστι</span> <span class='ocrx_word' id='word_1_562' title='bbox 1672 4319 1918 4369; x_wconf 82' lang='grc' dir='ltr'>Μανασ-</span> 
     </span>
    </p>
   </div>
   <div class='ocr_carea' id='block_1_78' title="bbox 342 4396 1916 4480">
    <p class='ocr_par' dir='ltr' id='par_1_78' title="bbox 342 4396 1916 4480">
     <span class='ocr_line' id='line_1_78' title="bbox 342 4396 1916 4480; baseline 0.037 -31"><span class='ocrx_word' id='word_1_563' title='bbox 342 4396 481 4465; x_wconf 81' lang='grc' dir='ltr'>σῆς.</span> <span class='ocrx_word' id='word_1_564' title='bbox 520 4399 780 4467; x_wconf 80' lang='grc' dir='ltr'>Ἐγγονος</span> <span class='ocrx_word' id='word_1_565' title='bbox 833 4401 927 4454; x_wconf 76' lang='grc' dir='ltr'>τοῦ</span> <span class='ocrx_word' id='word_1_566' title='bbox 978 4404 1241 4474; x_wconf 80' lang='grc' dir='ltr'>Μανασσῆ</span> <span class='ocrx_word' id='word_1_567' title='bbox 1292 4406 1321 4456; x_wconf 71' lang='grc' dir='ltr'>ὁ</span> <span class='ocrx_word' id='word_1_568' title='bbox 1362 4405 1598 4460; x_wconf 74' lang='grc' dir='ltr'><strong>Γαλαάδ’</strong></span> <span class='ocrx_word' id='word_1_569' title='bbox 1643 4408 1729 4461; x_wconf 60' lang='grc' dir='ltr'><strong>ἵνα</strong></span> <span class='ocrx_word' id='word_1_570' title='bbox 1770 4408 1916 4480; x_wconf 66' lang='grc' dir='ltr'>δείξῃ</span> 
     </span>
    </p>
   </div>
   <div class='ocr_carea' id='block_1_79' title="bbox 342 4487 1916 4570">
    <p class='ocr_par' dir='ltr' id='par_1_79' title="bbox 342 4487 1916 4570">
     <span class='ocr_line' id='line_1_79' title="bbox 342 4487 1916 4570; baseline 0.008 -31"><span class='ocrx_word' id='word_1_571' title='bbox 342 4487 440 4557; x_wconf 86' lang='grc' dir='ltr'><strong>τὴν</strong></span> <span class='ocrx_word' id='word_1_572' title='bbox 472 4488 579 4541; x_wconf 86' lang='grc' dir='ltr'><strong>τῶν</strong></span> <span class='ocrx_word' id='word_1_573' title='bbox 608 4491 961 4562; x_wconf 86' lang='grc' dir='ltr'>πατριαρχῶν</span> <span class='ocrx_word' id='word_1_574' title='bbox 1002 4494 1322 4548; x_wconf 85' lang='grc' dir='ltr'>ἀκολουθίαν</span> <span class='ocrx_word' id='word_1_575' title='bbox 1364 4497 1515 4568; x_wconf 82' lang='grc' dir='ltr'>παρὰ</span> <span class='ocrx_word' id='word_1_576' title='bbox 1560 4497 1693 4551; x_wconf 87' lang='grc' dir='ltr'><strong>Θεοῦ</strong></span> <span class='ocrx_word' id='word_1_577' title='bbox 1745 4498 1916 4570; x_wconf 89' lang='grc' dir='ltr'>καθή-</span> 
     </span>
    </p>
   </div>
   <div class='ocr_carea' id='block_1_80' title="bbox 343 4578 1919 4660">
    <p class='ocr_par' dir='ltr' id='par_1_80' title="bbox 343 4578 1919 4660">
     <span class='ocr_line' id='line_1_80' title="bbox 343 4578 1919 4660; baseline 0.008 -29"><span class='ocrx_word' id='word_1_578' title='bbox 343 4596 565 4645; x_wconf 87' lang='grc' dir='ltr'>κουσαν,</span> <span class='ocrx_word' id='word_1_579' title='bbox 590 4581 647 4647; x_wconf 80' lang='grc' dir='ltr'>ἐξ</span> <span class='ocrx_word' id='word_1_580' title='bbox 674 4578 748 4635; x_wconf 81' lang='grc' dir='ltr'>ὧν</span> <span class='ocrx_word' id='word_1_581' title='bbox 770 4583 798 4634; x_wconf 86' lang='grc' dir='ltr'>ὁ</span> <span class='ocrx_word' id='word_1_582' title='bbox 818 4584 1050 4654; x_wconf 84' lang='grc' dir='ltr'>Χριστὸς</span> <span class='ocrx_word' id='word_1_583' title='bbox 1068 4587 1128 4638; x_wconf 82' lang='grc' dir='ltr'>τὸ</span> <span class='ocrx_word' id='word_1_584' title='bbox 1152 4587 1292 4640; x_wconf 81' lang='grc' dir='ltr'>κατὰ</span> <span class='ocrx_word' id='word_1_585' title='bbox 1316 4587 1512 4657; x_wconf 86' lang='grc' dir='ltr'>σάρκα.</span> <span class='ocrx_word' id='word_1_586' title='bbox 1534 4590 1641 4643; x_wconf 77' lang='grc' dir='ltr'><strong>Καὶ</strong></span> <span class='ocrx_word' id='word_1_587' title='bbox 1671 4590 1919 4660; x_wconf 73' lang='grc' dir='ltr'>Ἐφραῒμ</span> 
     </span>
    </p>
   </div>
   <div class='ocr_carea' id='block_1_81' title="bbox 2015 3389 3583 3458">
    <p class='ocr_par' dir='ltr' id='par_1_81' title="bbox 2015 3389 3583 3458">
     <span class='ocr_line' id='line_1_81' title="bbox 2015 3389 3583 3458; baseline -0.009 -2"><span class='ocrx_word' id='word_1_588' title='bbox 2015 3415 2207 3456; x_wconf 84' lang='lat' dir='ltr'><strong>omnes</strong></span> <span class='ocrx_word' id='word_1_589' title='bbox 2264 3397 2608 3452; x_wconf 87' lang='lat' dir='ltr'><strong>distributum</strong></span> <span class='ocrx_word' id='word_1_590' title='bbox 2672 3392 2852 3458; x_wconf 82' lang='lat' dir='ltr'><strong>fuerit,</strong></span> <span class='ocrx_word' id='word_1_591' title='bbox 2892 3400 2949 3445; x_wconf 90' lang='lat' dir='ltr'><strong>et</strong></span> <span class='ocrx_word' id='word_1_592' title='bbox 3005 3389 3150 3443; x_wconf 89' lang='lat' dir='ltr'><strong>illius</strong></span> <span class='ocrx_word' id='word_1_593' title='bbox 3201 3389 3408 3442; x_wconf 86' lang='lat' dir='ltr'><strong>utilitas</strong></span> <span class='ocrx_word' id='word_1_594' title='bbox 3462 3403 3583 3443; x_wconf 81' lang='lat' dir='ltr'><strong>om-</strong></span> 
     </span>
    </p>
   </div>
   <div class='ocr_carea' id='block_1_82' title="bbox 2016 3480 3586 3546">
    <p class='ocr_par' dir='ltr' id='par_1_82' title="bbox 2016 3480 3586 3546">
     <span class='ocr_line' id='line_1_82' title="bbox 2016 3480 3586 3546; baseline -0.008 0"><span class='ocrx_word' id='word_1_595' title='bbox 2016 3494 2174 3546; x_wconf 86' lang='lat' dir='ltr'><strong>nibus</strong></span> <span class='ocrx_word' id='word_1_596' title='bbox 2223 3487 2485 3544; x_wconf 80' lang='lat' dir='ltr'><strong>beneilcio</strong></span> <span class='ocrx_word' id='word_1_597' title='bbox 2535 3502 2563 3538; x_wconf 87' lang='lat' dir='ltr'><strong>a</strong></span> <span class='ocrx_word' id='word_1_598' title='bbox 2616 3486 2724 3539; x_wconf 89' lang='lat' dir='ltr'><strong>Deo</strong></span> <span class='ocrx_word' id='word_1_599' title='bbox 2772 3482 2982 3537; x_wconf 80' lang='lat' dir='ltr'><strong>affectis</strong></span> <span class='ocrx_word' id='word_1_600' title='bbox 3025 3480 3165 3535; x_wconf 82' lang='lat' dir='ltr'><strong>facta</strong></span> <span class='ocrx_word' id='word_1_601' title='bbox 3226 3480 3387 3534; x_wconf 78' lang='lat' dir='ltr'><strong>fuerit</strong></span> <span class='ocrx_word' id='word_1_602' title='bbox 3435 3494 3586 3535; x_wconf 86' lang='lat' dir='ltr'><strong>com-</strong></span> 
     </span>
    </p>
   </div>
   <div class='ocr_carea' id='block_1_83' title="bbox 2017 3571 3585 3643">
    <p class='ocr_par' dir='ltr' id='par_1_83' title="bbox 2017 3571 3585 3643">
     <span class='ocr_line' id='line_1_83' title="bbox 2017 3571 3585 3643; baseline -0.01 -2"><span class='ocrx_word' id='word_1_603' title='bbox 2017 3585 2220 3643; x_wconf 87' lang='lat' dir='ltr'><strong>munis,</strong></span> <span class='ocrx_word' id='word_1_604' title='bbox 2252 3592 2379 3636; x_wconf 77' lang='lat' dir='ltr'><strong>tunc</strong></span> <span class='ocrx_word' id='word_1_605' title='bbox 2402 3580 2564 3635; x_wconf 87' lang='lat' dir='ltr'><strong>etiam</strong></span> <span class='ocrx_word' id='word_1_606' title='bbox 2594 3575 2854 3631; x_wconf 84' lang='lat' dir='ltr'><strong>convallis</strong></span> <span class='ocrx_word' id='word_1_607' title='bbox 2896 3572 3359 3629; x_wconf 80' lang='lat' dir='ltr'><strong>tabernaculorum</strong></span> <span class='ocrx_word' id='word_1_608' title='bbox 3397 3571 3585 3625; x_wconf 88' lang='lat' dir='ltr'><strong>metie-</strong></span> 
     </span>
    </p>
   </div>
   <div class='ocr_carea' id='block_1_84' title="bbox 2020 3661 3586 3736">
    <p class='ocr_par' dir='ltr' id='par_1_84' title="bbox 2020 3661 3586 3736">
     <span class='ocr_line' id='line_1_84' title="bbox 2020 3661 3586 3736; baseline -0.011 -5"><span class='ocrx_word' id='word_1_609' title='bbox 2020 3687 2107 3732; x_wconf 89' lang='lat' dir='ltr'><strong>tur</strong></span> <span class='ocrx_word' id='word_1_610' title='bbox 2146 3689 2161 3728; x_wconf 90' lang='lat'><strong>:</strong></span> <span class='ocrx_word' id='word_1_611' title='bbox 2190 3675 2294 3729; x_wconf 91' lang='lat' dir='ltr'><strong>hoc</strong></span> <span class='ocrx_word' id='word_1_612' title='bbox 2322 3681 2426 3736; x_wconf 90' lang='lat' dir='ltr'><strong>est,</strong></span> <span class='ocrx_word' id='word_1_613' title='bbox 2461 3680 2608 3724; x_wconf 87' lang='lat' dir='ltr'><strong>totus</strong></span> <span class='ocrx_word' id='word_1_614' title='bbox 2636 3680 2901 3722; x_wconf 85' lang='lat' dir='ltr'><strong>terrarum</strong></span> <span class='ocrx_word' id='word_1_615' title='bbox 2934 3666 3082 3721; x_wconf 86' lang='lat' dir='ltr'><strong>orbis</strong></span> <span class='ocrx_word' id='word_1_616' title='bbox 3127 3661 3455 3717; x_wconf 86' lang='lat' dir='ltr'><strong>habitaculis</strong></span> <span class='ocrx_word' id='word_1_617' title='bbox 3487 3677 3586 3732; x_wconf 88' lang='lat' dir='ltr'><strong>per</strong></span> 
     </span>
    </p>
   </div>
   <div class='ocr_carea' id='block_1_85' title="bbox 2017 3754 3581 3837">
    <p class='ocr_par' dir='ltr' id='par_1_85' title="bbox 2017 3754 3581 3837">
     <span class='ocr_line' id='line_1_85' title="bbox 2017 3754 3581 3837; baseline -0.01 -16"><span class='ocrx_word' id='word_1_618' title='bbox 2017 3766 2228 3837; x_wconf 75' lang='lat' dir='ltr'><strong>singula</strong></span> <span class='ocrx_word' id='word_1_619' title='bbox 2266 3764 2382 3817; x_wconf 90' lang='lat' dir='ltr'><strong>ioca</strong></span> <span class='ocrx_word' id='word_1_620' title='bbox 2418 3762 2573 3832; x_wconf 86' lang='lat' dir='ltr'><strong>quasi</strong></span> <span class='ocrx_word' id='word_1_621' title='bbox 2612 3758 2933 3830; x_wconf 87' lang='lat' dir='ltr'><strong>quibusdam</strong></span> <span class='ocrx_word' id='word_1_622' title='bbox 2992 3757 3233 3811; x_wconf 88' lang='lat' dir='ltr'><strong>sortibus</strong></span> <span class='ocrx_word' id='word_1_623' title='bbox 3285 3754 3581 3808; x_wconf 77' lang='lat' dir='ltr'><strong>dividetur.</strong></span> 
     </span>
    </p>
   </div>
   <div class='ocr_carea' id='block_1_86' title="bbox 2017 3844 3583 3919">
    <p class='ocr_par' dir='ltr' id='par_1_86' title="bbox 2017 3844 3583 3919">
     <span class='ocr_line' id='line_1_86' title="bbox 2017 3844 3583 3919; baseline -0.013 -2"><span class='ocrx_word' id='word_1_624' title='bbox 2017 3862 2169 3917; x_wconf 80' lang='lat' dir='ltr'><strong>Tunc</strong></span> <span class='ocrx_word' id='word_1_625' title='bbox 2221 3858 2435 3912; x_wconf 86' lang='lat' dir='ltr'><strong>demum</strong></span> <span class='ocrx_word' id='word_1_626' title='bbox 2467 3852 2721 3909; x_wconf 84' lang='lat' dir='ltr'><strong>distantia</strong></span> <span class='ocrx_word' id='word_1_627' title='bbox 2747 3849 3038 3919; x_wconf 81' lang='lat' dir='ltr'><strong>conjunget</strong></span> <span class='ocrx_word' id='word_1_628' title='bbox 3068 3849 3113 3903; x_wconf 90' lang='lat' dir='ltr'><strong>is</strong></span> <span class='ocrx_word' id='word_1_629' title='bbox 3136 3890 3152 3915; x_wconf 91' lang='lat'><strong>,</strong></span> <span class='ocrx_word' id='word_1_630' title='bbox 3188 3847 3291 3912; x_wconf 82' lang='lat' dir='ltr'><strong>Qui</strong></span> <span class='ocrx_word' id='word_1_631' title='bbox 3336 3844 3583 3912; x_wconf 79' lang='lat' dir='ltr'><strong>paciﬁcat</strong></span> 
     </span>
    </p>
   </div>
   <div class='ocr_carea' id='block_1_87' title="bbox 2016 3935 3585 4021">
    <p class='ocr_par' dir='ltr' id='par_1_87' title="bbox 2016 3935 3585 4021">
     <span class='ocr_line' id='line_1_87' title="bbox 2016 3935 3585 4021; baseline -0.012 -14"><span class='ocrx_word' id='word_1_632' title='bbox 2016 3955 2127 4007; x_wconf 71' lang='lat' dir='ltr'><strong>sive</strong></span> <span class='ocrx_word' id='word_1_633' title='bbox 2160 3966 2279 4021; x_wconf 69' lang='lat' dir='ltr'><strong>qua:</strong></span> <span class='ocrx_word' id='word_1_634' title='bbox 2299 3953 2353 4002; x_wconf 87' lang='lat' dir='ltr'><strong>in</strong></span> <span class='ocrx_word' id='word_1_635' title='bbox 2381 3948 2555 4011; x_wconf 83' lang='lat' dir='ltr'><strong>terris,</strong></span> <span class='ocrx_word' id='word_1_636' title='bbox 2586 3946 2691 3998; x_wconf 75' lang='lat' dir='ltr'><strong>sive</strong></span> <span class='ocrx_word' id='word_1_637' title='bbox 2714 3959 2830 4014; x_wconf 76' lang='lat' dir='ltr'><strong>qua:</strong></span> <span class='ocrx_word' id='word_1_638' title='bbox 2859 3944 2911 3994; x_wconf 86' lang='lat' dir='ltr'><strong>in</strong></span> <span class='ocrx_word' id='word_1_639' title='bbox 2946 3942 3089 3995; x_wconf 72' lang='lat' dir='ltr'><strong>cwiis</strong></span> <span class='ocrx_word' id='word_1_640' title='bbox 3117 3950 3234 3992; x_wconf 74' lang='lat' dir='ltr'><strong>sunt</strong></span> <span class='ocrx_word' id='word_1_641' title='bbox 3260 3940 3303 3970; x_wconf 81' lang='grc'><strong>¹³</strong></span> <span class='ocrx_word' id='word_1_642' title='bbox 3335 3956 3346 3990; x_wconf 89' lang='lat'><strong>:</strong></span> <span class='ocrx_word' id='word_1_643' title='bbox 3378 3935 3449 3990; x_wconf 86' lang='lat' dir='ltr'><strong>Et</strong></span> <span class='ocrx_word' id='word_1_644' title='bbox 3476 3952 3585 3988; x_wconf 83' lang='lat' dir='ltr'><strong>me-</strong></span> 
     </span>
    </p>
   </div>
   <div class='ocr_carea' id='block_1_88' title="bbox 2018 4028 3586 4111">
    <p class='ocr_par' dir='ltr' id='par_1_88' title="bbox 2018 4028 3586 4111">
     <span class='ocr_line' id='line_1_88' title="bbox 2018 4028 3586 4111; baseline -0.012 -13"><span class='ocrx_word' id='word_1_645' title='bbox 2018 4046 2164 4098; x_wconf 87' lang='lat' dir='ltr'><strong>dium</strong></span> <span class='ocrx_word' id='word_1_646' title='bbox 2213 4044 2462 4111; x_wconf 84' lang='lat' dir='ltr'><strong>parietem</strong></span> <span class='ocrx_word' id='word_1_647' title='bbox 2521 4039 2766 4093; x_wconf 69' lang='lat' dir='ltr'><strong>maceria:</strong></span> <span class='ocrx_word' id='word_1_648' title='bbox 2807 4036 3030 4099; x_wconf 75' lang='lat' dir='ltr'><strong>solvens,</strong></span> <span class='ocrx_word' id='word_1_649' title='bbox 3064 4042 3286 4101; x_wconf 86' lang='lat' dir='ltr'><strong>utraque</strong></span> <span class='ocrx_word' id='word_1_650' title='bbox 3311 4046 3472 4084; x_wconf 85' lang='lat' dir='ltr'><strong>unum</strong></span> <span class='ocrx_word' id='word_1_651' title='bbox 3504 4028 3586 4098; x_wconf 79' lang='lat' dir='ltr'><strong>fa—</strong></span> 
     </span>
    </p>
   </div>
   <div class='ocr_carea' id='block_1_89' title="bbox 2015 4136 2217 4191">
    <p class='ocr_par' dir='ltr' id='par_1_89' title="bbox 2015 4136 2217 4191">
     <span class='ocr_line' id='line_1_89' title="bbox 2015 4136 2217 4191; baseline -0.01 0"><span class='ocrx_word' id='word_1_652' title='bbox 2015 4138 2116 4191; x_wconf 82' lang='lat' dir='ltr'><strong>ciet</strong></span> <span class='ocrx_word' id='word_1_653' title='bbox 2153 4136 2217 4189; x_wconf 72' lang='lat'><strong>&quot;.</strong></span> 
     </span>
    </p>
   </div>
   <div class='ocr_carea' id='block_1_90' title="bbox 2090 4300 3589 4374">
    <p class='ocr_par' dir='ltr' id='par_1_90' title="bbox 2090 4300 3589 4374">
     <span class='ocr_line' id='line_1_90' title="bbox 2090 4300 3589 4374; baseline -0.013 -3"><span class='ocrx_word' id='word_1_654' title='bbox 2090 4318 2146 4374; x_wconf 74' lang='grc'><strong>4.</strong></span> <span class='ocrx_word' id='word_1_655' title='bbox 2181 4314 2330 4369; x_wconf 79' lang='lat' dir='ltr'><strong>Meus</strong></span> <span class='ocrx_word' id='word_1_656' title='bbox 2370 4322 2445 4368; x_wconf 79' lang='lat' dir='ltr'><strong>est</strong></span> <span class='ocrx_word' id='word_1_657' title='bbox 2494 4310 2726 4373; x_wconf 84' lang='lat' dir='ltr'><strong>Calaad,</strong></span> <span class='ocrx_word' id='word_1_658' title='bbox 2755 4317 2803 4361; x_wconf 89' lang='lat' dir='ltr'><strong>et</strong></span> <span class='ocrx_word' id='word_1_659' title='bbox 2838 4324 2984 4361; x_wconf 79' lang='lat' dir='ltr'><strong>meus</strong></span> <span class='ocrx_word' id='word_1_660' title='bbox 3033 4315 3107 4360; x_wconf 79' lang='lat' dir='ltr'><strong>est</strong></span> <span class='ocrx_word' id='word_1_661' title='bbox 3157 4304 3452 4358; x_wconf 74' lang='lat' dir='ltr'><strong>Manasses.</strong></span> <span class='ocrx_word' id='word_1_662' title='bbox 3482 4300 3589 4355; x_wconf 85' lang='lat' dir='ltr'><strong>Ga-</strong></span> 
     </span>
    </p>
   </div>
   <div class='ocr_carea' id='block_1_91' title="bbox 2018 4396 3585 4477">
    <p class='ocr_par' dir='ltr' id='par_1_91' title="bbox 2018 4396 3585 4477">
     <span class='ocr_line' id='line_1_91' title="bbox 2018 4396 3585 4477; baseline -0.013 -14"><span class='ocrx_word' id='word_1_663' title='bbox 2018 4410 2138 4463; x_wconf 82' lang='lat' dir='ltr'><strong>laad</strong></span> <span class='ocrx_word' id='word_1_664' title='bbox 2171 4407 2330 4477; x_wconf 77' lang='lat'><strong>192</strong></span> <span class='ocrx_word' id='word_1_665' title='bbox 2366 4404 2628 4458; x_wconf 61' lang='lat' dir='ltr'><strong>Manassae</strong></span> <span class='ocrx_word' id='word_1_666' title='bbox 2650 4414 2731 4457; x_wconf 92' lang='lat' dir='ltr'><strong>est</strong></span> <span class='ocrx_word' id='word_1_667' title='bbox 2762 4400 3009 4463; x_wconf 87' lang='lat' dir='ltr'><strong>soboles;</strong></span> <span class='ocrx_word' id='word_1_668' title='bbox 3048 4407 3106 4451; x_wconf 90' lang='lat' dir='ltr'><strong>ut</strong></span> <span class='ocrx_word' id='word_1_669' title='bbox 3152 4396 3585 4467; x_wconf 85' lang='lat' dir='ltr'><strong>patriarcharum</strong></span> 
     </span>
    </p>
   </div>
   <div class='ocr_carea' id='block_1_92' title="bbox 2020 4483 3592 4556">
    <p class='ocr_par' dir='ltr' id='par_1_92' title="bbox 2020 4483 3592 4556">
     <span class='ocr_line' id='line_1_92' title="bbox 2020 4483 3592 4556; baseline -0.013 0"><span class='ocrx_word' id='word_1_670' title='bbox 2020 4502 2222 4556; x_wconf 89' lang='lat' dir='ltr'><strong>seriem</strong></span> <span class='ocrx_word' id='word_1_671' title='bbox 2258 4496 2510 4553; x_wconf 83' lang='lat' dir='ltr'><strong>ostendat</strong></span> <span class='ocrx_word' id='word_1_672' title='bbox 2542 4510 2607 4549; x_wconf 81' lang='lat' dir='ltr'><strong>ex</strong></span> <span class='ocrx_word' id='word_1_673' title='bbox 2655 4494 2765 4548; x_wconf 89' lang='lat' dir='ltr'><strong>Deo</strong></span> <span class='ocrx_word' id='word_1_674' title='bbox 2799 4492 3238 4552; x_wconf 86' lang='lat' dir='ltr'><strong>descendentem,</strong></span> <span class='ocrx_word' id='word_1_675' title='bbox 3273 4503 3340 4541; x_wconf 84' lang='lat' dir='ltr'><strong>ex</strong></span> <span class='ocrx_word' id='word_1_676' title='bbox 3393 4483 3592 4554; x_wconf 84' lang='lat' dir='ltr'><strong>quibus</strong></span> 
     </span>
    </p>
   </div>
   <div class='ocr_carea' id='block_1_93' title="bbox 2021 4578 3589 4647">
    <p class='ocr_par' dir='ltr' id='par_1_93' title="bbox 2021 4578 3589 4647">
     <span class='ocr_line' id='line_1_93' title="bbox 2021 4578 3589 4647; baseline -0.014 -1"><span class='ocrx_word' id='word_1_677' title='bbox 2021 4591 2272 4646; x_wconf 87' lang='lat' dir='ltr'><strong>Christus</strong></span> <span class='ocrx_word' id='word_1_678' title='bbox 2308 4599 2393 4641; x_wconf 90' lang='lat' dir='ltr'><strong>est</strong></span> <span class='ocrx_word' id='word_1_679' title='bbox 2421 4584 2715 4639; x_wconf 88' lang='lat' dir='ltr'><strong>secundum</strong></span> <span class='ocrx_word' id='word_1_680' title='bbox 2740 4596 2982 4636; x_wconf 78' lang='lat' dir='ltr'><strong>carnem.</strong></span> <span class='ocrx_word' id='word_1_681' title='bbox 3023 4579 3089 4633; x_wconf 84' lang='lat' dir='ltr'><strong>Et</strong></span> <span class='ocrx_word' id='word_1_682' title='bbox 3120 4578 3374 4647; x_wconf 82' lang='lat' dir='ltr'><strong>Ephraim</strong></span> <span class='ocrx_word' id='word_1_683' title='bbox 3413 4588 3589 4628; x_wconf 78' lang='lat' dir='ltr'><strong>susce-</strong></span> 
     </span>
    </p>
   </div>
   <div class='ocr_carea' id='block_1_94' title="bbox 342 4668 1915 4751">
    <p class='ocr_par' dir='ltr' id='par_1_94' title="bbox 342 4672 1915 4751">
     <span class='ocr_line' id='line_1_94' title="bbox 342 4672 1915 4751; baseline 0.009 -26"><span class='ocrx_word' id='word_1_684' title='bbox 342 4672 665 4741; x_wconf 74' lang='grc' dir='ltr'>ἀντίληψις</span> <span class='ocrx_word' id='word_1_685' title='bbox 702 4674 811 4745; x_wconf 83' lang='grc' dir='ltr'>τῆς</span> <span class='ocrx_word' id='word_1_686' title='bbox 848 4678 1120 4745; x_wconf 67' lang='grc' dir='ltr'>κεφαλῆς</span> <span class='ocrx_word' id='word_1_687' title='bbox 1163 4698 1311 4748; x_wconf 66' lang='lat' dir='ltr'><strong>yov&#39;</strong></span> <span class='ocrx_word' id='word_1_688' title='bbox 1366 4680 1597 4747; x_wconf 78' lang='grc' dir='ltr'>Ἰούδας</span> <span class='ocrx_word' id='word_1_689' title='bbox 1620 4684 1915 4751; x_wconf 73' lang='grc' dir='ltr'>,βασιλεύς</span> 
     </span>
    </p>
   </div>
   <div class='ocr_carea' id='block_1_95' title="bbox 2014 4668 3591 4751">
    <p class='ocr_par' dir='ltr' id='par_1_95' title="bbox 2023 4670 3591 4751">
     <span class='ocr_line' id='line_1_95' title="bbox 2023 4670 3591 4751; baseline -0.011 -18"><span class='ocrx_word' id='word_1_690' title='bbox 2023 4684 2131 4751; x_wconf 87' lang='lat' dir='ltr'><strong>ptio</strong></span> <span class='ocrx_word' id='word_1_691' title='bbox 2162 4679 2348 4748; x_wconf 79' lang='lat' dir='ltr'><strong>capitis</strong></span> <span class='ocrx_word' id='word_1_692' title='bbox 2381 4677 2481 4729; x_wconf 87' lang='lat' dir='ltr'><strong>mei</strong></span> <span class='ocrx_word' id='word_1_693' title='bbox 2510 4692 2528 4739; x_wconf 89' lang='lat'><strong><em>;</em></strong></span> <span class='ocrx_word' id='word_1_694' title='bbox 2575 4673 2719 4727; x_wconf 83' lang='lat' dir='ltr'><strong>Judu</strong></span> <span class='ocrx_word' id='word_1_695' title='bbox 2755 4691 2846 4725; x_wconf 80' lang='lat' dir='ltr'><strong>rex</strong></span> <span class='ocrx_word' id='word_1_696' title='bbox 2873 4688 3035 4725; x_wconf 80' lang='lat' dir='ltr'><strong>meus.</strong></span> <span class='ocrx_word' id='word_1_697' title='bbox 3090 4670 3373 4724; x_wconf 66' lang='lat' dir='ltr'><strong>Absvissas</strong></span> <span class='ocrx_word' id='word_1_698' title='bbox 3407 4675 3591 4734; x_wconf 81' lang='lat' dir='ltr'><strong>partes</strong></span> 
     </span>
    </p>
   </div>
   <div class='ocr_carea' id='block_1_96' title="bbox 338 4766 1921 4847">
    <p class='ocr_par' dir='ltr' id='par_1_96' title="bbox 338 4766 1921 4847">
     <span class='ocr_line' id='line_1_96' title="bbox 338 4766 1921 4847; baseline 0.008 -30"><span class='ocrx_word' id='word_1_699' title='bbox 338 4782 478 4833; x_wconf 80' lang='grc' dir='ltr'>μου.</span> <span class='ocrx_word' id='word_1_700' title='bbox 510 4766 591 4819; x_wconf 84' lang='grc' dir='ltr'><strong>Τὰ</strong></span> <span class='ocrx_word' id='word_1_701' title='bbox 622 4767 1005 4839; x_wconf 74' lang='grc' dir='ltr'>ἀπορραγέντα</span> <span class='ocrx_word' id='word_1_702' title='bbox 1038 4771 1177 4841; x_wconf 83' lang='grc' dir='ltr'>μέρη</span> <span class='ocrx_word' id='word_1_703' title='bbox 1224 4770 1483 4825; x_wconf 85' lang='grc' dir='ltr'>συνάπτει</span> <span class='ocrx_word' id='word_1_704' title='bbox 1526 4773 1613 4826; x_wconf 83' lang='grc' dir='ltr'>διὰ</span> <span class='ocrx_word' id='word_1_705' title='bbox 1652 4775 1750 4846; x_wconf 82' lang='grc' dir='ltr'>τῆς</span> <span class='ocrx_word' id='word_1_706' title='bbox 1791 4778 1921 4847; x_wconf 86' lang='grc' dir='ltr'>ὀμο-</span> 
     </span>
    </p>
   </div>
   <div class='ocr_carea' id='block_1_97' title="bbox 2026 4757 3590 4839">
    <p class='ocr_par' dir='ltr' id='par_1_97' title="bbox 2026 4757 3590 4839">
     <span class='ocr_line' id='line_1_97' title="bbox 2026 4757 3590 4839; baseline -0.013 -9"><span class='ocrx_word' id='word_1_707' title='bbox 2026 4772 2302 4831; x_wconf 88' lang='lat' dir='ltr'><strong>connectit</strong></span> <span class='ocrx_word' id='word_1_708' title='bbox 2340 4786 2436 4839; x_wconf 88' lang='lat' dir='ltr'><strong>per</strong></span> <span class='ocrx_word' id='word_1_709' title='bbox 2465 4768 2830 4825; x_wconf 86' lang='lat' dir='ltr'><strong>concordiam.</strong></span> <span class='ocrx_word' id='word_1_710' title='bbox 2858 4765 3021 4820; x_wconf 73' lang='lat' dir='ltr'><strong>Vens.</strong></span> <span class='ocrx_word' id='word_1_711' title='bbox 3054 4763 3142 4816; x_wconf 85' lang='lat' dir='ltr'><strong>iO.</strong></span> <span class='ocrx_word' id='word_1_712' title='bbox 3189 4762 3345 4815; x_wconf 81' lang='lat' dir='ltr'><strong>Moab</strong></span> <span class='ocrx_word' id='word_1_713' title='bbox 3385 4761 3490 4828; x_wconf 78' lang='lat' dir='ltr'><strong>spei</strong></span> <span class='ocrx_word' id='word_1_714' title='bbox 3515 4757 3590 4810; x_wconf 87' lang='lat' dir='ltr'><strong>le-</strong></span> 
     </span>
    </p>
   </div>
   <div class='ocr_carea' id='block_1_98' title="bbox 416 4886 1915 4981">
    <p class='ocr_par' dir='ltr' id='par_1_98' title="bbox 416 4903 1915 4981">
     <span class='ocr_line' id='line_1_98' title="bbox 416 4903 1915 4981; baseline 0.012 -28"><span class='ocrx_word' id='word_1_715' title='bbox 416 4903 466 4981; x_wconf 51' lang='lat'><strong>‘1</strong></span> <span class='ocrx_word' id='word_1_716' title='bbox 484 4903 682 4981; x_wconf 61' lang='lat' dir='ltr'><strong>Ephes.</strong></span> <span class='ocrx_word' id='word_1_717' title='bbox 718 4921 777 4981; x_wconf 67' lang='lat' dir='ltr'><strong>tt,</strong></span> <span class='ocrx_word' id='word_1_718' title='bbox 803 4906 856 4981; x_wconf 68' lang='grc' dir='ltr'><strong>ζ).</strong></span> <span class='ocrx_word' id='word_1_719' title='bbox 936 4908 977 4939; x_wconf 84' lang='grc'>¹¹</span> <span class='ocrx_word' id='word_1_720' title='bbox 1012 4908 1139 4963; x_wconf 89' lang='lat' dir='ltr'><strong>ibid.</strong></span> <span class='ocrx_word' id='word_1_721' title='bbox 1172 4910 1258 4964; x_wconf 73' lang='grc'><strong>12.</strong></span> <span class='ocrx_word' id='word_1_722' title='bbox 1339 4911 1380 4943; x_wconf 84' lang='grc'>¹¹</span> <span class='ocrx_word' id='word_1_723' title='bbox 1410 4911 1577 4966; x_wconf 77' lang='lat' dir='ltr'><strong>Exod.</strong></span> <span class='ocrx_word' id='word_1_724' title='bbox 1612 4928 1711 4977; x_wconf 76' lang='lat' dir='ltr'><strong>xu,</strong></span> <span class='ocrx_word' id='word_1_725' title='bbox 1743 4915 1795 4969; x_wconf 92' lang='lat'><strong>7.</strong></span> <span class='ocrx_word' id='word_1_726' title='bbox 1874 4917 1915 4947; x_wconf 79' lang='lat'>”</span> 
     </span>
    </p>
   </div>
   <div class='ocr_carea' id='block_1_99' title="bbox 2014 4886 3593 4981">
    <p class='ocr_par' dir='ltr' id='par_1_99' title="bbox 2014 4886 3593 4981">
     <span class='ocr_line' id='line_1_99' title="bbox 2014 4886 3593 4981; baseline -0.011 -11"><span class='ocrx_word' id='word_1_727' title='bbox 2014 4916 2150 4969; x_wconf 84' lang='lat' dir='ltr'><strong>:ech.</strong></span> <span class='ocrx_word' id='word_1_728' title='bbox 2178 4930 2259 4981; x_wconf 74' lang='lat' dir='ltr'><strong>ut,</strong></span> <span class='ocrx_word' id='word_1_729' title='bbox 2284 4912 2336 4979; x_wconf 86' lang='lat'><strong>5,</strong></span> <span class='ocrx_word' id='word_1_730' title='bbox 2370 4909 2422 4964; x_wconf 88' lang='lat'><strong>6.</strong></span> <span class='ocrx_word' id='word_1_731' title='bbox 2461 4886 2466 4891; x_wconf 37' lang='grc'><strong>”</strong></span> <span class='ocrx_word' id='word_1_732' title='bbox 2501 4908 2546 4939; x_wconf 74' lang='grc'><strong>¹⁵</strong></span> <span class='ocrx_word' id='word_1_733' title='bbox 2575 4906 2709 4962; x_wconf 80' lang='lat' dir='ltr'><strong>Gen.</strong></span> <span class='ocrx_word' id='word_1_734' title='bbox 2742 4914 2928 4969; x_wconf 76' lang='lat' dir='ltr'><strong>XLVIII,</strong></span> <span class='ocrx_word' id='word_1_735' title='bbox 2958 4901 3048 4956; x_wconf 73' lang='lat'><strong>22.</strong></span> <span class='ocrx_word' id='word_1_736' title='bbox 3126 4901 3166 4932; x_wconf 79' lang='grc'>¹⁸</span> <span class='ocrx_word' id='word_1_737' title='bbox 3192 4900 3395 4954; x_wconf 86' lang='lat' dir='ltr'><strong>Culoss.</strong></span> <span class='ocrx_word' id='word_1_738' title='bbox 3426 4914 3467 4967; x_wconf 85' lang='grc' dir='ltr'><strong>ι,</strong></span> <span class='ocrx_word' id='word_1_739' title='bbox 3495 4895 3593 4953; x_wconf 73' lang='lat'><strong>20.</strong></span> 
     </span>
    </p>
   </div>
   <div class='ocr_carea' id='block_1_100' title="bbox 346 4972 844 5043">
    <p class='ocr_par' dir='ltr' id='par_1_100' title="bbox 346 4972 844 5043">
     <span class='ocr_line' id='line_1_100' title="bbox 346 4972 844 5043; baseline 0.004 -15"><span class='ocrx_word' id='word_1_740' title='bbox 346 4972 391 5005; x_wconf 82' lang='grc'><strong>¹⁶</strong></span> <span class='ocrx_word' id='word_1_741' title='bbox 424 4973 621 5043; x_wconf 89' lang='lat' dir='ltr'><strong>Ephes.</strong></span> <span class='ocrx_word' id='word_1_742' title='bbox 665 4991 725 5040; x_wconf 87' lang='lat' dir='ltr'><strong>ll,</strong></span> <span class='ocrx_word' id='word_1_743' title='bbox 757 4976 844 5031; x_wconf 73' lang='lat' dir='ltr'><strong>M.</strong></span> 
     </span>
    </p>
   </div>
   <div class='ocr_carea' id='block_1_101' title="bbox 345 5089 1931 5166">
    <p class='ocr_par' dir='ltr' id='par_1_101' title="bbox 345 5089 1931 5166">
     <span class='ocr_line' id='line_1_101' title="bbox 345 5089 1931 5166; baseline 0.003 -23"><span class='ocrx_word' id='word_1_744' title='bbox 345 5097 400 5144; x_wconf 88' lang='lat' dir='ltr'><strong>et</strong></span> <span class='ocrx_word' id='word_1_745' title='bbox 444 5089 706 5166; x_wconf 79' lang='lat' dir='ltr'><strong>septimus</strong></span> <span class='ocrx_word' id='word_1_746' title='bbox 759 5104 879 5144; x_wconf 86' lang='lat' dir='ltr'><strong>cum</strong></span> <span class='ocrx_word' id='word_1_747' title='bbox 916 5089 1061 5166; x_wconf 38' lang='lat' dir='ltr'><strong>ﬂag.</strong></span> <span class='ocrx_word' id='word_1_748' title='bbox 1104 5090 1280 5166; x_wconf 65' lang='lat' dir='ltr'><strong>tertio</strong></span> <span class='ocrx_word' id='word_1_749' title='bbox 1298 5090 1397 5166; x_wconf 76' lang='grc' dir='ltr'>τῆς</span> <span class='ocrx_word' id='word_1_750' title='bbox 1428 5091 1509 5154; x_wconf 82' lang='grc' dir='ltr'>εἰς</span> <span class='ocrx_word' id='word_1_751' title='bbox 1544 5094 1779 5163; x_wconf 85' lang='grc' dir='ltr'>Χριστὸν</span> <span class='ocrx_word' id='word_1_752' title='bbox 1806 5096 1931 5166; x_wconf 80' lang='grc' dir='ltr'>κλή-</span> 
     </span>
    </p>
   </div>
   <div class='ocr_carea' id='block_1_102' title="bbox 349 5158 1927 5239">
    <p class='ocr_par' dir='ltr' id='par_1_102' title="bbox 349 5158 1927 5239">
     <span class='ocr_line' id='line_1_102' title="bbox 349 5158 1927 5239; baseline 0.004 -27"><span class='ocrx_word' id='word_1_753' title='bbox 349 5177 516 5239; x_wconf 76' lang='grc' dir='ltr'>σεως,</span> <span class='ocrx_word' id='word_1_754' title='bbox 553 5160 695 5213; x_wconf 90' lang='lat' dir='ltr'><strong>haud</strong></span> <span class='ocrx_word' id='word_1_755' title='bbox 725 5170 887 5215; x_wconf 90' lang='lat' dir='ltr'><strong>recte.</strong></span> <span class='ocrx_word' id='word_1_756' title='bbox 922 5160 1065 5214; x_wconf 91' lang='lat' dir='ltr'><strong>Editi</strong></span> <span class='ocrx_word' id='word_1_757' title='bbox 1090 5175 1211 5214; x_wconf 90' lang='lat' dir='ltr'><strong>cum</strong></span> <span class='ocrx_word' id='word_1_758' title='bbox 1244 5158 1427 5231; x_wconf 79' lang='lat' dir='ltr'><strong>Regiis</strong></span> <span class='ocrx_word' id='word_1_759' title='bbox 1451 5158 1644 5230; x_wconf 77' lang='lat' dir='ltr'><strong>quarto</strong></span> <span class='ocrx_word' id='word_1_760' title='bbox 1672 5176 1726 5219; x_wconf 84' lang='lat' dir='ltr'><strong>et</strong></span> <span class='ocrx_word' id='word_1_761' title='bbox 1754 5158 1927 5232; x_wconf 78' lang='lat' dir='ltr'><strong>sexto,</strong></span> 
     </span>
    </p>
   </div>
   <div class='ocr_carea' id='block_1_103' title="bbox 351 5239 694 5281">
    <p class='ocr_par' dir='ltr' id='par_1_103' title="bbox 351 5239 694 5281">
     <span class='ocr_line' id='line_1_103' title="bbox 351 5239 694 5281; baseline 0 0"><span class='ocrx_word' id='word_1_762' title='bbox 351 5241 407 5281; x_wconf 87' lang='grc' dir='ltr'><strong>ιιι</strong></span> <span class='ocrx_word' id='word_1_763' title='bbox 434 5247 485 5281; x_wconf 83' lang='lat' dir='ltr'><strong>Ill</strong></span> <span class='ocrx_word' id='word_1_764' title='bbox 524 5239 694 5281; x_wconf 79' lang='lat' dir='ltr'><strong>textu.</strong></span> 
     </span>
    </p>
   </div>
   <div class='ocr_carea' id='block_1_104' title="bbox 420 5298 1927 5375">
    <p class='ocr_par' dir='ltr' id='par_1_104' title="bbox 420 5298 1927 5375">
     <span class='ocr_line' id='line_1_104' title="bbox 420 5298 1927 5375; baseline 0.005 -25"><span class='ocrx_word' id='word_1_765' title='bbox 420 5298 534 5364; x_wconf 81' lang='lat'><strong>(55)</strong></span> <span class='ocrx_word' id='word_1_766' title='bbox 566 5299 718 5354; x_wconf 81' lang='lat' dir='ltr'><strong>Colb.</strong></span> <span class='ocrx_word' id='word_1_767' title='bbox 755 5308 980 5375; x_wconf 83' lang='lat' dir='ltr'><strong>qu:trt_us</strong></span> <span class='ocrx_word' id='word_1_768' title='bbox 1004 5300 1163 5375; x_wconf 78' lang='grc' dir='ltr'>φλιὰς</span> <span class='ocrx_word' id='word_1_769' title='bbox 1188 5300 1294 5354; x_wconf 85' lang='grc' dir='ltr'>τῶν</span> <span class='ocrx_word' id='word_1_770' title='bbox 1330 5299 1927 5375; x_wconf 13' lang='grc' dir='ltr'>ζῐσραηλιτῶνίθυρῶν,</span> 
     </span>
    </p>
   </div>
   <div class='ocr_carea' id='block_1_105' title="bbox 352 5367 1924 5446">
    <p class='ocr_par' dir='ltr' id='par_1_105' title="bbox 352 5367 1924 5446">
     <span class='ocr_line' id='line_1_105' title="bbox 352 5367 1924 5446; baseline 0.008 -27"><span class='ocrx_word' id='word_1_771' title='bbox 352 5379 519 5446; x_wconf 56' lang='lat' dir='ltr'><strong>postea</strong></span> <span class='ocrx_word' id='word_1_772' title='bbox 573 5378 845 5446; x_wconf 67' lang='lat' dir='ltr'><strong>portarum</strong></span> <span class='ocrx_word' id='word_1_773' title='bbox 896 5367 1287 5446; x_wconf 57' lang='lat' dir='ltr'><strong>Isrrielitnrttm.</strong></span> <span class='ocrx_word' id='word_1_774' title='bbox 1328 5367 1432 5425; x_wconf 87' lang='lat' dir='ltr'><strong>Sed</strong></span> <span class='ocrx_word' id='word_1_775' title='bbox 1483 5367 1637 5427; x_wconf 85' lang='lat' dir='ltr'><strong>abest</strong></span> <span class='ocrx_word' id='word_1_776' title='bbox 1690 5367 1924 5446; x_wconf 74' lang='grc' dir='ltr'>θυρῶνὰ</span> 
     </span>
    </p>
   </div>
   <div class='ocr_carea' id='block_1_106' title="bbox 353 5438 1245 5494">
    <p class='ocr_par' dir='ltr' id='par_1_106' title="bbox 353 5438 1245 5494">
     <span class='ocr_line' id='line_1_106' title="bbox 353 5438 1245 5494; baseline 0.003 -3"><span class='ocrx_word' id='word_1_777' title='bbox 353 5439 533 5491; x_wconf 84' lang='lat' dir='ltr'><strong>multis</strong></span> <span class='ocrx_word' id='word_1_778' title='bbox 574 5438 695 5492; x_wconf 87' lang='lat' dir='ltr'><strong>aliis</strong></span> <span class='ocrx_word' id='word_1_779' title='bbox 725 5455 855 5493; x_wconf 88' lang='lat' dir='ltr'><strong>mss.</strong></span> <span class='ocrx_word' id='word_1_780' title='bbox 889 5448 943 5493; x_wconf 91' lang='lat' dir='ltr'><strong>et</strong></span> <span class='ocrx_word' id='word_1_781' title='bbox 975 5441 1043 5493; x_wconf 86' lang='lat' dir='ltr'><strong>ab</strong></span> <span class='ocrx_word' id='word_1_782' title='bbox 1065 5442 1245 5494; x_wconf 87' lang='lat' dir='ltr'><strong>editis.</strong></span> 
     </span>
    </p>
   </div>
   <div class='ocr_carea' id='block_1_107' title="bbox 426 5507 1921 5627">
    <p class='ocr_par' dir='ltr' id='par_1_107' title="bbox 426 5507 1921 5627">
     <span class='ocr_line' id='line_1_107' title="bbox 426 5507 1921 5627; baseline 0.008 -69"><span class='ocrx_word' id='word_1_783' title='bbox 426 5507 540 5627; x_wconf 49' lang='lat'><strong>554)</strong></span> <span class='ocrx_word' id='word_1_784' title='bbox 575 5509 705 5573; x_wconf 74' lang='lat' dir='ltr'><strong>lieg.</strong></span> <span class='ocrx_word' id='word_1_785' title='bbox 738 5520 962 5576; x_wconf 88' lang='lat' dir='ltr'><strong>quartus</strong></span> <span class='ocrx_word' id='word_1_786' title='bbox 991 5520 1045 5563; x_wconf 90' lang='lat' dir='ltr'><strong>ct</strong></span> <span class='ocrx_word' id='word_1_787' title='bbox 1070 5512 1223 5565; x_wconf 86' lang='lat' dir='ltr'><strong>Colb.</strong></span> <span class='ocrx_word' id='word_1_788' title='bbox 1264 5521 1450 5566; x_wconf 85' lang='lat' dir='ltr'><strong>sextus</strong></span> <span class='ocrx_word' id='word_1_789' title='bbox 1482 5528 1637 5581; x_wconf 62' lang='lat' dir='ltr'><strong>atque</strong></span> <span class='ocrx_word' id='word_1_790' title='bbox 1669 5530 1735 5569; x_wconf 87' lang='lat' dir='ltr'><strong>ac</strong></span> <span class='ocrx_word' id='word_1_791' title='bbox 1777 5513 1921 5570; x_wconf 76' lang='lat' dir='ltr'><strong>LXX</strong></span> 
     </span>
     <span class='ocr_line' id='line_1_108' title="bbox 445 5576 1669 5627; baseline 0 0"><span class='ocrx_word' id='word_1_792' title='bbox 445 5576 619 5627; x_wconf 84' lang='grc' dir='ltr'>δεσθε.</span> <span class='ocrx_word' id='word_1_793' title='bbox 650 5578 786 5627; x_wconf 88' lang='lat' dir='ltr'><strong>Editi</strong></span> <span class='ocrx_word' id='word_1_794' title='bbox 806 5595 925 5627; x_wconf 83' lang='lat' dir='ltr'><strong>cum</strong></span> <span class='ocrx_word' id='word_1_795' title='bbox 959 5580 1204 5627; x_wconf 75' lang='lat' dir='ltr'><strong>ninrimis</strong></span> <span class='ocrx_word' id='word_1_796' title='bbox 1230 5596 1358 5627; x_wconf 74' lang='lat' dir='ltr'><strong>mss-</strong></span> <span class='ocrx_word' id='word_1_797' title='bbox 1389 5582 1669 5627; x_wconf 66' lang='lat' dir='ltr'><strong>casiam-9;-</strong></span> 
     </span>
    </p>
   </div>
   <div class='ocr_carea' id='block_1_108' title="bbox 352 5576 1671 5654">
    <p class='ocr_par' dir='ltr' id='par_1_108' title="bbox 352 5576 1671 5654">
     <span class='ocr_line' id='line_1_109' title="bbox 352 5576 1671 5654; baseline 0.008 -27"><span class='ocrx_word' id='word_1_798' title='bbox 352 5576 623 5654; x_wconf 64' lang='grc' dir='ltr'>φείδεσθε.</span> <span class='ocrx_word' id='word_1_799' title='bbox 650 5578 791 5654; x_wconf 68' lang='lat' dir='ltr'><strong>Editi</strong></span> <span class='ocrx_word' id='word_1_800' title='bbox 806 5595 925 5654; x_wconf 83' lang='lat' dir='ltr'><strong>cum</strong></span> <span class='ocrx_word' id='word_1_801' title='bbox 959 5580 1204 5654; x_wconf 79' lang='lat' dir='ltr'><strong>plurimis</strong></span> <span class='ocrx_word' id='word_1_802' title='bbox 1229 5596 1358 5636; x_wconf 90' lang='lat' dir='ltr'><strong>mss.</strong></span> <span class='ocrx_word' id='word_1_803' title='bbox 1389 5576 1671 5654; x_wconf 75' lang='grc' dir='ltr'>φείσησθε.</span> 
     </span>
    </p>
   </div>
   <div class='ocr_carea' id='block_1_109' title="bbox 425 5646 1921 5719">
    <p class='ocr_par' dir='ltr' id='par_1_109' title="bbox 425 5646 1921 5719">
     <span class='ocr_line' id='line_1_110' title="bbox 425 5646 1921 5719; baseline 0.007 -22"><span class='ocrx_word' id='word_1_804' title='bbox 425 5646 536 5716; x_wconf 81' lang='grc'>(55)</span> <span class='ocrx_word' id='word_1_805' title='bbox 570 5648 659 5719; x_wconf 76' lang='lat' dir='ltr'><strong>Sic</strong></span> <span class='ocrx_word' id='word_1_806' title='bbox 684 5646 972 5703; x_wconf 88' lang='lat' dir='ltr'><strong>Colbertini</strong></span> <span class='ocrx_word' id='word_1_807' title='bbox 1002 5651 1227 5719; x_wconf 91' lang='lat' dir='ltr'><strong>primus,</strong></span> <span class='ocrx_word' id='word_1_808' title='bbox 1257 5646 1483 5717; x_wconf 83' lang='lat' dir='ltr'><strong>quartus</strong></span> <span class='ocrx_word' id='word_1_809' title='bbox 1507 5646 1559 5705; x_wconf 75' lang='lat' dir='ltr'><strong>et</strong></span> <span class='ocrx_word' id='word_1_810' title='bbox 1593 5664 1777 5708; x_wconf 81' lang='lat' dir='ltr'><strong>sextus</strong></span> <span class='ocrx_word' id='word_1_811' title='bbox 1799 5668 1921 5708; x_wconf 91' lang='lat' dir='ltr'><strong>cum</strong></span> 
     </span>
    </p>
   </div>
   <div class='ocr_carea' id='block_1_110' title="bbox 356 5715 1923 5789">
    <p class='ocr_par' dir='ltr' id='par_1_110' title="bbox 356 5715 1923 5789">
     <span class='ocr_line' id='line_1_111' title="bbox 356 5715 1923 5789; baseline 0.008 -24"><span class='ocrx_word' id='word_1_812' title='bbox 356 5715 707 5789; x_wconf 60' lang='lat' dir='ltr'><strong>licg.__ter_tio.</strong></span> <span class='ocrx_word' id='word_1_813' title='bbox 746 5719 856 5773; x_wconf 78' lang='lat' dir='ltr'><strong>Vox</strong></span> <span class='ocrx_word' id='word_1_814' title='bbox 906 5715 1107 5788; x_wconf 70' lang='grc' dir='ltr'>Σίκιμα</span> <span class='ocrx_word' id='word_1_815' title='bbox 1136 5715 1301 5774; x_wconf 77' lang='lat' dir='ltr'><strong>semel</strong></span> <span class='ocrx_word' id='word_1_816' title='bbox 1334 5722 1596 5776; x_wconf 73' lang='lat' dir='ltr'><strong>duntaxat</strong></span> <span class='ocrx_word' id='word_1_817' title='bbox 1656 5725 1923 5789; x_wconf 79' lang='lat' dir='ltr'><strong>reperitur</strong></span> 
     </span>
    </p>
   </div>
   <div class='ocr_carea' id='block_1_111' title="bbox 362 5786 1922 5867">
    <p class='ocr_par' dir='ltr' id='par_1_111' title="bbox 362 5786 1922 5867">
     <span class='ocr_line' id='line_1_112' title="bbox 362 5786 1922 5867; baseline 0.004 -28"><span class='ocrx_word' id='word_1_818' title='bbox 362 5786 416 5840; x_wconf 89' lang='lat' dir='ltr'><strong>in</strong></span> <span class='ocrx_word' id='word_1_819' title='bbox 449 5786 717 5857; x_wconf 83' lang='lat' dir='ltr'><strong>aliquibus</strong></span> <span class='ocrx_word' id='word_1_820' title='bbox 772 5804 901 5846; x_wconf 86' lang='lat' dir='ltr'><strong>mss.</strong></span> <span class='ocrx_word' id='word_1_821' title='bbox 935 5798 982 5845; x_wconf 81' lang='lat' dir='ltr'><strong>et</strong></span> <span class='ocrx_word' id='word_1_822' title='bbox 1023 5786 1073 5845; x_wconf 82' lang='lat' dir='ltr'><strong>in</strong></span> <span class='ocrx_word' id='word_1_823' title='bbox 1133 5790 1310 5846; x_wconf 87' lang='lat' dir='ltr'><strong>editis.</strong></span> <span class='ocrx_word' id='word_1_824' title='bbox 1360 5792 1511 5859; x_wconf 90' lang='lat' dir='ltr'><strong>Illud,</strong></span> <span class='ocrx_word' id='word_1_825' title='bbox 1556 5794 1614 5845; x_wconf 77' lang='grc' dir='ltr'>τὸ</span> <span class='ocrx_word' id='word_1_826' title='bbox 1643 5786 1922 5867; x_wconf 60' lang='grc' dir='ltr'>ἐξαίρετον</span> 
     </span>
    </p>
   </div>
   <div class='ocr_carea' id='block_1_112' title="bbox 2028 5086 3587 5167">
    <p class='ocr_par' dir='ltr' id='par_1_112' title="bbox 2028 5086 3587 5167">
     <span class='ocr_line' id='line_1_113' title="bbox 2028 5086 3587 5167; baseline -0.006 -19"><span class='ocrx_word' id='word_1_827' title='bbox 2028 5095 2247 5167; x_wconf 83' lang='grc' dir='ltr'>χωρίον,</span> <span class='ocrx_word' id='word_1_828' title='bbox 2278 5094 2356 5148; x_wconf 90' lang='lat' dir='ltr'><strong>sic</strong></span> <span class='ocrx_word' id='word_1_829' title='bbox 2385 5101 2624 5167; x_wconf 78' lang='lat' dir='ltr'><strong>verterat</strong></span> <span class='ocrx_word' id='word_1_830' title='bbox 2654 5091 2951 5167; x_wconf 69' lang='lat' dir='ltr'><strong>interpres,</strong></span> <span class='ocrx_word' id='word_1_831' title='bbox 2978 5086 3587 5167; x_wconf 45' lang='lat' dir='ltr'><strong>pracipuuntp‘rwdinm:</strong></span> 
     </span>
    </p>
   </div>
   <div class='ocr_carea' id='block_1_113' title="bbox 2026 5154 3597 5230">
    <p class='ocr_par' dir='ltr' id='par_1_113' title="bbox 2026 5154 3597 5230">
     <span class='ocr_line' id='line_1_114' title="bbox 2026 5154 3597 5230; baseline -0.01 -12"><span class='ocrx_word' id='word_1_832' title='bbox 2026 5154 2143 5226; x_wconf 63' lang='lat' dir='ltr'><strong>sed.</strong></span> <span class='ocrx_word' id='word_1_833' title='bbox 2185 5154 2303 5217; x_wconf 85' lang='lat' dir='ltr'><strong>meo</strong></span> <span class='ocrx_word' id='word_1_834' title='bbox 2328 5166 2543 5230; x_wconf 88' lang='lat' dir='ltr'><strong>quidem</strong></span> <span class='ocrx_word' id='word_1_835' title='bbox 2574 5154 3018 5230; x_wconf 56' lang='lat' dir='ltr'><strong>judicio,&#39;melins</strong></span> <span class='ocrx_word' id='word_1_836' title='bbox 3050 5157 3284 5230; x_wconf 81' lang='lat' dir='ltr'><strong>reddidit</strong></span> <span class='ocrx_word' id='word_1_837' title='bbox 3318 5154 3597 5230; x_wconf 32' lang='grc' dir='ltr'><strong>(ἶοηιιμθιί-ι</strong></span> 
     </span>
    </p>
   </div>
   <div class='ocr_carea' id='block_1_114' title="bbox 2024 5226 3589 5298">
    <p class='ocr_par' dir='ltr' id='par_1_114' title="bbox 2024 5226 3589 5298">
     <span class='ocr_line' id='line_1_115' title="bbox 2024 5226 3589 5298; baseline -0.009 -9"><span class='ocrx_word' id='word_1_838' title='bbox 2024 5236 2161 5298; x_wconf 89' lang='lat' dir='ltr'><strong>sius,</strong></span> <span class='ocrx_word' id='word_1_839' title='bbox 2196 5226 2462 5297; x_wconf 83' lang='lat' dir='ltr'><strong>peculiare</strong></span> <span class='ocrx_word' id='word_1_840' title='bbox 2504 5226 2784 5298; x_wconf 61' lang='lat' dir='ltr'><strong>prtedium.</strong></span> <span class='ocrx_word' id='word_1_841' title='bbox 2838 5228 3081 5298; x_wconf 81' lang='lat' dir='ltr'><strong>Jacobus</strong></span> <span class='ocrx_word' id='word_1_842' title='bbox 3120 5227 3263 5298; x_wconf 79' lang='lat' dir='ltr'><strong>enim</strong></span> <span class='ocrx_word' id='word_1_843' title='bbox 3306 5239 3493 5298; x_wconf 69' lang='lat' dir='ltr'><strong>agrum</strong></span> <span class='ocrx_word' id='word_1_844' title='bbox 3528 5226 3589 5276; x_wconf 64' lang='lat' dir='ltr'><strong>il.</strong></span> 
     </span>
    </p>
   </div>
   <div class='ocr_carea' id='block_1_115' title="bbox 2024 5293 3586 5372">
    <p class='ocr_par' dir='ltr' id='par_1_115' title="bbox 2024 5293 3586 5372">
     <span class='ocr_line' id='line_1_116' title="bbox 2024 5293 3586 5372; baseline -0.006 -15"><span class='ocrx_word' id='word_1_845' title='bbox 2024 5293 2158 5358; x_wconf 29' lang='lat' dir='ltr'><strong>lum’</strong></span> <span class='ocrx_word' id='word_1_846' title='bbox 2188 5293 2425 5372; x_wconf 76' lang='lat' dir='ltr'><strong>Josepbo</strong></span> <span class='ocrx_word' id='word_1_847' title='bbox 2453 5293 2605 5357; x_wconf 68' lang='lat' dir='ltr'><strong>citra</strong></span> <span class='ocrx_word' id='word_1_848' title='bbox 2657 5311 2857 5356; x_wconf 89' lang='lat' dir='ltr'><strong>sortem</strong></span> <span class='ocrx_word' id='word_1_849' title='bbox 2896 5297 3180 5353; x_wconf 78' lang='lat' dir='ltr'><strong>tradidisse</strong></span> <span class='ocrx_word' id='word_1_850' title='bbox 3216 5296 3410 5348; x_wconf 91' lang='lat' dir='ltr'><strong>dicitur</strong></span> <span class='ocrx_word' id='word_1_851' title='bbox 3450 5293 3586 5347; x_wconf 83' lang='lat' dir='ltr'><strong>Gen.</strong></span> 
     </span>
    </p>
   </div>
   <div class='ocr_carea' id='block_1_116' title="bbox 2024 5372 2331 5435">
    <p class='ocr_par' dir='ltr' id='par_1_116' title="bbox 2024 5372 2331 5435">
     <span class='ocr_line' id='line_1_117' title="bbox 2024 5372 2331 5435; baseline -0.01 -8"><span class='ocrx_word' id='word_1_852' title='bbox 2024 5390 2209 5435; x_wconf 64' lang='lat' dir='ltr'><strong>sunt,</strong></span> <span class='ocrx_word' id='word_1_853' title='bbox 2243 5372 2331 5425; x_wconf 71' lang='lat'><strong>‘29..</strong></span> 
     </span>
    </p>
   </div>
   <div class='ocr_carea' id='block_1_117' title="bbox 2097 5433 3593 5513">
    <p class='ocr_par' dir='ltr' id='par_1_117' title="bbox 2097 5433 3593 5513">
     <span class='ocr_line' id='line_1_118' title="bbox 2097 5433 3593 5513; baseline -0.007 -16"><span class='ocrx_word' id='word_1_854' title='bbox 2097 5433 2211 5513; x_wconf 82' lang='lat'><strong>(56)</strong></span> <span class='ocrx_word' id='word_1_855' title='bbox 2252 5443 2325 5495; x_wconf 88' lang='lat' dir='ltr'><strong>Ita</strong></span> <span class='ocrx_word' id='word_1_856' title='bbox 2387 5438 2745 5513; x_wconf 47' lang='lat' dir='ltr'><strong>editioBasiI:</strong></span> <span class='ocrx_word' id='word_1_857' title='bbox 2790 5448 2844 5513; x_wconf 82' lang='lat' dir='ltr'><strong>et</strong></span> <span class='ocrx_word' id='word_1_858' title='bbox 2877 5453 3008 5513; x_wconf 70' lang='lat' dir='ltr'><strong>mss.</strong></span> <span class='ocrx_word' id='word_1_859' title='bbox 3046 5451 3149 5491; x_wconf 90' lang='lat' dir='ltr'><strong>non</strong></span> <span class='ocrx_word' id='word_1_860' title='bbox 3192 5434 3370 5503; x_wconf 88' lang='lat' dir='ltr'><strong>pauci.</strong></span> <span class='ocrx_word' id='word_1_861' title='bbox 3428 5433 3593 5513; x_wconf 69' lang='lat' dir='ltr'><strong>Abest</strong></span> 
     </span>
    </p>
   </div>
   <div class='ocr_carea' id='block_1_118' title="bbox 2029 5505 3597 5576">
    <p class='ocr_par' dir='ltr' id='par_1_118' title="bbox 2029 5505 3597 5576">
     <span class='ocr_line' id='line_1_119' title="bbox 2029 5505 3597 5576; baseline -0.005 -9"><span class='ocrx_word' id='word_1_862' title='bbox 2029 5505 2293 5567; x_wconf 75' lang='lat' dir='ltr'><strong>articulus</strong></span> <span class='ocrx_word' id='word_1_863' title='bbox 2349 5513 2415 5566; x_wconf 87' lang='lat' dir='ltr'><strong>ab</strong></span> <span class='ocrx_word' id='word_1_864' title='bbox 2446 5511 2681 5565; x_wconf 90' lang='lat' dir='ltr'><strong>editione</strong></span> <span class='ocrx_word' id='word_1_865' title='bbox 2714 5509 2885 5563; x_wconf 89' lang='lat' dir='ltr'><strong>Paris.</strong></span> <span class='ocrx_word' id='word_1_866' title='bbox 2927 5509 3213 5576; x_wconf 87' lang='lat' dir='ltr'><strong>Aliquanto</strong></span> <span class='ocrx_word' id='word_1_867' title='bbox 3260 5513 3377 5572; x_wconf 87' lang='lat' dir='ltr'><strong>post</strong></span> <span class='ocrx_word' id='word_1_868' title='bbox 3428 5505 3597 5576; x_wconf 83' lang='lat' dir='ltr'><strong>editio</strong></span> 
     </span>
    </p>
   </div>
   <div class='ocr_carea' id='block_1_119' title="bbox 2029 5574 3593 5647">
    <p class='ocr_par' dir='ltr' id='par_1_119' title="bbox 2029 5574 3593 5647">
     <span class='ocr_line' id='line_1_120' title="bbox 2029 5574 3593 5647; baseline -0.008 -10"><span class='ocrx_word' id='word_1_869' title='bbox 2029 5584 2195 5638; x_wconf 82' lang='lat' dir='ltr'><strong>Basil.</strong></span> <span class='ocrx_word' id='word_1_870' title='bbox 2233 5590 2286 5636; x_wconf 90' lang='lat' dir='ltr'><strong>et</strong></span> <span class='ocrx_word' id='word_1_871' title='bbox 2309 5582 2415 5635; x_wconf 89' lang='lat' dir='ltr'><strong>duo</strong></span> <span class='ocrx_word' id='word_1_872' title='bbox 2452 5595 2583 5634; x_wconf 87' lang='lat' dir='ltr'><strong>mss.</strong></span> <span class='ocrx_word' id='word_1_873' title='bbox 2612 5579 2855 5647; x_wconf 74' lang='grc' dir='ltr'>ἔγγονος.</span> <span class='ocrx_word' id='word_1_874' title='bbox 2887 5578 2942 5631; x_wconf 90' lang='lat' dir='ltr'><strong>In</strong></span> <span class='ocrx_word' id='word_1_875' title='bbox 2976 5574 3062 5631; x_wconf 81' lang='lat' dir='ltr'><strong>illo</strong></span> <span class='ocrx_word' id='word_1_876' title='bbox 3084 5576 3238 5647; x_wconf 85' lang='lat' dir='ltr'><strong>quod</strong></span> <span class='ocrx_word' id='word_1_877' title='bbox 3258 5586 3378 5627; x_wconf 78' lang='lat' dir='ltr'><strong>mox</strong></span> <span class='ocrx_word' id='word_1_878' title='bbox 3414 5574 3593 5641; x_wconf 83' lang='lat' dir='ltr'><strong>sequi-</strong></span> 
     </span>
    </p>
   </div>
   <div class='ocr_carea' id='block_1_120' title="bbox 2033 5645 3587 5723">
    <p class='ocr_par' dir='ltr' id='par_1_120' title="bbox 2033 5645 3587 5723">
     <span class='ocr_line' id='line_1_121' title="bbox 2033 5645 3587 5723; baseline -0.007 -17"><span class='ocrx_word' id='word_1_879' title='bbox 2033 5664 2141 5718; x_wconf 91' lang='lat' dir='ltr'><strong>tur,</strong></span> <span class='ocrx_word' id='word_1_880' title='bbox 2168 5653 2253 5705; x_wconf 82' lang='grc' dir='ltr'>ἵνα</span> <span class='ocrx_word' id='word_1_881' title='bbox 2276 5651 2448 5723; x_wconf 72' lang='grc' dir='ltr'>δείξῃ,</span> <span class='ocrx_word' id='word_1_882' title='bbox 2479 5645 2909 5723; x_wconf 9' lang='lat' dir='ltr'><strong>clliipsi&#39;tnrincsse</strong></span> <span class='ocrx_word' id='word_1_883' title='bbox 2933 5648 3136 5710; x_wconf 86' lang='lat' dir='ltr'><strong>vident,</strong></span> <span class='ocrx_word' id='word_1_884' title='bbox 3156 5645 3587 5723; x_wconf 63' lang='lat' dir='ltr'><strong>opinor,omnes.</strong></span> 
     </span>
    </p>
   </div>
   <div class='ocr_carea' id='block_1_121' title="bbox 2033 5715 3588 5785">
    <p class='ocr_par' dir='ltr' id='par_1_121' title="bbox 2033 5715 3588 5785">
     <span class='ocr_line' id='line_1_122' title="bbox 2033 5715 3588 5785; baseline -0.006 -8"><span class='ocrx_word' id='word_1_885' title='bbox 2033 5715 2144 5777; x_wconf 83' lang='lat' dir='ltr'><strong>Hoc</strong></span> <span class='ocrx_word' id='word_1_886' title='bbox 2181 5734 2265 5776; x_wconf 88' lang='lat' dir='ltr'><strong>est</strong></span> <span class='ocrx_word' id='word_1_887' title='bbox 2301 5741 2313 5777; x_wconf 91' lang='lat'><strong>:</strong></span> <span class='ocrx_word' id='word_1_888' title='bbox 2351 5715 2479 5774; x_wconf 67' lang='grc' dir='ltr'><strong>ΗῘιέ</strong></span> <span class='ocrx_word' id='word_1_889' title='bbox 2534 5715 2650 5773; x_wconf 77' lang='lat' dir='ltr'><strong>ideo</strong></span> <span class='ocrx_word' id='word_1_890' title='bbox 2682 5721 2843 5781; x_wconf 78' lang='lat' dir='ltr'><strong>dicit,</strong></span> <span class='ocrx_word' id='word_1_891' title='bbox 2892 5729 2945 5770; x_wconf 85' lang='lat' dir='ltr'><strong>ut</strong></span> <span class='ocrx_word' id='word_1_892' title='bbox 2996 5719 3230 5770; x_wconf 79' lang='lat' dir='ltr'><strong>ostendat</strong></span> <span class='ocrx_word' id='word_1_893' title='bbox 3265 5715 3588 5785; x_wconf 42' lang='lat' dir='ltr'><strong>patriarchas</strong></span> 
     </span>
    </p>
   </div>
   <div class='ocr_carea' id='block_1_122' title="bbox 2034 5786 3062 5849">
    <p class='ocr_par' dir='ltr' id='par_1_122' title="bbox 2034 5786 3062 5849">
     <span class='ocr_line' id='line_1_123' title="bbox 2034 5786 3062 5849; baseline -0.007 -3"><span class='ocrx_word' id='word_1_894' title='bbox 2034 5811 2145 5849; x_wconf 81' lang='lat' dir='ltr'><strong>rum</strong></span> <span class='ocrx_word' id='word_1_895' title='bbox 2176 5792 2551 5848; x_wconf 76' lang='lat' dir='ltr'><strong>successionem</strong></span> <span class='ocrx_word' id='word_1_896' title='bbox 2583 5806 2646 5847; x_wconf 70' lang='lat' dir='ltr'><strong>ex</strong></span> <span class='ocrx_word' id='word_1_897' title='bbox 2683 5788 2789 5844; x_wconf 84' lang='lat' dir='ltr'><strong>Deo</strong></span> <span class='ocrx_word' id='word_1_898' title='bbox 2813 5786 3062 5843; x_wconf 78' lang='lat' dir='ltr'><strong>descende</strong></span> 
     </span>
    </p>
   </div>
  </div>
