4016 6220
378 342 478 395 467

1720 342 1778 399 S.
1821 342 2059 398 BASILII
2097 341 2311 397 MAGNI

3514 339 3630 396 468

380 456 485 508 bes.
516 455 643 519 Aut,
681 454 840 510 stes
872 454 1096 520 lavacri,
1127 456 1208 511 ait
1231 456 1370 512 alius
1397 458 1613 527 quidam
1645 460 1942 527 interpres:

2068 457 2219 520 νοίας.
2281 456 2333 508 Ὁ
2359 453 2540 508 Μωὰό
2558 453 2668 522 τῆς
2715 450 2963 517 ἐλπίδος
3022 449 3224 520 λέϐης.
3271 452 3362 512 Ἦ.
3407 451 3626 522 Λέϐης,

380 553 496 604 aut,
531 542 694 597 Lebcs
739 545 1080 608 securitatis;
1138 544 1245 599 hoc
1292 553 1396 608 est,
1449 545 1571 600 vilis
1603 555 1660 599 et
1707 546 1949 614 abiectus

383 636 565 700 homo,
589 635 672 688 cui
706 651 828 690 cum
863 635 1026 690 minis
1053 636 1402 691 interdictum
1436 647 1539 703 est,
1570 653 1636 692 ne
1663 639 1715 690 in
1740 637 1947 691 Domini

384 725 679 781 Ecclesiam
722 727 1078 794 ingrediatur.
1113 727 1229 782 Non
1265 729 1410 782 enim
1437 728 1658 782 intrabit
1692 727 1951 784 Moabiles

380 824 438 870 et
474 817 817 872 Ammonites
847 833 1019 887 usque
1049 818 1112 872 ad
1141 819 1384 882 tertiam,
1426 829 1480 872 et
1507 833 1680 888 usque
1711 821 1777 874 ad
1807 821 1953 873 deci-

383 921 527 960 mam
553 907 986 975 generationem,
1012 920 1066 962 et
1113 921 1285 976 usque
1329 909 1396 963 ad
1427 917 1689 962 aeternum
1719 919 1949 979 tempus.

385 997 652 1064 Quoniam
687 1007 868 1052 tamen
911 999 1177 1067 baptisma
1215 1000 1590 1054 remissionem
1633 999 1798 1055 habet
1827 1016 1955 1070 pec-

384 1096 650 1152 catorum,
682 1102 747 1141 ac
763 1088 1100 1143 debitoribus
1132 1087 1292 1143 all‘ert
1313 1089 1691 1154 securitatem;
1726 1089 1953 1154 idcirco,

385 1177 581 1233 factam
616 1193 710 1247 per
733 1180 1060 1247 baptismum
1093 1181 1513 1248 redemptionem
1537 1189 1592 1235 et
1616 1181 1955 1244 conjunctio-

387 1285 511 1323 nem
560 1285 684 1324 cum
739 1272 848 1325 Deo
906 1272 1221 1335 ostendens,
1258 1271 1438 1338 Moab,
1471 1273 1664 1342 inquit,
1691 1273 1830 1328 lebes
1877 1287 1953 1330 est

387 1361 621 1426 lavacri,
641 1373 734 1416 aut
762 1361 924 1416 Lebes
953 1364 1272 1416 securitatis.
1299 1361 1494 1417 Omnes
1513 1364 1675 1434 igitur
1703 1366 1957 1436 alienige-

391 1467 472 1505 nae
517 1452 715 1506 subtliti
743 1464 884 1519 sunt,
910 1466 1093 1525 nlpole
1123 1456 1212 1524 qui
1232 1471 1290 1511 se
1313 1454 1514 1510 Christi
1535 1456 1664 1527 jugo
1688 1458 1956 1513 submise-

389 1543 528 1598 rint:
563 1559 728 1612 quare
755 1547 804 1599 in
837 1545 1122 1600 ltlnmteam
1149 1562 1304 1601 suum
1337 1549 1593 1602 extendet
1621 1547 1958 1603 calceamen-

392 1643 526 1688 tuui.
583 1635 891 1692 Divinitatis
941 1647 1123 1692 antem
1190 1637 1622 1693 calceamentum
1689 1655 1818 1694 caro
1877 1650 1958 1694 est

394 1726 484 1779 Dei
543 1729 842 1795 gestatrix,
911 1744 1008 1798 per
1065 1737 1222 1798 quam
1265 1732 1330 1785 ad
1389 1732 1637 1786 homines
1704 1734 1954 1786 accessit.

2052 548 2186 620 φησὶ
2204 587 2218 608 ,
2249 546 2506 614 λουτροῦ
2537 545 2670 615 (57),
2699 543 2858 606 ἄλλος
2900 559 2982 606 τις
3012 543 3117 596 τῶν
3139 543 3623 614 ὲρμηνευσάντωνο

2051 639 2107 709 ἢ,
2147 637 2337 704 Λέϐης
2359 636 2742 705 ἀμεριμνίαςο
2781 632 3077 695 τουτέστιν,
3116 633 3145 684 ὁ
3175 631 3478 703 ἀπόϐλητος
3531 633 3626 687 ἆν-

2053 729 2291 800 θρωπος.
2320 730 2350 780 ὁ
2383 727 2612 796 ἀπειλὴν
2653 725 2790 796 ἔχων
2829 725 2903 795 μὴ
2949 722 3346 777 εἰσελεύσεσθαι
3375 726 3454 786 εἰς
3495 725 3620 777 Ἑκ-

2053 819 2280 889 κλησίαν
2301 818 2526 888 Κυρίου.
2556 818 2670 870 Ούκ
2693 815 3054 869 εἰσελεύσεται
3079 814 3186 886 γὰρ
3212 815 3502 884 Μωαϐίτης
3529 814 3623 866 καὶ

2067 911 2408 981 Ἀμμανίτης
2439 911 2543 975 ἕως
2568 909 2756 980 τρίτης
2788 907 2880 961 καὶ
2907 905 3013 969 ἕως
3041 905 3273 977 δεκάτης
3292 908 3499 974 γενεᾶς,
3529 909 3625 958 καὶ

2056 1004 2136 1066 εἰς
2165 1003 2255 1056 τὸν
2304 1002 2476 1055 αἰῶνα
2533 1003 2744 1073 χρόνον.
2789 1001 2978 1070 Ὅμως
3028 997 3212 1068 ἐπειδὴ
3248 997 3310 1051 τὸ
3343 997 3623 1068 βάπτισμα

2056 1096 2251 1164 ἄφεσιν
2285 1093 2397 1164 ἔχει
2427 1092 2858 1165 ἁμαρτημάτων,
2898 1089 2992 1143 καὶ
3012 1088 3340 1160 ἀμεριμνίας
3369 1089 3624 1159 πρόξενον

2057 1188 2264 1256 γίνεται
2303 1190 2413 1250 τοίς
2450 1186 2800 1257 καταχρέοις,
2834 1183 2934 1256 τὴν
2975 1183 3062 1237 διὰ
3106 1182 3200 1236 τοῦ
3256 1182 3625 1253 βαπτίσματος

2057 1279 2432 1350 ἀπολύτρωσιν
2463 1277 2557 1330 καὶ¹
2584 1276 2720 1347 πρὸς
2746 1276 2877 1328 Θεὸν
2908 1274 3178 1328 οίκείωσιν
3200 1273 3626 1344 ἐνδεικνύμενος,

2058 1371 2256 1434 Μωὰό,
2284 1371 2437 1439 φησι,
2473 1370 2655 1436 λέϐης
2682 1369 2813 1421 ἐστὶ
2833 1367 3113 1435 λουτροῦ,
3137 1368 3194 1437 ἢ,
3217 1367 3405 1434 Λέϐης
3430 1368 3628 1436 ἀμερι-

2053 1463 2252 1532 μνίας.
2284 1461 2507 1526 Πάντες
2533 1456 2625 1513 οὖν
2648 1460 2985 1528 ἀλλόφυλοι
3013 1457 3402 1527 ὑπετάγησαν
3424 1458 3502 1528 τῷ
3527 1456 3630 1522 ζυ-

2057 1552 2140 1623 γῷ
2186 1553 2280 1605 τοῦ
2337 1553 2570 1623 Χριστοῦ
2615 1552 3022 1621 ὑποκύψαντες·
3074 1551 3162 1605 διὰ
3212 1550 3370 1604 τοῦτο
3397 1551 3489 1602 ἐπὶ
3525 1550 3631 1620 τὴν

2072 1642 2374 1712 Ἰδουμαίαν
2413 1641 2662 1694 ὲπιϐαλεῖ
2695 1641 2758 1694 τὸ
2789 1640 2981 1694 ἑαυτοῦ
3028 1639 3299 1709 ὑπόδημα.
3345 1637 3629 1708 Ὑπόδημα

2060 1735 2116 1787 δὲ
2140 1735 2238 1804 τῆς
2262 1733 2510 1805 θεότητος
2531 1736 2564 1804 ἡ
2594 1733 2728 1804 σὰρξ
2761 1733 2925 1804 (58)ή
2959 1734 3235 1803 θεοφόρος,
3265 1731 3333 1784 δι’
3357 1727 3425 1802 ἦς
3455 1731 3628 1802 ἐπέϐη

387 1818 470 1873 Ob
522 1819 663 1874 hanc
719 1837 868 1889 spem
911 1823 1177 1892 Propheta
1224 1825 1440 1878 beatum
1490 1825 1790 1894 praedicans
1824 1835 1959 1878 tem-

2068 1826 2171 1885 τοῖς
2197 1798 2530 1893 ανθρώποις.
2549 1798 2677 1876 ζΕπί
2697 1798 2868 1896 ταύτη
2889 1798 2954 1894 τῇ
2983 1798 3156 1876 ἐλπίδι
3194 1798 3508 1893 μακαρίζων
3535 1798 3631 1874 tiri

388 1923 490 1977 pus
545 1913 804 1968 adventus
859 1914 1114 1982 Domini,
1173 1916 1248 1968 ait
1286 1914 1492 1984 (Vsus.
1534 1915 1621 1982 Η)
1654 1934 1667 1968 :
1709 1916 1840 1981 Quis
1868 1917 1959 1968 de-

387 2003 540 2055 ducet
567 2019 647 2056 me
678 2006 732 2056 in
761 2005 1024 2058 civitatem
1060 2007 1374 2059 munitionis
1401 2007 1425 2059 ?
1457 2005 1732 2060 Fortassis
1773 2005 1960 2060 Eccle-

387 2092 525 2145 siam
549 2093 703 2157 dicit,
744 2109 864 2163 quae
894 2095 1111 2164 quidem
1135 2096 1331 2149 civitas
1361 2104 1466 2158 est,
1497 2097 1640 2165 quod
1686 2095 1758 2150 sit
1785 2107 1959 2152 ctetns

389 2182 480 2249 qni
530 2183 736 2254 legibus
787 2186 990 2254 regitur
1037 2199 1052 2240 :
1109 2187 1292 2241 civitas
1331 2202 1461 2241 vero
1505 2188 1840 2254 munitionis,
1889 2191 1958 2242 ob

390 2273 512 2327 lldei
534 2273 945 2328 munimentum.
964 2273 1116 2328 Unde
1131 2276 1396 2344 interpres
1411 2275 1632 2344 quidam
1648 2277 1961 2345 signiﬁcan-

392 2366 600 2420 tissime
629 2366 858 2420 reddidit
883 2385 897 2421 :
926 2365 993 2420 In
1026 2367 1286 2422 civitatem
1313 2369 1796 2422 circummunitam.
1828 2369 1960 2436 Quis

391 2457 555 2525 igitur
605 2458 753 2511 dabit
785 2457 939 2522 mih‘i,
997 2466 1057 2512 ut
1109 2474 1365 2528 magnum
1412 2459 1543 2514 illud
1589 2461 1958 2528 spectaculum

389 2549 741 2617 conspiciam,
771 2550 935 2604 Deum
963 2551 1104 2604 inter
1130 2551 1378 2605 homines
1403 2550 1805 2606 diversantenn?
1828 2552 1961 2606 Illud

391 2648 496 2702 est,
525 2643 668 2708 quod
695 2655 724 2692 a
758 2639 983 2696 Domino
1004 2641 1210 2696 dictum
1251 2641 1350 2694 fuit
1376 2657 1391 2694 :
1429 2639 1589 2695 Multi
1610 2645 1874 2710 propheta:
1895 2653 1961 2698 et

389 2729 520 2799 iusti
546 2731 823 2800 cupierunt
853 2733 1028 2787 videre
1045 2749 1164 2802 qua:
1191 2733 1399 2797 videtis,
1417 2743 1464 2785 et
1488 2750 1590 2787 non
1625 2735 1864 2790 viderunt
1894 2735 1958 2788 ".

461 2910 516 2966 5.
550 2909 632 2965 Do
667 2913 814 2966 nobis
870 2914 1134 2969 auxilium
1175 2914 1239 2968 de
1275 2915 1640 2970 tribulatione.
1685 2915 1960 2970 Auxilium

393 3019 464 3058 ne
488 3018 793 3071 quaeramus
817 3019 846 3058 a
871 3006 1089 3071 robore,
1143 3019 1211 3058 ne
1245 3019 1274 3058 ε
1307 3005 1446 3059 bona
1483 3006 1728 3074 corporis
1758 3005 1964 3060 habitu-

2059 1915 2248 1984 καιρὸν
2269 1915 2367 1984 τῆς
2387 1915 2479 1968 τοῦ
2506 1915 2711 1986 Κυρίου
2739 1915 3044 1985 ἀποδημίας
3077 1916 3106 1966 ὁ
3131 1915 3420 1985 Προφήτης
3457 1913 3588 1982 φησί
3611 1931 3625 1942 ο

2065 2008 2160 2072 Τίς
2184 2007 2399 2070 ἀπάξει
2425 2023 2500 2075 με
2525 2009 2612 2072 εἰς
2645 2007 2825 2061 πόλιν
2850 2006 3166 2075 περιοχῆς;
3197 2005 3348 2076 Τάχα
3379 2005 3476 2076 τὴν
3508 2005 3634 2057 Ἐκ-

2059 2097 2288 2168 κλησίαν
2333 2098 2508 2160 λέγει·
2545 2097 2698 2150 πόλιν
2733 2097 2832 2166 μὲν
2852 2137 2866 2160 ,
2899 2097 2986 2151 διὰ
3010 2098 3071 2150 τὸ
3101 2097 3351 2166 σύστημα
3375 2091 3513 2149 εἷναι
3539 2112 3632 2147 νο-

2063 2189 2244 2260 μίμως
2274 2189 2589 2258 οἰκούμενον
2624 2189 2734 2260 (59)
2759 2207 2771 2220 ·
2804 2190 3089 2258 περιοχῆς
3113 2189 3170 2242 δὲ
3189 2189 3277 2242 διὰ
3297 2189 3395 2260 τὴν
3423 2189 3520 2258 τῆς
3546 2186 3635 2239 πί·

2062 2297 2232 2344 στεως
2266 2281 2575 2352 περιϐολήν.
2614 2281 2774 2335 Ὅθεν
2815 2281 3162 2352 εὐσημότατὰ
3201 2298 3284 2343 τις
3325 2279 3432 2332 τῶν
3458 2281 3635 2350 ἑρμη-

2060 2372 2362 2425 νευσάντων
2381 2372 2696 2436 ἐκδέδωκεν,
2721 2373 2821 2438 Εὶς
2848 2373 3028 2426 πόλιν
3055 2371 3627 2441 περιπεφρατμέημ.

2060 2461 2154 2524 Τίς
2175 2457 2268 2514 οὖν
2295 2460 2454 2514 δώσει
2493 2480 2582 2532 μοι
2615 2463 2676 2515 τὸ
2707 2463 2848 2533 μέγα
2887 2463 3044 2516 τοῦτο
3081 2463 3258 2533 θέαμα
3307 2463 3461 2525 ἰδεῖν,
3715 2509 3726 2514 ,.

2060 2549 2367 2622 ἀνθρώποις
2397 2551 2509 2620 (60)
2544 2551 2943 2624 ὲπιδημοῦντα;
2983 2551 3152 2605 Τοῦτό
3175 2553 3290 2604 ἐστι
3316 2552 3376 2605 τὸ
3408 2552 3633 2623 εἰρημέ-

2060 2659 2150 2695 νον
2182 2642 2331 2714 παρὰ
2375 2642 2469 2695 τοῦ
2520 2643 2760 2715 Κυρίου·
2794 2645 2876 2697 ὅτι
2917 2643 3140 2697 Πολλοί
3191 2643 3488 2711 προφῆται
3531 2642 3636 2695 καὶ

2059 2730 2274 2784 δίκαιοι
2331 2731 2719 2801 ἐπεθύμησαν
2765 2731 2914 2786 ἰδεῖν
2971 2731 3010 2785 d
3051 2731 3343 2796 βλέπετε,
3391 2733 3486 2786 καί
3520 2733 3635 2786 οὐκ

2060 2817 2242 2875 εἶδον.

2131 2911 2186 2966 5.
2215 2911 2329 2976 Δὸς
2372 2911 2517 2981 ἡμῖν
2569 2911 2862 2978 ,βοήθειαν
2907 2912 2975 2965 ἐκ
3037 2914 3314 2982 θλίψεως.
3383 2912 3473 2982 Μὴ
3525 2911 3638 2965 aut

2066 3002 2243 3072 ἰσχύος
2295 3001 2615 3074 ζητήσωμεν
2649 3004 2748 3075 τὴν
2817 3003 3102 3075 βοήθειανο
3172 3004 3245 3074 μὴ
3304 3003 3410 3057 ἀπὸ
3462 3004 3634 3056 εὐπα-

393 3092 517 3147 dine
549 3110 563 3146 :
604 3107 672 3147 ne
715 3093 784 3148 ab
843 3093 952 3147 ullo
986 3107 1172 3148 eorum
1205 3095 1296 3164 qui
1328 3094 1461 3148 clari
1499 3107 1553 3148 et
1593 3094 1828 3150 illustres
1868 3095 1963 3148 ho-

2068 3093 2216 3157 θείας
2255 3095 2487 3165 σαρκός·
2532 3096 2640 3148 ἀπὸ
2683 3096 2906 3167 μηδενὸς
2941 3096 3049 3169 (61)
3091 3096 3200 3150 τῶν
3237 3096 3386 3167 παρὰ
3423 3095 3636 3167 ἀνθρώ-

395 3184 630 3238 minibus
660 3183 954 3250 habentur,
987 3200 1142 3255 opem
1174 3186 1432 3256 consequi
1471 3186 1724 3240 velimus.
1767 3184 1884 3240 Non
1910 3186 1963 3240 in

395 3275 752 3342 pecuniarum
787 3277 1167 3344 exsuperantia
1196 3318 1212 3343 ,
1250 3292 1354 3331 non
1398 3278 1450 3332 in
1502 3277 1756 3346 potentia:
1796 3276 1962 3344 fastu,

397 3380 502 3418 non
539 3365 590 3418 in
619 3365 803 3434 gloriae
831 3367 1165 3422 sublimitate
1190 3369 1292 3423 sita
1323 3367 1547 3423 victoria
1579 3377 1663 3423 est
1692 3383 1708 3420 :
1738 3369 1832 3423 sed
1888 3383 1958 3422 ex

396 3470 609 3508 summa
643 3456 994 3512 tribulatione
1017 3457 1245 3525 largitur
1269 3457 1532 3514 Dominus
1583 3459 1844 3513 auxilium
1898 3459 1966 3514 iis

396 3547 488 3616 qui
541 3547 714 3616 ipsum
753 3548 1051 3618 inquirunt.
1097 3547 1246 3604 Talis
1295 3558 1413 3604 erat
1448 3561 1503 3602 et
1529 3548 1743 3615 Paulus,
1773 3551 1866 3620 qui
1908 3550 1962 3604 in

398 3637 512 3692 suis
548 3638 883 3707 gloriabatur
911 3638 1351 3694 tribulationibus
1369 3640 1434 3694 ⁸⁸.
1453 3642 1631 3707 Quare
1657 3642 1839 3696 dicere
1867 3656 1964 3710 po-

399 3738 562 3795 terat,
593 3729 726 3785 Cum
754 3731 1015 3798 in/irmor,
1043 3741 1164 3784 tunc
1200 3739 1381 3801 potens
1403 3749 1519 3786 sum
1559 3735 1624 3785 η.
1664 3732 1833 3787 Vens.
1872 3732 1962 3787 15.

399 3821 484 3875 Da
511 3824 657 3875 nobis
684 3823 867 3892 igitur,
903 3823 1148 3891 Domine,
1179 3823 1438 3878 auxilium
1477 3823 1541 3878 de
1569 3824 1918 3878 tribulatione
1946 3843 1965 3889 ;

399 3931 520 3968 cum
555 3914 832 3969 tribulatio
863 3916 1178 3983 patientiam
1213 3924 1493 3985 operetur,
1530 3915 1793 3985 patientia
1840 3931 1968 3985 pro-

400 4007 695 4071 bationem,
731 4006 976 4076 probatio
1010 4021 1198 4074 spem:
1239 4023 1363 4077 spes
1388 4017 1567 4061 autem
1600 4023 1706 4061 non
1735 4008 1966 4062 confun-

401 4099 494 4151 dat
521 4099 588 4150 ὀ.
621 4097 782 4152 Vides
829 4114 937 4165 quo
984 4099 1262 4153 tribulatio
1295 4108 1345 4152 te
1375 4097 1678 4153 subvehat?
1708 4099 1786 4152 Ad
1820 4113 1967 4166 Spem

400 4205 522 4256 qua:
554 4206 657 4244 non
690 4189 996 4245 confundit.
1031 4189 1329 4258 Egrotas?
1362 4189 1570 4252 Gaude,
1601 4189 1727 4258 quia
1750 4231 1765 4253 ,
1802 4188 1966 4254 Quem

401 4280 576 4350 diligit
623 4280 920 4346 Dominus,
972 4283 1193 4351 castigat
1220 4285 1286 4334 ".
1323 4281 1533 4349 Pauper
1565 4279 1666 4333 es?
1716 4280 1923 4333 Laetare
1948 4317 1964 4344 ,

2068 3203 2192 3249 ποις
2217 3187 2616 3258 νενομισμένων
2649 3189 2960 3260 περιφανῶν
2986 3188 3305 3259 ἀξιώσωμεν
3333 3192 3511 3259 τυχεῖν
3537 3189 3634 3259 τῆς

2068 3277 2421 3348 ἀντιλήψεως.
2473 3281 2587 3332 Ούκ
2639 3282 2697 3332 ὲν
2748 3280 3006 3352 περιϐολῇ
3063 3281 3394 3352 χρημάτων,
3431 3281 3531 3334 ούκ
3577 3283 3636 3332 ὲν

2067 3363 2344 3434 δυνάμεως
2391 3365 2572 3435 ὄγκῳ,
2611 3367 2713 3419 οὐκ
2755 3369 2814 3420 ὲν
2844 3367 3094 3438 ύψὼματι
3132 3369 3289 3440 δόξης
3315 3369 3373 3422 τὸ
3417 3371 3637 3440 κρατεῖν

2071 3455 2437 3524 περιγίνεται,
2485 3457 2601 3510 ἀλλ’
2646 3458 2709 3510 ὲκ
2740 3459 2838 3530 τῆς
2885 3459 3005 3512 καθ’
3059 3460 3364 3531 ὑπερϐολὴν
3405 3459 3640 3528 θλίψεως

2070 3547 2350 3618 χαρίζεται
2371 3547 2572 3620 Κύριος
2588 3553 2700 3612 τοῖς
2723 3549 3042 3620 ἐκζητοῦσιν
3065 3551 3226 3604 αὑτὸν
3247 3551 3342 3622 τὴν
3364 3551 3635 3623 βοήθειαν.

2071 3636 2320 3700 Τοιοῦτος
2344 3632 2412 3707 ἦν
2463 3639 2615 3692 καὶὸ
2660 3639 2897 3704 Παῦλος,
2931 3642 3257 3713 καυχήματα
3303 3640 3496 3694 ἑαυτοῦ
3538 3643 3641 3703 τὰς

2071 3728 2278 3798 θλίψεις
2311 3730 2646 3801 ποιούμενος.
2676 3732 2773 3784 Διὰ
2795 3732 2951 3786 τοῦτο
2976 3733 3204 3802 ἠδύνατο
3227 3733 3429 3801 λέγειν’
3456 3734 3640 3785 "Oras-

2069 3820 2328 3884 ἀσθενῶ,
2355 3823 2488 3874 τότε
2529 3821 2784 3888 δυνατός
2806 3826 2940 3892 εἰμι.
2976 3824 3087 3890 Δὸς
3111 3821 3204 3878 οὖν
3232 3823 3394 3892 ἡμῖν,
3439 3824 3637 3890 Κύριε,

2065 3911 2354 3978 βοήθειαν
2395 3913 2464 3966 ἐκ
2533 3914 2822 3982 θλίψεως·
2859 3915 3044 3987 ἐπειδὴ
3083 3917 3115 3986 ἡ
3154 3916 3328 3985 θλίψις
3365 3915 3642 3986 ὑπομονὴν

2074 4004 2489 4076 κατεργάζεται,
2513 4007 2546 4076 ἡ
2577 4005 2634 4058 δὲ
2659 4006 2900 4077 ὑπομονὴ
2921 4007 3168 4078 δοκιμὴν,
3201 4007 3315 4078 ἡ⁹δὲ
3340 4007 3532 4078 δοκιμὴ
3555 4007 3640 4060 ὲλε

2073 4097 2222 4164 πίδα,
2254 4099 2286 4168 ή
2317 4097 2372 4150 δὲ
2397 4097 2553 4162 ἐλπὶς
2589 4100 2649 4151 ού
2683 4099 3050 4169 καταισχύνει.
3098 4101 3258 4171 Ὁρᾷς
3299 4098 3401 4152 ποῦ
3445 4100 3640 4168 ἀνάγει

2075 4203 2136 4239 σε
2166 4189 2198 4258 ἡ
2226 4188 2436 4257 θλίψις;
2469 4190 2562 4252 Εἰς
2593 4191 2690 4260 τὴν
2713 4189 3140 4260 ἀκαταίσχυντον
3165 4190 3373 4246 ἐλπίδα.
3413 4190 3638 4257 Noack;

2073 4278 2294 4350 εύθύμει
2318 4319 2336 4346 ,
2373 4281 2456 4334 ὃτι
2509 4284 2617 4335 Ὃν
2659 4281 2858 4351 ἀγαπᾷ
2891 4283 3122 4350 Κύριος,
3162 4282 3442 4337 παιδεύει.
3484 4284 3638 4336 Πτω-

473 4486 518 4518 ¹⁷
558 4484 745 4540 Matth.
791 4500 909 4551 xui,
937 4486 1018 4539 l7.
1099 4485 1141 4517 "
1179 4484 1334 4540 Rom.
1377 4501 1428 4547 ν,
1457 4485 1509 4538 5.
1591 4485 1633 4518 ¹⁹
1659 4484 1700 4539 ll
1722 4484 1848 4539 Cor.
1878 4499 1978 4546 xu,
2012 4483 2100 4538 10.
2180 4482 2226 4514 '°
2257 4480 2413 4536 Rom.
2438 4495 2492 4548 ν,
2521 4481 2636 4537 5—5.
2713 4483 2756 4513 ἰ
2789 4481 2951 4537 Hebr.
2984 4498 3082 4537 xu.
3108 4481 3160 4536 6.

474 4692 584 4761 (57)
643 4690 816 4744 Editio
863 4689 1036 4761 Paris.
1065 4704 1185 4761 cum
1250 4689 1401 4743 Colb.
1452 4689 1680 4761 septimo
1707 4685 1826 4761 coﬁ__
1847 4685 1964 4761 λου-

2079 4682 2498 4761 Theodoretum,
2524 4685 3171 4761 pronsptrracppaxpeﬁvnv
3199 4685 3298 4761 legi
3329 4684 3644 4761 simpliciter

400 4756 576 4830 τροῦ.’
610 4761 768 4815 Deest
813 4759 906 4812 τοῦ
965 4761 1017 4814 in
1080 4759 1330 4829 plurimis
1364 4756 1593 4814 mssaet
1647 4758 1701 4811 in
1744 4756 1980 4810 editione

403 4831 572 4883 anil.

473 4900 584 4968 (58)
617 4899 708 4953 Sic
745 4897 896 4965 Regii
955 4897 1144 4952 tertius
1180 4909 1235 4952 et
1296 4906 1522 4968 quartus
1551 4909 1816 4968 παῦε-οε
1867 4902 1979 4968 tres

401 4963 722 5024 Cuihc’rtini.
773 4963 916 5021 Editi
968 4983 1097 5023 vero
1137 4982 1258 5020 cum
1289 4963 1426 5034 Reg.
1473 4963 1686 5037 εεχιοή
1718 4963 1978 5037 Θεοφορος

404 4981 722 5024 ιλυιιιετιιιιι.
773 4981 916 5048 ιςψιι
968 4983 1097 5023 vero
1137 4982 1258 5020 cum
1291 4981 1426 5034 Heg.
1473 4981 1629 5022 εεχιο
1653 4983 1686 5037 η
1718 4981 1968 5088 υεοφορος

404 5041 563 5110 σάρξ.
591 5037 714 5092 Haec
736 5037 921 5110 Basilii
952 5038 1115 5093 verba
1147 5039 1279 5092 citat
1315 5038 1686 5093 Theodoretus
1717 5047 1876 5106 tom“
1905 5035 1968 5102 V,

402 5107 547 5165 υἱοί.
577 5127 614 5174 1,
648 5123 767 5175 pag.
792 5107 880 5163 40.

459 5173 1085 5249 ’(59)ίᾹὶι(]υιιιι›είίεἰιιε
1127 5191 1225 5232 suo
1252 5177 1508 5249 periculo
1565 5193 1661 5246 pro
1710 5173 1974 5249 οἰκούμε-

401 5247 491 5305 νον
527 5247 809 5317 legendum
834 5262 953 5302 esse
982 5247 1434 5318 οἰκονομούμενον
1463 5265 1478 5304 :
1510 5249 1600 5318 sed
1631 5247 1765 5318 quid
1789 5260 1976 5299 neces-

404 5338 463 5374 se
490 5322 558 5375 sit
582 5315 662 5374 ita
693 5319 792 5388 legi
829 5327 1016 5372 contra
1043 5315 1416 5372 auctoritatem
1438 5317 1678 5372 omnium
1713 5315 1972 5388 librorum

407 5401 516 5443 ιιιιιι
552 5405 708 5447 mss.,
749 5384 875 5441 'tum
911 5404 1256 5449 excusornm,
1285 5402 1384 5454 ego
1423 5403 1530 5442 non
1555 5388 1687 5440 satis
1721 5384 1984 5448 intelligo.

407 5460 540 5511 [\ani
600 5459 882 5527 utriusque
936 5459 1083 5512 verbi
1136 5457 1404 5511 οἰκεῖσθαι
1471 5466 1526 5512 et
1585 5454 1986 5527 οἰκονομεῖσθαι

405 5530 650 5581 ειιιιιάειιι
708 5523 849 5596 εαξρε
875 5528 1330 5596 signiﬁcationem
1354 5541 1497 5588 esse,
1555 5526 1639 5596 vel
1685 5523 1988 5596 ex’lexicis

406 5605 645 5666 Constat.
685 5593 1040 5665 lntérprelem
1071 5597 1216 5650 illum
1239 5597 1330 5666 qni
1360 5611 1485 5666 mox
1511 5611 1539 5647 a
1571 5593 1985 5666 Basiliglauda-

409 5674 518 5723 tnr.
541 5664 925 5734 Symmachum
950 5681 1069 5720 esse
1103 5664 1298 5720 docent
1356 5665 1619 5718 Eusebius
1648 5675 1700 5717 et
1733 5664 1984 5734 ΤΙιεοόοτ

409 5732 592 5790 ruins.
621 5733 922 5790 Notandum
984 5746 1162 5790 tamen
1225 5737 1362 5807 apud
1421 5734 1790 5790 Euscbinnlet
1847 5732 1984 5804 apud

2082 4755 2501 4825 πεφραγμένην.
2538 4753 2643 4807 Sed
2669 4753 2914 4825 suspicor
2945 4753 3092 4817 illud,
3125 4753 3271 4825 περί,
3323 4772 3350 4808 a
3405 4754 3644 4809 librariis

2081 4824 2313 4891 ntro'que
2339 4825 2392 4894 in
2430 4825 2548 4894 loco
2573 4824 2832 4878 omissum
2856 4839 2998 4888 esse,
3022 4836 3132 4878 tum
3162 4824 3303 4893 quod
3339 4841 3436 4878 vox
3469 4840 3643 4894 Ῠπερι-

2081 4893 2476 4964 πεφραγμένην
2507 4893 2897 4964 signiﬁcantior
2933 4897 3024 4958 sit,
3060 4904 3170 4947 tum
3201 4895 3343 4961 quod
3372 4896 3424 4948 in
3457 4893 3640 4948 Heia—

2079 4963 2179 5033 plis
2198 4962 2278 5016 ita
2311 4962 2374 5033 ex
2399 4962 2528 5033 mss.
2557 4963 2763 5016 editum
2794 4962 2960 5020 fuisse
2990 4965 3283 5019 videamus.

2151 5033 2264 5098 (60)
2306 5032 2456 5087 Colb.
2526 5043 2753 5104 quartus
2808 5033 2946 5104 Θεὸν
3003 5036 3062 5087 ὲν
3117 5033 3442 5104 ἀνθρώποις.
3485 5032 3639 5087 llaud

2075 5101 2230 5173 longe
2250 5097 2368 5173 dno
2403 5097 2656 5173 ιιιεεξΔὸς
2680 5097 2772 5155 οὖν
2794 5103 2942 5173 ¹ἡμῖν.

2150 5172 2261 5244 (bl)
2286 5172 2479 5244 Totum
2529 5172 2679 5244 illud,
2711 5172 3099 5244 ὰπδμηδενὸς,
3132 5183 3262 5235 etc.,
3318 5172 3642 5244 sichatine

2080 5243 2351 5296 redditum
2399 5241 2452 5295 in
2510 5243 2748 5296 editione
2797 5241 2968 5298 Paris.
3007 5245 3306 5297 invenimus
3343 5259 3356 5294 :
3393 5243 3433 5295 Α
3469 5241 3639 5300 nulla.

2081 5312 2316 5379 inquam,
2353 5327 2408 5364 re
2427 5328 2542 5379 quia
2561 5312 2844 5380 quamlibet
2870 5315 3008 5380 apud
3030 5313 3264 5367 homines
3295 5322 3549 5379 prwstans
3573 5314 3638 5362 sit

2085 5393 2133 5434 et
2169 5384 2387 5444 eximia,
2422 5383 2637 5450 dignum
2681 5392 2755 5436 est
2788 5392 2844 5435 ut
2872 5389 2936 5435 ab
2961 5399 3019 5436 ea
3053 5382 3300 5447 deposcas
3323 5383 3414 5434 tibi
3445 5383 3643 5445 impar-

2086 5453 2176 5504 tiri
2211 5451 2366 5505 veluti
2397 5451 2821 5518 redemptionem.
2858 5451 2964 5505 Sed
2998 5451 3182 5506 Basilii
3217 5452 3379 5505 verba
3406 5450 3473 5504 de
3513 5465 3635 5518 per-

2083 5521 2230 5575 sonis
2253 5536 2358 5574 non
2390 5519 2457 5574 de
2489 5521 2648 5574 rebus
2677 5520 3018 5588 intelligenda
3047 5535 3167 5574 esse
3202 5530 3348 5590 puto.
3382 5518 3640 5590 illociigi-

2087 5599 2173 5674 tpr
2239 5591 2392 5674 dicit,
2451 5605 2625 5674 neque
2669 5605 2735 5674 an
2771 5592 2951 5654 rebus,
3001 5606 3172 5674 neque
3203 5588 3288 5674 ὀὶ)
3337 5588 3643 5674 hominibus

2085 5657 2384 5728 q'uamlihet
2446 5660 2610 5715 claris
2667 5659 2830 5714 ullum
2901 5657 3159 5713 auxilium
3219 5657 3649 5728 exspectandum

2086 5727 2224 5785 esse.
2245 5727 2376 5782 Nam
2411 5730 2592 5784 omnia
2623 5729 2879 5796 excludit,
2914 5737 2968 5784 et
3001 5744 3086 5786 res
3110 5737 3162 5784 et
3190 5743 3468 5797 personas.
