4016 6220
373 346 479 401 469

374 459 555 529 χεὺεις
587 455 696 527 (62)
724 473 737 521 ;

375 549 694 613 διαδέξεται.
743 544 1008 616 Ἀτιμάζῃ
1065 545 1152 597 διὰ
1198 544 1257 597 τὸ
1303 545 1474 614 ὄνομα
1524 543 1619 598 τοῦ
1675 545 1947 616 Χριστοῦ;

375 641 660 710 Μακάριος
688 634 758 700 εἷ,
799 639 882 690 ὅτι
913 653 1007 689 σου
1041 636 1151 706 (65)
1184 635 1467 707 ήαίσχύνη
1506 639 1586 701 εἰς
1613 637 1844 705 ἀγγέλου
1868 637 1952 690 δό-

377 731 470 796 ξαν
508 729 994 801 μεταϐληθήσεται.
1027 728 1310 800 Πείσωμεν
1332 729 1590 793 ἑαυτοὺς,
1621 729 1867 798 ἀδελφοὶ,
1893 732 1951 782 ὲν

377 821 550 892 καιρῷ
571 821 900 893 πειρασμοῦ,
934 820 1008 892 μὴ
1039 821 1174 892 πρὸς
1195 821 1540 892 ἀνθρωπίνας
1569 820 1789 883 ἐλπίδας
1817 822 1952 874 άπο-

375 915 605 985 τρέχειν,
643 914 776 984 μηδὲ
806 913 1013 967 ἐκεῖθεν
1037 915 1248 977 ἑαυτοῖς
1265 913 1367 977 τάς
1387 912 1638 984 βοηθείας
1660 913 1946 982 θηρᾶσθαι,

374 1004 489 1058 ἀλλ’
518 1006 575 1057 ὲν
604 1005 834 1076 δάκρυσι
863 1005 958 1059 καὶ
989 1006 1331 1074 στεναγμοῖς,
1366 1004 1461 1056 καὶ
1479 1003 1750 1073 φιλοπόνῳ
1782 1020 1945 1074 προσ-

375 1100 508 1169 ευχῇ
533 1137 547 1160 ,
583 1098 676 1150 καὶ
704 1097 982 1168 ἀγρυπνία
1041 1097 1242 1167 εὐτόνῳ
1281 1096 1381 1159 τὰς
1413 1097 1629 1166 δεήσεις
1657 1096 1946 1150 ποιεῖσθαι.

373 1180 542 1252 Οὗτος
567 1187 675 1258 γὰρ
697 1188 960 1258 λαμϐάνει
986 1187 1235 1258 βοήθειαν
1270 1188 1334 1240 ἐκ
1355 1187 1585 1256 θλίψεως
1605 1229 1620 1251 ,
1661 1188 1690 1238 ὁ
1721 1187 1820 1256 τῆς
1850 1187 1946 1238 άν-

373 1279 649 1350 θρωπίνης
674 1279 926 1350 βοηθείας
964 1279 1040 1342 ὡς
1071 1278 1304 1348 ματαίας
1330 1278 1681 1350 καταφρονῶν
1701 1318 1716 1340 ,
1754 1277 1850 1330 καὶ
1881 1278 1945 1346 τῇ

371 1368 464 1420 ὲπὶ
490 1368 582 1421 τὸν
613 1368 805 1434 σώζειν
835 1369 1131 1439 δυνάμενον
1160 1371 1306 1440 ἡμᾶς
1329 1370 1502 1423 ἐλπίδι
1534 1369 1942 1440 στηριζόμενος,

369 1460 428 1510 ὲν
448 1458 666 1530 Χριστῷ
704 1460 877 1532 Ἰησοῦ
903 1460 980 1530 τῷ
1017 1461 1414 1532 Κυρίῳὴμῶν,
1457 1455 1558 1531 ᾧή
1587 1461 1712 1524 δόξα
1755 1461 1847 1512 καὶ
1886 1459 1944 1512 τὸ

371 1552 570 1622 κράτος
594 1554 675 1616 είς
706 1553 832 1616 τοὺς
851 1552 1052 1615 αἰῶνας
1074 1553 1182 1605 τῶν
1203 1552 1432 1608 αἰώνων.
1479 1553 1671 1622 Ἀμήν.

773 1727 880 1778 ΕΙΣ
915 1727 1052 1779 TON
1079 1724 1177 1777 ΞΑ⁹
1212 1725 1532 1778 ΨΑΛΜΟΝ.

405 1818 508 1880 Εἰς
535 1815 600 1868 τὸ
624 1815 800 1880 τέλος
825 1814 977 1882 ὑπὲρ
1020 1815 1295 1883 Ἰδιθοὺμ,
1332 1812 1574 1883 ψαλμὸς
1597 1811 1678 1878 τῷ
1710 1811 1908 1866 Δαϐίδ.

441 1908 488 1960 1.
526 1906 637 1977 (64)
691 1905 792 1958 Δύο
845 1905 1092 1976 ψαλμοὺς
1146 1905 1390 1974 ἔγνωμεν
1452 1902 1631 1970 ¹Υπὲρ
1687 1902 1945 1972 Ἰδιθοὺμ

364 1997 586 2068 ἔχοντας
625 1997 724 2069 τὴν
770 1998 1116 2067 ἐπιγραφήνο
1157 1995 1246 2048 τόν
1289 2012 1346 2046 τε
1398 1994 1715 2066 τριακοστὸν
1761 1994 1942 2061 ὃγδοον

365 2090 583 2144 καὶτὸν
615 2092 672 2142 ὲν
721 2090 898 2160 χερσί.
943 2089 1051 2140 Kal.
1101 2087 1422 2156 λογιζόμεθα
1471 2087 1568 2157 μὲν
1617 2086 1779 2138 Δαῦὶδ
1831 2085 1940 2156 (65)

363 2179 502 2236 εἶναι
529 2184 628 2253 τὴν
655 2181 902 2244 σύνταξιν
925 2180 1024 2250 τῆς
1056 2179 1465 2250 πραγματείαςο
1498 2177 1578 2247 τῷ
1605 2179 1787 2248 μέντοι
1828 2178 1943 2231 Ἰδι-

362 2274 504 2344 θοὺμ
545 2273 785 2325 δεδόσθαι
830 2274 910 2334 εἰς
966 2269 1232 2338 ὠφέλειαν
1280 2269 1480 2334 αὑτοῦ,
1522 2271 1614 2321 ἐπὶ
1661 2268 1941 2339 διορθώσει

359 2364 470 2417 τῶν
509 2367 567 2417 ὲν
605 2367 672 2435 τῇ
712 2363 858 2433 ψυχῇ
907 2361 1282 2431 παθημάτων,
1322 2363 1414 2414 καὶ
1445 2364 1524 2426 είς
1550 2361 1813 2432 μελῳδίαν
1843 2361 1942 2432 τὴν

360 2457 454 2509 ἐπὶ
485 2455 579 2509 τοῦ
610 2455 737 2508 λαοῦ
758 2473 770 2485 ·
829 2455 894 2507 δι’
921 2448 988 2524 ἦς
1015 2453 1109 2506 καὶ
1150 2456 1177 2506 ὀ
1226 2453 1357 2515 Θεὸς
1401 2453 1678 2519 ἐδοξάζετο
1702 2493 1716 2514 ,
1752 2453 1844 2506 καὶ
1891 2457 1939 2507 οἱ

361 2549 651 2612 ἀκούοντες
689 2549 790 2617 τῆς
830 2546 1096 2617 ἁρμονίας
1133 2545 1540 2616 ὲπανωρθοῦντο
1573 2545 1642 2598 τὰ
1675 2545 1799 2616 ἢθη.
1834 2542 1942 2598 τΗν

359 2640 467 2711 γὰρ
489 2641 584 2693 καὶ
624 2643 652 2692 ὁ
699 2639 929 2706 Ἰδιθοὺμ
976 2637 1295 2708 ίεροψάλτης
1316 2678 1330 2701 ,
1358 2638 1433 2701 ὡς
1461 2641 1876 2709 μαρτυρεῖὴμῖν
1907 2640 1938 2709 ἡ

362 2731 574 2803 ἱστορία
593 2729 701 2783 τῶν
724 2729 1237 2802 Παραλειπομένων,
1268 2726 1526 2795 λέγουσα·
1557 2728 1663 2781 Καὶ
1681 2729 1807 2795 μετ’
1836 2730 1942 2780 αὺ-

359 2821 478 2876 τῶν
514 2821 626 2890 (66)
675 2820 869 2889 Antm-
910 2820 1008 2873 καὶ
1055 2819 1335 2886 Ἰδιθοὺμ,
1378 2816 1710 2887 σάλπιγγές
1741 2834 1804 2869 τε
1841 2818 1938 2870 καί

359 2915 631 2982 κύμϐαλα
672 2911 780 2966 τοῦ
818 2910 1188 2980 ἀναφωνεῖν,
1236 2909 1334 2962 καὶ
1365 2908 1587 2978 ὄργανα
1627 2909 1745 2961 τῶν
1773 2907 1941 2974 ᾠδῶν

357 3003 465 3056 τοῦ
527 3001 694 3056 Θεοῦ,
769 3001 880 3055 Καὶ
941 3001 1057 3071 μετ’
1107 3000 1263 3068 ὀλίγα
1321 2998 1489 3069 φησι⁶
1547 2999 1656 3051 Καὶ
1714 2999 1940 3065 ἔστησε

357 3094 538 3148 Δαϐίδ
567 3097 600 3146 ό
624 3091 926 3157 ,ϐασιλεὺς
957 3090 1055 3144 καὶ
1086 3093 1140 3143 οἱ
1168 3089 1456 3159 ἄρχοντες
1489 3088 1601 3154 τῆς
1633 3089 1941 3158 δυνάμεως
1966 3088 2006 3120 ’ν’

357 3189 444 3252 εὶς
469 3186 543 3240 τὰ
566 3185 709 3256 ἔργα
733 3185 875 3248 τοὺς
897 3183 1067 3250 υἱοὺς
1101 3183 1303 3251 Ἀσὰςρ,
1339 3183 1436 3235 καὶ
1465 3185 1656 3251 Αίμὰν
1684 3183 1814 3254 (67),
1840 3183 1939 3236 καὶ

371 3276 652 3345 Ἰδιθοὺμ,
682 3275 822 3340 τοὺς
842 3273 1402 3344 ἀποφθεγγομένους
1434 3274 1502 3326 ἐν
1528 3274 1813 3340 κινύραις,
1842 3272 1940 3326 καί

355 3369 426 3421 ἐν
447 3367 716 3432 νάϐλαις,
749 3365 848 3420 καὶ
876 3367 947 3419 ἐν
973 3364 1326 3444 τυμπάνοις.
1351 3364 1486 3436 Περὶ
1515 3363 1796 3434 ὑπομονῆς
1827 3365 1940 3417 τοί-

357 3477 450 3512 νυν
476 3459 734 3530 ἑκάτερος
760 3457 972 3528 ψαλμὸς
997 3459 1096 3528 τὴν
1120 3457 1376 3528 πλείστην
1401 3460 1636 3512 ποιεῖται
1655 3457 1766 3527 (68)
1795 3476 1937 3530 πρα-

355 3547 660 3618 γματείαν,
692 3548 758 3600 δι’
789 3544 858 3619 ἦς
904 3546 1325 3600 καταστέλλεται
1377 3548 1474 3618 μὲν
1515 3548 1614 3618 τῆς
1653 3547 1832 3618 ψυχῆς
1877 3548 1938 3602 τὸ

357 3640 716 3712 θυμούμενον,
769 3639 1144 3710 ὑπερηφανίας
1202 3639 1258 3692 δὲ
1313 3641 1491 3711 πάσης
1540 3641 1932 3712 ὲξορισθείσης,

357 3730 716 3801 κατορθοῦται
745 3730 1092 3793 ταπείνωσις.
1142 3730 1444 3801 Ἀμήχανον
1475 3730 1584 3801 γὰρ
1611 3731 1701 3784 τὸν
1731 3730 1804 3802 μὴ
1838 3749 1936 3784 κα-

355 3824 719 3894 ταδεξάμενον
743 3823 804 3877 τὸ
828 3823 964 3894 πρὸς
989 3824 1194 3886 πάντας
1216 3823 1437 3886 ὑποδεὲς
1457 3824 1551 3877 καὶ
1571 3824 1793 3893 ἔσχατον
1823 3824 1934 3893 (69)

354 3914 646 3985 δυνηθῆναί
679 3931 811 3965 ποτε
852 3913 884 3984 ἢ
932 3913 1338 3984 λοιδορούμενον
1365 3909 1538 3982 θυμοῦ
1572 3913 1866 3985 κρατῆσαι,
1901 3914 1932 3982 ἢ

356 4005 669 4076 θλιϐόμενον
702 4004 790 4057 διὰ
825 4004 1205 4074 μακροθυμίας
1255 4003 1636 4074 περιγενέσθαι
1678 4005 1785 4056 τῶν
1825 4021 1938 4057 πει-

361 4098 602 4167 ρασμῶν.
649 4099 704 4167 Ὀ
760 4098 868 4167 γὰρ
934 4098 1032 4168 τὴν
1081 4097 1257 4167 ἄκραν
1289 4097 1617 4149 ταπείνωσιν
1668 4097 1935 4169 κατορθώ-

361 4205 478 4250 σας,
508 4189 564 4240 ὲν
601 4188 696 4256 μὲν
728 4189 845 4250 ταῖς
876 4187 1162 4257 λοιδορίαις
1190 4186 1410 4240 πλείονα
1436 4187 1630 4240 ἑαυτοῦ
1670 4205 1936 4258 προκατα-

359 4280 520 4345 γνοὺς
556 4279 652 4348 τὴν
686 4278 979 4341 εὐτέλειαν,
1007 4279 1068 4330 οὐ
1098 4279 1451 4350 κινηθήσεται
1477 4281 1574 4350 τὴν
1623 4280 1799 4350 ψυχὴν
1832 4280 1936 4334 ὑπὸ

1557 339 1839 397 HOMILIA
1880 338 1948 394 IN
1988 339 2319 397 PSALMUM
2356 340 2493 395 LXI.

776 454 1068 524 εὐφραίνου
1093 495 1106 515 ,
1141 453 1222 506 ὅτι
1254 452 1504 524 Λαζάρου
1553 471 1613 505 σε
1664 453 1734 506 τὰ
1777 453 1940 522 ἀγαθὲ

2063 457 2187 524 quia
2225 457 2414 511 Lazari
2443 458 2582 512 bona
2619 464 2667 512 :e
2696 457 3056 529 excipient".
3104 457 3399 528 Ignominia
3441 459 3618 517 allice-

3514 341 3621 398 470

2061 550 2137 602 ris
2175 560 2396 617 propter
2418 549 2620 604 Christi
2654 550 2885 605 nomen?
2924 550 3122 605 Beatus
3169 565 3262 615 es,
3292 553 3418 620 quia
3468 564 3618 608 tuum

2058 642 2294 695 dedecus
2323 641 2375 694 in
2414 640 2590 710 angeli
2613 641 2836 710 gloriam
2867 651 3132 697 vertetur.
3173 641 3358 708 Nobis,
3400 644 3616 708 fratres,

2058 733 2378 788 tentationis
2407 742 2650 803 tempore
2679 733 3121 802 persuadeamus,
3151 745 3210 788 ut
3236 751 3303 790 ne
3335 737 3400 790 ad
3422 737 3616 790 huma-

2059 841 2154 880 nas
2188 839 2314 894 spes
2354 824 2748 892 contugiamus,
2782 839 2883 879 nec
2915 825 3070 896 193
3100 827 3224 881 inde
3261 828 3416 882 nobis
3470 843 3619 897 qum-

2057 927 2242 966 ramus
2275 913 2473 966 auxilia
2507 928 2522 964 :
2555 913 2647 967 sed
2678 913 2730 966 in
2764 912 3018 983 lacrymis
3051 924 3104 970 et
3144 917 3417 986 suspiriis,
3444 927 3500 971 et
3530 932 3618 972 se-

2053 1005 2177 1057 dula
2222 1004 2620 1070 obsecratione,
2650 1014 2707 1059 et
2748 1006 2969 1061 intentis
3025 1007 3222 1078 vigiliis
3266 1024 3452 1078 preces
3492 1025 3618 1079 per-

2053 1111 2299 1166 agamus.
2327 1095 2426 1150 llic
2448 1097 2592 1150 enim
2617 1110 2648 1150 e
2675 1097 3024 1152 tribulatione
3051 1100 3356 1168 praesidium
3399 1101 3615 1170 accipit,

2052 1189 2141 1256 qui
2182 1203 2339 1257 opem
2377 1189 2668 1243 humanam
2712 1198 2770 1243 ut
2799 1206 2994 1244 vanam
3043 1203 3387 1260 aspernatur,
3425 1206 3489 1246 ac
3520 1206 3616 1260 spe

2054 1280 2246 1334 nititur
2275 1281 2439 1345 illius,
2472 1283 2564 1350 qui
2609 1297 2708 1338 nos
2737 1283 2914 1337 salvos
2939 1285 3116 1337 facere
3143 1292 3340 1353 potest,
3371 1285 3424 1337 in
3453 1283 3615 1339 Chri-

2051 1382 2137 1424 διο
2166 1370 2290 1425 Jcsu
2327 1371 2554 1427 Domino
2583 1384 2790 1440 nostro,
2833 1375 2917 1428 cui
2951 1374 3119 1444 gloria
3155 1383 3210 1428 et
3244 1374 3529 1443 imperium
3558 1373 3612 1428 iu

2050 1463 2249 1516 sarcula
2272 1463 2612 1517 sa'eulorum.
2643 1464 2833 1520 Amen.

2536 1720 2603 1774 IN
2636 1721 2964 1778 PSAMIUM
2991 1722 3124 1778 LXI.

2247 1812 2311 1867 In
2342 1813 2501 1882 ﬁnem
2539 1829 2633 1881 pro
2660 1811 2919 1878 Idithum,
2947 1815 3182 1882 psalmus
3222 1814 3435 1870 Davidi.

2117 1905 2168 1957 1.
2203 1904 2446 1959 Psalmos
2473 1905 2610 1959 duos
2644 1905 2920 1970 novimus,
2950 1906 3148 1973 quibus
3192 1905 3474 1974 inscriptio
3505 1917 3590 1962 est

2050 1993 2155 2048 Pro
2186 1993 2444 2058 Idithum,
2490 1993 2825 2048 tricesimum
2868 2004 3116 2049 octavum
3145 2033 3162 2055 ,
3194 2004 3250 2050 et
3283 1996 3425 2051 hunc
3449 2011 3611 2065 quem

2044 2088 2308 2142 habemus
2344 2085 2398 2140 in
2428 2084 2700 2140 manibus.
2730 2084 2796 2139 Et
2829 2085 3157 2142 arbitramur
3191 2086 3612 2156 quidem—aba-

2045 2180 2166 2233 vide
2223 2177 2585 2246 compositum
2643 2191 2778 2245 opus
2806 2192 2948 2241 esse,
2999 2178 3181 2231 datum
3221 2192 3352 2232 vero
3377 2177 3612 2232 lditlunn

2045 2285 2144 2338 pro
2176 2269 2411 2323 utilitate
2442 2267 2632 2337 ipsius,
2668 2266 2736 2320 ad
2758 2267 3107 2337 corrigendos
3137 2268 3330 2322 anima:
3370 2268 3612 2322 aﬂ'ectio-

2045 2378 2165 2427 nes,
2193 2370 2248 2416 et
2277 2361 2343 2414 ad
2378 2358 2812 2415 concinnandam
2840 2373 3024 2414 coram
3066 2359 3264 2429 populo
3297 2360 3609 2426 melodiam,

2043 2468 2139 2520 per
2171 2467 2330 2521 quam
2381 2463 2437 2505 et
2481 2451 2620 2505 Deus
2649 2448 2988 2504 adiciebatur
3011 2449 3206 2520 gloria,
3231 2464 3287 2506 et
3311 2466 3488 2504 mores
3517 2465 3610 2506 eo-

2043 2562 2160 2600 rum
2192 2546 2282 2616 qui
2305 2544 2642 2600 harmoniam
2673 2542 2966 2598 audiebant
3001 2543 3446 2598 emendabautur.
3483 2544 3612 2597 Erat

2042 2639 2188 2692 errim
2228 2646 2281 2692 et
2317 2636 2549 2690 ldithum
2579 2636 2692 2705 ipse
2720 2649 2998 2690 sacrorum
3028 2635 3355 2703 psalmorum
3397 2645 3608 2700 cantor,

2042 2740 2098 2785 ut
2126 2731 2282 2784 nobis
2335 2739 2564 2784 testatur
2608 2724 3053 2794 Paralipomenon
3096 2727 3342 2792 historia,
3373 2728 3606 2781 dicens:

2046 2825 2110 2876 Et
2137 2838 2255 2876 cum
2290 2821 2418 2890 ipsis
2463 2819 2665 2874 JEman
2719 2827 2769 2872 et
2811 2817 3071 2883 [dit/rum,
3113 2828 3159 2872 et
3206 2819 3343 2872 tuba:
3384 2829 3430 2871 et
3467 2835 3610 2889 cynt-

2041 2916 2162 2969 bala
2195 2917 2263 2968 ad
2313 2912 2688 2977 resonantium,
2719 2920 2770 2964 et
2811 2927 3010 2980 organa
3050 2913 3378 2965 canticorum
3415 2911 3509 2966 Dei
3537 2912 3605 2964 ³³.

2043 3009 2109 3062 Et
2143 3005 2306 3078 paulo
2350 3014 2474 3073 post
2502 3005 2622 3060 ait:
2667 3003 2867 3058 Statuit
2899 3003 3065 3056 David
3117 3018 3206 3055 rex
3243 3011 3292 3055 et
3346 3001 3608 3072 principes

2041 3099 2297 3153 exercitus
2320 3098 2390 3151 ad
2419 3113 2576 3162 opera
2597 3096 2735 3164 ﬁlios
2765 3095 2941 3163 Asaplt
2958 3104 3006 3149 et
3037 3092 3238 3146 zEman
3275 3102 3323 3146 et
3350 3093 3604 3154 Idithum.

2041 3207 2197 3246 sonos
2221 3189 2430 3244 edentes
2469 3190 2526 3243 in
2554 3188 2796 3254 citharis,
2824 3189 2951 3242 etin
2981 3187 3177 3250 nablis,
3215 3194 3264 3239 et
3305 3187 3359 3238 in
3404 3196 3607 3256 tympa-

2041 3283 2122 3336 m's
2153 3281 2219 3334 “.
2250 3280 2439 3349 Itaque
2483 3279 2549 3333 de
2588 3277 2849 3348 patientia
2899 3276 3139 3345 psalmus
3181 3286 3410 3344 uterque
3443 3277 3610 3345 pluri-

2040 3389 2186 3428 mum
2221 3381 2442 3435 tractat,
2477 3387 2574 3441 per
2602 3385 2766 3440 quam
2792 3377 2851 3423 ut
2881 3369 3102 3422 sedatur
3157 3368 3322 3421 animi
3362 3369 3610 3437 indigna-

2042 3468 2148 3531 tio,
2209 3467 2281 3517 ita
2337 3464 2484 3518 omni
2558 3461 2810 3530 superbia
2867 3460 3270 3522 exterminata,
3327 3457 3609 3512 humilitas

2037 3556 2360 3626 acquiritur.
2390 3553 2532 3609 Fieri
2562 3554 2706 3607 enim
2732 3567 2840 3606 non
2873 3557 3068 3620 potest,
3093 3560 3152 3604 ut
3184 3551 3229 3604 is
3278 3549 3369 3618 qui
3421 3547 3608 3602 inﬁmo

2039 3652 2338 3719 ultimoque
2368 3648 2487 3702 loco
2513 3661 2641 3716 erga
2674 3659 2864 3700 omnes
2909 3643 3094 3698 haberi
3127 3658 3232 3696 non
3275 3642 3407 3707 vult,
3442 3655 3608 3712 queat

2038 3757 2273 3813 unquam
2305 3750 2396 3794 aut
2431 3740 2557 3793 dum
2588 3736 2846 3792 conviciis
2868 3735 3165 3804 impetitur,
3201 3735 3290 3786 ira:
3315 3733 3604 3796 dominari,

2039 3843 2132 3887 aut
2151 3833 2277 3886 dum
2305 3828 2621 3893 alliictatur,
2668 3842 2764 3896 per
2798 3825 3114 3894 patientiam
3155 3825 3485 3878 lentationes
3516 3838 3612 3878 su-

2037 3938 2252 3992 perare.
2281 3921 2382 3986 Qui
2416 3919 2560 3973 cnim
2597 3919 2663 3970 ad
2703 3928 2968 3970 summam
3023 3913 3378 3966 humilitatem
3417 3927 3606 3982 perve-

2038 4016 2136 4078 nit,
2172 4015 2216 4067 is
2247 4027 2368 4065 cum
2429 4011 2481 4064 in
2527 4007 2787 4063 conviciis
2834 4021 2984 4060 suam
3033 4004 3294 4058 vilitatem
3344 4005 3603 4074 majorem

2037 4110 2184 4177 prior
2227 4116 2516 4173 agnoscat,
2549 4101 2620 4156 ob
2674 4099 2840 4152 verba
2881 4098 3234 4168 ignominiosa
3265 4095 3446 4152 animo
3497 4113 3605 4152 nou

2037 4198 2516 4253 commovebitur:
2551 4192 2644 4246 scd
2685 4192 2729 4244 si
2771 4189 3070 4260 appelletur
3102 4205 3322 4260 pauper,
3361 4191 3511 4244 novit
3545 4207 3605 4244 se

2037 4290 2210 4358 ipsum
2240 4299 2529 4355 pauperem
2567 4297 2711 4344 esse,
2737 4292 2790 4335 et
2810 4281 3050 4335 omnium
3084 4280 3345 4350 indigum,
3389 4295 3451 4332 ac
3473 4295 3602 4347 quo-

359 4372 467 4423 τῶν
535 4371 792 4441 ῥημάτων
837 4371 933 4440 τῆς
970 4371 1220 4439 ἀτιμίας·
1275 4371 1388 4426 ἀλλ’
1434 4372 1528 4424 ἐὰν
1580 4373 1680 4442 μὲν
1725 4374 1931 4443 ἀκούσῃ

2043 4382 2242 4433 tidiano
2278 4375 2484 4431 Domini
2515 4371 2787 4441 stipendio
2810 4387 2942 4440 opus
2973 4371 3174 4425 habere
3203 4389 3216 4436 ;
3259 4371 3302 4425 si
3355 4386 3482 4424 vero
3508 4386 3604 4424 vu-

359 4463 548 4532 πένης,
583 4459 722 4514 οἶδεν
751 4462 941 4515 ἑαυτὸν
971 4464 1182 4533 πτωχὸν
1209 4465 1356 4529 ὅντα,
1386 4466 1480 4518 καὶ
1506 4467 1720 4519 πάντων
1755 4467 1932 4536 ἐνδεῆ,

357 4556 451 4608 καὶ
475 4556 574 4625 τῆς
602 4554 722 4608 καθ’
744 4555 957 4625 ἡμέραν
982 4556 1132 4626 παρὰ
1156 4556 1248 4609 τοῦ
1279 4559 1484 4627 Κυρίου
1514 4560 1777 4628 χορηγίας
1812 4561 1932 4612 ἐπι-

356 4647 642 4718 δεόμενον·
677 4646 770 4700 ἐὰν
805 4646 861 4698 δὲ
899 4646 1107 4719 ἀκούσῃ
1144 4647 1408 4721 δυσγενὴς
1447 4650 1541 4703 καὶ
1584 4650 1644 4714 ἐξ
1692 4651 1932 4720 ἀφανῶν,

2043 4480 2195 4525 cetur
2223 4466 2474 4538 ignobilis
2499 4474 2554 4518 et
2583 4465 2873 4527 obscurus,
2907 4462 3055 4531 prius
3077 4461 3178 4515 sibi
3223 4462 3272 4514 in
3312 4475 3412 4515 suo
3442 4461 3606 4514 corde

2043 4558 2292 4613 conscius
2331 4567 2437 4620 est,
2488 4561 2829 4623 procreatum
2868 4566 2988 4605 esse
3015 4565 3073 4604 se
3105 4566 3170 4604 ex
3203 4549 3332 4604 luto.
3364 4551 3605 4619 Quapro~

2047 4660 2162 4719 pter
2190 4648 2296 4701 illic
2324 4646 2537 4714 quidem
2566 4644 2664 4709 ait,
2697 4641 2821 4695 Dixi
2845 4658 2863 4695 :
2892 4639 3196 4694 Custodiam
3225 4640 3332 4694 vias
3365 4656 3504 4693 meas
3533 4639 3599 4703 ’⁵,

430 4761 473 4793 ³⁸
491 4760 620 4815 Luc.
648 4776 760 4826 xvr,
786 4761 877 4816 22.
953 4762 998 4793 ’³
1036 4760 1253 4818 lParal.
1289 4779 1395 4825 ενι,
1428 4764 1516 4817 42.
1596 4765 1639 4797 ³⁵
1672 4765 1686 4818 Ι
1720 4765 1893 4818 Parnl.
1932 4781 1940 4818 ι

2043 4809 2054 4831 ,
2087 4766 2138 4818 1.
2211 4763 2257 4795 ³⁸
2277 4759 2418 4816 Psal.
2445 4772 2673 4822 xxxvut,
2703 4753 2758 4808 2.

427 4926 535 4999 (62)
565 4924 855 4999 §ie_editio
884 4926 1048 4999 Basil.
1069 4939 1188 4980 Cum
1220 4925 1456 4999 quinque
1485 4927 1717 4999 mss._{lt
1742 4941 1920 4981 nostra

355 4995 520 5050 mlitio
543 4995 736 5068 ‘Paris.
763 4996 1116 5068 πτωχεύσεις.
1152 5010 1280 5068 non
1313 4997 1585 5068 itairecte.
1622 4996 1740 5050 Mox
1787 4999 1915 5068 Reg.

356 5065 625 5122 secundus
652 5080 773 5118 cum
807 5064 1042 5120 editione
1075 5065 1232 5119 Basil.
1260 5064 1615 5128 διαδέξονται.

429 5134 767 5207 (65)_Editio
816 5136 976 5189 Basil.
1037 5152 1159 5190 cum
1218 5147 1620 5207 quatuor__russ.
1665 5136 1747 5188 ὅτι
1806 5155 1922 5190 σου.

356 5204 530 5263 Editio
559 5204 739 5262 Paris.
769 5219 889 5258 cum
942 5221 1071 5258 mss.
1107 5220 1210 5273 non
1243 5205 1429 5273 paucis
1453 5205 1534 5258 ὅτι
1593 5222 1696 5258 σοι.
1731 5208 1924 5260 Statim

357 5279 508 5331 (λιιι).
541 5275 745 5346 primus
775 5275 1060 5346 Πείσωμεν
1085 5270 1197 5328 οὖν.

431 5344 556 5416 (64)
602 5345 815 5416 Initiqu
842 5344 1158 5416 [BaSiliam‘e
1226 5344 1643 5416 explanationis
1674 5345 1924 5398 tribuitur

360 5414 644 5471 Theodoro
703 5415 754 5468 in
827 5414 1027 5470 Catena
1100 5414 1447 5469 Corderiana.
1518 5415 1646 5466 Illud
1711 5431 1926 5483 quoque

361 5488 717 5553 fragmentum
752 5487 893 5553 quod
917 5485 1159 5553 proxime
1185 5486 1234 5536 in
1259 5498 1321 5537 ea
1348 5484 1612 5552 Anonymi
1649 5484 1925 5550 cujusdam

361 5557 574 5607 nomine
609 5555 809 5608 editum
845 5565 948 5620 est,
977 5554 1042 5608 ad
1095 5565 1338 5608 nostrum
1385 5553 1639 5608 Basilium
1680 5555 1931 5609 similiter

361 5628 610 5691 pertinet.

572 5695 659 5750 Sic
693 5711 823 5750 mss.
855 5704 910 5750 ct
935 5695 1096 5751 editio
1135 5693 1294 5748 anil.
1336 5694 1406 5747 At
1434 5692 1599 5749 editio
1631 5691 1804 5748 l’aris.
1838 5692 1927 5747 τοῦ

361 5765 542 5820 Δαϐίδ.

2103 4923 2216 4992 (66)
2242 4923 2391 4977 Colb.
2420 4931 2646 4992 quartus
2668 4919 2761 4974 καὶ
2788 4919 2904 4992 μετ’
2926 4917 3113 4979 αὐτοῦ,
3133 4931 3229 4969 nec
3258 4914 3411 4968 aliter
3439 4912 3603 4992 LXX.

2030 4995 2044 5047 I
2086 4986 2325 5060 Paralip.
2365 4986 2474 5056 xvi,
2511 4991 2602 5045 41.
2654 4993 2722 5044 At
2766 4986 2894 5043 editi
2925 5004 3046 5042 cum
3081 4996 3314 5056 quatuor
3341 5001 3470 5038 mss.
3509 4986 3604 5038 καὶ

2030 5064 2148 5134 μετέ
2167 5061 2370 5134 αὐτῶν.

2105 5133 2218 5203 (67)
2251 5134 2302 5186 lu
2357 5132 2570 5202 Anglic.
2632 5129 2800 5203 Αίθάν
2840 5128 3194 5203 _legitu_r__pro
3238 5123 3431 5203 Αίμάν.
3498 5125 3600 5176 Sed

2034 5195 2298 5271 vulgaiam
2368 5195 2648 5256 lccliouem
2712 5195 3196 5271 ᾼίμά-ν-οχῑιίιριιι
3244 5204 3299 5247 et
3349 5195 3486 5248 Uliv.
3548 5207 3602 5271 et

2036 5265 2202 5325 ιηιεῖτὶ
2249 5288 2377 5327 mss.
2406 5287 2509 5324 una
2564 5285 2686 5325 cum
2724 5265 2890 5322 LXX.
2920 5267 3036 5320 Mox
3080 5265 3229 5320 Colb.
3284 5274 3510 5332 quartus
3543 5266 3604 5315 ὲν

2033 5359 2152 5394 κινυ
2162 5359 2248 5394 aa.

2105 5359 2152 5394 νυ
2195 5359 2248 5394 α.

2105 5359 2214 5480 (ϐξ)
2243 5411 2314 5482 l_la
2354 5392 2448 5464 sex
2477 5409 2694 5482 mss.Al
2720 5407 2848 5482 editi
2871 5409 3038 5482 eratsi:
3076 5474 3097 5482 _
3361 5469 3404 5482 υ
3531 5471 3542 5482 υ

2107 5469 2219 5551 (69)
2258 5480 2388 5549 Reg.
2421 5476 2927 5551 sccuudusﬁrrtosé;
2956 5477 3048 5527 κα).
3075 5474 3320 5551 ἔσχατον.
3360 5469 3477 5551 Nec
3522 5471 3599 5551 ita

2036 5540 2211 5604 multo
2238 5540 2363 5619 ι)οεῖ
2386 5550 2552 5619 editio
2600 5548 2766 5601 Basil.
2804 5563 2923 5601 curn
2950 5540 3176 5619 duobus
3236 5558 3367 5619 mss.
3419 5540 3608 5619 πλεῖον

2035 5611 2252 5673 ὲαυτοῢῖ
2288 5619 2462 5674 Editio
2494 5617 2662 5673 Paris.
2697 5632 2817 5672 cum
2853 5615 3034 5671 multis
3070 5629 3197 5669 mss.
3226 5611 3444 5667 πλείονα
3480 5611 3599 5668 ἑαυ-

2034 5689 2126 5746 τοῦ
2136 5729 2148 5744 .
