4016 6220
400 331 502 386 471

1741 328 1798 384 S.
1842 329 2089 384 BASH."
2129 327 2341 382 MAGNI

3560 327 3682 381 £72

403 448 818 520 pt-rcatorisque
849 446 1280 512 conjurationent
1322 451 1533 508 narrat,
1593 453 1650 498 et
1702 447 1976 516 propriam

2088 440 2523 514 προειλημμένον
2553 439 2664 511 ἔχει
2695 442 2750 493 ὲν
2779 444 2844 512 τῇ
2875 439 3064 494 ἑαυτοῦ
3103 439 3296 511 καρδίᾳ
3321 440 3381 492 τὸ
3402 441 3463 493 ἐκ
3489 442 3678 511 πηλοῦ

404 541 745 610 patientiam.
779 538 910 593 Cum
939 540 1077 593 enim
1100 577 1116 602 ,
1151 538 1346 608 inquit,
1399 538 1704 590 consisteret
1734 551 1979 606 peccator

405 631 679 683 aduersum
719 645 824 691 me,
863 629 1101 682 obmutui
1140 637 1187 681 et
1230 628 1540 681 humiliatus
1584 643 1723 692 sum,
1769 637 1817 681 et
1851 628 1980 682 δὶίαὶ

404 739 436 774 a
483 722 630 774 bonis
669 721 734 772 “.
788 720 978 774 Postea
1040 721 1390 790 progrediens
1446 721 1561 774 ait:
1611 717 1980 772 Verumtamen

407 810 583 862 omnia
620 809 846 873 vanitas,
888 811 1059 863 omnis
1080 810 1234 863 homo
1273 811 1444 863 tinens
1484 810 1566 874 '7;
1595 809 1808 874 deinde,
1847 807 1980 862 The-

405 901 666 964 saurizat,
703 909 751 952 et
783 901 988 970 ignorat
1025 901 1110 954 cui
1137 901 1469 970 congregabit
1494 917 1555 954 ea
1577 902 1645 955 ’⁸.
1671 902 1742 953 At
1768 901 1818 953 itt
1845 915 1979 970 prte-

405 992 551 1047 senti
576 993 786 1061 psalmo
821 993 1138 1048 dubitanter
1177 997 1412 1061 orditur,
1445 994 1592 1049 velut
1626 995 1692 1048 ad
1740 995 1978 1047 animam

407 1099 562 1138 suam
613 1083 859 1154 loquens,
919 1093 1176 1154 tanquam
1208 1086 1252 1140 si
1297 1087 1483 1140 isthaee
1511 1100 1575 1139 ex
1612 1085 1762 1154 prius
1817 1083 1979 1141 dictis

407 1184 891 1243 consequerentur.
909 1175 1120 1230 Etenim
1145 1191 1210 1230 ne
1227 1177 1405 1230 anima
1435 1176 1614 1231 sensui
1643 1175 1826 1230 carnis
1854 1175 1982 1229 sub-

408 1265 543 1326 dita,
578 1264 644 1319 ad
671 1265 782 1320 iras
811 1275 867 1320 et
899 1265 1152 1320 tristitias
1177 1275 1499 1337 provocetur
1531 1285 1544 1322 :
1599 1268 1730 1331 Cur,
1781 1268 1977 1339 inquit,

408 1355 750 1410 aﬂ'ectionum
804 1357 1070 1413 malarum
1123 1375 1336 1414 servam
1374 1361 1513 1414 facio
1548 1361 1785 1414 animam
1814 1399 1830 1423 ,
1890 1362 1978 1414 cui

409 1448 655 1514 corporis
713 1447 1172 1518 aﬂ‘ectionumque
1221 1453 1338 1520 ejus
1373 1451 1533 1523 194
1579 1452 1918 1520 principatus
1949 1468 1979 1504 a

413 1538 544 1602 Deo,
575 1540 666 1608 qui
699 1555 820 1594 eam
867 1542 1134 1607 condidit,
1183 1546 1533 1600 concreditus
1580 1545 1706 1599 est?
1756 1545 1981 1614 Oportet

410 1630 594 1697 itaque
625 1631 895 1700 imperare
933 1631 1238 1698 affectibus,
1282 1643 1337 1690 et
1394 1636 1604 1690 servire
1657 1636 1788 1690 Deo.
1837 1635 1980 1690 Fieri

409 1720 553 1774 enim
594 1736 698 1775 non
730 1733 931 1792 potest,
964 1737 1023 1779 ut
1049 1725 1165 1794 ipsa
1206 1736 1262 1780 ct
1295 1742 1325 1780 a
1350 1737 1572 1796 peccato
1609 1736 1662 1782 et
1690 1741 1722 1782 a
1754 1727 1864 1781 Deo
1893 1743 1978 1781 re-

2083 535 2426 606 γεγενῆσθαι.
2455 534 2552 587 Διὰ
2577 533 2734 586 τοῦτο
2757 535 2873 585 ἐκεῖ
2891 533 2988 602 μέν
3008 549 3191 602 φησιν,
3208 527 3382 595 Εἷπα,
3408 533 3681 595 Φινλάξω

2083 629 2190 693 τὰς
2233 628 2410 696 ὁδούς
2457 644 2596 695 μου.
2629 627 2722 678 καὶ
2768 626 3034 696 διηγεῖται
3079 624 3170 677 τοῦ
3198 623 3524 694 ἁμαρτωλοῦ
3566 627 3678 693 τὴν

2083 721 2460 784 ὲπισύστασιν,
2502 720 2596 772 καὶ
2628 717 2724 788 τὴν
2767 719 2974 771 οἰκείαν
3013 716 3424 788 μακροθυμίαν·
3453 717 3550 769 Ἐν
3581 716 3676 781 τῷ

2084 811 2390 880 συστῆναι
2411 815 2542 880 γὰρ,
2559 812 2710 882 φησὶ,
2735 811 2840 864 τὸν
2863 809 3209 880 ἁμαρτωλὸν
3225 809 3504 862 ἐναντίον
3518 826 3670 876 μου,

2081 903 2404 974 ἐκωφώθην
2424 903 2525 957 καὶ
2553 903 2976 969 ὲταπεινώθην,
3009 900 3107 954 καὶ
3135 900 3394 969 ἑσίτησα
3424 899 3490 964 ἐξ
3521 901 3669 968 ἀγα-

2083 998 2204 1052 θῶν
2223 1014 2236 1027 ·
2271 991 2390 1050 εἶτα
2423 995 2628 1067 προῖὼν
2669 995 2850 1063 λέγει’
2890 995 3066 1062 Πλὴν
3097 994 3170 1046 τὰ
3199 995 3519 1062 σύμπαντα
3543 1008 3668 1060 μα-

2082 1089 2342 1154 ταιότης,
2395 1085 2514 1152 πᾶς
2568 1085 2876 1153 ἅνθρωπος
2918 1082 3058 1144 ζῶνι
3106 1078 3243 1144 εἶτα,
3291 1079 3665 1148 Θησαυρίζει,

2083 1180 2180 1232 καί
2208 1181 2278 1232 οὐ
2324 1177 2601 1247 γινώσκει
2651 1178 2771 1230 τίνι
2807 1175 3060 1240 συνάξει
3112 1173 3278 1228 αὐτά.
3337 1175 3423 1226 Ἐν
3474 1173 3530 1225 δὲ
3582 1173 3669 1242 τῷ

2086 1269 2432 1342 προκειμένῳ
2461 1267 2660 1338 ψαλμῷ
2688 1267 2914 1338 ἄρχεται
2951 1265 3372 1338 διαπορητικῶς,
3407 1264 3570 1317 οἱονεὶ
3591 1269 3667 1335 τῇ

2084 1361 2276 1416 ἑαυτοῦ
2323 1361 2467 1432 ψυχῇ
2531 1361 2932 1430 διαλεγόμενος,
2963 1359 3038 1422 ὼς
3083 1357 3141 1422 ἐξ
3189 1357 3506 1420 ἀκολουθίας
3551 1358 3668 1408 τῶν

2084 1453 2513 1524 προειρημένων.
2571 1453 2687 1504 Ἵνα
2747 1449 2853 1521 γὰρ
2923 1451 2996 1521 μὴ
3055 1448 3131 1520 τῷ
3207 1450 3509 1519 φρονήματι
3559 1448 3666 1515 τῆς

2086 1543 2288 1614 σαρκὸς
2325 1545 2357 1614 ἡ
2403 1543 2548 1614 ψυχὴ
2596 1543 2948 1609 ὑποταγείσα,
2987 1541 3123 1611 πρὸς
3154 1541 3318 1612 ὀργὰς
3355 1540 3446 1592 καὶ
3484 1539 3661 1602 λύπας

2081 1635 2483 1706 διερεθίξηται,
2547 1634 2634 1686 ἵνα
2678 1634 2751 1696 τί,
2790 1633 2942 1702 φησὶ,
2998 1632 3189 1702 δούλην
3242 1631 3498 1701 ποιοῦμαι
3545 1631 3662 1700 (70)

2086 1727 2337 1797 πονηρῶν
2370 1726 2560 1779 παθῶν
2606 1726 2707 1796 τὴν
2733 1724 2929 1794 ψυχὴν,
2962 1742 3032 1776 πα
3043 1723 3112 1794 ρὰ
3138 1723 3228 1777 τοῦ
3256 1723 3540 1784 κτίσαντος
3565 1723 3664 1775 αύ-

409 1822 606 1878 gatur:
645 1814 740 1868 sed
795 1823 853 1868 ut
885 1815 1104 1871 malitia
1148 1828 1363 1886 oportet
1412 1832 1530 1872 eant
1579 1819 1869 1882 dominari,
1908 1818 1980 1872 ita

2088 1820 2182 1890 τὴν
2221 1819 2356 1872 Θεοῦ
2401 1819 2500 1889 τὴν
2544 1817 2838 1888 ἠγεμονίαν
2889 1815 2983 1868 τοῦ
3021 1814 3269 1885 σώματος
3317 1816 3409 1868 καὶ
3459 1814 3567 1867 τῶν
3604 1815 3661 1865 ὲν

413 1905 640 1960 Domino
692 1906 1071 1962 universorum
1117 1910 1419 1978 subjectam
1465 1924 1606 1964 esse.
1640 1909 1819 1977 Quare
1848 1909 1980 1964 Pro-

412 1995 570 2064 pheta
620 1997 905 2068 insurgens
937 1999 990 2052 in
1043 2014 1188 2063 eum,
1221 2001 1312 2069 qui
1365 2000 1692 2055 tentationes
1727 2001 1978 2062 inducit,

412 2088 747 2160 multamque
789 2091 1054 2146 malorum
1108 2093 1325 2146 turbam
1369 2094 1419 2148 ei
1453 2095 1682 2157 excitat,
1718 2103 1773 2147 et
1821 2107 1977 2147 suum

411 2179 649 2234 studium
681 2181 734 2234 in
765 2181 818 2236 id
844 2183 1077 2247 confert,
1109 2194 1165 2236 ut
1196 2185 1422 2252 spiritus
1444 2184 1743 2239 celsitatem
1777 2186 1984 2253 redigat

411 2269 466 2322 in
493 2271 812 2327 servitutem
843 2273 915 2338 “,
941 2288 1004 2328 ac
1027 2274 1201 2344 ipsum
1225 2276 1379 2330 carni
1408 2277 1682 2348 subjiciat,
1718 2275 1865 2331 velut
1897 2291 1982 2330 ro-

411 2360 686 2431 darguens
707 2378 899 2418 vanam
929 2365 1076 2421 illius
1097 2366 1387 2422 adversum
1426 2382 1488 2424 se
1512 2368 1829 2432 versutiam,
1869 2369 1982 2424 hate

411 2453 542 2507 dicit
573 2471 589 2508 :
622 2455 760 2521 Quid
784 2471 869 2512 me
897 2458 1104 2512 servire
1119 2459 1269 2530 cogis
1299 2459 1366 2515 iis
1393 2459 1589 2529 quibus
1613 2460 1694 2513 fas
1725 2473 1828 2512 nou
1848 2460 1978 2514 est?

412 2542 543 2599 Mihi
573 2545 830 2603 Dominus
867 2559 970 2612 est,
1004 2564 1241 2620 agnosco
1269 2565 1453 2606 verum
1489 2553 1712 2622 Regem.

2086 1910 2235 1981 αὐτῷ
2265 1909 2603 1979 παθημάτων
2632 1908 3110 1976 πεπιστευμένην;
3141 1909 3233 1958 Δεῖ
3263 1908 3444 1959 τοίνυν
3472 1907 3661 1977 ἄρχειν

2089 2003 2187 2074 μὲν
2210 2001 2318 2054 τῶν
2345 1999 2550 2065 παθῶν,
2573 1996 2840 2051 δουλεύειν
2859 1997 2914 2049 δὲ
2937 1997 3015 2067 τῷ
3040 1995 3177 2066 Θεῷ.
3218 1997 3520 2066 Ἀμήχανον
3552 1995 3663 2064 γὰρ

2086 2091 2255 2160 αὐτὴν
2289 2089 2382 2142 καὶ
2420 2087 2524 2140 ὑπὸ
2553 2086 2655 2156 τῆς
2694 2086 2966 2156 ἁμαρτίας
3001 2082 3399 2154 βασιλεύεσθαι,
3431 2084 3523 2135 καὶ
3556 2083 3664 2134 ὑπὸ

2087 2181 2180 2234 τοῦ
2209 2180 2344 2232 Θεοῦ
2364 2195 2377 2208 ·
2411 2178 2546 2232 ἀλλὰ
2590 2177 2672 2230 δεῖ
2719 2176 2920 2239 κακίας
2966 2176 3063 2246 μὲν
3096 2177 3432 2245 ἐπικρατεῖν,
3467 2173 3542 2244 τῷ
3568 2176 3664 2226 Δε-

2092 2273 2263 2342 σπότῃ
2283 2271 2340 2324 δὲ
2369 2270 2478 2323 τῶν
2504 2269 2641 2322 ὅλων
2684 2267 3066 2338 ὑποτετάχθαι.
3108 2265 3209 2318 Διὰ
3241 2265 3400 2319 τοῦτο
3439 2266 3663 2318 ἀποτει-

2089 2365 2311 2434 νόμενος
2333 2364 2361 2415 ὁ
2399 2363 2687 2432 Προφήτης
2728 2359 2806 2430 τῷ
2837 2359 3093 2426 ἐπάγοντι
3135 2358 3261 2420 τοὺς
3301 2357 3659 2428 πειρασμοὺς,

2089 2451 2294 2506 καὶτὸν
2323 2449 2487 2502 πολὺν
2527 2447 2681 2518 ὄχλον
2716 2446 2866 2516 αὐτῷ
2909 2445 3016 2498 τῶν
3061 2444 3248 2498 κακῶν
3291 2445 3404 2515 (71)
3445 2443 3666 2512 ἐπεγείι

2094 2559 2258 2617 ροντι,
2287 2541 2382 2594 καὶ
2408 2538 2640 2609 σπουδὴν
2671 2537 2845 2608 ἔχοντι
2871 2535 3279 2606 ὼυλαγωγῆσαι
3320 2536 3378 2588 τὸ
3408 2536 3664 2606 φρόνημα

409 2634 502 2688 τοῦ
533 2637 870 2708 πνεύματος,
909 2641 1002 2695 καὶ
1047 2644 1350 2714 ὑπορρῖψαι
1393 2646 1526 2699 αὐτὸ
1589 2649 1654 2718 τῇ
1712 2647 1911 2720 σαρκὶ,
1941 2636 2052 2696 οἷον
2091 2636 2330 2705 ἐλέγχων
2381 2631 2547 2685 αὑτοῦ
2583 2632 2818 2702 ματαίαν
2849 2626 3013 2683 οὖσαν
3055 2629 3154 2700 τὴν
3188 2630 3307 2683 κατ’
3346 2630 3510 2720 αύτοῦ
3542 2630 3664 2680 ἔπε’

410 2741 580 2792 νοιαν,
609 2731 784 2787 ταῦτά
809 2750 968 2804 φησι·
997 2736 1061 2788 Τί
1097 2754 1163 2806 με
1196 2737 1358 2811 βιάζῃ
1384 2738 1654 2794 δουλεύειν
1685 2735 1766 2804 οἷς
1789 2741 1862 2811 μὴ
1894 2737 2085 2806 θέμις;
2123 2730 2274 2797 Ἐχω
2295 2723 2595 2795 Δεσπότην,
2626 2720 2878 2794 γνωρίζω
2904 2721 2996 2774 τὸν
3024 2719 3239 2791 ἀληθῶς
3263 2719 3512 2774 Βασιλέα.

478 2821 535 2875 2.
561 2821 752 2878 Nonne
776 2825 885 2881 Deo
909 2827 1144 2898 subjecta
1183 2831 1283 2883 erit
1331 2832 1511 2884 anima
1540 2835 1701 2888 mea?
1749 2832 1813 2885 ab
1865 2832 1978 2898 ipso

408 2915 547 2969 enim
586 2915 820 2972 salutare
854 2935 1047 2974 meum.
1087 2920 1318 2976 Causam
1346 2923 1484 2977 dixit
1513 2939 1610 2978 cur
1641 2924 1836 2993 subjici
1864 2935 1979 2978 stu-

2154 2821 2208 2874 2.
2244 2818 2390 2887 Οὐχὶ
2433 2816 2513 2882 τῷ
2567 2815 2688 2881 Θεῷ
2740 2812 3180 2884 ὑποταγήσεται
3223 2813 3262 2880 ἢ
3295 2811 3464 2881 ψυχή
3503 2827 3663 2880 μους

2084 2911 2218 2981 παρ’
2253 2908 2437 2964 αὑτοῦ
2473 2909 2584 2978 γὰρ
2617 2906 2684 2959 τὸ
2719 2903 3016 2973 σωτήριόν
3038 2922 3177 2974 μου.
3209 2903 3318 2974 Τὴν
3343 2902 3517 2957 αἰτίαν
3538 2898 3662 2954 εἷπε

410 3007 537 3062 deat
565 3025 580 3062 :
613 3010 870 3078 quoniam
903 3025 934 3064 ι
959 3011 1072 3067 Deo
1105 3013 1348 3068 salutare
1374 3023 1477 3069 est.
1525 3013 1809 3084 Pmprium
1833 3015 1977 3070 enim

2088 3005 2184 3074 τῆς
2218 3000 2346 3073 περὶ⁵
2376 2999 2475 3072 τὴν
2517 2996 2798 3067 ὑποταγὴν
2847 2995 3107 3065 σπουδῆς·
3155 2995 3238 3048 ὅτι
3286 2994 3346 3048 τὸ
3394 2995 3663 3064 σωτήριον

411 3097 637 3169 Opiﬂcis
659 3110 762 3165 est,
793 3101 1130 3170 opidciorum
1165 3117 1386 3160 suorum
1433 3105 1859 3162 incolumitatem
1887 3121 1982 3161 cu—

412 3204 559 3245 rare.
613 3189 730 3256 Vel,
760 3193 834 3245 Ab
878 3193 992 3262 ipso
1022 3193 1260 3250 salutare
1291 3204 1408 3262 est;
1461 3196 1721 3266 quoniam
1748 3199 1983 3267 prophe-

412 3282 520 3335 tice
543 3283 844 3350 praevidens
872 3283 1110 3339 futuram
1139 3300 1264 3341 esse
1305 3289 1536 3358 gratiam
1585 3287 1984 3345 incarnationis

411 3376 646 3443 Domini,
677 3379 791 3434 haec
824 3379 996 3436 dicit:
1031 3381 1286 3436 nimirum
1323 3383 1431 3439 Deo
1471 3384 1678 3440 servire
1709 3395 1982 3454 oportere,

411 3479 469 3524 et
496 3470 674 3539 ipsum
699 3472 944 3543 diligere,
969 3473 1060 3543 qui
1082 3473 1404 3529 beneﬁcium
1442 3486 1646 3531 tantum
1682 3477 1834 3545 prior
1857 3492 1986 3532 cou-

413 3559 602 3616 tulerit
633 3563 686 3615 in
725 3563 1003 3618 hominum
1058 3580 1252 3634 genus,
1284 3576 1344 3621 ut
1397 3583 1465 3623 ne
1515 3569 1734 3638 proprio
1769 3570 1982 3639 quidem

416 3651 558 3706 Filio
585 3656 912 3723 pepercerit,
955 3656 1048 3711 sed
1077 3671 1176 3726 pro
1205 3657 1360 3712 nobis
1392 3661 1645 3716 omnibus
1691 3661 1841 3715 illum
1875 3670 1984 3716 tra-

411 3743 613 3799 diderit
657 3746 725 3800 ³⁸.
755 3745 870 3802 Mos
911 3757 998 3802 est
1044 3749 1188 3803 enim
1232 3748 1548 3818 Scripturte,
1605 3762 1662 3806 ut
1705 3750 1981 3806 Christum

416 3834 796 3900 Dei,~salutare
828 3839 1096 3907 appellet;
1129 3840 1273 3894 sicut
1311 3839 1509 3895 alicubi
1562 3842 1727 3897 etiam
1763 3841 1982 3897 Simeon

414 3931 490 3984 ait
525 3949 543 3985 :
574 3931 729 3985 Nunc
767 3933 992 3986 dimittis
1019 3950 1226 3988 servum
1260 3944 1432 3999 tuum,
1466 3934 1720 3999 Domine,
1761 3937 1886 4007 quia
1908 3937 1985 3990 vi-

416 4023 606 4076 derunt
628 4024 766 4077 oculi
796 4025 895 4078 mei
922 4024 1158 4080 salutare
1202 4036 1353 4080 tuum
1379 4028 1446 4080 ³¹.
1483 4027 1846 4097 Suhjiciamur
1887 4029 1986 4098 igi-

416 4123 502 4166 tur
544 4115 672 4181 Deo,
711 4117 854 4185 quod
903 4118 1141 4172 salutare
1175 4119 1244 4174 ab
1273 4119 1394 4188 ipso
1445 4127 1549 4174 est.
1605 4120 1745 4186 Quid
1801 4131 1982 4177 autem

414 4205 484 4256 sit
515 4205 774 4274 salutare,
835 4208 1087 4278 explicat.
1137 4207 1254 4265 Non
1297 4208 1437 4263 nuda
1471 4210 1716 4279 qua-dam
1743 4221 1829 4266 est
1851 4227 1983 4281 ope-

417 4295 560 4349 ratio
587 4339 600 4361 ,
655 4296 889 4366 aliquam
928 4299 1082 4354 nobis
1131 4299 1544 4354 beneﬁcentiam
1594 4300 1845 4365 aﬂ'erens,
1877 4318 1982 4372 qua

2083 3096 2232 3169 παρὰ
2261 3095 2352 3148 τοῦ
2372 3091 2526 3148 Θεοῦ.
2554 3091 2712 3144 Ἰδιον
2739 3088 2849 3160 γὰρ
2877 3085 3219 3160 Δημιουργοῦ
3247 3086 3306 3139 τὸ
3335 3086 3440 3139 τῶν
3464 3085 3662 3138 ἑαυτοῦ

2085 3189 2407 3259 ποιημάτων
2433 3185 2548 3255 (72)
2587 3185 2685 3254 τῆς
2713 3180 3012 3250 ἀσφαλείας
3034 3178 3359 3251 φροντίζειν.
3389 3177 3479 3242 Ἦ,
3513 3179 3663 3243 Παρ⁹

2083 3278 2268 3334 αὑτοῦ
2295 3279 2362 3333 τὸ
2393 3275 2687 3344 σωτήριον
2705 3294 2718 3305 ο
2742 3272 2930 3344 ἐπειδὴ
2956 3272 3308 3344 προῳητικῶς
3339 3270 3663 3341 προορώμε-

2083 3388 2172 3434 νος
2193 3371 2290 3440 τὴν
2315 3369 2610 3440 μέλλουσαν
2631 3365 2850 3420 ἔσεσθαι
2888 3366 3049 3436 χάριν
3074 3365 3170 3434 τῆς
3198 3362 3664 3432 ὲνανθρωπήσεως

2083 3461 2176 3516 τοῦ
2200 3461 2428 3532 Κυρίου,
2451 3457 2626 3512 ταῦτά
2655 3474 2846 3528 φησιν·
2872 3457 2953 3510 ὅτι
2981 3455 3248 3508 δουλεύειν
3281 3454 3359 3506 δεῖ
3401 3454 3479 3522 τῷ
3515 3451 3661 3522 Θεῷ,

2086 3554 2180 3608 καὶ
2204 3554 2421 3624 ἀγαπᾷν
2446 3550 2628 3613 αὑτὸν,
2667 3550 2726 3613 ὃς
2765 3548 3099 3619 τηλικαύτην
3137 3545 3453 3617 εὐεργεσίαν
3492 3547 3573 3607 εἰς
3599 3544 3664 3596 τὸ

2085 3645 2240 3715 γένος
2280 3643 2386 3697 τῶν
2428 3641 2728 3714 ἀνθρώπων
2777 3638 3244 3710 προκατεϐάλετο,
3294 3637 3369 3699 ὡς
3406 3635 3542 3706 μηδὲ
3564 3633 3662 3686 τοῦ

2090 3736 2217 3789 ἰδίου
2251 3733 2381 3787 Υἱοῦ
2408 3733 2716 3802 φείσασθαι,
2739 3731 2850 3784 ἀλλ’
2877 3729 3016 3799 ὑπὲρ
3053 3728 3268 3781 πάντων
3298 3725 3456 3797 ἡμῶν
3483 3742 3662 3796 παρα-

2084 3849 2284 3902 δοῦναι.
2321 3848 2589 3918 Σωτήριον
2621 3846 2730 3917 γὰρ
2777 3845 2896 3908 ἔθος
2931 3842 3215 3914 ὀνομάζειν
3256 3844 3320 3912 τῇ
3345 3841 3534 3912 Γραφῇ
3567 3841 3662 3892 τὸν

2085 3938 2318 4008 Χριστὸν
2361 3937 2452 3990 τοῦ
2490 3937 2626 3990 Θεοῦ
2648 3954 2661 3967 ·
2695 3937 2770 3999 ὣς
2805 3953 2906 3988 που
2943 3935 3036 3988 καὶ
3076 3930 3299 4001 Συμεών
3331 3948 3464 3999 φησι
3486 3947 3498 3961 °
3529 3931 3663 3984 Νῦν

2085 4029 2369 4094 ἀπολύεις
2396 4028 2504 4081 τὸν
2522 4027 2747 4082 δοῦλόν
2766 4041 2904 4090 σου,
2927 4025 3197 4078 Δέσποτα
3215 4023 3324 4092 (75)
3342 4039 3355 4052 ·
3382 4022 3468 4074 ὅτι
3495 4021 3663 4075 εἶδον

2086 4123 2139 4172 οί
2185 4120 2481 4188 ὀφθαλμοί
2516 4137 2636 4187 μου
2670 4118 2734 4171 τὸ
2770 4117 3065 4184 σωτήριόν
3099 4131 3234 4168 σου.
3274 4112 3662 4182 ’Υποταγησὼ-

2090 4207 2227 4278 μεθα
2275 4203 2366 4262 οὖν
2415 4207 2494 4277 τῷ
2539 4207 2677 4276 Θεῷ,
2707 4206 2840 4258 διότι
2873 4207 3004 4276 παρ’
3048 4203 3211 4257 αὑτοῦ
3265 4202 3327 4254 τὸ
3370 4204 3658 4272 σωτήριον.

2088 4298 2153 4351 Τί
2201 4299 2260 4352 δέ
2303 4301 2417 4352 ἐστι
2471 4298 2532 4352 τὸ
2585 4300 2868 4368 σωτήριον,
2911 4297 3222 4368 ἐρμηνεύει.
3270 4293 3384 4348 Οὐκ
3411 4293 3661 4364 ἐνέργειὰ

417 4387 486 4440 ab
541 4387 856 4443 inﬁrmitate
900 4388 1210 4455 liberemur,
1263 4389 1510 4460 bonaque
1545 4391 1790 4461 corporis
1825 4394 1982 4448 habi-

2088 4404 2168 4450 τις
2222 4387 2371 4458 ψιλὴ,
2424 4387 2584 4458 χάριν
2642 4386 2764 4440 τινὰ
2807 4389 2937 4457 ἡμῖν
2992 4386 3340 4458 παρεχομένη
3378 4390 3458 4450 εἰς
3485 4389 3660 4440 ἀπαλ-

419 4477 605 4532 tudine
625 4488 859 4538 utamur.
886 4482 990 4537 Sed
1021 4481 1148 4552 quid
1174 4491 1260 4538 eSt
1302 4481 1582 4537 salutare?
1611 4481 1770 4538 Vens.
1801 4484 1856 4540 5.
1888 4483 1982 4538 Et-

417 4570 556 4622 em‘m
600 4570 710 4637 ipse
761 4570 901 4626 Deus
948 4588 1092 4626 meus
1125 4582 1176 4626 et
1223 4570 1468 4626 Salvator
1502 4588 1667 4638 meus,
1715 4585 1980 4644 susceptor

417 4676 593 4725 meus;
628 4679 732 4716 non
765 4665 1005 4718 movebar
1031 4663 1276 4718 multum.
1303 4662 1490 4731 Filius,
1517 4667 1606 4734 qui
1641 4681 1708 4721 ex
1742 4666 1852 4723 Deo
1879 4679 1982 4733 est,

420 4751 562 4808 Deus
595 4763 778 4809 noster
823 4765 929 4812 est.
980 4756 1123 4810 Idem
1155 4756 1320 4810 etiam
1376 4756 1624 4811 Salvator
1654 4767 1732 4812 est
1773 4759 1988 4827 generis

417 4843 664 4915 humani,
708 4849 1041 4904 debilitatem
1089 4859 1327 4904 nostram
1373 4849 1621 4914 fulciens,
1646 4865 1708 4904 ac
1742 4866 1987 4904 commo-

2089 4483 2260 4555 λαγὴν
2311 4483 2615 4546 ἀσθενείας,
2656 4483 2748 4535 καὶ
2794 4481 3042 4553 σώματος
3093 4483 3322 4549 εὐεξίαν.
3394 4483 3551 4537 Ἀλλά
3606 4485 3661 4536 τί

2085 4575 2200 4628 ἐστι
2265 4574 2328 4627 τὸ
2399 4575 2695 4645 σωτήριον;
2762 4573 2873 4628 Καὶ
2925 4574 3032 4643 γὰρ
3089 4575 3270 4638 αὐτὸς
3335 4575 3477 4641 Θεός
3537 4591 3659 4644 μου

2082 4666 2180 4718 καὶ
2232 4664 2434 4733 Σωτήρ
2488 4683 2630 4734 μου,
2679 4663 3054 4732 ἀντιλήπτωρ
3095 4683 3214 4733 μου
3242 4683 3254 4696 °
3290 4667 3361 4718 οὐ
3411 4665 3499 4735 μὴ
3549 4680 3661 4718 σα-

2081 4759 2275 4812 λευθῶ
2317 4758 2413 4812 ἐπὶ
2459 4758 2669 4812 πλεῖον
2714 4758 2847 4828 (74).
2881 4756 3011 4820 Θεὸς
3050 4758 3207 4827 ἡμῶν
3244 4761 3389 4811 ἐστιν
3414 4761 3442 4810 ὁ
3469 4761 3533 4811 ὲκ
3562 4758 3659 4810 τοῦ

2085 4852 2220 4905 Θεοῦ
2269 4854 2414 4916 Υἱός.
2474 4853 2533 4905 '0
2587 4851 2749 4914 αὐτὸς
2792 4851 2884 4904 καὶ
2933 4850 3123 4923 Σωτὴρ
3163 4851 3258 4904 τοῦ
3306 4852 3496 4919 γένους
3548 4851 3660 4902 τῶν

484 4958 530 4988 ³⁸
557 4957 701 5013 Psal.
748 4975 976 5028 xxxvm,
1003 4961 1057 5016 5.
1131 4962 1174 4992 ’⁷
1203 4960 1332 5015 ibid.
1369 4959 1420 5014 6.
1495 4962 1540 4992 ’⁸
1559 4961 1685 5019 ibid.
1723 4963 1773 5016 7.
1830 4961 1912 5016 "l
1950 4961 2075 5018 Cor.
2107 4979 2182 5030 Ix,
2208 4961 2300 5018 27.
2375 4964 2420 4994 ³ο
2438 4963 2594 5017 Rom.
2631 4963 2856 5026 vut,32.
2931 4964 2973 4995 ³¹
3016 4962 3146 5019 Luc.
3172 4980 3230 5027 ll,
3256 4964 3345 5027 21),
3377 4964 3466 5018 130.

491 5091 603 5162 ('70)
632 5091 783 5145 Colb.
805 5101 1030 5160 quartus
1059 5091 1255 5162 δούλην
1282 5091 1566 5160 ποιοῦμεν.

490 5159 600 5232 (71)
633 5162 765 5233 Reg.
810 5159 999 5218 tertius
1024 5163 1178 5232 ὄχλον
1201 5159 1307 5214 τῶν
1331 5161 1535 5225 παθῶν,
1567 5163 1770 5216 turbam
1805 5164 1999 5231 cupidi-

420 5241 610 5287 totum.

489 5302 602 5373 (ΤΞ)
627 5299 1043 5373 (ἷοιϋηιιυειῃιιε
1071 5302 1181 5355 τῶν
1213 5302 1404 5356 ἑαυτοῦ
1441 5301 1960 5373 δημιουργημάτων.

490 5371 604 5441 (75)
641 5371 712 5423 lta
743 5371 909 5424 editio
941 5370 1105 5426 Basil.
1135 5381 1188 5424 et
1237 5384 1360 5427 orto
1393 5370 1525 5426 mss.
1556 5370 1704 5424 Atin
1752 5373 1992 5426 editione

421 5437 594 5494 Paris;
629 5449 749 5508 post
776 5455 958 5494 vocem
987 5441 1236 5495 Δέσποτα
1266 5442 1443 5496 addita
1476 5450 1592 5495 sunt
1622 5441 1730 5506 illa,
1765 5442 1904 5495 κατὰ
1934 5443 1994 5494 τὸ

420 5510 696 5582 ῥῆμά-σου
737 5513 794 5582 ὲν
824 5511 1014 5582 εἰρήνῃ
1047 5543 1060 5565 ι
1099 5513 1191 5565 sed
1249 5513 1375 5577 quin
1420 5527 1484 5564 ex
1543 5511 1831 5580 Evangelio
1888 5512 1991 5566 huc

422 5579 682 5631 translata
711 5581 840 5644 sint,
875 5579 1094 5635 dubium
1120 5596 1224 5634 non
1261 5583 1454 5635 habeo.

490 5647 603 5719 (7i)
644 5647 894 5703 Verterat
921 5651 1190 5718 interpres
1213 5667 1277 5704 ex
1319 5650 1562 5719 Vulgata,
1594 5648 1717 5703 Non
1749 5650 1987 5704 movebar

427 5715 670 5784 amplius.
727 5719 830 5774 Sed
881 5735 1002 5779 cum
1033 5715 1135 5775 vox
1192 5715 1855 5789 amplius'accomtuodari
1895 5723 1980 5775 vix

2095 5108 2256 5164 posse
2288 5094 2536 5147 videatur
2568 5094 2633 5148 ad
2681 5093 3002 5164 Basilianam
3035 5094 3498 5164 explanationem,
3560 5111 3659 5146 nos

2095 5163 2217 5217 eum
2250 5164 2577 5217 Combelisio
2605 5163 2825 5216 multum
2857 5165 3203 5232 interpretari
3235 5163 3540 5216 maluimus.
3571 5165 3658 5214 At.

2095 5249 2198 5301 que
2257 5235 2394 5286 hanc
2427 5246 2665 5288 nostram
2699 5233 3088 5301 interpretandi
3129 5233 3392 5286 rationem
3428 5248 3457 5284 a
3505 5233 3657 5286 Scri-

2094 5313 2268 5370 ptura:
2300 5318 2458 5356 sensu
2514 5318 2616 5356 non
2669 5303 2944 5364 aberrare,
2985 5317 3049 5356 ex
3106 5301 3360 5369 Hexaplis
3403 5305 3656 5369 cognosci

2098 5383 2291 5438 potest.
2327 5373 2381 5425 ln
2417 5373 2481 5427 iis
2509 5374 2650 5426 enim
2683 5387 2749 5426 ex
2785 5371 3007 5426 Hebraeo
3036 5374 3113 5426 sic
3140 5375 3388 5433 vertitur,
3417 5371 3538 5424 Non
3577 5371 3654 5424 la-

2099 5441 2193 5494 bar
2231 5442 2474 5496 multum.
2538 5441 2647 5494 Hoc
2677 5443 2814 5494 idem
2850 5443 3084 5495 ostendit
3130 5451 3182 5496 et
3228 5442 3475 5508 Aquilas,
3528 5445 3654 5492 dum

2099 5512 2173 5583 ita
2212 5513 2720 5583 interpr_etatus__cst
2769 5513 2844 5564 οὐ·
2880 5512 3220 5583 σφαλήσομαι
3261 5511 3479 5583 πολλήν,
3533 5508 3652 5583 Non

2098 5581 2252 5632 labar
2304 5581 2546 5633 multam.
2579 5581 2698 5634 Mox
2739 5580 3388 5650 operarum'ttegligentia
3422 5580 3648 5650 prob:-

2094 5650 2314 5721 ερείδων
2341 5652 2540 5707 editum
2571 5653 2744 5706 fuerat
2763 5653 2814 5707 itt
2843 5652 3078 5708 editione
3103 5649 3269 5706 Paris.
3310 5649 3596 5723 ὑπεριδών.
