4016 6220
306 331 416 383 475

1476 324 1758 380 llOMlLIA
1802 323 1867 378 IN
1908 319 2243 377 PSALMUM
2284 318 2421 375 LXI.

3475 321 3579 374 471»

308 446 637 519 ἀνθρώπων,
697 444 725 494 6
773 443 833 495 τὸ
890 443 1116 506 ἀσθενὲς
1164 442 1319 514 ἡμῶν
1375 442 1698 511 ὑπερείδων,
1733 442 1761 493 6
1805 441 1893 492 τὸν

2002 440 2199 494 tionem
2240 452 2306 493 ex
2345 436 2741 492 tentationibus
2794 436 2991 491 animis
3039 437 3241 492 nostris
3288 437 3583 496 advenien—

305 546 370 595 ὲκ
405 541 512 591 τῶν
550 536 877 609 πειρασμῶν
916 537 1268 608 ἐγγινόμενον
1334 537 1453 598 ταῖς
1498 535 1700 605 ψυχαῖς
1732 533 1893 605 ήμῶν

306 634 468 687 σάλον
497 629 985 702 ἐπανορθούμενος.
1007 632 1087 684 Οὐ
1108 629 1193 699 μὴ
1216 627 1496 683 σαλευθῶ
1522 628 1623 680 ἐπὶ
1658 626 1888 680 πλεῖον*

305 724 669 795 ἀνθρωπίνως
734 722 990 793 ὁμολογεῖ
1051 720 1142 773 τὸν
1212 720 1393 774 σάλον.
1468 719 1601 772 Ἐπὶ
1657 715 1893 778 πλεῖον,

322 818 625 887 Ἀμήχανον
660 814 768 886 γὰρ
806 816 861 866 ὲν
895 812 1184 884 ἀνθρώπου
1219 813 1330 883 (75)
1362 811 1507 881 ψυχῇ
1543 810 1617 881 μὴ
1639 807 1893 878 γενέσθαι

306 911 430 963 τινὰ
462 910 622 963 σάλον
667 908 775 962 ἀπὸ
820 907 928 961 τῶν
964 906 1311 978 πειρασμῶν.
1349 906 1495 968 Ἕως
1540 903 1640 973 μὲν
1668 898 1760 957 οὖν
1800 920 1892 972 μι-

307 1003 415 1073 κρά
455 1002 842 1074 ἁμαρτάνομεν
888 1000 981 1053 καὶ
1023 999 1199 1067 ὀλίγα,
1252 998 1442 1069 ὥσπερ
1488 996 1559 1048 τά
1603 996 1747 1066 φυτὰ
1790 993 1895 1047 ὑπὸ

308 1095 542 1165 πραείας
570 1093 744 1163 αὔρας
781 1090 1225 1162 περιδονούμενοι
1272 1089 1405 1159 (76),
1437 1088 1621 1158 ἠρέμα
1652 1103 1768 1149 πως
1800 1103 1896 1139 σα·-

306 1186 575 1256 λευόμεθα
597 1204 610 1217 ο
647 1185 866 1239 ἐπειδὰν
894 1185 953 1237 δὲ
980 1184 1150 1237 πλείω
1179 1183 1271 1235 καὶ
1304 1180 1525 1253 μείζονα
1624 1180 1694 1232 τὰ
1723 1178 1891 1239 κακὰ,

307 1282 448 1334 κατά
478 1279 576 1349 τὴν
596 1278 887 1347 ἀναλογίαν
910 1277 1013 1348 τῆς
1040 1276 1151 1329 τῶν
1177 1274 1593 1346 ἁμαρτημάτων
1616 1273 1894 1343 αὐξήσεως

306 1372 402 1425 καὶ
445 1374 473 1423 ὁ
513 1371 671 1434 σάλος
706 1369 1076 1424 ἐπιτείνεσθαι
1127 1368 1363 1437 πέφυκε.
1414 1366 1523 1418 Καὶ
1573 1366 1623 1417 οἱ
1669 1364 1766 1434 μὲν
1802 1363 1895 1416 ἐπὶ

307 1464 491 1515 πλεῖον
526 1461 882 1516 σαλεύονται·
913 1463 962 1514 οἱ
992 1461 1047 1513 δὲ
1095 1460 1256 1532 μέχρι
1298 1459 1393 1511 τοῦ
1437 1458 1532 1511 καὶ
1580 1457 1893 1529 αὑτόρῤιζοι

306 1553 712 1625 ἀνατραπέντες
755 1552 1182 1623 καταϐληθῆναι,
1235 1552 1363 1603 ὅταν
1396 1549 1663 1612 λαίλαπος
1713 1547 1895 1617 πάσης

308 1646 613 1719 βιαιότερον
661 1645 730 1698 τά
778 1644 1127 1715 πνευματικά
1164 1644 1264 1712 τῆς
1291 1641 1557 1713 πονηρίας
1584 1640 1682 1703 τὰς
1731 1638 1895 1691 οἱονεὶ

308 1739 464 1811 ῥίζας
490 1740 591 1809 τῆς
614 1738 811 1810 ψυχῆς,
862 1732 950 1801 αἷς
976 1737 1339 1807 ἐπεστήρικτο
1376 1730 1487 1805 (77)
1519 1735 1583 1803 τῇ
1614 1732 1791 1784 πίστει
1827 1734 1890 1802 τῇ

2003 542 2109 585 tem
2134 531 2439 601 corrigens.
2480 529 2607 584 Non
2634 530 2877 583 movebar
2916 528 3159 583 multum.
3192 529 3438 587 Humano
3466 549 3582 587 mo-

2001 640 2060 678 re
2119 623 2410 678 conﬁtetur
2447 623 2891 695 commotionem.
2949 622 3200 676 Multum.
3235 621 3378 678 Fieri
3434 626 3578 679 enim

2001 733 2105 771 non
2150 726 2325 787 potest
2376 726 2433 770 ut
2467 717 2517 770 in
2571 717 2808 771 hominis
2858 729 3049 771 natura
3101 720 3397 773 commotio
3433 721 3576 773 nulla

1998 809 2266 862 excitetur
2299 824 2329 862 a
2359 808 2768 863 tentationibus.
2807 811 2939 864 Dum
2972 811 3135 880 igitur
3165 828 3327 880 parva
3359 822 3412 867 et
3442 830 3578 882 pau-

1997 916 2059 954 ca
2093 911 2315 968 peccata
2348 900 2762 963 committimus,
2784 902 2982 957 leniter
3007 905 3407 973 quodammodo
3431 922 3580 961 com-

1999 1009 2304 1059 movemur,
2335 994 2484 1047 velut
2518 994 2715 1063 planta:
2742 1012 2862 1064 qua:
2890 1012 2920 1050 a
2954 997 3057 1049 leni
3094 1012 3225 1050 aura
3263 998 3575 1069 agitantur:

1999 1090 2087 1142 ubi
2126 1103 2254 1142 vero
2284 1088 2438 1156 plura
2464 1088 2776 1158 majoraque
2805 1088 3005 1144 fuerint
3037 1091 3175 1144 mala
3197 1133 3213 1158 ,
3242 1108 3339 1161 pro
3365 1092 3577 1147 ratione

1999 1180 2325 1233 incrementi
2360 1190 2731 1247 peccatorum,
2763 1182 2927 1235 etiam
2954 1185 3247 1240 commotio
3275 1187 3459 1253 augeri
3485 1202 3576 1239 so—

1998 1272 2091 1327 let.
2120 1273 2183 1325 Et
2217 1272 2306 1325 alii
2335 1273 2551 1341 quidem
2584 1274 2811 1327 multum
2851 1285 3267 1329 commoventur
3293 1276 3417 1330 :alii
3450 1293 3577 1332 vero

1999 1381 2173 1436 uSque
2204 1365 2359 1430 adeo,
2388 1376 2445 1419 ut
2475 1368 2640 1420 etiam
2689 1368 2949 1423 radicitus
2989 1368 3166 1424 eversi
3223 1370 3573 1438 dejieiantur,

1998 1475 2121 1513 Cum
2167 1459 2481 1529 spirituales
2506 1459 2763 1529 nequitia:
2792 1462 2944 1529 quasi
2977 1462 3189 1517 radices
3221 1463 3439 1529 animae,
3464 1466 3580 1532 qui-

2000 1551 2098 1605 bus
2131 1566 2230 1620 per
2252 1551 2413 1604 [idem
2457 1551 2511 1603 in
2550 1552 2717 1607 Deum
2749 1553 2980 1607 subnixa
3003 1563 3140 1615 erat,
3171 1555 3323 1607 omni
3358 1555 3575 1609 turbine

1999 1644 2289 1700 violentius
2309 1645 2651 1714 abruperint.
2672 1647 2784 1716 Ego
2812 1648 3016 1718 itaque,
3042 1647 3239 1717 inquit,
3271 1659 3576 1706 commotus

1998 1738 2217 1803 quidem
2241 1752 2362 1792 sum
2399 1746 2457 1792 ut
2480 1737 2669 1805 homo;
2702 1740 2794 1793 sed
2840 1740 3064 1794 multum
3106 1756 3213 1795 non
3260 1756 3576 1797 commove-

304 1833 449 1888 κατά
463 1833 618 1896 Θεὸν,
644 1832 954 1903 ἀπορρήξῃ.
982 1829 1123 1899 Ἐγὼ
1155 1830 1357 1893 τοίνυν,
1381 1829 1564 1898 φησὶν,
1590 1826 1889 1899 ὲσαλεύθην

1998 1830 2112 1894 bor,
2147 1829 2405 1897 quoniam
2451 1826 2731 1884 suﬂ‘ulcior
2782 1831 3005 1885 dextera
3050 1847 3211 1885 manu
3251 1831 3574 1890 Salvatoris.

307 1926 405 1995 μὲν
420 1925 495 1989 ὡς
535 1924 852 1996 ἄνθρωπος·
884 1923 977 1975 ἐπὶ
1012 1922 1194 1974 πλεῖον
1215 1921 1271 1973 δὲ
1301 1921 1361 1972 ού
1390 1921 1465 1990 μὴ
1501 1919 1769 1983 σαλευθῶ,
1805 1919 1894 1973 διὰ

302 2018 364 2071 τὸ
395 2016 876 2090 ἀντιστηρίζεσθαι
905 2018 969 2087 τῇ
1001 2015 1153 2086 δεξιᾷ
1175 2013 1319 2085 χειρὶ
1341 2013 1434 2065 τοῦ
1480 2012 1753 2083 Σωτῆρος.

374 2107 427 2161 5.
449 2106 602 2173 Ἕως
618 2108 763 2160 πότε
783 2107 1122 2161 ἐπιτίθεσθε
1138 2106 1230 2157 ἐπ’
1244 2104 1561 2172 ἄνθρωπον
1579 2103 1895 2171 φονεύετε

303 2199 527 2265 πάντες
568 2201 757 2269 ὑμεῖς,
789 2199 870 2265 ὡς
914 2199 1093 2267 τοίχῳ
1133 2196 1463 2264 κεκλιμένῳ
1514 2195 1613 2248 καὶ
1648 2194 1895 2264 ρραγμῷ

300 2289 580 2359 ὠσμένῳ;
614 2290 785 2345 Πάλιν
833 2291 946 2353 τοῖς
992 2290 1249 2361 πονηροῖς
1298 2289 1599 2358 ὑπηρέταις
1640 2287 1733 2339 τοῦ
1776 2287 1893 2339 δια-

301 2381 455 2434 ϐόλου
491 2383 747 2453 μάχεται,
787 2382 885 2454 τὴν
916 2381 1186 2453 ἀμετρίαν
1209 2380 1534 2451 αίτιώμενος
1558 2380 1586 2430 6
1612 2378 1769 2447 λόγος
1794 2379 1895 2450 τῆς

303 2479 433 2546 παρ’
460 2477 640 2530 αὐτῶν
670 2476 1021 2546 ὲπαγομένης
1051 2474 1367 2546 ἐπιϐουλῆς.
1403 2474 1525 2527 Ὅτι
1566 2474 1614 2525 οἱ
1662 2473 1759 2542 μὲν
1797 2472 1893 2525 ἄν-

303 2568 513 2639 Θρωποί
541 2570 649 2621 είσι
678 2568 817 2632 ζῶον
841 2567 1068 2631 ἀσθενές
1091 2583 1105 2596 ·
1147 2568 1305 2636 ὑμεῖς
1338 2564 1396 2618 δὲ
1424 2563 1732 2618 ἐπιτίθεσθε
1752 2604 1765 2627 ,
1794 2564 1897 2617 οὑκ

303 2659 640 2732 ἀρκούμενοι
670 2663 736 2731 τῇ
762 2658 957 2732 πρώτῃ
986 2658 1264 2731 προσϐολῇ
1294 2673 1307 2686 ⁸
1340 2656 1478 2711 ἀλλά
1519 2657 1614 2711 καὶ
1636 2655 1897 2728 δευτέραν

304 2752 398 2806 καὶ
420 2752 611 2823 τρίτην
631 2750 890 2820 ὲπάγετε,
917 2751 1023 2815 ἕως
1053 2751 1119 2805 ἂν
1148 2750 1293 2807 οὑτω
1320 2751 1421 2822 τὴν
1448 2749 1628 2822 ψυχὴν
1654 2751 1748 2803 τοῦ
1790 2769 1897 2803 πα-

307 2844 639 2915 ραπεσόντος
665 2845 796 2915 ὑμῖν
825 2844 1245 2916 καταστρέψητε
1272 2842 1386 2915 (78)
1406 2884 1420 2908 ,
1451 2842 1592 2895 ὥστε
1641 2841 1895 2911 γενέσθαι

306 2946 698 3019 παραπλησίαν
727 2945 894 3017 τοίχῳ
923 2945 1162 2999 κλιθέντι
1180 2945 1274 2999 καὶ
1292 2942 1535 3017 φραγμῷ
1555 2941 1896 3011 ἀνατραπέν-

302 3055 378 3092 τι.
398 3038 586 3108 Τοῖχος
612 3036 690 3104 δὲ,
718 3037 825 3101 ἕως
848 3038 945 3108 μὲν
968 3038 1057 3089 ὅτε
1086 3037 1185 3106 τὴν
1203 3035 1371 3106 ὀρθὴν
1394 3031 1750 3104 διαφυλάσσει
1775 3031 1897 3084 στά-

307 3146 411 3194 σιν,
461 3128 660 3198 πάγιος
695 3129 879 3200 μένειο
920 3128 1140 3181 ἐπειδὰν
1178 3128 1236 3180 δὲ
1262 3126 1446 3196 κλιθῇ,
1494 3123 1712 3194 ἀνάγκη
1742 3125 1893 3176 πᾶσα

304 3221 469 3275 αὑτὸν
503 3220 819 3274 διαλυθέντα
842 3224 1047 3273 πεσεῖν.
1090 3219 1171 3272 Τὰ
1203 3218 1302 3290 μὲν
1325 3216 1434 3289 γὰρ
1461 3216 1718 3287 ἡνωμένα
1750 3214 1892 3286 βάρη

309 3314 448 3385 μετά
472 3315 571 3388 τὴν
621 3314 797 3369 κλίσιν
846 3314 1103 3386 ὀρθοῦται
1153 3312 1285 3383 (79),
1335 3312 1404 3365 τά
1454 3310 1511 3363 δὲ
1539 3310 1604 3363 ἐκ
1632 3309 1894 3363 πλειόνων

307 3409 662 3479 συγκείμενα,
699 3408 916 3461 ἐπειδὰν
941 3409 1028 3477 ἐφ’
1064 3406 1122 3461 ἒν
1148 3407 1247 3478 τὴν
1271 3404 1444 3476 ῥοπὴν
1472 3403 1624 3477 πάθῃ
1644 3443 1658 3467 ,
1707 3403 1894 3456 οὐκέτι

306 3500 519 3569 δέχεται
544 3500 644 3570 τὴν
670 3498 1063 3571 ἐπανόρθωσιν.
1092 3496 1456 3550 Ἐνδείκνυται
1472 3493 1691 3548 τοίνυνὸ
1714 3493 1892 3561 λόγος,

306 3592 387 3643 ὅτι
408 3594 440 3661 ἡ
467 3592 625 3658 φύσις
642 3593 675 3662 ἡ
693 3591 784 3644 τοῦ
807 3589 1121 3663 ἀνθρώπου,
1141 3590 1397 3653 σύνθετος
1411 3582 1565 3654 οὖσα,
1584 3587 1774 3656 ἐκλίθη
1797 3587 1894 3656 μὲν

308 3683 415 3735 ὑπὸ
430 3683 526 3752 τῆς
546 3683 839 3754 ἁμαρτίας,
854 3682 1083 3752 λυθῆναι
1096 3682 1153 3734 δὲ
1168 3680 1385 3743 πάντως
1403 3680 1573 3750 αὐτὴν
1588 3679 1713 3750 χρή·
1730 3677 1893 3740 ὥστε,

310 3774 415 3827 ὑπὸ
446 3772 540 3827 τοῦ
570 3775 629 3840 ἐξ
646 3776 822 3845 ἀρχῆς
850 3773 1306 3844 οἰκοδομήσαντος
1336 3770 1506 3842 αὑτὴν
1531 3769 1773 3840 τεχνίτου
1792 3767 1897 3821 πά-

306 3867 390 3920 λιν
413 3866 934 3932 ἀνασκευασθεῖσαν,
968 3867 1028 3919 τὸ
1044 3865 1283 3935 ἀσφαλὲς
1317 3865 1411 3918 καὶ
1439 3864 1775 3918 ἀκατάλυτον
1802 3862 1896 3916 καὶ

309 3970 445 4040 πρὸς
491 3970 753 4040 δευτέραν
802 3967 1031 4025 πτῶσιν,
1072 3966 1528 4020 ἀνεπιϐούλευτον
1576 3962 1893 4017 ἀπολαϐεῖν.

312 4060 460 4113 Θεοῦ
486 4059 789 4130 γεώργιον,
842 4060 1000 4131 φησὶ,
1055 4059 1205 4114 Θεοῦ
1240 4058 1523 4125 οἰκοδομή
1570 4058 1730 4111 ἐστε.
1786 4055 1896 4125 Τὴν

310 4157 598 4229 οἰκοδομὴν
625 4159 830 4229 ταύτην
858 4159 1175 4211 κατέσεισεν
1212 4160 1241 4210 ὁ
1269 4155 1463 4227 ἐχθρός
1484 4174 1496 4185 ·
1532 4156 1599 4210 τὰ
1632 4155 1897 4225 γενόμενα

313 4252 370 4303 ὲν
421 4251 557 4321 αὑτῇ
615 4253 872 4322 ῥήγματα
920 4253 1284 4306 ἀνεσκεύασεν
1333 4254 1361 4305 6
1400 4250 1758 4321 Δημιουργός.
1794 4248 1898 4301 Οὖ-

312 4360 421 4405 τως
451 4343 725 4411 ἀναγκαία
768 4345 865 4414 μὲν
911 4346 944 4416 ή
981 4344 1189 4407 πτῶσις
1218 4343 1306 4397 διὰ
1335 4342 1433 4413 τὴν
1460 4342 1758 4412 ἁμαρτίαν,
1797 4358 1894 4410 με-

316 4435 455 4506 γάλη
483 4435 540 4487 δὲ
570 4439 604 4507 ἡ
627 4436 923 4500 ἀνάστασις
947 4437 1035 4490 διὰ
1064 4437 1163 4507 τὴν
1195 4436 1517 4490 ἀθανασίαν.
1564 4433 1738 4501 Πλὴν
1782 4432 1896 4499 τὴν

2066 2104 2121 2159 ’5.
2168 2104 2331 2160 Vens.
2356 2107 2409 2160 4.
2453 2106 2733 2176 Quousque
2761 2107 2965 2163 iri-uitis
2996 2108 3050 2160 in
3078 2108 3384 2164 hominem?
3408 2110 3576 2165 inter-

1994 2197 2152 2267 ﬁcitis
2184 2198 2341 2269 195
2366 2200 2594 2253 universi
2616 2215 2704 2253 vos
2728 2208 2974 2269 tanquam
3014 2202 3201 2267 parieti
3243 2202 3499 2258 inclinato
3526 2214 3576 2258 et

1996 2293 2241 2345 maceria:
2266 2291 2535 2362 depulsa?
2573 2292 2785 2347 Rursus
2823 2294 3085 2348 adversus
3129 2309 3328 2363 pravos
3369 2296 3572 2351 diaboli

1998 2382 2280 2438 ministros
2324 2394 2527 2454 pugnat
2577 2384 2667 2438 hic
2712 2399 2914 2449 sermo,
2976 2384 3296 2442 immodicas
3332 2401 3452 2457 qua:
3506 2389 3577 2442 ab

1998 2474 2133 2543 ipsis
2161 2488 2451 2534 struuntur
2503 2477 2729 2532 insidias
2758 2492 3045 2534 accusans.
3085 2478 3355 2535 Nimirum
3395 2481 3574 2534 homi-

1999 2590 2097 2629 nes
2136 2571 2338 2627 animal
2369 2569 2545 2625 debile
2581 2581 2742 2635 sunt;
2782 2586 2875 2625 vos
2905 2580 3086 2625 autem
3132 2572 3365 2641 irruitis,
3399 2572 3576 2642 primo

1998 2664 2206 2719 assultu
2238 2678 2343 2716 nnn
2379 2662 2620 2716 contenti
2652 2680 2668 2716 :
2700 2662 2795 2716 sed
2825 2671 2879 2716 et
2914 2663 3214 2718 secundum
3265 2673 3320 2718 et
3350 2665 3570 2718 tertium

1999 2757 2235 2820 inferiis,
2267 2757 2440 2811 donec
2468 2754 2547 2809 sic
2582 2756 2822 2809 animam
2877 2755 2998 2825 ejus
3026 2756 3116 2825 qui
3148 2757 3204 2811 in
3246 2771 3341 2811 vos
3368 2756 3575 2812 incide~

1998 2851 2088 2912 rit,
2118 2846 2467 2909 subvertatis,
2502 2846 2575 2900 ita
2605 2855 2661 2899 ut
2694 2848 2889 2917 parieti
2928 2848 3190 2903 inclinato
3227 2856 3283 2903 et
3323 2851 3576 2903 maceriae

1998 2941 2191 2994 dirutae
2226 2941 2318 2993 liat
2351 2940 2674 2995 consimilis.
2708 2939 2895 2994 Paries
2932 2950 3114 2995 autem
3162 2940 3401 3010 quandiu
3451 2942 3575 3011 qui-

1996 3034 2119 3088 dem
2165 3034 2331 3088 situm
2380 3044 2588 3088 rectum
2633 3043 2941 3097 conservat,
2993 3032 3186 3089 firmus
3238 3041 3447 3098 manet;
3482 3033 3574 3086 ubi

1999 3142 2129 3181 vero
2176 3126 2472 3182 inclinatus
2528 3125 2717 3190 fuerit,
2765 3126 2943 3196 ipsum
2988 3125 3314 3181 dissolutum
3369 3126 3571 3181 cadere

1996 3221 2220 3274 omnino
2249 3233 2470 3275 necesse
2501 3229 2602 3273 est.
2638 3217 2771 3272 Nam
2809 3219 3043 3288 pondera
3079 3234 3145 3273 ex
3183 3233 3292 3273 uno
3314 3227 3572 3273 constan-

1998 3315 2072 3369 tia
2117 3324 2241 3382 post
2277 3313 2687 3367 inclinationem
2729 3312 3051 3381 eriguntur:
3088 3314 3183 3367 sed
3231 3328 3296 3368 ea
3344 3326 3464 3382 quia
3503 3326 3571 3365 ex

1996 3407 2243 3476 pluribus
2292 3412 2716 3473 componuntur,
2744 3413 3028 3474 postquam
3067 3403 3472 3458 inclinationem
3505 3402 3571 3457 ad

1998 3514 2157 3552 unam
2188 3507 2399 3568 partem
2456 3511 2717 3566 perpessa
2766 3496 2993 3558 fuerint.
3050 3496 3232 3549 denuo
3274 3495 3408 3565 erigi
3464 3510 3571 3548 non

1995 3600 2243 3661 possunt.
2269 3590 2521 3646 Ostendit
2568 3589 2734 3658 igitur
2776 3602 2981 3654 sermo,
3034 3596 3284 3642 naturam
3336 3587 3572 3642 hominis

1996 3700 2118 3740 eum
2160 3684 2458 3753 composita
2486 3682 2578 3746 sit,
2608 3680 2924 3735 inclinatam
2953 3679 3171 3750 quidem
3196 3680 3365 3733 fuisse
3388 3694 3416 3733 a
3447 3694 3573 3748 pec-

1998 3776 2264 3840 cato,sed
2291 3776 2461 3844 ipsam
2495 3772 2710 3843 penitus
2742 3771 2875 3826 solvi
2906 3783 3177 3840 Oportere,
3205 3771 3344 3822 utah
3364 3770 3575 3823 artilice

1997 3869 2088 3937 qui
2116 3883 2236 3923 eam
2262 3866 2331 3921 ab
2357 3867 2512 3921 initio
2534 3864 2825 3920 :editicavit
2854 3877 3041 3918 rursus
3074 3852 3343 3930 reparata,
3374 3869 3573 3915 statum

1998 3961 2232 4031 accipiat
2258 3968 2455 4023 tutum,
2487 3956 3055 4026 indissolubilemque,
3086 3967 3141 4010 et
3187 3956 3397 4010 insidiis
3438 3955 3575 4009 alte-

1998 4056 2111 4109 rius
2136 4069 2297 4110 casus
2326 4054 2683 4108 inaccessum.
2734 4050 2832 4104 Dei
2879 4047 3227 4119 agricultura,
3260 4047 3453 4117 inquit,
3478 4044 3574 4099 Dei

1997 4146 2282 4215 aediﬁcatio
2326 4143 2455 4199 estis
2474 4144 2543 4197 ".
2590 4140 3034 4197 Ediﬁeationem
3090 4139 3249 4193 istam
3298 4136 3575 4192 concuSsit

1998 4240 2278 4303 inimicus,
2308 4245 2365 4292 at
2388 4235 2660 4291 fracturas
2702 4234 2754 4286 in
2784 4247 2847 4288 ea
2883 4232 3061 4287 factas
3080 4229 3267 4299 Opifex
3298 4229 3572 4284 instaura-

1996 4332 2094 4386 vit.
2129 4330 2221 4386 Sic
2243 4329 2589 4384 necessarius
2611 4326 2829 4396 quidem
2849 4335 2934 4381 est
2971 4340 3153 4384 casus,
3192 4332 3415 4391 propter
3442 4335 3571 4391 pec-

1999 4435 2183 4480 catum
2216 4423 2350 4478 :sed
2389 4436 2582 4490 magna
2617 4427 2703 4474 est
2747 4416 3096 4479 resurrectio,
3144 4417 3213 4470 ob
3252 4413 3575 4469 immortali-

315 4528 491 4596 τιμήν
508 4546 628 4597 μου
649 4529 1088 4583 ἐϐουλεύσαντο
1116 4530 1488 4583 ἀπώσασθαι·
1511 4526 1769 4595 ἔδραμον
1785 4525 1893 4596 (80)

2004 4526 2187 4574 tatem.
2212 4514 2377 4569 Vt-ztts.
2401 4513 2454 4568 5.
2487 4512 2854 4568 Verumtamen
2876 4510 3098 4564 uretium
3121 4523 3291 4563 meum
3319 4508 3576 4576 cogitare-

390 4643 435 4674 ³¹
473 4642 645 4697 ICor.
686 4660 767 4707 ιιι,
804 4643 857 4699 9.

391 4732 691 4805 (75)(1011).
760 4742 989 4804 quartus
1039 4730 1470 4803 ἐπ’ἀνορώπου.
1530 4730 1738 4786 ibidem
1790 4736 1901 4781 tres

319 4819 453 4858 mss.
480 4805 748 4873 γίνεσθαι.

392 4866 506 4947 (76)
540 4876 715 4947 Editio
737 4872 1388 4947 Basil._7rspt80v0t5psva.
1427 4871 1606 4926 Editio
1635 4884 1765 4924 vero
1802 4866 1904 4922 Pa»

320 4944 422 5031 ris.
452 4944 507 5030 et
531 4946 745 5014 Anglic.
781 4954 835 4999 et
862 4944 1005 4998 Oliv.
1040 4956 1095 4998 et
1126 4945 1297 4999 nostri
1340 4956 1537 4998 novem
1576 4956 1707 4996 mss.
1741 4955 1901 5009 περι-

318 5029 470 5068 σονου
480 5032 653 5083 μενοι.

396 5077 508 5155 (77)
533 5084 684 5156 Coll).
708 5095 939 5156 quartus
964 5086 1351 5156 ἀπεστήρικτο.
1384 5082 1575 5156 Statim
1597 5079 1724 5135 editi
1758 5077 1898 5156 Ἐγὼ

396 5101 443 5149 tt
465 5101 508 5155 I)
533 5101 684 5139 non).
715 5101 939 5208 gnarurs
964 5101 1351 5156 απεστηρικτο.
1384 5101 1575 5136 διειιιῐι
1597 5101 1724 5135 emu
1773 5101 1895 5146 ιιιγω

320 5155 500 5208 τοίνυν
528 5154 718 5208 ὲσαλεύ
760 5174 845 5226 ην,
876 5156 1059 5226 φησὶν,
1088 5155 1181 5219 ὡς.
1216 5158 1287 5209 Αι
1316 5169 1445 5208 mss.
1486 5152 1722 5221 quinque
1763 5151 1895 5203 utin

322 5235 597 5279 contextu.

395 5294 505 5362 ('78)
544 5296 619 5349 Ita
664 5294 964 5350 Colbertini
1010 5296 1253 5364 quintus,
1306 5304 1492 5364 sextus
1537 5289 1894 5364 et__sept_imus

322 5359 443 5419 cum
476 5366 609 5436 Reg.
639 5367 797 5419 tertio
840 5359 1046 5436 etcum
1074 5366 1308 5417 editione
1341 5360 1637 5436 BasiluAlii
1671 5359 1889 5429 quidam

324 5449 453 5505 mss.
490 5429 612 5505 eum
641 5436 876 5490 editione
906 5435 1077 5487 Paris.
1109 5429 1580 5505 καταστρέψησθε.

394 5504 503 5575 (79)
528 5506 657 5573 Reg.
693 5507 961 5559 secundus
982 5503 1289 5575 ὀρθοῦνται.

395 5568 506 5646 (80)
539 5568 690 5641 Illud,
722 5575 974 5646 ἔδραμον,
1009 5568 1079 5629 ita
1114 5578 1164 5627 in
1205 5573 1426 5641 Vulgata
1459 5580 1513 5625 et
1546 5570 1686 5646 apud
1729 5568 1881 5646 Lati-

324 5638 424 5697 nos
475 5638 1001 5712 Patres'evp'ressum
1060 5638 1350 5705 invenitur,
1380 5642 1589 5695 cucurri
1637 5650 1759 5712 :_et
1806 5638 1881 5691 ita

327 5729 560 5782 quoque,
620 5708 783 5769 invito
831 5715 1051 5776 Ba~ilio,
1108 5717 1492 5782 interpretatus
1528 5720 1614 5764 est
1642 5708 1883 5761 Tilman-

331 5800 451 5838 nus.
490 5785 702 5839 Etenim
749 5787 837 5854 qui
881 5801 985 5841 non
1020 5786 1181 5852 videt,
1215 5785 1317 5840 nisi
1359 5792 1599 5837 vertatur
1636 5793 1883 5834 cucurre-

2005 4730 2146 4781 runt,
2168 4713 2493 4772 ἀκολουθίαν
2522 4712 2785 4768 orationis
2818 4720 3075 4767 constare
3105 4723 3209 4763 non
3252 4723 3429 4778 posse,
3464 4724 3572 4762 em-

2003 4792 2175 4846 cutiat
2226 4800 2447 4841 necesse
2470 4794 2572 4838 est.
2607 4783 2736 4837 item
2764 4791 2987 4852 gratam,
3019 4782 3290 4834 facturum
3329 4794 3415 4833 me
3459 4791 3571 4832 stn-

2003 4860 2172 4914 diosis
2202 4854 2535 4919 existimavi,
2573 4854 2619 4909 si
2656 4854 2757 4907 hoc
2778 4851 2905 4907 loco
2927 4851 3135 4906 edenda
3165 4863 3416 4903 curarem
3444 4864 3568 4917 qnze

2003 4929 2131 4984 olim
2157 4928 2209 4981 in
2255 4929 2397 4981 hunc
2422 4924 2600 4979 locum
2637 4924 2917 4977 annotavit
2954 4920 3368 4989 antiquissimus
3397 4919 3571 4972 inter—

2004 5015 2129 5069 pres
2152 4996 2433 5069 Eusebius.
2466 4994 2597 5069 Ejus
2629 4995 2792 5063 igitur
2824 4995 2935 5069 haec
2964 5001 3108 5069 sunt.
3134 4991 3395 5069 psalmum
3418 5004 3572 5069 sesa-

2003 5058 2266 5139 lgesimum
2287 5058 2538 5139 primumi
2560 5058 2975 5139 nterpretaniis:
3000 5059 3294 5139 :Edgayor
3407 5058 3571 5139 δίψει

1994 5128 2111 5207 τ’ὴν
2124 5128 2609 5207 ἐμὴνάπώλειςιν
2643 5128 2974 5207 θεάσασθαι
2996 5131 3312 5207 διψῶντες.
3514 5128 3570 5179 δὲ

1991 5198 2106 5273 τοὺ,
2129 5198 2200 5261 Er
2215 5198 2395 5273 δίψοει.
2427 5206 2497 5257 ἐν
2520 5205 2922 5273 διαψεύσματι
2938 5204 2965 5254 ὁ
3001 5200 3268 5273 Ἀκύλας·Δ
3285 5203 3313 5252 ὁ
3332 5198 3389 5251 δὲ
3420 5198 3570 5273 μ-

1990 5269 2184 5361 μαχος,
2203 5269 2602 5361 ἐννξθψεζύσμαςι·
2745 5269 3025 5361 είὲικδοσις,
3040 5269 3347 5361 sauciae?
3368 5270 3461 5354 κειὶ
3475 5269 3571 5354 πάξ

1991 5336 2255 5418 λινῗέτέρα
2275 5336 2504 5409 ἔκδοσίς,
2524 5346 2593 5398 ἐν
2609 5336 2789 5418 δόᾂῳ,
2808 5343 3055 5418 ὴρμήῌνευ
3064 5336 3349 5418 summa;
3371 5336 3462 5391 οὖν
3477 5339 3571 5418 καὶ

1988 5422 2047 5472 ὲν
2068 5423 2133 5491 τῇ
2165 5410 2288 5491 καθ’
2310 5416 2793 5491 ήλμᾶς-ἀναγνῲσει
2822 5410 3041 5491 κεῖσθαι
3065 5414 3165 5482 μὲν
3195 5410 3568 5491 πρότερονῆτὸ,

1986 5492 2054 5543 ἐν
2072 5478 2282 5559 ψεύδει
2302 5504 2314 5517 ·
2332 5478 2427 5559 ’ἵνα
2581 5478 2873 5559 λεγόμενον
2886 5500 2907 5559 _'
2932 5478 3324 5559 Ἰξδραίιέονςέις
3334 5478 3567 5559 ψεύδει,

1988 5548 2285 5623 τουτέστιν,
2339 5558 2389 5609 οἱ
2418 5548 2601 5627 ἐχθροί
2642 5548 2786 5627 [lout
2814 5554 2911 5627 καί
2943 5554 2990 5605 οἱ
3039 5548 3477 5627 ἐπιϐουλεύοντες
3510 5552 3570 5627 0:)

1992 5634 2087 5684 σὺν
2119 5619 2366 5698 ἀληθείᾳ,
2392 5619 2482 5698 τὸν
2516 5619 2793 5698 κατ”ὲμοὺ
2820 5624 3018 5698 δρόμον
3042 5623 3137 5698 κα).
3157 5622 3398 5698 τὴν-κατ’
3434 5619 3567 5689 ἐμοῦ

1992 5691 2224 5770 σπουδὴν
2250 5691 2549 5770 ἐποιοῦντο,
2579 5691 2732 5757 ὅλους
2753 5695 2809 5770 δε
2842 5691 3141 5770 αὐτοὺς.τῷ
3168 5691 3366 5770 ψεύδει
3387 5706 3564 5770 παραὶ-

1988 5755 2194 5832 δόντεςε
2227 5768 2449 5837 σφάλμα
2489 5755 2544 5821 δέ
2582 5755 2849 5838 γραφικὺν
2876 5755 3155 5832 γεγονέναι
3183 5755 3245 5818 ’ὲν
3282 5765 3394 5825 τοῖς
3433 5755 3570 5831 μετά
