4016 6220
433 276 543 333 475

1755 267 1812 322 8.
1852 261 2100 318 BASILII
2137 261 2350 317 MAGNI

3602 256 3714 309 476

433 402 558 450 runt
582 389 858 460 repellere;
885 394 1232 441 cucurrerunt
1270 386 1325 439 in
1352 387 1462 452 siti,
1491 401 1580 439 ore
1619 401 1712 439 suo
1739 383 2004 438 benedice-

2124 380 2174 432 ἓν
2185 378 2368 446 δίψει,
2388 376 2465 442 τῷ
2481 379 2728 445 στόματι
2740 375 2938 430 αὐτῶν
2946 375 3260 444 εὐλόγουν,
3276 373 3372 427 καὶ
3390 371 3467 441 τῇ
3481 369 3715 439 καρδίᾳ

435 486 580 546 bant,
601 494 647 537 et
671 481 828 535 corde
847 497 942 534 suo
963 479 1364 532 maledicebant.
1390 479 1635 533 Pretium
1671 476 1908 532 hominis
1925 486 2009 529 cst

436 575 656 645 sanguis
697 573 900 628 Christi
941 591 954 626 :
991 569 1170 625 Pretio
1205 571 1368 633 enim,
1417 570 1612 639 inquit,
1649 569 1807 637 empti
1851 568 2009 628 estis;

436 667 596 721 nolite
621 666 737 734 fieri
765 665 899 718 servi
924 664 1191 716 hominum
1210 662 1274 715 ³³.
1314 661 1428 716 Hoc
1470 662 1637 732 igitur
1667 660 1900 731 pretium
1929 661 2008 711 in-

443 758 571 813 utile
602 757 756 810 nobis
783 755 1011 809 reddere
1027 755 1404 824 cogitaverunt
1432 755 1634 808 milites
1666 751 1825 819 hujus
1857 750 2012 804 mali-

439 851 551 919 gni,
587 848 752 902 semel
785 848 1042 901 liberatos
1075 861 1262 900 rursus
1298 845 1350 899 in
1386 847 1704 900 servitutem
1733 845 2011 899 adducen-

443 951 540 992 tes.
571 935 926 991 Cucurrerunt
955 937 1010 989 in
1039 937 1151 991 siti.
1177 936 1610 990 Concitationem
1635 951 1696 989 ac
1721 935 2013 989 vehemen-

443 1031 569 1083 tiam
601 1029 921 1084 insidiarum
949 1029 1251 1082 daemonum
1280 1028 1561 1082 enuntiat:
1588 1029 1789 1097 quippe
1819 1028 2012 1080 adver—

438 1121 565 1172 sum'
589 1133 687 1173 nos
737 1126 982 1179 currunt,
1017 1117 1299 1171 interitum
1333 1128 1580 1172 nostrum
1610 1117 1875 1170 sitientes.
1911 1114 2014 1169 Ore

438 1227 533 1263 suo
581 1209 966 1276 benedicebant,
1006 1220 1053 1262 et
1087 1209 1243 1262 corde
1293 1225 1388 1262 suo
1428 1208 1830 1262 maledicebant.
1863 1207 2013 1261 Multi
2049 1205 2055 1210 ’

441 1310 568 1355 sunt
595 1301 686 1369 qui
722 1315 917 1369 pravas
967 1301 1322 1369 comprobant
1379 1301 1654 1365 actiones;
1689 1310 1745 1353 et
1775 1298 2013 1354 dicacem

441 1392 656 1460 quidem
682 1391 924 1460 lepidum
949 1391 1153 1457 dicunt,
1190 1406 1313 1445 eum
1354 1405 1482 1445 vero
1505 1393 1595 1460 qui
1623 1391 1855 1446 obscena
1889 1405 2015 1444 ver-

442 1480 507 1535 ba
549 1478 777 1548 profert,
811 1480 1086 1550 politicum
1121 1493 1135 1531 :
1168 1479 1565 1534 amarulentum
1593 1479 2013 1543 etiracundum,

443 1589 550 1627 non
579 1572 1035 1626 contemnendum
1063 1572 1249 1626 dicunt
1273 1589 1285 1624 :
1316 1572 1543 1627 laudant
1579 1586 1800 1640 parcum
1826 1579 1880 1626 et
1912 1570 2017 1624 illi-

443 1663 681 1718 beralem
708 1672 767 1716 ut
802 1663 1224 1727 oeconomicum,
1272 1663 1556 1732 prodigum
1592 1671 1848 1730 tanquam
1877 1661 2013 1716 libe-

446 1754 636 1816 ralem,
676 1763 1034 1808 scortatorem
1067 1764 1122 1808 et
1158 1753 1441 1821 lascivum,
1471 1763 1528 1806 ut
1550 1754 1724 1806 virum
1755 1754 1912 1822 genio
1938 1752 2020 1807 in-

444 1848 772 1916 dulgentem,
791 1857 845 1900 et
865 1848 1030 1900 animi
1053 1847 1334 1902 solutioris
1358 1868 1367 1901 :
1393 1847 1626 1916 denique
1655 1847 1839 1899 vitium
1861 1861 2020 1900 omne

445 1940 692 2007 specioso
719 1937 942 1993 nomine
960 1937 1177 1992 virtutis
1210 1938 1510 2008 adjacentis
1528 1936 1826 2006 appellant.
1863 1934 2022 1990 Tales

448 2046 546 2086 ore
581 2030 798 2100 quidem
845 2029 1193 2094 benedicunt,
1225 2029 1389 2083 corde
1425 2043 1554 2083 vero
1596 2028 1927 2082 maledicunt
1952 2026 2020 2080 ³⁸.

450 2121 584 2175 Nam
614 2123 793 2174 verbis
840 2121 979 2175 bene
1013 2121 1271 2176 ominatis
1316 2135 1532 2174 omnem
1589 2119 2020 2175 exsecrationem

447 2215 574 2268 vitae
599 2212 813 2267 illorum
842 2213 1113 2283 ingerunt,
1141 2214 1394 2282 ipsosque
1416 2223 1633 2267 aeterna
1655 2210 2022 2272 damnationis

452 2316 574 2357 reos
599 2316 693 2371 per
713 2317 776 2356 ea
805 2316 925 2370 quae
943 2303 1267 2372 approbant,
1293 2305 1649 2358 constituunt.
1671 2303 1880 2358 Rursus
1892 2301 2026 2357 allo-

449 2394 637 2463 quitur
664 2393 927 2456 animam,
955 2394 1070 2463 ejus
1101 2409 1228 2464 erga
1272 2393 1440 2448 Deum
1481 2393 1842 2450 obedientiam
1866 2393 2025 2464 196

453 2485 745 2555 adaugens.
789 2483 952 2541 Vsus.
993 2485 1047 2540 6.
1094 2484 1482 2549 Verumtamen,
1528 2485 1725 2556 inquit,
1758 2485 1868 2540 Deo
1901 2486 2022 2540 sub-

445 2575 590 2643 jecta
611 2583 741 2641 esto,
761 2577 938 2630 anima
961 2593 1096 2642 mea,
1120 2578 1367 2647 quoniam
1393 2576 1456 2630 ab
1479 2577 1592 2645 ipso
1613 2578 1866 2646 patientia
1886 2595 2020 2632 mea.

455 2666 658 2721 Iudicat
704 2668 1061 2722 tentationum
1109 2669 1571 2739 magnitudinem,‘
1612 2679 1666 2724 et
1697 2669 1826 2725 illud
1877 2673 2021 2740 Apo-

453 2758 577 2812 stoli
600 2756 751 2825 dicit,
779 2760 922 2827 quod
951 2773 1057 2812 non
1087 2758 1232 2811 sinet
1261 2758 1460 2812 tentari
1488 2773 1586 2813 nos
1618 2774 1778 2828 supra
1800 2759 1852 2814 id
1882 2761 2024 2830 quod

454 2851 720 2906 sustinere
754 2865 1039 2919 possumus
1057 2851 1124 2905 ⁸⁵.
1149 2849 1226 2902 Ab
1254 2851 1369 2921 ipso
1387 2851 1531 2906 enim
1558 2853 1821 2921 patientia
1853 2869 1988 2907 mea.

524 3122 580 3178 4.
622 3123 786 3178 Vens.
823 3125 876 3177 8.
921 3122 986 3176 In
1051 3123 1155 3177 Deo
1199 3124 1437 3180 salutare
1499 3143 1707 3194 meum,
1749 3138 1796 3182 et
1854 3129 2026 3199 gloria

458 3231 572 3269 mea
605 3232 624 3270 :
647 3215 783 3270 Deus
807 3217 997 3270 auxilii
1035 3220 1156 3281 mei.
1187 3229 1234 3272 et
1261 3235 1375 3284 spes
1404 3237 1519 3274 mea
1545 3221 1599 3273 in
1625 3220 1736 3274 Deo
1762 3233 1862 3274 est.
1895 3220 2030 3278 Bea-

459 3320 545 3362 tus
572 3310 664 3379 qui
701 3310 769 3363 ob
816 3309 1018 3364 nullam
1049 3310 1170 3364 vitae
1202 3325 1314 3364 rem
1349 3312 1698 3379 quantumvis
1739 3312 2024 3368 sublimem

459 3403 712 3467 exsultat,
744 3403 838 3457 sed
889 3417 1044 3457 suam
1105 3402 1331 3473 gloriam
1378 3404 1546 3458 Deum
1605 3405 1924 3474 habetzqui
1973 3405 2027 3459 in

457 3491 674 3546 Christo
710 3491 996 3561 gloriatur,
1022 3506 1083 3546 ac
1122 3493 1424 3547 secundum
1475 3493 1794 3563 Apostolum
1843 3493 2026 3548 dicere

461 3592 640 3651 potest
687 3599 703 3637 :
753 3583 888 3638 Mihi
945 3595 1118 3638 autem
1158 3585 1295 3638 absit
1340 3585 1584 3654 gloriari,
1640 3586 1742 3639 nisi
1779 3587 1832 3639 in
1876 3601 2031 3640 cruce

460 3676 658 3729 (.‘hristi
683 3675 748 3729 “.
779 3674 930 3729 Nunc
968 3690 1098 3730 vero
1145 3676 1300 3730 multi
1329 3677 1393 3731 de
1430 3691 1656 3745 corpore
1703 3678 2029 3747 gloriantur,

459 3767 550 3836 qui
597 3780 716 3820 sese
759 3767 810 3819 in
863 3767 1129 3836 gymnicis
1171 3782 1470 3822 exercuere
1500 3769 1906 3833 certaminibus,
1941 3777 2034 3822 aut

459 3858 682 3913 mnnino
706 3859 775 3911 ob
809 3861 984 3913 aetatis
1033 3857 1221 3913 ﬂorem
1248 3861 1470 3930 vigent:
1503 3859 1655 3914 multi
1681 3861 1864 3914 itidem
1897 3859 2028 3915 επο-

465 3958 657 4002 runtur
687 3949 753 4002 de
800 3949 994 4004 bellica
1044 3949 1378 4010 fortitudine.
1416 3951 1698 4019 quietiam
1745 3952 2028 4006 tribulium

462 4041 659 4092 mutem
708 4039 960 4106 virtutem
1009 4054 1135 4095 esse
1189 4042 1414 4094 ducunt.
1447 4041 1734 4096 Enimvero
1766 4057 1942 4097 rerum
1977 4045 2028 4097 in

465 4129 615 4183 bellis
641 4130 777 4183 bene
827 4143 1099 4200 gestarum
1140 4133 1379 4199 praemia,
1409 4147 1472 4185 ac
1499 4134 1733 4201 tropbaea
1759 4136 1824 4188 ab
1861 4136 2034 4203 impe.

465 4231 646 4275 ratore
691 4229 746 4275 et
771 4237 798 4274 a
825 4222 1137 4277 civitatibus
1167 4233 1371 4287 erecta,
1410 4239 1509 4291 pro
1549 4225 1710 4279 caedis
1763 4228 2031 4293 magnitu-

465 4314 588 4367 dine
608 4313 761 4366 liunt.
791 4313 892 4366 Alii
929 4313 1231 4380 gloriantur
1250 4317 1317 4366 ob
1340 4315 1528 4370 ductos
1553 4316 1754 4370 circum
1785 4317 2031 4372 civitates

2109 470 2308 525 αὐτῶν
2338 468 2696 537 κατηρῶντο.
2745 469 2890 540 Τιμὴ
2946 466 3231 539 ἀνθρώπου
3290 466 3352 518 τὸ
3398 461 3543 535 αἷμα
3605 463 3713 516 τοῦ

2109 564 2379 637 Χριστοῦ·
2439 562 2616 633 Τιμῆς
2652 564 2785 631 γὰρ,
2821 561 3006 632 φησὶν,
3055 558 3460 629 ἠγοράσθητε·
3483 557 3574 627 μὴ
3617 556 3714 624 Tl-

2111 661 2291 712 νεσθε
2340 655 2548 711 δοῦλοι
2603 657 2947 724 ἀνθρώπιον.
2985 653 3200 724 Ταύτην
3238 649 3331 706 οὖν
3373 653 3473 723 τὴν
3527 651 3712 722 τιμὴν

2112 749 2497 802 ἐϐουλεύσαντο
2570 748 2842 820 ἄχρηστον
2905 749 3036 818 ἡμῖν
3110 745 3493 816 καταστῆσαι,
3562 743 3707 805 τοὺς

2114 840 2262 905 ἅπαξ
2294 840 2757 912 ἐλευθερωθέντας
2781 839 2941 894 πάλιν
2975 841 3052 903 εἰς
3090 837 3333 890 δουλείαν
3383 838 3702 904 ἐνάγοντες,

2112 932 2160 983 οἱ
2201 929 2526 1000 στρατιῶται
2554 931 2647 983 τοῦ
2673 928 2932 1001 πονηροῦ.
2971 928 3270 997 Ἐδραμον
3308 928 3376 979 ἐν
3403 928 3588 995 δίψει.
3625 922 3706 978 Τὸ

2116 1023 2364 1077 σύντονον
2412 1023 2560 1091 λέγει
2611 1023 2712 1093 τῆς
2767 1022 2875 1075 τῶν
2919 1021 3187 1092 δαιμόνων
3245 1019 3557 1090 ἐπιϐουλῆς,
3614 1019 3705 1071 ὅτι

2114 1116 2370 1186 τρέχουσι
2395 1115 2518 1169 καθ’
2550 1115 2728 1186 ἡμῶν,
2778 1114 3037 1184 διψῶντες
3069 1113 3226 1183 ἡμῶν
3264 1111 3359 1182 τὴν
3396 1112 3702 1164 ἀπώλειαν.

2120 1207 2203 1272 Τῷ
2225 1208 2474 1275 στόματι
2500 1205 2699 1259 αὐτῶν
2725 1208 3040 1274 εὐλόγουν,
3061 1206 3156 1259 καὶ
3178 1203 3250 1271 τῇ
3269 1204 3478 1271 καρδίᾳ
3496 1202 3704 1258 αὐτῶν

2115 1297 2474 1366 κατηρῶντο.
2523 1297 2712 1350 Πολλοί
2766 1299 2872 1350 εισι
2908 1296 3018 1367 (81)
3050 1296 3148 1358 τὰς
3183 1294 3426 1364 πονηρὰς
3465 1295 3700 1364 πράξεις

2116 1388 2522 1458 ἀποδεχόμενοι,
2553 1389 2646 1441 καὶ
2679 1387 2939 1457 χαρίεντα
2982 1386 3079 1456 μὲν
3107 1384 3197 1437 τὸν
3232 1383 3568 1455 εὐτράπελον
3598 1383 3698 1435 λέ-

2116 1497 2333 1548 γοντες,
2379 1480 2471 1532 τὸν
2511 1479 2568 1532 δὲ
2607 1479 2960 1550 αἱσχρολόγον
3007 1477 3281 1531 πολιτικόν
3309 1493 3324 1506 υ
3364 1477 3457 1528 τὸν
3497 1475 3702 1545 πικρὸν

2118 1574 2211 1626 καὶ
2232 1572 2442 1644 ὀργίλον
2474 1571 2920 1642 ἀκαταφρόνητον
2953 1570 3318 1641 ὀνομάζουσι·
3371 1569 3460 1621 τὸν
3496 1569 3699 1637 φειδῶ⁴

2118 1666 2208 1720 λον
2246 1667 2339 1718 καὶ
2377 1662 2739 1735 ἀκοινώνητον
2775 1663 2850 1726 ὼς
2893 1662 3233 1732 οἰκονομικὸν
3274 1660 3575 1721 ἐπαινοῦσι,
3605 1659 3700 1712 τὸν

2120 1758 2326 1811 ἄσωτον
2381 1758 2457 1820 ὠς
2512 1756 2820 1827 ἐλευθέριον
2853 1795 2868 1819 ,
2944 1754 3033 1807 τὸν
3085 1754 3281 1826 πόρνον
3335 1751 3429 1806 καὶ
3492 1752 3700 1821 ἀσελγῆ

2120 1850 2517 1904 ἀπολαυστικόν
2559 1865 2678 1902 τινα
2712 1847 2805 1901 καὶ
2844 1846 3127 1916 ἀνειμένον
3152 1861 3165 1875 ·
3219 1846 3313 1898 καὶ
3365 1843 3704 1910 ἁπαξαπλῶς

2122 1945 2300 1996 πᾶσαν
2334 1942 2532 1995 κακίαν
2558 1943 2621 1994 ἐκ
2652 1939 2753 2010 τῆς
2794 1937 3215 2011 παρακειμένης
3247 1935 3448 2007 ἀρετῆς
3495 1935 3702 1986 ὑποκο-

2125 2035 2380 2106 ρίζονται.
2419 2035 2482 2086 Oi
2507 2032 2738 2086 τοιοῦτοι
2773 2031 2851 2101 τῷ
2892 2030 3119 2101 στόματι
3157 2029 3254 2098 μὲν
3296 2026 3603 2094 εύλογοῦσι,
3632 2026 3702 2094 τῇ

2120 2126 2176 2179 δέ
2219 2125 2417 2197 καρδίᾳ
2459 2123 2827 2195 καταρῶνται.
2885 2123 2974 2176 Ἐν
3010 2121 3119 2193 γὰρ
3171 2123 3238 2191 τῇ
3282 2120 3390 2172 τῶν
3440 2119 3706 2189 ῥημάτων

2122 2217 2368 2288 εὐφημίᾳ
2395 2217 2574 2269 πᾶσαν
2606 2215 2853 2286 κατάραν
2901 2214 3197 2281 ἐπάγουσιν
3241 2211 3421 2265 αὐτῶν
3457 2212 3524 2280 τῇ
3566 2209 3703 2279 ζωῇ,

2122 2311 2406 2374 ὑποδίκους
2448 2311 2645 2373 αὐτοὺς
2683 2313 2750 2380 τῇ
2782 2308 2978 2380 αἱωνίᾳ
3029 2306 3354 2376 κατακρίσει
3391 2303 3501 2374 (8‘2)
3532 2303 3602 2356 δι’
3629 2295 3706 2355 ὧν

2123 2403 2473 2473 ἀποδέχονται
2525 2400 2912 2464 καθιστῶντες.
2968 2398 3136 2452 Πάλιν
3189 2400 3256 2468 τῇ
3315 2396 3461 2464 ψυχῇ
3523 2393 3706 2446 διαλέ-

2121 2511 2296 2564 γεται,
2331 2493 2430 2563 τὴν
2465 2493 2746 2563 ὑποταγὴν
2781 2493 2952 2561 αὐτῆς
2985 2489 3082 2560 τὴν
3125 2488 3261 2560 πρὸς
3293 2487 3382 2539 τὸν
3403 2486 3534 2538 Θεὸν
3587 2487 3709 2537 ἐπι-

2121 2586 2329 2640 τείνων.
2366 2585 2542 2653 Πλήν
2572 2583 2653 2650 τῷ
2687 2583 2828 2650 Θεῷ,
2866 2583 3051 2654 φησὶν,
3086 2579 3430 2650 ὺποτάγηθι,
3461 2579 3501 2645 1i
3530 2575 3705 2646 Ψυχῆ

2117 2695 2259 2747 μου,
2308 2675 2397 2728 ὅτι
2447 2674 2583 2742 παρ’
2608 2673 2794 2727 αὑτοῦ
2820 2671 2932 2742 (85)
2958 2672 2995 2738 ἡ
3028 2667 3302 2738 ὑπομονὴ
3325 2685 3466 2736 μου.
3509 2664 3710 2718 Ἐνδεί-

2123 2785 2314 2823 κνυται
2341 2767 2402 2819 τὸ
2431 2765 2662 2836 μέγεθος
2691 2764 2798 2817 τῶν
2826 2760 3167 2833 πειρασμῶν,
3203 2760 3295 2812 καὶ
3318 2759 3379 2811 τὸ
3405 2756 3497 2810 τοῦ
3544 2757 3711 2809 Ἀπο-

2125 2860 2313 2915 στόλου
2371 2856 2521 2927 λέγει
2553 2876 2566 2890 ·
2627 2857 2711 2909 ὅτι
2767 2855 2868 2908 ούκ
2932 2855 3081 2907 ἐάσει
3131 2853 3280 2922 ἡμᾶς
3337 2849 3708 2920 πειρασθῆναι

2123 2952 2262 3022 ὑπὲρ
2304 2950 2332 3003 ὃ
2379 2947 2655 3018 δυνάμεθα
2710 2947 3053 3014 ὑπενεγκεῖν.
3098 2943 3238 3010 [Iap‘
3283 2941 3470 2995 αὑτοῦ
3515 2941 3624 3010 γάρ
3666 2941 3706 3007 ἠ

2050 3074 2092 3130 C
2123 3040 2394 3112 ὐπομονή
2425 3059 2544 3110 μου

2199 3135 2251 3189 4.
2283 3133 2415 3187 Ἐπὶ
2435 3130 2515 3197 τῷ
2544 3129 2664 3197 Θεῷ
2685 3131 2748 3184 τὸ
2770 3128 3070 3196 σωτήριόν
3094 3147 3212 3198 μου
3231 3127 3326 3180 καὶ
3342 3126 3378 3192 ἡ
3396 3123 3547 3188 δόξα
3561 3141 3703 3192 μου·

2129 3230 2162 3281 ό
2193 3224 2336 3290 Θεὸς
2367 3222 2477 3292 τῆς
2490 3222 2777 3290 ,ϐοηθείας
2791 3238 2933 3290 μου,
2963 3220 3063 3272 καὶ
3091 3221 3129 3287 ἡ
3165 3218 3336 3283 ἐλπίς
3360 3234 3480 3284 μου
3504 3215 3604 3268 ἐπὶ
3628 3210 3710 3278 τῷ

2129 3316 2271 3384 Θεῷ.
2299 3316 2585 3387 Μακάριος
2623 3317 2652 3368 ὁ
2679 3313 2868 3385 μηδενὶ
2895 3311 3002 3383 (84)
3028 3311 3135 3363 τῶν
3158 3309 3300 3364 κατά
3319 3310 3410 3361 τὸν
3438 3307 3553 3377 βίον
3575 3307 3709 3376 ὑψη-

2127 3411 2234 3463 λῶν
2280 3407 2744 3478 ἐπαγαλλόμενος,
2795 3402 2934 3458 ἀλλά
2984 3403 3118 3455 Θεὸν
3174 3401 3312 3470 ἔχων
3361 3400 3460 3471 τὴν
3510 3397 3708 3453 ἐαυτοῦ

2129 3502 2319 3569 δόξαν)
2353 3503 2382 3554 ὁ
2414 3500 2675 3570 καύχημα
2714 3497 2852 3568 ἔχων
2904 3492 3098 3548 ἑαυτοῦ
3130 3493 3219 3547 τὸν
3252 3492 3484 3562 Χριστόν
3510 3509 3524 3521 ·
3554 3491 3582 3542 ὁ
3621 3490 3710 3542 δυ-

2129 3591 2359 3660 νάμενος
2381 3589 2560 3656 λέγειν
2581 3584 2725 3639 κατὰ
2747 3585 2838 3638 τὸν
2868 3583 3210 3636 Ἀπόστολον·
3239 3580 3393 3650 Ἐμοὶ
3424 3579 3492 3632 δὲ
3508 3579 3595 3648 μὴ
3614 3579 3707 3648 γέ-

2129 3701 2291 3736 νοιτο
2313 3679 2649 3750 καυχᾶσθαι
2669 3680 2718 3730 εὶ
2737 3676 2822 3746 μὴ
2847 3677 2917 3728 ὲν
2935 3673 3016 3740 τῷ
3043 3672 3280 3742 σταυρῷ
3296 3673 3400 3726 τοῦ
3422 3671 3703 3740 Χριστοῦ.

2131 3774 2243 3828 Νῦν
2272 3773 2329 3827 δὲ
2363 3771 2547 3825 πολλοὶ
2579 3769 2678 3840 μὲν
2701 3766 3068 3832 ἐνδοξάζονται
3099 3765 3330 3836 σώματι,
3351 3768 3398 3818 οἱ
3428 3766 3557 3836 περὶ
3583 3765 3710 3828 τοὺς

2131 3866 2432 3936 γυμνικοὺς
2478 3861 2834 3933 ἐσχολακότες
2873 3859 3112 3928 ἀγῶνας,
3154 3859 3186 3928 ἢ
3230 3858 3366 3922 ὅλως
3419 3860 3467 3910 οἱ
3514 3859 3608 3910 ἐπὶ
3640 3861 3706 3929 τῇ

2133 3960 2282 4028 ἀκμῇ
2297 3957 2394 4026 τῆς
2423 3954 2637 4026 ἡλικίας
2655 3950 2992 4023 σφριγῶντες
3019 3950 3150 4020 (85)'
3184 3950 3366 4003 πολλοὶ
3386 3950 3443 4002 δὲ
3470 3953 3538 4021 τῇ
3566 3952 3708 4005 κατά

2131 4052 2255 4112 τοὺς
2288 4047 2557 4117 πολέμους
2587 4044 2798 4114 ἀνδρίᾳ,
2835 4043 2885 4095 οἱ
2918 4043 3013 4096 καὶ
3041 4041 3100 4094 τὸ
3145 4042 3388 4110 φονεύειν
3422 4041 3550 4101 τοὺς
3581 4041 3709 4108 ὁμο·

2133 4141 2330 4210 φύλους
2361 4137 2562 4210 ἀρετὴν
2611 4134 2904 4204 τιθέμενοι.
2944 4131 3009 4184 Ἦ
3036 4132 3143 4202 γάρ
3176 4132 3233 4184 ἐν
3280 4134 3390 4196 τοῖς
3446 4128 3706 4200 πολέμοις

2132 4229 2378 4306 ἁριστέία
2404 4231 2499 4284 καὶ
2525 4230 2593 4282 τὰ
2621 4228 2860 4300 τρόπαια
2899 4226 3006 4280 ὑπὸ
3038 4226 3347 4296 στρατηγοῦ
3370 4226 3466 4279 καὶ
3494 4225 3708 4278 πόλεων

2135 4324 2456 4396 ἐγειρόμενα
2494 4321 2634 4375 κατὰ
2685 4320 2784 4391 τὴν
2812 4317 2904 4371 τοῦ
2938 4319 3183 4388 φονεύειν
3211 4317 3526 4388 περιουσίαν
3556 4317 3707 4384 γίνε-

467 4417 648 4457 muros
679 4420 692 4456 :
724 4402 815 4457 alii
846 4404 916 4458 ob
938 4403 1346 4473 aquaeductuum
1372 4416 1695 4472 structuras,
1730 4417 1784 4461 et
1811 4423 2021 4479 magno

2136 4434 2246 4468 ται.
2289 4412 2471 4466 Ἀλλοι
2499 4410 2833 4474 δοξάζονται,
2860 4408 3014 4478 τείχη
3043 4408 3229 4459 πόλεσι
3263 4405 3706 4477 περιϐάλλοντες-⁸

534 4563 580 4597 ³³
605 4562 627 4619 ι
652 4563 776 4619 Cor.
815 4578 911 4630 vn,
939 4563 1032 4620 23.
1109 4567 1154 4600 ³⁸
1178 4566 1322 4623 Psal.
1365 4584 1478 4633 ut,
1514 4569 1568 4624 5.

463 4762 634 4817 ταῦτα
656 4760 850 4831 συνέϐη
884 4759 1116 4832 χρόνοίς,
1143 4759 1284 4813 ὥστε
1312 4760 1432 4814 ἀντὶ
1455 4759 1572 4824 τοῦ,
1602 4760 1671 4813 ἐν
1697 4759 1930 4828 ψεύδει,
1953 4760 2024 4815 ἐν

463 4834 624 4901 δίψει
649 4830 948 4902 γραφῆναι.
973 4850 991 4881 ι
1024 4830 1381 4902 cucurrerunt
1407 4831 1460 4882 in
1482 4832 1603 4902 siti,
1618 4847 1786 4902 meam
1813 4847 2024 4902 cernere

462 4898 743 4969 perniciem
768 4898 1016 4954 sitientes.
1055 4898 1160 4952 Pro
1191 4901 1283 4952 illo
1314 4908 1509 4965 autem,
1543 4919 1562 4950 ι
1596 4901 1644 4951 in
1669 4900 1782 4964 siti,
1808 4901 2023 4969 Aquila,

465 4973 517 5025 in
547 4971 789 5037 fallacia;
827 4969 1170 5038 Symmachus
1215 4984 1352 5030 vero,
1386 4969 1438 5022 in
1482 4969 1797 5032 mendacio;
1833 4971 2022 5037 quinta

461 5042 645 5102 editio,
672 5042 725 5094 in
756 5040 924 5104 falso;
966 5049 1013 5091 et
1049 5039 1158 5091 alia
1179 5038 1300 5090 item
1322 5039 1502 5101 editio,
1525 5039 1578 5092 in
1605 5041 1746 5104 dolo,
1765 5041 2022 5106 interpre-

463 5111 562 5162 tati
595 5118 736 5164 sunt.
779 5108 1075 5162 Verisimile
1100 5110 1278 5176 itaque
1309 5116 1384 5160 est
1425 5110 1480 5160 in
1510 5116 1689 5178 nostra
1719 5125 1920 5178 quoque
1950 5109 2024 5178 le-

463 5182 634 5232 ctione
660 5181 887 5247 positum
921 5179 1089 5246 primo
1110 5178 1292 5245 fuisse,
1325 5177 1378 5229 in
1419 5177 1823 5243 tnendacio,ita
1852 5189 1905 5229 ut
1943 5177 2024 5229 di-

464 5259 683 5311 ceretur,
722 5257 1077 5302 cucurrerunt
1104 5249 1156 5299 in
1196 5248 1495 5310 mendacio,
1521 5247 1573 5298 id
1612 5256 1710 5310 est,
1742 5247 1947 5300 inimici
1973 5256 2020 5299 et

463 5318 804 5372 insidiatores
834 5318 954 5378 mei.
988 5333 1090 5368 non
1114 5317 1246 5370 duce
1279 5317 1517 5380 veritate,
1554 5317 1644 5368 sed
1667 5332 1784 5368 cum
1814 5332 1924 5369 sese
1953 5327 2026 5368 to-

463 5397 545 5439 tos
583 5388 856 5440 mendacio
893 5386 1254 5450 tradidissent,
1290 5401 1501 5438 cursum
1521 5396 1567 5439 et
1599 5388 1832 5438 studium
1871 5401 2025 5437 suum

465 5468 648 5509 contra
686 5473 766 5509 me
803 5457 1108 5509 dii-exerunt
1147 5469 1166 5507 :
1204 5457 1294 5508 sed
1343 5455 1672 5523 sequentibus
1707 5457 2024 5522 temporibus

463 5525 618 5594 lapsu
643 5528 889 5593 graphice
917 5542 1010 5593 pro
1041 5526 1156 5588 illo,
1184 5526 1241 5578 ἐν
1272 5523 1478 5594 ψεύδει,
1533 5526 1585 5579 in
1626 5526 1928 5590 mendacio,
1969 5526 2027 5578 ἐν

463 5592 624 5660 ἱίψει,
649 5592 706 5647 in
741 5595 851 5656 siti,
883 5592 1111 5658 positum
1141 5592 1322 5662 fuisse.

537 5664 644 5732 (si)
682 5664 854 5717 Etlitio
881 5663 1053 5718 Paris.
1088 5665 1269 5718 πολλοί
1293 5666 1428 5720 εἰσιν
1457 5667 1528 5720 οἱ.
1569 5664 1724 5720 Deest
1760 5665 1809 5717 οἱ
1847 5665 1898 5718 in
1922 5665 2032 5720 edi-

1647 4569 1692 4600 ³⁸
1733 4569 1902 4625 lCor.
1936 4588 1993 4634 κ,
2024 4571 2111 4624 15.
2188 4571 2232 4603 ³⁸
2265 4569 2444 4623 Gztlal.
2489 4582 2562 4630 γι,
2600 4565 2687 4618 14.

2132 4760 2278 4833 tione
2310 4759 2470 4833 Basil.
2504 4769 2557 4812 et
2585 4761 2638 4815 in
2666 4760 2904 4830 quinque
2941 4775 3070 4816 mss.
3101 4760 3296 4816 Statim
3333 4761 3467 4833 Reg.
3510 4763 3706 4818 tertius

2130 4829 2563 4898 ἀκαταπόνητον.

2205 4901 2316 4966 (82)
2353 4901 2425 4950 Ita
2458 4916 2586 4952 mss.
2623 4901 2864 4969 plerique
2905 4915 3113 4954 omnes.
3147 4899 3286 4954 Editi
3317 4901 3516 4969 κρίσει.

2202 4970 2431 5040 (85)7Sic
2460 4970 2587 5022 editi
2620 4986 2742 5023 cum
2777 4970 2909 5040 Reg.
2944 4983 3098 5024 sexto
3129 4981 3184 5024 et
3204 4987 3326 5023 cum
3349 4970 3501 5025 Colb.
3521 4972 3704 5025 tertio.

2129 5041 2198 5111 At
2229 5039 2382 5111 multi
2407 5054 2536 5111 mss.
2572 5050 2626 5092 et
2659 5043 2746 5094 hic
2785 5053 2840 5094 et
2866 5039 3029 5108 paulo
3054 5041 3321 5111 pust'rcap‘
3352 5041 3522 5111 αὐτῷ,
3557 5042 3706 5096 Sub-

2130 5109 2252 5161 inde
2300 5123 2330 5160 e
2353 5108 2467 5160 iilio
2530 5111 2697 5165 llasil.
2721 5120 2775 5163 et.
2807 5124 3037 5178 quatuor
3063 5128 3190 5163 mss.
3223 5108 3316 5162 καὶ
3344 5111 3405 5162 τὸ
3428 5108 3543 5162 τοῦ.
3579 5111 3705 5164 Edi-

2131 5182 2206 5231 lio
2246 5178 2418 5230 Paris.
2450 5194 2570 5229 cum
2595 5197 2702 5233 uno
2739 5191 2833 5232 aut
2857 5180 3028 5231 altero
3064 5197 3161 5232 ms.
3195 5180 3380 5232 καὶτὰ
3407 5180 3522 5232 τοῦ.

2198 5247 2311 5317 ι84)
2337 5248 2427 5299 Sic
2466 5263 2657 5301 novem
2683 5265 2810 5304 mss.
2840 5265 2962 5304 cum
2989 5252 3224 5304 editione
3251 5250 3411 5304 BaStl.
3440 5250 3510 5302 At
3539 5250 3706 5304 editio

2129 5315 2302 5371 Paris.
2335 5317 2426 5367 ἐπὶ
2464 5316 2672 5386 μηδενί.

2203 5388 2312 5455 (85)
2347 5388 2568 5460 godtces
2603 5400 2714 5443 tres
2741 5404 2838 5458 pro
2859 5389 3198 5460 σφριγῶντες
3228 5390 3426 5443 habent
3453 5389 3706 5459 φρονοῦν-

2128 5472 2240 5518 τες.
2273 5457 2427 5529 ιιυιι).
2458 5469 2684 5529 quartus
2709 5457 3194 5529 μεγαφρονοῦντες.
3233 5460 3346 5514 Vox
3376 5457 3708 5525 qum—sequi-

2134 5536 2242 5598 tur.
2279 5525 2550 5598 ἀριστεία,
2585 5525 2992 5598 fere'signiticat
3019 5530 3409 5591 fortitudinem,
3435 5539 3528 5580 aut
3564 5545 3703 5595 pra:-

2134 5596 2338 5648 clarum
2366 5596 2631 5670 facinus;
2655 5600 2747 5652 sed
2771 5596 2844 5652 ita
2866 5599 3207 5670 interpretati
3241 5615 3452 5664 sumus,
3485 5609 3543 5652 ut
3571 5615 3696 5652 scn-

2136 5680 2228 5720 sus
2249 5665 2519 5734 postulare
2549 5668 2849 5724 videbatur.
