4016 6220
337 271 442 326 477
1501 269 1783 329 ΗΟΜΙΙᾸΑ
1827 272 1893 327 ΙΝ

2026 274 2269 329 ALMUM
2309 274 2444 329 LXI.
3488 273 3591 327 478

340 390 435 442 καὶ
458 386 606 442 ἄλλοι
635 388 692 440 ἐν
722 384 1052 459 ὑδραγωγῶν
1070 393 1452 454 κατασκευαῖς.
1480 394 1572 445 καὶ
1598 397 1913 462 γυμνασίων

2021 408 2136 446 rum
2165 393 2574 463 gymnasiorum
2602 390 2850 445 aedificia.
2884 389 2977 445 llle
3011 404 3141 458 opes
3157 404 3284 446 suas
3305 406 3355 444 In
3388 390 3592 446 busda-

343 480 593 550 μεγάλων
624 479 1078 549 οίκοδομήμασιν.
1135 481 1191 532 Ὁ
1237 481 1385 535 δεῖνα
1428 482 1485 535 δὲ
1534 484 1627 536 τὸν
1684 483 1913 538 πλοῦτον

2021 482 2130 535 rios
2162 482 2462 544 iusumens,
2489 490 2543 535 et
2574 483 2729 534 vanis
2754 482 3071 551 populorum
3110 481 3593 547 acclamationibus

340 569 534 626 ἑαυτοῦ
552 570 906 640 θηριομάχοις
921 572 1389 642 προσαναλίσκων,
1404 575 1498 628 καὶ
1516 579 1635 639 ταῖς
1661 578 1913 647 ματαίαις

2019 575 2316 637 exsultans,
2344 573 2592 627 laudibus
2626 572 2861 638 inﬂatur,
2898 588 2960 627 ac
2992 574 3275 643 magniﬁce
3297 576 3362 627 de
3386 590 3444 628 se
3473 590 3593 629 sen-

338 662 446 714 τῶν
466 661 529 731 δή
538 678 652 730 μων
670 663 872 728 φωναῖς
899 662 1354 733 ἐπαγαλλόμενος,
1380 668 1613 732 φυσᾶται
1630 670 1741 730 τοῖς
1761 669 1867 720 ἐπα
1876 668 1919 720 ί-

339 768 473 815 νοις,
506 752 600 803 κα).
638 751 778 821 μέγα
799 755 1003 821 φρονεῖ,
1029 753 1128 822 τὴν
1157 754 1313 820 δόξαν
1347 755 1485 826 ἔχων
1508 759 1566 811 ἐν
1590 762 1655 829 τῇ
1683 759 1913 830 αἰσχύνῃ

340 842 506 895 αὐτοῦ
530 859 541 870 ·
572 843 629 905 ὃς
658 859 719 910 γε
752 843 841 895 καὶ
875 842 1150 914 ἔγγραφον
1200 849 1256 900 ἐν
1299 851 1409 912 τοῖς
1443 851 1768 921 περιφανέσι
1817 854 1916 923 τῆς

340 935 548 997 πόλεως
574 936 669 1005 τὴν
695 935 886 988 ἑαυτοῦ
906 936 1177 1008 ἁμαρτίαν
1199 939 1291 992 ἐπὶ
1313 940 1423 993 τῶν
1446 945 1690 997 πινάκων
1709 945 1915 997 δείκνυ-

344 1045 446 1081 σιν.
483 1027 673 1089 Ἀλλος
708 1028 800 1079 ἐπὶ
834 1028 1047 1098 πλούτῳ
1091 1031 1204 1099 (86)
1256 1031 1538 1098 δοξάζεται
1563 1050 1578 1064 ’
1616 1037 1709 1089 καὶ
1736 1036 1913 1104 ἄλλος,

338 1120 422 1172 ὅτι
450 1120 631 1190 ῥήτωρ
658 1120 773 1170 ἐστὶ
803 1119 973 1182 δεινός
1005 1138 1086 1184 τις
1108 1123 1200 1174 καὶ
1230 1123 1467 1194 ἄμαχος,
1492 1127 1524 1195 ἢ
1556 1127 1653 1196 τῆς
1670 1128 1809 1182 κατὰ
1828 1130 1916 1182 τὸν

341 1212 544 1281 κόσμον
599 1211 790 1280 σοφίας
841 1211 1122 1285 ἔμπειρος.
1169 1212 1268 1269 Ὧν
1330 1219 1545 1272 πάντων
1600 1220 1770 1273 ἐλεεῖν
1817 1223 1916 1293 τὴν

339 1302 494 1368 δόξαν
525 1305 769 1375 προσῆκε
791 1320 803 1333 °
844 1305 1173 1376 μακαρίζειν
1204 1308 1260 1360 δὲ
1278 1311 1403 1373 τοὺς
1431 1312 1523 1363 τὸν
1550 1313 1683 1365 Θεὸν
1706 1314 1917 1367 ἑαυτῶν

338 1394 497 1460 δόξαν
532 1395 905 1465 ποιουμένους.
940 1398 1002 1449 Εἰ
1034 1397 1142 1468 γὰρ
1176 1402 1203 1451 ὁ
1236 1400 1382 1453 δεῖνα
1424 1402 1565 1471 μέγα
1593 1408 1799 1475 φρονεῖ,
1836 1407 1917 1458 ὃτι

338 1480 522 1543 δοῦλός
543 1483 658 1533 ἐστι
686 1481 967 1550 βασιλέως,
1007 1484 1317 1555 τιμώμενος
1348 1491 1475 1561 παρ’
1507 1493 1675 1545 αὑτοῦ
1721 1495 1789 1547 τὰ
1823 1512 1918 1564 με-

338 1571 478 1639 γάλα
497 1588 509 1600 ·
544 1573 707 1624 πόσον
735 1590 816 1625 σοι
845 1576 1119 1645 προσῆκεν
1150 1579 1241 1630 ἐπὶ
1280 1581 1464 1651 σαυτῷ
1496 1583 1915 1652 μεγαλύνεσθαι,

338 1663 419 1715 ὅτι
443 1661 625 1726 δοῦλος
642 1660 693 1717 εἴ
707 1664 800 1717 τοῦ
831 1667 1065 1736 μεγάλου
1091 1670 1385 1736 Βασιλέως,
1406 1674 1770 1745 προσκληθεὶς
1788 1679 1917 1747 παρ’

2022 670 2086 720 tit
2117 677 2392 728 tum,cum
2418 665 2642 733 gloriam
2674 665 2726 717 in
2759 679 2853 719 sua
2885 666 3218 732 turpitudine
3251 666 3589 721 collocat":

2018 762 2111 828 qni
2145 759 2306 811 etiam
2343 758 2395 810 in
2444 757 2754 825 patentibus
2784 758 2931 811 urbis
2960 756 3092 810 locis
3124 773 3277 811 suum
3310 767 3587 825 peccatum

2021 850 2219 905 tabulis
2250 849 2567 916 inscriptum
2603 857 2859 902 ostentat.
2897 847 3131 901 Eﬂertur
3170 850 3309 903 alius
3352 852 3422 903 ob
3448 851 3587 903 divi—

2022 944 2123 996 tias
2151 960 2164 995 :
2190 943 2348 1007 alius,
2375 941 2515 1010 quod
2565 941 2749 994 rhetor
2777 941 2847 993 sit
2883 941 3128 1003 callidus,
3160 952 3215 996 et
3243 942 3585 1005 invincibilis,

2019 1046 2112 1087 aut
2147 1035 2434 1088 mundana:
2482 1035 2761 1104 sapientia:
2812 1034 3037 1102 peritus.
3072 1034 3313 1100 Quorum
3347 1039 3587 1088 omnium

2019 1125 2205 1191 gloriae
2230 1125 2477 1179 misereri
2504 1141 2599 1194 par
2637 1125 2818 1189 fuerit,
2857 1134 2909 1177 et
2935 1127 3120 1179 beatos
3154 1127 3451 1192 praedicare
3473 1142 3587 1191 eos,

2019 1217 2109 1284 qui
2141 1218 2304 1270 Deum
2354 1231 2507 1269 suam
2546 1216 2786 1285 ipsorum
2824 1216 3050 1283 gloriam
3105 1219 3457 1272 constituunt.
3497 1219 3583 1272 Et-

2022 1310 2164 1362 enim
2199 1308 2241 1362 si
2279 1308 2402 1376 quis
2425 1323 2546 1361 sese
2580 1306 3267 1376 niagquerejactat,quod
3300 1323 3490 1364 servus
3518 1310 3591 1363 sit

2023 1400 2183 1470 regis,
2214 1409 2375 1470 atque
2400 1402 2452 1455 in
2491 1415 2687 1470 magno
2731 1400 2932 1454 honore
2957 1401 3098 1468 apud
3134 1416 3255 1453 eum
3296 1402 3585 1456 habeatur:

2021 1502 2278 1559 quantum
2337 1492 2593 1545 convenit
2638 1490 2853 1561 gloriari
2916 1500 2968 1544 te
3020 1492 3159 1559 apud
3217 1495 3588 1560 temetipsum,

2022 1585 2161 1652 quod
2183 1584 2342 1650 Regis
2380 1583 2558 1650 magni
2590 1597 2777 1636 servus
2800 1598 2880 1646 es,
2908 1584 2975 1637 ab
2998 1583 3112 1649 ipso
3129 1584 3335 1637 accitus
3357 1584 3421 1637 ad
3445 1601 3593 1638 sum-

2026 1690 2165 1726 mam
2198 1672 2649 1735 familiaritatem,
2689 1670 3066 1740 promissionis
3096 1670 3298 1738 Spiritu
3327 1684 3587 1741 accepto:

340 1754 504 1809 αύτοῦ
530 1758 609 1819 είς
639 1757 735 1829 τὴν
769 1759 944 1830 ἄκραν
975 1761 1267 1826 οἰκείωσιν,
1290 1763 1469 1816 λαϐὼν
1490 1766 1549 1818 τὸ
1570 1767 1794 1836 Πνεῦμα
1819 1768 1913 1837 τῆς

2020 1776 2077 1818 ιιι
2106 1767 2155 1817 in
2187 1765 2302 1833 ipso
2325 1765 2657 1833 obsignatus,
2682 1762 2770 1817 Dei
2800 1763 2942 1816 ﬁlius
2956 1762 3380 1817 eﬂiciare‘!Cum
3412 1772 3590 1818 autem

340 1848 692 1918 ἐπαγγελίας,
731 1850 872 1904 ὥστε
908 1854 1262 1923 σφραγισθεὶς
1287 1856 1343 1907 ἐν
1365 1856 1513 1927 αὐτῷ
1543 1858 1656 1922 υίὸς
1695 1859 1914 1912 ἀποδει-

340 1944 532 2016 χθῆναι
546 1946 700 2013 Θεοῦ;
719 1946 1001 2017 Ἐν-ἐαυτῷ
1014 1948 1069 2000 δέ
1086 1948 1245 2016 γνοὺς
1264 1947 1372 2017 (87)
1392 1949 1452 2000 τὸ
1473 1948 1663 2017 ὄφελος
1677 1948 1776 2017 τῆς
1791 1966 1918 2021 γνη-

341 2038 461 2102 σίας
476 2040 567 2091 ἐπὶ
591 2040 724 2092 Θεὸν
738 2040 969 2104 ἐλπίδος,
990 2041 1082 2093 ἐπὶ
1100 2041 1189 2093 τὸν
1212 2042 1323 2094 ἴσον
1346 2041 1539 2094 ἑαυτοῦ
1557 2041 1718 2110 ζῆλον
1736 2060 1914 2112 παρα-

341 2128 492 2183 καλεί
518 2130 608 2184 τὸν
634 2130 781 2193 λαὸν,
814 2130 1005 2199 λέγων·
1035 2132 1357 2184 Ἑλπίσάτε
1380 2132 1472 2184 ἐπ’
1503 2132 1707 2196 αὑτὸν,
1747 2131 1916 2187 πᾶσα

339 2222 659 2292 συναγωγὴ
694 2222 879 2289 λαῶν,
911 2222 1156 2293 ὲκχέατε
1176 2222 1287 2294 (88)
1314 2223 1569 2278 ἐνώπιον
1594 2224 1779 2278 αὑτοῦ
1809 2224 1916 2291 τὰς

339 2316 583 2384 καρδίας
598 2317 782 2386 ὑμῶν.
802 2319 1105 2390 Ἀμήχανόν
1116 2321 1231 2373 ἐστι
1248 2322 1586 2391 χωρητικοὺς
1602 2323 1747 2392 ἡμᾶς
1764 2324 1916 2390 γενέ-

340 2408 462 2462 σθαι
485 2413 585 2481 τῆς
617 2410 767 2475 Θείας
792 2412 1012 2483 χάριτος
1031 2413 1107 2484 μὴ
1141 2413 1208 2466 τὰ
1234 2414 1341 2466 ἀπὸ
1380 2413 1577 2475 κακίας
1610 2415 1756 2485 πάθη
1784 2432 1915 2485 προ-

340 2503 681 2573 κατασχόντα
723 2504 818 2567 τὰς
875 2504 1052 2574 ψυχὰς
1101 2508 1134 2576 ἡ
1146 2505 1259 2575 μῶν
1315 2506 1697 2570 ἐξελάσαντας.
1756 2503 1914 2561 Εἶδον

340 2595 559 2664 ίατροὺς
580 2593 690 2662 ἐγὼ
725 2595 799 2665 μὴ
828 2595 1090 2664 πρότερον
1130 2596 1370 2660 διδόντας
1407 2598 1476 2651 τὰ
1516 2600 1757 2670 σωτήρια
1784 2600 1916 2670 φάρ-

344 2701 513 2752 μακα,
557 2686 684 2753 πρὶν
715 2687 927 2755 ἐμετοῖς
958 2689 1303 2743 ἀποκενῶσαι
1337 2690 1434 2761 τὴν
1458 2692 1734 2746 νοσοποιὸν
1760 2692 1913 2762 ῦλην,

340 2773 407 2842 ἣν
437 2774 503 2825 ἐκ
542 2775 782 2844 πονηρᾶς
810 2774 1019 2847 διαίτης
1051 2779 1265 2841 ἑαυτοῖς
1307 2782 1354 2832 οἱ
1396 2780 1685 2834 ἀκόλαστοι
1747 2783 1915 2834 ἐναπ-

342 2863 543 2916 ἐθεντο.
601 2864 758 2918 Ἀλλὰ
785 2866 878 2918 καὶ
933 2867 1153 2934 ἀγγεῖον
1212 2871 1756 2942 προκατειλημμένον
1813 2873 1916 2925 ὑπό

340 2971 483 3017 τινος
510 2955 774 3019 δυσώδους
809 2958 996 3029 ὑγροῦ,
1031 2958 1104 3029 μὴ
1128 2959 1446 3023 ἐκπλυνθὲν,
1491 2961 1553 3015 οὐ
1583 2961 1657 3033 μὴ
1699 2962 1917 3032 δέξηται

341 3044 433 3100 τοῦ
468 3045 639 3116 μύρου
686 3048 786 3119 τὴν
834 3049 1115 3119 ἐπιρροήν.
1163 3053 1253 3103 Δεῖ
1299 3052 1478 3107 τοίνυν
1517 3053 1813 3125 ἐκχυθῆναι
1849 3056 1917 3109 τὰ

340 3138 782 3228 προϋπάρχοντα,
821 3140 906 3193 ἴνα
962 3141 1161 3214 δυνηθῇ
1220 3145 1538 3217 χωρηθῆναι
1593 3146 1662 3200 τὰ
1714 3147 1916 3216 ἐπαγό-

344 3246 499 3297 μενα.
524 3229 696 3296 Πλὴν
712 3230 945 3298 μάταιοι
962 3236 1015 3285 οἱ
1031 3234 1147 3286 υἱοὶ
1167 3233 1285 3289 τῶν
1311 3236 1653 3306 ἀνθρώπων.
1684 3234 1807 3291 Εἷδε
1838 3238 1914 3310 μὴ

343 3320 548 3385 πάντας
571 3322 997 3389 ἀκολουθοῦντας
1033 3327 1196 3379 αὐτοῦ
1231 3328 1307 3398 τῷ
1334 3330 1749 3400 παραγγέλματι
1778 3330 1910 3401 (89),

340 3411 482 3480 μηδέ
524 3412 986 3483 καταδεχομένους
1039 3417 1278 3481 ἐλπίζειν
1325 3419 1420 3471 ἐπὶ
1454 3419 1545 3473 τὸν
1585 3419 1741 3485 Θεὸν,
1798 3420 1912 3474 ἀλλ’

342 3503 564 3573 ἔχοντας
611 3505 709 3576 τὴν
748 3507 939 3561 ἐλπίδα
981 3509 1073 3561 ἐπὶ
1114 3508 1183 3562 τὰ
1221 3511 1425 3580 μάταια
1474 3511 1566 3565 τοῦ
1624 3512 1761 3582 βίου.
1816 3512 1914 3565 Διὰ

340 3593 497 3646 τοῦτό
524 3612 676 3665 φησι·
731 3596 907 3664 Πλὴν
928 3597 1167 3666 μάταιοι
1200 3603 1255 3653 οὶ
1284 3602 1400 3655 υἱοὶ
1426 3601 1545 3654 τῶν
1565 3601 1911 3669 ἀνθρώπων,

341 3684 588 3752 ’ψευδεῖς
631 3689 687 3739 οἱ
725 3689 840 3741 υἱοὶ
888 3689 1008 3741 τῶν
1052 3691 1396 3759 ἀνθρώπων.
1426 3694 1524 3747 Διὰ
1564 3694 1617 3746 τί
1650 3694 1912 3765 μάταιοι;

356 3775 571 3847 Ἐπειδὴ
623 3777 855 3847 ψευδεῖς.
910 3781 1022 3833 Ποῦ
1075 3783 1307 3852 μάλιστα
1360 3785 1540 3838 αὐτῶν
1593 3788 1654 3839 τὸ
1721 3786 1915 3856 ψεῦδος

338 3868 654 3939 ἐλέγχεται;
698 3870 798 3924 Ἑν
825 3870 1036 3940 ζυγοῖς,
1067 3877 1218 3946 φησὶ,
1252 3878 1358 3931 τοῦ
1390 3877 1693 3947 ἀδικῆσαι.
1735 3879 1914 3943 Ποίοις

342 3960 475 4029 φησὶ
501 3958 713 4028 ζυγοῖςς
741 3961 831 4032 Μὴ
869 3962 978 4034 γὰρ
1029 3965 1227 4029 πάντες
1250 3966 1525 4034 ἄνθρωποι
1552 3968 1915 4036 ζυγοστατοῦ-

346 4069 432 4117 σι;
487 4053 561 4124 μὴ
596 4053 796 4116 πάντες
830 4055 1148 4126 ἐριοπῶλαι,
1197 4057 1230 4127 ἢ
1264 4058 1611 4129 κρεωπῶλαι,
1647 4059 1680 4130 ἢ
1716 4061 1912 4132 χρυσὸν

342 4144 374 4214 ἢ
397 4144 635 4215 ἄργυρον
662 4144 1007 4210 διατίθενται,
1036 4147 1068 4217 ἢ
1102 4148 1238 4211 ὅλως
1276 4149 1404 4220 περὶ
1424 4150 1627 4213 ταύτας
1648 4150 1746 4214 τὰς
1781 4150 1913 4215 ὕλας

343 4233 440 4303 τὴν
475 4234 704 4306 σπουδὴν
732 4235 965 4305 ἔχουσιν,
994 4236 1059 4300 ἃς
1097 4236 1281 4307 ζυγοῖς
1316 4240 1410 4292 καὶ
1453 4240 1712 4310 σταθμοῖς
1737 4241 1911 4309 πεφύ-

343 4341 501 4377 κασιν
555 4327 604 4378 οἰ
651 4326 878 4400 ἔμποροι
937 4329 1272 4400 διαμείὸειν;
1323 4332 1482 4385 Ἀλλὰ
1528 4333 1662 4386 πολὺ
1709 4332 1805 4403 μὲν
1849 4333 1910 4384 τὸ

2018 1856 2248 1909 sincerae
2279 1856 2330 1907 in
2364 1853 2531 1907 Deum
2567 1855 2681 1923 Spei
2713 1854 3002 1908 utilitatem
3024 1854 3075 1907 in
3108 1855 3400 1922 semetipso
3424 1870 3589 1918 agno-

2016 1956 2192 2001 sceret
2217 1944 2509 2013 PrOpheta,
2536 1942 2792 2012 populum
2821 1943 2888 1997 ad
2930 1956 3113 2012 parem
3146 1957 3330 1996 secum
3365 1943 3590 1997 acutula-

2020 2040 2216 2094 tionem
2245 2038 2436 2091 invitat
2461 2036 2648 2089 dicens
2679 2054 2691 2088 :
2727 2034 2890 2088 Vsus.
2922 2033 2974 2089 9.
2997 2031 3218 2102 Sperate
3241 2034 3294 2085 in
3314 2048 3395 2099 eo,
3417 2035 3589 2086 omnis

2015 2132 2347 2200 congregatio
2362 2127 2695 2197 populorum,
2721 2127 2975 2195 eﬁundite
2994 2142 3171 2179 coram
3197 2125 3289 2178 illo
3307 2127 3466 2180 corda
3502 2143 3587 2179 ve-

2014 2235 2144 2277 stra.
2181 2220 2322 2276 Fieri
2374 2235 2480 2275 non
2530 2228 2735 2289 potest,
2781 2228 2841 2271 ut
2889 2219 3086 2271 divinae
3132 2218 3318 2286 gratia:
3363 2233 3590 2286 capaces

2018 2315 2326 2379 reddantur,
2360 2310 2461 2364 nisi
2496 2308 2717 2363 malitia:
2747 2306 3085 2374 aﬂ'ectiones,
3116 2322 3236 2375 quae
3257 2308 3468 2361 animas
3493 2323 3590 2361 no-

2016 2413 2157 2459 stras
2202 2407 2624 2471 occupaverant,
2673 2398 3064 2467 expulerimus.
3110 2397 3248 2451 Novi
3278 2412 3380 2467 ego
3415 2398 3587 2450 medi—

2018 2511 2132 2559 cos,
2165 2495 2255 2564 qui
2282 2508 2390 2546 non
2417 2493 2571 2561 prius
2587 2488 2845 2544 salutaria
2866 2488 3258 2542 medicamenta
3282 2487 3587 2552 tradebant,

2017 2602 2177 2655 quam
2220 2585 2505 2639 materiam
2558 2582 2859 2638 morbidam
2893 2596 2989 2650 per
3034 2581 3294 2634 vomitum
3328 2595 3591 2634 evacuas-

2017 2688 2157 2743 sent,
2213 2693 2374 2747 quam
2414 2676 2843 2743 intemperantes
2887 2673 2961 2726 illi
3004 2687 3071 2726 ex
3114 2675 3256 2727 malo
3297 2672 3439 2725 victu
3485 2671 3589 2725 sibi

2017 2777 2361 2839 pepererant.
2398 2766 2506 2821 Sed
2538 2773 2591 2820 et
2638 2765 2691 2818 iu
2721 2779 2817 2818 vas
2856 2763 3187 2833 graveolenti
3224 2763 3477 2832 qquiam
3525 2763 3592 2814 li-

2017 2872 2189 2930 quore
2222 2860 2516 2921 imbutum,
2547 2856 2648 2911 nisi
2675 2854 2841 2909 fuerit
2862 2856 3087 2920 elotum,
3119 2866 3453 2931 unguentum
3482 2870 3589 2908 nou

2018 2950 2341 3005 infunditur.
2397 2949 2472 3003 Ea
2526 2963 2657 3018 ergo
2713 2963 2834 3017 quae
2905 2947 3057 3017 prius
3111 2946 3345 3010 inerant,
3390 2945 3586 3000 eﬂ'undi

2018 3050 2249 3110 oportet,
2290 3051 2351 3094 ut
2376 3055 2495 3109 quae
2539 3040 2928 3102 immittuntur,
2958 3038 3122 3107 recipi
3160 3038 3385 3107 possint.
3428 3036 3588 3091 Vens.

2022 3134 2109 3188 10.
2158 3132 2527 3187 Verumtamen
2566 3130 2687 3184 vani
2742 3129 2840 3189 ﬁlii
2905 3129 3193 3182 hominum.
3266 3126 3425 3181 Novit
3483 3143 3591 3181 non

2020 3240 2208 3281 omnes
2239 3239 2395 3278 suum
2434 3225 2587 3291 sequi
2616 3223 2901 3285 monitum,
2934 3234 3106 3288 neque
3151 3234 3300 3287 spem
3337 3220 3390 3272 in
3425 3218 3591 3272 Deum

2020 3320 2315 3386 suscipere,
2343 3316 2437 3370 sed
2466 3330 2617 3383 spem
2660 3327 2923 3381 reponere
2948 3312 3002 3365 in
3035 3311 3196 3379 hujus
3226 3311 3352 3364 vitae
3382 3310 3593 3364 vanita-

2024 3411 2185 3464 tibus.
2216 3408 2423 3462 ldcirco
2446 3406 2523 3459 ait
2558 3421 2571 3457 :
2613 3402 2981 3458 Verumtamen
3008 3404 3127 3457 vani
3163 3404 3266 3469 ﬁlii
3298 3403 3593 3467 hominum,

2020 3504 2295 3557 mendaces
2322 3500 2422 3569 ﬁlii
2459 3498 2746 3552 hominum.
2778 3496 2885 3551 Cur
2913 3494 3073 3549 vani?
3112 3495 3246 3561 Quia
3282 3495 3589 3550 mendaces.

2024 3592 2253 3647 Ubinam
2286 3590 2521 3645 maxime
2548 3587 2884 3641 mendacium
2906 3602 3095 3642 eorum
3117 3586 3586 3655 deprehenditur?

2022 3685 2087 3739 In
2116 3685 2347 3748 stateris,
2382 3681 2576 3751 inquit,
2614 3680 2680 3732 ad
2720 3680 3079 3746 fraudandum
3109 3679 3284 3748 factis.
3316 3681 3391 3733 De
3416 3680 3595 3748 quali-

2022 3778 2120 3832 bus
2155 3774 2373 3831 stateris
2418 3771 2693 3841 loquitur?
2724 3769 2975 3838 Nunquid
3014 3770 3159 3823 enim
3212 3785 3403 3826 omnes
3432 3772 3589 3841 197

2023 3866 2266 3919 homines
2295 3871 2523 3916 utuntur
2546 3860 2813 3915 stateris?
2847 3875 2975 3913 num
3016 3874 3204 3915 omnes
3240 3861 3374 3916 lanae
3404 3864 3592 3918 vendi-

2023 3968 2167 4011 tores
2193 3962 2340 4017 sunt,
2372 3960 2463 4007 aut
2497 3950 2820 4016 macellarii;
2845 3959 2937 4004 aut
2963 3965 3155 4005 aurum
3189 3962 3280 4005 aut
3309 3960 3590 4021 argentum

2024 4055 2277 4112 tractant,
2321 4052 2415 4098 aut
2449 4042 2672 4096 omnino
2701 4042 2753 4094 in
2800 4042 2950 4095 hisce
2987 4042 3230 4095 materiis
3272 4058 3488 4112 operam
3534 4053 3591 4097 et

2020 4140 2254 4195 studium
2302 4148 2530 4209 ponunt,
2558 4152 2695 4206 quas
2732 4145 3065 4190 mercatores
3105 4152 3225 4189 cum
3260 4138 3479 4192 stateris
3524 4154 3591 4194 ac

2020 4233 2347 4303 ponderibus
2397 4231 2571 4284 solent
2640 4228 2969 4291 diveudere]
3022 4229 3184 4298 Atqui
3236 4230 3403 4284 multa
3464 4241 3593 4285 sunt

2018 4341 2214 4397 genera
2259 4324 2660 4394 operariorum,
2709 4321 2800 4389 qui
2840 4321 2908 4373 ad
2943 4334 3140 4389 operas
3192 4335 3319 4374 suas
3368 4323 3592 4376 stateris

341 4419 448 4473 τῶν
470 4419 756 4489 βαναύσων
783 4423 957 4490 γένος,
994 4423 1171 4492 ζυγῶν
1203 4424 1354 4477 οὐδὲν
1390 4425 1469 4488 είς
1500 4426 1598 4496 τὴν
1648 4424 1909 4495 ἐργασίαν

2021 4419 2147 4472 nihil
2204 4432 2339 4486 opus
2374 4414 2597 4471 habent.
2638 4412 2791 4466 Multi
2829 4412 2973 4465 enim
3025 4412 3300 4465 nauticam
3332 4421 3593 4467 exercent

341 4510 518 4563 αὐτῶν
550 4512 942 4583 προσδεόμενον
961 4514 1092 4585 (90)°
1112 4514 1294 4567 πολλοὶ
1330 4515 1387 4567 δὲ
1417 4518 1462 4568 οἱ
1484 4514 1908 4585 ναυτιλλόμενοι·

342 4601 527 4655 πολλοὶ
554 4602 610 4655 δέ
633 4603 684 4654 οἱ
714 4604 841 4675 περὶ
871 4603 940 4657 τὰ
964 4605 1287 4675 δικαστήρια
1325 4606 1416 4658 κα)¹
1447 4607 1507 4659 τὸ
1533 4607 1725 4677 ἄρχειν
1750 4623 1912 4677 στρε-

341 4695 589 4765 φόμενοι,
621 4697 752 4767 παρ’
786 4691 867 4759 οἷς
901 4695 1001 4766 μὲν
1027 4696 1087 4748 τὸ
1110 4695 1302 4764 ψεῦδός
1332 4699 1499 4761 ἐστιν,
1528 4698 1555 4748 ό
1586 4698 1643 4750 δὲ
1679 4697 1767 4751 διὰ
1798 4698 1907 4749 τῶν

341 4784 520 4853 ζυγῶν
547 4785 694 4849 δόλος
721 4786 823 4839 οὐκ
851 4785 1244 4856 ἐπιτηδεύεται.
1281 4786 1345 4839 Τί
1367 4784 1459 4840 οὖν
1491 4789 1635 4841 ἐστιν
1664 4788 1693 4841 ὃ
1721 4788 1903 4855 λέγει;

344 4877 465 4929 Ὅτι
489 4877 717 4929 ἐκάστου
748 4878 781 4947 ἡ
791 4877 908 4947 μῶν
934 4876 1044 4948 (91)
1069 4879 1126 4931 ἐν
1146 4878 1225 4949 τῷ
1246 4878 1472 4950 κρυπτῷ
1498 4878 1656 4948 ζυγὸς
1672 4896 1755 4943 τις
1791 4879 1907 4931 ἐστὶ

449 5035 492 5067 ³⁷
522 5036 752 5106 Philipp.
784 5051 868 5101 nr,
892 5035 958 5091 19
975 5073 991 5089 .

413 5194 525 5267 (8(5)
551 5197 684 5266 Reg.
716 5197 983 5267 secundus
1013 5196 1070 5248 ἐν
1110 5194 1341 5263 πλούτῳ.

416 5259 526 5339 (87)
547 5259 1032 5339 ΕιίῖιίοίΒαεὶΙζοι
1063 5280 1153 5319 sex
1206 5259 1333 5318 mss.
1374 5263 1462 5315 Ἐν
1507 5261 1686 5339 ἐαυτῷ
1709 5259 1898 5339 γνούς.

341 5331 596 5425 nteit-ilio
642 5338 814 5392 Paris.
840 5346 894 5391 et
937 5335 1066 5406 Reg.
1102 5344 1289 5390 sextus
1333 5333 1591 5389 secundis
1644 5331 1793 5385 curis
1842 5331 1899 5382 ἐν

341 5408 519 5477 ἑαυτῷ
544 5407 621 5462 δέ.

413 5480 526 5547 (88)
562 5478 699 5531 Editi
726 5485 779 5532 et
802 5490 930 5530 mss.
957 5471 1442 5547 aliquoténxéaee.
1473 5471 1588 5547 _Alii
1626 5479 1733 5547 tres
1764 5484 1894 5547 mss.

2020 4522 2188 4564 artem
2228 4526 2243 4574 ;
2280 4507 2430 4562 multi
2470 4508 2632 4560 etiam
2661 4505 2809 4560 circa
2840 4504 3015 4559 forum
3045 4512 3100 4558 et
3128 4503 3475 4573 magistratus
3499 4520 3593 4558 oc-

2018 4611 2306 4670 cupantur,
2335 4598 2473 4668 apud
2518 4610 2656 4667 quos
2693 4594 2910 4664 quidem
2961 4604 3045 4649 est
3098 4594 3462 4658 mendacium,
3492 4609 3592 4648 nec

2025 4704 2202 4747 tamen
2232 4706 2327 4760 per
2350 4699 2580 4744 stateras
2606 4688 2759 4741 dolus
2792 4687 3090 4756 perﬁcitur.
3123 4687 3262 4752 Quid
3305 4687 3471 4757 igitur
3506 4695 3592 4742 est

2019 4782 2160 4852 quod
2185 4779 2351 4834 dicit?
2368 4779 2519 4846 Quod
2538 4778 2589 4830 in
2614 4791 2938 4845 unoquoque
2962 4785 3203 4830 nostrum
3224 4779 3365 4831 intus
3383 4787 3589 4833 etatera

2019 4875 2261 4944 quaedam
2307 4886 2336 4925 a
2373 4880 2563 4926 nostro
2602 4868 2900 4925 Conditore
2934 4880 3245 4924 constructa
3288 4871 3454 4937 sit,iu
3483 4886 3589 4940 qua

2087 5186 2197 5256 (89)
2228 5185 2456 5256 Legitur
2496 5189 2549 5243 in
2599 5188 2802 5243 Catena
2850 5188 3076 5245 Corder.
3104 5188 3271 5242 αὑτοῦ
3306 5189 3386 5259 τῷ
3419 5189 3592 5258 κηρύ-

2016 5273 2373 5399 γμῶτόλιῖθς.
2415 5328 3117 5399 (ιιιονιυεμπροσδεομένων.
3163 5329 3242 5381 Ad
3293 5329 3589 5399 marginem

2022 5411 2158 5468 uero
2201 5396 2335 5468 Reg.
2382 5398 2520 5452 sexti
2555 5396 2815 5467 scriptum
2851 5396 3136 5468 invenitur
3178 5397 3587 5468 προσδεόμενοι.

2025 5465 2225 5537 Statim
2255 5464 2386 5537 Reg.
2414 5476 2640 5537 quartus
2668 5464 2791 5521 eum
2834 5467 2988 5522 Colb.
3028 5464 3234 5536 quarto'
3263 5464 3586 5537 δικαστήρια

342 5534 580 5617 inuisere.
605 5547 802 5601 Ibidem
846 5534 1219 5617 nostra-editio
1247 5534 1415 5617 Fari}.
1461 5540 1739 5617 άμήχανόν
1782 5541 1897 5617 ἐστι

2019 5536 2100 5617 fat
2139 5534 2208 5587 τὰ
2259 5534 2475 5605 ἀρχεῖα.
2521 5536 2661 5590 Editi
2692 5551 2819 5590 vero
2851 5553 2974 5592 cum
3018 5534 3202 5592 multis
3232 5553 3363 5592 mss.
3402 5534 3508 5589 καῖ’
3529 5537 3590 5590 τὸ

342 5606 751 5691 τδᾶωρητικοὺς
785 5617 946 5686 ὑμᾶς.
972 5614 1149 5670 Editiu
1184 5627 1309 5668 vero
1356 5606 1519 5669 Basili
1562 5606 1685 5667 cum
1714 5610 1898 5664 multis

2019 5606 2211 5691 ἱοχειν.

345 5688 476 5743 utss.
506 5697 562 5740 ut
585 5688 637 5741 in
654 5698 924 5741 contextu.

2076 5676 2186 5747 (91)
2223 5674 2518 5731 Colberlini
2546 5686 2772 5746 quartus
2796 5684 2850 5733 et
2893 5676 3115 5745 quintus
3142 5676 3360 5747 ἑκάστῳ
3393 5677 3579 5747 ἡμῶν.
