  <div class='ocr_page' id='page_1' title='image "/cluster/home/n/w/nwhite01/storage/ocr_20150623/29/mdp.39015012934371/649.png"; bbox 0 0 4016 6220; ppageno 0'>
   <div class='ocr_carea' id='block_1_1' title="bbox 471 271 3782 335">
    <p class='ocr_par' dir='ltr' id='par_1_1' title="bbox 471 271 3782 335">
     <span class='ocr_line' id='line_1_1' title="bbox 471 271 3782 335; baseline 0.002 -6"><span class='ocrx_word' id='word_1_1' title='bbox 471 274 580 331; x_wconf 71' lang='grc'><strong>479</strong></span> <span class='ocrx_word' id='word_1_2' title='bbox 1788 273 1845 327; x_wconf 84' lang='lat' dir='ltr'><strong>S.</strong></span> <span class='ocrx_word' id='word_1_3' title='bbox 1883 271 2132 329; x_wconf 79' lang='lat' dir='ltr'><strong>BASiLll</strong></span> <span class='ocrx_word' id='word_1_4' title='bbox 2171 273 2389 332; x_wconf 76' lang='lat' dir='ltr'><strong>MAGNI</strong></span> <span class='ocrx_word' id='word_1_5' title='bbox 3663 278 3782 335; x_wconf 64' lang='lat'><strong>£80</strong></span> 
     </span>
    </p>
   </div>
   <div class='ocr_carea' id='block_1_2' title="bbox 473 385 2035 463">
    <p class='ocr_par' dir='ltr' id='par_1_2' title="bbox 473 385 2030 457">
     <span class='ocr_line' id='line_1_2' title="bbox 473 385 2030 457; baseline 0.002 -16"><span class='ocrx_word' id='word_1_6' title='bbox 473 401 652 441; x_wconf 85' lang='lat' dir='ltr'><strong>rerum</strong></span> <span class='ocrx_word' id='word_1_7' title='bbox 672 393 922 441; x_wconf 79' lang='lat' dir='ltr'><strong>naturam</strong></span> <span class='ocrx_word' id='word_1_8' title='bbox 954 385 1267 444; x_wconf 86' lang='lat' dir='ltr'><strong>discernere</strong></span> <span class='ocrx_word' id='word_1_9' title='bbox 1299 401 1362 443; x_wconf 88' lang='lat' dir='ltr'><strong>ac</strong></span> <span class='ocrx_word' id='word_1_10' title='bbox 1394 386 1646 457; x_wconf 81' lang='lat' dir='ltr'><strong>judicare</strong></span> <span class='ocrx_word' id='word_1_11' title='bbox 1662 396 1849 456; x_wconf 89' lang='lat' dir='ltr'><strong>queat.</strong></span> <span class='ocrx_word' id='word_1_12' title='bbox 1886 387 2030 444; x_wconf 83' lang='lat' dir='ltr'><strong>Posu</strong></span> 
     </span>
    </p>
   </div>
   <div class='ocr_carea' id='block_1_3' title="bbox 2143 385 3783 463">
    <p class='ocr_par' dir='ltr' id='par_1_3' title="bbox 2156 387 3783 463">
     <span class='ocr_line' id='line_1_3' title="bbox 2156 387 3783 463; baseline 0.003 -20"><span class='ocrx_word' id='word_1_13' title='bbox 2156 390 2309 463; x_wconf 86' lang='grc' dir='ltr'><strong>παρά</strong></span> <span class='ocrx_word' id='word_1_14' title='bbox 2356 390 2452 444; x_wconf 79' lang='grc' dir='ltr'>τοῦ</span> <span class='ocrx_word' id='word_1_15' title='bbox 2499 388 2784 453; x_wconf 77' lang='grc' dir='ltr'><strong>κτίσαντος</strong></span> <span class='ocrx_word' id='word_1_16' title='bbox 2813 388 2960 460; x_wconf 77' lang='grc' dir='ltr'>ἡμᾶς</span> <span class='ocrx_word' id='word_1_17' title='bbox 2984 387 3547 458; x_wconf 75' lang='grc' dir='ltr'>ὲγκατασκευασθεὶς,</span> <span class='ocrx_word' id='word_1_18' title='bbox 3585 394 3691 463; x_wconf 75' lang='grc' dir='ltr'><strong>ἐφ’</strong></span> <span class='ocrx_word' id='word_1_19' title='bbox 3713 391 3783 452; x_wconf 77' lang='grc' dir='ltr'>οὗ</span> 
     </span>
    </p>
   </div>
   <div class='ocr_carea' id='block_1_4' title="bbox 471 477 2035 553">
    <p class='ocr_par' dir='ltr' id='par_1_4' title="bbox 471 479 2035 547">
     <span class='ocr_line' id='line_1_4' title="bbox 471 479 2035 547; baseline 0.003 -16"><span class='ocrx_word' id='word_1_20' title='bbox 471 486 593 546; x_wconf 74' lang='lat' dir='ltr'><strong>ante</strong></span> <span class='ocrx_word' id='word_1_21' title='bbox 624 487 770 533; x_wconf 79' lang='lat' dir='ltr'><strong>luant</strong></span> <span class='ocrx_word' id='word_1_22' title='bbox 812 479 1002 547; x_wconf 76' lang='lat' dir='ltr'><strong>facient</strong></span> <span class='ocrx_word' id='word_1_23' title='bbox 1040 481 1210 534; x_wconf 71' lang='lat' dir='ltr'><strong>vitam</strong></span> <span class='ocrx_word' id='word_1_24' title='bbox 1260 489 1307 534; x_wconf 92' lang='lat' dir='ltr'><strong>et</strong></span> <span class='ocrx_word' id='word_1_25' title='bbox 1351 487 1592 547; x_wconf 81' lang='lat' dir='ltr'><strong>mortem,</strong></span> <span class='ocrx_word' id='word_1_26' title='bbox 1626 480 1817 534; x_wconf 84' lang='lat' dir='ltr'><strong>bonum</strong></span> <span class='ocrx_word' id='word_1_27' title='bbox 1856 491 1905 537; x_wconf 91' lang='lat' dir='ltr'><strong>et</strong></span> <span class='ocrx_word' id='word_1_28' title='bbox 1942 498 2035 536; x_wconf 29' lang='lat' dir='ltr'><strong>mal</strong></span> 
     </span>
    </p>
   </div>
   <div class='ocr_carea' id='block_1_5' title="bbox 2143 477 3783 553">
    <p class='ocr_par' dir='ltr' id='par_1_5' title="bbox 2154 477 3783 553">
     <span class='ocr_line' id='line_1_5' title="bbox 2154 477 3783 553; baseline 0.004 -20"><span class='ocrx_word' id='word_1_29' title='bbox 2154 480 2255 552; x_wconf 82' lang='grc' dir='ltr'>τὴν</span> <span class='ocrx_word' id='word_1_30' title='bbox 2286 481 2449 550; x_wconf 86' lang='grc' dir='ltr'>φύσιν</span> <span class='ocrx_word' id='word_1_31' title='bbox 2489 479 2598 534; x_wconf 83' lang='grc' dir='ltr'><strong>τῶν</strong></span> <span class='ocrx_word' id='word_1_32' title='bbox 2643 479 2988 551; x_wconf 81' lang='grc' dir='ltr'><strong>πραγμάτων</strong></span> <span class='ocrx_word' id='word_1_33' title='bbox 3026 477 3252 534; x_wconf 85' lang='grc' dir='ltr'>δυνατόν</span> <span class='ocrx_word' id='word_1_34' title='bbox 3305 482 3422 535; x_wconf 76' lang='grc' dir='ltr'>ἐστι</span> <span class='ocrx_word' id='word_1_35' title='bbox 3473 482 3783 553; x_wconf 68' lang='grc' dir='ltr'>διακρίτε-</span> 
     </span>
    </p>
   </div>
   <div class='ocr_carea' id='block_1_6' title="bbox 468 570 2054 643">
    <p class='ocr_par' dir='ltr' id='par_1_6' title="bbox 468 570 2054 643">
     <span class='ocr_line' id='line_1_6' title="bbox 468 570 2054 643; baseline 0.004 -20"><span class='ocrx_word' id='word_1_36' title='bbox 468 587 578 623; x_wconf 83' lang='lat' dir='ltr'><strong>.um</strong></span> <span class='ocrx_word' id='word_1_37' title='bbox 598 570 666 634; x_wconf 81' lang='grc'><strong>³⁸,</strong></span> <span class='ocrx_word' id='word_1_38' title='bbox 710 572 848 626; x_wconf 83' lang='lat' dir='ltr'><strong>duas</strong></span> <span class='ocrx_word' id='word_1_39' title='bbox 890 580 1118 625; x_wconf 81' lang='lat' dir='ltr'><strong>naturas</strong></span> <span class='ocrx_word' id='word_1_40' title='bbox 1174 571 1277 627; x_wconf 87' lang='lat' dir='ltr'><strong>sibi</strong></span> <span class='ocrx_word' id='word_1_41' title='bbox 1324 571 1559 627; x_wconf 89' lang='lat' dir='ltr'><strong>invicem</strong></span> <span class='ocrx_word' id='word_1_42' title='bbox 1605 573 1923 643; x_wconf 84' lang='lat' dir='ltr'><strong>oppositas:</strong></span> <span class='ocrx_word' id='word_1_43' title='bbox 1955 588 2054 629; x_wconf 90' lang='lat' dir='ltr'><strong>ex-</strong></span> 
     </span>
    </p>
   </div>
   <div class='ocr_carea' id='block_1_7' title="bbox 472 661 2055 734">
    <p class='ocr_par' dir='ltr' id='par_1_7' title="bbox 472 661 2055 734">
     <span class='ocr_line' id='line_1_7' title="bbox 472 661 2055 734; baseline 0.004 -19"><span class='ocrx_word' id='word_1_44' title='bbox 472 664 646 730; x_wconf 85' lang='lat' dir='ltr'><strong>pende</strong></span> <span class='ocrx_word' id='word_1_45' title='bbox 684 661 831 732; x_wconf 81' lang='lat' dir='ltr'><strong>ipsas</strong></span> <span class='ocrx_word' id='word_1_46' title='bbox 873 662 927 716; x_wconf 90' lang='lat' dir='ltr'><strong>in</strong></span> <span class='ocrx_word' id='word_1_47' title='bbox 973 671 1066 718; x_wconf 91' lang='lat' dir='ltr'><strong>tuo</strong></span> <span class='ocrx_word' id='word_1_48' title='bbox 1103 663 1274 733; x_wconf 80' lang='lat' dir='ltr'><strong>Ipsius</strong></span> <span class='ocrx_word' id='word_1_49' title='bbox 1319 664 1624 718; x_wconf 86' lang='lat' dir='ltr'><strong>tribunali:</strong></span> <span class='ocrx_word' id='word_1_50' title='bbox 1655 666 1898 734; x_wconf 83' lang='lat' dir='ltr'><strong>pondera</strong></span> <span class='ocrx_word' id='word_1_51' title='bbox 1933 667 2055 722; x_wconf 86' lang='lat' dir='ltr'><strong>dili-</strong></span> 
     </span>
    </p>
   </div>
   <div class='ocr_carea' id='block_1_8' title="bbox 467 754 2053 826">
    <p class='ocr_par' dir='ltr' id='par_1_8' title="bbox 467 754 2053 826">
     <span class='ocr_line' id='line_1_8' title="bbox 467 754 2053 826; baseline 0.002 -18"><span class='ocrx_word' id='word_1_52' title='bbox 467 764 660 824; x_wconf 76' lang='lat' dir='ltr'><strong>genter</strong></span> <span class='ocrx_word' id='word_1_53' title='bbox 701 756 832 825; x_wconf 91' lang='lat' dir='ltr'><strong>quid</strong></span> <span class='ocrx_word' id='word_1_54' title='bbox 878 755 954 809; x_wconf 78' lang='lat' dir='ltr'><strong>ait</strong></span> <span class='ocrx_word' id='word_1_55' title='bbox 988 755 1086 810; x_wconf 88' lang='lat' dir='ltr'><strong>tibi</strong></span> <span class='ocrx_word' id='word_1_56' title='bbox 1135 754 1557 822; x_wconf 85' lang='lat' dir='ltr'><strong>conducibilius,</strong></span> <span class='ocrx_word' id='word_1_57' title='bbox 1597 766 1778 811; x_wconf 90' lang='lat' dir='ltr'><strong>utrum</strong></span> <span class='ocrx_word' id='word_1_58' title='bbox 1841 768 2053 826; x_wconf 87' lang='lat' dir='ltr'><strong>tempo-</strong></span> 
     </span>
    </p>
   </div>
   <div class='ocr_carea' id='block_1_9' title="bbox 470 845 2054 916">
    <p class='ocr_par' dir='ltr' id='par_1_9' title="bbox 470 845 2054 916">
     <span class='ocr_line' id='line_1_9' title="bbox 470 845 2054 916; baseline 0.001 -18"><span class='ocrx_word' id='word_1_59' title='bbox 470 846 670 900; x_wconf 86' lang='lat' dir='ltr'><strong>rariam</strong></span> <span class='ocrx_word' id='word_1_60' title='bbox 714 845 915 916; x_wconf 80' lang='lat' dir='ltr'><strong>eligere</strong></span> <span class='ocrx_word' id='word_1_61' title='bbox 957 846 1320 915; x_wconf 84' lang='lat' dir='ltr'><strong>voluptatem,</strong></span> <span class='ocrx_word' id='word_1_62' title='bbox 1373 854 1428 901; x_wconf 91' lang='lat' dir='ltr'><strong>et</strong></span> <span class='ocrx_word' id='word_1_63' title='bbox 1489 861 1587 915; x_wconf 86' lang='lat' dir='ltr'><strong>per</strong></span> <span class='ocrx_word' id='word_1_64' title='bbox 1626 860 1746 901; x_wconf 87' lang='lat' dir='ltr'><strong>eam</strong></span> <span class='ocrx_word' id='word_1_65' title='bbox 1804 848 2054 916; x_wconf 85' lang='lat' dir='ltr'><strong>accipere</strong></span> 
     </span>
    </p>
   </div>
   <div class='ocr_carea' id='block_1_10' title="bbox 465 936 2052 994">
    <p class='ocr_par' dir='ltr' id='par_1_10' title="bbox 465 936 2052 994">
     <span class='ocr_line' id='line_1_10' title="bbox 465 936 2052 994; baseline 0.001 -2"><span class='ocrx_word' id='word_1_66' title='bbox 465 945 724 992; x_wconf 68' lang='lat' dir='ltr'><strong>aeternam</strong></span> <span class='ocrx_word' id='word_1_67' title='bbox 757 947 986 993; x_wconf 82' lang='lat' dir='ltr'><strong>inertem</strong></span> <span class='ocrx_word' id='word_1_68' title='bbox 1008 954 1022 991; x_wconf 89' lang='lat'><strong>:</strong></span> <span class='ocrx_word' id='word_1_69' title='bbox 1044 953 1110 992; x_wconf 88' lang='lat' dir='ltr'><strong>an</strong></span> <span class='ocrx_word' id='word_1_70' title='bbox 1151 938 1204 992; x_wconf 93' lang='lat' dir='ltr'><strong>in</strong></span> <span class='ocrx_word' id='word_1_71' title='bbox 1240 937 1459 994; x_wconf 89' lang='lat' dir='ltr'><strong>virtutis</strong></span> <span class='ocrx_word' id='word_1_72' title='bbox 1502 939 1765 993; x_wconf 81' lang='lat' dir='ltr'><strong>exercitio</strong></span> <span class='ocrx_word' id='word_1_73' title='bbox 1800 936 2052 994; x_wconf 87' lang='lat' dir='ltr'><strong>alilictio-</strong></span> 
     </span>
    </p>
   </div>
   <div class='ocr_carea' id='block_1_11' title="bbox 468 1029 2053 1099">
    <p class='ocr_par' dir='ltr' id='par_1_11' title="bbox 468 1029 2053 1099">
     <span class='ocr_line' id='line_1_11' title="bbox 468 1029 2053 1099; baseline 0.003 -17"><span class='ocrx_word' id='word_1_74' title='bbox 468 1042 587 1084; x_wconf 91' lang='lat' dir='ltr'><strong>nem</strong></span> <span class='ocrx_word' id='word_1_75' title='bbox 628 1029 848 1099; x_wconf 81' lang='lat' dir='ltr'><strong>eligere,</strong></span> <span class='ocrx_word' id='word_1_76' title='bbox 886 1037 944 1085; x_wconf 89' lang='lat' dir='ltr'><strong>et</strong></span> <span class='ocrx_word' id='word_1_77' title='bbox 977 1029 1122 1085; x_wconf 87' lang='lat' dir='ltr'><strong>illius</strong></span> <span class='ocrx_word' id='word_1_78' title='bbox 1163 1044 1268 1098; x_wconf 91' lang='lat' dir='ltr'><strong>ope</strong></span> <span class='ocrx_word' id='word_1_79' title='bbox 1316 1030 1543 1086; x_wconf 86' lang='lat' dir='ltr'><strong>delicias</strong></span> <span class='ocrx_word' id='word_1_80' title='bbox 1586 1040 1822 1086; x_wconf 67' lang='lat' dir='ltr'><strong>aeternas</strong></span> <span class='ocrx_word' id='word_1_81' title='bbox 1858 1046 2053 1086; x_wconf 79' lang='lat' dir='ltr'><strong>conse-</strong></span> 
     </span>
    </p>
   </div>
   <div class='ocr_carea' id='block_1_12' title="bbox 464 1104 2052 1192">
    <p class='ocr_par' dir='ltr' id='par_1_12' title="bbox 464 1104 2052 1192">
     <span class='ocr_line' id='line_1_12' title="bbox 464 1104 2052 1192; baseline 0.003 -20"><span class='ocrx_word' id='word_1_82' title='bbox 464 1120 905 1190; x_wconf 79' lang='lat' dir='ltr'><strong>qui?Mendaces</strong></span> <span class='ocrx_word' id='word_1_83' title='bbox 934 1122 1103 1192; x_wconf 78' lang='lat' dir='ltr'><strong>igitur</strong></span> <span class='ocrx_word' id='word_1_84' title='bbox 1148 1104 1278 1176; x_wconf 82' lang='lat' dir='ltr'><strong>sunt</strong></span> <span class='ocrx_word' id='word_1_85' title='bbox 1328 1123 1605 1184; x_wconf 85' lang='lat' dir='ltr'><strong>homines,</strong></span> <span class='ocrx_word' id='word_1_86' title='bbox 1659 1130 1916 1192; x_wconf 85' lang='lat' dir='ltr'><strong>corrupta</strong></span> <span class='ocrx_word' id='word_1_87' title='bbox 1957 1123 2052 1177; x_wconf 80' lang='lat' dir='ltr'><strong>ha-</strong></span> 
     </span>
    </p>
   </div>
   <div class='ocr_carea' id='block_1_13' title="bbox 464 1212 2049 1283">
    <p class='ocr_par' dir='ltr' id='par_1_13' title="bbox 464 1212 2049 1283">
     <span class='ocr_line' id='line_1_13' title="bbox 464 1212 2049 1283; baseline 0.001 -17"><span class='ocrx_word' id='word_1_88' title='bbox 464 1212 657 1267; x_wconf 84' lang='lat' dir='ltr'><strong>bentes</strong></span> <span class='ocrx_word' id='word_1_89' title='bbox 711 1213 909 1268; x_wconf 72' lang='lat' dir='ltr'><strong>anima:</strong></span> <span class='ocrx_word' id='word_1_90' title='bbox 952 1212 1162 1281; x_wconf 82' lang='lat' dir='ltr'><strong>judicia</strong></span> <span class='ocrx_word' id='word_1_91' title='bbox 1204 1227 1221 1266; x_wconf 92' lang='lat'><strong>:</strong></span> <span class='ocrx_word' id='word_1_92' title='bbox 1258 1227 1489 1283; x_wconf 81' lang='lat' dir='ltr'><strong>quorum</strong></span> <span class='ocrx_word' id='word_1_93' title='bbox 1534 1214 1703 1268; x_wconf 88' lang='lat' dir='ltr'><strong>etiam</strong></span> <span class='ocrx_word' id='word_1_94' title='bbox 1756 1215 2049 1269; x_wconf 89' lang='lat' dir='ltr'><strong>miseretur</strong></span> 
     </span>
    </p>
   </div>
   <div class='ocr_carea' id='block_1_14' title="bbox 466 1302 2051 1376">
    <p class='ocr_par' dir='ltr' id='par_1_14' title="bbox 466 1302 2051 1376">
     <span class='ocr_line' id='line_1_14' title="bbox 466 1302 2051 1376; baseline 0.001 -18"><span class='ocrx_word' id='word_1_95' title='bbox 466 1302 730 1374; x_wconf 83' lang='lat' dir='ltr'><strong>Propheta</strong></span> <span class='ocrx_word' id='word_1_96' title='bbox 769 1306 953 1361; x_wconf 86' lang='lat' dir='ltr'><strong>dicens</strong></span> <span class='ocrx_word' id='word_1_97' title='bbox 982 1324 996 1359; x_wconf 89' lang='lat'><strong>:</strong></span> <span class='ocrx_word' id='word_1_98' title='bbox 1036 1304 1147 1371; x_wconf 76' lang='lat' dir='ltr'><strong>Vw,</strong></span> <span class='ocrx_word' id='word_1_99' title='bbox 1177 1306 1269 1376; x_wconf 79' lang='lat' dir='ltr'><strong>qui</strong></span> <span class='ocrx_word' id='word_1_100' title='bbox 1301 1308 1483 1361; x_wconf 82' lang='lat' dir='ltr'><strong>dicunt</strong></span> <span class='ocrx_word' id='word_1_101' title='bbox 1506 1307 1747 1362; x_wconf 75' lang='lat' dir='ltr'><strong>tenebras</strong></span> <span class='ocrx_word' id='word_1_102' title='bbox 1782 1307 1972 1372; x_wconf 80' lang='lat' dir='ltr'><strong>lucem,</strong></span> <span class='ocrx_word' id='word_1_103' title='bbox 2001 1316 2051 1362; x_wconf 89' lang='lat' dir='ltr'><strong>et</strong></span> 
     </span>
    </p>
   </div>
   <div class='ocr_carea' id='block_1_15' title="bbox 2157 568 3780 640">
    <p class='ocr_par' dir='ltr' id='par_1_15' title="bbox 2157 568 3780 640">
     <span class='ocr_line' id='line_1_15' title="bbox 2157 568 3780 640; baseline 0.004 -17"><span class='ocrx_word' id='word_1_104' title='bbox 2157 568 2303 624; x_wconf 88' lang='grc' dir='ltr'>σθαι.</span> <span class='ocrx_word' id='word_1_105' title='bbox 2322 572 2552 638; x_wconf 82' lang='grc' dir='ltr'>Ἕθηκα</span> <span class='ocrx_word' id='word_1_106' title='bbox 2579 570 2696 639; x_wconf 80' lang='grc' dir='ltr'>πρὸ</span> <span class='ocrx_word' id='word_1_107' title='bbox 2716 568 3044 638; x_wconf 78' lang='grc' dir='ltr'><strong>προσώπου</strong></span> <span class='ocrx_word' id='word_1_108' title='bbox 3061 583 3179 624; x_wconf 83' lang='grc' dir='ltr'><strong>σου</strong></span> <span class='ocrx_word' id='word_1_109' title='bbox 3197 570 3314 638; x_wconf 78' lang='grc' dir='ltr'><strong>τὴν</strong></span> <span class='ocrx_word' id='word_1_110' title='bbox 3332 570 3488 640; x_wconf 80' lang='grc' dir='ltr'>ζωὴν</span> <span class='ocrx_word' id='word_1_111' title='bbox 3515 576 3623 628; x_wconf 78' lang='grc' dir='ltr'>καὶ</span> <span class='ocrx_word' id='word_1_112' title='bbox 3652 575 3780 629; x_wconf 78' lang='grc' dir='ltr'><strong>τὸν</strong></span> 
     </span>
    </p>
   </div>
   <div class='ocr_carea' id='block_1_16' title="bbox 2154 660 3776 733">
    <p class='ocr_par' dir='ltr' id='par_1_16' title="bbox 2154 660 3776 733">
     <span class='ocr_line' id='line_1_16' title="bbox 2154 660 3776 733; baseline 0.002 -16"><span class='ocrx_word' id='word_1_113' title='bbox 2154 660 2437 727; x_wconf 77' lang='grc' dir='ltr'>θάνατον,</span> <span class='ocrx_word' id='word_1_114' title='bbox 2479 662 2546 716; x_wconf 88' lang='grc' dir='ltr'>τὸ</span> <span class='ocrx_word' id='word_1_115' title='bbox 2565 660 2792 733; x_wconf 78' lang='grc' dir='ltr'>ἀγαθὸν</span> <span class='ocrx_word' id='word_1_116' title='bbox 2824 661 2925 716; x_wconf 76' lang='grc' dir='ltr'>καὶ</span> <span class='ocrx_word' id='word_1_117' title='bbox 2952 660 3020 715; x_wconf 79' lang='grc' dir='ltr'>τὸ</span> <span class='ocrx_word' id='word_1_118' title='bbox 3055 662 3266 716; x_wconf 80' lang='grc' dir='ltr'>κακόν·</span> <span class='ocrx_word' id='word_1_119' title='bbox 3284 661 3377 716; x_wconf 90' lang='grc' dir='ltr'><strong>δύο</strong></span> <span class='ocrx_word' id='word_1_120' title='bbox 3401 663 3598 733; x_wconf 82' lang='grc' dir='ltr'>φύσεις</span> <span class='ocrx_word' id='word_1_121' title='bbox 3610 666 3776 720; x_wconf 78' lang='grc' dir='ltr'>ἀντι-</span> 
     </span>
    </p>
   </div>
   <div class='ocr_carea' id='block_1_17' title="bbox 2154 753 3766 827">
    <p class='ocr_par' dir='ltr' id='par_1_17' title="bbox 2154 753 3766 827">
     <span class='ocr_line' id='line_1_17' title="bbox 2154 753 3766 827; baseline 0.004 -19"><span class='ocrx_word' id='word_1_122' title='bbox 2154 754 2418 825; x_wconf 83' lang='grc' dir='ltr'><strong>κειμένας</strong></span> <span class='ocrx_word' id='word_1_123' title='bbox 2466 754 2723 826; x_wconf 76' lang='grc' dir='ltr'><strong>ἀλλήλαις</strong></span> <span class='ocrx_word' id='word_1_124' title='bbox 2746 771 2761 785; x_wconf 78' lang='grc' dir='ltr'><strong><em>ο</em></strong></span> <span class='ocrx_word' id='word_1_125' title='bbox 2809 753 3250 827; x_wconf 80' lang='grc' dir='ltr'>ἀντιστάθμησον</span> <span class='ocrx_word' id='word_1_126' title='bbox 3293 756 3463 823; x_wconf 79' lang='grc' dir='ltr'>αὐτὰς</span> <span class='ocrx_word' id='word_1_127' title='bbox 3508 759 3609 812; x_wconf 71' lang='grc' dir='ltr'><strong>ἐπὶ</strong></span> <span class='ocrx_word' id='word_1_128' title='bbox 3656 760 3766 814; x_wconf 74' lang='grc' dir='ltr'>τοῦ</span> 
     </span>
    </p>
   </div>
   <div class='ocr_carea' id='block_1_18' title="bbox 2152 845 3762 922">
    <p class='ocr_par' dir='ltr' id='par_1_18' title="bbox 2152 845 3762 922">
     <span class='ocr_line' id='line_1_18' title="bbox 2152 845 3762 922; baseline 0.004 -24"><span class='ocrx_word' id='word_1_129' title='bbox 2152 845 2356 899; x_wconf 79' lang='grc' dir='ltr'>οἰκείου</span> <span class='ocrx_word' id='word_1_130' title='bbox 2405 845 2635 900; x_wconf 77' lang='grc' dir='ltr'>σεαυτοῦ</span> <span class='ocrx_word' id='word_1_131' title='bbox 2667 846 2987 919; x_wconf 82' lang='grc' dir='ltr'><strong>κριτηρίου·</strong></span> <span class='ocrx_word' id='word_1_132' title='bbox 3020 846 3427 918; x_wconf 79' lang='grc' dir='ltr'>ζυγοστάτησον</span> <span class='ocrx_word' id='word_1_133' title='bbox 3469 849 3762 922; x_wconf 80' lang='grc' dir='ltr'>ἀκριϐῶς,</span> 
     </span>
    </p>
   </div>
   <div class='ocr_carea' id='block_1_19' title="bbox 2151 938 3764 1013">
    <p class='ocr_par' dir='ltr' id='par_1_19' title="bbox 2151 938 3764 1013">
     <span class='ocr_line' id='line_1_19' title="bbox 2151 938 3764 1013; baseline 0.003 -21"><span class='ocrx_word' id='word_1_134' title='bbox 2151 938 2206 992; x_wconf 89' lang='grc' dir='ltr'><strong>τί</strong></span> <span class='ocrx_word' id='word_1_135' title='bbox 2252 956 2333 992; x_wconf 90' lang='grc' dir='ltr'><strong>σοι</strong></span> <span class='ocrx_word' id='word_1_136' title='bbox 2377 938 2836 1011; x_wconf 81' lang='grc' dir='ltr'>λυσιτελέστερον,</span> <span class='ocrx_word' id='word_1_137' title='bbox 2875 938 2974 1011; x_wconf 84' lang='grc' dir='ltr'><strong>τὴν</strong></span> <span class='ocrx_word' id='word_1_138' title='bbox 3001 939 3338 1012; x_wconf 79' lang='grc' dir='ltr'>πρόσκαιρον</span> <span class='ocrx_word' id='word_1_139' title='bbox 3365 940 3583 995; x_wconf 76' lang='grc' dir='ltr'><strong>ἑλέσθαι</strong></span> <span class='ocrx_word' id='word_1_140' title='bbox 3618 943 3764 1013; x_wconf 76' lang='grc' dir='ltr'>ἠδο-</span> 
     </span>
    </p>
   </div>
   <div class='ocr_carea' id='block_1_20' title="bbox 2152 1029 3758 1107">
    <p class='ocr_par' dir='ltr' id='par_1_20' title="bbox 2152 1029 3758 1107">
     <span class='ocr_line' id='line_1_20' title="bbox 2152 1029 3758 1107; baseline 0.002 -23"><span class='ocrx_word' id='word_1_141' title='bbox 2152 1029 2271 1103; x_wconf 83' lang='grc' dir='ltr'>νὴν,</span> <span class='ocrx_word' id='word_1_142' title='bbox 2328 1032 2423 1085; x_wconf 79' lang='grc' dir='ltr'>καὶ</span> <span class='ocrx_word' id='word_1_143' title='bbox 2470 1031 2538 1084; x_wconf 83' lang='grc' dir='ltr'>δι’</span> <span class='ocrx_word' id='word_1_144' title='bbox 2572 1031 2741 1103; x_wconf 84' lang='grc' dir='ltr'>αὐτῆς</span> <span class='ocrx_word' id='word_1_145' title='bbox 2783 1031 2877 1085; x_wconf 76' lang='grc' dir='ltr'>τὸν</span> <span class='ocrx_word' id='word_1_146' title='bbox 2927 1030 3144 1085; x_wconf 84' lang='grc' dir='ltr'>αἰώνιον</span> <span class='ocrx_word' id='word_1_147' title='bbox 3189 1030 3377 1085; x_wconf 89' lang='grc' dir='ltr'>λαϐεῖν</span> <span class='ocrx_word' id='word_1_148' title='bbox 3420 1031 3678 1098; x_wconf 79' lang='grc' dir='ltr'>θάνατον,</span> <span class='ocrx_word' id='word_1_149' title='bbox 3718 1033 3758 1107; x_wconf 74' lang='grc' dir='ltr'><strong>ἢ</strong></span> 
     </span>
    </p>
   </div>
   <div class='ocr_carea' id='block_1_21' title="bbox 2150 1122 3760 1195">
    <p class='ocr_par' dir='ltr' id='par_1_21' title="bbox 2150 1122 3760 1195">
     <span class='ocr_line' id='line_1_21' title="bbox 2150 1122 3760 1195; baseline 0.004 -20"><span class='ocrx_word' id='word_1_150' title='bbox 2150 1122 2252 1192; x_wconf 83' lang='grc' dir='ltr'><strong>τήν</strong></span> <span class='ocrx_word' id='word_1_151' title='bbox 2304 1123 2364 1176; x_wconf 78' lang='grc' dir='ltr'>ὲν</span> <span class='ocrx_word' id='word_1_152' title='bbox 2414 1126 2479 1195; x_wconf 77' lang='grc' dir='ltr'>τῇ</span> <span class='ocrx_word' id='word_1_153' title='bbox 2534 1125 2766 1195; x_wconf 81' lang='grc' dir='ltr'><strong>ἀσκήσει</strong></span> <span class='ocrx_word' id='word_1_154' title='bbox 2805 1123 2903 1195; x_wconf 83' lang='grc' dir='ltr'>τῆς</span> <span class='ocrx_word' id='word_1_155' title='bbox 2945 1123 3149 1195; x_wconf 85' lang='grc' dir='ltr'>ἀρετῆς</span> <span class='ocrx_word' id='word_1_156' title='bbox 3195 1123 3450 1195; x_wconf 80' lang='grc' dir='ltr'>ἑλόμενον</span> <span class='ocrx_word' id='word_1_157' title='bbox 3490 1127 3760 1181; x_wconf 70' lang='grc' dir='ltr'>κακοπά-</span> 
     </span>
    </p>
   </div>
   <div class='ocr_carea' id='block_1_22' title="bbox 2152 1213 3757 1292">
    <p class='ocr_par' dir='ltr' id='par_1_22' title="bbox 2152 1213 3757 1292">
     <span class='ocr_line' id='line_1_22' title="bbox 2152 1213 3757 1292; baseline 0.003 -24"><span class='ocrx_word' id='word_1_158' title='bbox 2152 1213 2323 1279; x_wconf 89' lang='grc' dir='ltr'>θειαν,</span> <span class='ocrx_word' id='word_1_159' title='bbox 2357 1217 2532 1289; x_wconf 85' lang='grc' dir='ltr'>ταύτῃ</span> <span class='ocrx_word' id='word_1_160' title='bbox 2575 1216 2822 1289; x_wconf 82' lang='grc' dir='ltr'>προξένῳ</span> <span class='ocrx_word' id='word_1_161' title='bbox 2853 1217 3164 1289; x_wconf 84' lang='grc' dir='ltr'>χρήσασθαι</span> <span class='ocrx_word' id='word_1_162' title='bbox 3210 1219 3310 1289; x_wconf 80' lang='grc' dir='ltr'><strong>τῆς</strong></span> <span class='ocrx_word' id='word_1_163' title='bbox 3346 1218 3566 1272; x_wconf 76' lang='grc' dir='ltr'>αἰωνίου</span> <span class='ocrx_word' id='word_1_164' title='bbox 3609 1236 3757 1292; x_wconf 77' lang='grc' dir='ltr'>τρυ-</span> 
     </span>
    </p>
   </div>
   <div class='ocr_carea' id='block_1_23' title="bbox 2152 1305 3751 1383">
    <p class='ocr_par' dir='ltr' id='par_1_23' title="bbox 2152 1305 3751 1383">
     <span class='ocr_line' id='line_1_23' title="bbox 2152 1305 3751 1383; baseline 0.003 -21"><span class='ocrx_word' id='word_1_165' title='bbox 2152 1311 2259 1376; x_wconf 81' lang='grc' dir='ltr'><strong>φῆς</strong></span> <span class='ocrx_word' id='word_1_166' title='bbox 2276 1309 2409 1380; x_wconf 70' lang='lat'><strong>(9‘3).</strong></span> <span class='ocrx_word' id='word_1_167' title='bbox 2428 1309 2657 1375; x_wconf 79' lang='grc' dir='ltr'>Ψευδεῖς</span> <span class='ocrx_word' id='word_1_168' title='bbox 2680 1305 2774 1364; x_wconf 84' lang='grc' dir='ltr'><strong>οὖν</strong></span> <span class='ocrx_word' id='word_1_169' title='bbox 2797 1310 2848 1363; x_wconf 85' lang='grc' dir='ltr'><strong>οἰ</strong></span> <span class='ocrx_word' id='word_1_170' title='bbox 2865 1308 3162 1380; x_wconf 77' lang='grc' dir='ltr'>ἄνθρωποι,</span> <span class='ocrx_word' id='word_1_171' title='bbox 3192 1309 3561 1383; x_wconf 77' lang='grc' dir='ltr'>διεφθαρμένα</span> <span class='ocrx_word' id='word_1_172' title='bbox 3585 1312 3751 1383; x_wconf 75' lang='grc' dir='ltr'>έχον-</span> 
     </span>
    </p>
   </div>
   <div class='ocr_carea' id='block_1_24' title="bbox 461 1396 2035 1476">
    <p class='ocr_par' dir='ltr' id='par_1_24' title="bbox 461 1396 2035 1467">
     <span class='ocr_line' id='line_1_24' title="bbox 461 1396 2035 1467; baseline 0.003 -17"><span class='ocrx_word' id='word_1_173' title='bbox 461 1396 628 1452; x_wconf 79' lang='lat' dir='ltr'><strong>lucem</strong></span> <span class='ocrx_word' id='word_1_174' title='bbox 667 1400 903 1453; x_wconf 82' lang='lat' dir='ltr'><strong>tenebras</strong></span> <span class='ocrx_word' id='word_1_175' title='bbox 935 1415 955 1453; x_wconf 92' lang='lat'><strong><em>:</em></strong></span> <span class='ocrx_word' id='word_1_176' title='bbox 982 1402 1071 1467; x_wconf 86' lang='lat' dir='ltr'><strong>qui</strong></span> <span class='ocrx_word' id='word_1_177' title='bbox 1108 1401 1293 1454; x_wconf 82' lang='lat' dir='ltr'><strong>dicunt</strong></span> <span class='ocrx_word' id='word_1_178' title='bbox 1327 1416 1571 1454; x_wconf 78' lang='lat' dir='ltr'><strong>amarum</strong></span> <span class='ocrx_word' id='word_1_179' title='bbox 1600 1401 1773 1467; x_wconf 84' lang='lat' dir='ltr'><strong>dulce,</strong></span> <span class='ocrx_word' id='word_1_180' title='bbox 1805 1408 1856 1455; x_wconf 92' lang='lat' dir='ltr'><strong>et</strong></span> <span class='ocrx_word' id='word_1_181' title='bbox 1899 1400 2035 1455; x_wconf 72' lang='lat' dir='ltr'><strong>dulci</strong></span> 
     </span>
    </p>
   </div>
   <div class='ocr_carea' id='block_1_25' title="bbox 2143 1396 3753 1476">
    <p class='ocr_par' dir='ltr' id='par_1_25' title="bbox 2151 1402 3753 1476">
     <span class='ocr_line' id='line_1_25' title="bbox 2151 1402 3753 1476; baseline 0.004 -23"><span class='ocrx_word' id='word_1_182' title='bbox 2151 1418 2242 1464; x_wconf 82' lang='grc' dir='ltr'><strong>τες</strong></span> <span class='ocrx_word' id='word_1_183' title='bbox 2283 1402 2384 1472; x_wconf 84' lang='grc' dir='ltr'>τῆς</span> <span class='ocrx_word' id='word_1_184' title='bbox 2425 1403 2607 1475; x_wconf 78' lang='grc' dir='ltr'>ψυχῆς</span> <span class='ocrx_word' id='word_1_185' title='bbox 2648 1404 2717 1458; x_wconf 87' lang='grc' dir='ltr'><strong>τά</strong></span> <span class='ocrx_word' id='word_1_186' title='bbox 2754 1405 3049 1476; x_wconf 86' lang='grc' dir='ltr'>κριτήρια·</span> <span class='ocrx_word' id='word_1_187' title='bbox 3103 1403 3197 1468; x_wconf 78' lang='grc' dir='ltr'><strong>οὓς</strong></span> <span class='ocrx_word' id='word_1_188' title='bbox 3244 1405 3341 1458; x_wconf 78' lang='grc' dir='ltr'>καὶ</span> <span class='ocrx_word' id='word_1_189' title='bbox 3393 1404 3673 1471; x_wconf 73' lang='grc' dir='ltr'>ταλανίζει</span> <span class='ocrx_word' id='word_1_190' title='bbox 3718 1409 3753 1461; x_wconf 83' lang='grc' dir='ltr'>ὁ</span> 
     </span>
    </p>
   </div>
   <div class='ocr_carea' id='block_1_26' title="bbox 459 1489 2048 1560">
    <p class='ocr_par' dir='ltr' id='par_1_26' title="bbox 459 1489 2048 1560">
     <span class='ocr_line' id='line_1_26' title="bbox 459 1489 2048 1560; baseline 0.003 -18"><span class='ocrx_word' id='word_1_191' title='bbox 459 1489 794 1544; x_wconf 78' lang='lat' dir='ltr'><strong>amarum”.</strong></span> <span class='ocrx_word' id='word_1_192' title='bbox 847 1489 997 1555; x_wconf 75' lang='grc' dir='ltr'><strong>Μὶιιὶ,</strong></span> <span class='ocrx_word' id='word_1_193' title='bbox 1035 1491 1233 1558; x_wconf 90' lang='lat' dir='ltr'><strong>inquit,</strong></span> <span class='ocrx_word' id='word_1_194' title='bbox 1275 1502 1477 1560; x_wconf 60' lang='lat' dir='ltr'><strong>praesto</strong></span> <span class='ocrx_word' id='word_1_195' title='bbox 1520 1500 1676 1559; x_wconf 41' lang='lat' dir='ltr'><strong>sunt,</strong></span> <span class='ocrx_word' id='word_1_196' title='bbox 1700 1491 1991 1560; x_wconf 64' lang='lat' dir='ltr'><strong>praesentia</strong></span> <span class='ocrx_word' id='word_1_197' title='bbox 2032 1508 2048 1555; x_wconf 85' lang='lat'><strong>;</strong></span> 
     </span>
    </p>
   </div>
   <div class='ocr_carea' id='block_1_27' title="bbox 458 1581 2048 1654">
    <p class='ocr_par' dir='ltr' id='par_1_27' title="bbox 458 1581 2048 1654">
     <span class='ocr_line' id='line_1_27' title="bbox 458 1581 2048 1654; baseline 0.003 -21"><span class='ocrx_word' id='word_1_198' title='bbox 458 1581 585 1648; x_wconf 82' lang='lat' dir='ltr'><strong>quis</strong></span> <span class='ocrx_word' id='word_1_199' title='bbox 624 1595 750 1637; x_wconf 86' lang='lat' dir='ltr'><strong>vero</strong></span> <span class='ocrx_word' id='word_1_200' title='bbox 779 1582 931 1637; x_wconf 84' lang='lat' dir='ltr'><strong>novit</strong></span> <span class='ocrx_word' id='word_1_201' title='bbox 978 1582 1161 1637; x_wconf 76' lang='lat' dir='ltr'><strong>futura</strong></span> <span class='ocrx_word' id='word_1_202' title='bbox 1190 1584 1216 1638; x_wconf 82' lang='lat' dir='ltr'><strong>‘i</strong></span> <span class='ocrx_word' id='word_1_203' title='bbox 1250 1583 1387 1639; x_wconf 70' lang='lat' dir='ltr'><strong>Male</strong></span> <span class='ocrx_word' id='word_1_204' title='bbox 1432 1584 1728 1654; x_wconf 78' lang='lat' dir='ltr'><strong>ponderas,</strong></span> <span class='ocrx_word' id='word_1_205' title='bbox 1751 1597 1874 1638; x_wconf 88' lang='lat' dir='ltr'><strong>eum</strong></span> <span class='ocrx_word' id='word_1_206' title='bbox 1911 1584 2048 1639; x_wconf 83' lang='lat' dir='ltr'><strong>maia</strong></span> 
     </span>
    </p>
   </div>
   <div class='ocr_carea' id='block_1_28' title="bbox 459 1672 2047 1745">
    <p class='ocr_par' dir='ltr' id='par_1_28' title="bbox 459 1672 2047 1745">
     <span class='ocr_line' id='line_1_28' title="bbox 459 1672 2047 1745; baseline 0.002 -19"><span class='ocrx_word' id='word_1_207' title='bbox 459 1672 616 1726; x_wconf 85' lang='lat' dir='ltr'><strong>bonis</strong></span> <span class='ocrx_word' id='word_1_208' title='bbox 638 1672 916 1741; x_wconf 53' lang='lat' dir='ltr'><strong>pratici-as,</strong></span> <span class='ocrx_word' id='word_1_209' title='bbox 948 1690 1085 1731; x_wconf 88' lang='lat' dir='ltr'><strong>vana</strong></span> <span class='ocrx_word' id='word_1_210' title='bbox 1121 1675 1267 1731; x_wconf 89' lang='lat' dir='ltr'><strong>veris</strong></span> <span class='ocrx_word' id='word_1_211' title='bbox 1308 1676 1478 1731; x_wconf 91' lang='lat' dir='ltr'><strong>ducas</strong></span> <span class='ocrx_word' id='word_1_212' title='bbox 1509 1677 1742 1745; x_wconf 89' lang='lat' dir='ltr'><strong>potiora,</strong></span> <span class='ocrx_word' id='word_1_213' title='bbox 1772 1685 2047 1745; x_wconf 87' lang='lat' dir='ltr'><strong>tempora-</strong></span> 
     </span>
    </p>
   </div>
   <div class='ocr_carea' id='block_1_29' title="bbox 456 1760 2047 1837">
    <p class='ocr_par' dir='ltr' id='par_1_29' title="bbox 456 1760 2047 1837">
     <span class='ocr_line' id='line_1_29' title="bbox 456 1760 2047 1837; baseline 0.004 -22"><span class='ocrx_word' id='word_1_214' title='bbox 456 1760 528 1816; x_wconf 85' lang='lat' dir='ltr'><strong>lia</strong></span> <span class='ocrx_word' id='word_1_215' title='bbox 579 1764 800 1819; x_wconf 74' lang='lat' dir='ltr'><strong>teternis</strong></span> <span class='ocrx_word' id='word_1_216' title='bbox 833 1774 1156 1836; x_wconf 75' lang='lat' dir='ltr'><strong>anteponas,</strong></span> <span class='ocrx_word' id='word_1_217' title='bbox 1184 1767 1514 1836; x_wconf 87' lang='lat' dir='ltr'><strong>voluptatem</strong></span> <span class='ocrx_word' id='word_1_218' title='bbox 1545 1765 1747 1821; x_wconf 80' lang='lat' dir='ltr'><strong>ﬂuxam</strong></span> <span class='ocrx_word' id='word_1_219' title='bbox 1779 1781 1878 1837; x_wconf 90' lang='lat' dir='ltr'><strong>pro</strong></span> <span class='ocrx_word' id='word_1_220' title='bbox 1910 1766 2047 1821; x_wconf 69' lang='lat' dir='ltr'><strong>lasti-</strong></span> 
     </span>
    </p>
   </div>
   <div class='ocr_carea' id='block_1_30' title="bbox 456 1855 2043 1930">
    <p class='ocr_par' dir='ltr' id='par_1_30' title="bbox 456 1855 2043 1930">
     <span class='ocr_line' id='line_1_30' title="bbox 456 1855 2043 1930; baseline 0.003 -22"><span class='ocrx_word' id='word_1_221' title='bbox 456 1855 530 1908; x_wconf 88' lang='lat' dir='ltr'><strong>tia</strong></span> <span class='ocrx_word' id='word_1_222' title='bbox 568 1865 827 1924; x_wconf 83' lang='lat' dir='ltr'><strong>perpetua</strong></span> <span class='ocrx_word' id='word_1_223' title='bbox 872 1872 936 1911; x_wconf 89' lang='lat' dir='ltr'><strong>ac</strong></span> <span class='ocrx_word' id='word_1_224' title='bbox 982 1858 1192 1927; x_wconf 86' lang='lat' dir='ltr'><strong>perpeti</strong></span> <span class='ocrx_word' id='word_1_225' title='bbox 1231 1858 1422 1927; x_wconf 77' lang='lat' dir='ltr'><strong>eligas.</strong></span> <span class='ocrx_word' id='word_1_226' title='bbox 1459 1857 1741 1913; x_wconf 80' lang='lat' dir='ltr'><strong>Mendaces</strong></span> <span class='ocrx_word' id='word_1_227' title='bbox 1783 1875 1908 1930; x_wconf 84' lang='lat' dir='ltr'><strong>ergo</strong></span> <span class='ocrx_word' id='word_1_228' title='bbox 1944 1859 2043 1928; x_wconf 79' lang='lat' dir='ltr'><strong>ﬁlii</strong></span> 
     </span>
    </p>
   </div>
   <div class='ocr_carea' id='block_1_31' title="bbox 452 1948 2044 2022">
    <p class='ocr_par' dir='ltr' id='par_1_31' title="bbox 452 1948 2044 2022">
     <span class='ocr_line' id='line_1_31' title="bbox 452 1948 2044 2022; baseline 0.004 -22"><span class='ocrx_word' id='word_1_229' title='bbox 452 1948 722 2002; x_wconf 70' lang='lat' dir='ltr'><strong>hominum</strong></span> <span class='ocrx_word' id='word_1_230' title='bbox 748 1949 803 2003; x_wconf 87' lang='lat' dir='ltr'><strong>in</strong></span> <span class='ocrx_word' id='word_1_231' title='bbox 834 1950 1050 2005; x_wconf 86' lang='lat' dir='ltr'><strong>stateris</strong></span> <span class='ocrx_word' id='word_1_232' title='bbox 1084 1950 1155 2005; x_wconf 81' lang='lat' dir='ltr'><strong>ad</strong></span> <span class='ocrx_word' id='word_1_233' title='bbox 1195 1950 1559 2020; x_wconf 81' lang='lat' dir='ltr'><strong>{raudandum</strong></span> <span class='ocrx_word' id='word_1_234' title='bbox 1589 1951 1866 2007; x_wconf 75' lang='lat' dir='ltr'><strong>adhibitis.</strong></span> <span class='ocrx_word' id='word_1_235' title='bbox 1902 1952 2044 2022; x_wconf 86' lang='lat' dir='ltr'><strong>lnju-</strong></span> 
     </span>
    </p>
   </div>
   <div class='ocr_carea' id='block_1_32' title="bbox 456 2040 2042 2112">
    <p class='ocr_par' dir='ltr' id='par_1_32' title="bbox 456 2040 2042 2112">
     <span class='ocr_line' id='line_1_32' title="bbox 456 2040 2042 2112; baseline 0.003 -19"><span class='ocrx_word' id='word_1_236' title='bbox 456 2041 536 2094; x_wconf 89' lang='lat' dir='ltr'><strong>ria</strong></span> <span class='ocrx_word' id='word_1_237' title='bbox 564 2040 803 2096; x_wconf 78' lang='lat' dir='ltr'><strong>alliciunt</strong></span> <span class='ocrx_word' id='word_1_238' title='bbox 832 2043 1069 2096; x_wconf 82' lang='lat' dir='ltr'><strong>maxime</strong></span> <span class='ocrx_word' id='word_1_239' title='bbox 1107 2042 1325 2111; x_wconf 86' lang='lat' dir='ltr'><strong>quidem</strong></span> <span class='ocrx_word' id='word_1_240' title='bbox 1370 2056 1430 2096; x_wconf 84' lang='lat' dir='ltr'><strong>se</strong></span> <span class='ocrx_word' id='word_1_241' title='bbox 1477 2042 1648 2112; x_wconf 86' lang='lat' dir='ltr'><strong>ipsos,</strong></span> <span class='ocrx_word' id='word_1_242' title='bbox 1681 2042 1881 2098; x_wconf 87' lang='lat' dir='ltr'><strong>deinde</strong></span> <span class='ocrx_word' id='word_1_243' title='bbox 1911 2057 2042 2098; x_wconf 84' lang='lat' dir='ltr'><strong>vero</strong></span> 
     </span>
    </p>
   </div>
   <div class='ocr_carea' id='block_1_33' title="bbox 451 2133 2041 2208">
    <p class='ocr_par' dir='ltr' id='par_1_33' title="bbox 451 2133 2041 2208">
     <span class='ocr_line' id='line_1_33' title="bbox 451 2133 2041 2208; baseline 0.002 -22"><span class='ocrx_word' id='word_1_244' title='bbox 451 2133 984 2204; x_wconf 83' lang='lat' dir='ltr'><strong>proximos:quippe</strong></span> <span class='ocrx_word' id='word_1_245' title='bbox 1017 2133 1112 2204; x_wconf 90' lang='lat' dir='ltr'><strong>qui</strong></span> <span class='ocrx_word' id='word_1_246' title='bbox 1135 2145 1189 2188; x_wconf 90' lang='lat' dir='ltr'><strong>et</strong></span> <span class='ocrx_word' id='word_1_247' title='bbox 1224 2133 1328 2188; x_wconf 89' lang='lat' dir='ltr'><strong>sibi</strong></span> <span class='ocrx_word' id='word_1_248' title='bbox 1348 2134 1479 2203; x_wconf 82' lang='lat' dir='ltr'><strong>ipsis</strong></span> <span class='ocrx_word' id='word_1_249' title='bbox 1514 2134 1567 2188; x_wconf 91' lang='lat' dir='ltr'><strong>in</strong></span> <span class='ocrx_word' id='word_1_250' title='bbox 1601 2134 2041 2208; x_wconf 86' lang='lat' dir='ltr'><strong>suisactionibus</strong></span> 
     </span>
    </p>
   </div>
   <div class='ocr_carea' id='block_1_34' title="bbox 453 2224 2041 2297">
    <p class='ocr_par' dir='ltr' id='par_1_34' title="bbox 453 2224 2041 2297">
     <span class='ocr_line' id='line_1_34' title="bbox 453 2224 2041 2297; baseline 0.004 -20"><span class='ocrx_word' id='word_1_251' title='bbox 453 2224 593 2279; x_wconf 85' lang='lat' dir='ltr'><strong>male</strong></span> <span class='ocrx_word' id='word_1_252' title='bbox 622 2226 932 2291; x_wconf 86' lang='lat' dir='ltr'><strong>consulunt,</strong></span> <span class='ocrx_word' id='word_1_253' title='bbox 964 2235 1021 2282; x_wconf 89' lang='lat' dir='ltr'><strong>et</strong></span> <span class='ocrx_word' id='word_1_254' title='bbox 1055 2226 1179 2281; x_wconf 89' lang='lat' dir='ltr'><strong>aliis</strong></span> <span class='ocrx_word' id='word_1_255' title='bbox 1229 2235 1358 2281; x_wconf 89' lang='lat' dir='ltr'><strong>sunt</strong></span> <span class='ocrx_word' id='word_1_256' title='bbox 1399 2226 1652 2297; x_wconf 85' lang='lat' dir='ltr'><strong>exemplo</strong></span> <span class='ocrx_word' id='word_1_257' title='bbox 1706 2227 1871 2284; x_wconf 87' lang='lat' dir='ltr'><strong>malo.</strong></span> <span class='ocrx_word' id='word_1_258' title='bbox 1920 2227 2041 2283; x_wconf 87' lang='lat' dir='ltr'><strong>Non</strong></span> 
     </span>
    </p>
   </div>
   <div class='ocr_carea' id='block_1_35' title="bbox 453 2315 2042 2388">
    <p class='ocr_par' dir='ltr' id='par_1_35' title="bbox 453 2315 2042 2388">
     <span class='ocr_line' id='line_1_35' title="bbox 453 2315 2042 2388; baseline 0.003 -18"><span class='ocrx_word' id='word_1_259' title='bbox 453 2315 637 2372; x_wconf 83' lang='lat' dir='ltr'><strong>licebit</strong></span> <span class='ocrx_word' id='word_1_260' title='bbox 665 2317 762 2373; x_wconf 89' lang='lat' dir='ltr'><strong>tibi</strong></span> <span class='ocrx_word' id='word_1_261' title='bbox 807 2318 994 2375; x_wconf 85' lang='lat' dir='ltr'><strong>dicere</strong></span> <span class='ocrx_word' id='word_1_262' title='bbox 1021 2320 1074 2374; x_wconf 92' lang='lat' dir='ltr'><strong>in</strong></span> <span class='ocrx_word' id='word_1_263' title='bbox 1106 2320 1195 2375; x_wconf 90' lang='lat' dir='ltr'><strong>die</strong></span> <span class='ocrx_word' id='word_1_264' title='bbox 1231 2319 1423 2388; x_wconf 84' lang='lat' dir='ltr'><strong>judicii</strong></span> <span class='ocrx_word' id='word_1_265' title='bbox 1455 2338 1468 2375; x_wconf 91' lang='lat'><strong>:</strong></span> <span class='ocrx_word' id='word_1_266' title='bbox 1504 2319 1623 2375; x_wconf 74' lang='lat' dir='ltr'><strong>Non</strong></span> <span class='ocrx_word' id='word_1_267' title='bbox 1654 2334 1913 2376; x_wconf 80' lang='lat' dir='ltr'><strong>noveram</strong></span> <span class='ocrx_word' id='word_1_268' title='bbox 1947 2320 2042 2375; x_wconf 90' lang='lat' dir='ltr'><strong>bo-</strong></span> 
     </span>
    </p>
   </div>
   <div class='ocr_carea' id='block_1_36' title="bbox 453 2408 2042 2484">
    <p class='ocr_par' dir='ltr' id='par_1_36' title="bbox 453 2408 2042 2484">
     <span class='ocr_line' id='line_1_36' title="bbox 453 2408 2042 2484; baseline 0.002 -20"><span class='ocrx_word' id='word_1_269' title='bbox 453 2424 601 2464; x_wconf 90' lang='lat' dir='ltr'><strong>num.</strong></span> <span class='ocrx_word' id='word_1_270' title='bbox 635 2408 1019 2480; x_wconf 86' lang='lat' dir='ltr'><strong>Proponuntur</strong></span> <span class='ocrx_word' id='word_1_271' title='bbox 1049 2412 1145 2467; x_wconf 90' lang='lat' dir='ltr'><strong>tibi</strong></span> <span class='ocrx_word' id='word_1_272' title='bbox 1173 2421 1280 2469; x_wconf 62' lang='lat' dir='ltr'><strong>tuae</strong></span> <span class='ocrx_word' id='word_1_273' title='bbox 1306 2413 1477 2484; x_wconf 79' lang='lat' dir='ltr'><strong>ipsius</strong></span> <span class='ocrx_word' id='word_1_274' title='bbox 1501 2413 1708 2480; x_wconf 82' lang='lat' dir='ltr'><strong>lances,</strong></span> <span class='ocrx_word' id='word_1_275' title='bbox 1740 2412 1945 2469; x_wconf 88' lang='lat' dir='ltr'><strong>bonum</strong></span> <span class='ocrx_word' id='word_1_276' title='bbox 1978 2426 2042 2467; x_wconf 84' lang='lat' dir='ltr'><strong>ac</strong></span> 
     </span>
    </p>
   </div>
   <div class='ocr_carea' id='block_1_37' title="bbox 452 2500 2041 2576">
    <p class='ocr_par' dir='ltr' id='par_1_37' title="bbox 452 2500 2041 2576">
     <span class='ocr_line' id='line_1_37' title="bbox 452 2500 2041 2576; baseline 0.003 -23"><span class='ocrx_word' id='word_1_277' title='bbox 452 2502 653 2556; x_wconf 88' lang='lat' dir='ltr'><strong>malum</strong></span> <span class='ocrx_word' id='word_1_278' title='bbox 678 2500 1009 2560; x_wconf 77' lang='lat' dir='ltr'><strong>suﬁlcienter</strong></span> <span class='ocrx_word' id='word_1_279' title='bbox 1032 2503 1434 2561; x_wconf 86' lang='lat' dir='ltr'><strong>discernentes.</strong></span> <span class='ocrx_word' id='word_1_280' title='bbox 1465 2503 1602 2561; x_wconf 85' lang='lat' dir='ltr'><strong>Nam</strong></span> <span class='ocrx_word' id='word_1_281' title='bbox 1633 2504 1882 2576; x_wconf 85' lang='lat' dir='ltr'><strong>corporis</strong></span> <span class='ocrx_word' id='word_1_282' title='bbox 1904 2518 2041 2574; x_wconf 87' lang='lat' dir='ltr'><strong>pon-</strong></span> 
     </span>
    </p>
   </div>
   <div class='ocr_carea' id='block_1_38' title="bbox 451 2594 2041 2669">
    <p class='ocr_par' dir='ltr' id='par_1_38' title="bbox 451 2594 2041 2669">
     <span class='ocr_line' id='line_1_38' title="bbox 451 2594 2041 2669; baseline 0.003 -22"><span class='ocrx_word' id='word_1_283' title='bbox 451 2594 580 2648; x_wconf 83' lang='lat' dir='ltr'><strong>dera</strong></span> <span class='ocrx_word' id='word_1_284' title='bbox 613 2608 680 2649; x_wconf 85' lang='lat' dir='ltr'><strong>ex</strong></span> <span class='ocrx_word' id='word_1_285' title='bbox 715 2596 932 2651; x_wconf 72' lang='lat' dir='ltr'><strong>trutinae</strong></span> <span class='ocrx_word' id='word_1_286' title='bbox 962 2598 1255 2654; x_wconf 84' lang='lat' dir='ltr'><strong>momentis</strong></span> <span class='ocrx_word' id='word_1_287' title='bbox 1283 2599 1658 2655; x_wconf 61' lang='lat' dir='ltr'><strong>assumamus:</strong></span> <span class='ocrx_word' id='word_1_288' title='bbox 1695 2599 1792 2655; x_wconf 85' lang='lat' dir='ltr'><strong>sed</strong></span> <span class='ocrx_word' id='word_1_289' title='bbox 1832 2612 1951 2669; x_wconf 68' lang='lat' dir='ltr'><strong>qua:</strong></span> <span class='ocrx_word' id='word_1_290' title='bbox 1985 2597 2041 2652; x_wconf 91' lang='lat' dir='ltr'><strong>in</strong></span> 
     </span>
    </p>
   </div>
   <div class='ocr_carea' id='block_1_39' title="bbox 452 2684 2042 2756">
    <p class='ocr_par' dir='ltr' id='par_1_39' title="bbox 452 2684 2042 2756">
     <span class='ocr_line' id='line_1_39' title="bbox 452 2684 2042 2756; baseline 0.005 -19"><span class='ocrx_word' id='word_1_291' title='bbox 452 2684 558 2740; x_wconf 88' lang='lat' dir='ltr'><strong>vita</strong></span> <span class='ocrx_word' id='word_1_292' title='bbox 598 2685 843 2756; x_wconf 73' lang='lat' dir='ltr'><strong>eligenda</strong></span> <span class='ocrx_word' id='word_1_293' title='bbox 884 2699 1031 2756; x_wconf 90' lang='lat' dir='ltr'><strong>sunt,</strong></span> <span class='ocrx_word' id='word_1_294' title='bbox 1074 2689 1248 2747; x_wconf 89' lang='lat' dir='ltr'><strong>libero</strong></span> <span class='ocrx_word' id='word_1_295' title='bbox 1279 2693 1477 2748; x_wconf 71' lang='lat' dir='ltr'><strong>animas</strong></span> <span class='ocrx_word' id='word_1_296' title='bbox 1526 2692 1758 2749; x_wconf 87' lang='lat' dir='ltr'><strong>arbitrio</strong></span> <span class='ocrx_word' id='word_1_297' title='bbox 1793 2690 2042 2747; x_wconf 83' lang='lat' dir='ltr'><strong>secerni-</strong></span> 
     </span>
    </p>
   </div>
   <div class='ocr_carea' id='block_1_40' title="bbox 450 2780 2041 2857">
    <p class='ocr_par' dir='ltr' id='par_1_40' title="bbox 450 2780 2041 2857">
     <span class='ocr_line' id='line_1_40' title="bbox 450 2780 2041 2857; baseline 0.007 -27"><span class='ocrx_word' id='word_1_298' title='bbox 450 2792 570 2833; x_wconf 87' lang='lat' dir='ltr'><strong>mus</strong></span> <span class='ocrx_word' id='word_1_299' title='bbox 612 2793 628 2832; x_wconf 89' lang='lat'><strong>:</strong></span> <span class='ocrx_word' id='word_1_300' title='bbox 677 2780 820 2850; x_wconf 89' lang='lat' dir='ltr'><strong>quod</strong></span> <span class='ocrx_word' id='word_1_301' title='bbox 859 2789 916 2836; x_wconf 89' lang='lat' dir='ltr'><strong>et</strong></span> <span class='ocrx_word' id='word_1_302' title='bbox 973 2791 1234 2839; x_wconf 78' lang='lat' dir='ltr'><strong>stateram</strong></span> <span class='ocrx_word' id='word_1_303' title='bbox 1288 2786 1627 2853; x_wconf 84' lang='lat' dir='ltr'><strong>nominavit,</strong></span> <span class='ocrx_word' id='word_1_304' title='bbox 1663 2786 1863 2857; x_wconf 81' lang='lat' dir='ltr'><strong>quippe</strong></span> <span class='ocrx_word' id='word_1_305' title='bbox 1910 2786 2041 2855; x_wconf 87' lang='lat' dir='ltr'><strong>quia</strong></span> 
     </span>
    </p>
   </div>
   <div class='ocr_carea' id='block_1_41' title="bbox 448 2872 2039 2952">
    <p class='ocr_par' dir='ltr' id='par_1_41' title="bbox 448 2872 2039 2952">
     <span class='ocr_line' id='line_1_41' title="bbox 448 2872 2039 2952; baseline 0.008 -28"><span class='ocrx_word' id='word_1_306' title='bbox 448 2872 708 2940; x_wconf 80' lang='lat' dir='ltr'><strong>:eqnalem</strong></span> <span class='ocrx_word' id='word_1_307' title='bbox 733 2873 799 2928; x_wconf 90' lang='lat' dir='ltr'><strong>ad</strong></span> <span class='ocrx_word' id='word_1_308' title='bbox 817 2881 1106 2946; x_wconf 89' lang='lat' dir='ltr'><strong>utrumque</strong></span> <span class='ocrx_word' id='word_1_309' title='bbox 1133 2877 1538 2935; x_wconf 91' lang='lat' dir='ltr'><strong>inclinationem</strong></span> <span class='ocrx_word' id='word_1_310' title='bbox 1568 2881 1813 2950; x_wconf 86' lang='lat' dir='ltr'><strong>recipere</strong></span> <span class='ocrx_word' id='word_1_311' title='bbox 1837 2887 2039 2952; x_wconf 81' lang='lat' dir='ltr'><strong>potest.</strong></span> 
     </span>
    </p>
   </div>
   <div class='ocr_carea' id='block_1_42' title="bbox 2150 1495 3744 1569">
    <p class='ocr_par' dir='ltr' id='par_1_42' title="bbox 2150 1495 3744 1569">
     <span class='ocr_line' id='line_1_42' title="bbox 2150 1495 3744 1569; baseline 0.003 -19"><span class='ocrx_word' id='word_1_312' title='bbox 2150 1498 2444 1569; x_wconf 83' lang='grc' dir='ltr'><strong>Προφήτης</strong></span> <span class='ocrx_word' id='word_1_313' title='bbox 2469 1497 2664 1566; x_wconf 80' lang='grc' dir='ltr'>λέγων’</span> <span class='ocrx_word' id='word_1_314' title='bbox 2690 1496 2836 1551; x_wconf 82' lang='grc' dir='ltr'><strong>Οὐαὶ</strong></span> <span class='ocrx_word' id='word_1_315' title='bbox 2868 1500 2923 1550; x_wconf 87' lang='lat' dir='ltr'><strong>ol</strong></span> <span class='ocrx_word' id='word_1_316' title='bbox 2943 1495 3226 1566; x_wconf 72' lang='grc' dir='ltr'>λέγοντες</span> <span class='ocrx_word' id='word_1_317' title='bbox 3238 1495 3308 1551; x_wconf 82' lang='grc' dir='ltr'>τὸ</span> <span class='ocrx_word' id='word_1_318' title='bbox 3340 1498 3563 1564; x_wconf 78' lang='grc' dir='ltr'>σκότος</span> <span class='ocrx_word' id='word_1_319' title='bbox 3588 1496 3744 1567; x_wconf 66' lang='grc' dir='ltr'>φῶς,</span> 
     </span>
    </p>
   </div>
   <div class='ocr_carea' id='block_1_43' title="bbox 2151 1587 3740 1660">
    <p class='ocr_par' dir='ltr' id='par_1_43' title="bbox 2151 1587 3740 1660">
     <span class='ocr_line' id='line_1_43' title="bbox 2151 1587 3740 1660; baseline 0.001 -18"><span class='ocrx_word' id='word_1_320' title='bbox 2151 1589 2338 1642; x_wconf 78' lang='grc' dir='ltr'>καὶτὸ</span> <span class='ocrx_word' id='word_1_321' title='bbox 2370 1588 2496 1659; x_wconf 72' lang='grc' dir='ltr'><strong>φῶς</strong></span> <span class='ocrx_word' id='word_1_322' title='bbox 2517 1590 2740 1653; x_wconf 75' lang='grc' dir='ltr'>σκότος</span> <span class='ocrx_word' id='word_1_323' title='bbox 2756 1605 2770 1619; x_wconf 88' lang='grc'><strong>·</strong></span> <span class='ocrx_word' id='word_1_324' title='bbox 2804 1591 2858 1643; x_wconf 77' lang='grc' dir='ltr'>οἱ</span> <span class='ocrx_word' id='word_1_325' title='bbox 2879 1587 3160 1659; x_wconf 59' lang='grc' dir='ltr'>λέγοντες</span> <span class='ocrx_word' id='word_1_326' title='bbox 3184 1589 3249 1643; x_wconf 83' lang='grc' dir='ltr'>τὸ</span> <span class='ocrx_word' id='word_1_327' title='bbox 3279 1590 3496 1657; x_wconf 76' lang='grc' dir='ltr'>πικρὸν</span> <span class='ocrx_word' id='word_1_328' title='bbox 3518 1590 3740 1660; x_wconf 69' lang='grc' dir='ltr'>γλυκὺ,</span> 
     </span>
    </p>
   </div>
   <div class='ocr_carea' id='block_1_44' title="bbox 2150 1680 3738 1754">
    <p class='ocr_par' dir='ltr' id='par_1_44' title="bbox 2150 1680 3738 1754">
     <span class='ocr_line' id='line_1_44' title="bbox 2150 1680 3738 1754; baseline 0.001 -20"><span class='ocrx_word' id='word_1_329' title='bbox 2150 1680 2248 1734; x_wconf 78' lang='grc' dir='ltr'>καὶ</span> <span class='ocrx_word' id='word_1_330' title='bbox 2287 1680 2355 1733; x_wconf 86' lang='grc' dir='ltr'>τὺ</span> <span class='ocrx_word' id='word_1_331' title='bbox 2406 1680 2603 1750; x_wconf 74' lang='grc' dir='ltr'>γλυκὺ</span> <span class='ocrx_word' id='word_1_332' title='bbox 2638 1680 2875 1748; x_wconf 78' lang='grc' dir='ltr'>πικρόν.</span> <span class='ocrx_word' id='word_1_333' title='bbox 2935 1680 3110 1751; x_wconf 74' lang='grc' dir='ltr'>Ἐμοὶ,</span> <span class='ocrx_word' id='word_1_334' title='bbox 3160 1680 3316 1752; x_wconf 79' lang='grc' dir='ltr'>φησὶ,</span> <span class='ocrx_word' id='word_1_335' title='bbox 3352 1680 3422 1735; x_wconf 84' lang='grc' dir='ltr'><strong>τά</strong></span> <span class='ocrx_word' id='word_1_336' title='bbox 3455 1681 3738 1754; x_wconf 85' lang='grc' dir='ltr'>παρόντα·</span> 
     </span>
    </p>
   </div>
   <div class='ocr_carea' id='block_1_45' title="bbox 2145 1767 3743 1845">
    <p class='ocr_par' dir='ltr' id='par_1_45' title="bbox 2145 1767 3743 1845">
     <span class='ocr_line' id='line_1_45' title="bbox 2145 1767 3743 1845; baseline 0 -20"><span class='ocrx_word' id='word_1_337' title='bbox 2145 1773 2229 1836; x_wconf 84' lang='grc' dir='ltr'><strong>τίς</strong></span> <span class='ocrx_word' id='word_1_338' title='bbox 2251 1772 2309 1826; x_wconf 81' lang='grc' dir='ltr'>δὲ</span> <span class='ocrx_word' id='word_1_339' title='bbox 2339 1767 2449 1825; x_wconf 82' lang='grc' dir='ltr'>οἶδε</span> <span class='ocrx_word' id='word_1_340' title='bbox 2476 1771 2546 1825; x_wconf 90' lang='grc' dir='ltr'><strong>τά</strong></span> <span class='ocrx_word' id='word_1_341' title='bbox 2576 1771 2870 1843; x_wconf 79' lang='grc' dir='ltr'>μέλλοντας</span> <span class='ocrx_word' id='word_1_342' title='bbox 2902 1769 3108 1835; x_wconf 84' lang='grc' dir='ltr'>Κακῶς</span> <span class='ocrx_word' id='word_1_343' title='bbox 3128 1768 3497 1841; x_wconf 75' lang='grc' dir='ltr'>ζυγοστατεῖς,</span> <span class='ocrx_word' id='word_1_344' title='bbox 3525 1774 3743 1845; x_wconf 75' lang='grc' dir='ltr'>πονηρὰ</span> 
     </span>
    </p>
   </div>
   <div class='ocr_carea' id='block_1_46' title="bbox 2143 1856 3742 1937">
    <p class='ocr_par' dir='ltr' id='par_1_46' title="bbox 2143 1856 3742 1937">
     <span class='ocr_line' id='line_1_46' title="bbox 2143 1856 3742 1937; baseline 0.002 -21"><span class='ocrx_word' id='word_1_345' title='bbox 2143 1863 2253 1917; x_wconf 84' lang='grc' dir='ltr'><strong>τῶν</strong></span> <span class='ocrx_word' id='word_1_346' title='bbox 2294 1863 2517 1933; x_wconf 79' lang='grc' dir='ltr'>ἀγαθῶν</span> <span class='ocrx_word' id='word_1_347' title='bbox 2556 1856 3006 1935; x_wconf 77' lang='grc' dir='ltr'>ἀνθαιρούμενος,</span> <span class='ocrx_word' id='word_1_348' title='bbox 3052 1863 3123 1918; x_wconf 83' lang='grc' dir='ltr'>τὰ</span> <span class='ocrx_word' id='word_1_349' title='bbox 3157 1864 3361 1935; x_wconf 87' lang='grc' dir='ltr'>μάταια</span> <span class='ocrx_word' id='word_1_350' title='bbox 3403 1864 3511 1917; x_wconf 82' lang='grc' dir='ltr'>τῶν</span> <span class='ocrx_word' id='word_1_351' title='bbox 3551 1864 3742 1937; x_wconf 81' lang='grc' dir='ltr'>ἀληθι-</span> 
     </span>
    </p>
   </div>
   <div class='ocr_carea' id='block_1_47' title="bbox 2144 1953 3744 2028">
    <p class='ocr_par' dir='ltr' id='par_1_47' title="bbox 2144 1953 3744 2028">
     <span class='ocr_line' id='line_1_47' title="bbox 2144 1953 3744 2028; baseline -0.001 -19"><span class='ocrx_word' id='word_1_352' title='bbox 2144 1954 2251 2009; x_wconf 83' lang='grc' dir='ltr'><strong>νῶν</strong></span> <span class='ocrx_word' id='word_1_353' title='bbox 2281 1953 2394 2026; x_wconf 78' lang='grc'><strong>(95)</strong></span> <span class='ocrx_word' id='word_1_354' title='bbox 2424 1953 2733 2026; x_wconf 84' lang='grc' dir='ltr'>προτιμῶν,</span> <span class='ocrx_word' id='word_1_355' title='bbox 2757 1953 2827 2007; x_wconf 78' lang='grc' dir='ltr'>τὰ</span> <span class='ocrx_word' id='word_1_356' title='bbox 2853 1954 3162 2025; x_wconf 88' lang='grc' dir='ltr'>πρόσκαιρα</span> <span class='ocrx_word' id='word_1_357' title='bbox 3197 1953 3309 2007; x_wconf 80' lang='grc' dir='ltr'><strong>τῶν</strong></span> <span class='ocrx_word' id='word_1_358' title='bbox 3338 1954 3578 2010; x_wconf 80' lang='grc' dir='ltr'>αἰωνίων</span> <span class='ocrx_word' id='word_1_359' title='bbox 3603 1971 3744 2028; x_wconf 78' lang='grc' dir='ltr'>προ-</span> 
     </span>
    </p>
   </div>
   <div class='ocr_carea' id='block_1_48' title="bbox 2143 2044 3742 2119">
    <p class='ocr_par' dir='ltr' id='par_1_48' title="bbox 2143 2044 3742 2119">
     <span class='ocr_line' id='line_1_48' title="bbox 2143 2044 3742 2119; baseline 0.001 -19"><span class='ocrx_word' id='word_1_360' title='bbox 2143 2046 2381 2107; x_wconf 78' lang='grc' dir='ltr'>στάσσων,</span> <span class='ocrx_word' id='word_1_361' title='bbox 2408 2046 2509 2117; x_wconf 80' lang='grc' dir='ltr'><strong>τὴν</strong></span> <span class='ocrx_word' id='word_1_362' title='bbox 2564 2044 2983 2118; x_wconf 78' lang='grc' dir='ltr'>παρερχομένην</span> <span class='ocrx_word' id='word_1_363' title='bbox 3009 2044 3202 2118; x_wconf 83' lang='grc' dir='ltr'>ήδονὴν</span> <span class='ocrx_word' id='word_1_364' title='bbox 3245 2046 3366 2099; x_wconf 73' lang='grc' dir='ltr'>ἀντὶ</span> <span class='ocrx_word' id='word_1_365' title='bbox 3410 2046 3510 2119; x_wconf 83' lang='grc' dir='ltr'>τῆς</span> <span class='ocrx_word' id='word_1_366' title='bbox 3560 2048 3742 2102; x_wconf 81' lang='grc' dir='ltr'>ἀπαύ-</span> 
     </span>
    </p>
   </div>
   <div class='ocr_carea' id='block_1_49' title="bbox 2146 2136 3736 2209">
    <p class='ocr_par' dir='ltr' id='par_1_49' title="bbox 2146 2136 3736 2209">
     <span class='ocr_line' id='line_1_49' title="bbox 2146 2136 3736 2209; baseline 0.003 -18"><span class='ocrx_word' id='word_1_367' title='bbox 2146 2154 2271 2191; x_wconf 87' lang='grc' dir='ltr'>στου</span> <span class='ocrx_word' id='word_1_368' title='bbox 2308 2137 2652 2209; x_wconf 82' lang='grc' dir='ltr'>εύφροσύνης</span> <span class='ocrx_word' id='word_1_369' title='bbox 2695 2137 2791 2190; x_wconf 74' lang='grc' dir='ltr'><strong>καὶ</strong></span> <span class='ocrx_word' id='word_1_370' title='bbox 2840 2136 3124 2209; x_wconf 80' lang='grc' dir='ltr'>διηνεκοῦς</span> <span class='ocrx_word' id='word_1_371' title='bbox 3166 2136 3547 2209; x_wconf 77' lang='grc' dir='ltr'>ἐκλεγόμενος.</span> <span class='ocrx_word' id='word_1_372' title='bbox 3580 2142 3736 2194; x_wconf 72' lang='grc' dir='ltr'>Ψευ-</span> 
     </span>
    </p>
   </div>
   <div class='ocr_carea' id='block_1_50' title="bbox 2142 2225 3740 2300">
    <p class='ocr_par' dir='ltr' id='par_1_50' title="bbox 2142 2225 3740 2300">
     <span class='ocr_line' id='line_1_50' title="bbox 2142 2225 3740 2300; baseline 0.003 -16"><span class='ocrx_word' id='word_1_373' title='bbox 2142 2229 2269 2298; x_wconf 82' lang='grc' dir='ltr'>δεῗς</span> <span class='ocrx_word' id='word_1_374' title='bbox 2318 2225 2436 2285; x_wconf 78' lang='grc' dir='ltr'><strong>οὖν</strong></span> <span class='ocrx_word' id='word_1_375' title='bbox 2472 2233 2528 2284; x_wconf 79' lang='grc' dir='ltr'>οἱ</span> <span class='ocrx_word' id='word_1_376' title='bbox 2577 2229 2699 2284; x_wconf 78' lang='grc' dir='ltr'>υἱοὶ</span> <span class='ocrx_word' id='word_1_377' title='bbox 2744 2228 2862 2284; x_wconf 82' lang='grc' dir='ltr'><strong>τῶν</strong></span> <span class='ocrx_word' id='word_1_378' title='bbox 2900 2229 3227 2298; x_wconf 75' lang='grc' dir='ltr'>ἀνθρώπων</span> <span class='ocrx_word' id='word_1_379' title='bbox 3277 2231 3349 2284; x_wconf 77' lang='grc' dir='ltr'><strong>ἐν</strong></span> <span class='ocrx_word' id='word_1_380' title='bbox 3394 2229 3595 2300; x_wconf 77' lang='grc' dir='ltr'>ζυγοῖς</span> <span class='ocrx_word' id='word_1_381' title='bbox 3633 2233 3740 2288; x_wconf 86' lang='grc' dir='ltr'>τοῦ</span> 
     </span>
    </p>
   </div>
   <div class='ocr_carea' id='block_1_51' title="bbox 2143 2321 3738 2394">
    <p class='ocr_par' dir='ltr' id='par_1_51' title="bbox 2143 2321 3738 2394">
     <span class='ocr_line' id='line_1_51' title="bbox 2143 2321 3738 2394; baseline -0.001 -15"><span class='ocrx_word' id='word_1_382' title='bbox 2143 2322 2448 2393; x_wconf 78' lang='grc' dir='ltr'>ἀδικῆσαι.</span> <span class='ocrx_word' id='word_1_383' title='bbox 2495 2321 2764 2376; x_wconf 81' lang='grc' dir='ltr'>Ἀδικοῦσι</span> <span class='ocrx_word' id='word_1_384' title='bbox 2803 2322 2861 2376; x_wconf 78' lang='grc' dir='ltr'>δὲ</span> <span class='ocrx_word' id='word_1_385' title='bbox 2897 2321 3323 2394; x_wconf 83' lang='grc' dir='ltr'>προηγουμένως</span> <span class='ocrx_word' id='word_1_386' title='bbox 3356 2323 3454 2393; x_wconf 79' lang='grc' dir='ltr'>μὲν</span> <span class='ocrx_word' id='word_1_387' title='bbox 3484 2324 3738 2391; x_wconf 70' lang='grc' dir='ltr'>ἑαυτοὺς,</span> 
     </span>
    </p>
   </div>
   <div class='ocr_carea' id='block_1_52' title="bbox 2144 2413 3741 2488">
    <p class='ocr_par' dir='ltr' id='par_1_52' title="bbox 2144 2413 3741 2488">
     <span class='ocr_line' id='line_1_52' title="bbox 2144 2413 3741 2488; baseline 0.003 -20"><span class='ocrx_word' id='word_1_388' title='bbox 2144 2414 2336 2469; x_wconf 71' lang='grc' dir='ltr'>ἔπειτα</span> <span class='ocrx_word' id='word_1_389' title='bbox 2364 2414 2423 2468; x_wconf 87' lang='grc' dir='ltr'>δὲ</span> <span class='ocrx_word' id='word_1_390' title='bbox 2456 2415 2549 2468; x_wconf 82' lang='grc' dir='ltr'>καὶ</span> <span class='ocrx_word' id='word_1_391' title='bbox 2574 2415 2705 2478; x_wconf 78' lang='grc' dir='ltr'>τοὺς</span> <span class='ocrx_word' id='word_1_392' title='bbox 2730 2413 3150 2486; x_wconf 77' lang='grc' dir='ltr'>πλησιάζοντας,</span> <span class='ocrx_word' id='word_1_393' title='bbox 3176 2416 3226 2469; x_wconf 88' lang='grc' dir='ltr'><strong>οἰ</strong></span> <span class='ocrx_word' id='word_1_394' title='bbox 3252 2414 3347 2469; x_wconf 75' lang='grc' dir='ltr'>καὶ</span> <span class='ocrx_word' id='word_1_395' title='bbox 3385 2415 3606 2480; x_wconf 78' lang='grc' dir='ltr'>ἑαυτοῖς</span> <span class='ocrx_word' id='word_1_396' title='bbox 3626 2417 3741 2488; x_wconf 62' lang='grc'><strong>(94)</strong></span> 
     </span>
    </p>
   </div>
   <div class='ocr_carea' id='block_1_53' title="bbox 2147 2504 3743 2579">
    <p class='ocr_par' dir='ltr' id='par_1_53' title="bbox 2147 2504 3743 2579">
     <span class='ocr_line' id='line_1_53' title="bbox 2147 2504 3743 2579; baseline 0 -18"><span class='ocrx_word' id='word_1_397' title='bbox 2147 2508 2376 2579; x_wconf 70' lang='grc' dir='ltr'>πονηροὶ</span> <span class='ocrx_word' id='word_1_398' title='bbox 2400 2504 2694 2578; x_wconf 88' lang='grc' dir='ltr'>σύμϐουλοι</span> <span class='ocrx_word' id='word_1_399' title='bbox 2732 2507 2829 2559; x_wconf 78' lang='grc' dir='ltr'><strong>ἐπὶ</strong></span> <span class='ocrx_word' id='word_1_400' title='bbox 2866 2505 2978 2560; x_wconf 82' lang='grc' dir='ltr'><strong>τῶν</strong></span> <span class='ocrx_word' id='word_1_401' title='bbox 3017 2505 3270 2578; x_wconf 80' lang='grc' dir='ltr'>πράξεων</span> <span class='ocrx_word' id='word_1_402' title='bbox 3316 2506 3619 2577; x_wconf 81' lang='grc' dir='ltr'>γινόμενοι,</span> <span class='ocrx_word' id='word_1_403' title='bbox 3645 2509 3743 2561; x_wconf 75' lang='grc' dir='ltr'>καὶ</span> 
     </span>
    </p>
   </div>
   <div class='ocr_carea' id='block_1_54' title="bbox 2148 2595 3742 2671">
    <p class='ocr_par' dir='ltr' id='par_1_54' title="bbox 2148 2595 3742 2671">
     <span class='ocr_line' id='line_1_54' title="bbox 2148 2595 3742 2671; baseline -0.001 -18"><span class='ocrx_word' id='word_1_404' title='bbox 2148 2599 2357 2670; x_wconf 74' lang='grc' dir='ltr'>ἑτέροις</span> <span class='ocrx_word' id='word_1_405' title='bbox 2393 2597 2667 2671; x_wconf 83' lang='grc' dir='ltr'>μοχθηρὸν</span> <span class='ocrx_word' id='word_1_406' title='bbox 2703 2597 2856 2661; x_wconf 76' lang='grc' dir='ltr'>ὄντες</span> <span class='ocrx_word' id='word_1_407' title='bbox 2886 2595 3215 2668; x_wconf 78' lang='grc' dir='ltr'>ὑπόδειγμα.</span> <span class='ocrx_word' id='word_1_408' title='bbox 3247 2596 3362 2650; x_wconf 84' lang='grc' dir='ltr'>Ούκ</span> <span class='ocrx_word' id='word_1_409' title='bbox 3395 2597 3513 2651; x_wconf 76' lang='grc' dir='ltr'>ἐστι</span> <span class='ocrx_word' id='word_1_410' title='bbox 3543 2614 3632 2651; x_wconf 85' lang='grc' dir='ltr'><strong>σοι</strong></span> <span class='ocrx_word' id='word_1_411' title='bbox 3665 2600 3742 2652; x_wconf 83' lang='grc' dir='ltr'>εἰ-</span> 
     </span>
    </p>
   </div>
   <div class='ocr_carea' id='block_1_55' title="bbox 2144 2689 3736 2763">
    <p class='ocr_par' dir='ltr' id='par_1_55' title="bbox 2144 2689 3736 2763">
     <span class='ocr_line' id='line_1_55' title="bbox 2144 2689 3736 2763; baseline 0.001 -17"><span class='ocrx_word' id='word_1_412' title='bbox 2144 2694 2269 2747; x_wconf 80' lang='grc' dir='ltr'>πεῖν</span> <span class='ocrx_word' id='word_1_413' title='bbox 2295 2693 2353 2745; x_wconf 80' lang='grc' dir='ltr'>ὲν</span> <span class='ocrx_word' id='word_1_414' title='bbox 2378 2693 2444 2763; x_wconf 79' lang='grc' dir='ltr'>τῇ</span> <span class='ocrx_word' id='word_1_415' title='bbox 2478 2690 2667 2762; x_wconf 73' lang='grc' dir='ltr'>ήμτέρᾳ</span> <span class='ocrx_word' id='word_1_416' title='bbox 2694 2689 2796 2761; x_wconf 80' lang='grc' dir='ltr'>τῆς</span> <span class='ocrx_word' id='word_1_417' title='bbox 2823 2689 3077 2761; x_wconf 80' lang='grc' dir='ltr'>κρίσεως·</span> <span class='ocrx_word' id='word_1_418' title='bbox 3113 2689 3228 2744; x_wconf 79' lang='grc' dir='ltr'>Οὐκ</span> <span class='ocrx_word' id='word_1_419' title='bbox 3250 2689 3396 2760; x_wconf 74' lang='grc' dir='ltr'>ᾔδειν</span> <span class='ocrx_word' id='word_1_420' title='bbox 3416 2689 3477 2744; x_wconf 76' lang='grc' dir='ltr'><strong>τὸ</strong></span> <span class='ocrx_word' id='word_1_421' title='bbox 3505 2690 3736 2760; x_wconf 83' lang='grc' dir='ltr'>ἀγαθόν.</span> 
     </span>
    </p>
   </div>
   <div class='ocr_carea' id='block_1_56' title="bbox 2142 2779 3741 2856">
    <p class='ocr_par' dir='ltr' id='par_1_56' title="bbox 2142 2779 3741 2856">
     <span class='ocr_line' id='line_1_56' title="bbox 2142 2779 3741 2856; baseline -0.002 -18"><span class='ocrx_word' id='word_1_422' title='bbox 2142 2782 2487 2856; x_wconf 75' lang='grc' dir='ltr'>Προφέρεταί</span> <span class='ocrx_word' id='word_1_423' title='bbox 2514 2783 2626 2853; x_wconf 85' lang='grc'><strong>(95)</strong></span> <span class='ocrx_word' id='word_1_424' title='bbox 2669 2797 2753 2835; x_wconf 91' lang='grc' dir='ltr'><strong>σοι</strong></span> <span class='ocrx_word' id='word_1_425' title='bbox 2789 2781 2859 2836; x_wconf 81' lang='grc' dir='ltr'><strong>τὰ</strong></span> <span class='ocrx_word' id='word_1_426' title='bbox 2891 2780 3001 2835; x_wconf 82' lang='grc' dir='ltr'>τδιά</span> <span class='ocrx_word' id='word_1_427' title='bbox 3038 2797 3133 2834; x_wconf 91' lang='grc' dir='ltr'><strong>σου</strong></span> <span class='ocrx_word' id='word_1_428' title='bbox 3193 2779 3334 2850; x_wconf 77' lang='grc' dir='ltr'>ζυγὰ</span> <span class='ocrx_word' id='word_1_429' title='bbox 3364 2781 3557 2852; x_wconf 79' lang='grc' dir='ltr'>ἱκανὴν</span> <span class='ocrx_word' id='word_1_430' title='bbox 3591 2798 3741 2853; x_wconf 80' lang='grc' dir='ltr'>παρο</span> 
     </span>
    </p>
   </div>
   <div class='ocr_carea' id='block_1_57' title="bbox 2139 2867 3737 2946">
    <p class='ocr_par' dir='ltr' id='par_1_57' title="bbox 2139 2867 3737 2946">
     <span class='ocr_line' id='line_1_57' title="bbox 2139 2867 3737 2946; baseline -0.005 -16"><span class='ocrx_word' id='word_1_431' title='bbox 2139 2875 2376 2946; x_wconf 83' lang='grc' dir='ltr'>εχόμενα</span> <span class='ocrx_word' id='word_1_432' title='bbox 2402 2872 2674 2944; x_wconf 79' lang='grc' dir='ltr'>διάκρισιν</span> <span class='ocrx_word' id='word_1_433' title='bbox 2697 2867 2904 2940; x_wconf 79' lang='grc' dir='ltr'>ἀγαθοῦ</span> <span class='ocrx_word' id='word_1_434' title='bbox 2921 2870 3018 2924; x_wconf 68' lang='grc' dir='ltr'><strong>καὶ</strong></span> <span class='ocrx_word' id='word_1_435' title='bbox 3039 2867 3233 2924; x_wconf 80' lang='grc' dir='ltr'>κακοῦ.</span> <span class='ocrx_word' id='word_1_436' title='bbox 3265 2869 3347 2924; x_wconf 89' lang='grc' dir='ltr'><strong>Τά</strong></span> <span class='ocrx_word' id='word_1_437' title='bbox 3379 2870 3478 2940; x_wconf 84' lang='grc' dir='ltr'>μὲν</span> <span class='ocrx_word' id='word_1_438' title='bbox 3502 2868 3616 2941; x_wconf 81' lang='grc' dir='ltr'>γὰρ</span> <span class='ocrx_word' id='word_1_439' title='bbox 3636 2868 3737 2922; x_wconf 80' lang='grc' dir='ltr'>τοῦ</span> 
     </span>
    </p>
   </div>
   <div class='ocr_carea' id='block_1_58' title="bbox 449 2959 3733 3044">
    <p class='ocr_par' dir='ltr' id='par_1_58' title="bbox 449 2959 3733 3044">
     <span class='ocr_line' id='line_1_58' title="bbox 449 2959 3733 3044; baseline -0 -28"><span class='ocrx_word' id='word_1_440' title='bbox 449 2959 699 3032; x_wconf 70' lang='grc' dir='ltr'>δώματος</span> <span class='ocrx_word' id='word_1_441' title='bbox 733 2962 875 3037; x_wconf 82' lang='grc' dir='ltr'>βάρη</span> <span class='ocrx_word' id='word_1_442' title='bbox 903 2969 1025 3032; x_wconf 80' lang='grc' dir='ltr'>ταῖς</span> <span class='ocrx_word' id='word_1_443' title='bbox 1047 2968 1140 3022; x_wconf 77' lang='grc' dir='ltr'><strong>ἐπὶ</strong></span> <span class='ocrx_word' id='word_1_444' title='bbox 1188 2969 1290 3042; x_wconf 85' lang='grc' dir='ltr'>τῆς</span> <span class='ocrx_word' id='word_1_445' title='bbox 1345 2973 1614 3044; x_wconf 83' lang='grc' dir='ltr'>τρυτάνης</span> <span class='ocrx_word' id='word_1_446' title='bbox 1647 2974 1842 3043; x_wconf 78' lang='grc' dir='ltr'>ῥοπαῖς</span> <span class='ocrx_word' id='word_1_447' title='bbox 1907 2967 2309 3041; x_wconf 78' lang='grc' dir='ltr'>δοκιμάζομεν,</span> <span class='ocrx_word' id='word_1_448' title='bbox 2347 2964 2417 3020; x_wconf 83' lang='grc' dir='ltr'>τὰ</span> <span class='ocrx_word' id='word_1_449' title='bbox 2462 2964 2522 3017; x_wconf 75' lang='grc' dir='ltr'>δὲ</span> <span class='ocrx_word' id='word_1_450' title='bbox 2564 2962 2660 3017; x_wconf 82' lang='grc' dir='ltr'>τοῦ</span> <span class='ocrx_word' id='word_1_451' title='bbox 2708 2962 2825 3034; x_wconf 85' lang='grc' dir='ltr'>βίου</span> <span class='ocrx_word' id='word_1_452' title='bbox 2870 2961 3105 3016; x_wconf 78' lang='grc' dir='ltr'>ἐκλεκτά</span> <span class='ocrx_word' id='word_1_453' title='bbox 3140 2959 3223 3032; x_wconf 80' lang='grc' dir='ltr'>τῷ</span> <span class='ocrx_word' id='word_1_454' title='bbox 3264 2961 3604 3033; x_wconf 79' lang='grc' dir='ltr'>αὐτεξουσίῳ</span> <span class='ocrx_word' id='word_1_455' title='bbox 3629 2959 3733 3030; x_wconf 82' lang='grc' dir='ltr'>τῆς</span> 
     </span>
    </p>
   </div>
   <div class='ocr_carea' id='block_1_59' title="bbox 444 3056 3697 3140">
    <p class='ocr_par' dir='ltr' id='par_1_59' title="bbox 444 3056 3697 3140">
     <span class='ocr_line' id='line_1_59' title="bbox 444 3056 3697 3140; baseline -0.003 -16"><span class='ocrx_word' id='word_1_456' title='bbox 444 3057 624 3130; x_wconf 57' lang='grc' dir='ltr'><strong>φυγῆς</strong></span> <span class='ocrx_word' id='word_1_457' title='bbox 645 3058 991 3133; x_wconf 73' lang='grc' dir='ltr'>διακρίνομεν</span> <span class='ocrx_word' id='word_1_458' title='bbox 1012 3080 1026 3094; x_wconf 67' lang='grc' dir='ltr'><strong><em>υ</em></strong></span> <span class='ocrx_word' id='word_1_459' title='bbox 1075 3063 1105 3116; x_wconf 83' lang='grc' dir='ltr'><strong>δ</strong></span> <span class='ocrx_word' id='word_1_460' title='bbox 1130 3067 1223 3118; x_wconf 78' lang='grc' dir='ltr'><strong>καὶ</strong></span> <span class='ocrx_word' id='word_1_461' title='bbox 1277 3064 1440 3135; x_wconf 81' lang='grc' dir='ltr'>ζυγὸν</span> <span class='ocrx_word' id='word_1_462' title='bbox 1496 3069 1748 3140; x_wconf 87' lang='grc' dir='ltr'>ὠνόμασε</span> <span class='ocrx_word' id='word_1_463' title='bbox 1788 3066 1924 3139; x_wconf 85' lang='grc'><strong>(96),</strong></span> <span class='ocrx_word' id='word_1_464' title='bbox 1964 3066 2053 3121; x_wconf 85' lang='grc' dir='ltr'><strong>διὰ</strong></span> <span class='ocrx_word' id='word_1_465' title='bbox 2090 3065 2155 3119; x_wconf 85' lang='grc' dir='ltr'>τὺ</span> <span class='ocrx_word' id='word_1_466' title='bbox 2189 3064 2314 3135; x_wconf 83' lang='grc' dir='ltr'>ῐσην</span> <span class='ocrx_word' id='word_1_467' title='bbox 2341 3058 2602 3116; x_wconf 81' lang='grc' dir='ltr'>δύνασθαι</span> <span class='ocrx_word' id='word_1_468' title='bbox 2630 3057 2934 3129; x_wconf 80' lang='grc' dir='ltr'>λαμϐάνειν</span> <span class='ocrx_word' id='word_1_469' title='bbox 2980 3056 3080 3129; x_wconf 79' lang='grc' dir='ltr'>τὴν</span> <span class='ocrx_word' id='word_1_470' title='bbox 3120 3056 3292 3131; x_wconf 76' lang='grc' dir='ltr'>ῥοπήν</span> <span class='ocrx_word' id='word_1_471' title='bbox 3323 3057 3411 3129; x_wconf 79' lang='grc' dir='ltr'><strong>ἐφ’</strong></span> <span class='ocrx_word' id='word_1_472' title='bbox 3436 3057 3697 3131; x_wconf 75' lang='grc' dir='ltr'>ἑκάτερα.</span> 
     </span>
    </p>
   </div>
   <div class='ocr_carea' id='block_1_60' title="bbox 517 3148 2036 3231">
    <p class='ocr_par' dir='ltr' id='par_1_60' title="bbox 517 3148 2036 3231">
     <span class='ocr_line' id='line_1_60' title="bbox 517 3148 2036 3231; baseline 0.007 -27"><span class='ocrx_word' id='word_1_473' title='bbox 517 3149 572 3204; x_wconf 81' lang='grc'>5.</span> <span class='ocrx_word' id='word_1_474' title='bbox 612 3148 773 3205; x_wconf 74' lang='lat' dir='ltr'><strong>Vens.</strong></span> <span class='ocrx_word' id='word_1_475' title='bbox 803 3151 885 3207; x_wconf 86' lang='lat' dir='ltr'><strong>ii.</strong></span> <span class='ocrx_word' id='word_1_476' title='bbox 922 3150 1104 3208; x_wconf 82' lang='lat' dir='ltr'><strong>Nolite</strong></span> <span class='ocrx_word' id='word_1_477' title='bbox 1137 3171 1352 3225; x_wconf 86' lang='lat' dir='ltr'><strong>sperare</strong></span> <span class='ocrx_word' id='word_1_478' title='bbox 1386 3160 1442 3213; x_wconf 86' lang='lat' dir='ltr'><strong>in</strong></span> <span class='ocrx_word' id='word_1_479' title='bbox 1471 3160 1780 3231; x_wconf 83' lang='lat' dir='ltr'><strong>iniquitate,</strong></span> <span class='ocrx_word' id='word_1_480' title='bbox 1815 3171 1862 3216; x_wconf 91' lang='lat' dir='ltr'><strong>et</strong></span> <span class='ocrx_word' id='word_1_481' title='bbox 1889 3163 2036 3228; x_wconf 86' lang='lat' dir='ltr'><strong>rapi-</strong></span> 
     </span>
    </p>
   </div>
   <div class='ocr_carea' id='block_1_61' title="bbox 448 3241 2035 3321">
    <p class='ocr_par' dir='ltr' id='par_1_61' title="bbox 448 3241 2035 3321">
     <span class='ocr_line' id='line_1_61' title="bbox 448 3241 2035 3321; baseline 0.011 -28"><span class='ocrx_word' id='word_1_482' title='bbox 448 3255 543 3294; x_wconf 86' lang='lat' dir='ltr'><strong>nas</strong></span> <span class='ocrx_word' id='word_1_483' title='bbox 575 3241 735 3297; x_wconf 86' lang='lat' dir='ltr'><strong>nolite</strong></span> <span class='ocrx_word' id='word_1_484' title='bbox 770 3246 1156 3314; x_wconf 85' lang='lat' dir='ltr'><strong>concupiscere.</strong></span> <span class='ocrx_word' id='word_1_485' title='bbox 1199 3247 1466 3318; x_wconf 88' lang='lat' dir='ltr'><strong>Superius</strong></span> <span class='ocrx_word' id='word_1_486' title='bbox 1505 3252 1643 3307; x_wconf 84' lang='lat' dir='ltr'><strong>dixit</strong></span> <span class='ocrx_word' id='word_1_487' title='bbox 1675 3271 1688 3308; x_wconf 94' lang='lat'><strong>:</strong></span> <span class='ocrx_word' id='word_1_488' title='bbox 1719 3251 1940 3321; x_wconf 87' lang='lat' dir='ltr'><strong>Sperate</strong></span> <span class='ocrx_word' id='word_1_489' title='bbox 1977 3255 2035 3311; x_wconf 88' lang='lat' dir='ltr'><strong>in</strong></span> 
     </span>
    </p>
   </div>
   <div class='ocr_carea' id='block_1_62' title="bbox 446 3335 2033 3419">
    <p class='ocr_par' dir='ltr' id='par_1_62' title="bbox 446 3335 2033 3419">
     <span class='ocr_line' id='line_1_62' title="bbox 446 3335 2033 3419; baseline 0.01 -33"><span class='ocrx_word' id='word_1_490' title='bbox 446 3348 528 3402; x_wconf 87' lang='lat' dir='ltr'><strong>eo,</strong></span> <span class='ocrx_word' id='word_1_491' title='bbox 561 3335 728 3389; x_wconf 89' lang='lat' dir='ltr'><strong>omnis</strong></span> <span class='ocrx_word' id='word_1_492' title='bbox 756 3341 1089 3408; x_wconf 81' lang='lat' dir='ltr'><strong>congregatio</strong></span> <span class='ocrx_word' id='word_1_493' title='bbox 1117 3341 1450 3409; x_wconf 78' lang='lat' dir='ltr'><strong>populorum.</strong></span> <span class='ocrx_word' id='word_1_494' title='bbox 1492 3345 1635 3400; x_wconf 76' lang='lat' dir='ltr'><strong>Vidit</strong></span> <span class='ocrx_word' id='word_1_495' title='bbox 1676 3362 1880 3402; x_wconf 85' lang='lat' dir='ltr'><strong>morem</strong></span> <span class='ocrx_word' id='word_1_496' title='bbox 1917 3347 2033 3419; x_wconf 79' lang='lat' dir='ltr'><strong>geri</strong></span> 
     </span>
    </p>
   </div>
   <div class='ocr_carea' id='block_1_63' title="bbox 449 3426 2033 3503">
    <p class='ocr_par' dir='ltr' id='par_1_63' title="bbox 449 3426 2033 3503">
     <span class='ocr_line' id='line_1_63' title="bbox 449 3426 2033 3503; baseline 0.011 -25"><span class='ocrx_word' id='word_1_497' title='bbox 449 3426 603 3481; x_wconf 89' lang='lat' dir='ltr'><strong>tarde</strong></span> <span class='ocrx_word' id='word_1_498' title='bbox 651 3429 1028 3500; x_wconf 75' lang='lat' dir='ltr'><strong>segniterque,</strong></span> <span class='ocrx_word' id='word_1_499' title='bbox 1074 3441 1131 3487; x_wconf 90' lang='lat' dir='ltr'><strong>et</strong></span> <span class='ocrx_word' id='word_1_500' title='bbox 1182 3434 1555 3503; x_wconf 88' lang='lat' dir='ltr'><strong>pronuntiavit</strong></span> <span class='ocrx_word' id='word_1_501' title='bbox 1601 3457 1615 3492; x_wconf 90' lang='lat'><strong>:</strong></span> <span class='ocrx_word' id='word_1_502' title='bbox 1662 3434 2033 3495; x_wconf 79' lang='lat' dir='ltr'><strong>Verumtamen</strong></span> 
     </span>
    </p>
   </div>
   <div class='ocr_carea' id='block_1_64' title="bbox 445 3517 2030 3600">
    <p class='ocr_par' dir='ltr' id='par_1_64' title="bbox 445 3517 2030 3600">
     <span class='ocr_line' id='line_1_64' title="bbox 445 3517 2030 3600; baseline 0.009 -29"><span class='ocrx_word' id='word_1_503' title='bbox 445 3517 569 3572; x_wconf 77' lang='lat' dir='ltr'><strong>cani</strong></span> <span class='ocrx_word' id='word_1_504' title='bbox 622 3518 722 3589; x_wconf 80' lang='lat' dir='ltr'><strong>ﬁlii</strong></span> <span class='ocrx_word' id='word_1_505' title='bbox 768 3519 1059 3580; x_wconf 82' lang='lat' dir='ltr'><strong>hominum.</strong></span> <span class='ocrx_word' id='word_1_506' title='bbox 1089 3522 1300 3581; x_wconf 82' lang='lat' dir='ltr'><strong>Rursus</strong></span> <span class='ocrx_word' id='word_1_507' title='bbox 1334 3536 1484 3582; x_wconf 88' lang='lat' dir='ltr'><strong>vetat</strong></span> <span class='ocrx_word' id='word_1_508' title='bbox 1524 3543 1593 3584; x_wconf 93' lang='lat' dir='ltr'><strong>ne</strong></span> <span class='ocrx_word' id='word_1_509' title='bbox 1646 3545 1928 3600; x_wconf 87' lang='lat' dir='ltr'><strong>speremus</strong></span> <span class='ocrx_word' id='word_1_510' title='bbox 1975 3531 2030 3585; x_wconf 90' lang='lat' dir='ltr'><strong>in</strong></span> 
     </span>
    </p>
   </div>
   <div class='ocr_carea' id='block_1_65' title="bbox 447 3608 2032 3689">
    <p class='ocr_par' dir='ltr' id='par_1_65' title="bbox 447 3608 2032 3689">
     <span class='ocr_line' id='line_1_65' title="bbox 447 3608 2032 3689; baseline 0.009 -24"><span class='ocrx_word' id='word_1_511' title='bbox 447 3612 753 3681; x_wconf 89' lang='lat' dir='ltr'><strong>iniquitate.</strong></span> <span class='ocrx_word' id='word_1_512' title='bbox 798 3613 902 3681; x_wconf 82' lang='lat' dir='ltr'><strong>Qui</strong></span> <span class='ocrx_word' id='word_1_513' title='bbox 942 3625 1165 3673; x_wconf 85' lang='lat' dir='ltr'><strong>coactus</strong></span> <span class='ocrx_word' id='word_1_514' title='bbox 1195 3608 1263 3673; x_wconf 84' lang='lat' dir='ltr'><strong>ex</strong></span> <span class='ocrx_word' id='word_1_515' title='bbox 1297 3618 1589 3689; x_wconf 87' lang='lat' dir='ltr'><strong>iniquitate</strong></span> <span class='ocrx_word' id='word_1_516' title='bbox 1620 3623 1841 3679; x_wconf 82' lang='lat' dir='ltr'><strong>divitias</strong></span> <span class='ocrx_word' id='word_1_517' title='bbox 1884 3623 2032 3679; x_wconf 85' lang='lat' dir='ltr'><strong>suill-</strong></span> 
     </span>
    </p>
   </div>
   <div class='ocr_carea' id='block_1_66' title="bbox 444 3700 2032 3781">
    <p class='ocr_par' dir='ltr' id='par_1_66' title="bbox 444 3700 2032 3781">
     <span class='ocr_line' id='line_1_66' title="bbox 444 3700 2032 3781; baseline 0.009 -26"><span class='ocrx_word' id='word_1_518' title='bbox 444 3700 596 3756; x_wconf 87' lang='lat' dir='ltr'><strong>eiens</strong></span> <span class='ocrx_word' id='word_1_519' title='bbox 635 3702 738 3757; x_wconf 89' lang='lat' dir='ltr'><strong>sibi</strong></span> <span class='ocrx_word' id='word_1_520' title='bbox 784 3702 1155 3773; x_wconf 76' lang='lat' dir='ltr'><strong>adiumentum</strong></span> <span class='ocrx_word' id='word_1_521' title='bbox 1186 3707 1255 3762; x_wconf 88' lang='lat' dir='ltr'><strong>ad</strong></span> <span class='ocrx_word' id='word_1_522' title='bbox 1289 3711 1456 3764; x_wconf 86' lang='lat' dir='ltr'><strong>robur</strong></span> <span class='ocrx_word' id='word_1_523' title='bbox 1489 3719 1545 3765; x_wconf 92' lang='lat' dir='ltr'><strong>et</strong></span> <span class='ocrx_word' id='word_1_524' title='bbox 1573 3715 1870 3781; x_wconf 88' lang='lat' dir='ltr'><strong>potentiam</strong></span> <span class='ocrx_word' id='word_1_525' title='bbox 1908 3728 2032 3769; x_wconf 86' lang='lat' dir='ltr'><strong>esse</strong></span> 
     </span>
    </p>
   </div>
   <div class='ocr_carea' id='block_1_67' title="bbox 441 3790 2031 3876">
    <p class='ocr_par' dir='ltr' id='par_1_67' title="bbox 441 3790 2031 3876">
     <span class='ocr_line' id='line_1_67' title="bbox 441 3790 2031 3876; baseline 0.011 -31"><span class='ocrx_word' id='word_1_526' title='bbox 441 3790 668 3859; x_wconf 71' lang='lat' dir='ltr'><strong>iudicat,</strong></span> <span class='ocrx_word' id='word_1_527' title='bbox 723 3795 976 3851; x_wconf 87' lang='lat' dir='ltr'><strong>assimilis</strong></span> <span class='ocrx_word' id='word_1_528' title='bbox 1019 3806 1105 3852; x_wconf 85' lang='lat' dir='ltr'><strong>est</strong></span> <span class='ocrx_word' id='word_1_529' title='bbox 1137 3808 1362 3867; x_wconf 73' lang='lat' dir='ltr'><strong>aegroto,</strong></span> <span class='ocrx_word' id='word_1_530' title='bbox 1413 3802 1503 3869; x_wconf 91' lang='lat' dir='ltr'><strong>qui</strong></span> <span class='ocrx_word' id='word_1_531' title='bbox 1546 3803 1598 3856; x_wconf 91' lang='lat' dir='ltr'><strong>in</strong></span> <span class='ocrx_word' id='word_1_532' title='bbox 1637 3805 1809 3860; x_wconf 86' lang='lat' dir='ltr'><strong>morbi</strong></span> <span class='ocrx_word' id='word_1_533' title='bbox 1854 3806 2031 3876; x_wconf 75' lang='lat' dir='ltr'><strong>gravi-</strong></span> 
     </span>
    </p>
   </div>
   <div class='ocr_carea' id='block_1_68' title="bbox 448 3885 2029 3968">
    <p class='ocr_par' dir='ltr' id='par_1_68' title="bbox 448 3885 2029 3968">
     <span class='ocr_line' id='line_1_68' title="bbox 448 3885 2029 3968; baseline 0.011 -32"><span class='ocrx_word' id='word_1_534' title='bbox 448 3890 557 3937; x_wconf 76' lang='lat' dir='ltr'><strong>tate</strong></span> <span class='ocrx_word' id='word_1_535' title='bbox 602 3885 1218 3965; x_wconf 37' lang='lat' dir='ltr'><strong>habitudinem|bonam</strong></span> <span class='ocrx_word' id='word_1_536' title='bbox 1259 3895 1561 3949; x_wconf 88' lang='lat' dir='ltr'><strong>constituit.</strong></span> <span class='ocrx_word' id='word_1_537' title='bbox 1593 3894 1776 3951; x_wconf 84' lang='lat' dir='ltr'><strong>Nolite</strong></span> <span class='ocrx_word' id='word_1_538' title='bbox 1813 3914 2029 3968; x_wconf 86' lang='lat' dir='ltr'><strong>sperare</strong></span> 
     </span>
    </p>
   </div>
   <div class='ocr_carea' id='block_1_69' title="bbox 442 3973 2031 4049">
    <p class='ocr_par' dir='ltr' id='par_1_69' title="bbox 442 3973 2031 4049">
     <span class='ocr_line' id='line_1_69' title="bbox 442 3973 2031 4049; baseline 0.013 -25"><span class='ocrx_word' id='word_1_539' title='bbox 442 3974 500 4028; x_wconf 85' lang='lat' dir='ltr'><strong>in</strong></span> <span class='ocrx_word' id='word_1_540' title='bbox 528 3973 825 4046; x_wconf 82' lang='lat' dir='ltr'><strong>iniquitate.</strong></span> <span class='ocrx_word' id='word_1_541' title='bbox 843 3975 966 4032; x_wconf 66' lang='lat' dir='ltr'><strong>Haec</strong></span> <span class='ocrx_word' id='word_1_542' title='bbox 991 3978 1380 4049; x_wconf 89' lang='lat' dir='ltr'><strong>impedimento</strong></span> <span class='ocrx_word' id='word_1_543' title='bbox 1406 3983 1499 4039; x_wconf 89' lang='lat' dir='ltr'><strong>tibi</strong></span> <span class='ocrx_word' id='word_1_544' title='bbox 1522 3984 1589 4038; x_wconf 89' lang='lat' dir='ltr'><strong>ad</strong></span> <span class='ocrx_word' id='word_1_545' title='bbox 1616 3999 1831 4040; x_wconf 90' lang='lat' dir='ltr'><strong>omnem</strong></span> <span class='ocrx_word' id='word_1_546' title='bbox 1860 3988 2031 4043; x_wconf 86' lang='lat' dir='ltr'><strong>actio-</strong></span> 
     </span>
    </p>
   </div>
   <div class='ocr_carea' id='block_1_70' title="bbox 443 4065 2028 4142">
    <p class='ocr_par' dir='ltr' id='par_1_70' title="bbox 443 4065 2028 4142">
     <span class='ocr_line' id='line_1_70' title="bbox 443 4065 2028 4142; baseline 0.009 -25"><span class='ocrx_word' id='word_1_547' title='bbox 443 4078 588 4119; x_wconf 89' lang='lat' dir='ltr'><strong>nem.</strong></span> <span class='ocrx_word' id='word_1_548' title='bbox 626 4065 691 4118; x_wconf 77' lang='lat' dir='ltr'><strong>Et</strong></span> <span class='ocrx_word' id='word_1_549' title='bbox 715 4082 872 4135; x_wconf 82' lang='lat' dir='ltr'><strong>super</strong></span> <span class='ocrx_word' id='word_1_550' title='bbox 892 4070 1135 4137; x_wconf 81' lang='lat' dir='ltr'><strong>rapinam</strong></span> <span class='ocrx_word' id='word_1_551' title='bbox 1159 4070 1319 4126; x_wconf 88' lang='lat' dir='ltr'><strong>nolite</strong></span> <span class='ocrx_word' id='word_1_552' title='bbox 1336 4075 1717 4142; x_wconf 85' lang='lat' dir='ltr'><strong>concupiscere.</strong></span> <span class='ocrx_word' id='word_1_553' title='bbox 1736 4075 1925 4131; x_wconf 82' lang='lat' dir='ltr'><strong>Aliena</strong></span> <span class='ocrx_word' id='word_1_554' title='bbox 1960 4092 2028 4132; x_wconf 84' lang='lat' dir='ltr'><strong>ne</strong></span> 
     </span>
    </p>
   </div>
   <div class='ocr_carea' id='block_1_71' title="bbox 445 4159 2026 4238">
    <p class='ocr_par' dir='ltr' id='par_1_71' title="bbox 445 4159 2026 4238">
     <span class='ocr_line' id='line_1_71' title="bbox 445 4159 2026 4238; baseline 0.008 -26"><span class='ocrx_word' id='word_1_555' title='bbox 445 4159 912 4228; x_wconf 87' lang='lat' dir='ltr'><strong>concupiscamus,</strong></span> <span class='ocrx_word' id='word_1_556' title='bbox 944 4163 1219 4218; x_wconf 87' lang='lat' dir='ltr'><strong>admonet.</strong></span> <span class='ocrx_word' id='word_1_557' title='bbox 1248 4163 1461 4222; x_wconf 71' lang='lat' dir='ltr'><strong>Divitiae</strong></span> <span class='ocrx_word' id='word_1_558' title='bbox 1491 4167 1537 4221; x_wconf 89' lang='lat' dir='ltr'><strong>si</strong></span> <span class='ocrx_word' id='word_1_559' title='bbox 1578 4166 1792 4238; x_wconf 76' lang='lat' dir='ltr'><strong>afﬂuant</strong></span> <span class='ocrx_word' id='word_1_560' title='bbox 1815 4208 1831 4233; x_wconf 93' lang='lat'><strong>,</strong></span> <span class='ocrx_word' id='word_1_561' title='bbox 1867 4170 2026 4225; x_wconf 86' lang='lat' dir='ltr'><strong>nolite</strong></span> 
     </span>
    </p>
   </div>
   <div class='ocr_carea' id='block_1_72' title="bbox 442 4255 2027 4330">
    <p class='ocr_par' dir='ltr' id='par_1_72' title="bbox 442 4255 2027 4330">
     <span class='ocr_line' id='line_1_72' title="bbox 442 4255 2027 4330; baseline 0.008 -23"><span class='ocrx_word' id='word_1_562' title='bbox 442 4267 536 4307; x_wconf 87' lang='lat' dir='ltr'><strong>cor</strong></span> <span class='ocrx_word' id='word_1_563' title='bbox 567 4269 842 4323; x_wconf 88' lang='lat' dir='ltr'><strong>apponere.</strong></span> <span class='ocrx_word' id='word_1_564' title='bbox 881 4255 936 4310; x_wconf 91' lang='lat' dir='ltr'><strong>Si</strong></span> <span class='ocrx_word' id='word_1_565' title='bbox 984 4256 1185 4314; x_wconf 84' lang='lat' dir='ltr'><strong>videris</strong></span> <span class='ocrx_word' id='word_1_566' title='bbox 1228 4260 1536 4330; x_wconf 87' lang='lat' dir='ltr'><strong>quempiam</strong></span> <span class='ocrx_word' id='word_1_567' title='bbox 1587 4262 1939 4330; x_wconf 75' lang='lat' dir='ltr'><strong>prmdivitem.</strong></span> <span class='ocrx_word' id='word_1_568' title='bbox 1959 4279 2027 4320; x_wconf 91' lang='lat' dir='ltr'><strong>ne</strong></span> 
     </span>
    </p>
   </div>
   <div class='ocr_carea' id='block_1_73' title="bbox 442 4344 2024 4419">
    <p class='ocr_par' dir='ltr' id='par_1_73' title="bbox 442 4344 2024 4419">
     <span class='ocr_line' id='line_1_73' title="bbox 442 4344 2024 4419; baseline 0.008 -23"><span class='ocrx_word' id='word_1_569' title='bbox 442 4344 610 4397; x_wconf 81' lang='lat' dir='ltr'><strong>vitam</strong></span> <span class='ocrx_word' id='word_1_570' title='bbox 634 4344 801 4414; x_wconf 87' lang='lat' dir='ltr'><strong>ipsius</strong></span> <span class='ocrx_word' id='word_1_571' title='bbox 830 4344 993 4418; x_wconf 76' lang='lat'><strong>198</strong></span> <span class='ocrx_word' id='word_1_572' title='bbox 1019 4349 1232 4403; x_wconf 83' lang='lat' dir='ltr'><strong>beatam</strong></span> <span class='ocrx_word' id='word_1_573' title='bbox 1270 4351 1677 4419; x_wconf 71' lang='lat' dir='ltr'><strong>prmdieaveris.</strong></span> <span class='ocrx_word' id='word_1_574' title='bbox 1712 4350 1768 4407; x_wconf 90' lang='lat' dir='ltr'><strong>Si</strong></span> <span class='ocrx_word' id='word_1_575' title='bbox 1816 4353 2024 4408; x_wconf 86' lang='lat' dir='ltr'><strong>undeli-</strong></span> 
     </span>
    </p>
   </div>
   <div class='ocr_carea' id='block_1_74' title="bbox 2206 3150 3728 3224">
    <p class='ocr_par' dir='ltr' id='par_1_74' title="bbox 2206 3150 3728 3224">
     <span class='ocr_line' id='line_1_74' title="bbox 2206 3150 3728 3224; baseline -0.001 -15"><span class='ocrx_word' id='word_1_576' title='bbox 2206 3155 2261 3209; x_wconf 88' lang='lat'><strong>5.</strong></span> <span class='ocrx_word' id='word_1_577' title='bbox 2294 3152 2393 3223; x_wconf 78' lang='grc' dir='ltr'><strong>Μὴ</strong></span> <span class='ocrx_word' id='word_1_578' title='bbox 2418 3151 2685 3212; x_wconf 78' lang='grc' dir='ltr'>ἐλπίζετε</span> <span class='ocrx_word' id='word_1_579' title='bbox 2707 3151 2802 3205; x_wconf 73' lang='grc' dir='ltr'><strong>ἐπ’</strong></span> <span class='ocrx_word' id='word_1_580' title='bbox 2829 3150 3071 3206; x_wconf 78' lang='grc' dir='ltr'>ἀδικίαν</span> <span class='ocrx_word' id='word_1_581' title='bbox 3092 3150 3193 3204; x_wconf 78' lang='grc' dir='ltr'><strong>καί</strong></span> <span class='ocrx_word' id='word_1_582' title='bbox 3216 3150 3316 3204; x_wconf 75' lang='grc' dir='ltr'><strong>ἐπὶ</strong></span> <span class='ocrx_word' id='word_1_583' title='bbox 3336 3151 3617 3224; x_wconf 71' lang='grc' dir='ltr'>ἅρπαγμα</span> <span class='ocrx_word' id='word_1_584' title='bbox 3639 3153 3728 3223; x_wconf 75' lang='grc' dir='ltr'><strong>μὴ</strong></span> 
     </span>
    </p>
   </div>
   <div class='ocr_carea' id='block_1_75' title="bbox 2130 3239 3726 3311">
    <p class='ocr_par' dir='ltr' id='par_1_75' title="bbox 2130 3239 3726 3311">
     <span class='ocr_line' id='line_1_75' title="bbox 2130 3239 3726 3311; baseline -0.002 -9"><span class='ocrx_word' id='word_1_585' title='bbox 2130 3246 2489 3302; x_wconf 82' lang='grc' dir='ltr'>ἑπιποθεῖτε.</span> <span class='ocrx_word' id='word_1_586' title='bbox 2537 3247 2687 3299; x_wconf 81' lang='grc' dir='ltr'>Ἀνω</span> <span class='ocrx_word' id='word_1_587' title='bbox 2741 3239 2893 3298; x_wconf 76' lang='grc' dir='ltr'>εἶπεν</span> <span class='ocrx_word' id='word_1_588' title='bbox 2913 3259 2928 3275; x_wconf 74' lang='grc' dir='ltr'><strong>ο</strong></span> <span class='ocrx_word' id='word_1_589' title='bbox 2984 3243 3304 3297; x_wconf 78' lang='grc' dir='ltr'>Ἑλπίσατε</span> <span class='ocrx_word' id='word_1_590' title='bbox 3356 3245 3451 3298; x_wconf 81' lang='grc' dir='ltr'><strong>ἐπ’</strong></span> <span class='ocrx_word' id='word_1_591' title='bbox 3514 3246 3726 3311; x_wconf 82' lang='grc' dir='ltr'>αὑτὸν,</span> 
     </span>
    </p>
   </div>
   <div class='ocr_carea' id='block_1_76' title="bbox 2132 3331 3727 3409">
    <p class='ocr_par' dir='ltr' id='par_1_76' title="bbox 2132 3331 3727 3409">
     <span class='ocr_line' id='line_1_76' title="bbox 2132 3331 3727 3409; baseline -0.003 -15"><span class='ocrx_word' id='word_1_592' title='bbox 2132 3338 2301 3396; x_wconf 81' lang='grc' dir='ltr'>πᾶσα</span> <span class='ocrx_word' id='word_1_593' title='bbox 2343 3336 2668 3409; x_wconf 72' lang='grc' dir='ltr'>συναγωγὴ</span> <span class='ocrx_word' id='word_1_594' title='bbox 2715 3335 2902 3391; x_wconf 71' lang='grc' dir='ltr'>λαῶν.</span> <span class='ocrx_word' id='word_1_595' title='bbox 2972 3331 3095 3389; x_wconf 74' lang='grc' dir='ltr'>Είδε</span> <span class='ocrx_word' id='word_1_596' title='bbox 3133 3335 3194 3388; x_wconf 83' lang='grc' dir='ltr'><strong>τὸ</strong></span> <span class='ocrx_word' id='word_1_597' title='bbox 3223 3334 3457 3409; x_wconf 80' lang='grc' dir='ltr'>ὀκνηρὸν</span> <span class='ocrx_word' id='word_1_598' title='bbox 3494 3336 3596 3408; x_wconf 80' lang='grc' dir='ltr'>τῆς</span> <span class='ocrx_word' id='word_1_599' title='bbox 3622 3338 3727 3391; x_wconf 81' lang='grc' dir='ltr'>ὑπ-</span> 
     </span>
    </p>
   </div>
   <div class='ocr_carea' id='block_1_77' title="bbox 2132 3426 3726 3505">
    <p class='ocr_par' dir='ltr' id='par_1_77' title="bbox 2132 3426 3726 3505">
     <span class='ocr_line' id='line_1_77' title="bbox 2132 3426 3726 3505; baseline -0.002 -18"><span class='ocrx_word' id='word_1_600' title='bbox 2132 3434 2324 3505; x_wconf 81' lang='grc' dir='ltr'>ακοῆς,</span> <span class='ocrx_word' id='word_1_601' title='bbox 2349 3432 2446 3487; x_wconf 70' lang='grc' dir='ltr'><strong>καὶ</strong></span> <span class='ocrx_word' id='word_1_602' title='bbox 2462 3432 2800 3503; x_wconf 80' lang='grc' dir='ltr'>ἀπεφήνατο,</span> <span class='ocrx_word' id='word_1_603' title='bbox 2832 3430 2914 3482; x_wconf 84' lang='grc' dir='ltr'><strong>ὅτι</strong></span> <span class='ocrx_word' id='word_1_604' title='bbox 2931 3428 3107 3497; x_wconf 77' lang='grc' dir='ltr'><strong>Πλὴν</strong></span> <span class='ocrx_word' id='word_1_605' title='bbox 3116 3426 3356 3498; x_wconf 84' lang='grc' dir='ltr'>μάταιοι</span> <span class='ocrx_word' id='word_1_606' title='bbox 3379 3431 3435 3483; x_wconf 85' lang='grc' dir='ltr'>οι</span> <span class='ocrx_word' id='word_1_607' title='bbox 3456 3430 3573 3484; x_wconf 85' lang='grc' dir='ltr'><strong>υἱοί</strong></span> <span class='ocrx_word' id='word_1_608' title='bbox 3605 3430 3726 3484; x_wconf 71' lang='grc' dir='ltr'><strong>τῶν·</strong></span> 
     </span>
    </p>
   </div>
   <div class='ocr_carea' id='block_1_78' title="bbox 2130 3519 3839 3593">
    <p class='ocr_par' dir='ltr' id='par_1_78' title="bbox 2130 3519 3839 3593">
     <span class='ocr_line' id='line_1_78' title="bbox 2130 3519 3839 3593; baseline -0.003 -14"><span class='ocrx_word' id='word_1_609' title='bbox 2130 3524 2478 3593; x_wconf 76' lang='grc' dir='ltr'>ἀνθρώπων.</span> <span class='ocrx_word' id='word_1_610' title='bbox 2511 3521 2684 3577; x_wconf 88' lang='grc' dir='ltr'>Πάλιν</span> <span class='ocrx_word' id='word_1_611' title='bbox 2733 3519 3070 3593; x_wconf 85' lang='grc' dir='ltr'>ἀπαγορεύει</span> <span class='ocrx_word' id='word_1_612' title='bbox 3118 3520 3193 3592; x_wconf 78' lang='grc' dir='ltr'>μὴ</span> <span class='ocrx_word' id='word_1_613' title='bbox 3230 3521 3473 3587; x_wconf 78' lang='grc' dir='ltr'>ἐλπίζειν</span> <span class='ocrx_word' id='word_1_614' title='bbox 3497 3523 3587 3577; x_wconf 76' lang='grc' dir='ltr'><strong>ἐπ’</strong></span> <span class='ocrx_word' id='word_1_615' title='bbox 3615 3523 3724 3576; x_wconf 86' lang='grc' dir='ltr'>ἀδι-</span> <span class='ocrx_word' id='word_1_616' title='bbox 3824 3526 3839 3553; x_wconf 85' lang='grc'><strong><em>⁸</em></strong></span> 
     </span>
    </p>
   </div>
   <div class='ocr_carea' id='block_1_79' title="bbox 2129 3613 3722 3688">
    <p class='ocr_par' dir='ltr' id='par_1_79' title="bbox 2129 3613 3722 3688">
     <span class='ocr_line' id='line_1_79' title="bbox 2129 3613 3722 3688; baseline -0.002 -16"><span class='ocrx_word' id='word_1_617' title='bbox 2129 3616 2276 3674; x_wconf 79' lang='grc' dir='ltr'>κίαν.</span> <span class='ocrx_word' id='word_1_618' title='bbox 2311 3614 2369 3670; x_wconf 84' lang='grc' dir='ltr'><strong>Ὀ</strong></span> <span class='ocrx_word' id='word_1_619' title='bbox 2400 3615 2491 3669; x_wconf 78' lang='grc' dir='ltr'><strong>τὸν</strong></span> <span class='ocrx_word' id='word_1_620' title='bbox 2527 3614 2588 3678; x_wconf 73' lang='grc' dir='ltr'><strong>ἐξ</strong></span> <span class='ocrx_word' id='word_1_621' title='bbox 2625 3613 2838 3677; x_wconf 83' lang='grc' dir='ltr'>ἀδικίας</span> <span class='ocrx_word' id='word_1_622' title='bbox 2873 3614 3236 3687; x_wconf 74' lang='grc' dir='ltr'>ἠθροισμένον</span> <span class='ocrx_word' id='word_1_623' title='bbox 3268 3614 3500 3670; x_wconf 80' lang='grc' dir='ltr'>πλοῦτον</span> <span class='ocrx_word' id='word_1_624' title='bbox 3531 3616 3722 3688; x_wconf 69' lang='grc' dir='ltr'>ἱκανὴν</span> 
     </span>
    </p>
   </div>
   <div class='ocr_carea' id='block_1_80' title="bbox 2130 3704 3719 3782">
    <p class='ocr_par' dir='ltr' id='par_1_80' title="bbox 2130 3704 3719 3782">
     <span class='ocr_line' id='line_1_80' title="bbox 2130 3704 3719 3782; baseline -0.001 -16"><span class='ocrx_word' id='word_1_625' title='bbox 2130 3709 2308 3782; x_wconf 81' lang='grc' dir='ltr'>ἑαυτῷ</span> <span class='ocrx_word' id='word_1_626' title='bbox 2342 3707 2478 3781; x_wconf 84' lang='grc' dir='ltr'>πρὸς</span> <span class='ocrx_word' id='word_1_627' title='bbox 2515 3709 2577 3763; x_wconf 78' lang='grc' dir='ltr'><strong>τὸ</strong></span> <span class='ocrx_word' id='word_1_628' title='bbox 2632 3709 2837 3779; x_wconf 82' lang='grc' dir='ltr'>ἰσχύειν</span> <span class='ocrx_word' id='word_1_629' title='bbox 2883 3709 2979 3761; x_wconf 79' lang='grc' dir='ltr'><strong>καὶ</strong></span> <span class='ocrx_word' id='word_1_630' title='bbox 3019 3711 3242 3781; x_wconf 77' lang='grc' dir='ltr'>κρατεῖν</span> <span class='ocrx_word' id='word_1_631' title='bbox 3282 3708 3535 3781; x_wconf 76' lang='grc' dir='ltr'>ἀφορμήν</span> <span class='ocrx_word' id='word_1_632' title='bbox 3579 3704 3719 3764; x_wconf 76' lang='grc' dir='ltr'>εἶναι</span> 
     </span>
    </p>
   </div>
   <div class='ocr_carea' id='block_1_81' title="bbox 2129 3798 3718 3877">
    <p class='ocr_par' dir='ltr' id='par_1_81' title="bbox 2129 3798 3718 3877">
     <span class='ocr_line' id='line_1_81' title="bbox 2129 3798 3718 3877; baseline -0.003 -19"><span class='ocrx_word' id='word_1_633' title='bbox 2129 3805 2334 3877; x_wconf 86' lang='grc' dir='ltr'>κρίνων</span> <span class='ocrx_word' id='word_1_634' title='bbox 2383 3801 2570 3873; x_wconf 85' lang='grc' dir='ltr'>ὅμοιός</span> <span class='ocrx_word' id='word_1_635' title='bbox 2597 3803 2745 3855; x_wconf 77' lang='grc' dir='ltr'>ἐστιν</span> <span class='ocrx_word' id='word_1_636' title='bbox 2775 3798 3043 3873; x_wconf 72' lang='grc' dir='ltr'>ἀρρώστῳ</span> <span class='ocrx_word' id='word_1_637' title='bbox 3076 3803 3135 3854; x_wconf 81' lang='grc' dir='ltr'>ὲν</span> <span class='ocrx_word' id='word_1_638' title='bbox 3181 3803 3247 3872; x_wconf 81' lang='grc' dir='ltr'>τῇ</span> <span class='ocrx_word' id='word_1_639' title='bbox 3283 3802 3569 3874; x_wconf 78' lang='grc' dir='ltr'>περιουσίᾳ</span> <span class='ocrx_word' id='word_1_640' title='bbox 3616 3803 3718 3874; x_wconf 82' lang='grc' dir='ltr'>τῆς</span> 
     </span>
    </p>
   </div>
   <div class='ocr_carea' id='block_1_82' title="bbox 2127 3891 3717 3967">
    <p class='ocr_par' dir='ltr' id='par_1_82' title="bbox 2127 3891 3717 3967">
     <span class='ocr_line' id='line_1_82' title="bbox 2127 3891 3717 3967; baseline -0.003 -17"><span class='ocrx_word' id='word_1_641' title='bbox 2127 3895 2285 3951; x_wconf 80' lang='grc' dir='ltr'>νόσου</span> <span class='ocrx_word' id='word_1_642' title='bbox 2324 3894 2425 3967; x_wconf 80' lang='grc' dir='ltr'>τὴν</span> <span class='ocrx_word' id='word_1_643' title='bbox 2454 3892 2667 3958; x_wconf 78' lang='grc' dir='ltr'>εὐεξίαν</span> <span class='ocrx_word' id='word_1_644' title='bbox 2700 3892 2993 3964; x_wconf 82' lang='grc' dir='ltr'>τιθεμένῳ.</span> <span class='ocrx_word' id='word_1_645' title='bbox 3025 3892 3124 3963; x_wconf 79' lang='grc' dir='ltr'><strong>Μὴ</strong></span> <span class='ocrx_word' id='word_1_646' title='bbox 3157 3891 3425 3954; x_wconf 75' lang='grc' dir='ltr'>ἐλπίζετε</span> <span class='ocrx_word' id='word_1_647' title='bbox 3449 3893 3542 3947; x_wconf 71' lang='grc' dir='ltr'><strong>ἐπ’</strong></span> <span class='ocrx_word' id='word_1_648' title='bbox 3590 3893 3717 3948; x_wconf 78' lang='grc' dir='ltr'>ἀδι-</span> 
     </span>
    </p>
   </div>
   <div class='ocr_carea' id='block_1_83' title="bbox 2128 3982 3710 4057">
    <p class='ocr_par' dir='ltr' id='par_1_83' title="bbox 2128 3982 3710 4057">
     <span class='ocr_line' id='line_1_83' title="bbox 2128 3982 3710 4057; baseline 0.001 -17"><span class='ocrx_word' id='word_1_649' title='bbox 2128 3988 2287 4040; x_wconf 79' lang='grc' dir='ltr'>κίαν.</span> <span class='ocrx_word' id='word_1_650' title='bbox 2336 3984 2483 4056; x_wconf 74' lang='grc' dir='ltr'>Αὕτη</span> <span class='ocrx_word' id='word_1_651' title='bbox 2525 4000 2608 4037; x_wconf 90' lang='grc' dir='ltr'><strong>σοι</strong></span> <span class='ocrx_word' id='word_1_652' title='bbox 2659 3982 2942 4056; x_wconf 74' lang='grc' dir='ltr'>ἐμποδίζει</span> <span class='ocrx_word' id='word_1_653' title='bbox 2992 3983 3131 4056; x_wconf 78' lang='grc' dir='ltr'>πρὸς</span> <span class='ocrx_word' id='word_1_654' title='bbox 3177 3984 3357 4039; x_wconf 80' lang='grc' dir='ltr'>πᾶσαν</span> <span class='ocrx_word' id='word_1_655' title='bbox 3408 3985 3710 4057; x_wconf 79' lang='grc' dir='ltr'>ἐνέργειαν.</span> 
     </span>
    </p>
   </div>
   <div class='ocr_carea' id='block_1_84' title="bbox 2127 4072 3712 4149">
    <p class='ocr_par' dir='ltr' id='par_1_84' title="bbox 2127 4072 3712 4149">
     <span class='ocr_line' id='line_1_84' title="bbox 2127 4072 3712 4149; baseline -0.001 -16"><span class='ocrx_word' id='word_1_656' title='bbox 2127 4079 2236 4134; x_wconf 81' lang='lat' dir='ltr'><strong>Kal</strong></span> <span class='ocrx_word' id='word_1_657' title='bbox 2283 4078 2384 4133; x_wconf 76' lang='grc' dir='ltr'><strong>ἐπὶ</strong></span> <span class='ocrx_word' id='word_1_658' title='bbox 2424 4077 2704 4148; x_wconf 73' lang='grc' dir='ltr'>ἅρπαγμα</span> <span class='ocrx_word' id='word_1_659' title='bbox 2735 4075 2845 4149; x_wconf 86' lang='grc'><strong>(97)</strong></span> <span class='ocrx_word' id='word_1_660' title='bbox 2890 4075 2979 4146; x_wconf 81' lang='grc' dir='ltr'><strong>μὴ</strong></span> <span class='ocrx_word' id='word_1_661' title='bbox 3027 4075 3378 4131; x_wconf 76' lang='grc' dir='ltr'>ἐπιποθεῖτε.</span> <span class='ocrx_word' id='word_1_662' title='bbox 3436 4076 3527 4149; x_wconf 83' lang='grc' dir='ltr'><strong>Μὴ</strong></span> <span class='ocrx_word' id='word_1_663' title='bbox 3574 4072 3712 4132; x_wconf 78' lang='grc' dir='ltr'>εἶναι</span> 
     </span>
    </p>
   </div>
   <div class='ocr_carea' id='block_1_85' title="bbox 2123 4167 3712 4243">
    <p class='ocr_par' dir='ltr' id='par_1_85' title="bbox 2123 4167 3712 4243">
     <span class='ocr_line' id='line_1_85' title="bbox 2123 4167 3712 4243; baseline -0.001 -18"><span class='ocrx_word' id='word_1_664' title='bbox 2123 4171 2235 4225; x_wconf 79' lang='grc' dir='ltr'><strong>τῶν</strong></span> <span class='ocrx_word' id='word_1_665' title='bbox 2267 4170 2563 4243; x_wconf 76' lang='grc' dir='ltr'>ἀλλοτρίων</span> <span class='ocrx_word' id='word_1_666' title='bbox 2601 4167 2950 4241; x_wconf 75' lang='grc' dir='ltr'>ἐπιθυμητὰς</span> <span class='ocrx_word' id='word_1_667' title='bbox 2988 4170 3267 4242; x_wconf 79' lang='grc' dir='ltr'>παραινεῖ.</span> <span class='ocrx_word' id='word_1_668' title='bbox 3301 4168 3572 4236; x_wconf 73' lang='grc' dir='ltr'>Πλοῦτος</span> <span class='ocrx_word' id='word_1_669' title='bbox 3602 4168 3712 4223; x_wconf 66' lang='grc' dir='ltr'><strong>ἐὰν·</strong></span> 
     </span>
    </p>
   </div>
   <div class='ocr_carea' id='block_1_86' title="bbox 2117 4258 3707 4333">
    <p class='ocr_par' dir='ltr' id='par_1_86' title="bbox 2117 4258 3707 4333">
     <span class='ocr_line' id='line_1_86' title="bbox 2117 4258 3707 4333; baseline 0.002 -20"><span class='ocrx_word' id='word_1_670' title='bbox 2117 4261 2253 4330; x_wconf 80' lang='grc' dir='ltr'>ῥέῃ,</span> <span class='ocrx_word' id='word_1_671' title='bbox 2279 4259 2365 4331; x_wconf 82' lang='grc' dir='ltr'>μὴ</span> <span class='ocrx_word' id='word_1_672' title='bbox 2405 4260 2802 4328; x_wconf 81' lang='grc' dir='ltr'>προστίθεσθε</span> <span class='ocrx_word' id='word_1_673' title='bbox 2832 4258 3046 4330; x_wconf 79' lang='grc' dir='ltr'>καρδίᾳ</span> <span class='ocrx_word' id='word_1_674' title='bbox 3083 4259 3216 4331; x_wconf 87' lang='grc'><strong>(98).</strong></span> <span class='ocrx_word' id='word_1_675' title='bbox 3258 4259 3384 4314; x_wconf 82' lang='grc' dir='ltr'><strong>Ἐὰν</strong></span> <span class='ocrx_word' id='word_1_676' title='bbox 3423 4259 3540 4333; x_wconf 71' lang='grc' dir='ltr'>ἴδῃς</span> <span class='ocrx_word' id='word_1_677' title='bbox 3585 4261 3707 4316; x_wconf 71' lang='grc' dir='ltr'><strong>τινά</strong></span> 
     </span>
    </p>
   </div>
   <div class='ocr_carea' id='block_1_87' title="bbox 2123 4354 3704 4429">
    <p class='ocr_par' dir='ltr' id='par_1_87' title="bbox 2123 4354 3704 4429">
     <span class='ocr_line' id='line_1_87' title="bbox 2123 4354 3704 4429; baseline -0.001 -20"><span class='ocrx_word' id='word_1_678' title='bbox 2123 4356 2234 4409; x_wconf 84' lang='grc' dir='ltr'><strong>τῶν</strong></span> <span class='ocrx_word' id='word_1_679' title='bbox 2290 4355 2829 4427; x_wconf 85' lang='grc' dir='ltr'>ύπερπλουτούντων,</span> <span class='ocrx_word' id='word_1_680' title='bbox 2890 4354 2965 4428; x_wconf 83' lang='grc' dir='ltr'>μὴ</span> <span class='ocrx_word' id='word_1_681' title='bbox 3021 4354 3334 4429; x_wconf 81' lang='grc' dir='ltr'>μακαρίσῃς</span> <span class='ocrx_word' id='word_1_682' title='bbox 3385 4354 3549 4408; x_wconf 75' lang='grc' dir='ltr'>αὑτοῦ</span> <span class='ocrx_word' id='word_1_683' title='bbox 3606 4355 3704 4426; x_wconf 82' lang='grc' dir='ltr'>τὴν</span> 
     </span>
    </p>
   </div>
   <div class='ocr_carea' id='block_1_88' title="bbox 440 4428 2035 4519">
    <p class='ocr_par' dir='ltr' id='par_1_88' title="bbox 440 4434 2019 4508">
     <span class='ocr_line' id='line_1_88' title="bbox 440 4434 2019 4508; baseline 0.006 -18"><span class='ocrx_word' id='word_1_684' title='bbox 440 4434 553 4499; x_wconf 91' lang='lat' dir='ltr'><strong>bet,</strong></span> <span class='ocrx_word' id='word_1_685' title='bbox 589 4445 643 4491; x_wconf 87' lang='lat' dir='ltr'><strong>et</strong></span> <span class='ocrx_word' id='word_1_686' title='bbox 674 4451 741 4491; x_wconf 85' lang='lat' dir='ltr'><strong>ex</strong></span> <span class='ocrx_word' id='word_1_687' title='bbox 769 4438 1025 4495; x_wconf 83' lang='lat' dir='ltr'><strong>uberibus</strong></span> <span class='ocrx_word' id='word_1_688' title='bbox 1053 4438 1292 4497; x_wconf 82' lang='lat' dir='ltr'><strong>fontibus</strong></span> <span class='ocrx_word' id='word_1_689' title='bbox 1323 4443 1417 4496; x_wconf 86' lang='lat' dir='ltr'><strong>tibi</strong></span> <span class='ocrx_word' id='word_1_690' title='bbox 1453 4441 1674 4499; x_wconf 80' lang='lat' dir='ltr'><strong>affluant</strong></span> <span class='ocrx_word' id='word_1_691' title='bbox 1701 4444 1926 4508; x_wconf 81' lang='lat' dir='ltr'><strong>divitiae,</strong></span> <span class='ocrx_word' id='word_1_692' title='bbox 1955 4461 2019 4500; x_wconf 91' lang='lat' dir='ltr'><strong>ne</strong></span> 
     </span>
    </p>
   </div>
   <div class='ocr_carea' id='block_1_89' title="bbox 2143 4428 3706 4519">
    <p class='ocr_par' dir='ltr' id='par_1_89' title="bbox 2143 4445 3706 4519">
     <span class='ocr_line' id='line_1_89' title="bbox 2143 4445 3706 4519; baseline -0.002 -18"><span class='ocrx_word' id='word_1_693' title='bbox 2143 4449 2291 4519; x_wconf 80' lang='grc' dir='ltr'>ζωήν.</span> <span class='ocrx_word' id='word_1_694' title='bbox 2353 4448 2479 4502; x_wconf 78' lang='grc' dir='ltr'><strong>Ἐάν</strong></span> <span class='ocrx_word' id='word_1_695' title='bbox 2511 4463 2595 4501; x_wconf 87' lang='grc' dir='ltr'><strong>σοι</strong></span> <span class='ocrx_word' id='word_1_696' title='bbox 2643 4446 2974 4519; x_wconf 88' lang='grc' dir='ltr'>πολλαχόθεν</span> <span class='ocrx_word' id='word_1_697' title='bbox 3012 4448 3106 4502; x_wconf 73' lang='grc' dir='ltr'>καὶ</span> <span class='ocrx_word' id='word_1_698' title='bbox 3139 4445 3198 4514; x_wconf 78' lang='grc' dir='ltr'>ἐξ</span> <span class='ocrx_word' id='word_1_699' title='bbox 3226 4445 3472 4516; x_wconf 81' lang='grc' dir='ltr'>ἀφθόνων</span> <span class='ocrx_word' id='word_1_700' title='bbox 3512 4445 3706 4517; x_wconf 81' lang='grc' dir='ltr'>πηγῶν</span> 
     </span>
    </p>
   </div>
   <div class='ocr_carea' id='block_1_90' title="bbox 445 4525 2019 4606">
    <p class='ocr_par' dir='ltr' id='par_1_90' title="bbox 445 4525 2019 4606">
     <span class='ocr_line' id='line_1_90' title="bbox 445 4525 2019 4606; baseline 0.005 -27"><span class='ocrx_word' id='word_1_701' title='bbox 445 4525 496 4579; x_wconf 90' lang='lat' dir='ltr'><strong>iu</strong></span> <span class='ocrx_word' id='word_1_702' title='bbox 531 4542 717 4581; x_wconf 89' lang='lat' dir='ltr'><strong>earum</strong></span> <span class='ocrx_word' id='word_1_703' title='bbox 747 4529 902 4597; x_wconf 88' lang='lat' dir='ltr'><strong>copia</strong></span> <span class='ocrx_word' id='word_1_704' title='bbox 951 4530 1287 4601; x_wconf 88' lang='lat' dir='ltr'><strong>acquiescas.</strong></span> <span class='ocrx_word' id='word_1_705' title='bbox 1340 4531 1547 4588; x_wconf 64' lang='lat' dir='ltr'><strong>Divitiae</strong></span> <span class='ocrx_word' id='word_1_706' title='bbox 1579 4534 1625 4587; x_wconf 89' lang='lat' dir='ltr'><strong>si</strong></span> <span class='ocrx_word' id='word_1_707' title='bbox 1652 4535 1887 4606; x_wconf 70' lang='lat' dir='ltr'><strong>aﬂluant.</strong></span> <span class='ocrx_word' id='word_1_708' title='bbox 1911 4536 2019 4587; x_wconf 78' lang='lat' dir='ltr'><strong>Ad-</strong></span> 
     </span>
    </p>
   </div>
   <div class='ocr_carea' id='block_1_91' title="bbox 441 4618 2019 4691">
    <p class='ocr_par' dir='ltr' id='par_1_91' title="bbox 441 4618 2019 4691">
     <span class='ocr_line' id='line_1_91' title="bbox 441 4618 2019 4691; baseline 0.006 -20"><span class='ocrx_word' id='word_1_709' title='bbox 441 4618 642 4672; x_wconf 90' lang='lat' dir='ltr'><strong>mirare</strong></span> <span class='ocrx_word' id='word_1_710' title='bbox 697 4633 904 4675; x_wconf 88' lang='lat' dir='ltr'><strong>vocem.</strong></span> <span class='ocrx_word' id='word_1_711' title='bbox 962 4620 1130 4677; x_wconf 81' lang='lat' dir='ltr'><strong>Fluxa</strong></span> <span class='ocrx_word' id='word_1_712' title='bbox 1174 4633 1261 4679; x_wconf 86' lang='lat' dir='ltr'><strong>est</strong></span> <span class='ocrx_word' id='word_1_713' title='bbox 1308 4622 1617 4679; x_wconf 84' lang='lat' dir='ltr'><strong>divitiarum</strong></span> <span class='ocrx_word' id='word_1_714' title='bbox 1657 4636 1868 4691; x_wconf 89' lang='lat' dir='ltr'><strong>natura,</strong></span> <span class='ocrx_word' id='word_1_715' title='bbox 1909 4637 2019 4681; x_wconf 89' lang='lat' dir='ltr'><strong>tor-</strong></span> 
     </span>
    </p>
   </div>
   <div class='ocr_carea' id='block_1_92' title="bbox 443 4708 2018 4783">
    <p class='ocr_par' dir='ltr' id='par_1_92' title="bbox 443 4708 2018 4783">
     <span class='ocr_line' id='line_1_92' title="bbox 443 4708 2018 4783; baseline 0.009 -23"><span class='ocrx_word' id='word_1_716' title='bbox 443 4718 595 4763; x_wconf 87' lang='lat' dir='ltr'><strong>rente</strong></span> <span class='ocrx_word' id='word_1_717' title='bbox 628 4708 788 4764; x_wconf 88' lang='lat' dir='ltr'><strong>eitius</strong></span> <span class='ocrx_word' id='word_1_718' title='bbox 834 4712 1236 4781; x_wconf 55' lang='lat' dir='ltr'><strong>praeterlabitur</strong></span> <span class='ocrx_word' id='word_1_719' title='bbox 1275 4727 1638 4783; x_wconf 87' lang='lat' dir='ltr'><strong>possessores,</strong></span> <span class='ocrx_word' id='word_1_720' title='bbox 1679 4715 1814 4771; x_wconf 80' lang='lat' dir='ltr'><strong>alios</strong></span> <span class='ocrx_word' id='word_1_721' title='bbox 1859 4719 2018 4774; x_wconf 88' lang='lat' dir='ltr'><strong>aliter</strong></span> 
     </span>
    </p>
   </div>
   <div class='ocr_carea' id='block_1_93' title="bbox 2126 4539 3706 4615">
    <p class='ocr_par' dir='ltr' id='par_1_93' title="bbox 2126 4539 3706 4615">
     <span class='ocr_line' id='line_1_93' title="bbox 2126 4539 3706 4615; baseline 0.001 -22"><span class='ocrx_word' id='word_1_722' title='bbox 2126 4539 2393 4613; x_wconf 77' lang='grc' dir='ltr'>περιῤῥέῃ</span> <span class='ocrx_word' id='word_1_723' title='bbox 2430 4541 2496 4595; x_wconf 79' lang='grc' dir='ltr'>τὰ</span> <span class='ocrx_word' id='word_1_724' title='bbox 2527 4541 2811 4613; x_wconf 89' lang='grc' dir='ltr'>χρήματα,</span> <span class='ocrx_word' id='word_1_725' title='bbox 2857 4540 2931 4612; x_wconf 81' lang='grc' dir='ltr'>μὴ</span> <span class='ocrx_word' id='word_1_726' title='bbox 2968 4540 3236 4615; x_wconf 72' lang='grc' dir='ltr'>προσδέξῃ</span> <span class='ocrx_word' id='word_1_727' title='bbox 3260 4540 3438 4595; x_wconf 83' lang='grc' dir='ltr'>αὐτῶν</span> <span class='ocrx_word' id='word_1_728' title='bbox 3471 4542 3568 4613; x_wconf 80' lang='grc' dir='ltr'>τὴν</span> <span class='ocrx_word' id='word_1_729' title='bbox 3602 4559 3706 4595; x_wconf 81' lang='grc' dir='ltr'>πε·-</span> 
     </span>
    </p>
   </div>
   <div class='ocr_carea' id='block_1_94' title="bbox 2127 4631 3700 4705">
    <p class='ocr_par' dir='ltr' id='par_1_94' title="bbox 2127 4631 3700 4705">
     <span class='ocr_line' id='line_1_94' title="bbox 2127 4631 3700 4705; baseline 0.002 -21"><span class='ocrx_word' id='word_1_730' title='bbox 2127 4633 2389 4703; x_wconf 86' lang='grc' dir='ltr'>ριουσίαν.</span> <span class='ocrx_word' id='word_1_731' title='bbox 2423 4632 2696 4699; x_wconf 69' lang='grc' dir='ltr'>Πλοῦτος</span> <span class='ocrx_word' id='word_1_732' title='bbox 2726 4632 2836 4685; x_wconf 81' lang='grc' dir='ltr'><strong>ἐὰν</strong></span> <span class='ocrx_word' id='word_1_733' title='bbox 2861 4631 2994 4701; x_wconf 82' lang='grc' dir='ltr'>ῥέῃ.</span> <span class='ocrx_word' id='word_1_734' title='bbox 3033 4631 3325 4702; x_wconf 83' lang='grc' dir='ltr'>Θαύμασον</span> <span class='ocrx_word' id='word_1_735' title='bbox 3370 4632 3469 4704; x_wconf 82' lang='grc' dir='ltr'>τὴν</span> <span class='ocrx_word' id='word_1_736' title='bbox 3496 4633 3700 4705; x_wconf 80' lang='grc' dir='ltr'>φωνήν.</span> 
     </span>
    </p>
   </div>
   <div class='ocr_carea' id='block_1_95' title="bbox 2134 4721 3703 4795">
    <p class='ocr_par' dir='ltr' id='par_1_95' title="bbox 2134 4721 3703 4795">
     <span class='ocr_line' id='line_1_95' title="bbox 2134 4721 3703 4795; baseline 0 -19"><span class='ocrx_word' id='word_1_737' title='bbox 2134 4722 2421 4795; x_wconf 81' lang='grc' dir='ltr'>Ῥευστὴὴ</span> <span class='ocrx_word' id='word_1_738' title='bbox 2460 4723 2621 4793; x_wconf 76' lang='grc' dir='ltr'>φύσις</span> <span class='ocrx_word' id='word_1_739' title='bbox 2644 4722 2738 4777; x_wconf 79' lang='grc' dir='ltr'>τοῦ</span> <span class='ocrx_word' id='word_1_740' title='bbox 2785 4723 3017 4776; x_wconf 85' lang='grc' dir='ltr'>πλούτου</span> <span class='ocrx_word' id='word_1_741' title='bbox 3041 4740 3056 4754; x_wconf 92' lang='grc'><strong>·</strong></span> <span class='ocrx_word' id='word_1_742' title='bbox 3100 4721 3403 4795; x_wconf 69' lang='grc' dir='ltr'>χειμάρρου</span> <span class='ocrx_word' id='word_1_743' title='bbox 3448 4721 3703 4794; x_wconf 78' lang='grc' dir='ltr'>ὀξύτερον</span> 
     </span>
    </p>
   </div>
   <div class='ocr_carea' id='block_1_96' title="bbox 439 4800 2035 4887">
    <p class='ocr_par' dir='ltr' id='par_1_96' title="bbox 439 4800 2015 4870">
     <span class='ocr_line' id='line_1_96' title="bbox 439 4800 2015 4870; baseline 0.009 -17"><span class='ocrx_word' id='word_1_744' title='bbox 439 4800 577 4855; x_wconf 71' lang='lat' dir='ltr'><strong>solet</strong></span> <span class='ocrx_word' id='word_1_745' title='bbox 626 4811 857 4858; x_wconf 89' lang='lat' dir='ltr'><strong>mutare.</strong></span> <span class='ocrx_word' id='word_1_746' title='bbox 879 4803 1341 4870; x_wconf 80' lang='lat' dir='ltr'><strong>Quemadmodum</strong></span> <span class='ocrx_word' id='word_1_747' title='bbox 1371 4803 1562 4859; x_wconf 82' lang='lat' dir='ltr'><strong>ﬂuvius</strong></span> <span class='ocrx_word' id='word_1_748' title='bbox 1588 4808 1654 4862; x_wconf 87' lang='lat' dir='ltr'><strong>ab</strong></span> <span class='ocrx_word' id='word_1_749' title='bbox 1684 4810 1792 4864; x_wconf 82' lang='lat' dir='ltr'><strong>aito</strong></span> <span class='ocrx_word' id='word_1_750' title='bbox 1822 4809 2015 4867; x_wconf 77' lang='lat' dir='ltr'><strong>labens</strong></span> 
     </span>
    </p>
   </div>
   <div class='ocr_carea' id='block_1_97' title="bbox 2143 4800 3703 4887">
    <p class='ocr_par' dir='ltr' id='par_1_97' title="bbox 2143 4813 3703 4887">
     <span class='ocr_line' id='line_1_97' title="bbox 2143 4813 3703 4887; baseline 0.001 -21"><span class='ocrx_word' id='word_1_751' title='bbox 2143 4815 2246 4879; x_wconf 73' lang='grc' dir='ltr'>τοὺς</span> <span class='ocrx_word' id='word_1_752' title='bbox 2272 4814 2491 4885; x_wconf 85' lang='grc' dir='ltr'>ἔχοντας</span> <span class='ocrx_word' id='word_1_753' title='bbox 2523 4814 2861 4887; x_wconf 86' lang='grc' dir='ltr'>παρατρέχει</span> <span class='ocrx_word' id='word_1_754' title='bbox 2883 4832 2899 4847; x_wconf 75' lang='grc' dir='ltr'><strong>ο</strong></span> <span class='ocrx_word' id='word_1_755' title='bbox 2938 4814 3126 4869; x_wconf 80' lang='grc' dir='ltr'>ἄλλοτε</span> <span class='ocrx_word' id='word_1_756' title='bbox 3159 4814 3315 4869; x_wconf 77' lang='grc' dir='ltr'>ἄλλον</span> <span class='ocrx_word' id='word_1_757' title='bbox 3357 4813 3567 4867; x_wconf 71' lang='grc' dir='ltr'>πέφυκε</span> <span class='ocrx_word' id='word_1_758' title='bbox 3599 4845 3703 4881; x_wconf 70' lang='grc' dir='ltr'>πα..</span> 
     </span>
    </p>
   </div>
   <div class='ocr_carea' id='block_1_98' title="bbox 510 4940 1501 5010">
    <p class='ocr_par' dir='ltr' id='par_1_98' title="bbox 510 4940 1501 5010">
     <span class='ocr_line' id='line_1_98' title="bbox 510 4940 1501 5010; baseline 0.004 -14"><span class='ocrx_word' id='word_1_759' title='bbox 510 4940 556 4972; x_wconf 80' lang='grc'><strong>³³</strong></span> <span class='ocrx_word' id='word_1_760' title='bbox 574 4941 729 4998; x_wconf 88' lang='lat' dir='ltr'><strong>Dent.</strong></span> <span class='ocrx_word' id='word_1_761' title='bbox 770 4958 903 5010; x_wconf 86' lang='lat' dir='ltr'><strong>xxx,</strong></span> <span class='ocrx_word' id='word_1_762' title='bbox 948 4943 1036 4999; x_wconf 80' lang='lat' dir='ltr'><strong>i5.</strong></span> <span class='ocrx_word' id='word_1_763' title='bbox 1112 4944 1157 4977; x_wconf 81' lang='grc'>³⁹</span> <span class='ocrx_word' id='word_1_764' title='bbox 1183 4943 1285 4998; x_wconf 88' lang='lat' dir='ltr'><strong>lsa.</strong></span> <span class='ocrx_word' id='word_1_765' title='bbox 1327 4959 1380 5009; x_wconf 89' lang='lat' dir='ltr'><strong>v,</strong></span> <span class='ocrx_word' id='word_1_766' title='bbox 1409 4945 1501 5000; x_wconf 77' lang='lat'><strong>20.</strong></span> 
     </span>
    </p>
   </div>
   <div class='ocr_carea' id='block_1_99' title="bbox 508 5094 2008 5176">
    <p class='ocr_par' dir='ltr' id='par_1_99' title="bbox 508 5094 2008 5176">
     <span class='ocr_line' id='line_1_99' title="bbox 508 5094 2008 5176; baseline -0.003 -11"><span class='ocrx_word' id='word_1_767' title='bbox 508 5105 620 5172; x_wconf 70' lang='lat'><strong>(92)</strong></span> <span class='ocrx_word' id='word_1_768' title='bbox 655 5106 731 5160; x_wconf 91' lang='lat' dir='ltr'><strong>ita</strong></span> <span class='ocrx_word' id='word_1_769' title='bbox 757 5109 923 5162; x_wconf 83' lang='lat' dir='ltr'><strong>editio</strong></span> <span class='ocrx_word' id='word_1_770' title='bbox 950 5107 1113 5162; x_wconf 86' lang='lat' dir='ltr'><strong>Basil.</strong></span> <span class='ocrx_word' id='word_1_771' title='bbox 1145 5117 1199 5161; x_wconf 86' lang='lat' dir='ltr'><strong>et</strong></span> <span class='ocrx_word' id='word_1_772' title='bbox 1232 5094 1373 5166; x_wconf 71' lang='lat' dir='ltr'><strong>Oliv.</strong></span> <span class='ocrx_word' id='word_1_773' title='bbox 1402 5119 1457 5162; x_wconf 93' lang='lat' dir='ltr'><strong>et</strong></span> <span class='ocrx_word' id='word_1_774' title='bbox 1486 5103 1700 5176; x_wconf 80' lang='lat' dir='ltr'><strong>Anglic.</strong></span> <span class='ocrx_word' id='word_1_775' title='bbox 1732 5122 1855 5160; x_wconf 83' lang='lat' dir='ltr'><strong>eum</strong></span> <span class='ocrx_word' id='word_1_776' title='bbox 1884 5107 2008 5161; x_wconf 84' lang='lat' dir='ltr'><strong>aliis</strong></span> 
     </span>
    </p>
   </div>
   <div class='ocr_carea' id='block_1_100' title="bbox 438 5178 2005 5245">
    <p class='ocr_par' dir='ltr' id='par_1_100' title="bbox 438 5178 2005 5245">
     <span class='ocr_line' id='line_1_100' title="bbox 438 5178 2005 5245; baseline -0.003 -12"><span class='ocrx_word' id='word_1_777' title='bbox 438 5181 673 5245; x_wconf 65' lang='lat' dir='ltr'><strong>Quinque</strong></span> <span class='ocrx_word' id='word_1_778' title='bbox 710 5195 839 5235; x_wconf 90' lang='lat' dir='ltr'><strong>mss.</strong></span> <span class='ocrx_word' id='word_1_779' title='bbox 863 5182 932 5234; x_wconf 81' lang='lat' dir='ltr'><strong>At</strong></span> <span class='ocrx_word' id='word_1_780' title='bbox 950 5180 1116 5232; x_wconf 84' lang='lat' dir='ltr'><strong>editio</strong></span> <span class='ocrx_word' id='word_1_781' title='bbox 1143 5178 1312 5233; x_wconf 78' lang='lat' dir='ltr'><strong>Paris.</strong></span> <span class='ocrx_word' id='word_1_782' title='bbox 1345 5194 1468 5233; x_wconf 90' lang='lat' dir='ltr'><strong>cum</strong></span> <span class='ocrx_word' id='word_1_783' title='bbox 1494 5181 1679 5245; x_wconf 89' lang='lat' dir='ltr'><strong>paucis</strong></span> <span class='ocrx_word' id='word_1_784' title='bbox 1710 5193 1838 5231; x_wconf 82' lang='lat' dir='ltr'><strong>mss.</strong></span> <span class='ocrx_word' id='word_1_785' title='bbox 1865 5179 2005 5229; x_wconf 87' lang='grc' dir='ltr'>αἰω-</span> 
     </span>
    </p>
   </div>
   <div class='ocr_carea' id='block_1_101' title="bbox 438 5244 2001 5317">
    <p class='ocr_par' dir='ltr' id='par_1_101' title="bbox 438 5244 2001 5317">
     <span class='ocr_line' id='line_1_101' title="bbox 438 5244 2001 5317; baseline -0.008 -7"><span class='ocrx_word' id='word_1_786' title='bbox 438 5244 554 5309; x_wconf 80' lang='grc' dir='ltr'>νίας</span> <span class='ocrx_word' id='word_1_787' title='bbox 593 5244 761 5317; x_wconf 79' lang='grc' dir='ltr'>ζωῆς.</span> <span class='ocrx_word' id='word_1_788' title='bbox 802 5250 962 5303; x_wconf 82' lang='lat' dir='ltr'><strong>vitam</strong></span> <span class='ocrx_word' id='word_1_789' title='bbox 992 5260 1259 5303; x_wconf 73' lang='lat' dir='ltr'><strong>wternam.</strong></span> <span class='ocrx_word' id='word_1_790' title='bbox 1290 5249 1443 5303; x_wconf 87' lang='lat' dir='ltr'><strong>Colb.</strong></span> <span class='ocrx_word' id='word_1_791' title='bbox 1491 5244 1752 5317; x_wconf 67' lang='lat' dir='ltr'><strong>septimus</strong></span> <span class='ocrx_word' id='word_1_792' title='bbox 1781 5246 2001 5299; x_wconf 86' lang='grc' dir='ltr'>αἰωνίου</span> 
     </span>
    </p>
   </div>
   <div class='ocr_carea' id='block_1_102' title="bbox 2189 5108 3696 5176">
    <p class='ocr_par' dir='ltr' id='par_1_102' title="bbox 2189 5108 3696 5176">
     <span class='ocr_line' id='line_1_102' title="bbox 2189 5108 3696 5176; baseline 0.004 -12"><span class='ocrx_word' id='word_1_793' title='bbox 2189 5108 2302 5176; x_wconf 80' lang='lat'><strong>(95)</strong></span> <span class='ocrx_word' id='word_1_794' title='bbox 2335 5108 2425 5164; x_wconf 87' lang='lat' dir='ltr'><strong>Sic</strong></span> <span class='ocrx_word' id='word_1_795' title='bbox 2451 5109 2588 5164; x_wconf 91' lang='lat' dir='ltr'><strong>Oliv.</strong></span> <span class='ocrx_word' id='word_1_796' title='bbox 2623 5119 2677 5162; x_wconf 81' lang='lat' dir='ltr'><strong>et</strong></span> <span class='ocrx_word' id='word_1_797' title='bbox 2704 5110 2916 5175; x_wconf 71' lang='lat' dir='ltr'><strong>Anglic.</strong></span> <span class='ocrx_word' id='word_1_798' title='bbox 2952 5121 3007 5167; x_wconf 75' lang='lat' dir='ltr'><strong>et</strong></span> <span class='ocrx_word' id='word_1_799' title='bbox 3029 5112 3273 5168; x_wconf 79' lang='lat' dir='ltr'><strong>Contbei‘.</strong></span> <span class='ocrx_word' id='word_1_800' title='bbox 3305 5114 3571 5173; x_wconf 78' lang='lat' dir='ltr'><strong>eumaliis</strong></span> <span class='ocrx_word' id='word_1_801' title='bbox 3602 5130 3696 5170; x_wconf 61' lang='lat' dir='ltr'><strong>sex</strong></span> 
     </span>
    </p>
   </div>
   <div class='ocr_carea' id='block_1_103' title="bbox 2115 5179 2924 5251">
    <p class='ocr_par' dir='ltr' id='par_1_103' title="bbox 2115 5179 2924 5251">
     <span class='ocr_line' id='line_1_103' title="bbox 2115 5179 2924 5251; baseline 0.002 -19"><span class='ocrx_word' id='word_1_802' title='bbox 2115 5194 2261 5251; x_wconf 76' lang='lat' dir='ltr'><strong>mss.</strong></span> <span class='ocrx_word' id='word_1_803' title='bbox 2280 5179 2496 5251; x_wconf 44' lang='grc' dir='ltr'><strong>Αιγιὶίιὶ</strong></span> <span class='ocrx_word' id='word_1_804' title='bbox 2534 5179 2924 5251; x_wconf 78' lang='grc' dir='ltr'>προσφέρεται.</span> 
     </span>
    </p>
   </div>
   <div class='ocr_carea' id='block_1_104' title="bbox 2187 5249 3693 5325">
    <p class='ocr_par' dir='ltr' id='par_1_104' title="bbox 2187 5249 3693 5325">
     <span class='ocr_line' id='line_1_104' title="bbox 2187 5249 3693 5325; baseline 0.005 -22"><span class='ocrx_word' id='word_1_805' title='bbox 2187 5249 2297 5319; x_wconf 83' lang='grc'><strong>(96)</strong></span> <span class='ocrx_word' id='word_1_806' title='bbox 2328 5249 2496 5325; x_wconf 66' lang='grc' dir='ltr'><strong>(19η)Δ</strong></span> <span class='ocrx_word' id='word_1_807' title='bbox 2528 5249 2753 5325; x_wconf 70' lang='lat' dir='ltr'><strong>quartus</strong></span> <span class='ocrx_word' id='word_1_808' title='bbox 2796 5251 3080 5325; x_wconf 69' lang='grc' dir='ltr'>ᾠνόμασεν</span> <span class='ocrx_word' id='word_1_809' title='bbox 3124 5253 3153 5305; x_wconf 82' lang='grc' dir='ltr'>ὁ</span> <span class='ocrx_word' id='word_1_810' title='bbox 3199 5252 3513 5325; x_wconf 79' lang='grc' dir='ltr'>Προφήτης.</span> <span class='ocrx_word' id='word_1_811' title='bbox 3569 5255 3693 5311; x_wconf 76' lang='lat' dir='ltr'><strong>Mox</strong></span> 
     </span>
    </p>
   </div>
   <div class='ocr_carea' id='block_1_105' title="bbox 430 5312 2035 5397">
    <p class='ocr_par' dir='ltr' id='par_1_105' title="bbox 430 5312 2006 5397">
     <span class='ocr_line' id='line_1_105' title="bbox 430 5312 2006 5397; baseline -0.007 -18"><span class='ocrx_word' id='word_1_812' title='bbox 430 5318 674 5397; x_wconf 52' lang='grc' dir='ltr'><strong>ι’τεκνςρῇςἒ</strong></span> <span class='ocrx_word' id='word_1_813' title='bbox 697 5312 925 5397; x_wconf 73' lang='lat' dir='ltr'><strong>ibidem.</strong></span> <span class='ocrx_word' id='word_1_814' title='bbox 953 5320 1106 5375; x_wconf 86' lang='lat' dir='ltr'><strong>Coib.</strong></span> <span class='ocrx_word' id='word_1_815' title='bbox 1149 5328 1375 5389; x_wconf 86' lang='lat' dir='ltr'><strong>quartus</strong></span> <span class='ocrx_word' id='word_1_816' title='bbox 1400 5317 1628 5381; x_wconf 79' lang='grc' dir='ltr'>Ψευδείς</span> <span class='ocrx_word' id='word_1_817' title='bbox 1672 5312 1765 5371; x_wconf 81' lang='grc' dir='ltr'><strong>οὖν</strong></span> <span class='ocrx_word' id='word_1_818' title='bbox 1814 5318 1863 5369; x_wconf 87' lang='grc' dir='ltr'><strong>οἰ</strong></span> <span class='ocrx_word' id='word_1_819' title='bbox 1900 5317 2006 5369; x_wconf 81' lang='grc' dir='ltr'>υἱοὶ</span> 
     </span>
    </p>
   </div>
   <div class='ocr_carea' id='block_1_106' title="bbox 2143 5312 3054 5397">
    <p class='ocr_par' dir='ltr' id='par_1_106' title="bbox 2143 5312 3054 5397">
     <span class='ocr_line' id='line_1_106' title="bbox 2143 5312 3054 5397; baseline 0.004 -25"><span class='ocrx_word' id='word_1_820' title='bbox 2143 5312 2459 5397; x_wconf 37' lang='lat' dir='ltr'><strong>[ligat-:69th</strong></span> <span class='ocrx_word' id='word_1_821' title='bbox 2481 5318 2670 5397; x_wconf 33' lang='grc' dir='ltr'>ὲπίιτὰ</span> <span class='ocrx_word' id='word_1_822' title='bbox 2692 5312 3054 5397; x_wconf 70' lang='grc' dir='ltr'>ἁρπάγματα.</span> 
     </span>
    </p>
   </div>
   <div class='ocr_carea' id='block_1_107' title="bbox 436 5388 1967 5467">
    <p class='ocr_par' dir='ltr' id='par_1_107' title="bbox 436 5388 1967 5467">
     <span class='ocr_line' id='line_1_107' title="bbox 436 5388 1967 5467; baseline 0 0"><span class='ocrx_word' id='word_1_823' title='bbox 436 5388 905 5467; x_wconf 53' lang='lat' dir='ltr'><strong>mmmam».</strong></span> <span class='ocrx_word' id='word_1_824' title='bbox 1092 5460 1105 5467; x_wconf 83' lang='grc'><strong>,</strong></span> <span class='ocrx_word' id='word_1_825' title='bbox 1168 5388 1181 5389; x_wconf 43' lang='grc' dir='ltr'><strong>ί</strong></span> <span class='ocrx_word' id='word_1_826' title='bbox 1942 5455 1967 5467; x_wconf 82' lang='lat'><strong>-</strong></span> 
     </span>
    </p>
   </div>
   <div class='ocr_carea' id='block_1_108' title="bbox 436 5456 2010 5580">
    <p class='ocr_par' dir='ltr' id='par_1_108' title="bbox 436 5456 2010 5580">
     <span class='ocr_line' id='line_1_108' title="bbox 436 5456 2010 5578; baseline 0.001 -68"><span class='ocrx_word' id='word_1_827' title='bbox 436 5456 617 5578; x_wconf 50' lang='grc' dir='ltr'><strong>ἀλμέὅ)</strong></span> <span class='ocrx_word' id='word_1_828' title='bbox 654 5456 729 5515; x_wconf 79' lang='lat' dir='ltr'><strong>Ita</strong></span> <span class='ocrx_word' id='word_1_829' title='bbox 780 5477 874 5517; x_wconf 84' lang='lat' dir='ltr'><strong>sex</strong></span> <span class='ocrx_word' id='word_1_830' title='bbox 917 5474 1048 5515; x_wconf 82' lang='lat' dir='ltr'><strong>mss.</strong></span> <span class='ocrx_word' id='word_1_831' title='bbox 1076 5460 1147 5515; x_wconf 85' lang='lat' dir='ltr'><strong>At</strong></span> <span class='ocrx_word' id='word_1_832' title='bbox 1191 5458 1323 5514; x_wconf 88' lang='lat' dir='ltr'><strong>editi</strong></span> <span class='ocrx_word' id='word_1_833' title='bbox 1362 5468 1417 5513; x_wconf 90' lang='lat' dir='ltr'><strong>et</strong></span> <span class='ocrx_word' id='word_1_834' title='bbox 1461 5474 1589 5515; x_wconf 82' lang='lat' dir='ltr'><strong>mss.</strong></span> <span class='ocrx_word' id='word_1_835' title='bbox 1625 5457 1864 5513; x_wconf 83' lang='lat' dir='ltr'><strong>nonnulli</strong></span> <span class='ocrx_word' id='word_1_836' title='bbox 1900 5456 2010 5511; x_wconf 84' lang='grc' dir='ltr'><strong>τῶν</strong></span> 
     </span>
     <span class='ocr_line' id='line_1_109' title="bbox 507 5542 672 5580; baseline 0 0"><span class='ocrx_word' id='word_1_837' title='bbox 507 5542 536 5580; x_wconf 90' lang='grc' dir='ltr'><strong>η</strong></span> <span class='ocrx_word' id='word_1_838' title='bbox 576 5545 672 5580; x_wconf 81' lang='grc' dir='ltr'><strong>ων.</strong></span> 
     </span>
    </p>
   </div>
   <div class='ocr_carea' id='block_1_109' title="bbox 507 5542 2011 5667">
    <p class='ocr_par' dir='ltr' id='par_1_109' title="bbox 507 5542 2011 5667">
     <span class='ocr_line' id='line_1_110' title="bbox 507 5542 2011 5667; baseline 0 -16"><span class='ocrx_word' id='word_1_839' title='bbox 507 5542 739 5663; x_wconf 40' lang='lat' dir='ltr'><strong>(ﬁgit</strong></span> <span class='ocrx_word' id='word_1_840' title='bbox 769 5616 898 5653; x_wconf 79' lang='lat' dir='ltr'><strong>mss.</strong></span> <span class='ocrx_word' id='word_1_841' title='bbox 929 5610 1177 5667; x_wconf 80' lang='lat' dir='ltr'><strong>quatuor.</strong></span> <span class='ocrx_word' id='word_1_842' title='bbox 1225 5598 1366 5652; x_wconf 72' lang='lat' dir='ltr'><strong>Eiliti</strong></span> <span class='ocrx_word' id='word_1_843' title='bbox 1411 5599 1462 5651; x_wconf 90' lang='grc' dir='ltr'><strong>οἰ</strong></span> <span class='ocrx_word' id='word_1_844' title='bbox 1505 5600 1600 5652; x_wconf 73' lang='grc' dir='ltr'><strong>καὶ</strong></span> <span class='ocrx_word' id='word_1_845' title='bbox 1633 5600 1840 5663; x_wconf 81' lang='grc' dir='ltr'>αὐτοῖς.</span> <span class='ocrx_word' id='word_1_846' title='bbox 1891 5597 2011 5653; x_wconf 88' lang='lat' dir='ltr'><strong>Col-</strong></span> 
     </span>
    </p>
   </div>
   <div class='ocr_carea' id='block_1_110' title="bbox 440 5659 1563 5738">
    <p class='ocr_par' dir='ltr' id='par_1_110' title="bbox 440 5659 1563 5738">
     <span class='ocr_line' id='line_1_111' title="bbox 440 5659 1563 5738; baseline 0.009 -26"><span class='ocrx_word' id='word_1_847' title='bbox 440 5659 631 5718; x_wconf 84' lang='lat' dir='ltr'><strong>bertiui</strong></span> <span class='ocrx_word' id='word_1_848' title='bbox 657 5681 881 5738; x_wconf 85' lang='lat' dir='ltr'><strong>quartus</strong></span> <span class='ocrx_word' id='word_1_849' title='bbox 905 5659 960 5724; x_wconf 72' lang='lat' dir='ltr'><strong>et</strong></span> <span class='ocrx_word' id='word_1_850' title='bbox 978 5681 1164 5724; x_wconf 79' lang='lat' dir='ltr'><strong>sextus</strong></span> <span class='ocrx_word' id='word_1_851' title='bbox 1189 5673 1237 5721; x_wconf 85' lang='lat' dir='ltr'><strong>oi</strong></span> <span class='ocrx_word' id='word_1_852' title='bbox 1273 5669 1366 5721; x_wconf 78' lang='grc' dir='ltr'>καὶ</span> <span class='ocrx_word' id='word_1_853' title='bbox 1386 5667 1563 5722; x_wconf 78' lang='grc' dir='ltr'>αὐτοί.</span> 
     </span>
    </p>
   </div>
   <div class='ocr_carea' id='block_1_111' title="bbox 2186 5388 3333 5514">
    <p class='ocr_par' dir='ltr' id='par_1_111' title="bbox 2186 5388 3333 5514">
     <span class='ocr_line' id='line_1_112' title="bbox 2186 5388 3333 5462; baseline 0.004 -21"><span class='ocrx_word' id='word_1_854' title='bbox 2186 5388 2296 5458; x_wconf 84' lang='grc'><strong>(97)</strong></span> <span class='ocrx_word' id='word_1_855' title='bbox 2332 5389 2538 5444; x_wconf 76' lang='lat' dir='ltr'><strong>liursus</strong></span> <span class='ocrx_word' id='word_1_856' title='bbox 2565 5390 2695 5457; x_wconf 67' lang='lat' dir='ltr'><strong>Reg.</strong></span> <span class='ocrx_word' id='word_1_857' title='bbox 2720 5388 2944 5457; x_wconf 60' lang='lat' dir='ltr'><strong>Quartus</strong></span> <span class='ocrx_word' id='word_1_858' title='bbox 2969 5394 3004 5445; x_wconf 84' lang='grc' dir='ltr'><strong><em>ἁ</em></strong></span> <span class='ocrx_word' id='word_1_859' title='bbox 3048 5392 3333 5462; x_wconf 77' lang='grc' dir='ltr'>πάγματα.</span> 
     </span>
     <span class='ocr_line' id='line_1_113' title="bbox 2186 5410 3333 5514; baseline 0 0"><span class='ocrx_word' id='word_1_860' title='bbox 2186 5459 2297 5514; x_wconf 75' lang='lat' dir='ltr'><strong>(&quot;8i</strong></span> <span class='ocrx_word' id='word_1_861' title='bbox 2336 5462 2427 5510; x_wconf 74' lang='lat' dir='ltr'><strong>Sit:</strong></span> <span class='ocrx_word' id='word_1_862' title='bbox 2457 5471 2662 5514; x_wconf 79' lang='lat' dir='ltr'><strong>sentem</strong></span> <span class='ocrx_word' id='word_1_863' title='bbox 2698 5476 2825 5513; x_wconf 81' lang='lat' dir='ltr'><strong>mss.</strong></span> <span class='ocrx_word' id='word_1_864' title='bbox 2860 5470 2971 5514; x_wconf 87' lang='lat' dir='ltr'><strong>tum</strong></span> <span class='ocrx_word' id='word_1_865' title='bbox 3012 5410 3115 5514; x_wconf 56' lang='lat' dir='ltr'><strong>fine</strong></span> <span class='ocrx_word' id='word_1_866' title='bbox 3140 5466 3254 5514; x_wconf 81' lang='lat' dir='ltr'><strong>loco</strong></span> <span class='ocrx_word' id='word_1_867' title='bbox 3282 5476 3333 5514; x_wconf 89' lang='lat' dir='ltr'><strong>tu</strong></span> 
     </span>
    </p>
   </div>
   <div class='ocr_carea' id='block_1_112' title="bbox 2186 5459 3689 5531">
    <p class='ocr_par' dir='ltr' id='par_1_112' title="bbox 2186 5459 3689 5531">
     <span class='ocr_line' id='line_1_114' title="bbox 2186 5459 3689 5531; baseline 0.001 -18"><span class='ocrx_word' id='word_1_868' title='bbox 2186 5459 2434 5531; x_wconf 62' lang='lat' dir='ltr'><strong>(&#39;8)_Sie_</strong></span> <span class='ocrx_word' id='word_1_869' title='bbox 2457 5471 2662 5527; x_wconf 78' lang='lat' dir='ltr'><strong>septem</strong></span> <span class='ocrx_word' id='word_1_870' title='bbox 2698 5476 2835 5531; x_wconf 74' lang='lat' dir='ltr'><strong>mss.</strong></span> <span class='ocrx_word' id='word_1_871' title='bbox 2860 5470 2971 5514; x_wconf 87' lang='lat' dir='ltr'><strong>tum</strong></span> <span class='ocrx_word' id='word_1_872' title='bbox 3013 5459 3115 5516; x_wconf 75' lang='lat' dir='ltr'><strong>hoc</strong></span> <span class='ocrx_word' id='word_1_873' title='bbox 3140 5459 3254 5516; x_wconf 78' lang='lat' dir='ltr'><strong>loco</strong></span> <span class='ocrx_word' id='word_1_874' title='bbox 3282 5476 3396 5516; x_wconf 87' lang='lat' dir='ltr'><strong>tum</strong></span> <span class='ocrx_word' id='word_1_875' title='bbox 3413 5461 3689 5531; x_wconf 83' lang='lat' dir='ltr'><strong>aliquanto</strong></span> 
     </span>
    </p>
   </div>
   <div class='ocr_carea' id='block_1_113' title="bbox 2113 5528 3682 5603">
    <p class='ocr_par' dir='ltr' id='par_1_113' title="bbox 2113 5528 3682 5603">
     <span class='ocr_line' id='line_1_115' title="bbox 2113 5528 3682 5603; baseline 0.001 -21"><span class='ocrx_word' id='word_1_876' title='bbox 2113 5528 2253 5597; x_wconf 63' lang='lat' dir='ltr'><strong>poSl.</strong></span> <span class='ocrx_word' id='word_1_877' title='bbox 2278 5528 2437 5603; x_wconf 20' lang='lat' dir='ltr'><strong>’Etiiti</strong></span> <span class='ocrx_word' id='word_1_878' title='bbox 2467 5545 2595 5603; x_wconf 38' lang='lat' dir='ltr'><strong>vero</strong></span> <span class='ocrx_word' id='word_1_879' title='bbox 2619 5539 2672 5581; x_wconf 83' lang='lat' dir='ltr'><strong>cl</strong></span> <span class='ocrx_word' id='word_1_880' title='bbox 2876 5531 3315 5603; x_wconf 64' lang='lat' dir='ltr'><strong>xapolav._llatutl</strong></span> <span class='ocrx_word' id='word_1_881' title='bbox 3359 5528 3516 5603; x_wconf 67' lang='lat' dir='ltr'><strong>longe</strong></span> <span class='ocrx_word' id='word_1_882' title='bbox 3551 5551 3682 5585; x_wconf 78' lang='lat' dir='ltr'><strong>mss.</strong></span> 
     </span>
    </p>
   </div>
   <div class='ocr_carea' id='block_1_114' title="bbox 2113 5597 3221 5670">
    <p class='ocr_par' dir='ltr' id='par_1_114' title="bbox 2113 5597 3221 5670">
     <span class='ocr_line' id='line_1_116' title="bbox 2113 5597 3221 5670; baseline 0 -17"><span class='ocrx_word' id='word_1_883' title='bbox 2113 5609 2317 5668; x_wconf 84' lang='lat' dir='ltr'><strong>septem</strong></span> <span class='ocrx_word' id='word_1_884' title='bbox 2344 5597 2510 5651; x_wconf 80' lang='grc' dir='ltr'>αὐτοῦ</span> <span class='ocrx_word' id='word_1_885' title='bbox 2534 5600 2653 5670; x_wconf 87' lang='grc' dir='ltr'>τήν.</span> <span class='ocrx_word' id='word_1_886' title='bbox 2697 5601 2835 5655; x_wconf 77' lang='lat' dir='ltr'><strong>Editi</strong></span> <span class='ocrx_word' id='word_1_887' title='bbox 2870 5597 2996 5657; x_wconf 75' lang='lat' dir='ltr'><strong>vero</strong></span> <span class='ocrx_word' id='word_1_888' title='bbox 3024 5600 3221 5655; x_wconf 75' lang='grc' dir='ltr'>αὐτῶν.</span> 
     </span>
    </p>
   </div>
  </div>
