4016 6220
386 290 486 343 481

1554 292 1839 348 HOMILIA
1876 293 1943 349 IN
1982 293 2311 351 PSALMUM
2353 297 2485 355 LXI.

3531 303 3635 359 482

387 406 760 477 ραμείὸεσθαι.
809 407 1018 478 Ὥσπερ
1065 408 1307 477 ποταμὸς
1350 410 1440 479 ἀφ’
1492 412 1696 482 ὑψηλοῦ
1732 414 1931 485 φερόμε

2065 415 2131 470 iis
2163 416 2378 483 quidem
2410 415 2502 484 qui
2548 416 2613 469 ad
2645 417 2815 486 ripam
2873 425 3053 472 astant
3099 416 3513 488 appropinquat,
3537 420 3630 472 sed
3681 496 3687 504 .

384 514 472 560 νος
499 496 706 565 ἐγγίζει
760 497 861 567 μὲν
887 502 997 559 τοῖς
1027 500 1337 570 παρεστῶσι
1387 505 1452 572 τῇ
1499 504 1654 577 ὄχθῃ,
1714 506 1849 575 ὁμοῦ
1904 506 1960 559 δὲ

382 587 575 657 ἥψατο,
613 589 705 641 καὶ
727 589 888 652 εὐθὺς
923 590 1298 663 ἀνεχώρησενδ
1327 592 1467 647 οὑτω
1490 597 1581 648 καὶ
1608 597 1640 667 ή
1674 598 1766 649 τοῦ
1795 598 1957 650 πλοὺ-

382 697 476 731 του
505 678 722 731 εὐκολία
760 677 1023 752 ὀξυτάτην
1046 683 1156 753 ἔχει
1188 686 1281 736 καὶ
1312 685 1602 757 ὀλισθηρὰν
1631 688 1726 758 τὴν
1754 706 1957 760 παρου-

384 767 525 829 σίαν,
588 767 777 831 ἄλλους
836 769 892 834 ἐξ
942 770 1114 824 ἄλλων
1177 774 1611 844 παραμείϐεσθαι
1664 780 1952 846 πεφυκυῖα.

389 858 636 928 Σήμερον
683 859 835 911 τοῦδε
878 860 907 911 6
961 860 1130 934 ἀγρὸς
1190 862 1320 932 (99),
1379 865 1473 916 καὶ
1506 865 1692 934 αὔριον
1744 868 1951 939 ἑτέρου,

380 948 475 1000 καὶ
551 951 664 1019 μετ’
720 948 897 1017 ὀλίγον
975 951 1155 1007 ἄλλου.
1240 954 1566 1024 Ἀπόϐλεψον
1647 958 1782 1029 πρὸς
1856 960 1954 1024 τὰς

392 1042 451 1093 ὲν
514 1044 579 1111 τῇ
651 1041 799 1094 πόλει
864 1043 1060 1107 οἰκίας,
1128 1045 1271 1099 πόσα
1318 1048 1441 1118 ⁴ήδη,
1488 1050 1578 1116 ἀφ’
1621 1045 1680 1103 οὗ
1728 1051 1952 1119 γεγόνα-

384 1148 488 1195 σιν,
546 1131 784 1202 ὀνόματα
832 1133 1238 1205 μετειλήφασιν,
1282 1137 1467 1191 ἄλλοτε
1518 1142 1614 1193 ἀπ’
1646 1141 1803 1195 ἄλλου
1844 1143 1951 1196 τῶν

384 1222 734 1291 κεκτημένων
775 1222 1193 1295 ὀνομαζόμεναι.
1222 1228 1332 1281 Καὶ
1369 1230 1566 1300 χρυσὸς
1608 1233 1695 1285 ἀεὶ
1728 1232 1825 1297 τὰς
1855 1234 1948 1287 τοῦ

376 1310 588 1381 ἔχοντος
613 1316 798 1383 χεῖρας
841 1314 1128 1387 διαρρέων,
1164 1319 1248 1386 ἐφ’
1278 1319 1463 1390 ἕτερον
1493 1324 1820 1392 μεταϐαίνει,
1857 1328 1948 1379 καὶ

376 1404 469 1456 ἀπ’
500 1405 705 1456 ἐκείνου
749 1405 885 1477 πρὸς
933 1407 1110 1461 ἄλλον.
1160 1408 1378 1463 Μᾶλλον
1412 1412 1658 1467 δύνασαι
1694 1414 1835 1487 ὕδωρ
1879 1419 1943 1487 τῇ

374 1496 515 1565 χειρὶ
542 1495 852 1567 περιλαϐὼν
880 1502 1192 1569 κατασχεῖν,
1228 1501 1259 1571 ἢ
1294 1503 1523 1556 πλοῦτον
1557 1505 1767 1575 σεαυτῷ
1796 1507 1946 1580 διαρ-

2060 506 2219 560 simul
2271 516 2327 559 ut
2377 508 2619 577 contigit,
2658 511 2841 564 statim
2876 511 3081 564 secedit
3121 532 3133 563 :
3180 511 3251 563 ita
3303 511 3465 564 etiam
3498 510 3633 563 divi-

2061 596 2254 649 tiarum
2298 597 2618 651 instabilitas
2667 599 3061 653 velocissimam
3092 592 3467 670 lubricamque
3495 616 3631 668 prae-

2057 687 2283 740 sentiam
2314 687 2490 749 habet,
2512 688 2647 742 alios
2673 705 2738 742 ex
2770 691 2891 744 aliis
2917 701 3224 759 permutare
3267 692 3629 747 solita.Hodie

2056 776 2216 845 hujus
2268 786 2351 833 est
2388 793 2535 848 ager,
2581 795 2702 834 cras
2744 783 2987 849 alterius,
3020 794 3073 835 et
3111 783 3269 851 paulo
3302 794 3423 853 post
3468 784 3625 841 alius.

2054 866 2285 937 Respice
2326 869 2390 921 ad
2438 869 2671 922 civitatis
2716 871 2945 938 domos;
2977 880 3105 940 quot
3144 872 3255 938 jam
3294 874 3537 939 nomina,
3562 889 3625 927 ex

2053 975 2161 1028 quo
2192 969 2484 1014 exstructae
2514 971 2662 1024 sunt,
2695 976 2973 1030 accepere,
3001 962 3156 1017 aliter
3190 964 3257 1017 ab
3283 965 3390 1018 alio
3415 978 3628 1032 posses-

2053 1066 2175 1106 sore
2202 1050 2496 1120 appellatae.
2517 1051 2654 1118 Quin
2684 1054 2845 1106 etiam
2874 1068 3062 1107 aurum
3087 1070 3297 1122 semper
3323 1071 3355 1111 e
3382 1044 3627 1110 manibus

2050 1140 2191 1211 ejus,
2218 1156 2378 1210 quem
2411 1155 2578 1210 penes
2609 1152 2714 1205 est,
2750 1142 2991 1210 elabens,
3026 1145 3095 1197 ad
3136 1145 3362 1199 alterum
3406 1149 3621 1211 transit,

2049 1242 2104 1284 et
2134 1232 2202 1284 ab
2246 1232 2334 1286 illo
2369 1233 2435 1285 ad
2484 1233 2671 1287 alium.
2705 1232 3164 1303 Comprehensam
3208 1251 3370 1290 manu
3424 1252 3619 1306 aquam

2049 1319 2260 1375 facilius
2286 1322 2460 1391 possis
2493 1324 2789 1388 continere,
2809 1340 2970 1393 quam
3003 1325 3218 1381 divitias
3252 1327 3346 1381 tibi
3367 1337 3625 1385 constan-

2049 1421 2130 1465 ter
2157 1427 2396 1467 servare.
2425 1411 2604 1479 Quare
2628 1424 2772 1469 recte
2802 1417 3007 1471 dictum
3048 1427 3132 1472 est
3165 1434 3179 1469 :
3205 1418 3501 1474 Divitite'si
3541 1407 3623 1490 ἇῙ-

2044 1504 2232 1571 Ῑιιιαηι,
2263 1502 2422 1557 nolite
2450 1520 2541 1556 eor
2560 1521 2834 1573 apponere.
2854 1505 2930 1561 Ne
2963 1507 3028 1561 iis
3049 1508 3124 1563 sis
3154 1510 3336 1565 animo
3371 1511 3617 1567 deditus:

373 1586 485 1650 κῶς
525 1590 879 1661 συπηρῆσαι.
933 1592 1130 1656 Καλῶς
1181 1590 1274 1650 οὖν
1324 1596 1538 1668 εἴρηται
1567 1598 1647 1661 τὸ,
1676 1600 1931 1665 Πλοῦτος

2044 1595 2137 1648 sed
2167 1595 2233 1649 de
2264 1595 2396 1662 ipsis
2430 1595 2771 1650 commodum
2801 1610 2954 1666 cape,
2986 1613 3091 1653 non
3118 1598 3241 1654 illas
3269 1600 3417 1657 velut
3450 1618 3615 1657 unum

371 1676 479 1730 ἐὰν
490 1677 623 1746 ῥέῃ,
646 1678 730 1747 μὴ
754 1682 1149 1747 προστίθεσθε
1170 1684 1404 1752 καρδίᾳ,
1441 1688 1531 1757 Μὴ
1561 1691 1626 1758 τῇ
1665 1689 1807 1759 ψυχῇ
1848 1706 1931 1741 σοι

2044 1687 2333 1755 quodpiam
2358 1688 2556 1741 bonum
2595 1688 2892 1757 impensius
2922 1688 3169 1759 diligens,
3198 1699 3290 1744 aut
3319 1692 3615 1759 admirans,

371 1770 692 1844 προσπάθῃς
712 1788 725 1802 ο
762 1771 896 1824 ἀλλά
931 1773 994 1825 τὸ
1025 1774 1119 1827 ἀπ’
1144 1776 1309 1829 αὑτοῦ
1330 1779 1596 1849 χρήσιμον
1618 1781 1931 1851 καταδέχου,

2039 1778 2131 1831 sed
2156 1792 2340 1831 earum
2366 1776 2682 1832 famulatum
2718 1786 2969 1848 tanquam
2994 1782 3408 1837 instrumentum
3447 1786 3617 1853 quod-

372 1862 446 1932 μή
477 1860 552 1924 ὡς
582 1862 640 1914 ἓν
681 1880 734 1915 τι
771 1864 879 1917 τῶν
917 1865 1135 1933 ἀγαθῶν
1184 1867 1550 1939 ὑπεραγαπῶν
1596 1871 1689 1921 καὶ
1724 1869 1936 1941 θαυμά-

369 1954 498 2017 ζων,
537 1954 650 2007 ἀλλ’
680 1955 754 2035 ὡς
786 1957 1081 2029 ὀργανικὴν
1109 1959 1274 2012 αὑτοῦ
1309 1962 1406 2030 τὴν
1428 1962 1731 2032 ὑπηρεσίαν
1761 1966 1937 2035 αἱρού-

370 2061 547 2114 μενος.
589 2029 950 2116 Εἶττίὲπάγει
977 2053 1109 2102 πᾶσι
1149 2054 1260 2115 τοῖς
1294 2029 1604 2124 εἰρημένοις
1640 2029 1933 2125 ἀπόφασιν,

367 2138 545 2190 οὐκέτι
592 2139 736 2191 ἰδίων
763 2141 1045 2210 ῥημάτων,
1088 2142 1202 2196 ἀλλ’
1238 2144 1305 2213 ἢν
1356 2147 1484 2215 παρ’
1526 2147 1691 2200 αὑτοῦ
1733 2150 1933 2219 ήκουσε

370 2229 457 2281 τοῦ
504 2230 659 2283 Θεοῦ.
708 2232 895 2297 ’Ἃπαξ
949 2234 1080 2303 γὰρ,
1132 2235 1315 2307 φησὶν,
1365 2237 1671 2306 ἐλάλησεν
1707 2243 1738 2292 ὁ
1765 2241 1930 2309 Θεὸς,

365 2319 471 2373 δύο
493 2321 678 2375 ταῦτα
698 2322 951 2391 ἤκουσα.
986 2327 1096 2379 Καὶ
1136 2327 1337 2397 μηδένα
1366 2331 1689 2401 ταρασσέτω
1719 2332 1794 2393 ὡς
1825 2350 1931 2386 πα-

367 2412 583 2481 ράδοξον
621 2415 684 2467 τὸ
713 2417 1021 2488 εἰρημένον,
1058 2418 1175 2481 πῶς
1208 2422 1237 2472 6
1270 2422 1367 2490 μὲν
1403 2422 1533 2485 Θεὸς
1567 2422 1711 2490 ἅπαξ
1741 2426 1933 2498 ἐλάλη-

364 2520 473 2567 σεν,
506 2508 534 2558 ὁ
565 2506 622 2558 δὲ
651 2509 945 2578 Προφήτης
985 2510 1077 2562 δύο
1112 2511 1331 2580 ἢκουσε.
1367 2514 1600 2566 Δυνατὸν
1637 2514 1744 2586 γὰρ
1786 2517 1931 2585 ἅπαξ

365 2596 464 2664 μέν
487 2614 607 2650 τινα
640 2596 887 2670 λαλῆσαι,
924 2603 979 2653 ὲν
1004 2600 1059 2653 δὲ
1093 2601 1169 2671 τῷ
1202 2602 1350 2666 ἆπαξ
1375 2604 1542 2658 πολλά
1566 2601 1704 2658 εἶναι
1735 2607 1803 2659 τὰ
1835 2609 1931 2662 λα-

364 2686 613 2757 ληθέντα.
652 2690 969 2760 Ἀνθρωπος
1002 2695 1109 2763 γάρ
1156 2712 1258 2758 τις,
1311 2696 1584 2767 συντυχὼν
1614 2714 1716 2750 τινι
1762 2698 1928 2764 ἅπαξ,

364 2780 493 2849 περὶ
523 2780 732 2834 πολλῶν
757 2782 1001 2856 διελέχθη
1024 2802 1036 2815 ·
1074 2787 1166 2839 καὶ
1194 2787 1414 2842 δύναται
1437 2790 1466 2840 6
1492 2790 1729 2853 ἀκούσας
1763 2792 1927 2844 αὑτοῦ

362 2868 468 2921 τῶν
496 2873 754 2942 ῥημάτων
795 2877 968 2927 εἰπεῖν
994 2877 1097 2943 ὅτι,
1125 2878 1303 2941 ’Ἃπαξ
1352 2881 1449 2950 μέν
1487 2898 1577 2949 μοι
1606 2882 1925 2950 ἐφθέγξατο,

362 2964 490 3032 περὶ
529 2964 737 3016 πολλῶν
786 2964 843 3017 δὲ
886 2967 1132 3036 ὲλάλησε.
1169 2970 1339 3024 Τοῦτό
1368 2974 1481 3024 ἐστι
1529 2973 1589 3026 τὸ
1640 2976 1927 3045 εἰρημένον

361 3053 452 3105 νῦν
478 3072 490 3085 ·
528 3054 588 3108 Ἢ
616 3056 713 3126 μὲν
746 3058 880 3111 Θεοῦ
911 3062 1198 3130 ἐπιφάνεια
1232 3064 1377 3131 ἅπαξ
1414 3083 1500 3134 μοι
1521 3066 1729 3135 γέγονε,
1756 3069 1848 3122 δύο
1869 3070 1927 3122 δὲ

362 3143 660 3215 πράγματά
680 3148 825 3200 ἐστιν
863 3148 898 3202 ἃ
927 3151 1202 3221 ἐλάλησεν.
1237 3155 1349 3206 Οὑκ
1390 3152 1569 3211 εἶπενυ
1613 3159 1709 3210 Ἕν
1737 3158 1929 3229 ἐλάλη-

362 3252 452 3287 σεν
484 3237 511 3287 6
536 3237 684 3304 Θεὸς,
719 3239 810 3291 δύο
841 3240 895 3293 δὲ
920 3243 1091 3296 ταῦτα
1118 3246 1326 3314 ἤκουσα
1345 3263 1359 3275 °
1390 3248 1530 3300 οὑτω
1564 3248 1672 3321 γὰρ
1698 3249 1763 3303 ἂν
1783 3250 1927 3315 ἔδοξέ

359 3342 477 3377 τινα
499 3327 641 3396 ἔχειν
670 3332 697 3381 6
727 3329 881 3397 λόγος
910 3333 1045 3403 πρὸς
1078 3335 1267 3388 ἑαυτὸν
1296 3336 1630 3394 ἐναντίωσιν.
1670 3339 1803 3393 Τίνα
1834 3338 1928 3395 οὖν

359 3411 425 3485 ἦν
452 3417 519 3470 τά
546 3418 637 3470 δύο
658 3419 692 3472 ἃ
711 3419 785 3490 (1)
814 3422 1074 3491 ἧκουσεν;
1108 3426 1248 3493 Ὅτι,
1279 3428 1350 3479 Τὸ
1380 3427 1595 3495 κράτος
1625 3430 1730 3483 τοῦ
1758 3432 1925 3496 Θεοῦ,

358 3508 456 3560 καὶ
505 3509 644 3574 σοῦ,
674 3512 871 3579 Κύριε,
912 3514 979 3566 τὸ
1027 3517 1218 3581 ἕλεος.
1249 3518 1370 3570 Ὅτι
1398 3518 1638 3586 δυνατὸς,
1675 3522 1859 3591 φησιν,
1898 3522 1928 3575 6

358 3599 489 3663 Θεὸς
517 3604 575 3655 ὲν
616 3606 681 3673 τῇ
713 3605 911 3674 κρίσει,
947 3608 1038 3659 καὶ
1070 3610 1097 3660 6
1125 3609 1284 3673 αὑτὸς
1326 3611 1588 3682 ἐλεήμων.
1634 3615 1786 3686 Μήτε
1833 3611 1926 3669 οὖν

358 3692 603 3755 ἐλπίζετε
631 3694 715 3745 ἐπ’
744 3695 974 3759 ἀδικίαν,
1001 3699 1137 3769 μήτε
1171 3700 1383 3772 πλούτῳ
1418 3704 1793 3774 προστίθεσθε,
1831 3709 1928 3779 μή-

356 3799 414 3834 τε
454 3784 691 3853 αἱρεῖσθε
721 3788 1072 3857 ματαιότητα,
1120 3792 1259 3861 μήτε
1295 3793 1354 3845 τὸ
1384 3794 1483 3863 τῆς
1526 3795 1704 3866 ψυχῆς
1736 3800 1925 3870 κριτή-

361 3891 472 3945 ριον
507 3874 895 3947 διεφθαρμένον
926 3882 1267 3953 περιφέρετε.
1299 3885 1510 3947 Εἰδότες
1544 3886 1643 3956 (2),
1678 3890 1759 3940 ὅτι
1793 3907 1928 3959 κρα-

354 3968 504 4031 ταιὸς
529 3971 560 4040 ἡ
571 3969 685 4039 μῶν
712 3972 740 4023 6
776 3971 1068 4043 Δεσπότης,
1106 3973 1376 4045 φοϐήθητε
1406 3976 1568 4028 αὑτοῦ
1591 3978 1651 4029 τὸ
1684 3979 1921 4049 ἰσχυρὸν,

355 4063 448 4112 καὶ
494 4061 569 4131 μὴ
622 4062 905 4131 ἀπογνῶτε
949 4064 1113 4117 αὑτοῦ
1158 4066 1258 4136 τῆς
1299 4066 1721 4138 φιλανθρωπίας.
1782 4071 1923 4142 Πρὸς

359 4152 457 4221 μὲν
483 4149 574 4206 οὖν
604 4153 664 4206 τὸ
704 4155 777 4225 μὴ
813 4155 1039 4220 ἀδικεῖν,
1069 4156 1273 4225 ἀγαθὸς
1294 4158 1322 4209 6
1350 4158 1514 4227 φόόος
1534 4176 1547 4189 ο
1585 4161 1720 4231 πρὸς
1743 4161 1799 4214 δὲ
1833 4162 1922 4217 τὸν

357 4243 504 4310 ama
528 4246 606 4307 εἰς
634 4246 907 4317 ἁμαρτίαν
943 4247 1302 4319 ὁλισθήσαντα
1334 4250 1407 4321 μὴ
1448 4251 1635 4303 ἑαυτὸν
1662 4252 1921 4323 προέσθαι

354 4335 442 4387 διὰ
471 4336 569 4405 τῆς
593 4335 958 4401 ἀνελπιστίας,
999 4338 1175 4409 ἀγαθὴ
1212 4341 1244 4409 ή
1284 4339 1436 4403 ἐλπὶς
1468 4340 1561 4393 τοῦ
1607 4341 1806 4405 ἐλέους.
1850 4344 1923 4397 Τὸ

2040 1870 2161 1924 dam
2213 1869 2524 1925 admittens.
2552 1870 2756 1925 Deinde
2791 1870 2878 1925 his
2911 1871 3071 1927 dictis
3121 1873 3372 1930 omnibus
3398 1884 3618 1932 senten-

2040 1960 2165 2013 tiam
2180 1960 2382 2025 subdit,
2410 1976 2513 2015 non
2531 1975 2599 2014 ex
2633 1962 2748 2016 suis
2777 1961 2944 2031 ipsius
2969 1962 3147 2016 verbis
3168 1963 3613 2033 adornatam,sed

2036 2067 2195 2121 quam
2225 2053 2293 2107 ab
2326 2053 2442 2120 ipso
2475 2053 2584 2107 Deo
2616 2054 2835 2107 audivit.
2855 2051 3016 2108 Vens.
3037 2055 3124 2108 l2.
3149 2052 3319 2109 Semel
3342 2057 3499 2123 enim,
3528 2057 3611 2111 in-

2035 2145 2168 2212 quit,
2188 2144 2390 2197 locutus
2406 2152 2479 2197 est
2502 2142 2663 2207 Deus,
2683 2144 2787 2196 duo
2810 2143 2921 2196 haec
2946 2145 3139 2197 audivi.
3158 2144 3267 2199 Nec
3288 2159 3609 2215 quemquam

2035 2234 2138 2288 hoc
2169 2235 2373 2288 dictum
2425 2233 2579 2303 quasi
2627 2233 2959 2297 paradoxum
3004 2233 3299 2301 perturbet,
3340 2237 3611 2303 quomodo

2034 2325 2176 2379 Deus
2188 2325 2402 2393 quidem
2422 2324 2588 2381 semel
2607 2326 2812 2380 locutus
2829 2326 2870 2378 si
2882 2323 3188 2393 t,Proplieta
3203 2340 3330 2381 vero
3342 2327 3447 2381 duo
3459 2329 3611 2381 audi-

2034 2415 2192 2471 verit.
2218 2415 2363 2470 Fieri
2393 2416 2535 2470 enim
2569 2424 2747 2484 potest
2774 2425 2827 2469 ut
2857 2414 2978 2483 quis
3005 2415 3171 2468 semel
3201 2415 3409 2470 locutus
3434 2418 3527 2479 sit,
3547 2428 3609 2472 et

2032 2507 2172 2561 inter
2199 2507 2367 2562 semel
2393 2507 2715 2577 loquendum
2746 2508 2889 2562 dicta
2911 2506 3020 2561 sint
3052 2507 3241 2560 multa.
3281 2506 3415 2561 Nam
3443 2509 3605 2563 homo

2032 2598 2321 2668 quispiam,
2352 2597 2519 2653 semel
2566 2613 2688 2653 cum
2723 2598 2904 2667 aliquo
2949 2613 3296 2667 congressus,
3325 2600 3391 2655 de
3420 2602 3605 2657 multis

2032 2691 2288 2745 disseruit
2308 2706 2321 2756 ;
2341 2691 2411 2744 ita
2442 2691 2534 2760 qui
2564 2690 2731 2759 ipsius
2757 2689 2920 2744 verba
2949 2691 3171 2758 audivit,
3199 2700 3374 2760 potest
3394 2694 3602 2748 dicere:

2033 2780 2219 2837 Semet
2244 2784 2461 2850 quidem
2493 2796 2577 2837 me
2611 2781 2877 2837 allocutus
2905 2791 3009 2846 est,
3036 2783 3130 2836 sed
3175 2784 3241 2837 de
3275 2784 3455 2839 multis
3498 2800 3607 2841 ser.

2030 2887 2244 2927 monem
2300 2873 2509 2928 habuit.
2550 2872 2661 2927 Hoc
2686 2882 2788 2937 est,
2840 2873 2983 2942 quod
3028 2875 3186 2929 modo
3219 2876 3418 2930 dictum
3451 2876 3549 2931 fuit
3585 2899 3600 2935 :

2028 2963 2157 3019 Mihi
2207 2964 2422 3033 quidem
2475 2962 2643 3017 semel
2694 2964 2940 3032 apparuit
2994 2964 3155 3029 Deus,
3205 2967 3300 3020 sed
3353 2982 3439 3021 res
3483 2971 3600 3023 duae

2028 3063 2172 3119 sunt,
2201 3069 2338 3123 quas
2375 3053 2530 3108 dixit.
2561 3052 2676 3109 Non
2707 3054 2783 3106 ait
2824 3068 2839 3105 :
2874 3054 3050 3108 Unum
3081 3054 3288 3109 locutus
3322 3067 3405 3111 est
3434 3056 3597 3123 Deus,

2029 3157 2083 3201 et
2111 3155 2288 3199 tanien
2320 3146 2438 3199 haec
2466 3145 2571 3197 duo
2604 3142 2783 3198 audivi
2814 3161 2828 3210 ;
2857 3144 2937 3198 sic
2969 3145 3112 3198 enim
3142 3161 3320 3201 sermo
3346 3152 3602 3215 quodam-

2027 3236 2191 3290 modo
2218 3250 2397 3290 secum
2415 3248 2651 3303 pugnare
2671 3233 2962 3287 videretur.
2978 3233 3107 3299 Qua:
3130 3236 3289 3304 igitur
3311 3248 3463 3291 erant
3491 3242 3597 3293 duo

2030 3324 2144 3378 hazc
2165 3338 2286 3392 qum
2314 3322 2556 3377 audivit?
2580 3320 2825 3376 Potestas
2848 3321 2946 3375 Dei
2976 3333 3074 3388 est,
3103 3332 3277 3393 (νεεδ.
3297 3326 3386 3399 15)
3410 3337 3459 3382 et
3486 3340 3597 3392 tua,

2028 3419 2250 3473 Domine
2274 3462 2288 3486 ,
2322 3418 2702 3473 misericordia.
2744 3416 2915 3478 Deus,
2955 3418 3150 3486 inquit,
3190 3429 3378 3488 potens
3421 3423 3471 3475 in
3514 3423 3604 3489 ju-

2029 3510 2194 3573 dicio,
2248 3518 2303 3563 et
2349 3508 2489 3561 idem
2520 3507 2849 3561 misericors.
2884 3506 3067 3575 Neque
3099 3508 3261 3575 igitur
3302 3520 3514 3578 sperate
3547 3514 3601 3565 in

2029 3603 2332 3670 iniquitate,
2373 3614 2549 3669 neque
2585 3597 2788 3653 divitiis
2821 3600 3018 3654 addicti
3061 3609 3255 3666 estote,
3282 3615 3457 3672 neque
3480 3619 3598 3656 am-

2027 3691 2339 3761 plectamini
2379 3690 2695 3755 vanitatem,
2729 3704 2901 3758 neque
2922 3690 3089 3743 animi
3112 3690 3373 3759 judicium
3408 3707 3601 3747 corru-

2026 3797 2174 3855 ptum
2207 3782 2570 3838 circumferte.
2591 3782 2879 3835 Dominum
2909 3792 3151 3837 nosuum
3184 3792 3453 3851 potentem
3482 3798 3599 3839 esse

2026 3892 2148 3930 cum
2194 3890 2301 3928 non
2356 3872 2634 3942 ignoretis,
2671 3873 2855 3925 timete
2908 3870 3025 3941 ejus
3076 3871 3465 3938 fortitudinem,
3498 3890 3598 3929 nec

2026 3972 2208 4018 tamen
2233 3965 2533 4033 desperetis
2560 3963 2627 4018 de
2669 3962 2837 4033 ipsius
2876 3961 3229 4030 benignitate.
3269 3962 3335 4017 Et
3380 3965 3594 4034 quidem

2024 4060 2196 4112 bonus
2228 4065 2312 4111 est
2363 4057 2543 4119 timor,
2593 4065 2652 4109 ut
2694 4071 2759 4108 ne
2792 4054 2921 4124 quid
2977 4056 3322 4111 admittamus
3374 4057 3539 4126 iuiqui
3579 4077 3592 4113 :

2024 4160 2146 4216 spes
2177 4162 2309 4202 vero
2355 4146 2737 4201 misericordiae
2783 4146 2923 4200 bona
2954 4156 3055 4213 est,
3090 4156 3147 4199 ut
3188 4163 3255 4202 ne
3306 4148 3397 4217 qui
3431 4149 3598 4203 semel

2025 4242 2078 4295 in
2119 4249 2400 4310 peccatum
2450 4238 2730 4308 prolapsus
2761 4246 2860 4301 est,
2910 4236 3110 4305 seipse
3134 4252 3230 4306 per
3263 4240 3596 4307 desperatio-

2025 4349 2147 4389 nem
2196 4333 2407 4402 perdat.
2448 4330 2583 4384 Nam
2631 4330 2723 4383 Dei
2771 4342 2854 4384 est
2891 4338 3148 4398 potestas,
3179 4339 3234 4382 et
3263 4330 3329 4384 ab
3365 4332 3479 4400 ipso
3516 4342 3597 4385 est

357 4424 463 4495 γὰρ
504 4425 703 4494 κράτος
730 4424 821 4477 τοῦ
852 4426 1007 4489 Θεοῦ,
1044 4427 1137 4478 καὶ
1178 4428 1305 4497 παρ’
1338 4428 1503 4480 αὑτοῦ
1541 4429 1614 4498 (5)
1650 4429 1710 4481 τὸ
1751 4429 1916 4493 ἕλεος.

2033 4424 2423 4479 misericordia.
2450 4420 2587 4486 Quia
2618 4432 2674 4474 tu
2707 4422 2887 4475 reddes
2923 4421 3202 4488 unicuique
3246 4422 3399 4486 iuxta
3442 4438 3594 4490 opera

358 4517 479 4569 Ὅτι
516 4515 597 4568 σὺ
639 4515 967 4582 ἀποδώσεις
999 4516 1232 4585 ἑκάστῳ
1262 4520 1410 4573 κατὰ
1441 4520 1514 4573 τὰ
1538 4521 1684 4590 ἔργα
1712 4522 1918 4576 αὐτοῦ.

378 4603 429 4677 ῼ
466 4607 576 4675 γὰρ
608 4608 801 4676 μέτρῳ
832 4610 1111 4675 μετρεῖτε,
1157 4611 1717 4679 ἀντιμετρηθήσεται
1758 4615 1916 4684 ὑμῖν.

360 4698 616 4766 Ἐθλιψας
653 4698 744 4750 τὸν
782 4698 1045 4766 ἁδελφόν;
1090 4700 1308 4770 ἐκδέχου
1364 4702 1424 4753 τὸ
1459 4704 1588 4757 ἴσον.
1630 4705 1921 4776 Ἥρπασας

355 4786 423 4839 τὰ
451 4788 558 4840 τῶν
608 4788 1028 4859 ὑποδεεστέρων,
1074 4792 1518 4857 κατεκονδύλισας
1555 4794 1793 4867 πένητας
1820 4796 1916 4867 (4),

356 4881 698 4951 κατῄσχυνας
722 4883 779 4935 ὲν
815 4881 1120 4953 λοιδορίαις,
1156 4884 1618 4957 ἐσυκοφάντησας,
1652 4888 1919 4958 κατεψεύ-

357 4988 454 5034 σω,
509 4972 807 5043 ἀλλοτρίοις
858 4973 1251 5036 ἐπεϐοὑλευσας
1299 4976 1516 5046 γάμοις,
1547 4977 1917 5050 ὲπιώρκησας,

356 5062 478 5131 ὅρια
541 5062 791 5134 πατέρων
848 5062 1148 5134 μετέθηκας
1191 5064 1288 5131 (5),
1342 5068 1613 5135 κτήμασιν
1674 5067 1921 5139 ὀρφανῶν

354 5153 605 5221 ἐπῆλθες,
638 5155 809 5225 χήρας
836 5153 1136 5224 ὲξέθλιψας,
1164 5155 1261 5225 τὴν
1291 5157 1569 5229 παροῦσαν
1599 5158 1790 5229 ἡδονὴν
1816 5157 1923 5211 τῶν

353 5243 410 5295 ὲν
448 5244 799 5313 ἐπαγγελίαις
831 5244 1049 5313 ἀγαθῶν
1087 5247 1495 5318 προετίμησας;
1544 5249 1763 5319 ἐκδέχου
1808 5252 1926 5302 τού-

422 5337 467 5369 ⁶⁰
494 5338 678 5393 Matth.
708 5355 804 5405 vti,
834 5342 891 5394 ιι.

401 5435 535 5499 .(99)
564 5435 637 5489 Ita
674 5437 838 5492 editio
871 5436 1036 5493 Basil.
1065 5447 1121 5492 et
1148 5454 1278 5493 mss.
1311 5439 1483 5493 multi.
1530 5434 1709 5489 Editio
1742 5433 1913 5487 Paris.

351 5498 710 5583 τοῖξᾷξᾲγρός·
783 5525 794 5535 ·
1066 5577 1076 5583 _
1343 5577 1394 5583 ,,
1548 5574 1574 5583 -

423 5573 612 5654 (1)]ιιὶ
632 5586 844 5654 septem
879 5591 1008 5654 mss.
1052 5577 1131 5654 A_t_
1156 5578 1285 5654 editi
1339 5577 1431 5630 δύο
1476 5574 1648 5654 ταῦτα
1700 5573 1914 5654 δημίῳ

351 5644 479 5696 mss.
506 5645 540 5716 6
587 5645 747 5716 αὐτὸς
782 5645 1046 5716 ἐλεήμων.
1092 5647 1486 5702 Editiinverso
1527 5647 1716 5700 ordine
1761 5644 1914 5714 ἐλεή-

355 5731 471 5783 μων
493 5715 520 5765 6
546 5715 725 5777 αὑτός.

667 5808 936 5869 Parnm.
971 5809 1087 5871 Gn.
1127 5809 1358 5872 XXIX.

2020 4534 2137 4572 sua.
2168 4515 2373 4569 Etenim
2411 4531 2515 4583 qua
2541 4531 2786 4568 mensura
2827 4516 2989 4566 mensi
3034 4514 3260 4581 fueritis,
3300 4518 3597 4567 remetietur

2018 4607 2238 4663 vobis“.
2259 4606 2508 4660 Alllixisti
2532 4606 2792 4659 fratrem?
2811 4621 2909 4674 par
2935 4615 3207 4673 exspecta.
3240 4606 3479 4672 Rapuisti
3514 4607 3596 4659 in-

2018 4700 2276 4754 feriorum
2302 4699 2589 4753 facultates
2625 4716 2638 4765 ;
2673 4699 2865 4767 pugnis
2906 4712 3169 4767 pauperes
3214 4698 3373 4766 199
3398 4697 3595 4752 cecidi-

2018 4793 2118 4857 sti;
2139 4806 2234 4861 per
2254 4793 2496 4846 convicia
2522 4790 2792 4845 incussisti
2826 4791 3101 4858 pudorem,
3128 4790 3485 4844 calumniatus
3511 4805 3590 4854 es,

2018 4885 2274 4939 mentitus
2299 4898 2381 4951 es,
2409 4884 2599 4938 alienis
2632 4884 2830 4950 nuptiis
2864 4884 3068 4951 paraSti
3101 4884 3345 4945 insidias,
3377 4883 3589 4951 peiera-

2021 4977 2114 5040 sti,
2141 4976 2405 5030 terminos
2429 4984 2639 5043 patrum
2673 4974 3076 5042 transposuisti,
3110 4975 3474 5041 orplianorum
3508 4975 3593 5027 in-

2020 5067 2206 5120 vasisti
2247 5068 2613 5135 possessiones
2634 5106 2665 5131 ,.
2688 5066 2878 5119 viduas
2914 5065 3257 5134 oppressisti,
3289 5066 3441 5118 bonis
3464 5081 3594 5132 pro-

2024 5156 2201 5211 missis
2234 5157 2516 5225 przetulisti
2562 5167 2877 5226 prmsentcm
2912 5155 3275 5223 voluptatem?
3298 5154 3478 5208 Vicem
3512 5157 3593 5208 liis

2024 5250 2236 5317 dignam
2279 5259 2552 5317 exspecta.
2600 5248 2786 5315 Qualia
2822 5247 2963 5301 enim
3015 5248 3379 5315 unusquisque
3417 5249 3586 5301 86ιηί-

2097 5432 2174 5499 (9.)
2210 5431 2300 5485 Sic
2327 5443 2532 5500 septem
2573 5449 2699 5487 mss.
2735 5436 2797 5488 At
2823 5438 2948 5490 editi
2984 5436 3096 5489 ἀλλ’
3127 5437 3347 5499 εἰδότες.

2098 5503 2173 5575 (5,)
2202 5503 2431 5575 {lodices
2472 5514 2579 5557 tres
2602 5507 2729 5575 παρ’
2753 5506 2921 5575 αὐτῷ.

2096 5573 2171 5644 (fi)
2202 5572 2327 5644 δεῖς.
2357 5575 2623 5627 secundus
2648 5572 2872 5644 πένητα.

2096 5642 2171 5711 (5)
2192 5641 2515 5713 νΤίΙιιιειιηιιε
2536 5647 2711 5698 verbis
2737 5641 3148 5700 l‘i'ovcrliiorum
3171 5664 3304 5709 xxu,
3322 5646 3413 5709 98,
3439 5650 3588 5713 nsit's,

2028 5711 2138 5775 illa,
2184 5712 2307 5781 ὅρια
2346 5715 2623 5782 πατέρων,
2655 5727 2788 5781 ειε.,
2814 5717 2891 5770 sic
2921 5720 3313 5787 interpretatus
3350 5717 3540 5775 ,iutt'at
3575 5711 3590 5773 ἐ

3236 5812 3309 5870 16
