4016 6220
370 332 477 389 485

1721 314 1779 371 S.
1822 312 2073 370 BASlLll
2113 306 2331 368 MAGNI

3535 301 3660 358 εει

373 456 488 512 nat,
515 444 643 500 talia
683 449 738 499 et
785 448 951 499 metet
970 439 1038 498 ".
1067 436 1337 495 Caeterum
1368 435 1411 491 si
1444 432 1574 505 quid
1618 432 1783 488 etiam
1828 433 1956 487 boni

2075 451 2168 486 των
2200 432 2298 503 τὴν
2326 424 2735 501 ἀντιμέτρησιν.
2764 421 2866 480 Οἷα
2892 425 2999 498 γὰρ
3028 423 3241 496 σπείρει
3268 421 3518 486 ἕκαστος,
3540 439 3660 476 τοι·

375 541 473 593 abs
508 547 559 593 te
587 542 952 607 perpetratum
978 539 1084 596 est,
1115 528 1611 585 remunerationem
1640 522 1951 595 praestolare

376 632 467 687 illo
500 630 657 700 longe
691 627 971 696 majorem.
1005 623 1144 689 Quia
1171 631 1227 675 tu
1254 619 1435 674 reddes
1481 617 1758 687 unicuique
1789 616 1949 685 juxta

374 739 535 793 opera
563 737 681 775 sua.
724 715 896 785 Hujus
943 715 1229 772 sententia:
1261 711 1306 769 si
1331 725 1427 782 per
1452 722 1665 765 omnem
1696 716 1842 762 tuam
1870 706 1951 760 vi-

376 823 487 869 tam
543 811 876 877 memineris,
912 807 1076 862 multa
1124 804 1329 877 poteris
1373 801 1548 856 vitare
1592 806 1817 870 peccata
1851 813 1863 849 :
1897 797 1950 851 in

375 906 593 963 Christo
615 903 741 960 Jesu
765 901 993 959 Domino
1023 906 1231 963 nostro,
1260 894 1346 952 cui
1370 892 1541 965 gloria
1575 901 1633 948 et
1664 890 1952 962 imperium

376 998 432 1054 in
463 998 658 1055 saecula
684 995 1026 1053 saeculorum.
1061 992 1253 1046 Amen.

2057 522 2200 577 αῦτα
2250 521 2342 573 καὶ
2384 518 2612 589 θερίσει.
2664 517 2775 570 Kal.
2811 516 2991 588 μέντοι
3043 513 3140 568 καὶ
3170 513 3225 565 εἴ
3265 530 3321 564 τι
3357 510 3464 564 τῶν
3498 513 3655 579 ἀγα-

2058 611 2168 666 θῶν
2188 608 2501 684 πέπρακταί
2534 626 2639 673 σοι,
2666 607 2932 663 κάκείνων
2962 605 3181 675 ὲκδέχου
3207 601 3656 663 πολλαπλασίους

2054 702 2156 769 τὰς
2193 702 2516 765 ἀντιδόσεις.
2572 701 2701 754 Ὅτι
2728 699 2809 753 σὺ
2838 696 3173 762 ἀποδώσεις
3216 693 3448 757 ἑκάστῳ
3489 697 3655 746 κατὰ

2056 796 2313 865 fdi-5pm
2350 792 2559 847 αὐτοῦ.
2596 790 2813 862 Ταύτης
2863 788 3209 863 μεμνημένος
3264 785 3415 858 παρά
3462 786 3655 839 πάντα

2059 903 2155 941 σου
2202 886 2283 959 (6)
2314 886 2406 939 τὸν
2438 884 2553 956 βίον
2581 885 2680 956 τῆς
2720 882 3073 952 ἀποφάσεως,
3106 880 3314 951 δυνήσῃ
3360 877 3428 933 τὰ
3470 875 3656 929 πολλὰ

2064 979 2176 1035 τῶν
2213 977 2625 1060 ἁμαρτημάτων
2660 978 2961 1047 διαφυγεῖν,
3004 976 3062 1030 ὲν
3094 972 3317 1046 Χριστῷ
3356 968 3526 1042 Ἰησοῦ
3563 967 3654 1040 τῷ

375 1092 567 1164 Κυρίῳ
588 1087 766 1163 ἡμῶν,
856 1088 890 1158 ἡ
911 1080 1038 1150 δόξα
1073 1082 1249 1139 καὶτὸ
1275 1081 1477 1153 κράτος
1500 1081 1581 1142 εἰς
1608 1077 1735 1140 τοὺς
1755 1074 1958 1138 αἰῶνας
1992 1072 2101 1127 τῶν
2136 1071 2371 1127 αἰώνων.
2412 1072 2604 1143 Ἀμήν.

407 1205 3617 1251 ________________.___________________________——————

832 1312 901 1369 IN
936 1307 1266 1368 PSALMUM
1310 1304 1494 1362 CXIV.

448 1413 504 1467 1.
530 1406 855 1466 Jamdudum
884 1411 1148 1473 occupato
1179 1402 1283 1456 hoc
1303 1412 1462 1454 sacro
1492 1398 1796 1467 Martyrum
1817 1400 1960 1447 tem-

375 1505 488 1577 pio,
512 1517 542 1557 a
574 1499 750 1556 media
777 1505 936 1552 nocte
975 1495 1042 1550 ad
1084 1494 1226 1549 hanc
1257 1505 1431 1561 usque
1461 1489 1741 1545 meridiem
1793 1485 1961 1539 Deum

382 1593 722 1667 martyrumf,
765 1591 891 1646 dum
949 1585 1213 1641 adventus
1269 1590 1455 1638 uoster
1505 1585 1958 1650 exspectaretur,

384 1686 604 1761 hymnis
622 1684 838 1757 placare
862 1677 1200 1751 perrexistis.
1225 1674 1413 1745 Itaque
1430 1673 1582 1728 vobis
1611 1678 1799 1742 parata
1820 1682 1964 1723 mer-

2403 1299 2512 1351 ΕΙΣ
2544 1296 2683 1350 TON
2721 1296 2846 1348 PIA’
2874 1292 3177 1347 ‘FAAMON
3205 1291 3305 1361 (7).

2137 1394 2190 1448 i.
2234 1392 2409 1447 Πάλαι
2440 1387 2946 1463 προκαταλαϐόντες
2986 1387 3079 1441 τὸν
3123 1385 3269 1458 ἱερὸν
3308 1382 3493 1437 τοῦτον
3534 1380 3651 1435 τῶν

2065 1482 2375 1555 Μαρτύρων
2399 1482 2587 1553 σηκὸν,
2606 1482 2671 1534 ὲκ
2695 1480 2867 1551 μέσης
2892 1477 3088 1542 νυκτὸς
3105 1476 3197 1531 τὸν
3218 1475 3352 1529 Θεὸν
3376 1474 3482 1529 τῶν
3507 1491 3651 1545 μαρ-

2063 1573 2245 1646 τύρων
2286 1573 2373 1627 διὰ
2404 1572 2515 1626 τῶν
2548 1571 2732 1643 ὓμνων
2755 1569 3139 1640 ὲξιλεούμενοι,
3190 1567 3652 1638 διεκαρτερήσατε

2071 1666 2233 1738 μέχρι
2256 1665 2358 1736 τῆς
2390 1664 2740 1736 μεσημϐρίας
2774 1662 2999 1734 ταύτης,
3024 1663 3125 1734 τὴν
3157 1662 3431 1731 ἡμετέραν
3464 1658 3651 1728 ἄφιξιν

384 1749 478 1839 ces
508 1749 744 1847 esu-qui
774 1749 1077 1842 martyrum
1107 1768 1395 1831 honorem,
1432 1763 1639 1834 Deique
1671 1762 1874 1816 cultum
1908 1765 1964 1814 et

2075 1758 2450 1828 ἀναμένοντες.
2496 1757 2658 1827 Ὑμῖν
2692 1756 2789 1826 μὲν
2824 1751 2919 1809 οὖν
2960 1756 3057 1809 καὶ
3088 1753 3255 1808 ὕπνου
3282 1753 3378 1807 καὶ
3406 1749 3654 1806 ἀναπαύ-

383 1884 576 1932 somno
600 1843 688 1925 ἐ(
712 1863 880 1936 quieti
926 1858 1300 1932 praatuleritis.
1342 1855 1497 1923 Quod
1532 1855 1582 1910 si
1632 1866 1769 1923 opus
1802 1859 1888 1906 est
1911 1858 1970 1903 ut

2075 1866 2207 1913 σεως
2225 1849 2326 1921 τὴν
2354 1850 2435 1913 είς
2474 1848 2600 1912 τοὺς
2632 1848 2917 1919 μάρτυρας
2944 1845 3110 1917 τιμὴν
3137 1845 3231 1899 καὶ
3259 1844 3362 1916 τὴν
3391 1843 3484 1898 τοῦ
3511 1843 3650 1897 Θεοῦ

381 1973 628 2022 nostram
662 1958 906 2029 ipsorum
935 1950 1307 2007 defensionem
1335 1945 1720 2014 suscipiamus,
1745 1955 1967 1996 causam

382 2070 484 2114 cur
522 2063 706 2110 moras
768 2040 1281 2113 interposuerimus,
1330 2050 1536 2108 vosque
1568 2033 1970 2090 deseruerimus

381 2144 608 2209 diutius,
639 2134 833 2202 dicturi
881 2145 1071 2188 sumus
1104 2148 1118 2185 :
1160 2126 1308 2199 quod
1348 2124 1577 2179 alteram
1609 2123 1737 2178 huic
1782 2134 1967 2191 parem

385 2238 484 2294 Dei
530 2233 839 2295 ecclesiam,
860 2242 969 2285 non
1016 2218 1275 2280 mediocri
1320 2214 1605 2273 intervallo
1628 2230 1658 2268 a
1685 2212 1837 2268 vobis
1860 2212 1970 2266 dis-

381 2332 650 2403 junctam,
681 2320 1143 2379 administrantes,
1171 2309 1443 2381 ismddiei
1467 2309 1700 2377 spatium
1732 2306 1786 2360 in
1817 2304 1869 2360 id
1890 2305 1971 2361 in-.

384 2399 796 2491 sumpserimus.
824 2414 962 2469 Cum
1013 2409 1178 2480 igitur
1216 2402 1469 2461 tribuerit
1507 2399 1790 2465 Dominus,
1825 2406 1886 2452 ut
1917 2406 1972 2453 et

386 2489 526 2580 apud
561 2505 681 2560 illos
713 2498 1049 2572 impleverim
1104 2491 1463 2550 ministerium
1486 2529 1503 2554 ,
1542 2503 1645 2544 nec
1681 2489 1782 2543 sim
1808 2502 1838 2542 a
1874 2502 1970 2541 ve-

384 2578 502 2656 stra
522 2596 788 2654 charitate
826 2593 1145 2650 frustratus,
1183 2598 1396 2642 mecum
1438 2582 1686 2652 largitori
1728 2578 1971 2635 beneﬁco

385 2690 593 2761 gratias
625 2686 790 2757 agite,
817 2683 909 2753 qui
935 2682 1079 2736 hanc
1105 2690 1268 2748 quam
1295 2674 1497 2728 videtis
1522 2671 1775 2741 corporis
1798 2671 1971 2725 nostri

386 2760 717 2837 debilitatem
744 2770 1007 2830 invisibili
1036 2783 1133 2825 sua
1177 2763 1419 2836 potentia
1459 2760 1680 2818 levavit.
1711 2760 1882 2815 Porro
1907 2772 1973 2813 ne

390 2872 595 2930 diutius
626 2867 863 2923 detentis
890 2862 1047 2919 vobis
1076 2858 1249 2916 simus
1288 2853 1536 2912 molesti;
1565 2852 1655 2907 ubi
1694 2866 1865 2921 pauca
1904 2865 1973 2905 ex

339 2988 350 3000 -
388 2978 456 3019 eo
482 2959 691 3032 psalmo
721 2969 881 3027 quem
911 2954 1010 3007 vos
1057 2952 1318 3005 canentes
1360 2942 1836 3014 deprehendimus,
1864 2939 1975 2994 dis-

389 3053 741 3116 seruerimus,
774 3063 839 3103 ac
872 3045 1039 3101 verbo
1071 3038 1435 3098 consolatorio
1476 3050 1575 3105 pro
1613 3033 1815 3089 nostris
1844 3032 1974 3087 viri-

2065 1940 2320 2012 λατρείαν
2349 1939 2711 2011 προτιμῶσιν,
2741 1938 2958 2008 ἕτοιμος
2987 1937 3016 1989 6
3044 1935 3250 2007 μισθός.
3277 1935 3341 1988 Εἰ
3368 1934 3426 1988 δὲ
3453 1934 3533 1987 δεῖ
3557 1935 3653 1988 καὶ

2067 2033 2214 2103 ἡμᾶς
2250 2030 2388 2102 ὑπὲρ
2422 2029 2580 2101 ἡμῶν
2607 2029 2788 2081 αὐτῶν
2822 2026 3284 2105 ἀπολογήσασθαι,
3313 2026 3414 2096 τῆς
3449 2025 3656 2097 διατρι-

2067 2124 2171 2194 ϐῆς
2185 2123 2372 2177 ἕνεκεν
2397 2121 2607 2191 καὶτῆς
2624 2121 2717 2173 ἐπὶ
2740 2120 2991 2173 πλεῖστον
3009 2118 3349 2189 ἀπολείψεως
3374 2120 3403 2171 ὑ
3411 2118 3529 2189 μῶν
3552 2118 3652 2189 (8),

2069 2214 2302 2288 ἐροῦμεν
2337 2215 2437 2285 τὴν
2486 2214 2685 2278 αἰτίαν,
2721 2213 2803 2266 ὃτι
2839 2211 3004 2282 ἄλλην
3040 2211 3303 2283 ὁμότιμον
3349 2210 3523 2283 ταύτῃ
3557 2209 3655 2262 τοῦ

2067 2308 2204 2363 Θεοῦ
2276 2307 2574 2379 ἐκκλησίαν
2633 2304 3079 2376 οἰκονομοῦντες,
3146 2305 3247 2357 οὐκ
3299 2302 3465 2374 ὀλίγῳ
3516 2302 3656 2373 πρὸς

2069 2401 2213 2472 ὑμᾶς
2235 2399 2612 2471 διειργομένην
2749 2397 3098 2469 διαστήματι,
3124 2394 3213 2449 τὸν
3247 2395 3435 2466 χρόνον
3466 2394 3657 2447 τοῦτον

2067 2492 2169 2563 τῆς
2192 2491 2401 2563 ἡμέρας
2424 2476 2908 2559 καταναλώσαμεν.
2955 2486 3109 2540 Ἐπεὶ
3131 2480 3224 2539 οῦν
3251 2485 3451 2539 ἔδωκεν
3478 2486 3506 2538 6
3535 2483 3658 2537 Κύ-

2074 2599 2191 2654 ριος
2241 2581 2516 2643 κάκείνοις
2561 2576 2847 2649 πληρῶσαι
2882 2576 2980 2647 τὴν
3008 2575 3369 2645 λειτουργίαν,
3419 2573 3515 2627 καὶ
3581 2572 3659 2643 μὴ

2068 2674 2388 2746 διαμαρτεῖν
2414 2672 2512 2741 τῆς
2537 2671 2808 2741 ὑμετέρας
2830 2669 3070 2738 ἀγάπης,
3100 2667 3327 2720 ἀπόδοτε
3352 2665 3471 2746 μεθ’
3498 2665 3661 2736 ἡμῶν

2069 2739 2175 2838 τὴν⁷
2195 2739 2544 2835 εῦχαριστίαν
2673 2739 2957 2831 εῦεργέτῃ,
2989 2758 3067 2829 τῷ
3090 2759 3189 2829 τὴν
3218 2739 3504 2829 ὁρωμένην
3532 2755 3662 2810 rati.

2069 2874 2172 2928 την
2211 2854 2305 2909 τοῦ
2337 2853 2587 2924 σώματος
2625 2850 2784 2922 ἡμῶν
2815 2850 3101 2904 ἀσθένειαν
3141 2851 3207 2920 τῇ
3246 2848 3463 2919 ἀοράτῳ
3490 2844 3660 2900 αὐτοῦ

2070 2947 2297 3018 δυνάμει
2317 2942 2764 3016 χειραγωγοῦντι.
2798 2942 2884 3006 Ὠς
2905 2941 2971 2995 ἂν
2994 2941 3050 2994 δὲ
3070 2939 3142 3012 μὴ
3159 2941 3251 2993 ἐπὶ
3271 2939 3450 2992 πλεῖον
3477 2954 3551 2993 πα
3558 2956 3662 3011 ρα-

2070 3039 2393 3110 κατέχοντες
2429 3038 2571 3107 ὑμᾶς
2598 3034 2859 3105 ἀνιῶμεν,
2888 3032 3093 3105 βραχέα
3118 3032 3177 3099 ἐξ
3199 3024 3260 3084 οῦ
3289 3030 3662 3101 κατελάϐομεν

391 3151 487 3206 bus
513 3140 818 3215 paverimus
844 3144 1052 3192 vestras
1071 3130 1301 3193 animas,
1319 3125 1558 3197 singulos
1579 3124 1645 3178 ad
1670 3122 1969 3178 habendam

2075 3132 2334 3204 ᾀδομένου
2363 3129 2491 3199 ὑμῖν
2512 3126 2726 3197 ψαλμοῦ
2758 3123 3148 3195 διαλεχθέντες,
3176 3122 3270 3175 καὶ
3302 3120 3373 3190 τῷ
3394 3120 3537 3190 λόγῳ
3554 3119 3661 3190 τῆς

391 3214 639 3308 corporis
665 3243 849 3288 curam
891 3225 1245 3283 dimittemus.
1278 3217 1418 3284 Quid
1452 3217 1618 3287 igitur
1666 3221 1783 3268 erat
1827 3214 1971 3283 quod

392 3348 422 3387 a
455 3304 611 3385 vobis
645 3318 980 3379 cauebatur?
1008 3314 1172 3369 Vsus.
1199 3310 1467 3373 LDilexi,
1500 3305 1698 3375 inquit,
1724 3304 1973 3375 quoniam

394 3420 636 3477 exaudiet
668 3413 918 3469 Dominus
952 3422 1127 3463 vocem
1157 3399 1411 3460 orationis
1440 3413 1588 3453 mete.
1637 3396 1753 3451 Non
1796 3394 1975 3463 cujus-

396 3514 478 3569 vis
509 3518 594 3567 est
618 3508 798 3564 dicere
829 3500 1044 3558 :Dilexi
1072 3515 1093 3567 ;
1128 3498 1223 3575 sed
1258 3494 1394 3565 ejus,
1420 3491 1513 3562 qui
1552 3488 1666 3559 jam
1701 3487 1974 3558 perfectus
2019 3539 2021 3542 ί

394 3615 500 3670 est,
530 3619 595 3658 ac
637 3597 913 3657 servitutis
944 3593 1193 3647 timorem
1236 3583 1653 3656 transgreditur,
1684 3590 1846 3651 atque
1874 3579 1974 3634 ad-

394 3694 632 3769 optionis
675 3689 925 3760 spiritum
977 3683 1203 3753 adeptus
1237 3688 1342 3735 est.
1390 3678 1458 3732 Et
1494 3675 1712 3745 quidem
1739 3688 1861 3728 cum
1894 3672 1978 3726 di-

399 3766 480 3847 xit
510 3806 528 3844 :
566 3785 761 3849 Dilexi,
788 3796 897 3837 non
942 3776 1214 3849 apposuit,
1237 3786 1429 3843 quem;
1458 3768 1552 3825 sed
1601 3766 1975 3829 subaudimus,

400 3883 569 3939 Deum
597 3877 979 3932 uniuersorum.
1010 3868 1165 3936 Quod
1194 3866 1339 3921 enim
1369 3860 1587 3933 proprie
1614 3857 1848 3914 amabile
1870 3866 1975 3920 est,

401 3976 509 4031 hoc
521 3973 773 4032 Deusest;
792 3958 1226 4034 quandoquidem
1240 3970 1323 4009 am
1332 3952 1473 4009 abile
1490 3952 1541 4006 id
1554 3966 1674 4007 esse
1688 3949 1975 4015 deﬁniunt,

402 4065 546 4138 quod
580 4059 761 4117 omnia
797 4059 1074 4123 expetunt.
1128 4048 1338 4102 Bonum
1389 4051 1571 4099 autem
1614 4050 1698 4097 est
1740 4041 1900 4105 Deus,
1925 4048 1982 4094 et

402 4133 659 4232 primum,
697 4158 753 4206 et
781 4149 1050 4204 bonorum
1089 4137 1566 4211 perfectissimum.
1601 4136 1780 4205 Ipsum
1813 4133 1983 4204 igitur

403 4229 593 4312 dilexi,
619 4248 809 4308 Deum,
827 4252 1014 4296 eorum
1042 4249 1162 4305 quae
1180 4229 1477 4288 desiderari
1509 4236 1757 4299 possunt,
1789 4241 1981 4297 supre-

403 4357 586 4406 mum;
611 4346 772 4407 atque
815 4346 915 4404 pro
962 4342 1028 4385 eo
1074 4326 1173 4381 has
1204 4319 1580 4378 alllictationes
1623 4333 1745 4374 cum
1783 4317 1980 4388 gaudio

404 4433 684 4505 amplexus
713 4440 852 4484 sum.
880 4421 1009 4490 ρυω
1053 4425 1232 4473 autem
1271 4415 1381 4470 sint
1410 4412 1516 4476 hze,
1550 4409 1710 4481 paulo
1738 4416 1861 4480 post
1887 4423 1976 4463 re-

2074 3222 2474 3295 παρακλήσεως
2500 3218 2641 3274 κατὰ
2680 3217 2781 3289 τὴν
2804 3217 3114 3288 προσοῦσαν
3149 3216 3282 3285 ἡμῖν
3307 3212 3528 3282 δύναμιν
3556 3211 3663 3276 τὰς

2071 3312 2249 3384 ψυχὰς
2274 3311 2429 3383 ὑμῶν
2472 3307 2793 3381 θρέψαντες,
2822 3305 2918 3358 ἐπὶ
2948 3305 3048 3376 τὴν
3070 3302 3165 3357 τοῦ
3193 3302 3446 3374 σώματος
3466 3302 3665 3371 ἐπιμέ-

2072 3403 2221 3456 λειαν
2249 3402 2482 3455 ἕκαστον
2515 3399 2851 3469 διαφήσομεν
2885 3395 2983 3468 (9).
3022 3394 3087 3448 Τί
3132 3393 3311 3448 τοίνυν
3345 3389 3414 3464 ἦν
3444 3392 3506 3445 τὸ
3538 3392 3664 3463 ᾀδό-

2078 3510 2279 3567 μενον;
2326 3491 2652 3562 Ἠγάπησα,
2689 3489 2875 3559 φησὶν,
2932 3486 3031 3547 ὅτι,
3072 3486 3495 3540 είσακούσεται
3543 3483 3663 3537 Κύ-

2066 3603 2201 3655 ριος
2259 3583 2371 3653 τῆς
2401 3576 2610 3651 φωνῆς
2662 3578 2774 3648 τῆς
2823 3577 3086 3646 δεήσεώς
3129 3593 3268 3647 μου.
3335 3576 3408 3630 0b
3456 3574 3667 3639 παντός

2076 3681 2224 3731 ἐστιν
2253 3676 2425 3728 εἰπεῖν
2458 3671 2538 3735 τὸ,
2595 3668 2924 3739 Ἠγάπησα,
2968 3665 3107 3720 ἀλλὰ
3144 3665 3237 3718 τοῦ
3280 3663 3664 3733 τελειουμένου

2079 3767 2190 3839 (10)
2215 3766 2315 3838 ἠδη
2359 3764 2455 3819 καὶ
2486 3761 2907 3834 ὑπερϐαίνοντος
2931 3759 3023 3813 τὸν
3055 3759 3156 3827 τῆς
3180 3756 3426 3820 δουλείας
3472 3755 3664 3826 φόϐον,

2079 3861 2175 3915 καὶ
2211 3861 2269 3912 ὲν
2318 3856 2395 3929 τῷ
2422 3856 2694 3927 πνεύματι
2725 3851 3021 3924 γενομένου
3080 3851 3180 3922 τῆς
3232 3849 3531 3912 υἱοθεσίας.
3580 3849 3664 3902 Οὐ

2080 3951 2404 4023 πρόσκειται
2431 3949 2530 4020 μὲν
2560 3943 2655 4002 οὖν
2682 3946 2782 4018 τῷ,
2826 3945 3154 4014 Ἠγάπησα,
3179 3940 3260 4006 τὸ,
3286 3941 3426 3996 τινά
3448 3958 3462 3971 ο
3498 3940 3676 4012 ’προσ-Δ

2080 4039 2413 4096 υπακούεται
2447 4040 2503 4093 δὲ
2547 4039 2676 4111 παρ’
2711 4037 2867 4110 ἡμῶν
2895 4038 2999 4099 ὅτι,
3031 4036 3141 4091 τὸν
3164 4035 3313 4091 Θεὸν
3336 4032 3457 4088 τῶν
3478 4034 3665 4111 ὅθεν,
3702 4084 3705 4087 .

2080 4134 2155 4187 Τὸ
2181 4132 2290 4204 γὰρ
2323 4130 2526 4203 κυρίως
2556 4107 2860 4201 ἀγαπητὸν,
2884 4130 2913 4183 6
2943 4128 3076 4192 Θεός
3095 4145 3108 4158 ·
3124 4127 3418 4198 ἐπειδήπερ
3443 4107 3665 4197 ἀγαπη-

2081 4225 2171 4279 τὸν
2203 4225 2472 4297 ὁρίζονται
2506 4217 2669 4284 εἶναι,
2694 4214 2756 4275 οῦ
2790 4221 2968 4275 πάντα
3004 4220 3234 4289 ἐφίεται.
3284 4218 3512 4287 Ἀγαθὸν
3542 4216 3602 4271 δὲ
3635 4219 3670 4271 6

2082 4315 2214 4380 Θεὸς
2245 4316 2377 4388 (ll),
2422 4316 2518 4369 xui.
2552 4314 2769 4386 πρῶτον
2803 4314 2898 4368 καὶ
2921 4311 3256 4366 τελειότατον
3280 4310 3388 4365 τῶν
3417 4308 3663 4378 ἀγαθῶν.

2083 4409 2255 4463 Αὐτόν
2284 4427 2343 4463 τε
2371 4404 2464 4462 οῦν
2497 4408 2761 4480 ἠγάπησα
2806 4407 2897 4461 τὸν
2929 4407 3084 4471 Θεὸν,
3116 4407 3224 4461 τῶν
3257 4403 3493 4478 ὀρεκτῶν
3529 4403 3666 4457 ὄντα

407 4491 615 4585 censet.
660 4517 927 4577 Nimirum
969 4515 1356 4570 commemorat
1404 4504 1618 4561 dolores
1652 4501 1868 4568 mortis,
1897 4500 1970 4555 in-

2084 4500 2146 4555 τὸ
2177 4500 2422 4573 ἔσχατον,
2460 4503 2555 4555 καὶ
2580 4500 2649 4554 τὰ
2682 4500 2822 4554 ὑπὲρ
2855 4498 3021 4553 αὐτοῦ
3059 4497 3356 4569 παθήματα
3400 4496 3537 4569 μετὰ
3567 4511 3670 4566 χα-

482 4663 501 4695 ¹
531 4660 738 4724 Gal.vr,
764 4656 820 4713 8.

414 4784 683 4840 Termino:
717 4795 846 4851 quos
870 4780 1151 4851 posuerunt
1186 4776 1362 4840 patres
1397 4767 1476 4851 liti
1519 4774 1964 4851 “narratisque-s-

410 4834 502 4911 ἓιὶέ
520 4834 688 4912 {sed
730 4834 844 4903 'vim
870 4834 1164 4902 verborum
1187 4834 1304 4912 non
1352 4838 1494 4912 satis
1522 4834 1785 4912 exprimi_
1818 4841 1965 4912 recte

408 4901 899 4989 et'vereiudieavit
927 4911 1326 4989 eruditissimus
1350 4908 1433 4989 v_ir
1463 4901 1708 4960 Duczeus.
1746 4901 1962 4989 Etenim

414 4970 1112 5054 estV—liinlites'agris
1147 4978 1500 5054 positos__lo<_:p_
1529 4987 1783 5054 movere,
1823 4970 1968 5054 aliud

414 5043 1059 5121 eos—d—em‘deantbulando
1080 5043 1406 5119 transgredi.
1439 5043 1759 5121 Hicyidere
1786 5050 1872 5095 est
1912 5043 1966 5121 in

668 5108 1192 5185 Fat—risiensimultas
1221 5108 1587 5190 interrogandi
1612 5121 1769 5190 notas
1811 5126 1826 5163 :
1876 5108 1974 5189 se_d

417 5183 830 5261 Eiﬁ'iiﬁs‘ima
878 5210 1009 5253 mss.
1049 5190 1270 5255 nostris,
1318 5202 1411 5245 eas
1436 5183 1710 5240 'delendas
1758 5183 1978 5236 censui-

475 5291 559 5331 118.
1060 5318 1066 5331 ί

592 5336 887 5417 Οοιὺεειὶηἰ
914 5318 1121 5414 primus
1151 5335 1579 5417 etvsextus'cunt
1609 5322 1742 5392 Reg.
1784 5326 1983 5390 quarto

418 5395 736 5470 πάντασου,
762 5395 931 5463 ὓεεεί
949 5421 1042 5458 σου
1072 5403 1124 5455 ἱη
1147 5401 1303 5474 edi_l._i_s
1335 5409 1391 5474 et
1416 5396 1469 5449 in
1492 5395 1612 5474 aliis
1638 5408 1765 5474 mss.
1863 5457 1877 5474 ν

490 5464 776 5556 (iiiP—rima
803 5477 991 5556 psalmi
1016 5474 1197 5553 verba,
1228 5466 1637 5556 Ἠγάπησαζότὶι
1662 5464 1975 5556 είσακοῠσε-

418 5528 776 5622 ταί
800 5528 1553 5622 Ϊλξίεπξζᾳαρηίαηιἐπαιὶάέει
1584 5534 1861 5622 Dominus,
1895 5528 1974 5581 le-

420 5601 954 5692 gihiﬁi‘iiiéiuuone
986 5601 1282 5668 'Parisiensi
1327 5624 1340 5660 :
1398 5605 1583 5692 sedet
1631 5604 1686 5655 in
1735 5601 1977 5692 editione

422 5670 985 5747 "BQEi'IT'e'i'ihhésu-B
1010 5695 1201 5737 novem
1239 5695 1368 5732 mss.
1408 5675 1807 5747 desiderantur.
1844 5670 1971 5747 Sta-

425 5741 885 5826 (timeantur.
943 5753 1070 5811 editi
1119 5745 1641 5820 προκαταλαϐόντες.
1676 5743 1745 5797 At
1804 5741 1974 5795 codex

2071 4754 2319 4815 Combef.
2345 4762 2399 4810 et
2423 4754 2514 4808 alii
2547 4763 2674 4810 octo
2703 4752 3026 4823 simpliciter
3054 4749 3486 4814 καταλαϐόντες.

2143 4827 2221 4898 (8)
2247 4824 2549 4898 Colbertini
2593 4821 2824 4898 tertius,
2864 4823 3107 4891 quintus,
3150 4829 3334 4875 sextus
3383 4830 3440 4875 et
3475 4821 3663 4898 septi-

2073 4890 2381 4963 mus'reque
2414 4910 2479 4949 ac
2505 4895 2665 4963 Regii
2698 4890 2924 4961 quartus
2953 4901 3015 4963 et
3038 4899 3226 4963 sextus
3270 4904 3393 4945 cum
3424 4890 3669 4963 editione

2067 4966 2251 5036 Paris.
2276 4960 2616 5036 ἀπολείψεως
2637 4960 2823 5036 ὑμῶν,
2853 4961 3213 5036 dereliclionis
3246 4972 3451 5036 vestra.
3481 4960 3669 5036 Editio

2088 5051 2218 5118 vero
2242 5035 2405 5118 Basil.
2430 5030 2494 5090 et'
2510 5033 2644 5107 Reg.
2677 5030 2868 5090 tertius
2900 5030 3245 5101 ἀπολείψεως
3271 5030 3452 5104 ἡμῶν,
3478 5031 3671 5085 absen-

2091 5116 2180 5161 ιιω
2202 5117 2418 5161 nostrae.

2164 5174 2241 5247 (9)
2270 5175 2463 5231 Nostra
2492 5172 2855 5247 editio_Pari_s.
2882 5180 2938 5228 et
2973 5170 3080 5228 duo
3121 5187 3252 5229 mss.
3285 5170 3670 5245 διαφήσωμεν.

2093 5244 2199 5301 Alii
2234 5255 2469 5313 quatuor
2497 5260 2626 5299 mss.
2651 5244 3006 5314 διαφήσομεν.

2168 5310 2280 5386 (10)
2311 5315 2644 5386 ῼοῑὺετιίηἱ-
2670 5310 2899 5386 primus
2919 5322 2970 5367 et
3003 5313 3287 5386 septimus
3326 5310 3423 5365 τοῦ
3455 5310 3667 5364 τελείου

2101 5382 2283 5458 μόνον’.
2310 5383 2466 5458 Coll).
2492 5382 2719 5458 quartus
2746 5383 2840 5458 τοῦ
2861 5382 3323 5458 τετελειωμένον.

2170 5458 2280 5528 (ll)
2313 5456 2471 5528 (1011).Δ
2500 5450 3044 5528 ρτἰᾼιῃυεᾼᾏγάπηᾼδὲ
3086 5450 3500 5528 ῥ-’Θειξςκ-Ειίίεἰ
3542 5465 3666 5503 cum

2077 5521 2200 5580 aliis
2257 5521 2388 5581 inss.
2432 5521 2662 5592 Ἀγαθὸν
2714 5524 2772 5577 δὲ
2816 5526 2845 5576 6
2884 5523 3040 5587 Θεὸς.
3086 5521 3213 5576 Mox
3248 5521 3667 5592 Collnquartus

2074 5597 2185 5722 κοὲὸ
2196 5586 2548 5652 τελεώτατον.
2591 5594 2837 5652 Subinde
2872 5595 3012 5651 idem
3044 5592 3215 5649 codex
3235 5591 3306 5646 τὰ
3338 5586 3478 5660 ὑπὲρ
3500 5586 3665 5642 αὐτοῦ

2075 5684 2116 5720 π
2190 5684 2247 5722 η.

2075 5684 2247 5738 παηη.
