4016 6220
308 379 414 434 485

1467 365 1731 422 HOMILA
1763 363 1830 419 lN
1868 359 2201 418 PSALMUM
2241 357 2434 415 CXIV.

3452 353 3559 410 486

308 499 409 570 ρᾶς
439 493 800 566 ὑπεδεξάμην.
846 487 982 547 Τίνα
1007 491 1064 544 δέ
1102 490 1218 543 ἐστι
1248 488 1440 552 ταῦτα,
1488 487 1683 560 μικρὸν
1724 485 1882 538 ὓστε-

1997 481 2119 535 ierni
2145 479 2405 549 pericula,
2436 476 2857 545 tribulationem,
2895 477 3136 535 dolorem
3173 497 3188 536 :
3223 495 3344 550 quae
3374 487 3583 539 omnia“

312 605 400 660 ρον
430 588 780 658 διεξέρχεται,
824 585 922 664 τᾲς
961 585 1154 647 ὠδῖνας
1186 581 1280 635 τοῦ
1321 581 1569 642 θανάτου,
1612 579 1738 642 τοὺς
1767 595 1882 631 κιν-

306 677 493 740 δύνους
515 676 608 729 τοῦ
641 676 791 748 ᾅδου,
813 676 912 747 τὴν
940 674 1138 743 θλίψιν,
1173 672 1270 744 τὴν
1301 672 1512 741 ὀδύνην,
1540 669 1681 738 ἆπερ
1710 670 1885 721 πάντα

309 767 457 837 αὐτῷ
484 769 742 839 ἀγαπητά
793 767 880 820 διὰ
907 765 1002 837 τὴν
1047 765 1180 835 πρὸς
1214 763 1343 816 Θεὸν
1372 764 1610 831 ἀγάπην,
1658 761 1750 812 καὶ
1787 759 1884 829 τὴν

309 859 518 924 ἐλπίδα,
550 859 646 930 τὴν
676 859 1044 928 ἀποκειμένην
1073 860 1185 920 τοῖς
1217 856 1284 908 τά
1306 856 1446 926 ὑπὲρ
1477 855 1576 924 τῆς
1603 852 1885 914 εὐσεϐείας

309 949 458 1020 πάθη
505 950 973 1020 καταδεχομένοις,
1007 948 1275 1017 ἐφαίνετο.
1310 947 1385 999 Οὐ
1426 944 1534 1016 γάρ
1568 944 1718 1013 παρά
1750 960 1884 1014 προ-

311 1045 541 1116 αίρεσιν,
571 1044 688 1096 οὐδὲ
715 1043 900 1113 βιαίως
921 1042 1014 1095 καὶ
1038 1039 1573 1111 κατηναγκασμένως
1596 1037 1884 1107 ὑπέμεινα,

309 1139 464 1209 φησὶ,
503 1139 630 1201 τοὺς
678 1136 916 1206 ἀγῶνας,
951 1135 1088 1189 ἀλλά
1143 1137 1342 1205 στοργῇ
1370 1150 1476 1187 τινι
1526 1132 1620 1185 καὶ
1650 1130 1885 1184 διαθέσει

310 1230 655 1301 ὑπεδεξάμην
681 1229 750 1282 τὰ
775 1229 1006 1283 ἐπίπονα
1025 1246 1036 1257 ·
1065 1227 1206 1280 ὥστε
1235 1227 1377 1297 ἔχειν
1420 1242 1485 1296 με
1512 1224 1691 1292 λέγειν
1713 1241 1726 1254 ⁸
1767 1225 1886 1275 Ὅτι

307 1317 487 1372 ἕνεκα
518 1317 633 1370 σοῦ
675 1317 1084 1386 θανατούμεθα
1131 1315 1281 1381 ὅλην·
1331 1313 1443 1381 τὴν
1474 1312 1719 1382 ἡμέραν.
1777 1311 1886 1364 Καὶ

311 1409 452 1464 ἔοικε
502 1411 673 1462 ταῦτα
729 1408 1064 1477 ἰσοδυναμεῖν
1105 1408 1219 1469 τοῖς
1259 1405 1352 1458 τοῦ
1395 1404 1735 1465 Ἀποστόλου,
1794 1403 1888 1456 καὶ

309 1500 418 1554 ἀπὸ
449 1501 549 1570 τῆς
583 1499 753 1569 αὐτῆς
782 1497 1237 1569 αὐτῷ’διαθέσεως
1259 1497 1510 1566 λέγεσθαι
1537 1497 1617 1559 τὸ,
1651 1498 1744 1562 Τίς
1773 1495 1885 1565 (12)

309 1589 467 1660 ἡμᾶς
510 1591 751 1659 χωρίσει
808 1587 927 1642 ἀπὸ
971 1587 1082 1655 τῆς
1139 1586 1376 1656 ἀγάπης
1433 1585 1540 1639 τοῦ
1597 1582 1852 1651 Χριστοῦ
1868 1599 1888 1644 ;

310 1682 558 1748 extare;
595 1681 632 1749 ἣ
675 1679 1039 1748 στενοχωρία
1060 1695 1078 1742 ;
1113 1679 1150 1746 ἢ
1202 1678 1492 1747 διωγμός;
1537 1676 1574 1744 ἢ
1605 1679 1818 1745 λιμός;
1849 1675 1887 1742 ἢ

311 1773 648 1842 τυμνότης;
669 1771 707 1839 ἢ
738 1769 1020 1836 κίνδυνος
1041 1786 1060 1833 ;
1085 1769 1121 1836 ἢ
1145 1767 1448 1837 μάχαιριι;
1483 1768 1772 1837 Ἠγάπησα
1796 1764 1889 1820 οὖν

1985 576 2056 631 ob
2082 575 2174 630 Dei
2203 587 2468 634 amorem,
2497 581 2552 626 et
2579 571 2647 626 ob
2679 586 2828 640 spem
2879 573 3169 640 repositam
3214 574 3280 629 iis
3303 576 3394 644 qui
3423 573 3580 646 aeru-f
3609 569 3611 574 “

1987 680 2142 720 mnas
2195 663 2616 730 aﬂlictionesque
2647 677 2743 731 pro
2784 662 2980 729 pietate
3014 663 3298 731 sustinent,
3326 666 3373 718 ei
3406 680 3564 740 ama-l

1986 759 2110 813 bilia
2146 758 2490 811 videbantur.
2528 753 2642 807 Non
2665 754 3037 824 enim,inquit,
3077 765 3271 824 prteter
3311 756 3549 810 volunta-

1987 860 2113 915 tem,
2146 863 2321 918 neque
2350 849 2422 911 vi,
2452 862 2625 916 neque
2679 849 3005 901 necessitate
3061 849 3174 903 Ιιειξο
3219 849 3412 917 pertuli
3445 864 3559 905 cer-.

1988 943 2213 1006 tamina,
2239 941 2330 996 sed
2362 955 2543 994 amore
2575 939 2810 1007 quodam
2837 947 2889 991 et
2927 937 3119 993 affectu
3151 939 3313 995 hosce
3348 940 3560 998 labores

1987 1035 2149 1104 200
2171 1034 2405 1102 suscepi,
2444 1043 2502 1086 ut
2532 1032 2732 1102 possim
2786 1032 2964 1086 dicere
2996 1050 3009 1085 :
3046 1031 3309 1096 Quoniam
3352 1046 3562 1102 propter

1989 1136 2037 1178 te
2064 1125 2445 1192 mortiﬁcamur
2467 1133 2576 1176 tota
2602 1124 2686 1176 die
2702 1122 2768 1178 υ.
2799 1122 2974 1192 Atque
3007 1124 3120 1178 luet:
3143 1126 3394 1181 videntur
3415 1129 3559 1182 idem

1987 1217 2168 1270 valere
2197 1230 2261 1270 ac
2300 1215 2542 1285 Apostoli
2594 1217 2776 1279 verba,
2809 1225 2864 1268 et
2910 1215 3100 1270 eodem
3149 1216 3342 1272 allecto
3389 1219 3457 1274 ab
3493 1235 3561 1276 eo

1989 1307 2218 1378 proferri
2266 1318 2427 1377 atque
2473 1308 2540 1360 ab
2591 1306 2846 1376 Apostolo
2874 1324 2888 1359 :
2919 1308 3049 1371 Qui:
3096 1324 3191 1361 nos
3233 1310 3493 1378 separabit
3527 1329 3560 1365 a

1988 1401 2242 1454 charitate
2291 1398 2530 1478 Christi?
2563 1399 2832 1453 tribulatio
2865 1402 2889 1454 ?
2919 1416 2985 1452 au
3017 1401 3261 1469 angustia
3291 1402 3317 1454 .9
3348 1419 3418 1456 an
3444 1419 3562 1472 per-

1989 1493 2186 1547 secutio
2220 1495 2243 1546 ?
2272 1508 2338 1544 an
2380 1493 2543 1560 fames
2567 1493 2592 1545 ?
2620 1509 2687 1545 an
2717 1493 2926 1545 auditas
2965 1494 2990 1546 Ζ)
3030 1510 3099 1546 an
3135 1493 3464 1562 periculum?
3493 1513 3562 1549 an

1989 1582 2197 1652 gladius
2216 1583 2299 1637 ‘3?
2322 1582 2491 1637 Dilexi
2525 1583 2687 1651 igitur
2713 1583 2829 1637 haec
2857 1587 3061 1650 omnia,
3093 1586 3234 1654 quod
3255 1586 3449 1641 scirem
3478 1602 3562 1641 me

1993 1675 2096 1728 sub
2123 1683 2426 1743 spectatore
2461 1685 2514 1729 et
2541 1674 2885 1743 praemiorum
2916 1677 3168 1746 largitore
3197 1677 3422 1733 Domino
3451 1680 3564 1732 uui-

1994 1781 2307 1829 versorum,
2360 1757 2460 1836 pro
2510 1768 2710 1836 pietate
2767 1767 3005 1837 pericula
3036 1769 3237 1824 subire.
3299 1768 3563 1835 Quoniam

309 1857 482 1910 ταῦτα
517 1858 713 1921 πάντα,
745 1855 918 1920 εἰδὼς,
951 1857 1032 1908 ὅτι
1063 1855 1168 1908 ὑπὸ
1204 1856 1369 1926 θεατῇ
1393 1857 1486 1909 καὶ
1519 1854 1778 1926 ἀθλοθέτῃ
1809 1855 1885 1926 τῷ

1997 1862 2226 1914 exaudiet
2266 1861 2518 1915 Dominus
2543 1877 2714 1916 uocem
2741 1862 2996 1915 orationis
3025 1878 3174 1916 metu.
3206 1860 3297 1918 Sic
3322 1863 3464 1916 enim
3506 1874 3562 1918 et

309 1947 554 2019 Δεσπότῃ
575 1946 682 2001 τῶν
715 1946 850 2000 ὅλων
878 1947 1004 2010 τοὺς
1033 1946 1170 2016 ὑπὲρ
1200 1946 1298 2016 τῆς
1333 1945 1616 2018 εὐσεϐείας
1647 1946 1888 2016 διαφέρω

310 2040 610 2105 κινδύνους.
641 2042 759 2094 ’Ὁτι
775 2042 1191 2094 είσακούσεται
1211 2042 1420 2108 Κύριος
1439 2038 1548 2105 τῆς
1557 2038 1761 2107 φωνῆς
1781 2037 1890 2106 τῆς

310 2132 572 2202 δεήσεως
601 2151 740 2202 μου.
770 2133 923 2186 Οὕτω
958 2132 1067 2203 γὰρ
1091 2133 1184 2184 καὶ
1211 2132 1438 2194 ἕκαστος
1473 2131 1628 2201 ἡμῶν
1669 2130 1890 2185 δύναται

1993 1951 2220 2021 quilibet
2247 1961 2486 2007 nostrum
2519 1963 2911 2023 praeceptorum
2936 1952 3276 2011 dillicultates
3305 1971 3565 2026 superare

1992 2051 2192 2113 potest,
2221 2060 2341 2100 cum
2374 2059 2527 2098 suum
2561 2047 2686 2100 vitae
2719 2046 3020 2100 institutum
3045 2048 3416 2103 universorum
3455 2050 3566 2106 Deo

1995 2135 2140 2187 velut
2159 2135 2446 2204 spectatori
2471 2134 2746 2203 patefacit.

310 2226 372 2278 τὸ
400 2229 458 2279 ὲν
510 2230 627 2290 ταῖς
657 2227 895 2290 ἐντολαῖς
947 2226 1202 2279 ἐπίπονον
1259 2224 1515 2292 διανύειν,
1585 2225 1711 2278 ὅταν
1761 2226 1924 2279 οἱονεὶ
1964 2226 2128 2299 θεατῇ
2177 2227 2256 2299 τῷ
2320 2227 2435 2299 Θεῷ
2469 2227 2579 2299 (15)
2633 2228 2738 2280 τῶν
2770 2229 2904 2282 ὅλων
2950 2227 3566 2305 ἐπιδεικνύμενοςῇτὴν

311 2321 506 2374 ἑαυτοῦ
542 2321 837 2375 πολιτείαν.

382 2413 437 2465 2.
474 2413 594 2465 ’Ότι
621 2414 824 2468 ἔκλινε
856 2415 920 2468 τὸ
956 2412 1065 2483 οὖς
1101 2416 1286 2470 αὐτοῦ
1317 2416 1467 2484 ἐμοί.
1510 2417 1776 2478 Ἔκλινεν,
1811 2411 1887 2469 εἴ-

313 2521 434 2566 πεν,
470 2503 566 2571 οὐχ
622 2504 710 2557 ἵνα
755 2507 1072 2576 σωματικήν
1115 2523 1235 2558 τινα
1290 2505 1495 2558 ἔννοιαν
1557 2505 1726 2579 λάϐῃς
1760 2507 1887 2577 περὶ

312 2595 446 2649 Θεοῦ
478 2590 592 2648 ὦτα
633 2595 867 2665 ἔχοντος,
911 2599 1004 2650 καὶ
1034 2597 1209 2651 ταῦτα
1253 2598 1388 2670 πρὸς
1412 2597 1472 2649 τὸ
1495 2599 1758 2668 ἠρεμαῖον
1787 2599 1886 2668 τῆς

315 2684 499 2755 φωνῆς
531 2686 1093 2761 ἐπικλίνοντοςηὸπερ
1123 2689 1278 2758 ἡμεῖς
1314 2687 1570 2758 ποιοῦμεν
1597 2689 1733 2757 πρὸς
1764 2690 1890 2752 τοὺς

317 2777 512 2846 μικρὸν
579 2775 981 2847 φθεγγομένους
1052 2777 1504 2848 προσεγγίζοντες
1571 2779 1728 2848 ἡμῶν
1792 2778 1892 2848 τὴν

315 2867 504 2939 ἀκοὴν,
548 2867 634 2920 ἵνα
660 2869 723 2920 ὲκ
759 2868 852 2920 τοῦ
900 2869 1163 2938 σύνεγγυς
1193 2871 1258 2940 τῇ
1292 2869 1540 2940 αἰσθήσει
1578 2869 1894 2941 παραδεξώ-

319 2959 458 3030 μεθα
487 2959 547 3012 τὸ
587 2959 944 3030 λαλούμενον,
979 2962 1093 3015 ἀλλ’
1132 2963 1435 3026 νΕκλινεν,
1483 2957 1668 3023 εἶπεν,
1717 2962 1803 3014 ἵνα
1835 2962 1896 3014 τὸ

316 3049 510 3104 ἑαυτοῦ
541 3049 763 3112 ἀσθενὲς
796 3050 1149 3119 ἐπιδείξηται.
1186 3051 1306 3104 Ὅτι
1341 3051 1512 3122 χαμαὶ
1541 3050 1777 3120 κειμένῳ
1806 3068 1895 3121 μοι

319 3142 628 3213 συγκατέϐη
667 3143 755 3195 διὰ
790 3143 1233 3214 φιλανθρωπίαν
1276 3144 1458 3208 οἱονεὶ,
1495 3141 1778 3215 ἀρρώστου
1815 3161 1896 3196 τι·

317 3233 407 3296 νὸς
432 3233 496 3286 ἐκ
522 3233 721 3303 πολλῆς
751 3233 1032 3296 ἀσθενείας
1058 3233 1176 3286 οὐδὲ
1211 3233 1541 3303 φθέγγεσθαι
1570 3233 1782 3306 τρανῶς
1811 3233 1900 3287 δυ-

319 3325 576 3396 ναμένου,
627 3325 1006 3396 φιλάνθρωπος
1059 3327 1240 3396 ἰατρὸς
1296 3327 1662 3398 προσαγαγὼν
1705 3328 1901 3394 ἑαυτοῦ.

319 3418 417 3490 τὴν
445 3418 615 3489 ἀκοὴν
643 3420 706 3470 ἐκ
736 3418 830 3471 τοῦ
873 3418 1138 3487 σύνεγγυς
1180 3419 1442 3490 μανθάνοι
1473 3419 1580 3489 (14)
1630 3420 1698 3473 τὰ
1731 3421 1900 3487 ἀναγ-

319 3512 449 3561 καῖα
499 3508 578 3579 τῷ
628 3509 908 3580 κάμνοντι.
972 3512 1258 3564 Ἕκλινεν
1300 3508 1395 3564 οὖν
1451 3511 1512 3564 τὸ
1563 3511 1672 3578 οὖς
1711 3511 1898 3565 αὐτοῦ

320 3600 470 3669 ἐμοί.
527 3601 590 3654 Ἠ
621 3602 727 3670 γὰρ
754 3601 873 3655 θεία
892 3602 1028 3672 ἀκοὴ
1055 3604 1117 3656 οὐ
1145 3606 1330 3674 φωνῆς
1354 3603 1520 3656 δεῖται
1552 3604 1686 3676 πρὸς
1708 3603 1900 3674 αἴσθη-

322 3711 434 3747 σιν’
471 3690 576 3748 οἵδε
608 3694 716 3766 γὰρ
743 3695 836 3748 καὶ
863 3697 920 3748 ἐν
951 3695 1030 3766 τῷ
1065 3699 1325 3768 κινήματι
1360 3697 1461 3767 τῆς
1496 3697 1723 3769 καρδίας
1760 3715 1899 3767 γνω-

325 3786 468 3858 ρίσαι
496 3786 565 3840 τά
595 3786 1015 3858 ἐπιζητούμενα.
1048 3790 1119 3841 Ἣ
1155 3790 1254 3842 οὐκ
1280 3789 1521 3852 ἀκούεις,
1553 3791 1633 3842 ὅτι
1661 3791 1900 3860 Μωῦσῆς

324 3880 490 3950 μηδὲν
519 3878 908 3949 φθεγγόμενος,
939 3879 1074 3934 ἀλλά
1103 3883 1214 3944 τοῖς
1244 3881 1528 3952 ἀλαλήτοις
1560 3881 1752 3935 ἑαυτοῦ
1783 3899 1900 3934 στε-

321 3974 549 4042 ναγμοῖς
581 3971 927 4042 ἐντυγχάνων
973 3971 1049 4042 τῷ
1083 3973 1294 4043 Κυρίῳ,
1340 3973 1568 4043 ἠκούετο
1603 3974 1713 4042 (l5)
1749 3972 1901 4043 παρὰ

317 4059 415 4114 τοῦ
455 4060 660 4131 Κυρίου
702 4061 980 4130 λέγοντος·
1035 4063 1095 4115 Τί
1141 4063 1299 4130 βοᾷς
1338 4063 1487 4132 πρὸς
1528 4062 1640 4132 μέ;
1675 4061 1826 4117 Οἶδεν
1870 4066 1898 4117 ὁ

323 4152 454 4215 Θεὸς
515 4153 608 4206 καὶ
659 4154 890 4224 αἵματος
938 4153 1169 4208 ἀκοῦσαι
1224 4155 1456 4220 δικαίου,
1504 4150 1548 4223 ᾧ
1581 4155 1804 4224 γλῶσσα
1836 4157 1896 4208 οὐ

327 4243 637 4313 πρόσεστιν,
681 4244 800 4297 οὐδὲ
832 4245 983 4316 φωνὴ
1013 4245 1107 4299 τὸν
1135 4245 1273 4318 ἀέρα
1309 4248 1554 4318 περῶσα.
1603 4248 1817 4318 Ἔργων
1843 4247 1900 4300 δέ

325 4334 547 4387 δικαίων
578 4338 848 4407 παρουσία
885 4338 1261 4408 μεγαλοφωνία
1288 4339 1404 4392 ἐστὶ
1439 4339 1588 4411 παρὰ
1618 4339 1755 4409 Θεῷ.
1789 4337 1900 4394 Καὶ

2063 2413 2117 2466 2.
2160 2412 2318 2466 Vens.
2346 2412 2400 2465 2.
2436 2412 2573 2477 Quia
2604 2411 2874 2466 inclinavit
2898 2429 3074 2466 aurem
3114 2431 3264 2468 suam
3300 2419 3446 2472 mihi.
3471 2417 3567 2476 Irt-

1995 2505 2238 2566 clinavit,
2283 2504 2488 2572 inquit,
2535 2519 2639 2558 non
2703 2516 2758 2558 ut
2797 2519 3111 2573 corpoream
3169 2511 3456 2576 quamdam
3498 2511 3565 2567 de

1997 2597 2106 2652 Deo
2156 2597 2427 2652 notionem
2475 2597 2731 2665 accipias,
2786 2599 2938 2665 quasi
2981 2599 3177 2654 habeat
3220 2615 3410 2668 aures,
3441 2618 3566 2658 eas-

1997 2705 2102 2758 que
2127 2691 2194 2743 ad
2235 2689 2557 2742 submissam
2585 2702 2770 2743 vocem
2797 2689 3020 2744 inclinet
3057 2705 3072 2742 :
3111 2692 3252 2756 quod
3303 2707 3400 2748 nos
3437 2709 3565 2766 erga

2000 2782 2262 2850 illosqui
2323 2783 2447 2836 exili
2511 2797 2642 2836 voce
2699 2782 3024 2849 loquuntur,
3073 2785 3353 2847 efﬁcimus,
3408 2802 3567 2841 aures

2003 2882 2220 2928 nostras
2255 2874 2623 2936 admoventes,
2657 2882 2717 2926 ut
2748 2887 2813 2928 ex
2847 2873 2932 2926 illa
2965 2875 3310 2943 proximitate
3339 2877 3391 2931 id
3424 2880 3566 2946 quod

2003 2962 2223 3026 dicitur,
2251 2975 2412 3016 sensu
2445 2962 2808 3030 percipiamus
2836 2983 2846 3016 :
2887 2963 3001 3026 sed,
3036 2962 3344 3029 Inclinavit,
3383 2968 3479 3032 ait,
3511 2978 3565 3023 ut

2002 3067 2152 3107 suam
2184 3055 2353 3122 ipsius
2381 3055 2658 3123 detegeret
2690 3053 3079 3109 inﬁrmitatem.
3113 3055 3564 3130 Quandoquidem

2000 3147 2066 3200 ad
2098 3161 2183 3200 me
2229 3145 2376 3200 humi
2413 3145 2682 3212 iacentem
2724 3147 2793 3199 ob
2825 3160 2977 3199 suam
3019 3162 3145 3218 erga
3181 3150 3428 3206 homines
3466 3155 3565 3209 be-

2000 3237 2361 3290 nevolentiam
2391 3235 2667 3289 descendit
2699 3253 2712 3288 :
2755 3235 2896 3289 velut
2926 3251 3049 3290 cum
3098 3239 3362 3309 benignus
3393 3245 3566 3298 medi-

2001 3341 2117 3393 cus,
2147 3329 2190 3380 si
2218 3328 2340 3397 quis
2363 3335 2598 3394 aegrotus
2626 3340 2736 3395 pra:
2761 3326 2929 3378 multa
2967 3326 3285 3384 infirmitate
3315 3331 3460 3386 clare
3487 3332 3568 3386 lo-

1999 3420 2090 3487 qui
2122 3433 2226 3472 non
2257 3427 2438 3486 queat,
2476 3432 2539 3470 ea
2578 3431 2697 3486 quae
2726 3426 2852 3471 sunt
2897 3419 3177 3487 aegrotanti
3221 3425 3564 3488 necessaria,

1999 3527 2065 3565 ex
2097 3511 2416 3579 propinquo,
2461 3509 2575 3564 suis
2603 3509 2824 3562 auribus
2858 3509 3115 3576 admotis,
3151 3511 3364 3567 ediscit.
3396 3513 3568 3569 Incli-

2001 3603 2141 3655 uavit
2171 3602 2352 3669 itaque
2395 3617 2573 3653 aurem
2617 3617 2768 3654 suam
2801 3601 2946 3654 mihi.
2998 3602 3196 3671 Utique
3238 3605 3453 3662 auditus
3486 3608 3572 3662 di-

1999 3694 2160 3748 vinus
2189 3708 2320 3747 voce
2352 3708 2459 3744 non
2491 3692 2695 3762 indiget
2727 3693 2792 3744 ad
2826 3693 3255 3761 percipiendum,
3295 3697 3564 3766 siquidem

2002 3789 2168 3857 petita
2195 3787 2355 3842 etiam
2377 3787 2429 3840 in
2458 3787 2636 3841 cordis
2669 3795 2813 3841 motu
2839 3800 3166 3855 cognoscere
3189 3789 3350 3844 valet.
3378 3789 3566 3847 Nonne

2001 3883 2108 3936 scis
2127 3896 2190 3936 ex
2222 3881 2424 3948 auditu,
2450 3880 2591 3948 quod
2619 3877 2832 3948 Moyses
2861 3877 2993 3932 nihil
3021 3880 3272 3948 loquens,
3307 3882 3399 3936 sed
3435 3887 3571 3938 taci-

2003 3974 2071 4030 tis
2101 3974 2212 4029 suis
2255 3972 2502 4042 suspiriis
2543 3970 2828 4025 Dominum
2868 3969 3242 4039 interpellans,
3276 3986 3306 4024 a
3334 3971 3566 4029 Domino

2001 4068 2318 4122 audiebatur
2359 4066 2569 4120 dicente
2602 4080 2617 4119 :
2657 4064 2796 4128 Quid
2833 4061 3026 4117 clamas
3069 4065 3137 4115 ad
3184 4081 3265 4117 me
3294 4064 3376 4118 “?
3403 4065 3565 4121 Novit

2000 4158 2144 4213 Deus
2177 4159 2262 4213 vel
2301 4157 2615 4227 sanguinem
2664 4155 2796 4226 justi
2845 4155 3052 4220 audire,
3107 4155 3192 4210 cui
3240 4169 3340 4211 nec
3387 4156 3570 4228 lingua

2002 4252 2162 4313 inest,
2191 4263 2290 4304 nec
2318 4264 2418 4302 vox
2447 4261 2626 4302 aerem
2664 4259 2967 4314 permeans.
2989 4246 3126 4313 Quin
3152 4248 3312 4302 etiam
3343 4263 3566 4318 operum

1997 4344 2263 4411 justorum
2290 4341 2574 4409 praesentia
2604 4339 2810 4394 clamor
2838 4354 3067 4408 magnus
3098 4339 3238 4408 apud
3268 4341 3432 4394 Deum
3459 4351 3562 4394 est.

326 4423 395 4477 ἐν
423 4423 550 4490 ταῖς
578 4424 822 4494 ἡμέραις
840 4446 958 4495 μου
989 4427 1438 4499 ἐπικαλέσομαι.
1480 4430 1668 4500 Ἡμεῖς
1697 4431 1815 4500 μὲν,
1844 4430 1892 4482 ὲν

2003 4434 2069 4488 Et
2099 4436 2150 4488 in
2185 4433 2365 4486 diebus
2396 4433 2522 4484 meis
2554 4431 2822 4483 invocabo.
2857 4429 2964 4482 Nos
3008 4428 3255 4496 equidem
3302 4445 3422 4482 cum
3461 4445 3567 4483 una

331 4519 429 4589 μιᾷ
461 4518 886 4591 προσευξάμενοι
931 4523 1131 4593 ἡμέρᾳ,
1172 4523 1206 4592 ἢ
1244 4525 1300 4575 ἐν
1343 4527 1440 4596 μιᾷ
1467 4525 1586 4596 ὥρᾳ
1622 4525 1794 4595 βραχύ
1844 4541 1897 4576 τι

325 4611 442 4672 ταῖς
483 4608 775 4679 ἁμαρτίαις
819 4610 974 4680 ἡμῶν
1021 4613 1544 4680 ἐπιστυγνάσαντες,
1582 4613 1898 4684 ἀμεριμνῶ-

330 4717 428 4768 μεν
459 4699 566 4770 (l6)
609 4699 684 4764 ὡς
709 4701 811 4770 ήδη
855 4719 907 4754 τι
939 4703 1262 4773 ποιήσαντες
1303 4705 1593 4775 ἐφάμιλλον
1623 4709 1688 4776 τῇ
1725 4707 1894 4776 κακίᾳ

327 4793 502 4863 ήμῶν.
549 4793 608 4846 Ὀ
645 4793 824 4863 μέντοι
873 4794 1026 4863 ἅγιος
1071 4798 1232 4850 παντὶ
1267 4794 1344 4866 τῷ
1376 4798 1550 4868 χρόνῳ
1600 4800 1697 4870 τῆς
1747 4797 1892 4867 ζωῆς

327 4883 519 4937 ἑαυτοῦ
571 4887 1095 4958 παραμετρουμένην
1140 4889 1537 4943 ἐπιδείκνυσθαι
1581 4891 1728 4959 λέγει
1780 4891 1892 4962 (17)

325 4976 426 5047 τὴν
477 4975 878 5046 ἐξομολόγησιν·
942 4979 1044 5031 Ἑν
1098 4980 1228 5045 ταῖς
1283 4980 1526 5050 ἡμέραις
1592 4981 1701 5052 γάρ
1754 5001 1896 5052 μου,

401 5112 444 5142 ⁸³
478 5111 618 5166 Psal.
650 5128 800 5177 xuu,
833 5113 922 5169 22,
999 5113 1043 5145 ⁸⁸³
1080 5115 1239 5169 Rom.
1277 5131 1394 5180 vm,
1425 5115 1514 5170 53.

400 5247 510 5322 (12)
542 5247 635 5322 _Sic
665 5264 795 5303 mss.
817 5249 997 5322 multi.
1030 5249 1207 5322 Editio
1238 5249 1410 5305 Paris.
1444 5252 1542 5322 τῷ,
1575 5252 1690 5316 Τίς.

401 5319 670 5395 (j5)_Reg.
709 5320 916 5395 tertius
939 5320 1100 5395 οἱονεὶ
1123 5393 1132 5395 _
1155 5320 1325 5395 θεατῇ
1361 5323 1455 5395 καὶ
1493 5319 1754 5395 amonem
1814 5323 1893 5395 τῷ

329 5388 467 5462 Θεῷ.
492 5387 608 5442 εθιί
633 5405 753 5462 cum
791 5389 1064 5462 illud.ugtl
1112 5387 1394 5462 ἀθλοθέτῃ,
1425 5393 1477 5445 in
1528 5394 1690 5446 editis
1726 5387 1790 5447 ’ἐι
1836 5387 1888 5447 in

329 5459 452 5531 aliis
483 5474 614 5531 mss.
644 5460 802 5531 desit,
835 5460 982 5513 credi
1015 5463 1204 5514 merito
1226 5459 1402 5531 potest
1429 5464 1498 5516 ab
1525 5462 1892 5530 aliquolibra—

332 5530 415 5582 rio
446 5529 681 5582 additum
716 5529 900 5583 fuisse.

404 5598 514 5667 (14)
541 5599 676 5674 Editi
709 5615 830 5652 cum
861 5599 1011 5656 Colb.
1042 5601 1229 5671 quinto
1267 5601 1550 5674 μανθάνει.
1583 5603 1656 5659 At
1685 5611 1892 5674 septem

331 5682 464 5720 mss.
501 5667 775 5721 μανθάνοι.

403 5723 517 5810 (155
544 5737 617 5788 Ita
645 5723 935 5794 Colbertini
965 5741 1189 5808 primus,
1217 5742 1442 5810 quintus
1470 5752 1523 5799 et
1550 5754 1737 5800 sextus
1768 5759 1889 5799 cum

332 5803 516 5874 Regiis
557 5810 794 5864 secundo
844 5820 901 5865 et
942 5803 1341 5876 quarto.'E'diti
1389 5829 1520 5871 vero
1549 5830 1673 5871 cum
1707 5815 1891 5876 Regiis

2004 4526 2091 4579 die
2115 4524 2408 4586 oravimus,
2439 4521 2521 4575 vel
2550 4537 2647 4590 per
2673 4535 2832 4573 unam
2861 4520 3046 4574 horam
3071 4518 3219 4571 brevi
3256 4517 3433 4586 aliqua
3471 4520 3573 4572 tri.

2007 4616 2153 4670 stitia
2207 4617 2275 4668 ob
2313 4620 2531 4682 peccata
2577 4611 2775 4664 fuimus
2821 4606 3022 4669 allecti,
3078 4606 3256 4661 securi
3305 4608 3566 4673 vivimus,

2009 4718 2260 4773 tanquam
2313 4704 2356 4757 si
2408 4701 2679 4771 quidpiam
2732 4700 2873 4768 quod
2933 4697 3270 4766 iniquitatem
3326 4707 3569 4752 nostram

2005 4805 2379 4867 compensaret
2421 4808 2451 4847 a
2482 4793 2636 4847 nobis
2668 4801 2934 4860 patratum
2981 4797 3145 4844 esset.
3181 4788 3284 4841 Sed
3322 4788 3408 4842 hic
3441 4804 3572 4844 san-

2005 4899 2123 4944 ctus
2155 4886 2573 4950 confessionem,
2599 4899 2718 4954 quae
2747 4897 2907 4936 omne
2937 4881 3062 4935 vitae
3093 4895 3204 4934 sua:
3235 4889 3445 4948 tempus
3475 4883 3571 4935 ad-

2005 4981 2181 5037 metiri
2218 4979 2408 5048 possit,
2443 4977 2710 5032 editurum
2735 4988 2793 5028 se
2820 4971 3088 5026 alIirmat:
3129 4968 3382 5022 Omnibus
3409 4970 3570 5036 enim,

1586 5118 1632 5148 “
1672 5117 1981 5182 Exod.x1v,
2015 5117 2082 5171 i5
2105 5156 2118 5171 .

2009 5253 2168 5308 tertio
2189 5261 2253 5324 et
2281 5261 2430 5324 sexto
2463 5253 2684 5324 ἤκουσε.
2714 5251 3001 5324 Μοκίπιεε.
3038 5254 3191 5307 treso
3225 5252 3378 5315 Θεός.
3415 5252 3575 5307 Deest

2007 5323 2269 5376 articulus
2304 5323 2356 5376 in
2413 5323 2572 5377 editis
2608 5333 2663 5376 et
2715 5324 2765 5375 in
2808 5323 2928 5377 aliis
2966 5339 3094 5378 mss.
3159 5324 3402 5376 Subinde
3437 5339 3568 5378 mss.

2009 5407 2199 5448 novem
2230 5392 2459 5446 δικαίου.
2492 5393 2629 5447 Editi
2665 5392 2905 5445 δικαίων.

2079 5461 2190 5532 (16)
2227 5461 2378 5517 Colb.
2409 5472 2632 5531 quartus
2659 5461 3076 5532 ἀμεριμνῶμεν.
3131 5461 3270 5516 Editi
3304 5475 3424 5515 cum
3457 5461 3573 5532 pln-

2003 5530 2315 5603 rimis'uiss.
2346 5530 2784 5603 ἀμεριμνοῢμεν.
2801 5530 3009 5603 ibidem
3044 5542 3276 5603 quatuor
3321 5546 3452 5584 mss.
3479 5530 3574 5594 ’ὡς

2003 5602 2318 5673 ήδηξ-Είόίιί
2350 5600 2474 5673 cuni
2502 5600 2607 5673 uno
2640 5600 2732 5673 aut
2763 5601 2934 5655 altero
2959 5618 3058 5655 ms.
3088 5601 3164 5662 ὡς
3198 5600 3282 5671 δή.

2074 5668 2186 5742 (⁷17)
2213 5672 2286 5726 Ita
2317 5672 2482 5726 editio
2520 5672 2684 5726 Basil.
2727 5687 2847 5726 curn
2885 5687 3076 5742 novem
3111 5668 3263 5742 mss.;
3289 5668 3575 5742 necAaliter

2001 5741 2130 5814 legit
2156 5739 2445 5811 interpres.
2483 5743 2659 5798 Editio
2681 5742 2859 5798 Paris.
2890 5740 3293 5794 ἐπιδείκνυσθαι
3323 5739 3531 5810 μέλλει.
