4016 6220
353 280 461 338 483

1529 289 1816 346 HOMILIA
1856 289 1924 347 ΙΝ
1963 287 2295 346 PSALMUM
2332 285 2517 342 CXIV.

3510 287 3622 346 490

353 406 475 470 τίας
519 405 619 477 τὴν
651 405 717 459 ὲκ
766 404 868 475 τῆς
907 405 1197 476 μετανοίας
1255 407 1497 462 κάκωσιν
1559 411 1783 482 ἐμαυτῷ
1835 413 1935 465 έπ-

2045 412 2360 465 bulationem
2430 421 2478 465 et
2537 410 2772 468 dolorem
2832 410 3007 466 inveni
3058 425 3155 482 per
3217 409 3614 480 paenitentiam.

355 499 576 568 ενόησα,
610 497 706 551 καὶ
733 496 908 561 οὕτως
933 499 1210 571 ἐτόλμησα
1233 500 1297 553 τὸ
1325 501 1495 572 ὄνομα
1510 503 1716 572 Κυρίου
1747 507 1938 558 ἐπικαο

353 589 634 645 λέσασθαι.
689 589 824 644 Τίνα
873 586 1033 662 δὲῆν
1075 591 1111 645 ἀ
1153 587 1341 658 εἷπον;
1394 589 1462 644 Ὦ
1514 595 1712 662 Κίιριε,
1753 595 1939 662 ῥῦσαι

352 680 468 748 τὴν
530 681 744 750 ’ψυχήν
795 700 935 751 μου.
991 684 1310 755 Κατέχομαι
1358 685 1416 736 ὲν
1475 687 1540 755 τῇ
1594 687 1938 758 αἰχμαλωσίᾳ

351 774 546 848 ταύτῃ,
578 777 642 828 σὺ
677 776 769 840 δὸς
813 775 874 828 τὸ
909 776 1049 848 ὑπὲρ
1083 777 1217 848 ἐμοῦ
1257 777 1474 847 λύτρον,
1503 777 1598 829 καὶ
1633 777 1792 849 ῥῦσαι
1841 779 1938 850 τὴν

352 865 534 938 ψυχήν
569 884 694 938 μου.

427 1046 480 1101 5.
533 1045 832 1116 Ἐλεήμων
879 1050 912 1101 d
952 1047 1171 1117 Κύριος
1214 1050 1315 1103 καί
1349 1049 1598 1114 δίκαιος.
1653 1049 1937 1122 Πανταχοῢ
1986 1079 1990 1084 -

357 1139 615 1193 συνάπτει
643 1143 676 1210 ἡ
720 1139 911 1211 Γραφὴ
944 1144 1056 1204 τοῖς
1087 1144 1390 1213 οίκτιρμοῖς
1422 1142 1515 1196 τοῦ
1550 1142 1686 1212 Θεοῦ
1719 1142 1817 1213 τὴν
1858 1143 1938 1194 δι-

355 1231 667 1302 καιοσύνην,
717 1232 1042 1286 διδάσκουσα
1080 1235 1260 1304 ἡμᾶς,
1301 1235 1384 1288 ὅτι
1422 1235 1545 1289 οὔτε
1575 1239 1604 1290 ὁ
1645 1237 1795 1301 ἕλεος
1844 1236 1938 1289 τοῦ

355 1324 492 1376 θεοῦ
521 1323 762 1395 ἄκριτος,
803 1323 928 1378 οὔτε
968 1327 1213 1397 ἠκρίσις
1243 1326 1578 1398 άνελεήμων.
1639 1328 1803 1382 Ἀλλά
1846 1329 1940 1381 καὶ

356 1414 551 1482 ἐλεῶν,
600 1417 941 1488 κεκριμένως
989 1420 1103 1482 τοῖς
1144 1417 1314 1483 ἀξίοις
1355 1422 1644 1492 ἐπιμετρΞῖ
1683 1421 1812 1484 τοὺς
1859 1423 1938 1473 oi-

357 1507 650 1578 κτιρμούς’
694 1509 788 1561 καὶ
816 1509 1038 1580 κρίνων,
1073 1510 1484 1581 ἐστοχασμένως
1513 1512 1614 1581 τῆς
1656 1511 1941 1575 ἀσθενείας

355 1596 514 1670 ἡμῶν
543 1598 737 1666 ἐπάγει
766 1599 866 1670 τὴν
899 1599 1105 1670 κρίσιν,
1149 1600 1534 1674 φιλανθρωπίᾳ
1570 1602 1768 1673 μᾶλλον
1797 1603 1831 1673 ἦ
1872 1605 1938 1673 τῇ

356 1688 452 1742 τοῦ
485 1688 600 1772 ἴσου
634 1690 1018 1761 ἀντιμετρήσει
1042 1691 1381 1762 ἀμυνόμενος
1406 1693 1573 1762 ἡμᾶς.
1598 1692 1710 1747 Καὶ
1739 1696 1770 1746 ὀ
1795 1693 1940 1759 Θεὸς

2043 503 2333 557 Enimvero
2367 502 2528 556 talem
2561 503 2895 572 pmnitentim
2925 501 3249 568 cruciatum,
3285 503 3374 571 qui
3407 504 3615 571 peccati

2042 592 2394 661 magnitudini
2431 593 2765 656 conveniret,
2797 592 2927 647 milii
2956 592 3069 662 ipse
3103 592 3429 662 excogitavi,
3457 599 3510 646 et
3537 591 3619 647 sic

2041 701 2236 738 nomen
2285 685 2494 738 Domini
2549 700 2714 740 ausus
2764 701 2882 740 sum
2936 686 3214 742 invocare.
3269 685 3397 752 Qua:
3435 692 3616 738 autem

2042 788 2199 832 erant
2228 792 2348 846 qua:
2385 777 2533 831 dixi?
2568 778 2730 832 Vens.
2762 779 2816 833 4.
2851 777 2895 833 0
2927 777 3173 845 Domine,
3197 777 3362 832 libera
3383 777 3615 831 animam

2044 886 2234 922 meam.
2275 869 2330 923 In
2373 871 2473 923 hac
2504 869 2756 925 detineor
2784 870 3127 940 captivitate,
3160 879 3216 924 tu
3246 885 3343 938 pro
3375 883 3461 923 me
3494 883 3618 938 pre-

2044 957 2176 1008 tium
2213 957 2280 1010 da
2323 957 2738 1025 redemptionis,
2766 965 2819 1013 et
2855 959 3025 1014 libera
3067 959 3307 1014 animam
3346 974 3546 1014 meam.

2115 1049 2168 1102 5.
2213 1048 2376 1103 Vens.
2415 1050 2470 1107 5.
2512 1048 2816 1104 Misericors
2859 1050 3111 1106 Dominus
3146 1061 3193 1104 et
3220 1052 3422 1121 justus.
3466 1050 3619 1106 Scri-

2043 1152 2204 1210 ptura
2242 1140 2442 1211 ubique
2472 1141 2568 1195 Dei
2611 1141 3058 1198 miserationibus
3085 1142 3356 1213 justitiam
3389 1146 3620 1211 conjun-

2044 1230 2122 1300 git
2165 1248 2179 1284 :
2226 1229 2424 1300 quippe
2469 1230 2625 1284 docet
2669 1245 2786 1298 nos,
2830 1247 3007 1303 neque
3054 1231 3149 1286 Dei
3194 1232 3616 1288 misericordiam

2040 1319 2245 1389 judicio
2283 1333 2492 1386 carere,
2525 1337 2702 1392 neque
2733 1321 2994 1391 judicium
3030 1337 3225 1392 expers
3255 1338 3376 1377 esse
3407 1323 3622 1377 miseri-

2042 1412 2261 1466 cordiae.
2295 1411 2400 1465 Sed
2445 1424 2500 1466 et
2531 1413 2656 1468 dum
2697 1415 3014 1477 miseretur,
3059 1414 3127 1468 iis
3156 1413 3246 1483 qui
3281 1413 3428 1484 digni
3459 1421 3617 1480 sunt,

2043 1519 2168 1559 suas
2192 1519 2310 1557 cum
2328 1503 2536 1574 judicio
2555 1505 2934 1561 miserationes
2954 1506 3244 1561 admetitur
3268 1522 3282 1560 :
3306 1514 3469 1573 atque
3488 1503 3617 1558 dum

2038 1594 2266 1666 judicat,
2301 1596 2487 1651 habita
2519 1597 2853 1652 infirmitatis
2883 1605 3080 1653 nostra:
3105 1597 3316 1652 ratione
3343 1597 3507 1651 infert
3533 1597 3620 1667 ju-

2045 1685 2270 1753 dicium,
2300 1687 2635 1756 benignitate
2659 1688 2850 1758 magis,
2876 1703 3037 1758 quam
3063 1705 3161 1760 par
3182 1689 3300 1758 pari
3331 1689 3620 1744 referendo

355 1781 526 1851 ἡμῶν
555 1782 727 1836 ἐλεεῖ.
767 1781 956 1847 Ἔλεός
995 1783 1113 1836 ἐστι
1145 1784 1316 1848 πάθος
1346 1785 1439 1837 ἐπὶ
1467 1786 1591 1848 τοὺς
1619 1787 1750 1855 παρ’
1782 1783 1939 1848 ἀξίαν

2045 1778 2282 1846 plectens
2312 1793 2434 1834 nos.
2482 1778 2554 1832 Et
2591 1779 2732 1835 Deus
2770 1790 2947 1835 noster
2975 1782 3270 1836 miseretur.
3305 1781 3620 1837 Misericor-

356 1875 879 1944 τεταπεινωμένους,
911 1875 1061 1945 παρά
1084 1875 1192 1930 τῶν
1225 1875 1524 1947 συμπαθῶς
1549 1876 1936 1947 διατιθεμένων

357 1966 660 2036 γινόμενον.
679 1965 859 2019 Ἐλεοῦ
866 1984 964 2036 μεν
983 1966 1074 2020 τὸν
1091 1967 1154 2019 ἐκ
1173 1965 1406 2036 μεγάλου
1430 1965 1658 2019 πλούτου
1681 1967 1818 2037 πρὸς
1837 1967 1935 2040 τὴν

361 2057 475 2128 (⁸24)
506 2056 738 2126 ἐσχάτην
770 2056 958 2109 πενίαν
993 2055 1389 2127 μεταπεσόντα,
1415 2055 1506 2109 τὸν
1543 2059 1606 2110 ὲκ
1633 2058 1732 2128 τῆς
1761 2059 1936 2129 ἄκρας

356 2147 571 2214 εὐεξίας
601 2146 696 2200 τοῦ
730 2146 979 2218 σώματος
1010 2149 1089 2210 είς
1119 2147 1217 2218 τὴν
1249 2147 1485 2220 ἐσχάτην
1519 2147 1802 2203 ἀσθένειαν
1831 2167 1936 2202 κα-

355 2237 714 2310 ταϐληθέντα,
744 2237 834 2292 τὸν
864 2240 956 2292 ἐπὶ
985 2239 1170 2293 κάλλει
1202 2239 1295 2292 καὶ
1326 2239 1446 2312 ὥρᾳ
1485 2241 1734 2311 σώματος
1767 2242 1936 2311 ἀγαλ-

358 2332 602 2402 λόμενον,
627 2333 720 2386 καὶ
749 2331 852 2384 ὑπὸ
882 2330 988 2385 τῶν
1017 2330 1312 2402 αἰσχίστων
1335 2330 1525 2386 παθῶν
1545 2333 1934 2405 διαφθαρέντα.

373 2425 525 2477 Ἐπεὶ
561 2420 654 2478 οὖν
679 2425 772 2478 καὶ
797 2425 958 2495 ἡμεῖς
988 2419 1132 2495 ἦμέν
1163 2441 1294 2477 ποτε
1340 2422 1541 2489 ἔνδοξοι
1579 2425 1672 2480 ἐπὶ
1699 2428 1802 2496 τῆς
1844 2426 1938 2480 τοῦ

360 2514 689 2586 παραδείσου
714 2514 1011 2584 διαγωγῆς,
1040 2514 1339 2585 ἐγενόμεθα
1359 2515 1414 2568 δὲ
1438 2514 1612 2580 ἄδοξοι
1635 2516 1728 2570 καὶ
1750 2535 1941 2570 ταπει-

358 2608 441 2660 νοὶ
469 2605 558 2659 διὰ
597 2606 697 2677 τὴν
737 2604 1028 2669 ἔκπτωσιν,
1090 2606 1150 2657 '0
1195 2605 1341 2670 Θεὸς
1383 2605 1552 2675 ἡμῶν
1594 2606 1769 2672 ἐλεεῖ,
1799 2608 1940 2681 ὁρῶν

356 2697 508 2766 ἡμᾶς
549 2691 651 2749 οἷοι
703 2694 820 2750 ἀνθ’
861 2696 988 2750 οἴων
1035 2696 1360 2767 γεγόναμεν.
1399 2697 1497 2750 Διά
1532 2697 1692 2752 τοῦτο
1724 2700 1940 2756 καὶτὸν

371 2788 543 2858 Ἀδὰμ
570 2788 887 2842 ἀνεκαλεῖτο
916 2790 982 2860 τῇ
1021 2787 1131 2860 (‘25)
1174 2787 1270 2843 τοῦ
1313 2789 1462 2844 ἐλέου
1517 2795 1694 2862 φωνῇ,
1735 2791 1939 2861 λέγων·

370 2878 564 2949 Ἀδὰμ,
593 2879 712 2933 ποῦ
740 2879 825 2942 εἷ;
863 2878 939 2932 Οὐ
975 2879 1084 2950 γὰρ
1124 2879 1432 2950 διδαχθῆναι
1467 2881 1646 2952 ἐζήτει
1687 2884 1716 2936 ὁ
1764 2883 1943 2937 πάντα

359 2967 550 3034 εἰδὼς,
601 2968 739 3022 ἀλλὰ
784 2968 976 3038 νοῆσαι
1013 2969 1175 3024 αὐτὸν
1217 2968 1466 3022 ἐϐούλετο
1518 2965 1629 3033 οἷος
1675 2969 1793 3023 ἀνθ’
1828 2971 1940 3024 οἴου

2037 1871 2124 1926 dia
2155 1869 2370 1926 affectio
2407 1882 2491 1926 est
2533 1887 2660 1944 erga
2701 1889 2798 1930 eos
2845 1875 2938 1943 qui
2981 1884 3176 1942 praeter
3219 1874 3469 1930 meritum
3519 1875 3618 1929 de-

2036 1963 2210 2032 pressi
2237 1972 2394 2030 sunt,
2439 1964 2506 2017 ab
2537 1963 2602 2018 iis
2628 1966 2719 2033 qui
2758 1966 3116 2020 miseratione
3143 1966 3303 2036 202
3334 1972 3620 2022 moventur

2039 2053 2414 2122 proficiscens.
2459 2055 2784 2110 Miseramur
2816 2071 2965 2121 eum,
2999 2056 3089 2126 qui
3126 2073 3190 2113 ex
3226 2059 3436 2126 magnis
3477 2057 3620 2112 divio

2039 2144 2130 2200 tiis
2163 2145 2215 2200 in
2245 2157 2548 2202 extremam
2579 2148 2768 2202 incidit
2807 2158 3179 2219 paupertatem
3206 2167 3220 2204 :
3253 2164 3401 2215 cum,
3435 2151 3527 2220 qui
3552 2165 3619 2206 ex

2039 2239 2242 2307 optima
2289 2240 2540 2310 corporis
2583 2239 2902 2297 habitudine
2936 2242 3003 2296 ad
3047 2256 3316 2296 summam
3365 2244 3618 2300 redactus

2038 2341 2125 2387 est
2161 2330 2498 2388 debilitatem
2546 2349 2560 2386 :
2597 2348 2720 2388 eum
2743 2373 2760 2398 ,
2796 2333 2888 2404 qui
2938 2336 3011 2393 ob
3051 2332 3512 2404 pulchritudinem
3555 2351 3620 2391 ac

2040 2423 2367 2495 elegantiam
2399 2425 2644 2494 corporis
2676 2424 3078 2494 prmgestiebat,
3110 2427 3203 2480 sed
3218 2420 3266 2478 'a
3300 2424 3618 2482 foedissimis

2041 2528 2106 2568 ac
2141 2515 2471 2585 turpissimis
2510 2515 2714 2570 morbis
2751 2527 3042 2586 corruptus
3077 2526 3181 2572 est.
3216 2515 3481 2584 Quoniam
3514 2517 3618 2588 igi-

2043 2617 2131 2661 tur
2164 2617 2220 2661 et
2254 2622 2352 2663 nos
2387 2607 2440 2661 in
2475 2607 2732 2676 paradiso
2764 2607 3047 2677 degentes,
3077 2623 3296 2663 eramus
3327 2607 3618 2679 aliquando

2043 2699 2174 2752 clari
2215 2713 2279 2753 ac
2326 2699 2686 2769 spectabiles,
2719 2707 2774 2754 et
2827 2709 3004 2754 tamen
3041 2699 3110 2755 ob
3144 2699 3500 2770 ejectionem,
3535 2700 3620 2756 in-

2043 2791 2201 2861 glorii
2238 2798 2293 2847 et
2325 2791 2524 2862 abjecti
2566 2791 2875 2856 evasimus,
2921 2790 3065 2847 Deus
3096 2803 3274 2847 noster
3319 2794 3617 2862 miseretur,

2043 2881 2170 2936 dum
2227 2882 2413 2952 quales
2471 2897 2569 2937 nos
2614 2897 2680 2938 ex
2722 2882 2973 2952 qualibus
3024 2882 3156 2939 facti
3209 2885 3417 2951 simus,
3448 2885 3617 2942 videt.

2045 2975 2385 3046 Quapropter
2414 2985 2468 3030 et
2512 2975 2780 3031 Adamum
2813 2977 2918 3032 hac
2947 2977 3335 3034 misericordiae
3371 2995 3506 3035 voce
3535 2994 3622 3035 re-

359 3062 568 3130 γέγονε.
597 3061 723 3116 Ποῦ
754 3057 842 3125 ei;
867 3061 986 3113 ἀντὶ
1007 3059 1124 3126 τοῦ,
1155 3061 1250 3126 Είς
1276 3057 1387 3115 οἷον
1415 3061 1616 3133 πτῶμα
1646 3058 1943 3134 κατελήῖύῖ

2045 3068 2296 3130 vocabat,
2329 3066 2514 3121 dicens
2541 3082 2555 3120 :
2591 3065 2786 3143 Adam,
2818 3066 2909 3121 ubi
2949 3084 3002 3121 es
3030 3068 3115 3120 ‘7?
3145 3067 3260 3123 Non
3295 3069 3438 3124 enim
3485 3069 3619 3124 edo-

361 3155 458 3218 θας
503 3154 610 3208 ἀπὸ
634 3153 951 3226 τηλικούτου
980 3151 1182 3224 ὕφους

1970 3141 2014 3201 C
2047 3156 2157 3211 ceri
2185 3157 2464 3227 qumrebat
2483 3141 2724 3212 omnium
2752 3173 2975 3228 gnarus,
3001 3159 3096 3215 sed
3119 3159 3424 3232 intelligere
3445 3161 3618 3230 ipsum

363 3246 598 3316 volebat,
623 3246 800 3318 qualis
830 3259 898 3302 ex
929 3245 1072 3314 quali
1102 3243 1274 3300 factus
1299 3253 1464 3301 esset.
1499 3243 1600 3300 Ubi
1641 3246 1738 3301 es?
1773 3246 1930 3318 quasi
1970 3246 2119 3302 dicat
2153 3265 2167 3301 :
2201 3249 2258 3303 In
2293 3263 2457 3320 quam
2525 3247 2738 3303 ruinam
2775 3263 2845 3303 ex
2893 3259 3042 3304 tanta
3104 3251 3441 3309 sublimitate
3482 3255 3620 3312 inci-

401 3338 524 3396 isti?

363 3341 524 3396 disti?

433 3435 491 3488 4.
561 3431 905 3488 Φυλάσσων·
935 3433 1007 3488 τὰ
1044 3431 1232 3499 νήπια
1263 3435 1296 3486 ὁ
1333 3433 1575 3502 Κύριος·
1628 3431 1946 3486 ἐταπεινώ-

364 3533 498 3599 θην,
529 3529 628 3584 καὶ
657 3527 854 3584 ἐσωσέ
881 3546 977 3599 με.
1023 3528 1151 3582 Εἴτε
1195 3526 1337 3582 κατὰ
1373 3527 1464 3581 τὸν
1501 3527 1728 3596 φυσικὸν
1767 3525 1946 3596 λόγον,

363 3625 463 3677 οὐκ
493 3621 560 3676 ἂν
593 3620 824 3692 συνέστη
863 3621 896 3691 ἡ
930 3619 1246 3692 ἀνθρωπίνη
1281 3618 1462 3688 φύσις,
1502 3618 1576 3690 μὴ
1609 3618 1717 3671 τῶν
1749 3618 1946 3689 κομιδῆ
1978 3630 1982 3634 ·

363 3715 570 3785 νηπίων
598 3715 691 3768 καὶ
707 3713 785 3767 ἔτι
804 3712 1016 3783 βρεφῶν
1038 3713 1142 3766 ὑπὸ
1159 3713 1253 3766 τοῦ
1274 3713 1480 3786 Κυρίου
1499 3712 1946 3784 φυλασσομένων.

365 3803 488 3866 Πῶς
516 3802 621 3874 γὰρ
647 3801 681 3872 ἢ
718 3800 830 3872 (26.)
857 3803 926 3856 τά
954 3803 1011 3855 ἐν
1037 3805 1111 3874 τῇ,
1139 3803 1324 3874 μήτρᾳ
1365 3801 1778 3872 κυοφορούμενα
1820 3800 1948 3870 ήδύ-

365 3915 495 3950 νατο
525 3895 820 3969 τρέφεσθαι
847 3895 880 3966 ἢ
909 3895 1180 3948 κινεῖσθαι
1203 3896 1260 3947 ἐν
1283 3893 1428 3947 οὕτω
1461 3896 1668 3957 στενοῖς
1704 3893 1946 3965 χωρίοις,

365 3991 459 4046 καὶ
478 3987 979 4061 μηδεμίαν-ἔχουσιν
1001 3987 1346 4059 ἀναστροφὴν
1369 3985 1501 4060 (27),
1521 3985 1634 4040 ἀλλ’
1658 3987 1714 4040 ὲν
1737 4003 1949 4039 σκοτειο

367 4084 478 4145 νοῖς
505 4081 689 4144 τόποις
715 4083 814 4134 καὶ
851 4079 1101 4152 ὲνύγροις
1128 4079 1226 4150 τὴν
1256 4077 1400 4149 ζωὴν
1440 4078 1651 4148 ἔχοντα,
1689 4078 1784 4130 καὶ
1825 4075 1948 4129 οὕτε

367 4173 623 4226 ἀναπνεῖν
644 4172 934 4243 δυνάμενα,
966 4172 1087 4225 οὔτε
1109 4173 1206 4244 ζῇν
1222 4171 1320 4244 τὴν
1338 4169 1445 4224 τῶν
1461 4169 1760 4241 ἀνθρώπων
1781 4167 1945 4240 ζωὴν,

374 4263 508 4317 ἀλλὰ
534 4264 688 4334 δίκην
719 4263 914 4335 ἰχθύων
942 4266 1054 4326 τοῖς
1087 4258 1272 4335 ὑγροῖς
1299 4262 1670 4335 ἐμφερόμενα,
1705 4263 1752 4316 εί
1782 4263 1856 4334 μὴ
1878 4265 1944 4334 τῇ

371 4356 523 4428 παρά
553 4356 647 4410 τοῦ
691 4355 826 4409 Θεοῦ
867 4357 1079 4428 φυλακῇ
1118 4356 1486 4427 διεκρατεῖτο;
1527 4354 1652 4418 Πῶς
1693 4355 1736 4408 δ’
1769 4354 1835 4408 ἂν
1869 4356 1949 4418 εἰς

369 4448 460 4502 τὸν
498 4447 642 4519 ἀήθη
668 4447 858 4502 τοῦτον
885 4448 1187 4500 ἐκπεσόντα
1205 4448 1391 4512 τόπον,
1422 4448 1518 4501 καὶ
1540 4447 1648 4501 ἀπὸ
1674 4446 1772 4517 τῆς
1795 4447 1853 4499 ὲν
1879 4447 1944 4517 τῇ

375 4543 560 4612 μήτρᾳ
593 4541 926 4612 θερμότητος
965 4538 1041 4609 τῷ
1075 4539 1196 4610 ἀέρι
1230 4538 1640 4611 περιψυχόμενα
1674 4539 1777 4592 κᾶν
1810 4537 1948 4608 πρὸς

373 4636 435 4689 τὸ
479 4633 650 4705 βραχὺ
697 4632 1004 4703 διήρκεσεν.
1049 4631 1098 4682 εί
1144 4631 1218 4702 μὴ
1253 4631 1404 4703 παρά
1445 4631 1578 4684 Θεοῦ
1622 4629 1940 4697 διεσώζετο;

2119 3433 2175 3488 4.
2231 3435 2398 3489 Vens.
2439 3433 2494 3491 6.
2536 3434 2856 3493 Custodiens
2895 3434 3150 3505 parvulos
3184 3432 3480 3501 Dominus;
3524 3435 3625 3490 hu-

2049 3520 2286 3575 miliatus
2321 3539 2468 3590 sum,
2499 3535 2546 3578 et
2577 3526 2786 3580 salvum
2827 3542 2908 3579 me
2939 3526 3084 3595 fecit.
3120 3525 3247 3583 Sive
3269 3527 3502 3581 naturali
3532 3541 3623 3582 ra-

2050 3615 2194 3670 tione
2221 3615 2271 3670 id
2306 3616 2579 3686 accipias,
2612 3634 2718 3673 non
2753 3620 3082 3675 consisteret
3123 3620 3358 3675 humana
3401 3631 3619 3688 natura,

2048 3707 2094 3763 si
2130 3706 2168 3761 ii
2196 3707 2288 3778 qui
2319 3717 2446 3763 sunt
2478 3723 2704 3778 prorsus
2741 3710 2951 3779 parvuli
2992 3719 3048 3764 et
3082 3709 3256 3764 adhuc
3288 3709 3560 3778 infantes,
3589 3728 3620 3767 a

2049 3798 2280 3854 Domino
2313 3815 2420 3854 non
2455 3801 2881 3856 custodirentur.
2919 3803 3199 3868 Quomodo
3236 3801 3378 3857 enim
3425 3803 3520 3873 qui
3566 3803 3621 3858 in

2048 3899 2206 3946 utero
2228 3900 2532 3963 gestantur,
2563 3892 2756 3946 nutriri
2787 3901 2882 3946 aut
2909 3895 3113 3948 moveri
3141 3901 3386 3963 possent,
3412 3910 3534 3949 cum
3567 3895 3623 3951 in

2049 3983 2238 4053 Spatiis
2262 3983 2395 4038 adeo
2426 3984 2692 4054 angustis,
2727 3983 2782 4038 in
2808 3985 3006 4054 quibus
3037 3985 3184 4042 nullo
3215 3986 3375 4041 modo
3405 4002 3464 4043 se
3491 4003 3622 4043 con-

2051 4086 2263 4132 vertere
2294 4091 2358 4131 ac
2386 4092 2606 4131 versare
2634 4076 2815 4146 liceat,
2853 4078 3226 4145 diversentur,
3253 4080 3347 4135 sed
3383 4081 3436 4134 in
3474 4089 3624 4136 tene-

2050 4169 2227 4224 brosis
2260 4178 2315 4223 et
2345 4169 2580 4225 humidis
2611 4168 2744 4227 locis
2769 4171 2974 4237 vivant,
3002 4186 3180 4242 neque
3213 4172 3507 4243 respirare,
3535 4188 3624 4228 ne-

2051 4276 2156 4330 que
2181 4262 2460 4316 hominum
2492 4263 2660 4318 vitam
2697 4263 2880 4318 vivere
2907 4263 3174 4330 valentes,
3209 4266 3304 4320 sed
3344 4266 3516 4321 instar
3543 4267 3626 4335 pi-

2051 4355 2222 4409 scium
2247 4351 2425 4410 ﬂuidis
2447 4355 2777 4421 innatantes,
2807 4355 2912 4411 nisi
2945 4356 3038 4410 Dei
3066 4357 3310 4412 custodia
3336 4372 3622 4413 servaren-

2052 4447 2178 4502 tur?
2229 4446 2510 4514 Quomodo
2565 4463 2754 4503 rursus
2804 4450 2871 4504 ad
2915 4449 3196 4507 insolitum
3251 4449 3396 4505 hunc
3445 4451 3622 4506 locum

2050 4540 2243 4610 elapsi,
2277 4548 2331 4595 et
2355 4550 2476 4609 post
2506 4541 2642 4596 uteri
2671 4541 2908 4596 calorem
2939 4557 3064 4596 aere
3089 4541 3414 4612 refrigerati,
3447 4542 3532 4598 vel
3556 4542 3625 4600 ad

2051 4631 2214 4686 breve
2262 4639 2474 4701 tempus
2522 4632 2916 4702 persisterent,
2963 4632 3066 4686 nisi
3107 4646 3136 4686 a
3183 4633 3294 4687 Deo
3335 4647 3625 4688 conserva—

375 4725 718 4782 Φυλάσσων
753 4719 846 4778 οὖν
877 4722 950 4778 τὰ
973 4722 1162 4790 νήπια
1186 4727 1218 4777 ὁ
1243 4726 1458 4792 Κύριος
1478 4743 1490 4755 ·
1522 4725 1943 4793 ἐταπεινώθην,

2057 4722 2289 4777 rentur?
2316 4722 2630 4778 Custodiens
2667 4739 2796 4795 ergo
2838 4725 3084 4794 paruulos
3115 4723 3407 4790 Dominus;
3449 4723 3624 4778 humi-

373 4819 472 4875 καί
503 4819 700 4873 ἔσωσέ
725 4833 821 4886 με.
851 4818 924 4870 ’Ἡ
951 4817 1046 4870 καὶ
1082 4816 1224 4870 οὕτω
1252 4819 1466 4888 νοήσεις
1501 4816 1592 4872 τὸν
1621 4817 1794 4888 λόγον·
1823 4818 1947 4870 Ὅτι

375 4909 564 4981 ἐπειδὴ
604 4909 902 4979 ὲστράφην,
939 4908 1034 4962 καὶ
1073 4909 1340 4979 ἐγενόμην
1382 4907 1458 4972 ὡς
1497 4908 1558 4962 τὸ
1591 4909 1804 4981 νήπιον,
1853 4907 1948 4961 καὶ

375 4998 642 5070 ἐδεξάμην
665 4998 761 5070 τὴν
789 4998 1195 5068 βασιλείανςτῶν
1221 4999 1464 5070 οὐρανῶν
1489 5000 1564 5064 ὼς
1597 5000 1826 5064 παιδίον,
1851 4999 1945 5054 καὶ

376 5093 463 5147 διὰ
489 5093 588 5164 τῆς
613 5090 846 5154 ἀκακίας
875 5091 1121 5161 ἐμαυτὸν,
1146 5091 1227 5155 είς
1250 5091 1350 5165 τὴν
1375 5090 1483 5146 τῶν
1508 5091 1735 5146 παιδίων
1761 5089 1946 5145 ταπεί-

453 5273 497 5305 ¹⁵⁷
535 5272 670 5329 Gen.
707 5286 790 5338 ιιι,
819 5270 873 5326 9.

2054 4820 2216 4874 tiatus
2263 4836 2404 4885 sum,
2453 4827 2500 4874 et
2544 4821 2762 4874 servavit
2819 4836 2918 4873 me.
2975 4819 3085 4873 Aut
3137 4821 3300 4875 etiam
3345 4819 3426 4874 sic
3459 4819 3623 4874 verba

2057 4907 2247 4961 isthmc
2277 4906 2584 4976 intelligere
2616 4905 2824 4976 poteris
2857 4924 2870 4960 :
2907 4906 3356 4977 Quandoquidem
3391 4922 3622 4964 conver-

2055 5012 2149 5053 sus
2195 5013 2351 5063 sum,
2386 5009 2442 5054 et
2474 4997 2649 5053 factus
2694 5013 2813 5053 sum
2866 5006 2927 5054 ut
2966 4998 3256 5068 parvulus,
3288 5012 3354 5054 ac
3398 5013 3624 5068 regnum

2053 5089 2312 5145 caelorum
2350 5089 2497 5146 velut
2527 5104 2661 5161 puer
2689 5089 2928 5161 suscepi,
2956 5104 3149 5161 meque
3191 5089 3308 5161 ipse
3339 5103 3437 5160 per
3465 5089 3632 5169 inno-l

454 5449 564 5520 (‘24)
598 5448 688 5502 Sic
715 5454 917 5520 septem
935 5461 1096 5520 mss.
1115 5445 1182 5499 At
1199 5445 1596 5520 editrsmmv.
1618 5445 1770 5502 Haud
1792 5445 1953 5516 longe
2059 5449 2377 5520 quibusdam
2416 5463 2553 5504 mss.

383 5511 514 5581 Reg.
548 5509 818 5589 secundus
853 5517 1136 5589 ἀσθένειαν
1173 5509 1594 5589 μεταϐληθέντα.

454 5589 565 5657 (25)
599 5587 729 5660 Reg.
759 5588 1030 5643 secundus
1061 5586 1541 5644 ὲνεκαλεῖτο.Μοι
1587 5589 1720 5660 Reg.
1752 5586 1949 5644 tertius

381 5659 491 5712 οἴου
518 5657 822 5728 γεγένηται.

458 5729 569 5788 (26)
599 5726 712 5784 Sic‘
737 5742 870 5785 mss.
907 5735 1038 5786 tres.
1080 5726 1259 5799 .Deest
1298 5727 1332 5797 ή
1377 5726 1430 5783 in
1460 5727 1618 5786 editis
1648 5737 1702 5785 et
1731 5729 1785 5786 in
1823 5727 1942 5785 aliis

2128 5519 2241 5590 (27)
2270 5518 2553 5590 ltaﬁeditio
2584 5517 2775 5590 ,Basil.
2801 5524 2880 5590 et_
2905 5516 3045 5590 Oliv.
3092 5524 3147 5590 et
3173 5513 3416 5590 Conibef.
3445 5513 3621 5590 ct_alii

2057 5585 2284 5658 septem.
2349 5589 2524 5644 Editio
2574 5589 2752 5645 Paris.
2797 5587 2892 5642 καὶ
2930 5586 3200 5658 μηδεμίαν
3250 5587 3463 5658 ἔχουσιν
3493 5585 3622 5639 ἀνα-

2061 5661 2252 5732 πνοήν,
2281 5658 2346 5714 In
2377 5661 2562 5730 quibus
2592 5676 2684 5716 nec
2713 5661 2970 5730 respirare
2999 5660 3174 5713 liceat.
