4016 6220
411 294 510 347 4‘3!

1754 303 1811 367 S.
1860 305 2106 363 BASlLll
2138 305 2354 371 MAGNI

3554 312 3677 370 492

411 411 649 464 centiam
685 410 753 465 ad
798 409 1086 482 puerorum
1120 406 1475 472 humilitatem
1509 417 1700 473 demisi
1740 436 1755 474 :
1793 421 1984 475 Custo-

2089 439 2248 479 νωσιν
2288 422 2598 494 κατήγαγον
2617 439 2630 453 ο
2670 422 2732 476 Ὃ
2752 420 3093 493 φυλάσσων
3113 424 3184 480 τὰ
3202 423 3389 492 νήπια
3413 427 3672 495 Κύριος,

411 501 562 556 diem
603 505 855 572 parvulos
899 504 1177 575 Dominus,
1210 510 1463 579 quoniam
1500 512 1813 568 humiliatus
1840 530 1976 581 sum,

411 595 634 647 servavit
666 611 765 650 me.

487 683 544 738 ὅ.
588 684 748 741 Vens.
790 685 841 740 'l.
884 686 1223 754 Convertere,
1266 693 1445 746 anima
1475 710 1624 761 mea,
1655 695 1709 748 in
1751 696 1981 765 requiem

412 785 596 841 tuam,
623 779 748 846 quia
794 777 1048 834 Dominus
1084 781 1329 851 benefecit
1365 785 1478 839 tibi.
1531 785 1644 840 Sibi
1680 787 1780 857 ipsi
1816 787 1980 842 verba

412 867 775 923 consolatorie
814 871 1066 939 praponit
1113 873 1290 927 bonus
1336 875 1575 943 athleta,
1626 878 1882 933 similiter
1915 896 1980 935 ac

413 959 643 1028 Paulus,
679 962 866 1017 dicens
909 980 926 1019 :
962 964 1167 1018 Bonum
1216 976 1478 1022 certamen
1509 972 1733 1032 certavi,
1770 987 1981 1026 cursum

415 1056 805 1118 consummavi,
844 1057 1000 1124 ﬁdem
1031 1061 1269 1125 servavi;
1301 1060 1357 1114 in
1400 1062 1598 1132 reliquo
1633 1065 1864 1132 reposita
1902 1075 1982 1120 est

413 1143 544 1195 mihi
570 1152 765 1198 curona
786 1145 1012 1214 justitia:
1041 1147 1108 1203 ⁸⁸.
1154 1148 1279 1204 Haec
1307 1166 1523 1221 quoque
1552 1154 1654 1207 sibi
1687 1154 1815 1208 dicit
1843 1153 1980 1210 Pro-

412 1233 577 1302 pheta
612 1256 624 1291 :
661 1235 927 1311 Quoniam
974 1238 1098 1304 vita:
1142 1239 1300 1310 hujus
1332 1258 1550 1298 cursum
1588 1246 1721 1300 satis
1759 1245 1977 1316 longum

414 1325 662 1394 explesti,
713 1327 1020 1383 Convertere
1064 1332 1134 1387 de
1185 1342 1383 1387 caetero
1430 1335 1485 1387 in
1530 1337 1757 1403 requiem
1809 1346 1979 1403 tuam,

415 1415 540 1482 quia
561 1414 816 1479 Dominus
837 1417 1086 1487 benefecit
1102 1420 1215 1473 tibi.
1237 1420 1516 1488 Siquidem
1541 1422 1607 1475 iis
1622 1423 1712 1490 qui
1740 1422 1979 1491 legitime

416 1507 472 1561 in
501 1509 604 1563 hac
632 1509 741 1563 vita
773 1510 1138 1576 decertarunt,
1177 1513 1508 1582 sempiterna
1540 1515 1757 1582 requies
1785 1529 1978 1584 propo-

415 1599 522 1653 sita
560 1609 666 1662 est,
698 1616 817 1671 quae
860 1617 962 1656 non
993 1616 1060 1656 ex
1091 1617 1315 1672 cperum
1348 1604 1532 1659 debito
1569 1606 1842 1671 tribuitur,
1889 1607 1983 1661 sed

417 1707 483 1749 ex
515 1692 607 1747 Dei
639 1693 1125 1755 munificentissimi
1152 1697 1351 1765 gratia,
1383 1696 1449 1752 iis
1472 1698 1563 1767 qui
1596 1697 1651 1751 in
1686 1698 1803 1766 ipso
1829 1713 1979 1766 spem

2081 515 2272 585 ἐπειδὴ
2299 512 2721 584 ὲταπεινώθην,
2752 514 2951 572 ἐσωσέ
2983 515 3095 587 (28)
3114 533 3213 586 με.

2168 692 2220 746 5.
2274 692 2705 759 Ἐπίστρεψσν,
2736 689 2905 762 ψυχή
2943 711 3095 764 μου,
3120 695 3206 758 είς
3240 691 3355 761 τὴν
3380 692 3664 748 ἀνάπαυ-

2082 798 2188 847 σιν
2204 800 2343 853 σου,
2373 782 2462 836 ὅτι
2485 784 2697 852 Κύριος
2735 782 3097 853 εὐηργέτησέ
3127 798 3218 839 σε.
3246 784 3449 856 Ἑαυτῷ
3476 801 3662 857 προσ-

2089 876 2212 946 άγει
2240 877 2365 938 τοὺς
2399 875 2845 946 παρακλητικοὺς
2868 875 3059 943 λόγους
3080 878 3110 930 ό
3140 876 3305 939 καλὸς
3327 877 3657 947 ἀγωνιστὴς,

2081 966 2477 1039 παραπλησίως
2508 965 2586 1037 τῷ
2607 965 2801 1036 Παύλῳ
2822 966 2994 1035 λέγων
3014 983 3029 998 ·
3058 966 3169 1021 Τὸν
3194 967 3391 1038 ἀγῶνα
3412 968 3516 1021 τόν
3546 986 3661 1022 καμ-

2083 1060 2198 1113 λὸν
2222 1059 2575 1129 ἠγώνισμαι,
2601 1059 2707 1112 τὸν
2737 1058 2956 1127 δρόμον
2979 1056 3276 1125 τετέλεκα,
3302 1059 3415 1128 τὴν
3442 1061 3660 1115 πίστιν

2082 1150 2409 1220 τετήρηκαν
2444 1151 2662 1217 λοιπόν
2685 1151 2991 1204 ἀπόκειταί
3013 1168 3115 1220 μοι
3145 1155 3178 1205 ὁ
3206 1151 3316 1221 τῆς
3342 1151 3655 1206 δικαιοσύ-

2083 1256 2196 1307 νης
2226 1238 2545 1308 στέφανος.
2583 1238 2771 1293 Ταῦτα
2803 1238 2950 1307 λέγει
2980 1238 3089 1311 (29)
3120 1240 3214 1293 xui.
3243 1241 3379 1311 πρὸς
3406 1242 3598 1295 ἑαυτὸν
3626 1241 3657 1295 ὀ

2088 1328 2415 1399 Προφήτης·
2460 1327 2678 1399 Ἐπειδὴ
2713 1328 2913 1392 ἱκανῶς
2943 1327 3036 1381 τοῦ
3070 1327 3186 1398 βίου
3216 1328 3405 1382 τούτου
3437 1330 3529 1383 τὸν
3561 1330 3719 1412 δο>

2084 1418 2230 1488 λιχδν
2277 1417 2682 1490 ὲξεπλήρωσας,
2739 1420 3136 1488 Ἐπίστρεψον
3177 1421 3361 1475 λοιπὸν
3405 1424 3493 1488 εὶς
3536 1422 3658 1491 τὴν

2083 1508 2430 1564 ἀνάπαυσιν
2456 1525 2594 1574 σου,
2628 1510 2717 1563 ὅτι
2745 1512 2961 1579 Κύριος
2992 1511 3353 1583 εὑηργέτησέ
3382 1528 3479 1568 σε.
3512 1514 3657 1584 Πρό-

2086 1614 2263 1651 κειται
2291 1597 2399 1669 γὰρ
2444 1599 2748 1662 ἀνάπαυσις
2789 1600 2983 1654 αίωνία
3023 1603 3132 1664 τοῖς
3171 1601 3417 1672 νομίμως
3442 1602 3530 1655 τὸν
3566 1605 3659 1657 ὲν-

2084 1688 2265 1742 ταῦθα
2290 1688 2608 1761 διαθλήσασι
2635 1689 2768 1760 βίον,
2793 1691 2854 1744 οὐ
2884 1692 3025 1746 κατά
3050 1692 3322 1763 ὀφείλημα
3344 1693 3457 1749 τῶν,
3478 1694 3657 1766 ἔργων

416 1785 674 1850 habuere,
703 1787 880 1840 datur.
915 1785 1135 1854 Deinde,
1168 1788 1484 1858 priusquam
1514 1790 1656 1845 bona
1694 1790 1802 1845 illic
1834 1805 1984 1859 repo-

2089 1781 2446 1852 ἀποδιδομένη
2496 1782 2629 1853 (50),
2665 1782 2801 1835 ἀλλά
2841 1784 2981 1838 κατά
3018 1785 3176 1855 χάριν
3215 1783 3309 1837 τοῦ
3350 1784 3659 1854 μεγαλοδιῖι-

418 1878 522 1932 sita
553 1888 792 1945 enarret,
823 1879 1092 1948 quomodo
1134 1894 1165 1934 a
1200 1882 1387 1937 mundi
1426 1881 1690 1936 molestiis
1720 1883 1985 1939 liberatus

418 1970 513 2035 sit,
548 1983 871 2034 recensens,
905 1984 1004 2040 pro
1041 1970 1106 2026 iis
1141 1972 1347 2041 gratias
1375 1973 1485 2042 agit
1515 1973 1818 2027 animarum
1851 1973 1985 2028 libe-

417 2060 606 2124 ratori,
638 2060 731 2128 qui
770 2074 837 2114 ex
873 2061 1018 2115 varia
1064 2068 1119 2114 et
1151 2060 1452 2117 inevitabili
1485 2061 1840 2132 cupiditatum
1870 2076 1986 2117 ser-

419 2152 592 2205 vitute
626 2152 802 2221 ipsum
845 2152 1065 2207 exemit.
1097 2151 1230 2219 Quae
1270 2162 1450 2207 autem
1481 2162 1607 2207 sunt
1637 2154 1791 2208 lucc?
1818 2154 1982 2210 Vens.

419 2243 475 2296 8.
514 2240 651 2306 Quia
680 2242 870 2310 eripuit
896 2243 1127 2295 animam
1155 2258 1323 2296 meum
1346 2244 1410 2297 de
1431 2254 1615 2308 morte,
1644 2243 1820 2297 oculos
1845 2259 1984 2299 meos

421 2349 454 2385 τι
480 2333 752 2403 lacrymis,
783 2342 831 2386 et
861 2334 1014 2401 pedes
1061 2349 1199 2391 meos
1230 2351 1262 2387 a
1304 2334 1478 2405 lapsu.
1515 2333 1716 2389 Rerum
1749 2350 1987 2404 praesen-

422 2422 556 2476 tium
586 2416 995 2493 Comparatione
1024 2423 1259 2478 futuram
1288 2425 1551 2479 describit
1581 2426 1850 2495 requiem.
1887 2425 1985 2481 Hic

422 2514 588 2577 enim,
627 2515 825 2584 inquit,
856 2514 1334 2572 circumdederunt
1367 2532 1453 2573 me
1488 2518 1701 2573 dolores
1749 2518 1980 2574 mortis:

422 2602 533 2658 illic
560 2618 688 2657 vero
715 2597 914 2673 eripuit
944 2606 1181 2659 animam
1210 2620 1385 2661 meam
1421 2622 1449 2660 a
1481 2619 1674 2663 morte.
1706 2607 1806 2664 Hic
1843 2610 1984 2665 oculi

423 2692 797 2765 lacrymantur
833 2710 901 2750 ex
955 2694 1293 2754 afﬂictione:
1348 2698 1508 2768 203
1550 2699 1658 2754 illic
1701 2716 1830 2756 vero
1878 2717 1986 2756 non

425 2786 660 2855 amplius
688 2785 938 2857 lacrymze
963 2788 1214 2843 tenebras
1240 2790 1457 2858 pupillis
1476 2789 1751 2847 ell'undunt
1776 2807 1985 2860 eorum,

428 2877 520 2947 qui
564 2878 1018 2951 contemplatione
1068 2881 1487 2952 pulchritudinis
1540 2884 1839 2954 majestatis
1894 2886 1986 2940 Dei

428 2960 788 3025 obiectantur.
817 2972 1041 3026 Abstulit
1068 2974 1209 3038 enim
1229 2973 1368 3027 Deus
1389 2989 1592 3028 cantem
1614 2976 1901 3047 Iacrymam
1923 2977 1988 3031 ab

426 3062 577 3115 omni
600 3061 736 3130 facie
756 3060 824 3114 δ’.
871 3060 971 3116 Hie
1002 3078 1257 3139 magnum
1289 3075 1371 3119 est
1396 3066 1621 3121 cadendi
1651 3068 1944 3136 periculum
1971 3083 1987 3122 :

426 3165 756 3226 quapropter
776 3164 832 3210 et
852 3153 1254 3210 Paulusaiebat
1286 3175 1300 3211 :
1335 3156 1437 3222 Qui
1463 3174 1517 3211 se
1538 3158 1814 3212 existimat
1848 3170 1991 3216 stare

427 3236 597 3301 videat
621 3264 683 3301 ne
703 3252 859 3302 cadat
875 3248 945 3302 ".
963 3244 1076 3304 Illic
1096 3257 1275 3303 autem
1296 3250 1436 3303 lii-mi
1457 3260 1582 3305 sunt
1603 3267 1822 3321 gressus
1844 3271 1857 3307 :
1884 3254 1994 3309 vita

428 3338 810 3406 immutabilis;
833 3355 937 3395 non
958 3340 1187 3409 amplius
1206 3341 1505 3411 periculum
1526 3350 1607 3396 est
1636 3344 1687 3396 in
1711 3353 1991 3413 peccatum

427 3429 762 3500 prolabendi.
804 3430 987 3503 Neque
1013 3432 1157 3487 enim
1192 3433 1376 3487 carnis
1408 3441 1493 3487 est
1519 3433 1737 3488 rebellio
1768 3450 1784 3487 :
1819 3449 1995 3504 neque

429 3513 626 3593 mulier
654 3534 893 3581 mutuam
925 3522 992 3577 ad
1023 3533 1301 3593 peccatum
1328 3524 1538 3579 confert
1578 3540 1819 3597 operam.
1856 3525 1992 3581 Nam

428 3631 537 3670 non
559 3627 643 3671 est
663 3617 935 3671 masculus
955 3616 1221 3671 etfemina
1242 3618 1294 3671 in
1315 3618 1739 3683 resurrectione,
1766 3619 1860 3684 sed
1889 3632 1993 3672 una

429 3701 674 3770 qmedam
707 3702 813 3755 vita
858 3710 942 3757 est
981 3718 1045 3758 ac
1074 3702 1302 3773 simplex
1344 3717 1360 3755 :
1395 3702 1657 3773 siquidem
1692 3704 1781 3772 qui
1814 3704 1868 3758 in
1908 3719 1996 3760 re-

430 3793 589 3861 gione
608 3793 852 3848 vivorum
869 3794 1135 3865 habitant,
1151 3809 1248 3849 suo
1264 3795 1499 3865 ipsorum
1524 3794 1748 3849 Domino
1759 3795 1991 3865 placent.

432 3885 662 3941 Mundus
700 3887 788 3941 hic
833 3896 888 3942 et
933 3887 1048 3957 ipse
1097 3888 1411 3942 interiturus
1436 3896 1541 3959 est,
1570 3898 1624 3942 et
1654 3889 1995 3942 morientium

431 3986 517 4037 est
543 3977 716 4033 locus.
745 3977 1009 4045 Quoniam
1035 3979 1180 4041 enim
1209 3979 1501 4034 visibilium
1523 3981 1821 4035 substantia
1849 3997 1997 4036 com-

432 4070 609 4137 posita
639 4078 741 4134 est,
771 4080 825 4124 et
849 4070 1108 4139 quidquid
1138 4071 1489 4140 compositum
1533 4081 1635 4135 est,
1662 4072 1880 4128 dissolvi
1909 4090 1997 4129 so-

430 4160 525 4225 let,
550 4176 647 4217 nos
672 4162 763 4232 qui
791 4163 845 4216 in
872 4162 1070 4217 mundo
1097 4162 1429 4228 exsistimus,
1461 4179 1579 4218 cum
1610 4164 1792 4218 mundi
1816 4174 1997 4235 partes

431 4253 624 4317 simus,
663 4253 970 4308 necessario
1025 4263 1230 4309 naturae
1278 4254 1514 4309 universi
1559 4254 1820 4309 elﬁcimur
1864 4270 1998 4309 con-

431 4354 628 4402 sortes.
670 4343 1013 4419 Quareanle
1051 4346 1214 4400 etiam
1254 4361 1412 4416 quam
1442 4346 1618 4400 anima
1645 4361 1739 4415 per
1771 4355 1994 4411 mortem

2089 1889 2182 1944 pou
2209 1871 2343 1926 Θεοῦ
2373 1876 2485 1936 τοῖς
2524 1875 2604 1937 είς
2631 1874 2792 1927 αὑτὸν
2817 1874 3072 1944 ἡλπικόσι
3102 1877 3469 1947 παρεχομένη.
3496 1872 3657 1942 Εἶτα,

2086 1965 2215 2035 πρὶν
2238 1965 2307 2018 τὰ
2336 1965 2455 2019 ἐκεῖ
2480 1965 2660 2035 ἀγαθά
2689 1964 3074 2037 διηγήσασθαι,
3100 1966 3198 2037 τὴν
3233 1967 3519 2038 ἀποφυγὴν
3546 1967 3661 2021 τῶν

2083 2058 2177 2112 τοῦ
2210 2058 2425 2129 κόσμου,
2447 2057 2693 2130 ὀχληρῶν
2719 2057 3091 2129 διηγούμενος,
3122 2059 3215 2112 ἐπὶ
3239 2057 3451 2122 τούτοις
3490 2058 3661 2128 εὐχα-

2089 2156 2264 2224 ριστεῖ
2294 2151 2374 2223 τῷ
2389 2152 2738 2224 ,ἐλευθερωτῇ
2770 2153 2879 2207 τῶν
2908 2153 3116 2224 ψυχῶν,
3159 2151 3235 2223 τῷ
3265 2152 3365 2221 τῆς
3406 2151 3665 2221 ποικίλης

2086 2243 2246 2319 αὐτὸν
2277 2242 2388 2315 (51)
2430 2244 2525 2303 καὶ
2565 2244 2937 2315 ἀπαραιτήτου
2975 2243 3216 2307 δουλείας
3255 2243 3364 2296 τῶν
3395 2241 3715 2319 παθημάκμν

2086 2312 2192 2389 των
2230 2312 2621 2406 ἐξαιρουμένῳ.
2671 2312 2922 2401 Τίνα-δέ
2968 2337 3082 2391 ὲστι
3128 2334 3335 2400 rufam;
3383 2336 3514 2388 Ὅτι
3562 2312 3665 2398 ἐξἰ

2086 2428 2280 2481 είλετο
2309 2427 2424 2496 τὴν
2454 2427 2668 2496 ψυχήν·
2694 2445 2825 2497 μου.
2848 2428 2915 2482 ἐκ
2948 2426 3237 2491 θανάτου,
3272 2428 3413 2493 τοὺς
3438 2429 3667 2497 ὀφθαλ-

2081 2521 2235 2589 μούς
2255 2537 2375 2588 μου
2399 2518 2517 2573 ἀπὸ
2550 2519 2844 2588 δακρύων,
2875 2520 2975 2574 καὶ
3007 2520 3148 2586 τοὺς
3177 2520 3367 2586 πόδας
3395 2538 3512 2590 μου
3541 2519 3668 2574 ἀπὸ

2088 2611 2506 2679 ὀλισθήματος.
2561 2610 2850 2683 Συγκρίσει
2900 2611 3009 2679 τῶν
3061 2605 3163 2664 ὦδε
3208 2611 3306 2681 τὴν
3365 2611 3668 2681 μέλλουσαν

2089 2701 2393 2755 ἀνάπαυσιν
2439 2702 2752 2774 διαγράφει.
2798 2701 3060 2756 Ἐνταῦθα
3091 2702 3200 2774 γάρ
3243 2720 3330 2773 με,
3364 2703 3529 2772 φησι,
3564 2718 3669 2754 πε·-

2092 2794 2304 2867 ριέσχον
2335 2794 2520 2859 ὠδῖνες
2554 2796 2783 2850 θανάτου
2803 2814 2816 2826 ’
2860 2798 2976 2850 ἐκεῖ
3006 2798 3061 2850 δὲ
3091 2795 3324 2860 ἐξείλετο
3353 2797 3452 2868 τὴν
3479 2797 3666 2866 ψυχήν

2093 2901 2193 2955 μου
2228 2886 2291 2938 ὲκ
2339 2882 2589 2938 θανάτου.
2643 2884 2906 2938 Ἐνταῦθα
2939 2886 2986 2937 οἱ
3032 2883 3299 2955 ὀφθαλμοὶ
3343 2884 3404 2937 τὸ
3453 2885 3563 2955 (3‘2)
3594 2887 3665 2939 ἐκ

2089 2975 2189 3045 τῆς
2227 2973 2449 3044 θλίψεως
2486 2974 2775 3046 προχέουσι
2803 2975 3035 3046 δάκρυον
3055 2992 3069 3005 ⁸
3108 2977 3227 3029 ἐκεῖ
3261 2975 3319 3028 δὲ
3343 2974 3525 3029 οὐκέτι
3565 2975 3665 3029 δά-

2015 3098 2063 3162 C
2092 3083 2257 3138 κρυον
2299 3066 2619 3121 ἐπισκοτοῦν
2669 3069 2790 3131 ταῖς
2834 3067 3021 3140 κόραις
3053 3065 3174 3135 ξτῶν
3220 3066 3667 3137 εὐφραινομένων

2093 3162 2159 3230 τῇ
2192 3158 2394 3230 θεωρίᾳ
2416 3158 2511 3212 τοῦ
2542 3158 2772 3223 κάλλους
2797 3158 2895 3229 τῆς
2918 3159 3075 3230 δόξης
3097 3157 3192 3212 τοῦ
3222 3159 3379 3212 Θεοῦ.
3426 3157 3664 3227 Ἀφεῖείε

2088 3248 2203 3321 ’γὰρ
2228 3254 2262 3304 ὁ
2295 3249 2437 3316 Θεὸς
2467 3248 2591 3305 πᾶν
2617 3249 2880 3318 δάκρυον
2905 3250 3024 3305 ἀπὸ
3054 3251 3278 3317 παντὸς
3314 3245 3735 3319 προσώπονῗ

2107 3341 2365 3395 Ἐνταῦοα
2397 3341 2562 3405 πολὺς
2590 3342 2621 3394 ὁ
2649 3342 2891 3405 κίνδυνος
2918 3342 3011 3396 τοῦ
3041 3342 3399 3415 ὀλισθήματος
3417 3360 3432 3373 ο
3455 3341 3536 3395 διὸ
3563 3344 3665 3396 καὶ

2094 3431 2303 3496 Παῦλος
2334 3430 2548 3501 ἕλεγὲνο
2610 3433 2662 3485 Ὁ
2711 3430 2907 3487 δοκῶν
2956 3432 3201 3486 ἑστάναι
3242 3432 3519 3499 ,ϐλεπέτω
3572 3434 3659 3504 μὴ

2094 3525 2274 3594 πέσῃ.
2310 3526 2458 3586 Ἐκεῖ
2475 3525 2530 3578 δὲ
2550 3524 2734 3592 πάγιοι
2755 3525 2808 3579 αἱ
2826 3523 3029 3593 βάσεις·
3053 3526 3448 3598 ἀπερίτρεπτος
3471 3525 3660 3597 ήξωήο

2093 3616 2274 3670 οὐκέτι
2296 3616 2534 3680 κίνδυνος
2549 3615 2683 3687 πρὸς
2708 3617 2981 3686 ἁμαρτίαν
3003 3618 3376 3690 ὑπενεχθῆναι.
3395 3616 3532 3671 Οὔτε
3551 3618 3662 3688 γὰρ

2096 3707 2295 3779 σαρκὸς
2331 3708 2723 3771 ἐπανάστασις,
2762 3704 2885 3759 οὔτε
2928 3710 3186 3775 γυναικὸς
3228 3709 3485 3780 συνεργία
3524 3707 3665 3779 πρὸς

2094 3798 2383 3870 ἁμαρτίαν.
2408 3796 2548 3851 Διότι
2570 3798 2669 3850 οὐκ
2694 3795 2771 3850 ἔνι
2794 3795 2959 3866 ἄρσεν
2986 3798 3080 3850 καὶ
3102 3798 3233 3867 θῆλυ
3259 3798 3317 3851 ἐν
3334 3800 3401 3868 τῇ
3435 3797 3664 3852 ἀναστά-

2097 3906 2199 3954 σει,
2234 3889 2368 3942 ἀλλὰ
2396 3890 2492 3959 μία
2517 3889 2601 3952 τίς
2630 3891 2743 3943 ἐστι
2778 3890 2890 3965 ζωὴ
2930 3890 3039 3961 (55)
3072 3890 3163 3943 καὶ
3194 3890 3539 3959 μονότροπος,
3581 3890 3663 3941 εὑ-

2095 3979 2465 4051 αρεστούντων
2493 3978 2571 4060 τῷ
2600 3979 2809 4032 ἑαυτῶν
2836 3980 3080 4051 Δεσπότῃ
3112 3978 3218 4031 τῶν
3260 3977 3662 4031 κατοικούντων

2097 4069 2153 4122 ἐν
2184 4071 2250 4139 τῇ
2279 4068 2431 4143 χώρα
2455 4059 2564 4120 τῶν
2596 4066 2830 4131 ζώντων.
2886 4068 2950 4131 Ὀ
2982 4066 3185 4136 κόσμος
3212 4059 3375 4146 οὗτος,
3395 4065 3555 4126 αὑτός
3603 4063 3717 4139 τέ’.

2096 4144 2212 4212 ἐστι
2233 4159 2442 4230 θνητὸς,
2465 4156 2557 4212 καὶ
2592 4158 2788 4228 χωρίον
2805 4156 3250 4227 ἀποθνησκόντων
3269 4144 3401 4226 (Si).
3445 4155 3664 4228 Ἐπειδὴ

2095 4252 2203 4324 γὰρ
2233 4251 2483 4314 σύνθετός
2511 4253 2624 4303 ἐστι
2656 4250 2766 4304 τῶν
2796 4250 3085 4323 ὁρωμένων
3124 4252 3157 4322 ἡ
3205 4249 3480 4313 σύστασις,
3509 4249 3575 4301 τὸ
3598 4249 3666 4301 ’δὲ

2100 4346 2348 4399 σύνθετον
2380 4345 2524 4398 ἅπαν
2553 4342 2859 4396 διαλύεσθαι
2904 4343 3166 4411 πέφυκεν,
3197 4343 3246 4394 οἱ
3278 4344 3337 4395 ὲν
3367 4341 3445 4412 τῷ
3475 4341 3666 4411 κόσμῳ

431 4453 467 4491 a
493 4451 720 4506 corpore
754 4446 1055 4509 separetur,
1088 4438 1348 4492 morimur
1390 4453 1530 4505 saepe
1574 4438 1838 4494 homines.
1884 4439 1988 4493 Ne-

2102 4440 2273 4501 όντες,
2309 4438 2450 4508 μέρη
2482 4435 2633 4499 ὄντες
2677 4434 2771 4487 τοῦ
2822 4436 3050 4506 κόσμου,
3096 4435 3405 4503 ἀναγκαίως
3432 4434 3531 4504 τῆς
3569 4433 3665 4486 τοῦ

431 4543 537 4596 que
559 4542 687 4583 vero
713 4529 911 4583 dictum
955 4528 1057 4582 hoc
1099 4527 1195 4582 tibi
1238 4526 1481 4581 videatur
1515 4532 1868 4598 paradoxum,
1897 4530 1994 4584 sed

432 4618 512 4673 rei
543 4619 711 4687 ipsius
737 4619 1019 4693 considera
1046 4619 1351 4676 veritatem.
1392 4619 1599 4688 Quippe
1628 4628 1819 4675 natura
1846 4636 1996 4676 com-

2103 4529 2301 4592 παντὸς
2337 4527 2549 4596 φύσεως
2577 4526 2938 4597 ἀπολαύομεν.
2971 4526 3067 4579 Διά
3105 4526 3263 4579 τοῦτο
3288 4527 3383 4580 καὶ
3408 4527 3536 4598 πρὶν
3570 4526 3664 4580 θα-

2078 4622 2246 4692 ᾼνάτῳ
2276 4620 2374 4691 τὴν
2404 4618 2580 4690 ψυχὴν
2628 4616 3010 4687 διαζευχθῆναι
3060 4617 3155 4692 τοῦ
3195 4616 3479 4688 σώματος,
3533 4619 3664 4670 ἀπο⁴

432 4722 679 4767 naratum
710 4720 815 4778 est,
844 4721 904 4767 ut
940 4712 1103 4766 homo
1133 4710 1186 4765 in
1220 4711 1392 4766 tribus
1417 4725 1680 4767 annorum
1711 4712 1988 4767 hebdoma-

2089 4680 2703 4783 ‘Dvﬁexouev'at'o‘iildxt;
2731 4680 2778 4762 oi
2804 4680 3238 4795 ὦνθρωποῦιςαὶ
3372 4680 3666 4779 παράδοξον

501 4891 625 4945 “ill
667 4889 807 4946 Tim.
850 4908 922 4958 ιν,
956 4885 1007 4957 7;
1050 4864 1111 4967 9,
1197 4892 1242 4925 ιν
1282 4893 1383 4948 lsa.
1419 4909 1544 4958 ην,
1577 4893 1631 4947 8.
1662 4938 1675 4954 ,
1703 4892 1751 4923 ιο
1783 4891 1798 4945 l
1836 4892 1960 4955 Cor.
1993 4909 2046 4957 κ,
2084 4892 2171 4946 l2.

507 5090 620 5163 (‘28)
647 5089 740 5145 Sic
767 5090 934 5163 editio
966 5089 1133 5144 Basil.
1165 5103 1286 5143 cum
1314 5105 1552 5163 quinque
1580 5090 1809 5163 mss._At
1836 5089 2001 5163 editio

431 5159 755 5216 Paris.cum
810 5160 1148 5214 Cullnsexto
1204 5163 1296 5213 καὶ
1349 5162 1541 5214 ἔσωσε.
1598 5160 1790 5214 Statim
1844 5159 1997 5214 Coll).

431 5240 655 5302 quartus
683 5230 1016 5302 εὐηργέτησᾷ
1052 5247 1140 5301 με.
1251 5300 1259 5302 _
1418 5300 1426 5302 Α
1664 5300 1675 5302 _
1711 5299 1719 5302 _
1869 5239 1877 5302 ξ

504 5302 619 5381 (⁸29)
653 5295 841 5381 ειιξίξσ
867 5295 1033 5381 Baisil.
1053 5295 1181 5381 cum
1213 5300 1461 5369 plurimis
1491 5314 1622 5354 mss.
1663 5299 1830 5381 λέγει..
1867 5295 1997 5381 Edi-

432 5368 519 5425 tio'
540 5372 718 5443 Paris.
739 5371 896 5443 λέγῃ.
940 5368 1094 5425 Hand
1133 5368 1290 5441 longe
1338 5386 1470 5425 mss.
1503 5368 1742 5424 nonnulli
1774 5368 2000 5439 εὐηργὲο

428 5442 563 5511 τησὲ
592 5459 683 5513 με.

504 5508 615 5573 (ὅθ’)
640 5512 715 5581 Ita
741 5511 981 5579 quinque
1014 5526 1144 5566 mss.
1179 5510 1249 5566 At
1280 5511 1408 5565 editi
1437 5508 1824 5581 ἀποδεδομένη.

508 5581 625 5657 (51)
651 5578 907 5657 siceum
939 5596 1060 5634 cum
1094 5582 1297 5657 __multis
1331 5596 1463 5657 mss.
1514 5585 1583 5657 At
1616 5578 2002 5657 _I{eg.'lertins

438 5663 557 5721 cum
587 5650 741 5707 Colb.
769 5660 923 5706 sexto
953 5650 1205 5721 ποικίλης
1231 5651 1427 5721 αὐτάςἐ
1473 5651 1561 5720 qui
1610 5652 1749 5716 ipsas
1782 5650 1998 5721 exemit.

438 5718 587 5773 (λου).
619 5732 843 5790 quartus
872 5721 1120 5789 ποικίλης
1143 5718 1365 5789 ταύτης.
1399 5718 1566 5776 Paulo
1589 5731 1709 5781 post
1731 5720 1856 5775 editi
1881 5735 2000 5775 cum

2072 5088 2289 5156 .multis
2343 5102 2473 5141 mss.
2513 5094 2568 5141 et
2612 5101 2743 5156 cum,
2791 5085 2935 5141 LXX
2967 5104 3063 5141 και
3102 5086 3228 5148 τοὺς
3272 5084 3481 5156 πόδας.
3507 5084 3667 5156 Deest

2107 5158 2201 5211 καί
2232 5152 2285 5211 in
2316 5158 2524 5212 duobus
2556 5155 2852 5223 codicibus,
2884 5157 3203 5227 quibuscum
3242 5155 3512 5211 consentit
3538 5152 3667 5208 Vul-

2101 5237 2289 5367 Βὸἱῗῖξ)
2326 5297 2469 5351 Edili
2493 5295 2761 5368 ὀφθαλμοί
2782 5315 2907 5368 μου.
2939 5296 3101 5368 Abest
3124 5313 3231 5368 μου
3279 5310 3310 5348 a
3348 5309 3456 5368 sex
3508 5309 3665 5368 mss_.,

2104 5364 2205 5421 nec
2252 5364 2474 5421 dubium
2523 5364 2882 5434 quin'llleiilis
2928 5366 3085 5420 desit.
3123 5364 3245 5417 Haec
3274 5365 3417 5418 enim
3464 5378 3567 5417 non
3598 5365 3667 5419 de

2107 5437 2283 5491 oculis
2312 5437 2493 5502 unius,
2524 5433 2616 5490 sed
2643 5438 2708 5490 de
2735 5437 2906 5490 oculis
2926 5436 3162 5488 omnium
3187 5436 3278 5502 qui
3310 5433 3471 5485 vitam
3505 5443 3666 5488 aeter-

2109 5521 2232 5560 nam
2273 5516 2693 5575 consequentur,
2721 5506 3033 5575 accipienda
3061 5519 3182 5558 esse
3222 5503 3303 5557 vel
3333 5517 3474 5558 czeco
3501 5517 3663 5574 appa-

2107 5589 2301 5710 Γειίὸὅ)
2332 5645 2406 5697 lla
2439 5643 2588 5698 multi
2620 5659 2748 5697 mss.
2782 5645 2846 5696 At
2869 5643 2994 5696 editi
3021 5644 3053 5711 ἠ
3086 5641 3218 5712 ζωή·

2187 5716 2298 5777 (54)
2328 5715 2477 5772 Coll).
2513 5726 2747 5783 quartus
2766 5711 3210 5787 ἀποθνησκόντων
3239 5712 3371 5767 ἐστί.
3423 5711 3545 5779 Mox
3573 5724 3660 5766 co.-
