4016 6220
380 291 491 347 495

1554 290 1846 349 HOMlLIA
1885 295 1954 351 ΙΝ
1986 295 2319 356 PSALMUM
2358 300 2549 360 CXIV.

3539 311 3643 366 494

379 417 521 486 φανῇ
549 413 660 484 (55)
683 430 764 467 σοι
785 413 846 466 τὸ
864 413 1178 485 λεγόμενον,
1206 413 1342 468 ἀλλά
1367 414 1560 469 σκόπει
1586 417 1681 471 τοῦ
1709 421 1959 492 πράγμα.

2069 427 2224 482 dibus
2267 437 2376 484 tres
2421 429 2600 485 aetatis
2643 444 2708 488 ac
2753 432 2882 488 vitae
2926 431 3331 488 vicissitudines
3364 446 3428 487 ac
3463 443 3642 486 muta-

378 527 469 572 τος
514 509 613 580 τὴν
666 504 945 578 ἀλήθειαν.
1000 508 1088 561 Ἐν
1141 507 1290 580 τρισὶ
1342 507 1450 580 γὰρ
1484 509 1775 581 ἑϐδομάσιν
1827 512 1962 565 ἐτῶν

379 601 528 672 τρεῖς
559 598 885 668 ὑφίστασθαι
913 598 1157 667 πέφυκεν
1186 599 1498 664 ἀλλοιώσεις
1531 602 1624 653 καὶ
1659 602 1962 672 μεταϐολάς

377 688 603 759 ἡλικιῶν
641 690 736 743 καὶ
787 688 915 758 βίων
970 690 999 742 ὁ
1041 689 1361 761 ἅνθρωπος,
1412 691 1506 742 κα).
1560 690 1683 744 καθ’
1724 692 1962 763 ἑκάστην

377 780 645 850 ἑϐδομάδα
680 780 810 844 ἴδιος
837 781 961 852 ὅρος
994 782 1348 853 περιγράφων
1378 781 1446 835 τά
1471 782 1831 854 παρελθόντα,
1867 785 1962 838 καὶ

377 869 584 940 ἐναργῆ
607 869 860 940 παρέχων
882 869 981 940 τὴν
1010 871 1385 940 μεταποίησιν.
1416 871 1522 923 Τοῦ
1550 872 1764 925 παιδίου
1789 875 1822 944 ὴ
1846 872 1961 943 ἡλι-

377 961 470 1016 κία
502 962 560 1013 ἐν
591 964 656 1032 τῇ
683 960 790 1013 τῶν
821 959 1046 1013 ὀδόντων
1074 960 1310 1030 ἀποϐολῇ
1345 960 1454 1030 ('56)
1502 961 1643 1018 κατὰ
1688 961 1785 1031 τὴν
1811 962 1961 1034 πρώ-

375 1068 477 1122 την
509 1050 780 1122 ἑϐδομάδα
831 1046 1220 1121 περιορίζεται.
1267 1049 1374 1102 Τοῦ
1412 1051 1600 1114 παιδὸς
1632 1050 1817 1104 λοιπὸν
1863 1052 1958 1105 τοῦ

377 1144 516 1217 πρὸς
567 1143 665 1206 τὰς
721 1141 984 1212 μαθήσεις
1040 1139 1344 1210 ἐπιτηδείου
1398 1142 1430 1211 ἡ
1487 1141 1796 1212 προθεσμία
1845 1143 1961 1194 ἐστὶ

380 1237 545 1306 μέχρι
587 1233 688 1302 τῆς
719 1233 998 1304 ἐφηϐείας.
1048 1233 1104 1285 '0
1135 1232 1366 1303 ἔφηϐος,
1415 1233 1576 1304 μέχρι
1608 1232 1824 1304 πρώτου
1866 1236 1962 1288 καὶ

376 1324 623 1379 εἰκοστοῦ
656 1325 808 1388 ἔτους
837 1324 1257 1395 συμπληρωθεὶς
1284 1364 1299 1388 ,
1333 1325 1459 1378 ὅταν
1508 1324 1702 1389 ἰούλοις
1730 1325 1960 1396 ἄρξηται

377 1417 763 1482 κατασκιάξειν
815 1415 916 1479 τὰς
961 1415 1229 1487 παρειὰς,
1266 1416 1586 1485 ἀφανίζεται
1632 1417 1958 1488 λεληθότως,

378 1511 514 1581 πρὸς
546 1509 636 1563 τὸν
682 1508 849 1579 ἄνδρα
901 1509 1003 1580 ἥδη
1056 1509 1148 1562 τοῦ
1203 1509 1485 1563 νεανίσκου
1540 1509 1958 1580 μεθισταμένου.

377 1602 547 1656 Ὅταν
578 1601 756 1655 τοίνυν
793 1602 909 1671 ἴδῃς
940 1601 1108 1672 ἄνδρα
1134 1589 1471 1672 ἀποθέμενον
1517 1602 1614 1672 μὲν
1653 1602 1750 1672 τὴν
1783 1602 1964 1656 ἐπίδο-

379 1711 463 1747 σιν
495 1694 594 1764 τῆς
625 1693 745 1748 καθ’
770 1694 984 1764 ἡλικίαν
1009 1694 1311 1764 αὐξήσεως,
1342 1693 1611 1764 βεϐηκότα
1637 1695 1693 1747 δὲ
1723 1695 1822 1766 ήδη
1849 1697 1960 1758 τοῖς

2067 520 2240 574 tiones
2293 523 2578 586 sustineat,
2620 538 2795 592 eoque
2845 539 2940 593 per
2993 524 3236 595 singulas
3278 524 3642 578 hebdomades

2064 613 2329 668 terminus
2365 615 2616 685 proprius
2660 619 2936 685 prasterita
2977 615 3401 680 circumscribit,
3429 625 3482 669 et
3523 631 3640 668 ma—

2062 702 2316 758 nifestam
2350 707 2568 761 exhibet
2610 710 3082 778 permutationem.
3125 707 3472 762 Terminatur
3504 706 3639 760 den-

2065 795 2256 848 titione
2283 804 2415 852 aetas
2440 799 2589 866 pueri
2620 799 2767 852 circa
2799 800 3030 868 primam
3056 799 3474 854 hebdomadem.
3502 796 3642 852 Prae—

2061 885 2270 940 tinitum
2325 896 2535 957 tempus
2584 890 2738 957 pueri
2770 892 2861 959 qui
2898 891 3011 960 jam
3051 891 3117 945 ad
3156 889 3474 960 disciplinas
3519 891 3637 943 tdo-

2061 992 2196 1031 neus
2242 989 2348 1044 est,
2380 979 2445 1032 ad
2494 982 2833 1050 pubertatem
2880 997 3052 1052 usque
3094 983 3426 1037 extenditur.
3457 981 3636 1036 Pubes

2061 1082 2202 1121 anno
2234 1069 2493 1123 vicesimo
2523 1071 2697 1139 primo
2722 1071 3044 1141 completus,
3079 1087 3200 1125 cum
3228 1070 3436 1126 scilicet
3462 1071 3636 1140 prima

2061 1169 2314 1238 lanugine
2355 1183 2522 1239 genas
2571 1167 2772 1222 vestire
2825 1177 2879 1221 et
2929 1166 3254 1221 adumbrare
3313 1163 3637 1232 incmperit,

2059 1262 2260 1316 sensim
2290 1261 2507 1327 desinit,
2537 1259 2879 1315 adolescente
2903 1259 3016 1329 jam
3050 1260 3104 1314 in
3139 1260 3315 1312 virum
3349 1269 3638 1313 transeun-

2061 1361 2135 1406 te.
2170 1350 2303 1404 Cum
2342 1349 2502 1418 igitur
2537 1349 2738 1405 videris
2781 1349 2954 1404 virum
2983 1351 3073 1419 qui
3110 1363 3207 1418 per
3248 1358 3462 1403 aetatem
3511 1363 3634 1404 cre-

2059 1456 2212 1497 scere
2245 1450 2300 1497 et
2336 1443 2521 1511 augeri
2561 1441 2848 1505 destiterit,
2876 1442 3098 1511 jamque
3141 1440 3294 1494 ﬁrma
3344 1441 3418 1494 sit
3461 1441 3632 1494 ratio-

2059 1532 2356 1599 cinatione,
2391 1546 2492 1585 nec
2537 1531 2702 1585 ullum
2753 1529 3055 1599 juventutis
3102 1530 3388 1598 vestigium
3427 1546 3536 1598 pra:
3575 1545 3636 1583 se

2060 1623 2220 1685 ferat,
2249 1638 2319 1676 an
2360 1636 2466 1676 non
2506 1636 2570 1676 ea
2610 1635 2728 1690 qua:
2758 1619 3027 1690 praeterita
3062 1629 3208 1685 sunt,
3250 1621 3304 1674 in
3340 1621 3457 1688 ipso
3487 1635 3636 1674 mor-

2065 1723 2152 1769 tua
2198 1728 2320 1771 esse
2367 1713 2746 1769 existimabis?
2778 1713 2954 1768 Senex
3001 1727 3191 1768 rursus
3225 1714 3278 1768 in
3319 1713 3476 1766 aliam
3526 1712 3636 1766 for-

375 1789 674 1859 λογισμοῖς,
724 1789 818 1842 καὶ
862 1787 1026 1858 μηδὲν
1075 1788 1220 1857 ἴχνος
1256 1787 1354 1857 τῆς
1406 1787 1654 1855 νεότητος
1698 1786 1954 1857 φέροντα,

2063 1820 2204 1858 mam
2245 1813 2299 1858 et
2341 1803 2392 1857 in
2425 1804 2587 1857 alium
2631 1805 2796 1858 animi
2837 1805 3085 1859 allectum
3117 1819 3432 1868 conversus,
3465 1803 3640 1857 mani-

374 1884 495 1955 οὐχὶ
543 1883 862 1955 τεθνηκέναι
918 1885 975 1937 ἑν
1024 1881 1171 1952 αὐτῷ
1229 1882 1419 1954 λογίσῃ
1466 1881 1533 1934 τά
1581 1881 1955 1952 παρελθόντα;

376 1977 544 2030 Πάλιν
576 1979 604 2030 ό
642 1975 955 2048 πρεσϐύτης
975 2015 989 2039 ,
1041 1975 1178 2048 πρὸς
1225 1974 1412 2043 ἕτερον
1446 1974 1630 2044 σχῆμα
1663 1973 1756 2026 καὶ
1781 1972 1960 2043 ψυχῆς

373 2070 610 2124 διάθεσιν
645 2068 1063 2140 μεθαρμοσθεὶς,
1113 2065 1297 2137 ἕτερός
1331 2069 1444 2119 ἑστι
1482 2065 1762 2136 προδήλως
1808 2065 1959 2134 παρὰ

374 2161 500 2223 τοὺς
530 2161 847 2231 προτέρους.
891 2160 1055 2212 Ὥστε
1086 2159 1174 2211 καὶ
1200 2159 1233 2230 ἡ
1265 2158 1377 2228 (ζωὴ
1405 2157 1514 2211 τῶν
1542 2156 1844 2228 ἀνθρώπων
1872 2156 1962 2210 διὰ

374 2252 582 2307 πολλῶν
615 2249 857 2305 θανάτων
895 2250 1344 2322 συμπληροῦσθαι
1392 2249 1654 2318 πέφυκεν,
1698 2250 1759 2301 οὐ
1801 2249 1960 2318 μόνον

373 2346 432 2397 ἑν
477 2347 543 2414 τῇ
575 2343 716 2397 κατά
740 2344 838 2406 τὰς
873 2341 1286 2414 μεθηλικιώσεις
1343 2340 1647 2412 μεταϐολῇ,
1699 2339 1835 2392 ἀλλά
1865 2339 1962 2393 καὶ

372 2437 431 2488 ἑν
469 2437 583 2497 τοῖς
633 2433 754 2487 καθ’
799 2432 1072 2504 ἁμαρτίαν
1102 2431 1358 2502 πτώμασι
1400 2433 1506 2485 τῶν
1547 2430 1754 2502 ψυχῶν.
1787 2433 1958 2485 Ὅπου

371 2529 429 2580 δὲ
479 2528 578 2580 οὐκ
637 2527 780 2579 ἔστιν
833 2526 1116 2589 ἀλλοίωσις
1159 2524 1281 2579 οὐτε
1316 2524 1565 2595 σώματος
1612 2523 1735 2577 οὔτε
1781 2524 1983 2596 ψυχῆς·

377 2617 518 2687 (οὐδὲ
543 2619 650 2689 γάρ
684 2619 798 2670 ἑστι
832 2617 1092 2687 λογισμοῦ
1119 2616 1480 2689 παρατροπὴ,
1518 2617 1640 2670 οὐδὲ
1675 2617 1962 2688 μετάθεσις

372 2707 618 2778 γνώμης,
648 2707 902 2778 οὐδεμιᾶς
942 2707 1311 2778 περιστάσεως
1336 2708 1396 2760 τὸ
1428 2708 1686 2772 εὐσταθὲς
1714 2709 1805 2762 καὶ
1837 2710 1966 2762 ἀτά-

377 2818 541 2872 ραχον
573 2799 681 2855 τῶν
709 2801 984 2872 λογισμων
1015 2800 1466 2872 ἀφαιρουμένης),
1500 2799 1650 2871 χώρα
1675 2804 1822 2855 ἑστιν
1849 2801 1966 2875 (57)-

373 2895 556 2964 ἐκείνη
599 2894 676 2964 τῷ
715 2894 827 2948 om
883 2892 1131 2960 ζώντων,
1183 2894 1401 2964 ὁμοίων.
1425 2894 1593 2949 ὄντων
1647 2896 1736 2949 ἀε)⁴
1783 2897 1961 2949 αὐτῶν

374 2989 601 3050 ἑαυτοῖς.
660 2988 746 3040 Ἐν
865 2987 1098 3058 μάλιστα
1146 2988 1533 3059 εὐαρεστήσειν
1580 2988 1659 3058 τῷ
1687 2987 1807 3060 Θεῷ
1850 2990 1962 3042 τῶν

373 3080 508 3132 ὅλων
554 3081 582 3131 ὁ
626 3081 911 3151 Προφήτης
954 3079 1473 3148 κατεπαγγέλλεται,
1513 3080 1589 3143 ὡς
1633 3080 1724 3132 ὑπ’
1750 3080 1962 3145 οὐδενὸς

377 3171 583 3241 μέλλων
613 3171 720 3224 τῶν
745 3171 940 3236 ἔξωθεν
955 3171 1337 3224 διακόπτεσθαι
1368 3172 1504 3244 πρὸς
1528 3171 1622 3228 τὸν
1637 3171 1846 3226 σκοπὸν.
1862 3173 1963 3243 τῆς

373 3261 634 3333 ἀληθινῆς
658 3264 749 3314 καὶ
778 3261 1040 3332 ὁμοτίμου
1075 3265 1185 3325 τοῖς
1212 3262 1464 3331 ἀγγέλοις
1490 3261 1757 3326 δουλείας.
1786 3265 1962 3317 Φιλο-

373 3357 709 3425 τιμούμεθα,
740 3355 922 3424 φησιν,
948 3355 1066 3408 εἴτε
1087 3354 1487 3422 ἐνδημοῦντες
1523 3354 1580 3406 ὲν
1617 3353 1694 3425 τῷ
1728 3354 1962 3425 σώματι,

374 3446 493 3500 εἴτε
541 3446 942 3516 ἐκδημοῦντες
988 3446 1096 3499 ἀπὸ
1148 3445 1240 3498 τοῦ
1296 3445 1582 3514 σώματος,
1649 3444 1961 3512 εὐάρεστοι

374 3539 535 3604 αὐτῷ
564 3537 737 3594 εἶναι.
780 3539 1004 3594 Ζώντων
1031 3538 1208 3610 ἐκείνη
1248 3539 1420 3609 χώρα,
1453 3540 1509 3591 ὲν
1597 3538 1696 3590 οὐκ
1728 3537 1806 3590 ἕνι
1840 3536 1956 3601 νὺξ,

375 3631 475 3684 οὐκ
500 3630 578 3684 ἕνι
606 3631 771 3694 ὕπνος
795 3631 855 3683 τὸ
887 3631 979 3683 τοῦ
1004 3629 1229 3682 θανάτου
1269 3630 1492 3700 μίμημα
1519 3647 1531 3660 ’
1584 3630 1642 3682 ἑν
1743 3629 1842 3681 οὐκ
1878 3628 1958 3682 ἕνι

378 3720 600 3793 βρῶσις,
630 3722 728 3775 οὐκ
757 3721 836 3773 ἕνι
868 3722 1045 3784 πόσις,
1091 3720 1158 3781 τὰ
1183 3721 1279 3790 τῆς
1322 3720 1604 3783 ἀσθενείας
1653 3719 1808 3790 ἡμῶν
1856 3720 1959 3772 ὑπ-

375 3814 695 3885 ερείσματα,
725 3815 823 3885 οὐκ
845 3811 921 3864 ἕνι
954 3813 1131 3876 νόσος,
1154 3812 1252 3872 οὐκ
1278 3811 1664 3882 ἕνιάλγήματα
1694 3811 1826 3878 (58),
1860 3810 1958 3862 οὐκ

381 3905 611 3977 ἰατρεία,
645 3905 704 3957 οὐ
733 3883 1078 3974 δῖκαστήρια,
1123 3902 1223 3955 οὐκ
1257 3905 1536 3974 ἐμπορίαι,
1570 3904 1632 3956 οὐ
1662 3885 1866 3972 τέχναι,
1894 3901 1954 3953 οὐ

376 4001 652 4069 Χρήματαν
699 3996 807 4050 τῶν
840 3997 1026 4050 κακῶν
1056 3997 1089 4067 ἡ
1136 3995 1297 4068 ἀρχὴν
1329 3999 1360 4066 ἡ
1396 3995 1506 4050 τῶν
1541 3995 1790 4067 πολέμων
1824 3995 1957 4049 ὑπό-

2057 1893 2196 1949 feste
2226 1895 2365 1949 alius
2393 1903 2495 1961 est,
2529 1895 2572 1948 si
2600 1910 2724 1950 cum
2757 1896 3033 1964 prioribus
3065 1903 3430 1964 comparetur.
3458 1893 3637 1960 Quare

2058 1985 2168 2038 vita
2210 1985 2491 2039 hominum
2537 2001 2642 2040 non
2683 1985 2856 2039 solum
2899 2001 3020 2039 cum
3074 1993 3206 2040 aetas
3239 1994 3499 2050 mutatur,
3539 1983 3635 2038 sed

2059 2076 2221 2130 etiam
2247 2091 2370 2130 cum
2408 2076 2604 2130 anima:
2639 2076 2693 2130 in
2736 2089 3018 2145 peccatum
3069 2077 3346 2140 labuntur,
3378 2090 3472 2144 per
3499 2074 3636 2129 mul-

2059 2177 2146 2224 tas
2187 2177 2392 2222 mortes
2439 2177 2627 2237 suapte
2680 2178 2873 2222 natura
2905 2167 3175 2236 expletur.
3225 2165 3325 2220 Ubi
3359 2180 3486 2220 vero
3530 2179 3634 2218 non

2059 2267 2141 2313 est
2171 2259 2525 2313 commutatio
2559 2273 2736 2326 neque
2783 2257 3032 2328 corporis
3079 2271 3254 2325 neque
3293 2253 3487 2308 animae
3516 2253 3636 2325 (ne-

2060 2366 2165 2418 que
2187 2351 2437 2405 enim—est
2467 2351 2693 2405 rationis
2722 2350 2960 2416 eversio,
2988 2358 3081 2403 aut
3107 2346 3390 2404 sententiae
3421 2360 3638 2415 permu-

2063 2445 2216 2511 tatio,
2257 2445 2301 2498 si
2347 2444 2647 2498 adversitas
2699 2442 2842 2497 nulla
2897 2441 3095 2496 mentis
3145 2440 3511 2495 constantiam
3571 2451 3636 2492 ac

2063 2538 2512 2608 tranquillitatem
2546 2536 2768 2604 aufert),
2804 2535 2892 2588 illa
2925 2544 3008 2589 est
3051 2548 3179 2589 vere
3223 2531 3515 2587 viventium
3547 2544 3634 2584 re-

2062 2633 2172 2702 gio,
2209 2631 2407 2700 quippe
2455 2631 2546 2700 qui
2586 2629 2688 2684 sibi
2739 2628 2870 2697 ipsis
2902 2641 3116 2697 semper
3152 2625 3260 2680 sint
3303 2622 3634 2679 consimiles.

2061 2721 2118 2776 ln
2169 2736 2277 2789 qua
2322 2721 2698 2774 universorum
2747 2719 2858 2773 Deo
2899 2719 3138 2772 maxime
3186 2714 3633 2784 complaciturum

2063 2812 2226 2884 204
2265 2826 2324 2865 se
2362 2810 2644 2880 pollicetur
2693 2809 2984 2879 Propheta.
3013 2823 3135 2863 cum
3184 2806 3318 2860 nihil
3351 2813 3633 2860 externum

2064 2905 2445 2974 impediturum
2477 2903 2570 2966 sit,
2593 2903 2884 2971 quominus
2913 2915 3134 2970 scepnm
3164 2899 3305 2953 verte
3334 2906 3386 2952 et
3414 2895 3635 2965 aequalis

2063 3010 2182 3050 cum
2235 2993 2441 3062 angelis
2488 2991 2768 3047 servitutis
2823 2998 3149 3059 assequatur
3184 3007 3198 3041 :
3235 2986 3631 3047 Contendimus,

2066 3083 2258 3152 inquit,
2293 3083 2398 3136 sive
2451 3090 2728 3149 prwsentes
2783 3081 2836 3134 in
2889 3094 3137 3149 corpore,
3173 3078 3276 3130 sive
3325 3090 3356 3130 a
3407 3089 3635 3142 corpore

2063 3175 2470 3244 peregrinantes,
2494 3173 2699 3244 placere
2725 3171 2802 3224 illi
2827 3170 3207 3226 “.Viventium
3237 3167 3324 3222 illa
3354 3176 3436 3222 est
3464 3165 3632 3236 regio,

2065 3268 2120 3320 in
2148 3280 2253 3335 qua
2283 3281 2387 3320 non
2414 3273 2499 3320 est
2528 3279 2654 3331 nox,
2687 3279 2793 3317 non
2833 3273 2918 3318 est
2943 3277 3164 3318 somnus
3195 3259 3384 3314 mortis
3417 3259 3593 3326 imago
3619 3274 3631 3310 :

2065 3358 2119 3412 in
2149 3372 2256 3427 qua
2295 3373 2398 3411 non
2442 3365 2525 3411 est
2569 3357 2745 3422 cibus,
2779 3371 2884 3411 non
2936 3364 3018 3411 est
3064 3363 3251 3424 potus,
3303 3351 3635 3405 inﬁrmitatis

2064 3459 2263 3503 nostrae
2307 3447 2642 3515 fulcimenta,
2675 3463 2779 3502 non
2827 3456 2912 3502 est
2956 3446 3197 3511 morbus,
3229 3458 3332 3498 non
3379 3451 3504 3497 sunt
3537 3445 3633 3496 do-

2062 3542 2228 3606 lores,
2257 3557 2371 3595 non'
2395 3541 2686 3603 medicina,
2714 3555 2818 3594 non
2847 3539 2987 3602 fora,
3020 3555 3123 3593 non
3155 3542 3492 3600 mercaturae,
3527 3548 3634 3598 non

2064 3645 2234 3701 artes,
2257 3651 2361 3690 non
2386 3635 2652 3704 pecuniae,
2673 3633 2936 3687 malorum
2965 3630 3417 3699 origo,bellorum
3449 3643 3630 3689 causa,

2064 3725 2363 3780 inimicitiae
2411 3725 2565 3780 radix
2614 3741 2628 3780 :
2676 3724 2772 3778 sed
2827 3731 2906 3778 est
2954 3723 3102 3792 regio
3153 3720 3478 3782 viventium,
3528 3733 3630 3771 non

2066 3817 2413 3872 morientium
2444 3832 2542 3886 per
2569 3826 2873 3885 peccatum,
2901 3815 2993 3870 sed
3036 3828 3218 3869 veram
3250 3812 3414 3865 vitam
3446 3811 3631 3864 viven-

2066 3907 2212 3960 tium'
2245 3907 2298 3962 in
2342 3905 2560 3962 Christo
2599 3906 2746 3970 Jesu,
2795 3906 2880 3960 cui
2933 3906 3101 3977 gloria
3151 3913 3206 3958 et
3256 3901 3538 3973 imperium
3579 3902 3630 3953 in

2064 3999 2258 4053 smcula
2291 4000 2630 4056 saeculorum.
2671 4001 2863 4056 Amen.

379 4092 545 4156 θεσις,
578 4095 610 4164 ἡ
642 4092 765 4161 ῥίζα
807 4094 904 4163 τῆς
947 4093 1165 4166 ἔχθρας·
1203 4092 1340 4146 ἀλλὰ
1382 4092 1536 4164 χώρα
1583 4092 1820 4159 ζώντων,
1859 4094 1959 4146 οὐκ
1997 4095 2448 4166 ἀποθνησκόντων
2476 4097 2566 4156 διὰ,
2597 4097 2697 4168 τῆς
2747 4096 3036 4169 ἁμαρτίας,
3072 4095 3208 4148 ἀλλὰ
3265 4091 3478 4158 ζώντων
3532 4091 3628 4160 τὴν

381 4187 552 4258 ἀληθῆ
586 4187 726 4259 ζωὴν
759 4188 856 4259 τὴν
899 4191 956 4242 ἑν
990 4187 1212 4259 Χριστῷ
1255 4187 1430 4260 Ἰησοῦ
1476 4188 1587 4260 (39)
1609 4229 1624 4256 ,
1673 4181 1718 4256 ᾧ
1767 4191 1801 4260 ἡ
1840 4187 1964 4257 δόξα
2009 4207 2103 4245 και
2129 4191 2190 4244 τὸ
2214 4190 2412 4263 κράτος
2439 4194 2519 4256 εἰς
2546 4193 2672 4256 τοὺς
2696 4194 2896 4257 αἰῶνας
2919 4192 3027 4247 τῶν
3057 4193 3288 4245 αἰώνων.
3333 4188 3521 4260 Ἀμήν.

454 4413 497 4444 ⁵¹
535 4412 574 4466 ll
602 4412 724 4468 Cor.
756 4429 809 4478 ν,
846 4415 898 4469 9.

385 4597 486 4650 «lex
527 4595 668 4649 idem
698 4597 858 4666 ὲν.,τῳ
879 4592 1070 4666 κόσμῳ
1107 4593 1328 4658 ζῶντες.
1361 4595 1485 4650 llaec
1511 4597 1723 4652 aliunde
1744 4606 1954 4666 sumpta

2063 4596 2341 4660 Basiliam,
2373 4594 2417 4648 si
2451 4593 2576 4666 talia
2609 4594 2676 4648 de
2699 4592 2881 4666 pueris
2918 4605 3146 4666 narrare
3168 4589 3469 4666 statuisset,
3495 4606 3628 4662 προ-

385 4682 528 4726 esse.
555 4679 655 4784 I530
685 4667 750 4717 ad
779 4665 1033 4718 Basilium
1067 4666 1340 4734 pertinere
1370 4676 1520 4737 patet
1543 4683 1610 4724 ex
1636 4665 1960 4724 PrazfatiOne

389 4751 536 4784 num.
565 4749 598 4784 ί)
641 4772 655 4784 ι

387 4751 536 4790 num.
565 4735 655 4788 '57.

452 4807 563 4874 (55)
589 4803 723 4875 [ξος.
751 4804 947 4875 tertius
979 4805 1205 4875 φανήτω
1221 4821 1310 4875 σοι
1348 4806 1430 4859 τό.

458 4873 568 4946 (56)
600 4873 759 4946 Illud,
793 4874 1020 4946 ὀδόντων
1045 4873 1310 4944 ἀποϐολῇ,
1349 4878 1428 4930 sic
1463 4877 1695 4933 reddidit
1721 4878 1962 4932 Tilman-

387 4943 510 5007 nus,
535 4945 767 5015 dentium
830 4943 1121 5012 abjectione
1151 4960 1168 4996 :
1199 4943 1295 4998 sed
1335 4947 1463 5015 quid
1515 4949 1615 5002 hac
1648 4964 1780 5003 voce
1815 4948 1964 5015 abje-

389 5019 558 5070 ctione
590 5013 946 5086 intellexerit,
971 5029 1058 5086 ex,
1093 5029 1180 5078 eo,
1221 5015 1266 5067 si
1303 5013 1530 5082 viveret,
1562 5017 1791 5072 libenter
1815 5013 1962 5086 quae-

390 5102 585 5151 rerem.
620 5084 829 5156 Etenim
876 5084 1236 5156 amissionem
1272 5093 1338 5156 et
1392 5087 1682 5153 jacturam,
1718 5084 1845 5156 qua!
1880 5097 1965 5142 est

389 5155 603 5226 propria
630 5163 684 5207 et
712 5155 890 5226 nativa
918 5155 1064 5207 vocis
1088 5153 1336 5226 ’ἀποϐολή
1378 5153 1810 5226 εἱειηὶίίοιιιίοίεί
1864 5173 1960 5211 ex-

388 5224 625 5298 primere
656 5224 845 5298 voluit,
878 5238 1070 5298 sopore
1090 5225 1246 5298 gravi
1272 5224 1552 5298 cerreptus
1573 5227 1738 5298 fuisse
1764 5235 1954 5298 putan-

389 5293 487 5349 Ilus
520 5305 628 5357 est,
648 5293 692 5346 si
727 5309 792 5346 ex
817 5294 930 5346 suis
958 5295 1133 5347 verbis
1158 5296 1480 5349 sententiam
1511 5293 1794 5351 absurdam
1816 5296 1951 5350 eilici

391 5382 495 5418 non
545 5362 946 5417 animadvertit.
981 5363 1272 5418 Cornarius
1307 5379 1455 5430 vero,
1493 5375 1548 5420 ut
1597 5369 1698 5420 hoc
1745 5367 1951 5420 incom-

392 5435 534 5488 modi
590 5437 804 5492 vitaret.
847 5433 1191 5500 interpretari
1249 5435 1458 5498 maluit,
1496 5437 1728 5488 dentiant
1782 5437 1948 5500 iactu,

398 5507 492 5558 hoc
533 5511 652 5567 est,
673 5504 904 5561 dentium
933 5513 1074 5566 ortu,
1099 5504 1410 5557 dentitione.
1447 5505 1650 5571 Quibus
1672 5521 1741 5559 ex
1771 5507 1951 5560 verbis

405 5585 566 5641 Iptzlm
581 5572 796 5644 quidem
823 5573 1150 5644 sententiam
1174 5572 1333 5644 edici,
1356 5589 1532 5639 nemo,
1549 5577 1762 5644 opinor,
1791 5577 1950 5629 homo

396 5644 609 5710 )egabit
647 5642 1148 5716 :_se_d,_nis_invalde
1188 5642 1366 5716 fallor,
1406 5646 1513 5716 vim
1541 5642 1950 5716 νόείεγάποϐολῇ

396 5729 501 5767 non
533 5711 789 5782 exprimi,
817 5711 1290 5771 facillimeomnes
1327 5713 1662 5776 fatebuntur.
1692 5715 1827 5773 Puto
1853 5711 1954 5777 ego

2063 4667 2192 4737 ϐολῇ
2224 4681 2326 4720 non
2361 4665 2600 4735 ἀποϐολῇ
2630 4664 2959 4733 scripturum
2992 4663 3178 4737 fuisse.
3210 4661 3339 4737 Sed,
3364 4671 3421 4714 ut
3445 4661 3630 4713 verum

2065 4731 2266 4800 dicam,
2291 4737 2406 4790 haec
2431 4744 2486 4789 et
2515 4731 2623 4790 alia
2666 4731 2772 4787 non
2809 4749 2980 4803 pauca
3009 4731 3298 4785 Basilianis
3328 4731 3508 4803 inepte
3536 4745 3630 4803 an-

2066 4822 2200 4861 nexa
2255 4820 2376 4860 esse
2433 4807 2698 4872 suspicor.
2731 4801 2871 4872 Lege
2923 4803 3418 4872 Pra‘fationem.—
3458 4801 3628 4853 Stabit

2065 4887 2210 4931 certe
2241 4876 2406 4946 hujus
2424 4871 2541 4946 loci
2566 4871 2854 4946 αὐθεντίαί,
2886 4875 2989 4928 nisi
3035 4871 3280 4946 validiori
3317 4878 3631 4946 argumento

2066 4941 2430 5015 impugne'tnr.
2466 4945 2598 4999 Mire
2632 4945 2876 5015 enim_in
2937 4944 3182 5015 auctoris
3208 4941 3377 4994 nostri
3409 4948 3630 5015 senten-

2069 5009 2197 5070 tiain
2220 5009 2458 5084 quadrat
2486 5029 2586 5068 vox
2621 5013 2880 5086 ἀποϐολή,
2919 5013 3184 5086 siquidem
3226 5024 3414 5064 revera
3454 5009 3634 5062 termi-

2064 5097 2226 5138 natur
2249 5083 2464 5154 puerilis
2495 5095 2623 5138 (etas
2649 5083 2982 5154 (primorum)
3027 5083 3258 5154 dentium
3288 5094 3634 5143 ABJECTIONE,
3691 5083 3694 5087 ’

2062 5157 2201 5208 circa
2229 5151 2451 5223 primam
2491 5151 2888 5208 hebdomadam.
2928 5154 3082 5223 Eni'r.
3116 5151 3354 5223 Parnm"

2131 5221 2243 5292 (57)
2274 5225 2345 5277 Ita
2377 5234 2498 5293 octo
2525 5240 2656 5279 mss.
2695 5228 2762 5277 At.
2791 5223 2919 5277 editi
2951 5221 3106 5293 χώρα
3133 5221 3280 5293 ἐστὶν
3310 5221 3442 5274 ἐκεῖ.
3471 5289 3509 5293 __
3581 5291 3589 5293 _
3650 5249 3656 5262 -

2132 5289 2244 5363 (58)
2277 5295 2417 5347 Oliv.
2454 5292 2698 5365 ἄλγημα.
2731 5295 2872 5347 Editi
2916 5289 3048 5365 cum
3074 5292 3258 5346 multis
3275 5307 3428 5365 “mss.
3460 5289 3633 5365 ἀλγή-

2063 5360 2235 5450 ματα.
2262 5364 2454 5419 Statim
2502 5360 2650 5420 Colb.
2689 5372 2873 5419 sextus
2927 5364 3217 5433 ἑμπορεῖα.
3266 5360 3406 5417 Oliv.
3458 5361 3631 5431 ἐμπο-

2099 5451 2170 5488 ια.

2062 5453 2242 5583 έξῗὲυθ)
2275 5502 2425 5583 91η.
2478 5514 2531 5558 et
2564 5503 2667 5583 _alii
2724 5512 2834 5558 tres
2882 5517 3014 5583 πξεε·
3078 5497 3388 5583 in”???
3446 5499 3634 5583 ΚΡρίῳ

2060 5568 2236 5646 ἡμῶν.
2275 5575 2406 5628 Illud
2436 5575 2579 5642 quod
2613 5590 2736 5646 mox
2783 5575 3050 5646 sequitur,
3087 5568 3196 5624 τῶν
3221 5568 3458 5646 αἰώνων,
3483 5568 3632 5646 deest

2060 5641 2274 5713 quidem
2313 5647 2365 5697 in
2392 5641 2551 5699 editis
2586 5645 2709 5699 etin
2737 5657 2844 5697 uno
2873 5651 2966 5698 aut
2989 5643 3158 5698 altero
3189 5642 3375 5698 codice
3409 5657 3424 5692 :
3458 5643 3550 5695 sed
3581 5641 3633 5691 iu

2063 5716 2246 5772 multis
2276 5715 2395 5772 aliis
2423 5730 2554 5771 mss.
2578 5713 2866 5773 reoeritur.
