4016 6220
383 317 490 373 495
1724 315 1798 372 ‘S.
1837 313 2084 374 BASlLll
2113 311 2329 372 MAGNI
3560 311 3671 365 ιοδ

393 475 3654 508 W

1707 655 2333 750 MONITUM.

457 970 618 1042 205
660 974 712 1026 1.
758 971 939 1025 Basilii
985 971 1039 1024 in
1076 970 1399 1026 Eunomium
1445 971 1615 1026 libros
1656 970 1964 1040 antiquitus
1993 969 2378 1028 celeberrimos
2412 970 2600 1035 fuisse,
2635 972 2862 1039 nemini,
2895 973 2985 1042 qui
3019 976 3237 1044 paulum
3278 977 3438 1030 modo
3466 991 3666 1032 versa-

389 1081 475 1124 tus
509 1071 583 1124 sit
618 1071 670 1123 in
705 1070 808 1124 hoc
841 1069 1146 1122 litterarum
1178 1077 1401 1132 genere,
1430 1063 1674 1132 ignotum
1709 1071 1815 1117 eSt.
1845 1061 2058 1116 Passim
2092 1063 2238 1115 enim
2277 1062 2586 1128 laudantur,
2611 1063 2812 1134 passim
2839 1068 3290 1121 commendantur
3329 1069 3470 1136 apud
3513 1072 3666 1124 anti-

383 1175 538 1230 quos.
589 1159 792 1216 Horum
856 1157 1104 1213 meminit
1153 1155 1515 1224 Hieronymus
1559 1150 1695 1223 (40).
1750 1151 2164 1219 Amphilochius
2203 1153 2357 1223 (si);
2392 1152 2762 1210 Theodoretus
2815 1155 2949 1227 (42),
3009 1159 3299 1212 concilium
3352 1159 3664 1215 Chalcedo-

383 1270 552 1310 nense
582 1254 717 1326 (45),
750 1253 1008 1309 Leontius
1054 1250 1384 1320 Byzantinus
1419 1246 1557 1318 (44),
1595 1247 1892 1314 imperator
1943 1245 2284 1302 Justinianus
2321 1247 2460 1319 (45),
2501 1246 2820 1318 Ephrtemus
2857 1250 3242 1307 Antiochensis
3286 1253 3422 1324 (46),
3461 1265 3515 1309 et
3558 1254 3659 1308 alii

383 1348 562 1413 multi,
593 1363 727 1418 quos
764 1348 983 1415 longum
1018 1351 1166 1398 esset
1196 1354 1481 1397 recensere
1514 1352 1722 1393 omnes.
1757 1336 1870 1392 lmo
1905 1339 2219 1393 eorumdem
2249 1339 2583 1395 mentionem
2618 1340 2815 1396 fecisse
2848 1342 3064 1399 videtur
3091 1344 3325 1402 Basilius
3354 1347 3486 1416 ipse.
3515 1347 3656 1401 Cum

382 1443 526 1496 enim
581 1443 895 1497 rescivisset
921 1445 1231 1510 suspectum
1266 1449 1325 1491 se
1361 1434 1554 1489 haberi
1586 1432 1946 1504 quorumdam
1993 1449 2244 1488 errorum
2279 1435 2347 1490 ab
2377 1435 2679 1491 Athanasio
2723 1426 3146 1508 Ancyranofvel
3177 1438 3355 1506 potius
3393 1453 3453 1494 se
3487 1437 3556 1492 ab
3588 1453 3658 1493 eo

382 1544 568 1603 aperte
611 1536 793 1604 argui;
831 1534 1196 1600 suspicionem
1230 1533 1581 1596 immeritam,
1626 1547 1696 1586 ne
1731 1529 1907 1585 dicam
1956 1530 2306 1587 falsissimam
2352 1535 2813 1601 criminationem,
2851 1536 3010 1607 longe
3052 1537 3120 1592 ab
3169 1552 3229 1592 se
3269 1548 3532 1602 removet,
3563 1539 3657 1592 his

379 1633 560 1687 verbis
582 1650 597 1686 :
623 1634 696 1687 Οὐ
730 1632 838 1704 γὰρ
863 1630 926 1702 δὴ
949 1633 1061 1694 τοῖς
1073 1629 1480 1702 γεγραμμένοις
1511 1628 1600 1698 ὑφ’
1632 1625 1790 1698 ἡμῶν
1820 1626 1956 1701 πρὸς
1968 1627 2094 1690 τοὺς
2111 1627 2365 1699 ἀνόμοιον
2389 1629 2509 1683 κατ’
2525 1629 2710 1683 οὐσίαν
2727 1631 3107 1702 τολμήσαντας
3120 1633 3293 1684 εἰπεῖν
3311 1631 3402 1684 τὸν
3417 1631 3657 1685 Υἱὸνκαὶ

379 1725 512 1778 Θεὸν
545 1724 622 1796 τῷ
648 1724 767 1795 Θεῷ
801 1725 896 1778 καὶ
922 1723 1122 1794 Πατρὶ,
1144 1721 1177 1792 ἢ
1202 1721 1340 1791 πρὸς
1371 1719 1499 1782 τοὺς
1527 1717 1736 1806 κτίςμα
1767 1717 1864 1770 καὶ
1893 1716 2108 1788 ποίημα
2139 1713 2284 1772 εἶναι
2315 1720 2376 1773 τὸ
2405 1719 2630 1793 Πνεῦμα
2653 1721 2714 1775 τὸ
2762 1721 2916 1792 ἅγιον
2962 1722 3482 1796 βλασφημήσαντας,
3523 1725 3658 1778 ταύ-

379 1836 479 1890 την
506 1819 571 1872 ἂν
607 1820 921 1886 ἐπενεγκεῖν
953 1817 1054 1889 τὴν
1083 1815 1352 1888 λοιδορίαν
1390 1812 1646 1883 ἠνέσχου,
1680 1813 1710 1864 ὁ
1743 1813 1869 1876 τοὺς
1909 1811 2178 1884 μεγάλους
2204 1812 2401 1878 ἄθλους
2430 1816 2672 1880 ἐκείνους
2701 1818 2794 1872 καὶ
2817 1819 3176 1890 περιϐοήτους
3206 1819 3344 1893 ὑπὲρ
3375 1821 3477 1891 τῆς
3497 1819 3658 1891 ὀρθο-

377 1915 556 1982 δοξίας
582 1911 890 1982 διενεγκὼν.
937 1910 1062 1966 Νοη
1089 1909 1227 1966 enim
1264 1910 1326 1962 ob
1356 1923 1416 1961 ea
1446 1922 1563 1976 qua:
1592 1923 1624 1958 a
1659 1907 1807 1959 nobis
1836 1906 1963 1976 scrip

2067 1918 2188 1961 sunt
2221 1910 2472 1964 adversus
2504 1925 2593 1965 eos
2631 1913 2720 1982 qui
2753 1910 2802 1965 F
2807 1913 2955 1966 ilium
2984 1923 3034 1970 et
3069 1914 3236 1970 Deum
3265 1915 3373 1969 Deo
3409 1925 3458 1970 et
3492 1915 3652 1970 Patri

375 2017 663 2069 secundant
696 2014 1049 2069 substantiam
1086 2005 1402 2078 inrequalem
1444 2003 1614 2058 dicere
1657 2005 1776 2060 ausi
1817 2013 1963 2068 sunt,
1999 2012 2092 2058 aut
2131 2007 2382 2062 adversus
2433 2023 2521 2062 eos
2550 2011 2643 2079 qui
2674 2007 2934 2079 Spiritum
2977 1998 3215 2064 sanctum
3261 2019 3560 2064 creaturam
3600 2019 3654 2065 et

377 2106 647 2174 Opiﬁcium
681 2122 794 2160 esse
831 2103 1125 2172 blaspheme
1157 2118 1245 2156 ore
1279 2103 1594 2165 docuerunt,
1625 2103 1947 2154 calumniam
1971 2102 2156 2169 (istam
2200 2101 2400 2170 inferre
2446 2102 2715 2169 voluisses,
2746 2114 2804 2157 tu
2832 2105 2924 2173 qui
2961 2121 3152 2176 magna
3191 2104 3284 2159 illa
3324 2121 3388 2158 ac
3421 2104 3655 2160 celebria

380 2204 670 2256 certamina
692 2217 789 2270 pro
820 2209 962 2255 recta
986 2201 1092 2269 ﬁde
1117 2195 1408 2266 pertulisti.
1445 2194 1652 2262 Quibus
1685 2195 1890 2262 verbis,
1926 2204 1986 2251 ut
2017 2196 2148 2252 mihi
2181 2197 2400 2268 quidem
2433 2198 2668 2263 videtur,
2694 2197 2926 2255 Basilius
2951 2198 3062 2270 (47)
3097 2213 3194 2256 eos
3221 2211 3356 2268 quos
3386 2199 3656 2252 adversus

381 2291 703 2345 Eunomium
738 2289 1034 2358 scripserat
1061 2289 1233 2346 libros
1264 2296 1375 2344 tam
1405 2287 1552 2344 clare
1581 2287 1849 2358 designat,
1878 2297 1938 2342 ut
1966 2289 2111 2358 ipsos
2148 2297 2360 2343 tantum
2390 2304 2497 2344 non
2530 2290 2816 2346 nominare
2847 2292 3116 2347 videatur.

447 2387 503 2440 2.
545 2387 774 2441 Causam
825 2394 1002 2442 autem
1044 2400 1142 2441 cur
1185 2385 1352 2442 libros
1394 2384 1517 2440 illos
1547 2384 1915 2453 composuerit
1946 2383 2203 2451 Basilius,
2227 2398 2350 2439 cum
2380 2399 2539 2440 nemo
2573 2385 2792 2441 melius'
2814 2387 3028 2441 noverit
3062 2399 3221 2454 quam
3257 2381 3392 2451 ipse,
3427 2395 3554 2436 eum
3585 2395 3652 2435 ea

379 2481 448 2533 de
482 2493 541 2533 re
575 2477 884 2548 loquentem
915 2477 1104 2532 audire
1142 2485 1383 2546 prastat.
1425 2476 1603 2532 Verba
1652 2475 1821 2546 igitur
1853 2475 1996 2532 illius
2042 2477 2158 2532 haec
2200 2485 2327 2532 sunt
2370 2491 2521 2532 num.
2559 2476 2642 2532 2:
2682 2475 2786 2532 Sed
2812 2477 2953 2548 jam,
2986 2479 3183 2548 inquit,
3209 2477 3279 2531 ad
3317 2474 3651 2542 urguendum

377 2570 650 2636 accedam,
679 2586 744 2625 ea;
787 2571 902 2635 ipsa
945 2569 1288 2637 inscriptione
1335 2584 1546 2624 sumens
1588 2567 1891 2622 exordium.
1927 2567 2144 2622 Primus
2196 2568 2338 2623 enim
2381 2570 2615 2623 omnium
2656 2568 2832 2633 dolus,
2870 2569 2954 2621 hic
3000 2565 3090 2620 ille
3129 2561 3535 2634 ei_'.e:ccogitatus
3573 2569 3652 2612 est

379 2663 587 2717 dicendi
621 2663 829 2727 modus,
863 2671 921 2716 ut
951 2664 1008 2717 in
1039 2661 1260 2732 speciem
1301 2658 1560 2728 apologia’
1603 2673 1666 2712 ac
1711 2657 2032 2728 defensionis
2075 2658 2371 2713 doctrinam
2413 2676 2568 2714 suam
2599 2658 2968 2729 composuerit,
2994 2673 3058 2712 ne
3086 2656 3226 2710 uelut
3257 2667 3533 2724 aggressor
3567 2651 3651 2704 vi—

377 2759 567 2811 deatur
594 2758 841 2827 dogmata
872 2757 1034 2825 impia
1065 2771 1344 2825 exponere,
1376 2755 1466 2809 sed
1498 2764 1709 2814 coactus
1751 2755 1820 2808 ad
1863 2754 1958 2808 hos
1990 2770 2256 2808 sermones
2295 2755 2586 2810 devenisse.
2624 2754 2878 2824 Cupiebat
2913 2751 3124 2822 quidem
3158 2747 3298 2801 omni
3337 2745 3490 2799 modo
3518 2759 3652 2812 pra-

379 2865 498 2901 vum
525 2847 656 2900 illud
689 2864 752 2901 ac
780 2848 1002 2917 impium
1035 2847 1226 2917 dogma
1253 2844 1631 2916 promulgare;
1665 2855 1714 2898 ει
1745 2861 1902 2914 quam
1950 2845 2074 2898 olim
2123 2857 2428 2910 conceperat
2469 2862 2532 2900 ac
2576 2856 2851 2917 pepererat
2888 2841 3286 2912 blasphemiam,
3319 2837 3554 2908 proferre
3592 2837 3649 2889 in

377 2940 608 2994 medium
640 2956 658 2993 :
689 2940 778 2994 sed
818 2938 1021 2993 videbat
1053 2939 1190 3007 fore,
1221 2946 1274 2990 ut
1311 2937 1358 2991 si
1396 2948 1574 3006 aperte
1608 2936 1841 2989 doctoris
1872 2934 2042 2988 locum
2081 2937 2352 3004 arriperet,
2379 2948 2728 3009 prseterquam
2756 2937 2897 3006 quod
2925 2938 2981 2991 id
3008 2952 3165 3009 grave
3194 2934 3475 2989 admodum
3511 2941 3646 2984 esset

379 3053 442 3092 ac
473 3035 751 3093 molestum
783 3035 1142 3098 audientibus,
1165 3039 1419 3102 pra’terea
1443 3049 1497 3086 se
1531 3033 1687 3086 etiam
1728 3031 1832 3101 ﬁde
1857 3032 2135 3102 indignum
2171 3048 2235 3086 ac
2273 3044 2571 3101 suspectum
2601 3037 2744 3105 apud
2781 3034 3054 3108 plerosque
3091 3035 3350 3097 redderet,
3375 3029 3466 3100 qui
3496 3029 3647 3082 cide-

377 3137 496 3190 licet
529 3137 714 3206 gloria:
744 3137 1032 3204 cupiditate
1063 3149 1341 3204 aggressus
1376 3143 1508 3188 esset
1555 3135 1831 3188 innovare.
1866 3133 1966 3188 Sin
2005 3145 2180 3188 autem
2212 3135 2465 3190 simulata
2505 3137 2749 3209 apologia
2779 3136 2933 3192 verba
2969 3132 3184 3201 faceret,
3215 3135 3263 3180 et
3295 3120 3644 3176 ἱππουαιὶοηῑε

377 3243 432 3278 se
459 3227 808 3295 suspicionem
851 3243 1125 3283 evasurum
1168 3232 1412 3299 putabat,
1444 3240 1491 3284 et
1531 3230 1629 3284 hoc
1664 3241 1820 3301 pacto
1863 3232 2136 3286 auditores
2184 3233 2353 3303 magis
2408 3234 2747 3300 allecturum,
2778 3251 2895 3289 cum
2938 3231 3142 3286 soleant
3189 3221 3424 3289 homines
3464 3232 3642 3271 omne!

376 3325 561 3384 suapte
597 3328 789 3373 natura
823 3319 1080 3376 lacessitis
1105 3321 1301 3390 favere.
1342 3320 1506 3377 Plura
1538 3323 1632 3393 qui
1677 3322 1843 3390 volet,
1877 3338 2164 3380 numerum
2211 3326 2509 3381 secundum
2544 3343 2651 3398 quo
2680 3327 2911 3384 Basilius
2943 3320 3144 3379 malam
3175 3310 3428 3371 Eunomii
3466 3316 3640 3365 artem

379 3408 499 3462 l'use
525 3410 786 3480 exagitat,
820 3412 996 3482 legere
1022 3414 1240 3482 poterit.

448 3499 502 3553 5.
543 3500 620 3554 De
650 3513 890 3573 tempore
921 3513 1102 3560 autem
1139 3521 1248 3575 quo
1275 3506 1351 3561 illi
1382 3505 1504 3562 libri
1537 3508 1831 3578 conscripti
1859 3509 1970 3565 sint
1995 3524 2026 3564 a
2062 3509 2283 3575 Basilio,
2316 3511 2452 3567 nihil
2487 3511 2632 3567 aliud
2661 3511 2843 3567 dicere
2871 3510 3156 3573 habemus,
3186 3505 3288 3561 nisi
3327 3500 3472 3573 quod
3505 3513 3642 3554 con-

377 3588 552 3647 iectos
579 3607 701 3650 esse
729 3611 824 3650 eos
851 3596 920 3650 ab
946 3597 1063 3667 ipso
1092 3607 1308 3654 constet
1335 3609 1462 3654 ante
1485 3601 1881 3671 episcopatum,
1919 3601 1963 3655 si
1991 3601 2151 3657 modo
2175 3600 2370 3659 Photio
2391 3603 2615 3659 credere
2639 3604 2888 3658 velimus.
2922 3602 3108 3658 Refert
3138 3601 3281 3655 enim
3311 3592 3643 3666 olympiades

377 3683 577 3740 multas
601 3685 954 3757 insumpsisse
980 3688 1301 3745 Eunomium
1337 3691 1390 3746 in
1421 3691 1489 3746 iis
1513 3690 1883 3760 conlutandis,
1907 3691 2164 3763 illamque
2185 3707 2340 3748 suam
2369 3695 2784 3764 responsionem
2821 3695 3006 3750 statim
3041 3703 3162 3763 post
3189 3689 3374 3745 Basilii
3410 3694 3641 3741 mortem

372 3783 766 3854 promulgasse.
801 3784 926 3842 Haec
966 3797 1147 3844 autem
1200 3802 1541 3860 nequaquam
1581 3789 1697 3846 ﬁeri
1746 3790 2071 3861 potuissent,
2102 3789 2207 3845 nisi
2256 3805 2392 3862 opus
2434 3807 2592 3847 suum
2630 3791 2864 3847 Basilius
2903 3791 2955 3844 in
2997 3791 3173 3844 lucem
3206 3786 3467 3842 edidisset
3511 3790 3639 3835 ante

373 3879 739 3949 episcopatum
771 3897 786 3933 :
818 3895 978 3949 quem
1008 3885 1192 3942 multis
1225 3886 1624 3957 olympiadibus
1652 3887 1961 3943 breviorem
2002 3885 2172 3942 fuisse
2203 3899 2394 3942 omnes
2429 3885 2777 3942 conlltentur.
2812 3883 3038 3940 Accedit
3081 3881 3268 3945 etiam,
3296 3877 3440 3947 quod
3484 3875 3639 3928 Basi-

375 3973 497 4036 lius.
527 3982 587 4028 ut
619 3989 685 4031 ex
720 3974 873 4031 initio
903 3977 1028 4033 libri
1058 3981 1219 4048 primi
1257 3992 1422 4053 patet,
1456 3983 1722 4038 nihildum
1770 3982 2070 4052 scripserat
2110 3983 2376 4038 adversus
2409 3979 2697 4037 haereticos
2729 3989 2862 4045 tum,
2899 3993 3024 4034 cum
3055 3976 3409 4032 Eunomianze
3441 3970 3640 4026 haeresi

373 4066 720 4138 proﬂiganda!
751 4083 970 4140 Operam
1018 4075 1258 4130 navavit.
1292 4076 1446 4144 Quod
1477 4086 1799 4148 argumento
1835 4085 1940 4144 est,
1969 4092 2118 4145 eum,
2149 4093 2276 4134 cum
2322 4084 2468 4132 esset
2496 4075 2702 4145 junior,
2733 4075 2835 4130 hoc
2868 4073 3050 4145 operis
3099 4071 3421 4143 suscepisse.
3457 4069 3640 4134 Quan-

372 4177 535 4231 quam
579 4171 785 4230 autem,
819 4173 876 4218 ut
924 4166 1041 4236 ipse
1094 4168 1188 4234 ait,
1217 4169 1272 4224 in
1317 4171 1420 4226 hoc
1467 4171 1738 4227 scribendi
1779 4186 1979 4244 genere
2010 4172 2408 4229 inexercitatus
2437 4180 2580 4238 erat,
2609 4185 2676 4226 eo
2708 4178 2886 4226 tamen
2917 4187 3172 4229 successu
3200 4187 3314 4227 rem
3346 4171 3531 4242 gessit,
3557 4179 3637 4232 ut,

374 4258 480 4312 nisi
528 4259 946 4316 inexercitatum
988 4277 1048 4318 se
1093 4267 1420 4335 monuisset,
1465 4267 1979 4324 exercitatissimum
2035 4263 2161 4326 eum
2211 4269 2264 4324 in
2325 4268 2662 4325 debellandis
2713 4268 2984 4325 haereticis
3031 4278 3194 4340 atque
3238 4266 3641 4338 paratissimum

372 4350 540 4408 fuisse
593 4352 766 4408 dicas.
812 4352 959 4408 Nihil
983 4355 1150 4423 (enim
1201 4369 1366 4427 opere
1405 4355 1590 4411 Basilii
1639 4357 1891 4427 solidius,
1932 4359 2070 4414 nihil
2119 4358 2441 4426 absolutius,
2477 4358 2639 4429 nihil;
2658 4358 2832 4429 magis
2881 4357 3136 4415 idoneum
3185 4359 3254 4414 ad
3302 4359 3640 4414 divinitatem

374 4445 539 4503 Verbi
578 4457 634 4503 et
676 4447 912 4519 Spiritus
958 4451 1154 4517 sancti,
1190 4467 1353 4522 quam
1386 4451 1689 4508 Eunomius
1737 4452 2114 4524 impugnabat,
2151 4455 2636 4525 comprobandam.
2672 4453 2788 4523 Ipsa
2828 4451 3084 4509 Eunomii
3112 4454 3296 4519 verba,
3327 4467 3436 4523 quo
3468 4448 3640 4518 magis

372 4541 488 4610 ejus
524 4557 741 4599 errores
789 4545 1216 4613 inualescerent,
1257 4544 1541 4603 referenda
1588 4562 1709 4604 esse
1759 4551 1973 4603 censuit
2015 4548 2179 4604 Pater
2213 4549 2609 4620 gravissimus;
2661 4558 2827 4620 atque
2878 4549 2984 4605 hoc
3037 4559 3196 4619 pacto
3251 4548 3368 4616 ejus
3414 4548 3637 4603 audacia

373 4637 762 4710 temeritasque
809 4639 884 4695 ita
926 4657 1170 4712 repressa
1209 4651 1314 4709 est,
1349 4651 1408 4697 ut
1439 4643 1850 4714 responsionem
1887 4659 2064 4711 suam,
2093 4645 2271 4714 quoad
2304 4643 2536 4699 Basilius
2567 4642 2724 4707 vixit,
2758 4642 3040 4713 publicare
3069 4657 3234 4698 ausus
3266 4658 3371 4698 non
3405 4643 3497 4697 sit.
3530 4640 3636 4696 Sed

369 4729 551 4784 statim
597 4739 760 4801 atque
805 4743 1051 4789 mortuus
1092 4743 1177 4790 est
1221 4735 1303 4790 vir
1345 4737 1751 4802 sanctissimus,
1804 4737 2000 4808 impius
2050 4737 2142 4792 ille
2187 4752 2322 4806 quos
2352 4737 2441 4792 diu
2478 4743 2878 4807 praeparaverat
2910 4736 3076 4791 libros
3111 4737 3162 4791 in
3199 4736 3372 4792 lucem
3400 4735 3636 4791 edendos

369 4827 605 4882 curavit.
637 4826 927 4896 Sperabat,
962 4830 1068 4886 nisi
1108 4832 1263 4886 valde
1295 4829 1480 4901 fallor,
1513 4847 1619 4888 non
1669 4844 1939 4902 repertum
1973 4832 2039 4888 iri
2067 4833 2159 4904 qui
2205 4833 2406 4887 mortui
2440 4831 2808 4886 defensionem
2860 4831 3167 4900 susciperet
3197 4849 3212 4885 :
3245 4834 3342 4886 sed
3380 4843 3479 4884 sua
3509 4843 3636 4883 eum

368 4935 494 4992 spes
533 4922 744 4980 fefellit.
784 4924 922 4980 Nam
971 4935 1170 4996 praater
1220 4927 1542 4998 Gregorium
1593 4927 1919 5000 Nyssenum,
1951 4929 2108 4998 cujus
2156 4929 2456 4984 etiamnum
2507 4936 2723 4984 exstant
2771 4926 2916 4993 libri,
2949 4925 3268 4984 Theodorus
3301 4926 3633 4996 Mopsueste-

368 5032 470 5072 nus
500 5018 614 5091 (48)
649 5029 813 5090 atque
860 5019 1197 5090 Sophronius
1244 5022 1428 5079 Basilii
1461 5023 1596 5098 (49),
1636 5033 1750 5104 aut,
1783 5036 1842 5081 ut
1894 5025 2086 5081 melius
2135 5025 2338 5090 dicam,
2374 5022 2534 5080 Verbi
2583 5023 2754 5093 ipsius
2803 5032 2860 5076 et
2908 5021 3144 5092 Spiritus
3193 5023 3366 5078 sancti
3400 5035 3632 5077 causam

366 5113 542 5182 egisse
574 5122 967 5180 memorantur.

438 5210 492 5263 4.
538 5207 820 5263 Traditum
859 5211 1078 5280 quidem
1128 5219 1214 5267 est
1255 5213 1323 5269 ab
1373 5215 1612 5284 antiquis
1660 5215 1867 5286 aliquot
1900 5216 1953 5270 in
1993 5214 2316 5271 Euuomium
2367 5214 2535 5270 libros
2580 5227 2611 5268 a
2660 5211 2859 5268 Basilio
2908 5212 3248 5279 conscriptos
3290 5211 3458 5266 fuisse
3490 5227 3504 5263 :
3537 5210 3631 5263 sed

368 5308 502 5369 quot
525 5301 919 5370 composuerit,
953 5311 1066 5359 tres
1095 5319 1162 5359 an
1193 5307 1453 5377 quinque,
1485 5321 1550 5363 ex
1586 5306 1790 5365 eisdem
1824 5315 1974 5365 certo
2007 5307 2262 5379 cognosci
2292 5321 2400 5361 non
2434 5313 2634 5376 potest.
2665 5303 2817 5371 Quod
2847 5303 2890 5359 si
2930 5304 3092 5380 203
3112 5304 3368 5360 librorum
3415 5302 3632 5374 γνησιό-

462 5485 550 5562 to)
579 5485 641 5562 Υ.
667 5485 840 5562 ill.,_c.
871 5486 994 5542 116.
1041 5559 1056 5562 ᾼ

2126 5490 2238 5562 (45)
2270 5490 2437 5562 Cone.
2473 5501 2601 5562 tom.
2633 5488 2701 5556 ν,
2733 5507 2850 5562 pag.
2888 5485 3011 5544 697.

460 5556 548 5630 Η)
581 5557 732 5630 9m}-
757 5559 816 5630 ἓν
850 5573 972 5628 Ρδίῑ-
1001 5559 1086 5615 l3-
2125 5552 2238 5630 (46)
2268 5561 2423 5614 Phot.
2457 5561 2580 5630 cod.
2616 5552 2836 5628 cast-(lxv,
2872 5574 2991 5630 pag.
3053 5555 3177 5621 820,
3218 5552 3324 5618 825
3375 5561 3426 5610 et
3481 5552 3606 5610 89.8.

437 5625 549 5700 (te)
583 5624 722 5700 piat.
751 5626 806 5689 2,
837 5624 888 5696 p.
914 5624 1001 5684 97.
2127 5624 2238 5700 (47')
2271 5629 2442 5700 Epist.
2482 5629 2609 5684 olim
2642 5631 2732 5686 53.

436 5695 549 5778 (/3?!
574 5694 740 5778 (Ξοηεο
779 5694 908 5778 ἓοίιίτ
943 5700 1028 5762 ιν,
1056 5717 1180 5778 nas.
1213 5702 1336 5761 sas.
2125 5694 2236 5778 (ἐξ)
2270 5694 2450 5778 ἓὲιοιη
2485 5715 2536 5754 οι
2574 5715 2649 5767 ινν
2684 5700 2887 5778 Pas-.6-

439 5765 546 5831 (H)
586 5763 752 5819 Leon.
787 5770 838 5821 in
866 5767 928 5822 Ν.
965 5779 1018 5824 et
1051 5763 1158 5828 li."

2124 5763 2236 5839 (i9)
2271 5769 2450 5837 Phot.,
2493 5786 2540 5826 ς.
2574 5763 2782 5843 “pag.”
2813 5769 2845 5830 8
2873 5781 2927 5828 el
2959 5771 3009 5827 9.
