4016 6220
310 286 417 343 497
1455 286 1824 345 ADVERSUS
1856 290 1896 344 Ε

1979 290 2221 347 iOMIUM
2257 290 2384 345 LIB.
2417 290 2458 347 I.
3463 290 3565 346 498

320 400 411 452 της
444 390 536 437 aut
562 380 742 434 νοθεία
775 395 840 435 ex
872 379 1221 437 multitudine
1270 390 1365 435 aut
1408 397 1477 435 ex
1520 384 1794 451 paucitate
1826 388 2048 441 testium
2076 389 2359 457 penderet,
2387 386 2775 442 controversiae
2800 386 2947 443 omni
2980 387 3141 441 linem
3186 387 3463 456 imponere
3490 388 3568 441 ta—

317 477 575 532 cillimum
608 486 773 533 esset.
806 475 941 531 Cum
979 476 1125 532 enim
1157 492 1265 531 non
1301 477 1533 548 amplius
1576 488 1686 534 tres
1717 488 1810 535 aut
1837 489 2069 549 quatuor
2112 481 2389 536 numerari
2422 480 2581 551 vulgo
2607 480 2837 548 soleant,
2866 481 2958 550 qui
2998 482 3134 536 duos
3179 481 3346 536 libros
3388 489 3568 550 poste-

318 577 489 629 riores
520 587 617 644 pro
650 571 800 629 falsis
833 572 1125 628 habuerint
1159 582 1387 628 :conlra
1415 573 1729 630 innumeros
1752 590 1816 630 ac
1841 576 2226 632 celeberrimos
2249 576 2396 631 viros
2424 578 2749 645 eosdemque
2791 577 3136 632 doctissimos
3182 577 3443 646 reperias,
3477 576 3570 645 qui

318 669 451 721 duos
477 664 805 733 posteriores
831 663 998 720 libros
1028 665 1253 733 perinde
1282 673 1342 719 ut
1374 673 1482 719 tres
1526 665 1736 733 priores
1776 665 1974 720 Basilio
2012 666 2206 737 Magno
2252 667 2549 722 ascribant.
2586 665 2743 732 Nam,
2778 676 2836 720 ut
2883 667 3099 723 interim
3143 666 3211 722 de
3249 666 3569 735 antiquiori-

319 758 417 810 bus
447 753 803 824 scriptoribus
840 761 1068 819 taceam,
1103 753 1482 819 Bellarminus,
1509 754 1713 809 Fronto
1742 754 1989 821 Ducazus,
2022 756 2348 812 Franciscus
2385 756 2766 821 Combeﬁsius,
2798 756 3195 823 Tillemontius,
3227 756 3371 811 Elias
3403 755 3570 824 Dupi-

319 865 420 904 nus
462 857 517 903 et
547 849 636 902 alii
672 847 920 917 permulti
951 847 1203 903 Basilium
1252 849 1445 903 horum
1489 850 1730 917 quinque
1770 849 1827 901 in
1870 848 2196 904 Eunomium
2242 850 2505 905 librorum
2542 858 2817 904 auctorem
2845 848 3075 904 faciunt.
3106 849 3176 903 Et
3206 848 3351 917 quod
3394 847 3573 917 majus

320 948 426 1005 est,
456 940 533 995 illi
577 940 816 1011 quinque
862 938 986 993 libri
1031 939 1089 995 in
1120 940 1349 995 concilio
1378 940 1694 996 Florentino
1738 950 1797 996 ut
1840 958 1870 996 a
1917 940 2145 1007 Latinis,
2180 942 2254 996 ita
2281 958 2310 995 a
2337 942 2543 999 Graecis
2584 942 2767 997 Basilii
2817 944 3036 998 nomine
3073 942 3277 1013 pariter
3315 941 3571 995 citantur.

202 1109 205 1111 ἓ
322 1032 587 1099 Quoniam
621 1040 802 1087 tamen
829 1031 1091 1101 ejusmodi
1119 1030 1446 1101 quaestiones
1490 1046 1558 1086 ex
1600 1033 1893 1088 tutioribus
1920 1033 2200 1102 principiis
2234 1031 2517 1101 dijudicari
2546 1036 2760 1098 debent,
2790 1048 2878 1089 res
2920 1048 3135 1104 semper
3166 1033 3220 1088 in
3254 1042 3574 1089 controver-

322 1130 402 1183 sia
428 1126 755 1193 versabitur,
783 1127 954 1182 donec
981 1127 1183 1197 aliquid
1216 1127 1417 1183 certius
1451 1128 1517 1183 ad
1548 1142 1765 1184 omnem
1810 1128 2203 1184 dubitationem
2234 1128 2528 1184 tollendam
2576 1127 2857 1184 aﬂ‘eratur.
2889 1125 2989 1182 Hic
3023 1135 3166 1183 esset
3203 1142 3266 1182 ea
3294 1127 3361 1181 de
3400 1140 3461 1180 re
3498 1124 3577 1178 lo-

324 1222 521 1292 quendi
554 1223 688 1280 satis
724 1223 953 1280 idoneus
999 1224 1183 1292 locus;
1220 1226 1314 1281 sed
1346 1234 1524 1281 tamen
1569 1226 1672 1281 hoc
1719 1236 2127 1294 argumentum,
2158 1232 2217 1279 ut
2245 1228 2422 1291 decet,
2454 1234 2690 1281 tractare
2718 1239 2841 1282 cum
2889 1225 3150 1296 longioris
3180 1224 3252 1280 sit
3288 1238 3487 1293 operae,
3520 1220 3575 1275 id

327 1316 665 1372 commodius
692 1317 860 1373 multo
890 1317 943 1373 in
969 1316 1291 1374 Praelatione
1323 1318 1564 1375 facturos
1604 1334 1704 1373 nos
1746 1319 2100 1375 credidimus.
2136 1318 2324 1389 Neque
2365 1327 2569 1382 tamen,
2601 1318 2816 1387 opinor,
2844 1318 3116 1373 videbitur
3149 1317 3402 1377 alienum,
3433 1327 3574 1384 prae-

326 1413 510 1482 Cipuas
539 1414 674 1469 duas
701 1428 914 1479 causas,
950 1429 1048 1470 cur
1088 1415 1416 1485 p05teriores
1444 1416 1551 1471 duo
1581 1415 1705 1472 libri
1736 1416 1970 1486 suspecti
2004 1416 2134 1481 sint,
2165 1416 2269 1470 hoc
2290 1414 2409 1471 loco
2439 1414 2492 1468 in
2522 1415 2753 1468 medium
2778 1412 3039 1484 proferre.
3056 1412 3237 1467 Prima
3272 1412 3433 1482 igitur
3461 1410 3576 1465 haec

334 1521 439 1574 cst,
470 1509 613 1578 quod
658 1511 969 1579 scriptionis
1000 1526 1168 1580 genus
1209 1521 1317 1567 tam
1364 1521 1551 1583 aperte
1581 1514 1855 1568 diversum
1892 1512 1984 1576 sit,
2017 1520 2073 1566 ut
2102 1514 2168 1567 de
2205 1512 2309 1567 hoc
2342 1510 2486 1566 inter
2515 1512 2800 1580 utriusque
2829 1509 3100 1580 opinionis
3134 1519 3391 1578 patronos
3418 1505 3581 1575 plana

328 1602 616 1657 conveniat
650 1620 664 1658 :
703 1603 896 1671 altera,
926 1605 1069 1673 quod
1122 1606 1451 1674 posteriores
1493 1606 1626 1661 duos
1673 1605 1842 1661 libros
1884 1605 1940 1659 in
1985 1605 2157 1661 veteri
2186 1605 2426 1660 editione
2456 1602 2662 1659 Veneta
2711 1612 2766 1657 et
2815 1606 2868 1658 in
2917 1601 3189 1673 aliquibus
3231 1599 3582 1656 mss..deesse

228 1761 235 1767 α
328 1704 561 1750 constet.
604 1696 678 1750 De
709 1696 814 1763 his,
841 1704 899 1750 ut
935 1696 1063 1759 dixi,
1108 1697 1325 1752 uberius
1358 1697 1411 1751 in
1440 1696 1763 1752 Praelatione
1794 1698 2123 1767 disputatur,
2155 1695 2218 1769 ξς
2258 1696 2328 1751 XI
2357 1706 2412 1753 et
2439 1698 2557 1753 Xll.

404 1792 458 1846 5.
501 1790 778 1847 Hactenus
808 1792 875 1848 de
901 1792 1090 1847 Basilii
1133 1792 1291 1847 libris
1324 1811 1339 1847 :
1368 1807 1511 1847 nunc
1552 1806 1720 1862 pauca
1770 1792 1837 1846 de
1874 1806 2037 1862 opere
2066 1793 2341 1850 Ennomii.
2386 1794 2627 1863 Contigit
2659 1801 2837 1849 autem
2883 1808 2987 1848 non
3039 1791 3332 1852 immerito,
3364 1798 3424 1845 ut
3464 1790 3585 1843 luce

331 1885 583 1955 indignus
616 1885 824 1941 libellus
852 1886 941 1939 diu
972 1886 1026 1940 in
1052 1885 1290 1940 tenebris
1318 1884 1542 1951 latuerit
1577 1902 1592 1939 :
1624 1884 1719 1940 sed
1765 1885 1982 1939 tandem
2030 1884 2309 1954 inopinato
2348 1888 2591 1943 emersit.
2626 1882 2761 1939 Nam
2794 1884 2880 1938 vir
2907 1883 3311 1939 eruditissimus
3344 1880 3581 1937 Joannes

330 1980 582 2034 Albcrtus
613 1977 911 2041 Fabricius,
944 1994 1066 2034 cum
1106 1976 1374 2049 ejusmodi
1404 1976 1721 2048 opusculum
1753 1977 1819 2031 ad
1849 1976 2112 2047 quosdam
2146 1975 2330 2031 Basilii
2367 1976 2514 2030 locos
2556 1974 2927 2043 explanaudos
2956 1974 3088 2030 utile
3121 1975 3238 2029 fore
3262 1973 3583 2041 judicasset,

333 2074 384 2127 id
414 2073 679 2128 edendum
711 2073 918 2129 duobus
947 2072 1142 2127 abhinc
1173 2072 1332 2127 annis
1361 2069 1570 2126 curavit
1601 2069 1739 2139 (50).
1765 2068 1875 2125 Nos
1919 2070 2103 2139 igitur,
2131 2068 2235 2124 viri
2256 2067 2558 2123 doctissimi
2585 2066 2855 2135 exemplo,
2884 2067 2989 2122 hoc
3021 2065 3161 2121 idem
3198 2066 3251 2118 in
3280 2062 3588 2135 Appendice

335 2177 524 2216 rursus
557 2165 698 2233 typis
728 2164 985 2218 mandare
1012 2163 1322 2229 statuimus,
1353 2176 1442 2227 ne,
1470 2161 1517 2217 si
1547 2175 1706 2216 secus
1732 2160 2019 2224 faciamus,
2056 2160 2256 2230 aliquid
2287 2160 2341 2214 in
2374 2169 2557 2215 nostra
2584 2158 2818 2213 editione
2846 2157 3036 2214 deesse
3060 2156 3330 2211 videatur.

402 2274 513 2347 (50)
540 2276 593 2331 In
619 2275 943 2333 Bibliotheca
973 2276 1181 2346 Graeca,
1212 2286 1343 2336 tom.
1374 2275 1512 2344 VIII,
1534 2292 1662 2349 pag.
1692 2276 1820 2344 262,
1856 2277 1945 2334 ed.
1976 2277 2099 2334 Vet.
2124 2275 2285 2333 Ent'r.

964 2676 1215 2766 ΤΟΥ
1283 2678 1435 2767 ΕΝ
1522 2676 1954 2766 ΑΓΙΟΙΣ
2023 2670 2525 2764 ΠΑΤΡΟΣ

1379 2679 1435 2765 Ν
1522 2676 1954 2766 ΑΓΙΟΙΣ
2023 2670 2525 2764 ΠΑΤΡΟΣ
2601 2669 2965 2759 ΗΜΩΝ

1555 2884 2376 3006 ΒΑΣΙΛΕΙΟΥ

1202 3104 1769 3160 ΔΡΧΙΕΠῙΣΚΟΠΟΥ
1800 3102 2214 3157 ΚΑΙΣΑΡΕΙΑΣ
2248 3100 2744 3155 ΚᾹΠΠΑΔΟΚΙΑΣ

1538 3266 1686 3359 ΑΝ
1695 3266 2386 3359 ΑΤΡΕΠΤΙΚΟΣ

995 3451 1737 3514 ἸὉΥΑΠΟΛΟῙἭῚἸΚΟΥ
1774 3451 1918 3504 ΤΟΥ
1949 3451 2370 3505 ΔΥΣΣΕΒΟΥΣ
2406 3452 2796 3506 ΑΥΝΟΜΙΟΥ

1718 3614 2083 3705 ΛΟΓΟΣ
2118 3610 2229 3699 Α’.

1365 4114 1495 4246 S.
1548 4118 1683 4242 P.
1735 4117 1882 4240 N.
1948 4104 2587 4255 BASILII.

732 4398 1325 4490 CJESABEAZ
1398 4390 2173 4487 CAPPADOCUE
2248 4379 3114 4478 ARCHIEPISCOP
3136 4378 3228 4504 I2

1803 4608 2188 4725 LIBRI

861 4837 1165 4916 QUIBUS
1208 4836 1453 4907 ῙΜΡΙΙ
1494 4830 1874 4900 EUNOMII
1922 4822 2560 4892 APOLOGETICUS
2610 4815 3115 4884 EVERTITUR.

1382 5161 1543 5233 207
1600 5147 1957 5235 LIBER
2030 5138 2519 5232 PRIMUS.

436 5311 489 5368 Ι.
518 5312 581 5366 El
616 5311 713 5381 μὲν
741 5309 1021 5363 ἐϐούλοντο
1050 5307 1281 5372 πάντες,
1317 5302 1402 5373 ἐφ’
1427 5302 1520 5365 οὒς
1553 5300 1614 5353 τὸ
1641 5299 1810 5370 ὄνομα.
1842 5295 1942 5350 ’τοῦ
1972 5302 2016 5357 Α

2115 5295 2167 5349 1.
2210 5292 2267 5347 Si
2299 5305 2509 5356 omnes,
2540 5302 2699 5357 super
2724 5299 2861 5357 quos
2897 5297 3093 5338 nomen
3131 5279 3224 5336 Dei
3265 5294 3329 5335 ac
3361 5278 3604 5335 Salvato-

365 5403 502 5457 Θεοῦ
553 5371 648 5457 xci.
689 5402 939 5472 Σωτῆρος
973 5399 1129 5471 ἡμῶν
1171 5395 1342 5468 Ἰησοῦ
1362 5371 1607 5466 Χριστοῦ
1642 5391 1937 5461 ἐπικέκλη-

2044 5387 2122 5441 ris
2155 5383 2325 5438 nostri
2358 5380 2484 5437 Jesu
2514 5377 2714 5435 Christi
2753 5378 3057 5431 invocatum
3095 5385 3200 5438 est,
3239 5371 3374 5427 nihil
3404 5372 3603 5427 voluis—

366 5514 478 5561 ται,
504 5494 667 5567 μηδὲν
696 5498 760 5566 τῇ
798 5464 1026 5567 ὰίηθείᾷ
1054 5490 1147 5553 τοῦ
1178 5464 1506 5558 Εὖαγγελὶου
1536 5484 1936 5556 παρεγχειρεῖν,

2045 5485 2164 5535 sent
2196 5485 2403 5530 tentare
2433 5483 2486 5527 ct
2520 5469 2731 5541 aggredi
2763 5477 2956 5540 praeter
2988 5466 3264 5538 Evangelii
3294 5464 3600 5530 veritatem,

445 5657 555 5721 (5|)
590 5655 693 5710 Tot
736 5663 864 5708 sunt
913 5654 1028 5708 fere
1058 5650 1199 5705 tituli
1224 5650 1382 5713 varii,
1420 5657 1549 5717 quot
1574 5643 1809 5721 codices.
1841 5641 1934 5693 Vir

2041 5638 2193 5721 tiquo
2214 5634 2515 5721 suo-codice
2533 5632 2626 5688 τοῦ
2649 5633 2879 5721 έιγθίουκτ
2907 5629 3287 5721 ἀντίρῤηῐεῖικὺις
3314 5628 3407 5721 γορ
3442 5628 3602 5721 ’A‘m-

376 5701 717 5783 doctissimus
740 5725 1095 5783 Combeﬂsius
1120 5722 1221 5780 sibi
1251 5701 1605 5789 legerejvisus
1637 5725 1719 5773 est
1741 5718 1793 5770 iu
1835 5728 1932 5767 an-

2041 5701 2327 5778 λοῖίητικοῦ
2362 5705 2453 5760 τοῦ
2484 5703 2772 5770 δυσσεϐοῦς
2815 5701 3099 5774 Εὐνομίοο,
3124 5701 3438 5770 Confutatio
3468 5705 3603 5767 Apo-
