4016 6220
483 315 589 371 499

1824 329 1884 388 S.
1923 331 2167 389 BASILII
2209 335 2427 394 MAGNI

3668 361 3801 419 500

484 433 579 485 sed
641 431 935 487 traditione
990 433 1359 503 apostolorum
1418 437 1654 509 ﬁdeique
1715 443 2052 514 simplicitate

2168 452 2235 521 τῇ
2263 451 2319 505 δὲ
2347 453 2644 525 παραδόσει
2666 457 2775 511 τῶν
2792 448 3124 544 ἀποστόλων
3148 463 3240 520 καὶ
3263 466 3327 538 τῇ
3361 468 3646 546 ἁπλότητι
3672 477 3797 548 τῆς

487 528 729 579 contenti
753 540 896 590 esse,
928 528 1065 582 nihil
1088 543 1232 584 nunc
1253 544 1390 602 opus
1421 533 1578 589 nobis
1603 544 1748 592 esset
1775 541 2020 597 oratione
2047 560 2062 598 :

485 616 583 670 sed
612 631 773 686 quam
808 618 877 671 ab
902 618 1060 673 initio
1090 621 1357 678 coluimus
1389 624 1839 696 taciturnitatem,
1871 632 2063 687 etiam-

485 723 613 762 num
647 710 871 765 omnino
904 702 1377 781 amplectere‘mur.
1407 718 1477 771 At
1503 721 1647 774 enim
1686 736 1808 776 cum
1852 725 2062 779 verita-

486 801 561 855 tis
599 801 850 857 inimicus
880 813 1080 872 praeter
1108 820 1171 859 ea
1201 823 1322 877 qua:
1349 825 1379 863 a
1413 808 1678 881 principio
1719 814 1776 868 in
1817 815 2062 875 Ecclesia

483 890 578 946 Dei
628 894 872 948 conserit
906 895 1117 951 zizania
1145 896 1215 963 ³³,
1246 900 1629 958 additamentis
1679 918 1897 975 semper
1945 923 2064 963 ma-

484 983 593 1039 lum
636 996 861 1056 augeat,
916 1004 1169 1059 nuncque
1215 991 1571 1049 instrumenta
1628 1010 1847 1052 omnem
1897 1000 2060 1054 simul

482 1077 599 1147 ejus
647 1088 820 1133 artem
869 1082 1219 1150 suscipientia
1268 1095 1483 1153 nactus,
1525 1101 1624 1157 per
1655 1087 2057 1148 Christianismi

481 1170 905 1241 simulationem,
936 1175 1280 1244 negationem
1314 1178 1535 1235 deitatis
1577 1179 1854 1252 Unigeniti
1885 1167 2059 1240 iniro—

481 1264 664 1328 ducat,
699 1273 925 1320 externa
959 1267 1048 1320 illa
1098 1283 1162 1323 ac
1188 1284 1326 1324 vana
1355 1272 1623 1340 sapientia
1656 1275 1946 1343 puritatem
1991 1293 2057 1335 ac

480 1355 883 1424 simplicitatem
919 1358 1182 1414 doctrinae
1216 1361 1380 1417 divini
1416 1362 1651 1432 Spiritus
1696 1370 2052 1436 conturbans,

479 1462 545 1501 ac
575 1448 755 1503 verbis
788 1451 1237 1519 persuasibilibus
1262 1454 1309 1486 ⁵³
1341 1457 1700 1527 simpliciores
1744 1461 2051 1532 seducens;

478 1543 785 1596 necessario
814 1552 867 1596 et
898 1558 1020 1611 nos,
1054 1556 1163 1600 tum
1198 1557 1417 1618 pr0pter
1455 1560 1698 1604 vestrum
1739 1554 1829 1622 qui
1880 1555 2053 1624 impe-

479 1632 640 1687 rastis
710 1648 988 1700 amorem,
1056 1645 1168 1691 tum
1242 1648 1462 1707 propter
1520 1651 1762 1698 nostram
1813 1645 2051 1714 ipsorum

478 1725 847 1792 securitatem,
887 1736 1129 1781 nostram
1181 1728 1399 1785 interim
1458 1731 1883 1791 imbecillitatem
1943 1754 2049 1793 non

476 1824 753 1880 curantes,
780 1832 1088 1886 quanquam
1125 1818 1176 1873 in
1212 1822 1316 1883 hoc
1346 1822 1557 1877 dicendi
1602 1840 1799 1893 genere
1834 1827 2049 1883 inexer-
2081 1819 2125 1874 Β

476 1907 626 1968 citati
672 1923 880 1975 sumus,
920 1919 1097 1964 tamen
1145 1927 1243 1980 pro
1295 1914 1489 1967 tradita
1544 1917 1702 1972 nobis
1744 1932 1776 1971 a
1825 1918 2051 1976 Domino

474 2003 716 2063 scientiae
753 2018 1025 2065 mensura,
1061 2013 1119 2058 et
1165 2005 1384 2058 veritati
1430 2008 1783 2074 patrocinari,
1815 2020 1870 2065 et
1900 2028 2053 2067 men-

475 2095 688 2153 dacium
740 2095 1022 2148 confutare
1079 2097 1409 2164 recepimus;
1461 2100 1564 2153 rati
1610 2117 1642 2155 e
1686 2102 1858 2158 tribus
1892 2104 2051 2162 bonis

475 2201 640 2240 unum
676 2186 863 2241 saltem
892 2187 1114 2241 omnino
1147 2199 1537 2245 consecuturos
1583 2207 1681 2246 nos
1715 2211 1729 2248 :
1770 2195 2048 2265 nimirum,

472 2288 567 2332 aut
603 2278 669 2333 iis
715 2280 806 2347 qui
851 2278 962 2347 jam
1015 2282 1372 2349 prmoccupati
1426 2291 1571 2349 sunt,
1623 2285 2048 2344 confutatiouem

472 2369 639 2440 208
667 2370 806 2423 hanc
834 2370 977 2423 velut
1009 2371 1180 2425 morbi
1225 2373 1518 2427 remedium
1558 2376 1802 2445 daturos,
1842 2390 1934 2434 aut
1965 2397 2051 2436 sa-

471 2460 559 2512 nis
586 2458 865 2513 oblaturos
903 2470 1141 2515 tutamen
1174 2465 1568 2535 qualecunque,
1602 2480 1696 2523 aut
1739 2480 1906 2537 certe,
1951 2489 2050 2530 nos

475 2551 622 2621 ipsos
664 2553 757 2622 qui
802 2556 1004 2609 nostris
1051 2553 1310 2613 fratribus
1357 2561 1558 2627 Optime
1597 2565 2047 2632 consuluerimus,

472 2650 776 2701 mercedem
836 2648 1147 2717 adepturus.
1205 2650 1305 2717 Qui
1364 2663 1544 2707 autem
1604 2657 1811 2725 primus
1867 2659 2050 2716 dicere

463 2749 662 2809 aperte
691 2755 757 2795 ac
790 2741 988 2797 (locere
1034 2756 1200 2801 ausus
1251 2752 1357 2810 est,
1394 2746 1708 2807 dissimilem
1753 2766 1874 2807 esse
1919 2755 2050 2810 sub-

461 2814 671 2887 'stantia
712 2833 1049 2904 unigenitum
1079 2834 1275 2891 Filium
1326 2839 1435 2892 Deo
1481 2849 1537 2895 et
1581 2839 1752 2907 Patri,
1786 2852 2048 2913 quantum

469 2934 620 2978 certe
666 2938 764 2979 nos
814 2924 1083 2991 novimus,
1111 2927 1305 2983 Aetius
1358 2928 1446 2984 ille
1494 2939 1576 2986 est
1618 2931 1808 3003 Syrus,
1836 2939 1901 2989 de
1940 2951 2048 3005 quo

468 3032 576 3071 non
607 3018 779 3072 dicam
812 3017 1008 3085 quibus
1044 3019 1112 3072 ab
1139 3019 1293 3074 initio
1329 3021 1627 3077 innutritus
1668 3022 1895 3091 artibus,
1926 3041 2047 3083 sese

469 3111 777 3179 perniciose
811 3111 862 3164 in
900 3110 992 3164 Dei
1026 3110 1296 3167 Ecclesias
1329 3113 1635 3181 intruserit,
1664 3126 1721 3172 ut
1753 3134 1820 3173 ne
1842 3121 2043 3176 omissa

469 3199 833 3255 confutatioue
864 3201 1158 3255 ceuviciari
1207 3202 1412 3259 videar.
1445 3205 1517 3259 At
1546 3205 1597 3259 in
1632 3206 1910 3277 impietate
1951 3210 2044 3280 qui

469 3293 753 3357 successit,
788 3306 1017 3361 eamque
1060 3293 1311 3364 perfecit,
1346 3294 1644 3353 Eunomius
1678 3299 1765 3353 hic
1811 3310 1895 3356 est
1938 3301 2047 3358 Ga-

469 3384 599 3452 lata,
627 3386 719 3457 qui
748 3387 848 3441 sibi
882 3388 998 3452 ipse
1023 3402 1091 3442 ex
1117 3390 1279 3444 rebus
1309 3389 1640 3457 turpissimis
1666 3393 2044 3450 claritudinem

467 3494 791 3547 comparans
824 3478 1030 3551 (Gloria
1061 3481 1220 3545 enim,
1256 3481 1450 3551 inquit,
1476 3484 1534 3537 in
1568 3485 1874 3552 confusione
1905 3488 2047 3557 ipso-

468 3570 693 3641 rum“),
722 3585 845 3626 cum
873 3574 1108 3642 reposita
1133 3561 1237 3642 piis
1261 3572 1402 3629 bona
1433 3577 1822 3645 postposuisset
1852 3579 2047 3635 honori

467 3665 517 3719 ei
549 3678 709 3734 quem
749 3680 807 3721 se
832 3666 1087 3735 sperabat
1115 3668 1593 3740 acquisiturum,|si
1628 3671 1889 3727 scriberet
1923 3688 2043 3743 quae

538 3864 585 3897 "
620 3863 812 3921 Matth.
841 3882 961 3933 xm,
1000 3868 1093 3924 25.
1169 3868 1258 3923 ⁸³1
1290 3867 1414 3929 Cor.
1446 3886 1507 3938 ιι,
1540 3870 1596 3925 4.
1674 3872 1722 3904 ⁵⁸
1757 3871 1989 3945 Philipp.
2025 3891 2113 3944 ιιι,

468 4050 677 4120 logetici
706 4050 855 4116 impii
880 4048 1147 4103 Eunomii.
1180 4051 1285 4106 Sed
1324 4055 1462 4106 bona
1502 4053 1645 4109 illius
1671 4057 1824 4110 venia
1860 4058 2037 4113 dicam

468 4121 534 4199 in_
561 4120 788 4199 eo_libro
838 4135 941 4199 non
994 4120 1095 4199 legi
1138 4122 1550 4199 divatppqrtmg,
1581 4125 1673 4199 se_d
1718 4128 2046 4199 ἀνατρεπτι-

468 4137 524 4176 Ill
561 4137 626 4175 eo
655 4137 788 4173 ιιι)ιο
838 4137 941 4173 ιιοιι
994 4137 1095 4241 tegi
1138 4137 1543 4193 αντιρρητικος,
1581 4137 1673 4178 sed
1718 4137 2045 4199 ἀνατρεπτι-

468 4191 586 4276 κός,
620 4190 1017 4276 Αῃαξγιίερξὶειιε.
1080 4191 1551 4276 εριοθειξεὶἢὶηηξῑὶ
1615 4194 1883 4250 Eunomii.
1932 4199 2045 4276 Nec

469 4263 632 4337 aliter
666 4258 867 4337 habent
889 4260 1057 4337 editio
1090 4258 1225 4337 ven.
1259 4258 1509 4337 et__Regii
1537 4275 1764 4337 quartus
1796 4279 1848 4320 et
1878 4270 2043 4337 quinv

470 4342 580 4393 tus.
613 4331 667 4384 in
704 4331 899 4406 (utilius
930 4332 1008 4406 sic
1041 4330 1273 4406 legitur:
1324 4333 1746 4406 ξᾼνατρεπτικδς
1778 4338 1872 4391 τοῦ
1896 4330 2042 4391 ’ἀπο-

2169 541 2407 607 πίστεως
2430 544 2776 617 ἑξαρκείσθαι
2797 590 2811 614 ,
2839 538 2992 605 ὃὺδὲν
3016 551 3082 607 ἂν
3108 555 3239 625 ἡμῖν
3262 557 3367 614 ἔδει
3391 538 3580 632 λόγων
3603 569 3669 621 ὲν
3698 538 3791 640 τίξῇ

2163 635 2412 705 παρόντι,
2444 637 2581 691 ἀλλά
2612 640 2705 694 καὶ
2738 640 2833 695 νῦν
2880 642 2947 697 ἂν
2978 645 3197 712 πάντως
3234 649 3299 722 ήν
3339 652 3399 718 ἐξ
3433 655 3629 727 ἀρχῆς
3659 635 3788 714 ἐστι)

2165 726 2420 795 μήσαμεν
2463 729 2672 802 σιωπήν
2715 733 3083 807 ὴσπασάμεθα
3109 753 3122 767 ·
3163 739 3348 814 ἐπειδὴ
3393 744 3453 798 δὲ
3487 747 3515 798 6
3558 749 3783 823 ἐχθρὸς

2158 815 2263 885 τῆς
2292 817 2554 890 ἀληθείας
2587 822 2926 895 προσθήκαις
2958 827 3070 900 (52)
3108 829 3197 882 ἀεὶ
3235 829 3296 884 τὸ
3320 835 3489 890 κακὸν
3522 815 3782 899 πλεονάέ

2160 908 2307 1004 ςωνμ,
2503 908 2587 977 οἷς
2627 914 2686 980 ἐξ
2727 917 2902 990 ἀρχῆς
2933 921 3227 994 ὲπέσπειρε
3257 923 3517 994 ζιζανίοις
3551 936 3626 1004 τῇ
3662 936 3772 989 τοῦ

2158 998 2295 1053 Θεοῦ
2333 1002 2649 1078 Ἐκκλησία,
2675 1009 2770 1061 καί⁵
2790 1008 2884 1063 νῦν
2904 1009 3078 1083 εὑρὼν
3100 1014 3306 1085 ὄργανα
3332 1019 3509 1074 πᾶσαν
3533 998 3773 1094 ἀθρόως

2157 1091 2321 1146 αὐτοῦ
2355 1094 2453 1166 τὴν
2479 1095 2674 1168 τέχνην
2700 1099 3088 1172 ὑποδεχόμενα,
3124 1105 3182 1158 ὲν
3222 1111 3579 1181 προσχήματι
3613 1091 3768 1187 Χριο

2158 1186 2478 1258 στιανισμοῦ
2505 1189 2604 1261 τὴν
2633 1190 2859 1264 ἄρνησιν
2887 1194 2985 1266 τῆς
3009 1195 3260 1269 θεότητος
3282 1202 3373 1254 τοῦ
3404 1186 3767 1274 Move-{moi};

2157 1279 2508 1351 παρεισάγει,
2558 1285 2625 1354 τῇ
2675 1284 2875 1351 ἔξωθεν
2903 1288 3077 1362 ταύτῃ
3106 1292 3201 1344 καὶ
3235 1296 3441 1368 ματαίᾳ
3475 1300 3646 1371 σοφίᾳ
3694 1303 3765 1355 τὸ

2155 1370 2397 1443 καθαρὸν
2428 1375 2522 1428 καὶ
2550 1376 2756 1431 ἁπλοῦν
2781 1379 2882 1451 τῆς
2910 1381 3255 1449 διδασκαλίας
3284 1386 3378 1439 τοῦ
3407 1388 3553 1445 θείου
3586 1370 3763 1447 [ivsti-

2159 1482 2328 1536 ματος
2377 1467 2487 1539 (55)
2521 1470 2941 1542 συνταράσσων,
2983 1476 3076 1529 καὶ
3124 1478 3181 1530 ὲν
3220 1479 3573 1555 πιθανολογίᾳ
3621 1488 3758 1552 τοὺς

2154 1558 2254 1611 ἀκε
2262 1560 2441 1629 ραιοτέ
2449 1578 2576 1632 ρους
2597 1566 3093 1638 παρακρουόμενος·
3120 1570 3430 1640 ἀναγκαίως
3445 1578 3540 1630 καὶ
3554 1580 3589 1646 ἡ
3601 1581 3751 1648 μείς,

2152 1650 2240 1705 διά
2276 1670 2335 1705 τε
2363 1652 2462 1725 τὴν
2495 1655 2767 1729 ὑμετέραν
2813 1658 2921 1712 τῶν
2967 1661 3334 1728 ὲπιταξάντων
3382 1668 3610 1740 ἀγάπην
3653 1672 3752 1725 καὶ

2152 1743 2242 1797 διά
2270 1746 2331 1797 τὸ
2357 1747 2513 1828 μῶν
2538 1748 2717 1802 αὐτῶν
2740 1749 2852 1820 (54)
2878 1752 3139 1822 ἀσφαλὲς,
3168 1756 3225 1809 ἐν
3249 1758 3421 1830 τούτῳ
3442 1760 3546 1830 τῆς
3580 1762 3753 1815 ἀσθε-

2153 1837 2303 1902 νείας
2332 1839 2705 1911 ὑπεριδόντες,
2740 1842 2918 1922 καίτοι
2963 1846 3239 1912 παντελῶς
3269 1850 3615 1922 ἀγύμναστοι
3650 1854 3749 1909 τοῦ

2151 1929 2395 1983 τοιούτου
2441 1932 2616 1997 εἴδους
2646 1933 2753 1987 τῶν
2785 1918 2960 2002 λόγων
2990 1937 3171 2004 ὄντεςο,
3202 1940 3342 1995 κατά
3372 1918 3433 1995 τὸ
3475 1943 3749 2016 ἐπιχορή-
3832 1968 3847 1984 ·

2152 2021 2320 2092 γηθὲν
2348 2022 2459 2093 (55)
2490 2026 2621 2095 ἡμῖν
2654 2027 2805 2098 παρά
2837 2028 2932 2082 τοῦ
2974 2033 3181 2103 Κυρίου
3214 2036 3312 2104 τῆς
3348 2037 3609 2105 γνώσεως
3660 2041 3750 2112 μέ-

2152 2130 2301 2185 τρον,
2336 2118 2400 2186 τῇ
2434 2133 2493 2169 τε
2517 2117 2746 2189 ἀληθείᾳ
2773 2121 3143 2188 συνίστασθαι,
3174 2127 3269 2181 καὶ
3325 2130 3655 2200 ἀπελέγχειν
3685 2132 3747 2186 τὸ

2150 2204 2348 2273 ψεῦδος
2382 2209 2760 2282 ὑπεδεξάμεθα
2780 2228 2794 2239 ·
2843 2215 3137 2285 ἡγούμενοι
3174 2220 3342 2290 τριῶν
3368 2222 3591 2289 ἀγαθῶν
3624 2225 3751 2290 ἑνός

2150 2315 2214 2366 γε
2243 2300 2459 2364 πάντως
2497 2301 2570 2372 μὴ
2599 2304 3011 2376 ἁμαρτήσεσθαι
3034 2325 3048 2338 ’
3073 2308 3105 2380 ἢ
3139 2310 3248 2381 γὰρ
3279 2315 3392 2375 τοῖς
3421 2314 3524 2385 ἤδη
3556 2333 3747 2387 πρεειο

2150 2390 2454 2461 λημμένοις
2494 2392 2851 2467 ἀλεξητήριον
2893 2399 2986 2452 τοῦ
3022 2401 3194 2455 κακοῦ
3238 2403 3330 2456 τὸν
3373 2405 3596 2475 ἔλεγχον
3637 2406 3742 2461 δὼ-

2151 2499 2265 2535 σειν
2288 2500 2302 2513 θ
2340 2483 2373 2553 ἢ
2410 2484 2653 2556 φυλακὴν
2686 2489 2909 2559 μετρίαν
2941 2492 3197 2563 παρέξειν
3222 2497 3336 2557 τοῖς
3365 2496 3702 2563 ὑγιαίνουσιν
3726 2516 3737 2526 ·

2148 2575 2182 2645 ἢ
2212 2575 2431 2639 πάντως
2459 2592 2523 2645 γε
2560 2578 2713 2633 αὐτοὶ
2744 2580 2851 2633 τῶν
2879 2583 2970 2636 ἐπὶ
2996 2585 3073 2655 τῷ
3111 2586 3435 2657 προελέσθαι
3470 2589 3584 2661 (56)
3626 2594 3741 2655 τοῖς

2148 2666 2396 2736 ἀδελφοῖς
2442 2670 2597 2743 ἡμῶν
2649 2670 2719 2725 τά
2768 2672 3018 2743 βέλτιστα
3072 2678 3279 2748 μισθῶν
3331 2682 3734 2748 ὲπιτεύξεσθαι.

2153 2760 2309 2814 Ἐστι
2340 2760 2399 2815 δὲ
2424 2763 2453 2815 6
2487 2762 2584 2833 μὲν
2614 2764 2831 2836 πρῶτος
2864 2769 3040 2822 εἰπεῖν
3086 2772 3336 2843 φανερῶς
3382 2774 3475 2827 καὶ
3526 2775 3736 2840 διδάξαι

2146 2854 2422 2926 τολμήσας
2447 2857 2699 2928 ἀνόμοιον
2728 2854 2869 2913 εἶναι
2915 2862 3057 2916 κατά
3080 2862 3179 2933 τὴν
3215 2866 3405 2919 οὐσίαν
3432 2868 3525 2920 τὸν
3576 2886 3739 2938 μονο-

2147 2946 2281 3017 γενῆ
2322 2946 2450 3001 Υίὸν
2483 2946 2561 3017 τῷ
2585 2948 2706 3021 Θεῷ
2741 2952 2835 3004 καὶ
2866 2952 3062 3024 Πατρὶ,
3093 2954 3193 3007 ὅσα
3233 2973 3297 3024 γε
3345 2958 3503 3025 ἡμεῖς
3550 2959 3732 3028 ἴσμεν,

2160 3038 2364 3103 Ἀἐτιος
2410 3041 2440 3093 6
2470 3040 2643 3112 Σύρος
2663 3083 2677 3108 ,
2710 3043 2769 3097 ὃν
2798 3044 2899 3097 οὐκ
2928 3045 3068 3117 ἐρῶ,
3103 3048 3365 3112 ποδαποῖς
3398 3049 3511 3120 (57)
3564 3051 3627 3103 τὸ
3676 3052 3737 3116 ἐξ

2073 3165 2116 3223 C
2148 3132 2325 3204 ἀρχῆς
2379 3133 2816 3206 ὲντετραμμένος
2869 3138 3293 3210 ἐπιτηδεύμασι,
3344 3145 3465 3204 ταῖς
3503 3142 3736 3215 Ἐκκλη-

2153 3225 2293 3289 σίαις
2337 3225 2432 3280 τοῦ
2458 3226 2593 3281 Θεοῦ
2629 3228 2833 3301 προῖὼν
2860 3231 3180 3305 είσειρθάρη,
3215 3234 3302 3287 ἵνα
3334 3234 3408 3306 μὴ
3440 3234 3577 3302 δόξω
3622 3236 3735 3290 λοι-

2142 3317 2339 3388 δορεῖν,
2366 3319 2477 3373 τῶν
2505 3319 2740 3392 ἐλέγχων
2768 3323 3039 3395 ἀφέμενος
3067 3342 3080 3355 ·
3110 3327 3139 3377 ὁ
3166 3324 3223 3378 δὲ
3255 3325 3611 3396 ἐκδεξάμενος
3632 3329 3735 3400 τὴν

2143 3409 2396 3464 ἀσέϐειαν
2429 3412 2525 3465 καὶ
2555 3414 2850 3478 τελειώσας
2874 3415 3043 3487 αὐτὴν
3076 3417 3340 3488 Εὐνόμιος
3371 3413 3525 3484 οὗτος
3567 3422 3596 3472 ό
3625 3419 3737 3475 Γα-

2143 3502 2314 3574 λάτης
2346 3502 2483 3574 (58),
2533 3505 2612 3571 ὃς,
2655 3509 2718 3561 ὲκ
2758 3507 2867 3561 τῶν
2896 3511 3190 3581 αἰσχίστων
3230 3510 3408 3582 ἑαυτῷ
3441 3513 3543 3582 τὴν
3573 3529 3732 3583 περι-

2145 3593 2372 3663 φάνειαν
2424 3596 2703 3669 κτώμενος
2751 3602 2857 3671 (Ἠ
2894 3602 3006 3672 γὰρ
3057 3602 3240 3668 δόξα,
3291 3606 3480 3675 φησὶν,
3546 3606 3615 3657 ἐν
3656 3603 3738 3674 τῖῙ

2150 3685 2415 3756 αἰσχύνῃ
2445 3686 2663 3760 αὐτῶν)
2684 3729 2698 3753 ,
2743 3689 2840 3763 τὴν
2873 3691 2938 3745 ἐκ
2989 3691 3081 3745 τοῦ
3108 3692 3317 3765 γράψαι
3347 3692 3383 3747 ἃ
3412 3694 3603 3766 μηδεὶς
3631 3694 3732 3748 ἀλ-

2141 3879 2228 3937 i9-

2153 4056 2208 4111 in
2240 4056 2401 4112 editis
2436 4057 2791 4114 desideratur.

2225 4127 2337 4197 (55)
2368 4127 2521 4207 Colb.
2576 4139 2630 4182 et
2685 4128 2819 4198 Reg.
2877 4128 3100 4207 quintus
3138 4129 3283 4207 medi
3325 4130 3389 4207 τδ
3421 4132 3729 4207 ἐπιμετρη-

2155 4195 2268 4261 θὲν,
2295 4195 2484 4251 eodem
2504 4212 2688 4262 sensu,
2724 4195 2817 4266 pro
2849 4195 3096 4252 admenso
3131 4202 3280 4255 nobis
3303 4195 3537 4257 scientia}
3549 4195 3727 4261 nitide.

2368 4268 2524 4341 goih.
2555 4269 2614 4322 ὲν
2645 4267 3094 4341 τῷπροελέσθαι.

2226 4337 2339 4408 (57)
2367 4337 2505 4391 Editi
2546 4353 2667 4393 cum
2696 4337 2974 4406 aliquibus
2999 4356 3131 4396 mss.
3157 4344 3445 4407 ποταποῖς.
3476 4343 3725 4401 Aliimss.

467 4385 759 4474 λογητικοῧ
791 4385 1289 4472 Εὑνομίου.Ἠῑοει
1324 4403 1453 4474 illud
1485 4385 1801 4470 notanduin,
1850 4408 1953 4474 legi
1994 4409 2047 4462 in

2159 4385 2384 4463 nu‘me'ro
2418 4408 2600 4474 plures
2631 4385 2909 4472 ποδαποῖς.

468 4474 601 4545 Reg.
637 4473 850 4545 quinto,
883 4485 1009 4545 ante
1046 4474 1280 4545 titulum,
1304 4472 1400 4526 τοῦ
1435 4473 1810 4545 βροντοφὼνου
1834 4472 1933 4532 καῖ
1971 4495 2052 4531 σο-

468 4540 574 4613 φοῦ
603 4540 909 4617 Βασιλείου,
946 4542 1135 4617 Basilii
1188 4540 1445 4617 congruis
1471 4540 1538 4617 :oc
1598 4540 1869 4612 sdpientis.
1915 4550 2046 4617 Reg.

468 4615 679 4683 primus
735 4613 1055 4685 simpliciter
1100 4613 1222 4685 κατ’
1278 4614 1566 4685 Εὐνομίου,
1603 4617 1661 4668 in
1705 4613 2046 4672 Eunomium.

469 4684 604 4758 Reg.
639 4684 909 4758 secundus
945 4685 1066 4758 κατ’
1099 4683 1392 4758 Εὑνομίου,
1424 4683 1829 4758 ἀντιρρητικός,
1865 4703 2052 4758 contra

467 4753 814 4812 Eunomium.
859 4755 1172 4823 confulaiio.
1242 4755 1485 4818 Denique
1532 4753 1701 4811 codex
1750 4760 1901 4814 Colb.
1952 4757 2049 4811 τοῦ

466 4823 624 4910 ἀγίου
651 4823 952 4910 ’Βασιλείου
973 4895 984 4906 ⁸
1003 4823 1110 4876 τῶν
1157 4824 1296 4907 πρδς
1332 4826 1613 4910 ,Εθνόμιον
1650 4828 2057 4910 ἁντιῤῥητικῶ-ν,

466 4847 624 4879 αγιου
671 4847 952 4877 ΒασιΛειυυ
1003 4847 1110 4876 των
1157 4847 1296 4897 προς
1347 4847 1613 4896 ιυνομιον
1650 4847 2050 4952 αντιρρτὲτικων

466 4874 583 4962 λόγ.
615 4892 685 4949 α’.
721 4893 877 4947 Liber
903 4895 1104 4961 primus
1146 4895 1613 4950 autirrlteticorum
1647 4909 1817 4953 sancit
1904 4900 2050 4954 asilii

467 4975 650 5018 contra
680 4963 1020 5021 Eunomium.

540 5035 656 5110 (52)
681 5035 1060 5110 Editiolfaris.
1088 5044 1303 5110 etmss.
1332 5052 1438 5110 non
1470 5036 1701 5110 pauci_6.
1724 5037 1920 5109 ἐχθρὸς
1948 5039 2050 5110 τῆς

467 5104 727 5177 ἀληθείας
756 5104 1021 5177 διάϐολος,
1054 5107 1289 5160 veritatis
1327 5108 1572 5161 inimicus
1622 5104 1865 5162 diabolus
1902 5125 1920 5163 :
1953 5104 2048 5165 sed

466 5174 573 5248 vox
600 5174 847 5239 διάϐολος
881 5192 984 5229 ιιοιι
1016 5178 1288 5231 invenitur
1315 5192 1489 5248 neque
1520 5179 1570 5231 in
1604 5179 1758 5234 Colb.
1786 5194 1964 5248 neque
1992 5181 2044 5234 in

466 5245 602 5317 Reg.
630 5251 852 5318 quinto.)
873 5263 1050 5318 neque
1087 5249 1139 5300 in
1175 5247 1412 5302 editione
1438 5247 1571 5303 Ven.
1617 5248 1769 5303 Unde
1796 5245 2048 5318 suspicor

465 5316 653 5388 vocem
687 5316 933 5381 διάϐολος
974 5316 1207 5386 primum
1245 5318 1313 5372 ab
1335 5318 1518 5385 aliquo
1568 5319 1793 5373 librario
1824 5316 2046 5388 apposi-

467 5397 575 5439 tam
618 5386 785 5443 fuisse
811 5389 861 5441 in
893 5404 989 5441 ora
1020 5389 1098 5441 sui
1130 5388 1278 5451 libri,
1309 5397 1367 5442 ut
1399 5389 1662 5443 iudicaret
1697 5386 2043 5455 verbis—illis,

462 5457 503 5531 6_
517 5456 711 5530 ἐχθρὸς
737 5460 838 5531 τῆς
857 5456 1138 5531 ἀληθείας,
1170 5460 1269 5513 hnc
1290 5459 1405 5531 loco
1425 5459 1695 5531 diabolum
1727 5459 2044 5531 significari.

465 5527 599 5579 Cum
623 5527 804 5583 autem
852 5527 959 5583 non
1014 5545 1139 5583 raro
1168 5530 1472 5595 contingat,
1501 5538 1559 5582 ut
1592 5529 1755 5583 lectio
1784 5527 1983 5599 aliqua
2015 5544 2046 5585 e

466 5600 710 5672 margine
737 5601 788 5653 in
817 5609 1023 5655 textum
1065 5601 1291 5667 irrepat,
1320 5600 1370 5672 id
1415 5600 1505 5655 hic
1536 5601 1833 5672 contigisse
1874 5608 2043 5671 puto;

465 5666 721 5737 Obiiglkque
742 5685 862 5724 eam
895 5685 1078 5725 vocem
1103 5666 1356 5737 expunxi.

535 5734 649 5813 (ἓξ)
678 5737 853 5813 βοάβκ
883 5741 1044 5813 Wb-
1060 5734 1185 5813 1ςοὶ
1208 5740 1363 5813 sue»
1388 5740 1726 5813 Πνειέματρςρ

538 5805 650 5875 (54)
676 5806 896 5879 Antiqui
925 5811 1031 5867 duo
1058 5810 1181 5867 libri
1213 5805 1369 5882 ἡμῶν
1394 5805 1594 5870 αὐτῶν.
1624 5805 1739 5873 vox
1774 5811 2040 5883 posterior

2231 4476 2341 4559 (58)
2372 4475 2526 4558 illud,
2569 4481 2599 4531 6
2637 4479 2677 4531 Γ
2680 4479 2906 4559 αλᾴιτης,
2944 4479 3173 4559 deestin
3214 4479 3367 4559 Reg.‘
3394 4483 3570 4559 tertio.
3616 4483 3729 4559 iﬁee

2159 4548 2415 4621 cuiquam
2449 4548 2642 4602 mirum
2676 4548 2850 4604 videri
2875 4549 3051 4615 debet,
3076 4551 3121 4605 si
3140 4565 3248 4621 vox
3272 4548 3520 4621 Γαλάτης
3551 4554 3602 4605 in
3623 4554 3726 4608 hoc

2157 4617 2293 4688 Reg.
2326 4618 2463 4671 libro
2506 4634 2613 4673 non
2670 4621 3092 4692 legaturtcum
3125 4619 3424 4688 Gregorius
3451 4617 3727 4692 Nyssenus

2158 4696 2377 4741 moneat
2405 4702 2524 4758 eam
2561 4704 2749 4743 vorem
2799 4691 2851 4742 in
2886 4690 3157 4758 aliquibus
3190 4706 3321 4746 mss.
3378 4690 3561 4747 statim
3602 4705 3729 4750 post

2158 4766 2388 4831 mortem
2422 4756 2605 4831 Basilii
2635 4759 2906 4813 inventam
2958 4756 3065 4814 non
3106 4760 3294 4816 fuisse.
3329 4761 3460 4816 Nam
3490 4778 3727 4831 conque—

2158 4827 2300 4882 renti
2328 4827 2615 4893 Eunomio,
2639 4839 2890 4884 vocatum
2920 4844 2979 4885 se
3002 4844 3122 4884 esse
3159 4846 3190 4897 a_
3233 4831 3431 4887 Basilio
3453 4827 3725 4897 Galatiam,

2157 4913 2278 4971 cum
2317 4907 2469 4971 esset
2516 4897 2827 4968 Cappadox,
2880 4901 3154 4971 respondit
3187 4899 3484 4971 Gregorius
3515 4906 3615 4958 hoc
3661 4902 3723 4957 in

2157 4970 2270 5043 suis
2298 4967 2576 5022 codicibus
2607 4967 2710 5023 non
2738 4967 3121 5043 repeririLAUbi
3168 4967 3487 5043 notandum,
3519 4973 3727 5043 Grego-

2157 5037 2319 5112 rium_
2341 5052 2452 5112 rem
2498 5053 2606 5092 non
2649 5037 2894 5112 negasse,
2926 5041 3019 5094 sed
3054 5040 3380 5112 simpliciter
3409 5037 3720 5103 dixisseCid

2157 5107 2211 5185 in
2241 5107 2585 5185 suis_deesse
2613 5107 3035 5185 exemplaribus.
3068 5107 3199 5185 lino,
3242 5123 3303 5166 ut
3338 5130 3461 5169 mox
3495 5114 3719 5185 patebit,

2155 5177 2587 5253 Gregoriusipse
2622 5178 2880 5233 Basilium
2916 5177 3215 5253 excusavit,
3255 5177 3510 5253 tanquani
3532 5185 3578 5238 si
3610 5177 3721 5237 Eu?-

2158 5250 2407 5320 nomium
2425 5248 2666 5320 Galatam
2692 5259 2963 5305 vocasset.
2988 5250 3166 5317 Quare
3190 5248 3420 5309 Basilius
3451 5271 3553 5308 non
3581 5255 3721 5320 inju-

2155 5318 2235 5371 ria
2265 5319 2412 5393 credi
2444 5329 2641 5386 potest,
2655 5319 3410 5393 inerroretugeOgraphicum
3430 5318 3715 5380 incidisse:

2153 5389 2455 5463 prmsertim
2488 5404 2610 5463 cum
2642 5390 2771 5445 editi
2798 5389 3120 5463 etcodices'
3143 5389 3357 5460 omnes,
3390 5396 3434 5450 si
3476 5396 3717 5463 excipis-

2155 5469 2241 5527 tur
2265 5458 2396 5526 Reg.
2414 5460 2628 5525 tertius,
2651 5476 2844 5527 magno
2868 5462 3009 5515 inter
3038 5478 3097 5517 se
3123 5458 3391 5518 consensu
3413 5458 3718 5519 vocenr'l‘a-

2153 5526 2323 5602 λάτης
2369 5530 2679 5602 exhibeant.
2729 5526 2867 5585 Puto
2909 5532 3080 5601 igitur
3119 5532 3377 5597 Basilium
3438 5536 3718 5602 scripsisse

2151 5599 2398 5675 Γαλάτης
2429 5601 2572 5675 :_sed
2604 5601 2655 5654 id
2687 5617 2879 5675 nomen
2910 5599 3142 5675 deletum
3178 5603 3352 5675 (fuisse
3398 5608 3466 5660 ab
3513 5599 3713 5675 aiiquo,

2151 5671 2244 5736 qui
2274 5668 2420 5739 aegre
2449 5668 2615 5725 ferret
2660 5673 2907 5725 mendam
2942 5671 3026 5726 vel
3057 5674 3338 5728 minimam
3373 5678 3424 5730 in
3473 5668 3619 5730 illius
3647 5677 3716 5728 li-

2149 5739 2265 5799 bris
2294 5740 2548 5804 inveniri,
2595 5741 2797 5811 quique
2849 5741 3083 5797 fortasse
3112 5743 3470 5801 arbitraretur
3499 5762 3557 5800 se
3583 5745 3716 5800 Gre-

2146 5813 2300 5883 gorio
2352 5826 2467 5870 rem
2513 5822 2719 5882 gratam
2770 5810 3063 5884 facturum,
3113 5815 3159 5871 si
3200 5815 3342 5871 banc
3383 5817 3650 5873 maculam
3682 5832 3714 5871 e
