4016 6220
360 328 460 386 501

1451 329 1825 389 ADVERSUS
1861 334 2230 397 EUNOMIUM
2268 341 2397 400 LIB.
2438 345 2481 400 Ι.

3499 350 3605 407 502

359 438 451 503 λος
491 434 793 507 τετόλμηκε
832 434 1051 491 πώποτε
1085 438 1393 511 φιλοτιμίαν
1426 441 1533 496 τῶν
1560 444 1927 516 ἀπονυειμένωι

2041 453 2219 509 nullus
2249 468 2487 523 unquam
2519 453 2656 510 alius
2686 470 2849 512 ausus
2876 457 3088 523 fuisset,
3116 459 3195 515 sic
3227 461 3407 515 animo
3433 460 3606 515 elatus

359 531 473 592 τοῖς
504 525 780 581 εὐσεϐέσιν
823 528 1045 597 ἀγαθῶν
1087 533 1454 604 προτιμήσας,
1489 535 1581 589 ὑπ’
1607 535 1794 590 ὀδόντα
1823 538 1935 611 (59)

359 620 495 683 τέως
523 617 856 690 λαλουμένην
885 620 983 691 τὴν
1016 620 1365 694 βλασφημίαν
1402 625 1615 697 ἐπήρθη
1652 626 1940 699 δημοσιεῦ-

361 727 451 765 σαι
480 710 560 782 τῷ
579 709 815 783 λαμπρῷ
835 709 1009 782 τούτῳ
1031 713 1390 784 συντάγματι,
1413 716 1654 787 ἀρχηγὸς
1674 719 1768 772 καὶ
1791 737 1940 791 πρω-

357 801 623 873 τοστάτης
652 801 781 873 ὅλης
822 804 1086 874 αἱρέσεως
1130 805 1505 878 ἀναρρηθῆναι
1555 804 1939 882 φιλοτιμούμε-

359 910 466 959 νος.
509 894 716 964 ’Όνπερ
747 888 840 947 οὖν
878 896 972 949 καὶ
1006 895 1247 953 εὐθύνειν
1279 899 1560 969 πρόκειται
1603 902 1734 971 ἡμῖν
1769 906 1826 957 ἐν
1860 903 1938 975 τῷ

359 984 607 1056 παρόντι.
672 985 819 1048 Ἐνὸς
861 986 920 1039 δὲ
967 988 1139 1042 κακοῦ
1182 990 1240 1042 ὲν
1286 991 1618 1065 ἀμφοτέροις
1662 995 1936 1066 ὑπάρχον-

357 1091 471 1139 τος,
510 1075 689 1146 δῆλον,
728 1077 804 1141 ὡς
832 1079 890 1132 ὲν
920 1078 997 1149 τῷ
1036 1080 1251 1153 μαθητῇ
1280 1083 1357 1155 τῷ
1387 1086 1805 1159 κατηρτισμένῳ
1843 1091 1938 1142 καὶ

358 1167 387 1218 ὁ
427 1166 741 1231 διδάσκαλος
789 1171 1351 1245 συναπελεγχθήσεται
1370 1216 1385 1240 ,
1435 1177 1465 1229 ό
1519 1177 1588 1231 τὰ
1647 1179 1937 1251 σπέρματα

358 1256 459 1328 τῆς
489 1258 741 1323 ἀσεϐείας
770 1261 1202 1334 καταϐαλόμενος
1224 1264 1354 1339 (60)·
1387 1268 1545 1339 εἴπερ
1567 1268 1631 1340 δὴ
1650 1269 1937 1343 ὑπάρξειεν

359 1348 489 1419 ἡμῖν
519 1347 607 1402 διά
644 1348 751 1404 τῶν
798 1352 1114 1422 προσευχῶν
1151 1353 1305 1423 ὑμῶν
1336 1357 1605 1428 τοσαύτην
1632 1357 1813 1411 λαϐεῖν
1840 1358 1935 1413 τοῦ

356 1435 514 1506 λόγου
534 1439 784 1511 δύναμιν,
810 1440 950 1495 ὥστε
976 1443 1118 1498 κατὰ
1147 1444 1239 1498 τὸν
1260 1444 1507 1518 ζηλωτὴν
1537 1450 1720 1513 Φινεὲς
1735 1453 1798 1522 τῇ
1839 1454 1937 1524 μιᾷ

355 1529 537 1601 πληγῇ
568 1530 659 1584 τοῦ
693 1531 916 1602 ἐλέγχου
960 1534 1287 1606 ἀμφοτέρων
1319 1536 1454 1607 ὁμοῦ
1486 1537 1809 1594 καθικέσθαι
1825 1541 1934 1596 τῶν

355 1619 496 1674 κατά
527 1625 626 1693 τὴν
653 1622 934 1677 εὐσέϐειαν
963 1626 1096 1697 (60⁸)
1131 1628 1637 1700 συμπεπλεγμένων
1660 1631 1930 1704 ἀλλήλοις.

353 1708 531 1762 Πολλά
571 1710 748 1766 τοίνυν
772 1712 910 1784 ἔχων
940 1716 1099 1768 αὐτὸν
1129 1717 1186 1770 ὲν
1232 1717 1404 1790 τούτῳ
1429 1720 1700 1774 δεικνύναι
1741 1723 1816 1793 τῷ
1843 1723 1933 1776 λό-

2040 556 2145 608 est,
2177 552 2235 599 ut
2274 545 2662 614 blasphemiam
2699 536 2959 604 hactenus
2989 551 3089 605 sub
3134 551 3383 606 dentibus
3422 551 3607 606 debla-

2043 645 2268 691 teratam
2300 639 2405 693 huc
2438 653 2536 694 suo
2566 640 2844 708 splendido
2870 655 3034 711 opere
3063 643 3327 713 evulgarit
3368 660 3380 695 :
3411 642 3607 711 quippe

2040 730 2265 784 haeresis
2311 731 2471 786 totius
2511 741 2701 786 auctor
2747 740 2913 801 atque
2959 733 3290 789 architectus
3325 734 3606 804 praedicari

2038 819 2296 873 ambibat.
2334 817 2507 884 Quem
2550 834 2683 874 sane
2716 821 2879 874 etiam
2914 822 3235 890 redarguere
3266 824 3318 876 in
3351 822 3606 891 praesenti

2039 910 2373 978 propositum
2408 911 2564 965 nobis
2593 920 2696 966 est.
2729 911 2861 966 Cum
2896 921 3073 967 autem
3103 913 3288 967 eadem
3337 914 3390 967 in
3438 913 3604 968 utris-

2039 1014 2146 1067 que
2180 1000 2496 1069 improbitas
2526 1001 2618 1067 sit,
2649 1002 2823 1071 palam
2873 1008 2958 1058 est
2989 1003 3043 1056 in
3077 1003 3316 1072 perfecto
3343 1003 3606 1073 discipulo

2039 1092 2359 1160 magistrum
2388 1108 2625 1163 quoque,
2651 1094 2742 1163 qui
2774 1094 2979 1149 semina
3011 1094 3302 1165 impietatis
3340 1095 3490 1164 jecit,
3516 1110 3606 1150 re-

2040 1185 2268 1240 futatum
2297 1185 2395 1252 iri;
2427 1187 2473 1241 si
2507 1188 2665 1240 modo
2707 1187 2865 1242 nobis
2905 1187 3101 1241 vestris
3133 1187 3383 1257 precibus
3420 1188 3606 1242 datum

2037 1278 2203 1333 fuerit
2250 1278 2360 1331 vim
2409 1278 2621 1333 dicendi
2674 1286 2877 1332 tantam
2933 1278 3199 1349 accipere,
3232 1289 3311 1343 ut,
3358 1278 3604 1348 exemplo

2036 1369 2366 1424 aanmlatoris
2400 1369 2543 1424 illius
2575 1369 2805 1425 Pbinees
2830 1370 2898 1435 ⁸⁸,
2940 1379 3194 1450 utrosque
3240 1370 3382 1424 inter
3411 1383 3470 1424 se
3501 1369 3605 1422 im-

2036 1461 2236 1531 pietate
2291 1461 2611 1531 conjunctos
2657 1477 2765 1516 uno
2823 1462 3221 1532 redargutionis
3272 1461 3382 1514 ictu
3442 1458 3605 1513 simul

2035 1552 2394 1622 conligamus.
2421 1553 2537 1607 Etsi
2573 1552 2734 1621 igitur
2766 1552 2932 1606 multa
2976 1559 3271 1620 suppetunt
3298 1549 3449 1613 mihi,
3479 1547 3603 1618 qui-

2034 1645 2137 1700 bus
2165 1647 2451 1700 ostendere
2483 1646 2687 1715 possim
2718 1660 2842 1700 eum
2886 1645 3053 1700 fuisse
3096 1645 3149 1699 in
3179 1659 3244 1699 eo
3275 1643 3413 1698 libro
3450 1656 3605 1695 meu-

2036 1740 2255 1803 dacem,
2313 1738 2655 1805 imperitum,
2705 1737 3155 1802 conviciatorem,
3209 1735 3601 1795 cavillatorem,

352 1816 434 1898 γη)
458 1800 719 1873 ψεύστην,
766 1806 975 1876 ἀμαθῆ,
1022 1807 1304 1880 ὑϐριστὴν,
1334 1811 1554 1882 εἴρωνα,
1589 1811 1925 1885 βλάσφημον,

2032 1828 2405 1898 blaspbetnum
2428 1846 2442 1882 :
2471 1838 2665 1882 ca'tcra
2693 1828 2911 1895 quidem
2939 1827 3114 1882 obiter
3136 1822 3601 1887 commemorabo;

353 1891 457 1947 τῶν
509 1895 608 1965 μὲν
657 1897 830 1952 ἀλλων
878 1900 978 1971 τὴν
1021 1903 1241 1973 μνήμην
1290 1905 1346 1956 ὲν
1375 1906 1636 1977 παρέργῳ
1668 1907 1924 1978 θήσομαι,

352 1980 447 2052 τὴν
477 1982 534 2035 δὲ
566 1983 941 2057 βλασφημίαν,
976 1990 1042 2060 ἣν
1089 1993 1168 2055 εὶς
1215 1992 1276 2044 τὸ
1328 1992 1459 2063 ὕψος
1504 1996 1604 2066 τῆς
1642 1996 1801 2067 δόξης
1830 1998 1926 2052 τοῦ

353 2076 684 2146 Μονογενοῦς
711 2080 958 2152 ὲλάλησε,
988 2082 1097 2137 τῶν
1143 2085 1207 2137 ὲκ
1247 2085 1345 2155 τῆς
1384 2087 1577 2158 τέχνης
1613 2090 1929 2162 προκαλυμ-

354 2167 541 2238 μάτων
568 2170 989 2244 ἀπογυμνώσας,
1018 2175 1240 2249 ἐμφανῆ
1279 2179 1411 2233 πᾶσι
1430 2182 1779 2253 καταστῆσαι
1812 2200 1930 2238 πει-

352 2259 486 2328 ράσο
492 2277 608 2329 μαι.

418 2352 472 2404 ‘2.
512 2353 651 2423 Ἤδη
688 2354 745 2407 δὲ
779 2355 1064 2428 βαδιοῦμαι
1110 2359 1244 2432 πρὸς
1286 2363 1413 2427 τοὺς
1439 2364 1718 2436 ἐλέγχους,
1749 2367 1810 2432 ἐξ
1837 2369 1934 2422 αὐ-

351 2440 447 2515 τῆς
477 2445 575 2515 τῆς
606 2448 915 2519 ἐπιγραφῆς
950 2451 1049 2521 τὴν
1087 2453 1260 2523 ἀρχὴν
1288 2457 1672 2527 ποιησάμενος.
1710 2459 1931 2534 Πρῶτον

354 2534 451 2615 μὲν
477 2535 586 2605 γὰρ
620 2536 768 2607 αὐτῷ
802 2539 1018 2594 πάντων
1047 2543 1416 2615 κακούργημα
1458 2547 1517 2599 τὸ
1548 2548 1734 2619 σχῆμα
1776 2550 1933 2605 τοῦτο

352 2622 459 2677 τῶν
506 2624 677 2693 λόγων
725 2629 1087 2700 ἐπινενόηται,
1133 2634 1190 2686 ἐν
1236 2634 1531 2703 ἀπολογίας
1569 2638 1696 2691 εῖδει
1728 2640 1825 2713 τὴν
1855 2642 1931 2695 δι-

352 2714 644 2772 δασκαλίαν
678 2720 918 2773 συνθέντι
948 2721 1081 2791 (61),
1121 2724 1208 2777 ἵνα
1243 2726 1315 2796 μὴ
1347 2725 1470 2798 δόξῃ
1504 2733 1929 2803 προηγουμένως

353 2808 621 2863 ποιεῖσθαι
646 2811 752 2865 τῶν
798 2813 1080 2884 δογμάτων
1120 2817 1218 2887 τῆς
1265 2819 1520 2884 ἀσεϐείας
1552 2823 1651 2893 τὴν
1689 2822 1924 2893 ἔκθεσιν,

2033 1919 2423 1988 blasphemiam
2474 1934 2604 1974 vero
2649 1935 2812 1989 quam
2872 1919 2927 1973 in
2984 1918 3366 1972 sublimitatem
3419 1915 3603 1984 gloria:

2034 2008 2309 2079 Unigeniti
2343 2010 2554 2065 locutus
2581 2021 2684 2077 est,
2718 2010 2853 2065 artis
2882 2009 3176 2065 involucris
3202 2007 3450 2072 detectis,
3490 2019 3604 2060 ma.-

2032 2100 2283 2157 nifestam
2308 2101 2559 2157 omnibus
2587 2102 2766 2157 facere
2796 2103 3053 2158 conabor.

2106 2371 2161 2426 2.
2200 2369 2305 2425 Sed
2358 2371 2491 2440 jam,
2535 2378 2747 2438 sumpto
2780 2384 2847 2423 ex
2882 2368 2996 2439 ipsa
3043 2366 3393 2434 inscriptione
3437 2379 3600 2435 argu-

2036 2472 2237 2527 mento,
2269 2464 2519 2518 accedam
2565 2463 2631 2515 ad
2672 2462 3020 2531 argueudum.
3053 2459 3268 2513 Primus
3305 2459 3447 2513 enim
3485 2472 3602 2512 om-

2036 2555 2185 2608 nium
2216 2554 2392 2619 dolus,
2422 2553 2509 2607 hic
2555 2552 2645 2606 ille
2678 2552 2725 2605 ei
2755 2552 3092 2619 excogitatus
3119 2558 3204 2603 est
3245 2549 3456 2603 dicendi
3487 2564 3601 2604 rno-

2036 2645 2157 2712 dus,
2187 2655 2245 2699 ut
2275 2647 2328 2698 in
2372 2645 2606 2715 speciem
2642 2643 2897 2713 apologis:
2936 2658 3002 2696 ac
3031 2640 3362 2696 defensionis
3399 2638 3601 2694 doctri-

2037 2757 2160 2794 nam
2212 2756 2364 2795 suam
2411 2749 2781 2809 componeret,
2818 2753 2884 2792 ne
2918 2738 3060 2792 velut
3100 2749 3383 2806 aggressor
3418 2736 3600 2788 videa-

2038 2840 2125 2884 tur
2159 2829 2414 2900 dogmata
2457 2829 2619 2898 impia
2668 2842 2959 2898 exponere,
2991 2827 3084 2880 sed
3130 2833 3350 2879 coactus
3393 2818 3600 2876 ad'hos

353 2898 463 2969 ἀλλ’
496 2899 555 2966 ἐξ
578 2900 821 2974 ἀνάγκης
846 2904 939 2956 ἐπὶ
964 2906 1093 2969 τοὺς
1119 2906 1310 2974 λόγους
1335 2908 1555 2974 τούτους
1585 2912 1920 2983 ἐληλυθέναι.

2034 2898 2314 2978 sermones
2359 2923 2660 2977 devenisse.
2715 2921 2974 2989 Cupiebat
2999 2917 3212 2987 quidem
3255 2915 3401 2970 omni
3441 2915 3599 2969 modo

361 2991 641 3047 Ἐϐούλετο
674 2994 765 3065 μὲι
827 2997 937 3066 γὰρ
979 2999 1043 3051 ὲκ
1084 2999 1282 3063 παντὸς
1333 3003 1538 3072 τρόπου
1585 3004 1646 3056 τὸ
1695 3007 1930 3078 πονηρὸν

352 3082 505 3137 τοῦτο
538 3084 634 3137 καὶ
666 3085 808 3138 ἄθεοι
856 3088 1235 3159 περιαγγεῖλαι
1267 3091 1552 3163 κήρυγμα,
1586 3094 1677 3146 καὶ
1706 3096 1788 3159 εἰς

351 3190 443 3228 σον
472 3175 715 3244 ἐνεγκεῖν
760 3178 821 3248 ἢν
869 3179 1036 3233 πάλαι
1071 3182 1353 3236 συνέλαϐε.
1380 3186 1473 3237 καὶ
1505 3183 1662 3239 ὡδινε
1691 3187 1932 3260 βλασφη-

353 3267 482 3337 μίαν
517 3266 665 3343 (62)·
706 3268 852 3340 ἑώρα
888 3270 966 3336 δὲ,
1020 3272 1102 3337 ὅτι
1140 3272 1200 3326 τὸ
1242 3275 1340 3344 μὲν
1388 3277 1451 3329 ὲκ
1483 3274 1576 3329 τοῦ
1620 3279 1932 3348 προφανοῦς

349 3360 409 3434 ἐν
450 3360 768 3415 διδασκάλου
817 3362 966 3428 τάξει
1013 3364 1470 3437 προκαθεσθῆναι,
1521 3368 1657 3440 πρὸς
1693 3368 1770 3440 τῷ
1813 3370 1931 3424 λίαν

350 3451 592 3524 φορτικῷ
619 3453 712 3506 καὶ
744 3455 1036 3524 προσάντει
1066 3442 1179 3521 τοῖς
1207 3457 1515 3522 ἁκούουσιν,
1567 3459 1646 3514 ἔτι
1677 3461 1770 3514 καὶ
1795 3462 1931 3516 ἀπί-

350 3543 508 3597 θανον
536 3545 724 3598 ἑαυτὸν
756 3546 850 3599 καὶ
886 3545 1123 3601 ὕποπτον
1163 3553 1273 3614 τοῖς
1320 3550 1533 3614 πολλοῖς
1576 3553 1928 3624 καταστήσει,

349 3635 426 3698 ὼς
456 3635 613 3707 δόξης
665 3637 927 3711 ἐπιθυμίᾳ
957 3641 1049 3694 ἐπὶ
1101 3641 1161 3695 τὸ
1199 3640 1539 3715 νεωτερίζειν
1592 3644 1889 3715 ἐληλυθότα
1914 3664 1927 3675 ⁸

348 3728 481 3782 εἰδὲ
513 3731 569 3784 ἐν
610 3731 904 3800 ἀπολογίας
948 3732 1235 3804 πλάσματι
1283 3736 1409 3798 τοὺς
1461 3735 1651 3804 λόγους
1704 3738 1927 3800 ποιοῖτο,

347 3821 445 3892 τῆς
492 3839 550 3874 τε
583 3822 692 3893 (65)
726 3825 1075 3895 καινοτομίας
1125 3826 1188 3879 τὸ
1240 3825 1480 3880 ὕποπτον
1522 3826 1926 3896 διαφεύξεσθαι,

348 3914 440 3966 καὶ
472 3913 669 3983 μᾶλλόν
700 3932 754 3967 τι
792 3917 966 3985 τούτῳ
1016 3917 1383 3988 προσάξεσθαι
1435 3921 1560 3981 τοὺς
1608 3919 1924 3983 ἀκούοντας,

348 4004 507 4073 φύσει
536 4006 752 4061 πάντων
781 4007 1083 4075 ἀνθρώπων
1118 4012 1235 4072 ταῖς
1262 4009 1495 4073 εὐνοίαις
1518 4009 1785 4063 εἰωθότων
1815 4014 1928 4074 τοῖς

301 4150 309 4159 ,
349 4095 753 4168 ἐλαττουμένοις
798 4098 1205 4167 προστίθεσθαι.
1252 4098 1352 4152 Διά
1396 4098 1554 4152 τοῦτο
1593 4101 1927 4172 κατηγόρους

350 4187 584 4241 αἰτιᾶται
631 4191 727 4243 καὶ
757 4191 1118 4259 συκοφάντας,
1169 4190 1443 4254 κάκείνοις
1494 4189 1587 4244 τοῦ
1621 4191 1778 4259 λόγου
1827 4191 1926 4264 τὴν

2032 3026 2256 3080 pravum
2305 3011 2435 3065 illud
2491 3026 2555 3065 ac
2612 3010 2831 3080 impium
2889 3010 3079 3078 dogma
3136 3003 3494 3075 promulgari;
3544 3012 3600 3056 et

2033 3119 2191 3173 quam
2225 3104 2350 3158 olim
2390 3110 2709 3171 conceperat
2755 3117 2821 3154 ac
2864 3088 3148 3169 pepererat
3187 3095 3596 3164 blasphemiam,

2030 3194 2279 3264 proferre
2308 3196 2359 3249 in
2394 3191 2628 3248 medium
2666 3208 2681 3247 :
2717 3193 2809 3246 sed
2841 3189 3054 3244 videbat
3085 3188 3217 3250 fore,
3253 3197 3312 3241 ut
3337 3187 3380 3241 si
3414 3193 3598 3256 aperte

2032 3287 2271 3342 doctoris
2317 3287 2492 3341 locum
2542 3285 2891 3354 arripuisset,
2941 3289 3297 3352 prieterquam
3349 3277 3491 3347 quod
3543 3276 3597 3331 id

2030 3394 2197 3449 grave
2244 3378 2531 3433 admodum
2586 3387 2732 3433 esset
2784 3392 2850 3432 ac
2903 3375 3186 3429 molestum
3231 3369 3597 3433 audientibus,

2033 3479 2290 3538 praeterea
2348 3484 2407 3524 se
2464 3469 2625 3522 ctiam
2681 3468 2783 3521 ﬁde
2842 3466 3118 3534 indignum
3172 3477 3235 3516 ac
3285 3469 3595 3530 suspectum

2032 3564 2169 3633 apud
2202 3563 2487 3632 plerosque
2518 3560 2786 3622 redderet,
2820 3559 2914 3627 qui
2955 3556 3204 3644 videlicet
3233 3553 3415 3644 glorise
3444 3550 3595 3644 cupi-

2032 3655 2199 3707 (litate
2228 3666 2513 3720 aggressus
2538 3659 2681 3704 esset
2710 3650 2988 3703 innovare.
3015 3641 3110 3699 Sin
3136 3654 3312 3697 autem
3344 3641 3593 3697 simulata

2031 3743 2275 3814 apologia
2326 3744 2490 3796 verba
2546 3741 2766 3804 faceret,
2804 3749 2858 3793 et
2903 3736 3066 3806 209
3121 3733 3481 3790 innovationis
3536 3746 3595 3785 se

2030 3835 2389 3904 suspicionem
2434 3846 2720 3886 evasurum
2770 3828 3008 3898 putabat,
3043 3836 3095 3880 et
3125 3826 3229 3880 hoc
3258 3833 3414 3894 pacto
3444 3822 3594 3876 audi-

2032 3934 2175 3979 tores
2197 3925 2366 3995 magis
2391 3923 2736 3984 alleclurum,
2757 3934 2880 3973 cum
2907 3918 3114 3971 soleant
3135 3914 3381 3969 homines
3404 3926 3594 3967 omnes

2029 4025 2217 4085 suapte
2253 4025 2445 4069 natura
2482 4013 2746 4068 lacessitis
2774 4010 2976 4065 favere.
3006 4009 3344 4076 Quapropter
3369 4020 3593 4059 accusa-
3644 4056 3652 4065 ,

2031 4117 2175 4163 tores
2223 4106 2752 4173 calumniatoresque
2802 4102 3008 4169 culpat,
3038 4099 3226 4166 eisque
3273 4097 3356 4150 sui
3405 4094 3591 4161 scripti

2026 4215 2248 4259 causam
2286 4200 2529 4253 ascribit.
2564 4197 2743 4265 Quare
2780 4207 2837 4249 ut
2866 4194 2983 4265 ejtts
3014 4191 3302 4245 artiﬁcium
3341 4188 3437 4241 liat
3466 4202 3591 4256 per-

349 4280 524 4334 αἰτίαν
556 4283 877 4352 προσάπτει.
936 4285 1097 4337 Ὥστε
1139 4283 1195 4335 δὲ
1240 4284 1404 4336 πᾶσιν
1456 4282 1621 4335 αὑτοῦ
1675 4282 1924 4351 γενέσθαι

2032 4294 2271 4364 spicuum
2303 4291 2576 4354 omnibus,
2610 4289 2800 4343 melius
2846 4286 3010 4341 fuerit
3048 4287 3222 4354 ipsum
3266 4279 3589 4353 proloquen-

350 4376 446 4445 τὴν
498 4376 689 4447 τέχνην
731 4379 1012 4448 καταφανῆ
1035 4419 1050 4443 ,
1085 4379 1235 4431 οὐδὲν
1267 4381 1445 4449 χεῖρον
1492 4378 1660 4449 αὐτῆς
1688 4376 1917 4450 ἀκοῦσαι

349 4466 443 4539 τοῦ
465 4467 746 4538 προοιμίου
780 4469 877 4538 τῆς
901 4468 1114 4535 λέξεως.
1149 4471 1302 4540 Ἔχει
1332 4470 1389 4523 δὲ
1418 4468 1609 4534 οὕτως.

402 4669 451 4702 ⁸³
478 4668 637 4725 Num.
668 4686 799 4735 xxv,
829 4671 882 4726 8.

349 4804 537 4879 fratris
564 4805 877 4879 charissimi
913 4807 1134 4874 scriptis
1170 4808 1402 4871 tolleret.
1440 4810 1545 4865 Sed
1574 4825 1736 4879 quam
1784 4810 1918 4865 levis

351 4878 422 4948 sit
446 4884 501 4929 et
550 4876 777 4948 pusillus
800 4880 1107 4948 errorjlle,
1136 4881 1375 4934 ostendit
1428 4876 1654 4933 fratrum
1685 4882 1923 4948 optimus

349 4946 645 5018 Gregorius
675 4945 767 4999 lib.
807 4962 825 5000 1
863 4945 1186 5018 ianunom.
1220 4964 1343 5018 pag.
1368 4949 1469 5003 507
1500 4967 1514 5001 :
1543 4945 1738 5003 Mirum
1778 4966 1919 5015 vero,

350 5017 548 5089 inquit,
598 5015 644 5067 si
682 5032 822 5089 _eum‘
847 5017 939 5085 qui
990 5019 1044 5070 in
1091 5015 1336 5086 conﬁniis
1391 5023 1618 5073 duarum
1652 5019 1920 5089 regionum

346 5085 621 5158 habitabat
675 5085 730 5158 in
772 5085 991 5158 obscuro
1008 5085 1249 5158 quodam
1294 5089 1660 5157 Corniaspina:
1701 5085 1919 5158 angulo,

347 5171 452 5207 non
487 5152 818 5219 Olliserium,
872 5157 962 5208 sed
993 5152 1243 5211 Caietam
1298 5152 1610 5221 nominauit,
1653 5159 1701 5210 si
1741 5152 1917 5210 tamen

348 5223 647 5287 nominasse
667 5224 872 5277 ostendi
893 5236 1079 5291 potest.
1108 5226 1231 5280 Non
1258 5230 1396 5282 enim
1430 5229 1527 5279 hoc
1550 5228 1716 5294 reperi
1737 5229 1789 5279 in
1824 5243 1920 5280 no-

347 5297 469 5346 stris
499 5294 763 5347 codicibus
794 5309 812 5346 :
844 5296 934 5348 sed
959 5298 1298 5357 esto,dixerit
1334 5299 1429 5350 hoc
1458 5295 1917 5351 Basilius.Aelius

352 5361 440 5433 ille
468 5360 638 5433 Syrus
675 5365 828 5431 cujus
854 5365 1132 5433 aliquanto
1157 5377 1283 5420 ante
1315 5368 1518 5421 mentio
1549 5366 1690 5419 facta
1715 5375 1817 5431 est,
1848 5380 1913 5420 ex

349 5432 623 5503 impietate
644 5432 953 5501 cognomen
983 5436 1142 5489 Athei
1172 5437 1403 5503 accepit.
1447 5435 1522 5490 De
1548 5450 1612 5489 eo
1645 5435 1913 5503 c0piosis-

349 5502 481 5556 sime
514 5501 802 5575 loquuntur
837 5505 1064 5575 tum_alii
1094 5506 1269 5571 multi,
1298 5501 1407 5558 tum
1437 5501 1728 5574 Gregorius
1764 5503 1904 5575 Nys-

348 5584 533 5647 senus,
560 5572 652 5647 lib.
677 5588 699 5647 _l
728 5584 911 5647 contra
942 5572 1164 5647 Eunom.
1197 5591 1317 5647 pag.
1351 5575 1458 5630 292
1478 5586 1531 5647 et
1552 5572 1670 5647 aeq.

418 5638 542 5714 (59)_
570 5641 691 5694 ⁸Υπ’
726 5643 935 5714 ὀδόντα,
981 5638 1353 5698 binm/tentiam
1403 5646 1496 5699 sub
1517 5638 1688 5698 ‘den'te
1724 5644 1903 5714 prolui-

346 5719 450 5781 tam
476 5725 496 5780 ς
530 5711 629 5768 hoc
648 5721 749 5769 est.
778 5713 1148 5771 blasnhemium
1168 5714 1464 5771 clanculum
1482 5711 1895 5767 disseminatum.

2026 4395 2132 4443 tem
2166 4385 2374 4443 audire.
2404 4383 2495 4439 Sic
2527 4391 2703 4436 autem
2738 4381 2920 4436 habet.

2020 4806 2142 4872 Mox
2196 4802 2326 4859 editi
2384 4795 2815 4872 npoeadmc;_At
2866 4795 3003 4864 Reg.
3042 4792 3254 4872 tertius,
3290 4792 3376 4847 cui
3409 4791 3584 4862 prima

2021 4867 2181 4932 manu
2212 4864 2480 4928 consentit
2500 4864 2864 4928 Colbértinus,
2894 4864 3303 4935 πρωτοστάτης.

2092 4945 2204 5019 (ᾃθ)
2230 4941 2451 5019 Antiqui
2484 4942 2590 4995 duo
2617 4937 2737 4992 libri
2760 4932 3218 5006 καταϐαλόμενος.
3240 4932 3386 4988 Edili
3419 4949 3585 4987 κατα-

2022 5014 2183 5068 ϐαλλό
2192 5030 2367 5068 μενος.

2091 5031 2367 5155 ΐϐδὲῗξοιῇ.
2382 5080 2670 5155 legendum
2692 5076 2834 5132 κατὰ
2855 5077 2954 5148 τὴν
2978 5075 3253 5155 ἀσέϐειαν,
3282 5070 3370 5155 vel.
3394 5069 3583 5155 Latine

2018 5142 2354 5209 reddendum
2397 5142 2579 5206 contra
2617 5151 2884 5224 pietatem,
2909 5142 3073 5216 'quod
3117 5144 3284 5213 magis
3320 5142 3579 5224 placeret.

2018 5224 2464 5297 Praepositionem
2508 5219 2683 5285 κατά,
2734 5219 2898 5297 etiam
2952 5227 3225 5297 sequente
3250 5219 3580 5297 accusativo,

2017 5282 2202 5349 contra
2218 5293 2522 5361 signiﬁcare
2542 5282 2718 5358 posse,
2736 5286 2923 5342 Graece
2946 5282 3118 5341 doctis
3139 5293 3323 5340 notum
3346 5292 3449 5337 est.
3480 5282 3579 5337 En.

2110 5366 2199 5427 61)
2224 5363 2375 5417 Colb.
2403 5361 2719 5417 συντιθέντι.

2110 5366 2199 5427 61)
2224 5363 2375 5417 Colb.
2403 5363 2719 5417 συντιθέντι.

2086 5363 2199 5504 ίίῐὲ)
2235 5434 2363 5502 Reg.
2397 5440 2623 5504 quartus
2655 5428 2750 5482 καὶ
2789 5427 2978 5504 ῷδινεν
3011 5424 3245 5504 ἀδικίαν,
3285 5427 3580 5504 etmpepem

2014 5491 2346 5573 iniquitatem
2380 5491 2535 5558 {sed
2576 5501 2627 5554 in
2670 5514 2765 5554 ora
2813 5499 2934 5553 libri
2965 5496 3163 5565 legitur
3196 5511 3289 5569 γρ.
3337 5491 3581 5565 βλασφη-

2019 5576 2192 5717 μίῗὲέ)
2230 5641 2372 5701 Edili
2409 5641 2508 5727 τῆς
2536 5598 2622 5713 γε.
2654 5638 2807 5712 Regii
2831 5638 2935 5696 duo
2962 5636 3063 5711 τῆς
3084 5654 3162 5691 τε.
