4016 6220
441 315 548 371 503

1793 319 1851 376 S.
1893 320 1976 374 BA
1986 319 2136 376 SlLll
2177 318 2392 376 MAGNI

3627 314 3781 369 59-5

506 429 804 486 Eunomus.
847 431 982 486 Cum
1035 433 1378 500 calumniari,
1420 445 1476 490 et
1524 437 1785 506 petulanti
1833 439 2014 510 lingua

2190 436 2682 508 ΕΥΝΟΜΙΟΣ.(64)
2703 437 2777 491 Τὸ
2792 436 2890 508 μὲν
2899 429 2994 490 οὖν
3013 435 3367 504 συκοφαντεῖν
3389 433 3489 487 καὶ
3502 432 3775 486 62.16613.-

437 535 502 574 ac
534 521 780 590 improba
822 534 1005 578 mente
1049 525 1322 596 aliquibus
1375 527 1688 595 detrahere,
1713 545 1850 599 opus
1880 533 2020 586 scia-

437 626 559 666 mus
597 626 718 667 esse
755 614 1034 670 hominum
1073 616 1491 688 ﬂagitiosorum,
1525 633 1691 690 seque
1727 621 2018 678 simultati-

438 704 540 758 bus
590 703 978 761 oblectantium
1015 725 1029 762 :
1067 719 1280 774 contra,
1313 710 1358 765 si
1410 712 1502 781 qui
1553 728 1651 782 per
1695 712 2017 768 calumniam

436 795 589 866 pravi
629 810 752 852 esse
790 798 893 854 visi
938 809 1084 866 sunt,
1120 802 1270 857 omni
1318 804 1497 859 studio
1534 805 1874 861 mendacium
1926 819 2016 861 re-

437 887 752 958 darguendo
794 891 1117 962 propulsare
1149 904 1436 961 conentur,
1470 896 1524 950 id
1558 911 1694 966 opus
1725 912 1846 953 esse
1873 898 2017 952 viro-

435 993 581 1046 rum,
632 981 725 1048 qui
773 985 929 1052 probi
987 994 1134 1053 sunt,
1175 987 1376 1056 quique
1419 988 1520 1043 sibi
1574 990 1825 1059 privatim
1881 991 2019 1046 bene

435 1071 824 1144 consulentes,
879 1077 1178 1136 multorum
1233 1079 1588 1136 securitatem
1652 1082 1870 1152 plurimi
1932 1083 2017 1138 fa-

434 1163 605 1220 ciunt.

503 1273 777 1332 BASILIUS.
816 1275 1004 1333 Genus
1039 1278 1208 1348 igitur
1242 1282 1511 1340 orationis
1555 1283 1663 1340 tale
1707 1294 1823 1351 est,
1858 1287 2017 1355 quale

431 1381 554 1422 esse
580 1369 753 1438 possit
775 1369 912 1440 ejus,
941 1370 1034 1439 qui
1067 1372 1199 1427 nihil
1226 1374 1572 1443 simpliciter,
1594 1377 1728 1431 nihil
1750 1379 1871 1432 sine
1894 1377 2015 1432 dolo

431 1457 617 1514 edicit.
644 1458 784 1514 Nam
813 1471 867 1516 et
893 1463 1186 1518 innovandi
1205 1466 1570 1536 suspicionem
1598 1476 1855 1536 praetextu
1887 1483 2017 1539 apo-

433 1549 591 1620 logite
627 1552 782 1621 tegit,
815 1563 872 1607 et
900 1554 1058 1623 quasi
1092 1554 1380 1611 calumniae
1421 1557 1735 1613 obterendae
1776 1560 2014 1614 necessi-

433 1647 548 1694 tate
587 1643 652 1695 ad
694 1642 796 1698 hos
828 1657 1108 1700 sermones
1164 1646 1464 1714 devenerit,
1501 1649 1807 1706 auditorum
1833 1660 2016 1720 captat
2055 1701 2078 1725 ,

431 1732 892 1790 benevolentiam.
950 1735 1080 1790 lnde
1125 1748 1307 1794 autem
1344 1739 1490 1796 illius
1529 1740 1672 1795 circa
1710 1742 2010 1812 apologiam

431 1835 796 1882 commentum
827 1827 1270 1899 deprehenditur,
1304 1832 1446 1902 quod
1504 1848 1627 1888 cum
1679 1848 1786 1888 non
1838 1835 2012 1904 possit

432 1917 720 1974 nominare
740 1930 1114 1976 accusatorem
1141 1923 1312 1978 ullum
1355 1925 1622 1992 criminis,
1660 1925 1815 1996 cujus
1846 1941 2012 1982 causa

431 2027 494 2066 se
521 2011 807 2069 decertare
853 2013 1097 2083 simulat,
1153 2023 1336 2072 tamen
1387 2019 1525 2074 citra
1561 2018 1867 2088 oppositam
1910 2019 2009 2076 sibi

430 2117 720 2172 personam
755 2108 822 2162 ad
847 2111 1107 2178 agendam
1139 2110 1398 2182 apologiae
1428 2111 1663 2166 fabulam
1695 2111 1883 2167 furtim
1917 2127 2008 2168 ac-

433 2196 612 2252 cedat.
670 2196 780 2255 Nec
812 2213 880 2254 ex
907 2200 1188 2257 tolerantia
1218 2215 1312 2258 eos
1337 2202 1428 2272 qui
1476 2203 1578 2259 sibi
1635 2203 1850 2260 molesti
1897 2204 2014 2262 fue-

359 2283 366 2291 ’
435 2298 584 2357 runt,
626 2292 940 2347 nominatim
998 2293 1181 2350 dicere
1230 2295 1468 2351 abstinet
1515 2297 1644 2368 (qui
1703 2297 1848 2352 enim
1893 2298 2012 2354 ﬁeri

431 2381 606 2448 possit
635 2391 693 2434 ut
727 2382 780 2437 id
815 2381 979 2437 faciat
1007 2385 1099 2454 qui
1153 2387 1317 2441 tantis
1345 2388 1609 2444 conviciis
1634 2389 2015 2446 contradicen-

434 2481 518 2527 tes
551 2473 762 2543 impetit
780 2476 854 2546 ?),
877 2477 971 2531 sed
1009 2478 1275 2534 mendacii
1299 2479 1626 2536 evidentiam
1642 2483 1871 2550 veritus,
1893 2497 2014 2539 cer-

435 2575 520 2620 tas
542 2577 921 2622 accusatorum
966 2583 1231 2638 personas
1263 2572 1564 2641 pro‘ducere
1603 2574 1839 2630 erubuit.
1878 2574 2013 2630 Nam

433 2655 478 2709 si
510 2657 789 2712 nominare
838 2659 1049 2729 aliquos
1079 2665 1363 2730 potuisset,
1411 2663 1639 2720 dixisset
1668 2666 1917 2735 profecto
1947 2681 2014 2722 ac

433 2747 807 2820 divulgasset:
841 2751 1093 2808 videlicet
1120 2753 1333 2809 etiamsi
1367 2755 1508 2811 haud
1550 2758 1826 2828 explesset
1859 2774 2012 2814 suam

434 2839 594 2906 iram,
625 2850 682 2895 at
720 2851 871 2898 certe
903 2846 1185 2900 securitati
1240 2847 1560 2916 multorum,
1589 2851 1788 2920 quibus
1809 2865 1868 2906 se
1896 2865 2014 2906 ma-

431 2930 577 2984 xime
597 2934 904 3002 prospicere
929 2935 1232 3004 profitetur,
1257 2939 1867 2996 consuluisset.Etenim
1892 2956 2014 3012 quae

431 3021 564 3076 latet
609 3021 948 3093 improbitas,
1008 3027 1368 3096 perniciosior
1415 3037 1500 3084 est
1547 3045 1710 3101 quam
1745 3047 1866 3102 quae
1889 3048 2013 3104 pro-

2121 533 2235 586 λειν
2262 530 2415 595 τινὰς
2446 530 2508 595 ἐξ
2539 531 2840 584 ἀκολάστου
2867 528 3115 600 γλώττης
3145 527 3239 582 καὶ
3270 525 3505 597 γνώμης
3532 523 3770 590 ἀγνώ-

2124 641 2304 695 μονος,
2341 622 2630 694 μοχθηρῶν
2659 623 2752 676 καὶ
2780 621 2891 693 (65)
2909 619 3402 690 φιλαπεχθημόνων
3426 618 3606 689 ἔργον
3654 618 3767 668 εε-

2117 716 2269 780 δότες
2294 733 2309 748 ·
2341 716 2402 768 τὸ
2426 715 2483 768 δὲ
2520 715 2647 778 τοὺς
2685 715 2750 767 ὲκ
2776 713 3032 783 διαϐολῆς
3075 707 3216 765 εἶναι
3245 710 3512 778 δόξαντας
3545 725 3762 777 πονη-

2121 811 2248 882 ροὺς
2277 809 2426 880 πάσῃ
2454 807 2733 879 προθυμία
2782 807 3076 878 πειρᾶσθαι
3102 804 3163 858 τὸ
3191 803 3387 874 ψεῦδος
3413 805 3532 865 τοῖς
3561 801 3758 868 ἐλέγ-

2117 920 2235 974 χοις
2281 901 2617 972 ἀποτρέπειν
2667 899 2877 970 ἀνδρῶν
2922 898 3215 970 σωφρόνων
3260 897 3356 950 καὶ
3407 894 3558 966 μετά
3623 892 3757 962 τῆς

2122 995 2258 1058 ίδίας
2283 992 2567 1055 εὐϐουλίας
2595 989 2694 1062 τὴν
2715 991 2824 1045 τῶν
2845 991 3060 1045 πολλῶν
3085 989 3388 1060 ἀσφάλειαν
3420 986 3560 1058 περὶ
3597 983 3753 1038 πολ-

2118 1087 2210 1140 λοῦ
2249 1085 2608 1156 ποιουμένων.

2187 1284 2516 1338 ΒΑΣΙΛΙΟΣ.
2526 1283 2600 1336 Τὸ
2617 1281 2716 1354 μὲν
2731 1277 2825 1334 οὖν
2839 1280 3024 1352 σχῆμα
3035 1279 3128 1333 τοῦ
3137 1278 3298 1348 λόγου
3311 1275 3586 1336 τοιοῦτον,
3603 1269 3736 1328 οἷον

2118 1376 2185 1430 ἂν
2213 1377 2426 1445 γένοιτο
2450 1375 2543 1429 τοῦ
2581 1375 2746 1446 μηδὲν
2777 1374 2962 1437 ἁπλῶς
2997 1373 3134 1445 μηδὲ
3167 1370 3372 1433 ἀδόλως
3399 1367 3728 1430 ποιοῦντος.

2117 1469 2190 1522 Τό
2229 1485 2288 1522 τε
2325 1469 2434 1540 γὰρ
2485 1468 2615 1540 περὶ
2661 1467 2762 1540 τὴν
2813 1465 3165 1538 καινοτομίαν
3208 1463 3453 1518 ὕποπτον
3488 1461 3575 1530 τῷ
3617 1461 3724 1530 τῆς

2116 1559 2412 1628 ἀπολογίας
2480 1558 2908 1631 προκαλύμματι
2970 1555 3286 1621 συσκιάζει,
3333 1553 3433 1608 καὶ
3498 1551 3722 1606 εὔνοιαν

2117 1651 2350 1724 θηρᾶται
2383 1652 2534 1724 παρά
2584 1651 2690 1705 τῶν
2739 1650 3068 1714 ἀκουόντων,
3113 1649 3190 1713 ὡς
3231 1651 3299 1720 τῇ
3347 1647 3575 1719 ἀνάγκῃ
3615 1647 3714 1715 τῆς

2041 1790 2085 1845 Β
2115 1744 2371 1814 διαϐολῆς
2397 1744 2490 1796 ἐπὶ
2520 1743 2648 1807 τοὺς
2679 1742 2870 1811 λόγους
2901 1742 3123 1805 τούτους
3152 1738 3344 1793 ἐλθών.
3385 1739 3716 1840 Ἐλέγχεται

2113 1835 2170 1889 δὲ
2201 1833 2368 1889 αὑτοῦ
2398 1836 2431 1906 ὴ
2463 1834 2593 1905 περὶ
2629 1834 2727 1904 τὴν
2773 1832 3070 1902 ἀπολογίαν
3110 1831 3313 1903 σκηνὴ,
3363 1831 3449 1884 ὅτι
3479 1830 3583 1883 τοῦ
3624 1833 3692 1900 ἐγ

2113 1926 2413 1998 κλήματος,
2445 1925 2534 1995 ἐφ’
2587 1919 2632 1994 ᾧ
2661 1923 3076 1994 διαγωνίζεσθαι
3121 1925 3532 1995 προσποιεῖται,
3582 1939 3690 1974 κατ

2113 2016 2314 2087 ήγορον
2360 2017 2536 2068 εἰπεῖν
2569 2015 2672 2068 οὐκ
2718 2014 2878 2085 ἔχων,
2909 2013 3240 2084 ἀπρόσωπον
3271 2012 3334 2066 τὸ
3366 2012 3466 2082 τῆς
3515 2012 3694 2066 ἀπολο

2112 2105 2239 2174 γίας
2278 2105 2664 2176 ὑπεισέρχεται
2696 2103 2808 2175 (66)
2851 2102 3069 2175 δρᾶμαο
3099 2102 3161 2155 ού
3197 2099 3287 2154 διά
3327 2098 3712 2172 μακροθυμίαν

2112 2197 2374 2270 ὀνομαστὶ
2423 2195 2730 2269 μνησθῆναι
2774 2195 2884 2250 τῶν
2930 2195 3313 2265 λελυπηκότων
3371 2193 3711 2262 ἀπεχόμενος

2115 2291 2256 2362 (πῶς
2297 2290 2429 2362 γὰρ,
2477 2289 2536 2354 ὃς
2573 2307 2640 2358 γε
2674 2287 2966 2351 τοσαύταις
3007 2286 3296 2356 λοιδορίαις
3338 2283 3529 2338 πλύνει
3588 2284 3711 2346 τοὺς

2120 2382 2573 2454 ἀντιλέγοντας),
2625 2381 2763 2436 ἀλλά
2793 2379 2886 2436 τοῦ
2912 2380 3143 2452 ψεύδους
3167 2381 3229 2434 τὸ
3269 2379 3575 2452 περιφανὲς
3623 2378 3714 2445 ὐφ-

2113 2477 2424 2550 ορώμενος,
2477 2477 2834 2549 ἐπιφημίζειν
2859 2476 3037 2548 ἐαυτῷ
3092 2475 3376 2547 ὡρισμένα
3438 2475 3713 2544 πρόσωπα

2115 2571 2442 2642 κατηγόρων
2483 2569 2822 2641 αἰσχύνεται.
2865 2569 2929 2622 Εί
2963 2569 3072 2638 γὰρ
3121 2563 3265 2638 εἶχεν
3311 2565 3584 2636 ὀνομάσαι
3631 2581 3713 2619 τι-

2113 2661 2233 2726 νάς,
2265 2659 2418 2715 εἶπεν
2451 2659 2516 2715 ἂν
2547 2661 2763 2724 πάντως
2793 2659 2888 2714 καὶ
2927 2659 3233 2729 διεϐόησεν·
3267 2659 3316 2712 εί
3359 2655 3454 2710 καὶ
3490 2654 3568 2726 μὴ
3613 2653 3712 2724 τὴν

2115 2751 2310 2807 ἑαυτοῦ
2357 2751 2526 2824 ὀργὴν
2576 2750 2891 2824 ἐκπληρῶν,
2918 2748 3054 2803 ἀλλά
3086 2750 3185 2821 τήν
3227 2765 3291 2818 γε
3339 2747 3450 2802 τῶν
3494 2745 3712 2800 πολλῶν

2115 2844 2420 2914 ἀσφάλειαν
2469 2843 2871 2914 διοικούμενοςο
2907 2834 2982 2896 ὧν
3029 2841 3094 2911 δὴ
3136 2841 3232 2894 καὶ
3287 2841 3523 2912 μάλιστα
3574 2856 3712 2910 προ-

2115 2939 2256 2991 νοεῖν
2299 2934 2711 3005 ἐπαγγέλλεται.
2764 2933 3113 2988 Λανθάνουσα
3163 2932 3275 3004 γὰρ
3320 2931 3559 3003 πονηρία
3620 2932 3711 3002 τῆς

2117 3028 2650 3100 προκεκηρυγμένης
2683 3025 3089 3100 βλαϐερωτέρα.
3124 3025 3312 3092 Ὥστε,
3344 3025 3502 3095 εἴπερ
3534 3023 3709 3092 ἔγνω-

432 3113 669 3183 mulgata
711 3126 814 3170 est.
841 3116 1021 3184 Quare
1061 3133 1180 3174 cum
1221 3121 1643 3179 calumniatores
1679 3125 2010 3194 noverimus,

2120 3137 2219 3191 μεν
2248 3122 2374 3186 τοὺς
2420 3121 2788 3190 συκοφάντας,
2824 3121 2953 3191 ῥᾷον
2987 3119 3053 3173 ἀν
3086 3118 3418 3189 διεφύγομεν
3447 3118 3543 3182 τὰς
3578 3119 3707 3171 ἀκο-

432 3220 622 3260 eorum
655 3205 863 3276 linguas
884 3208 1188 3278 petulantes
1229 3227 1294 3268 ac
1327 3223 1563 3270 mentem
1600 3217 1901 3288 improbam
1929 3218 2011 3274 fa-

432 3296 592 3352 cilius
625 3295 862 3370 eﬂ'ugere
904 3302 1202 3371 poterimus
1235 3322 1251 3359 :
1296 3305 1429 3375 ipsis
1451 3307 1597 3362 enim
1625 3309 2011 3379 sapientissimi

433 3388 576 3444 illius
613 3395 967 3480 utaroverbis.
1028 3396 1098 3451 At
1151 3399 1410 3468 quoniam
1467 3409 1595 3456 tunc
1639 3402 1711 3458 ob
1758 3405 2012 3473 quamvis

367 3537 382 3553 O
437 3483 652 3537 tandem
681 3499 902 3541 causam
938 3488 1220 3556 conticuit,
1247 3506 1393 3548 nunc
1441 3491 1829 3562 interrogetur,
1871 3510 2015 3551 nunc

437 3575 781 3645 respondeat,
836 3578 929 3648 qui
975 3577 1178 3636 fuerint
1217 3580 1661 3648 calumniatores,
1711 3585 1828 3654 qui,
1889 3601 2012 3641 eum

433 3667 722 3724 calumniis
767 3670 1037 3726 lacessere
1094 3673 1436 3744 incipientes,
1478 3676 1544 3730 ad
1579 3678 2012 3749 respondendum

432 3759 746 3828 coegerint?
793 3763 934 3816 unde
977 3769 1250 3819 terrarum
1300 3767 1603 3822 venerunt?
1637 3769 1726 3838 qui
1763 3767 2012 3838 judices,

432 3864 617 3905 coram
645 3850 842 3919 quibus
857 3851 1312 3910 subiitcertamen
1328 3855 1353 3911 ‘l
1371 3871 1478 3926 quo
1500 3857 1553 3912 in
1585 3871 1846 3914 consessu
1875 3860 2015 3916 hanc

431 3940 830 3998 accusationem
881 3945 1180 4000 sustinuit?
1219 3946 1310 4000 ubi
1364 3955 1634 4003 terrarum
1675 3960 1731 4003 et
1780 3951 2015 4005 marium

432 4033 828 4102 congregatus?
860 4033 1001 4102 Quid
1033 4038 1177 4091 enim
1203 4038 1374 4108 possit
1404 4037 1628 4095 dicere?
1656 4039 1715 4095 In
1742 4041 2016 4097 Seleucia?

431 4125 502 4179 At
527 4125 596 4180 ob
625 4125 900 4181 silentium
933 4129 1170 4185 convicti
1218 4141 1364 4197 sunt,
1403 4133 1492 4202 qui
1529 4133 1761 4200 scilicet,
1797 4136 2012 4191 etiamsi

433 4218 502 4271 ad
525 4217 735 4287 objecta
774 4220 879 4276 sibi
915 4211 1143 4277 crimina
1178 4223 1494 4294 depellenda
1517 4228 1585 4280 ab
1611 4227 1678 4282 iis
1701 4227 1792 4297 qui
1819 4243 2016 4283 conve-

435 4320 624 4365 nerant
652 4313 850 4386 saapius
880 4313 1263 4380 invitarentur,
1293 4324 1472 4372 tamen
1505 4333 1610 4372 non
1639 4319 2009 4388 occurrerint;

433 4403 506 4458 ob
538 4403 699 4473 idque
730 4404 972 4460 damnati
999 4415 1144 4461 sunt.
1176 4406 1436 4476 Alloquor
1468 4410 1612 4464 enim
1648 4411 1702 4464 in
1742 4411 2011 4466 communi

2114 3213 2343 3278 λάστους
2382 3213 2636 3282 γλώσσας
2683 3211 2864 3266 αὐτῶν
2913 3211 3009 3266 καὶ
3047 3211 3145 3275 τὰς
3189 3211 3512 3282 ἀγνώμονας
3565 3211 3707 3278 γνώ-

2117 3323 2226 3378 μας
2245 3322 2258 3335 ο
2306 3307 2492 3370 αὐτοῖς
2523 3305 2632 3378 γὰρ
2665 3306 2940 3377 χρήσομαι
2969 3303 3066 3358 τοῦ
3099 3305 3414 3374 σοφωτάτου
3446 3305 3562 3368 τοῖς
3611 3305 3705 3374 ρη-

2116 3415 2301 3470 μασιν.
2359 3396 2499 3467 Ἀλλ’
2555 3396 2744 3469 ἐπειδὴ
2797 3396 2956 3460 τότε,
3012 3396 3081 3450 δι’
3129 3398 3196 3467 ἢν
3245 3395 3444 3467 δήποτε
3503 3394 3701 3460 αίτίαν,

2111 3487 2494 3559 ἀπεσιώπησε,
2527 3487 2624 3543 νύν
2665 3487 2984 3560 ἐρωτάσθω,
3014 3488 3108 3542 νῦν
3141 3485 3520 3558 ἀποκρινέσθω
3551 3485 3698 3556 (67)·

2110 3581 2257 3645 τίνες
2286 3582 2334 3634 οἱ
2363 3580 2662 3651 κατήγοροι
2692 3581 2765 3644 οἱ,
2793 3579 2873 3650 τῷ
2913 3579 3208 3652 προλαϐεῖν
3237 3582 3359 3642 ταῖς
3407 3576 3698 3640 διαϐολαῖς,

2111 3674 2418 3743 ἀναγκαίαν
2467 3672 2619 3744 αὺτῷ
2653 3671 2755 3744 τὴν
2802 3671 3104 3742 ἀπολογίαν
3164 3671 3698 3734 κατασκευάζοντεςς

2113 3766 2178 3818 ὲκ
2226 3765 2386 3830 ποίας
2431 3765 2758 3836 οἰκουμένης
2801 3763 3083 3831 έλθόντες;
3127 3763 3274 3826 τίνες
3319 3763 3369 3816 οἱ
3417 3759 3698 3821 δικασταὶ,

2113 3855 2198 3925 ἐφ’
2227 3848 2302 3910 ὦν
2360 3855 2658 3910 διατίθεται
2695 3854 2788 3908 τὸν
2834 3855 3058 3925 ἀγῶνας
3092 3855 3152 3908 ὲν
3196 3852 3335 3924 ποίῳ
3365 3849 3700 3920 δικαστηρίῳ

2112 3944 2210 4017 τὴν
2244 3946 2462 4018 γραφὴν
2495 3943 2700 4016 ταύτην
2743 3944 3037 4016 ὑπεισῆλθε
3078 3943 3224 4014 (68);
3257 3941 3359 3996 ποῦ
3393 3940 3500 4011 γῆς
3537 3939 3571 4010 ἦ
3609 3937 3701 3992 θα-

2111 4036 2313 4109 λάττης
2348 4037 2806 4109 συγκροτηθέντι;
2843 4037 2908 4090 Τί
2943 4037 3050 4108 γὰρ
3095 4033 3161 4099 ᾂν
3191 4033 3288 4088 καὶ
3328 4034 3568 4098 εῖποιεν;
3613 4031 3700 4084 Ἐν

2113 4129 2440 4202 Σελευκείᾳ;
2481 4129 2640 4184 Ἀλλά
2672 4129 3053 4201 σιωπήσαντες
3081 4125 3195 4199 (b9)
3229 4126 3496 4190 ἑάλωσαν,
3529 4125 3584 4178 οῖ
3612 4139 3697 4193 γε,

2113 4221 2578 4292 προκαλουμένων
2621 4220 2883 4284 πολλάκις
2929 4220 3038 4274 τῶν
3087 4217 3451 4272 συνελθόντων
3480 4218 3562 4280 είς
3602 4215 3701 4279 τὰς

2114 4312 2254 4385 ὑπὲρ
2272 4313 2381 4366 τῶν
2404 4312 2815 4384 ἐπιφερομένων
2836 4311 3084 4375 εὐθύνας,
3103 4311 3201 4363 οὐκ
3225 4309 3546 4381 ἀπήντησαν
3563 4306 3697 4378 (70)·

2113 4407 2197 4476 ἐφ’
2224 4400 2306 4470 οἷς
2329 4405 2392 4478 δὴ
2423 4405 2522 4460 καὶ
2562 4404 2964 4478 κατεκρίθησαν
2999 4402 3323 4476 τηνικαῦτα.
3355 4399 3551 4464 Κοινὺς
3591 4398 3700 4470 γάρ

434 4509 648 4549 omnem
666 4494 825 4551 simul
843 4504 1065 4562 coetum,
1085 4497 1351 4567 21οξηυί
1373 4507 1589 4569 propter
1614 4498 1905 4569 impietatis
1921 4514 2010 4555 so-

2118 4514 2210 4568 μοι
2255 4499 2283 4552 ὁ
2329 4497 2488 4566 λόγος
2533 4498 2670 4570 πρὸς
2703 4499 2850 4554 ἅπαν
2895 4498 3032 4570 ὁμοῦ
3064 4497 3125 4552 τὸ
3168 4497 3474 4565 σύνταγμα,
3521 4493 3582 4546 τὸ
3613 4492 3701 4546 διά

435 4581 685 4640 cietatem
701 4585 1168 4642 velutmorbosum
1185 4586 1454 4658 quoddam
1489 4587 1790 4642 membrum
1817 4603 1849 4643 a
1880 4602 2013 4644 sano

507 4829 622 4901 (64)
675 4829 900 4902 Legitur
946 4832 998 4888 in
1047 4835 1208 4890 editis
1265 4836 1406 4890 intra
1474 4845 1789 4892 contextum
1839 4837 2015 4891 Εύν...

440 4899 652 4977 Bac");
683 4899 898 4977 contra,
939 4904 1052 4977 illa,
1085 4905 1262 4960 Εὐν...
1297 4905 1457 4970 Βασ..
1491 4907 1543 4960 in
1575 4921 1672 4961 ora
1714 4906 1867 4977 Regii
1904 4917 2016 4962 ter-

438 4972 502 5024 tii
550 4971 925 5032 inveniuntur.
982 4974 1128 5030 Nihil
1181 4985 1360 5032 tamen
1406 4977 1724 5031 mutandum
1747 4971 2018 5048 ju'dicavi-

435 5056 622 5238 Ϊαῖἓϐ)
675 5113 813 5186 Reg.
873 5117 1063 5173 tertius
1099 5125 1156 5173 et
1198 5115 1347 5173 Colb.
1393 5106 1710 5189 ἀγνώμονος
1760 5117 2016 5190 πονηρῶν

437 5203 626 5329 maid)
650 5223 875 5329 Antiqui
906 5257 1013 5314 duo
1041 5257 1160 5314 libri
1196 5258 1529 5329 εἰσέρχεται,
1560 5275 1665 5312 ηοη
1698 5258 1770 5311 ita
1814 5267 1980 5312 recte.

536 5256 626 5326 66)
650 5256 875 5326 Antiqui
906 5257 1013 5314 duo
1041 5257 1160 5314 libri
1196 5258 1529 5329 εἰσέρχεται,
1560 5275 1665 5312 ηοη
1698 5258 1770 5311 ita
1814 5267 1980 5312 recte.

507 5256 622 5400 ἒϐη
652 5327 881 5385 Codices
929 5329 1034 5384 duo
1080 5329 1480 5400 ἀποκρινέσθω.
1537 5329 1678 5384 Editi
1727 5326 2022 5400 ἀποκρινάο

439 5398 899 5542 60‘(”6.8)_Vr'etercs_
931 5469 1136 5540 aliquot
1193 5469 1315 5525 libri
1361 5469 1579 5541 γραφὴν
1604 5467 1874 5542 εἰσῆλθεν.
1906 5467 2018 5524 Nec

442 5537 530 5592 ita
546 5537 715 5610 multo
738 5550 859 5610 post
881 5537 1274 5610 Reg—quartus
1297 5537 1495 5595 aveat
1511 5537 1677 5598 ε’ίποι.

512 5608 625 5677 (69)
658 5608 796 5664 Editi
850 5608 986 5665 ἀλλὰ
1031 5608 1346 5676 σιωπῶντες
1375 5631 1388 5668 :
1431 5622 1485 5667 at
1521 5613 1737 5668 codices
1773 5609 2012 5668 melioris

445 5681 997 5751 ltOl:_{O'tto_ﬁ1’jO’dV‘t€§.

514 5747 627 5806 (70)
656 5747 799 5806 Idem
831 5753 988 5810 docet
1007 5752 1336 5810 Athanasius
1361 5751 1450 5810 lib.
1472 5753 1700 5813 Dum,
1725 5768 1872 5810 num.
1901 5751 1968 5807 12
1991 5768 2006 5808 :

2119 4589 2219 4662 τὴν
2261 4590 2546 4644 κοινωνίαν
2591 4590 2693 4661 τῆς
2741 4589 3025 4657 ἀσεϐείας,
3057 4589 3246 4659 ὥσπερ
3277 4605 3330 4641 τι
3366 4586 3528 4657 μέλος
3558 4601 3701 4638 νενο-

2125 4839 2294 4894 Τοῢτο
2323 4839 2380 4894 δὲ
2413 4840 2800 4911 πεποιήκασιν,
2843 4839 3032 4911 ἐπειδὴ
3084 4837 3376 4911 κληθέντες
3427 4836 3700 4911 ἀπολογήο

2125 4911 2320 4964 σασθαι
2337 4905 2513 4991 έφόἷς
2536 4905 2713 4965 αὐτῶν
2728 4911 2978 4991 ,πλεῖστοι
3007 4905 3369 4991 κατηγόρουν,
3391 4908 3492 4989 οὐκ

2123 4997 2317 5051 τησαν.
2347 4981 2476 5034 Ideo
2509 4991 2682 5034 autent
2720 4981 2817 5034 hoc
2846 4980 3101 5050 fecerunt,
3133 4981 3274 5051 quod
3307 4981 3363 5051 in
3382 4980 3476 5048 jus
3504 4981 3696 5051 vocati,

2123 5049 2238 5104 uta
2267 5052 2449 5105 multis
2478 5051 2673 5104 allatas
2703 5049 2978 5104 adversum
3009 5066 3064 5103 se
3097 5049 3494 5104 criminationes
3518 5049 3698 5113 depel-

2125 5123 2312 5200 lerem,
2343 5137 2449 5200 non
2494 5122 2960 5200 εῳῃραναὶεξςμιιε-
2973 5119 3600 5200 L_oqu_itur_Athanasius
3613 5119 3698 5200 de

2123 5191 2415 5260 episcopis,
2451 5191 2542 5260 qui
2574 5189 2625 5244 in
2664 5191 2899 5245 concilio
2927 5189 3259 5247 Seleuciensi
3311 5199 3403 5244 aut
3442 5189 3692 5257 depositi,

2127 5271 2221 5315 aut
2246 5261 2626 5341 communione
2659 5261 2855 5328 privati
2886 5261 3125 5341 fuerunt.
3153 5260 3506 5341 Athanasium
3537 5274 3694 5341 seen:

2125 5340 2209 5401 tus
2253 5332 2508 5386 Socrates
2542 5331 2634 5401 lib.
2690 5346 2751 5401 ll,
2789 5346 2908 5401 cap.
2957 5331 3046 5398 40,
3083 5331 3162 5401 ita
3217 5330 3432 5396 scripsit
3479 5345 3494 5382 :
3530 5328 3696 5401 ΔἘπεὶ

2120 5397 2213 5454 οὖν
2243 5401 2505 5464 πολλάκις
2536 5397 2869 5471 καλούμενοί
2912 5402 3012 5456 οὐκ
3067 5400 3411 5471 ἀπήντησαν,
3449 5397 3695 5471 καθεῖλον

2119 5471 2283 5526 αὐτόν
2313 5490 2372 5526 τε
2402 5473 2673 5536 Ἀκάκιον,
2709 5468 2980 5542 Γεώργιον
3002 5468 3553 5542 Ἀλεξανδρείας-εις.
3587 5468 3694 5542 Sed

2121 5546 2369 5612 quoniam
2404 5545 2598 5610 swpius
2655 5539 2896 5596 accersiti
2957 5539 3566 5612 venireAdetrectubant,
3601 5539 3692 5590 dc-

2119 5609 2411 5680 posuerunt
2461 5609 2507 5668 et
2557 5613 2728 5682 ipsum
2790 5614 3063 5680 Acacium,
3129 5610 3415 5682 Georgium
3465 5609 3690 5663 Alexan-

2119 5685 2270 5753 ἀνίαν,
2300 5693 2403 5740 etc.
