4016 6220
305 343 413 401 505

1358 392 1361 399 .
1395 338 1769 396 ADVERSUS
1806 336 2175 395 EUNOMIUM
2215 338 2343 392 LIB.
2385 332 2430 397 l.

3476 342 3583 399 503

305 457 475 531 σηκὸς
530 452 626 510 τοῦ
675 451 1029 540 ,ὑγιαίνοντος
1100 450 1350 525 σώματος
1404 456 1506 527 τῆς
1563 454 1893 526 Ἐκκλησίας

2002 453 2265 511 Ecclesiae
2284 469 2514 525 corpore
2536 453 2798 525 abruptus
2826 465 2928 513 est.
2958 458 3039 514 An
3068 459 3530 530 ConstantinOpoli
3562 462 3586 514 ἲ

305 537 642 621 ἀῖτοῤῥαγέν.
676 537 817 600 Ἇλλ’
856 547 914 600 ὲν
947 547 1517 602 Κωνσταντινουπόλει
1546 549 1699 619 (71);
1754 548 1898 601 Ἀλλ’

305 642 457 696 οὐδὲν
489 642 607 695 ἐκεῖ
643 639 940 708 ἀπολογίας
986 639 1096 693 ἔδει
1144 640 1242 693 καὶ
1269 639 1466 709 λόγων.
1516 641 1655 705 Τοὺς
1686 640 1799 712 γὰρ
1829 641 1895 694 ὲκ

304 734 407 806 τῆς
438 731 725 804 βασιλικῆς
767 730 955 802 αὐλῆς,
994 731 1090 784 καὶ
1138 730 1247 785 τῶν
1281 731 1485 785 λοιπῶν
1516 733 1643 796 τοὺς
1689 733 1757 786 τὰ
1804 734 1901 804 μέ-

304 843 469 896 γιστα
516 823 849 895 δυναμένους
897 823 1104 876 ἑαυτῶν
1151 824 1541 896 ποιησάμενοι,
1589 826 1654 878 ὲκ
1700 824 1897 878 πολλοῦ

304 916 402 972 τοῦ
455 915 735 988 περιόντος
779 918 891 978 τοῖς
924 916 1216 987 πράγμασι
1260 917 1697 988 προσεφέροντου
1744 916 1899 970 αὐτοὶ

307 1011 406 1066 καὶ
439 1010 757 1081 κατήγοροι,
784 1009 882 1063 καὶ
920 1008 1193 1073 δικασταὶ,
1225 1010 1321 1062 καὶ
1348 1009 1553 1081 δήμιοι,
1586 1010 1681 1063 καὶ
1718 1010 1899 1063 πάντα

308 1106 461 1169 ὅντες
487 1105 587 1158 ὃσα
628 1102 930 1165 ἐϐούλοντο,
959 1103 1069 1167 ὅτε,
1117 1102 1229 1157 τῶν
1259 1104 1576 1157 ἐπισκόπων
1623 1104 1750 1167 τοὺς
1798 1103 1899 1174 μὲν

309 1197 686 1262 ἐκϐάλλοντες,
713 1196 839 1259 τοὺς
871 1195 929 1249 δὲ
958 1194 1416 1264 ὲγκαθιστῶντες,
1435 1198 1548 1259 τοῖς
1574 1196 1631 1249 δὲ
1652 1196 1742 1249 τὸν
1773 1196 1901 1267 περὶ

309 1288 402 1345 τοῦ
432 1290 529 1361 ζῇν
560 1288 970 1363 ἐπικρεμῶντες
1009 1288 1124 1359 (72)
1174 1282 1436 1355 κίνδυνον,
1477 1289 1631 1342 αὐτοὶ
1662 1288 1759 1352 τὰς
1801 1288 1900 1341 πό-

310 1379 424 1443 λεις
458 1382 515 1433 έν
548 1379 799 1451 ἀλλήλοις
841 1382 959 1433 κατ’
988 1375 1234 1444 ἐξουσίαν
1264 1381 1469 1454 πολλὴν
1504 1381 1856 1453 διελάγχανον
1880 1399 1894 1412 ⁸

311 1469 403 1523 καὶ
429 1472 457 1523 ὁ
490 1469 590 1540 μέν
629 1486 713 1534 τις
755 1468 864 1522 τῶν
904 1470 1017 1540 (T5)
1066 1471 1122 1523 ὲν
1155 1469 1328 1542 Συρίᾳ
1373 1452 1582 1525 πόλεων
1627 1452 1897 1534 ἐκπεσὼν,

309 1562 410 1633 τὴν
459 1560 1047 1627 Κωνσταντινούπολιν,
1104 1561 1181 1625 ὡς
1230 1563 1324 1616 ἐπὶ
1388 1564 1717 1635 τυραννίδα,
1767 1580 1900 1620 κατ-

314 1652 543 1706 έλαόεν·
596 1653 762 1717 αὐτὸς
809 1652 865 1706 δὲ
911 1646 1067 1717 οὗτος
1099 1657 1126 1707 ὁ
1155 1654 1365 1725 ἄμαχος
1397 1656 1491 1708 καὶ
1533 1655 1705 1719 δεινὸς
1747 1655 1903 1724 λογο-

312 1743 522 1815 γράφος
563 1742 674 1813 (74)
727 1739 889 1797 ἆθλον
920 1744 1023 1814 τῆς
1054 1743 1311 1806 ἀσεϐείας
1357 1742 1456 1814 τὴν
1506 1741 1753 1807 Κύζικον
1795 1745 1903 1799 ἀπ-

2007 544 2201 601 Verum
2255 547 2366 602 illic
2413 548 2548 618 ipsis
2599 550 2734 604 nihil
2783 565 2919 622 opus
2962 560 3082 606 erat
3131 553 3377 623 apologia
3419 563 3583 622 atque

2000 638 2265 693 oratione.
2309 637 2443 692 Nam
2492 655 2616 693 cum
2657 640 2793 697 aulai
2847 642 3011 712 regiae
3051 643 3200 698 viros
3238 659 3302 699 ac
3346 644 3581 715 reliquos

1999 729 2090 799 qui
2136 729 2426 798 plurimum
2480 731 2771 800 pollebant,
2822 733 3206 790 conciliassent
3258 737 3385 802 sibi,
3424 738 3582 807 longe

2000 823 2309 892 superiores
2362 823 2564 891 ell'eeti,
2620 838 2723 880 res.
2755 829 3228 896 aggrediebantur,
3266 830 3425 884 iidem
3476 829 3578 900 ipsi

2001 922 2364 978 accusatores,
2398 924 2455 970 et
2475 916 2712 986 judiees,
2740 927 2794 972 et
2827 920 3134 985 carniﬁces,
3159 931 3213 976 et
3240 922 3423 976 omnia
3457 937 3578 993 qua:

1999 1004 2253 1059 volebant
2285 1004 2634 1073 exsistentes,
2684 1022 2808 1062 cum
2841 1009 3219 1079 episcoporum
3264 1011 3398 1066 alios
3417 1010 3582 1080 ejice-

2005 1107 2148 1161 rent,
2174 1097 2572 1153 substituerent
2596 1099 2731 1154 alios
2764 1100 2817 1155 in
2850 1100 3063 1155 illorum
3092 1103 3293 1167 locum,
3338 1103 3475 1158 alios
3526 1104 3581 1158 in

2002 1189 2302 1260 periculum
2356 1190 2483 1245 vita:
2529 1192 2881 1260 adducerent,
2938 1194 3038 1262 ipsi
3067 1210 3199 1249 vero
3234 1211 3424 1268 magna
3460 1210 3583 1252 cum

2000 1290 2268 1353 potestate
2301 1281 2444 1336 inter
2473 1298 2531 1338 se
2562 1285 2897 1354 partirentur
2912 1286 3197 1342 civitates:
3232 1297 3340 1341 tum
3365 1289 3583 1343 demum

2001 1373 2218 1443 quidam
2243 1386 2308 1428 ex
2342 1373 2513 1444 Syria:
2558 1375 2779 1433 urbibus
2811 1377 3016 1447 pulsus,
3056 1379 3581 1451 Constantinopolim

2003 1466 2157 1536 quasi
2184 1465 2253 1521 ob
2301 1466 2644 1538 tyrannidem
2704 1470 3060 1525 exercendam
3119 1474 3424 1541 occupavit.
3487 1472 3588 1527 Hic

2001 1570 2184 1616 autem
2210 1563 2316 1615 iste
2344 1561 2771 1633 inexpugnabilis
2792 1573 2846 1618 et
2868 1566 3045 1635 gravis
3062 1577 3271 1631 orator,
3305 1568 3585 1638 praemium

2004 1651 2299 1721 impietatis
2346 1653 2603 1723 Cyzicum
2663 1654 2891 1710 retulit:
2930 1655 3231 1712 Theosebio
3287 1675 3415 1714 vero
3462 1668 3586 1729 post

2001 1741 2359 1795 maximarum
2416 1741 2871 1812 blasphemiarum
2924 1747 3396 1817 redargutioaem,
3450 1750 3584 1805 Sar-

311 1834 578 1906 ηνέγκατο
596 1851 610 1865 ο
644 1835 914 1907 Θεοσεόίῳ
945 1835 1002 1890 δὲ
1041 1835 1181 1908 μετὰ
1209 1836 1337 1898 τοὺς
1374 1836 1468 1889 ἐπὶ
1497 1838 1619 1899 ταῖς
1642 1837 1893 1909 ἀρρήτοις

2004 1833 2206 1888 diensis
2243 1833 2485 1889 Ecclesia
2519 1835 2801 1904 propinata
2830 1846 2931 1893 est.
2968 1836 3145 1893 Taceo
3189 1848 3368 1893 autem
3408 1838 3587 1911 Bithy-

316 1926 685 1998 βλασφημίαις
744 1926 1002 1998 ἐλέγχους
1048 1930 1082 1999 ὴ
1123 1926 1418 1997 Ἐκκλησία
1463 1924 1712 1996 Σάρδεων
1760 1944 1897 1999 προ-

314 2017 507 2089 επόθη.
549 2020 658 2072 Καὶ
690 2019 878 2073 σιωπῶ
924 2019 1203 2085 Βιθυνοὺς,
1253 2019 1350 2071 καὶ
1395 2019 1779 2087 Παφλαγόνας,
1803 2019 1898 2073 καὶ

314 2112 577 2177 Κίλικας,
635 2114 729 2167 καὶ
766 2115 974 2177 πάντας
1019 2116 1175 2176 ὅσους
1226 2114 1284 2167 ὲν
1337 2112 1523 2184 κύκλῳ
1579 2113 1691 2184 (75)
1736 2113 1898 2184 φερό-

318 2218 476 2271 μενον
508 2203 570 2255 τὸ
600 2203 766 2257 κακὸν
799 2203 1140 2274 ἐπενείματο.
1172 2203 1336 2267 Ποίας
1368 2200 1461 2258 οὖν
1495 2204 1787 2273 ἀπολογίας
1815 2204 1895 2259 ἔτι

315 2295 506 2365 καιρὸς
550 2291 618 2366 ἦν
665 2295 820 2363 τότε;
862 2295 1022 2361 Ἀλλ’,
1066 2292 1240 2366 οἶμαι,
1289 2296 1408 2350 οὐδὲ
1461 2296 1767 2368 βουλομένῳ
1806 2298 1896 2352 δυ-

312 2385 474 2440 νατὸν
511 2385 832 2457 ψεύσασθαι.
862 2387 1023 2440 Ὥστε
1054 2388 1255 2449 παντὸς
1296 2387 1682 2460 ἀληθέστερον,
1722 2389 1804 2441 ὅτι
1835 2387 1896 2441 τὸ

318 2480 501 2551 σχῆμα
540 2478 632 2533 τοῦ
678 2479 834 2548 λόγου
884 2478 1186 2550 μηχάνημα
1233 2477 1383 2549 αὐτῷ
1430 2478 1566 2549 πρὸς
1614 2479 1714 2550 τὴν
1749 2478 1895 2532 ἀπά-

316 2588 415 2641 την
447 2569 558 2643 (76)
598 2572 766 2625 ἐστίν.
803 2572 914 2623 Καὶ
946 2570 1119 2623 ταῦτα
1158 2570 1256 2640 μὲν
1292 2554 1372 2634 είς
1403 2569 1674 2623 τοσοῦτον.
1714 2571 1773 2623 '0
1816 2571 1894 2635 δὲ,

322 2663 515 2734 μικρὸν
556 2662 851 2735 προελθὼν,
896 2662 1167 2732 σκέψασθε
1210 2657 1298 2716 οἶα
1343 2663 1565 2733 γράφει.
1611 2663 1745 2715 Οὐδὲ
1787 2663 1896 2736 γὰρ

317 2754 589 2827 ἄχρηστον
619 2756 752 2818 ἴσως
783 2755 889 2824 πρὸ
915 2754 1024 2807 τῶν
1058 2754 1299 2825 ὲλέγχων
1326 2755 1427 2826 τῆς
1459 2755 1713 2819 ἀσεϐείας
1742 2755 1897 2825 ὀλίγα

317 2848 412 2903 τοῦ
444 2848 571 2919 περὶ
600 2848 759 2900 αὐτὸν
783 2847 953 2917 τύφου
985 2846 1400 2919 παραδηλῶσαι.

388 2941 442 2995 5.
480 2941 638 2995 ΕΥΝ.
667 2940 931 3012 Αἱτοῦμαι
962 2942 1019 2994 δὲ
1049 2942 1156 3011 πρὸ
1207 2944 1420 2996 πάντων
1469 2943 1633 3013 ὑμᾶς,
1677 2941 1804 3005 τούς
1835 2957 1895 2994 τε

320 3027 416 3081 νῦν
454 3027 851 3098 ἀκουσομένους
890 3029 982 3080 καὶ
1020 3028 1147 3091 τοὺς
1179 3030 1259 3093 εἰς
1304 3027 1529 3100 ὕστερον
1572 3026 1894 3098 ἐντευξομέ-

319 3137 463 3183 νους,
496 3120 571 3193 μὴ
599 3120 676 3193 τῷ
709 3122 902 3193 πλήθει
939 3123 1232 3195 διακρίνειν
1259 3120 1462 3174 ἐθέλειν
1496 3120 1597 3191 τῆς
1638 3119 1896 3190 ἀληθείας

318 3208 380 3262 τὺ
400 3208 611 3280 ψεῦδος,
653 3214 718 3283 τῇ
766 3212 969 3267 πλείονι
1018 3213 1183 3285 μοίρᾳ
1210 3212 1270 3265 τὸ
1316 3216 1563 3284 κρεῖττον
1599 3212 1897 3266 συνάπτον-
1924 3196 1965 3254 C

390 3389 503 3458 (7t)
542 3389 839 3445 Concilium
878 3394 1011 3448 illud
1042 3394 1193 3461 cujus
1228 3395 1333 3450 hoc
1373 3395 1490 3448 loco
1546 3398 1604 3449 iit
1660 3395 1888 3459 mentio,

321 3458 564 3513 habitum
600 3462 703 3514 fuit
739 3458 1202 3530 Constantinopoli
1234 3482 1375 3519 anno
1406 3466 1532 3520 560.
1570 3466 1645 3520 De
1684 3481 1749 3518 eo
1795 3458 1892 3518 au-

322 3538 429 3582 tem
459 3531 589 3584 nihil
615 3532 805 3604 attinet
833 3534 1033 3599 dicere,
1065 3551 1187 3589 cum
1230 3537 1388 3604 quale
1411 3537 1597 3599 fuerit,
1634 3536 1767 3590 satis
1796 3551 1889 3590 su-

322 3614 523 3669 perque
552 3603 818 3676 exverbis
842 3604 1019 3658 Basilii
1053 3603 1460 3674 colligi’possit.
1519 3607 1648 3676 Ejus
1702 3608 1892 3659 memi-
1930 3644 1934 3648 Α

321 3684 447 3745 nere
478 3672 627 3745 multi
653 3688 952 3745 gravesque
977 3672 1243 3743 auctores,
1272 3672 1508 3731 Basilius
1537 3672 1651 3745 ipse
1686 3677 1739 3729 in
1776 3677 1889 3732 suis

324 3739 593 3814 Epistolis,
649 3739 902 3814 Socrates
956 3746 1049 3801 lib.
1101 3761 1163 3809 it,
1213 3739 1334 3814 cap.
1373 3748 1465 3807 41,
1521 3739 1645 3801 sz.
1683 3746 1777 3802 lib.
1813 3762 1887 3811 iv,

320 3824 441 3889 gap.
460 3812 545 3889 λέιὸ
572 3821 623 3889 et
773 3824 881 3889 etc.
904 3814 1034 3889 Alilox
1062 3831 1191 3889 mss.
1223 3812 1427 3889 aliquot
1448 3817 1780 3889 δυναμένους
1817 3815 1885 3889 διξ

319 3878 547 3959 ἑαυτῶν.
581 3882 819 3959 Subinde
851 3886 983 3939 editi
1035 3885 1190 3939 αὐτοὶ
1235 3878 1347 3941 καί.
1391 3890 1462 3943 At
1497 3878 1887 3959 particulam!

320 3951 471 4003 deest
499 3953 548 4002 in
585 3952 766 4007 multis
807 3970 941 4009 mss.

392 4019 503 4100 (Ε)
530 4019 671 4075 Editi
694 4034 748 4077 et
777 4027 1016 4100 nonnulli
1065 4042 1194 4081 mss.
1230 4028 1753 4100 ἐπικρεμαννύντες.
1782 4029 1887 4084 Alii

320 4091 690 4169 {Illitl‘a‘ll‘l.lllss.
709 4097 1038 4169 antiquiores
1062 4091 1493 4169 ὲπικρεμῶντές.
1524 4091 1724 4153 lbideni
1752 4115 1883 4155 mss.

323 4159 379 4210 ἐν
404 4160 673 4230 ἀλλήλοις.
709 4159 908 4218 Vocula
940 4170 997 4219 ὲν
1028 4169 1079 4220 in
1106 4159 1276 4220 ediiis'
1301 4186 1404 4223 non
1446 4159 1739 4225 invenitur.

393 4227 669 4312 (i3).'l{eg.
703 4236 970 4312 secundus
1000 4240 1095 4291 καὶ
1139 4239 1396 4312 Εὑδόξιος
1436 4242 1535 4312 μὲν
1587 4240 1716 4304 τῶν,
1776 4248 1885 4312 etc.

329 4297 772 4383 [‘Jntle‘int‘eI—rpres
799 4321 815 4357 :
854 4304 1000 4360 Tunc
1024 4325 1089 4362 ea:
1119 4297 1331 4363 urbibus
1360 4297 1885 4383 Syiimypulsueru-

321 4369 532 4450 ἄορας,
561 4369 663 4425 Alii
703 4388 794 4450 sex
827 4391 958 4432 mss.
1015 4394 1137 4433 cum
1192 4369 1424 4448 utraque
1479 4369 1717 4435 editione
1751 4381 1883 4435 Ven.

323 4449 376 4516 et
405 4437 576 4493 Paris.
612 4453 668 4495 ut
722 4445 774 4497 in
806 4456 1078 4513 contextu,
1118 4437 1615 4516 ηοηιὶιιεἘὺδόξιος
1660 4451 1881 4507 omisso.

2004 1938 2123 1990 nos,
2164 1922 2556 1994 Paphlagones,
2609 1926 2827 1992 Cilices,
2882 1936 2937 1982 et
3000 1943 3189 1983 omnes
3234 1945 3587 2000 quoscunque

2004 2011 2226 2081 depasta
2258 2022 2342 2068 est
2372 2012 2689 2067 circumlata
2714 2014 3053 2085 improbitas.
3093 2017 3260 2087 Cujus
3293 2034 3423 2088 ergo
3458 2035 3583 2088 apo-

2004 2103 2159 2174 logis:
2188 2104 2487 2161 necessitas
2512 2115 2642 2161 tunc
2674 2107 2826 2161 erat?
2866 2107 2992 2173 Sed,
3022 2110 3237 2178 opinor,
3267 2112 3488 2165 mentiri
3518 2129 3587 2166 ue

2001 2196 2187 2252 volens
2217 2198 2436 2269 quidem
2476 2200 2672 2269 potuit.
2720 2198 2901 2266 Quare
2947 2203 3139 2271 quavis
3177 2218 3235 2257 re
3271 2205 3452 2259 verius
3478 2217 3585 2270 est,

2004 2291 2148 2346 banc
2175 2291 2442 2346 orationis
2492 2292 2722 2347 formam
2771 2292 2820 2348 ei
2853 2295 2920 2349 ad
2954 2296 3330 2366 decipiendum
3362 2299 3586 2368 excogi-

2006 2392 2177 2437 tatam
2202 2397 2343 2437 esse.
2376 2382 2483 2438 Sed
2527 2385 2593 2439 de
2622 2384 2710 2440 bis
2750 2388 3035 2441 hactenus.
3068 2389 3199 2454 Quae
3236 2405 3366 2445 vero
3397 2392 3585 2459 paulu-

2002 2474 2115 2528 lum
2162 2488 2482 2545 progressus
2532 2478 2760 2542 scribat,
2816 2481 3179 2537 considerate.
3216 2482 3402 2553 Neque
3430 2486 3583 2541 enim

2001 2565 2238 2620 fortasse
2265 2565 2457 2621 inutile
2499 2566 2664 2624 fuerit
2715 2580 3041 2642 anteaquam
3084 2574 3430 2630 eont‘utemus
3468 2576 3586 2645 ejus

2003 2659 2364 2730 impietatem,
2406 2676 2575 2731 pauca
2608 2663 2674 2719 de
2700 2663 2842 2720 fastu
2889 2666 3061 2737 ipsius
3099 2667 3154 2723 in
3192 2670 3428 2723 medimu
3458 2685 3586 2740 pro-

2002 2752 2167 2810 ferre.

2073 2937 2126 2992 '5.
2164 2935 2299 2991 Eun.
2336 2936 2477 2992 Ante
2520 2937 2703 2993 omnia
2736 2946 2918 2992 autem
2948 2954 3206 3009 rogamus
3246 2955 3365 3007 vos,
3402 2940 3495 3011 qui
3530 2952 3584 2995 et

2003 3042 2149 3081 nunc
2202 3029 2439 3083 audituri
2483 3029 2641 3092 estis.
2696 3040 2751 3085 et
2800 3033 3144 3099 postmodum
3173 3032 3391 3099 Iceluri,
3418 3042 3477 3087 ut
3514 3050 3582 3089 ne

2004 3119 2181 3174 velitis
2210 3135 2275 3173 ex
2322 3121 2666 3177 multitudine
2714 3138 2905 3177 verum
2958 3140 2987 3179 a
3038 3125 3175 3180 falso
3226 3125 3582 3192 discernere,

1999 3213 2135 3280 parti
2160 3211 2352 3282 majori
2389 3213 2586 3268 tributa
2609 3201 2841 3286 palma;
2875 3231 3050 3285 neque
3090 3226 3272 3274 mente
3295 3220 3580 3285 caecutire,

1999 3392 2233 3445 stantino
2282 3391 2643 3465 [Constantio]
2700 3394 2836 3465 :qui
2879 3410 2997 3447 cum
3052 3395 3108 3448 in
3146 3394 3391 3448 thronum
3435 3394 3582 3448 illius

1997 3464 2351 3525 ascendisset,
2385 3464 2589 3530 primus
2628 3464 3032 3517 celeberrimam
3070 3481 3245 3517 vocem
3278 3466 3473 3528 emisit,
3502 3468 3584 3516 di-

1998 3548 2118 3585 cens
2156 3548 2174 3585 :
2201 3532 2362 3586 Pater
2381 3544 2453 3585 est
2482 3533 2695 3601 impius,
2723 3534 2900 3587 Filius
2926 3535 3068 3602 pius,
3099 3535 3188 3586 ille
3220 3536 3428 3603 quidem
3459 3546 3581 3586 tau-

1995 3618 2155 3673 quam
2184 3605 2382 3655 nullius
2415 3603 2609 3667 cultor,
2641 3606 2725 3656 hic
2747 3622 2865 3657 vero
2894 3618 3144 3673 tanquam
3175 3606 3348 3656 cultor
3380 3605 3579 3658 Patris.

1996 3672 2122 3727 Haec
2148 3684 2328 3727 autem
2380 3674 2606 3728 Eudoxii
2649 3676 2919 3728 subtilitas
2951 3672 3118 3728 risum
3152 3674 3320 3728 movit
3351 3676 3577 3728 audien-

1996 3744 2162 3809 tibus,
2187 3752 2244 3795 ut
2267 3753 2457 3797 auctor
2484 3755 2567 3797 est
2595 3743 2928 3799 Sozomenus
2957 3748 3050 3800 lib.
3084 3760 3161 3807 ιγ,
3190 3760 3306 3812 cap.
3332 3745 3421 3798 ‘26.
3451 3744 3582 3798 Pttsl.

1994 3812 2145 3886 illud,
2179 3814 2260 3877 είς
2295 3812 2386 3867 τὸν
2416 3813 2605 3886 θρόνον
2640 3814 2829 3884 αὐτῆς,
2889 3816 3135 3883 sequitur
3178 3830 3279 3868 vox
3334 3816 3578 3885 quaedam

1995 3883 2318 3955 itardetrita,
2350 3895 2405 3936 ut
2433 3883 2550 3955 eam
2580 3883 2885 3955 legere’non
2913 3887 3206 3954 potuerim.
3272 3953 3297 3955 _
3352 3883 3364 3885 “
3626 3936 3627 3943 η

2068 3953 2178 4025 (74)
2212 3954 2304 4008 Vir
2340 3953 2741 4009 eruditissimus
2774 3953 3000 4010 Ducarius
3034 3971 3101 4009 ex
3141 3970 3240 4007 suo
3272 3953 3444 4023 Regio
3476 3969 3575 4025 co-

1995 4022 2137 4087 dice,
2161 4022 2260 4092 qui
2290 4035 2376 4080 est
2416 4033 2600 4078 noster
2630 4026 2764 4092 Reg.
2795 4029 3083 4086 secundus,
3122 4039 3244 4089 pOSt
3271 4022 3459 4079 vocem
3490 4024 3578 4079 λο-

1993 4094 2783 4167 γογράφοςᾉεςίεηόιιίςιιτονὶι
2825 4098 2935 4160 illa,
2963 4097 3051 4149 διὰ
3089 4095 3188 4165 τῆς
3217 4095 3406 4149 τούτου
3447 4114 3580 4167 προ-

1997 4164 2223 4237 στασίας
2269 4164 2481 4236 ἱδρῦσαι
2511 4166 2572 4218 τὸ
2602 4165 2778 4236 δόγμα
2813 4164 3191 4237 ἐπειγομένου,
3229 4169 3389 4235 hujus
3422 4164 3580 4220 auai—

1995 4235 2087 4297 lio,
2116 4240 2204 4305 qui
2227 4235 2417 4305 dog’ma
2447 4237 2681 4291 stabilire
2704 4235 2969 4292 studebat.
2993 4235 3097 4291 Sed
3128 4253 3247 4289 rum
3277 4239 3388 4291 haec
3416 4240 3577 4292 verba

2000 4321 2107 4376 non
2135 4309 2384 4375 legantur
2417 4320 2591 4373 neque
2621 4309 2673 4360 in
2724 4309 2945 4376 reliquis
2979 4322 3105 4361 mss.
3150 4322 3324 4376 neque
3359 4309 3412 4361 in
3443 4311 3574 4362 edit.

1994 4372 2157 4440 νειμ,
2188 4372 2249 4430 ea
2309 4372 2621 4445 expungere
2669 4394 2773 4431 non
2820 4372 3206 4431 dubitavimus.
3238 4372 3477 4431 'liurmus
3522 4378 3577 4429 in

1994 4447 2107 4499 suis
2145 4447 2285 4499 uotis
2308 4447 2430 4514 jure
2464 4449 2744 4515 redarguit
2771 4449 3058 4515 quosdam,
3081 4463 3106 4499 a
3133 4447 3325 4513 quibus
3353 4448 3580 4500 Sardien

323 4508 850 4586 Quanquamautem
877 4508 1075 4570 nomen
1097 4518 1344 4583 Εὺδόξιος
1375 4538 1478 4575 non
1516 4508 1799 4575 invenitur
1834 4523 1884 4574 in
1920 4531 1964 4586 ι)
1994 4527 2047 4569 et
2077 4508 2443 4578 Sardesfeum
2474 4516 2593 4569 duae
2628 4508 2735 4570 sint
2762 4508 3467 4582 civitates,confunduntur
3495 4528 3577 4569 ta-

325 4582 557 4660 iis‘quos
606 4581 717 4660 dixi
768 4586 1075 4660 codicibus,
1107 4590 1204 4660 bis
1239 4581 1416 4644 tanien
1478 4592 1530 4655 in
1583 4610 1676 4645 ora
1730 4591 1884 4659 Regii

322 4650 493 4716 quinti
526 4648 738 4720 legitur.
797 4653 952 4709 Facit
992 4648 1205 4724 quidem
1242 4670 1317 4713 tot
1364 4649 1612 4715 codicum
1646 4648 1891 4716 auctoii-

324 4729 424 4800 tas,
468 4728 533 4800 ut
555 4725 639 4774 vix
693 4724 992 4800 existimem
1012 4726 1325 4800 Eudoxium
1361 4747 1390 4783 a
1424 4731 1619 4785 Basilio
1650 4733 1895 4785 nomina-

325 4798 432 4841 tum
465 4789 626 4844 fuisse
648 4810 673 4870 ιε
702 4794 794 4870 sed
824 4795 1211 4870 milti_dubium
1262 4816 1369 4854 non
1406 4812 1505 4862 est,
1543 4802 1674 4870 quin
1721 4803 1789 4856 de
1828 4818 1894 4854 eo

323 4873 624 4943 sermonem
648 4863 920 4943 habuerit.
951 4865 1239 4943 Postquam
1272 4872 1416 4923 enim
1438 4863 1577 4926 duas
1600 4873 1772 4943 Syria:
1801 4888 1894 4925 ur-

325 4929 417 4982 bes
442 4929 836 5010 Germauieiam
866 4946 927 5010 et
948 4929 1291 4993 Antiochiam
1316 4944 1619 5010 occupavit,
1641 4929 1766 4995 'tum
1801 4945 1890 4996 dc-

324 5014 466 5072 mum
515 5001 580 5053 ad
617 5005 819 5072 sedem
888 5001 1536 5072 Constantinopolitauam
1600 5001 1891 5067 translatus

323 5078 420 5123 est.
440 5071 580 5147 Lege
610 5071 886 5147 Speratem
922 5077 1017 5130 lib.
1048 5094 1106 5143 ιι,
1132 5094 1253 5147 cap.
1279 5082 1346 5133 57
1368 5093 1424 5137 et
1450 5084 1540 5137 45.
1580 5082 1677 5136 llic
1706 5096 1886 5136 notam

322 5143 607 5221 quamdam
641 5141 790 5213 Regii
830 5146 1003 5221 quinti
1055 5141 1325 5204 aScribere
1381 5168 1483 5205 non
1535 5153 1755 5221 pigebit.
1810 5153 1885 5221 l_ta

322 5209 496 5293 igitur
538 5209 863 5293 legere'est:
896 5215 1481 5293 in__extrei_uaqpagina
1534 5209 1548 5278 Ξ
1592 5209 1766 5287 ὒὺτος
1818 5218 1888 5293 ἦν

324 5280 421 5362 μέν
454 5281 775 5362 ἰΑντιοχεὺς,
827 5284 1094 5362 διεδέξατο
1134 5289 1192 5362 δὲ
1219 5280 1319 5362 τὸν
1360 5280 1724 5358 Μακεδόνων,
1745 5280 1886 5346 vavi."

321 5351 483 5425 αὺτοῦ
504 5351 655 5424 παρά
685 5356 1092 5411 Κωνσταντίνου
1136 5361 1430 5425 ἐπίσκοπος
1475 5351 1886 5417 Κωνσταντίνου

320 5421 525 5504 πόλεως
558 5421 1014 5505 ἀποκαταστῆήσας
1034 5446 1047 5458 ·
1080 5429 1139 5492 ὃς
1162 5433 1241 5505 είς
1287 5434 1380 5505 τὸν
1412 5421 1612 5505 ⁷θρόνον
1645 5435 1883 5502 αὐτῆς...

319 5493 551 5574 ἶῗθδὲος-
580 5495 679 5574 τὴν
724 5493 1155 5574 πολυθ-ρόλλητογ
1206 5503 1383 5574 ἀφῆκε
1422 5493 1628 5574 φωνὴν,
1670 5493 1883 5574 φήάάςο

324 5562 912 5645 ςρΑΠατὴρ-ἀσεϐὴς,ό
932 5562 1062 5645 reg
1089 5562 1332 5645 εὐσεεῆέ,
1369 5576 1397 5626 ὁ
1431 5562 1528 5643 μὲν
1682 5562 1884 5645 μὴδένα

316 5634 473 5715 δῇθεν
515 5634 823 5715 σεθόμενος,
868 5641 895 5691 ὁ
939 5641 996 5693 δὲ
1018 5641 1093 5703 ὡς
1148 5634 1442 5715 σεϐόμενος
1500 5646 1590 5697 τὸν
1622 5634 1880 5715 Πατέρα.

318 5705 419 5783 hic
439 5718 550 5760 erat
574 5705 943 5783 Antiochenus,
963 5715 1212 5783 successit
1231 5705 1347 5767 vero
1379 5712 1690 5768 Macedonio
1721 5732 1738 5767 .'
1770 5705 1882 5768 loco

314 5776 456 5830 illius
486 5781 795 5834 constitutus
826 5781 1098 5838 episcouus
1146 5781 1633 5839 Constantinovolts
1667 5804 1697 5838 a
1739 5786 1881 5840 Con-

2000 4602 2145 4650 men,
2176 4595 2229 4639 et
2259 4587 2513 4656 oppidum
2556 4603 2718 4639 unum
2773 4588 3101 4642 clliciuntur.
3149 4587 3375 4641 Sat-(lica
3411 4588 3578 4656 igitur

1998 4658 2124 4711 urbs
2151 4665 2230 4710 est
2262 4655 2508 4710 Thraciae
2542 4658 2937 4711 mediterranea
2982 4675 2995 4710 :
3040 4656 3238 4709 Sardes
3275 4655 3453 4721 vero,’
3475 4672 3573 4711 seu

1998 4724 2203 4796 Sardis,
2233 4726 2416 4796 Lydiae
2448 4737 2531 4781 est
2559 4728 2706 4787 urbs,
2741 4730 2807 4780 ad
2851 4728 2989 4780 latus
3018 4726 3192 4779 Tmoli
3227 4729 3422 4781 mentis
3448 4727 3576 4781 situ.

1995 4795 2153 4849 Plura
2177 4795 2453 4865 quivolet,
2489 4806 2666 4849 notam
2694 4799 2791 4850 viri
2823 4798 3120 4850 doctissimi
3143 4798 3321 4865 legere
3355 4798 3575 4865 poterit.

1995 4866 2350 4927 Tlieosebius.
2389 4879 2446 4919 ut
2474 4868 2541 4920 dc
2579 4882 2643 4920 eo
2669 4882 2886 4936 quoque
2921 4868 3123 4936 aliquid
3157 4870 3420 4929 dicamus,
3452 4884 3577 4922 suc-

1995 4949 2233 4991 cesserat
2289 4938 2595 4999 lleortasio,
2623 4940 2714 5006 qui
2754 4940 2893 5006 apud
2928 4939 3289 4991 Sozomenum
3348 4938 3441 4993 lib.
3496 4953 3572 4998 iv,

1994 5023 2113 5076 i-ap.
2191 5008 2283 5071 24,
2350 5011 2401 5060 in
2465 5010 2695 5062 concilio
2770 5008 3366 5076 Constantinopolitano
3443 5008 3574 5061 anni

1991 5075 2095 5131 560
2130 5078 2402 5144 depositus
2440 5077 2607 5131 fuisse
2647 5079 2867 5132 dicitur.

2064 5148 2175 5217 (75)
2204 5150 2343 5217 lteg.’
2373 5150 2563 5219 tet-tius
2586 5146 2680 5211 οὓς
2704 5150 2760 5201 ὲν
2797 5148 3000 5219 κύκλῳ.

2062 5220 2174 5339 9'6)
2216 5220 2389 5272 Ennio
2414 5217 2584 5271 Paris.
2621 5230 2676 5272 et
2713 5220 2845 5290 lteg.
2876 5217 3147 5273 secundus
3174 5217 3309 5289 πρὸς
3332 5218 3432 5291 τὴν
3462 5217 3577 5272 τῶν

2062 5308 2067 5339 ;
2101 5289 2374 5339 ουστέοων
2400 5288 2637 5339 ἀπάτην.
2691 5290 2759 5339 ad
2812 5290 3161 5339 simpliciores
3213 5290 3567 5339 decipiendus.

1990 5288 2374 5359 ἁπλουστέρων
2400 5288 2637 5358 ἀπάτην,
2691 5290 2759 5341 ad
2800 5288 3161 5356 simpliciores
3213 5288 3567 5359 decipiendus.

1990 5358 2167 5411 Editio
2211 5358 2338 5412 ven.
2370 5370 2425 5412 et
2454 5361 2644 5427 reliqui
2674 5374 2768 5413 sex
2803 5376 2934 5414 mss.
2967 5360 3288 5427 simpliciter
3319 5360 3454 5430 πρὸς
3470 5361 3570 5430 τὴν

1988 5430 2225 5500 ἀπάτην.
2260 5431 2409 5493 Quod
2436 5431 2671 5483 diximus
2724 5431 3004 5499 aliquanto
3050 5441 3194 5490 ante,
3234 5446 3431 5483 nomen
3466 5431 3570 5482 Εὑ-

1986 5499 2168 5563 δόξιος
2199 5502 2247 5551 in
2285 5500 2417 5562 Reg.
2466 5501 2704 5553 secundo
2752 5501 2990 5554 additum
3028 5500 3214 5563 fuisse,
3242 5500 3292 5552 id
3335 5503 3400 5553 de
3454 5501 3565 5564 illo,

1987 5571 2097 5622 τῶν
2121 5569 2524 5641 ἁπλουστέρων,
2568 5571 2673 5624 dici
2715 5584 2873 5638 posse
2914 5571 3267 5641 arbitramur.
3293 5570 3413 5624 Mox
3436 5574 3564 5623 editi

1986 5642 2081 5693 ἐπὶ
2107 5639 2406 5692 τοσοῦτον.⁷
2437 5639 2581 5691 Libri
2636 5654 2847 5695 veteres
2885 5642 2964 5703 εἰς
2996 5640 3273 5692 τοσοῦτον.
3329 5644 3441 5695 l\ec
3491 5644 3565 5693 ila

1989 5714 2157 5765 multo
2196 5711 2333 5762 intra
2372 5712 2541 5782 editio
2575 5722 2756 5765 nostra
2794 5712 3033 5774 καὶτοὺς
3065 5709 3313 5781 ὕστερον.
3340 5712 3569 5782 Antiqui

1987 5784 2092 5837 duo
2122 5782 2241 5835 libri
2273 5782 2353 5843 εἰς
2383 5780 2627 5849 ὕστερον.
