4016 6220
418 336 527 390 507

1759 337 1817 392 S.
1858 335 2108 393 BASILII
2151 335 2373 392 MAGNI

3576 340 3695 395 508

428 448 748 519 dignitatum
783 448 968 505 habita
1022 459 1275 518 ratione;
1321 466 1495 522 neque
1537 468 1696 510 aures
1739 456 1998 511 obturare

2117 472 2200 517 ra;
2227 454 2374 527 (77)·
2426 455 2564 526 μήτε
2617 453 2723 527 μὴν
2772 453 3046 526 ἀξιώμασι
3080 455 3449 527 προσέχοντας
3497 456 3696 527 ἀμαυ-

425 539 841 609 posterioribus,
866 540 1107 611 priorum
1141 543 1341 614 agmini
1378 559 1639 602 concessa
1674 546 1925 603 victoria.

496 843 624 899 Bas.
650 844 788 912 Quid
810 844 982 901 dicis?
1017 846 1329 903 Palmamne
1353 848 1541 903 demus
1562 848 2001 919 antiquiOribus?

427 950 497 990 ne
528 951 874 991 revereamur
902 938 1300 994 multitudinem
1333 940 1794 1004 Christianorum,
1828 954 2002 1009 neque

428 1044 616 1084 eorum
646 1031 736 1099 qui
776 1046 919 1085 nunc
956 1041 1112 1096 sunt,
1145 1045 1320 1100 neque
1364 1047 1551 1086 eorum
1608 1031 1703 1101 qui
1758 1031 2001 1096 fuerunt,

430 1136 498 1175 ex
536 1135 642 1190 quo
672 1121 1019 1190 praedicatum
1052 1131 1136 1176 est
1156 1120 1557 1190 Evangelium?
1588 1136 1655 1175 ne
1690 1130 2001 1190 reputemus

432 1212 750 1283 dignitatem
801 1227 1013 1279 eorum,
1047 1213 1139 1284 qui
1196 1213 1350 1267 donis
1401 1213 1776 1281 spiritualibus
1825 1210 2006 1278 cujus-

430 1320 643 1375 cunque
672 1308 888 1376 generis
923 1305 1256 1371 claruerunt,
1301 1306 1498 1376 quibus
1541 1305 1791 1359 omnibus
1818 1303 2003 1358 inimi-

429 1410 549 1449 cam
583 1405 635 1450 et
660 1397 943 1452 adversam
969 1398 1111 1453 hanc
1142 1391 1284 1452 viam
1315 1396 1607 1467 impietatis
1625 1409 1815 1450 recens
1843 1409 2005 1449 exco-

431 1487 613 1555 gitasti
651 1505 667 1545 :
697 1488 791 1543 sed
815 1488 1012 1542 clausis
1044 1499 1269 1559 prorsus
1295 1488 1491 1542 anima:
1524 1486 1720 1550 oculis,
1750 1494 1802 1540 et
1828 1485 2003 1539 sancti

431 1576 724 1646 cujuslibet
774 1578 874 1631 viri
933 1578 1193 1633 memoria
1241 1570 1399 1647 211
1443 1594 1474 1633 e
1521 1586 1704 1631 mente
1753 1576 2002 1646 depulsa,

430 1670 802 1740 unusquisque
833 1684 928 1724 cor
952 1680 1195 1724 nostrum
1226 1673 1455 1724 otiosum
1489 1684 1551 1722 ac
1580 1676 1860 1737 purgatum
1916 1683 2006 1722 ca-

2103 546 2328 618 ροῢσθαι
2363 544 2464 616 τὴν
2510 545 2769 611 διάνοιαν,
2814 546 2848 618 ἢ
2907 549 2972 618 τῇ
3022 545 3173 611 τάξει
3221 546 3330 599 τῶν
3378 544 3697 618 προλαϐόν-

2100 656 2207 693 των
2235 639 2295 693 τὸ
2328 638 2490 693 πλέον
2520 639 2802 711 νέμοντας,
2841 641 3210 712 ἀποφράττειν
3237 640 3337 705 τάς
3363 641 3536 705 ἀκοὰς
3570 642 3699 704 τοῖς

2103 733 2372 804 ὑστέροις.
3188 801 3205 817 ⁸

2172 845 2319 900 ΒΛΣ.
2353 840 2419 899 Τί
2451 846 2659 917 λέγεις;
2692 846 2784 918 Μὴ
2817 846 3091 917 νείμωμεν
3117 847 3178 900 τὸ
3207 846 3366 901 πλέον
3398 850 3512 912 τοῖς
3549 865 3700 919 προ-

2101 937 2369 1004 λαϐοῦσις
2423 939 2495 1010 μὴ
2553 939 2890 1011 αἰδεσθῶμεν
2940 940 3002 993 τὸ
3057 939 3261 1010 πλῆθος
3313 941 3422 995 τῶν
3469 959 3533 994 τε
3586 942 3698 995 νῦν

2102 1030 2270 1084 ὄντων
2307 1031 2668 1101 Χριστιανῶν,
2712 1033 2805 1086 καὶ
2850 1031 2957 1084 τῶν
2998 1032 3110 1085 ὅσοι
3150 1032 3435 1100 γεγόνασιν
3489 1033 3590 1102 ἀφ’
3620 1020 3697 1086 οὗ

2105 1121 2415 1193 κατηγγέλη
2463 1121 2525 1175 τὺ
2562 1122 2926 1191 Εὑαγγέλιονς
2970 1122 3042 1194 μὴ
3076 1122 3419 1193 λογισώμεθα
3461 1124 3525 1177 τὺ
3569 1122 3701 1189 diii-

2102 1230 2230 1283 ωμα
2259 1212 2365 1265 τῶν
2393 1214 2452 1265 ἐν
2485 1213 2755 1277 παντοίοις
2784 1213 3084 1286 χαρίσμασι
3117 1215 3484 1283 διαφανέντων
3521 1232 3702 1269 πνευο

2108 1308 2377 1375 ματικοῖς,
2402 1299 2484 1369 οἷς
2528 1306 2728 1360 ἅπασιν
2757 1306 2957 1378 ἐχθρὰν
2992 1307 3086 1360 καὶ
3132 1306 3397 1376 πολεμίαν
3440 1306 3542 1377 τὴν
3589 1314 3701 1358 πο-

2103 1398 2275 1471 νηράν
2325 1399 2441 1454 ὁδὸν
2494 1396 2698 1470 ταύτην
2744 1401 2844 1470 τῆς
2907 1399 3157 1464 ἀσεϐείας
3211 1397 3697 1468 ὲκαινοτόμησαςς

2105 1489 2241 1543 ἀλλὰ
2283 1491 2550 1562 μύσαντες
2582 1490 2919 1558 ἁπαξαπλῶς
2961 1492 3090 1555 τοὺς
3133 1491 3232 1561 τῆς
3277 1491 3456 1561 ψυχῆς
3485 1487 3701 1558 ὀφθαλ-

2110 1581 2262 1651 μοὺς,
2305 1578 2398 1635 καὶ
2430 1581 2629 1645 παντὸς
2663 1582 2817 1650 ἁγίου
2859 1582 3078 1653 μνήμην
3109 1581 3209 1652 τῆς
3248 1580 3486 1644 διανοίας
3514 1572 3699 1649 ὑπερ-

2106 1672 2407 1744 ορίσαντες,
2452 1673 2817 1745 σχολάζουσαν
2846 1675 2942 1727 καὶ
2987 1673 3375 1745 σεσαρωμένην
3417 1674 3517 1742 τὴν
3564 1672 3702 1725 ἐαυ-

428 1760 703 1830 ptionibus
724 1777 786 1816 ac
816 1761 1162 1832 sophismatis
1183 1762 1290 1817 tuis
1307 1761 1633 1816 subdamus?
1660 1759 1851 1830 Magna
1879 1775 2002 1830 pro-

2117 1764 2200 1817 τοῦ
2245 1765 2469 1837 καρδίαν
2499 1765 2727 1830 ἕκαστος
2758 1767 2877 1829 ταῖς
2921 1762 3278 1836 παραγωγαῖς
3309 1772 3403 1818 σου
3445 1764 3543 1817 καὶ
3577 1760 3699 1835 τοῖς

434 1853 578 1908 fecto
612 1854 749 1908 foret
776 1863 865 1907 tua
904 1854 1171 1922 potentia,
1205 1852 1249 1907 si
1277 1868 1395 1922 quae
1429 1851 1710 1918 multiplici
1751 1866 1850 1906 suo
1881 1850 2006 1905 arti-

434 1945 557 2000 ﬁcio
586 1946 831 1999 diabolus
852 1956 1179 2000 consecutus
1212 1959 1318 1997 non
1346 1949 1448 2006 est,
1482 1957 1545 1996 ea
1575 1942 1668 1994 tibi
1694 1942 1810 1996 solo
1839 1942 2007 2008 impe-

433 2040 516 2091 rio
542 2038 753 2104 assequi
779 2039 1118 2105 contingeret
1145 2056 1158 2090 :
1186 2037 1230 2089 si
1261 2035 1515 2088 videlicet
1540 2049 1797 2102 persuasu
1834 2048 1899 2087 ac
1927 2034 2008 2086 iu-

433 2131 596 2183 ductu
633 2140 723 2182 tuo
771 2129 1115 2181 traditionem
1157 2142 1277 2196 quae
1324 2141 1418 2194 per
1464 2126 1796 2194 praeteritum
1844 2138 2007 2178 omne

436 2232 647 2290 tempus
680 2222 818 2289 apud
849 2231 925 2272 tot
946 2229 1161 2272 sanctos
1184 2216 1437 2282 obtinuit,
1458 2216 1621 2285 impio
1653 2226 1835 2269 vestro
1868 2230 2012 2268 com-

437 2327 621 2369 mento
661 2323 1130 2382 postponeremns.
1175 2308 1312 2363 Huic
1360 2319 1539 2362 autem
1580 2308 1713 2361 satis
1763 2323 1867 2361 non
1903 2316 2007 2370 est,

436 2421 625 2460 eorttm
648 2403 1012 2470 duntaxatqui
1040 2417 1180 2455 nunc
1213 2400 1437 2453 audiunt
1469 2400 1707 2451 animum
1744 2411 2005 2464 avocare;

435 2497 531 2551 sed
578 2494 816 2565 postulat
845 2495 1033 2558 etiam,
1067 2504 1125 2546 ut
1175 2493 1211 2547 ii
1255 2493 1344 2561 qui
1376 2491 1627 2558 deinceps
1672 2490 1908 2543 libellum
1938 2489 2011 2542 le-

437 2586 580 2640 cturi
637 2593 779 2649 sunt,
823 2585 1061 2639 habeant
1094 2590 1328 2637 mentem
1363 2581 1633 2635 eamdem.
1672 2580 1716 2634 0
1772 2580 2007 2633 fastum!

438 2688 631 2745 putare
659 2676 854 2730 librant
885 2676 986 2730 sibi
1018 2675 1178 2729 etiam
1231 2674 1285 2728 in
1330 2683 1605 2743 posterum
1660 2671 2008 2739 superstitem

437 2771 575 2836 fore,
622 2781 679 2825 et
728 2768 1044 2824 memoriam
1073 2781 1225 2821 suam
1264 2780 1535 2835 nunquam
1581 2762 1900 2833 perituram.
1948 2761 2015 2816 Et

438 2878 581 2918 nunc
610 2863 827 2933 quidem
860 2869 1141 2929 tantopere
1171 2856 1490 2912 intumescit
1542 2855 1635 2924 qui
1684 2853 1844 2922 paulo
1891 2860 2014 2921 post

441 2956 581 3024 apud
609 2953 884 3008 auditores
917 2950 1145 3021 ioculari
1173 2951 1405 3019 quadam
1447 2946 1793 3003 simulatione
1820 2945 2011 3009 utitur,

438 3046 591 3115 quasi
623 3047 818 3099 fastum
843 3058 1057 3099 omnem
1088 3042 1384 3113 negligens,
1411 3038 1618 3110 sicque
1675 3052 1812 3107 quos
1859 3036 2018 3091 ﬁnxit

436 3141 647 3210 iudices
670 3139 966 3208 alloquens.

513 3473 648 3530 Eun.
680 3472 762 3526 Ad
808 3472 945 3537 hac,
995 3482 1170 3539 neque
1208 3468 1367 3523 nobis
1403 3465 1792 3531 succenseatis,
1835 3465 1879 3518 si
1913 3464 2019 3518 fas-

445 3574 559 3620 tum
582 3566 914 3637 negligentes
945 3578 1007 3617 ae
1040 3563 1313 3624 timorem,
1349 3561 1645 3631 gratiasque
1690 3558 1942 3627 praesenti
1966 3565 2022 3611 et

447 3659 726 3715 securitati
765 3656 1115 3726 praeferentes
1144 3653 1499 3709 securitatem
1536 3652 1604 3706 ad
1648 3650 1829 3707 futura
1891 3649 2021 3704 atti-

443 3759 685 3816 nentem,
719 3759 880 3816 atque
919 3747 1215 3800 intentatas
1247 3742 1429 3813 impiis
1454 3742 1627 3796 minas
1657 3741 1829 3810 magis
1857 3754 2017 3809 quam

468 3856 714 3899 errenam
743 3854 956 3896 omnem
990 3837 1335 3892 alllictionem
1380 3850 1445 3890 ac
1476 3844 1703 3888 mortem
1742 3843 2018 3902 tempora-

452 3950 549 3991 .em
578 3933 892 3989 metuendas
921 3946 1041 3986 esse.
1065 3928 1338 3994 arbitrati,
1361 3927 1647 3982 veritatem
1678 3925 1878 3980 nudam
1903 3926 2022 3978 abs-

446 4042 551 4098 que
572 4026 679 4081 ullo
699 4025 964 4080 velamine
993 4036 1351 4094 exponamus.

516 4227 640 4283 Bas.
671 4227 843 4294 Quam
865 4220 1670 4295 superbiaeimmoderationem
1723 4218 1840 4273 haec
1892 4231 2021 4271 ver-

444 4320 634 4376 borum
662 4334 855 4389 pompa
886 4332 990 4371 non
1019 4315 1269 4371 excedit?
1296 4313 1435 4381 Quin
1462 4312 1617 4365 adest
1632 4309 1828 4363 cavillo
1854 4309 2017 4362 etiam

445 4411 771 4468 contumelia
824 4411 880 4465 iu
909 4409 1155 4478 iudices:
1222 4407 1514 4476 siquidem,
1548 4411 1837 4473 propterea
1873 4400 2021 4470 quod

445 4506 587 4561 bona
623 4517 765 4574 aegre
820 4500 1020 4565 ferant,
1057 4501 1146 4554 vix
1204 4506 1428 4569 possunt
1481 4496 1615 4566 quin
1661 4500 2023 4549 succenseant

446 4598 589 4663 viro,
623 4596 714 4666 qui
747 4595 968 4666 negligit
996 4595 1190 4648 fastum
1210 4609 1274 4646 ac
1306 4601 1571 4644 tumorem
1596 4605 1612 4654 ;
1642 4601 1712 4655 qu

449 4695 560 4741 tem
607 4686 673 4741 ad
708 4684 884 4739 futura
917 4683 1258 4739 securitatem
1297 4677 1551 4748 praesenti
1593 4688 1703 4730 suae
1737 4672 2021 4727 securitati

448 4774 760 4845 anteponit;
792 4775 885 4843 qui
909 4773 1144 4827 futurum
1170 4768 1490 4838 supplicium
1530 4772 1702 4820 morte
1729 4761 2019 4831 temporali

449 4866 763 4923 horribilius
798 4865 1022 4934 judicat.
1057 4861 1198 4929 Quid
1248 4869 1426 4914 autem
1459 4859 1568 4912 hoc
1588 4856 1691 4911 sibi
1726 4854 1887 4908 vult?
1921 4852 2020 4920 Ne,

448 4960 571 5026 viri,
601 4956 965 5014 succenseatis
1008 4953 1159 5020 mihi,
1199 4952 1292 5023 qui
1320 4951 1387 5006 ad
1425 4951 1600 5020 ipsum
1635 4947 1861 5002 virtutis
1887 4945 2004 5017 api-

517 5203 629 5277 (77)
665 5206 799 5275 Reg.
830 5206 1019 5261 tertius
1049 5205 1409 5275 συνάψαντας.

510 5269 629 5351 (78)
669 5269 801 5351 ίὶρξ.
825 5288 1049 5351 quartus
1073 5269 1351 5351 κρινοξμεν
1392 5289 1539 5342 :quo
1564 5272 1620 5326 in
1667 5269 2013 5351 codicelegiim

444 5341 534 5404 tur
561 5341 774 5416 quidem
800 5341 1077 5417 περινοίας
1113 5341 1128 5400 Ξ
1155 5341 1340 5401 εειίῖιτι
1366 5341 1568 5405 tamen,
1601 5351 1661 5397 ut
1691 5357 1817 5396 vera
1848 5341 2013 5410 lectio

446 5418 689 5481 ἐπινοίας
724 5421 776 5471 iu
800 5435 892 5472 ora
921 5419 1042 5471 libri
1074 5418 1252 5470 addita
1286 5417 1376 5469 sit.

447 5557 470 5573 η
516 5490 625 5558 (79)
675 5489 815 5544 Editi
872 5488 967 5541 καὶ
1000 5485 1247 5559 ὕστερον.
1300 5487 1527 5542 Codices
1574 5498 1679 5537 non
1716 5481 1870 5552 pauci
1934 5481 2015 5543 είς

446 5576 686 5612 υστεοον.

517 5575 860 5697 [dorum
915 5628 1203 5683 verborum
1251 5640 1311 5681 ea
1346 5633 1430 5680 est
1468 5622 1734 5678 sententia
1768 5639 1781 5673 :
1830 5620 2011 5697 Euno-

448 5693 587 5753 mius
610 5693 665 5751 in
696 5715 821 5754 suos
846 5699 1055 5765 iudices
1079 5697 1501 5752 contumeliosus
1529 5705 1636 5752 est.
1664 5707 1791 5765 cum
1824 5694 1889 5765 de
1928 5693 2007 5745 eis

447 5773 520 5824 ita
551 5769 797 5834 loquatur
830 5760 979 5833 quasi
1008 5783 1097 5823 res
1132 5766 1426 5823 laudandus
1452 5765 1634 5821 animo
1660 5762 1843 5824 iniquo
1866 5760 2008 5817 ferre

2110 4940 2351 4995 κόλασιν.
2392 4937 2564 4991 Τοῦτο
2589 4935 2647 4989 δέ
2675 4936 2792 4987 ἐστι
2839 4932 2928 4997 τί;
2974 4932 3066 5004 Μὴ
3098 4924 3454 5001 χαλεπαίνετέ
3501 4940 3611 4995 μοι,
3654 4924 3706 4977 ὦ

2107 1855 2405 1927 σοφίσμασι
2453 1856 2707 1928 φέροντες
2760 1858 3079 1929 ὑποθῶμεν;
3137 1856 3393 1928 Μεγάλης
3448 1857 3598 1927 μέντ’
3626 1854 3699 1911 ἂν

2106 1947 2225 2018 είης
2254 1947 2355 2018 τῆς
2398 1948 2712 2013 δυναστείας
2763 1950 3187 2022 ἐπειλημμένος,
3237 1950 3396 2020 εἴπερ
3442 1941 3516 2000 ὧν
3569 1948 3700 2008 ταῖς

2107 2038 2379 2102 ποικίλαις
2438 2040 2633 2093 ἑαυτοῦ
2697 2040 2997 2112 μεθοδείαις
3066 2042 3094 2093 ό
3147 2038 3390 2104 διάϐολος
3441 2039 3543 2092 οὑκ
3592 2038 3697 2089 ἐπ-

2109 2134 2288 2204 έτυχε,
2323 2133 2526 2186 τούτων
2576 2151 2656 2187 σοι
2682 2139 2864 2206 τυχεῖν
2892 2134 2952 2200 ἐξ
2976 2137 3345 2205 ἐπιτάγματος
3370 2132 3659 2204 περιέσται
3676 2140 3695 2162 ⁸

2109 2226 2205 2278 ὲάν
2249 2242 2374 2297 περ,
2412 2226 2724 2291 πεισθέντες
2777 2244 2877 2293 σοι,
2920 2225 3018 2299 τὴν
3065 2228 3122 2279 ὲν
3157 2226 3320 2281 παντὶ
3364 2224 3441 2296 τῷ
3490 2225 3703 2296 παρελ-

2110 2316 2255 2370 θόντι
2314 2316 2491 2389 χρόνῳ
2549 2318 2653 2371 ὑπὸ
2717 2319 2985 2372 τοσούτων
3047 2319 3217 2388 ἁγίων
3283 2320 3699 2389 κεκραηκυίαν

2110 2408 2407 2479 παράδοσιν
2450 2409 2777 2482 ἀτιμοτέραν
2815 2410 2924 2481 (78)
2960 2409 3232 2483 κρίνωμεν
3272 2411 3369 2480 τῆς
3399 2408 3698 2470 δυσσεϐοῦς

2112 2500 2557 2577 ὑμῶνρπινοίας.
2586 2500 2675 2572 Τῷ
2708 2502 2763 2555 δὲ
2811 2502 2911 2554 οὑκ
2962 2496 3182 2572 ἐξᾶρκεῖ
3228 2502 3387 2572 μόνον
3438 2500 3547 2553 τῶν
3600 2498 3697 2551 νῦν

2114 2592 2579 2655 ἀκουόντων”τοῦς
2616 2592 2908 2664 λογισμοὺς
2941 2591 3250 2660 ὑφελέσθαι,
3282 2591 3396 2644 ἀλλ’
3421 2589 3568 2654 ἀξιοῖ
3603 2590 3697 2642 καὶ

2106 2685 2238 2758 ,τοὺς
2268 2684 2491 2755 ὕστερόν
2527 2702 2654 2737 ποτε
2691 2685 3080 2753 συνεσομένους
3112 2673 3188 2754 τῷ
3228 2683 3371 2753 λόγῳ
3394 2683 3494 2753 τὴν
3526 2680 3697 2750 αὐτὴν

2115 2774 2259 2845 ἔχειν
2287 2775 2534 2845 γνώμην.
2564 2777 2627 2827 Ὢ
2665 2778 2763 2846 τῆς
2795 2775 3145 2839 ἀλαζονείαςί
3178 2774 3239 2827 τὸ
3269 2774 3362 2827 καὶ
3413 2776 3494 2836 εἰς
3540 2770 3701 2825 ὔστε-

2119 2881 2210 2938 ρον
2244 2866 2353 2939 (79)
2380 2866 2584 2919 οἴεσθαι
2619 2866 2768 2937 αὑτῷ
2789 2866 3094 2939 διαρκέσειν
3112 2867 3202 2920 τὸν
3234 2866 3411 2935 λόγον,
3439 2865 3535 2919 καὶ
3565 2863 3700 2920 ἀθει-

2118 2976 2274 3013 νατον
2300 2961 2378 3022 είς
2412 2959 2502 3012 τὸν
2533 2960 2753 3012 ἐπιόντα
2786 2960 2977 3031 χρόνον
3006 2961 3103 3030 τὴν
3137 2960 3355 3030 μνήμην
3389 2956 3553 3012 αὑτοῦ
3592 2971 3696 3025 φε-

2118 3051 2506 3121 λαχθήσεσθαι.
2532 3052 2643 3105 Καὶ
2670 3051 2856 3104 ταῦτα
2891 3051 2985 3105 νῦν
3021 3049 3485 3114 ἀπαυθαδιάζεται
3509 3054 3537 3104 ό
3580 3048 3697 3119 μετ’

2046 3155 2087 3210 C
2120 3144 2277 3213 ὀλίγα
2321 3144 2458 3216 πρὸς
2502 3144 2627 3208 τοὺς
2687 3144 3072 3216 ἀκροωμένους
3113 3143 3574 3216 διαθρυπτόμενος
3620 3143 3696 3206 ὡς

2122 3234 2291 3303 τύφου
2328 3230 2526 3298 παντὸς
2554 3234 2791 3307 ἀμελῶν,
2816 3234 3018 3288 οὑτωσὶ
3048 3234 3222 3304 λέγων
3249 3238 3361 3298 τοῖς
3393 3236 3453 3287 έν
3476 3234 3553 3306 τῷ
3578 3234 3699 3307 δρά-

2128 3344 2257 3398 ματι
2290 3328 2591 3392 δικασταῖς.

2194 3442 2356 3498 ΕΥΝ.
2386 3442 2530 3513 Πρὸς
2560 3442 2618 3495 δὲ
2644 3441 2856 3506 τούτοις
2883 3440 3018 3512 μηδὲ
3060 3442 3191 3511 ἡμῖν
3219 3438 3583 3511 χαλεπαίνειν,
3615 3439 3695 3502 εί,

2124 3534 2294 3603 τύφου
2332 3535 2429 3605 μὲν
2472 3534 2844 3604 ἀμελήσαντες
2873 3533 2969 3586 καὶ
3009 3530 3197 3600 φόϐου,
3240 3532 3341 3602 τῆς
3387 3531 3445 3584 δὲ
3486 3542 3698 3602 παραυ-

2124 3627 2255 3681 τίκα
2291 3627 2516 3701 χάριτος
2548 3627 2641 3680 καὶ
2684 3624 2985 3693 ἀσφαλείας
3014 3624 3114 3694 τὴν
3148 3622 3287 3694 ὑπὲρ
3324 3623 3431 3676 τῶν
3480 3622 3699 3693 μελλόν⁴

2125 3737 2233 3774 των
2257 3720 2438 3775 ἄδειαν
2479 3719 2934 3790 προτιμήσαντες,
2969 3716 3063 3770 καὶ
3105 3716 3284 3786 πάσης
3312 3716 3556 3783 ἐπιγείου
3597 3732 3700 3769 καί

2127 3809 2424 3871 κοπαθείας
2470 3808 2700 3861 θανάτου
2728 3824 2789 3860 τε
2827 3807 3163 3881 προσκαίρου
3200 3805 3578 3877 φοϐερωτέραν
3604 3804 3702 3875 τὴν

2126 3900 2269 3955 κατά
2313 3900 2421 3953 τῶν
2450 3899 2660 3954 ἀσεϐῶν
2691 3897 3001 3970 ὡρισμένην
3043 3896 3269 3967 ἀπειλὴν
3313 3893 3452 3948 εἶναι
3482 3895 3704 3965 κρίναν-

2127 4010 2243 4057 τες,
2276 3991 2473 4056 παντὸς
2520 3988 2967 4060 έπικαλύμματος
3007 3988 3218 4059 γυμνὴν
3248 3984 3570 4055 ὲκτιθέμεθα
3601 3985 3702 4056 τὴν

2128 4084 2405 4157 ἀλήθειαν.

2198 4198 2346 4250 ΒΑΣ.
2380 4196 2548 4259 Ποίας
2597 4193 2909 4260 ἀλαζονείας
2953 4189 3255 4263 ὑπερϐολὴν
3282 4190 3311 4242 ὁ
3354 4187 3563 4258 κόμπος
3611 4180 3704 4240 οὗ-

2127 4304 2217 4350 τος
2263 4287 2369 4341 τῶν
2416 4288 2588 4356 λόγων
2638 4288 2736 4357 οὑχ
2786 4286 3113 4358 ὑπεραίρει;
3162 4282 3273 4336 Καὶ
3323 4280 3585 4352 πρόσεστι
3633 4280 3700 4349 τῇ

2128 4380 2379 4452 εἰρωνείᾳ
2407 4381 2501 4433 καὶ
2530 4378 2687 4451 ὕϐρις
2721 4377 2862 4433 κατά
2895 4376 3002 4431 τῶν
3045 4373 3374 4438 δικαζόντων
3393 4388 3406 4402 ·
3436 4370 3594 4441 είπερ
3623 4369 3705 4439 τῷ

2129 4470 2265 4543 πρὸς
2296 4471 2363 4524 τὰ
2391 4470 2531 4524 καλὰ
2569 4469 2845 4540 δυσχερῶς
2886 4467 3028 4538 ἔχειν
3063 4466 3213 4536 μόλις
3257 4463 3577 4533 κατέχονται
3602 4478 3706 4531 χα-

1720 4586 1732 4638 i
1768 4594 2011 4653 spectan-

2123 4563 2468 4627 λεπαίνοντες
2488 4561 2776 4633 ἀμελοῦντι
2805 4560 2902 4630 μὲν
2936 4558 3225 4620 αὐθαδείας
3248 4556 3343 4610 καὶ
3364 4554 3533 4622 τύφου
3566 4553 3702 4621 (80),

2120 4663 2220 4729 τῆς
2259 4659 2317 4712 δὲ
2344 4660 2401 4711 ἐν
2433 4657 2511 4729 τῷ
2541 4656 2769 4729 παρόντι
2794 4654 3099 4724 ἀσφαλείας
3126 4653 3227 4724 τὴν
3262 4651 3403 4722 ὑπὲρ
3431 4649 3539 4703 τῶν
3574 4647 3704 4718 μελ-

2119 4753 2318 4808 λόντων
2348 4752 2530 4805 ἄδειαν
2564 4747 2924 4823 προτιμῶντι,
2958 4747 3052 4800 καὶ
3089 4744 3184 4797 τοῦ
3230 4740 3562 4814 προσκαίρου
3605 4736 3706 4789 θα-

2121 4849 2280 4902 νάτου
2316 4843 2699 4915 φοϐερωτέραν
2751 4842 2992 4912 κρίνοντι
3036 4838 3135 4908 τὴν
3187 4837 3267 4900 εἱς
3316 4834 3539 4904 ὕστερον
3589 4830 3703 4901 (81)

3662 4916 3691 4937 9

2123 5197 2448 5266 potuissent.
2505 5194 2664 5259 Mihi,
2721 5186 2927 5266 inquit,
2958 5205 3029 5246 ne
3070 5185 3458 5266 succenseatis
3486 5224 3502 5246 ,
3560 5184 3707 5264 quod

2123 5256 2321 5322 i‘astum
2377 5282 2439 5320 ac
2485 5256 2755 5319 tumorem
2799 5256 3163 5330 'ncglexerirn,
3194 5269 3299 5313 etc.
3342 5256 3706 5330 Nemo_enirn

2122 5354 2230 5392 non
2255 5338 2399 5391 videt
2425 5335 2779 5394 Eunomium,
2816 5333 2860 5386 si
2884 5325 3063 5392 'bene,
3095 5341 3154 5383 ut
3194 5344 3290 5397 par
3340 5335 3478 5388 erat,
3501 5325 3566 5397 de
3593 5327 3708 5397 suis

2114 5407 2394 5475 judieibus
2418 5406 2811 5467 exiStimasset,
2843 5416 3121 5470 nunquam
3153 5395 3338 5452 verbis
3366 5398 3442 5449 ita
3478 5395 3708 5464 injurin-

2120 5482 2195 5534 sis
2226 5494 2448 5529 usurum
2484 5477 2668 5529 luisse.

2192 5547 2468 5619 (Βυβλίπί
2501 5558 2711 5619 veteres
2733 5544 2812 5605 εἰς
2838 5540 3103 5619 ὓστερονζ
3136 5539 3309 5619 Abest
3325 5537 3402 5598 εἰς
3448 5549 3477 5587 a
3512 5534 3710 5614 Vulga—

2117 5604 2210 5669 tis:
2243 5604 2352 5669 llu'c
2390 5618 2505 5681 ipso
2566 5617 2616 5667 iu
2659 5615 2779 5666 loco
2832 5604 3171 5666 editi-T0610
3209 5608 3268 5660 δέ
3295 5604 3708 5681 ἐστι-τοιοῦτον.

2118 5689 2215 5751 Τίς
2244 5687 2365 5756 (sic)
2398 5677 2472 5758 μὴ
2515 5682 3167 5757 χαλεπαίνετεοηΑιιιίιιυί
3204 5689 3311 5734 tres
3367 5677 3490 5730 libri
3552 5682 3611 5728 ut
3656 5679 3710 5727 in

2117 5768 2394 5814 contextu.
