4016 6220
251 333 360 395 509

1347 323 1720 384 ADVERSUS
1756 325 2127 384 EUNOMIUM
2162 327 2295 385 LIB.
2334 328 2377 385 1.

3415 330 3520 386 510

245 446 462 517 ἄνδρες,
492 439 628 515 πρὸς
672 439 805 493 αὐτὸ
847 439 908 492 τὸ
948 438 1250 512 ἀκρότατον
1291 438 1394 510 τῆς
1437 439 1638 512 ἀρετῆς
1680 437 1833 492 ἀνελ-

1946 455 2058 494 cem
2098 440 2455 511 ascendi,qui
2492 442 2798 497 transcendi
2849 450 3103 511 terrena,
3142 458 3208 501 ac
3234 458 3519 502 conversa-

246 535 417 600 θόντι,
457 535 553 588 καὶ
586 532 883 606 ὑπερϐάντι
930 533 1027 605 μὲν
1080 531 1151 585 τὰ
1200 531 1387 603 γήϊνα,
1423 532 1605 585 πᾶσαν
1647 530 1706 584 δὲ
1738 529 1837 602 τὴν

248 626 527 681 πολιτείαν
557 628 638 691 είς
669 627 897 699 οὐρανὸν
933 625 1241 698 μεταθέντι.
1278 625 1489 689 Καινὸς
1511 617 1670 689 οὗτος
1706 623 1839 679 ἁλα-

248 716 462 782 ςονείας
486 718 706 789 τρόπος.
733 719 811 772 Δι’
834 710 908 772 ὧν
934 717 1041 791 γὰρ
1070 717 1294 789 ἀμελεῖν
1333 718 1714 789 προσποιεῖται
1741 712 1835 768 τοῦ

245 808 443 880 τύφου,
474 810 613 881 πρὸς
649 810 748 882 τὴν
788 810 1024 882 ἐσχάτην
1056 810 1321 881 φυσίωσιν
1363 809 1556 864 ἑαυτὸν
1602 807 1835 880 ὑπεραί-

250 920 355 976 ρει.
394 904 457 957 Et
504 904 613 975 γὰρ
664 904 749 974 ἐφ’
792 897 874 967 οἷς
905 903 1236 958 ἐνδείκνυται
1291 900 1622 972 συγγνώμης
1668 900 1835 964 ἀξίως

249 996 539 1068 πράσσειν,
567 996 667 1066 τῆς
695 994 1054 1067 εὐαηελικῆς
1088 994 1363 1057 πολιτείας
1391 992 1510 1046 ἐστὶ
1549 990 1621 1046 τά
1663 990 1837 1060 κεφά-

250 1088 405 1153 λαια,
454 1090 694 1153 εἰκάζειν
740 1087 967 1159 ἀφίησιν
1003 1088 1186 1142 ὁποῖόν
1234 1104 1357 1142 τινα
1415 1085 1580 1139 αὑτὸν
1613 1086 1670 1138 ἐν
1721 1085 1835 1146 τοῖς

249 1182 709 1255 κατωρθωμένοις
747 1182 997 1254 ἡγεῖσθαι
1048 1180 1318 1253 προσῆκε.
1368 1178 1554 1232 Ταῦτα
1596 1176 1693 1248 μὲν
1737 1170 1831 1229 οῦν

246 1272 450 1327 ὡσανεὶ
504 1273 833 1346 χαρακτῆρα
887 1273 988 1344 τῆς
1044 1272 1172 1344 ὅλης
1218 1271 1389 1342 αὐτῆς
1458 1269 1834 1342 προαιρέσεως

246 1363 464 1434 ἔχοντα,
503 1363 715 1418 πολλῶν
762 1362 1278 1434 ἀποσιωπηθέντων,
1345 1360 1544 1424 ἱκανῶς
1586 1361 1831 1430 εἴρηται,

250 1456 341 1510 ἵνα
378 1456 445 1510 δι’
483 1450 559 1511 ὧν
595 1458 694 1528 μὲν
727 1455 1013 1527 ἐψεύσατο,
1058 1455 1149 1509 τὸν
1195 1453 1408 1527 πατέρα
1459 1452 1553 1507 τοῦ
1603 1451 1836 1521 ψεύδους

248 1549 311 1601 ἐν
353 1548 504 1620 αὒτῷ
544 1548 808 1603 λαλοῦντα
850 1548 1239 1620 γνωρίσωμεν·
1277 1548 1342 1600 ἐκ
1384 1546 1444 1598 δὲ
1493 1543 1600 1598 τῶν
1634 1543 1836 1607 ἀλαζο-⁸

246 1640 534 1711 νευμάτων
563 1640 670 1694 τίνι
714 1639 1211 1713 συγκατακέκριται
1250 1637 1609 1709 διδαχθῶμεν,
1648 1633 1835 1703 σαφῶς

248 1730 347 1785 τοῦ
396 1731 719 1785 Ἀποστόλου
778 1731 1025 1800 λέγοντος
1067 1731 1158 1784 τὸν
1199 1728 1515 1798 τυφωθέντα
1544 1728 1625 1789 εἰς
1656 1728 1833 1797 κρῖμα

1941 532 2143 587 tionem
2184 547 2399 607 omnem
2433 532 2486 587 in
2518 533 2719 588 coelum
2771 534 3045 590 transtuli.
3091 534 3277 592 Novus
3315 537 3404 592 hic
3438 548 3520 592 est

1938 625 2264 693 arrogantiae
2292 624 2502 679 modus.
2527 623 2734 691 Quibus
2762 639 2997 696 namque
3023 625 3298 697 negligere
3326 643 3385 684 se
3413 629 3519 683 las-

1939 722 2052 770 tum
2085 716 2327 782 simulat,
2355 716 2547 771 iisdem
2577 732 2636 771 se
2668 718 2785 788 ipse
2810 717 2877 772 ad
2913 733 3183 773 summum
3226 721 3394 776 animi
3430 735 3520 775 tu-

1937 821 2146 863 morem
2180 806 2360 862 eﬂ‘ert.
2395 806 2533 865 Nam
2582 809 2631 863 si
2684 809 2881 880 quibus
2908 810 3146 865 ostendit
3191 812 3349 867 venia
3400 827 3520 867 esse

1937 898 2099 969 digna
2128 914 2248 969 quae
2289 901 2449 969 gerit,
2488 916 2553 956 ea
2592 902 2921 971 evangelica:
2949 904 3077 957 vitae
3110 904 3286 972 capita
3340 915 3468 958 sunt
3499 922 3516 969 ;

1936 986 2247 1053 conjectare
2279 990 2431 1056 sinit,
2469 990 2683 1059 qualem
2716 1007 2775 1046 se
2799 992 2849 1045 in
2885 992 3397 1064 reliquisprarclare
3430 1010 3519 1066 ge—

1936 1079 2039 1134 stis
2066 1081 2253 1135 haberi
2284 1085 2594 1138 conveniat.
2626 1084 2695 1138 Et
2722 1086 2940 1153 quidem
2982 1086 3102 1140 btec
3134 1089 3333 1157 quibus
3376 1096 3519 1143 totus

1936 1170 2081 1226 illius
2106 1174 2327 1229 animus
2365 1177 2519 1243 quasi
2550 1177 2896 1245 exprimitur,
2927 1177 3110 1232 multis
3135 1179 3350 1233 silentio
3381 1195 3519 1247 prte-

1940 1266 2133 1332 teritis,
2167 1266 2380 1322 abunde
2406 1279 2700 1324 memorata
2732 1279 2895 1337 sunt;
2925 1280 2981 1325 ut
3011 1287 3106 1341 per
3128 1287 3192 1325 ea
3219 1287 3339 1343 quae
3373 1287 3520 1326 men-

1936 1356 2071 1411 titus
2095 1365 2200 1423 est,
2233 1370 2444 1429 patrem
2475 1362 2742 1418 mendacii
2770 1364 2823 1417 in
2848 1379 2914 1420 eo
2941 1363 3178 1419 locutum
3214 1380 3520 1434 cognosca-

1937 1462 2056 1503 mus
2080 1448 2148 1514 ⁸⁵,
2178 1451 2559 1524 discamusque
2581 1470 2647 1509 ex
2680 1453 2797 1522 ejus
2820 1457 3150 1527 arrogantia,
3180 1473 3415 1528 quocum
3445 1456 3520 1511 sit

1937 1540 2361 1609 condemnatus;
2396 1560 2518 1599 cum
2552 1556 2741 1617 aperte
2769 1547 2913 1602 dicat
2949 1547 3240 1617 Apostolus
3270 1548 3339 1611 ⁸⁷,
3379 1547 3517 1601 fastu

1938 1631 2200 1687 tumidum
2227 1635 2277 1688 in
2303 1635 2777 1705 diabolijudicium
2796 1639 3052 1694 incidere.
3071 1638 3190 1695 Jam
3215 1640 3432 1694 tandem
3451 1640 3518 1693 ad

1935 1723 2365 1793 rcdarguendam
2401 1729 2734 1798 impietatem
2767 1731 3110 1788 accedamus.

246 1821 544 1892 ἐμπίπτειν
582 1821 676 1876 τοῦ
713 1820 995 1875 διαϐόλου·
1044 1821 1130 1873 ἐπ’
1162 1820 1361 1883 αὐτοὺς
1417 1818 1475 1871 δέ
1519 1816 1707 1871 λοιπὸν
1747 1817 1875 1876 τοὺς
1913 1814 2172 1886 ἐλέγχους
2193 1820 2292 1890 τῆς
2322 1820 2577 1886 ἀσεϐείας
2606 1823 2871 1895 ἔλθωμεν.

320 1936 375 1991 4.
416 1936 608 1991 Πίστιν
649 1936 919 1991 ἐκτίθεται
968 1936 1182 2009 πρῶτον
1224 1935 1284 2002 ἐξ
1319 1934 1505 1989 ἁπλῶν
1566 1934 1660 1987 κα)⁸
1713 1930 1831 1985 ἀδι-

2005 1932 2059 1987 4.
2099 1934 2283 1992 Fidem
2310 1941 2563 2009 proponit
2588 1940 2821 2011 primum
2855 1956 2921 1996 ex
2964 1940 3302 2010 simplicibus
3329 1956 3393 1996 ac
3428 1956 3521 1995 va-

247 2028 481 2101 ορίστων
528 2028 726 2094 λέξεων
772 2022 1226 2102 συγκειμένην,
1258 2028 1560 2099 ἐχρήσαντο
1614 2023 1709 2078 καί
1752 2038 1831 2076 τι-

246 2136 339 2184 νες
368 2120 481 2192 (82)
512 2120 622 2174 τῶν
652 2121 929 2193 Πατέρων,
978 2121 1100 2190 οὐχ).
1142 2119 1277 2189 πρὸς
1321 2119 1576 2189 ζητήσεις
1609 2116 1833 2168 ὑποκει-

252 2212 421 2283 μένας
471 2213 910 2285 ἀποτεινόμενοι,
957 2212 1071 2266 ἀλλ’
1118 2209 1307 2273 ἁπλῶς
1343 2208 1517 2273 οὕτως
1566 2209 1652 2278 ἐφ’
1703 2208 1832 2261 ἐαυ-

246 2306 356 2358 τῶν
386 2305 496 2378 (85)
544 2308 601 2360 ὲν
653 2306 916 2376 ἁπλότητι
949 2304 1177 2377 καρδίας
1221 2303 1616 2373 διαλεγόμενοι.
1665 2300 1735 2354 Εἴ
1769 2317 1830 2353 τε

248 2395 345 2449 καὶ
376 2396 484 2467 (84)
515 2398 766 2468 Ἀρειος,
808 2396 884 2460 ῶς
930 2413 1093 2465 φασι,
1147 2393 1497 2464 σοφιζόμενος
1545 2391 1636 2445 τὸν
1678 2390 1830 2443 Ἀλέ-

248 2486 496 2557 ξανδρον,
534 2488 737 2558 ταύτην
782 2488 930 2560 αὐτῷ
968 2486 1317 2559 προετείνατο
1370 2485 1485 2556 (καὶ
1517 2484 1625 2555 γὰρ
1676 2484 1833 2537 τοῦτο

248 2581 542 2650 λέγουσιν),
570 2583 683 2635 ἀλλ’
706 2582 841 2655 ὁμοῦ
878 2583 976 2654 μὲν
1004 2582 1209 2654 ταύτην
1239 2582 1314 2646 ὡς
1353 2581 1721 2654 ὁμολογοῦσαν
1763 2580 1831 2650 τῇ

249 2674 445 2727 ἐαυτοῦ
479 2672 673 2749 γνώμῃ
712 2676 1033 2747 προῖσχεται
1072 2675 1160 2729 διὰ
1201 2675 1294 2728 δύο
1328 2676 1661 2747 προφάσεις·
1701 2674 1832 2744 μίαν

254 2765 373 2835 μὲν,
408 2764 549 2817 ὥστε
577 2764 676 2834 τὴν
718 2766 819 2836 τῆς
856 2766 1208 2836 καινοτομίας
1253 2766 1505 2819 ὑπόνοιαν
1552 2766 1831 2833 ἐκφυγεῖν,

251 2858 312 2912 ἐν
341 2855 419 2929 ’τῷ
448 2856 546 2929 τῆν
588 2857 695 2911 τῶν
746 2857 1005 2929 Πατερων
1052 2858 1234 2910 πίστιν
1267 2857 1343 2921 ὡς
1383 2856 1558 2928 ὀρθῶς
1607 2855 1834 2926 ἔχουσαν

253 2950 648 3021 ἀποδέχεσθαι·
693 2949 884 3022 ἑτέραν
942 2950 1019 3015 δὲ,
1063 2948 1155 3002 τοῦ
1208 2949 1417 3013 πάντας
1478 2948 1834 3020 ἀπροοράτως

251 3045 374 3107 ταῖς
403 3044 608 3112 πάγαις
649 3043 812 3096 αὐτοῦ
852 3042 962 3096 τῶν
995 3042 1345 3115 σοφισμάτων
1394 3044 1714 3114 περιπεσεῖν
1766 3044 1831 3114 τῇ

253 3134 516 3207 ἁπλότητι
552 3135 661 3188 τῶν
702 3135 959 3207 ῥημάτων
1001 3134 1207 3189 τούτων
1267 3134 1832 3198 καταπιστεύσαντας.

267 3226 432 3297 Ὁμοῦ
463 3225 519 3279 δὲ
548 3226 767 3279 κάκεῖνο
800 3226 1034 3279 συνεῖδεν
1076 3225 1210 3298 (85),
1238 3226 1320 3279 ὅτι
1361 3227 1456 3278 καὶ
1493 3224 1591 3296 τὴν
1638 3225 1833 3277 ἐαυτοῦ

1939 2027 2022 2098 gis
2044 2029 2271 2084 vocibus
2319 2033 2699 2101 compositam,
2751 2048 2854 2101 qua
2906 2033 3122 2101 quidam
3160 2048 3228 2087 ex
3264 2030 3521 2086 Patrilms

1938 2120 2021 2173 nsi
2051 2129 2199 2184 sunt,
2230 2122 2297 2175 ad
2335 2125 2639 2192 propositas
2689 2126 3015 2194 qumstiunes
3046 2141 3152 2179 non
3184 2126 3394 2188 attenti,
3425 2124 3520 2178 sed

1939 2211 2259 2281 simpliciter
2282 2216 2359 2267 sic
2387 2232 2414 2267 a
2442 2217 2634 2283 svipsis
2666 2218 2715 2269 in
2762 2217 3109 2284 simplicitate
3140 2219 3318 2270 cordis
3344 2218 3519 2270 disse-

1940 2314 2141 2359 rentes.
2177 2305 2495 2377 Quanquam
2547 2321 2724 2363 autem
2779 2309 2983 2375 Arius,
3049 2322 3108 2362 ut
3152 2311 3323 2372 aiunt,
3385 2311 3521 2385 hanc

1939 2396 2247 2451 Alexandro
2272 2400 2481 2463 obtulit,
2522 2401 2698 2470 ipsum
2745 2402 2908 2471 212
2944 2400 3221 2469 decipiens
3280 2401 3440 2470 (nam
3468 2409 3521 2454 et

1940 2488 2044 2542 hoc
2080 2487 2314 2554 dicunt),
2345 2490 2697 2544 nihilominus
2736 2502 2911 2545 tamen
2968 2495 3211 2545 eamdem
3264 2505 3520 2561 tauquam

1941 2594 2053 2633 sua:
2081 2580 2249 2649 ipsius
2275 2584 2558 2636 sententia:
2581 2593 3004 2637 consentaneam
3058 2582 3264 2653 profert
3299 2596 3523 2653 pri-pter

1941 2669 2076 2723 duas
2126 2685 2358 2725 causas:
2398 2673 2630 2741 primum
2667 2674 2916 2742 quidem,
2964 2682 3020 2725 ttt
3065 2675 3354 2727 innovamli
3390 2673 3522 2728 ellu-

1941 2760 2054 2829 giat
2081 2762 2467 2829 SUSpit'iOﬂBlli,
2506 2778 2627 2816 cum
2656 2763 2879 2817 Patrum
2927 2764 3086 2818 ﬁdem
3145 2774 3397 2833 tanquam
3430 2780 3520 2820 re-

1942 2862 2085 2907 ctam
2118 2854 2378 2920 suscipiat.
2416 2874 2429 2909 :
2464 2856 2714 2921 alteram,
2753 2866 2811 2910 ut
2845 2871 3060 2921 onmes,
3092 2857 3381 2911 verborum
3430 2860 3521 2912 ho-

1942 2961 2063 3000 rum
2116 2947 2450 3015 simplicitati
2485 2948 2733 3003 adhibita
2785 2950 2912 3014 fide,
2973 2950 3192 3004 incaute
3237 2952 3289 3003 in
3340 2951 3522 3019 sophi—

1942 3050 2174 3094 smatum
2213 3041 2380 3111 ipsius
2410 3041 2634 3110 laqueos
2659 3042 2918 3097 incidant.
2946 3043 3117 3097 Simul
3144 3053 3324 3097 autem
3357 3044 3522 3098 etiam

1942 3131 2073 3187 illud
2110 3132 2398 3197 intellexit,
2451 3147 2510 3187 se
2561 3141 2618 3206 et
2662 3148 2814 3187 suam
2849 3133 3018 3202 ipsius
3048 3134 3372 3188 sententiam
3400 3147 3523 3202 spev

1944 3223 2088 3277 ciosa
2122 3223 2358 3291 quadam
2384 3224 2596 3279 ratione
2623 3223 2800 3277 obiter
2826 3224 3200 3289 inducturum,
3253 3227 3298 3279 si
3328 3226 3523 3280 videli-

251 3316 480 3390 γνώμην
521 3318 891 3390 εὐπροσώπως
935 3317 1084 3389 αὐτῷ
1117 3320 1549 3389 παρεισαγαγεῖν
1578 3316 1831 3388 ὑπάρξει,

1946 3325 2024 3368 cet
2056 3317 2197 3369 dicta
2226 3315 2448 3369 Patrum
2483 3325 2801 3386 exponeret,
2833 3328 2886 3371 et
2920 3319 3159 3372 maxime
3187 3318 3522 3388 impietatem

252 3409 605 3482 ὲξηγουμένῳ
642 3410 801 3481 δῆθεν
852 3409 922 3463 τὰ
969 3408 1079 3463 τῶν
1132 3409 1410 3481 Πατερων,
1458 3408 1551 3462 καὶ
1605 3406 1839 3478 μάλιστα

258 3502 356 3572 μέν
413 3501 681 3574 λήσασθαι
735 3500 980 3555 ἀσεϐῶν·
1022 3501 1071 3554 εί
1118 3500 1162 3554 δ’
1213 3501 1321 3573 ἄρα
1373 3500 1469 3553 καὶ
1520 3497 1835 3569 φωραθείη,

256 3594 495 3659 ἀναίτιος
540 3588 680 3651 εἶναι
724 3592 916 3657 δόξειν,
962 3592 1038 3656 ὡς
1078 3592 1231 3646 οὐδὲν
1278 3592 1489 3646 οἴκοθεν
1540 3591 1660 3645 οὐδὲ
1707 3590 1837 3662 παρ’

255 3686 448 3740 ἐαυτοῦ
484 3704 537 3741 τι
571 3687 765 3756 λέγων,
804 3685 916 3738 ἀλλ’
947 3684 1232 3757 ἀλλοτρίας
1279 3685 1569 3756 γενόμενος
1599 3684 1839 3749 διανοίας

255 3776 548 3851 ἐξηγητής.
594 3779 682 3831 Ἐν
723 3771 768 3847 ᾧ
908 3776 1003 3829 κα).
1048 3775 1387 3845 γελοιότατόν
1425 3792 1480 3829 τι
1516 3774 1704 3831 παθὼν
1741 3776 1841 3828 οὐκ

254 3869 543 3942 ἐπῄσθετο.
604 3870 926 3935 Ἐπαινέσας
978 3867 1087 3941 γὰρ
1140 3869 1309 3941 αὐτὴν
1367 3868 1480 3940 (86)
1530 3867 1700 3922 πολλά
1748 3868 1841 3922 καὶ

260 3964 498 4033 μεγάλα,
537 3964 731 4036 μικρὸν
764 3963 993 4028 ὑποϐὰς,
1021 3965 1134 4025 τοῖς
1172 3962 1473 4033 αἰσχίστοις
1501 3960 1663 4036 πάλιν
1704 3960 1843 4015 ὀνεί-

256 4052 370 4105 δεσι
418 4035 750 4125 περιϐάλλει.
794 4054 933 4108 Ἀλλ’
975 4055 1063 4108 ῖνα
1118 4035 1511 4128 σαφέστερονό
1569 4053 1715 4123 λέγω
1745 4053 1841 4123 γέ-

260 4163 436 4217 νηται,
467 4148 606 4200 κατὰ
643 4150 783 4219 μέρη
807 4147 897 4200 τὸν
922 4147 1079 4216 λόγον
1105 4145 1413 4217 διελόμενος
1444 4145 1702 4210 ἐξετάσω.
1729 4147 1841 4200 Καὶ

261 4236 473 4308 πρῶτόν
497 4253 562 4306 γε
590 4236 686 4309 τὴν
718 4239 829 4307 (87)
875 4239 1058 4292 πίστιν
1090 4237 1158 4309 ἣν
1191 4237 1537 4308 προτείνεται
1583 4235 1839 4307 καταμά-

259 4327 461 4399 θωμεν,
492 4328 660 4391 αὑτὰς
693 4328 793 4392 τὰς
827 4328 1036 4383 ἐκείνου
1079 4331 1262 4399 φωνάς
1302 4327 1694 4401 παραθέμενοι.

326 4421 487 4473 ΕΥΝ.
530 4418 641 4492 Τὴν
694 4420 750 4474 δὲ
797 4421 1124 4491 κρατοῦσαν,
1181 4423 1367 4493 φησὶν.
1427 4419 1633 4475 ἄνωθεν
1690 4417 1842 4492 παρά

257 4511 364 4567 τῶν
401 4512 659 4584 Πατέρων
705 4512 899 4585 εὐσεϐῆ
949 4514 1264 4586 παράδοσιν,
1309 4512 1499 4585 ὥσπερ
1536 4511 1657 4567 τινά
1698 4511 1840 4581 γνώ-

262 4620 396 4674 μονα
429 4604 524 4657 καὶ
551 4603 750 4658 κανόνα
791 4604 1201 4675 προεκθέμενοι,
1228 4603 1449 4676 ἀκριϐεῖ
1479 4603 1654 4674 τούτῳ
1702 4620 1840 4675 χρη-

261 4697 480 4770 σώμεθα
504 4698 615 4769 (88)
642 4698 911 4770 κριτηρίῳ
943 4697 1080 4769 πρὸς
1115 4696 1212 4769 τὴν
1239 4697 1348 4752 τῶν
1371 4696 1681 4768 λεγομένων
1714 4696 1839 4749 ἐπί-

259 4807 459 4863 κρισιν.

327 4973 374 5004 ⁸⁸
394 4968 551 5026 Joan.
584 4986 703 5038 vm,
732 4970 822 5026 44.
894 4969 941 5004 ⁸⁷
970 4969 1153 5027 l'l‘im.
1189 4938 1274 5038 tu,
1311 4970 1367 5030 6.

314 5110 934 5183 ¹(82)Ε(1ἰιίἐχρήσαντο
984 5111 1079 5183 καί
1134 5126 1300 5174 τινες.
1347 5106 1698 5183 νορυῐοῌκαί
1758 5108 1814 5162 in

257 5180 387 5237 mss.
421 5180 547 5236 'non
585 5180 873 5236 invenitur.
901 5182 1167 5237 Praeclara
1205 5181 1493 5239 sententia,
1540 5180 1816 5249 dignaque

259 5251 453 5307 Basilio
474 5252 702 5322 Magno.
734 5252 1170 5321 Quotiescunque
1217 5250 1819 5322 igitur_h:eretl\;ipro-

258 5322 434 5377 ferunt
470 5318 689 5376 Patrum
736 5318 1214 5391 testimoniafqutn
1238 5318 1341 5375 sibi
1386 5318 1564 5372 favere
1591 5318 1786 5391 videan

259 5402 364 5458 tur,
399 5394 443 5447 si
475 5393 781 5447 testimonia
822 5393 909 5445 illa
938 5389 1240 5459 petita'sint
1275 5405 1337 5443 ex
1364 5389 1670 5459 peregrinis
1696 5389 1813 5458 qui-

257 5463 479 5519 busdam
508 5463 662 5527 locis,
712 5464 764 5533 in
814 5466 1011 5533 quibus
1062 5459 1246 5515 Patres
1275 5461 1341 5533 de
1370 5461 1548 5527 aliqua
1604 5476 1627 5511 r

258 5535 518 5598 consulto,
574 5535 665 5586 sed
702 5530 920 5588 fortuito
961 5533 1243 5601 obiterque
1292 5530 1600 5601 loquantur,

257 5606 465 5673 egregia
496 5602 581 5655 illa
615 5602 797 5673 Basilii
820 5604 1087 5658 sententia
1124 5599 1287 5656 debet
1320 5599 1589 5673 adbiberi.

324 5675 434 5744 (85)
468 5674 591 5742 Ἐφ’
623 5671 870 5739 ἑαυτῶν,
901 5684 1081 5741 sponte
1112 5682 1337 5736 natura,
1360 5669 1488 5744 ⁸Ιιοο
1513 5679 1616 5732 est,
1655 5668 1831 5744 primo

260 5740 447 5805 mentis
492 5740 716 5813 impetu,
745 5745 795 5798 id
841 5740 984 5813 quad
1013 5745 1188 5813 agitur
1218 5741 1374 5812 quasi
1433 5755 1541 5796 non
1569 5740 1828 5812 cogitan-

261 5826 356 5869 ωε.

1710 5475 1776 5539 11⁸0
1784 5474 1814 5512 η

1680 5540 1816 5584 oues

1940 3407 2302 3463 ucculturum.
2327 3408 2478 3475 Quod
2520 3409 2564 3462 si
2598 3406 2739 3463 forte
2772 3410 3289 3479 deprehenderetur,
3317 3411 3523 3480 putavit

1942 3499 2082 3564 fore,
2116 3507 2175 3555 ut
2230 3512 2385 3556 extra
2420 3500 2634 3570 culpam
2691 3516 2811 3557 esse
2857 3502 3157 3566 videretur,
3190 3504 3333 3572 quod
3355 3517 3459 3556 non
3493 3517 3523 3557 c

1939 3606 2058 3658 suo,
2097 3607 2273 3663 neque
2301 3609 2329 3646 a
2356 3608 2415 3649 se
2436 3593 2736 3665 quidquam
2774 3594 3002 3658 diceret,
3031 3597 3126 3647 sed
3165 3595 3357 3648 alienae
3398 3609 3522 3649 sen-

1944 3686 2124 3742 tentiae
2145 3695 2289 3741 esset
2318 3688 2609 3756 interpres.
2649 3687 2764 3754 Qua
2795 3686 2848 3741 in
2872 3701 2931 3741 re
2954 3686 3241 3741 admisisse
3280 3702 3339 3742 se
3366 3688 3520 3756 quid-

1942 3777 2065 3832 dam
2094 3778 2208 3832 risu
2241 3777 2615 3848 dignissimum
2651 3792 2760 3832 non
2792 3778 3200 3833 animadvertit.
3225 3777 3518 3848 Postquam

1943 3871 2089 3925 enim
2136 3870 2322 3926 multis
2353 3885 2419 3926 ac
2447 3871 2679 3925 summis
2716 3870 2972 3925 laudibus
3000 3869 3197 3923 extulit
3231 3871 3387 3925 tidem
3416 3868 3522 3924 Pa-

1946 3970 2111 4029 trum,
2136 3976 2255 4015 eam
2286 3963 2500 4032 probris
2526 3961 2844 4018 foedissimis
2871 3962 3053 4019 afﬁcit.
3081 3963 3210 4029 Sed,
3240 3975 3299 4017 ut
3321 3963 3524 4018 clarius

1943 4053 2040 4109 ﬁat
2070 4053 2217 4124 quod
2245 4054 2391 4123 dico,
2420 4054 2621 4110 librum
2646 4055 2700 4109 in
2726 4067 2912 4125 partes
2949 4055 3173 4111 divisum
3195 4054 3517 4125 expendam.

1940 4146 2009 4201 Et
2036 4148 2273 4217 primum
2297 4148 2515 4218 quidem
2545 4163 2708 4217 quam
2735 4149 2987 4219 proponit
3013 4148 3196 4217 (idem,
3229 4149 3357 4219 ipsis
3379 4148 3522 4204 illius

1941 4239 2126 4296 verbis
2159 4240 2443 4312 appositis,
2475 4242 2911 4298 consideremus.

2012 4424 2148 4482 Eun.
2190 4425 2281 4489 At,
2316 4424 2522 4495 .nquit,
2554 4424 2903 4480 traditionem
2936 4423 3078 4494 piam
3106 4437 3227 4492 quae
3259 4423 3326 4478 ab
3362 4422 3522 4476 initio

1944 4521 2088 4589 apud
2136 4518 2328 4574 Patres
2373 4517 2637 4581 obtinuit,
2684 4516 2834 4572 velut
2871 4515 3131 4570 amussim
3178 4530 3243 4568 ac
3280 4514 3522 4583 regulam

1946 4614 2236 4683 quamdam
2269 4611 2685 4681 praemittentes,
2715 4609 2821 4663 hac
2849 4616 3100 4663 accurata
3127 4606 3400 4674 iudicandi
3440 4620 3526 4658 ra-

1949 4708 2096 4759 tione
2128 4714 2369 4769 utamur,
2404 4713 2466 4757 ut
2503 4701 2570 4757 de
2606 4701 2673 4756 iis
2708 4714 2830 4771 quae
2857 4699 3165 4755 referentur
3199 4697 3525 4753 sententiam

1948 4796 2215 4851 feramus.

2006 5106 2121 5178 (84)
2154 5103 2383 5178 Εόίιίᾳεί
2409 5101 2465 5157 δέ
2493 5101 2611 5158 καί.
2644 5099 2791 5178 Libri
2824 5106 3037 5178 veteres
3071 5096 3527 5178 εἴτε.καί..Αί1ιει-

1923 5169 2113 5233 nasius
2160 5177 2257 5231 lib.
2304 5173 2381 5227 De
2413 5190 2527 5243 syn.
2585 5172 2758 5227 refert
2784 5170 3087 5243 quamdam
3116 5170 3227 5243 Arii
3266 5169 3357 5243 _ad
3401 5172 3527 5243 A_l¢--

1925 5248 2201 5303 xandrum
2228 5238 2536 5313 epistolam,
2565 5243 2618 5297 in
2642 5257 2755 5313 qua
2782 5238 2982 5313 impius
3035 5238 3123 5292 ille
3157 5239 3277 5293 lidei
3314 5239 3515 5313 pruris.

1922 5319 2133 5375 sionem
2168 5309 2433 5369 ediderat.
2468 5314 2606 5384 Lege
2641 5312 2835 5381 Epiph.
2867 5309 2999 5384 liter.
3039 5324 3202 5376 uix,
3231 5324 3285 5363 n.
3325 5310 3356 5362 7
3385 5322 3434 5364 et
3471 5309 3525 5362 8.

1995 5387 2107 5457 (83)
2148 5385 2293 5457 Reg.
2321 5386 2514 5457 tertius
2546 5379 2769 5457 κάκεῖνο
2802 5379 3057 5457 συνιδεῖξ

1995 5449 2106 5528 (86)
2134 5449 2357 5525 Αὐξήν,
2390 5455 2625 5528 Ιιυοᾲεςι,
2662 5452 2844 5504 πίστιν
2870 5450 2978 5504 τῶν
3014 5451 3275 5521 Πατερων
3309 5492 3323 5517 ,
3368 5449 3525 5516 ﬁdem

1928 5525 2178 5586 Patrum,
2211 5529 2277 5579 de
2306 5541 2411 5595 qua
2441 5525 2722 5590 aliquanto
2761 5532 2907 5595 alite.

2004 5598 2118 5669 (87l
2146 5598 2275 5666 Reg.
2322 5586 2542 5648 'tertius
2591 5610 2713 5669 cum
2772 5590 2927 5646 Cnlb.
2965 5592 3147 5645 πίστιν
3192 5589 3259 5661 ἢν
3306 5586 3522 5643 ἐκτίθε-

1936 5666 2047 5726 ται.
2083 5668 2240 5733 ﬁdem
2279 5681 2438 5735 quam
2469 5666 2703 5735 armauit.

2006 5732 2299 5823 (88)Etlliti'
2338 5734 2677 5810 χρησόμεθα.
2744 5732 2813 5791 At
2864 5749 2992 5790 mss.
3047 5745 3292 5802 piertque
3334 5745 3526 5787 omnes

1933 5806 2289 5881 χρησώμεθα.
