4016 6220
321 293 430 349 515

1411 288 1778 345 ADVERSUS
1820 285 2185 344 EUNOMIUM
2226 284 2355 343 LIB.
2402 286 2443 343 ῐ.

3451 284 3553 341 514

319 432 453 487 ματι
485 418 544 470 τὸ
572 414 773 470 ἁπλοῦν
804 415 901 486 τῆς
930 414 1162 479 πίστεως
1198 415 1329 486 (97),
1360 411 1468 469 οἷόν
1491 434 1542 468 τι
1567 416 1777 487 δέλεαρ,
1800 432 1883 466 πε-

1998 428 2109 467 sua:
2135 413 2279 468 velut
2310 414 2469 468 hamo
2500 411 2563 465 ad
2601 420 2828 465 mortem
2868 409 3103 466 trahenti
3150 408 3553 481 simplicitatem

315 507 583 579 ριϐάλλει,
614 508 699 561 ἵνα
732 506 808 577 τῷ
842 508 1147 577 φαινομένῳ
1181 508 1567 578 ἐπιδραμόντες
1592 509 1641 561 οἱ
1671 508 1890 577 ἀπειρό-

313 615 485 668 τεροι,
520 598 844 668 ἀφυλάκτως
869 597 947 668 τῷ
979 598 1133 668 κακῷ
1164 598 1262 668 τῆς
1295 598 1548 661 ἀσεϐείας
1574 596 1887 668 περιπαρῶ-

314 703 424 742 σιν.
463 688 549 750 Ὠς
593 688 658 741 ἂν
699 688 757 742 δὲ
792 689 865 759 μὴ
899 688 1097 753 δόξειεν
1132 688 1258 742 ἄνευ
1289 689 1534 758 ἀνάγκης
1561 690 1627 758 τῇ
1658 688 1889 757 ἐπιδιορι

318 778 481 832 θώσει
522 781 621 850 τῆς
662 780 895 844 πίστεως
940 783 1228 851 ἐγχειρεῖν,
1267 783 1330 851 ἣν
1362 781 1520 844 αὐτὸς
1552 781 1887 850 ἀπεσέμνυνε

314 876 437 936 ταῖς
468 873 792 938 ὑπερϐολαῖς
822 874 929 927 τῶν
960 876 1215 939 ἐπαίνων,
1239 875 1459 945 ταύτην,
1488 874 1677 945 ὥσπερ
1702 871 1887 926 ὲπιλα-

314 965 540 1035 Θόμενος
569 965 678 1037 (98)
704 966 813 1020 τῶν
847 965 1038 1021 ἑαυτοῦ
1070 966 1263 1037 λόγων,
1301 966 1570 1037 σκέψασθε
1613 966 1729 1029 πῶς
1775 965 1888 1018 δια-

313 1056 493 1129 σύρει.

382 1149 543 1203 ΕΥΝ.
598 1149 661 1202 Ἦ
698 1149 794 1220 μὲν
823 1144 913 1204 οὖν
944 1149 1285 1221 ἁπλουστέρα
1335 1152 1430 1203 καὶ
1477 1148 1625 1219 κοινὴ
1671 1147 1885 1201 πάντων

310 1240 495 1303 πίστις
521 1242 664 1305 ὅσοις
695 1241 753 1294 τὸ
780 1242 952 1295 δοκεῖν
985 1242 1017 1312 ἢ
1050 1243 1110 1296 τὸ
1150 1239 1288 1295 εἶναι
1329 1243 1670 1312 Χριστιανοῖς
1697 1243 1887 1310 ἐπιμε-

308 1333 421 1395 λὲς,
449 1334 522 1397 ὠς
544 1336 599 1385 ὲν
630 1334 889 1405 ἐπιδρομῇ
916 1334 1441 1405 κεφαλαιωδέστερον
1468 1337 1659 1399 εἰπεῖν,
1689 1332 1847 1404 α’ὐτη.

384 1426 532 1477 ΒΑΣ.
559 1424 693 1478 Εἰπέ
722 1443 830 1495 μοι,
854 1426 886 1495 ἡ
910 1424 1137 1495 εὐσεϐὴς
1159 1423 1264 1476 τῶν
1289 1425 1545 1495 Πατέρων
1570 1425 1882 1496 παράδοσις,

308 1516 408 1569 καὶ
434 1518 462 1567 6
489 1515 687 1579 κανὼν,
719 1518 794 1579 ὡς
820 1516 980 1579 αὐτὸς
1001 1515 1309 1586 ὠνόμασας,
1342 1517 1435 1568 καὶ
1457 1518 1485 1568 6
1513 1513 1765 1584 γνώμων,
1792 1514 1885 1566 καὶ

307 1607 372 1659 τὸ
406 1608 644 1676 ἀσφαλὲς
670 1607 777 1677 (99)
809 1609 1109 1678 κριτήριον,
1142 1607 1234 1661 νῦν
1268 1608 1496 1677 ὄργανον
1522 1607 1757 1677 ἀπάτης,
1792 1607 1885 1659 καὶ

305 1698 914 1778 τέχνηὶσχηματισμοῦ,
950 1697 1134 1751 καὶτὰ
1160 1691 1379 1750 τοιαῦτὰ
1415 1697 1575 1751 πάλιν
1617 1713 1886 1766 προσάγοι

308 1768 673 1861 peltis-rati“);
704 1792 765 1844 Ei
793 1790 901 1862 γὰρ
930 1791 1047 1862 οὐχὶ
1070 1793 1181 1855 τοῖς
1210 1793 1377 1855 ὅντως
1402 1788 1519 1845 οὖσι
1542 1794 1885 1863 Χριστιανοῖς
1917 1768 1958 1822 Β

306 1883 634 1954 ἐφαρμόζει,
668 1883 802 1936 ἀλλά
835 1886 944 1947 τοῖς
970 1884 1029 1937 τὸ
1057 1884 1229 1937 δοκεῖν
1256 1883 1359 1955 πρὸ
1386 1884 1478 1936 τοῦ
1510 1880 1645 1937 εἶναι
1669 1901 1889 1955 τετιμη-

306 1976 451 2038 κόσι,
477 1976 528 2027 τί
556 1975 681 2028 ἄλλο
706 1975 832 2046 περὶ
863 1975 1032 2044 αὐτῆς
1057 1975 1508 2046 ὑπολαμϐάνεινῆ
1532 1975 1702 2029 ταῦτα
1727 1993 1885 2046 προσ-

306 2064 445 2135 ῆκε;
479 2065 573 2129 Τίς
615 2064 680 2117 ἂν
714 2060 825 2129 οὖν,
866 2065 938 2135 μὴ
974 2065 1248 2127 παντελῶς
1280 2065 1624 2135 παραπαίων,
1663 2066 1751 2117 τὸν
1789 2081 1887 2118 κα-

305 2156 433 2209 νόνα
460 2156 552 2209 τοῦ
582 2156 781 2219 εὐθέως
813 2159 925 2219 τοῖς
952 2156 1049 2228 τὴν
1080 2156 1253 2227 ψυχὴν
1282 2156 1681 2227 ὲνδιαστρόφοις
1713 2156 1883 2227 ἁρμό-

304 2247 420 2312 ζειν
448 2247 611 2311 εἴποι,
640 2249 731 2299 καὶ
747 2248 836 2300 τὸν
860 2247 1112 2317 γνώμονα
1134 2249 1229 2318 τῆς
1252 2247 1506 2319 ἀληθείας
1535 2250 1645 2310 τοῖς
1673 2247 1886 2317 ἐχθροῖς

304 2340 407 2409 τῆς
460 2338 746 2409 ἀληθείας;
801 2341 863 2391 Οί
917 2340 1024 2410 γὰρ
1064 2339 1123 2393 τὸ
1169 2339 1527 2410 ὀνομάζεσθαι
1574 2340 1886 2411 Χριστιανοὶ

305 2430 414 2499 πρὸ
446 2429 540 2483 τοῦ
572 2429 789 2499 άληθῶς
824 2424 962 2483 εἶναι
990 2431 1364 2501 τετιμηκότες,
1394 2432 1486 2483 ἐπὶ
1515 2434 1579 2501 τῇ
1621 2430 1728 2482 τῶν
1762 2431 1887 2483 πολ-

305 2522 415 2575 λῶν
445 2522 632 2594 ἀπάτῃ
660 2522 735 2594 (2)
763 2524 851 2576 τὸν
890 2524 1263 2594 σχηματισμὸν
1294 2523 1480 2576 τοῦτον
1513 2523 1883 2593 ὑποδυόμενοι,

305 2614 504 2684 πόρρω
567 2615 747 2683 πάσης
800 2614 1091 2683 εὐθύτητος
1145 2618 1235 2667 καὶ
1270 2614 1523 2684 ἀληθείας
1563 2614 1720 2670 εἰσίν.
1750 2613 1885 2667 Οὔτε

305 2701 397 2758 οὖν
429 2705 856 2776 διεστραμμένον
892 2706 1401 2779 κατευθυνθήσεται,
1433 2707 1506 2771 ὡς
1532 2706 1627 2759 τοῦ
1663 2707 1886 2778 Ἐκκλη-

308 2796 589 2851 σιαστικοῦ
616 2797 793 2865 λόγος,
831 2796 955 2850 οὐτε
986 2799 1054 2852 τά
1082 2800 1179 2869 τῆς
1210 2799 1464 2869 ἀληθείας
1490 2802 1743 2871 κριτήρια
1775 2803 1886 2864 τοῖς

310 2881 372 2933 τὸ
416 2888 610 2952 ψεῦδος
665 2891 804 2942 κατά
840 2890 931 2943 τὸν
966 2889 1078 2960 βίον
1123 2892 1414 2963 ᾑρημένοις
1451 2892 1700 2963 ἁρμόσει,
1750 2893 1885 2963 ὅπερ

311 2974 485 3046 τούτῳ
512 2982 670 3034 δοκεῖ.

1994 504 2114 559 fidei
2145 520 2239 559 ceu
2271 519 2449 558 escam
2481 504 2769 573 quamdam
2815 502 3134 567 circumdat,
3171 512 3228 555 ut
3257 500 3553 569 imperitio-

1974 608 2080 649 res
2114 594 2180 646 ad
2218 593 2267 646 id
2310 595 2450 662 quod
2484 602 2706 661 apparet
2736 591 3086 657 festinantes,
3118 592 3329 644 incaute
3366 590 3555 659 impie-

1995 685 2122 739 tatis
2154 686 2363 740 scelere
2410 685 2815 751 transiigantur.
2865 682 2971 738 Sed
3022 700 3089 738 ne
3139 686 3377 739 videatur
3416 685 3550 737 citra

1992 777 2363 831 necessitatem
2416 777 2848 831 emendationem
2902 775 3021 829 ﬁdei
3080 776 3337 845 aggredi,
3390 791 3551 846 quam

1990 866 2105 937 ipse
2151 868 2661 923 summis-laudibus
2713 868 2928 931 extulit.
2972 868 3144 921 videte
3188 869 3453 938 quomodo
3501 867 3552 922 ei

1989 961 2142 1029 quasi
2176 962 2460 1016 verborum
2487 976 2704 1017 suorum
2736 960 2934 1016 oblitus
2961 960 3227 1015 detrahat.

2056 1138 2190 1194 Eua.
2222 1137 2529 1209 Simplicior
2556 1140 2715 1211 igitur
2742 1141 3111 1197 etcommunis
3135 1141 3265 1196 fides
3286 1140 3547 1205 omnium,

1987 1235 2077 1303 qui
2116 1244 2208 1287 aut
2236 1233 2427 1296 videri,
2456 1243 2548 1287 aut
2578 1249 2695 1289 esse
2721 1234 3018 1289 Christiani
3051 1235 3293 1305 cupiunt,
3323 1242 3380 1288 ut
3402 1248 3552 1288 com-

1987 1328 2182 1397 pendio
2207 1342 2269 1380 ac
2296 1328 2605 1381 summatim
2637 1328 2809 1381 dicam
2832 1361 2853 1393 ,-
2880 1328 2994 1382 ha‘e
3021 1338 3123 1382 est.

2058 1415 2181 1471 Bas.
2224 1416 2317 1469 Dic
2365 1416 2519 1479 mihi,
2567 1417 2653 1481 pia
2697 1415 2915 1471 Patrum
2959 1417 3177 1471 traditio
3226 1415 3548 1485 regulaqne,

1989 1512 2062 1564 uti
2100 1511 2213 1579 ipse
2267 1511 2598 1577 nominasti,
2628 1519 2682 1565 et
2728 1511 2989 1575 amnssis,
3029 1508 3553 1578 tutaquejudicandi

1988 1605 2129 1659 ratio
2160 1643 2174 1665 ,
2211 1618 2353 1657 nunc
2404 1618 2593 1656 rursus
2640 1602 3054 1656 instrumentum
3098 1601 3333 1667 fraudis,
3365 1610 3421 1654 et
3466 1616 3553 1655 ars

1986 1696 2308 1761 simulandi,
2349 1706 2403 1749 et
2444 1695 2545 1748 alia
2578 1695 2629 1749 id
2661 1709 2827 1764 genus
2872 1693 3207 1764 appellatur?
3251 1694 3459 1747 Etenim
3507 1693 3553 1747 si

1987 1803 2081 1841 eos
2114 1788 2203 1857 qui
2236 1802 2362 1842 vere
2405 1786 2703 1841 Christiani
2744 1796 2868 1841 sunt
2914 1802 3250 1856 nequaquam
3279 1786 3469 1850 decet,
3500 1792 3555 1838 at

1989 1880 2054 1934 iis
2097 1890 2271 1933 tamen
2304 1879 2393 1948 qui
2426 1879 2595 1933 videri
2643 1894 2801 1947 quam
2830 1893 2949 1933 esse
2979 1879 3203 1943 malunt,
3240 1880 3367 1947 quid
3408 1876 3551 1931 aliud

1988 1973 2054 2028 de
2080 1987 2139 2026 ea
2172 1987 2333 2040 quam
2364 1972 2489 2025 talia
2520 1972 2725 2026 sentire
2753 1972 3041 2026 convenit?
3073 1970 3204 2038 Quis
3237 1972 3419 2042 igitur,
3448 1970 3553 2027 nisi

1987 2064 2207 2118 demens
2255 2062 2475 2117 omnino
2511 2063 2603 2127 sit,
2661 2063 2859 2116 dixerit
2901 2064 3136 2134 regulam
3188 2066 3317 2119 recti
3356 2065 3421 2119 iis
3460 2063 3552 2132 qui

1986 2155 2164 2209 animo
2194 2170 2445 2224 perverso
2480 2166 2608 2211 sunt
2637 2157 2945 2221 convenire,
2981 2165 3075 2209 aut
3100 2157 3346 2211 veritatis
3373 2171 3554 2210 amus-

1989 2248 2113 2313 sim,
2158 2249 2222 2303 iis
2256 2250 2346 2317 qui
2379 2249 2623 2303 veritatis
2657 2258 2781 2303 sunt
2807 2249 3047 2303 inimici?
3074 2247 3173 2315 Qui
3202 2250 3343 2302 enim
3372 2248 3553 2303 vocari

1986 2339 2281 2394 Christiani
2306 2355 2465 2409 quam
2497 2356 2621 2395 vere
2644 2356 2763 2395 esse
2791 2340 3116 2409 maluerunt,
3149 2341 3549 2396 simulationem

1988 2435 2126 2488 hanc
2170 2434 2236 2487 ad
2269 2434 2466 2487 multos
2498 2432 2845 2502 decipiendos
2891 2434 3208 2496 induentes,
3258 2434 3441 2502 procul
3485 2434 3551 2489 ab

1986 2525 2129 2579 omni
2178 2525 2504 2579 rectitudine
2539 2540 2602 2579 ac
2655 2526 2887 2580 veritate
2918 2529 3134 2580 absunt.
3176 2524 3359 2594 Neque
3392 2526 3554 2595 igitur

1987 2616 2274 2671 distortum
2334 2616 2614 2685 dirigetur,
2676 2617 2821 2673 velut
2871 2617 3224 2673 Ecclesiastes
3280 2618 3414 2672 dixit
3446 2615 3492 2650 ⁸⁸
3534 2634 3550 2674 :

1988 2723 2162 2774 neque
2182 2707 2423 2763 veritatis
2443 2709 2643 2778 judicia
2665 2710 2730 2764 iis
2758 2710 2848 2780 qui
2878 2710 2929 2763 in
2947 2709 3053 2764 vita
3074 2711 3412 2765 mendacium
3432 2725 3553 2765 am—

1986 2800 2185 2869 plexati
2238 2810 2396 2866 sunt,
2434 2802 2763 2857 convenient
2801 2820 2815 2855 :
2865 2804 3008 2872 quod
3055 2805 3272 2873 quidem
3316 2805 3439 2859 huic
3476 2804 3553 2859 vi-

1986 2892 2160 2947 detur.

383 3066 433 3120 5.
491 3070 648 3125 Ἀλλὰ
689 3074 755 3126 δι’
789 3073 854 3136 ἂς
888 3069 1041 3127 εἷπον
1077 3075 1255 3139 αἰτίας
1296 3076 1376 3138 είς
1402 3074 1543 3128 οὕτω
1586 3075 1881 3148 προδήλους

2060 3071 2111 3125 5.
2156 3068 2354 3127 Verum
2399 3073 2470 3128 0b
2499 3088 2593 3128 eas
2624 3089 2760 3143 quas
2791 3074 2950 3129 retuli
2980 3089 3170 3130 causas
3211 3085 3316 3129 tam
3368 3084 3554 3146 aperte

311 3158 685 3233 ἐναντιότητας
728 3166 1018 3237 ὐπενέχθη,
1079 3167 1163 3219 ἵνα
1194 3162 1274 3231 οἷς
1299 3168 1400 3237 μὲν
1429 3171 1639 3222 ἐπαινεῖ
1660 3168 1757 3239 τὴν
1790 3168 1880 3220 πί-

314 3268 428 3305 στιν
449 3262 720 3312 κοινωνεῖν
745 3262 855 3322 τοῖς
877 3260 1120 3329 Πατράσι
1138 3260 1235 3324 τῆς
1257 3261 1533 3325 εὐσεϐείας
1555 3262 1699 3335 δόξῃ,
1729 3257 1809 3325 οἷς
1826 3260 1881 3314 δὲ

310 3339 643 3413 λαμϐάνεται
673 3348 827 3401 πάλιν
847 3350 1036 3419 αὐτῆς,
1061 3351 1157 3421 τὴν
1180 3350 1295 3403 ὁδὸν
1324 3351 1399 3420 (5)
1423 3351 1597 3421 ἑαυτῷ
1621 3352 1755 3422 πρὸς
1784 3350 1882 3421 τὴν

310 3434 568 3506 ἐξήγησιν
600 3438 881 3514 ὑπανοὶξῃ.
918 3442 1014 3495 Διά
1046 3441 1205 3495 τοῦτο
1231 3444 1330 3513 τὴν
1368 3444 1535 3515 αὐτὴν
1561 3447 1654 3498 καὶ
1683 3446 1883 3499 κανόνα

311 3526 477 3597 λέγει,
521 3532 614 3584 καὶ
666 3533 982 3605 προσθήκης
1024 3537 1187 3607 φησὶν
1234 3536 1627 3608 ἀκριϐεστέρας
1656 3536 1878 3590 δεῖσθαι.

310 3623 477 3676 Τοῦτο
506 3625 561 3677 δὲ
589 3627 719 3679 αὐτὸ
754 3627 828 3697 (4)
863 3629 955 3681 καὶ
984 3628 1082 3699 τῆς
1109 3629 1345 3699 ἐσχάτης
1368 3629 1633 3699 άμαθείας
1661 3633 1883 3700 σημεῖον

308 3713 467 3777 ἔστω,
491 3716 545 3768 εί
574 3735 649 3787 τῳ
671 3720 765 3771 καὶ
792 3719 947 3773 τοῦτο
974 3720 1124 3788 φίλον
1150 3721 1555 3794 παρεξετάζειν.
1592 3723 1650 3774 Ὀ
1675 3722 1782 3794 γάρ
1803 3739 1884 3776 τοι

310 3804 510 3870 κανὼν,
542 3802 586 3859 ὦ
614 3809 911 3878 σοφώτατε,
959 3813 1055 3864 καὶ
1103 3812 1132 3862 6
1178 3810 1430 3882 γνώμων,
1481 3811 1584 3875 ἓως
1615 3812 1679 3865 ἂν
1719 3813 1883 3882 μηδὲν

307 3900 460 3971 ἐνδέῃ
510 3899 602 3953 τοῦ
639 3901 817 3954 κανὼν
849 3898 989 3956 εἶναι
1018 3906 1113 3957 καὶ⁴
1137 3903 1392 3975 γνώμων,
1423 3902 1678 3973 οὐδεμίαν
1718 3920 1885 3975 προσ-

308 3991 477 4062 θήκην
506 3994 584 4055 εἰς
611 3990 896 4063 ἀκρίϐειαν
917 3994 1242 4070 ἐπιδέχεται.
1286 3995 1442 4049 Κατά
1474 3994 1581 4064 γὰρ
1609 3992 1669 4046 τὺ
1718 3994 1887 4046 ὲλλεῖ-

307 4098 404 4135 πον
443 4084 474 4153 ή
506 4083 814 4154 πρόσθεσις.
874 4086 1105 4148 Ἀτελεῖς
1137 4086 1192 4138 δὲ
1218 4086 1575 4156 ὑπάρχοντες,
1623 4086 1744 4139 οὐδὲ
1777 4086 1884 4140 τῶν

309 4176 685 4247 προσηγοριῶν
717 4177 921 4231 τούτων
974 4180 1144 4248 ὑγιῶς
1185 4180 1250 4231 ἂν
1280 4178 1358 4232 ἔτι
1398 4180 1737 4249 τυγχάνοιεν.
1776 4180 1884 4232 Καὶ

308 4263 476 4316 ταῦτα
512 4267 608 4335 μὲν
644 4270 721 4330 εἰς
759 4270 1033 4323 τοσοῦτον.
1078 4270 1216 4339 Ἤδη
1247 4269 1304 4321 δὲ
1343 4270 1434 4323 καὶ
1474 4267 1568 4332 οὐς
1610 4267 1883 4322 ἐκτίθεται

316 4359 434 4418 περὶ
463 4357 596 4408 Θεοῦ
630 4358 818 4426 λόγους
846 4360 1293 4430 ἐπισκεψώμεθα.

1989 3181 2171 3222 secum
2210 3176 2430 3237 pugnat,
2469 3178 2528 3222 ut
2573 3169 2700 3223 dum
2744 3168 2927 3223 laudat
2960 3168 3140 3233 fidem,
3187 3168 3402 3237 pietatis
3450 3168 3555 3224 Pa-

1987 3268 2130 3309 trum
2181 3258 2449 3326 particeps
2494 3272 2614 3313 esse
2666 3259 2911 3313 videatur
2956 3276 2969 3312 :
3027 3260 3150 3313 dum
3210 3273 3337 3313 vero
3383 3259 3554 3328 ipsam

1986 3363 2178 3403 rursus
2210 3348 2553 3414 criminatur,
2586 3350 2727 3403 viam
2772 3351 2874 3404 sibi
2909 3352 3116 3419 aperiat
3158 3351 3226 3404 ad
3261 3351 3552 3420 expositio-

1986 3458 2130 3498 nem.
2159 3442 2499 3514 Quapr0pter
2535 3445 2778 3500 eamdem
2814 3454 2867 3498 et
2894 3445 3131 3514 regulam
3168 3447 3417 3515 appellat,
3452 3446 3554 3499 ait-

1987 3552 2094 3605 que
2140 3552 2260 3592 eam
2312 3538 2684 3593 additamenta
2738 3540 3077 3595 accuratiore
3134 3539 3393 3609 indigere.
3442 3536 3555 3593 Hoc

1987 3631 2165 3699 ipsum
2224 3642 2406 3685 autem
2452 3632 2616 3685 etiam
2674 3641 2933 3685 extremae
2980 3631 3300 3701 ignorantia:
3343 3634 3555 3701 signum

1987 3721 2174 3787 fuerit,
2209 3724 2252 3776 si
2289 3724 2376 3777 cui
2411 3722 2462 3776 id
2496 3737 2714 3792 quoque
2742 3722 3049 3791 disquirere
3080 3721 3313 3778 libuerit.
3351 3722 3553 3792 Regula

1985 3814 2129 3867 enim
2177 3822 2231 3867 et
2282 3812 2534 3879 amnssis,
2588 3827 2622 3865 ο
2669 3812 3085 3882 sapientissime,
3144 3812 3377 3880 quandiu
3420 3811 3555 3867 nihil

1987 3905 2217 3959 defuerit
2267 3905 2556 3974 quominus
2602 3905 2785 3975 regula
2843 3906 2949 3959 sint
2993 3915 3045 3958 et
3092 3903 3254 3976 214
3298 3906 3554 3971 amnssis,

1986 3999 2350 4052 accessionem
2393 3997 2594 4052 nullam
2624 3999 2690 4053 ad
2736 3997 3102 4067 integritatem
3133 3998 3441 4051 admittunt.
3469 3996 3557 4054 Flt

1984 4092 2129 4145 enim
2200 4092 2442 4146 accessio
2490 4089 2560 4146 ob
2610 4089 2899 4145 defectum.
2942 4090 3090 4156 Quod
3135 4090 3178 4144 si
3226 4089 3556 4160 imperfectae

1985 4180 2207 4246 fuerint,
2239 4195 2307 4235 ne
2332 4182 2432 4235 has
2470 4180 2689 4250 quidem
2729 4180 3116 4250 appellationes
3136 4180 3249 4249 jam
3282 4187 3429 4235 recte
3460 4194 3557 4233 ac-

1984 4275 2248 4342 ceperint.
2290 4272 2395 4327 Sed
2422 4272 2487 4326 de
2525 4273 2607 4327 his
2634 4273 2790 4327 satis.
2819 4270 2934 4325 Jam
2971 4286 3101 4325 vero
3130 4274 3291 4328 etiam
3326 4285 3462 4342 quos
3491 4272 3557 4327 de

1986 4364 2097 4418 Deo
2128 4364 2330 4432 profert
2354 4378 2631 4418 sermones
2666 4364 3096 4418 consideremus.

382 4438 540 4490 ΕΥΝ-
571 4442 665 4509 Εἷς
705 4449 903 4514 τοίνυν,
938 4452 1089 4522 φησι,
1132 4451 1272 4504 κατά
1302 4469 1362 4503 τε
1406 4450 1639 4521 φυσικὴν
1677 4450 1883 4504 ἔννοιαν

2060 4455 2193 4509 Eun.
2237 4453 2345 4509 Nos
2371 4455 2555 4524 igitur,
2587 4455 2782 4522 inquit,
2816 4471 2980 4508 unum
3014 4457 3176 4510 Deum
3207 4454 3433 4526 etjnxta
3459 4469 3556 4510 na-

317 4532 408 4585 καὶ
436 4530 576 4583 κατά
610 4540 703 4600 ττῑο
732 4541 840 4594 τῶν
865 4542 1122 4614 Πατέρων
1149 4544 1490 4597 διδασκαλίαν
1528 4546 1658 4614 ἡμῖν
1679 4544 1883 4613 ώμολό-

316 4639 474 4693 γηται
509 4620 659 4683 Θεὸς,
689 4622 822 4692 μήτε
855 4632 979 4693 παρ’
1015 4632 1205 4685 ἑαυτοῦ
1242 4634 1377 4704 μήτε
1401 4634 1529 4704 παρ’
1566 4633 1752 4704 ἑτέρου
1785 4650 1880 4701 γε-

312 4715 551 4784 νόμξνοςο
607 4712 893 4784 Ἑκάτερον
946 4713 1052 4783 γὰρ
1112 4723 1285 4775 αὐτῶν
1351 4724 1545 4796 ὲπίσης
1598 4724 1880 4787 ἀδύνατον,

385 4869 430 4901 ⁸⁸
465 4869 641 4926 EcCle.
676 4886 715 4935 l,
751 4870 838 4925 15.

344 5024 490 5105 ~(9'_7)
519 5026 694 5105 Editio
720 5036 946 5105 utraque
974 5034 1098 5105 eum
1150 5029 1282 5105 Reg.
1321 5032 1510 5100 quinto
1560 5034 1621 5088 τὸ
1668 5034 1875 5089 ἁπλοῦν

313 5097 408 5171 τῆς
436 5097 735 5161 ὲπιτάσεως
761 5113 775 5127 ·
808 5100 946 5171 unde
989 5097 1283 5171 Cornaritis
1313 5097 1743 5171 {simplicitatem
1784 5109 1869 5160 in-

314 5170 676 5225 crebrescemis
723 5170 996 5221 orationis.
1026 5171 1097 5223 At
1135 5170 1287 5226 Colh.
1325 5184 1378 5226 et
1400 5170 1494 5228 sex
1526 5176 1616 5228 alii
1650 5191 1782 5231 mss.
1808 5177 1871 5228 τὸ

310 5235 508 5311 ἀπλοξῖξν
530 5239 640 5311 λτῆς
670 5240 926 5311 πίστεως,
951 5241 1340 5305 simplicitatem
1366 5246 1511 5311 ﬁdei.

312 5306 663 5428 λαὲεέὶέςνιὲξηί
687 5306 1186 5381 ἐπιλανθανόμενος.
1220 5306 1436 5369 Veteres
1466 5319 1570 5370 duo
1600 5308 1721 5373 libri
1749 5322 1870 5374 ἐπι·-

341 5392 616 5447 αυομενος.

378 5446 486 5525 (θθ)
522 5450 696 5525 €9.19}
727 5464 862 5503 unus
887 5451 981 5506 καὶ
1002 5450 1062 5503 τὸ
1085 5452 1507 5522 ἀσφαλέστατον.
1571 5457 1691 5512 Mox
1727 5459 1866 5525 Reg.

313 5518 515 5590 tertius_
528 5518 619 5572 νῦν
651 5519 876 5590 ὄργανα.

376 5586 1410 5669 (1λτΕιΙιιὶ-προσαγορεύονται.-Αιᾼηιεε.
1452 5598 1867 5669 προσαγορεύε-

311 5656 412 5709 ται.
439 5656 574 5731 Nota
602 5656 1061 5731 interroga-tionis
1118 5665 1206 5717 hic
1266 5656 1540 5720 invenitur
1576 5656 1658 5720 in'
1682 5656 1865 5722 mtiltis

311 5742 432 5783 mss.
476 5728 669 5783 Statim
710 5728 1000 5803 editi—napi.
1035 5733 1201 5787 αὐτοῦ
1250 5736 1673 5809 ὑπολαμϐάνειν.
1713 5738 1863 5795 Libri

619 5825 891 5889 Ρλτιιοι..
937 5830 1053 5891 Gn.
1093 5831 1330 5896 XXIX.

1989 4543 2219 4597 turalem
2258 4544 2532 4599 notionem
2580 4554 2635 4598 et
2658 4545 2811 4611 juxta
2844 4544 3063 4598 Patrum
3098 4546 3395 4600 doctrinam
3429 4562 3557 4601 con-

1993 4632 2230 4697 ﬁtemur,
2279 4648 2455 4701 neque
2490 4649 2519 4687 a
2567 4635 2783 4702 seipso,
2837 4649 3012 4702 neque
3061 4635 3127 4686 ab
3177 4633 3285 4687 alio
3334 4633 3555 4688 factum.

1989 4724 2125 4778 Nam
2175 4736 2465 4795 utrumque
2512 4728 2703 4781 horum
2756 4743 2821 4781 ex
2862 4742 3018 4797 aequo
3062 4726 3175 4781 fieri
3222 4742 3329 4783 non
3357 4736 3555 4797 potest,

1981 5036 2185 5106 antiqui
2214 5035 2341 5106 περὶ
2370 5036 2560 5107 αὐτῆς.

2051 5103 2126 5176 (2)
2158 5103 2308 5161 Colh'.
2345 5122 2465 5179 cum
2496 5103 2629 5175 Reg.
2662 5105 2820 5179 tertio
2845 5106 2936 5179 syri.
2956 5106 3056 5176 τὴν
3082 5105 3320 5179 ἀπάτην.
3350 5103 3555 5179 Locum

1982 5178 2324 5249 Ecclesiastae
2359 5178 2436 5230 sic
2454 5191 2767 5249 expressere
2800 5176 2936 5249 L_XX
2976 5175 3470 5249 εΔιεστραμμένον
3496 5175 3556 5249 οὐ

1976 5248 2260 5319 δυνήσεται
2300 5245 2794 5319 επικοσμηθῆναι,
2830 5244 3141 5319 Perversum
3195 5244 3325 5301 'no'n'
3370 5246 3558 5315 poterit

1978 5316 2255 5372 adornari.
2296 5318 2450 5385 Vulg.
2476 5316 2719 5371 Perveni
2742 5318 2950 5385 diﬂicife
2978 5318 3342 5387 corriguntur.

2051 5388 2125 5459 (5)
2176 5388 2333 5450 Editi,
2377 5389 2443 5440 δι’
2487 5388 2553 5450 ἃς
2586 5384 2881 5457 εἴπομεν...
2942 5384 3138 5457 αὑτῆς-
3166 5386 3306 5440 ὁδόν.
3335 5384 3560 5439 Codices

1979 5460 2225 5513 melioris
2260 5469 2401 5510 notae
2426 5470 2485 5510 ut
2520 5461 2572 5511 in
2598 5470 2876 5512 contextu.

2050 5529 2122 5599 (4)
2159 5528 2294 5599 Editi
2331 5528 2501 5581 Τοῦτο
2533 5528 2588 5599 δὲ
2619 5528 2807 5599 αὐτοῦ.
2845 5527 3069 5599 Antiqui
3096 5527 3205 5599 duo
3243 5525 3365 5580 libri
3402 5520 3561 5577 τοῦτο

1972 5600 2030 5652 δὲ
2060 5597 2213 5652 αὐτό.
2235 5599 2336 5651 Alii
2364 5600 2469 5651 duo
2494 5598 2650 5651 τοῦτο
2678 5598 2733 5650 δὲ
2757 5598 2924 5668 αὐτῷ.
2953 5597 3107 5663 Quod
3137 5597 3417 5668 aliquanto
3440 5604 3561 5668 post

1973 5669 2189 5739 legitur,
2245 5668 2477 5740 ’A'rslsig
2525 5664 2964 5740 8s_61:dtpxovreg
2996 5709 3011 5735 ,
3069 5666 3261 5723 referri
3304 5665 3464 5721 debet
3492 5664 3560 5718 ad

1972 5737 2134 5794 voces
2162 5741 2190 5791 6
2218 5739 2416 5806 κανὼν,
2450 5741 2478 5791 6
2512 5737 2767 5809 γνώμων.

3170 5830 3239 5891 Π
