4016 6220
439 302 545 362 5ἰ5

1736 296 1793 357 S.
1834 301 2076 357 BASlLll
2117 298 2331 359 MAGNI

3557 298 3671 361 516

438 440 559 478 cum
586 438 769 480 revera
796 423 847 479 id
875 422 1015 491 quod
1035 420 1183 487 facit,
1202 419 1349 489 prius
1368 433 1485 475 esse
1506 428 1752 490 oporteat
1769 435 1833 474 eo
1851 420 1993 490 quod

2097 420 2281 492 ἐπειδή
2320 437 2382 489 γε
2410 421 2491 475 δεῖ
2516 420 2656 476 κατά
2687 419 2942 493 ἀλήθειαν
2970 434 3031 474 το
3059 418 3243 476 ποιοῦν
3263 419 3358 475 τοῦ
3380 424 3670 494 γινομένου

438 516 527 576 lit;
559 526 611 571 et
645 515 697 571 id
725 516 868 585 quod
915 513 994 579 tit,
1030 512 1302 583 posterius
1328 527 1394 567 eo
1434 512 1577 582 quod
1620 510 1768 566 facit.
1811 511 1996 582 Neque

437 622 565 662 vero
583 607 872 677 quidquam
896 606 1072 674 seipso
1091 604 1236 673 prius
1254 613 1346 657 aut
1372 603 1635 672 posterius
1656 617 1776 658 esse
1795 614 1994 673 potest,

436 713 610 768 neque
637 698 779 751 aliud
821 696 1114 766 quidquam
1163 706 1288 749 ante
1322 695 1507 749 Deum.
1542 694 1835 749 Enimvero
1868 694 1995 750 illud

439 806 547 860 pra:
584 791 881 859 posteriore
916 789 1226 859 dignitatem
1275 788 1494 842 haberet
1532 784 1771 840 deitatis.

511 969 632 1024 Bas.
675 968 941 1036 Quorsum
997 968 1159 1038 igitur
1211 976 1375 1022 totam
1427 967 1568 1020 hanc
1611 964 1729 1034 ejus
1777 966 1996 1035 apposui

438 1062 767 1117 dictionem?
803 1062 870 1118 Ut
914 1064 1205 1132 conspicua
1246 1060 1337 1114 fiat
1370 1060 1471 1113 viri
1507 1072 1644 1112 vana
1675 1057 1996 1127 loquacitas,

438 1172 540 1226 qua
590 1171 683 1225 per
730 1166 896 1210 totum
939 1155 1132 1210 librum
1172 1154 1360 1208 utitur.
1401 1153 1512 1207 Etsi
1558 1153 1702 1206 enim
1744 1151 1835 1206 ille
1885 1153 1999 1221 ipse

435 1249 573 1303 dixit
599 1248 820 1303 evidens
847 1262 965 1303 esse
1002 1246 1379 1301 communibus
1408 1244 1648 1298 omnium
1698 1243 1998 1313 intelligen-

438 1344 548 1408 tiis,
585 1342 751 1397 Deum
779 1356 899 1398 esse
931 1341 1251 1412 ingenitum,
1278 1339 1381 1393 hoc
1413 1349 1590 1392 tamen
1619 1337 1776 1393 nobis
1808 1337 1999 1391 nititur

436 1443 881 1490 commonstrare.
927 1434 1079 1490 Unde
1124 1433 1299 1488 simile
1345 1431 1598 1502 quiddam
1633 1429 1801 1494 facit,
1849 1445 1914 1485 ac
1949 1431 1995 1483 si

436 1527 559 1595 quis
583 1525 728 1579 clara
760 1525 812 1578 in
844 1524 1071 1579 meridie
1094 1524 1243 1579 sanis
1267 1524 1439 1577 oculis
1466 1521 1721 1591 praeditos
1752 1521 1998 1576 homines

434 1619 629 1674 docere
662 1618 868 1672 ratione
894 1616 1042 1682 velit,
1075 1617 1243 1671 solem
1268 1614 1574 1671 caelestium
1606 1613 1845 1669 omnium
1870 1612 1997 1668 stel-

394 1768 399 1775 ,
432 1710 609 1766 larmn
650 1725 769 1765 esse
808 1708 1217 1764 lucidissimum.
1259 1706 1410 1774 Quod
1434 1705 1480 1760 si
1506 1704 1781 1760 deridetur
1805 1702 1895 1773 qui
1931 1719 1993 1758 ea

2097 511 2488 582 προϋπάρχειν,
2524 512 2618 564 καὶ
2649 511 2710 565 τὸ
2735 510 3055 582 ποιούμενον
3091 509 3186 565 τοῦ
3223 510 3499 576 ποιοῦντος
3522 506 3669 568 εῖναι

2095 601 2363 674 δεύτερον.
2401 604 2553 675 Μήτε
2595 603 2653 657 δὲ
2678 603 2811 656 αὐτὸ
2840 601 3033 656 ἐαυτοῦ
3074 603 3334 676 πρότερον
3366 605 3401 673 ἢ
3438 605 3669 679 ὕστερον

2096 688 2233 747 εἶναι
2262 694 2539 759 δύνασθαι,
2576 696 2710 766 μήτε
2739 694 2924 766 ἐτερόν
2943 712 2997 748 τι
3024 695 3130 767 πρὸ
3148 696 3241 749 τοῦ
3267 695 3421 751 Θεοῦ.
3451 693 3528 750 τΗ
3551 699 3669 770 γὰρ

2095 783 2162 839 ἀν
2190 788 2364 840 ἐκεῖνο
2409 786 2515 858 πρὸ
2561 788 2654 840 τοῦ
2693 786 2942 859 δευτέρου
2981 787 3042 841 τὸ
3081 788 3179 859 τῆς
3220 786 3470 861 θεότητος
3504 788 3670 860 ἔσχεν

2098 879 2334 950 ἀξίωμα.

2165 971 2314 1024 ΒΑΣ.
2358 971 2512 1035 Τίνος
2561 965 2652 1025 οὖν
2690 970 2874 1024 ἕνεκεν
2916 971 2992 1042 (5)
3039 972 3219 1025 πᾶσαν
3260 970 3424 1025 αὑτοῦ
3461 972 3671 1042 ταύτην

2097 1062 2412 1135 παρεθέμην
2442 1064 2540 1135 τὴν
2574 1062 2751 1129 λέξιν;
2790 1063 2907 1117 Ἵνα
2952 1064 3270 1135 καταφανὴς
3306 1065 3339 1135 ή
3382 1065 3670 1136 ἀδολεσχία

2096 1155 2188 1208 τοῦ
2210 1155 2419 1224 ἀνδρὸς,
2511 1156 2707 1226 χρῆται
2733 1155 2884 1226 παρά
2903 1155 3081 1208 πάντα
3107 1154 3196 1208 τὸν
3220 1153 3394 1223 λόγον,
3418 1155 3664 1226 γένηται.

2097 1245 2279 1301 Εἰπὼν
2330 1247 2438 1320 γὰρ
2492 1249 2654 1312 αὐτὸς
2706 1247 2932 1320 ἐναργὲς
2992 1247 3255 1318 ὑπάρχειν
3293 1250 3416 1311 ταῖς
3460 1250 3671 1312 κοιναῖς

2098 1338 2312 1393 πάντων
2329 1339 2557 1405 ἐννοίαις
2581 1340 2642 1393 τὸ
2664 1339 2803 1393 εἶναι
2830 1339 2922 1393 τὸν
2941 1338 3074 1393 Θεὸν
3099 1340 3388 1411 ἀγέννητον
3407 1337 3502 1409 (6),
3533 1339 3671 1392 ἀπτο-

2095 1429 2287 1495 δείξεις
2320 1431 2508 1483 τούτου
2534 1431 2778 1502 κομίζειν
2803 1433 2933 1503 ἡμῖν
2966 1433 3252 1503 ἐπιχειρεῖ,
3288 1429 3668 1502 παραπλήσιον

2097 1520 2284 1584 ποιῶν.
2310 1522 2497 1594 ὥσπερ
2524 1522 2590 1576 ἂν
2624 1525 2677 1577 εί
2703 1540 2785 1587 τις
2827 1525 2884 1577 ἐν
2919 1523 3157 1595 σταθερᾷ
3202 1521 3514 1594 μεσημϐρίᾳ
3538 1522 3668 1584 τοὺς

2097 1613 2436 1686 ἐρρωμένους
2466 1615 2565 1678 τὰς
2591 1615 2743 1703 θέλεις
2770 1615 2912 1686 λόγῳ
2939 1616 3205 1670 διδάσκειν
3229 1614 3467 1686 βούλοιτο
3499 1613 3666 1682 φανό-

2096 1723 2255 1760 τατον
2288 1701 2426 1760 εῖναι
2455 1707 2563 1761 τῶν
2588 1701 2706 1761 κατ’
2737 1708 2964 1779 οὐρανὸν
3000 1707 3243 1779 ἀστέρων
3281 1707 3372 1760 τὸν
3399 1705 3567 1777 ἥλιον.
3604 1704 3667 1756 Εἰ

431 1818 552 1872 quas
590 1803 833 1858 sensibus
861 1813 985 1855 nota
1015 1809 1160 1866 sunt,
1191 1799 1401 1854 ratione
1431 1798 1669 1853 ostendit
1703 1817 1716 1851 :
1765 1797 1857 1867 qui
1906 1811 1991 1851 res

2097 1796 2149 1851 δὲ
2172 1799 2200 1850 ὁ
2224 1797 2292 1851 τὰ
2311 1801 2377 1870 τῇ
2412 1799 2659 1871 αἰσθήσει
2690 1798 2942 1872 γνώριμα
2966 1799 3110 1871 λόγῳ
3140 1799 3352 1862 δεικνὺς
3374 1795 3674 1864 καταγέλα-

430 1910 494 1950 ex
525 1893 900 1950 communibus
934 1892 1246 1947 notionibus
1294 1890 1574 1945 confessas
1607 1889 1787 1955 docet,
1814 1903 1993 1944 nonne

431 1985 681 2041 amentiae
709 1983 947 2054 ejusdem
982 1982 1196 2037 futurus
1221 1991 1310 2038 est
1339 1982 1502 2037 reus?
1535 1980 1661 2036 Haec
1688 1981 1832 2036 enim
1864 1996 1992 2050 pro-

431 2072 573 2128 fecto
606 2074 761 2141 longe
799 2072 1032 2127 certiora
1068 2080 1193 2125 sunt
1227 2073 1397 2142 aequis
1437 2087 1619 2127 rerum
1647 2073 1992 2127 aastimatori-

428 2162 548 2226 bus,
583 2177 742 2231 quam
774 2177 894 2230 qua:
921 2163 1121 2215 cadunt
1169 2162 1270 2215 sub
1311 2161 1516 2216 oculos.
1548 2161 1613 2215 Et
1638 2178 1766 2216 vero
1793 2162 1839 2217 si
1870 2167 1993 2231 quis

431 2266 576 2308 esset
599 2252 690 2322 qui
715 2252 767 2305 in
795 2252 937 2307 hanc
959 2252 1240 2307 veritatem
1264 2252 1605 2323 impudenter
1627 2255 1991 2320 inveheretur,

431 2353 487 2397 et
505 2358 626 2397 eum
653 2343 744 2411 qui
777 2344 1045 2414 ingenitus
1071 2354 1176 2408 est,
1209 2358 1302 2399 aut
1327 2361 1355 2399 a
1379 2347 1582 2415 seipse,
1610 2356 1706 2401 aut
1730 2349 1797 2403 ab
1823 2350 1994 2405 altero

430 2429 665 2498 genitum
710 2444 830 2486 esse
862 2431 1253 2497 contenderet,
1300 2433 1413 2489 haec
1443 2435 1540 2489 ista
1575 2436 1863 2490 verborum
1896 2452 1994 2491 va-

432 2519 576 2573 nitas
608 2519 819 2574 veniam
849 2520 1083 2591 aliquam
1115 2524 1344 2579 fortasse
1374 2525 1619 2581 obtinere
1649 2537 1830 2595 posset
1858 2528 1992 2597 :,sin

433 2618 614 2665 autem
667 2612 844 2668 nullus
897 2614 964 2667 ad
1026 2614 1169 2669 hunc
1216 2630 1388 2684 usque
1429 2617 1605 2683 diem,
1656 2632 1755 2674 nec
1808 2633 1993 2675 eorum

430 2703 523 2772 qui
563 2703 724 2758 alieni
762 2692 886 2759 sunt
915 2721 944 2759 a
988 2714 1168 2762 nostra
1212 2708 1498 2774 doctrina,
1552 2724 1654 2765 nec
1683 2724 1869 2765 eorum
1902 2710 1994 2780 qui

436 2810 506 2849 ex
534 2795 645 2866 ipsa
670 2796 913 2852 Ecclesia
938 2800 1139 2863 exiere,
1163 2811 1347 2854 contra
1373 2802 1653 2855 veritatem
1689 2803 1997 2858 insurrexe-

433 2896 580 2955 runt,
608 2902 674 2943 eo
699 2890 913 2944 devenit
942 2892 1291 2959 stupiditatis,
1318 2901 1378 2947 ut
1406 2894 1472 2948 de
1502 2893 1728 2962 ingeniti
1765 2896 1995 2967 ingene-

434 2978 643 3033 ratione
668 2979 975 3036 dubitaret:
1009 2982 1136 3051 quid
1166 2982 1213 3037 ei
1249 2981 1382 3039 lucri
1414 2998 1477 3038 ex
1520 2986 1811 3056 his‘verbis
1842 3004 1992 3046 acce-

435 3068 552 3134 dat,
590 3069 728 3123 haud
757 3069 1015 3141 intelligo.
1055 3070 1191 3125 Num
1220 3086 1347 3128 vere
1370 3072 1678 3130 Aristotelis
1706 3086 1799 3133 aut
1822 3076 1996 3150 Chry-

433 3161 569 3232 sippi
608 3161 933 3233 syllogismis
980 3178 1115 3234 opus
1162 3165 1319 3239 nobis
1359 3176 1500 3233 erat,
1550 3177 1608 3222 ut
1658 3168 1994 3228 disceremus

433 3267 556 3307 eum
590 3254 680 3321 qui
719 3255 985 3325 ingenitus
1024 3264 1145 3322 est,
1188 3273 1363 3328 neque
1391 3275 1420 3314 a
1468 3261 1645 3330 seipso
1670 3303 1685 3326 ,
1723 3277 1898 3334 neque
1930 3265 1999 3320 ab

434 3340 604 3396 altero
633 3343 871 3411 genitum
894 3343 1062 3398 fuisse
1090 3362 1104 3398 :
1134 3353 1189 3398 et
1221 3348 1468 3402 eumdem
1501 3348 1680 3419 seipso
1720 3365 1818 3405 uec
1857 3351 1998 3405 anti-

434 3434 699 3501 quiorem,
732 3432 1113 3502 necjuniorem
1139 3438 1302 3492 esse?
1331 3436 1469 3505 Quid
1495 3440 1658 3510 igitur
1682 3440 1787 3496 sibi
1816 3442 2000 3498 volunt

434 3522 549 3578 haec
577 3523 691 3591 ejus
719 3525 922 3579 verba?
952 3526 1174 3582 Videtur
1220 3528 1351 3583 mihi
1382 3544 1441 3585 se
1470 3530 1614 3585 inter
1648 3546 1777 3587 suos
1820 3543 1998 3588 secta-

436 3625 580 3670 tores
609 3614 837 3683 jactare,
874 3625 1130 3683 tanquam
1168 3620 1407 3689 prudens
1443 3622 1710 3692 quispiam
1741 3638 1807 3679 ac
1846 3639 2000 3697 egre-

435 3706 520 3777 gia
552 3715 729 3762 mente
754 3708 1033 3776 praeditus,
1065 3714 1302 3779 quicum
1338 3723 1530 3768 acutus
1560 3715 1630 3769 sit
1659 3716 1711 3769 in
1746 3715 2000 3773 absurdis

436 3798 866 3867 prospiciendis,
911 3801 964 3855 in
1034 3802 1137 3858 hoc
1194 3806 1339 3874 quod
1390 3805 1745 3875 deprehendit
1806 3807 2000 3863 dissol-

435 3893 609 3944 vendo
663 3892 872 3946 acutior
900 3902 1004 3959 est,
1056 3895 1125 3949 ob
1175 3896 1335 3965 idque
1376 3897 1431 3950 in
1481 3897 1766 3954 verborum
1811 3914 2000 3955 versu-

438 3979 511 4034 tia
566 3981 805 4051 gloriari,
864 3994 918 4038 et
969 3986 1152 4039 conari
1206 3987 1475 4042 subtiliter
1514 3997 1569 4042 et
1616 3997 1806 4058 argute
1867 3989 1998 4045 illud

434 4072 841 4142 demonstrare,
893 4079 1034 4145 quod
1092 4079 1137 4131 is
1169 4079 1260 4147 qui
1312 4079 1584 4149 ingenitus
1647 4088 1768 4149 est,
1821 4096 1922 4137 nec
1967 4096 1997 4137 a

434 4162 646 4231 seipso,
696 4179 796 4220 nec
847 4166 916 4220 ab
970 4168 1077 4224 alio
1126 4171 1339 4239 genitus
1382 4172 1475 4226 sit.
1513 4172 1718 4227 Deinde
1758 4186 1890 4228 vero
1928 4189 1998 4229 ne

436 4254 524 4308 hic
550 4254 764 4324 quidem
804 4258 939 4312 artis
985 4274 1094 4315 suae
1131 4260 1467 4317 obliviscitur
1501 4280 1515 4317 :
1549 4264 1643 4318 sed
1684 4264 1845 4319 rebus
1869 4280 2000 4320 con-

434 4349 591 4405 fessis
620 4351 936 4419 immoraus,
983 4355 1135 4423 quasi
1164 4356 1431 4412 elementa
1459 4358 1704 4426 quaedam
1741 4359 1844 4415 sibi
1883 4361 1996 4427 ipse

432 4439 499 4492 ad
545 4454 662 4494 eam
703 4457 823 4512 qua:
865 4446 1114 4513 sequitur
1156 4448 1456 4502 doctrinam
1510 4450 1808 4506 interserit.
1861 4449 1994 4505 lllud
2024 4469 2072 4530 ο

433 4531 577 4585 enim
612 4548 717 4587 non
757 4535 930 4591 otiose
955 4538 1113 4602 dixit,
1145 4540 1287 4607 quod
1328 4549 1575 4609 oporteat
1608 4541 1659 4596 id
1685 4543 1828 4612 quod
1869 4543 1995 4598 facit

433 4633 619 4673 revera
649 4623 797 4691 prius
828 4639 949 4680 esse
974 4640 1041 4680 eo
1066 4627 1206 4695 quod
1233 4625 1503 4681 efﬁcitur:
1541 4627 1635 4683 sed
1664 4637 1723 4682 ut
1755 4628 1811 4682 in
1838 4628 1995 4682 insti-

435 4711 643 4766 tuendis
667 4713 735 4768 de
766 4712 905 4771 Filio
937 4717 1298 4784 sermonibus,
1320 4718 1374 4771 in
1402 4721 1990 4773 antecessum’conces-

431 4815 550 4856 sum
586 4803 779 4859 habeat
822 4807 983 4877 215
1026 4807 1222 4863 Filium
1255 4818 1443 4878 postea
1477 4809 1677 4865 factum
1713 4808 1861 4864 Patri
1902 4825 1997 4864 ac-

429 4893 660 4950 cessisse
683 4936 699 4961 ,
730 4895 996 4965 siquidem
1033 4900 1084 4954 id
1113 4901 1257 4970 quod
1284 4900 1450 4967 facit,
1481 4915 1546 4956 eo
1586 4902 1727 4970 quod
1762 4903 1822 4955 tit
1853 4900 1996 4955 anti-

429 4984 588 5052 quius
611 4995 695 5041 est
735 5003 752 5041 :
791 4987 940 5055 item,
968 4999 1028 5045 ut
1062 4992 1163 5047 hoc
1205 5000 1460 5061 tanquam
1497 4992 1623 5049 inde
1656 5007 1995 5062 consequens

427 5073 668 5144 colligat,
708 5074 906 5132 Filium
935 5077 1142 5135 scilicet
1168 5093 1233 5135 ex
1276 5094 1383 5135 non
1409 5082 1993 5137 exstantibusfactum

500 5230 576 5302 (ὅ)
605 5229 830 5288 Veteres
864 5233 969 5289 duo
995 5235 1114 5289 libri
1141 5233 1286 5300 τίνος
1313 5236 1497 5291 ἕνεκα.
1535 5235 1658 5293 Mox
1704 5236 1758 5292 in
1802 5236 1993 5293 iisdem

425 5316 563 5375 mss.
595 5317 698 5375 [οξ
731 5302 935 5375 ταύτην
963 5306 1135 5375 deest.
1291 5346 1316 5364 .
1721 5365 1734 5374 ,

496 5369 573 5443 (6)
604 5371 742 5425 Editi
770 5369 903 5427 Θεὸν
944 5374 1229 5445 ἀγένητον,
1269 5375 1433 5429 Deum
1464 5391 1567 5429 non
1591 5369 1995 5444 factum,Deum

426 5456 529 5516 non
565 5451 767 5516 natum.
795 5445 865 5496 At
901 5460 1029 5500 mss.
1057 5443 1188 5499 Θεὸν
1216 5445 1533 5516 ἀγέννητον,
1559 5443 1724 5499 Deum
1765 5462 1869 5500 non
1899 5462 1994 5516 ge-

424 5509 815 5583 nitttutLQettm
838 5516 1188 5583 generationis
1222 5509 1501 5582 camertem.

495 5581 572 5647 (7)
601 5581 740 5657 {Biliti
775 5581 995 5653 el’Reg.
1041 5581 1308 5657 secundus
1338 5585 1700 5657 ἀγέννητονε..
1730 5584 1993 5657 γεγεννῆτ

425 5645 571 5699 σθαι.
737 5659 853 5729 tres
888 5645 1020 5729 mss.
1039 5654 1366 5726 ἀγένητον...
1387 5645 1754 5729 γεγενῆσθαι]
1773 5645 1991 5729 Ε’κςδτθὶί

425 5732 588 5772 manu
628 5720 775 5784 libri,
803 5736 925 5777 cum
960 5724 1042 5779 liae
1090 5720 1250 5781 voces
1290 5720 1606 5795 occurrunt,
1643 5726 1819 5783 solent
1849 5727 1991 5781 inter

2021 3105 2076 3191 ο,

2096 1907 2237 1956 στος,
2268 1893 2297 1944 ὁ
2327 1892 2396 1946 τὰ
2421 1894 2543 1956 ταῖς
2570 1895 2775 1956 κοιναῖς
2808 1890 3141 1965 προλήψεσιν
3173 1888 3567 1962 ὡμολογημένα
3587 1887 3671 1940 δι·-

2093 1984 2306 2039 δάσκων
2351 1984 2469 2047 πῶς
2509 1984 2632 2054 οὐχὶ
2672 1984 2773 2055 τῆς
2817 1983 2939 2055 ίσης
2989 1982 3288 2054 παρανοίας
3335 1979 3671 2044 ὑπεύθυνοςς

2093 2073 2279 2145 Πολλῷ
2307 2072 2416 2146 γὰρ
2440 2075 2613 2146 δήπου
2641 2074 2816 2128 ταῦτα
2837 2075 2947 2129 τῶν
2969 2073 3057 2127 διὰ
3083 2074 3182 2145 τῆς
3210 2072 3385 2142 ὅψεως
3407 2072 3675 2142 φαινομέ-

2093 2182 2201 2220 νων
2233 2168 2344 2230 τοῖς
2377 2165 2711 2237 σωφρονοῦσι
2741 2166 3056 2238 πιστότερα.
3089 2165 3153 2219 El
3192 2165 3289 2237 μὲν
3316 2159 3409 2218 οὖν
3431 2159 3500 2235 ἦν
3526 2179 3612 2226 τις
3644 2165 3675 2216 ό

2094 2257 2238 2312 κατά
2265 2258 2364 2329 τῆς
2384 2257 2642 2329 ἀληθείας
2660 2259 2865 2329 ταύτης
2886 2256 3273 2328 ἀναισχυντῶν,
3297 2256 3392 2310 καὶ
3415 2255 3506 2310 τὸν
3519 2255 3677 2324 ἀγέν-

2094 2365 2255 2419 νητον
2300 2349 2333 2420 ἢ
2368 2349 2499 2420 παρ’
2527 2347 2720 2402 ἑαυτοῦ
2754 2347 2789 2418 ἢ
2832 2349 2961 2420 παρ’
2992 2347 3179 2419 ἑτέρου
3203 2344 3561 2417 γεγεννῆσθαι
3594 2344 3673 2414 (7)

2094 2440 2506 2512 διατεινόμενος,
2537 2435 2682 2510 εἶχεν
2713 2441 2777 2496 ἀν
2807 2457 2929 2494 τινα
2952 2440 3113 2510 τυχὸν
3151 2436 3478 2510 συγγνώμην
3504 2440 3539 2509 ἡ
3565 2454 3673 2508 μα-

2093 2533 2313 2602 ταιότης
2342 2533 2451 2588 τῶν
2477 2532 2814 2604 λεγομένων·
2847 2534 2896 2585 εί
2932 2531 2989 2584 δὲ
3014 2531 3187 2595 οὐδεὶς
3233 2529 3397 2601 μέχρι
3431 2530 3675 2601 σήμερον

2094 2625 2217 2680 οὔτε
2249 2627 2358 2682 τῶν
2398 2627 2501 2693 ἔξω
2524 2627 2619 2681 τοῦ
2644 2628 2803 2697 λόγου
2832 2628 2924 2681 τοῦ
2957 2627 3078 2682 καθ’
3101 2629 3271 2698 ἡμᾶς,
3302 2625 3428 2680 οὔτε
3461 2624 3575 2680 τῶν
3612 2624 3675 2692 ἐξ

2095 2718 2266 2789 αὐτῆς
2292 2718 2393 2789 τῆς
2425 2719 2748 2790 Ἑκκλησίας
2768 2718 3184 2772 ἐπαναστάντων
3214 2720 3279 2789 τῇ
3308 2715 3554 2788 ἀληθείᾳ,
3592 2717 3677 2778 είς

2093 2810 2344 2865 τοσοῦτον
2367 2806 2527 2882 ἦλθεν
2560 2809 2919 2882 ἀποπληξίας,
2961 2809 3103 2863 ὥστε
3140 2808 3556 2880 διαμφισὸητεῖν
3584 2807 3668 2873 (8)

2096 2903 2224 2975 περὶ
2275 2901 2376 2972 τῆς
2412 2900 2737 2973 ἀγεννησίας
2780 2901 2874 2954 τοῦ
2912 2902 3237 2973 ἀγεννήτουο
3283 2901 3335 2954 τί
3379 2899 3565 2971 κέρδος
3601 2894 3672 2945 ἐκ

2094 2992 2203 3045 τῶν
2235 2991 2409 3060 λόγων
2437 2991 2661 3055 τούτων,
2684 2992 2746 3046 οὐ
2768 2991 2995 3065 συνορῶ.
3031 2994 3101 3045 Ἤ
3127 2991 3233 3045 τῶν
3272 2986 3672 3064 Ἀριστοτέλους

2096 3081 2264 3146 ὅντως
2299 3083 2430 3153 ήμῖν
2471 3083 2565 3135 καὶ
2609 3082 2931 3154 Χρυσίππου
2964 3082 3334 3154 συλλογισμῶν
3371 3080 3478 3134 ἔδει
3527 3075 3668 3146 πρὸς

2096 3173 2157 3226 τὺ
2185 3172 2395 3244 μαθεῖν,
2456 3174 2539 3227 ὃτι
2585 3174 2614 3227 ό
2656 3173 2948 3245 ἀγέννητος
2976 3175 3037 3228 οὐ
3070 3176 3392 3246 γεγέννηται
3416 3170 3513 3241 (9),
3544 3166 3669 3222 οὔτε

2097 3264 2257 3328 αὐτὸς
2291 3265 2380 3333 ὑφ’
2404 3263 2624 3328 ἑαυτοῦ,
2658 3263 2781 3319 οὔτε
2802 3265 2893 3335 ὑφ’
2923 3265 3147 3337 ἑτέρους
3175 3267 3269 3319 καὶ
3288 3264 3409 3318 οὔτε
3426 3259 3671 3332 πρεσϐύ-

2097 3372 2274 3427 τερος,
2294 3353 2418 3408 οὔτε
2440 3353 2703 3427 νεώτερος
2729 3356 2891 3420 αὐτός
2908 3357 3054 3409 ἐστιν
3078 3355 3266 3410 ἑαυτοῦ
3289 3370 3303 3416 ;
3329 3352 3393 3405 Τί
3412 3346 3503 3406 οὖν
3520 3349 3672 3421 αὐτῷ

2094 3444 2270 3500 ταῦτα
2297 3444 2578 3516 βούλεται;
2609 3447 2767 3499 Δοκεῖ
2808 3462 2898 3517 μοι
2939 3444 3074 3516 ὁμοῦ
3105 3444 3200 3515 μὲν
3221 3445 3334 3505 τοῖς
3359 3439 3671 3503 ἀκολούθοις

2097 3534 2615 3603 ἐγκαλλωπίζεσθαι.
2641 3536 2716 3599 ὡς
2741 3535 2805 3607 δὴ
2833 3535 3035 3599 πυκνός
3064 3551 3148 3598 τις
3177 3534 3271 3588 καὶ
3293 3530 3545 3604 περιττὸς
3572 3529 3673 3601 τὴν

2096 3627 2354 3692 διάνοιαν,
2382 3628 2476 3680 καὶ
2497 3627 2624 3692 ὀξὺς
2651 3627 2750 3697 μὲν
2781 3625 3065 3680 ὑπιδέσθαι
3087 3625 3148 3679 τὸ
3177 3625 3395 3687 ἄτοπον,
3415 3620 3672 3691 ὀξύτερος

2097 3717 2155 3772 δὲ
2175 3717 2423 3772 διαλῦσαι
2461 3719 2523 3772 τὸ
2552 3718 2822 3789 φωραθὲν,
2856 3719 2950 3772 καὶ
2986 3716 3073 3771 διὰ
3096 3715 3254 3770 τοῦτο
3284 3711 3675 3786 ἐναϐρύνεσθαι

2095 3812 2163 3881 τῇ
2205 3808 2313 3863 τῶν
2353 3810 2527 3879 λόγων
2569 3813 2797 3880 στροφῇ,
2840 3811 2936 3863 καὶ
2983 3808 3111 3880 περὶ
3139 3807 3238 3877 τὴν
3268 3804 3542 3871 ἀπόδειξιν
3581 3803 3672 3856 λε-

2097 3903 2390 3972 πτουργεῖν
2428 3899 2523 3955 τοῦ
2560 3902 2698 3972 μήτε
2727 3902 2815 3970 ὑφ’
2848 3899 3041 3954 ἑαυτοῦ
3072 3899 3209 3970 μήτε
3252 3898 3341 3966 ὑφ’
3371 3895 3558 3967 ἐτέρου
3581 3894 3673 3955 τὸν

2097 3992 2389 4064 ἀγέννητον
2417 3992 2797 4063 γεγεννῆσθαι.
2827 3993 3058 4046 Ἔπειτα
3095 3990 3276 4062 μέντοι
3300 3988 3419 4042 οὐδὲ
3442 3985 3676 4041 ἐνταῦθα

2097 4086 2195 4157 τῆς
2233 4085 2429 4139 ἑαυτοῦ
2475 4086 2670 4157 τέχνης
2716 4084 3165 4139 ἐπιλανθάνεται·
3209 4081 3323 4135 ἀλλ’
3363 4083 3421 4134 ἐν
3457 4082 3526 4151 τῇ
3566 4075 3677 4133 τῶν

2095 4173 2541 4245 ὁμολογουμένων
2572 4175 2843 4247 διατριϐῇ,
2894 4174 3083 4246 ὥσπερ
3114 4173 3352 4243 στοιχεῖά
3393 4188 3516 4225 τινα
3541 4169 3680 4241 πρὸς

2094 4265 2220 4328 τοὺς
2252 4263 2378 4336 ἑξῆς
2402 4264 2592 4334 λόγους
2622 4264 2800 4336 ἑαυτῷ
2831 4264 3222 4336 παρεμϐάλλει.
3257 4263 3332 4315 Οὐ
3355 4262 3463 4333 γὰρ
3491 4259 3680 4332 ἀργῶς

2097 4354 2244 4426 αὐτῷ
2271 4357 2447 4409 ἐκεῖνο
2468 4355 2601 4426 ἔχει,
2635 4356 2716 4410 ὅτι
2755 4356 2856 4420 δεῖ,
2891 4355 3036 4410 κατά
3073 4354 3353 4426 ἀλήθειαν,
3392 4352 3456 4405 τὸ
3489 4348 3671 4403 ποιοῦν

2096 4444 2189 4497 τοῦ
2221 4444 2509 4514 γινομένου
2539 4445 2933 4519 προϋπάρχειν.
2970 4444 3111 4496 Ἀλλ’
3162 4444 3249 4496 ἵνα
3295 4444 3353 4496 ὲν
3387 4443 3496 4495 τοῖς
3540 4431 3672 4503 περὶ

2099 4534 2230 4588 Υίοῦ
2289 4534 2468 4605 λόγοις
2522 4533 3101 4609 προδιωμολογημένον
3157 4533 3271 4603 ἔχῃ,
3324 4526 3387 4575 ἐδ
3446 4520 3670 4592 ὕστερον

2095 4626 2566 4700 προπεγενῆσθαι
2602 4627 2680 4698 τῷ
2710 4627 2885 4698 Πατρὶ
2912 4626 3004 4678 τὸν
3034 4625 3176 4680 Υὶὸν,
3207 4613 3362 4687 εἴπερ
3390 4611 3451 4665 τὸ
3481 4610 3670 4665 ποιοῦν

2098 4719 2215 4770 ἐστι
2250 4717 2344 4771 τοῦ
2370 4717 2653 4788 γινομένου
2684 4716 3079 4783 πρεσϐύτερον⁶
3127 4703 3301 4775 τούτῳ
3343 4704 3401 4756 δὲ
3438 4703 3515 4767 ὡς
3542 4703 3671 4756 ἐπό-

2102 4825 2259 4879 μενον
2308 4807 2467 4880 λάϐῃ,
2526 4808 2587 4861 τὸ
2647 4809 2712 4855 εκ
2773 4800 2848 4872 μὴ
2895 4799 3061 4853 ὄντων
3103 4797 3193 4851 τὸν
3238 4796 3368 4850 Υἱὸν
3413 4795 3671 4866 γεγεννῆ-

2100 4898 2222 4952 σθαι
2255 4878 2587 4971 (10).Γ·Αλλ’
2640 4897 2669 4948 ό
2713 4894 2810 4964 μὲν
2858 4892 2960 4963 τῆς
3006 4892 3086 4954 είς
3121 4890 3211 4944 τὸν
3246 4889 3374 4943 Υἱὸν
3406 4878 3673 4951 ’ἀσεϐείας

2102 4989 2322 5060 ἐλεγχος
2349 4991 2408 5042 ὲν
2431 4990 2542 5051 τοῖς
2566 4985 2788 5048 οἰκείοις
2811 4983 2997 5047 τόποις
3039 4982 3400 5053 ἀναμεινάτω.
3440 4980 3582 5049 Ἐγὼ
3612 4981 3669 5034 δὲ

2101 5081 2197 5135 καὶ
2226 5080 2325 5152 τὴν
2350 5078 2444 5134 τοῦ
2477 5078 2771 5149 ἀγεννήτου
2801 5073 3191 5149 προσηγορίαν,
3223 5072 3325 5127 κᾶν
3343 5071 3413 5126 τά
3435 5071 3669 5144 μάλιστα

2099 5251 2160 5292 se
2206 5235 2497 5308 dissidere,
2538 5231 2628 5308 alii
2663 5229 3209 5308 aliam___sc_ripturam
3244 5226 3662 5308 _prmferentes;

2098 5321 2221 5377 qua;
2248 5306 2555 5377 variatioet
2582 5304 2634 5377 i_n
2670 5302 2803 5368 ipsis
2824 5301 2980 5377 libris
3002 5298 3286 5377 impressis
3315 5298 3610 5353 invenitur.

2170 5376 2248 5446 (8)
2278 5375 2419 5430 Editi
2470 5373 2545 5437 ὡς
2591 5366 3029 5443 διαμφισϐητεῖν.
3079 5366 3150 5424 At
3188 5384 3318 5423 mss.
3352 5383 3462 5423 non
3509 5366 3664 5437 pauci

2096 5445 2261 5498 ὥστε.

2096 5552 2108 5581 ε
2167 5515 2246 5586 (9}
2266 5515 2411 5586 Reg.
2434 5508 3051 5586 ζει-μυεῖ’ἀγέννητοςρύΔ
3071 5506 3383 5586 γεγένηται.
3536 5573 3548 5586 ⁸

2167 5575 2281 5658 UO)
2322 5575 2458 5638 Evditi
2484 5580 2574 5658 τὸν
2606 5575 2735 5658 re»
2760 5575 3135 5650 γεγεννῆσθαι,
3153 5575 3225 5658 ~1"
3226 5575 3663 5658 iliumhgenf‘tum

2095 5644 2225 5711 esse.
2257 5644 2325 5708 λι
2351 5668 2481 5708 mss.
2506 5653 2745 5721 plerique
2771 5644 2964 5721 omnes
2978 5644 3334 5721 γεγενῆσθαι.
3378 5645 3498 5702 Mox
3525 5644 3659 5713 Reg.

2100 5726 2291 5784 tertius
2312 5740 2434 5781 cum
2460 5717 2609 5780 Golb.
2634 5717 2817 5784 τόποις
2836 5717 3168 5790 ἀναμενέτω.
