4016 6220
265 316 366 372 521

263 534 380 587 δίαν
410 534 558 605 αὐτῷ
601 537 698 606 τὴν
733 538 1071 610 ἐπιχείρησιν
1104 539 1320 595 ἔσεσθαι
1353 544 1447 598 τοῦ
1480 545 1580 616 τὴν
1616 546 1850 618 ἀγεννη-

265 625 383 680 σίαν
422 628 607 680 οὐσίαν
633 623 770 681 εἶναι
804 629 895 682 τοῦ
925 630 1059 683 Θεοῦ
1093 633 1205 702 (26)
1225 651 1238 663 '
1272 637 1337 688 ἐκ
1371 636 1561 690 τούτου
1594 639 1651 690 δὲ
1681 640 1848 693 ἀναν-

262 711 548 792 τιρῤήτως
577 721 791 789 δείξειν,
830 725 1080 794 ἀνόμοιον
1124 724 1263 780 εἶναι
1292 729 1412 782 κατ’
1445 729 1615 802 αὐτὴν
1638 733 1736 803 τὴν
1760 735 1850 786 οὑ-

263 813 384 864 σίαν
414 813 506 865 τὸν
553 816 818 886 μονογενῆ
845 816 973 870 Υίὸν
1005 817 1084 889 τῷ
1119 820 1315 890 Πατρί.
1351 823 1450 876 Διὰ
1481 824 1638 878 τοῦτο
1681 843 1851 899 προσ-

262 903 520 959 πλέκεται
566 906 645 978 τῷ
680 910 884 979 ῥήματι
919 910 1018 980 τῆς
1050 912 1313 977 ἐπινοίας,
1354 914 1429 979 ὡς
1471 915 1622 969 οὐδὲν
1651 917 1849 988 σημαί-

262 1013 405 1049 νοντι
451 997 510 1050 τὸ
557 1000 842 1070 παράπαν,
890 1000 1004 1053 ἀλλ’
1051 1005 1108 1055 ἐν
1164 1003 1299 1076 μόνῃ
1345 1007 1412 1076 τῇ
1469 1009 1720 1080 προφορᾷ
1752 1007 1850 1080 τὴν

264 1089 557 1143 ὑπόστασιν
595 1093 915 1164 κεκτημένῳ
934 1111 948 1123 θ
987 1097 1079 1149 καὶ
1109 1095 1323 1161 ἀνάξιον
1349 1095 1487 1152 εἶναι
1517 1099 1651 1154 Θεοῦ
1679 1120 1851 1173 προσ-

264 1184 498 1236 ποιεῖται
550 1185 669 1247 ταῖς
710 1184 974 1248 ἐπινοίαις
1021 1187 1182 1241 αὐτὸν
1232 1189 1651 1260 άποσεμνύνειν.
1710 1191 1852 1262 Ἐγὼ

263 1271 320 1324 δὲ
353 1274 401 1325 εἰ
448 1274 546 1344 μὲν
575 1274 788 1346 ἐπινοίᾳ
818 1274 1090 1347 θεωρητὸν
1117 1277 1229 1348 (27)
1259 1278 1291 1348 ἢ
1339 1280 1412 1351 μὴ
1441 1279 1502 1334 τὺ
1531 1282 1849 1355 ἀγέννητον,

263 1363 417 1417 οῦπω
449 1365 850 1440 διισχυρίζομαι
875 1371 1004 1441 πρὶν
1038 1369 1102 1424 ἂν
1131 1371 1223 1424 ὑπ’
1249 1371 1419 1442 αὐτῆς
1446 1372 1536 1425 τοῦ
1565 1374 1723 1444 λόγου
1752 1375 1852 1446 τῆς

263 1455 564 1522 ἐξετάσεως
601 1460 834 1532 διδαχθῶ
842 1479 962 1534 μεν.

337 1550 387 1604 6.
409 1552 549 1605 Αὐτὸ
579 1552 636 1606 δὲ
663 1555 840 1620 τοῦτο,
859 1555 912 1608 τί
945 1556 1074 1610 ποτε
1107 1559 1253 1612 ἐστιν
1279 1561 1312 1630 ή
1342 1559 1572 1626 ἐπίνοια,
1592 1561 1762 1632 ἡδέως
1789 1561 1854 1616 ἂν

265 1643 430 1696 αὐτὸν
475 1645 850 1717 ἐρωτήσαιμι·
906 1644 995 1719 ἆρ’
1035 1649 1188 1703 οὐδὲν
1235 1652 1547 1706 παντάπασι
1598 1654 1854 1724 σημαίνει

264 1733 326 1786 τὸ
355 1733 524 1806 ὄνομα
562 1738 738 1800 τοῦτο,
769 1741 864 1793 καὶ
905 1740 1078 1811 ψόφος
1101 1742 1276 1807 ἄλλως
1301 1744 1418 1797 ἐστὶ
1445 1744 1532 1799 διὰ
1560 1745 1660 1815 τῆς
1683 1745 1856 1815 γλώτ-

265 1843 364 1898 της
390 1830 705 1897 ἐκπίπτων;
756 1832 918 1886 Ἀλλὰ
946 1834 1006 1888 τὸ
1036 1835 1274 1889 τοιοῦτον
1316 1837 1435 1906 ούχὶ
1481 1838 1717 1905 ἐπίνοια,
1755 1857 1857 1894 πα-
1889 1826 1928 1880 Β

268 1922 457 1990 ράνοια
494 1922 537 1975 δ’
579 1923 644 1976 ἂν
677 1925 878 1996 μᾶλλον
931 1929 1025 1980 καὶ
1076 1928 1312 2002 φλυαρία
1373 1932 1854 2003 προσαγορεύοιτο.

267 2013 328 2064 Εἰ
360 2013 415 2067 δὲ
447 2018 754 2090 συγχωροίη
793 2020 1080 2089 σημαίνειν
1109 2021 1208 2091 μέν
1233 2039 1286 2074 τι
1314 2021 1411 2093 τὴν
1433 2023 1697 2088 ἐπίνοιαν,
1728 2024 1859 2094 ψευ-

267 2105 354 2169 δές
396 2107 452 2159 δὲ
498 2109 658 2162 τοῦτο
698 2111 977 2176 παντελῶς
1023 2113 1116 2166 καὶ
1145 2113 1514 2184 ἀνύπαρκτον,
1547 2116 1623 2179 ὡς
1653 2117 1709 2169 ἐν
1740 2121 1858 2181 ταῖς

272 2196 615 2267 μυθοποιίαις
656 2201 964 2274 κενταύρων
1006 2206 1068 2278 δή
1117 2223 1279 2261 τινων
1328 2209 1722 2282 άναπλασμοὺς
1766 2213 1860 2265 καὶ

267 2290 550 2360 χιμαίρας,
579 2293 696 2358 πῶς
719 2296 780 2349 τὸ
810 2300 1204 2371 σημαινόμενον
1222 2302 1356 2373 (27‘)
1381 2303 1573 2374 ψεῦδος
1597 2305 1674 2377 τῷ
1704 2305 1861 2378 ψόφῳ

266 2383 366 2452 τῆς
409 2384 655 2456 γλώττης
687 2391 1122 2458 συναφανίζεται,
1167 2395 1266 2464 τῆς
1299 2397 1397 2466 μὲν
1425 2399 1610 2469 φωνῆς
1642 2399 1861 2463 πάντως

269 2475 350 2537 είς
398 2476 536 2547 ἀέρα
591 2483 1003 2554 προχεομένης,
1056 2485 1164 2538 τῶν
1209 2487 1266 2539 δὲ
1312 2487 1523 2556 ψευδῶν
1570 2491 1862 2562 νοημάτων

270 2566 715 2638 ἐναπομενόντων
752 2574 861 2643 (28)
899 2577 962 2644 τῇ
1010 2575 1255 2648 διανοίᾳ;
1310 2578 1444 2632 Οὐδὲ
1497 2579 1605 2652 γὰρ
1641 2582 1862 2636 ἐπειδάν

273 2675 404 2712 ποτε
453 2659 664 2730 ψευδῶν
701 2665 982 2729 παντελῶς
1030 2668 1125 2720 καὶ
1165 2667 1427 2722 διακένων
1468 2671 1861 2744 ἀναπλασμῶν,

275 2747 398 2819 ἢέν
443 2756 563 2818 ταῖς
595 2755 716 2808 καθ’
763 2756 928 2810 ὕπνον
963 2759 1375 2832 φαντασίαις,ἣ
1426 2762 1601 2826 ἄλλως
1646 2766 1704 2817 ἐν
1750 2767 1864 2830 τοῖς

280 2845 531 2912 ματαίοις
579 2847 672 2901 τοῦ
726 2849 817 2902 νοῦ
875 2853 1169 2923 κινήμασιν
1211 2856 1245 2925 ἡ
1290 2855 1436 2927 ψυχὴ
1490 2857 1861 2929 πληρωθεῖσα,

279 2940 675 3013 παρακατὰσχῃ
716 2943 782 3012 τῇ
823 2945 1030 3014 μνήμῃ,
1081 2941 1200 2998 εἶτα
1230 2947 1319 3000 διὰ
1339 2948 1436 3018 τῆς
1471 2950 1656 3020 φωνῆς
1701 2951 1862 3020 ἐξαγ-

280 3027 456 3094 γεῖλαι
491 3031 808 3103 προέληται,
848 3034 984 3105 ὁμοῦ
1033 3036 1112 3107 τῷ
1153 3039 1532 3109 προενεχθέντι
1565 3040 1708 3112 λόγῳ
1744 3060 1867 3098 συν-

280 3121 551 3192 ηφανίσθη
599 3126 691 3177 καὶ
735 3127 803 3180 τὰ
839 3130 1215 3200 φαντάσματα.
1254 3132 1457 3186 Πολλοῦ
1485 3134 1594 3206 γὰρ
1622 3134 1688 3190 ἂν
1715 3135 1864 3201 ἄξιον

278 3207 345 3283 ἦν
372 3213 439 3266 τὰ
468 3214 634 3287 ψευδῆ
671 3217 868 3286 λέγειν,
913 3222 1069 3294 εἴπερ
1102 3225 1134 3294 ἡ
1170 3223 1330 3292 φύσις
1358 3225 1452 3278 τοῦ
1483 3226 1713 3295 ψεύδους
1750 3232 1864 3293 τοῖς

281 3305 630 3376 λαλουμένοις
664 3311 1100 3386 συνδιεφθείρετο
1116 3333 1132 3350 ·
1155 3317 1270 3369 ἀλλ’
1290 3318 1389 3371 οὐκ
1414 3318 1534 3389 ἔχον
1559 3321 1676 3374 ἐστὶ
1704 3321 1864 3390 φύσιν

280 3399 438 3453 τοῦτό
471 3418 534 3470 γε
582 3402 714 3474 (‘29).
764 3406 1084 3462 Ὑπόλοιπον
1113 3409 1157 3461 δ’
1191 3410 1256 3462 ἂν
1289 3412 1370 3482 εἴη
1416 3411 1712 3478 δεικνύναι,
1749 3415 1868 3480 πῶς

287 3490 386 3560 μὲν
419 3491 452 3562 ὴ
501 3494 778 3565 συνήθεια,
816 3499 910 3550 καὶ
950 3500 1042 3552 ἐπὶ
1070 3498 1245 3553 ποίων
1269 3503 1611 3573 πραγμάτων
1643 3509 1709 3577 τῇ
1744 3505 1871 3560 ἐπι-

283 3585 420 3652 νοίᾳ
453 3586 652 3657 χρῆται
672 3603 685 3616 ·
722 3589 839 3654 πῶς
863 3591 918 3642 δὲ
947 3592 1012 3645 τὰ
1037 3592 1154 3647 θεῖα
1181 3594 1338 3662 λόγια
1369 3595 1465 3667 τὴν
1481 3598 1676 3668 χρῆσιν
1701 3599 1870 3670 αὐτῆς

285 3678 639 3748 παρεδέξατο.
689 3682 936 3754 Ὀρῶμεν
982 3685 1180 3750 τοίνυν,
1216 3688 1298 3739 ὅτι
1342 3687 1399 3740 ἐν
1450 3689 1549 3759 μὲν
1591 3693 1658 3760 τῇ
1714 3695 1866 3763 κοινῇ

285 3772 477 3840 χρήσει
511 3771 578 3825 τὰ
615 3775 736 3836 ταῖς
768 3773 991 3845 ἀθρόαις
1022 3776 1299 3839 ἐπιϐολαῖς
1341 3778 1434 3832 τοῦ
1477 3779 1567 3832 νοῦ
1604 3780 1750 3834 ἁπλᾶ
1777 3780 1870 3834 δο-

286 3861 485 3915 κοῦντα
515 3860 653 3917 εἶναι
687 3867 780 3919 καὶ
823 3867 1054 3938 μοναχά,
1105 3872 1225 3933 ταῖς
1269 3869 1324 3922 δὲ
1357 3870 1501 3923 κατὰ
1553 3871 1748 3926 λεπτὸν
1787 3871 1872 3938 ἐξ-

285 3952 505 4006 ετάσεσι
535 3957 755 4009 ποικίλα
789 3960 1108 4029 φαινόμενα,
1130 3961 1224 4012 καὶ
1256 3960 1426 4014 πολλὰ
1451 3961 1564 4031 ('50)
1593 3962 1769 4016 ταῦτα
1793 3962 1872 4034 τῷ

285 4041 363 4112 νῷ
393 4044 765 4118 διαιρούμενα,
798 4051 1012 4122 ἐπινοίᾳ
1041 4052 1178 4124 μόνῃ
1213 4051 1459 4124 διαιρετὰ
1497 4053 1712 4123 λέγεται
1735 4055 1869 4126 (5i).

381 4215 470 4296 g6)
496 4219 673 4296 _Editio
711 4222 882 4278 Paris.
905 4225 1094 4280 οὐσίαν
1119 4223 1256 4280 εἶναι
1285 4225 1378 4280 τοῦ
1412 4226 1570 4282 Θεοῦ.
1600 4226 1867 4290 111ι1ἁ,τοῦ

291 4285 447 4350 Θεοῦ,
478 4290 626 4343 deest
649 4294 697 4342 in
731 4309 863 4347 mss.
890 4307 943 4348 et
970 4299 1020 4348 in
1052 4297 1286 4352 editi0ne
1324 4298 1454 4352 Ven.
1488 4298 1668 4353 Nolim
1689 4285 1868 4354 tamen

293 4370 670 4427 expungantur
698 4362 779 4414 iiiP.
803 4379 984 4427 voces,
1023 4367 1123 4419 nisi
1157 4369 1575 4422 subaudiuntur.

370 4426 478 4512 (‘27)
513 4427 664 4510 Reg._
705 4433 894 4487 tertius
939 4426 1154 4512 ἐπινοίᾳ
1197 4437 1524 4512 θεωρητέον,
1554 4438 1712 4512 Ῠῧυῐῐὶ
1763 4453 1866 4492 vox

295 4498 511 4571 ἐπίνοια
538 4499 735 4571 schins
763 4517 1038 4565 occurrat,
1085 4498 1322 4560 alienum
1346 4498 1450 4561 non
1481 4511 1712 4571 videtur,
1745 4524 1866 4562 eam

296 4568 493 4647 paucis
514 4569 803 4647 explicare.
842 4572 1006 4647 Igitur
1031 4592 1160 4630 vore
1201 4577 1415 4629 ἐπίνοια
1450 4568 1746 4634 Ennomius
1791 4579 1874 4632 in-

295 4638 573 4719 telligebat
609 4642 803 4719 mentis
832 4638 1379 4719 cogitata,_sub_ti|em
1429 4651 1716 4716 quamdam
1759 4648 1874 4701 ani-

297 4710 369 4761 mi
399 4710 822 4776 perceptionem,
861 4710 968 4766 uno
997 4717 1184 4774 verbo,
1230 4717 1370 4769 hunc
1403 4710 1644 4772 nostrum
1680 4719 1876 4772 intelli—

295 4780 453 4848 gendi
485 4780 724 4855 modum,
759 4798 874 4855 quo
892 4799 979 4836 res
1022 4787 1388 4855 metapliysice
1416 4788 1829 4842 consideramus
1860 4803 1874 4839 :

296 4865 459 4926 quam
497 4849 738 4926 ultimam
770 4854 1042 4926 notionem
1085 4849 1325 4926 omnium
1385 4858 1724 4926 aptissimam
1757 4874 1880 4912 esse

298 4921 629 4994 arbitramur
649 4923 714 4972 ad
750 4923 1136 4978 declarandum
1171 4925 1330 4993 hujus
1353 4921 1502 4982 vocis
1531 4944 1711 4983 usum.
1738 4928 1881 4994 Qua-

299 5005 510 5057 cunque
543 4990 703 5070 igitur
727 5007 856 5045 voce
896 4996 960 5046 ad
983 5011 1188 5070 nomen
1221 4990 1436 5050 ἐπίνοια
1464 4990 1880 5070 exprimendum

301 5070 537 5123 utamur,
563 5065 681 5128 ejus
740 5078 900 5128 quam
963 5065 1200 5121 diximus
1267 5065 1883 5124 notiouisunemiuisse

299 5145 478 5198 operae
509 5133 739 5196 pretium
763 5143 864 5186 est.

353 5200 504 5279 μὴ)
533 5198 885 5279 Unus_codex_
923 5213 1011 5257 aut
1050 5204 1336 5279 altercum
1381 5217 1612 5276 utraque
1642 5208 1884 5262 editione

301 5270 429 5348 πῶς
445 5270 506 5322 τὸ
531 5274 813 5348 σημαῖνον,
848 5274 1122 5348 Quomodo
1151 5277 1204 5328 id
1259 5279 1399 5348 quod
1447 5270 1555 5331 rem
1596 5279 1786 5347 falsam
1813 5280 1886 5331 si-

301 5341 539 5410 gniﬁcat,
568 5343 728 5416 sintut
780 5360 899 5416 cum
935 5345 1132 5412 lingua:
1163 5341 1291 5401 sono
1335 5349 1560 5402 interit?
1587 5341 1691 5402 Alii
1722 5349 1884 5416 quiu-

302 5427 406 5478 que
430 5426 561 5464 mss.
588 5411 720 5487 Δπῶς
750 5413 821 5487 τὸ.
861 5411 1283 5487 σημαινόμενον,
1329 5427 1433 5473 etc.
1478 5411 1754 5481 Quomodo
1781 5419 1890 5486 [al-

302 5481 598 5604 ῗὲιιςέἷφᾳιιοά
646 5481 1011 5554 significatur,
1054 5481 1161 5541 uita
1206 5505 1324 5542 cum
1362 5488 1557 5558 lingua:
1609 5504 1740 5542 sono
1781 5481 1881 5541 ’ξιι-

377 5621 488 5699 (9-8»
521 5621 695 5699 Editio
718 5633 947 5699 utraque
969 5642 1089 5699 cum
1122 5626 1254 5696 Reg.
1289 5629 1477 5698 quinto
1503 5628 1613 5682 τῶν
1638 5628 1696 5682 δὲ
1749 5627 1886 5699 ψευ-

305 5691 718 5770 δῶνλόνομάτων
769 5691 1232 5770 ἐναπομενόντωνξ
1287 5691 1449 5754 male.
1500 5700 1631 5770 Reg.
1664 5691 1888 5770 quartus

307 5763 516 5833 ψευδῶν
543 5764 832 5834 νοημάτων
881 5763 1324 5837 ἐναπομενόντων
1354 5786 1366 5800 ·
1397 5785 1426 5824 a
1455 5787 1562 5841 quo
1584 5763 1773 5827 codice
1797 5769 1888 5824 alii

1366 324 1736 382 ADVERSUS
1773 325 2147 384 EUNOMIUM
2182 318 2312 386 ΠΒ.
2354 329 2396 384 l.

264 442 356 494 ἐπὶ
380 440 474 495 τοῦ
504 441 639 496 Θεοῦ
685 443 746 497 τὸ
782 443 1096 515 ἀγέννητον,
1134 447 1436 519 ἡγούμενος
1475 450 1723 505 ἐντεῦθεν
1753 454 1851 524 ρᾳ-
1878 457 1924 514 Α

3416 335 3521 391 522

1957 449 2153 522 ligendi
2201 452 2422 506 modum
2459 451 2511 506 in
2564 451 2672 507 Deo
2699 452 3056 520 considerari,
3087 461 3236 508 ratus
3262 454 3521 524 probatu-

1952 561 2071 599 rum
2102 559 2160 599 se
2181 545 2308 600 hinc
2337 545 2479 599 facili
2511 554 2734 611 conatu,
2780 545 3244 614 ingenerationem
3275 547 3526 602 substan-

1953 637 2081 690 tiam
2108 636 2203 691 Dei
2228 650 2348 690 esse
2373 653 2387 690 :
2418 635 2543 689 inde
2568 649 2699 690 vero
2726 635 3009 690 evidenter
3040 645 3380 692 ostensurum
3405 651 3525 691 esse

1952 743 2034 792 se,
2076 727 2412 797 unigenitum
2460 726 2654 781 Filium
2693 731 2992 784 secundum
3043 729 3219 797 ipsam
3270 729 3522 782 substan-

1955 820 2083 874 tiam
2131 818 2280 873 Patri
2323 834 2443 873 esse
2488 819 2828 874 dissimilem.
2887 820 3228 890 Quapropter
3265 818 3526 874 vocabulo

1955 912 2326 983 intelligentiae
2354 912 2581 967 inbazret
2629 922 2888 982 tanquam
2928 912 3063 968 nihil
3097 913 3319 968 omnino
3353 911 3524 982 signi-

1955 1005 2160 1072 ﬁcanti,
2186 1007 2279 1061 sed
2308 1007 2360 1060 in
2398 1006 2510 1062 sola
2545 1007 2844 1075 prolatione
2873 1007 3243 1061 exsistentiam
3270 1003 3523 1059 habenti:

1955 1106 2117 1165 atque
2163 1098 2274 1154 Deo
2321 1097 2602 1166 indignum
2664 1114 2784 1153 esse
2836 1099 3074 1165 simulat,
3115 1114 3236 1155 eum
3276 1096 3529 1152 videlicet

1956 1189 2096 1244 ideis
2134 1204 2198 1243 ac
2224 1190 2666 1259 perceptionibus
2687 1206 2885 1246 ornare
2911 1207 2975 1245 ac
3001 1189 3380 1244 cohonestare.
3412 1186 3527 1256 Ego

1956 1297 2087 1337 vero
2117 1298 2185 1336 an
2219 1283 2518 1352 ingenitum
2555 1285 2827 1352 possimus
2858 1293 3039 1339 mente
3064 1281 3300 1350 assequi;
3331 1296 3524 1344 necne,

1957 1389 2062 1428 non
2090 1374 2238 1442 prius
2273 1372 2500 1439 aliirmo,
2519 1389 2678 1442 quam
2704 1376 2772 1429 ab
2799 1374 2911 1444 ipsa
2933 1373 3158 1429 rationis
3185 1372 3529 1443 indagatione

1956 1466 2268 1520 doceamur.

2028 1577 2082 1631 6.
2113 1575 2216 1632 Sed
2237 1579 2494 1648 quidnam
2514 1577 2583 1632 sit
2608 1577 2882 1648 perceptio
2905 1578 3027 1642 ista,
3050 1577 3278 1631 libenter
3305 1591 3426 1630 eum
3446 1577 3532 1631 in-

1960 1673 2348 1740 terrogavei'im
2379 1690 2393 1726 :
2430 1681 2610 1726 utrum
2636 1671 2738 1726 hoc
2768 1672 3000 1726 nominis
3041 1671 3169 1724 nihil
3209 1670 3431 1725 omnino
3457 1669 3532 1722 si-

1960 1761 2200 1831 gniﬁcet,
2227 1770 2282 1815 et
2308 1776 2474 1816 sonus
2491 1761 2561 1814 sit
2577 1760 2666 1830 qui
2687 1768 2892 1814 temere
2915 1774 2979 1812 ex
2997 1772 3092 1811 ore
3110 1753 3529 1826 excidat?217

1957 1856 2025 1906 At
2040 1851 2440 1920 resbujusmodi
2465 1866 2566 1905 non
2593 1853 2889 1922 perceptio,
2906 1849 2997 1904 sed
3012 1850 3189 1918 potius
3210 1849 3444 1902 amentia
3465 1863 3531 1902 ac

1958 1944 2242 2014 nugacitas
2277 1944 2541 2014 appellari
2587 1953 2786 2012 potest.
2831 1941 2982 2009 Quod
3017 1944 3060 1996 si
3104 1941 3434 1996 concesserit
3458 1942 3534 1995 si-

1960 2035 2212 2105 gniﬁcari
2263 2036 2482 2104 quidem
2537 2034 2740 2103 aliquid
2789 2034 3158 2103 perceptione,
3211 2033 3301 2086 sed
3342 2031 3534 2084 falsum

1958 2125 2212 2195 quiddam
2263 2126 2507 2188 omnino,
2571 2133 2627 2180 et
2688 2125 2833 2194 quod
2879 2138 3070 2178 revera
3119 2138 3224 2178 non
3272 2123 3533 2188 exsistat,

1959 2218 2412 2286 quemadmodum
2447 2218 2499 2270 in
2527 2217 2826 2272 fabularum
2853 2216 3174 2271 commentis
3199 2215 3442 2269 centauri
3474 2227 3538 2269 ac

1960 2309 2230 2363 chimaarae
2256 2308 2643 2378 continguntur
2671 2327 2683 2362 :
2719 2309 2994 2378 quomodo
3023 2307 3214 2360 falsum
3247 2305 3373 2360 illud
3395 2305 3539 2375 quod

1960 2400 2329 2471 signiﬁcatum
2357 2412 2461 2465 est,
2500 2416 2602 2455 una
2639 2416 2759 2454 cum
2795 2401 2990 2468 linguae
3021 2414 3155 2454 sono
3189 2399 3392 2460 interit,
3412 2411 3535 2454 cum

1961 2491 2064 2546 etsi
2097 2507 2199 2545 vox
2237 2492 2461 2546 omnino
2493 2491 2544 2544 in
2588 2505 2767 2544 aerem
2813 2488 3152 2553 diﬁ‘unditur,
3185 2495 3363 2541 tamen
3391 2486 3540 2554 cogi-

1966 2585 2204 2639 tationes
2247 2583 2394 2638 falsae
2447 2593 2768 2639 remaneant
2815 2583 2867 2637 in
2919 2581 3140 2636 animo?
3176 2579 3356 2649 Neque
3395 2579 3538 2633 enim

1963 2676 2143 2730 anima
2183 2692 2303 2745 quae
2326 2675 2478 2731 falsis
2515 2691 2745 2746 prorsus
2775 2689 2839 2728 ac
2872 2674 3025 2728 vanis
3077 2671 3400 2726 commentis
3427 2670 3543 2724 sive

1965 2771 2018 2824 in
2044 2771 2384 2827 somniorum
2421 2770 2574 2834 visis,
2611 2771 2725 2824 sive
2756 2768 2894 2821 alias
2939 2767 2989 2820 in
3036 2765 3189 2819 vanis
3229 2763 3394 2817 animi
3427 2775 3543 2814 mo-

1968 2864 2207 2918 tionibus
2239 2862 2498 2932 repletur,
2532 2875 2655 2916 cum
2692 2859 2859 2915 semel
2889 2859 3005 2912 lucc
3045 2858 3098 2910 in
3132 2854 3392 2910 memoria
3417 2851 3541 2906 reti-

1966 2954 2165 3017 nuerit,
2196 2961 2250 3006 et
2279 2951 2473 3006 deinde
2497 2965 2593 3020 per
2643 2964 2829 3004 vocem
2865 2946 3057 3002 eﬂ‘erre
3092 2945 3338 3006 voluerit,
3379 2943 3542 2996 etiam

1966 3059 2074 3097 una
2102 3059 2224 3097 cum
2280 3043 2491 3112 prolato
2524 3056 2774 3096 sermone
2815 3039 3076 3110 imagines
3113 3052 3292 3092 rerum
3342 3050 3540 3092 evane-

1969 3145 2146 3191 scunt.
2169 3135 2380 3189 Etenim
2406 3135 2450 3189 si
2473 3133 2802 3188 natura-falsi
2838 3132 2996 3187 simul
3019 3147 3140 3186 cum
3171 3130 3351 3184 verbis
3373 3129 3544 3182 inter-

1971 3229 2096 3290 iret,
2154 3240 2334 3296 Operaa
2397 3225 2629 3293 pretium
2675 3232 2820 3278 esset
2875 3223 3006 3277 falsa
3060 3223 3257 3277 dicere.
3309 3219 3412 3275 Sed
3446 3222 3546 3274 hoc

1971 3326 2119 3373 certe
2146 3325 2394 3372 naturam
2416 3332 2521 3370 non
2547 3315 2728 3370 habet.
2752 3313 3157 3383 Reliquumjam
3179 3312 3342 3367 fuerit
3365 3325 3550 3366 osten-

1972 3410 2122 3475 dere,
2171 3409 2444 3479 quomodo
2487 3416 2541 3463 et
2580 3409 2777 3478 quibus
2816 3408 2866 3461 in
2908 3407 3069 3461 rebus
3101 3403 3437 3460 consuetudo
3465 3403 3549 3456 di-
3621 3475 3632 3480 _

1975 3503 2160 3558 ctione
2188 3502 2544 3570 perceptionis
2581 3510 2785 3563 utatur,
2814 3509 2869 3554 et
2913 3498 3184 3567 quomodo
3212 3497 3392 3553 divina
3424 3495 3548 3550 Elo-

1975 3597 2102 3664 quia
2129 3609 2286 3649 usum
2325 3594 2442 3664 ejus
2479 3593 2844 3662 susceperint.
2897 3590 3156 3645 Videmus
3187 3587 3372 3658 igitur,
3405 3585 3549 3655 quod

1977 3688 2030 3742 in
2067 3687 2341 3742 communi
2367 3687 2585 3755 quidem
2617 3701 2741 3750 usu,
2774 3697 2895 3753 quae
2923 3681 3102 3736 subito
3122 3679 3320 3734 mentis
3343 3677 3548 3744 impetu

1973 3778 2240 3849 simplicia
2273 3793 2395 3833 esse
2447 3775 2702 3832 videntur
2746 3790 2808 3829 ac
2851 3775 3031 3836 unica,
3080 3777 3342 3840 apparent
3371 3777 3548 3820 tamen

1973 3870 2127 3926 varia
2173 3879 2298 3939 post
2331 3877 2643 3924 accuratam
2699 3867 3124 3936 indagationem,
3168 3859 3466 3932 praesertim
3503 3857 3548 3913 si

1975 3962 2074 4016 has
2104 3961 2303 4015 multas
2358 3971 2548 4031 partes
2600 3973 2753 4014 mens
2803 3955 3035 4020 dividat,
3073 3969 3138 4010 ea
3187 3954 3397 4009 ratione
3438 3951 3550 4004 sola

1978 4052 2268 4107 divisibilia
2323 4067 2445 4108 esse
2498 4051 2773 4106 dicantur.
2839 4046 3083 4118 Exempli
3137 4061 3324 4110 causa,
3355 4056 3554 4113 corpus

1975 4228 2216 4297 quinque
2236 4244 2343 4283 non
2367 4227 2653 4293 dissident,
2691 4227 2790 4282 nisi
2817 4226 2961 4297 quod
2989 4239 3092 4280 vox
3142 4221 3353 4294 ψευδῶν
3393 4223 3447 4275 in
3475 4219 3554 4274 eis

1977 4301 2461 4370 desideretur.
2566 4368 2576 4370 _
2699 4367 2706 4370 _
3036 4363 3078 4370 _
3346 4361 3358 4370 .
3448 4315 3516 4370 ’.

2052 4368 2165 4439 (‘29)
2205 4369 2467 4441 llla,_dt)t).’
2525 4368 2626 4421 οὐκ
2682 4367 2825 4441 ἔχον,
2872 4374 3002 4441 etc.‘,
3035 4361 3428 4432 Trapezuntius
3463 4361 3555 4441 ,εἰσ

1976 4436 2258 4493 verterat:
2297 4439 2420 4493 Non
2474 4451 2548 4494 est
2586 4441 2670 4511 hic
2714 4436 3229 4511 inimici-natura
3263 4445 3430 4511 {quae
3462 4436 3548 4482 in-

1978 4513 2295 4582 terpretatio
2315 4524 2437 4582 cum
2474 4527 2579 4582 non
2609 4508 2843 4582 placeret
2868 4502 3330 4582 Gotnbetisio,_vir
3362 4500 3554 4582 doctus

1978 4569 2390 4634 ita'emendavit
2417 4594 2432 4632 :
2460 4581 2529 4634 At
2562 4569 2624 4632 id'
2647 4578 2765 4646 ﬁeri
2787 4577 2980 4646 nequit,
3006 4571 3323 4646 impossibile
3339 4578 3434 4622 est.
3471 4569 3553 4623 Ad

1978 4653 2201 4704 verbum
2231 4641 2710 4705 interpretabimur
2746 4664 2760 4700 :
2796 4641 2898 4700 Sed
2930 4642 3026 4696 hoc
3066 4659 3168 4694 non
3221 4641 3357 4692 hanc
3398 4649 3556 4691 natu—

1981 4735 2095 4772 ram
2141 4721 2314 4772 habet.
2349 4710 2460 4774 Hoc
2491 4730 2573 4774 est
2613 4737 2625 4772 :
2673 4714 3010 4771 Mendacium
3047 4726 3150 4763 non
3206 4710 3312 4762 tale
3365 4717 3469 4773 est,
3497 4715 3556 4762 ut

1982 4791 2053 4862 sit
2074 4789 2424 4862 ἀνύπαρκτον
2449 4790 2728 4862 quiddam,
2763 4786 3132 4862 consistatque
3157 4779 3329 4862 solum
3371 4778 3429 4859 in
3460 4793 3557 4858 no-

1985 4861 2131 4913 mine
2159 4870 2213 4914 et
2235 4850 2556 4929 p'rolatiohe.
2588 4850 2782 4929 illclius
2821 4855 3053 4929 fortasse
3075 4863 3126 4904 et
3154 4850 3452 4920 simplicius
3477 4850 3556 4903 sic

1984 4925 2331 4995 interpretari
2368 4932 2493 4984 licet
2524 4945 2538 4982 :
2573 4927 2680 4982 Sed
2712 4927 2763 4978 id
2789 4941 2891 4978 non
2914 4925 2995 4995 ita
3017 4931 3113 4975 est.

2057 4985 2168 5070 (5(3)
2210 4999 2516 5070 Legendum
2559 4996 2779 5051 ποικίλα
2838 4993 3140 5070 φαινόμενα
3193 4989 3286 5070 καί
3336 4985 3557 5066 πολλὰ,

1995 5061 2242 5124 Videmus
2285 5061 2449 5139 igitur
2493 5072 2546 5123 in
2589 5061 2861 5122 communi
2887 5061 3133 5139 usuiqua:
3166 5061 3336 5138 subito
3373 5061 3558 5110 nte-itis

1987 5140 2180 5208 impetu
2212 5136 2469 5210 simplicia
2500 5141 2738 5210 videntur
2761 5145 2811 5189 et
2846 5136 3025 5210 unica,
3056 5136 3364 5210 accuratius
3384 5139 3558 5210 autem

1985 5199 2474 5279 inciuirendo'varia
2509 5220 2556 5263 et
2607 5208 2792 5279 multa,
2818 5222 2879 5279 ea
2917 5204 3043 5279 dum
3078 5210 3265 5279 luenti:
3311 5199 3560 5279 diuidun-

1989 5264 2098 5344 tui',
2133 5281 2245 5334 sola
2266 5281 2584 5348 cogitatione
2618 5264 3060 5348 divisibiliaaici.
3078 5270 3245 5324 Paulo
3268 5276 3393 5339 post
3416 5267 3469 5320 d.
3499 5264 3556 5327 2,

1990 5343 2106 5420 lege
2135 5353 2254 5404 κατ’
2276 5343 2519 5404 ἐπίνοιαν
2551 5349 2644 5402 καὶ
2663 5345 2852 5420 ταῦτα.
2887 5343 3097 5420 ΜΑβΑΝ.

2061 5403 2347 5492 (51)7l{eg.
2402 5423 2635 5492 tertius,
2666 5415 2878 5485 ἐπινοίᾳ
2919 5414 3055 5484 μόνῃ
3115 5406 3368 5492 θεωρητὰ

1989 5475 2100 5555 ταξ,
2157 5475 2369 5544 ’ναιίοῖιθ
2422 5491 2533 5543 sola
2582 5475 3000 5542 dicuntur'esse
3030 5475 3556 5555 "comprenensibtlia.

1990 5553 2096 5616 Alii
2117 5577 2213 5617 sex
2247 5576 2378 5615 mss.
2413 5570 2467 5612 et
2489 5569 2718 5627 utraque
2750 5557 2915 5627 editio
2951 5568 3142 5623 magno
3169 5553 3310 5627 inter
3339 5561 3397 5601 se
3415 5559 3558 5627 con:

1989 5615 2394 5701 sensuiémvolqt
2420 5615 2834 5702 uomet-asperat
2851 5615 3086 5696 λέγεταῖ,
3121 5624 3321 5676 ratione
3349 5617 3461 5672 sola
3487 5615 3564 5670 diu

1989 5711 2180 5757 cuntur
2207 5718 2317 5758 esse
2354 5700 2659 5755 divisibilia.
