4016 6220
495 427 601 484 5‘23

1807 425 1863 481 S.
1907 423 2150 480 BASILII
2193 425 2409 481 MAGNI

3643 421 3770 478 5‘25

496 540 728 609 simplex
759 553 880 593 esse
908 538 1080 608 prima
1125 538 1485 609 appreliensio
1517 539 1683 595 dicit:
1726 545 1821 595 sed
1858 541 1946 594 ubi
1982 554 2065 593 ra-

2192 536 2313 604 )ἷον,
2348 540 2409 594 τὸ
2450 540 2608 611 σῶμα
2646 536 2852 593 ἁπλοῦν
2879 536 2979 609 μὲν
3003 533 3142 591 εἶναι
3170 553 3332 607 φησιν
3365 538 3399 608 ἡ
3432 536 3627 608 πρώτη
3674 537 3778 589 ἐν-

503 630 580 686 ιίο
605 631 940 699 supervenit,
971 631 1102 685 illud
1131 632 1415 703 multiplex
1451 647 1573 689 esse
1604 632 1866 694 ostendit,
1888 632 2064 701 ipsum

498 736 598 793 per
635 722 1019 792 cogitationem
1056 722 1108 776 in
1153 737 1215 777 ea
1255 738 1319 777 ex
1370 723 1567 792 quibus
1589 723 1947 792 conipositum
1982 730 2068 777 est

498 813 825 877 dissolvens,
850 813 904 866 in
935 812 1195 879 colorem,
1231 815 1285 870 in
1313 814 1559 885 ﬁguram,
1594 813 1646 868 in
1691 814 1973 876 duritiem,
2012 812 2064 865 in

489 904 953 973 ‘magnitudinem,
984 904 1146 973 inque
1169 905 1393 975 reliqua.
1420 905 1625 960 Rursus
1647 920 1766 974 quae
1800 920 1904 959 non
1935 905 2068 958 sub-

499 995 701 1049 sistunt
729 995 970 1061 omnino,
999 996 1092 1049 sed
1121 996 1359 1064 quadam
1393 995 1589 1049 mentis
1619 996 1829 1065 pictura
1853 1009 1917 1049 ac
1942 995 2072 1048 ima-

502 1083 779 1154 ginatione
811 1085 924 1139 sola
968 1083 1371 1153 continguntur,
1427 1084 1605 1154 qualia
1656 1093 1901 1154 portenta
1947 1093 2073 1140 sunt

501 1189 623 1243 qua:
651 1188 825 1243 poetae
855 1190 920 1230 ac
949 1176 1187 1243 pictores
1207 1176 1536 1243 cogitatione
1558 1176 2068 1239 comminiscuntur,

498 1274 777 1335 stuporem
805 1265 857 1318 in
887 1264 1196 1329 legentibus
1234 1264 1547 1328 excitaturi,
1576 1266 1693 1320 haec
1742 1280 1957 1335 quoque
2002 1281 2069 1320 ex

501 1356 894 1411 consuetudine
919 1356 1171 1410 dicuntur
1199 1355 1638 1424 contemplationi
1668 1356 1901 1410 obnoxia
1930 1371 2069 1412 esse.

501 1447 746 1514 Quorum
792 1447 934 1501 nulla
982 1447 1262 1502 mentione
1299 1445 1465 1512 facta,
1494 1448 1609 1502 sive
1655 1461 1719 1502 ex
1770 1449 2071 1518 ignorantia

503 1541 620 1594 sive
644 1554 709 1594 ex
754 1539 980 1600 malitia,
1008 1538 1077 1594 de
1122 1537 1238 1593 sola
1269 1552 1450 1593 rerum
1493 1553 1602 1593 non
1654 1539 2071 1594 subsistentium

501 1631 854 1701 perceptione
902 1629 1200 1685 Eunomius
1239 1629 1531 1697 disseruit;
1576 1638 1633 1684 et
1675 1642 1743 1684 ne
1769 1629 1930 1699 hujus
1955 1631 2074 1700 qui-

502 1721 629 1778 dem
677 1727 927 1775 naturam
974 1730 1033 1777 ut
1075 1735 1134 1775 se
1166 1719 1349 1785 habet,
1387 1720 1630 1790 exponit.
1671 1718 1784 1775 Non
1819 1722 1963 1775 enim
1999 1720 2076 1774 ait

504 1814 801 1885 signiﬁcari
847 1814 1140 1883 quidquam
1177 1828 1274 1884 per
1316 1814 1481 1868 animi
1528 1814 1957 1884 perceptionem,
2006 1829 2075 1869 ne

2165 631 2364 697 τευξις,
2384 630 2626 684 ποικίλον
2650 629 2707 683 δὲ
2735 631 2763 683 ὁ
2786 628 2944 697 λόγος
2968 627 3137 682 ἐπιὼν
3164 627 3422 690 δείκνυσι,
3439 630 3505 698 τῇ
3537 628 3774 698 ἐπινοίᾳ

2168 724 2300 778 αὐτὸ
2340 725 2419 785 είς
2450 721 2519 775 τὰ
2565 720 2625 785 ἐξ
2666 714 2741 775 ὧν
2790 720 3073 790 σύγκειται
3102 717 3356 781 διαλύων,
3388 719 3483 772 καὶ¹
3527 718 3765 790 χρῶμα,

2146 811 2264 869 ,καὶ
2304 811 2525 882 σχῆμα,
2567 811 2662 866 καὶ
2716 810 3056 874 ἀντιτυπίαν,
3101 808 3198 863 κα)⁸
3250 808 3495 879 μέγεθος,
3538 809 3640 861 καὶ
3687 809 3770 860 τὰ

2169 900 2351 955 λοιπά.
2383 900 2552 955 Πάλιν
2580 900 2648 953 τὰ
2681 900 3022 954 ἀνυπόστατα
3053 898 3154 970 μὲν
3196 897 3497 963 παντελῶς,
3520 896 3673 950 κατὰ
3702 897 3769 949 δὲ
3796 968 3805 973 _

2172 993 2633 1066 ἀναζωγρὰφησίν
2673 1010 2796 1047 τινα
2842 993 2941 1063 τῆς
2971 991 3178 1056 ἐννοίας
3202 992 3294 1045 καὶ
3326 990 3625 1061 φαντασίαν
3659 989 3773 1061 μό-

2171 1102 2270 1157 νην
2298 1083 2736 1155 ἁνατυπούμενα,
2769 1082 2846 1146 ὡς
2873 1083 2974 1138 ὅσα
3003 1084 3051 1134 oi
3088 1080 3372 1155 μυθοποιοὶ
3401 1081 3493 1134 καὶ
3531 1079 3770 1150 ζωγρά-

2174 1197 2265 1248 φοι
2293 1178 2428 1250 πρὸς
2456 1177 2553 1248 τὴν
2571 1175 2680 1229 τῶν
2702 1175 3135 1245 ἐντυγχανόντων
3163 1173 3422 1245 ἔκπληξιν
3441 1170 3774 1245 τερατεύσν-

2172 1288 2262 1324 ται
2284 1271 2403 1324 κατ’
2435 1269 2677 1322 ἐπίνοιαν
2718 1268 2812 1320 καὶ
2842 1266 3012 1321 ταῦτα
3045 1265 3293 1339 θεωρητὰ
3338 1264 3444 1321 ὑπὸ
3478 1265 3577 1334 τῆς
3626 1281 3770 1318 συν-

2168 1360 2360 1431 ηθείας
2376 1358 2613 1426 λέγεται.
2638 1351 2736 1409 Ὧν
2758 1356 2969 1420 οὐδενὸς
2987 1354 3342 1427 ἐπιμνησθεὶς
3364 1350 3536 1419 οὗτος,
3555 1356 3588 1426 ἢ
3605 1355 3769 1426 ἁμα-

2175 1452 2286 1516 θῶς
2322 1453 2356 1523 ἢ
2392 1450 2737 1522 κακούργως,
2790 1450 2918 1521 περὶ
2955 1448 3055 1519 τῆς
3091 1448 3199 1503 τῶν
3240 1448 3602 1520 ἀνυπάρκτων
3636 1453 3771 1507 ἐπιη

2176 1544 2327 1608 νοίας
2372 1543 2538 1614 μόνης
2575 1544 2704 1614 ἡμῖν
2735 1540 3090 1612 ἐφιλοσόφησε
3111 1557 3126 1571 ⁸
3161 1540 3257 1595 καὶ
3284 1541 3403 1593 οὐδὲ
3446 1540 3655 1611 ταύτην
3685 1540 3769 1604 ὡς

2178 1635 2291 1706 ἔχει
2320 1633 2533 1704 φύσεως
2580 1632 2962 1704 ἐξηγούμενος.
3012 1632 3087 1686 Οὐ
3116 1632 3225 1703 γὰρ
3255 1632 3542 1703 σημαίνειν
3572 1631 3681 1703 μὲν
3708 1649 3768 1691 τι

2175 1727 2275 1797 τὴν
2310 1725 2575 1785 ἐπίνοιαν,
2606 1722 2800 1793 ψευδὲς
2849 1722 2907 1776 δέ
2933 1721 3110 1788 τοῦτο,
3146 1722 3347 1794 φησίν·
3384 1722 3519 1775 ἀλλὰ
3561 1739 3770 1775 παντες

2177 1816 2284 1880 λῶς
2307 1817 2411 1886 ἄση
2419 1833 2517 1887 μον
2537 1811 2753 1868 εἶναιτὸ
2776 1813 2967 1884 ὄνομα,
2991 1815 3084 1867 καὶ
3104 1815 3162 1867 ἐν
3192 1813 3328 1887 μόνῃ
3355 1816 3421 1884 τῇ
3452 1808 3769 1885 ἐκφωνήσει

502 1904 701 1962 falsum
739 1904 958 1973 quidem
987 1922 1003 1960 :
1030 1904 1124 1959 sed
1157 1904 1291 1960 dicit
1325 1918 1520 1959 nomen
1558 1919 1678 1960 esse
1712 1906 1829 1960 sine
1869 1905 1972 1959 ulla
2002 1906 2076 1961 si-

2192 1908 2274 1980 ιὴν
2296 1908 2588 1961 ὑπόστασιν
2614 1905 2779 1976 ἔχειν.
2798 1906 2988 1960 Καίτοι
3010 1904 3261 1959 τοσοῦτον
3290 1905 3483 1975 ἀπέχει
3500 1905 3596 1959 τοῦ
3617 1904 3772 1963 κατὰ

506 1996 889 2068 gniticatione,
950 2006 1114 2066 atque
1159 1996 1215 2051 in
1247 1996 1359 2052 sola
1410 1996 1848 2066 pronuntiatione
1900 1996 2076 2051 subsi-

506 2095 672 2151 stere.
706 2086 772 2141 Et
806 2096 983 2141 tamen
1043 2094 1246 2139 tantum
1293 2086 1446 2139 abest
1488 2096 1547 2139 ut
1587 2085 1688 2139 hoc
1715 2085 2076 2154 perceptionis

390 2210 393 2211 ν
505 2192 701 2233 nomen
733 2179 800 2232 de
824 2177 952 2233 solis
974 2179 1128 2235 vanis
1156 2192 1221 2230 ac
1244 2192 1348 2231 non
1374 2176 1761 2232 exsistentibus
1779 2177 1908 2232 visis
1941 2191 2074 2246 prae-

508 2268 737 2332 dicetur,
792 2278 849 2326 ut
884 2278 1005 2337 post
1043 2268 1273 2338 primam
1308 2267 1358 2322 in
1404 2268 1560 2322 nobis
1596 2282 1625 2320 a
1653 2281 1813 2321 sensu
1849 2269 2077 2336 impres-

507 2373 623 2413 sam
654 2358 855 2423 ideam,
903 2360 1236 2414 subtiliorem
1279 2359 1780 2428 accuratioremque
1823 2360 1898 2413 rei
1943 2374 2078 2414 con-

509 2446 926 2514 siderationem,
955 2450 1359 2518 perceptionem
1392 2449 1731 2504 nominemus
1766 2467 1780 2503 :
1829 2452 1971 2506 unde
2012 2466 2079 2506 ex

511 2540 926 2603 consuetudine,
957 2539 1086 2594 licet
1115 2541 1428 2609 improprie,
1456 2541 1802 2596 ratiocinatio
1828 2549 2075 2596 vocatur.

513 2627 682 2706 218
697 2625 857 2683 Verbi
875 2628 1072 2699 gratia,
1093 2628 1255 2683 tritici
1274 2628 1496 2699 simplex
1517 2630 1819 2686 intellectus
1833 2632 2082 2696 omnibus

515 2719 684 2786 inest,
717 2720 859 2789 quod
878 2721 963 2776 ubi
988 2720 1692 2791 apparueritcognoscimus
1722 2738 1734 2772 :
1769 2732 1825 2778 at
1845 2738 1968 2779 cum
1997 2724 2080 2779 di-

514 2809 773 2881 ligentius
795 2811 1142 2881 inquirimus,
1168 2822 1295 2867 tunc
1321 2823 1375 2870 et
1403 2829 1587 2870 rerum
1629 2814 1919 2871 multarum
1948 2830 2083 2872 con-

513 2903 816 2972 templatio,
847 2913 903 2958 et
934 2904 1145 2959 diversa
1176 2907 1392 2961 nomina
1438 2922 1526 2963 res
1560 2908 1866 2964 intellectas
1914 2909 2085 2979 signi-

511 2998 733 3064 ﬁcantia
768 3012 890 3053 sese
913 2998 1094 3053 animo
1122 2997 1378 3054 oderunt.
1412 3000 1707 3056 Enimvero
1743 3002 1885 3058 idem
1938 3002 2076 3057 triti.

513 3105 636 3147 cum
655 3106 796 3145 nunc
821 3089 1077 3153 fructum,
1102 3106 1245 3146 nunc
1261 3106 1468 3158 semen,
1491 3103 1746 3150 etrursus
1766 3094 2085 3150 alimentum

2175 2000 2285 2052 τῶν
2316 1997 2558 2069 ματαίων
2588 1998 2763 2068 μόνων
2782 1997 2891 2067 (52)
2915 1996 3010 2051 καὶ
3039 1995 3422 2050 ἀνυποστάτων
3450 1997 3771 2065 φαντασιῶν

2175 2092 2237 2145 τὸ
2268 2090 2438 2161 ὄνομα
2478 2090 2635 2143 τοῦτο
2660 2091 2759 2161 τῆς
2798 2087 3039 2152 ἐπινοίας
3082 2087 3315 2149 κεῖσθαι,
3361 2087 3502 2141 ὥστε
3534 2087 3681 2158 μετὰ
3708 2089 3773 2145 τὸ

2179 2182 2395 2253 πρῶτον
2421 2183 2554 2253 ἡμῖν
2599 2180 2707 2235 ἀπὸ
2736 2180 2837 2251 τῆς
2877 2179 3181 2250 αἰσθήσεως
3213 2178 3563 2248 ἐγγινόμενον
3587 2178 3773 2248 νόημα

2176 2268 2276 2339 τὴν
2303 2267 2633 2339 λεπτοτέραν
2659 2267 2756 2322 καὶ
2774 2267 3169 2339 ἀκριϐεστέραν
3191 2266 3285 2321 τοῦ
3309 2266 3594 2339 νοηθέντος
3618 2269 3777 2319 ἐπεν-

2180 2358 2417 2431 θύμησιν
2469 2360 2711 2414 ἐπίνοιαν
2768 2359 3169 2431 ὀνομάζεσθαι*
3235 2360 3358 2414 ὅθεν
3422 2361 3457 2431 ἠ
3506 2358 3776 2432 συνήθεια

2181 2452 2339 2508 καλεῖ
2375 2451 2745 2524 ἐπιλογισμὸν,
2776 2452 2825 2506 εἰ
2854 2453 2948 2507 καὶ
2991 2455 3063 2525 μὴ
3100 2453 3316 2516 οἰκείως
3345 2453 3481 2522 (55).
3509 2448 3636 2507 Οἷον
3668 2451 3771 2505 τοῦ

2182 2547 2331 2598 σίτου
2356 2545 2536 2616 νόημα
2568 2545 2666 2616 μὲν
2710 2545 2917 2599 ἁπλοῦν
2962 2545 3260 2618 ἐνυπάρχει
3291 2548 3446 2611 πᾶσι,
3488 2546 3627 2599 καθὸ
3668 2562 3779 2615 φα-

2182 2637 2342 2692 νέντα
2378 2637 2752 2708 γνωρίζομεν
2785 2639 2842 2691 ἐν
2884 2637 2941 2691 δὲ
2971 2640 3036 2710 τῇ
3074 2638 3291 2711 ἀκριϐεῖ
3315 2639 3442 2710 περὶ
3470 2638 3638 2691 αὐτοῦ
3688 2637 3778 2703 ἐξ·

2183 2728 2388 2795 ετάσει,
2418 2728 2618 2797 Θεωρία
2665 2746 2725 2782 τε
2786 2728 3047 2784 πλειόνων
3076 2731 3187 2803 (54)
3235 2732 3635 2804 προσέρχεται,
3682 2732 3781 2789 καὶ

2185 2822 2550 2895 προσηγορίαι
2609 2822 2856 2894 διάφοροι
2914 2823 3023 2877 τῶν
3068 2809 3371 2895 νοηθέντων
3419 2822 3777 2894 σημαντικαί.

2185 2915 2289 2968 Τὸν
2318 2914 2426 2984 γὰρ
2469 2914 2633 2968 αὑτὸν
2669 2916 2814 2969 σῖτον
2843 2914 2939 2969 νῦν
2989 2915 3090 2987 μὲν
3136 2917 3348 2987 καρπὸν
3385 2916 3637 2987 λέγομεν,
3678 2913 3782 2965 νῦν

2185 3009 2243 3063 δὲ
2271 3009 2511 3080 σπέρμα,
2541 3008 2638 3063 καὶ
2664 3009 2826 3063 πάλιν
2854 3011 3062 3082 τροφήν
3081 3027 3095 3040 ·
3127 3010 3339 3081 καρπὸν
3370 3009 3488 3080 μὲν,
3511 3008 3588 3072 ὡς
3624 3006 3785 3071 τέλος

2189 3099 2288 3171 τῆς
2313 3100 2687 3171 παρελθούσης
2711 3101 3011 3173 γεωργίας·
3042 3102 3262 3174 σπέρμα
3285 3102 3363 3167 δὲ,
3388 3103 3463 3164 ὡς
3484 3100 3657 3171 ἀρχὴν
3682 3101 3787 3169 τῆς

515 3180 878 3251 appellamus;
914 3180 1148 3236 fructum
1175 3182 1414 3251 quidem,
1451 3184 1592 3240 velut
1628 3187 1916 3256 praeteritae
1940 3186 2085 3256 agri-

2193 3190 2511 3263 μελλούσηςσ
2542 3193 2751 3264 τροφὴν
2774 3192 2853 3259 δὲ,
2882 3194 2959 3257 ὡς
2985 3194 3317 3264 κατάλληλον
3354 3196 3435 3257 είς
3462 3191 3787 3264 προσθήκην

515 3271 743 3331 cultura:
769 3270 929 3328 tinem
945 3290 963 3329 :
985 3288 1167 3328 semen
1186 3288 1337 3337 vero,
1353 3276 1498 3328 velut
1515 3273 1707 3331 futura:
1729 3277 2083 3347 principium:

518 3367 834 3428 alimentum
865 3371 1116 3441 denique,
1170 3370 1322 3426 velut
1369 3369 1585 3440 corpori
1633 3368 1967 3425 comedentis
1990 3384 2087 3422 au-

523 3460 701 3530 gendo
753 3461 1027 3519 idoneum.
1071 3462 1273 3517 Horum
1330 3461 1750 3530 unumquodque
1784 3468 1840 3514 et.
1879 3460 2090 3515 ratione

526 3552 922 3628 consideratur,
960 3569 1063 3610 nec
1100 3562 1283 3609 tamen
1313 3567 1416 3608 una
1445 3567 1568 3606 cum
1603 3550 1715 3606 oris
1737 3565 1871 3606 sono
1897 3565 2090 3606 evane-

523 3640 660 3697 scit:
697 3656 790 3696 εει.
820 3643 1056 3711 cogitata
1089 3643 1144 3697 in
1178 3642 1468 3713 cogitantis
1498 3642 1680 3697 animo
1709 3642 1814 3698 tlxa
1848 3651 2086 3698 manent.

523 3734 594 3797 Et
629 3734 683 3787 in
713 3749 948 3802 summa,
976 3750 1312 3806 quaecunque
1348 3749 1511 3789 sensu
1542 3739 1982 3805 cognoscuntur,
2027 3750 2092 3790 ac

525 3826 582 3880 in
609 3826 852 3895 subjecw
884 3826 1149 3897 simplicia
1181 3827 1398 3897 quidem
1428 3841 1549 3881 esse
1586 3826 1864 3891 videntur,
1891 3828 2097 3883 variam

2191 3280 2272 3352 τῷ
2299 3279 2392 3334 τοῦ
2434 3282 2877 3354 προσφερομένου
2911 3281 3143 3352 σώματι.
3189 3282 3406 3336 Τούτων
3453 3281 3512 3334 ἓν
3549 3280 3788 3334 ἕκαστον

2191 3375 2301 3429 τῶν
2328 3374 2636 3446 λεγομένων
2664 3375 2759 3429 καὶ
2803 3377 2925 3429 κατ’
2956 3376 3198 3428 ἐπίνοιαν
3226 3374 3529 3447 θεωρεῖται,
3566 3374 3661 3428 καὶ
3703 3373 3789 3445 τῷ

2195 3466 2354 3538 ψόφῳ
2389 3467 2489 3538 τῆς
2513 3466 2766 3540 γλώσσης
2795 3469 2856 3521 οὐ
2902 3467 3332 3540 συναπέρχεταιο
3368 3466 3505 3522 ἀλλὰ
3539 3469 3606 3538 τῇ
3636 3466 3785 3536 ψυχῇ

2195 3557 2290 3612 τοῦ
2335 3557 2657 3629 νενοηκότος
2702 3558 2974 3629 ἐνίδρυται
3022 3558 3091 3612 τὰ
3137 3560 3406 3630 νοήματα.
3450 3557 3560 3612 Καὶ
3606 3555 3787 3619 ἁπαξ-

2197 3648 2405 3713 απλῶς,
2437 3648 2616 3703 πάντα
2635 3647 2783 3720 τὰτῇ
2804 3648 2915 3720 (55)
2937 3647 3185 3719 αἰσθήσει
3213 3645 3488 3717 γνώριμα,
3519 3645 3614 3699 καὶ
3640 3644 3792 3697 ἀπλᾶ

2209 3742 2305 3812 μὲν
2330 3736 2472 3793 εἶναι
2498 3739 2578 3811 τῷ
2610 3739 2956 3810 ὑποκειμένῳ
2978 3737 3260 3801 δοκοῦντα,
3289 3736 3531 3790 ποικίλον
3553 3734 3611 3788 δὲ
3633 3734 3789 3802 λόγον

2206 3831 2350 3885 κατὰ
2405 3830 2507 3903 τὴν
2554 3831 2789 3903 θεωρίαν
2835 3828 3230 3901 ἐπιδεχόμενα,
3277 3827 3491 3900 ἐπινοίᾳ
3537 3824 3790 3897 θεωρητὰ

524 3932 656 3973 vero
686 3919 951 3977 rationem
981 3933 1079 3988 per
1107 3917 1617 3987 contemplationem
1649 3918 1960 3984 admittunt,
1983 3920 2099 3976 haec
2207 3924 2444 3993 λέγεται.

520 4014 703 4071 omnia
743 4011 907 4068 animi
938 4011 1279 4081 perceptione
1302 4009 1402 4065 sub
1438 4010 1946 4079 contemplationem
1985 4014 2181 4071 cadere
2205 4016 2476 4071 dicuntur.

506 4152 513 4161 .
601 4106 657 4163 7.
683 4107 764 4165 Ad
791 4106 933 4160 hunc
956 4104 1071 4160 fere
1097 4104 1519 4167 modum,etiam
1560 4118 1590 4157 a
1612 4104 1793 4157 divina
1828 4103 2113 4176 Scriptura

526 4212 683 4253 usum
710 4198 997 4250 edocemur
1032 4194 1412 4265 perceptionis.
1435 4192 1691 4262 Equidem
1714 4193 1963 4248 omittam
1990 4196 2116 4249 reli-

2285 4108 2334 4160 7.
2377 4107 2574 4177 Ἐγγὺς
2614 4105 2679 4177 δὴ
2706 4104 2817 4173 Ιτοῦ
2858 4105 3101 4160 τοιούτου
3138 4105 3341 4177 τρόπου
3389 4100 3492 4173 τῆς
3549 4096 3793 4152 ἐπινοίας

2213 4200 2310 4271 τὴν
2335 4200 2532 4270 χρῆσιν
2568 4199 2665 4251 καὶ
2699 4196 2853 4269 παρὰ
2888 4197 2981 4251 τοῦ
3011 4198 3157 4252 θείου
3194 4192 3554 4265 δεδιδάγμεθα
3610 4191 3794 4259 λόγου.

526 4302 633 4357 qua
656 4304 685 4355 7;
713 4297 763 4341 et
791 4301 1097 4356 quanquam
1123 4286 1305 4341 dicere
1346 4286 1514 4341 multa
1539 4285 1734 4351 habeo,
1755 4294 1932 4341 tamen
1958 4289 2086 4342 uniu

2217 4291 2297 4345 Τὰ
2334 4292 2430 4363 μὲν
2464 4286 2556 4344 οὖν
2589 4290 2724 4344 ἄλλα
2762 4292 3017 4363 παρήσω,
3056 4288 3230 4343 πολλὰ
3268 4289 3406 4361 ἔχων
3456 4287 3652 4344 εἰπεῖν,
3681 4282 3798 4342 ἐνὸς

526 4380 694 4436 solius
710 4379 1146 4450 opportunissimi
1172 4378 1494 4439 mentionem
1515 4378 1727 4433 faciam.
1747 4378 2005 4439 Dominus
2022 4396 2119 4435 no—

529 4484 643 4541 ster
668 4471 826 4529 Jesus
854 4471 1106 4529 Christus
1139 4484 1260 4523 cum
1285 4470 1349 4527 de
1374 4469 1551 4540 seipso
1569 4468 1727 4524 verba
1751 4467 1984 4535 faceret,
2009 4469 2121 4523 dei-

530 4566 763 4635 (atisque
780 4564 830 4617 in
850 4563 1095 4619 homines
1112 4560 1386 4625 allectum,
1404 4572 1569 4629 atque
1591 4560 1976 4618 incarnationis
1993 4576 2117 4630 gra-

529 4662 662 4714 tiam
679 4659 984 4714 hominibus
1004 4654 1751 4725 declararet,proprietatibus
1771 4654 2115 4724 quibusdam,

531 4769 666 4822 quas
688 4753 741 4806 in
768 4752 885 4821 ipso
900 4750 1246 4823 contemplari
1276 4732 1583 4819 possumus,
1606 4749 1750 4803 hunc
1777 4763 1932 4801 usum
1953 4747 2118 4816 signi-

533 4845 733 4902 licavit.
773 4843 906 4898 Nam
938 4844 1173 4913 seipsum
1209 4843 1344 4898 dixit
1371 4849 1597 4911 portam,
1617 4840 2022 4909 viam,panem,
2042 4837 2119 4890 vi-

534 4946 664 5002 tem,
682 4946 976 5008 pastorem,
998 4950 1060 4990 ac
1083 4935 1256 4990 lucem
1279 4934 1346 4999 “,
1367 4933 1455 5003 qui
1487 4942 1665 4987 tamen
1686 4931 1868 4985 multis
1896 4928 2120 4992 nomini-

2216 4384 2273 4437 δὲ
2326 4383 2488 4453 μόνου
2534 4382 2627 4436 τού
2655 4383 3021 4453 καιριωτάτου
3062 4380 3463 4451 μνησθήσομαι.
3502 4378 3561 4429 '0
3594 4374 3799 4443 Κύριος

2222 4469 2378 4541 ἡμῶν
2423 4469 2634 4540 Ἰησοῦς
2664 4470 2901 4540 Χριστὸς
2931 4470 3042 4540 (56)
3071 4472 3133 4522 ὲν
3158 4472 3272 4533 τοῖς
3314 4468 3445 4539 περὶ
3482 4464 3677 4519 ἑαυτοῦ
3707 4461 3799 4513 16—

2150 4606 2194 4663 D
2220 4579 2359 4630 γοις,
2394 4562 2494 4633 τὴν
2526 4561 2939 4634 φιλανθρωπίαν
2989 4564 3089 4632 τῆς
3136 4562 3388 4634 θεότητος
3443 4557 3537 4611 καὶ
3580 4554 3706 4663 τὴνῇ
3740 4553 3804 4661 ἐξ

2223 4654 2535 4725 οἰκονομίας
2566 4654 2727 4725 χάριν
2762 4657 2877 4718 τοῖς
2913 4654 3221 4725 ἀνθρώποις
3262 4649 3621 4723 παραδηλῶν,
3660 4644 3803 4699 ἰδιώ-

2227 4745 2359 4817 μασί
2393 4762 2503 4798 τισι
2531 4747 2645 4809 τοῖς
2671 4745 2800 4816 περὶ
2834 4743 2999 4797 αὑτὸν
3042 4741 3432 4814 θεωρουμένοις
3455 4737 3804 4808 ἀπεσήμαινε

2222 4834 2427 4906 ταύτην
2485 4835 2622 4906 (57),
2650 4834 2846 4907 θύραν
2893 4833 3086 4888 ἐαυτὸν
3133 4833 3344 4900 λέγων,
3389 4830 3483 4882 καὶ
3525 4828 3667 4892 ὁδὸν,
3707 4829 3807 4879 καὶ

2225 4927 2413 5000 ἄρτον,
2450 4929 2544 4982 κα)¹
2569 4927 2835 4999 ἄμπελον,
2864 4927 2959 4986 καὶ
3003 4925 3256 5002 ποιμένα,
3298 4925 3393 4983 καὶ
3437 4921 3574 4995 φῶς,
3606 4921 3672 4973 οὐ
3703 4936 3805 4971 πο-

604 5066 829 5161 “Joan,
860 5107 915 5160 x_,
949 5093 1011 5156 9;
1044 5105 1155 5156 xlv,
1186 5089 1355 5158 6;“,
1383 5088 1484 5155 51;
1522 5103 1613 5155 xv,
1649 5088 1674 5141 1
1706 5103 1722 5149 ξ
1758 5103 1812 5151 x,
1850 5085 1909 5140 Η
1947 5101 1963 5151 ;
1996 5081 2207 5148 νιιι,12,

605 5255 720 5327 ('52)
763 5254 991 5310 Codices
1044 5253 1289 5319 nonnuui
1324 5249 1507 5320 μόνον.
1552 5247 1751 5309 Statim
1776 5247 1942 5303 codex
1970 5263 2091 5301 unus

608 5344 657 5379 ιιι
715 5326 875 5380 editis
906 5326 971 5385 ἐκ
1009 5325 1109 5385 τῆς
1167 5321 1496 5385 αἰσθήσεως.
1528 5319 1596 5373 At
1638 5334 1767 5375 mss.
1822 5318 1974 5373 multi
2013 5318 2091 5371 ἀπ

2220 5244 2327 5304 θεω
2369 5243 2422 5299 ία
2448 5259 2510 5295 τε
2545 5241 2767 5296 πλείων.

2299 5262 2412 5385 (ἕὸ)
2471 5313 2620 5368 Editi
2666 5310 2767 5367 πάν

535 5317 657 5386 cuin
701 5317 875 5380 'editis
906 5326 971 5385 ἐκ
1009 5325 1109 5396 τῆς
1167 5317 1496 5392 αἰσθήσεως.
1528 5319 1596 5373 At
1638 5334 1767 5375 mss.
1822 5318 1974 5373 multi
2013 5317 2123 5371 ἀπὸ

534 5398 654 5466 τῆς.

524 5514 531 5519 .
593 5456 724 5537 ('65)
750 5463 944 5518 Totum
1005 5464 1156 5524 illud,
1187 5463 1309 5517 ὅθεν
1356 5459 1684 5587 ῧσυνήθεια
1727 5456 1885 5525 καλεῖ
1943 5457 2126 5538 ἐπιλο-

536 5536 757 5587 γισμὸν.
790 5537 839 5587 εί
871 5535 965 5587 καὶ
999 5534 1071 5587 μὴ
1098 5534 1336 5587 οἰκείως.
1410 5535 1508 5586 nde
1536 5531 1854 5584 consuetudo
1877 5537 2127 5581 attentio-

536 5534 839 5610 κνισμὸν-εί
871 5535 965 5610 καὶ
998 5534 1073 5605 μὴ
1098 5534 1336 5600 οἰκείως,

2358 5297 2419 5386 5)
2471 5313 2620 5368 Editi
2666 5310 2845 5367 πάντα
2886 5309 2977 5379 τῇ.
3034 5302 3180 5359 Libri
3243 5308 3455 5355 veteres
3508 5298 3690 5352 πάντα
3739 5297 3810 5349 τὰ

2227 5389 2413 5527 “(se
2443 5452 2688 5527 Epdice?
2741 5443 3091 5527 «magnae:
3142 5437 3809 5527 K9‘“?%I‘°9-i_9923_“

2231 5506 2519 5581 loeovediti
2553 5506 2684 5593 περὶ
2710 5517 2899 5576 αὑτοῦ.
2938 5506 3160 5584 ληιίηυὶ
3196 5506 3319 5568 ἰιεε
3345 5509 3466 5563 libri
3511 5524 3640 5578 περι
3685 5506 3810 5562 ἑαυ-

542 5595 655 5658 ἰιεηὶ
690 5595 1077 5673 diligentior-eui
1112 5615 1261 5659 vocat
1294 5595 1782 5655 'ratiocinationem
1806 5639 1825 5666 ,
1874 5598 2125 5673 asinae]:
2229 5595 2347 5673 τούζ

539 5677 775 5743 proprie,
792 5666 866 5729 'in
892 5677 1074 5733 multis
1106 5673 1384 5741 codicibus
1410 5673 1798 5743 desideratur;
1849 5669 1942 5723 sed
1994 5666 2127 5743 legi-

2305 5646 2419 5737 (37)
2450 5664 2606 5737 “Reg.
2659 5668 2886 5737 quartus
2930 5646 3812 5737 praenuntia(«adtrivxhiouere

543 5725 1438 5813 Eu'r'ni'dtiaqiié‘édiiibieﬂt‘in
1474 5741 1651 5805 Colb.,
1683 5749 1737 5795 et
1763 5740 1815 5797 in
1882 5725 2126 5808 margine
2229 5725 2831 5813 juvan’iliudiyaiimv.
2863 5725 3206 5784 reterendu'm
3244 5736 3367 5778 esse
3404 5725 3471 5775 ad
3504 5732 3688 5774 νοεεω
3719 5732 3811 5774 δι·

541 5810 923 5940 Βεςίιιυιηιῖ.

617 5885 630 5952 t
678 5883 728 5951 tl
793 5881 923 5949 Rut-

678 5876 758 5951 ιγ
793 5881 926 5949 Req.
977 5881 1165 5949 tertius
1216 5881 1418 5964 θεωρία
1473 5897 1531 5941 τε
1590 5882 1791 5942 πλειον.
1828 5877 1959 5947 Reg.
1990 5876 2127 5932 alter

2235 5800 2504 5880 perierem
2554 5803 2653 5869 τὴν
2673 5800 2889 5875 χρῆσιν.
