4016 6220
306 329 415 383 5ῗὸ

1419 324 1801 385 ADVERSUS
1839 324 2207 384 EUNOMIUM
2249 324 2378 380 LIB.
2419 320 2460 376 Ι.

3460 330 3561 389 598

297 452 582 523 λυώνυμός
606 468 689 515 τις
713 450 808 504 ὤν’
844 451 905 504 ού
937 451 1045 523 γάρ
1079 450 1258 505 πάντα
1293 449 1360 503 τὰ
1384 450 1623 522 ὀνόματα
1645 452 1725 515 εἰς
1747 468 1880 504 ταυ-

1992 451 2082 504 bus
2112 449 2366 517 praeditus
2394 462 2499 502 non
2527 456 2608 502 est
2629 464 2642 511 ;
2664 461 2763 502 nec
2793 448 2935 502 enim
2957 449 3174 503 nomina
3209 452 3385 506 omnia
3424 455 3563 509 inter

298 545 390 599 τὸν
420 544 669 614 ἀλλήλοις
709 544 885 616 φέρει.
913 544 1075 596 Ἀλλο
1106 544 1214 615 γὰρ
1237 543 1297 595 τὸ
1330 544 1727 614 σημαινόμενον
1766 561 1879 612 φω-

299 640 407 703 τὸς,
438 638 532 691 καὶ
570 637 696 691 ἄλλο
724 638 994 709 ἀμπέλου,
1021 637 1113 691 καὶ
1142 636 1271 691 ἄλλο
1302 636 1446 702 ὁδοῦ,
1474 636 1569 689 καὶ
1606 635 1735 689 ἄλλο
1762 653 1881 688 ποι-

303 732 483 802 μένος.
531 730 668 786 Ἀλλ’
706 731 764 786 ἓν
796 731 871 784 ὢν
914 731 1058 784 κατὰ
1097 731 1158 784 τὸ
1205 730 1584 801 ὑποκείμενον,
1636 730 1731 783 καὶ
1782 730 1879 799 μία

300 823 455 876 οὐσία
469 824 560 876 καὶ
573 822 715 892 ἁπλῆ
730 824 825 877 καὶ
836 822 1146 886 ἀσύνθετος,
1162 822 1348 875 ἄλλοτε
1365 821 1538 885 ἄλλως
1556 823 1744 876 ἑαυτὸν
1769 821 1883 874 ὀνο-

304 918 484 990 μάζει,
503 921 621 981 ταῖς
641 918 906 980 ἐπινοίαις
928 917 1287 988 διαφερούσας
1311 916 1555 987 ἀλλήλων
1576 916 1675 979 τὰς
1710 933 1879 987 προσ-

307 1012 529 1085 ηγορίας
548 1011 1041 1083 μεθαρμοζόμενος.
1054 1011 1211 1065 Κατά
1226 1012 1299 1079 γά
1310 1029 1339 1081 ρ
1357 1009 1454 1080 τὴν
1466 1009 1574 1063 τῶν
1591 1008 1882 1081 ἐνεργειῶν

302 1100 589 1173 διαφορὰν,
635 1101 730 1154 καὶ
773 1101 871 1172 τὴν
908 1101 1045 1173 πρὸς
1086 1101 1155 1153 τά
1193 1100 1630 1172 εύεργετούμενα
1676 1102 1880 1169 σχέσιν,

303 1193 533 1263 διάφορα
561 1190 737 1261 ἐαυτῷ
780 1193 873 1244 καὶ
905 1191 974 1243 τά
999 1187 1240 1261 ὀνόματα
1261 1191 1487 1244 τίθεται.
1512 1190 1630 1255 Φῶς
1656 1191 1755 1262 μὲν
1775 1190 1883 1261 γὰρ

304 1286 493 1339 ἑαυτὸν
526 1285 620 1339 τοῦ
668 1287 873 1357 κόσμου
907 1284 1075 1353 λέγει,
1106 1285 1168 1337 τό
1188 1301 1247 1336 τε
1282 1284 1576 1355 ἀπρόσιτον
1605 1283 1706 1354 τῆς
1731 1285 1789 1336 ἐν
1816 1287 1883 1356 τῇ

304 1376 518 1447 θεότητι
535 1377 690 1447 δόξης
719 1377 795 1448 τῷ
822 1378 1045 1449 ὀνόματι
1072 1377 1247 1447 τούτῳ
1276 1375 1666 1446 διασημαίνων,
1686 1377 1779 1429 καὶ
1810 1377 1886 1439 ὼς

304 1473 371 1540 τῇ
401 1470 747 1542 λαμπρότητι
778 1470 880 1541 τῆς
907 1469 1162 1539 γνώσεως
1197 1470 1324 1533 τοὺς
1357 1468 1802 1539 κεκαθαρμένους
1827 1468 1886 1521 τὸ

304 1563 461 1633 ὄμμα
486 1562 585 1632 τῆς
606 1562 781 1634 ψυχῆς
808 1562 1168 1631 καταυγάζων
1187 1576 1203 1593 ⁸
1231 1559 1476 1631 ἄμπελον
1530 1559 1609 1624 δὲ,
1639 1560 1716 1623 ὡς
1757 1561 1886 1623 τοὺς

305 1655 362 1706 ἐν
402 1655 554 1727 αὐτῷ
587 1655 729 1709 κατά
769 1657 868 1727 τὴν
899 1656 1083 1708 πίστιν
1133 1653 1536 1726 ἐρριζωμένους
1583 1655 1669 1706 ἐπ’
1710 1652 1886 1724 έργων

304 1747 522 1815 ἀγαθῶν
546 1749 943 1821 καρποφορίαις
970 1749 1267 1819 ἐκτρέφωψ
1293 1748 1455 1817 ἄρτον
1483 1747 1559 1813 δέ,
1587 1746 1663 1809 ὡς
1695 1748 1889 1800 οἰκειο-

1980 557 2039 597 se
2054 543 2414 613 signiﬁcatum
2432 540 2676 595 eumdem
2696 556 2804 611 pra:
2828 556 2885 594 se
2905 541 3099 596 ferunt.
3114 541 3401 599 Enimvero
3418 546 3561 598 aliud

1980 633 2093 698 lux,
2136 634 2280 687 aliud
2316 633 2464 696 vitis,
2516 632 2661 686 aliud
2712 634 2819 696 via,
2853 633 2994 686 aliud
3040 646 3235 702 βόειον»
3268 636 3560 705 signiﬁcat.

1985 725 2091 780 Sed
2116 740 2238 779 cum
2267 740 2427 779 unum
2453 724 2522 779 sit
2563 725 2856 779 secundum
2898 725 3220 794 subjectum,
3255 728 3432 796 sitque
3458 744 3560 781 una

1983 818 2280 873 substantia
2319 818 2578 887 simplex,
2608 806 2663 872 et
2704 834 2809 872 non
2858 818 3187 886 composita,
3215 819 3350 873 alias
3404 820 3563 875 aliter

1983 925 2041 966 se
2083 912 2197 979 ipse
2256 910 2530 976 nominat,
2563 912 2805 965 diversas
2863 911 3253 980 appellationes
3310 913 3453 966 inter
3502 926 3563 968 se

1982 1002 2192 1057 ratione
2257 1002 2578 1057 dissidentes
2631 1003 2734 1058 sibi
2794 1004 2894 1072 ipsi
2953 1004 3384 1059 accommodans.
3427 1002 3561 1057 Nam

1983 1110 2082 1164 pro
2111 1096 2484 1166 operationmn
2542 1096 2881 1159 diversitate,
2908 1104 2961 1151 et
3008 1111 3105 1165 pro
3143 1111 3204 1149 ea
3248 1094 3563 1150 habitudine

1982 1202 2145 1257 quam
2178 1190 2244 1242 ad
2277 1203 2339 1243 ea
2377 1188 2562 1253 habet,
2589 1204 2707 1256 quae
2756 1189 3032 1244 beneﬁciis
3076 1190 3191 1259 ejus
3237 1188 3560 1253 afﬁciuntur,

1986 1283 2198 1338 diversa
2227 1298 2442 1351 quoque
2473 1282 2578 1337 sibi
2605 1282 2823 1337 nomina
2875 1285 3123 1353 imponit.
3154 1282 3286 1337 Nam
3318 1282 3437 1337 ideo
3475 1297 3563 1337 se-

1985 1374 2161 1441 ipsum
2193 1372 2364 1427 lucem
2399 1373 2585 1427 mundi
2635 1374 2783 1438 dicit,
2814 1373 2955 1442 quod
2999 1375 3194 1444 partim
3227 1374 3561 1427 inaccessam

1986 1465 2200 1520 deitatis
2242 1464 2573 1534 majestatem
2628 1466 2731 1522 hoc
2771 1468 2987 1522 nomine
3023 1467 3329 1536 signiﬁcet,
3366 1467 3562 1536 partim

1984 1560 2130 1627 quod
2183 1559 2471 1627 splendore
2510 1559 2750 1615 scientia:
2800 1574 2894 1614 eos
2947 1560 3038 1628 qui
3094 1568 3347 1629 purgatos
3398 1559 3562 1613 animi

1986 1651 2174 1706 oculos
2201 1651 2419 1715 habent,
2450 1651 2736 1706 illuminet.
2771 1650 2950 1706 Vitem
2979 1667 3141 1718 vero,
3172 1654 3313 1721 quod
3341 1668 3436 1709 eos
3470 1655 3563 1723 qui

1988 1741 2042 1794 in
2068 1756 2133 1795 eo
2177 1755 2274 1809 per
2303 1741 2459 1797 ﬁdem
2521 1743 2733 1798 radices
2769 1756 3016 1813 egerunt,
3041 1743 3303 1798 bonorum
3341 1760 3562 1814 operum

305 1838 439 1908 τάτη
475 1842 646 1911 τροφὴ
679 1840 895 1909 λογικοῦ
946 1842 1248 1909 τυγχάνων,
1303 1839 1380 1911 τῷ
1425 1839 1737 1911 διακρατεῖν
1785 1839 1884 1909 τὴν

1992 1832 2264 1889 fertilitate
2310 1836 2570 1891 enutriat.
2627 1835 2827 1891 Panem
2884 1848 3085 1904 autem,
3125 1838 3268 1908 quod
3309 1838 3379 1891 sit
3415 1838 3567 1893 cibus

308 1931 564 1985 σύστασιν
584 1933 685 2001 τῆς
717 1933 915 2004 ψυχῆς,
941 1935 1036 1986 καὶ
1059 1934 1121 1987 τὸ
1153 1934 1349 2004 ἰδίωμα
1377 1932 1546 2003 αὐτῆς
1576 1930 1883 1994 διασώζειν,

306 2023 638 2095 ἀναπληρῶν
669 2026 781 2095 (58)
815 2026 903 2079 ἀεὶ
927 2028 1055 2097 παρ’
1080 2026 1273 2079 ἐαυτοῦ
1301 2024 1361 2077 τὸ
1388 2023 1584 2087 ἐνδέον,
1622 2022 1717 2076 καὶ
1750 2022 1886 2093 πρὸς

305 2115 404 2186 τὴν
454 2116 513 2183 ἐξ
560 2117 782 2186 ἀλογίας
834 2118 1187 2188 ἐγγινομένην
1243 2116 1555 2188 ἀρρωστίαν
1611 2116 1713 2168 οὐκ
1780 2113 1885 2167 ἐῶν

306 2210 672 2280 ὑποφέρεσθαι
714 2211 845 2280 (⁵59).
878 2211 989 2264 Καὶ⁵
1035 2210 1206 2274 οὕτως
1241 2210 1305 2263 ἄν
1344 2228 1429 2274 τις
1461 2209 1571 2263 τῶν
1604 2209 1885 2279 ὀνομάτων

306 2299 533 2353 ἕκαστον
564 2300 834 2369 ἐφοδεύων
876 2300 1127 2364 ποικίλας
1167 2300 1318 2371 εὖροι
1357 2300 1457 2364 τὰς
1498 2302 1739 2363 ἐπινοίας
1768 2301 1885 2363 ἐνὸς

304 2390 538 2443 ἑκάστου
577 2390 671 2443 τοῦ
711 2391 851 2445 κατὰ
883 2391 981 2464 τὴν
1009 2392 1197 2445 οὐσίαν
1236 2394 1350 2455 τοῖς
1384 2392 1549 2445 πᾶσιν
1593 2392 1888 2461 ὑποκειμέ-

308 2499 419 2535 νου.
472 2482 567 2545 Τίς
606 2479 698 2536 οὖν
741 2482 883 2537 οὕτω
929 2484 1025 2555 τὴν
1068 2484 1319 2553 γλῶσσαν
1370 2484 1508 2554 πρὸς
1540 2483 1888 2554 βλασφημίαν

308 2573 592 2645 ἠκόνηται,
639 2575 780 2627 ὥστε
814 2576 1079 2645 τολμῆσαι
1129 2578 1305 2628 εἰπεῖν
1353 2579 1471 2639 ταῖς
1532 2580 1739 2645 φωναῖς
1790 2576 1889 2640 τάς

309 2666 553 2729 ἐπινοίας
584 2666 785 2730 ταύτας
819 2666 1258 2733 συνδιαλύεσθαι;
1299 2668 1364 2721 Τί
1405 2663 1495 2721 οῦν
1524 2669 1722 2722 ἄτοπον
1749 2668 1889 2723 οὕτω

310 2759 405 2812 καὶ
434 2760 526 2812 ἐπὶ
557 2759 649 2812 τοῦ
685 2758 819 2812 Θεοῦ
860 2760 970 2813 τῶν
1002 2760 1138 2814 ὅλων
1187 2760 1564 2831 λαμϐάνεσθαί
1596 2778 1717 2815 τινα
1767 2761 1887 2814 κατ’

314 2853 577 2918 ἐπίνοιαν,
621 2853 713 2905 καὶ
760 2854 890 2907 αὐτὸ
930 2853 1089 2907 τοῦτο
1139 2855 1357 2925 πρῶτον
1398 2854 1548 2925 (40),
1594 2855 1723 2926 περὶ
1760 2847 1820 2907 οῦ
1861 2856 1889 2907 ὁ

313 2944 532 3013 σύμπας
562 2948 693 3014 ἡμῖν
723 2945 1004 3014 κεκίνηται
1029 2946 1219 3014 λόγος;
1252 2947 1572 3018 Εὑρήσομεν
1599 2944 1707 3017 γὰρ
1735 2945 1890 2999 οὐδα-

317 3036 431 3105 μῶς
449 3037 650 3108 ἑτέρως
671 3037 963 3106 λεγόμενον
991 3037 1051 3090 τὸ
1070 3038 1422 3107 ἀγέννητον.
1457 3037 1767 3109 Ἀφθαρτον
1783 3038 1889 3109 γὰρ

315 3127 428 3198 (41)
454 3129 548 3181 καὶ
584 3129 878 3199 ἀγέννητον
902 3126 1039 3182 εἶναι
1065 3129 1156 3183 τὸν
1188 3130 1319 3183 Θεὸν
1354 3129 1459 3183 τῶν
1483 3131 1616 3183 ὅλων
1638 3130 1888 3203 λέγομεν,

315 3220 456 3273 κατὰ
498 3220 784 3292 διαφόρους
825 3221 1079 3285 ἐπιϐολὰς
1111 3227 1223 3286 τοῖς
1252 3222 1477 3293 ὀνόμασι
1493 3223 1701 3288 τούτοις
1734 3241 1894 3295 προσ-

315 3308 685 3380 αγορεύοντες.
707 3310 875 3364 Ὅταν
923 3314 1021 3382 μὲν
1050 3312 1158 3383 γὰρ
1187 3318 1266 3377 εἰς
1294 3315 1420 3377 τοὺς
1440 3314 1667 3368 κατόπιν
1693 3314 1894 3379 αἰῶνας

317 3396 732 3467 ἀποϐλέψωμιν,
772 3399 1289 3469 ύπερεκπίπτουσαν
1322 3404 1509 3473 πάσης
1539 3404 1715 3475 ἀρχῆς
1743 3406 1893 3476 εὑρί-

319 3503 538 3551 σκοντες
574 3488 671 3559 τὴν
698 3488 841 3561 ζωὴν
870 3491 963 3543 τοῦ
1004 3492 1160 3557 Θεοῦ,
1206 3494 1500 3565 ἀγέννητον
1547 3495 1709 3549 αὑτὸν
1741 3496 1894 3564 λέγο-

321 3595 420 3649 μεν
440 3596 452 3609 ·
484 3580 611 3633 ὅταν
639 3581 696 3634 δὲ
725 3584 835 3645 τοῖς
863 3585 1252 3655 ἐπερχομένοις
1283 3586 1444 3640 αἰῶσι
1468 3588 1559 3642 τὸν
1580 3588 1704 3642 νοῦν
1733 3591 1896 3643 ἐπεκ-

316 3671 599 3743 τείνωμεν,
634 3673 726 3727 τὸν
763 3675 1014 3746 ἀόριστον
1038 3678 1150 3747 (42)
1181 3678 1276 3732 καὶ
1312 3680 1561 3752 ἄπειρον,
1596 3683 1688 3735 καὶ
1721 3683 1896 3736 οὐδενὶ

316 3763 459 3817 τέλει
509 3766 855 3836 καταληπτὸν
905 3771 1384 3842 προσαγορεύομεν
1452 3773 1752 3846 ἄφθαρτον.
1812 3776 1897 3839 Ὡς

317 3852 410 3909 οὖν
453 3857 513 3910 τὸ
546 3858 899 3930 ἀτελεύτητον
940 3861 1039 3931 τῆς
1071 3862 1216 3933 ζωῆς
1251 3864 1364 3936 (45)
1421 3865 1719 3938 ἄφθαρτον,
1756 3868 1897 3921 οὕτω

317 3946 377 3999 τὸ
414 3947 644 4019 ἄναρχον
697 3950 869 4021 αὐτῆς
900 3953 1193 4024 ἀγέννητον
1222 3955 1537 4027 ὠνομάσθη,
1590 3961 1656 4028 τῇ
1688 3959 1899 4029 ἐπινοίᾳ.

320 4039 666 4109 θεωρούντων
686 4045 718 4113 ἡ
727 4043 844 4113 μῶν
867 4045 1027 4098 ἐκάτε
1038 4063 1122 4117 ρα.
1158 4046 1253 4110 Τίς
1276 4044 1367 4101 οῦν
1392 4050 1607 4121 ἀντερεί
1636 4050 1791 4118 λόγος
1807 4054 1900 4105 καὶ

321 4134 648 4189 ἐπινοεῖσθαι
676 4136 784 4189 τῶν
821 4139 1101 4208 ὀνομάτων
1129 4140 1334 4194 τούτων
1358 4144 1634 4215 ἑκάτερον,
1654 4146 1747 4198 καὶ
1775 4147 1902 4216 ὁμο-

321 4222 507 4291 λογίαν
551 4223 688 4281 εἷναι
721 4229 813 4281 τοῦ
851 4231 969 4282 κατ’
1008 4230 1269 4302 ἀλήθειαν
1298 4232 1375 4302 τῷ
1408 4233 1528 4304 Θεῷ
1567 4237 1898 4305 προσόντος;

333 4315 392 4367 '0
408 4316 462 4368 δὲ
473 4316 547 4380 ὡς
570 4321 851 4390 μαχόμενα
872 4320 1045 4375 ταῦτα
1061 4325 1155 4376 καὶ
1169 4324 1461 4395 ἀσύμϐατα
1494 4327 1770 4391 παντελῶς
1789 4329 1900 4400 (44)

323 4407 417 4459 ἀπ’
440 4409 678 4479 ἀλλήλων
714 4413 949 4485 διίστησι
970 4432 983 4444 ο
1015 4416 1097 4474 τὸ,
1129 4418 1183 4468 τ¹ι
1215 4418 1333 4470 κατ’
1368 4420 1613 4475 ἐπίνοιαν
1646 4422 1702 4475 τὶ
1746 4422 1901 4491 λέγε-

1987 1928 2180 1983 mentis
2225 1929 2457 1982 maxime
2499 1931 2783 1999 proprius,
2822 1934 3019 2000 quippe
3058 1931 3150 1999 qui
3206 1931 3400 1985 animae
3452 1939 3565 1984 sta-

1988 2032 2098 2075 tum
2133 2022 2403 2076 sustineat
2427 2033 2591 2093 atque
2623 2026 3010 2093 proprietatem
3046 2023 3162 2091 ejus
3193 2023 3565 2087 conservet,id

1985 2116 2127 2185 quod
2154 2116 2311 2170 deest
2356 2116 2578 2185 explens
2624 2131 2838 2185 semper
2882 2118 2947 2171 de
2990 2118 3186 2185 seipse,
3230 2132 3331 2171 nec
3365 2116 3566 2172 sensim

1987 2207 2167 2262 delabi
2195 2210 2381 2263 sinens
2411 2210 2475 2262 ad
2513 2222 2633 2262 eam
2673 2225 2794 2279 quae
2821 2225 2882 2264 ex
2926 2210 3152 2264 rationis
3183 2209 3362 2280 inopia
3387 2224 3570 2266 emer-

1987 2300 2066 2371 git
2097 2298 2486 2356 inﬁrmitatem.
2516 2301 2667 2368 Quod
2700 2302 2743 2355 si
2771 2301 3037 2371 quispiam
3085 2303 3156 2355 ita
3200 2302 3417 2356 nomina
3458 2302 3570 2357 sin-

1985 2392 2111 2463 gula
2138 2403 2436 2461 percurrat,
2457 2395 2695 2449 rationes
2720 2396 2898 2449 varias
2925 2394 3170 2449 invenire
3191 2394 3410 2463 poterit,
3432 2402 3569 2446 tam-

1987 2487 2087 2541 etsi
2111 2487 2404 2541 secundum
2431 2487 2787 2541 substantiam
2822 2503 2983 2541 unum
3014 2495 3068 2540 et
3095 2486 3232 2541 idem
3270 2485 3568 2554 subjectum

1988 2587 2073 2634 est
2105 2577 2378 2633 omnibus.
2419 2578 2553 2645 Quis
2589 2579 2754 2649 igitur
2795 2579 2873 2634 sic
2902 2587 3142 2648 paratam
3203 2577 3271 2632 ad
3320 2578 3573 2646 blasphe-

1990 2671 2244 2725 mandum
2303 2672 2467 2727 habet
2513 2672 2772 2742 linguam,
2815 2682 2875 2726 ut
2910 2674 3090 2725 dicere
3142 2673 3359 2735 audeat,
3409 2670 3571 2726 simul

1990 2775 2110 2814 cum
2142 2763 2364 2818 vocibus
2390 2764 2487 2818 has
2534 2762 2908 2832 perceptiones
2950 2763 3169 2817 interire
3192 2763 3215 2816 7
3238 2763 3374 2829 Quid
3409 2761 3572 2831 igitur

1989 2852 2208 2907 absurdi
2231 2863 2333 2918 est,
2360 2854 2423 2908 ad
2450 2855 2592 2909 hunc
2623 2854 2784 2907 etiam
2820 2855 3034 2907 modum
3059 2854 3127 2909 de
3158 2855 3266 2908 Deo
3289 2854 3571 2908 universo-

1992 2960 2107 2998 rum
2128 2945 2292 3016 219
2305 2947 2549 3015 quaedam
2573 2946 2867 3001 secundum
2887 2945 3283 3014 perceptionem
3304 2945 3497 3013 accipi,
3516 2953 3572 2999 et

1993 3037 2095 3090 hoc
2130 3036 2300 3103 ipsum
2332 3036 2586 3104 primum,
2620 3036 2687 3091 de
2718 3051 2824 3106 quo
2859 3037 3015 3092 nobis
3060 3046 3169 3093 tota
3214 3038 3459 3093 instituta
3489 3048 3573 3094 est

1995 3128 2322 3198 disputatio?
2349 3128 2624 3200 Nusquam
2647 3132 2789 3186 enim
2828 3133 3162 3202 reperiemus
3190 3149 3374 3189 vocem
3408 3136 3570 3199 hanc,

1996 3219 2486 3287 ingenerationem,
2540 3221 2699 3275 aliter
2774 3223 3045 3292 usurpari.
3108 3223 3572 3292 lncorruptibilem

1994 3326 2231 3378 namque
2262 3325 2326 3364 ac
2370 3312 2667 3382 ingenitum
2711 3313 2878 3366 Deum
2917 3314 3293 3370 universorum
3321 3316 3571 3381 dicimus,

1993 3417 2116 3457 eum
2144 3400 2479 3472 pro‘diversa
2515 3407 2735 3461 notione
2760 3407 2845 3461 his
2888 3406 3195 3462 nominibus
3220 3407 3573 3477 appellantes.

1995 3496 2126 3551 Cum
2157 3498 2300 3553 enim
2326 3498 2379 3553 in
2413 3508 2687 3555 transacta
2708 3501 2821 3569 jam
2850 3499 3046 3555 sarcula
3084 3500 3423 3568 respicimus,
3455 3500 3576 3554 Dei-

1996 3605 2101 3660 que
2134 3593 2242 3647 vita
2271 3593 2593 3662 principium
2621 3608 2781 3648 omne
2814 3608 3073 3663 superare
3102 3609 3132 3648 a
3167 3594 3324 3649 nobis
3360 3594 3575 3647 inveni-

1999 3693 2119 3752 tur,
2147 3694 2273 3739 tunc
2302 3686 2597 3755 ingenitum
2645 3687 2817 3755 ipsum
2870 3686 3142 3742 dicimus:
3183 3702 3305 3742 cum
3351 3699 3479 3741 vero
3519 3686 3575 3741 in

2000 3776 2179 3833 futura
2226 3779 2421 3835 sarcula
2475 3780 2857 3849 cogitationem
2894 3781 3256 3845 extendimus,
3294 3794 3440 3847 eum,
3476 3794 3575 3834 ceu

1990 3870 2265 3926 inﬁnitum
2316 3887 2379 3927 ac
2414 3873 2756 3940 immensum,
2782 3890 2880 3927 nec
2923 3873 3029 3928 ullo
3070 3873 3176 3927 ﬁne
3221 3874 3577 3943 comprehen-

2000 3978 2139 4028 sum,
2172 3965 2935 4034 vocamusjncorruptibilem.
2971 3966 3429 4031 Quemadmodum
3479 3966 3578 4033 igi-

2002 4064 2090 4108 tur
2117 4056 2225 4109 vita
2256 4056 2359 4111 ﬁne
2387 4072 2578 4112 carens
2595 4058 2791 4113 dicitur
2820 4058 3302 4128 incorruptibilitas
3336 4076 3350 4112 :
3383 4058 3453 4112 ita
3479 4074 3573 4113 ea-

2001 4148 2120 4202 dem
2160 4150 2407 4219 principii
2439 4166 2632 4221 expers
2672 4161 2898 4207 vocatur
2932 4152 3288 4219 ingeneratio,
3310 4159 3420 4204 tum
3451 4166 3575 4205 cum

2001 4250 2231 4311 utraque
2257 4258 2354 4313 per
2382 4254 2615 4299 mentem
2643 4245 3006 4315 speculamur.
3039 4244 3152 4311 Qua
3179 4244 3340 4314 igitur
3368 4243 3578 4297 ratione

2002 4336 2308 4405 negabitur,
2342 4346 2397 4392 et
2450 4339 2563 4391 haec
2618 4349 2847 4407 utraque
2900 4338 3120 4392 nomina
3172 4335 3491 4405 excogitari,
3524 4345 3578 4388 et

2003 4427 2120 4496 ejus
2148 4429 2291 4498 quod
2324 4444 2510 4483 revera
2545 4429 2651 4483 Deo
2693 4431 2833 4483 inest
2871 4429 3266 4483 confessionem
3296 4443 3415 4482 esse
3440 4428 3463 4481 ?
3487 4426 3579 4479 llle

326 4499 471 4566 σθαι,
498 4503 592 4554 καὶ
620 4503 682 4556 τὸ
710 4505 1059 4577 ἀποπληροῦν
1079 4508 1155 4579 τῷ
1176 4509 1294 4580 Θεῷ
1319 4509 1430 4583 (45)
1462 4514 1559 4585 τὴν
1589 4513 1682 4568 τοῦ
1713 4512 1851 4569 εἶναι
1877 4517 1890 4569 ξ

2007 4536 2134 4576 vero
2167 4530 2421 4591 tanquam
2465 4524 2508 4577 si
2539 4524 2652 4576 haec
2684 4524 2825 4576 inter
2854 4538 2913 4577 se
2941 4531 3261 4590 pugnarent,
3297 4535 3399 4574 nec
3438 4520 3580 4574 inter

326 4593 471 4646 ἐστιν
498 4594 807 4664 ὁμολογίαν.

2009 4626 2069 4666 se
2095 4612 2372 4667 conciliari
2412 4611 2519 4664 ullo
2551 4613 2709 4666 modo
2748 4620 2989 4681 possent,
3019 4611 3246 4665 alterum
3292 4611 3360 4664 ab
3407 4610 3579 4664 altero

328 4688 857 4744 dirimit:iuﬁciatur
874 4690 1211 4757 videlicet,et
1235 4694 1435 4765 aliquid
1456 4697 1558 4753 dici
1581 4699 1733 4768 juxta
1762 4701 1927 4754 animi
1968 4704 2391 4773 perceptionem,
2454 4713 2508 4757 et
2557 4718 2653 4770 per
2682 4704 2786 4758 hoc
2818 4702 2993 4771 ipsum
3043 4702 3152 4756 Deo
3198 4700 3431 4771 persolvi
3466 4699 3582 4769 ejus

326 4778 467 4845 quod
498 4788 583 4833 est
616 4781 1031 4837 confessionem.

541 4957 764 5038 Xeteres
791 4959 1137 5038 aliqu‘otlibri
1170 4964 1263 5038 καὶ
1286 4964 1638 5038 ἀναπληρων.

400 5027 514 5098 (59⁷)
540 5028 682 5109 Editi
733 5046 856 5109 cpm
887 5027 1059 5086 Colb.
1104 5043 1159 5088 et
1182 5036 1347 5109 Alteg.
1381 5027 1569 5109 quin'to
1604 5038 1903 5109 ,ἀποφέρε-

328 5098 491 5178 σθαι..
531 5100 637 5178 Alii
694 5101 935 5178 qui-nque
973 5118 1115 5178 lmss.
1173 5098 1568 5178 ὑποφέρεσθαι.
1601 5107 1719 5164 Mox
1751 5098 1901 5163 'editi

327 5169 445 5232 ἑνὸς
473 5169 728 5224 ἑκάστου.
760 5170 871 5224 Vox
892 5171 1119 5226 ἑκάστου
1154 5169 1319 5231 deest
1337 5169 1389 5230 in
1416 5178 1596 5230 nmltis
1624 5196 1757 5233 mss.

399 5240 510 5309 (40)
569 5240 709 5293 Editi
746 5251 799 5294 et
845 5240 981 5309 Reg.
1039 5245 1311 5299 secundus
1356 5247 1451 5301 καὶ
1494 5247 1627 5301 αὐτὸ
1661 5248 1817 5302 τοῦτο
1841 5251 1902 5304 τὸ

325 5309 620 5388 ἀγέννητον
653 5310 892 5388 πρῶτον.
930 5313 1082 5378 Illud,
1107 5314 1532 5388 τδάγέννητον,
1584 5320 1898 5384 delevimus,

329 5381 559 5461 aliorum
593 5394 687 5436 sex
714 5382 961 5436 codicum
988 5394 1042 5437 et
1071 5381 1323 5442 editionis
1364 5381 1501 5443 Ven.
1519 5381 1899 5444 auctoritatem

327 5460 520 5503 SCCUU.

399 5519 653 5588 (“)11la,
689 5522 1002 5600 Ἀφθαρτον
1029 5524 1169 5600 γάρ..
1194 5537 1336 5600 _etc.,
1386 5528 1552 5583 refert
1610 5526 1904 5600 Gregorius

329 5586 1051 5666 l‘lyssenusltomohll,pag.'
1108 5586 1236 5658 824,
1292 5586 1462 5666 eaque
1503 5586 1765 5655 adversus
1814 5616 1904 5655 ca-

326 5657 836 5734 lum_t1i‘as_Eunomii
867 5657 1031 5734 docte
1053 5676 1107 5719 et
1140 5657 1651 5734 cepiose'defendit.

397 5728 509 5797 (42)
557 5730 696 5786 Editi
751 5742 806 5787 et
863 5732 998 5805 Reg.
1067 5728 1288 5805 quintus
1334 5738 1425 5792 τὸν
1485 5739 1759 5812 ἀόριστον.
1799 5740 1903 5795 Alii

2012 4969 2251 5038 quinque
2308 4984 2440 5025 mss.
2478 4968 2539 5022 τὸ
2582 4969 2853 5040 ἀόριστον.
2883 4967 3084 5021 Ibidem
3127 4964 3385 5040 scriptum
3430 4964 3584 5040 inve:

2012 5033 2243 5094 nitur-in
2283 5041 2452 5095 tribus
2480 5033 2756 5094 codicibus
2785 5039 3023 5109 ἄληπτον
3055 5053 3150 5107 pro
3179 5038 3404 5109 ἄπειρον
3442 5052 3454 5065 ·
3487 5033 3581 5109 sed

2009 5124 2111 5181 vox
2145 5111 2373 5181 ἄπειρον
2406 5111 2602 5180 legitur
2625 5112 2675 5163 in
2706 5109 2826 5163 aliis
2852 5106 2980 5162 mss.
3009 5106 3065 5161 et
3093 5109 3158 5181 in
3182 5108 3295 5181 ipso
3318 5106 3580 5181 Gregorio

2009 5175 2292 5250 Nyssenof
2328 5175 2693 5247 licet'alioqui
2726 5194 2831 5233 non
2862 5193 3077 5248 semper
3125 5178 3316 5231 iisdem
3357 5175 3580 5230 vocibus

2010 5261 2213 5314 utatur,
2249 5252 2443 5320 quibus
2483 5251 2737 5304 Basilius.

2080 5312 2456 5392 (45)'Antiqui_
2483 5331 2594 5374 tres
2622 5320 2749 5392 libri
2769 5317 3141 5392 τὸμάτέλεστον
3164 5316 3261 5386 τῆς
3285 5314 3456 5392 ζωῆς.
3478 5312 3582 5392 lbi-

2006 5384 2128 5448 det'n
2167 5384 2296 5445 editi
2327 5384 2393 5444 τὸ
2426 5390 2659 5461 ἄναρχον
2693 5388 2951 5443 αύτοῦ....
3004 5384 3466 5457 ἐπιθεωρούντων.
3513 5384 3583 5439 At

2007 5477 2139 5517 mss.
2165 5462 2261 5523 ita,
2302 5471 2359 5515 ut
2385 5461 2671 5515 edidimus.

2079 5530 2190 5603 (44)
2225 5532 2829 5603 Editioutraquehcum
2891 5529 3020 5598 Reg.
3063 5528 3369 5603 quinthqﬁ.
3397 5524 3581 5603 ἀσύμ-

2007 5596 2181 5657 ϐαντα
2235 5596 2695 5663 παντελῶςβΑιὶἰ
2746 5617 2843 5655 sex
2901 5596 3031 5654 mss.
3082 5599 3176 5651 καὶ
3238 5596 3527 5668 ἁσύμϐατα
3561 5630 3582 5665 ,

2009 5681 2177 5728 recte.

2078 5743 2193 5814 (45)
2220 5741 2364 5799 Editi
2390 5739 2481 5795 τοῦ
2516 5739 2672 5795 Θεοῦ.
2710 5740 2857 5797 Libri
2893 5749 3102 5795 veteres
3128 5738 3204 5810 τῷ
3226 5738 3368 5811 Θεῷ,
3462 5742 3463 5745 ‘
