4016 6220
447 337 550 396 527

1749 345 1804 402 S.
1851 345 2093 400 BASILII
2137 343 2352 400 MAch

3593 338 3706 395 598

515 432 568 486 8.
605 432 674 485 At
705 431 848 488 enim
883 447 951 488 ne
996 433 1098 490 hoc
1147 435 1366 506 quidem
1416 445 1820 508 praetereamus.
1845 439 2022 509 qualis

2196 437 2249 492 8.
2291 436 2400 489 Καὶ
2430 435 2539 506 γάρ
2571 431 2636 490 αὖ
2667 435 2801 508 μηδὲ
2834 436 2992 490 τοῦτο
3020 433 3395 508 παρέλθωμεν,
3419 427 3530 486 οἷον
3548 433 3701 503 αὐτῷ

445 525 494 575 ei
543 522 814 578 simulatio
866 525 1082 593 pietatis
1120 529 1423 601 excogitata
1465 531 1536 585 sil.
1589 531 1656 586 ad
1709 530 2014 586 auditorum

445 614 803 680 eversionem,
835 631 956 672 cum
993 617 1144 685 dicit,

518 707 650 764 Eun.
689 708 760 765 Se
783 711 1002 780 ingeniti
1028 713 1382 782 appellatione
1417 715 1582 770 Deum
1614 729 1720 770 non
1760 715 2018 771 decorare

441 798 596 868 juxta
638 801 931 855 humanum
960 802 1285 871 intelligendi
1318 806 1556 871 modum,
1600 806 1691 860 sed
1722 807 1769 860 ei
1815 803 2019 872 persol-

446 903 577 944 vere
595 891 830 946 debitum
853 894 1085 948 maxime
1107 895 1347 950 omnium
1373 899 1758 962 necessarium;
1777 895 2020 966 quando-

447 983 663 1055 quidem
695 1001 816 1040 eum
848 987 900 1041 id
928 988 1068 1055 quod
1099 997 1182 1042 est
1213 990 1500 1046 conﬁtetur
1527 1004 1669 1045 esse.

520 1075 644 1131 Bas.
686 1075 1014 1143 Quibusnam
1049 1079 1225 1133 verbis
1265 1079 1435 1150 possit
1465 1094 1561 1149 pro
1613 1079 1806 1134 merito
1843 1077 2017 1149 expli-

447 1169 558 1222 cari
588 1168 778 1222 harum
823 1170 1180 1225 versutiarum
1230 1171 1520 1241 obliquitas
1543 1172 1567 1225 ?
1588 1171 1788 1225 Nititur
1817 1182 2020 1227 terrere

447 1262 849 1334 simpliciores;
887 1267 1041 1334 quasi
1069 1267 1212 1334 quod
1257 1267 1455 1321 debent
1494 1282 1599 1321 non
1633 1268 1855 1322 reddant
1888 1270 2016 1332 Deo,

446 1355 552 1410 nisi
586 1356 1039 1426 ingenerationem
1077 1358 1431 1413 substantiam
1469 1373 1590 1414 esse
1640 1361 2016 1416 confiteantur.

445 1448 624 1516 Atque
647 1461 796 1502 suam
826 1449 992 1517 ipsius
1014 1450 1338 1518 impietatem
1365 1450 1529 1504 debiti
1569 1451 1890 1507 solutionem
1927 1469 2021 1524 ap-

445 1538 634 1608 pellat,
660 1549 719 1594 ut
764 1555 832 1594 ne
876 1541 1003 1611 quid
1033 1542 1278 1594 videatur
1304 1556 1332 1594 a
1360 1542 1540 1610 seipso
1591 1541 1794 1607 dicere,
1831 1543 1923 1597 sed
1967 1545 2020 1598 id

447 1631 589 1698 quod
625 1632 932 1687 necessario
975 1632 1084 1688 Deo
1129 1632 1376 1699 debetur,
1411 1634 1739 1703 persolvere.
1775 1635 1915 1701 Quin
1967 1646 2022 1692 et

447 1724 675 1794 reliquis
700 1725 958 1793 declarat,
991 1727 1104 1782 l‘nre
1131 1737 1212 1794 ut,
1249 1729 1292 1782 si
1324 1727 1782 1798 ingeneratiouem
1811 1729 1864 1783 in
1890 1729 2020 1784 sub-

2118 528 2218 597 τῆς
2244 526 2526 588 εὐλαϐείας
2552 525 2611 578 τὸ
2639 526 2823 597 σχῆμα
2841 527 2933 579 ἐπὶ
2956 527 3310 597 καταστροφῇ
3335 522 3444 576 τῶν
3469 525 3701 578 ἀκουόν-

2118 637 2226 674 των
2249 618 2588 690 ἐπινενόηται
2616 619 2674 671 ἐν
2700 618 2778 689 τῷ
2804 618 3005 688 λέγειν,

2193 713 2353 766 ΕΥΝ.
2383 713 2474 783 Μὴ
2502 714 2622 764 κατ’
2660 712 2902 766 ἐπίνοιαν
2936 711 3283 782 ἀνθρωπίνην
3295 709 3577 781 σεμνύνειν
3605 708 3700 762 τὸν

2119 804 2250 859 θεὸν
2299 807 2366 875 τῇ
2396 803 2489 856 τοῦ
2525 804 2819 874 ἀγεννήτου
2872 802 3233 874 προσηγορίᾳ,
3285 801 3591 855 ἐκτιννύναι
3640 798 3701 852 δὲ

2120 897 2269 968 αὐτῷ
2323 897 2382 950 τὸ
2426 897 2645 950 πάντων
2679 895 3102 965 ἀναγκαιότατον
3133 894 3372 965 ὄφλημα,
3407 895 3464 946 ἐν
3503 895 3567 963 τῇ
3599 889 3699 943 τοῦ

2120 985 2259 1043 εἶναι
2281 989 2308 1041 ὅ
2331 991 2477 1041 ἐστιν
2499 986 2776 1058 ὁμολογίᾳ.

2192 1075 2339 1128 ΒΑΣ.
2377 1074 2470 1138 Τίς
2503 1075 2568 1128 ἂν
2589 1075 2747 1143 λόγος
2783 1073 2950 1141 ἀξίως
2980 1074 3082 1144 τῆς
3123 1073 3469 1144 σκολιότητος
3496 1071 3700 1140 ταύτης

2119 1166 2230 1220 τῶν
2270 1167 2661 1237 τεχνασμάτων
2695 1167 2971 1236 ὲφίκοιτο;
3017 1165 3296 1235 Ἑκφοϐεῖν
3329 1166 3454 1228 τοὺς
3494 1164 3699 1219 ἁπλου-

2123 1259 2346 1331 στέρους
2375 1261 2660 1331 ἐπιχειρεῖ,
2689 1260 2765 1324 ὼς
2799 1261 2872 1333 μὴ
2900 1259 3252 1322 ἀποδιδόντας
3274 1259 3342 1311 τά
3371 1257 3702 1328 ὀφειλόμενα

2126 1351 2203 1423 τῷ
2228 1351 2366 1418 Θεῷ,
2401 1353 2449 1404 εί
2481 1353 2554 1424 μὴ
2580 1352 2769 1406 οὐσίαν
2804 1349 2941 1407 εἶναι
2961 1353 3353 1423 ὁμολογήσειαν
3379 1351 3440 1404 τὺ
3470 1350 3702 1419 ἀγέννη-

2120 1461 2230 1507 τον,
2274 1445 2369 1498 καὶ
2399 1444 2712 1515 ὀφλήματος
2745 1443 2954 1498 ἔκτισιν
2995 1443 3093 1514 τὴν
3129 1443 3265 1496 ίδίαν
3301 1441 3558 1496 ἀσέϐειαν
3581 1443 3704 1494 όνο-

2125 1537 2304 1608 μάζει,
2343 1537 2434 1590 ἵνα
2471 1538 2545 1608 μὴ
2590 1537 2718 1610 δόξῃ
2747 1538 2878 1610 παρ’
2910 1536 3103 1590 ἐαυτοῦ
3144 1554 3197 1589 τι
3243 1536 3444 1605 λέγειν,
3477 1534 3610 1588 ἀλλά
3639 1535 3704 1587 τὸ

2123 1630 2432 1698 ἀναγκαίως
2460 1630 2537 1702 τῷ
2562 1630 2679 1701 Θεῷ
2714 1631 3061 1702 ὀφειλόμενον
3090 1630 3418 1702 ἐκπληροῦν.
3446 1630 3555 1683 Καὶ
3584 1632 3704 1691 τοῖς

2122 1723 2326 1787 λοιποῖς
2344 1724 2697 1788 ἐνδείκνυται,
2717 1724 2798 1777 ὅτι
2817 1725 2872 1778 ἐν
2904 1725 3002 1795 μὲν
3024 1727 3090 1795 τῇ
3120 1723 3276 1794 οὐσίᾳ
3304 1722 3573 1793 τιθέμενοι
3588 1721 3702 1791 (46)

447 1817 647 1870 stantia
679 1827 900 1887 ponant,
934 1819 1138 1873 innoxii
1187 1820 1304 1874 sine
1349 1835 1505 1889 paena
1553 1821 1896 1875 dimittantur
1927 1841 1941 1876 :
1974 1823 2019 1876 si

2131 1815 2182 1868 τὸ
2205 1815 2520 1885 ἀγέννητον,
2571 1815 2854 1869 ἁνεύθυνοι
2900 1816 3257 1888 ἀφεθήσονται
3285 1833 3299 1847 ·
3337 1817 3384 1868 εξ
3412 1815 3468 1868 δὲ
3499 1814 3704 1885 ἑτέρως

449 1923 606 1963 secus
633 1908 784 1976 juxta
815 1912 957 1980 pium
989 1912 1206 1965 modum
1239 1914 1577 1982 acceperint,
1608 1913 1850 1967 futurum
1877 1929 2019 1979 esse,

447 1998 625 2069 utipsi
645 2009 899 2070 tanquam
927 2005 1015 2072 qui
1047 2005 1284 2059 debitum
1313 2007 1553 2059 omnium
1581 2005 2021 2076 antiquissimum

449 2093 786 2163 maximeque
816 2097 1173 2150 necessarium
1196 2099 1475 2152 omiserint
1495 2099 1722 2164 solvere,
1743 2101 1876 2153 iram
1905 2113 2024 2154 sus-

449 2182 658 2237 tineant
706 2184 1115 2254 implacabilem.
1161 2185 1391 2240 Proinde
1421 2186 1593 2241 libens
1619 2201 1742 2241 eum
1793 2187 2023 2240 interro-

449 2275 708 2343 gaverim,
742 2286 921 2330 utrum
969 2279 1110 2331 hunc
1159 2278 1326 2332 animi
1377 2279 1666 2333 candorem
1722 2261 1926 2348 pariter
1966 2277 2020 2331 in

448 2367 700 2421 onmibus
723 2382 842 2438 quae
868 2369 937 2423 de
976 2370 1084 2423 Deo
1114 2371 1477 2439 przedicantur
1504 2380 1705 2438 servet,
1743 2386 1809 2424 an
1840 2371 1890 2424 in
1923 2371 2024 2425 hoc

451 2458 715 2514 duntaxat
749 2462 963 2516 verbo?
1002 2462 1130 2517 Nam
1175 2464 1219 2517 si
1261 2464 1392 2518 nihil
1426 2465 1646 2518 omnino
1678 2465 1828 2532 juxta
1867 2463 2025 2518 intel-

451 2546 652 2617 ligendi
688 2552 902 2605 modum
954 2553 1276 2621 speculatur,
1307 2565 1365 2608 ut
1407 2570 1483 2609 ne‘
1510 2556 1758 2609 humanis
1793 2553 2025 2623 appella-

450 2641 688 2697 tionibus
723 2644 885 2698 Deum
939 2659 1207 2701 exornare
1255 2647 1532 2714 videatur;
1585 2649 1765 2702 omnia
1799 2662 1920 2716 quae
1957 2647 2024 2700 de

452 2731 566 2788 Deo
591 2736 974 2804 praedicantur,
1009 2737 1262 2794 similiter
1303 2741 1659 2794 substantiam
1701 2755 1822 2794 esse
1855 2741 2026 2795 conli-

454 2826 674 2880 tebitur.
709 2827 986 2893 Quomodo
1016 2830 1176 2900 igitur
1216 2831 1499 2885 ridiculum
1536 2847 1638 2886 non
1668 2839 1770 2893 est,
1803 2832 2021 2886 creandi

454 2918 766 2976 facultatem
800 2923 1156 2976 substantiam
1178 2939 1297 2979 esse
1335 2926 1560 2980 dicere?
1587 2936 1680 2978 aut
1703 2927 1866 2981 etiam
1901 2941 2025 2996 pro-

453 3011 774 3077 videntiam,
811 3026 905 3067 aut
935 3015 1185 3070 similiter
1232 3018 1627 3085 praescientiam
1683 3034 1871 3073 rursus
1900 3019 2028 3072 sub-

455 3103 708 3157 stantiam
729 3106 888 3159 esse?
916 3117 970 3160 et
998 3122 1105 3160 uno
1138 3110 1323 3171 verbo,
1354 3124 1568 3163 omnem
1598 3111 1864 3165 actionem
1895 3111 2022 3164 sub-

455 3197 708 3252 stantiam
760 3208 948 3268 putare
976 3199 999 3252 ?
1027 3199 1178 3267 Quod
1209 3201 1252 3255 si
1275 3204 1455 3257 omnia
1494 3198 1607 3256 haec
1651 3203 1718 3257 ad
1757 3218 1922 3256 unum
1956 3205 2028 3256 si-

455 3289 767 3357 gniﬁcatum
818 3294 1073 3358 tendunt,
1105 3309 1325 3351 necesse
1347 3295 1569 3350 omnino
1597 3308 1701 3362 est,
1725 3304 1783 3348 ut
1810 3297 2026 3350 nomina

458 3381 598 3434 idem
631 3382 771 3436 inter
811 3399 870 3439 se
919 3385 1082 3457 220
1135 3387 1370 3453 valeant,
1405 3390 1848 3457 quemadmodum
1891 3390 2026 3442 litin

457 3473 526 3528 iis
559 3476 651 3546 qui
702 3479 883 3533 multis
941 3480 1252 3536 nominibus
1298 3481 1631 3551 appellant-ur
1662 3497 1678 3536 :
1711 3483 1869 3537 sicuti
1905 3497 2026 3536 cum

455 3569 706 3623 eumdem
739 3569 968 3625 dicimus
1009 3573 1284 3628 Simonem
1329 3582 1384 3627 et
1423 3573 1637 3628 Petrum
1671 3583 1728 3629 et
1769 3573 2025 3644 Cepham.

457 3661 636 3726 Quare
672 3664 761 3731 qui
813 3666 1046 3720 audierit
1089 3666 1583 3721 immutabilitatem
1635 3667 1749 3732 Dei,
1781 3669 2031 3722 deveniet

459 3753 525 3806 ad
554 3753 1010 3821 ingenerationem
1040 3776 1053 3814 :
1081 3759 1228 3823 item,
1257 3759 1345 3828 qui
1379 3758 1610 3812 audierit
1651 3758 2028 3813 indivisibilem

459 3860 602 3908 esse,
631 3849 696 3902 ad
731 3851 950 3904 creandi
983 3850 1310 3918 'Ll'acultatem
1349 3850 1640 3906 deferetur.
1682 3851 1888 3920 Ecquid
1927 3851 2029 3905 hac

459 3937 777 3996 confusione
823 3942 937 3996 ﬁeri
968 3943 1138 4012 possit
1169 3945 1477 4009 absurdius,
1525 3945 1570 3997 si
1621 3945 1741 4012 quis
1780 3944 2032 3998 videlicet

459 4032 710 4102 adempto
754 4036 971 4104 proprio
1003 4037 1428 4106 uniuscujusque
1474 4036 1709 4090 nominis
1759 4036 2031 4102 signiﬁca-

463 4128 516 4176 tu
537 4160 554 4186 ,
583 4132 694 4176 tum
736 4126 1006 4180 communi
1036 4126 1192 4191 usui,
1228 4136 1337 4181 tum
1381 4126 1612 4194 Spiritus
1652 4127 1910 4182 doctrina:
1943 4143 2029 4181 re-

460 4216 798 4285 pugnet?Et
844 4219 1060 4286 quidem
1117 4235 1238 4274 cum
1291 4221 1538 4274 audimus
1593 4220 1660 4273 de
1709 4219 1839 4284 Deo,
1889 4221 2029 4288 quod

460 4310 638 4362 omnia
680 4311 732 4364 in
771 4311 1034 4379 sapientia
1057 4313 1183 4368 fecit
1206 4314 1272 4379 θ’,
1308 4313 1625 4368 creatricem
1657 4313 1825 4382 ipsius
1857 4324 2028 4368 artem

459 4401 717 4456 docemur
752 4419 765 4455 :
795 4418 915 4458 cum
954 4419 1085 4459 vero
1133 4406 1402 4467 audimus,
1435 4406 1574 4474 quod
1609 4407 1784 4476 aperit
1813 4421 2029 4460 manum

2123 1907 2262 1961 κατά
2292 1907 2384 1959 τὸν
2404 1906 2604 1977 εὐσεϐῆ
2628 1907 2828 1979 τρόπον
2855 1907 2965 1977 (47)
2992 1907 3444 1978 ὐπολαμϐἀνοιεν,
3469 1907 3543 1969 ὠς
3562 1906 3705 1958 ἐλλε-

2123 1998 2368 2061 λοιπότες
2390 1999 2450 2051 τὸ
2467 1999 2682 2052 πάντων
2708 1999 2884 2071 χρεῶν
2903 2000 3273 2070 πρεσϐύτατον
3303 1999 3706 2067 καὶ-ἀναγκαιό-

2121 2106 2282 2142 τατον
2316 2089 2567 2160 ἕκτισμα,
2606 2091 2977 2162 ἀπαραίτητον
3021 2091 3118 2161 τὴν
3163 2092 3332 2160 ὀργὴν
3372 2089 3702 2156 ἐκδέξονται.

2135 2183 2330 2246 Ἡδέως
2367 2178 2462 2235 οὖν
2492 2182 2558 2236 ἂν
2584 2184 2747 2236 αὐτὸν
2775 2184 2884 2255 (48)
2917 2183 3256 2254 ἐξετάσαιμι,
3287 2183 3384 2253 τὴν
3420 2183 3706 2251 εὐγνωμο-

2126 2279 2289 2351 σύνην
2314 2279 2518 2352 ταύτην
2547 2280 2747 2351 ὁμοίως
2778 2280 2871 2334 ἐπὶ
2899 2280 3115 2333 πάντων
3149 2279 3258 2332 τῶν
3290 2280 3417 2349 περὶ
3442 2277 3578 2329 Θεοῦ
3619 2278 3710 2329 λε-

2123 2372 2371 2443 γομένων
2407 2373 2691 2442 φυλάσσει,
2720 2372 2752 2444 ἢ
2785 2372 2926 2426 κατά
2951 2371 3111 2425 τοῦτο
3147 2372 3306 2443 μόνον
3334 2369 3394 2422 τὸ
3426 2370 3609 2441 ρἧας
3643 2369 3709 2420 Εἰ

2128 2468 2224 2538 μὲν
2259 2466 2368 2538 γὰρ
2402 2466 2552 2520 οὐδὲν
2595 2467 2731 2528 ὅλως
2782 2467 2902 2518 κατ’
2937 2465 3179 2518 ἐπίνοιαν
3222 2457 3438 2533 θεωρεῖ,
3491 2462 3578 2514 ἵνα
3631 2459 3712 2530 μὴ

2123 2558 2250 2631 δόξῃ
2277 2558 2645 2629 ἀνθρωπίναις
2678 2557 2768 2610 τὸν
2793 2557 2926 2609 Θεὸν
2958 2557 3243 2627 σεμνύνειν
3274 2555 3672 2627 προσηγορίαις
3695 2596 3710 2620 ,

2138 2650 2314 2702 πάντα
2347 2649 2548 2719 ὁμοίως
2579 2649 2766 2702 οὐσίαν
2790 2649 3112 2719 ὁμολογήσει
3139 2647 3208 2701 τά
3237 2647 3601 2717 ἐπιλεγόμενα
3629 2645 3713 2715 τῷ

2127 2739 2268 2810 Θεῷ.
2305 2739 2431 2802 Πῶς
2478 2735 2570 2793 οὖν
2621 2741 2682 2792 οὐ
2723 2740 3154 2808 καταγέλαστον,
3211 2739 3271 2792 τὸ
3319 2737 3714 2810 δημιουργικὸν

2125 2835 2314 2888 οὐσίαν
2343 2830 2479 2888 εἶναι
2509 2834 2722 2902 λέγειν;
2757 2833 2788 2904 ἢ
2825 2835 2882 2886 τὸ
2911 2834 3264 2906 προνοητικὸν
3290 2833 3448 2886 πάλιν
3472 2831 3667 2884 οὐσίαν
3691 2848 3709 2896 ;

2126 2927 2159 2992 ἢ
2192 2927 2252 2979 τὸ
2282 2926 2683 2998 προγνωστικὸν
2724 2926 2884 2980 πάλιν
2935 2927 3194 2989 ὡσαύτως
3224 2926 3364 2995 (49);
3405 2924 3500 2978 καὶ
3527 2923 3709 2988 ἅπαξ-

2131 3019 2339 3083 απλῶς,
2371 3021 2549 3073 πᾶσαν
2601 3021 2904 3090 ἐνέργειαν,
2939 3020 3127 3072 οὐσίαν
3159 3018 3433 3082 τίθεσθαι;
3493 3017 3603 3068 Καὶ
3659 3016 3713 3068 εί

2130 3111 2307 3165 πάντα
2347 3111 2518 3165 ταῦτα
2552 3111 2686 3182 πρὸς
2733 3110 2790 3164 ἓν
2826 3111 3222 3181 σημαινόμενον
3269 3111 3456 3172 τείνει,
3485 3107 3705 3177 ἀνάγκη

2131 3205 2280 3256 πᾶσα
2302 3204 2498 3256 ταυτὸν
2532 3202 2785 3274 ἀλλήλοις
2811 3201 3072 3255 δύνασθαι
3104 3202 3172 3255 τά
3205 3201 3444 3271 ὀνόματα
3462 3217 3478 3230 ο
3514 3199 3590 3262 ὡς
3616 3199 3711 3250 ἐπὶ

2128 3296 2236 3350 τῶν
2263 3295 2505 3350 πολυωνύ
2514 3313 2648 3366 μων·
2671 3297 2798 3348 ὅταν
2819 3295 3035 3364 Σίμωνα
3057 3295 3150 3347 καὶ
3172 3292 3376 3363 Πέτρον
3394 3291 3487 3344 καὶ
3509 3291 3710 3360 Κηφᾶν

2129 3390 2217 3442 τὸν
2242 3388 2403 3442 αὐτὸν
2437 3388 2702 3459 λέγωμεν.
2725 3386 2934 3440 Οὐκοῦν
2960 3388 2988 3438 ό
3009 3385 3250 3448 ἀκούσας
3269 3385 3330 3437 τὸ
3347 3382 3709 3437 ἀναλλοίωτον

2129 3480 2222 3534 τοῦ
2274 3480 2432 3545 Θεοῦ,
2472 3482 2609 3552 πρὸς
2661 3480 2720 3533 τὸ
2754 3481 3046 3551 ἀγέννητον
3094 3479 3501 3550 ὐπαχθήσεταιο
3538 3476 3635 3528 καὶ
3677 3477 3708 3528 ό

2131 3574 2370 3638 ἀκούσας
2390 3573 2449 3626 τὸ
2478 3573 2705 3644 ἀμερὲς,
2738 3575 2874 3643 πρὸς
2914 3573 2974 3626 τὸ
3004 3572 3392 3643 δημιουργικὸν
3427 3570 3536 3640 (50)
3569 3571 3708 3622 ἀπο-

2130 3667 2372 3737 φέρεται,
2408 3667 2519 3720 Καὶ
2551 3665 2756 3736 ταύτης
2797 3666 2851 3719 τί
2889 3665 2956 3720 ἂν
2989 3665 3199 3734 γένοιτο
3245 3666 3344 3735 τῆς
3393 3663 3708 3733 συγχύσεως

2131 3761 2492 3832 ἀτοπώτερον,
2529 3760 2859 3830 ἀφελόμενον
2891 3760 2987 3828 τὴν
3013 3759 3150 3812 ἰδίαν
3179 3757 3454 3827 σημασίαν
3476 3756 3707 3808 ἑκάστου

2131 3854 2238 3906 τῶν
2258 3853 2557 3923 ὀνομάτων,
2586 3851 3017 3923 ἀντινομοθετεϊν
3044 3852 3108 3920 τῇ
3133 3867 3192 3903 τε
3227 3851 3376 3918 κοινῇ
3406 3849 3600 3920 χρήσει
3617 3847 3710 3898 καὶ

2130 3947 2196 4014 τῇ
2221 3944 2536 4013 διδασκαλίᾳ
2563 3943 2658 3996 τοῦ
2690 3943 3035 4013 Πνεύματος;
3063 3942 3255 3994 Καίτοι
3279 3941 3406 3992 ὅταν
3439 3939 3535 4009 μὲν
3554 3935 3709 3989 ἀκούο

2134 4055 2311 4108 σωμεν
2345 4039 2473 4108 περὶ
2506 4037 2598 4090 τοῦ
2642 4037 2800 4097 Θεοῦ,
2832 4038 2914 4090 ὅτι
2953 4035 3132 4088 πάντα
3173 4036 3230 4087 ἐν
3271 4032 3432 4103 σοφία
3462 4031 3708 4099 ἐποίησε,

2131 4130 2229 4202 τὴν
2279 4131 2674 4202 δημιουργικὴν
2706 4130 2902 4200 τέχνην
2934 4125 3099 4181 αὐτοῦ
3145 4124 3512 4195 διδασκόμεθα
3533 4142 3547 4154 ο
3583 4125 3710 4176 ὅταν

2131 4222 2208 4285 δὲ,
2242 4225 2324 4276 ὅτι
2367 4221 2569 4288 ἀνοίγει
2611 4222 2712 4290 τὴν
2752 4223 2910 4290 χεῖρα
2951 4216 3140 4280 αὐτοῦ,
3173 4217 3266 4269 καὶ
3310 4214 3557 4284 ἐμπιπλᾷ
3602 4214 3710 4266 πᾶν

2133 4313 2270 4377 ζῶον
2326 4312 2574 4376 εὐδοκίας
2608 4309 2743 4381 (51),
2788 4313 2887 4383 τὴν
2926 4310 3014 4363 διὰ
3059 4309 3277 4362 πάντων
3325 4308 3711 4377 κεχωρηκυῖαν

2133 4404 2385 4476 πρόνοιαν
2405 4419 2417 4431 ·
2451 4404 2576 4456 ὅταν
2608 4402 2685 4464 δὲ,
2718 4403 2797 4455 ὃτι
2849 4403 3056 4455 ’Ἐθετο
3100 4401 3319 4465 σκότος
3349 4396 3712 4465 ἀποκρυφθπ

458 4504 635 4555 suam,
663 4502 717 4547 et
745 4493 931 4564 implet
965 4509 1124 4550 omne
1161 4496 1359 4551 animal
1387 4497 1805 4566 beneplacito“,
1840 4497 2024 4551 Provi-

2131 4497 2338 4559 αὑτοῦ,
2379 4480 2441 4549 τδ
2477 4497 2706 4567 ἀόρατον
2747 4496 2844 4566 τῆς
2873 4494 3038 4548 αὐτοῦ
3079 4492 3292 4562 φύσεως
3320 4489 3705 4560 παιδευόμεθα.

459 4577 693 4634 dentiam
713 4583 892 4636 omnia
920 4584 1262 4641 invadentem
1288 4587 1577 4642 discimus:
1604 4587 1819 4657 quando
1847 4598 2027 4644 autem

530 4782 574 4812 "
606 4780 746 4838 Psal.
771 4800 884 4848 cm,
922 4786 1010 4840 24.
1089 4788 1134 4818 ⁶³
1157 4786 1299 4843 Psal.
1331 4803 1486 4842 cxuv
1507 4829 1522 4854 ,
1552 4787 1638 4841 16.

532 4949 644 5028 (46)
680 4951 810 5018 Reg.
840 4962 1063 5028 quartus
1090 4958 1156 5027 τῇ
1182 4957 1339 5028 οὐσίᾳ
1368 4957 1461 5010 τοῦ
1483 4958 1620 5011 Θεοῦ
1648 4957 1939 5028 τιθέμενοι,
1985 4960 2031 5012 si

456 5021 810 5090 ingenituram
836 5023 889 5073 in
919 5021 1156 5078 essentid
1171 5026 1267 5079 Dei
1302 5021 1647 5083 constituant.
1686 5021 1798 5085 Hoc
1843 5021 1949 5090 est,
1980 5031 2027 5084 si

458 5094 785 5169 contendant
823 5090 914 5169 llei
951 5102 1195 5169 naturam
1229 5097 1370 5169 ineo
1397 5099 1556 5151 sitam
1616 5109 1758 5158 esse.
1785 5107 1842 5152 ut
1870 5114 2030 5169 gene-

459 5164 566 5218 rari
594 5178 699 5217 non
729 5163 914 5240 possit.
951 5162 1100 5240 illud,
1125 5167 1383 5240 κατὰξτὺν
1405 5169 1603 5239 εὐσεϐῆ
1639 5162 2028 5240 τρόπον,ἱιυοι1

459 5250 581 5288 mox
613 5234 880 5308 sequit_ur,
915 5234 1234 5308 videtursic
1257 5240 1426 5305 accipi
1461 5234 2028 5308 debc're':juxta'mo-

456 5308 584 5357 dum
623 5305 712 5373 qui
762 5303 1024 5357 Eunomia
1058 5307 1265 5373 quidem
1301 5303 1507 5368 videtur
1553 5311 1672 5379 pius
1713 5303 1822 5365 esse
1856 5354 1869 5376 ,
1937 5310 2028 5364 sed

456 5391 561 5429 non
591 5385 688 5427 est.

528 5445 828 5526 (“LKq-t'd
855 5445 1217 5526 tdr_ei2_qs6ﬁ
1247 5450 1490 5516 τρόπον.
1521 5449 1620 5526 llis
1660 5450 1838 5526 verbis
1875 5450 2031 5526 inter:

456 5514 570 5583 ligit
624 5516 855 5571 Basilius
886 5514 1214 5573 catholicum
1251 5514 1470 5573 sensum
1519 5521 1811 5576 Marcionis
1845 5520 2028 5575 sensui

452 5587 777 5651 Oppositum.
815 5585 1029 5642 ΜΑιιΑΝ.

525 5655 637 5727 (48)
669 5659 895 5713 Codices
946 5659 1150 5727 aliquot
1183 5654 1275 5725 οὖν
1305 5659 1370 5712 ἂν
1395 5659 1578 5714 αὐτόν.
1615 5659 1815 5716 Vocula
1868 5660 1933 5716 ἄν
1957 5663 2024 5716 ab

453 5725 614 5780 editis
645 5727 851 5780 aberat.

526 5793 636 5862 (49)
694 5797 913 5864 Antiqui
968 5799 1072 5853 duo
1135 5799 1254 5855 libri
1312 5802 1511 5866 λέγειν,
1552 5801 1611 5854 τὸ
1674 5801 2029 5866 προνοητικὸν

2137 4590 2305 4645 Πάλιν
2339 4589 2394 4642 δέ
2422 4589 2483 4642 τὸ
2530 4589 2594 4641 ἐκ
2636 4587 2930 4658 προσώπου
2957 4586 3049 4640 τοῦ
3084 4584 3218 4638 Θεοῦ
3250 4583 3540 4653 λεγόμενον
3571 4580 3707 4651 (59.),

2137 4957 2300 5011 πάλιν
2333 4953 2519 5009 οὐσίαν
2541 4971 2553 4982 ·
2591 4953 2652 5004 τὸ
2681 4949 3089 5021 προγνωστικὸν
3114 4947 3396 5021 ᾡσαύτως.
3421 4945 3713 5021 Aliquanto

2137 5039 2258 5095 post
2308 5028 2438 5082 editi
2488 5023 2580 5077 τὸν
2624 5015 3072 5090 αὐτδνλέγομεν.
3102 5018 3329 5073 Codices
3352 5015 3503 5070 multi
3536 5015 3713 5067 λὲνω-

2181 5114 2259 5151 εν.

2140 5115 2323 5236 μεῖἐο)
2371 5165 2512 5220 Editi
2564 5177 2688 5236 cum
2727 5160 3064 5236 Colb._1rpb;
3122 5159 3185 5212 τὸ
3219 5154 3563 5228 δημιουργόν.
3603 5153 3716 5208 Alii

2135 5232 2526 5316 φώριον-ξιτεδ.
2553 5232 2982 5316 δημιουργικόνέ
3165 5299 3177 5316 9
3218 5314 3256 5316 Λ
3273 5297 3287 5316 l
3334 5299 3356 5316 ι

2209 5309 2331 5378 (51)
2362 5305 2516 5378 Vulg.
2574 5295 2638 5356 Ei
2671 5295 2848 5372 implet
2892 5316 3042 5378 omne
3087 5297 3287 5378 animo!
3330 5295 3712 5378 benedictione.

2140 5367 2416 5446 Su‘spicari
2470 5367 2701 5446 fortasse
2746 5367 2959 5446 poterit
3013 5370 3306 5439 quispiam,
3357 5367 3713 5435 interpretem

2139 5467 2238 5520 pro
2257 5440 2518 5520 ἐὐδοκίας
2559 5440 3044 5520 Ιςεὶεεεεύλργίοις.

2208 5501 2319 5584 (52)
2351 5501 2529 5569 Etlitio
2584 5501 2756 5568 linis.
2788 5501 2952 5566 πάλιν
2983 5501 3039 5563 δὲ
3080 5508 3189 5584 διὰ-
3213 5508 3276 5584 τὸ
3318 5510 3381 5584 ἐκ
3407 5501 3711 5584 Δπροσάντεσι)

2137 5590 2229 5643 τοῦ
2261 5578 2763 5657 θεοῦ-λεγόμενονἶ
2821 5583 2926 5635 Sed
2966 5581 3276 5657 praepositio
3339 5578 3428 5657 διά
3487 5591 3607 5657 neq
3654 5578 3706 5628 in

2137 5661 2373 5714 editione
2410 5649 2544 5710 Ven.
2581 5649 2693 5707 'nec
2753 5655 2803 5706 in
2847 5653 3050 5707 nostris
3081 5649 3361 5703 codicibus
3414 5649 3708 5700 invenitur.

2136 5729 2334 5796 Quare-
2363 5727 2520 5780 facile
2547 5724 2878 5796 crediderim
2914 5722 3149 5776 additam
3185 5735 3305 5796 eam
3351 5718 3706 5796 fuisse'a'tyi

2139 5785 2431 5864 ooqraphis
2493 5805 2551 5850 ut
2617 5811 2810 5850 sensus
2869 5794 3074 5860 integer
3124 5790 3463 5846 redderetur.
3527 5785 3706 5840 Editio
