4016 6220
399 286 501 344 531

1716 289 1773 346 S.
1821 288 2063 346 BASlLll
2101 287 2315 346 MAGNI

3542 295 3659 351 εστ

475 404 530 458 9.
570 401 755 469 Qualia
790 417 921 458 vero
964 402 1073 459 sint
1112 417 1232 473 qua!
1269 413 1589 474 sequuntur,
1628 409 1968 478 perpendite.

2141 409 2193 463 9.
2232 407 2367 461 Τίνα
2390 406 2445 461 δέ
2489 408 2604 462 ἐστι
2638 408 2705 464 τὰ
2741 407 2869 478 ἑξῆς
2909 407 3003 464 τοῦ
3044 409 3203 478 λόγου
3235 412 3484 463 σκοπεῖτε
3509 409 3646 481 (60).

403 494 763 564 Posteaquam
804 496 1077 563 ostendit,
1120 506 1180 552 ut
1229 498 1416 568 putat,
1463 499 1581 554 ﬁeri
1630 515 1973 570 nequaquam

403 602 584 658 posse,
620 597 680 643 ut
718 587 1052 658 ingeneratio
1089 590 1416 661 cogitatione
1452 592 1806 662 concipiatur,
1841 591 1973 649 sub-

404 679 483 733 dit
510 697 526 736 :

475 772 608 827 Eun.
651 773 764 828 Nec
797 789 925 829 vero
951 775 1246 831 secundum
1276 777 1631 846 privationem
1663 795 1678 831 :
1706 778 1972 848 siquidem

404 863 732 931 privationes
761 875 885 919 sunt
914 866 1238 935 privationes
1258 881 1443 924 eorum
1462 885 1580 940 quae
1601 878 1728 924 sunt
1755 881 1971 936 natura,

403 962 634 1023 suntque
663 956 932 1012 habilibus
957 959 1306 1028 posteriores.

476 1045 603 1101 Bas.
644 1047 796 1113 Quod
855 1059 1035 1104 autem
1086 1050 1197 1105 haec
1256 1066 1320 1106 ex
1376 1053 1647 1107 mundana
1708 1053 1972 1123 sapientia

405 1138 635 1207 garriat,
675 1153 704 1192 a
732 1155 836 1208 qua
885 1155 1124 1211 praeceps
1176 1152 1353 1204 actus.
1381 1144 1643 1213 ejusmodi
1683 1144 1971 1201 verborum

404 1232 736 1293 novitatibus
767 1234 1004 1287 animum
1061 1234 1279 1304 adjecit,
1326 1236 1704 1291 demonstrare
1742 1239 1970 1293 arduum

404 1334 513 1397 non
545 1318 728 1374 fuerit.
763 1320 905 1375 Sunt
946 1324 1088 1376 enim
1123 1323 1430 1378 Aristotelis
1462 1327 1530 1380 de
1564 1326 1745 1380 habitu
1776 1336 1830 1382 et
1858 1330 1970 1397 pri-

404 1412 624 1465 vatione
666 1412 855 1475 verba,
891 1414 982 1481 qui
1027 1414 1360 1482 posteriores
1406 1416 1679 1472 habilibus
1713 1419 1972 1488 privatio-

407 1517 506 1558 nes
533 1517 656 1558 esse
701 1504 806 1568 ait;
846 1506 1297 1573 quemadmodum
1345 1508 1380 1561 ii
1426 1510 1516 1577 qui
1550 1509 1799 1579 legerunt
1836 1511 1886 1564 iu
1912 1511 1973 1565 li-

405 1593 506 1648 bro
541 1595 631 1664 qui
664 1596 979 1651 inscribitur
1020 1597 1331 1668 Categorioz,
1365 1612 1588 1669 possunt
1616 1603 1828 1657 testari.
1864 1602 1971 1658 No-

403 1685 489 1741 bis
526 1696 705 1742 autem
752 1691 886 1746 satis
935 1699 1052 1744 erat
1095 1693 1420 1756 ostendisse,
1451 1709 1556 1748 non
1610 1709 1677 1749 ex
1718 1695 1965 1751 doctrina

406 1776 659 1846 Spiritus,
691 1780 783 1835 sed
829 1795 894 1835 ex
936 1783 1202 1850 sapientia
1240 1783 1544 1852 principum
1596 1785 1754 1855 hujus
1787 1787 1966 1841 saeculi
2000 1765 2042 1819 Β

405 1868 519 1923 haec
542 1885 663 1923 eum
695 1872 898 1940 dicere,
924 1890 989 1928 ac
1021 1874 1149 1928 illud
1184 1876 1373 1945 psalmi
1401 1876 1453 1930 in
1481 1877 1656 1946 ipsum
1681 1878 1926 1947 proferre
1951 1896 1965 1933 :

405 1957 769 2017 Narraveruul
793 1965 922 2018 mihi
956 1965 1122 2032 iniqui
1151 1966 1526 2034 fabulationes,
1550 1969 1641 2021 sed
1665 1984 1766 2021 non
1803 1978 1857 2021 ut
1886 1968 1970 2024 lea:

404 2059 518 2118 tua,
551 2051 855 2109 Domine“.
891 2054 956 2108 Et
998 2057 1253 2126 quoniam
1306 2058 1709 2124 didiceramus,
1753 2075 1863 2114 non
1902 2076 1968 2115 ex

403 2141 644 2197 doctrina
689 2146 896 2200 Domini
935 2148 1107 2202 nostri
1143 2147 1272 2204 Jesu
1310 2149 1510 2204 Christi
1561 2165 1682 2205 esse
1734 2167 1853 2220 qua!
1887 2153 1969 2207 di-

401 2244 620 2297 cuntur,
654 2239 787 2291 satis
831 2237 1162 2293 habebamus
1209 2240 1357 2295 vocis
1391 2241 1559 2308 ipsius
1612 2243 1964 2298 meminisse:

403 2323 533 2378 Cum
586 2326 816 2396 loquitur
866 2332 1220 2395 mendacium,
1258 2349 1323 2387 ea:
1356 2335 1584 2402 propriis
1624 2334 1858 2406 loquitur
1877 2337 1920 2370 "’
1951 2354 1965 2392 :

401 2426 567 2484 atque
601 2417 703 2471 hoc
741 2431 898 2486 pacto
945 2420 1241 2490 longiorem
1291 2438 1595 2478 sermonem
1626 2428 1967 2483 contrahere.

401 2504 610 2576 Quippe
645 2508 771 2565 hinc
810 2510 937 2564 illud
970 2513 1223 2568 omnibus
1250 2516 1604 2584 conspicuum
1626 2515 1968 2585 fecissemus,

400 2601 544 2665 quod
591 2599 724 2652 nihil
770 2601 901 2668 ipsis
940 2603 1225 2658 nobiscum
1275 2606 1346 2659 sit
1392 2622 1703 2662 commune.
1758 2609 1969 2664 Etenim

398 2704 516 2756 quae
544 2694 823 2747 concordia
847 2693 1054 2749 Christo
1088 2713 1204 2751 cum
1229 2697 1445 2753 Belial?
1470 2710 1561 2754 aut
1591 2717 1708 2770 qua:
1738 2719 1862 2769 pars
1899 2701 1970 2772 ﬁ-

399 2780 504 2834 deli
547 2798 664 2836 cum
703 2784 905 2852 inﬁdeli
922 2786 999 2840 ‘3?
1035 2787 1229 2842 Verum
1278 2805 1345 2843 ne
1378 2792 1657 2855 videamur
1685 2792 1755 2846 ob
1790 2794 1972 2847 redar-

398 2875 679 2944 gutionum
720 2876 957 2946 inopiam
991 2880 1056 2932 ad
1090 2881 1365 2936 silentium
1402 2883 1720 2954 confugere,
1750 2897 1869 2951 age,
1905 2884 1971 2938 de

398 2966 467 3020 iis
497 2967 660 3020 etiam
697 2984 865 3038 pauca
910 2971 1267 3027 disseramus.
1316 2971 1484 3030 Multa
1524 2990 1711 3029 eorum
1745 2991 1865 3045 qua:
1902 2976 1969 3031 de

2075 499 2286 565 Δείξας,
2320 500 2397 563 ὡς
2417 501 2606 561 οἴεται,
2640 502 2721 555 ὅτι
2755 500 3012 554 ἀδύνατόν
3043 502 3189 554 ἐστιν
3222 502 3433 574 ἐπινοίᾳ
3463 501 3648 555 λαϐεῖν

2072 590 2133 644 τὸ
2161 592 2473 663 ἀγέννητον,
2499 592 2717 661 ὲπάγεν

2145 772 2307 829 ΕΥΝ.
2356 772 2518 827 Ἀλλὰ
2562 774 2668 845 μὴν
2700 772 2821 827 οὐδὲ
2861 771 3001 827 κατά
3036 773 3319 845 στέρησιν·
3353 774 3407 828 εῐ
3438 791 3499 844 γε
3535 773 3645 829 τῶν

2075 867 2215 921 κατὰ
2260 867 2420 937 φύσιν
2467 867 2524 920 αἱ
2569 867 2853 938 στερήσεις
2889 866 2999 919 eici.
3045 868 3362 936 στερήσεις,
3404 866 3497 919 καὶ
3531 865 3644 919 τῶν

2072 955 2237 1023 ἕξεων
2269 954 2537 1026 δεύτεραι.

2144 1048 2293 1100 ΒΑΣ.
2338 1045 2527 1100 Ταῦτα
2574 1046 2651 1111 δὲ,
2700 1047 2780 1100 ὅτι
2826 1049 2892 1101 ἐκ
2940 1050 3040 1119 τῆς
3083 1047 3178 1101 τοῦ
3217 1048 3421 1119 κόσμου
3454 1047 3643 1117 σοφίας

2072 1138 2369 1212 περιλαλεῖ,
2427 1141 2516 1208 ὑφ’
2566 1134 2635 1212 ἧς
2686 1139 3153 1211 ὲκτραχηλισθεὶς,
3198 1143 3320 1204 ταῖς
3369 1142 3641 1205 τοιαύταις

2070 1230 2179 1284 τῶν
2207 1232 2380 1296 λόγων
2408 1230 2632 1285 ἐπέθετο
2661 1231 3051 1302 καινοτομίαις,
3083 1232 3143 1285 οὐ
3183 1232 3415 1303 χαλεπὸν
3442 1233 3641 1286 ἑπιδεῖ-

2071 1323 2181 1390 ξαι.
2220 1322 2623 1396 Ἀριστοτέλους
2655 1323 2762 1395 γάρ
2783 1324 2920 1376 εἰσιν
2938 1363 2953 1388 ,
2987 1322 3062 1387 ὡς
3088 1325 3137 1377 oi
3167 1323 3529 1392 ἀνεγνωκότες
3561 1323 3640 1376 εῖ-

2072 1433 2222 1470 ποιεν
2245 1415 2330 1480 ἂν,
2345 1418 2402 1468 ὲν
2422 1418 2540 1480 ταῖς
2560 1414 3026 1489 ἐπιγραφομέναις
3042 1415 3206 1469 αὑτοῦ
3230 1416 3636 1484 Κατηγορίαις,

2068 1509 2116 1561 οἱ
2159 1508 2286 1579 περὶ
2327 1507 2493 1574 ἕξεως
2530 1508 2624 1561 καὶ
2670 1509 2974 1579 στερήσεως
3000 1507 3167 1576 λόγοι,
3209 1506 3465 1577 δευτέρας
3502 1503 3638 1561 εἶναι

2068 1600 2318 1670 λέγοντος
2343 1599 2450 1653 τῶν
2480 1600 2643 1667 ἕξεων
2674 1600 2773 1663 τὰς
2800 1600 3100 1671 στερήσεις.
3138 1599 3298 1668 Ἡμῖν
3333 1598 3391 1650 δὲ
3421 1599 3637 1669 ἐξήρκει

2068 1695 2304 1761 δείξασιν
2328 1692 2488 1746 αὐτὸν
2520 1692 2619 1745 οὐκ
2658 1692 2724 1745 ὲκ
2754 1691 2851 1761 τῆς
2889 1689 3232 1753 διδασκαλίας
3262 1687 3355 1742 τοῦ
3388 1688 3638 1758 Πνεῦμα-

2068 1804 2183 1850 τος,
2220 1784 2332 1839 ἀλλ’
2367 1786 2430 1838 ὲκ
2472 1783 2572 1853 τῆς
2615 1781 2804 1850 σοφίας
2847 1781 2954 1834 τῶν
2991 1780 3268 1851 ἀρχόντων
3313 1777 3406 1832 τοῦ
3447 1778 3639 1842 αἰῶνος

2066 1876 2256 1929 τούτου
2313 1872 2597 1937 λαλοῦντα,
2642 1872 2702 1925 τὸ
2730 1870 2823 1924 τοῦ
2871 1870 3087 1941 ψαλμοῦ
3133 1870 3268 1941 πρὸς
3308 1869 3467 1922 αὐτὸν
3517 1872 3639 1921 ὲπι-

2068 1967 2427 2037 φθέγξασθαι,
2454 1968 2536 2019 ὅτι
2557 1963 2932 2034 Διηγήσαντό
2953 1981 3055 2033 μοι
3079 1962 3407 2032 παράνομοι
3429 1961 3638 2016 ἀδολε-

2067 2060 2269 2129 σχίας,
2297 2060 2447 2114 ἀλλ’
2477 2061 2589 2127 οὐχ
2621 2058 2700 2123 ὡς
2724 2060 2756 2111 ό
2776 2057 2959 2125 νόμος
2992 2071 3129 2119 σου,
3157 2057 3329 2122 Κύριε
3348 2070 3362 2085 ⁶
3398 2054 3492 2109 κοιλ⁹
3537 2071 3642 2124 μα-

2069 2150 2280 2215 θόντας,
2316 2152 2397 2204 ὅτι
2423 2150 2523 2203 οὐκ
2556 2152 2620 2203 ὲκ
2654 2148 2759 2201 τῶν
2781 2147 3125 2219 διδαγμάτων
3169 2146 3279 2217 (61)
3315 2146 3409 2199 τοῦ
3435 2146 3638 2218 Κυρίου

2068 2242 2226 2315 ήμῶν
2263 2240 2440 2313 Ἰησοῦ
2474 2239 2711 2310 Χριστοῦ
2742 2242 2857 2293 ἐστι
2897 2239 2963 2292 τὰ
3000 2239 3297 2310 λεγόμενα,
3336 2238 3435 2309 τῆς
3474 2236 3639 2290 αὑτοῦ

2068 2334 2253 2405 φωνῆς
2298 2332 2733 2404 ὑπομνησθῆναι,
2783 2332 2865 2385 ὅτι
2895 2331 3080 2384 Ὅταν
3101 2329 3264 2400 λαλῇ
3295 2329 3362 2383 τὸ
3392 2328 3637 2398 ψεῦδος,

2066 2427 2136 2480 ἐκ
2156 2426 2275 2480 τῶν
2305 2424 2472 2479 ἰδίων
2491 2423 2694 2478 λαλεῖ·
2726 2423 2821 2477 καὶ
2846 2421 3019 2493 τούτῳ
3045 2421 3122 2493 τῷ
3149 2421 3334 2493 τρόπῳ
3359 2422 3483 2484 τοὺς
3512 2419 3641 2472 πολε

2066 2518 2192 2583 λοὺς
2235 2517 2344 2572 τῶν
2389 2517 2562 2587 λόγων
2611 2517 2824 2578 ἑαυτοῖς
2869 2516 3187 2585 συντεμεῖν,
3221 2512 3469 2566 ἐντεῦθεν
3505 2515 3640 2565 πᾶσι

2068 2612 2378 2683 καταφανὲς
2408 2612 2757 2682 ποιήσαντας,
2781 2610 2863 2663 ὅτι
2882 2608 3107 2679 οὐδεμία
3132 2609 3261 2679 ἡμῖν
3285 2607 3418 2678 πρὸς
3446 2607 3642 2669 αὐτοὺς

2068 2706 2340 2760 κοινωνία.
2382 2704 2477 2770 Τίς
2506 2701 2617 2772 γὰρ
2652 2702 3047 2771 συμφώνησις
3072 2698 3302 2769 Χριστῷ
3343 2698 3492 2766 πρὸς
3533 2699 3642 2751 Βε-

2066 2797 2203 2864 λίαρ
2221 2812 2240 2859 ;
2260 2796 2293 2863 ἢ
2325 2794 2416 2860 τίς
2435 2794 2608 2863 μερὶς
2634 2790 2828 2858 πιστῷ
2846 2792 2998 2862 μετὰ
3024 2791 3319 2852 datam);
3341 2788 3457 2843 ’ῐνα
3475 2788 3532 2841 δὲ
3564 2787 3641 2859 μὴ

2066 2887 2306 2959 δόξωμεν
2333 2886 2399 2939 δι’
2422 2884 2656 2957 ἀπορίαν
2685 2884 2924 2954 ἐλέγχων
2959 2884 3038 2946 είς
3085 2881 3182 2952 τὴν
3218 2879 3424 2951 σιωπὴν
3469 2896 3637 2933 κατα-

2069 2978 2310 3048 φεύγειν,
2346 2976 2499 3049 φέρε,
2527 2974 2621 3028 καὶ
2650 2975 2779 3045 περὶ
2801 2973 3002 3027 τούτων
3023 2970 3226 3043 βραχέα
3251 2967 3631 3040 διαλεχθῶμεν.

398 3056 509 3112 Deo
541 3059 814 3126 dicuntur,
845 3076 877 3115 ο
899 3062 1151 3128 Eunomi,
1188 3065 1349 3119 simili
1396 3066 1564 3120 forma
1595 3065 1775 3121 eﬂ‘erri
1817 3067 1966 3122 vide-

2070 3063 2268 3126 Πολλὰ,
2301 3057 2345 3116 ὦ
2377 3062 2629 3133 Εὐνόμιε,
2657 3061 2765 3115 τῶν
2805 3061 2934 3131 περὶ
2964 3058 3099 3113 Θεοῦ
3148 3059 3451 3129 λεγομένων
3494 3057 3637 3110 κατὰ

399 3163 540 3211 mus,
571 3159 629 3203 ut
658 3161 784 3219 puta
809 3152 1253 3223 incorruptibilis,
1281 3157 1620 3225 immortalis,
1653 3158 1957 3215 invisibilis.

397 3236 514 3323 Jam
549 3256 673 3296 vero
700 3252 756 3298 et
789 3244 929 3298 hanc
966 3261 1150 3301 vocem
1186 3250 1448 3315 ingenitus
1502 3250 1688 3304 formae
1718 3250 1959 3319 ejusdem

398 3347 522 3388 esse
569 3335 839 3393 ducimus.
873 3337 1024 3404 Quod
1067 3339 1112 3394 si
1156 3341 1391 3410 quipiam
1414 3356 1478 3396 ea
1505 3357 1625 3411 quae
1657 3350 1784 3396 sunt
1821 3341 1963 3412 ejus~

398 3422 567 3491 modi,
613 3428 896 3482 nominant
950 3430 1239 3499 privativa,
1296 3431 1428 3485 nihil
1485 3434 1552 3487 ad
1602 3447 1721 3486 nos.
1775 3433 1964 3502 Neque

398 3513 542 3568 enim
598 3516 827 3572 artificia
867 3520 1117 3575 novimus
1168 3520 1479 3586 verborum,
1529 3536 1704 3592 neque
1747 3537 1840 3577 eos
1870 3523 1960 3593 qui

399 3617 668 3662 noverunt
711 3608 1007 3668 imitamur.
1059 3610 1258 3667 Verum
1323 3613 1693 3683 cujuscunque
1750 3614 1965 3668 tandem

398 3698 615 3767 generis
646 3701 1028 3758 existimentur
1067 3719 1190 3760 esse
1211 3719 1371 3760 voces
1401 3704 1643 3774 reliquae,
1678 3721 1813 3775 quas
1833 3720 1967 3760 enu-

399 3791 768 3847 meravimus:
802 3793 1040 3860 ejusdem
1081 3797 1294 3865 generis
1340 3811 1461 3850 esse
1511 3806 1566 3851 et
1624 3797 1839 3866 ingeniti
1873 3811 1969 3865 ap-

399 3880 744 3949 pellationem
793 3886 988 3940 dicturi
1036 3901 1244 3942 sumus.
1300 3887 1762 3954 Quemadmodum
1801 3888 1968 3958 igitur

398 3970 810 4042 incorruptibile
853 3977 1125 4048 signiﬁcat
1165 3994 1271 4034 non
1339 3979 1517 4035 inesse
1563 3980 1966 4048 corruptionem

2066 3157 2158 3211 τὸν
2189 3156 2371 3227 ὅμοιον
2400 3154 2615 3227 ὁρῶμεν
2638 3152 2979 3224 ἐκφερόμενα
3006 3150 3194 3215 τύπον,
3229 3146 3337 3204 οἷον
3375 3150 3403 3201 ό
3430 3148 3636 3220 ἄφθαρ-

2066 3265 2177 3316 τος,
2211 3249 2239 3301 ὁ
2270 3246 2553 3309 ἀθάνατος,
2584 3247 2612 3301 ὁ
2642 3245 2891 3317 ἀόρατος.
2934 3243 3040 3298 Τοῦ
3073 3243 3130 3297 δὲ
3160 3242 3324 3297 αὐτοῦ
3358 3241 3525 3295 τύπου
3555 3259 3635 3293 τι-

2068 3338 2275 3410 θέμεθα
2313 3332 2449 3392 εἶναι
2474 3338 2567 3391 καὶ
2598 3336 2679 3402 τὸ,
2702 3336 3046 3407 ἀγέννητος.
3088 3336 3151 3388 Εἰ
3197 3334 3294 3406 μὲν
3330 3332 3423 3388 οὖν
3454 3351 3639 3405 στερη-

2068 3432 2194 3487 τικά
2234 3447 2377 3496 τινες
2420 3430 2740 3501 ὀνομάζουσι
2791 3427 2861 3482 τὰ
2889 3427 3110 3482 τοιαῦτα
3130 3467 3144 3491 ,
3174 3427 3236 3480 οὐ
3269 3427 3405 3499 πρὸς
3432 3428 3580 3499 ἡμᾶς
3607 3428 3637 3479 ό

2068 3521 2244 3590 λόγος.
2279 3521 2414 3575 Οὔτε
2443 3521 2548 3592 γὰρ
2579 3522 2738 3592 ἴσμεν
2759 3520 3099 3593 τεχνολογίας
3122 3520 3338 3587 λέξεων,
3368 3518 3490 3573 οὔτε
3511 3520 3636 3582 τοὺς

2067 3614 2274 3677 εἰδότας
2303 3612 2592 3684 ζηλοῦμεν.
2628 3613 2776 3685 Πλήν
2807 3630 2869 3682 γε
2902 3612 2965 3685 δή
3001 3614 3081 3666 ὅτι
3116 3607 3285 3685 οὗπερ
3314 3611 3380 3666 ἂν
3408 3611 3636 3665 τεθῶσιν

2069 3707 2125 3759 αἱ
2172 3706 2359 3759 λοιπαὶ
2405 3706 2580 3775 φωναὶ
2616 3705 2682 3770 ἃς
2733 3704 3275 3778 ἀπηριθμησάμεθα,
3327 3703 3419 3758 τοῦ
3471 3703 3634 3758 αὐτοῦ

2069 3792 2211 3850 εἶναι
2237 3798 2481 3867 φήσομεν
2507 3797 2600 3851 καὶ
2621 3797 2719 3869 τὴν
2734 3796 2848 3863 τοῦ,
2869 3796 3220 3867 ἀγεννήτων,
3243 3796 3634 3868 προσηγορίαν.

2080 3886 2170 3948 Ὠς
2196 3887 2373 3940 τοίνυν
2393 3887 2453 3939 τὸ
2477 3887 2750 3959 ἄφθαρτον
2769 3887 2831 3939 τὸ
2857 3888 2931 3959 μὴ
2954 3890 3234 3959 προσεῖναι
3258 3886 3335 3958 τῷ
3362 3887 3481 3958 Θεῷ
3511 3885 3638 3955 φθοο

2071 3980 2172 4053 ρὰν
2205 3980 2460 4052 σημαίνει
2484 3995 2497 4008 '
2527 3980 2622 4033 καὶ
2652 3980 2714 4033 τὸ
2735 3980 2964 4054 ἀόρατον
2996 3981 3058 4034 τὸ
3085 3979 3433 4052 ὑπερϐαίνειν
3476 3979 3639 4032 αὐτὸν

476 4126 681 4184 “Psal.
721 4143 912 4195 cxvttt,
937 4129 1026 4185 85.
1061 4107 1068 4115 I
1103 4130 1147 4162 "’
1177 4130 1334 4187 Joan.
1365 4148 1483 4198 vtu,
1515 4133 1607 4189 44.
1682 4134 1729 4166 ⁸⁸
1750 4134 1792 4189 ll
1820 4134 2027 4203 Cor.v1,
2061 4135 2149 4194 15.

399 4280 515 4360 illa,
547 4285 909 4360 indivisibilis,
959 4290 1402 4359 incorruptibilis,
1435 4293 1798 4357 immutabilis,
1833 4305 1964 4360 etc.,

402 4356 565 4433 tribui
623 4358 741 4433 Deo
776 4372 936 4426 posse
986 4356 1284 4433 secundum
1343 4356 1581 4416 nostram
1628 4356 1965 4433 concipiendi

2075 4300 2305 4355 scivissc
2342 4308 2522 4354 utrum
2571 4300 2724 4370 seligi
2767 4300 3029 4365 deberet,
3057 4300 3128 4355 ob
3166 4299 3328 4368 idque
3354 4309 3642 4369 utramque

2074 4385 2264 4440 vocem
2295 4372 2561 4439 posuisse,
2589 4380 2648 4424 ut
2682 4386 2780 4438 pro
2808 4386 2908 4425 suo
2934 4374 3162 4440 quisque
3189 4371 3451 4424 arbitratur
3495 4371 3639 4438 lege-

400 4426 916 4509 rationem.'Atque,
949 4438 1007 4483 ut
1037 4431 1282 4509 Equornii
1307 4433 1490 4509 verbis
1513 4443 1653 4509 utar,
1685 4426 1968 4509 recusabat
1998 4439 2043 4495 D
2074 4450 2176 4495 ret.
2203 4426 2503 4494 Redeamus
2548 4426 2615 4494 ad
2658 4426 3000 4499 Eunomium.
3026 4426 3319 4509 cujustota
3353 4426 3642 4494 ratiocina-

399 4494 563 4550 homo
592 4497 787 4573 impius
806 4494 1064 4573 decorare
1096 4500 1260 4554 Deum
1291 4519 1386 4567 per
1415 4494 1971 4573 ingenitiappellatio-

402 4580 523 4619 nem
561 4581 626 4639 ex
659 4568 897 4623 humano
928 4570 1200 4639 cogitandi
1236 4574 1430 4636 modo;
1464 4568 1518 4625 at
1545 4588 1652 4627 non
1686 4568 1974 4634 recusabat

400 4650 524 4714 eum
546 4637 805 4714 decorare
830 4653 896 4714 es
926 4637 1117 4714 nostra
1142 4644 1479 4714 eunt-.ipiendi
1508 4644 1716 4714 ratione
1749 4660 1844 4713 per
1873 4660 1972 4714 ap-

399 4705 744 4783 pellationem
771 4708 1134 4773 indivisibilis,
1157 4705 1518 4774 immutabilis,
1544 4722 1650 4768 etc.
1678 4705 1760 4768 Ex'
1777 4705 1971 4783 quibus

400 4775 616 4854 planum
649 4786 732 4831 est
768 4786 828 4854 et
874 4792 1238 4854 compertum,
1274 4783 1592 4847 particulam
1639 4784 1712 4854 μή
1753 4775 1975 4843 ηἰὶηἰιηθ

401 4846 728 4915 redundare,
766 4848 875 4902 imo
906 4846 1040 4903 vero
1072 4846 1306 4905 maxime
1348 4846 1711 4907 necessariam
1738 4869 1880 4917 esse,
1915 4867 1974 4911 ut

400 4917 671 4992 possimus
726 4918 806 4972 sic
862 4921 1255 4992 interpretari:
1307 4923 1362 4975 in
1418 4926 1619 4976 caeteris
1664 4939 1783 4978 vero
1815 4941 1975 4992 quam

399 4985 640 5062 plurimis
661 5003 779 5042 eum
810 5004 917 5062 non
952 4985 1150 5043 recuset
1180 4991 1427 5062 Immanis
1452 4992 1775 5062 intelligendi
1803 4985 1974 5050 modis

399 5056 683 5133 decorare;
711 5073 819 5127 qua
853 5059 1302 5133 interpretatione
1325 5076 1475 5115 meus
1494 5056 1741 5121 Eunémji
1771 5066 1975 5133 optime

399 5126 748 5195 exprimitur,
784 5129 899 5195 qui,
933 5126 1266 5193 ut’diximus,
1296 5146 1488 5184 nomen
1514 5146 1678 5185 ttnum
1710 5126 1849 5189 Filio
1878 5139 1977 5190 tri-

400 5194 669 5270 buereita
709 5194 1016 5261 recusabat,
1040 5211 1098 5251 ut
1128 5200 1331 5270 reliqua
1366 5201 1415 5255 ei
1449 5204 1578 5256 dare
1612 5218 1719 5256 non
1756 5220 1977 5259 recusa-

401 5274 506 5346 ret.
538 5262 762 5347 Necest
814 5262 1265 5347 ρειιιῑετευιιᾳυιιῖ
1306 5270 1566 5347 silentio,_
1590 5273 1841 5347 voculam
1873 5277 1972 5347 μή,

402 5347 457 5387 ιιι
493 5336 546 5388 in
586 5339 825 5391 editione
856 5337 1175 5400 Parisiensi.
1207 5340 1278 5393 ita
1314 5350 1368 5393 et
1404 5340 1456 5393 in
1483 5343 1722 5395 editione
1750 5336 1887 5398 Ven:
1921 5336 1976 5400 et

401 5405 455 5481 in
480 5405 630 5481 C_olb_.
660 5417 714 5461 et
752 5409 804 5481 in
847 5406 1032 5481 Regiis
1071 5410 1242 5481 tribus
1277 5411 1558 5465 codicibus
1612 5415 1856 5481 reperiri.
1910 5415 1977 5469 Et

400 5473 541 5555 illud_
559 5478 849 5555 adnotabo,
873 5473 971 5545 legi
1007 5481 1058 5532 iu
1092 5477 1224 5555 Erg.
1251 5481 1423 5555 primo
1453 5473 1740 5555 σεμνύνειν
1774 5485 1800 5537 ἐ
1833 5502 1976 5555 παρ-

399 5545 686 5625 αιτεῖσθαι.
715 5548 867 5625 _Puto
902 5560 1079 5625 autem
1126 5549 1153 5600 ὲ
1177 5545 1455 5625 scriptum
1478 5545 1646 5625 fuisse
1679 5568 1777 5621 pro
1801 5555 1855 5625 ἦ,
1877 5545 1975 5618 vel,

400 5622 516 5686 aut,
544 5615 933 5686 librariumque
964 5619 1206 5673 indicare
1234 5615 1489 5684 voluisse,
1520 5615 1711 5677 horum
1740 5615 1973 5678 duorum

402 5682 689 5740 verborum
734 5682 962 5742 alterum
996 5688 1213 5755 quidem
1248 5688 1350 5757 legi
1378 5682 1676 5758 Oportere:
1729 5695 1824 5751 sed
1879 5710 1977 5750 ne-

2061 5345 2200 5417 .(6

2077 4510 2153 4564 tio
2187 4524 2252 4563 eo
2278 4510 2489 4563 redibat
2527 4527 2541 4563 :
2594 4510 2913 4579 Quanquam
2945 4508 3116 4565 Filius
3145 4520 3372 4564 vocatur
3398 4508 3641 4579 invisibi-

2071 4580 2162 4642 lis,
2187 4579 2534 4642 immortalis,
2566 4577 2942 4644 intmutabilis,
2978 4579 3432 4647 quemadmodum
3457 4589 3513 4635 et
3539 4577 3641 4633 Pa-

2074 4662 2181 4713 ter,
2208 4658 2386 4702 tamen
2420 4649 2561 4719 Deus
2589 4664 2717 4704 vere
2742 4661 2792 4704 et
2817 4651 3036 4719 proprie
3060 4666 3165 4705 non
3202 4659 3307 4703 est.
3340 4650 3464 4703 Hzec
3492 4650 3637 4703 enim

2074 4719 2295 4790 nomina
2328 4733 2434 4772 non
2475 4718 2714 4774 afﬁciunt
2744 4718 3192 4790 ipsam’naturam
3230 4719 3468 4790 divinam
3497 4735 3512 4772 :
3545 4721 3639 4773 sed

2073 4789 2526 4843 Deo‘tribuuntur
2555 4804 2622 4844 ex
2668 4789 2905 4844 humano
2933 4789 3269 4857 concipiendi
3305 4791 3484 4844 modo.
3532 4790 3640 4842 Sed

2072 4857 2220 4911 aliud
2252 4872 2447 4913 nomen
2482 4869 2582 4919 est,
2616 4861 2758 4929 quod
2788 4861 2879 4914 Dei
2910 4869 2992 4913 est
3022 4860 3322 4928 proprium,
3348 4859 3488 4929 quod
3511 4860 3643 4915 cha-

2071 4938 2256 4981 racter
2281 4938 2362 4982 est
2390 4929 2715 4993 divinitatis,
2741 4932 2885 4999 quod
2916 4930 3086 4997 ipsam
3116 4940 3362 4984 naturam
3403 4930 3639 4984 divinam

2077 4999 2378 5062 constituit,
2415 5001 2558 5065 quod
2588 4999 2696 5053 Deo
2726 5015 2831 5052 non
2860 4999 3116 5054 tribuitur
3141 5015 3207 5053 ex
3252 5010 3437 5054 nostro
3483 5000 3641 5054 intel-

2074 5067 2275 5136 ligendi
2331 5070 2515 5130 modo,
2547 5083 2603 5122 et
2644 5078 2821 5122 tamen
2883 5070 2936 5123 id
2991 5085 3187 5123 nomen
3240 5071 3643 5124 non‘convenit

2072 5137 2234 5209 Eilio,
2264 5137 2373 5190 imo
2403 5143 2565 5209 etiam
2616 5139 3189 5209 maximeirepugnat;
3246 5154 3313 5195 ex
3348 5155 3453 5208 quo
3485 5141 3543 5192 lit
3583 5149 3643 5193 ut

2074 5206 2245 5261 Filius
2278 5209 2498 5275 proprie
2530 5207 2669 5261 Deus
2703 5223 2809 5261 non
2838 5208 2927 5263 sit.
2960 5206 3096 5265 Illud
3123 5218 3301 5264 autem
3332 5206 3526 5265 nomen
3557 5220 3642 5263 est

2070 5276 2134 5330 τὸ
2167 5276 2482 5399 ἁόἐννητον,
2507 5277 2807 5347 ingenitum.

2146 5345 2200 5399 l6
2246 5352 2256 5399 l
2289 5346 2518 5399 Codices
2543 5349 2648 5399 duo
2674 5363 2807 5399 σκοτε

2245 5346 2648 5418 [codicesduo
2674 5349 3010 5418 σκοπήσατε.
3044 5348 3242 5403 Ibidem
3277 5348 3407 5404 editi
3449 5346 3643 5416 Δείξας

2074 5416 2205 5488 γάρ,
2233 5416 2435 5488 Vocula
2466 5417 2586 5488 γάρ
2609 5416 2763 5471 deest
2801 5416 2853 5488 in
2881 5417 3136 5472 omnibus
3161 5434 3289 5488 mss.

2150 5485 2262 5557 (6i)
2284 5486 2521 5557 dEditiet
2547 5485 2690 5557 Reg.
2722 5487 2942 5555 quintus
2986 5488 3086 5541 οὐκ
3114 5487 3313 5541 ἐκτῶν
3346 5485 3505 5540 θείων
3548 5490 3644 5542 καὶ

2076 5555 2345 5626 ἀληθινῶν
2366 5624 2371 5626 Α
2386 5555 2752 5626 διδαγμάτων,
2790 5572 2894 5611 non
2919 5573 2984 5611 ex
3012 5559 3201 5611 divinis
3223 5560 3453 5626 verisque
3479 5559 3644 5611 dom-

2078 5624 2284 5679 memis.
2314 5624 2416 5678 Alii
2445 5641 2537 5678 sex
2551 5624 2695 5681 'mss.
2727 5634 2786 5681 ut
2818 5625 2873 5681 in
2902 5637 3193 5695 contextu;
3234 5644 3334 5686 nec
3369 5624 3531 5684 aliter
3558 5628 3640 5684 le-

2082 5712 2144 5761 ge
2157 5704 2241 5751 rat
2271 5696 2557 5761 interpres.
