4016 6220
409 333 518 389 535

1501 333 1871 390 ADVERSUS
1908 333 2271 392 EUNOMIUM
2313 335 2440 392 LIB.
2489 335 2528 390 1.

3550 338 3658 393 554

409 450 591 504 πᾶσαν
612 465 706 521 την
725 447 814 501 διὰ
839 447 946 500 τῶν
969 447 1261 518 ὀφθαλμῶν
1281 448 1581 519 κατάληψιν
1597 468 1610 480 ο
1642 450 1813 503 καὶτὸ
1842 448 1983 502 ἀσώ-

2115 468 2139 504 η
2177 452 2283 504 Deo
2307 468 2322 504 :
2346 460 2399 504 et
2434 448 2718 516 invisibile,
2756 449 3021 505 excedere
3054 464 3176 504 eum
3221 466 3434 506 omnem
3475 454 3656 506 oculo-

416 549 583 612 ματον
614 540 674 593 τὸ
711 541 785 611 μὴ
819 541 1084 612 ὑπάρχειν
1129 540 1292 594 αὑτοῦ
1333 542 1497 612 τριχῆ
1549 540 1839 610 διαστατὴν
1888 540 1987 610 τὴν

412 632 600 685 οὐσίαν
623 647 638 662 ⁸
683 632 778 685 καὶ
825 633 886 685 τὸ
917 633 1183 688 ἀθάνατον
1213 634 1273 686 τὸ
1317 634 1584 704 μηδέποτε
1618 633 1861 686 διάλυσιν
1891 632 1988 684 αὑ-

410 723 490 794 τῷ
518 725 982 796 προσγενήσεσθαι
1001 743 1015 756 ·
1048 725 1190 778 οὑτω
1210 727 1388 796 φαμὲν
1410 726 1503 780 καὶ
1527 727 1607 790 τὸ,
1635 724 1987 795 ἀγέννητον,

412 813 605 876 δηλοῦν
651 815 713 868 τὸ
744 816 997 886 γέννησιν
1030 815 1179 886 αὐτῷ
1213 815 1322 886 (62)
1368 815 1442 887 μὴ
1470 818 1771 887 προσεῖναι.
1801 816 1862 868 Ei
1894 815 1991 884 μὲν

413 903 509 959 οὖν
552 907 721 984 μηδὲν
755 907 959 961 τούτων
1012 909 1326 980 στερητικὸν
1371 908 1478 962 τῶν
1523 908 1830 979 ὀνομάτων,
1873 907 1992 960 οὑδὲ

415 999 611 1050 ἐκεῖνο.
664 999 727 1050 El
767 998 824 1051 δὲ
865 999 951 1052 ἐπ’
984 1000 1205 1052 ἐκείνων
1253 999 1408 1062 δίδως
1454 1001 1514 1052 τὸ
1547 1000 1685 1053 κατὰ
1735 1003 1992 1070 στέρησιν

414 1086 704 1155 λέγεσθαι,
755 1088 989 1159 ὲπὶ,τῆς
1037 1087 1130 1141 τοῦ
1189 1089 1484 1160 άγεννήτου
1533 1089 1901 1160 προσηγορίας
1931 1090 1991 1142 οὑ

417 1181 742 1248 συγχωρεῖς,
777 1179 923 1242 εἰπὲ,
954 1179 1099 1242 τίνος
1131 1181 1228 1244 μὲν
1267 1179 1436 1246 ἕξεως
1468 1181 1847 1252 προλαόούσης
1876 1182 1996 1234 στέο

421 1286 578 1340 ρησιν
625 1271 876 1341 ἐμφαίνει
914 1270 974 1323 τὸ
1021 1271 1326 1343 ἄφθαρτον;
1375 1271 1492 1336 πῶς
1533 1273 1590 1326 δὲ
1635 1275 1754 1343 οὐχὶ
1782 1273 1843 1327 τὸ
1885 1273 1996 1326 ἴσον

419 1361 569 1432 αὑτῷ
608 1361 827 1414 δύναται
856 1362 916 1415 τὸ
948 1362 1056 1434 (65)
1108 1363 1430 1435 άγέννητον;
1469 1363 1629 1417 Ἀλλὰ
1669 1366 1798 1436 περὶ
1830 1366 1998 1436 μόνην

419 1453 621 1522 ταύτην
650 1452 746 1525 τὴν
766 1453 909 1518 λέξιν
949 1457 1284 1525 κακοτεχνεῖ,
1319 1455 1452 1508 διότι
1479 1454 1728 1509 ἐντεῦθεν
1758 1455 1907 1527 αὐτῷ
1941 1458 1998 1510 αί

419 1545 666 1616 ἀφορμαὶ
695 1545 795 1615 τῆς
837 1544 1094 1609 ἀσεϐείας
1127 1548 1410 1618 ἤρτηνται.
1447 1547 1562 1601 Ἵνα
1604 1547 1660 1600 δὲ
1695 1547 1867 1617 σαφὲς
1904 1548 2001 1602 αὑ-

419 1636 513 1690 τοῦ
558 1638 618 1690 τὸ
651 1637 934 1709 τέχνασμα
967 1638 1214 1709 γένηται,
1261 1638 1402 1692 οὕτω
1439 1640 1700 1710 ποιήσατε
1723 1656 1736 1668 ·
1773 1640 1866 1704 οὒς
1907 1639 2000 1694 ἐπὶ

419 1730 515 1784 τοῦ
544 1730 840 1801 ἀγεννήτου
889 1730 1159 1800 γυμνάσει
1202 1730 1394 1800 λόγους
1414 1773 1428 1797 ,
1464 1731 1545 1784 ὅτι
1579 1731 1700 1784 οὔτε
1735 1733 1854 1786 κατ’
1877 1733 2000 1784 ἐπί-

420 1836 568 1874 νοιαν
602 1819 948 1890 ἀνθρωπίνην
968 1862 980 1886 ,
1012 1818 1136 1873 οὔτε
1160 1820 1303 1874 κατὰ
1335 1821 1594 1892 στέρησιν
1628 1819 1848 1890 εῦλογόν
1883 1824 1998 1875 ἐστι
2032 1803 2073 1857 Β

421 1911 549 1981 περὶ
588 1909 722 1964 Θεοῦ
752 1910 1038 1980 λέγεσθαι,
1067 1911 1289 1976 τούτους
1329 1912 1747 1983 μετενεγκόντες
1786 1915 1872 1965 ἐπ’
1906 1914 1999 1968 άλ-

421 2001 513 2057 λου
559 2003 704 2066 τινὸς
735 2003 843 2056 τῶν
872 2003 1001 2074 περὶ
1044 2002 1179 2057 Θεοῦ
1211 2003 1549 2074 λεγομένων,
1588 2006 1862 2059 σκοπεῖτε.
1898 2005 2002 2057 Εὑ-

425 2099 617 2168 ρήσετε
641 2096 749 2168 γὰρ
787 2095 1001 2166 ἑκάστῳ
1035 2095 1281 2168 ἀκριϐῶς
1322 2095 1751 2166 ὲφαρμόζοντας.
1790 2098 1920 2161 Καὶ,
1951 2098 2000 2150 εί

425 2186 678 2256 βούλεσθε
703 2226 716 2250 ,
745 2187 837 2240 ἐπὶ
872 2186 966 2240 τοῦ
1006 2187 1284 2258 ἀφθάρτου
1313 2187 1482 2239 ταῦτα
1514 2186 1761 2257 λέγωμεν
1781 2228 1796 2252 ,
1832 2190 2001 2260 αὐτὴν

422 2278 586 2339 αὑτοῦ
631 2279 728 2350 τὴν
758 2279 902 2346 λέξιν
935 2281 1424 2350 μετακομίσαντες.
1466 2279 1778 2350 Ἀφθαρτον
1809 2281 1866 2334 δὲ
1916 2281 2002 2335 λέ-

421 2386 630 2438 γοντες,
660 2370 720 2423 οὑ
758 2372 877 2424 κατ’
911 2371 1152 2422 ἐπίνοιαν
1193 2368 1540 2440 ἀνθρωπίνην
1582 2369 1867 2440 σεμνύνειν
1899 2370 2004 2424 οἰό-

425 2461 566 2531 μεθα
605 2462 748 2515 δεῖν·
786 2461 1136 2515 άποτιννύναι
1187 2462 1245 2514 δὲ
1287 2460 1436 2531 αὑτῷ
1483 2461 1544 2514 τὸ
1586 2462 1803 2516 πάντων
1837 2464 2005 2533 ἀναγ-

423 2550 708 2602 καιότατον
734 2550 975 2621 ὄφλημα,
1009 2550 1112 2622 τὴν
1143 2551 1237 2603 τοῦ
1280 2549 1418 2604 εἶναι
1445 2552 1473 2604 ὅ
1503 2553 1649 2606 ἐστιν
1679 2553 1968 2624 ὁμολογίαν
1988 2574 2002 2588 ο

424 2640 562 2694 ἀλλὰ
595 2641 701 2713 μὴν
730 2641 849 2694 οὑδὲ
875 2641 1018 2695 κατά
1056 2641 1313 2714 στέρησιν
1351 2643 1466 2715 (64)
1492 2662 1506 2676 ·
1545 2645 1599 2697 εί
1637 2663 1700 2714 γε
1729 2645 1839 2699 τῶν
1867 2649 2006 2700 κατὰ

427 2731 590 2801 φύσιν
619 2735 674 2786 αἱ
723 2736 1007 2804 στερήσεις
1047 2735 1152 2787 eisi.
1201 2737 1483 2807 στερήσεις
1508 2776 1522 2800 ,
1563 2738 1660 2791 xal.
1701 2738 1808 2791 τῶν
1841 2738 2006 2803 ἕξεων

425 2823 694 2898 δεύτεραι.
727 2826 792 2878 Τί
825 2826 1024 2896 μᾶλλον
1050 2827 1142 2879 ἐπὶ
1172 2826 1264 2880 τοῦ
1294 2828 1589 2900 άγεννήτου
1615 2830 1812 2901 πρέπει
1834 2833 2006 2884 ταῦτα

427 2913 738 2984 φιλοσοφεῖν
779 2915 812 2986 ἢ
857 2917 952 2969 καὶ
990 2917 1081 2970 ἐπὶ
1123 2916 1217 2970 τοῦ
1264 2918 1580 2992 ἀφθάρτου,
1631 2922 1725 2973 καὶ
1757 2921 1892 2985 ὅλως
1922 2925 2005 2991 ἐφ’

429 3007 665 3078 ἑκάστης
713 3008 896 3079 φωνῆς
942 3009 1041 3079 τῆς
1091 3009 1234 3062 κατὰ
1263 3010 1353 3064 τὸν
1378 3011 1540 3064 αὑτὸν
1581 3013 1750 3066 τύπον
1784 3014 2008 3084 ἐκφερο-

432 3100 628 3171 μένης;
681 3100 818 3152 Ἀλλ’
863 3099 1014 3154 οὐδὲν
1061 3100 1169 3154 τῶν
1209 3101 1380 3155 ἄλλων
1413 3101 1561 3173 αὑτῷ
1592 3103 1729 3175 πρὸς
1757 3104 1857 3174 τὴν
1882 3103 2008 3157 ἀσέ-

2095 559 2210 598 rum
2246 544 2780 611 comprehensionem
2827 551 2919 596 :et
2968 544 3366 611 incorporeum,
3403 545 3660 596 substan-

2095 637 2224 688 tiam
2261 635 2376 701 ejus
2427 636 2563 688 trina
2619 633 2953 690 dimensione
2990 650 3093 688 non
3147 644 3398 688 constare
3425 653 3440 686 :
3467 644 3521 688 et
3561 635 3662 686 im-

2095 727 2342 790 mortale,
2364 743 2484 780 eum
2506 727 2842 781 dissolutioni
2877 741 3152 794 nunquam
3183 725 3474 780 obnoxium
3511 725 3658 779 fore:

2092 819 2335 872 eumdem
2367 817 2432 870 ad
2471 819 2684 870 modum
2721 818 2951 872 dicimus
2981 819 3270 896 ingenitum
3291 819 3454 870 etiam
3487 817 3664 885 signi-

2095 909 2278 973 ﬁcare,
2311 910 2717 976 generationem
2766 910 2818 961 in
2865 910 2981 977 ipso
3025 925 3129 962 non
3186 909 3384 962 inesse.
3430 908 3665 962 Proinde

2095 1001 2139 1054 si
2169 1000 2370 1054 nullum
2405 1015 2470 1054 ex
2507 1000 2614 1055 illis
2648 999 2954 1053 nominibus
2994 999 3316 1067 privativum
3359 1009 3461 1063 est,
3491 1014 3668 1068 neque

2096 1093 2199 1147 hoc
2229 1093 2352 1146 erit.
2389 1091 2539 1158 Quod
2582 1093 2628 1146 si
2665 1093 2919 1147 concedis
2952 1091 3038 1144 illa
3080 1092 3376 1146 secundum
3409 1092 3668 1159 privatio-

2098 1198 2217 1236 nem
2248 1182 2374 1246 dici,
2408 1183 2499 1236 sed
2523 1182 2574 1234 id
2603 1182 2655 1234 in
2685 1181 3042 1249 appellatione
3074 1181 3295 1250 ingeniti
3342 1196 3444 1234 non
3472 1181 3668 1234 admito

2099 1281 2214 1325 tas:
2246 1271 2351 1330 die,
2378 1285 2486 1339 quo
2524 1269 2706 1324 habitu
2743 1271 2904 1340 222
2941 1272 3301 1340 prmcedente,
3338 1269 3670 1339 incorrupti-

2099 1365 2205 1420 bile
2235 1364 2593 1434 privationem
2628 1362 2871 1416 indicet?
2907 1371 3000 1414 aut
3043 1364 3313 1432 quomodo
3364 1362 3664 1430 ingenitum

2101 1471 2207 1510 non
2240 1456 2378 1510 idem
2413 1457 2556 1526 quod
2609 1455 2713 1510 hoc
2754 1454 2964 1508 valeat?
2995 1455 3062 1508 At
3117 1455 3262 1510 circa
3319 1455 3421 1509 hoc
3453 1453 3672 1507 verbum

2102 1547 2276 1601 solum
2324 1545 2580 1616 malignis
2614 1544 2826 1600 artibus
2857 1545 3048 1610 utitur,
3083 1544 3224 1614 quod
3255 1545 3302 1598 ei
3336 1545 3460 1599 hinc
3488 1543 3673 1613 impie-

2078 1639 2230 1693 -tatis
2260 1638 2562 1708 dependent
2584 1636 2918 1692 occasiones.
2945 1636 3050 1691 Sed
3088 1636 3377 1690 artificium
3421 1635 3538 1704 ejus
3569 1650 3678 1688 ma-

2106 1731 2357 1786 nifestum
2393 1738 2450 1783 ut
2505 1730 2619 1796 ﬁat,
2671 1730 2742 1783 ita
2779 1729 2980 1783 facile:
3019 1744 3154 1799 quos
3205 1728 3269 1782 de
3317 1729 3556 1798 ingenito
3593 1731 3678 1781 in-

2103 1821 2265 1876 struit
2313 1834 2613 1884 sermones,
2648 1821 2790 1887 quod
2853 1833 3024 1888 neque
3081 1834 3148 1872 ex
3201 1819 3438 1873 humano
3490 1818 3676 1881 conci-

2105 1912 2286 1983 piendi
2328 1913 2504 1974 modo,
2540 1925 2715 1980 neque
2744 1925 2810 1964 ex
2843 1910 3151 1978 privatione
3184 1915 3249 1964 de
3295 1910 3404 1963 Deo
3437 1908 3543 1963 dici
3575 1923 3676 1977 par

2105 2015 2221 2071 est;
2253 2006 2352 2059 hos
2379 2004 2672 2057 translatos
2706 2003 2758 2056 in
2788 2003 2930 2056 aliud
2966 2003 3233 2072 quoddam
3264 2017 3455 2055 nomen
3495 2016 3560 2054 ex
3595 2000 3679 2055 his

2106 2111 2226 2166 qua
2275 2096 2342 2150 de
2376 2097 2486 2150 Deo
2518 2096 2790 2158 dicuntur,
2829 2095 3192 2149 consideretis
3229 2094 3409 2146 velim.
3454 2091 3680 2147 Unicui-

2111 2201 2217 2256 que
2265 2186 2410 2240 enim
2450 2185 2661 2239 illorum
2705 2200 2930 2254 prorsus
2975 2185 3273 2238 convenire
3309 2182 3678 2251 comperietis.

2109 2279 2197 2341 Et,
2230 2278 2274 2332 si
2309 2276 2491 2342 vultis,
2525 2276 2591 2331 de
2620 2275 3015 2344 incorruptibili
3064 2275 3251 2330 eadem
3292 2274 3558 2335 dicamus,
3594 2273 3682 2327 his

2111 2370 2242 2439 ipsis
2280 2369 2474 2439 quibus
2503 2368 2669 2421 utitur
2698 2367 2877 2420 verbis
2911 2366 3014 2420 huc
3055 2365 3390 2418 transmotis.
3437 2364 3684 2416 Incorru-

2111 2461 2354 2529 ptibilem
2385 2470 2563 2514 autem
2590 2475 2713 2514 eum
2741 2459 2992 2522 dicimus,
3026 2473 3131 2512 non
3169 2459 3463 2511 secundum
3494 2456 3686 2509 Imma-

2112 2569 2238 2607 num
2294 2551 2630 2620 intelligendi
2681 2549 2894 2604 modum
2941 2551 3308 2604 decorandum
3350 2561 3470 2600 esse
3516 2545 3683 2599 Deum

2111 2645 2444 2700 arbitramur
2478 2644 2607 2699 :sed
2648 2642 3061 2713 persolvendum
3090 2642 3138 2694 ei
3183 2640 3418 2695 debitum
3455 2638 3687 2692 maxime

2111 2737 2352 2793 omnium
2394 2721 2784 2800 necessarium),
2828 2736 3224 2790 confessionem
3271 2732 3541 2796 videlicet,
3575 2747 3683 2800 qua

2111 2845 2236 2891 eum
2282 2829 2336 2883 id
2372 2844 2494 2883 esse
2537 2829 2680 2897 quod
2715 2839 2798 2883 est
2831 2829 3187 2882 conﬁteamur
3225 2827 3356 2880 :sed
3393 2840 3566 2896 neque
3596 2841 3685 2877 se-

2114 2923 2346 2977 cundum
2404 2922 2762 2991 privationem
2806 2936 2821 2974 :
2865 2921 3132 2990 siquidem
3181 2921 3512 2988 privationes
3563 2925 3690 2972 sunt

2114 3014 2449 3083 privationes
2475 3029 2663 3068 eorum
2694 3029 2814 3084 quae
2845 3023 2972 3068 sunt
3019 3023 3240 3078 natura,
3277 3023 3511 3081 suntque
3537 3010 3692 3064 habi-

2118 3107 2260 3160 tibus
2293 3105 2643 3175 posteriores.
2673 3106 2782 3160 Cur
2815 3106 2982 3175 magis
3025 3105 3091 3160 de
3138 3104 3376 3177 ingenito
3415 3103 3527 3156 haze
3553 3099 3693 3154 afﬁr-

429 3190 582 3244 ϐειαν
618 3194 888 3262 συνεργεῖ.
914 3191 1006 3244 Διὸ
1038 3192 1146 3244 τῶν
1175 3191 1376 3245 λοιπῶν
1411 3171 1542 3245 οὑδὲ-
1568 3171 1857 3264 μέμνηται,
1889 3195 2010 3248 καί-

2118 3210 2266 3250 mare
2308 3197 2481 3260 decet,
2520 3211 2681 3266 quam
2740 3197 2804 3250 de
2853 3171 3344 3263 incorruptibili,et
3378 3193 3596 3246 omnino
3626 3192 3691 3246 de

430 3301 510 3338 τοι
543 3284 750 3356 μυρίων
781 3284 949 3338 ὄντων
975 3283 1080 3337 τῶν
1109 3283 1238 3355 περ).
1267 3282 1401 3337 Θεοῦ
1435 3285 1764 3354 λεγομένων.

2118 3289 2358 3358 qualibet
2397 3305 2552 3352 voce,
2595 3304 2714 3358 quae
2753 3289 2945 3342 eodem
2993 3289 3152 3342 modo
3199 3286 3554 3356 proferatur?
3585 3285 3692 3339 Sed

431 3380 576 3434 aliud
634 3379 766 3434 nihil
817 3380 866 3434 ei
917 3381 984 3434 ad
1038 3382 1370 3448 impietatem
1441 3381 1719 3436 conducit.
1784 3379 1966 3448 Quare
2015 3397 2084 3437 ne
2125 3385 2371 3438 meminit
2419 3385 2634 3454 quidem
2696 3383 3072 3453 reliquorum,
3141 3382 3352 3436 etiamsi
3409 3380 3692 3434 innumera

432 3475 541 3528 sint
572 3489 690 3542 quae
722 3474 786 3528 de
827 3473 933 3528 Deo
955 3474 1227 3527 dicuntur.

504 3565 592 3618 10.
638 3566 790 3635 Ἔχει
826 3565 880 3618 δὲ
913 3563 1105 3628 οὑτως.
1147 3566 1241 3617 ’Ἐν
1279 3565 1378 3636 μὲν
1419 3564 1572 3618 οὐδέν
1607 3555 1754 3618 ἐστίν
1788 3565 1958 3636 ὄνομα
1990 3565 2018 3618 ὸ

433 3658 614 3710 πᾶσαν
647 3654 867 3727 ἐξαρκεῖ
892 3655 989 3727 τὴν
1033 3655 1125 3708 τοῦ
1158 3655 1292 3708 Θεοῦ
1331 3655 1493 3724 φύσιν
1535 3654 1862 3726 περιλαϐὸν,
1900 3657 2019 3708 ίκα-

435 3749 540 3814 νῶς
581 3748 926 3818 ἐξαγγεῖλαιο
968 3747 1138 3800 πλείω
1181 3747 1238 3800 δὲ
1296 3749 1389 3802 καὶ
1448 3748 1666 3802 ποικίλα
1711 3750 1832 3802 κατ’
1883 3748 2018 3801 ίδίαν

434 3841 662 3895 ἕκαστον
713 3839 1018 3910 σημασίαν,
1053 3839 1297 3911 ἀμυδρὰν
1346 3840 1444 3910 μὲν
1477 3840 1757 3904 παντελῶς
1795 3842 1888 3894 καὶ
1928 3858 2019 3911 μι·

434 3932 726 4004 κροτάτην,
749 3933 824 3995 ὡς
854 3931 990 4002 πρὸς
1019 3933 1078 3984 τὸ
1100 3932 1240 3998 ὅλον,
1274 3935 1408 4002 ἡμῖν
1437 3948 1501 4000 γε
1537 3933 1644 4004 μὴν
1679 3932 2018 4005 ὲξαρκοῦσαν

435 4026 532 4097 τὴν
575 4026 780 4079 ἔννοιαν
826 4023 1188 4096 συναθροίζει.
1233 4025 1322 4078 Ἐν
1369 4026 1548 4080 τοίνυν
1578 4029 1691 4089 τοῖς
1727 4028 1856 4098 περὶ
1885 4014 2042 4078 Θεοῦ

437 4118 749 4190 λεγομένοις
781 4120 1032 4189 ὀνόμασι,
1068 4119 1136 4172 τὰ
1178 4119 1276 4189 μὲν
1308 4119 1416 4173 τῶν
1446 4119 1759 4190 προσόντων
1802 4120 1879 4190 τῷ
1903 4118 2022 4190 Θεῷ

439 4209 710 4279 δηλωτικὰ
743 4212 878 4273 ἐστι,
907 4209 976 4262 τὰ
1001 4209 1056 4262 δὲ
1081 4209 1141 4262 τὸ
1162 4208 1423 4273 ἐναντίον,
1449 4209 1558 4262 τῶν
1589 4210 1664 4280 μὴ
1687 4209 2016 4279 προσόντων.

453 4302 548 4354 Ἐκ
571 4301 665 4354 δύο
697 4302 806 4373 γὰρ
835 4302 1042 4356 τούτων
1067 4303 1231 4356 οἱονεὶ
1263 4303 1550 4373 χαρακτήρ
1587 4319 1671 4366 τις
1705 4303 1835 4372 ἡμῖν
1871 4302 2024 4370 ὲγγίο

441 4411 589 4448 νεται
615 4393 706 4446 τοῦ
729 4394 885 4460 Θεοῦ,
918 4394 980 4448 ἔκ
1009 4412 1070 4448 τε
1101 4396 1198 4467 τῆς
1237 4395 1344 4448 τῶν
1376 4395 1832 4466 άπεμφαινόντων
1867 4396 2025 4467 ἀρνή-

444 4507 582 4553 σεως
606 4491 700 4542 καὶ
745 4492 812 4542 ἐκ
845 4489 944 4560 τῆς
973 4490 1080 4543 τῶν
1124 4491 1475 4562 ὑπαρχόντων
1523 4488 1832 4560 ὁμολογίας.
1877 4484 2022 4550 υἶον,

443 4581 572 4634 ὅταν
617 4580 890 4652 ἄφθαρτον
945 4581 1318 4652 ὀνομάζωμεν,
1368 4581 1594 4652 δυνάμει
1642 4580 1753 4652 (65⁸)
1795 4579 2025 4650 λέγομεν

447 4675 659 4738 ἑαυτοῖς
703 4675 737 4746 ἢ
779 4676 892 4737 τοῖς
941 4674 1249 4738 ἀκούουσιν,
1285 4674 1367 4726 ὅτι
1422 4673 1515 4744 Μὴ
1559 4674 1671 4726 οἴου
1717 4671 1891 4741 φθορᾷ
1937 4670 2026 4722 τὸν

447 4767 582 4820 Θεὸν
610 4766 964 4820 ὑποκεῖσθαι·
1003 4767 1096 4819 καὶ
1126 4766 1253 4818 ὅταν
1284 4765 1534 4835 ἀόρατον,
1577 4765 1659 4816 ὅτι
1695 4763 1785 4833 Μὴ
1825 4762 2025 4815 ὑπολά-

2188 3565 2276 3620 10.
2319 3563 2696 3618 1ί1³ὺεῑειιῑθηι
2745 3576 2805 3616 se
2852 3575 2937 3614 res
2972 3560 3075 3612 hoc
3127 3558 3303 3610 modo.
3334 3553 3548 3608 Nullum
3575 3554 3696 3623 qui‘

2117 3659 2239 3715 dem
2273 3673 2466 3713 nomen
2503 3667 2587 3711 est
2624 3655 2767 3726 quod
2812 3664 2977 3708 totam
3026 3651 3120 3706 Dei
3153 3659 3401 3703 naturam
3453 3646 3696 3716 comple-

2120 3766 2268 3814 xum,
2307 3761 2390 3803 sat
2419 3764 2537 3803 eam
2578 3747 2748 3818 possit
2792 3745 3083 3800 enuntiare
3123 3758 3135 3793 :
3171 3742 3325 3810 plura
3350 3753 3479 3794 vero
3518 3747 3574 3791 et
3601 3753 3696 3789 va-

2121 3841 2220 3904 ria,
2255 3838 2465 3909 singula
2519 3839 2570 3891 in
2627 3837 2841 3905 propria
2901 3832 3336 3902 significatione,
3397 3827 3694 3880 obscuram

2121 3933 2337 4002 quidem
2387 3931 2609 3984 omnino
2638 3938 2692 3982 et
2734 3941 2994 3996 perquam
3051 3923 3322 3991 exiguam,
3351 3919 3396 3974 si
3429 3935 3548 3972 cum
3587 3926 3699 3970 toto

2120 4031 2483 4093 comparetur,
2509 4021 2660 4075 nobis
2681 4030 2858 4073 tamen
2887 4015 3259 4078 sullicientem,
3291 4010 3696 4080 intelligentiam

2122 4123 2442 4186 congerunt.
2478 4112 2664 4182 Itaque
2691 4113 2833 4164 inter
2878 4109 3094 4164 nomina
3129 4120 3189 4160 ea
3224 4120 3345 4174 qua}
3383 4104 3449 4156 de
3482 4104 3589 4156 Deo
3616 4101 3700 4153 di~

2122 4221 2338 4275 cuntur,
2382 4207 2556 4276 aliqua
2609 4205 2912 4275 signiﬁcant
2951 4217 3070 4270 qua:
3105 4199 3215 4253 Deo
3248 4200 3430 4251 insunt
3466 4210 3479 4248 :
3519 4193 3697 4259 aliqua

2123 4316 2252 4356 vero
2316 4300 2624 4355 econtrario
2668 4297 2910 4350 indicant
2956 4308 3077 4362 quae
3125 4294 3173 4345 ei
3215 4307 3321 4344 non
3377 4288 3584 4341 insunt.
3615 4283 3693 4336 Ex

2123 4394 2210 4448 his
2241 4393 2383 4447 enim
2435 4390 2664 4453 duobus,
2706 4397 2760 4441 et
2810 4402 2876 4440 ex
2927 4399 3112 4438 eorum
3164 4395 3282 4449 qua:
3355 4378 3699 4431 dissentanea

2125 4497 2249 4541 Sunl
2281 4485 2587 4553 negatione,
2619 4492 2673 4534 et
2701 4496 2765 4533 ex
2797 4493 2985 4534 eorum
3020 4489 3140 4546 quae
3185 4474 3380 4526 adsunt
3412 4466 3702 4522 confessio-

2126 4593 2217 4641 ne,
2255 4576 2400 4630 velut
2441 4573 2657 4642 quidam
2712 4571 2806 4624 Dei
2840 4571 3125 4624 character
3156 4563 3310 4617 nobis
3351 4557 3698 4629 imprimitur.

2127 4668 2370 4738 Exempli
2418 4680 2603 4730 causa,
2637 4678 2760 4717 cum
2816 4656 3283 4727 incorruptibilem
3338 4650 3700 4712 nominamus,

2130 4761 2271 4814 idem
2309 4757 2540 4812 facimus
2575 4769 2638 4808 ac
2670 4755 2714 4808 si
2744 4752 2988 4806 dicamus
3023 4758 3114 4800 aut
3151 4744 3306 4797 nobis
3337 4741 3466 4811 ipsis
3494 4746 3587 4792 aut
3611 4752 3700 4789 au-

448 4857 550 4932 6ης
595 4859 757 4913 αὑτὸν
809 4861 875 4930 τῇ
909 4856 998 4911 διά
1028 4857 1136 4910 τῶν
1193 4829 1367 4926 ὅψεων
1400 4855 1649 4927 αἰσθήσει
1679 4829 2011 4924 καταλαμϐά-

2129 4837 2406 4910 dientibus
2435 4867 2448 4904 :
2481 4847 2628 4903 Cave
2659 4854 2812 4916 putes
2830 4843 2998 4898 Deum
3023 4836 3301 4906 subjacere
3329 4829 3700 4901 corruptioni:

455 5076 458 5080 -
524 5037 635 5111 (62)
668 5037 802 5111 Reg.
834 4988 1036 5111 tertius
1056 5035 1272 5104 γένεσιν
1304 5032 1474 5104 αὑτῷ.
1503 5032 1646 5087 Editi
1686 5039 1739 5086 et
1771 5030 1862 5084 alii
1895 5045 2027 5084 mss.

449 5105 702 5180 γέννησιν
722 5105 890 5180 αὐτῷ,

462 5171 634 5304 ’6033)
662 5179 801 5232 Editi
827 5171 1029 5259 δύναιτ’
1065 5175 1130 5229 ἂν
1163 5175 1244 5228 τό.
1280 5174 1350 5228 At
1379 5187 1512 5228 mss.
1549 5180 1781 5242 quatuor
1807 5171 2031 5224 δύναται

449 5269 480 5304 τ
517 5291 531 5304 .

524 5319 638 5388 (64)
665 5318 808 5373 Editi
861 5315 1005 5388 κατά
1043 5316 1143 5386 τὴν
1194 5314 1472 5388 στέρησιν.
1502 5312 1781 5388 Articulus
1814 5312 1865 5363 in
1895 5324 2028 5388 mss.

454 5379 560 5445 non
595 5379 891 5443 invenitur.
941 5379 1120 5455 Neque
1166 5379 1455 5439 secundum
1485 5383 1878 5455 privationem.
1924 5379 2035 5455 _lloc

453 5473 554 5524 est,
584 5452 1043 5527 quemadmodum
1059 5471 1163 5510 non
1182 5464 1446 5527 putamus
1478 5454 1640 5508 Deum
1664 5452 2032 5527 decorandum

453 5522 575 5585 esse
605 5522 701 5599 per
727 5528 1088 5599 privationem
1125 5541 1139 5578 :
1178 5526 1248 5578 ita
1281 5539 1386 5599 non
1423 5533 1688 5599 putamus
1715 5535 1837 5599 eum
1872 5522 2032 5599 deco-

455 5590 680 5653 randum
705 5590 826 5652 esse
856 5598 1275 5668 perhumanum
1291 5590 1907 5668 intelligendimodum.
1957 5590 2028 5641 Ea

459 5672 624 5738 igitur
653 5659 869 5722 videtur
899 5665 1068 5738 fuisse
1113 5679 1265 5738 mens
1288 5659 1563 5738 Ειιιιοιιῄἰἱ
1596 5661 1753 5713 aliter
1780 5659 2030 5738 judican-

457 5729 582 5795 duum
624 5752 744 5794 esse
773 5741 840 5792 de
883 5737 1106 5794 vocibus
1143 5733 1440 5804 ἄφθαρτος,
1467 5731 1751 5800 ἀθάνατος,
1775 5729 2027 5800 ἀόρατος,

2133 5028 2294 5082 aliter
2330 5026 2398 5081 de
2427 5039 2561 5080 voce
2582 5023 2926 5094 dyévvqrog._
2949 5018 3039 5072 llla
3073 5015 3218 5071 enim
3247 5010 3511 5094 privativa
3559 5013 3704 5094 sunt,

2134 5114 2255 5153 cum
2285 5112 2394 5166 pra:
2421 5111 2478 5150 se
2511 5091 2870 5166 privationem
2903 5091 3098 5152 ferant,
3141 5091 3706 5166 corruptiontshmor-

2137 5171 2227 5234 tis,
2260 5159 2408 5221 visus
2453 5179 2468 5217 :
2511 5159 2605 5218 sed
2641 5165 2742 5219 hoc
2782 5162 2886 5216 tale
2910 5176 3015 5214 non
3054 5166 3308 5235 est,_cum
3349 5159 3702 5235 privationem

2135 5225 2242 5292 non
2273 5238 2497 5299 indicet,
2524 5235 2618 5289 sed
2649 5237 2816 5302 ipsam
2849 5241 3098 5302 naturam
3128 5225 3367 5302 divinam
3387 5225 3700 5302 constituat.

2135 5290 2758 5377 argumentumautem
2784 5302 2912 5377 illud
2947 5296 3196 5377 Ennemii
3226 5308 3391 5377 quam
3421 5290 3538 5344 leve
3558 5290 3629 5343 sit
3650 5297 3707 5340 et

2136 5368 2313 5437 futile.
2340 5392 2406 5429 ex
2434 5375 2618 5429 Basilii
2649 5373 2828 5426 verbis
2851 5368 3083 5438 perspici
3116 5374 3308 5434 potest.
3665 5425 3677 5438 ⁸

2213 5449 2326 5520 (65)
2354 5447 2506 5520 Illud,
2535 5443 2786 5520 δυνάμει,
2817 5442 2906 5509 qui
2941 5441 3010 5493 ita
3043 5438 3517 5520 interpretaretur,
3531 5442 3707 5520 utqui:

2137 5497 2592 5588 poizéii’ié},"béng
2621 5497 2972 5588 quidem:er
3007 5497 3578 5588 expressurumpputpz
3612 5497 3705 5588 sed

2139 5565 2804 5654 nou'liavtineivdliquanto
2841 5578 2983 5636 infra
3015 5565 3148 5633 mss.
3173 5571 3414 5629 nonnulli
3432 5565 3583 5642 ’μηδὲ
3608 5565 3707 5635 dtp~

2135 5659 2254 5732 χῆς·
