4016 6220
322 281 431 336 535

1634 279 1692 337 ὃ.
1735 278 1983 336 BASILII
2027 278 2243 335 MAGNI

3470 273 3593 332 556

322 399 518 445 etcum
564 389 885 444 invisibilem
917 408 931 444 :
965 388 1041 444 Ne
1080 388 1480 445 existimaveris
1507 390 1679 460 ipsum
1710 392 1896 447 oculo-

2011 390 2196 444 νεσθαι
2216 406 2232 423 ο
2269 389 2360 444 καὶ
2382 391 2510 443 ὅταν
2538 389 2825 453 ἀθάνατον,
2853 389 2935 442 ὅτι
2963 387 3188 459 Μήποτε
3214 386 3400 459 οἰηθῇς
3428 389 3593 444 θάνα-

325 499 444 538 rum
484 496 643 538 sensu
693 482 1074 551 comprehendi
1108 492 1202 537 :et
1226 497 1348 538 cum
1383 484 1762 547 immortalem,
1787 485 1899 540 Ab-

324 577 395 630 sit
424 585 480 627 ut
513 590 750 643 unquam
807 576 999 629 credas
1050 585 1278 630 mortem
1339 578 1447 631 Deo
1481 579 1730 632 accidere
1759 596 1773 631 :
1807 579 1900 633 Sic

325 665 490 735 igitur
514 675 565 719 et
595 681 714 720 cum
742 667 1056 735 ingenitum,
1097 666 1173 720 Ne
1208 669 1489 724 arbitreris
1507 685 1574 724 ex
1600 670 1704 723 ulla
1737 685 1899 725 causa

324 767 418 811 aut
470 759 735 827 principio
778 759 1151 815 exsistentiam
1210 761 1300 817 Dei
1338 762 1661 832 dependere.
1725 764 1791 817 Et
1840 772 1899 818 ut

323 851 487 905 verbo
511 850 710 916 dicam,
737 867 804 905 ex
838 868 1164 922 unoquoque
1191 854 1385 909 horum
1421 857 1700 921 docemur,
1742 863 1801 909 ut
1833 869 1900 910 ne

325 940 379 996 in
422 942 699 998 indecoras
726 946 1020 999 sententias
1044 946 1347 1003 incidamus
1378 957 1511 1013 tum,
1545 964 1667 1002 cum
1692 951 1758 1003 de
1790 949 1898 1004 Deo

323 1032 601 1102 quidpiam
632 1035 952 1103 cogitamus.
984 1035 1167 1106 Itaque
1199 1047 1255 1090 ut
1280 1040 1612 1108 praecipuam
1647 1039 1739 1095 Dei
1775 1055 1898 1109 pro-

322 1126 605 1195 prietatem
657 1142 1067 1197 cognoscamus,
1095 1128 1233 1184 alter
1263 1130 1441 1193 alteri,
1491 1144 1613 1186 cum
1667 1131 1735 1186 de
1787 1132 1899 1186 Deo

322 1231 503 1271 sermo
546 1217 793 1281 habetur,
831 1219 1207 1275 interdicimus
1246 1236 1312 1276 ne
1355 1222 1685 1292 cogitatione
1726 1224 1792 1278 ad
1831 1239 1894 1279 ea

322 1323 441 1376 quae
490 1325 592 1363 non
635 1320 851 1379 Oportet
889 1311 1217 1381 deferamur,
1267 1330 1334 1369 ne
1374 1331 1609 1385 unquam
1649 1316 1897 1373 homines

319 1410 513 1469 putent
553 1402 719 1455 Deum
753 1417 875 1458 esse
904 1404 1198 1474 quidquam
1229 1408 1603 1476 corruptibile,
1626 1422 1721 1464 aut
1760 1412 1895 1465 visi-

320 1491 450 1556 bile,
481 1502 574 1547 aut
609 1503 943 1564 generatum.
971 1495 1152 1562 Quare
1184 1513 1281 1565 per
1310 1500 1494 1554 omnia
1550 1502 1666 1556 haee
1711 1504 1896 1571 prohi-

320 1584 517 1638 bitoria
546 1587 783 1651 nomina,
815 1588 930 1654 eius
969 1590 1112 1658 quod
1144 1590 1380 1647 alienum
1409 1603 1493 1647 est
1526 1595 1586 1649 ﬁt
1614 1596 1771 1665 quasi
1800 1612 1928 1651 ne—.

1999 501 2092 536 τον
2123 482 2511 555 προσγίνεσθαι
2534 483 2612 553 τῷ
2639 482 2779 552 Θεῷ.
2808 481 2966 536 Οὕτω
2980 480 3044 551 δὴ
3072 481 3163 533 καὶ
3192 481 3318 533 ὅταν
3350 481 3591 552 ἀγέννηο

1998 593 2112 643 τον,
2166 577 2249 629 ὃτι
2299 576 2588 646 Μηδεμιᾶς
2638 574 2819 638 αἰτίας
2869 575 3005 644 μήτε
3052 572 3228 644 ἀρχῆς
3260 572 3485 642 ὲξῆφθαι
3514 574 3589 626 τὸ

1999 665 2141 722 εἶναι
2166 668 2259 721 τοῦ
2281 667 2417 721 Θεοῦ
2440 669 2688 740 νομίσῃς.
2719 667 2830 721 Καὶ
2851 666 3010 731 ὅλως,
3037 666 3096 732 ἐξ
3119 667 3348 719 ἑκάστου
3375 665 3588 720 τούτων

1998 760 2361 831 διδασκόμεθα
2416 759 2488 831 μὴ
2526 761 2605 823 εἰς
2660 760 2928 830 ἀπρεπεῖς
2979 757 3187 819 ἐννοίας
3214 757 3272 810 ὲν
3296 759 3413 821 ταῖς
3446 758 3586 827 περὶ

1998 851 2133 905 Θεοῦ
2178 851 2476 922 ὑπολήψεσι
2516 850 2898 905 καταπίπτειν.
2939 849 3147 904 Οὐκοῦν
3173 850 3260 902 ἵνα
3284 848 3346 901 τδ
3368 849 3582 920 ἐξαίρε-

1996 959 2088 995 τον
2122 942 2314 1013 ἰδίωμα
2347 941 2441 996 τοῦ
2486 942 2622 995 Θεοῦ
2656 942 2990 1015 ἐπιγνῶμεν,
3033 939 3447 1013 ἀπαγορεύομεν
3481 939 3582 994 ἁλ-

1997 1032 2178 1104 λήλοις
2227 1036 2284 1087 ὲν
2314 1036 2425 1097 τοῖς
2450 1035 2580 1104 περὶ
2608 1032 2743 1087 Θεοῦ
2783 1033 2981 1101 λόγοις,
3015 1032 3090 1103 μὴ
3123 1033 3453 1102 καταφέρειν
3477 1030 3585 1094 τὰς

1996 1125 2234 1190 διανοίας
2273 1126 2383 1195 (66)
2413 1129 2494 1190 είς
2529 1126 2565 1180 ἃ
2609 1126 2684 1198 μὴ
2718 1126 2818 1188 δεῖ,
2856 1127 2943 1179 ἵνα
2997 1126 3205 1197 μήποτε
3240 1124 3491 1195 οἱηθῶσιν
3517 1122 3583 1176 ιν

1995 1220 2105 1275 τῶν
2136 1220 2413 1291 φθαρτῶν,
2444 1220 2477 1291 ἢ
2517 1219 2573 1273 ἓν
2610 1218 2718 1272 τῶν
2750 1217 2983 1287 ὁρατῶν,
3015 1216 3048 1288 ἢ
3083 1217 3140 1270 ἓν
3165 1216 3274 1269 τῶν
3303 1216 3582 1286 γεννητῶν

1996 1316 2085 1369 τὸν
2115 1314 2246 1369 Θεὸν
2293 1313 2557 1385 ὑπάρχειν
2605 1313 2654 1365 oi
2686 1311 2980 1382 ἄνθρωποι.
3027 1310 3190 1362 Ὥστε
3240 1310 3329 1363 διὰ
3376 1308 3582 1363 τούτων

1996 1423 2062 1475 γε
2104 1405 2220 1476 (67)
2275 1405 2530 1458 ἁπάντων
2577 1403 2685 1457 τῶν
2745 1401 3213 1474 ἀπηγορευμένων
3276 1402 3573 1472 ὀνομάτων,

1996 1499 2157 1553 οἱονεὶ
2187 1495 2498 1569 ἀπάρνησίς
2541 1496 2625 1560 τίς
2666 1495 2783 1547 ἐστι
2831 1492 2925 1549 τοῦ
2955 1493 3261 1565 ἀλλοτρίου,
3297 1493 3581 1564 διαρθρου-

2000 1591 2168 1663 μένης
2190 1594 2222 1661 ή
2233 1591 2348 1660 μῶν
2370 1590 2470 1659 τῆς
2502 1586 2757 1650 διανοίας,
2789 1586 2885 1641 καὶ
2913 1585 3011 1650 τὰς
3048 1587 3180 1656 περὶ
3224 1584 3337 1656 (68)
3366 1584 3472 1638 τῶν
3505 1585 3580 1657 μὴ

320 1677 467 1747 gatio
491 1679 758 1748 quaedam,
792 1680 919 1734 dum
956 1682 1165 1751 singula
1223 1684 1559 1754 distinguens
1608 1702 1760 1742 mens
1804 1704 1899 1742 no-

2008 1682 2310 1754 προσόντων
2353 1678 2502 1750 αὺτῷ
2549 1677 2847 1748 ὑπολήψεις
2911 1675 3329 1747 ἀποτιθεμένης.
3385 1676 3576 1742 Πάλιν,

321 1778 453 1835 stra,
494 1785 681 1824 eorum
707 1786 826 1840 qua:
860 1772 910 1824 in
945 1772 1054 1828 Deo
1085 1790 1188 1829 non
1214 1777 1398 1831 insunt
1425 1777 1707 1847 opiniones
1738 1779 1898 1850 223

2008 1748 2201 1840 ἀγαθὸν
2242 1748 2482 1840 λέγομεν
2514 1770 2605 1823 τὸν
2635 1769 2787 1833 Θεὸν,
2825 1767 2918 1821 καὶ
2939 1766 3167 1828 δίκαιον,
3196 1768 3289 1821 καὶ
3325 1767 3573 1839 δημιουρ⁴

320 1861 490 1915 exuit.
521 1862 686 1915 Deum
725 1880 916 1920 rursus
959 1867 1157 1922 bonum
1204 1868 1463 1930 dicimus,
1500 1879 1554 1924 et
1600 1864 1902 1937 justum,et

322 1962 650 2019 creatorem,
699 1964 755 2009 et
793 1956 1054 2025 judicem,
1099 1959 1314 2027 aliaque
1338 1961 1665 2030 huiusmodi.
1699 1962 1899 2027 Quem-

326 2043 616 2098 admodum
666 2045 830 2116 igitur
870 2047 923 2101 in
970 2049 1078 2104 illis
1120 2051 1204 2105 ha:
1248 2066 1407 2105 voces
1464 2052 1899 2121 reprobationem

322 2136 632 2201 quamdam,
665 2152 729 2190 ac
755 2137 1187 2196 interdictionem
1215 2142 1592 2211 signiﬁcabant
1616 2146 1898 2200 notionmn

322 2239 350 2276 a
397 2224 505 2279 Deo
550 2225 894 2283 alienarum:
931 2230 1004 2283 ita
1050 2232 1140 2286 hic
1191 2234 1515 2300 positionem
1551 2244 1607 2289 et
1653 2245 1899 2289 naturam

322 2330 506 2371 eorum
552 2333 670 2386 qua:
714 2323 930 2391 propria
971 2323 1062 2378 Dei
1102 2333 1249 2388 sunt,
1298 2329 1795 2398 convenienterque
1848 2332 1901 2384 in

323 2421 386 2463 eo
447 2410 876 2478 considerantur,
928 2413 1254 2483 signiﬁcant.
1317 2416 1504 2487 Itaque
1559 2435 1626 2475 ex
1674 2428 1905 2491 utroque

323 2498 737 2566 appellationum
793 2517 987 2572 genere
1057 2503 1331 2569 docemur,
1385 2519 1476 2562 aut
1548 2509 1735 2564 dehis
1782 2526 1905 2580 qua:

324 2590 539 2654 adsunt,
577 2591 718 2658 quod
746 2592 925 2647 adsint
954 2609 969 2646 :
1004 2603 1094 2649 aut
1128 2595 1195 2650 de
1240 2597 1327 2652 bis
1369 2614 1489 2669 quae
1519 2600 1734 2665 absunt,
1761 2605 1905 2670 quod

325 2677 521 2731 absint.
552 2678 665 2734 Vox
712 2691 890 2736 autem
931 2683 1221 2752 ingenitum
1266 2700 1330 2740 ea
1388 2703 1508 2757 quae
1558 2705 1664 2745 non
1709 2691 1905 2764 adsunt

324 2769 637 2838 signiﬁcat:
684 2773 884 2828 indicat
938 2777 1082 2828 enim
1154 2776 1261 2831 Deo
1328 2781 1731 2845 generationem
1797 2799 1902 2838 non

325 2860 532 2914 adesse.
568 2859 681 2916 Hoc
707 2873 887 2917 autem
939 2866 1055 2919 sive
1102 2867 1223 2935 quis
1272 2870 1648 2937 privationem,
1678 2874 1792 2928 sive
1825 2876 1905 2928 in-

326 2952 722 3017 terdictionem,
750 2956 864 3009 sive
891 2958 1256 3027 negotiantem,
1289 2961 1402 3014 sive
1433 2962 1560 3030 quid
1594 2963 1904 3033 hnjusmodi

2000 1864 2095 1932 γὸν
2117 1904 2131 1927 ,
2160 1864 2255 1918 καὶ
2291 1862 2506 1935 κριτὴν,
2537 1862 2630 1915 καὶ
2657 1861 2793 1916 ἄλλα
2813 1861 2912 1914 ὅσα
2943 1859 3188 1915 τοιαῦτα.
3226 1861 3315 1923 Ὠς
3346 1856 3442 1914 οὖν
3470 1860 3581 1929 (69)

2000 1957 2089 2008 ἐπ’
2123 1955 2346 2009 ἐκείνων
2372 1954 2627 2024 ἀθέτησίν
2657 1970 2779 2008 τινα
2820 1953 2914 2007 καὶ
2944 1953 3313 2024 ἀπαγόρευσιν
3353 1952 3461 2004 τῶν
3491 1952 3584 2006 ἁλ-

2001 2046 2228 2118 λοτρίων
2287 2046 2382 2100 τοῦ
2433 2045 2566 2099 Θεοῦ
2632 2046 2929 2116 ἐσήμαινον
2962 2047 3020 2099 αἱ
3077 2047 3273 2114 φωναὶ,
3307 2044 3481 2108 οὕτως
3508 2047 3584 2098 ἐν·

2001 2141 2176 2195 ταῦθα
2231 2140 2380 2194 θέσιν
2426 2140 2519 2193 καὶ
2570 2139 2806 2208 ὓπαρξιν
2853 2140 2961 2193 τῶν
2991 2140 3204 2193 οἰκείων
3237 2140 3315 2210 τῷ
3342 2139 3462 2211 Θεῷ
3491 2141 3582 2194 καὶ

2003 2233 2323 2305 πρεπόντως
2347 2232 2476 2304 περὶ
2499 2231 2659 2285 αὐτὸν
2681 2232 3068 2303 θεωρουμένων
3093 2233 3270 2303 ἀποση
3280 2233 3579 2302 μαίνουσιν.

2015 2326 2112 2379 Ἐκ
2158 2326 2337 2379 τοίνυν
2396 2325 2657 2394 ἐκατέρου
2704 2322 2799 2376 τοῦ
2853 2323 3025 2385 εἴδους
3070 2322 3177 2376 τῶν
3204 2323 3588 2395 προσηγοριῶν

2003 2417 2388 2488 διδασκόμεθα,
2418 2417 2451 2489 ἢ
2486 2415 2742 2487 περὶτῶν
2776 2417 3105 2487 προσόντων,
3147 2416 3229 2469 ὃτι
3273 2417 3585 2487 πρόσεστιν,

2004 2510 2194 2583 ἢπερ).
2243 2510 2354 2563 τῶν
2389 2510 2462 2580 μὴ
2492 2510 2835 2581 προσόντων,
2868 2508 2948 2561 ὅτι
2985 2508 3060 2579 μὴ
3103 2509 3380 2579 πρόσεστι.
3425 2507 3497 2560 Τό
3522 2524 3587 2576 γε

2008 2604 2114 2677 μὴν
2135 2603 2472 2681 ἀγέννητον
2498 2602 2604 2655 τῶν
2630 2601 2703 2671 μὴ
2734 2599 3045 2671 προσόντων
3078 2599 3195 2653 ἐστὶ
3223 2598 3585 2669 σημαντικόν·

2004 2696 2155 2768 δηλοῖ
2191 2693 2297 2766 γὰρ
2320 2693 2382 2745 τὸ
2429 2692 2503 2764 μὴ
2531 2694 2811 2763 προσεῖναι
2852 2689 3105 2759 γέννησιν
3150 2689 3227 2760 τῷ
3259 2688 3395 2759 Θεῷ.
3418 2688 3590 2743 Τοῦτο

2005 2787 2061 2841 δὲ
2092 2786 2200 2839 εἴτε
2230 2783 2605 2856 ἀφαιρετικὸν,
2645 2783 2754 2836 εἴτε
2776 2780 3262 2853 ἀπαγορευτικδνῆ
3296 2780 3591 2851 ἀρνητικόν

2005 2895 2058 2932 τι
2106 2875 2344 2930 τοιοῦτον
2379 2872 2619 2944 βούλοιτό
2673 2890 2757 2935 τις
2800 2871 3229 2942 προσαγορεύειν
3252 2912 3267 2935 ,
3295 2871 3357 2923 οὐ
3392 2870 3587 2923 διοισό-

2010 2969 2170 3040 μεθα.
2200 2968 2323 3020 Ὅτι
2369 2965 2427 3018 δὲ
2454 2966 2515 3018 οὐ
2542 2962 2648 3017 τῶν
2676 2963 3032 3034 ὑπαρχόντων
3061 2960 3138 3015 τῶ
3169 2959 3289 3031 Θεῷ
3323 2977 3586 3031 σημαντι-

327 3044 601 3114 appellare
641 3047 889 3110 voluerit,
926 3049 1064 3102 haud
1096 3052 1505 3108 contendamus.
1543 3053 1695 3119 Quod
1722 3068 1901 3111 autem

2008 3059 2102 3113 κόν
2160 3061 2277 3112 ἐστι
2322 3055 2384 3110 τὸ
2419 3054 2743 3125 ἀγέννητον,
2781 3053 3093 3124 ἀρκούντως
3123 3048 3275 3123 οἶμαι
3301 3051 3587 3123 δηλοῦσθαι

326 3136 457 3189 nihil
489 3152 677 3191 eorum
714 3153 834 3207 qua:
866 3138 918 3192 in
969 3139 1078 3195 Deo
1112 3142 1295 3196 insunt
1342 3144 1617 3214 signiﬁcet
1674 3147 1902 3217 ingeniti

325 3242 451 3290 vox,
487 3243 551 3282 ex
581 3229 692 3297 jam
731 3230 891 3285 dictis
932 3234 1067 3286 satis
1106 3234 1438 3289 declaratum
1487 3252 1608 3292 esse
1646 3248 1794 3307 puto.
1830 3241 1901 3295 At

326 3318 625 3372 substantia
662 3335 769 3375 non
814 3331 895 3376 est
942 3323 1235 3394 quidquam
1280 3342 1470 3381 eorum
1517 3345 1637 3398 quae
1668 3346 1775 3384 non
1806 3331 1902 3385 ad-

327 3416 496 3464 sunt:
524 3410 623 3464 sed
658 3420 743 3465 est
789 3411 962 3480 ipsum
1017 3429 1129 3467 esse
1166 3414 1282 3481 Dei,
1333 3417 1475 3483 quod
1513 3417 1654 3470 inter
1691 3431 1755 3472 ea
1781 3433 1902 3487 quae

329 3513 437 3554 non
455 3511 600 3565 sunt,
626 3515 1004 3570 annumerarc,
1033 3520 1256 3560 summae
1284 3505 1533 3560 amentiae
1555 3515 1657 3562 est.
1688 3507 1899 3562 Etenim

333 3591 379 3647 si
415 3594 715 3649 substantia
762 3597 814 3650 in
861 3612 1088 3652 numero
1118 3613 1305 3653 eorum
1345 3614 1465 3669 quae
1502 3614 1608 3654 non
1645 3610 1790 3663 sunt,
1825 3601 1896 3654 Io-

329 3694 504 3750 catur,
529 3685 694 3739 multo
713 3687 888 3742 minus
905 3687 1046 3742 aliud
1075 3689 1346 3759 quidpiam
1371 3706 1557 3746 eorum
1579 3708 1698 3761 qua!
1716 3693 1781 3747 de
1800 3692 1906 3751 Deo

330 3776 602 3843 dicuntur,
636 3777 816 3834 fuerit.
858 3779 1289 3837 Demonstratum
1325 3791 1410 3839 est
1462 3793 1667 3848 autem,
1697 3783 1907 3855 ingeni-

329 3869 367 3921 ti
394 3884 577 3924 vocem
600 3870 740 3925 inter
755 3887 817 3926 ea
838 3888 957 3942 quae
975 3890 1079 3928 non
1110 3875 1323 3941 adsunt,
1349 3876 1655 3941 numerari;
1682 3877 1905 3931 mendax

328 3969 411 4014 est
446 3960 610 4028 igitur
636 3962 727 4031 qui
762 3963 862 4018 hac
884 3980 1010 4020 voce
1034 3967 1390 4020 substantiam
1421 3966 1711 4034 signiﬁcari
1734 3978 1905 4035 putat.

405 4052 493 4105 Η.
534 4052 605 4107 At
635 4070 765 4108 vero
798 4056 1096 4112 Eunomius
1130 4058 1334 4128 aliquid
1369 4061 1435 4113 de
1463 4059 1570 4112 Deo
1610 4062 1904 4115 secundum

332 4145 689 4215 privationem
733 4147 836 4202 dici
866 4164 1009 4219 mgre
1045 4149 1246 4214 ferens,
1281 4163 1535 4220 tanquam
1563 4153 1608 4207 si
1643 4168 1730 4206 res
1759 4161 1906 4207 esset

334 4234 588 4301 absurda,
632 4236 700 4293 ad
738 4237 1131 4309 religiosiorem
1165 4239 1374 4295 scilicet
1414 4240 1743 4295 sententiam
1773 4254 1906 4294 con-

409 4413 519 4491 (66)
557 4415 836 4491 Scriptum
876 4417 931 4472 in
984 4421 1229 4487 margine
1264 4420 1399 4491 Reg.
1448 4421 1623 4488 quarti
1673 4421 1905 4484 ἐννοίας.
1940 4451 1975 4477 ι.

338 4483 534 4562 Statim
570 4483 710 4562 idem
738 4488 907 4543 codex
946 4483 1155 4562 μήποτε
1181 4483 1576 4562 οἰηθῶμενέθιι
1609 4492 1737 4545 illud
1768 4483 1911 4558 quod

333 4556 498 4638 paulo
523 4568 645 4625 post
665 4559 881 4629 legitur,
908 4530 1283 4632 οἴένθρωποί,
1316 4530 1394 4616 (τις
1428 4563 1482 4616 iu
1530 4563 1719 4617 codice
1752 4530 1912 4615 diuit-

338 4636 487 4681 titur.

411 4696 521 4770 (67)
554 4695 756 4770 Yocula
787 4716 850 4767 γε
883 4699 935 4752 in
967 4702 1157 4768 majori
1191 4712 1345 4770 parte
1374 4716 1507 4757 mss.
1538 4703 1713 4757 deest.

412 4768 521 4836 (68)
555 4766 714 4841 lllud,
742 4766 964 4836 καὶτὰς
997 4766 1146 4841 περί,
1182 4766 1313 4835 etc.,
1351 4774 1417 4825 ad
1463 4775 1685 4827 verbum
1715 4774 1794 4826 sic
1829 4773 1912 4825 in-

342 4840 715 4960 terpre’tabere
743 4856 757 4894 :
806 4851 852 4895 et
885 4840 1097 4907 deponit
1151 4844 1418 4910 opiniones
1452 4859 1626 4896 rerum
1654 4859 1772 4913 qua’
1804 4841 1913 4897 Deo

342 4926 443 4960 non
467 4927 495 4960 (ι
539 4919 681 4960 sunt.

341 4926 443 4964 non
467 4919 681 4964 (adsunt.

414 4978 526 5049 (69)
554 4980 677 5053 llaec
694 4981 880 5053 verba,
911 4980 998 5046 Ὦς
1016 4981 1131 5047 οὖν,
1163 4993 1293 5047 etc.,
1322 4985 1400 5039 sic
1423 4984 1622 5037 debent
1649 4984 1869 5053 intelligi
1894 4999 1909 5034 ε

346 5051 802 5123 quemadmodum
843 5056 1058 5108 nomina
1091 5056 1379 5123 privativa,
1406 5055 1583 5123 qualia
1616 5067 1742 5107 sunt
1773 5051 1914 5107 indi-

341 5119 563 5194 uisibile,
585 5120 997 5194 incorruptibile.
1026 5119 1156 5185 etc.,
1192 5119 1474 5179 removent
1499 5139 1527 5178 a
1567 5125 1676 5178 Deo
1705 5126 1912 5194 cogita-

344 5192 521 5246 tiones
543 5193 805 5263 quasdam
848 5210 864 5249 :
904 5195 977 5247 ita
1024 5211 1088 5249 ea
1123 5196 1339 5250 nomina
1390 5211 1511 5263 quae
1555 5192 1913 5260 privationem

342 5277 451 5315 non
481 5260 794 5335 praeferunt,
823 5267 965 5332 quod
981 5281 1149 5335 genus
1171 5275 1297 5319 sunt
1330 5260 1518 5330 bonus,
1540 5265 1746 5333 justus,
1773 5280 1918 5319 crea-

345 5341 451 5390 tor,
479 5342 611 5401 etet,
639 5333 925 5400 positivum
953 5333 1206 5401 quiddam
1241 5337 1292 5389 in
1320 5337 1427 5389 Deo
1461 5336 1771 5390 ostendunt.

418 5400 531 5475 (70)
564 5400 702 5475 [illiti
736 5404 898 5475 σχολή
934 5400 986 5473 γ’
1010 5407 1096 5460 ἄν.
1140 5407 1271 5475 lleg.
1303 5407 1496 5460 tertius
1532 5404 1696 5475 σχολή
1731 5424 1795 5475 γε
1827 5404 1912 5459 ἄν.

346 5470 717 5548 (ξριίθι“(]οίζ).
747 5470 898 5548 cum:
918 5470 1126 5548 duobus
1158 5470 1339 5545 Regiis
1386 5470 1762 5548 σχολῇίὺθίιθξ
1805 5476 1917 5530 Hoc

349 5541 483 5619 dicit
515 5539 751 5619 Basilius
782 5562 796 5597 :
832 5544 888 5599 Si
923 5547 1225 5601 substantia
1241 5539 1477 5619 “locatur
1523 5539 1670 5601 inter
1703 5562 1764 5601 ea
1797 5562 1917 5619 qua:

352 5609 549 5686 “1090
578 5612 806 5677 Positiva
851 5631 954 5670 non
1010 5626 1138 5670 sunt
1194 5631 1210 5670 :
1275 5617 1435 5686 longe
1498 5619 1674 5671 minus
1703 5609 1917 5684 quidvis

350 5678 495 5734 aliud
520 5693 728 5748 eorum,
763 5698 881 5750 qua?
927 5686 991 5741 de
1048 5687 1155 5741 Deo
1215 5678 1600 5753 ora-dicantur,
1650 5678 1917 5743 iocabitur

2006 3153 2120 3213 τοῖς
2142 3148 2472 3221 εἰρημένοις.
2510 3147 2574 3199 Ἦ
2596 3146 2653 3199 δὲ
2695 3145 2854 3199 οὐσία
2880 3146 2977 3214 οὐχ
3010 3144 3068 3196 ἓν
3096 3162 3146 3197 τι
3168 3143 3277 3197 τῶν
3310 3144 3384 3215 μὴ
3417 3160 3587 3215 προσ-

2005 3242 2174 3295 όντων
2211 3241 2379 3303 ἐστὶν,
2411 3238 2526 3293 ἀλλ’
2556 3239 2687 3292 αὐτὸ
2735 3238 2797 3291 τὸ
2840 3234 2995 3291 εἶναι
3017 3235 3109 3289 τοῦ
3152 3235 3318 3300 Θεοῦ,
3350 3238 3485 3308 ὅπερ
3528 3238 3588 3290 ὲν

2006 3338 2120 3398 τοῖς
2151 3335 2224 3405 μὴ
2260 3328 2379 3387 οὖσι
2420 3330 2780 3402 καταριθμεῖν
2832 3330 3131 3401 παρανοίας
3161 3329 3281 3382 ἐστὶ
3322 3329 3420 3397 τῆς
3445 3330 3588 3382 ἀνω-

2005 3425 2173 3478 τάτω.
2226 3424 2289 3476 El
2319 3421 2427 3494 γὰρ
2464 3425 2497 3491 ἡ
2543 3421 2703 3475 οὐσία
2744 3423 2801 3474 έν
2851 3423 2965 3484 τοῖς
3009 3421 3083 3491 μὴ
3127 3416 3267 3482 οὖσι,
3323 3419 3484 3490 σχολῇ
3523 3435 3588 3487 γε

2006 3515 2073 3569 ἂν
2105 3514 2215 3586 (70)
2249 3510 2377 3569 ἄλλο
2402 3532 2455 3568 τι
2490 3514 2598 3568 τῶν
2620 3512 2927 3584 λεγομένων
2956 3514 3057 3585 εἴη.
3086 3512 3366 3566 Δέδεικται
3396 3512 3452 3565 δὲ
3479 3511 3586 3581 ἄρα

2009 3606 2072 3660 τὸ
2103 3607 2394 3676 ἀγέννητον
2428 3609 2542 3668 τοῖς
2570 3604 2645 3677 μὴ
2682 3603 2944 3677 προσοῦσι
2983 3605 3411 3674 συντεταγμένον
3438 3604 3549 3673 (Ἠ)
3572 3619 3589 3635 ο

2011 3698 2152 3752 ὥστε
2179 3699 2382 3771 ψευδὴς
2418 3701 2447 3752 ό
2476 3698 2758 3770 τιθέμενος
2780 3698 2879 3770 τῆς
2907 3696 3094 3762 οὐσίας
3125 3696 3296 3768 αὐτῆς
3324 3692 3461 3750 εἶναι
3491 3696 3590 3767 τὴν

2016 3792 2198 3863 φωνὴν
2224 3792 2430 3861 ταύτην
2449 3792 2773 3863 δηλωτικήν.

2083 4051 2171 4105 il.
2211 4053 2271 4105 Ὀ
2298 4051 2377 4117 δὲ,
2412 4053 2488 4115 ὡς
2515 4052 2601 4104 ἐπ’
2641 4051 2825 4123 ἀτόπῳ
2848 4051 2927 4123 τῷ
2963 4051 3106 4105 κατὰ
3142 4052 3396 4125 στέρησίν
3427 4068 3479 4105 τι
3502 4050 3591 4105 λέ-

2011 4145 2204 4214 γεσθαι
2230 4145 2359 4217 περ)⁹
2404 4143 2540 4199 Θεοῦ
2583 4144 2984 4216 δυσχεραίνων,
3030 4145 3124 4198 ἐπὶ
3167 4144 3229 4197 τὸ
3276 4143 3591 4197 εὐσεϐέστε-

2013 4255 2105 4309 ρον
2131 4237 2244 4309 (72)
2278 4237 2440 4308 δῆθεν
2481 4238 2851 4308 καταφεύγει,
2875 4238 2937 4292 τὸ
2963 4240 3043 4303 εἰς
3073 4238 3243 4310 αὐτὴν
3277 4236 3378 4309 τὴν
3403 4236 3592 4290 οὐσίαν

2016 4430 2159 4475 .nter
2183 4436 2246 4475 ea
2281 4436 2400 4488 quae
2453 4422 2683 4490 positiva
2716 4431 2843 4476 sunt
2893 4421 2947 4475 in
3003 4420 3134 4475 Deo.
3190 4420 3403 4473 Etenim
3453 4417 3587 4473 nihil

2013 4507 2168 4560 atque
2200 4492 2447 4559 designat
2501 4492 2552 4544 in
2606 4490 2712 4545 Deo
2763 4492 3048 4560 positivum
3100 4492 3379 4559 quiddam,
3428 4499 3590 4554 atque

2014 4562 2317 4615 substantia
2353 4562 2494 4627 ipsa,
2529 4576 2690 4629 quam
2727 4564 2967 4615 omnium
2995 4561 3167 4613 basim
3197 4574 3316 4614 esse
3352 4569 3584 4613 constat.

2013 4632 2092 4685 Ex
2122 4630 2316 4697 quibus
2337 4630 2514 4698 colligi
2548 4632 2723 4690 debet,
2760 4631 3037 4693 Basilium,
3073 4641 3132 4683 ut
3159 4630 3293 4683 alias
3318 4644 3482 4698 smpe,
3513 4629 3587 4682 ita

2016 4702 2103 4755 hic
2127 4700 2485 4765 ὲλλειπτικῶς
2516 4701 2748 4767 locutum
2804 4701 2996 4765 fuisse,
3035 4700 3113 4753 sic
3156 4712 3214 4755 ut
3242 4710 3362 4767 post
3399 4713 3587 4754 vocem

2013 4771 2100 4841 εἴη
2133 4772 2484 4841 subaudiatur
2513 4773 2570 4825 ἐν
2596 4765 2736 4833 οὖσι,
2766 4773 2822 4823 in
2873 4765 3403 4836 exstantibusaquas
3452 4770 3588 4841 duas

2017 4837 2177 4895 voces
2211 4838 2433 4896 Latinas
2490 4841 2542 4894 in
2607 4843 3054 4911 interpretatione
3109 4856 3325 4910 quoque
3384 4837 3587 4894 subau-

2014 4911 2238 4965 diendas
2263 4926 2384 4963 esse
2407 4926 2621 4965 moneo.

2087 4982 2200 5050 (Ἠ)
2228 4981 2366 5043 Editi
2391 4983 2449 5035 ὲν
2471 4984 2585 5045 τοῖς
2612 4981 2686 5052 μὴ
2714 4979 2979 5052 προσοῦσι
3010 4978 3440 5050 τεταγμένον.Δι
3455 4992 3586 5033 mss.

2016 5050 2256 5122 plerique
2292 5065 2481 5106 omnes
2515 5065 2573 5105 ut
2598 5050 2649 5105 in
2676 5050 2952 5105 contextu.

2089 5120 2202 5193 (72)
2233 5120 2528 5199 Interpres,
2552 5124 2665 5199 qui,
2691 5131 2748 5174 ut
2768 5131 2931 5199 puto,
2967 5119 3070 5199 sibi
3115 5120 3584 5199 persuaderenon

2016 5188 2250 5260 poterat,
2286 5188 2583 5261 quidquam
2614 5193 2700 5260 pie
2732 5193 2799 5245 ab
2832 5191 3095 5261 Eunomio
3119 5188 3350 5261 dictum
3396 5188 3584 5261 fuisse,

2017 5256 2119 5315 sibi
2152 5256 2409 5317 visus—est
2435 5256 2633 5333 'legere
2674 5261 2768 5315 ἐπὶ
2811 5262 2873 5314 τὸ
2917 5256 3585 5333 ἀσεϐέστερονηΙιαὲθιιὶιη

2015 5333 2181 5407 vertit
2222 5348 2237 5386 :
2271 5333 2341 5386 ad
2371 5325 2720 5407 aliud‘magis
2743 5333 2902 5407 impie
2927 5333 3123 5407 dictum
3153 5325 3367 5407 refugit:
3404 5325 3507 5407 Sed
3531 5335 3588 5407 et

2015 5403 2145 5455 editi
2169 5413 2224 5455 et
2258 5419 2384 5458 mss.
2416 5404 2611 5458 habent
2636 5396 2734 5456 ἐπὶ
2760 5396 2824 5454 τὸν
2853 5396 3257 5471 εὐσεὸέστερον,
3282 5396 3356 5452 σά
3386 5396 3587 5467 aliquid

2016 5473 2185 5541 magis
2236 5473 2381 5539 pium
2435 5473 2717 5542 confugit:
2768 5475 2909 5540 quod
2945 5472 3150 5542 ironit-e
3195 5471 3397 5542 dictum
3443 5481 3583 5527 esse,

2018 5536 2179 5595 nemo
2209 5536 2313 5596 non
2338 5544 2501 5596 videt.
2544 5536 2652 5594 nae.
2684 5536 2800 5610 ipso
2835 5543 2886 5595 in
2937 5542 3054 5610 loco
3081 5538 3247 5610 editio
3278 5536 3449 5610 Paris.
3488 5551 3587 5589 κα-

2017 5613 2299 5688 ⁸Ξαςρεύγει,
2323 5614 2414 5666 καὶ
2434 5611 2601 5683 αὐτὴν
2738 5609 3156 5688 οὐρῇσιν-τίθεται
3181 5609 3242 5662 τὸ
3273 5608 3582 5688 ἀγέννητον.

2019 5676 2215 5739 Εύίιίο
2237 5684 2369 5739 Ven.
2397 5676 2755 5752 καταιρεύγέι,
2781 5681 2858 5753 τῷ
2883 5682 3077 5752 αὐτήν,
3106 5691 3237 5745 etc.,
3274 5691 3333 5735 ut
3387 5679 3439 5733 in
3460 5676 3587 5732 edi-
