4016 6220
353 275 452 334 537

1436 262 1806 321 ADVERSUS
1846 261 1932 317 EU
1944 260 2232 316 NOMIUM.
2252 260 2380 316 LIB.
2425 259 2465 312 l.

3483 253 3585 309 558

346 393 588 449 τίθεσθαι
615 389 676 444 τὸ
705 391 1019 460 ἀγέννητον,
1049 387 1142 440 καὶ
1165 386 1408 454 συνάγων
1440 382 1616 452 ἑαυτῷ
1642 382 1734 434 τὸν
1756 382 1912 450 λόγον

2034 379 2187 449 'ngit;
2215 395 2280 432 eo
2306 377 2589 439 nimirum,
2620 383 2676 428 nt
2716 375 2767 427 in
2807 375 2920 443 ipsa
2959 373 3258 426 substantia
3287 370 3585 439 ingentium

349 485 486 556 πρὸς
511 484 572 536 τὸ
592 479 904 550 κεφάλαιον,
938 477 1080 530 οὕτω
1101 476 1322 549 γράφει·

422 657 578 713 ΕΥΝ.
613 654 822 710 Οὐκοῦν
843 695 859 721 ,
891 656 939 706 εἰ
972 653 1108 724 μήτε
1146 653 1264 703 κατ’
1299 651 1574 714 ἐπίνοιαν,
1608 651 1742 722 μήτε
1779 650 1919 704 κατά

351 750 638 822 στέρησιν,
673 748 810 818 μήτε
848 749 904 798 έν
947 745 1099 815 μέρει
1128 741 1360 814 (ἀμερὴς
1386 743 1538 812 γὰρ),
1574 745 1710 813 μήτε
1743 745 1800 795 ὲν
1826 743 1921 811 αύέ

349 843 426 913 τῷ
452 843 526 904 ὼς
547 841 730 912 ἕτερον
764 837 986 910 (ἁπλοῦς
1011 837 1162 908 γὰρ),
1197 839 1334 908 μήτε
1376 838 1506 908 παρ’
1537 836 1698 892 αὐτὸν
1734 835 1920 906 ἓτερον

352 929 452 1004 (εἷς
475 933 581 1003 γὰρ
622 934 716 985 καὶ
767 931 923 1002 μόνος
962 928 1311 1000 ἀγέννητος),
1358 929 1490 982 αὐτὸ
1524 927 1590 983 ἂν
1632 929 1717 1000 εἴη
1766 928 1921 982 οὐσία

347 1028 665 1096 ἀγέννητος.

424 1207 570 1259 ΒΑΣ.
605 1206 815 1274 Ἦγαγε
843 1204 933 1256 τὸν
960 1201 1118 1271 λόγον
1160 1202 1245 1271 ἐφ’
1274 1201 1310 1256 ἃ,
1342 1200 1620 1267 ἐϐούλετο,
1661 1201 1752 1254 καὶ
1783 1218 1920 1253 παν-

349 1297 577 1368 ταχόθεν
616 1295 679 1350 τὸ
732 1297 1026 1366 ἀγέννητον
1065 1294 1420 1358 ἀποσπάσας,
1466 1297 1546 1356 εἰς
1595 1296 1764 1365 αὐτὴν
1809 1293 1920 1363 (75)

359 1393 672 1462 συνήλασεν,
721 1389 796 1451 ὡς
852 1387 1007 1458 ᾣετο,
1042 1388 1137 1460 τὴν
1164 1390 1384 1443 οὐσίαν·
1445 1388 1612 1442 εἰπὼν
1659 1389 1786 1460 περὶ
1827 1389 1920 1442 τοῦ

353 1481 487 1535 Θεοῦ
527 1480 634 1533 τῶν
675 1479 832 1540 ὅλων,
870 1479 952 1531 ὅτι
998 1481 1128 1532 αὐτὸ
1171 1480 1236 1533 ἂν
1286 1481 1370 1551 εἴη
1415 1481 1570 1533 οὐσία
1608 1480 1918 1550 ἀγέννητος.

365 1573 506 1642 Ἐγὼ
529 1574 585 1626 δὲ
629 1573 728 1643 τὴν
770 1570 868 1642 μὲν
919 1571 1105 1624 οὐσίαν
1136 1571 1228 1624 τοῦ
1279 1571 1412 1624 Θεοῦ
1462 1572 1753 1641 ἀγέννητον
1785 1567 1924 1623 εἶναι

351 1668 446 1720 καὶ
463 1666 623 1729 αὐτὸς
654 1664 720 1718 ἂν
751 1664 935 1734 φαίην,
964 1664 1024 1716 ού
1059 1663 1162 1735 μὴν
1190 1664 1249 1716 τὸ
1271 1664 1562 1734 ἀγέννητον
1587 1663 1686 1734 τὴν
1713 1662 1920 1714 οὐσίαν.

2018 471 2341 534 constituat;
2369 483 2789 536 sermonemque
2830 469 2881 520 in
2919 481 3184 521 summam
3237 463 3589 530 contraliens,

2020 563 2090 618 ita
2119 563 2304 617 scribit
2332 579 2344 612 :

2090 654 2223 708 Eua.
2265 651 2433 723 Igitur
2467 653 2510 706 si
2546 665 2725 719 neque
2761 650 3057 705 secundum
3101 649 3443 718 concipiendi
3479 663 3594 703 mo-

2021 744 2169 808 dum,
2203 758 2376 812 neque
2406 743 2698 797 secundum
2741 740 3122 810 privationem,
3149 755 3325 808 neque
3354 740 3406 792 in
3441 750 3594 807 parte

2023 839 2240 905 (quippe
2270 845 2354 888 est
2399 833 2788 903 indivisibilis),
2820 848 2992 902 neque
3021 835 3073 887 in
3106 834 3223 902 ipso
3253 831 3400 885 velut
3449 830 3594 884 aliud

2023 929 2274 1000 (simplex
2328 942 2561 996 namque
2612 927 2743 994 est),
2800 941 2973 996 neque
3027 933 3221 994 praeter
3275 939 3396 978 eum
3450 921 3595 976 aliud

2024 1024 2186 1093 (unus
2221 1023 2362 1075 enim
2397 1029 2480 1074 est
2513 1030 2566 1074 et
2607 1019 2753 1073 solus
2777 1004 3070 1088 ingenitus)
3103 1034 3116 1070 :
3151 1017 3252 1071 hoc
3276 1018 3447 1086 ipsum
3477 1014 3595 1069 fue—

2022 1116 2096 1168 rit
2119 1114 2303 1181 utique
2334 1111 2636 1166 substantia
2667 1112 2925 1179 ingenita.

2094 1205 2218 1260 Bas.
2274 1205 2532 1259 Perduxit
2583 1205 2880 1257 orationem
2936 1216 3041 1270 quo
3069 1200 3266 1266 voluit;
3299 1207 3353 1254 et
3381 1208 3594 1268 postea-

2022 1317 2184 1371 quam
2232 1300 2504 1354 undelibet
2551 1299 2846 1367 ittgenitum
2899 1297 3153 1359 extrusit,
3202 1295 3253 1348 in
3301 1294 3490 1362 ipsam,
3541 1299 3599 1345 ut

2022 1394 2247 1463 putavit,
2297 1393 2651 1446 substantiam
2710 1390 2958 1451 intrusit,
3019 1389 3217 1458 quippe
3259 1387 3348 1453 qui
3391 1386 3454 1439 de
3491 1386 3598 1436 Deo

2022 1482 2398 1537 universorum
2455 1482 2693 1542 dixerit,
2741 1480 2882 1548 quod
2940 1478 3232 1546 ingenitum
3292 1477 3406 1546 ipsa
3451 1476 3601 1544 ingv-

2025 1577 2136 1627 nita
2165 1574 2464 1626 substantia
2507 1573 2596 1626 sit.
2649 1571 2760 1639 Ego
2809 1585 2936 1624 vero
2979 1571 3332 1624 substantiam
3378 1567 3471 1622 Dei
3519 1566 3602 1619 in-

2026 1666 2260 1733 genitam
2292 1679 2431 1723 esse,
2469 1663 2632 1716 etiam
2661 1663 2776 1730 ipse
2816 1662 3069 1725 dixerim,
3101 1676 3204 1714 non
3237 1669 3413 1713 autem
3451 1658 3601 1728 inge-

356 1761 588 1812 Ἔπειτα
621 1758 803 1829 μέντοι
825 1757 1059 1826 κάκείνῳ
1084 1759 1368 1828 προσέχειν
1394 1757 1561 1821 ἄξιον,
1595 1757 1675 1809 ὅτι
1705 1757 1765 1809 τὸ
1792 1757 1928 1826 ἀμε-

2034 1758 2206 1810 nitum
2239 1771 2357 1811 esse
2386 1755 2773 1810 substantiam.
2801 1753 3003 1807 Deinde
3031 1752 3158 1806 illud
3195 1765 3408 1820 quoque
3429 1761 3602 1804 atten-

355 1852 445 1922 ρὲς
471 1851 564 1902 καὶ
591 1849 650 1901 τὸ
679 1843 901 1910 ἁπλοῦν,
928 1848 1118 1901 ταυτὸν
1160 1849 1401 1918 ὑπάρχον
1423 1848 1564 1901 κατὰ
1595 1849 1691 1918 τὴν
1720 1848 1927 1900 ἔννοιαν

354 1941 580 2011 (ἀμερές
607 1957 666 1992 τε
696 1940 804 2009 (74)
835 1939 942 2010 γάρ
980 1941 1094 1992 ἐστι
1121 1939 1181 1991 τὸ
1213 1939 1285 2010 μὴ
1317 1942 1381 1992 ἐκ
1424 1939 1605 2009 μερῶν
1637 1939 1928 2007 συγκείμε-

352 2049 459 2096 νον,
491 2032 584 2085 καὶ
617 2031 820 2084 ἀπλοῦν
851 2030 1108 2092 ὡσαύτως
1134 2030 1193 2082 τὸ
1220 2030 1292 2100 μὴ
1341 2030 1404 2080 ἐκ
1433 2029 1694 2082 πλειόνων
1716 2029 1813 2098 τὴν
1842 2028 1930 2080 σύ-

354 2139 543 2174 στασιν
590 2120 753 2191 ἔχον),
794 2114 948 2182 οὗτος
995 2118 1070 2180 ὡς
1091 2117 1415 2188 διαφέροντα
1459 2116 1537 2186 τῷ
1584 2114 1928 2184 ὑποκειμένῳ

352 2211 616 2280 διίστησιν
644 2213 736 2264 ἀπ’
762 2209 1024 2278 ἀλλήλων.
1059 2203 1191 2260 Εἶτα
1217 2206 1548 2278 ἀπαγορεύει
1583 2207 1656 2278 μὴ
1686 2206 1794 2258 δεῖν
1825 2223 1927 2258 κα-

350 2303 670 2375 ταμερίζειν
699 2303 788 2356 τὸν
822 2301 974 2363 Θεὸν,
1009 2302 1144 2372 μηδὲ
1183 2301 1242 2352 τὸ
1279 2299 1377 2370 μέν
1418 2316 1469 2351 τι
1503 2298 1665 2351 αὑτοῦ
1701 2299 1930 2368 ἀγέννη-

352 2412 464 2458 τον,
490 2395 550 2448 τὸ
582 2395 637 2448 δὲ
662 2393 918 2466 γεννητὸν
962 2391 1320 2445 ὑποπτεύειν·
1371 2391 1495 2462 μηδ’
1538 2387 1603 2444 αὖ
1650 2391 1930 2458 ἐγκεῖσθαι

350 2488 429 2549 ὼς
456 2486 640 2558 ἕτερον
662 2488 717 2539 ὲν
748 2485 919 2556 ἑτέρῳ
948 2485 1186 2556 νομίζειν
1207 2481 1356 2552 αὐτῷ
1382 2483 1440 2534 τὸ
1467 2483 1776 2554 ἀγέννητον.
1797 2484 1839 2534 Τ
1843 2482 1932 2534 ού·-

355 2594 464 2629 των
502 2576 559 2628 δὲ
593 2576 653 2628 τὸ
698 2575 923 2645 μάταιον
971 2575 1193 2627 ἀποκνῶ
1225 2574 1539 2644 διελέγχειν.
1589 2575 1773 2626 Ἔοικε
1822 2574 1930 2645 γάρ

358 2684 474 2729 πως
497 2663 966 2735 συνεξομοιοῦσθαι
990 2664 1065 2735 τῷ
1091 2664 1530 2734 ματαιολογοῦντι
1556 2667 1584 2716 ὁ
1610 2664 1926 2732 ἀντιλέγων.

359 2756 579 2826 Διόπερ,
604 2752 778 2827 οἶμαι,
806 2759 834 2808 ὁ
872 2755 1034 2824 σοφὸς
1068 2757 1354 2826 παρεγγυᾷ
1390 2754 1640 2826 Σολομὼν
1691 2756 1764 2828 μὴ
1802 2758 1934 2810 ἀπο-

361 2847 646 2917 κρίνασθαι
679 2849 788 2918 (75)
814 2848 889 2916 τῷ
925 2848 1117 2920 ἄφρονι
1145 2848 1284 2900 κατά
1315 2849 1411 2918 τὴν
1448 2849 1661 2902 ἐκείνου
1695 2848 1934 2918 ἀφροσύ-

359 2955 475 3006 νην.
515 2937 652 3000 Τοὺς
677 2939 784 3010 γὰρ
815 2937 925 3008 (76)
961 2939 1098 3009 μήτε
1131 2939 1450 3010 εἰρημένους
1481 2939 1618 3008 μήτε
1646 2938 1934 3008 λεχθέντας

360 3032 490 3083 ποτὲ
517 3029 704 3097 λόγους
728 3029 832 3082 ὑπὸ
856 3028 1118 3099 διαίρεσιν
1152 3030 1378 3099 ἢγαγεν,
1419 3028 1505 3080 ἵνα
1545 3028 1674 3102 δόξῃ
1701 3031 1759 3081 ἐν
1802 3029 1932 3081 πολ-

359 3120 470 3182 λοῖς
512 3122 625 3182 τοῖς
668 3119 1178 3190 ἀπηριθμημένοις,
1216 3118 1338 3172 καθ’
1379 3118 1474 3171 ένα
1516 3118 1674 3189 μόνον
1710 3120 1931 3189 τρόπον,

357 3213 574 3275 οἰκείως
605 3211 939 3282 ἐξευρίσκειν
966 3211 1256 3281 λεγόμενον
1298 3211 1359 3264 τὸ
1413 3211 1724 3282 ἀγέννητον.
1775 3213 1933 3281 Ἡμῖν

359 3304 415 3357 δὲ
464 3305 593 3366 ἴσως
639 3303 880 3366 πλείονος
929 3301 1033 3354 ἔδει
1071 3302 1229 3370 λόγου
1276 3303 1411 3373 πρὸς
1442 3303 1540 3374 τὴν
1581 3301 1674 3355 τοῦ
1709 3302 1934 3372 ψεύδους

361 3394 725 3466 παράστασιν,
763 3395 858 3447 καὶ
894 3395 1031 3465 πρὸς
1062 3393 1122 3446 τὸ
1147 3394 1346 3457 δεῖξαι,
1376 3395 1457 3446 ὃτι
1499 3411 1603 3465 περ
1648 3396 1746 3448 οὐκ
1778 3396 1936 3449 οὐσία

361 3487 495 3539 Θεοῦ
518 3488 576 3539 τὸ
601 3488 913 3556 ἀγέννητον,
942 3487 1099 3558 εἴπερ
1124 3487 1193 3540 τά
1219 3490 1274 3563 εν
1303 3490 1367 3558 τῇ
1395 3487 1654 3558 διαιρέσει
1684 3488 1812 3558 παρ’
1847 3490 1934 3541 αύ-

361 3578 455 3630 τοῦ
486 3579 918 3649 ἀπηριθμημένα
971 3579 1044 3650 μὴ
1090 3579 1275 3648 σαφῶς
1321 3579 1691 3649 ἐξελήλεγκτο.
1721 3581 1781 3632 Ei
1828 3581 1936 3651 γὰρ

367 3669 600 3742 ἰσχυρῶς
646 3664 790 3740 εἶχεν
824 3673 851 3724 ὁ
890 3670 1044 3739 λόγος
1087 3670 1256 3740 αύτῷ,
1286 3672 1366 3723 ὅτι
1398 3670 1522 3724 οὔτε
1553 3673 1672 3724 κατ’
1696 3673 1936 3728 ἐπίνοιαν

361 3760 484 3814 οὔτε
536 3762 674 3814 κατὰ
727 3762 982 3832 στέρησιν
1008 3761 1341 3833 λαμϐάνεται
1383 3765 1443 3818 τὸ
1471 3766 1764 3836 ἀγέννητον
1783 3807 1797 3832 ,
1826 3768 1932 3820 οὐδ’

361 3852 503 3905 οὕτω
535 3852 633 3923 μὲν
656 3853 720 3906 ἂν
743 3855 960 3918 πάντως
982 3854 1300 3909 ἀκολουθίαν
1331 3853 1444 3927 εἶχε
1461 3858 1522 3910 τὸ
1548 3859 1932 3930 συναγόμενον.

363 3943 458 4006 Τίς
480 3945 587 4014 γὰρ
617 3945 648 4014 ἡ
692 3944 928 4015 ἀνάγκη,
962 3945 1066 3997 ὑπὸ
1095 3945 1152 3998 ἓν
1191 3947 1297 3999 τῶν
1332 3947 1803 4020 ἀπηριθμημένων
1839 3952 1936 4021 τὴν

363 4034 688 4105 ἀγεννησίαν
741 4037 956 4101 πεσεῖνς
999 4036 1072 4088 Οὐ
1135 4036 1240 4107 μὴν
1298 4038 1412 4091 ἀλλ’
1446 4039 1630 4110 ἐπειδὴ
1675 4042 1835 4104 αὐτὸς
1863 4041 1938 4104 ὡς

365 4122 671 4190 ἀναγκαίως
697 4123 1037 4194 συνημμένον
1062 4127 1173 4186 τοῖς
1208 4127 1535 4195 προάγουσιν
1569 4127 1816 4196 ἐπιφέρει
1855 4125 1936 4189 τὸ,

367 4215 573 4267 Οὐκοῦν
599 4217 647 4267 εί
678 4217 787 4285 (77)
821 4219 956 4287 μήτε
997 4217 1116 4270 κατ’
1159 4218 1421 4280 ἐπίνοιαν,
1455 4219 1591 4288 μήτε
1631 4219 1772 4271 κατά
1818 4218 1938 4271 στέ-

372 4321 545 4374 ρησιν,
583 4308 718 4376 μήτε
773 4308 914 4361 κατὰ
953 4309 1108 4362 ἄλλον
1147 4308 1267 4362 τινὰ
1318 4310 1425 4362 τῶν
1471 4310 1940 4381 ἀπηριθμημένων

2031 1849 2156 1900 dere
2186 1861 2363 1914 opera:
2419 1845 2648 1913 pretium
2699 1855 2803 1907 est,
2835 1845 2978 1914 quod
3029 1842 3362 1896 indivisibile
3391 1849 3446 1895 et
3472 1842 3600 1894 sim-

2030 1938 2175 2007 plex,
2213 1954 2334 2006 qua:
2359 1938 2547 1991 eadem
2583 1946 2710 1990 sunt
2742 1936 2880 1988 inter
2922 1949 2981 1988 se
3009 1934 3410 2003 significatione
3439 1932 3601 2001 (indi-

2028 2028 2237 2083 visibile
2267 2030 2410 2081 enim
2445 2038 2527 2081 est
2551 2026 2693 2094 quod
2724 2041 2789 2079 ex
2821 2025 3066 2094 partibus
3097 2039 3202 2077 non
3234 2022 3599 2088 componitur,

2029 2130 2084 2176 et
2107 2120 2333 2186 simplex
2383 2119 2635 2172 similiter
2659 2118 2802 2187 quod
2834 2132 2864 2172 e
2897 2117 3141 2185 pluribus
3189 2131 3292 2169 non
3327 2112 3598 2184 constat);

2030 2212 2118 2266 hic
2144 2212 2295 2281 quasi
2332 2211 2546 2264 diversa
2585 2211 2694 2263 sint
2730 2207 2996 2276 subjecto,
3046 2207 3276 2260 alterum
3327 2206 3395 2259 ab
3434 2205 3603 2259 altero

2029 2317 2264 2378 separat.
2302 2306 2494 2360 Postea
2534 2315 2702 2369 vetat,
2763 2304 2930 2357 Deum
2976 2303 3141 2358 dividi
3190 2313 3465 2370 oportere,
3513 2310 3604 2354 aut

2031 2401 2191 2454 aliam
2229 2400 2398 2468 ipsius
2425 2409 2632 2466 partem
2667 2397 2985 2464 ingenitam,
3039 2396 3198 2449 aliam
3249 2395 3484 2464 genitam
3521 2411 3605 2447 su-

2031 2491 2247 2561 Spicari,
2274 2500 2368 2543 aut
2397 2504 2591 2543 rursus
2619 2489 2901 2550 arbitrari,
2934 2488 3232 2556 ingenitum
3265 2487 3318 2539 in
3349 2487 3464 2555 ipso
3490 2485 3607 2538 vel-

2033 2592 2092 2636 ut
2123 2581 2265 2635 aliud
2305 2583 2356 2634 in
2417 2580 2522 2634 alio
2585 2580 2746 2634 situm
2779 2594 2919 2635 esse.
2959 2562 3160 2632 Horum
3205 2585 3383 2630 autem
3422 2577 3605 2630 verbo-

2035 2688 2150 2726 rum
2190 2671 2484 2725 vanitatem
2517 2670 2657 2738 piget
2715 2685 2802 2723 me
2849 2668 3157 2723 confutare.
3201 2665 3427 2720 Videtur
3459 2666 3603 2719 enim

2032 2763 2430 2833 quodammodo
2481 2762 2676 2815 similis
2709 2762 2822 2814 ﬁeri
2861 2761 2909 2814 ei
2955 2761 3045 2829 qui
3086 2773 3220 2812 vana
3256 2758 3406 2820 dicit,
3436 2757 3482 2811 is
3512 2757 3604 2825 qui

2033 2856 2370 2910 contradicit.
2406 2853 2570 2925 224
2609 2854 2967 2924 Quapropter,
2995 2853 3203 2920 opinor,
3233 2852 3451 2919 sapiens
3515 2849 3610 2902 Sa-

2035 2947 2215 3000 lomon
2263 2947 2614 3012 admonet“,
2668 2954 2722 2998 ut
2767 2961 2832 2999 ne
2866 2945 3284 3013 respondeamus
3333 2943 3606 3010 insipienti

2031 3037 2185 3105 juxta
2237 3035 2599 3104 insipientiam
2658 3034 2821 3090 illius.
2864 3036 2992 3099 Quae
3024 3033 3167 3087 enim
3221 3047 3396 3102 neque
3442 3031 3606 3095 dicta,

2035 3140 2209 3194 neque
2239 3125 2445 3192 prolata
2497 3133 2623 3177 sunt
2657 3138 2918 3192 unquam,
2951 3138 3014 3177 ea
3052 3123 3141 3177 hic
3190 3138 3301 3176 sua:
3354 3121 3607 3177 divisioni

2035 3216 2284 3285 subjecit,
2318 3227 2398 3280 ut,
2431 3216 2616 3269 multis
2655 3216 3015 3280 enumeratis,
3069 3215 3312 3269 invenire
3363 3213 3612 3268 videatur

2037 3309 2334 3378 ingenitum
2388 3307 2549 3360 unico
2588 3307 2748 3360 modo
2786 3307 3002 3375 proprie
3045 3306 3171 3360 diei.
3212 3304 3378 3360 Nobis
3427 3315 3609 3357 autem

2039 3400 2264 3454 fortasse
2292 3398 2516 3468 longiori
2543 3413 2677 3465 opus
2703 3407 2849 3452 esset
2878 3396 3146 3460 oratione,
3176 3404 3231 3448 ut
3270 3395 3608 3449 mendacium

2037 3494 2433 3561 detegeremus,
2482 3490 2892 3558 ingenitumque
2945 3489 3304 3544 substantiam
3365 3487 3460 3540 Dei
3502 3500 3604 3540 nor.

2035 3597 2156 3636 esse
2179 3580 2677 3636 demonstraremus
2713 3598 2725 3634 :
2761 3581 2864 3634 nisi
2897 3596 3016 3649 qua:
3061 3581 3128 3634 ab
3159 3594 3358 3646 eogper
3385 3578 3610 3631 divisio-

2035 3687 2158 3726 nem
2193 3680 2507 3724 enumerata
2540 3682 2688 3734 sunt,
2713 3672 2825 3738 jam
2877 3670 3080 3739 liquido
3126 3668 3359 3722 refutata
3406 3676 3607 3722 essent.

2036 3763 2170 3817 Nam
2201 3763 2413 3818 etiamsi
2445 3764 2549 3816 vim
2585 3763 2811 3818 haberet
2847 3763 3007 3816 allata
3042 3761 3109 3815 ab
3145 3761 3237 3815 illo
3271 3761 3432 3823 ratio,
3467 3759 3611 3828 quod

2039 3869 2213 3923 neque
2258 3869 2324 3908 ex
2383 3855 2717 3925 intelligendi
2750 3856 2928 3920 modo,
2978 3868 3155 3922 neque
3193 3869 3258 3906 ex
3316 3852 3612 3920 privatione

2039 3946 2337 4016 ingenitum
2367 3948 2632 4017 accipitur
2662 3961 2678 4000 :
2716 3948 2902 4016 utique
2929 3963 2994 4000 ne
3029 3947 3108 4001 sic
3136 3946 3349 4015 quidem
3385 3945 3437 3998 id
3469 3946 3612 4013 quod

2037 4040 2258 4110 colligit,
2286 4052 2729 4110 consequeretur.
2761 4041 2901 4106 Quid
2941 4041 3084 4095 enim
3134 4054 3353 4094 necesse
3387 4048 3470 4092 est
3509 4039 3612 4092 sub

2037 4146 2145 4185 uno
2177 4143 2618 4186 enumeratorum
2651 4133 2920 4188 contineri
2956 4131 3295 4200 ingenitum?
3329 4129 3434 4186 Sed
3478 4146 3614 4200 quo-

2038 4223 2182 4276 niam
2216 4225 2330 4292 ipse
2355 4235 2611 4293 tanquam
2654 4225 2856 4293 aliquid
2911 4225 3334 4294 praecedentibus
3363 4237 3613 4277 necessa-

2040 4314 2122 4367 rio
2151 4316 2497 4389 conjungtum
2532 4314 2698 4369 infert
2735 4315 2863 4368 illud
2892 4315 3100 4381 :lgitur
3127 4313 3172 4367 si
3207 4326 3385 4380 neque
3418 4324 3614 4364 secun-

367 4397 586 4466 τρόπον,
623 4397 754 4449 αὐτὸ
793 4397 856 4450 ἂν
899 4398 982 4468 εἴη
1017 4399 1172 4452 ούσία
1197 4400 1490 4470 ἀγέννητος
1513 4418 1526 4431 ⁸
1559 4399 1730 4464 οὕτως
1773 4403 1929 4470 ἡμεῖς

2040 4404 2165 4458 dum
2207 4405 2639 4474 intelligentiam,
2672 4420 2848 4473 neque
2900 4404 3196 4458 secundum
3227 4402 3611 4471 privationem,

370 4485 818 4556 ἀντιστρέψαντες
879 4489 1150 4557 εἴπωμεν,
1205 4490 1285 4540 ὅτι
1333 4489 1541 4542 Οὐκοῦν
1585 4491 1768 4560 ἐπειδὴ
1813 4493 1939 4544 κατ’

371 4577 608 4630 ἐπίνοιαν
647 4576 947 4648 θεωρεῖται,
997 4579 1090 4630 καὶ
1142 4581 1457 4650 στερητικόν
1499 4584 1616 4633 ἐστι
1648 4582 1708 4634 τὸ
1741 4581 1935 4652 ὄνομα,

369 4667 489 4737 οὐχ).
541 4668 699 4721 οὐσία
745 4667 838 4721 τοῦ
864 4667 998 4722 Θεοῦ
1041 4669 1100 4721 τὸ
1145 4670 1456 4741 ἀγέννητον.
1497 4672 1657 4734 Ἕως.
1684 4672 1792 4742 γὰο
1838 4674 1939 4727 οὐκ

447 4824 490 4855 ⁸⁸
511 4821 670 4878 Prov.
707 4838 854 4888 xxvr,
882 4823 942 4878 4.

374 5001 731 5075 tione_Paris._
763 5001 941 5057 Codex
987 5001 1139 5075 Coll).
1171 5010 1225 5057 et
1254 5004 1340 5057 alii
1365 5006 1602 5075 quinque
1632 5006 1780 5075 Regii
1819 5024 1922 5060 κα-

371 5073 655 5141 ταφεύγει,
688 5073 748 5146 τδ
777 5075 855 5146 είς
885 5073 1052 5146 αὐτὴν
1076 5074 1173 5146 τὴν
1199 5075 1388 5128 οὐσίαν
1402 5074 1643 5129 τίθεσθαι
1666 5073 1734 5129 τδ
1761 5078 1921 5144 ἀγέν-

373 5159 549 5216 νητον.
581 5143 926 5216 δυρρΙθ--ἡτοι
961 5143 1069 5204 έπί,
1104 5143 1159 5196 ut
1197 5146 1337 5216 legas
1369 5146 1486 5216 ἦτοι
1513 5147 1606 5198 ἐπὶ
1629 5148 1690 5198 τὸ
1721 5143 1924 5210 εὶςαύ-

372 5213 469 5284 τὴν
492 5216 606 5284 τήν,
631 5226 738 5267 etc.
767 5212 1027 5268 Videlicet
1060 5229 1124 5267 eo
1149 5212 1427 5284 coni'ttgit':
1462 5227 1553 5269 aut
1578 5218 1725 5283 illud,
1760 5218 1819 5269 τὸ
1843 5220 1923 5280 εἰς

373 5283 561 5356 αὐτήν,
600 5287 823 5356 inverte,
858 5296 915 5336 ut
944 5285 1104 5352 legas,
1137 5285 1214 5346 εὶς
1243 5283 1304 5336 τὸ
1331 5285 1498 5356 αὐτὴν
1529 5287 1651 5356 τήν,
1683 5297 1811 5348 etc.,
1848 5290 1924 5340 ita

373 5363 427 5404 ut
449 5353 728 5406 (trbitretur
755 5353 908 5414 illud,
943 5356 1248 5422 ingenitum,
1298 5353 1466 5421 ipsam
1496 5353 1625 5409 esse
1665 5360 1921 5411 substan-

376 5423 527 5475 tiam.
563 5425 771 5476 Etenim
813 5425 1090 5491 principiis
1139 5425 1250 5477 suis
1303 5425 1557 5479 insistens
1607 5425 1922 5493 Eunomius,

375 5505 498 5562 mox
529 5495 604 5546 ait
642 5494 790 5556 illud,
824 5495 1102 5562 ingenitus,
1137 5497 1306 5560 ipsam
1331 5509 1450 5548 esse
1476 5499 1858 5551 substantiam.

584 5563 713 5636 ﬁeg.
741 5561 962 5632 quartus
990 5564 1312 5636 ἀποσπάσας
1345 5566 1430 5616 ἐπ’
1461 5566 1648 5636 αὐτήν.

445 5631 558 5699 (74)
583 5633 671 5686 Sic
700 5631 827 5688 trtss.
860 5645 989 5687 tres.
1024 5635 1190 5688 Abest
1209 5651 1267 5685 τε
1292 5653 1318 5686 a
1354 5631 1601 5701 vulgatis:

443 5701 556 5772 (7'5)
583 5703 801 5773 Antiqui
828 5703 934 5759 duo
958 5704 1080 5760 libri
1116 5703 1190 5775 μὴ
1214 5705 1623 5774 ἀποκρίνεσθαι.

2045 4510 2218 4562 neque
2239 4498 2534 4549 secundum
2560 4497 2722 4549 alium
2751 4497 2914 4548 ullum
2936 4510 3002 4548 ex
3023 4493 3350 4548 enumeratis
3374 4492 3610 4553 modum,

2047 4586 2344 4654 ingenitum
2390 4588 2575 4654 utique
2639 4587 2867 4655 ipsamet
2916 4585 3079 4638 fuerit
3117 4582 3422 4640 substantia
3468 4581 3618 4649 inge-

2013 4669 2018 4675 ⁷
2049 4676 2164 4730 nita
2193 4697 2204 4731 :
2231 4692 2328 4732 nos
2362 4687 2740 4747 retorquentes
2762 4679 2841 4732 sic
2867 4676 3140 4731 dicamus:
3161 4674 3327 4744 Igitur
3357 4673 3612 4743 quoniam

2099 5009 2213 5080 (76)
2247 5007 2448 5080 llorum
2485 5007 2975 5080 verborum,__Toiig
3003 5004 3138 5080 γάρ,
3187 5012 3323 5080 etc._,
3353 5003 3486 5080 _h:ec
3534 5013 3615 5057 est

2030 5073 2297 5133 sententia
2339 5097 2352 5132 :
2401 5079 2717 5131 divisionem
2779 5076 2944 5140 illam,
2985 5073 3124 5146 μήτε
3186 5074 3304 5146 κατ’
3350 5073 3612 5146 ἐπίνοιαν,

2031 5151 2166 5220 μήτε
2191 5151 2331 5203 κατά
2380 5147 2656 5218 στέρησιν,
2704 5146 2841 5217 μήτε
2875 5147 2932 5220 ὲν
2966 5144 3148 5216 μέρει,
3180 5144 3478 5198 Eunomius
3516 5144 3616 5195 lin-

2030 5219 2130 5284 xit,
2166 5234 2392 5287 eantque
2427 5220 2633 5287 primus
2669 5219 2963 5283 evulgavit.

2099 5283 2210 5362 (77)
2239 5283 2348 5354 llla,
2368 5286 2574 5362 Οὐκοῦν
2604 5288 2671 5362 εί,
2694 5288 2762 5338 ita
2785 5288 3036 5362 intellige
3066 5302 3078 5337 :
3120 5283 3175 5338 Si
3213 5297 3389 5348 neque
3412 5296 3609 5334 secun-

2029 5357 2153 5417 dum
2193 5357 2441 5413 nostram
2491 5357 2815 5426 intelligendi
2865 5357 3150 5418 rationem,
3183 5365 3376 5426 (neque
3423 5366 3615 5404 secun—

2038 5435 2163 5486 dum
2198 5430 2575 5498 privationem,
2613 5425 2787 5498 neque
2818 5428 3111 5498 secundum
3142 5425 3277 5498 alios
3313 5436 3447 5498 quos
3480 5435 3616 5498 enu-

2038 5492 2365 5554 meravimus
2422 5492 2755 5565 intelligendi
2813 5497 3003 5548 modos-
3059 5493 3450 5565 ingenitum-tle
3507 5492 3616 5565 Deo

2039 5571 2269 5634 dicitur;
2293 5577 2541 5637 {necesse
2585 5561 2667 5620 est
2694 5575 2751 5618 ut
2782 5567 3074 5634 ingenitum
3106 5561 3220 5635 ipsa
3268 5562 3338 5618 sit
3373 5561 3616 5631 ingenita

2038 5641 2276 5696 essentia
2306 5638 2739 5706 substantiaque.
