4016 6220
410 349 515 398 5'09

411 558 497 605 est
546 546 852 602 substantia
898 544 993 599 Dei
1054 541 1378 611 ingenitum.
1415 535 1661 603 Quandiu
1692 533 1835 589 enim
1871 544 1991 601 quin

414 639 570 695 nobis
586 640 724 693 dicta
752 645 877 692 sunt
896 651 1003 691 non
1032 632 1252 697 refutat,
1276 645 1376 685 nec
1399 629 1512 685 suis
1540 625 1991 697 propositionibus

413 734 584 792 robur
601 732 772 796 addit,
804 730 855 784 id
892 729 1034 800 quod
1060 727 1284 794 colligit,
1325 724 1524 779 nullum
1549 723 1722 776 locum
1756 719 1990 775 habebit.

491 824 575 879 η.
637 823 693 877 In
738 837 948 878 summa
976 859 992 887 ,
1048 819 1188 890 quod
1252 824 1404 887 putat
1442 829 1499 870 se
1534 813 1650 878 Dei,
1700 811 1790 881 qui
1831 822 1994 879 super

418 935 602 991 omnia
644 943 748 1002 est,
793 932 1154 988 substantiam
1206 930 1377 1001 ipsam
1437 925 1803 989 adinvenisse,
1831 936 1997 992 quan-

422 1038 491 1082 ta:
520 1027 785 1095 superbiae
807 1035 890 1078 est
908 1033 1070 1093 atque
1091 1020 1378 1077 elationis!
1409 1016 1546 1072 Fere
1574 1016 1717 1071 enim
1737 1011 1998 1084 iactantia

422 1125 685 1187 superant
711 1116 796 1169 vel
833 1115 984 1170 illum
1044 1115 1244 1183 ipsum,
1297 1112 1389 1180 qui
1437 1109 1616 1164 dixit:
1652 1105 1825 1175 Super
1853 1115 1998 1159 astra

422 1223 611 1274 ponam
633 1206 806 1260 sedem
833 1222 998 1259 meam
1020 1205 1066 1236 ⁷ο
1094 1220 1107 1257 :
1137 1204 1227 1272 qui
1262 1201 1471 1255 scilicet
1497 1212 1603 1252 non
1638 1204 1825 1251 contra
1858 1192 1991 1248 stel-

424 1296 505 1352 las
525 1307 617 1351 aut
633 1298 828 1353 caelum
849 1297 1152 1365 insurgant,
1180 1294 1274 1349 sed
1300 1293 1470 1362 ipsam
1502 1289 1593 1344 Dei
1621 1288 1998 1342 universorum

427 1388 786 1444 substantiam
837 1388 1133 1457 pervadere
1166 1400 1223 1441 se
1255 1385 1578 1454 glorientur.
1614 1381 2004 1436 Percoutemur

428 1489 608 1534 autem
639 1494 785 1545 eum,
806 1480 1073 1533 undenam
1107 1474 1587 1545 comprehendisse
1611 1485 1671 1527 se
1696 1486 1812 1526 eam
1837 1469 2001 1523 dicat.

429 1571 512 1625 Ex
533 1571 880 1626 commuuine
904 1568 1158 1623 notione?
1180 1566 1375 1622 Athaec
1398 1564 1563 1619 Deum
1582 1576 1725 1625 esse,
1750 1575 1855 1614 non
1876 1557 2005 1627 quid

430 1662 524 1725 sit,
548 1675 645 1715 nos
674 1661 945 1714 admonet.
990 1659 1072 1712 An
1128 1671 1195 1712 ex
1237 1655 1485 1711 doctrina
1524 1651 1793 1722 Spiritus?
1824 1649 2002 1716 Quali,

430 1759 524 1804 aut
560 1749 649 1804 ubi
696 1748 931 1803 tradita?
966 1748 1154 1802 Nonne
1181 1761 1404 1815 magnus
1445 1744 1533 1799 ille
1585 1744 1755 1798 David
1793 1743 1879 1798 cui
1914 1756 2006 1796 oc-
2038 1781 2081 1838 Β

433 1841 582 1896 culta
607 1840 1029 1909 absconditaque
1065 1854 1176 1894 sure
1204 1838 1481 1907 sapientia:
1516 1836 1657 1891 Deus
1682 1833 2004 1889 manifesta-

430 1935 531 1998 vit,
563 1932 740 2002 palam
789 1932 1082 1986 conﬁtetur
1111 1930 1442 1984 inaccessam
1476 1942 1595 1983 esse
1624 1926 1718 1981 Dei
1743 1925 2008 1993 cognitio-

432 2036 582 2087 nem,
620 2036 740 2075 cum
772 2020 905 2075 dicit
939 2038 955 2075 :
989 2019 1246 2075 Mirabilis
1286 2020 1433 2088 facta
1469 2028 1545 2072 est
1571 2016 1787 2070 scientia
1810 2024 1901 2069 tua
1945 2030 2010 2068 ea:

433 2130 537 2177 me,
574 2112 870 2182 confortata
919 2113 1035 2182 est};
1092 2127 1217 2165 num
1249 2119 1432 2178 potero
1463 2110 1531 2162 ad
1575 2125 1692 2162 eam
1711 2106 1799 2160 "1
1839 2105 2012 2160 Isaias

434 2212 618 2256 autem
653 2203 778 2256 dum
812 2200 1150 2269 maiestatem
1188 2199 1281 2253 Dei
1325 2197 1720 2268 specularetur,
1747 2194 1877 2264 quid
1912 2208 2011 2248 no-

435 2294 522 2349 bis
548 2294 615 2349 de
643 2294 824 2348 divina
878 2292 1176 2347 substantia
1204 2290 1498 2346 declaravit
1530 2288 1555 2341 ?
1606 2288 1695 2356 qui
1730 2286 2013 2358 proferens

438 2387 506 2441 de
536 2386 758 2441 Christo
790 2385 1128 2448 vaticinium,
1159 2392 1391 2438 testatur
1418 2383 1501 2437 his
1524 2381 1706 2435 verbis
1740 2397 1755 2434 :
1781 2377 2015 2433 Genera-

439 2478 640 2531 tionem
676 2476 790 2545 ejus
822 2475 937 2545 quis
964 2473 1331 2528 enarrabit"?
1358 2471 1497 2537 Quid
1520 2484 1650 2524 vero
1678 2484 1771 2524 vas
1793 2469 2014 2525 electio-

444 2571 531 2624 nis
561 2568 780 2632 Paulus,
816 2568 907 2637 qui
945 2567 1252 2636 loquentem
1287 2564 1342 2618 in
1379 2578 1439 2619 se
1464 2559 2013 2623 habebathristum,

440 2663 534 2731 qui
568 2662 635 2713 ad
668 2659 886 2714 tertium
916 2672 1088 2728 usque
1132 2656 1328 2711 caelum
1363 2666 1548 2723 raptus
1576 2664 1677 2719 est,
1703 2654 1792 2722 qui
1824 2666 2016 2708 arcana

442 2751 649 2806 audivit
698 2749 878 2813 verba,
906 2732 1026 2819 qua:
1082 2762 1189 2802 non
1244 2747 1370 2802 licet
1398 2746 1602 2801 homini
1628 2745 1771 2814 loqui
1801 2762 1816 2810 ;
1850 2757 2017 2814 quam

444 2842 601 2897 nobis
626 2841 691 2896 de
724 2839 1023 2896 substantia
1053 2838 1150 2893 Dei
1200 2836 1504 2893 doctrinam
1543 2833 1798 2904 reliquit?
1834 2833 1932 2888 Hic
1952 2832 2017 2887 ad

444 2932 804 3004 particulares
857 2930 1209 3002 providentiae
1248 2928 1485 2983 rationes
1514 2942 1636 2982 cum
1672 2926 2019 2995 respexisset,

448 3027 596 3081 velut
626 3024 892 3094 vertigine
922 3023 1181 3079 laborans
1199 3030 1422 3092 propter
1455 3017 1871 3088 iusnperabilem
1900 3031 2024 3070 con-

454 3118 748 3188 templandi
787 3115 1182 3179 difﬁcultatem,
1208 3114 1363 3182 quasi
1391 3111 1631 3166 clamans
1668 3124 1855 3165 vocem
1877 3107 2020 3162 illam

451 3210 634 3264 emisit
663 3225 677 3262 :
720 3206 764 3263 ο
797 3205 1028 3260 altitudo
1066 3205 1371 3260 divitiarum
1407 3214 1454 3258 et
1483 3203 1755 3271 sapientia:
1776 3211 1823 3254 et
1846 3199 2025 3270 cogni-

452 3298 612 3352 tionis
647 3296 783 3351 Dei:
816 3312 973 3366 quam
1010 3295 1380 3349 inscrutabilia
1418 3304 1536 3347 sunt
1562 3292 1777 3361 judicia
1816 3290 1950 3358 ejus,
1978 3297 2026 3343 et

452 3387 952 3458 impervestigabiles
978 3386 1074 3441 vita
1111 3386 1226 3456 ejus
1251 3385 1333 3439 "l
1382 3383 1534 3451 Quod
1581 3384 1626 3438 si
1662 3383 1778 3438 hazc
1811 3381 1888 3436 illi
1930 3382 2030 3451 ipsi

454 3482 548 3552 qui
599 3481 665 3535 ad
712 3493 1019 3534 mensuram
1073 3476 1398 3547 cognitionis
1443 3474 1593 3529 Pauli
1645 3481 2031 3542 pervenerunt,

456 3572 676 3641 assequi
710 3586 818 3625 non
867 3577 1129 3640 possunt;
1179 3575 1381 3636 quanta
1423 3575 1507 3621 est
1542 3563 1791 3634 superbia
1820 3577 2033 3627 eorum,

458 3662 553 3731 qni
583 3678 643 3716 se
674 3661 1033 3716 substantiam
1058 3657 1220 3728 225
1256 3659 1349 3713 Dei
1377 3657 1698 3727 proﬁtentur
1738 3667 2034 3725 cognosce-

458 3752 559 3807 re?
596 3752 741 3818 Quos
772 3752 1015 3819 profecto
1061 3751 1233 3805 libens
1275 3749 1746 3820 interrogaverim,
1779 3746 2033 3816 quidnam

460 3844 527 3899 de
561 3851 704 3897 terra
746 3843 800 3895 in
833 3857 940 3911 qua
970 3850 1399 3905 commorantur,
1430 3849 1486 3894 et
1506 3855 1571 3894 ex
1602 3853 1707 3909 qua
1746 3836 1859 3892 nati
1888 3844 2035 3900 sunt,

460 3935 666 3998 dicant,
697 3948 860 4003 quam
897 3931 1013 4000 eius
1051 3932 1208 3987 nobis
1235 3940 1508 3999 exponant
1540 3929 1896 3986 substantiam
1932 3946 1946 3982 :
1975 3935 2038 3982 ut

462 4032 509 4087 si
532 4031 600 4085 de
626 4030 691 4085 iis
718 4045 838 4100 qua:
863 4029 1011 4084 humi
1045 4038 1173 4084 sunt
1198 4044 1263 4084 ac
1294 4030 1521 4100 pedibus
1561 4028 1865 4098 subiacent,
1889 4038 2039 4084 certo

462 4121 939 4190 iudubitanterque
970 4120 1260 4188 disserant,
1291 4128 1418 4174 tunc
1446 4121 1526 4176 eis
1563 4136 1799 4190 quoque,
1829 4136 1948 4175 cum
1975 4122 2041 4174 de

466 4210 629 4265 rebus
662 4210 992 4265 intellectum
1025 4225 1241 4266 omnem
1278 4211 1661 4279 superantibus
1709 4212 2035 4266 sententiam

464 4298 770 4371 proferunt,
819 4302 976 4356 [idem
1010 4302 1329 4356 habeamus.
1361 4301 1492 4368 Quae
1531 4303 1691 4372 igitur
1737 4302 2037 4358 substantia

466 4400 554 4445 est
583 4391 777 4445 terrae?
817 4391 956 4461 quis.
991 4391 1493 4462 comprehensionis
1533 4393 1757 4448 modus?
1797 4395 2040 4463 Respon-

1727 320 1787 379 δ,
1826 313 2073 385 ΒΑδιμι
2110 307 2323 367 usum

412 459 625 512 ratione
658 454 1058 516 consideratur,
1093 457 1148 505 et
1169 445 1496 520 privativum
1525 457 1718 498 nomen
1740 451 1842 506 est,
1878 455 1983 494 non
2017 448 2054 501 Α
2091 435 2302 504 ἐλέγχει

3553 287 3665 343 540

2351 429 2420 484 τὰ
2471 390 2753 500 εἰρημένα,
2802 421 2924 477 οὐδὲ
2958 421 3077 483 ταῖς
3105 414 3429 488 προτάσεσιν
3463 407 3665 500 ἐαυτοῦ

2088 498 2367 599 την-ίσχὺν
2399 498 2739 584 ἀποδίδωσιν,
2777 512 3029 586 οὐδεμίαν
3050 508 3199 580 αὐτῷ
3244 505 3427 578 χώραν
3447 501 3558 569 ἕξει
3594 498 3667 555 τὸ

2093 620 2477 691 συναγόμενον.

2165 798 2250 853 12.
2277 796 2454 858 ’Ὀλως
2475 793 2532 847 δὲ
2551 833 2565 857 ,
2587 792 2648 845 τὸ
2684 787 2891 842 οἴεσθαι
2914 783 3008 839 τοῦ
3043 783 3135 837 ἐπὶ
3161 781 3378 835 πάντων
3401 775 3534 832 Θεοῦ
3562 775 3667 829 αὐα-

2093 891 2191 963 τὴν
2243 890 2341 962 τὴν
2387 886 2575 941 οὐσίαν
2625 880 3010 953 ἐξευρηκέναι,
3069 877 3243 946 πόσης
3284 871 3665 944 ὑπερηφανίας

2096 984 2210 1037 ἐστὶ
2247 982 2342 1036 καὶ
2371 979 2685 1050 φυσιώσεως
2710 977 2723 1029 1
2763 973 2955 1044 Σχεδὸν
2978 971 3086 1043 γὰρ
3114 970 3209 1024 καὶ
3233 966 3392 1022 αὐτὸν
3418 963 3667 1034 ἀποκρύ-

2098 1094 2290 1130 πτουσι
2333 1077 2398 1146 τῇ
2441 1070 2814 1144 μεγαληγορίᾳ
2843 1068 2934 1122 τὸν
2972 1065 3228 1120 sinovum“
3280 1059 3511 1116 Ἐπάνω
3546 1056 3671 1110 τῶν

2097 1169 2336 1237 ἄστρων
2372 1165 2627 1234 θήσομαι
2649 1162 2754 1216 τὸν
2778 1160 2993 1229 θρόνον
3005 1175 3124 1227 μου
3143 1174 3156 1188 ο
3187 1155 3243 1209 οἵ
3277 1171 3340 1223 γε
3367 1153 3428 1205 οὐ
3432 1151 3487 1223 xi.
3511 1148 3672 1204 ἀστέ-

2101 1279 2231 1334 ρων,
2280 1261 2314 1330 ἢ
2361 1256 2593 1329 οὐρανοῦ
2649 1252 3081 1323 κατατολμῶσιν,
3134 1247 3248 1302 ἀλλ’
3290 1245 3458 1316 αὐτὴν
3492 1242 3671 1314 ἐμϐα-

2099 1352 2274 1407 τεύειν
2314 1351 2410 1404 τοῦ
2460 1347 2595 1402 Θεοῦ
2648 1346 2755 1401 τῶν
2806 1344 2942 1409 ὅλων
2966 1342 3064 1415 τὴν
3093 1341 3279 1395 οὐσίαν
3329 1335 3672 1402 ἀλαζονεύονι

2100 1463 2210 1500 ται.
2271 1441 2644 1510 Ἐξετάσωμεν
2695 1439 2803 1510 γάρ
2856 1435 3036 1497 αὐτὸν.
3125 1432 3285 1486 πόθεν
3354 1431 3520 1501 αὐτῆς
3568 1446 3675 1498 φη-

2104 1555 2188 1592 σιν
2239 1538 2299 1590 ἐν
2360 1533 2610 1606 περινοίᾳ
2662 1527 3013 1601 γεγενῆσθαι.
3060 1522 3186 1598 Ἀρ*
3227 1525 3292 1585 ἐκ
3336 1522 3436 1593 τῆς
3487 1520 3677 1590 κοινῆς

2104 1628 2314 1690 ἐννοίας
2339 1625 2487 1697 (78);
2534 1621 2672 1677 Ἀλλ’
2702 1621 2840 1692 αῦτη
2879 1620 2941 1673 τὸ
2966 1614 3109 1672 εἶναι
3140 1617 3230 1670 τὸν
3267 1614 3419 1678 Θεὸν,
3448 1612 3508 1666 οὐ
3532 1611 3593 1665 τὸ
3616 1609 3678 1663 τί

2107 1717 2245 1774 εἶναι
2295 1721 2426 1790 ἡμῖν
2471 1714 2779 1770 ὑποϐάλλει.
2845 1712 2983 1766 Ἀλλ’
3049 1713 3113 1764 ἐκ
3172 1708 3276 1778 τῆς
3333 1703 3682 1767 διδασκαλίας

2108 1811 2202 1867 τοῦ
2244 1810 2589 1882 Πνεύματος;
2623 1807 2821 1872 Ποίας;
2848 1805 2882 1876 ἢ
2910 1804 3011 1875 τῆς
3042 1801 3145 1856 ποῦ
3175 1799 3470 1871 κειμένης;
3504 1798 3617 1866 Οὐχ
3650 1798 3683 1850 6

2116 1903 2215 1975 μὲν
2266 1903 2438 1973 μέγας
2466 1899 2650 1961 Δασὶδ,
2792 1897 2861 1950 τά
2899 1893 3068 1965 ἄδηλα
3108 1891 3300 1947 καὶτὰ
3336 1888 3540 1961 κρύφια
3581 1887 3685 1957 τῆς

2113 1992 2308 2048 ἐαυτοῦ
2355 1991 2546 2061 σοφίας
2585 1988 2851 2060 ἐδήλωσεν
2882 1988 2912 2040 6
2946 1983 3099 2049 Θεὸς,
3150 1980 3403 2054 φανερῶς
3433 1977 3689 2050 ὁμολογεῖ

2116 2084 2231 2157 (79)
2272 2083 2372 2154 τῆς
2414 2084 2667 2152 γνώσεως
2701 2080 2763 2134 τὸ
2791 2079 3105 2152 ἀπρόσιτον,
3140 2076 3341 2144 λέγων’
3396 2075 3687 2143 Ἐθαυμα-

2116 2175 2312 2244 στώθη
2356 2176 2395 2243 ἡ
2424 2172 2648 2243 γνῶσίς
2678 2170 2789 2243 (80)
2830 2172 2946 2224 σου
2987 2168 3054 2234 ἐξ
3080 2167 3246 2237 ἐμοῦ,
3280 2162 3643 2234 ἐκραταιώθη
3666 2174 3687 2193 ”

2117 2268 2189 2321 οὐ
2207 2264 2293 2336 μὴ
2328 2265 2593 2333 δύνωμαι
2613 2262 2760 2332 πρὸς
2784 2259 3016 2328 αὐτήν;
3057 2256 3279 2320 Ἡσαΐας
3306 2256 3382 2319 δὲ,
3404 2257 3434 2308 6
3462 2256 3518 2308 ἐν
3548 2253 3691 2306 θεω-

2121 2360 2213 2433 ρίᾳ
2233 2359 2333 2429 τῆς
2357 2356 2514 2427 δόξης
2546 2355 2639 2409 τοῦ
2661 2353 2795 2409 Θεοῦ
2825 2353 3133 2424 γενόμενος,
3174 2350 3228 2403 τί
3260 2349 3389 2420 περὶ
3418 2348 3516 2418 τῆς
3538 2345 3697 2409 θείας

2117 2452 2302 2516 οὐσίας
2334 2450 2600 2521 ἐδήλωσεν
2653 2450 2820 2520 ἡμῖν;
2873 2447 2931 2510 ὃς
2979 2462 3043 2513 γε
3099 2445 3156 2498 ἐν
3182 2446 3247 2515 τῇ
3276 2442 3404 2514 περὶ
3448 2438 3692 2512 Χριστοῦ

2121 2541 2426 2615 προφητείᾳ
2466 2538 2891 2611 διαμαρτύρεται
2939 2536 3142 2605 λέγων’
3187 2533 3304 2602 Τὴν
3340 2532 3556 2602 γενεὰν
3580 2532 3695 2583 αὐ-⁵

2119 2634 2228 2689 τοῦ
2273 2634 2365 2700 τίς
2390 2631 2737 2701 διηγήσεται
2758 2646 2777 2693 ;
2799 2629 2874 2683 Τί
2914 2629 2971 2682 δὲ
2996 2629 3059 2681 τὸ
3096 2626 3285 2690 σκεῦος
3314 2625 3415 2696 τῆς
3462 2623 3697 2693 ἐκλογῆς

2122 2727 2353 2792 Παῦλος,
2388 2727 2417 2779 6
2444 2724 2706 2779 λαλοῦντα
2738 2724 2874 2796 ἔχων
2919 2724 2977 2777 ἐν
3016 2720 3196 2791 ἐαυτῷ
3237 2720 3328 2773 τὸν
3376 2719 3631 2791 Χριστὸν,
3663 2718 3697 2770 6

2123 2820 2227 2883 ἕως
2259 2819 2443 2890 τρίτου
2473 2817 2745 2889 ἅρπαγεὶς
2768 2812 3020 2886 οὐρανοῦ,
3048 2817 3076 2868 ό
3113 2812 3183 2867 τὰ
3213 2812 3428 2884 ἄρρητα
3454 2807 3699 2873 ἀκούσας

2127 2913 2368 2986 ῥήματα,
2411 2909 2448 2965 ἃ
2478 2911 2579 2964 οὐκ
2633 2908 2753 2976 ἐξὸν
2798 2907 3069 2979 ἀνθρώπῳ
3120 2906 3368 2976 λαλῆσαι,
3412 2905 3531 2958 τίνα
3562 2905 3700 2974 ἡμῖν

2126 3005 2256 3077 περὶ
2288 3003 2475 3067 οὐσίας
2505 3002 2638 3057 Θεοῦ
2663 3000 3007 3056 διδασκαλίαν
3039 3000 3280 3070 ἀφῆκεν;
3314 2999 3372 3063 ὅς
3406 3015 3470 3067 γε
3501 2997 3589 3050 ὅτε
3613 2999 3700 3060 εἰς

2127 3097 2254 3159 τοὺς
2305 3095 2562 3168 μερικούς
2593 3094 2696 3164 τῆς
2722 3091 3030 3163 οἰκονομίας
3072 3090 3293 3160 διέκυψε
3322 3089 3530 3159 λόγους,
3582 3082 3702 3141 οἷον

2131 3194 2435 3262 ἰλιγγιάσας
2472 3190 2607 3264 πρὸς
2637 3190 2698 3244 τὸ
2726 3182 2825 3261 τῆς
2851 3188 3082 3258 θεωρίας
3125 3185 3506 3252 ἀδιεξόδευτον,
3554 3180 3705 3234 ἐκεί-

2129 3302 2227 3356 νην
2270 3284 2525 3354 ἐξεϐόησε
2574 3283 2674 3355 τὴν
2727 3283 2942 3353 φωνήνο
2976 3275 3044 3333 Ὦ
3084 3277 3265 3352 βάθος
3298 3276 3565 3330 πλούτου
3596 3270 3703 3327 καὶ

2129 3377 2350 3447 σοφίας
2386 3376 2486 3429 καὶ
2522 3373 2796 3443 γνώσεως
2823 3373 2969 3429 Θεοῦ
2994 3389 3009 3403 ο
3042 3373 3124 3437 ὠς
3158 3368 3593 3438 ἁνεξερεύνητα
3626 3364 3706 3418 τὰ

2131 3469 2385 3537 κρίματα
2411 3466 2619 3530 αὑτοῦ,
2642 3465 2742 3521 καὶ
2764 3464 3211 3535 ἀνεξιχνίαστοι
3235 3467 3294 3515 αἱ
3321 3461 3447 3515 ὁδοὶ
3474 3456 3660 3513 αὐτοῦ
3680 3458 3705 3510 !

2132 3560 2196 3612 Εί
2220 3558 2278 3611 δὲ
2302 3558 2472 3612 ταῦτα
2504 3559 2614 3621 τοῖς
2644 3559 2724 3621 είς
2753 3555 2950 3627 τὸρτῆς
2980 3553 3193 3609 Παύλου
3225 3550 3476 3622 γνώσεως
3506 3549 3706 3621 μέτρον

2134 3650 2426 3721 ἐφθακόσιν
2455 3649 2739 3718 ἀνέφικτα,
2785 3648 2949 3711 πόσος
2978 3649 3007 3701 6
3035 3645 3205 3716 τῦφος
3235 3645 3342 3699 τῶν
3376 3642 3709 3712 ἐπαγγελλο-

2139 3745 2315 3815 μένων
2345 3741 2543 3797 είδέναι
2577 3740 2673 3795 τοῦ
2701 3738 2836 3794 Θεοῦ
2881 3739 2979 3811 τὴν
3009 3738 3233 3803 οὐσίαν;
3281 3735 3389 3800 Οὓς
3415 3736 3585 3805 ἡδέως
3636 3734 3707 3788 ἂν

2137 3835 2477 3906 ἐρωτήσαιμι
2519 3832 2651 3904 περ).
2681 3830 2779 3901 τῆς
2811 3829 2914 3900 γῆς
2938 3830 3023 3896 ἐφ’
3048 3824 3117 3901 ἦς
3149 3829 3356 3891 ἑστᾶσι,
3393 3828 3487 3880 καὶ
3518 3827 3611 3895 ἀφ’
3636 3820 3711 3896 ἦς

2136 3927 2412 3995 γεγόνασι,
2447 3925 2501 3978 τί
2552 3942 2684 3978 ποτε
2722 3925 2974 3994 λέγουσι;
3024 3924 3147 3977 τίνα
3185 3922 3353 3992 αὐτῆς
3380 3919 3480 3991 τὴν
3520 3917 3713 3971 οὐσίαν

2138 4017 2566 4087 ἀπαγγέλλουσιν
2608 4020 2779 4089 ήμῖν;
2819 4017 2928 4082 ἵνα,
2966 4015 3060 4070 ἐὰν
3097 4017 3207 4085 ἄρα
3236 4013 3363 4084 περὶ
3399 4011 3507 4064 τῶν
3532 4011 3715 4081 χαμαὶ

2141 4113 2233 4165 καὶ
2258 4111 2363 4164 ὑπὸ
2387 4113 2499 4174 τοῖς
2537 4111 2663 4165 ποσὶ
2697 4109 2959 4179 κειμένων
2987 4107 3395 4178 ἀναντιρῤήτως
3427 4106 3557 4175 ἡμῖν
3578 4102 3718 4154 δια-ι-

2139 4202 2392 4274 λεχθῶσι,
2437 4202 2557 4254 τότε
2597 4202 2780 4264 αὐτοῖς
2809 4198 2900 4253 καὶ
2945 4196 3073 4268 περὶ
3105 4196 3212 4249 τῶν
3247 4194 3502 4247 ἐπέκεινα
3530 4190 3717 4259 πάσης
3812 4240 3820 4247 .

2143 4295 2353 4359 ἐννοίας
2384 4292 2802 4364 διατεινομένοις
2826 4288 3222 4357 πιστεύσωμεν.
3249 4287 3344 4349 Τίς
3362 4280 3454 4339 οὖν
3484 4276 3718 4354 τῆς“γῆς

2144 4388 2178 4459 ἡ
2212 4386 2402 4451 οὐσία;
2431 4387 2582 4448 ποῖος
2614 4383 2813 4455 τρόπος
2845 4382 2943 4453 τῆς
2968 4378 3347 4450 καταλήψεως
3394 4373 3717 4445 Ἀποκρινάἀ

469 4484 634 4538 deant
660 4483 818 4538 nobis
840 4493 1019 4538 utrum
1047 4498 1168 4538 eam
1193 4484 1330 4538 ratio
1355 4494 1695 4554 assequatur,
1719 4501 1785 4539 an
1815 4493 2021 4555 sensus;

2148 4479 2359 4532 σθωσαν
2394 4479 2546 4548 ἡμῖν,
2592 4475 2823 4546 πότερον
2859 4472 3017 4541 λόγος
3062 4472 3278 4541 ἐφίκετο
3310 4469 3533 4540 ταύτης,
3564 4467 3598 4537 ἢ
3631 4466 3717 4520 ατ·-

468 4572 566 4627 sed
590 4575 633 4628 si
666 4588 887 4629 sensum
932 4574 1134 4642 dicent,
1161 4589 1270 4643 quo
1291 4590 1451 4631 sensu
1487 4585 1663 4646 potest
1689 4579 2045 4647 comprehen-

471 4664 564 4717 di?
611 4661 846 4718 Visune?
899 4664 968 4718 At
998 4665 1089 4719 hic
1120 4664 1330 4721 colores
1364 4667 1613 4736 percipit.
1648 4667 1731 4720 An
1770 4668 1954 4721 tactu?
1978 4668 2047 4720 At

471 4752 562 4807 hic
588 4753 843 4807 duritiem
873 4763 930 4808 et
972 4754 1271 4819 mollitiem,
1312 4757 1544 4829 calidum
1575 4765 1630 4810 et
1687 4755 1964 4825 frigidum,
1993 4765 2047 4810 et

473 4845 581 4901 alia
622 4845 929 4912 huiusmodi
978 4846 1238 4901 discernit
1267 4867 1281 4902 :
1306 4863 1533 4917 quorum
1563 4848 1696 4902 nihil
1729 4848 1890 4913 ullus,
1940 4848 2044 4902 nisi

472 4937 528 4992 in
551 4952 819 4992 summam
862 4936 1188 4992 dementiam
1239 4937 1439 5006 lapsus,
1489 4938 1847 4992 substantiam
1895 4938 2046 4992 dixe-

474 5028 566 5083 rit.
618 5026 691 5082 De
723 5039 880 5097 gustu
927 5040 1078 5091 vero,
1113 5027 1286 5097 deque
1323 5026 1523 5082 olfactu
1570 5029 1702 5097 quid
1735 5029 1927 5081 attinet
1959 5027 2044 5080 di-

474 5117 637 5173 cere?
668 5132 898 5187 quorum
940 5117 1078 5174 alter
1108 5133 1347 5189 sapores,
1376 5117 1514 5171 alter
1546 5103 1770 5187 vapores
1809 5117 2044 5185 attingit.

2143 4570 2366 4641 σθησις;
2396 4569 2490 4621 καὶ
2531 4571 2579 4621 εἰ
2612 4568 2707 4637 μὲν
2739 4565 2839 4637 τὴν
2865 4562 3116 4633 αἴσθησιν
3158 4563 3411 4632 φήσουσι,
3443 4558 3571 4629 ποίᾳ
3605 4555 3717 4609 τῶν

2140 4656 2444 4729 αἰσθήσεών
2464 4659 2581 4710 ἐστι
2611 4653 2932 4726 καταληπτή
2957 4669 2972 4719 ;
3007 4651 3260 4723 Ὀράσει;
3300 4648 3459 4701 Ἀ).λά
3486 4644 3721 4717 χρωμά-

2140 4766 2247 4803 των
2293 4748 2439 4801 ἐστὶν
2472 4745 2830 4817 ἀντιληπτικὴ
2858 4744 3017 4815 αὐτη.
3064 4742 3202 4797 Ἀλλ’
3247 4741 3401 4810 ἀφῇς
3435 4739 3543 4791 Καὶ
3575 4736 3723 4807 αῦτη

2152 4840 2263 4911 (81)
2312 4838 2674 4910 σκληρότητος
2703 4837 2799 4890 καὶ
2850 4836 3206 4906 ἀπαλότητος,
3239 4833 3334 4887 καὶ
3393 4827 3595 4901 θερμοῦ
3624 4829 3728 4881 καὶ

2148 4930 2374 5002 ψυχροῦ,
2413 4930 2506 4984 καὶ
2537 4928 2646 4983 τῶν
2683 4928 2938 4982 τοιούτων
2962 4927 3083 4990 ,ἐστὶ
3108 4923 3435 4996 διακριτικὴ,
3463 4915 3538 4975 ὧν
3565 4919 3733 4973 οὐδὲν

2149 5025 2213 5079 ἄν
2241 5040 2323 5087 τις
2358 5022 2544 5076 οὐσίαν
2585 5020 2750 5085 εἴποι,
2800 5020 2874 5092 μὴ
2918 5020 2999 5083 είς
3029 5018 3252 5088 ἔσχατον
3296 5013 3590 5087 παρανοίας
3617 5013 3733 5063 ὑπ·-

2150 5114 2406 5186 ενεχθείς.
2445 5115 2580 5184 Περῖ⁹
2605 5114 2846 5182 γεύσεως
2869 5112 2926 5164 δὲ
2949 5109 3378 5181 καὶκὸσφρήσεως
3408 5106 3461 5159 τί
3489 5103 3592 5177 χρὴ
3627 5103 3732 5159 καὶ

486 5383 491 5388 _
557 5308 604 5340 "
637 5304 741 5362 lsa.
770 5324 879 5376 xxv,
915 5310 1004 5365 15.
1078 5311 1123 5343 ⁷⁸
1154 5309 1297 5366 Psal.
1328 5324 1596 5378 cxxxvru,
1626 5308 1682 5365 6.
1758 5311 1803 5344 "
1829 5311 1933 5367 lsa.
1969 5325 2090 5375 Litt,
2121 5308 2175 5365 8.
2249 5307 2295 5338 "
2317 5306 2475 5361 Rom.
2508 5322 2586 5372 ιι,
2618 5304 2707 5360 53.

552 5462 669 5536 (78)
704 5461 855 5536 Colb.
881 5458 1029 5536 *ᾼρα
1052 5465 1124 5536 ἐκ
1140 5467 1238 5535 τῆς
1260 5466 1444 5536 κοινῆς
1466 5461 1688 5530 ούσίας;
1729 5464 1809 5520 Αη
1831 5480 1894 5520 ex
1916 5481 2052 5520 com-

481 5535 629 5585 muni
665 5534 928 5586 essentia?
963 5534 1120 5586 Male.

549 5600 661 5686 £79)
692 5601 821 5686 Reg.
852 5605 1043 5686 tertius
1070 5603 1300 5676 ἐδήλωσε
1326 5605 1573 5676 φανερῶς
1600 5608 1628 5660 6
1657 5605 1812 5671 Θεὸς,
1857 5603 2051 5676 ὁμολο-

480 5683 588 5739 γει,
620 5687 721 5723 ιιοη
754 5684 823 5723 ita
851 5684 1017 5727 recte.

557 5738 668 5810 (80)
712 5740 859 5797 Libri
894 5753 1103 5799 veteres
1132 5743 1166 5813 ἡ
1193 5742 1413 5811 γνῶσις.
1441 5743 1719 5801 Articulus
1743 5744 1795 5800 in
1828 5738 2043 5803 excusis

2160 5462 2519 5518 desideratur.
2552 5460 2746 5517 Statim
2767 5460 2821 5515 in
2844 5468 3075 5528 quatuor
3101 5471 3233 5512 mss.
3268 5452 3530 5528 reperitur
3559 5449 3737 5528 intrrf

2158 5534 2458 5640 rogagionis
2488 5544 2613 5587 nota
2650 5539 2771 5601 post
2821 5522 3006 5587 vocem
3030 5529 3234 5599 αὐτήν;
3276 5522 3421 5579 Nam
3444 5525 3637 5593 κροκι-ο
3659 5522 3736 5573 ad

2155 5619 2269 5656 eam
2296 5645 2308 5656 .

2227 5672 2338 5742 (8t)
2374 5669 2514 5724 Edili
2557 5669 2717 5742 Ἀλλά
2764 5670 2918 5742 ἀφῇς
2980 5669 3091 5725 Καὶ
3132 5667 3296 5738 αὐτή.
3335 5665 3405 5721 At
3450 5675 3585 5720 mss.
3624 5658 3737 5719 duo

2140 5742 2303 5829 ⁵Ἀλλ’
2321 5740 2484 5813 ⁷ἀφῇ;
2513 5742 2606 5796 καὶ
2630 5740 2787 5812 αὕτη.
