4016 6220
341 340 439 398 5H

1430 342 1799 402 ADVERSUS
1835 344 2202 403 EUNOMIUM
2242 345 2371 403 LIB.
2410 343 2456 403 1.

3485 350 3590 406 διε

335 455 512 525 λέγειν
536 473 552 523 ;
589 451 716 529 ὧνὴ
750 455 846 529 μὲν
868 458 1078 530 χυμῶν,
1114 462 1146 529 ἡ
1171 461 1228 514 δὲ
1258 460 1422 532 ἑτέρα
1453 462 1563 516 τῶν
1594 464 1782 535 ἀτμῶν
1804 465 1899 535 τὴν

2007 464 2243 519 Auditus
2293 464 2527 533 denique
2561 476 2747 541 'sonos
2800 462 3033 534 percipit
3066 472 3123 520 et
3173 479 3358 534 voces,
3390 467 3590 537 quibus

333 548 615 620 ἀντίληψιν
648 549 779 621 ἔχει.
817 551 976 623 Ἀκοὴ
1005 551 1062 605 δὲ
1102 552 1290 623 ψόφων
1323 555 1439 607 ἐστὶ
1470 556 1565 608 καὶ
1596 556 1791 624 φωνῶν
1822 557 1907 609 ati-

335 638 588 713 σθητικὴ,
622 640 729 694 τῶν
761 642 1016 713 οὐδεμίαν
1040 643 1270 713 ἐχόντων
1296 645 1432 718 πρὸς
1461 645 1558 718 τὴν
1583 647 1688 719 γῆν
1720 649 1909 701 οἰκειό-

332 748 488 804 τητα.
515 732 774 786 Λείπεται
806 728 899 787 οὖν
943 732 1021 805 τῷ
1047 733 1191 807 λόγῳ
1217 737 1445 806 φάσκειν
1471 739 1667 803 αὐτοὺς
1688 739 1787 812 τὴν
1816 740 1908 793 ού-

334 822 452 878 σίαν
492 824 662 894 αὐτῆς
689 825 1000 897 εὑρηκέναι.
1035 827 1181 899 Ποίῳ
1235 829 1445 902 τούτῳ;
1486 831 1589 884 ποῦ
1638 832 1737 903 τῆς
1766 833 1906 904 Γρα-

333 915 438 986 φῆς
464 916 737 987 κειμένῳ;
767 918 871 971 ύπὸ
896 918 1040 984 τίνος
1071 921 1181 975 τῶν
1207 922 1375 991 ἁγίων
1399 924 1756 994 παραδοθέντι
1783 941 1797 990 ;

405 1008 491 1061 13.
532 1009 587 1062 Ὀ
620 1008 717 1080 μέν
748 1025 813 1079 γε
847 1012 975 1083 περὶ
998 1012 1099 1084 τῆς
1135 1015 1365 1080 κτίσεως
1411 1019 1544 1088 ἡμῖν
1581 1016 1904 1088 διαλεχθεὶς,

330 1101 580 1156 τοσοῦτον
621 1104 767 1174 ἡμᾶς
796 1103 1052 1172 ἐδίδαξεν,
1084 1107 1165 1160 ὅτι
1208 1106 1310 1162 Ἐν
1339 1109 1497 1178 ἀρχῆ
1545 1109 1837 1178 ἐποίησεν
1868 1114 1902 1165 ὀ

332 1196 477 1263 Θεὸς
489 1197 597 1251 τὸν
627 1198 888 1267 οὐρανὸν
916 1200 1014 1253 καὶ
1030 1198 1147 1269 τὴν
1165 1200 1302 1270 τῆνο
1325 1201 1362 1269 ἡ
1384 1201 1452 1254 δὲ
1468 1202 1544 1271 γῆ
1564 1202 1645 1272 ἦν
1658 1204 1909 1273 ἀόρατος

330 1290 430 1343 καὶ
454 1291 989 1359 ἀκατασκεύαστος
1014 1310 1026 1323 ·
1047 1293 1300 1364 ἐξαρκεῖν
1322 1293 1629 1364 ἡγούμενος
1644 1295 1734 1349 τὸν
1757 1298 1910 1368 ποιή-

334 1399 500 1436 σαντα
529 1383 695 1455 αὐτὴν
716 1385 809 1437 καὶ
838 1385 1280 1458 διακοσμήσαντα
1310 1387 1647 1457 διαγγεῖλαι·
1677 1389 1760 1452 τίς
1793 1389 1906 1462 δὲή

329 1474 487 1528 οὐσία
506 1474 709 1545 ταύτης
728 1477 1202 1546 περιεργάζεσθαι,
1229 1479 1305 1542 ὡς
1333 1480 1556 1551 μάταιον
1578 1481 1671 1534 καὶ
1697 1482 1909 1552 ἀνωφε-

330 1565 420 1630 λὲς
451 1570 562 1631 τοῖς
590 1568 846 1623 ἀκούουσι
872 1572 1247 1642 παρῃτήσατο.
1276 1573 1340 1625 Ei.
1368 1572 1548 1627 τοίνυν
1575 1575 1712 1646 μήτε
1751 1579 1815 1646 τῇ
1844 1577 1907 1629 ἐκ

327 1658 426 1728 τῆς
455 1659 758 1730 αἰσθήσεως
799 1661 1094 1732 μαρτυρίᾳ,
1138 1663 1275 1734 μήτε
1318 1666 1383 1735 τῇ
1421 1667 1484 1718 ὲκ
1514 1664 1607 1718 τοῦ
1639 1665 1797 1735 λόγου
1830 1667 1907 1720 δι-

326 1748 666 1822 δασκαλίᾳ,ἡ
701 1750 903 1820 γνῶσις
935 1753 1105 1824 αὐτῆς
1131 1753 1460 1823 βεϐαιοῦται,
1493 1755 1655 1810 πόθεν
1689 1756 1768 1810 ἔτι
1799 1760 1903 1830 φή-

2010 556 2147 611 nihil
2180 563 2265 611 est
2299 553 2580 610 afﬁnitatis
2606 570 2730 610 cum
2760 565 2924 612 terra.
2964 556 3249 628 Reliquum
3287 559 3455 631 igitur
3483 569 3589 625 est,

2010 658 2068 701 ut
2098 663 2353 704 sermone
2402 647 2682 704 invenisse
2729 664 2788 705 se
2814 650 2932 720 ejus
2961 650 3321 705 substantiam
3375 651 3586 707 dicant.

2007 738 2127 805 Quo
2165 740 2433 795 tandem?
2462 750 2518 795 et
2548 756 2656 811 quo
2694 740 2812 797 loco
2854 739 3153 810 Scriptura:
3188 742 3367 800 editus
3410 744 3587 799 est?a

2008 847 2116 902 quo
2144 842 2455 889 sanctorum
2482 835 2752 891 traditus?

2080 1014 2170 1069 1'5.
2208 1012 2372 1071 Certe
2398 1016 2464 1069 de
2495 1015 2770 1070 creatione
2807 1015 2896 1084 qui
2930 1016 3202 1083 disseruit,
3254 1024 3461 1073 tantum
3488 1019 3585 1074 do-
3634 1058 3640 1063 -

2008 1107 2121 1163 cuit
2166 1122 2287 1173 nos,
2325 1107 2492 1161 Deum
2546 1108 2598 1161 in
2629 1108 2894 1177 principio
2930 1106 3123 1163 fecisse
3170 1107 3365 1163 ccclqu
3403 1121 3453 1164 et
3478 1120 3587 1165 ter<

2010 1214 2149 1263 ram,
2193 1209 2358 1269 atque
2410 1208 2610 1254 terram
2676 1199 2847 1255 fuisse
2887 1200 3210 1256 invisibilem
3260 1210 3317 1256 et
3365 1200 3585 1256 inorna-

2011 1298 2119 1343 tam
2140 1286 2222 1357 ἠς
2252 1276 2408 1343 satis
2455 1288 2560 1344 sibi
2591 1303 2714 1343 esse
2762 1299 2935 1354 ratus,
2975 1304 3098 1344 enm
3128 1291 3217 1360 qui
3265 1292 3404 1345 hanc
3456 1291 3586 1346 fecit

2008 1384 2172 1450 atque
2217 1380 2523 1445 exornavit,
2575 1382 2875 1450 praedicare
2931 1400 2945 1437 :
2996 1397 3117 1452 qua:
3144 1397 3272 1438 vero
3313 1383 3429 1454 ejus
3456 1384 3585 1439 sub-

2009 1476 2210 1529 stantia
2267 1476 2427 1539 forct,
2482 1482 2739 1544 tanquam
2767 1476 2812 1529 si
2846 1473 3037 1530 fuisset
3088 1475 3342 1544 quiddam
3386 1490 3582 1530 vanum

2006 1577 2062 1623 et
2091 1567 2440 1623 audientibus
2481 1567 2692 1632 inutile,
2718 1568 2891 1621 noluit
2918 1568 3192 1622 curiosius
3229 1568 3581 1637 investigare.

2008 1662 2195 1734 Itaque
2236 1664 2280 1718 si
2320 1678 2496 1733 neque
2525 1678 2592 1718 ex
2636 1678 2893 1720 sensuum
2946 1664 3278 1731 testimonio,
3313 1679 3488 1734 neque
3515 1678 3583 1719 ex

2007 1754 2573 1834 sermonis‘doctrina,
2604 1755 2841 1826 cognitio
2872 1754 2992 1823 ejus
3031 1764 3263 1822 constat,
3303 1756 3447 1811 unde
3472 1757 3582 1825 jam

329 1857 481 1894 σουσι
509 1843 608 1913 τὴν
639 1843 944 1916 κατάληψιν
981 1846 1152 1917 αὐτῆς
1191 1847 1513 1920 ὲσχηκέναι;
1553 1848 1626 1902 Τὸ
1663 1824 1899 1921 μὲν

2002 1846 2187 1902 dicent
2217 1824 2758 1917 comprehensionem
2797 1847 2967 1917 ipsius
3012 1848 3239 1918 adeptos
3267 1848 3424 1904 esse?
3448 1824 3582 1903 Nam

323 1932 446 1986 ὅσον
482 1936 651 2003 αὐτῆς
671 1936 946 2008 αἰσθητὸν,
978 1938 1010 2008 ἢ
1057 1938 1257 2011 χρῶμά
1282 1941 1450 2004 ἐστιν,
1484 1941 1516 2010 ἢ
1542 1941 1725 2010 ὄγκος,
1747 1942 1780 2015 ἢ
1806 1942 1902 2013 βά-

327 2042 437 2096 ρος,
468 2025 501 2098 ἢ
537 2027 827 2098 κουφότης,
876 2028 908 2101 ἢ
940 2030 1235 2102 πυκνότης,
1286 2030 1319 2102 ἢ
1353 2033 1642 2105 χαυνότης,
1674 2035 1708 2107 ἢ
1752 2036 1902 2089 ἀντι-

323 2119 510 2184 τυπία,
557 2119 590 2191 ἢ
622 2120 917 2192 ἁπαλότης,
946 2122 977 2192 ἢ
1010 2122 1304 2195 ψυχρότης,
1351 2125 1384 2195 ἢ
1422 2125 1712 2197 θερμότης,
1767 2127 1800 2198 ἢ
1843 2129 1900 2181 ai

324 2209 465 2265 κατά
495 2210 622 2274 τοὺς
647 2211 854 2281 χυμοὺς
880 2211 1186 2284 ποιότητες,
1226 2214 1260 2286 ἢ
1294 2217 1346 2269 αί
1378 2217 1522 2269 κατὰ
1552 2217 1737 2289 σχῆμα
1781 2219 1900 2271 δια-

322 2302 486 2373 φοραί
519 2300 628 2374 (82)
651 2323 663 2335 ·
707 2298 782 2357 ὧν
817 2303 968 2359 οὐδὲν
998 2304 1064 2359 ἂν
1089 2306 1278 2360 οὐσίαν
1322 2308 1526 2362 εἴποιεν
1570 2304 1736 2375 οὗτοι,
1778 2298 1901 2363 οὐδὲ

321 2396 371 2447 εί
399 2394 575 2449 πάντα
613 2395 810 2467 ῥᾳδίως
835 2396 1063 2466 λέγοιεν.
1099 2399 1258 2469 Λόγῳ
1292 2399 1349 2453 δὲ
1393 2401 1556 2454 πάλιν
1600 2401 1774 2456 οὐδενὶ
1806 2402 1901 2470 γέ-

320 2501 442 2554 γονε
496 2484 742 2560 θεωρητὴ
786 2488 895 2543 τῶν
950 2489 1128 2558 σοφῶν
1182 2491 1276 2544 καὶ
1319 2493 1606 2564 μακαρίων
1650 2494 1858 2565 ἀνδρῶν
1883 2510 1901 2530 ε

320 2579 472 2642 ποῖος
494 2573 586 2631 οὖν
614 2578 694 2631 ἔτι
729 2579 928 2650 τρόπος
966 2581 1067 2651 τῆς
1100 2580 1353 2650 γνώσεως
1381 2583 1730 2638 ὑπολείπεται
1753 2587 1897 2657 (85);

332 2671 844 2743 Ἀποκρινάσθωσαν
878 2675 1007 2744 ἡμῖν
1035 2676 1084 2727 οἱ
1106 2675 1558 2746 περιφρονοῦντες
1593 2678 1692 2749 μὲν
1724 2679 1901 2733 πάντα

320 2762 389 2815 τὰ
416 2764 475 2815 ὲν
522 2764 668 2829 ποσὶ,
708 2763 1080 2830 διαϐαίνοντες
1121 2766 1180 2819 δὲ
1202 2767 1294 2819 τὸν
1320 2768 1568 2839 οὐρανὸν,
1602 2770 1696 2823 καὶ
1719 2771 1901 2835 πάσας

320 2853 419 2918 τὰς
444 2855 846 2928 ὑπερκοσμίους
874 2856 1153 2929 δυνάμεις,
1180 2859 1315 2930 αὐτῇ
1344 2859 1401 2913 δὲ
1432 2862 1498 2932 τῇ
1532 2859 1725 2934 πρώτῃ
1744 2861 1901 2934 οὐσίᾳ

318 2946 407 3001 διὰ
439 2948 532 3002 τοῦ
557 2949 648 3003 νοῦ
684 2950 1102 3022 συναπτόμενοι.
1139 2952 1278 3006 Ἀλλ’
1299 2952 1473 3006 ἔοικεν
1500 2956 1528 3008 ό
1555 2954 1723 3023 τῦφος
1760 2955 1898 3009 πάνε

318 3057 426 3093 των
459 3036 598 3096 εἶναι
643 3042 751 3096 τῶν
780 3045 837 3096 ὲν
880 3043 1187 3114 ἀνθρώποις
1225 3045 1414 3100 παθῶν
1444 3046 1555 3118 (84)
1583 3042 1901 3117 χαλεπώτα-

316 3149 430 3199 τον,
468 3136 563 3189 καὶ
594 3135 762 3200 ὅντως
804 3136 883 3208 τῷ
920 3138 1014 3191 τοῦ
1062 3138 1329 3193 διαϐόλου
1354 3138 1584 3211 κρίματι
1634 3139 1899 3213 περιϐάλ-

318 3223 452 3288 λειν,
490 3220 571 3291 οἷς
609 3224 675 3279 ἂν
704 3226 1073 3299 προσγένηται
1102 3227 1235 3301 (85).
1270 3228 1433 3282 Ὅθεν
1480 3229 1575 3282 καὶ
1606 3223 1750 3283 οὗτοι
1778 3225 1900 3282 οὐδὲ

317 3315 419 3386 τῆς
450 3316 573 3388 γῆς,
630 3319 697 3391 ἣν
750 3320 1147 3385 καταπατοῢσι,
1180 3319 1279 3389 τὴν
1331 3320 1514 3389 φύσιν,
1565 3321 1685 3392 ἣτις
1730 3321 1897 3389 ἐστὶν,

317 3407 691 3478 ἐπιστάμενοι,
726 3409 896 3481 αὐτὴν
926 3409 1250 3481 ἐμϐατεύειν
1287 3411 1386 3482 τὴν
1413 3411 1600 3467 οὐσίαν
1634 3410 1728 3465 τοῦ
1762 3411 1898 3465 Θεοῦ

317 3500 424 3553 τῶν
471 3500 608 3554 ὅλων
643 3500 1057 3565 ἀλαζονεύονται
1085 3502 1218 3575 (86).
1253 3504 1365 3557 Καὶ
1413 3506 1527 3567 τοῖς
1579 3504 1676 3576 μὲν
1724 3504 1899 3575 ἁγίοις

317 3592 482 3646 αὐτοῦ
510 3596 539 3647 ὁ
570 3594 724 3658 Θεὸς,
772 3594 852 3666 τῷ
895 3594 1146 3668 Ἀϐραὰμ
1193 3595 1290 3650 καὶ
1342 3594 1419 3667 τῷ
1459 3594 1641 3650 Ἰσαὰκ
1673 3598 1767 3650 καὶ
1820 3596 1899 3667 τῷ

327 3683 543 3750 Ἰακὼϐ,
577 3679 674 3751 ὧν,
698 3685 787 3740 διὰ
815 3686 877 3740 τὸ
903 3688 985 3751 είς
1021 3688 1202 3741 πᾶσαν
1251 3686 1451 3759 ἀρετὴν
1476 3688 1669 3753 τελεῖν,
1718 3690 1814 3743 καὶ
1836 3687 1899 3742 τὸ

315 3775 448 3840 Θεὸς
502 3776 881 3848 ὀνομάζεσθαι,
916 3777 992 3842 ὣς
1042 3796 1095 3832 τι
1155 3778 1436 3851 ἐξαίρετον
1468 3781 1563 3833 καὶ
1592 3780 1801 3852 πρέπον
1830 3783 1895 3852 τῇ

313 3866 507 3920 ἑαυτοῦ
533 3869 935 3941 μεγαλειότητι,
967 3871 1324 3943 προετίμησε,
1350 3871 1523 3939 λέγων
1550 3872 1740 3926 ἑαυτὸν
1765 3871 1897 3927 Θεὸν

327 3954 597 4028 Ἀϐραὰμ,
634 3959 728 4012 καὶ
756 3959 889 4013 Θεὸν
932 3960 1140 4026 Ἰσαὰκ,
1166 3963 1260 4015 καὶ
1279 3962 1413 4015 Θεὸν
1453 3961 1647 4016 Ἰακώϐ
1665 3978 1678 3991 ·
1715 3962 1896 4017 Τοῦτο

313 4047 426 4116 γάρ
440 4051 558 4118 μού
585 4051 757 4106 ἐστιν
786 4050 898 4123 (87)
930 4052 1116 4123 ὄνομα
1148 4053 1406 4122 αίώνιον,
1434 4055 1587 4129 φησι,
1618 4055 1717 4109 καὶ
1744 4071 1896 4124 μνη-

309 4140 586 4207 μόσυνον
630 4142 850 4212 γενεῶν
899 4145 1153 4214 γενεαῖς.
1189 4145 1411 4210 Τούτοις
1455 4147 1634 4201 τοίνυν
1685 4147 1804 4200 οὐδὲ
1834 4146 1896 4200 τὸ

315 4230 484 4302 ὄνομα
509 4235 702 4288 ἑαυτοῦ
729 4236 998 4308 ἐδήλωσεν
1037 4241 1065 4292 ὀ
1098 4238 1252 4304 Θεὸς,
1279 4239 1421 4310 ἦπου
1462 4256 1526 4307 γε
1558 4238 1658 4311 τὴν
1706 4238 1894 4312 ούσίαν

314 4322 436 4391 ἥτις
484 4323 634 4377 ἐστὶν
666 4325 1038 4397 ἀπεκάλυψεν.
1085 4327 1234 4396 Ἐγὼ
1281 4328 1414 4396 γὰρ,
1451 4327 1606 4397 φησι,
1639 4327 1890 4393 Κύριος·

313 4412 414 4465 καὶ
458 4411 664 4481 ὤφθην
704 4416 854 4483 πρὸς
899 4417 1150 4486 Ἀϐραὰμ
1196 4417 1331 4488 (88),
1375 4417 1474 4471 καὶ
1537 4416 1754 4479 Ἰσαὰκ,
1795 4413 1892 4469 καὶ
1935 4470 1937 4473 ,

2000 1941 2143 2008 quod
2175 1940 2228 1993 in
2262 1955 2324 1995 ea
2369 1938 2628 1996 sensibile
2664 1947 2770 2004 est,
2805 1949 2901 1993 aut
2929 1938 3080 1995 color
3108 1949 3211 2007 est,
3259 1947 3352 1994 aut
3391 1939 3583 2007 moles,

2000 2039 2094 2084 aut
2122 2030 2387 2099 gravitas,
2421 2041 2515 2084 aut
2540 2030 2758 2092 levitas,
2807 2038 2901 2084 aut
2940 2030 3208 2094 densitas,
3237 2040 3333 2086 aut
3364 2030 3581 2095 raritas,

2000 2131 2093 2177 aut
2124 2122 2370 2189 durities,
2419 2133 2514 2177 aut
2562 2122 2848 2190 mollities,
2885 2131 2979 2177 aut
3014 2123 3306 2192 frigiditas,
3337 2133 3431 2177 aut
3453 2123 3583 2178 cali-

1999 2215 2162 2281 ditas,
2187 2225 2281 2270 aut
2321 2216 2611 2271 humorum
2648 2214 2964 2283 qualitates,
2995 2224 3091 2269 aut
3140 2216 3322 2285 ﬁgura:
3348 2216 3581 2273 diversi-

2001 2316 2124 2362 tas:
2152 2323 2382 2378 quorum
2416 2308 2469 2363 bi
2504 2308 2637 2362 nihil
2661 2308 2896 2363 dixerint
2930 2307 3318 2373 substantiam,
3364 2308 3581 2362 etiamsi

1998 2398 2181 2452 omnia
2228 2397 2390 2453 facile
2435 2396 2652 2453 soleant
2700 2397 2987 2451 afﬁrmare.
3030 2396 3242 2451 Rursus
3281 2396 3429 2451 nullo
3465 2412 3582 2451 ser-

1999 2506 2158 2546 mone
2184 2491 2511 2561 sapientium
2548 2490 2786 2544 virorum
2815 2498 2976 2559 atque
3009 2489 3294 2544 beatorum
3328 2498 3580 2559 percepta

1998 2592 2101 2639 est.
2137 2581 2269 2648 Quis
2298 2583 2463 2652 igitur
2488 2580 2601 2650 jam
2632 2589 2879 2651 superest
2927 2580 3117 2635 modus
3147 2581 3582 2649 comprehensio-

2000 2675 2126 2730 nis?
2169 2674 2547 2744 Respondeant
2579 2673 2734 2728 nobis
2765 2672 2857 2740 qui
2899 2680 3092 2728 cuncta
3124 2688 3246 2744 quae
3284 2675 3384 2729 sub
3427 2672 3581 2743 pedi-

1998 2765 2100 2821 bus
2128 2773 2275 2829 sunt,
2305 2764 2612 2835 despiciunt
2650 2781 2664 2817 :
2693 2763 2890 2818 coelum
2921 2778 3049 2820 vero
3081 2773 3137 2819 et
3163 2764 3435 2834 quaslibet
3466 2779 3582 2821 cte-

1998 2859 2162 2915 lestcs
2212 2867 2510 2929 potestates
2556 2856 2962 2920 transcendunt,
3012 2870 3075 2909 ac
3110 2855 3208 2926 ipsi
3243 2856 3428 2925 primae
3449 2857 3581 2911 sub-

1998 2951 2215 3008 stantia:
2240 2960 2419 3006 mente
2443 2949 2871 3019 conjunguutur.
2903 2946 3007 3003 Sed
3040 2949 3249 3002 videtur
3273 2948 3582 3018 arrogantia

1999 3046 2240 3100 omnium
2304 3045 2665 3097 humanorum
2711 3041 2966 3095 vitiorum
2996 3039 3377 3110 gravissimum
3438 3054 3578 3103 esse.

2001 3146 2056 3192 et
2077 3136 2274 3206 quibus
2313 3136 2475 3200 inest,
2516 3150 2612 3190 eos
2649 3149 2778 3190 vere
2800 3133 2999 3189 diaboli
3026 3133 3255 3188 crimine
3292 3132 3580 3202 implicari.

2007 3230 2157 3286 Unde
2176 3230 2338 3285 etiam
2369 3229 2446 3295 bi‘,
2483 3243 2552 3283 ne
2580 3237 2864 3283 noscentes
2889 3227 3103 3297 quidem
3133 3226 3308 3296 qualis
3323 3227 3393 3281 sit
3424 3235 3581 3282 terra:

2000 3337 2164 3398 quam
2198 3322 2411 3378 calcant
2441 3332 2657 3386 natura,
2700 3321 2870 3390 ipsam
2905 3319 2999 3374 Dei
3043 3321 3421 3375 universorum
3452 3314 3581 3376 sub?

2000 3415 2259 3472 stantiam
2317 3415 2470 3470 adire
2530 3427 2589 3469 se
2621 3420 2939 3483 arroganter
2985 3421 3259 3469 asserunt.
3315 3412 3383 3466 Et
3438 3412 3581 3467 Deus

2000 3509 2205 3564 sanctis
2242 3507 2460 3578 quidem
2507 3507 2642 3573 suis,
2689 3506 2966 3560 Abraham
3014 3513 3072 3558 et
3104 3502 3255 3558 Isaac
3293 3512 3348 3559 et
3388 3500 3580 3566 Iacob,

1999 3614 2252 3667 quorum,
2286 3600 2356 3655 ob
2396 3599 2563 3653 totius
2582 3598 2804 3653 virtutis
2830 3595 3247 3668 perfectionem,
3279 3597 3437 3666 quasi
3475 3595 3580 3650 hoc

2001 3689 2195 3746 fuisset
2228 3691 2560 3761 prmeipuum
2605 3690 2859 3759 quiddam
2896 3704 2961 3744 ac
2987 3687 3251 3756 majestati
3300 3702 3413 3743 sua:
3446 3702 3579 3743 con-

1999 3782 2248 3848 veniens,
2283 3784 2425 3839 Deus
2467 3784 2629 3839 etiam
2666 3781 2935 3837 nominari
2984 3781 3174 3847 voluit,
3208 3780 3374 3836 Deum
3403 3780 3578 3835 Abra-

1999 3874 2122 3929 ham
2145 3875 2380 3946 seipsum
2415 3873 2712 3944 appellans,
2737 3885 2792 3928 et
2823 3874 2988 3928 Deum
3019 3872 3192 3939 Isaac,
3225 3883 3278 3926 et
3299 3874 3463 3927 Deum
3485 3870 3574 3926 Ja-

1997 3967 2099 4022 cob
2128 3986 2142 4020 :
2181 3964 2301 4021 Hoc
2331 3968 2470 4020 enim
2499 3985 2684 4023 nomen
2715 3984 2887 4022 meum
2925 3976 3002 4020 est
3046 3977 3317 4029 wternum,
3371 3960 3574 4033 inquit,

1996 4067 2046 4111 et
2105 4058 2411 4115 memoriale
2461 4062 2857 4130 generationem
2901 4058 3323 4130 generationibus
3351 4055 3421 4110 ⁷⁵.
3455 4055 3576 4136 _His

1997 4147 2162 4216 igitur
2192 4165 2260 4204 ne
2283 4166 2438 4206 suum
2475 4153 2694 4221 quidem
2730 4166 2926 4207 nomen
2967 4149 3261 4204 declaravit
3298 4147 3456 4211 Deus,
3488 4162 3577 4202 nco

1995 4243 2121 4294 dum
2153 4256 2272 4310 quae
2327 4241 2400 4296 sit
2455 4257 2551 4296 sua
2596 4242 2767 4310 ipsius
2800 4240 3062 4305 essentia,
3126 4239 3405 4294 revelarit.
3460 4236 3576 4307 Ego

1994 4333 2153 4398 enim,
2225 4332 2400 4401 inquit
2449 4332 2706 4388 Dominus
2736 4348 2754 4386 :
2783 4345 2830 4387 et
2890 4334 3031 4386 visus
3061 4346 3178 4384 sum
3208 4328 3483 4382 Abraham
3521 4339 3572 4381 et

1996 4419 2152 4475 Isaac
2195 4423 2359 4493 226
2397 4432 2445 4477 et
2473 4423 2669 4489 Iacob,
2727 4424 2863 4477 Deus
2906 4423 3158 4476 exsistens
3207 4420 3476 4487 ipsorum;
3525 4427 3574 4471 et

327 4502 552 4568 Ἰακὼϐ,
595 4503 738 4571 Θεὸς
771 4504 856 4558 ὢν
895 4505 1127 4560 αὐτῶν·
1175 4508 1273 4560 καί
1312 4508 1379 4560 τὸ
1416 4505 1604 4576 ὄνομά
1623 4524 1744 4576 μου
1778 4509 1889 4560 οὐκ

2000 4527 2179 4566 nomen
2217 4530 2386 4568 meum
2420 4530 2523 4567 non
2554 4516 2783 4568 indicaui
2816 4515 2944 4583 ipsis
2971 4515 3052 4579 7‘;
3106 4520 3361 4580 tanquam
3398 4513 3572 4580 majus

311 4594 593 4675 ἐδήλωσα
625 4596 830 4663 αὐτοῖς
850 4613 866 4627 ·
915 4597 988 4661 ὡς
1048 4597 1232 4668 μεῖζον
1271 4598 1573 4669 δηλονότιῆ
1621 4598 1762 4652 ὥστε
1802 4598 1897 4652 ἀν-

312 4686 557 4759 θρωπίνῃ
590 4688 728 4760 ἀκοῇ
761 4688 1096 4761 χωρηθῆναι.
1139 4690 1388 4761 Εύνομίῳ
1417 4690 1526 4760 (89)
1566 4690 1644 4755 δὲ,
1677 4690 1754 4754 ὡς
1786 4689 1894 4742 ἔοι-

385 4777 434 4810 ⁷⁸
456 4776 591 4832 Gen.
612 4794 654 4843 ι,
683 4780 736 4844 1,
756 4779 809 4832 2.
885 4779 933 4811 ⁷⁸
964 4779 1135 4835 Exod.
1166 4794 1253 4844 ιιι,
1275 4779 1365 4836 15.
1438 4781 1485 4812 ¹¹⁶
1508 4780 1681 4834 Exod.
1716 4780 1851 4846 vi,2,
1882 4780 1935 4833 5.

386 4871 495 4948 (8‘2)
524 4872 660 4948 [ζιίίιί
699 4874 979 4948 διαφοραὶ,
1006 4875 1053 4948 Αῆ
1092 4874 1338 4947 μέγεθος.
1387 4874 1491 4930 Sed
1526 4876 1675 4941 illud,
1710 4875 1742 4948 ἢ
1785 4876 1884 4947 μέ-

309 4943 490 5012 γεθος,
517 4943 1182 5012 delenduntcensuimus,
1200 4948 1354 5001 fidem
1378 4956 1621 5001 veterum
1652 4943 1887 5014 quatuor

310 5014 585 5086 librorum
607 5016 797 5086 secuti.
834 5014 946 5086 Nec,
979 5015 1136 5070 valde
1170 5016 1456 5071 admodum
1498 5016 1704 5086 dubito,
1751 5018 1884 5086 quin

309 5082 503 5155 melius
539 5083 700 5148 absit,
734 5099 857 5139 cum
882 5085 1156 5154 aliquanto
1213 5097 1339 5140 ante
1369 5101 1470 5141 vox
1498 5084 1662 5153 ὄγκος
1708 5082 1881 5155 ρόείιει

310 5154 403 5219 sit,
438 5166 693 5224 quzenon
734 5170 879 5219 raro,
915 5164 973 5208 ut
1010 5166 1193 5209 notum
1237 5164 1341 5220 est,
1376 5156 1517 5210 idem
1554 5154 1881 5224 valet’quod

309 5236 415 5295 vox
464 5222 712 5293 μεγέθος.
755 5225 980 5279 Accedit
1023 5227 1208 5292 etiam,
1250 5231 1391 5295 quod
1429 5227 1526 5281 has
1553 5226 1686 5280 duas
1722 5222 1882 5280 voces

310 5291 589 5364 interpres
624 5303 780 5364 vetus
829 5310 934 5348 non
978 5291 1282 5364 agnoverit:
1319 5294 1524 5350 ibidem
1563 5310 1691 5351 mss.
1723 5296 1875 5349 οὐδὲν

310 5360 396 5415 ἄν.
426 5360 626 5417 Vocula
646 5363 712 5418 ἄν
740 5367 792 5418 in
819 5364 978 5419 editis
1012 5360 1217 5420 deerat.

380 5430 496 5502 (85)
523 5431 653 5498 Reg.
682 5445 907 5501 quartus
933 5433 1187 5502 γνώσεως
1233 5434 1638 5489 ὑπολέλειπται.
1674 5434 1874 5491 Ibidem

309 5502 976 5577 editi_&rpoxpt_vé90mcav_
999 5504 1131 5575 ἡμῖν
1167 5507 1217 5559 oi
1244 5505 1702 5577 περιφρονοῦντες
1739 5504 1879 5560 πάν-

308 5571 808 5644 ταηςοᾲείῦοιὺ.
848 5586 902 5628 et
944 5571 1095 5644 Regii
1130 5586 1239 5631 tres
1268 5571 1360 5635 ita.
1388 5571 1444 5628 ut
1477 5575 1770 5631 edidimus.

380 5641 493 5718 (84)
521 5642 660 5718 βας.
686 5654 908 5718 quartus
942 5641 1052 5700 τῶν
1079 5645 1433 5718 ἀνθρωπίνων
1454 5644 1665 5718 παθῶν.

381 5714 492 5794 (85)
519 5712 712 5794 Potest
732 5715 820 5768 hic
852 5714 1020 5779 locus,
1046 5717 1091 5769 si
1116 5712 1435 5794 li_b'et,__verti
1462 5725 1516 5794 _et
1544 5717 1643 5769 hoc
1662 5717 1876 5794 modo;

309 5792 359 5839 ct
385 5783 437 5837 in
468 5783 656 5841 auibus
678 5788 827 5850 inest,
859 5800 945 5839 eos
974 5801 1086 5842 uere
1107 5787 1305 5842 diaboli
1340 5786 1767 5842 condemnationi
1795 5785 1879 5842 ob-

2001 4603 2267 4665 videlicet,
2296 4618 2457 4673 quam
2489 4614 2548 4658 ut
2575 4606 2824 4659 humanae
2847 4619 3008 4659 aures
3029 4605 3266 4673 capiant.
3294 4602 3362 4655 At
3389 4599 3574 4655 Euno-

2003 4692 2135 4759 mio,
2169 4704 2228 4748 ut
2255 4696 2491 4761 videtur,
2531 4711 2636 4751 non
2663 4710 2857 4752 nomen
2894 4697 3074 4761 modo,
3102 4692 3198 4749 sed
3223 4692 3386 4747 etiam
3417 4707 3574 4747 suam

1987 4875 2176 4928 noxios
2203 4875 2438 4962 reddere.
2488 4875 2611 4931 Mox
2656 4875 2785 4931 editi
2807 4869 2876 4948 ἧς
2905 4862 3303 4929 καταπατοῢσι.
3335 4872 3403 4926 At
3435 4885 3569 4925 mss.

1986 4961 2092 5000 nun
2129 4945 2396 5027 paucifqv.
2832 4945 2842 4948 ‘
2891 4985 2893 4987 ,
3023 5011 3035 5024 ⁸
3175 5011 3188 5024 ο

2001 5014 2171 5087 “(86)
2200 5014 2345 5069 Edtti
2400 5010 2849 5087 ἀλαζονεύοντας,
2896 5011 3235 5087 negligentia
3258 5025 3563 5087 open-aput...

1986 5080 2277 5154 Aliquanto
2327 5092 2451 5156 post
2495 5082 2899 5155 Reg.,quartus
2949 5085 3017 5155 τῇ
3047 5080 3236 5135 ἀὑτοῦ
3287 5080 3571 5153 μεγαλειό-

1983 5171 2169 5295 τηῗὲἦ)
2197 5222 2332 5291 Reg.
2363 5230 2589 5346 quartus
2613 5221 2724 5294 γάρ
2752 5221 2843 5294 μοι
2867 5225 3036 5277 ἐστιν.
3081 5221 3226 5277 Infra
3256 5236 3387 5277 mss.
3412 5219 3567 5275 multi

1983 5294 2124 5346 ἦπου
2151 5293 2249 5346 τὴν
2270 5295 2368 5346 ούσ
2393 5312 2480 5346 αν.

1981 5294 2124 5366 ἦπου
2148 5294 2249 5366 τῂν
2270 5294 2480 5349 οὐσίαν.

2052 5364 2163 5433 (88)
2195 5359 2334 5418 Edili
2359 5375 2411 5420 et
2441 5376 2579 5419 unus
2612 5363 2908 5434 οοᾴειγκαὶ
2936 5362 3127 5434 ὤφθην
3163 5360 3243 5434 τῷ
3280 5359 3563 5434 μἈϐραάμ.

1981 5431 2083 5489 Alii
2114 5431 2353 5505 quinque
2395 5450 2525 5490 mss.
2558 5433 2653 5505 nat
2693 5431 2884 5505 ῷφθην
2913 5431 3051 5504 πρὸς
3082 5431 3365 5503 Ἂϐραάμ,
3393 5431 3450 5485 et
3486 5431 3565 5486 ita

1982 5501 2187 5560 editum
2221 5501 2490 5559 invenitur
2517 5504 2657 5571 apud
2690 5501 2856 5560 LXX.

1962 5596 1967 5603 ί
1996 5645 2011 5656 _
2198 5573 2338 5628 Editi
2367 5584 2421 5628 et
2448 5570 2581 5642 Reg.
2606 5579 2883 5656 secundus
2899 5571 3217 5656 χωρηθῆναι
3238 5570 3559 5656 δυνάμενον.

1982 5641 2098 5720 Alii
2123 5641 2233 5720 tres
2285 5642 2766 5720 mss._xmpqeﬁvat
2802 5645 2877 5720 μὴ
2901 5641 3239 5720 δυνάμενον.
3277 5641 3561 5720 Βοείίιιιιο

1981 5724 2038 5768 et
2061 5713 2214 5786 Colb.
2258 5713 2602 5786 xmpqeﬁvat.
2635 5713 2907 5786 Εὐνομίῳ,
2930 5725 2985 5768 et
3016 5715 3087 5786 ita
3108 5713 3391 5786 (edendum
3417 5713 3564 5779 judio

1985 5782 2356 5841 cavimus.’Et'
2372 5782 2501 5842 vero
2549 5783 2699 5853 illud,
2729 5782 2893 5851 ὥστε,
2927 5784 3064 5855 regit
3106 5782 3427 5840 infinitivum
3460 5796 3564 5852 χω-
