4016 6220
451 308 558 364 545

1758 307 1813 361 S.
1854 298 2102 391 BASILIl
2140 296 2358 358 MAGNI

3579 284 3704 338 544

456 428 625 498 ipsam
650 425 941 480 essentiam
963 423 1106 480 Deus
1134 423 1425 494 patefecit:
1451 432 1504 479 et
1526 437 1782 481 arcanum
1806 433 2015 478 tantum
2047 442 2060 482 Α

2160 435 2233 481 εν,
2260 418 2320 470 οὑ
2356 416 2415 469 τὸ
2460 415 2630 486 ὄνομα
2662 412 2843 485 μόνον,
2873 406 3007 464 ἀλλὰ
3049 408 3144 461 καὶ
3179 403 3344 475 αὑτὴν
3379 401 3543 498 αὑτοῦ
3578 399 3704 498 (DD)

457 518 601 588 quod
638 516 766 571 nulli
797 525 1107 570 sanctorum
1152 516 1253 570 fuit
1280 516 1547 584 apertu‘m,
1581 517 1696 587 ipse
1734 518 1787 570 in
1818 516 1930 570 suis
1958 514 2022 567 lio

458 610 574 666 bris
600 609 949 665 conscribens
988 608 1184 680 prodit,
1213 624 1275 663 ac
1314 618 1516 664 temere
1542 611 1681 679 apud
1710 625 1901 664 omnes
1933 609 2027 662 bo-

459 704 633 756 mines
686 700 880 756 ell'utit.
933 700 1000 755 Et
1046 715 1165 770 qua:
1212 701 1430 770 quidem
1484 701 1537 755 in
1580 700 2027 770 promissionibus

461 792 617 847 nobis
645 792 874 861 reposita
898 799 1061 855 sunt,
1088 790 1378 845 humanam
1418 806 1632 847 omnem
1665 792 2026 862 cognitionem

460 883 752 947 excedunt,
779 892 833 938 et
859 898 962 951 pax
988 881 1085 937 Dei
1116 882 1445 936 intellectum
1469 896 1683 937 omnem
1713 880 1990 951 superat"
2013 897 2027 911 -

461 976 634 1046 ipsam
670 991 797 1032 vero
833 975 926 1030 Dei
963 978 1254 1031 essentiam
1280 990 1440 1044 supra
1481 991 1698 1032 omnem
1725 975 2033 1046 intelligen-

466 1068 599 1124 tiam
636 1076 691 1123 et
742 1083 903 1140 supra
930 1069 1222 1124 humanam
1268 1084 1484 1127 omnem
1529 1069 1891 1139 cognitionem
1915 1083 2034 1124 esse

464 1174 573 1215 non
603 1158 737 1215 vult.

542 1249 626 1304 14.
660 1250 770 1320 Ego
794 1266 925 1306 vero
949 1250 1135 1323 ,"ipsius
1158 1249 1697 1318 comprehensionem
1733 1263 1839 1304 non
1865 1248 2039 1303 homi-

465 1355 565 1396 nes
591 1341 788 1406 solum,
826 1343 920 1396 sed
966 1357 1181 1396 omnem
1226 1342 1393 1395 etiam
1431 1341 1750 1396 rationalem
1790 1349 2038 1394 naturam

468 1430 737 1485 excedere
776 1432 1032 1486 arbitror.
1071 1429 1222 1484 Nunc
1264 1441 1444 1485 autem
1491 1446 1611 1485 cum
1644 1432 1764 1485 dico
1797 1430 2040 1484 rationao

470 1522 600 1589 lem,
633 1533 872 1578 creatam
906 1525 1049 1578 dico.
1092 1522 1225 1577 Nam
1256 1525 1353 1579 soli
1389 1522 1528 1579 Filio
1554 1534 1716 1578 notus
1747 1534 1830 1578 est
1866 1516 2046 1586 Pater:

471 1625 526 1670 et
572 1614 796 1684 Spiritui
852 1626 1062 1671 sancto.
1125 1614 1294 1669 Nemo
1341 1617 1480 1670 enim
1532 1617 1669 1670 novit
1709 1615 1919 1669 Patrem
1946 1616 2046 1670 nisi

471 1704 645 1759 Filius
662 1707 727 1762 ⁷⁸.
776 1706 843 1760 Ει
877 1725 891 1760 :
930 1706 1164 1774 Spiritus
1206 1708 1383 1760 omnia
1410 1714 1699 1774 scrutatur,
1732 1709 1889 1761 etiam
1918 1723 2045 1777 pro--

2122 510 2221 580 τὴν
2243 508 2429 561 οὑσίαν
2453 509 2481 559 ὁ
2508 507 2638 570 Θεὸς
2666 504 2947 574 ἐνεφάνισε
2970 518 2983 532 ·
3021 500 3114 553 καὶ
3142 499 3204 551 τὸ
3236 495 3485 550 τοσοῦτον
3517 492 3707 561 ἀπόρο

2127 601 2307 671 ρητον,
2342 599 2370 650 ὃ
2403 597 2589 668 μηδενὶ
2625 595 2732 648 τῶν
2761 594 2933 663 ἁγίων
2967 586 3303 660 ἐφανερώθη,
3335 584 3497 648 αὐτὸς
3527 585 3584 636 ὲν
3617 581 3706 671 βᾲί-

2126 669 2272 752 ϐλοις
2303 689 2528 759 γράφων
2568 683 2878 757 δημοσιεὺει
2921 681 3017 735 καὶ
3046 678 3261 733 ἐκλαλεῖ
3292 677 3452 729 πᾶσιν
3485 669 3713 743 ἀνθρώ·

2127 797 2248 844 ποις
2273 779 2707 850 ἀπερισκέπτως.
2741 776 2851 830 Καὶ
2876 773 2946 827 τά
2974 773 3074 844 μὲν
3105 774 3162 824 ἐν
3188 766 3537 836 ἐπαγγελίαις
3567 761 3716 817 ἀετο-

2130 870 2356 941 κείμενα
2385 872 2517 940 ἡμῖν
2548 868 2688 938 ὑπὲρ
2720 869 2897 921 πᾶσαν
2924 864 3121 934 γνῶσίν
3154 865 3298 916 ἐστιν
3328 854 3714 930 ἀνθρωπίνην,

2131 965 2227 1018 καὶ
2256 965 2289 1034 ἡ
2336 963 2525 1034 εἰρήνη
2558 961 2652 1014 τοῦ
2681 958 2814 1013 Θεοῦ
2843 956 3098 1029 ὑπερέχει
3130 954 3308 1008 πάντα
3343 950 3498 1005 νοῦν·
3530 947 3715 1016 αὑτὴν

2130 1053 2188 1107 δὲ
2220 1054 2317 1126 τὴν
2348 1051 2536 1107 οὑσίαν
2569 1050 2663 1103 τοῦ
2700 1048 2833 1103 Θεοῦ
2867 1047 2929 1101 οὑ
2961 1044 3312 1115 καταδέχεται
3351 1039 3492 1110 ὑπὲρ
3523 1037 3717 1090 πάντα

2134 1144 2256 1201 νοῦν
2275 1146 2370 1198 καὶ
2399 1144 2539 1215 ὑπὲρ
2572 1144 2749 1196 πᾶσαν
2769 1139 2967 1211 γνῶσιν
2990 1135 3290 1209 ἀνθρώπων
3315 1128 3474 1186 εἶναι.

2207 1236 2294 1289 14.
2325 1232 2489 1304 Οἶμαι
2520 1233 2576 1286 δὲ
2608 1234 2707 1285 οὑκ
2741 1229 3056 1302 ἀνθρώπους
3094 1228 3274 1299 μόνον,
3316 1221 3452 1277 ἀλλά
3480 1220 3570 1273 καί
3598 1218 3721 1271 πᾶ-

2140 1344 2238 1381 σαν
2274 1327 2497 1397 λογικὴν
2531 1324 2690 1394 φύσιν
2722 1321 3071 1395 ὑπερϐαίνειν
3116 1319 3286 1388 αὑτῆς
3331 1314 3430 1385 τὴν
3472 1311 3718 1379 κατάλη-

2138 1420 2252 1488 ψιν.
2288 1416 2523 1488 Λογικὴν
2555 1416 2612 1469 δέ
2637 1414 2731 1469 νῦν
2755 1415 2853 1486 τὴν
2878 1414 2936 1466 ἐν
2965 1414 3032 1482 τῇ
3064 1410 3238 1464 κτίσει
3266 1408 3427 1475 λέγω.
3458 1402 3568 1473 Υἰῷ
3596 1400 3721 1471 γὰρ

2146 1509 2290 1581 μόνῳ
2327 1506 2563 1577 γνωστὸς
2587 1509 2615 1560 ὁ
2643 1505 2851 1576 Πατὴρ,
2885 1504 2979 1556 καὶ
3005 1501 3083 1572 τῷ
3121 1500 3259 1569 ἀγίῳ
3294 1495 3596 1582 Ιξνεὺματιο
3625 1492 3717 1582 ὅτι

2148 1599 2356 1666 Οὐδεὶς
2406 1595 2528 1652 οἵδε
2578 1596 2685 1649 τὸν
2711 1594 2942 1662 Πατέρα
2983 1594 3037 1646 εὶ
3058 1591 3144 1660 μὴ
3194 1591 3227 1642 ό
3265 1581 3427 1651 Υἱός·
3475 1582 3586 1647 καί,
3641 1581 3718 1636 Τὸ

2145 1690 2387 1760 Πνεῦμα
2416 1688 2613 1743 πάντα
2647 1683 2883 1755 ἐρευνᾷ,
2927 1684 3025 1738 καὶ
3076 1681 3149 1735 τὰ
3191 1678 3356 1747 ,ϐάθη
3391 1676 3497 1731 τοῦ
3542 1673 3719 1728 Θεοῦ.

474 1797 766 1867 [ttnditates
799 1798 916 1853 Dei.
950 1795 1119 1851 Nemo
1161 1798 1297 1852 enim
1329 1799 1491 1861 novit,
1517 1799 1712 1867 inquit,
1743 1798 2044 1867 quaehomi-

2160 1781 2359 1847 Οὐδεὶς
2422 1781 2533 1847 γὰρ
2570 1775 2717 1840 οἵδε,
2747 1776 2901 1847 φησὶ,
2946 1775 3018 1829 τὰ
3048 1773 3154 1827 τοῦ
3191 1770 3504 1839 ἀνθρώπου
3540 1769 3605 1867 εί·
3626 1764 3720 1867 tu?

473 1890 556 1941 nis
588 1897 736 1952 sunt,
763 1889 863 1942 nisi
896 1889 1114 1959 spiritus
1157 1887 1385 1941 hominis
1416 1890 1506 1958 qui
1538 1899 1615 1941 est
1642 1889 1698 1942 in
1733 1904 1791 1942 eo
1815 1903 1833 1942 :
1859 1898 1906 1940 et
1932 1903 2046 1956 qua:

474 1978 575 2033 Dei
602 1990 750 2045 sunt,
777 1996 924 2033 nemo
956 1981 1117 2044 novit,
1147 1981 1249 2034 nisi
1274 1980 1506 2048 Spiritus
1538 1981 1625 2046 qui
1652 1991 1727 2034 est
1757 1997 1820 2035 ex
1857 1979 2043 2034 Deo".

476 2071 615 2138 Quid
649 2072 812 2142 igitur
834 2072 1088 2140 przecipui
1110 2071 1414 2140 relinquent
1436 2070 1706 2142 Unigeniti
1729 2072 2047 2141 cognitioni,

477 2171 575 2216 aut
603 2162 776 2216 sancti
805 2161 1059 2230 Spiritus,
1110 2162 1374 2230 siquidem
1414 2162 1514 2231 ipsi
1548 2163 1714 2230 ipsam
1754 2162 2049 2216 essentiam

478 2250 987 2320 comprehendunt?
1036 2250 1146 2306 Nec
1196 2252 1339 2306 enim
1389 2252 1665 2320 potentim,
1703 2251 1962 2307 bonitatis
1990 2268 2053 2307 ac

483 2341 765 2410 sapientiae
797 2341 887 2396 Dei
916 2342 1422 2412 contemplationem
1441 2341 1727 2412 Unigenito
1759 2343 2054 2397 attribuen-

483 2442 585 2497 tes,
614 2438 1075 2488 accommodatam
1111 2433 1215 2487 sibi
1240 2449 1359 2487 esse
1380 2435 1626 2489 essentia:
1652 2434 2053 2503 intelligentiam

480 2522 772 2591 putabunt.
807 2521 940 2576 Nam
986 2534 1178 2577 contra
1215 2522 1460 2588 omnino,
1496 2532 1710 2579 constat
1731 2525 1902 2593 ipsam
1937 2526 2057 2595 qui-

485 2613 603 2666 dem
638 2613 927 2667 essentiam
982 2613 1109 2668 nulli
1136 2615 1238 2668 nisi
1277 2612 1568 2684 Unigenito
1598 2625 1653 2669 et
1676 2614 1899 2685 Spiritui
1933 2632 2057 2670 san-

486 2712 575 2758 cto
612 2704 950 2774 cogitabilem
979 2719 1132 2773 esse;
1164 2705 1257 2761 sed
1292 2707 1359 2761 ab
1385 2707 1792 2775 Operationibus
1817 2698 1906 2761 Dei
1935 2708 2060 2762 sub-

485 2806 671 2852 vectos
701 2813 816 2863 nos,
852 2806 907 2852 et
934 2812 1032 2867 per
1059 2814 1123 2852 ea
1170 2814 1290 2868 quae
1316 2800 1534 2854 condita
1565 2807 1693 2854 sunt
1726 2800 2058 2855 conditorem

491 2888 877 2960 intelligentes,
930 2891 1011 2944 sic
1032 2890 1327 2945 bonitatem
1353 2906 1417 2945 ac
1457 2892 1778 2959 sapientiam
1807 2891 1922 2957 ejus
1941 2905 2062 2960 per-

489 2979 695 3048 cipere.
724 2978 797 3032 De
824 2980 933 3033 Deo
957 2983 1099 3032 enim
1131 2989 1316 3033 notum
1347 2988 1452 3046 est,
1483 2980 1624 3048 quod
1658 2980 1868 3034 cunctis
1899 2980 2066 3034 horni-

2147 1873 2214 1927 τὸ
2241 1872 2475 1942 πνεῦμα
2498 1871 2601 1925 τοῦ
2626 1868 2937 1938 ἀνθρώπου
2966 1866 3032 1920 τὸ
3058 1866 3128 1920 ἐν
3158 1861 3316 1927 αὑτῷ
3339 1860 3452 1932 (91)
3473 1877 3484 1888 ·
3519 1856 3614 1910 καὶ
3645 1855 3722 1908 τὸ

2146 1961 2254 2016 τοῦ
2286 1962 2432 2016 Θεοῦ
2461 1961 2660 2027 οὐδεὶς
2691 1960 2954 2030 ἔγνωκεν
2986 1961 3039 2012 εί
3059 1956 3147 2027 μὴ
3192 1956 3257 2009 τὸ
3288 1954 3532 2021 Πνεῦμα
3555 1950 3621 2003 τὸ
3651 1952 3722 2002 ἐκ

2148 2052 2256 2107 τοῦ
2282 2053 2450 2107 Θεοῦ.
2485 2052 2549 2105 Τί
2589 2047 2682 2105 οῦν
2719 2050 2993 2121 ἐξαίρετον
3022 2052 3088 2120 τῇ
3131 2046 3328 2117 γνώσει
3357 2044 3451 2098 τοῦ
3484 2045 3723 2110 Μονογε-

2149 2143 2338 2214 νοῦςῆ
2380 2142 2474 2196 τοῦ
2521 2144 2674 2213 ἁγίου
2735 2142 3052 2213 Πνεῦματος
3085 2139 3523 2208 καταλείψουσιν,
3568 2136 3723 2205 εἶπε(

2151 2236 2304 2289 αὑτοὶ
2344 2235 2445 2305 τῆς
2478 2236 2666 2298 οὐσίας
2706 2236 2874 2306 αὑτῆς
2907 2234 3087 2305 ἔχουσι
3125 2234 3223 2304 τὴν
3260 2230 3600 2301 ,κατάληψινς
3649 2229 3724 2280 Οὐ

2152 2327 2260 2399 γὰρ
2290 2328 2374 2399 δὴ,
2403 2328 2501 2398 τῆς
2532 2328 2833 2398 δυνάμεως,
2863 2329 2958 2380 καλ¹
2987 2327 3085 2397 τῆς
3116 2325 3467 2395 ἀγαθότητος,
3496 2321 3590 2374 καὶ
3627 2321 3724 2389 τῆς

2157 2420 2348 2488 σοφίας
2378 2420 2469 2473 τοῦ
2499 2419 2633 2473 Θεοῦ
2664 2419 2742 2489 τῷ
2771 2420 3064 2487 Μονογενεῖ
3087 2418 3183 2488 τὴν
3217 2416 3449 2488 θεωρίαν
3480 2414 3709 2485 προσνείι

2161 2527 2383 2581 μαντες,
2419 2509 2730 2582 σύμμετρον
2773 2511 2985 2573 ἑαυτοῖς
3020 2509 3271 2579 θήσονται
3295 2507 3395 2578 τῆς
3421 2506 3609 2568 οὐσίας
3632 2503 3728 2574 τὴν

2159 2602 2501 2672 κατανρησιν.
2538 2603 2653 2655 Πᾶν
2682 2602 2790 2673 γάρ
2819 2604 2922 2655 που
2975 2601 3036 2654 τὸ
3084 2600 3343 2662 ἐναντίον,
3392 2598 3537 2661 εἰκὸς
3562 2595 3731 2665 αὑτὴν

2163 2693 2260 2764 μὲν
2294 2692 2392 2764 τὴν
2429 2693 2616 2747 οὑσίαν
2645 2693 2976 2764 ἀπερίοπτον
3009 2688 3144 2745 εἶναι
3176 2691 3359 2755 παντὶ,
3404 2689 3541 2758 πλὴν
3579 2690 3627 2741 εἰ
3654 2688 3732 2758 τῷ

2163 2784 2275 2857 (92)
2321 2786 2620 2853 Μονογενεί
2659 2787 2750 2839 καὶ
2800 2784 2875 2856 τῷ
2919 2785 3059 2853 ἁγίῳ
3092 2783 3367 2853 Πνεύματι
3390 2799 3403 2811 ·
3449 2782 3513 2835 ἐκ
3545 2780 3734 2835 δὲτῶν

2162 2874 2455 2945 ἐνεργειῶν
2485 2875 2579 2929 τοῦ
2612 2874 2747 2928 Θεοῦ
2782 2875 3147 2945 ἀναγομένους
3184 2875 3351 2945 ἡμᾶς,
3386 2874 3481 2926 καὶ
3509 2872 3599 2925 διά
3625 2870 3735 2924 τῶν

2164 2967 2482 3038 ποιημάτων
2516 2968 2608 3020 τὸν
2639 2967 2867 3039 ποιητὴν
2901 2966 3233 3031 ἐννοοῦντας,
3266 2967 3367 3035 τῆς
3405 2964 3737 3035 ἀγαθότητος

490 3070 651 3124 nibus
704 3070 846 3125 Deus
888 3069 1345 3124 manifestavit”.
1398 3070 1527 3123 Nam
1573 3086 1693 3139 quae
1738 3063 1876 3140 apud
1912 3072 2060 3125 theo-

2166 3057 2329 3111 αὑτοῦ
2364 3058 2576 3129 καὶτῆς
2608 3058 2797 3128 σοφίας
2834 3058 3128 3129 λαμϐάνειν
3164 3057 3263 3129 τὴν
3300 3056 3531 3110 σύνεσιν.
3565 3054 3739 3108 Τοῦτο

493 3160 649 3230 logos
681 3160 746 3214 de
779 3161 1014 3214 essentia
1051 3160 1143 3213 Dei
1185 3161 1488 3231 conscripta
1526 3177 1647 3216 esse
1674 3163 1947 3226 videntur,
1974 3178 2060 3232 per

2167 3149 2276 3220 γάρ
2307 3150 2423 3202 ἐστι
2450 3149 2512 3201 τὸ
2541 3150 2780 3217 γνωστὸν
2808 3148 2903 3201 τοῦ
2938 3149 3072 3202 Θεοῦ
3103 3149 3236 3219 (95),
3266 3148 3295 3201 δ
3328 3150 3492 3201 πᾶσιν
3522 3147 3737 3221 ἀνθρὼ-

497 3249 762 3319 quasdam
805 3251 1133 3322 tropologias
1169 3262 1261 3305 aut
1304 3253 1466 3306 etiam
1495 3253 1801 3322 allegorias,
1844 3255 1909 3307 ad
1935 3254 2069 3308 alias

496 3342 750 3396 notiones
784 3340 984 3396 ferunt.
1023 3342 1201 3409 Quare
1226 3344 1270 3397 si
1303 3343 1424 3411 quis
1454 3344 1586 3398 citra
1619 3359 1843 3398 examen
1880 3358 2072 3399 secun-

497 3434 623 3488 dum
651 3447 868 3488 sensum
893 3434 1067 3502 magis
1107 3435 1328 3488 obvium
1377 3434 1572 3489 litterae
1620 3435 1772 3490 nuda:
1821 3435 2072 3490 insistere

497 3526 808 3592 contendat,
839 3525 905 3579 ad
935 3525 1188 3581 Judaicas
1213 3535 1265 3580 et
1302 3526 1474 3581 aniles
1519 3526 1732 3581 fabulas
1770 3527 2069 3594 devolutus,

498 3617 719 3671 omnino
756 3600 879 3682 ejus.
913 3616 979 3670 de
1021 3618 1127 3671 Deo
1167 3618 1424 3681 notionis,
1449 3633 1567 3686 qua:
1590 3619 1751 3688 digna
1786 3617 1876 3682 sit,
1919 3617 2072 3686 inops

498 3718 869 3763 consenescet.
926 3708 1060 3761 Nam
1124 3719 1483 3778 praeterquam
1534 3710 1678 3778 quod
1735 3707 2070 3763 materialem

501 3800 788 3869 quamdam
815 3800 1103 3854 essentiam
1136 3799 1230 3854 Dei
1262 3800 1543 3870 intelliget,
1587 3814 1760 3870 eaque
1792 3801 1844 3854 in
1882 3816 1940 3855 re
1973 3801 2075 3853 im-

502 3891 610 3960 piis
659 3891 909 3961 gentibus
941 3892 1290 3955 assentietur,
1327 3893 1499 3961 ipsam
1530 3906 1746 3962 quoque
1783 3901 1840 3947 et
1868 3892 2073 3945 variam

505 3993 560 4039 et
577 3983 928 4053 compositam
954 3985 1137 4037 animo
1155 3983 1256 4037 sibi
1281 3981 1468 4052 ﬁnget.
1489 3981 1623 4037 Cum
1647 3983 1790 4038 enim
1816 3982 2076 4052 propheta

507 4085 694 4129 narret
730 4074 1049 4129 electrinum
1086 4075 1306 4144 quidem
1347 4073 1515 4128 Deum
1547 4089 1667 4129 esse
1705 4089 1734 4127 a
1766 4072 1960 4127 lumbis
1989 4088 2079 4127 us-

508 4181 614 4237 que
639 4167 704 4221 ad
743 4181 998 4235 superna,
1034 4181 1100 4221 ex
1144 4167 1265 4234 igne
1317 4180 1446 4221 vero
1490 4164 1697 4220 inferna
1739 4163 1964 4219 conﬂata
1990 4179 2080 4218 es-

509 4273 569 4313 se
587 4258 631 4290 “
675 4274 692 4312 :
729 4258 1041 4327 quicunque
1066 4259 1134 4311 ad
1167 4258 1412 4312 altiorem
1442 4256 1774 4311 intellectum
1815 4271 1908 4325 per
1934 4257 2079 4310 litte—

510 4365 625 4406 ram
656 4365 759 4404 non
795 4350 1060 4413 ascendit,
1102 4349 1198 4404 sed
1248 4349 1524 4418 corporeis
1567 4349 1837 4402 inhaerens
1873 4347 2078 4403 descri-

2170 3258 2290 3305 ποις
2321 3242 2350 3293 ὁ
2391 3241 2524 3305 Θεὸς
2565 3241 2923 3313 ἐφανέρωσεν.
2975 3241 3123 3294 Ἐπεί
3176 3258 3240 3310 γε
3282 3242 3383 3295 ὃσα
3433 3240 3584 3312 παρά
3622 3243 3739 3304 τοῖς

2171 3333 2438 3402 θεολόγοις
2473 3334 2599 3404 περὶ
2626 3335 2810 3397 οὐσίας
2850 3333 2983 3386 Θεοῦ
3011 3332 3419 3405 ἀναγεγράφθαι
3447 3333 3593 3386 δοκεῖ
3615 3348 3741 3404 τρο-

2172 3426 2451 3495 πολογίαις
2479 3428 2621 3479 τισὶν
2649 3427 2681 3499 ἦ
2714 3428 2808 3481 καὶ
2845 3426 3215 3498 ἀλληγορίαις,
3261 3426 3399 3498 πρὸς
3431 3427 3620 3497 ἐτέρας
3654 3427 3743 3478 ἐν·

2172 3519 2322 3582 νοίας
2354 3520 2403 3572 οἱ
2452 3518 2597 3587 λόγοι
2629 3518 2899 3590 φέρουσιν.
2937 3521 3097 3572 Ὥστε
3144 3520 3198 3573 εῐ
3246 3536 3330 3583 τις
3366 3518 3742 3581 ἀϐασανίστοις

2173 3610 2316 3664 κατὰ
2349 3611 2447 3681 τὴν
2476 3610 2764 3682 πρόχειρον
2792 3609 3017 3681 ἐκδοχὴν
3065 3609 3206 3680 ψιλῷ
3244 3609 3609 3681 παρίστασθαι
3657 3627 3746 3677 φι-

2173 3701 2436 3772 λονεικοίη
2469 3700 2544 3772 τῷ
2569 3703 2881 3773 γράμματι,
2918 3701 3054 3774 πρὸς
3097 3702 3417 3765 Ἰουδαῖκοὺς
3439 3701 3533 3755 καὶ
3559 3700 3747 3773 γραώο

2172 3794 2285 3857 δεις
2307 3792 2508 3863 μύθους
2533 3794 2848 3865 ἐκτραπεὶς,
2872 3794 3083 3864 πτωχὸς
3129 3793 3406 3856 παντελῶς
3438 3793 3546 3847 τῶν
3576 3791 3746 3857 ἀξίων

2174 3885 2302 3956 περὶ
2333 3882 2466 3937 Θεοῦ
2499 3883 2784 3955 νοημάτων
2809 3886 3199 3956 καταγηράσει.
3224 3883 3365 3956 Πρὸς
3387 3883 3496 3955 γὰρ
3524 3882 3603 3953 τῷ
3630 3882 3750 3936 ὑλι-

2175 3976 2279 4046 κήν
2308 3991 2431 4029 τινα
2452 3977 2647 4030 ἐννοεῖν
2675 3975 2773 4046 τὴν
2802 3977 2988 4031 οὑσίαν
3010 3976 3103 4030 τοῦ
3127 3976 3282 4040 Θεοῦ,
3312 3976 3406 4029 καὶ
3431 3974 3569 4029 κατά
3585 3973 3751 4027 τοῦτο

2147 4072 2288 4133 ,τοῖς
2320 4070 2497 4132 ἀθέοις
2524 4069 2633 4122 τῶν
2666 4068 2928 4140 Ἐλλήνων
2964 4068 3358 4140 συμφέρεσθαι,
3400 4068 3478 4121 ἔτι
3504 4066 3597 4121 καὶ
3626 4083 3751 4120 ποι·

2180 4161 2331 4233 κίλην
2368 4142 2460 4213 κάι
2495 4159 2744 4214 σύνθετον
2771 4158 3101 4229 ὑπολήψεται
3135 4155 3358 4228 ταύτην.
3404 4156 3750 4226 Ἠλέκτρινον

2181 4254 2279 4324 μὲν
2307 4253 2367 4304 τὸ
2402 4251 2509 4306 ἀπὸ
2541 4248 2740 4319 ὀσφύος
2769 4251 2874 4313 ἓως
2899 4249 3011 4303 ἀνω
3035 4248 3126 4302 τὸν
3155 4247 3286 4301 Θεὸν
3322 4241 3461 4298 εἶναι
3491 4244 3583 4297 τοῦ
3612 4259 3751 4313 προ·

2180 4344 2350 4414 φήτου
2401 4340 2779 4412 διηγουμένου,
2811 4341 2875 4394 ἐκ
2904 4339 3074 4413 πυρὸς
3109 4339 3167 4392 δὲ
3219 4334 3623 4407 συμϐεϐλῆσθαι
3679 4335 3752 4386 τὰ

510 4443 807 4513 ptionibus,
841 4452 897 4497 et
927 4440 1083 4495 talem
1115 4456 1233 4496 esse
1254 4439 1348 4495 Dei
1382 4439 1671 4494 essentiam
1696 4440 1763 4493 ab
1797 4438 2060 4493 Ezechielt

2183 4435 2359 4488 κάτω’
2394 4436 2423 4488 ὁ
2458 4434 2515 4486 δέ
2550 4433 2625 4504 μὴ
2655 4432 2790 4504 πρὸς
2821 4431 3153 4503 ὑψηλοτέρας
3192 4430 3397 4493 ἐννοίας
3446 4425 3751 4481 ἀναϐαίνων

512 4536 754 4600 edoctus,
781 4548 970 4588 rursus
998 4533 1164 4587 Deum
1196 4534 1373 4600 ignem
1407 4545 1528 4586 esse
1550 4547 1580 4584 a
1603 4530 1784 4602 Moyse
1813 4529 2077 4593 audiet",

512 4635 676 4695 atque
708 4640 738 4680 a
768 4624 1008 4695 sapiente
1033 4623 1254 4679 Daniele
1286 4627 1351 4680 ad
1375 4624 1507 4680 alias
1534 4623 1815 4693 opiniones
1842 4621 2077 4676 deduce-

2183 4526 2270 4579 διά
2295 4525 2387 4579 τοῦ
2418 4525 2742 4597 γράμματος
2777 4524 2908 4595 (94),
2938 4523 3051 4577 ἀλλ’
3080 4521 3242 4577 αὑτοῦ
3272 4538 3374 4574 που
3409 4523 3526 4582 ταῖς
3560 4535 3749 4587 σωμα-

2182 4619 2360 4681 τικαῖς
2399 4616 2780 4685 ἐγκατααένων
2826 4616 3188 4685 ὑωγραφαίς,
3221 4614 3314 4666 καὶ
3358 4611 3612 4666 τοιαῦτ-ον
3650 4607 3750 4661 τοῦ

584 4844 629 4878 ⁷⁷
655 4844 885 4916 Philipp.
914 4858 990 4910 tv,
1011 4843 1064 4898 7.
1138 4843 1186 4876 ⁷⁸
1201 4842 1389 4900 Matth.
1422 4857 1500 4910 ιι,
1521 4841 1612 4899 27.
1689 4840 1734 4873 ⁷⁸
1756 4837 1919 4894 lCor.
1946 4837 2060 4903 ιι,1ι

2160 4835 2225 4888 1.
2302 4833 2349 4867 ⁸⁰
2370 4832 2525 4888 Rom.
2560 4846 2600 4897 ι,
2620 4831 2711 4886 19.
2785 4829 3043 4887 “Ezech.
3065 4845 3185 4892 vui.
3209 4830 3266 4885 2.
3338 4829 3384 4861 ⁸¹
3401 4828 3556 4884 Deut.
3583 4827 3619 4881 ι
3651 4824 3749 4880 24.

525 5072 782 5150 ρηθῆναι,
834 5083 933 5150 nec
983 5081 1207 5150 necesse
1250 5063 1354 5150 iuit
1382 5057 2087 5150 εὐ-ύετεδιιυξηδυνάμεξρνζ

521 5128 612 5198 tot
639 5128 713 5214 μὴ
736 5128 1032 5210 δυνάμενον
1068 5153 1084 5169 ·
1118 5139 1225 5191 imo
1249 5145 1365 5214 tum,
1399 5137 1517 5197 hoc,
1552 5144 1662 5185 tum
1716 5128 1849 5182 illud
1882 5128 2089 5198 pariter

518 5212 814 5284 παρέλκειν
834 5217 1130 5284 obscurum
1155 5220 1262 5284 non
1293 5213 1394 5284 est.
1470 5269 1496 5282 α
1556 5268 1601 5284 __
1734 5283 1742 5284 ί

590 5264 703 5352 (³90)
737 5281 1084 5352 Codeximus
1110 5274 1276 5352 αὐτὴν
1306 5268 1672 5352 ἐαυτοῦ-..11101
1721 5264 2090 5352 editiiicatlfp-

521 5342 711 5408 σοῦτον
738 5350 799 5403 τὸ
828 5349 1156 5419 ἀπόρρητον.
1194 5342 1707 5419 1ιίυι1,ιάπόρρητον,
1746 5345 1903 5419 paret
1949 5342 2085 5419 arti:

520 5426 644 5479 cuto
676 5423 732 5475 in
759 5407 1009 5474 omnib'u's
1033 5407 1238 5470 'nostris
1269 5407 1559 5489 codicibus
1583 5407 1617 5464 ἐ
1668 5407 1775 5485 δυᾶν
1821 5407 2089 5474 reperitur

523 5496 578 5548 in
611 5502 842 5560 quatuor
872 5503 1001 5541 mss.
1039 5496 1164 5539 ante
1191 5494 1675 5560 νοςεηιτοσουτον.
1757 5545 1770 5560 ι
1826 5545 1839 5560 .
1963 5542 1975 5560 ν
2032 5541 2055 5552 _

596 5545 706 5630 (91)
736 5557 961 5612 Codices
1002 5571 1105 5609 non
1149 5553 1305 5622 pauci
1362 5552 1422 5631 τὸ
1464 5549 1681 5627 πνεῦμα
1721 5545 1783 5599 τὸ
1823 5545 1880 5598 ἐν
1919 5545 2088 5664 αὑτιῖὲ.

596 5630 667 5664 Iit:
694 5638 742 5664 nl
776 5628 887 5664 ῐὶιισ
934 5626 1152 5664 nni-nnc
1175 5623 1235 5664 σε).
1262 5636 1476 5664 meum
1500 5636 1593 5664 mu
1629 5616 1911 5664 ἀνθρώπου
1942 5612 2001 5664 τὸ
2063 5627 2088 5661 ν

526 5612 748 5697 Ed‘iti'et
774 5628 908 5697 Reg.
934 5612 1235 5697 quintus-1:0
1262 5621 1476 5697 πνεῦμα
1500 5612 1911 5697 τοῦ-ἀνθρώπου
1942 5612 2001 5665 τὸ
2034 5612 2092 5697 ἐν

530 5680 920 5761 ἔιέῶξιδωέἰίι
945 5680 1072 5750 édiu
1096 5695 1145 5746 εἰ
1173 5694 1246 5763 μὴ
1273 5680 1489 5761 πνεῦμα
1513 5689 1592 5742 τό.
1620 5680 1763 5743 ωιηῖί
1795 5694 2002 5740 veteres
2033 5680 2093 5734 τδ

2193 5065 2633 5201 εἰ
2656 5117 2993 5201 οοάςξμηρε
3020 5114 3160 5201 πλὴν
3186 5113 3218 5186 ἢ
3243 5112 3339 5201 τῷ.
3369 5113 3598 5201 ᾼὶίῑῃξοξ
3621 5128 3754 5201 mss.

2193 5185 2408 5261 «tam
2434 5185 2532 5257 τῷ.
2568 5187 2686 5241 Mox
2716 5187 2845 5261 editi
2876 5187 2997 5261 τῆς
3026 5185 3218 5261 σοφίας
3249 5185 3435 5261 αὑτοῦ.
3469 5185 3622 5261 Illud.
3657 5186 3759 5238 αὺ-

2189 5254 2306 5342 τοῦ,
2338 5260 2390 5313 in
2425 5254 2554 5313 més.
2585 5270 2690 5310 non
2714 5254 3015 5322 invenitur;
3042 5254 3113 5309 ob
3139 5256 3300 5324 idque
3320 5254 3602 5309 delendum
3631 5267 3761 5308 cen—

2190 5344 2415 5385 8111111118.

2261 5398 2375 5470 (93)
2408 5395 2560 5470 Illud,
2596 5393 2837 5470 γνωστὸν
2878 5392 2971 5448 τοῦ
2994 5391 3152 5470 Θεοῦ,
3188 5393 3259 5446 ita
3281 5390 3553 5470 redditum
3583 5400 3668 5470 est
3700 5391 3757 5445 in

2192 5460 2420 5536 Vulgata
2440 5486 2466 5536 ,ε
2497 5460 2650 5530 Quod
2672 5478 2850 5536 notum
2883 5475 2957 5518 est
2993 5463 3126 5527 Dei;
3156 5464 3294 5536 apud
3318 5461 3621 5529 Erasmum,
3655 5460 3760 5518 hoc

2195 5532 2394 5614 modo;
2410 5535 2494 5614 1d
2521 5536 2659 5603 quod
2689 5534 2754 5614 de
2790 5532 2899 5614 0-20
2928 5534 3167 5614 cognosci
3192 5532 3380 5614 potest.

2265 5607 2375 5678 (9-1)
2409 5602 2541 5677 Reg.
2567 5613 2789 5675 quartus
2822 5602 2910 5658 διὰ
2934 5602 3045 5658 τῶν
3066 5602 3428 5674 γραμμάτων.
