4016 6220
426 281 530 335 5ίὸ

1510 277 1880 336 ADVERSUS
1919 281 2287 339 EUNOMIUM
2330 283 2456 337 LIB.
2503 284 2541 338 i.

3570 277 3674 335 546

413 394 547 447 Θεοῦ
577 391 670 462 τὴν
703 389 888 442 οὐσίαν
924 388 1073 459 παρά
1113 388 1206 442 τοῦ
1248 389 1504 460 Ἰεζεκιὴλ
1549 391 1834 459 διδαχθεὶς,
1892 392 1976 444 πάι

2094 403 2178 446 tur
2202 395 2276 461 ⁸³;
2305 405 2468 464 atque
2501 397 2603 449 hoc
2637 403 2792 463 pacto
2823 411 2928 447 non
2977 394 3141 448 falsas
3167 394 3363 458 solum,
3401 395 3496 448 sed
3533 398 3672 450 inter

414 486 495 536 λιν
520 483 630 552 πῦρ
657 477 791 532 εἶναι
811 480 901 532 τὸν
931 480 1062 532 Θεὸν
1094 479 1242 550 παρὰ
1276 479 1368 532 τοῦ
1400 480 1642 543 Μωσέως
1677 482 1987 545 ἀκούσεται,

413 575 506 628 καὶ
551 573 698 644 παρά
725 571 816 624 τοῦ
853 570 1015 640 σοφοῦ
1063 572 1263 642 Δανιὴλ
1311 572 1448 642 πρὸς
1485 572 1650 636 ἄλλας
1692 573 1989 644 ὑπολήψεις

414 663 870 734 ἀπενεχθήσεται·
932 664 1025 714 καὶ
1054 662 1225 725 οὕτως
1269 663 1329 714 οὐ
1380 661 1595 730 ψευδεῖς
1629 663 1807 732 μόνον,
1859 663 1994 716 ἀλλά

413 757 508 809 καὶ
539 754 848 826 μαχομένας
877 753 1131 825 ἀλλήλαις
1166 755 1231 807 ἐκ
1262 755 1369 806 τῶν
1390 755 1740 826 Γραμμάτων
1769 756 1994 828 εὑρεθή-

418 863 570 899 σεται
615 845 713 908 τάς
747 845 1046 914 φαντασίας
1080 845 1493 916 ἀναλεγόμενος.
1544 847 1858 917 Ἀφεμένοις
1886 847 1994 918 (95)

412 934 506 991 οῦν
528 939 628 1009 τῆς
654 937 795 991 κατὰ
818 937 917 1009 τὴν
940 938 1128 991 οὐσίαν
1162 938 1692 1010 πολυπραγμοσύνης
1724 940 1799 1002 ὡς
1829 941 1995 1008 ἀνεφ-

418 1034 590 1096 ίκτου,
623 1034 689 1101 τῇ
729 1031 872 1102 ἁπλῇ
893 1031 1209 1102 παραινέσει
1240 1032 1334 1084 τοῦ
1367 1031 1689 1086 Ἀποστὸλου
1721 1033 1990 1093 πειστέον,

411 1121 698 1190 λέγοντος·
735 1121 1064 1174 Πιστεῦσαι
1117 1121 1229 1189 γὰρ
1275 1119 1370 1172 δεῖ
1415 1119 1673 1186 πρῶτον,
1731 1119 1819 1173 ὅτι
1863 1121 1995 1174 ἔστι

415 1213 578 1279 Θεὸς,
607 1212 703 1266 καὶ
754 1211 878 1278 τοῖς
920 1210 1272 1278 ἐκζὴτοῦσιν
1313 1212 1500 1264 αὑτὸν
1542 1214 1993 1281 μισθαποδότης

411 1306 653 1373 γίνεται.
691 1304 764 1355 Οὐ
799 1302 964 1373 γὰρὴ
1003 1303 1096 1355 τοῦ
1127 1303 1180 1355 τί
1213 1303 1362 1355 ἐστιν
1402 1302 1770 1374 ὲξερεύνησις,
1811 1305 1926 1358 ἀλλ’
1956 1309 1988 1377 ἡ

410 1395 502 1448 τοῦ
533 1397 613 1448 ὄτι
647 1393 798 1447 ἔστιν
825 1393 1082 1463 ὁμολογία
1121 1393 1218 1465 τὴν
1260 1395 1532 1464 σωτηρίαν
1567 1396 1697 1465 ἡμῖν
1733 1395 1847 1467 (96)
1882 1413 1990 1448 πα-

414 1485 757 1558 ρασκευάζει.
795 1486 948 1540 Ἐπεὶ
987 1481 1078 1538 οῦν
1113 1486 1468 1557 ἀπερινόητος
1501 1486 1788 1557 ἀνθρώπου
1830 1487 1988 1556 φύσει

409 1581 502 1632 καὶ
532 1580 766 1650 άρρητος
794 1577 1070 1640 παντελῶς
1091 1580 1123 1648 ἡ
1145 1578 1300 1630 οὐσία
1320 1578 1410 1630 τοῦ
1437 1578 1571 1631 Θεοῦ
1592 1580 1986 1643 ἀποδέδεικται,

2098 499 2156 535 se
2187 485 2347 538 etiam
2381 494 2682 554 pugnantes
2708 484 3120 552 imaginationes
3142 499 3206 536 ex
3235 483 3533 552 Scripturis
3565 488 3670 537 col.

2099 578 2263 642 ligere
2304 576 2626 644 reperietur.
2657 574 2890 628 Proinde
2917 574 3130 628 curiosa
3171 572 3419 626 essentiae
3446 571 3670 642 indaga-

2103 669 2265 728 tione,
2293 676 2547 736 tauquam
2577 683 2697 737 qua:
2725 677 2938 736 captum
2965 675 3208 719 nostrum
3234 673 3478 731 superet,
3507 663 3669 734 227

2103 759 2308 822 relicta,
2339 759 2668 812 credendum
2708 759 2862 812 nobis
2892 766 2973 812 est
3007 757 3234 825 simplici
3270 757 3500 810 consilio
3529 757 3666 823 Apo-

2095 850 2238 912 stoli,
2289 851 2377 918 qui
2415 851 2542 903 dicit
2581 867 2594 902 :
2634 849 2773 902 Nam
2819 851 3043 919 primunt
3075 850 3283 902 credere
3316 857 3538 918 oportet,
3562 864 3672 901 esse

2098 939 2281 1004 Deum,
2310 950 2357 995 et
2381 957 2489 995 esse
2518 955 2962 995 remuneratorem
2996 940 3350 1011 quwrentibus
3385 957 3440 995 se
3461 939 3525 992 ⁸⁸.
3552 939 3667 995 Non

2095 1032 2236 1086 enim
2284 1032 2626 1100 investigatio
2683 1047 2785 1101 qua
2821 1042 3227 1102 perscrutamur
3271 1033 3399 1100 quid
3443 1032 3533 1096 sit,
3575 1034 3670 1086 sed

2097 1123 2366 1177 confessio
2401 1137 2508 1192 qua
2540 1124 2714 1193 ipsum
2739 1137 2860 1178 esse
2885 1123 3230 1189 confitemur,
3259 1123 3486 1178 salutem
3517 1124 3671 1176 nobis

2097 1216 2370 1271 conciliat.
2406 1215 2586 1282 Quare
2607 1231 2728 1270 cum
2776 1217 3204 1270 demonstratum
3241 1216 3331 1280 sit,
3378 1215 3666 1270 essentiam

2099 1306 2190 1360 Dei
2235 1306 2302 1359 ab
2342 1305 2571 1359 humana
2598 1315 2789 1358 natura
2836 1305 3056 1375 intelligi
3108 1320 3172 1360 ac
3207 1304 3464 1374 explicari
3524 1303 3670 1357 nullo

2097 1395 2255 1450 modo
2285 1408 2445 1462 posse
2465 1433 2480 1459 ,
2522 1394 2789 1463 reliquum
2816 1405 2893 1448 est
2923 1406 2983 1448 ut
3018 1395 3085 1448 de
3123 1395 3235 1462 ipsa
3263 1393 3670 1464 iugeneratione

2097 1486 2434 1555 inquiramus
2474 1487 2602 1555 quid
2633 1486 2724 1550 sit,
2775 1495 2830 1540 et
2860 1489 3126 1556 quomodo
3176 1500 3294 1540 eam
3329 1486 3382 1540 in
3413 1485 3523 1541 Deo
3548 1485 3669 1539 uni-

2097 1591 2377 1631 versorum
2416 1576 2772 1643 speculemur.

408 1670 724 1741 λειπόμενόν
775 1673 890 1722 ἐστι
933 1672 1063 1738 περὶ
1127 1670 1225 1741 τῆς
1269 1671 1594 1742 ἀγεννησίας
1650 1673 1820 1745 αὐτῆς
1869 1673 1921 1725 τί
1959 1672 2019 1725 τέ
2056 1673 2192 1736 ἐστι,
2223 1670 2318 1723 καὶ
2357 1668 2475 1732 πῶς
2525 1670 2904 1740 ὲπιθεωρεῖται
2953 1668 3030 1740 τῷ
3056 1669 3175 1741 Θεῷ
3214 1670 3324 1722 τῶν
3365 1668 3502 1722 ὅλων
3528 1666 3668 1733 διεξ,

407 1762 600 1816 ελθεῖν.

479 1853 565 1907 15.
601 1853 934 1924 Εὐρίσκομεν
980 1848 1073 1907 οῦν
1126 1852 1486 1924 λογιζόμενοι,
1549 1856 1632 1908 ὅτι
1678 1856 1780 1909 οὐκ
1827 1857 1884 1909 ὲν
1916 1859 1983 1926 τῇ
2017 1864 2059 1918 Β

404 1945 494 1997 τοῦ
537 1945 589 1997 τί
621 1947 767 1998 ἐστιν
802 1947 1148 2016 ἀνερευνήσει
1179 1947 1212 2016 ἡ
1257 1945 1352 1997 τοῦ
1396 1948 1692 2018 ἀγεννήτου
1733 1949 1866 2018 ἡμῖν
1900 1947 1984 1999 έν-

403 2055 519 2090 νοια
541 2038 856 2101 ὑποπίπτει,
883 2037 1016 2090 ἀλλά
1043 2037 1262 2107 μᾶλλον,
1293 2039 1378 2091 ἵνα
1408 2039 1740 2109 βιασάμενος
1768 2039 1878 2110 (97)
1913 2040 1982 2092 εῐ-

404 2147 490 2181 πω
516 2130 607 2182 τὸν
633 2131 808 2198 λόγον,
843 2133 898 2183 ὲν
923 2133 987 2201 τῇ
1018 2131 1296 2192 τοῦδπως
1333 2131 1500 2185 ἐστίν.
1549 2129 1847 2198 Ἐξετάζων
1874 2131 1982 2201 γὰρ

402 2220 556 2291 ἡμῶν
576 2222 604 2274 ὁ
632 2221 775 2285 νοῦς,
798 2222 846 2272 εί
879 2224 906 2274 ὁ
928 2222 1020 2274 ἐπὶ
1046 2222 1263 2276 πάντων
1286 2223 1419 2285 Θεὸς
1441 2223 1633 2276 ἑαυτοῦ
1653 2240 1772 2276 τινα
1803 2214 1981 2278 αἰτίαν

401 2312 797 2382 ὑπερκειμένην
847 2311 979 2382 ἕχει,
1017 2308 1135 2366 εἷτα
1173 2313 1233 2365 οὐ
1278 2313 1574 2384 δυνάμενος
1621 2315 1859 2367 ἐπινοεῖν
1888 2317 1980 2368 οὐ-

398 2404 611 2473 δεμίαν,
643 2405 703 2456 τὸ
730 2404 964 2474 ἄναρχον
990 2405 1155 2457 αὑτοῦ
1187 2405 1286 2474 τῆς
1318 2405 1464 2476 ζωῆς
1491 2407 1784 2477 ἀγέννητον
1815 2424 1982 2478 προσ-

397 2499 718 2568 ηγόρευσεν.
769 2497 856 2560 Ὠς
887 2496 996 2568 γὰρ
1026 2499 1082 2550 ὲν
1121 2500 1231 2560 τοῖς
1269 2498 1393 2568 περὶ
1421 2497 1531 2551 τῶν
1564 2499 1866 2570 ἀνθρώπων
1890 2501 1980 2552 λό-

399 2604 535 2655 γοις,
562 2590 690 2642 ὅταν
720 2589 971 2659 λέγωμεν
1000 2591 1103 2652 ὅτι,
1134 2590 1191 2643 Ὁ
1211 2588 1355 2642 δεῖνα
1385 2591 1448 2641 ἐκ
1477 2591 1629 2643 τοῦδε
1658 2591 1898 2659 γέγονεν,
1917 2593 1976 2644 οὐ

399 2679 458 2732 τὸ
479 2680 530 2732 τί
558 2683 702 2734 ἐστιν
736 2682 988 2744 ἑκάστου,
1019 2680 1152 2735 ἀλλά
1174 2681 1234 2734 τὸ
1259 2680 1380 2734 ὅθεν
1405 2682 1592 2750 γέγονε
1621 2683 1974 2754 διηγούμεθα·

401 2773 544 2826 οὕτω
573 2776 666 2829 καὶ
700 2777 758 2827 ἐν
776 2778 900 2840 ’τοῖς
925 2777 1049 2847 περ)⁴
1073 2774 1208 2828 Θεοῦ
1239 2776 1271 2846 ἡ
1301 2776 1628 2844 ἀγέννητος
1657 2775 1806 2846 φωνὴ
1828 2777 1886 2828 οὐ
1918 2777 1979 2830 τὸ

398 2865 472 2927 τί,
501 2864 636 2917 ἀλλά
662 2865 723 2917 τὸ
750 2865 860 2936 (98)
893 2865 1204 2936 μηδαμόθεν
1236 2864 1400 2919 αὑτοῦ
1437 2865 1711 2934 σημαίνει.
1749 2865 1904 2919 Οὕτω
1931 2869 1975 2921 δ’

399 2955 464 3008 ἂν
494 2957 820 3028 σαφέστερον
847 2958 875 3010 ὃ
904 2957 1045 3026 λέγω
1074 2959 1303 3026 γένοιτο.
1347 2958 1403 3009 '0
1427 2957 1814 3029 εὐαγγελιστὴς
1841 2961 1978 3012 Λου-

399 3048 519 3109 κᾶς,
553 3048 650 3117 τὴν
680 3048 821 3102 κατά
854 3048 1032 3119 σάρκα
1062 3048 1412 3116 γενεαλογίαν
1444 3046 1538 3099 τοῦ
1566 3048 1701 3101 Θεοῦ
1739 3050 1831 3102 καὶ
1864 3051 1976 3103 Σω-

404 3139 560 3210 τῆρος
603 3140 759 3210 ἡμῶν
811 3141 984 3213 Ἰησοῦ
1035 3143 1266 3213 Χριστοῦ
1319 3143 1684 3215 ἐκτιθέμενος,
1721 3143 1816 3196 καὶ
1867 3144 1974 3197 ἀπὸ

405 3234 500 3287 τῶν
533 3235 856 3288 τελευταίων
885 3236 978 3289 ἐπὶ
1019 3238 1146 3300 τοὺς
1187 3237 1437 3308 πρώτους
1483 3237 1840 3301 ἀναποδίζων,
1871 3239 1972 3309 ἥρ·
2003 3208 2044 3267 C

398 3326 521 3390 ξατο
557 3326 656 3396 μὲν
695 3327 800 3380 ἀπὸ
832 3326 924 3379 τοῦ
967 3328 1163 3398 Ἰωσήφ
1185 3345 1196 3358 ·
1246 3327 1414 3380 εἰπὼν
1448 3328 1504 3381 δὲ
1533 3328 1723 3382 τοῦτον
1752 3329 1849 3398 μὲν
1880 3326 1974 3382 τοῦ

405 3416 573 3483 Ἠλεὶ,
613 3418 704 3471 τὸν
745 3419 802 3472 δὲ.
832 3417 927 3472 τοῦ
957 3421 1217 3482 Mundam,
1249 3420 1344 3472 καὶ
1387 3419 1530 3473 οὕτω
1578 3420 1720 3474 κατά
1773 3420 1974 3474 ἀνάλυ-

395 3527 478 3563 σιν
525 3511 634 3582 (99)
685 3513 818 3582 πρὸς
856 3513 948 3565 τὸν
1004 3512 1174 3582 Ἀδὰμ
1209 3512 1306 3582 τὴν
1353 3512 1613 3582 ἐξήγησιν
1660 3513 1970 3580 ἐπανάγων,

396 3596 510 3653 εἶτα
544 3600 712 3655 ἐλθὼν
758 3601 852 3654 ἐπὶ
889 3602 1015 3663 τοὺς
1059 3601 1189 3664 ἄνω,
1229 3602 1324 3654 καὶ
1382 3600 1551 3654 εἰπὼν
1585 3602 1666 3654 ὃτι
1699 3603 1728 3653 ὁ
1761 3601 1868 3672 Σὴθ
1910 3603 1975 3655 ἐκ

400 3691 482 3746 τοῦ
531 3693 724 3763 Ἀδὰμ,
759 3696 787 3746 ὁ
834 3693 893 3746 δὲ
938 3692 1108 3762 Ἀδὰμ
1153 3694 1217 3745 ὲκ
1265 3690 1358 3745 τοῦ
1394 3691 1550 3757 Θεοῦ,
1594 3690 1827 3745 ἐνταῦθα
1873 3694 1975 3762 τῆς

393 3785 708 3848 ἀναϐάσεως
742 3785 958 3854 ἔληξεν·
996 3785 1116 3854 οὐχὶ
1142 3784 1245 3848 τὰς
1293 3783 1480 3846 οὐσίας
1513 3784 1590 3850 (1)
1625 3783 1731 3836 τῶν
1767 3783 1971 3854 ἀπηρι-

391 3877 683 3948 θμημένων
723 3877 899 3947 δηλῶν
934 3879 990 3929 ὲν
1023 3879 1087 3946 τῇ
1133 3876 1382 3946 διηγήσει
1415 3875 1512 3946 τῆς
1547 3875 1780 3928 ἑκάστου
1817 3877 1971 3944 γενέο

389 3987 545 4034 σεως,
578 3971 713 4024 ἀλλὰ
741 3970 840 4032 τὰς
877 3972 1163 4041 προσεχεῖς
1194 3968 1368 4040 ἀρχὰς
1401 3969 1492 4037 ἀφ’
1526 3962 1595 4039 ἦς
1619 3968 1850 4031 ἕκαστος
1879 3967 1972 4037 γέ-

387 4077 542 4129 γονεν
583 4062 950 4131 ἐκτιθέμενος.
988 4061 1199 4130 ’Ὠσπερ
1232 4056 1325 4112 οὖν
1361 4059 1567 4121 ἐκεῖνος
1609 4053 1782 4122 εἶπεν,
1813 4059 1894 4110 ὅτι
1939 4058 1969 4110 ὁ

2163 1850 2250 1904 15.
2313 1849 2634 1918 Reperimus
2697 1850 2882 1920 itaque
2945 1863 3059 1904 rem
3125 1858 3459 1919 reputantes,
3520 1850 3664 1918 quod

2086 1959 2191 1998 non
2238 1944 2289 1996 in
2349 1942 2704 2006 scrutatione,
2762 1957 2867 2013 qua
2914 1943 3041 2011 quid
3083 1942 3155 1997 sit
3194 1952 3519 2006 scrutamur,
3580 1943 3666 2005 in-

2085 2035 2250 2105 geniti
2313 2034 2467 2089 nobis
2534 2034 2681 2088 notio
2741 2035 2949 2089 accedit
2997 2052 3012 2090 :
3059 2035 3153 2089 sed
3199 2035 3398 2104 potius,
3455 2042 3516 2087 ut
3568 2048 3661 2088 eo-

2083 2135 2234 2181 actus
2272 2124 2593 2179 sententiam
2622 2125 2819 2192 dicam,
2873 2125 2924 2179 in
2952 2125 3303 2190 scrutatione,
3353 2139 3458 2196 qua
3507 2139 3662 2178 scru-

2084 2227 2264 2272 tamur
2318 2217 2590 2287 quomodo
2645 2209 2736 2272 Sit.
2797 2216 2932 2272 Nam
2990 2233 3110 2272 cum
3146 2232 3299 2272 mens
3338 2227 3524 2274 nostra
3567 2233 3665 2273 ex-

2081 2315 2266 2384 pendit
2313 2330 2382 2370 an
2436 2314 2579 2369 Deus
2625 2314 2715 2382 qui
2769 2322 2854 2368 est
2905 2326 3068 2382 super
3120 2315 3301 2368 omnia
3321 2313 3391 2380 3‘,
3443 2329 3659 2369 causam

2081 2406 2318 2476 aliquam
2372 2419 2430 2461 se
2479 2405 2818 2476 superiorem
2862 2403 3082 2472 habeat,
3115 2419 3216 2460 nec
3267 2417 3443 2460 tamen
3498 2405 3661 2460 ullam

2082 2500 2396 2568 excogitare
2427 2507 2634 2567 potest,
2677 2497 2796 2566 ejus
2837 2497 3000 2551 vitam
3037 2497 3304 2567 principio
3345 2504 3659 2562 carentem,

2081 2591 2379 2661 ingenitum
2406 2589 2725 2660 fappellavit.
2766 2589 3234 2656 Quemadmodum
3269 2590 3416 2643 enim
3449 2589 3504 2642 in
3549 2605 3663 2644 ser-

2080 2684 2330 2737 monibus
2364 2683 2454 2752 qui
2489 2682 2558 2736 de
2587 2681 2900 2736 hominibus
2941 2680 3318 2744 instituuntur,
3360 2695 3484 2734 cum
3521 2679 3659 2734 dici-

2081 2789 2237 2830 mus:
2273 2774 2374 2830 Hic
2402 2789 2470 2830 ex
2499 2772 2591 2829 illo
2626 2785 2787 2827 natus
2817 2782 2938 2840 est;
2970 2787 3076 2826 non
3107 2773 3234 2841 quid
3263 2775 3356 2836 sit,
3391 2773 3488 2828 sed
3519 2774 3660 2827 unde

2079 2877 2238 2924 natus
2263 2868 2355 2931 sit,
2386 2880 2673 2921 narramus
2698 2883 2711 2919 :
2740 2865 2820 2919 sic
2841 2873 2896 2918 et
2924 2865 2976 2918 in
3003 2865 3069 2919 iis
3089 2865 3178 2935 qui
3218 2865 3284 2919 de
3308 2865 3418 2920 Deo
3451 2864 3658 2918 baben-

2079 2969 2166 3014 tur
2194 2958 2554 3022 sermonibus,
2583 2971 2684 3010 vox
2707 2956 2968 3024 ingenitus
2992 2970 3097 3010 non
3125 2955 3254 3028 quid
3284 2956 3375 3020 sit,
3407 2955 3503 3009 sed
3529 2969 3654 3012 eum

2077 3053 2144 3106 ab
2175 3052 2284 3107 alio
2328 3065 2436 3105 non
2482 3063 2606 3106 esse
2654 3049 2944 3118 signiﬁcat.
2991 3050 3144 3116 Quod
3179 3057 3358 3104 autem
3395 3049 3554 3116 dico,
3606 3047 3660 3103 id

2077 3143 2180 3200 hoc
2211 3147 2373 3201 modo
2403 3145 2495 3201 ﬁet
2520 3145 2695 3215 magis
2723 3146 3094 3212 perspicuum.
3119 3145 3295 3200 Lucas
3323 3145 3654 3213 evangelista

2078 3237 2446 3308 genealogiam
2498 3239 2589 3291 Dei
2631 3249 2686 3293 et
2732 3238 3033 3294 Salvatoris
3079 3239 3251 3294 nostri
3288 3236 3413 3293 Jesu
3451 3237 3654 3292 Christi

2077 3329 2371 3384 secundum
2403 3344 2622 3383 carnem
2655 3345 2952 3399 exponens,
2984 3339 3038 3384 et
3084 3329 3153 3384 ab
3198 3329 3408 3384 ultimis
3441 3329 3506 3383 ad
3542 3330 3654 3398 pri-

2078 3434 2194 3475 mos
2219 3420 2448 3483 rediens,
2486 3420 2689 3490 incepit
2715 3421 2934 3491 quidem
2965 3436 2992 3474 a
3016 3421 3218 3490 Joseph
3243 3436 3260 3474 :
3287 3420 3383 3477 sed
3407 3420 3496 3475 ubi
3522 3421 3657 3474 dixit

2078 3510 2223 3566 hunc
2270 3509 2388 3565 Heli
2438 3525 2581 3577 esse,
2625 3513 2771 3566 hunc
2800 3526 2931 3567 vero
2963 3511 3204 3578 Mathan,
3241 3512 3430 3581 sicque
3465 3511 3657 3566 ordine

2078 3605 2296 3659 inverso
2329 3606 2394 3657 ad
2423 3605 2596 3658 Adam
2625 3619 2800 3675 usque
2823 3606 3200 3660 narrationem
3232 3603 3506 3674 perduxit,
3542 3613 3651 3657 tum

2082 3694 2149 3748 ad
2187 3695 2501 3764 superiores
2544 3711 2886 3767 prOgressus,
2919 3711 3042 3750 cum
3092 3695 3322 3750 dixisset
3365 3693 3496 3751 Seth
3533 3709 3654 3749 esse

2078 3800 2144 3839 ex
2177 3787 2369 3852 Adam,
2402 3790 2574 3842 Adam
2600 3803 2732 3843 vero
2756 3804 2824 3844 ex
2858 3787 2988 3853 Deo,
3020 3789 3110 3842 hic
3149 3801 3436 3843 ascensum
3471 3786 3654 3841 termi-

2078 3877 2230 3930 navit
2258 3878 2322 3929 ⁸⁸.
2357 3879 2464 3933 Nec
2493 3887 2695 3944 tamen,
2737 3894 2860 3933 cum
2891 3877 3323 3949 uniuscujusque
3347 3879 3653 3950 generatio-

2076 3984 2200 4023 nem
2235 3980 2504 4037 narraret,
2547 3986 2735 4026 eorum
2773 3972 2864 4042 qui
2907 3973 3211 4028 enumerati
3253 3971 3474 4027 fuerant
3506 3971 3652 4026 indi-

2075 4062 2219 4113 cavit
2251 4062 2557 4117 essentias:
2591 4062 2688 4119 sed
2716 4063 2954 4134 origines
2985 4063 3262 4134 proximas
3288 4062 3435 4118 unde
3468 4075 3646 4117 unus-

455 4241 500 4275 ⁸⁸
528 4241 660 4296 Dan.
698 4257 793 4306 vn,
824 4243 878 4295 9.
952 4240 1000 4274 ⁸⁸
1030 4240 1194 4296 Hebr.
1224 4255 1303 4304 ιι,
1333 4239 1385 4292 6.
1461 4239 1506 4268 ⁸⁵
1533 4236 1695 4290 Rom.
1728 4251 1805 4300 η,
1837 4234 1888 4288 5.
1965 4237 1976 4310 j

2080 4252 2184 4292 .uc.
2217 4251 2299 4301 Ill,
2326 4239 2519 4294 23-58.

464 4401 573 4473 (95)
605 4402 782 4476 Codex
810 4417 972 4476 Aunus
1013 4401 1339 4471 ἀφεμένους.
1373 4401 1478 4476 Alii
1528 4402 1796 4476 quinque
1820 4412 1951 4451 mss.

2134 4393 2245 4467 (97)
2279 4395 2432 4456 Illud.
2463 4398 2547 4476 ἵνα
2581 4399 3084 4476 βιασάμενοςηοιοη
3128 4400 3463 4476 inverterat
3486 4399 3646 4476 i_nter-

390 4468 510 4526 cum
548 4468 776 4541 vulgatis
799 4468 1090 4541 ἀφεμένοις
1123 4468 1136 4524 Ξ
1167 4487 1326 4540 quam
1357 4472 1680 4541 scripturam
1703 4468 1952 4521 vitiosam

389 4558 507 4596 esse
532 4538 886 4595 Combelisins
911 4538 1141 4593 credidit
1167 4538 1194 4604 ;’
1219 4551 1273 4593 et
1306 4541 1378 4592 ita
1407 4541 1549 4593 hunc
1573 4538 1745 4591 locum
1775 4551 1962 4590 emen-

387 4613 553 4674 davit,
591 4621 646 4664 ut
678 4625 773 4680 pro
795 4608 1087 4680 ἀφεμένοις
1116 4609 1256 4676 legat
1289 4609 1586 4679 ἀφεμένης.
1617 4606 1815 4661 Fateor
1844 4607 1962 4672 qui-

391 4685 510 4735 dem
557 4683 696 4734 hanc
725 4681 1159 4733 emendationem
1209 4680 1382 4746 primo
1428 4687 1647 4747 aspectu
1711 4692 1962 4747 necessa-

392 4756 526 4805 riam
554 4750 722 4803 videri
777 4767 793 4802 :
831 4751 923 4802 sed
965 4750 1008 4802 si
1061 4745 1323 4816 quispiam
1362 4745 1678 4814 rem'paulo
1704 4746 1959 4799 attentius

390 4821 714 4878 consideret.
765 4819 1049 4873 lectionem
1080 4818 1238 4871 aliam
1270 4817 1484 4871 defendi
1524 4832 1681 4884 posse
1732 4816 1960 4869 fortasse

390 4906 494 4943 non
536 4890 770 4956 negabit,
806 4899 914 4941 tum
952 4888 1022 4942 ob
1043 4901 1366 4941 consensum
1399 4895 1642 4956 veterum
1676 4884 1955 4945 librorum,

389 4968 498 5013 tum
524 4954 663 5026 quod
691 4974 791 5012 vox
818 4960 950 5027 ἡμῖν
984 4958 1152 5025 possit
1187 4954 1446 5027 suppleri,
1483 4956 1590 5027 hoc
1611 4956 1768 5008 modo
1795 4971 1807 5006 :
1839 4969 1958 5027 πεις

387 5023 701 5099 στέονήμῖν
728 5023 1018 5099 ἀφεμένοις
1044 5027 1141 5096 τῆς
1181 5025 1318 5078 κατὰ
1343 5023 1661 5099 τὴν-οὐσίαν
1703 5063 1716 5076 .
1744 5061 1759 5076 .
1785 5062 1798 5099 .
1823 5061 1836 5074 .
1889 5025 1953 5093 τῇ

385 5100 553 5170 ἁπλῇ,
587 5094 692 5170 etc.
734 5094 925 5170 Nobis,
966 5094 1232 5170 curiosum
1271 5094 1509 5170 essentid:
1557 5094 1953 5170 indagationem

385 5163 757 5229 oncittentibus,
807 5165 1119 5220 credendum
1153 5174 1227 5219 est
1259 5164 1501 5232 simplici.
1543 5172 1650 5216 etc.
1684 5163 1752 5216 Et
1805 5171 1954 5214 certe

384 5254 505 5291 cum
545 5237 736 5292 Latine
788 5237 892 5290 dici
927 5237 1117 5304 possit,
1144 5233 1314 5304 nobis
1348 5231 1663 5286 credendum
1697 5243 1771 5304 est
1819 5231 1955 5304 ᾼρο·

383 5309 541 5371 διοΙο,
584 5323 688 5361 non
735 5307 891 5359 video
925 5302 1021 5359 cur
1058 5305 1244 5359 Graece
1288 5303 1391 5358 dici
1442 5318 1545 5355 non
1597 5302 1784 5369 possit,
1817 5302 1951 5370 ἡμῖν

384 5378 630 5430 πειστέον
660 5376 740 5448 τῷ
773 5374 1080 5448 Ἀποστόλῳ
1138 5393 1151 5428 :
1185 5388 1292 5448 quo
1323 5372 1501 5448 semel
1534 5372 1680 5448 dato,
1724 5386 1823 5424 vox
1848 5373 1952 5448 ἀφ-

383 5448 596 5514 εμένοις
623 5450 688 5501 ad
711 5437 898 5501 'vocem
916 5437 1169 5516 ήμΐνίιιιι
1194 5437 1262 5516 ad
1291 5442 1519 5516 similem
1540 5440 1822 5494 referetur.
1846 5440 1950 5494 Le-

383 5510 525 5583 gitur
552 5510 604 5570 in
657 5533 761 5571 uno
788 5510 970 5570 codice
996 5523 1050 5568 et
1079 5517 1130 5566 in
1179 5514 1423 5583 vulgatis
1442 5510 1696 5578 λέγοντος
1725 5526 1950 5562 πιστευ-

380 5581 519 5640 τέον.
551 5588 652 5640 Alii
677 5603 806 5642 mss.
837 5586 1039 5640 habent
1073 5584 1341 5645 πειστέον,
1369 5581 1640 5648 λέγοντος.

451 5657 562 5726 (96)
602 5658 740 5710 Editi
783 5665 836 5709 et
876 5671 1012 5708 uitus
1067 5657 1235 5707 codex
1280 5647 1553 5722 σωτηρίαν
1619 5647 1794 5720 ἡμῶν.
1841 5649 1947 5706 Alii

382 5731 613 5797 quinque
643 5742 772 5780 mss.
810 5727 961 5795 ἡμῖν.

653 5821 926 5883 ΡΑΤιιοι..
973 5818 1091 5880 Gn.
1138 5817 1374 5877 XXIX-

2067 4480 2192 4531 pres
2221 4483 2235 4519 :
2268 4477 2325 4518 ut
2359 4471 2511 4534 quasi
2537 4469 2759 4521 coactus
2783 4473 2882 4521 hoc
2915 4471 3090 4521 dicam
3114 4470 3344 4524 verbum.
3380 4470 3448 4522 At
3477 4469 3641 4523 Com-

2065 4535 2308 4596 beflsius,
2335 4536 2531 4602 rejecta
2558 4539 2661 4591 hac
2690 4539 3154 4604 interpretatione,
3186 4539 3327 4590 hunc
3352 4539 3526 4592 locum
3560 4539 3640 4594 sic

2065 4605 2333 4676 expressit
2359 4623 2371 4658 :
2404 4619 2462 4658 ut
2492 4607 2790 4660 doctrinam
2817 4607 3052 4676 proferre
3096 4609 3258 4660 m‘tar.
3298 4607 3517 4662 Videtur
3544 4609 3642 4661 Ba-

2063 4674 2218 4728 silius
2274 4675 2374 4728 lioc
2409 4678 2525 4729 loco
2551 4674 2825 4730 excusare
2857 4674 3011 4731 sede
3045 4677 3264 4731 minutis
3313 4676 3419 4732 illis
3448 4678 3634 4741 rebus,

2062 4758 2182 4811 quae
2217 4743 2282 4796 ad
2313 4745 2528 4815 scholas
2556 4750 2848 4814 pertinent,
2871 4755 2925 4799 et
2949 4747 3015 4798 ad
3040 4746 3450 4815 grammaticam
3476 4764 3489 4811 ;
3527 4763 3635 4800 mo-

2064 4824 2263 4885 netque
2308 4814 2533 4868 invitum
2571 4832 2630 4869 se
2679 4815 2762 4870 bis
2793 4817 2846 4868 in
2873 4816 3026 4870 tricis
3049 4814 3274 4869 morari.
3301 4816 3379 4870 Ex
3406 4832 3512 4885 quo
3543 4818 3624 4870 inv

2063 4882 2323 4954 telligitur
2349 4885 2844 4953 interpretationem
2875 4885 3216 4954 Trapezuntii
3263 4900 3291 4938 a
3325 4882 3503 4941 mente
3531 4885 3632 4940 Ba-

2059 4953 2164 5004 silii
2200 4965 2302 5003 non
2343 4954 2412 5006 ita
2458 4955 2685 5007 alienam
2714 4955 2906 5020 videri,
2946 4953 3178 5010 nectam
3212 4954 3371 5010 facile
3402 4973 3430 5011 a
3467 4955 3630 5012 Com-

2058 5021 2245 5091 belisio
2277 5023 2548 5091 repudiari
2578 5025 2842 5078 debuisse.

2129 5089 2241 5160 (98)
2281 5089 2463 5146 (Iudex
2504 5109 2641 5146 unus
2673 5094 2733 5146 οὐ
2767 5094 2828 5146 τὸ
2864 5095 2916 5148 τί
2965 5095 3134 5160 ἐστιν,
3184 5093 3320 5149 ἀλλά
3371 5096 3452 5148 τό.
3509 5095 3631 5152 Mox

2233 5171 2288 5215 et
2342 5176 2484 5218 unus
2528 5178 2628 5218 ius.
2673 5164 2872 5217 οὑτωσὶ
2924 5164 2968 5218 δ’
3009 5165 3093 5218 ἄν.
3142 5165 3247 5219 Alii
3308 5180 3436 5221 mss.
3489 5166 3632 5220 οὕτω

2163 5249 2210 5282 ν.

2163 5249 2210 5282 ν.

2128 5300 2238 5374 (99)
2279 5299 2444 5374 illud,
2497 5293 2638 5356 κατὰ
2689 5304 2789 5374 τὴν
2841 5304 3119 5370 ἀνάλυσιν,
3172 5305 3243 5359 ita
3284 5307 3358 5374 ad
3403 5305 3626 5362 verbum

2061 5373 2228 5424 vertit
2291 5373 2614 5440 interpres:
2669 5391 2763 5441 per
2836 5377 3224 5429 resolutionem.
3279 5373 3376 5428 Est
3447 5388 3628 5431 autem

2053 5454 2220 5511 genus
2253 5441 2503 5508 loquendi
2529 5483 2543 5506 ,
2589 5458 2698 5511 quo
2739 5442 2913 5498 Graeci
2951 5445 3026 5498 uti
3066 5446 3334 5509 solebant,
3384 5459 3506 5500 cum
3543 5460 3632 5502 res

2054 5509 2233 5578 aliqua
2291 5511 2506 5566 inverso
2558 5509 2750 5567 ordine
2802 5526 2964 5584 atque
3021 5525 3355 5585 praepostero
3408 5519 3628 5573 dicere-

2051 5587 2158 5632 tur.

2119 5649 2199 5772 (1)
2237 5650 2457 5719 Antiqui
2507 5661 2616 5706 tres
2657 5651 2783 5706 libri
2831 5654 2891 5705 οὐ
2938 5653 3040 5718 τὰς
3085 5654 3294 5718 οὐσίας.
3342 5656 3462 5713 Mox
3499 5659 3627 5715 editi

2152 5718 2364 5772 έμενος.
2393 5722 2464 5772 Αι
2504 5737 2635 5772 mss.
2665 5722 2814 5772 mulli
2844 5725 3214 5772 ἐκτιθέμενος-

2052 5718 2364 5789 ἐκθέμενος.
2385 5718 2464 5777 ’At
2504 5737 2635 5778 mss.
2664 5722 2815 5778 multi
2844 5725 3214 5797 ἐκτιθέμενος.

3239 5820 3312 5882 18
