4016 6220
367 263 475 322 547

1683 262 1741 316 S.
1787 260 2032 319 BASILII
2072 261 2293 319 MAGNI

3522 260 3635 317 548

363 386 597 455 quisque
623 388 780 435 natus
800 384 966 441 esset,
985 375 1254 446 exposuit.
1280 376 1749 443 Quemadmodum
1776 380 1938 448 igitur

2055 380 2225 449 Ἀδὰμ
2266 381 2330 432 ἐκ
2356 377 2450 431 τοῦ
2481 378 2617 432 Θεοῦ
2637 395 2650 409 ο
2677 378 2850 441 οὕτως
2887 378 3048 449 ἡμεῖς
3073 376 3304 441 ἑαυτοὺς
3331 376 3599 447 ἐρωτήσω
3620 406 3634 416 -

367 476 456 530 ille
485 473 627 528 dixit
654 471 824 523 Adam
859 482 928 521 ex
961 468 1071 521 Deo
1101 483 1223 522 esse
1251 486 1264 522 :
1310 468 1392 522 sic
1431 483 1530 522 nos
1572 470 1939 539 nosmetipsos

367 573 766 636 percontemur,
800 562 941 615 Deus
967 569 1145 614 autem
1176 575 1240 613 ex
1274 560 1423 629 quo?
1452 559 1644 614 Nonne
1666 561 1717 614 in
1748 563 1938 615 unius-

365 658 629 728 cujusque
680 664 862 710 mente
910 662 1218 724 promptum
1264 654 1428 708 fuerit
1475 654 1825 722 respondere,
1871 668 1937 708 ex

367 751 553 806 nullo?
579 749 733 816 Quod
759 756 939 802 autem
963 761 1027 800 ex
1057 745 1204 801 nullo
1231 756 1339 809 est,
1371 747 1557 817 utique
1587 749 1706 801 sine
1739 747 1943 815 princi-

364 844 452 910 pio
480 850 565 895 est
594 858 607 894 :
636 848 691 894 et
737 839 880 907 quod
924 838 1044 893 sine
1085 838 1354 907 principio
1392 850 1478 894 est
1502 879 1518 903 ,
1555 838 1607 891 id
1640 839 1939 908 ingenitqu

366 942 469 987 cst.
509 931 661 987 Sicut
701 945 829 1001 ergo
868 931 923 985 in
959 930 1271 984 hominibus
1304 930 1455 1000 origo
1494 942 1563 983 ex
1590 928 1799 997 aliquo,
1832 943 1937 982 non

366 1033 658 1078 esteorum
690 1021 927 1076 essentia
960 1039 973 1073 :
1003 1023 1085 1076 sic
1116 1035 1293 1091 neque
1326 1021 1381 1075 in
1410 1022 1520 1075 Deo
1557 1021 1934 1074 universorum

366 1113 541 1180 ipsum
573 1112 870 1182 ingenitum
899 1111 1041 1179 quod
1068 1110 1210 1166 idem
1234 1120 1320 1166 est
1343 1119 1506 1181 atque
1528 1126 1597 1166 ex
1627 1110 1774 1166 nullo
1796 1126 1936 1175 esse,

365 1202 484 1270 cjus
511 1206 808 1259 essentiam
837 1203 1002 1274 228
1051 1203 1234 1258 dicere
1263 1218 1568 1271 possumus.
1588 1232 1593 1241 ι
1613 1202 1784 1259 Porro
1819 1218 1944 1259 esse

365 1296 486 1349 sine
517 1296 787 1364 principio
808 1332 825 1359 ,
853 1295 1145 1350 essentiam
1184 1309 1307 1349 esse
1332 1295 1423 1363 qui
1455 1295 1606 1357 dicit,
1645 1312 1751 1351 non
1784 1297 1943 1350 aliter

369 1388 500 1441 facit
540 1400 606 1441 ac
644 1386 689 1440 si
734 1387 858 1456 quis
907 1387 1272 1456 interrogatus
1329 1401 1450 1456 qum
1506 1384 1674 1440 fuerit
1707 1387 1940 1441 essentia

366 1479 516 1545 Adae,
538 1487 594 1533 et
619 1493 738 1547 quae
759 1478 929 1548 ipsius
953 1487 1170 1542 natura,
1197 1477 1546 1548 respondeat,
1573 1494 1678 1533 non
1703 1494 1769 1532 ex
1794 1478 1939 1532 coitu

366 1573 468 1627 viri
509 1581 565 1627 et
599 1571 881 1636 mulieris,
929 1571 1026 1625 sed
1085 1570 1272 1624 divina
1318 1584 1482 1623 manu
1533 1568 1938 1624 conformatqu

367 1680 490 1720 eum
522 1664 711 1718 fuisse.
746 1664 836 1729 At,
866 1664 1077 1731 inquiet
1103 1663 1248 1732 quis,
1278 1677 1383 1717 non
1418 1661 1637 1716 modum
1670 1674 1780 1730 quo
1811 1661 1938 1716 sub-

2047 485 2165 536 μεν,
2200 469 2228 519 ὁ
2262 467 2318 519 δὲ
2349 466 2481 530 Θεὸς
2512 469 2575 518 ἐκ
2605 466 2785 531 τίνος;
2825 461 2968 537 Ἀρα
3004 466 3127 536 οὐχὶ
3160 466 3448 538 πρόχειρόν
3482 467 3633 518 ἐστιν

2044 561 2101 612 ὲν
2129 562 2195 630 τῇ
2227 558 2441 629 ἑκάστῳ
2465 558 2695 629 διανοίᾳ,
2728 558 2808 611 ὅτι
2833 557 2891 624 ἐξ
2922 557 3166 623 ούδενός;
3197 557 3271 611 Τὸ
3314 557 3373 610 δὲ
3414 557 3474 623 ἐξ
3504 557 3631 609 οὑδ-

2044 651 2163 713 ενὸς
2190 650 2250 703 τὸ
2272 650 2506 721 ἄναρχόν
2539 652 2654 704 ἐστι
2679 650 2942 721 δηλονότι·
2968 650 3029 703 τὸ
3054 651 3110 703 δὲ
3131 651 3365 721 ἄναρχον
3390 649 3451 703 τὸ
3473 649 3632 718 ἀγιέν⁴

2042 759 2223 814 νητον.
2266 743 2351 806 Ὠς
2382 739 2475 796 οὖν
2505 743 2599 797 ἐπὶ
2625 742 2926 814 ἀνθρώπων
2957 744 3059 797 οὐκ
3081 738 3149 813 ἦν
3179 742 3335 795 οὐσία
3367 742 3426 795 τὸ
3458 741 3521 794 ἐκ
3545 759 3630 793 τι-

2043 850 2152 897 νος,
2178 833 2351 898 οὕτως
2365 835 2485 887 οὐδὲ
2507 835 2600 888 ἐπὶ
2623 834 2716 888 τοῦ
2742 833 2876 889 Θεοῦ
2897 834 3006 888 τῶν
3027 836 3163 889 ὅλων
3181 835 3369 888 οὐσίαν
3389 836 3530 888 ἐστὶν
3550 836 3631 887 εἰ·

2043 930 2167 981 πεῖν
2206 927 2269 981 τὸ
2306 928 2602 998 ἀγέννητον
2638 928 2713 1000 (2)
2737 945 2749 960 ο
2784 929 2921 999 ὅπερ
2959 926 3074 982 ἴσον
3109 928 3229 982 ἐστὶ
3270 928 3348 998 τῷ
3395 927 3453 992 ἐξ
3500 927 3625 981 οὐδ-

2042 1018 2180 1082 ενός.
2229 1020 2288 1072 Ὀ
2309 1019 2366 1072 δὲ
2399 1020 2457 1073 τὸ
2487 1020 2722 1092 ἄναρχον
2745 1020 2931 1074 οὐσίαν
2964 1016 3104 1073 εἶναι
3135 1020 3308 1088 λέγων
3338 1021 3629 1090 παραπλή-

2043 1127 2157 1163 σιον
2193 1114 2372 1174 ποιεῖ,
2412 1111 2603 1184 ὥσπερ
2633 1113 2698 1165 ἂν
2728 1112 2781 1164 εἴ
2808 1129 2912 1176 τις,
2946 1112 3323 1184 ἐρωτώμενος,
3355 1111 3438 1176 τίς
3467 1114 3501 1182 ἡ
3531 1111 3627 1165 τοῦ

2054 1201 2225 1272 Ἀδὰμ
2258 1201 2438 1266 οὐσία,
2481 1203 2577 1256 καὶ
2605 1202 2688 1267 τίς
2736 1206 2770 1275 ἡ
2817 1203 2979 1273 φύσις
3028 1202 3207 1273 αύτῷς
3232 1205 3261 1256 ὁ
3303 1202 3360 1255 δὲ
3399 1203 3628 1273 ἀποκρίο

2040 1309 2204 1356 νοιτο,
2260 1292 2335 1365 μὴ
2370 1293 2445 1364 (5)
2491 1296 2555 1347 ὲκ
2602 1293 2944 1366 συνδυασμοῦ
2988 1294 3180 1366 ἀνδρὸς
3220 1296 3316 1349 καὶ
3350 1295 3624 1364 γυναικδς,

2041 1385 2156 1438 ἀλλ’
2209 1387 2275 1439 ὲκ
2312 1387 2411 1458 τῆς
2450 1386 2599 1451 Θείας
2645 1387 2826 1459 χειρὸς
2859 1388 3278 1458 διαπλασθῆναι.
3334 1386 3471 1440 Ἀλλ’
3506 1387 3628 1457 οὐχὶ

2039 1477 2131 1532 τὸν
2156 1480 2359 1551 τρόπον
2380 1480 2480 1550 τῆς
2510 1481 2862 1545 ὑποστάσεως
2891 1479 3155 1551 ἐπιζητῶ,
3179 1481 3402 1550 φήσειεν
3428 1479 3490 1534 ἄν
3516 1496 3624 1543 τις,

2040 1569 2156 1624 ἀλλ’
2191 1571 2325 1624 αὐτὸ
2366 1570 2460 1624 τοῦ
2515 1571 2805 1644 ἀνθρώπου
2852 1573 2911 1626 τὸ
2949 1572 3132 1626 ὑλικὸν
3176 1571 3559 1642 ὑποκείμενον
3594 1570 3628 1623 ὂ

2042 1662 2239 1716 πολλοῦ
2273 1663 2377 1718 δέω
2409 1663 2703 1735 μανθάνειν
2735 1665 2824 1718 διὰ
2853 1665 2953 1736 τῆς
2982 1666 3343 1737 ἀποκρίσεως.
3373 1663 3540 1719 Τοῦτο
3564 1663 3626 1716 δὲ

372 1759 552 1823 sistat,
588 1756 821 1825 inquiro,
863 1756 957 1810 sed
994 1757 1170 1824 ipsum
1208 1754 1490 1811 materiale
1538 1754 1776 1809 hominis
1808 1753 1941 1808 sub-

2051 1757 2137 1810 καὶ
2174 1758 2305 1827 ἡμῖν
2340 1733 2624 1829 συμϐαίνει
2659 1760 2725 1811 ὲκ
2754 1758 2854 1829 τῆς
2877 1733 2972 1811 τοῦ
3002 1733 3335 1827 ἀγεκάιήτου
3353 1757 3533 1828 φωνῆς
3561 1757 3626 1808 τὺ

363 1851 567 1919 jectum
598 1866 615 1905 :
656 1848 803 1920 quod
836 1848 998 1919 longe
1032 1848 1220 1903 absum
1269 1856 1328 1902 ut
1360 1847 1565 1902 discam
1614 1859 1683 1899 ex
1712 1859 1940 1915 respon-

367 1945 538 1999 sione.
575 1942 690 1997 Hoc
733 1951 915 1996 autem
971 1940 1128 1995 nobis
1174 1941 1340 1995 etiam
1388 1938 1675 2009 contingit,
1717 1953 1841 1992 cum
1874 1952 1941 1992 ex

369 2037 593 2107 ingeniti
626 2048 755 2090 voce
800 2033 974 2102 magis
1002 2033 1279 2103 quomodo
1314 2032 1458 2088 Deus
1486 2033 1595 2097 sit,
1628 2044 1793 2100 quam
1822 2045 1944 2100 quae

367 2130 440 2184 sit
467 2129 587 2199 ejus
614 2138 805 2183 natura
838 2128 1191 2181 edoceamur.

439 2219 526 2275 16.
570 2216 624 2272 In
651 2232 886 2281 summa,
919 2217 963 2270 si
998 2216 1124 2285 quis
1149 2214 1583 2270 velitveritatem
1603 2228 1790 2270 eorum
1823 2228 1945 2285 quae

368 2329 398 2367 a
440 2312 596 2367 nobis
628 2310 884 2364 dicuntur
916 2308 1251 2377 perdiscere,
1287 2320 1345 2362 se
1375 2307 1493 2377 ipse
1522 2317 1899 2376 perscrutetur
1927 2326 1940 2362 :

368 2419 497 2459 num
523 2403 588 2456 ad
622 2401 845 2469 ingeniti
886 2399 1161 2454 notionem
1194 2398 1477 2468 perveniat
1509 2406 1645 2463 tum,
1681 2413 1802 2451 cum
1830 2399 1947 2453 vult

366 2495 571 2566 aliquid
597 2495 662 2549 de
688 2494 794 2547 Deo
819 2491 1140 2560 intelligere.
1166 2489 1280 2560 Ego
1306 2489 1559 2560 equidem
1591 2489 1774 2553 video,
1800 2492 1944 2560 quod

368 2584 698 2657 cog'tatione
752 2582 900 2636 velut
947 2580 1236 2635 inventura
1292 2577 1488 2632 smcula
1539 2587 1782 2643 extenta,
1841 2577 1947 2631 line

370 2686 646 2734 carentem
686 2674 918 2730 dicimus
939 2687 1087 2738 eum,
1114 2670 1273 2740 cujus
1300 2669 1408 2723 vita
1439 2668 1589 2723 nullo
1620 2669 1729 2723 ﬁne
1757 2669 1946 2723 termi-

370 2780 581 2826 natur:
623 2770 697 2823 ita
743 2767 903 2822 etiam
959 2766 1088 2820 dum
1136 2764 1203 2818 ad
1242 2762 1525 2832 superiora
1567 2761 1765 2817 saecula
1814 2776 1946 2815 con-

372 2863 690 2919 scendentes
718 2858 1065 2930 cogitatione,
1093 2865 1258 2925 atque
1286 2856 1339 2910 in
1372 2854 1796 2913 immensitatem
1821 2856 1948 2911 vitae

373 2956 465 3010 Dei
505 2954 653 3008 velut
685 2954 737 3006 in
791 2959 1005 3005 vastum
1047 2949 1321 3018 quoddam
1376 2946 1599 3018 pelagus
1649 2947 1943 3014 intuentes,

371 3063 495 3103 cum
521 3045 844 3117 principium
878 3040 1084 3095 nullum
1110 3040 1254 3094 unde
1279 3039 1353 3094 sit
1380 3038 1787 3109 apprehendere
1821 3053 1945 3105 pos-
1974 3070 2016 3129 α

373 3141 574 3201 simus;
622 3138 732 3189 imo
760 3148 882 3188 cum
923 3133 1205 3187 videamus
1234 3130 1329 3186 Dei
1379 3132 1549 3186 vitam
1601 3130 1741 3186 ultra
1785 3146 1948 3187 omne

371 3230 515 3300 quod
538 3226 920 3288 intelleximus,
946 3235 1164 3292 semper
1186 3221 1407 3277 extendi
1430 3237 1495 3277 ac
1520 3223 1792 3293 protrahi,
1820 3225 1944 3291 hoc,

374 3322 516 3390 quod
546 3321 599 3374 in
629 3319 772 3373 illius
811 3317 918 3371 vita
948 3315 1224 3387 principio
1253 3322 1408 3370 caret
1442 3323 1499 3370 et
1521 3315 1760 3386 origine,
1796 3316 1948 3385 inge—

376 3414 547 3467 nitum
581 3398 919 3465 vocavimus.
959 3407 1086 3462 Haec
1111 3413 1196 3462 est
1231 3406 1378 3460 enim
1407 3407 1559 3462 vocis
1586 3407 1810 3477 ingeniti
1843 3421 1946 3461 no-

374 3507 470 3569 tio,
502 3519 607 3558 non
650 3502 853 3557 habere
884 3499 1099 3555 aliunde
1138 3498 1443 3553 exsistendi
1492 3498 1847 3569 principium.
1877 3499 1948 3553 At

373 3596 708 3662 Eunomius,
741 3593 998 3664 quoniam
1029 3593 1084 3647 in
1128 3591 1246 3647 solo
1291 3592 1673 3648 universorum
1709 3593 1822 3647 Deo
1862 3592 1948 3646 in-

373 3688 610 3758 genitum
645 3685 949 3754 inspicitur,
979 3681 1445 3737 facinorosissime
1472 3682 1716 3738 omnium
1745 3685 1849 3738 hoc
1877 3682 1945 3736 ad

375 3778 645 3848 Unigeniti
680 3773 1074 3846 blasphemiam
1119 3773 1320 3843 rapuit.
1354 3772 1495 3840 Quid
1536 3773 1683 3829 enim
1717 3789 1946 3844 progre-

372 3877 526 3932 diens
553 3874 662 3929 ait?

444 3969 580 4026 Eun.
620 3966 899 4037 lngenitus
928 3971 1112 4019 autem
1159 3977 1284 4020 cum
1325 3962 1435 4028 sit,
1465 3970 1526 4016 ut
1565 3961 1814 4032 superius
1853 3961 1948 4016 de-

372 4061 826 4123 monstravimus,
863 4073 1140 4128 nunquam
1189 4064 1370 4126 potest
1406 4055 1809 4123 generationem
1853 4055 1947 4108 ad-

373 4158 609 4220 mittere,
642 4153 779 4208 adeo
811 4161 874 4205 ut
914 4165 1067 4206 suam
1094 4148 1265 4219 ipsius
1297 4156 1550 4201 naturam
1577 4147 1946 4202 communicet

371 4261 496 4302 cum
526 4244 706 4314 genito
734 4261 748 4296 :
782 4241 1131 4300 sed'omnem
1180 4234 1646 4309 comparationem
1680 4251 1744 4292 ac
1776 4238 1946 4307 parti-

370 4334 695 4413 cipationem
723 4338 844 4391 cum
870 4334 1056 4403 genito
1094 4330 1284 4402 fugiet.

2041 1851 2190 1914 ὅπως
2209 1850 2304 1904 τοῦ
2332 1850 2467 1905 Θεοῦ
2505 1852 2704 1907 μᾶλλον
2732 1852 2766 1923 ἢ
2794 1852 2967 1924 αὐτὴν
2997 1852 3099 1924 τὴν
3127 1850 3288 1921 φύσιν
3316 1846 3628 1920 διδασκομέ-

2042 1960 2175 2008 νοις.

2115 2222 2205 2277 16.
2251 2221 2429 2285 Ὀλως
2474 2221 2532 2274 δὲ
2576 2221 2629 2273 εί
2669 2237 2755 2284 τις
2796 2219 3037 2290 βούλοιτο
3081 2218 3179 2290 τὴν
3221 2215 3478 2288 ἀλήθειαν
3521 2213 3632 2269 τῶν

2046 2317 2175 2386 παρ’
2218 2313 2374 2386 ἡμῶν
2419 2314 2729 2385 λεγομένων
2772 2312 3129 2384 καταμαθεῖν,
3173 2308 3363 2364 ἑαυτὸν
3406 2309 3631 2378 ἀνερευ-

2046 2406 2222 2460 νάτω·
2256 2406 2385 2458 ὅταν
2417 2422 2471 2457 τι
2501 2392 2691 2475 νοῆσαι
2730 2403 2838 2458 τῶν
2865 2404 2993 2475 περὶ⁸
3017 2402 3153 2457 Θεοῦ
3183 2401 3436 2473 βουληθῇ,
3474 2402 3523 2453 εἰ
3550 2401 3633 2464 είς

2045 2498 2105 2551 τὸ
2141 2497 2540 2568 σημαινόμενον
2570 2497 2645 2567 (4)
2675 2497 2767 2550 τοῦ
2797 2497 3092 2568 ἀγεννήτου
3124 2496 3311 2566 χωρεῖ.
3358 2492 3497 2561 Ἐγὼ
3533 2492 3634 2564 μὲν

2045 2585 2155 2657 γάρ
2192 2584 2324 2656 ὁρῶ,
2364 2585 2470 2647 ὅτι,
2507 2582 2696 2655 ὥσπερ
2733 2585 2844 2647 τοῖς
2898 2581 3284 2653 ἐπερχομένοις
3326 2579 3486 2633 αἱῶσι
3531 2578 3634 2648 τὴν

2044 2679 2283 2733 διάνοιαν
2312 2676 2742 2740 ἐπεκτείνοντες,
2773 2674 3130 2745 ἀτελεύτητον
3148 2673 3380 2743 λέγομεν
3408 2670 3497 2725 τὸν
3518 2670 3637 2723 οὐδ-

2047 2772 2128 2825 ενὶ
2173 2771 2370 2842 πέρατι
2401 2770 2503 2842 τὴν
2568 2769 2714 2840 ζωὴν
2753 2767 3101 2840 ὀριζόμενον’
3137 2764 3281 2818 οὕτω
3328 2765 3421 2819 καὶ
3453 2764 3533 2826 εἰς
3570 2764 3634 2815 το

2047 2861 2161 2915 ἄνω
2204 2861 2312 2914 τῶν
2361 2860 2573 2915 αἰώνων
2620 2864 2732 2922 τοῖς
2770 2859 3051 2931 λογισμοῖς
3088 2857 3467 2919 ἀναϐαίνοντες
3487 2895 3503 2920 ,
3539 2872 3635 2908 κα.

2047 2949 2159 3013 οἷον
2190 2954 2273 3019 εἷς
2317 2972 2371 3008 τι
2403 2954 2639 3023 πέλαγος
2672 2953 2872 3024 ἀχανὲς
2901 2953 2996 3005 ἐπὶ
3035 2951 3097 3006 τὸ
3138 2951 3363 3022 ἄπειρον
3393 2950 3493 3021 τῆς
3536 2946 3631 3001 τοῦ

2049 3045 2184 3100 Θεοῦ
2235 3045 2381 3117 ζωῆς
2430 3046 2860 3111 διακύπτοντες,
2902 3045 3159 3116 οὐδεμιᾶς
3206 3044 3381 3115 ἀρχῆς
3425 3042 3518 3112 ἀφ’
3562 3036 3636 3112 ἧς

2049 3140 2241 3209 γέγονε
2262 3138 2524 3192 λαϐέσθαι
2556 3134 2865 3208 δυνάμενοι,
2898 3137 3032 3191 ἀλλά
3062 3137 3155 3191 τοῦ
3181 3136 3471 3208 νοουμένου
3498 3134 3635 3201 ἐξω-

2047 3229 2212 3302 τέραν
2242 3229 2328 3282 ἀεὶ
2367 3229 2462 3282 καὶ
2496 3228 3012 3300 ύπερεκπίπτουσαν
3040 3225 3135 3279 τοῦ
3185 3225 3321 3279 Θεοῦ
3358 3225 3457 3296 τὴν
3486 3222 3634 3294 ζωὴν

2047 3319 2382 3387 ἐννοοῦντες,
2425 3320 2584 3373 τοῦτο
2620 3319 2680 3373 τὸ
2726 3319 2961 3391 ἄναρχον
2999 3318 3100 3388 τῆς
3146 3317 3294 3389 ζωῆς
3341 3315 3634 3386 ἀγέννητον

2049 3415 2515 3487 προσειρήκαμεν.
2543 3411 2692 3485 Αὕτη
2722 3411 2832 3485 γὰρ
2860 3411 2955 3465 τοῦ
2987 3410 3320 3482 ἀγεννήτου
3355 3411 3389 3481 ἡ
3423 3407 3630 3471 ἔννοια,

2048 3506 2109 3560 τὸ
2139 3508 2213 3577 μὴ
2255 3508 2400 3576 ἒχειν
2432 3506 2700 3579 ἑτέρωθεν
2744 3507 2843 3579 τὴν
2876 3505 3051 3577 ἀρχὴν
3100 3502 3194 3557 τοῦ
3232 3498 3396 3556 εἶναι.
3450 3502 3507 3555 '0
3540 3500 3630 3565 δὲ,

2049 3598 2239 3669 ἐπειδὴ
2269 3597 2398 3669 περὶ
2425 3597 2585 3668 μόνον
2612 3596 2704 3650 τὸν
2745 3596 2878 3650 Θεὸν
2915 3595 3025 3649 τῶν
3069 3593 3205 3648 ὅλων
3236 3593 3299 3647 τὸ
3340 3591 3631 3662 ἀγέννητον

2049 3689 2333 3756 θεωρεῖται
2383 3689 2496 3759 (5),
2550 3689 2968 3762 κακουργότατα
3015 3687 3234 3740 πάντων
3281 3685 3361 3757 (6)
3401 3685 3483 3748 εἰς
3528 3682 3631 3755 τὴν

2049 3781 2190 3835 κατὰ
2220 3780 2315 3834 τοῦ
2346 3780 2684 3850 Μονογενοῦς
2715 3782 2965 3853 ἥρπασεν
2992 3777 3123 3834 αὐτὸ
3157 3775 3523 3849 βλασφημίαν.
3563 3774 3629 3828 Tt

2047 3873 2154 3946 γάρ
2189 3890 2323 3944 φησι
2356 3874 2561 3945 προϊών
2581 3889 2596 3938 ;

2119 3964 2281 4021 ΕΥΝ.
2329 3962 2647 4033 Ἀγέννητος
2690 3961 2748 4015 δὲ
2795 3959 2871 4014 ὢν
2909 3958 3052 4014 κατὰ
3099 3961 3198 4030 τὴν
3248 3953 3627 4031 προλαϐοῦσαν

2048 4053 2344 4120 ἀπόδειξιν,
2378 4055 2479 4107 οὐκ
2511 4055 2576 4109 ἄν
2609 4070 2739 4106 ποτε
2767 4052 3023 4124 πρόσοιτο
3052 4052 3325 4121 γέννησιν,
3352 4049 3493 4103 ὥστε
3525 4048 3629 4118 τῆς

2053 4146 2188 4211 ἰδίας
2224 4146 2546 4218 μεταδοῦναι
2570 4144 2650 4216 τῷ
2676 4146 3005 4216 γεννωμένῳ
3044 4143 3279 4213 φύσεως,
3310 4142 3539 4212 ἐκφύγοι
3570 4157 3631 4193 τε

2049 4239 2116 4293 ἂν
2143 4241 2322 4293 πᾶσαν
2359 4238 2648 4310 σύγκρισιν
2678 4237 2775 4291 καὶ
2807 4237 3091 4290 κοινωνίαν
3116 4233 3216 4306 τὴν
3248 4234 3386 4306 πρὸς
3416 4231 3479 4286 τὸ
3505 4248 3632 4300 γεν-

2048 4333 2229 4407 νητόν.
2279 4340 2284 4343 ⁷

443 4433 571 4489 Bas.
616 4430 662 4487 Ο
696 4429 1062 4497 impudentem
1085 4436 1142 4481 et
1177 4422 1482 4496 improbam
1512 4421 1938 4493 blasphemiam!

2117 4427 2266 4478 ΒΑΣ.
2303 4425 2367 4477 Ὢ
2393 4424 2491 4495 τῆς
2514 4423 2870 4493 ἀναισχύντου
2893 4422 2971 4491 (7)
2995 4421 3091 4475 καὶ
3121 4421 3366 4491 πονηρᾶς
3388 4417 3631 4489 βλασφη-

370 4526 416 4583 0
441 4523 710 4581 occultum
737 4517 918 4573 dolum
957 4525 1014 4573 et
1042 4516 1396 4588 multiplicem
1420 4515 1748 4572 versutiam!
1778 4530 1941 4584 quam

371 4617 658 4689 diligenter
700 4628 767 4668 ex
811 4611 930 4681 ipso
977 4609 1176 4665 diaboli
1213 4610 1448 4665 artiticio
1492 4609 1753 4678 loquitur.
1809 4606 1941 4660 Nam

370 4708 495 4780 quia
525 4703 842 4762 dissimilem
867 4700 977 4758 Deo
999 4716 1063 4757 ac
1093 4700 1241 4756 Patri
1268 4700 1606 4772 unigenitum
1641 4697 1840 4754 Filium
1872 4712 1937 4752 ac

441 4935 521 5005 (2)
560 4933 695 5004 Reg.
725 4934 919 5005 tertius
948 4930 1188 5005 et'Cglb.
1236 4931 1386 5005 ἐστὶν
1437 4931 1631 5005 εἰπεῖνΔ
1659 4929 1723 5005 τδ
1755 4928 1815 5005 ἐξ
1859 4930 1951 4982 ού-

365 5000 517 5070 δενὸς
557 5000 694 5076 ὅπερ
737 5003 850 5057 ἴσον
881 5003 1000 5076 ἐστὶ
1163 5001 1493 5076 ἀγέννητος·
1528 5000 1646 5076 ὁηᾷὲ
1677 5001 1758 5076 τετὸΔ
1785 5001 1950 5071 ἄναρ.

369 5097 484 5150 χον.
520 5076 639 5150 Λιιαὲ
665 5070 829 5150 neque
877 5075 933 5127 in
979 5070 1366 5150 uniuersorum'
1396 5070 1507 5150 D_eo
1548 5071 1788 5150 illud-de
1825 5081 1951 5124 sub-

369 5141 568 5203 stantia
600 5146 723 5198 licet
742 5141 948 5208 ‘dicere,
976 5143 1115 5212 quod
1140 5157 1204 5195 ea:
1225 5142 1367 5194 nullo
1405 5143 1493 5204 sit,
1521 5142 1672 5212 quod,
1701 5141 1838 5193 idem
1871 5149 1947 5192 est

369 5231 525 5287 atque
556 5214 882 5287 generationi
903 5211 1197 5287 Δοιηιοειιξιιηι
1243 5227 1350 5264 non
1384 5227 1516 5287 esse.
1542 5211 1676 5287 __$ed
1724 5220 1946 5287 praestat

372 5280 501 5359 legi,
528 5280 589 5359 u't
623 5285 753 5339 mihi
776 5284 1005 5359 quidem
1052 5282 1285 5359 videtur,
1317 5291 1371 5359 ut
1408 5282 1460 5333 in
1500 5280 1629 5359 aliis
1660 5281 1944 5335 codicibus

370 5350 508 5413 et'in
538 5350 819 5423 impressis
848 5353 1000 5407 libris
1037 5352 1295 5423 scriptum
1334 5350 1627 5423 invenitur.

440 5427 530 5549 (δὲ
560 5419 694 5497 Reg.
718 5432 946 5494 quartus
975 5420 1323 5492 ἀποκρίνοιτο
1350 5420 1409 5474 τὸ
1441 5422 1538 5491 μή.
1570 5419 1689 5473 Mox
1721 5435 1847 5474 mss.
1877 5419 1943 5472 ἐκ

440 5514 468 5549 ς
534 5492 879 5549 είαςνειοός.
910 5493 1188 5547 Artic'ulus
1214 5494 1400 5544 deerat
1425 5492 1476 5545 in
1510 5491 1758 5549 vulgatis.

370 5491 879 5567 τῆς-θείαςέχεὶρός.
910 5491 1188 5567 Articulus
1214 5494 1400 5567 deerat
1425 5492 1476 5545 in
1495 5491 1758 5567 vulgatis.

441 5565 515 5635 (4)
558 5559 712 5635 Ειὶἰιῖ
740 5559 923 5635 θὶῴεεχ
969 5577 1098 5617 mss.
1142 5559 1413 5633 βουληθῇ,
1461 5563 1541 5624 είς
1579 5560 1641 5613 τὸ
1684 5561 1944 5630 σημαινό-

374 5633 552 5705 μενον.
580 5634 761 5689 Codex
794 5633 944 5705 Qolb.
972 5634 1204 5705 secunda
1226 5635 1463 5705 quidem
1502 5646 1687 5705 Inanu,
1718 5639 1809 5684 Sed
1845 5648 1945 5683 an-

373 5700 520 5772 tiqua
557 5714 767 5766 tamen,
814 5700 1052 5775 βουληθῇ
1091 5703 1140 5755 εἰ
1191 5703 1270 5766 είς
1312 5701 1371 5753 τὸ
1421 5700 1841 5774 σημαινόμενον,
1890 5717 1944 5754 se

2055 4518 2215 4590 μίαςί
2253 4518 2317 4570 Ὢ
2338 4516 2433 4569 τοῦ
2476 4515 2862 4587 κεκρυμμένου
2910 4513 3063 4567 δόλου
3107 4513 3200 4566 καὶ
3241 4511 3342 4582 τῆς
3382 4510 3631 4579 ποικίλης

2054 4607 2432 4681 ρᾳδιουργίαςί
2463 4606 2538 4671 ὡς
2566 4605 2813 4677 ἀκριϐῶς
2844 4604 2902 4672 ἐξ
2936 4604 3106 4674 αὐτῆς
3136 4600 3227 4657 τοῦ
3252 4601 3499 4656 διαϐόλου
3532 4602 3631 4672 τῆς

2047 4700 2329 4772 μεθοδείας
2359 4697 2693 4769 φθέγγεταιί
2743 4696 3022 4768 Ἀνόμοιον
3063 4693 3172 4765 γὰρ
3201 4691 3521 4764 βουλόμενος
3552 4690 3630 4762 τῷ

2046 4933 2155 4997 ipse
2184 4936 2544 4999 perscrutetur
2581 4944 2649 4983 an
2681 4926 2931 4999 procedat
2964 4924 3034 4977 ad
3076 4923 3341 4999 notionem
3374 4918 3629 4988 ingeni“;

2046 4992 2102 5055 et
2136 4992 2208 5053 ita
2255 5001 2354 5070 legi
2384 5010 2636 5065 oportere
2673 4992 2924 5070 arbitror,
2948 5010 3069 5070 _n_ec
3095 4993 3165 5047 ob
3195 4992 3358 5045 aliam
3403 5004 3623 5070 causam

2044 5059 2366 5139 particulam
2396 5059 2446 5121 εὶ
2491 5067 2907 5139 praetermissam
2943 5064 3130 5139 fuisse.
3179 5077 3338 5131 quam
3372 5060 3525 5139 quod
3555 5059 3623 5112 li-

2044 5129 2211 5195 brarii
2242 5143 2290 5193 εἰ
2322 5155 2444 5195 cum
2478 5129 2559 5202 εἰς
2593 5136 2956 5196 confuderiut,
2988 5129 3346 5201 ultimamque
3372 5129 3622 5185 voculam

2045 5211 2288 5265 scribere
2323 5210 2459 5263 satis
2498 5209 2808 5263 habuerint.

2117 5280 2192 5352 (5)
2226 5281 2297 5335 Τό
2324 5278 2663 5352 ἀγέννητον
2688 5274 3006 5352 θεωρεῖται,
3031 5268 3627 5352 consideratnriugeai-

2041 5341 2185 5413 tum;
2207 5354 2308 5404 hoc
2338 5341 2441 5412 est,
2471 5341 2605 5401 ratio
2646 5341 2890 5416 ingen'iti,
2921 5348 3216 5417 proprietas
3248 5341 3485 5411 ingenui,
3522 5354 3621 5392 no-

2042 5425 2116 5478 tio
2146 5422 2387 5490 ingeniti,
2419 5418 2610 5490 etrejus
2642 5426 2855 5490 natura.
2943 5440 3007 5490 -ο

2105 5489 2182 5563 (6)
2203 5478 2383 5563 νΕόίιῖ
2419 5478 2665 5563 παντως.
2703 5487 2884 5540 Codex
2933 5484 3093 5563 C_olb._
3131 5491 3187 5537 et
3239 5480 3331 5562 alii
3399 5478 3622 5552 quidam

2043 5551 2178 5617 mss.
2204 5562 2440 5615 πάντων.
2479 5558 2597 5612 Mox
2635 5560 2743 5610 duo
2776 5572 2907 5610 mss.
2935 5556 3015 5619 εἰς
3043 5552 3142 5625 τὴν
3173 5551 3292 5605 τοῦ.

2116 5631 2192 5703 (Ὶὶ
2235 5632 2373 5686 Editi
2409 5630 2474 5682 Ὢ
2501 5626 2592 5681 τοῦ
2629 5625 3008 5683 ἀναισηύντου.
3038 5620 3109 5679 Αἱ
3145 5638 3280 5679 mss.
3305 5621 3373 5675 Ὠ
3394 5620 3515 5695 τῆς.
