  <div class='ocr_page' id='page_1' title='image "/cluster/home/n/w/nwhite01/storage/ocr_20150623/29/mdp.39015012934371/684.png"; bbox 0 0 4016 6220; ppageno 0'>
   <div class='ocr_carea' id='block_1_1' title="bbox 355 358 456 411">
    <p class='ocr_par' dir='ltr' id='par_1_1' title="bbox 355 358 456 411">
     <span class='ocr_line' id='line_1_1' title="bbox 355 358 456 411; baseline 0.01 -3"><span class='ocrx_word' id='word_1_1' title='bbox 355 358 456 411; x_wconf 61' lang='grc'><strong>549</strong></span> 
     </span>
    </p>
   </div>
   <div class='ocr_carea' id='block_1_2' title="bbox 1441 351 2459 409">
    <p class='ocr_par' dir='ltr' id='par_1_2' title="bbox 1441 351 2459 409">
     <span class='ocr_line' id='line_1_2' title="bbox 1441 351 2459 409; baseline 0.004 -5"><span class='ocrx_word' id='word_1_2' title='bbox 1441 351 1803 408; x_wconf 74' lang='lat' dir='ltr'><strong>ADVEilSUS</strong></span> <span class='ocrx_word' id='word_1_3' title='bbox 1841 351 2206 407; x_wconf 80' lang='lat' dir='ltr'><strong>EUNOMIUM</strong></span> <span class='ocrx_word' id='word_1_4' title='bbox 2245 353 2376 409; x_wconf 88' lang='lat' dir='ltr'><strong>LIB.</strong></span> <span class='ocrx_word' id='word_1_5' title='bbox 2417 351 2459 408; x_wconf 91' lang='lat' dir='ltr'><strong>l.</strong></span> 
     </span>
    </p>
   </div>
   <div class='ocr_carea' id='block_1_3' title="bbox 3485 358 3591 414">
    <p class='ocr_par' dir='ltr' id='par_1_3' title="bbox 3485 358 3591 414">
     <span class='ocr_line' id='line_1_3' title="bbox 3485 358 3591 414; baseline 0.019 -2"><span class='ocrx_word' id='word_1_6' title='bbox 3485 358 3591 414; x_wconf 74' lang='grc'><strong>550</strong></span> 
     </span>
    </p>
   </div>
   <div class='ocr_carea' id='block_1_4' title="bbox 352 464 1910 540">
    <p class='ocr_par' dir='ltr' id='par_1_4' title="bbox 352 464 1910 540">
     <span class='ocr_line' id='line_1_4' title="bbox 352 464 1910 540; baseline -0.004 -18"><span class='ocrx_word' id='word_1_7' title='bbox 352 470 468 540; x_wconf 84' lang='grc' dir='ltr'><strong>Θεῷ</strong></span> <span class='ocrx_word' id='word_1_8' title='bbox 491 469 583 522; x_wconf 66' lang='grc' dir='ltr'>καὶ</span> <span class='ocrx_word' id='word_1_9' title='bbox 610 467 785 538; x_wconf 65' lang='grc' dir='ltr'>Πατρ).</span> <span class='ocrx_word' id='word_1_10' title='bbox 809 468 899 520; x_wconf 72' lang='grc' dir='ltr'>τὸν</span> <span class='ocrx_word' id='word_1_11' title='bbox 919 467 1197 536; x_wconf 84' lang='grc' dir='ltr'>Μονογενῆ</span> <span class='ocrx_word' id='word_1_12' title='bbox 1226 466 1348 518; x_wconf 80' lang='grc' dir='ltr'>Υίὸν</span> <span class='ocrx_word' id='word_1_13' title='bbox 1376 467 1466 518; x_wconf 76' lang='grc' dir='ltr'><strong>καὶ</strong></span> <span class='ocrx_word' id='word_1_14' title='bbox 1491 465 1622 517; x_wconf 80' lang='grc' dir='ltr'>Θεὸν</span> <span class='ocrx_word' id='word_1_15' title='bbox 1644 464 1910 530; x_wconf 83' lang='grc' dir='ltr'>ἐπιδεῖξαι</span> 
     </span>
    </p>
   </div>
   <div class='ocr_carea' id='block_1_5' title="bbox 2008 464 3590 540">
    <p class='ocr_par' dir='ltr' id='par_1_5' title="bbox 2032 464 3590 530">
     <span class='ocr_line' id='line_1_5' title="bbox 2032 464 3590 530; baseline 0.004 -12"><span class='ocrx_word' id='word_1_16' title='bbox 2032 465 2196 519; x_wconf 91' lang='lat' dir='ltr'><strong>Deum</strong></span> <span class='ocrx_word' id='word_1_17' title='bbox 2243 466 2352 519; x_wconf 83' lang='lat' dir='ltr'><strong>vult</strong></span> <span class='ocrx_word' id='word_1_18' title='bbox 2373 466 2676 530; x_wconf 82' lang='lat' dir='ltr'><strong>ostendero,</strong></span> <span class='ocrx_word' id='word_1_19' title='bbox 2706 464 2883 520; x_wconf 86' lang='lat' dir='ltr'><strong>Patris</strong></span> <span class='ocrx_word' id='word_1_20' title='bbox 2908 474 2963 520; x_wconf 90' lang='lat' dir='ltr'><strong>et</strong></span> <span class='ocrx_word' id='word_1_21' title='bbox 2989 466 3107 520; x_wconf 81' lang='lat' dir='ltr'><strong>Filii</strong></span> <span class='ocrx_word' id='word_1_22' title='bbox 3139 481 3336 523; x_wconf 88' lang='lat' dir='ltr'><strong>nomen</strong></span> <span class='ocrx_word' id='word_1_23' title='bbox 3369 469 3590 525; x_wconf 89' lang='lat' dir='ltr'><strong>silentio</strong></span> 
     </span>
    </p>
   </div>
   <div class='ocr_carea' id='block_1_6' title="bbox 349 556 1923 629">
    <p class='ocr_par' dir='ltr' id='par_1_6' title="bbox 349 556 1923 629">
     <span class='ocr_line' id='line_1_6' title="bbox 349 556 1923 629; baseline -0.003 -17"><span class='ocrx_word' id='word_1_24' title='bbox 349 562 410 612; x_wconf 89' lang='grc' dir='ltr'><strong>τὸ</strong></span> <span class='ocrx_word' id='word_1_25' title='bbox 443 560 540 629; x_wconf 74' lang='grc' dir='ltr'>μὲν</span> <span class='ocrx_word' id='word_1_26' title='bbox 561 558 653 610; x_wconf 87' lang='grc' dir='ltr'><strong>τοῦ</strong></span> <span class='ocrx_word' id='word_1_27' title='bbox 678 559 888 627; x_wconf 80' lang='grc' dir='ltr'>Πατρὸς</span> <span class='ocrx_word' id='word_1_28' title='bbox 915 560 1007 610; x_wconf 78' lang='grc' dir='ltr'>καὶ</span> <span class='ocrx_word' id='word_1_29' title='bbox 1034 558 1127 610; x_wconf 91' lang='grc' dir='ltr'><strong>τοῦ</strong></span> <span class='ocrx_word' id='word_1_30' title='bbox 1163 557 1289 609; x_wconf 79' lang='grc' dir='ltr'>Υίοῦ</span> <span class='ocrx_word' id='word_1_31' title='bbox 1314 557 1482 626; x_wconf 73' lang='grc' dir='ltr'>ὄνομα</span> <span class='ocrx_word' id='word_1_32' title='bbox 1511 557 1708 626; x_wconf 79' lang='grc' dir='ltr'>σιωπᾷ,</span> <span class='ocrx_word' id='word_1_33' title='bbox 1737 556 1923 618; x_wconf 82' lang='grc' dir='ltr'>ἁπλῶς</span> 
     </span>
    </p>
   </div>
   <div class='ocr_carea' id='block_1_7' title="bbox 349 648 1922 720">
    <p class='ocr_par' dir='ltr' id='par_1_7' title="bbox 349 648 1922 720">
     <span class='ocr_line' id='line_1_7' title="bbox 349 648 1922 720; baseline -0.002 -16"><span class='ocrx_word' id='word_1_34' title='bbox 349 653 403 704; x_wconf 83' lang='grc' dir='ltr'>δὲ</span> <span class='ocrx_word' id='word_1_35' title='bbox 431 651 559 716; x_wconf 63' lang='grc' dir='ltr'>περὶ</span> <span class='ocrx_word' id='word_1_36' title='bbox 601 651 895 720; x_wconf 82' lang='grc' dir='ltr'>ἁγεννήτου</span> <span class='ocrx_word' id='word_1_37' title='bbox 934 651 1026 702; x_wconf 76' lang='grc' dir='ltr'><strong>καὶ</strong></span> <span class='ocrx_word' id='word_1_38' title='bbox 1058 648 1315 718; x_wconf 77' lang='grc' dir='ltr'><strong>γεννητοῦ</strong></span> <span class='ocrx_word' id='word_1_39' title='bbox 1350 648 1690 716; x_wconf 80' lang='grc' dir='ltr'><strong>διαλέγεται·</strong></span> <span class='ocrx_word' id='word_1_40' title='bbox 1726 649 1816 700; x_wconf 80' lang='grc' dir='ltr'><strong>καὶ</strong></span> <span class='ocrx_word' id='word_1_41' title='bbox 1851 649 1922 701; x_wconf 78' lang='grc' dir='ltr'>τὰ</span> 
     </span>
    </p>
   </div>
   <div class='ocr_carea' id='block_1_8' title="bbox 349 739 1920 813">
    <p class='ocr_par' dir='ltr' id='par_1_8' title="bbox 349 739 1920 813">
     <span class='ocr_line' id='line_1_8' title="bbox 349 739 1920 813; baseline -0.002 -18"><span class='ocrx_word' id='word_1_42' title='bbox 349 745 446 813; x_wconf 79' lang='grc' dir='ltr'><strong>τῆς</strong></span> <span class='ocrx_word' id='word_1_43' title='bbox 479 742 745 812; x_wconf 81' lang='grc' dir='ltr'><strong>σωτηρίου</strong></span> <span class='ocrx_word' id='word_1_44' title='bbox 782 742 1013 804; x_wconf 82' lang='grc' dir='ltr'>πίστεως</span> <span class='ocrx_word' id='word_1_45' title='bbox 1046 741 1286 811; x_wconf 89' lang='grc' dir='ltr'>ὀνόματα</span> <span class='ocrx_word' id='word_1_46' title='bbox 1335 740 1612 809; x_wconf 80' lang='grc' dir='ltr'>κρύπτων,</span> <span class='ocrx_word' id='word_1_47' title='bbox 1647 739 1780 809; x_wconf 73' lang='grc' dir='ltr'>ψιλὰ</span> <span class='ocrx_word' id='word_1_48' title='bbox 1814 757 1920 792; x_wconf 85' lang='grc' dir='ltr'>πα-</span> 
     </span>
    </p>
   </div>
   <div class='ocr_carea' id='block_1_9' title="bbox 353 833 1922 905">
    <p class='ocr_par' dir='ltr' id='par_1_9' title="bbox 353 833 1922 905">
     <span class='ocr_line' id='line_1_9' title="bbox 353 833 1922 905; baseline -0.002 -18"><span class='ocrx_word' id='word_1_49' title='bbox 353 835 604 905; x_wconf 82' lang='grc' dir='ltr'>ραδίδωσι</span> <span class='ocrx_word' id='word_1_50' title='bbox 635 833 732 905; x_wconf 84' lang='grc' dir='ltr'><strong>τῆς</strong></span> <span class='ocrx_word' id='word_1_51' title='bbox 763 833 1107 903; x_wconf 79' lang='grc' dir='ltr'><strong>βλασφημίας</strong></span> <span class='ocrx_word' id='word_1_52' title='bbox 1134 833 1201 886; x_wconf 77' lang='grc' dir='ltr'><strong>τὰ</strong></span> <span class='ocrx_word' id='word_1_53' title='bbox 1229 833 1475 903; x_wconf 81' lang='grc' dir='ltr'><strong>δόγματα</strong></span> <span class='ocrx_word' id='word_1_54' title='bbox 1495 850 1507 862; x_wconf 87' lang='grc'><strong>·</strong></span> <span class='ocrx_word' id='word_1_55' title='bbox 1537 833 1643 895; x_wconf 83' lang='grc' dir='ltr'>ἵνα,</span> <span class='ocrx_word' id='word_1_56' title='bbox 1672 833 1770 902; x_wconf 81' lang='grc' dir='ltr'>τῆς</span> <span class='ocrx_word' id='word_1_57' title='bbox 1796 833 1922 885; x_wconf 84' lang='grc' dir='ltr'>ἀσε-</span> 
     </span>
    </p>
   </div>
   <div class='ocr_carea' id='block_1_10' title="bbox 349 920 1920 998">
    <p class='ocr_par' dir='ltr' id='par_1_10' title="bbox 349 920 1920 998">
     <span class='ocr_line' id='line_1_10' title="bbox 349 920 1920 998; baseline 0.001 -21"><span class='ocrx_word' id='word_1_58' title='bbox 349 925 502 988; x_wconf 78' lang='grc' dir='ltr'>ϐείας</span> <span class='ocrx_word' id='word_1_59' title='bbox 541 927 597 978; x_wconf 85' lang='grc' dir='ltr'><strong>ἐν</strong></span> <span class='ocrx_word' id='word_1_60' title='bbox 629 928 742 998; x_wconf 80' lang='grc' dir='ltr'>τοῖς</span> <span class='ocrx_word' id='word_1_61' title='bbox 777 925 1060 998; x_wconf 60' lang='grc' dir='ltr'>πράαμασι</span> <span class='ocrx_word' id='word_1_62' title='bbox 1110 925 1511 996; x_wconf 79' lang='grc' dir='ltr'><strong>γυμνωθείσης,</strong></span> <span class='ocrx_word' id='word_1_63' title='bbox 1547 920 1664 977; x_wconf 74' lang='grc' dir='ltr'>εἶτα</span> <span class='ocrx_word' id='word_1_64' title='bbox 1691 925 1790 994; x_wconf 84' lang='grc' dir='ltr'>τῆς</span> <span class='ocrx_word' id='word_1_65' title='bbox 1823 942 1920 995; x_wconf 82' lang='grc' dir='ltr'>με·</span> 
     </span>
    </p>
   </div>
   <div class='ocr_carea' id='block_1_11' title="bbox 350 995 1919 1086">
    <p class='ocr_par' dir='ltr' id='par_1_11' title="bbox 350 995 1919 1086">
     <span class='ocr_line' id='line_1_11' title="bbox 350 995 1919 1086; baseline -0.001 -18"><span class='ocrx_word' id='word_1_66' title='bbox 350 1016 630 1078; x_wconf 73' lang='grc' dir='ltr'>ταϐἁσεως</span> <span class='ocrx_word' id='word_1_67' title='bbox 653 995 743 1067; x_wconf 65' lang='grc' dir='ltr'><strong>ἐπί</strong></span> <span class='ocrx_word' id='word_1_68' title='bbox 770 995 839 1067; x_wconf 70' lang='grc' dir='ltr'>τὰ</span> <span class='ocrx_word' id='word_1_69' title='bbox 865 995 1130 1086; x_wconf 84' lang='grc' dir='ltr'>πρόσωπα</span> <span class='ocrx_word' id='word_1_70' title='bbox 1163 995 1459 1086; x_wconf 72' lang='grc' dir='ltr'>γενομένης</span> <span class='ocrx_word' id='word_1_71' title='bbox 1495 1015 1594 1084; x_wconf 89' lang='lat'><strong>(8),</strong></span> <span class='ocrx_word' id='word_1_72' title='bbox 1624 1016 1785 1080; x_wconf 79' lang='grc' dir='ltr'>αὐτὸς</span> <span class='ocrx_word' id='word_1_73' title='bbox 1821 1015 1919 1086; x_wconf 86' lang='grc' dir='ltr'><strong>μὲν</strong></span> 
     </span>
    </p>
   </div>
   <div class='ocr_carea' id='block_1_12' title="bbox 353 1105 1923 1179">
    <p class='ocr_par' dir='ltr' id='par_1_12' title="bbox 353 1105 1923 1179">
     <span class='ocr_line' id='line_1_12' title="bbox 353 1105 1923 1179; baseline 0 -19"><span class='ocrx_word' id='word_1_74' title='bbox 353 1107 519 1177; x_wconf 79' lang='grc' dir='ltr'>μηδὲν</span> <span class='ocrx_word' id='word_1_75' title='bbox 539 1105 664 1179; x_wconf 79' lang='grc' dir='ltr'>δόξῃ</span> <span class='ocrx_word' id='word_1_76' title='bbox 693 1107 970 1178; x_wconf 89' lang='grc' dir='ltr'>δύσφημον</span> <span class='ocrx_word' id='word_1_77' title='bbox 997 1108 1293 1177; x_wconf 80' lang='grc' dir='ltr'>εἰρηκέναι,</span> <span class='ocrx_word' id='word_1_78' title='bbox 1320 1111 1389 1178; x_wconf 83' lang='grc' dir='ltr'>τῇ</span> <span class='ocrx_word' id='word_1_79' title='bbox 1417 1107 1472 1159; x_wconf 78' lang='grc' dir='ltr'><strong>δὲ</strong></span> <span class='ocrx_word' id='word_1_80' title='bbox 1495 1106 1588 1160; x_wconf 90' lang='grc' dir='ltr'><strong>τοῦ</strong></span> <span class='ocrx_word' id='word_1_81' title='bbox 1610 1107 1767 1176; x_wconf 80' lang='grc' dir='ltr'>λόγου</span> <span class='ocrx_word' id='word_1_82' title='bbox 1793 1108 1923 1160; x_wconf 82' lang='grc' dir='ltr'>ἀκο-</span> 
     </span>
    </p>
   </div>
   <div class='ocr_carea' id='block_1_13' title="bbox 349 1196 1921 1270">
    <p class='ocr_par' dir='ltr' id='par_1_13' title="bbox 349 1196 1921 1270">
     <span class='ocr_line' id='line_1_13' title="bbox 349 1196 1921 1270; baseline 0 -20"><span class='ocrx_word' id='word_1_83' title='bbox 349 1198 538 1268; x_wconf 78' lang='grc' dir='ltr'>λουθίᾳ</span> <span class='ocrx_word' id='word_1_84' title='bbox 562 1199 1068 1268; x_wconf 81' lang='grc' dir='ltr'>κατεσκευασμένην</span> <span class='ocrx_word' id='word_1_85' title='bbox 1092 1198 1189 1270; x_wconf 77' lang='grc' dir='ltr'><strong>ἔχῃ</strong></span> <span class='ocrx_word' id='word_1_86' title='bbox 1215 1197 1312 1268; x_wconf 84' lang='grc' dir='ltr'>τὴν</span> <span class='ocrx_word' id='word_1_87' title='bbox 1338 1196 1702 1266; x_wconf 84' lang='grc' dir='ltr'>βλασφημίαν.</span> <span class='ocrx_word' id='word_1_88' title='bbox 1738 1197 1921 1264; x_wconf 85' lang='grc' dir='ltr'>Ἀγέν-</span> 
     </span>
    </p>
   </div>
   <div class='ocr_carea' id='block_1_14' title="bbox 351 1286 1920 1357">
    <p class='ocr_par' dir='ltr' id='par_1_14' title="bbox 351 1286 1920 1357">
     <span class='ocr_line' id='line_1_14' title="bbox 351 1286 1920 1357; baseline 0 -17"><span class='ocrx_word' id='word_1_89' title='bbox 351 1305 508 1357; x_wconf 85' lang='grc' dir='ltr'>νητος</span> <span class='ocrx_word' id='word_1_90' title='bbox 537 1287 594 1340; x_wconf 82' lang='grc' dir='ltr'>δὲ</span> <span class='ocrx_word' id='word_1_91' title='bbox 617 1286 711 1350; x_wconf 80' lang='grc' dir='ltr'><strong>ὢν,</strong></span> <span class='ocrx_word' id='word_1_92' title='bbox 740 1288 922 1357; x_wconf 75' lang='grc' dir='ltr'>φησὶν,</span> <span class='ocrx_word' id='word_1_93' title='bbox 955 1287 1180 1355; x_wconf 79' lang='grc' dir='ltr'>ἐκφύγοι</span> <span class='ocrx_word' id='word_1_94' title='bbox 1203 1286 1269 1341; x_wconf 87' lang='grc' dir='ltr'><strong>ἂν</strong></span> <span class='ocrx_word' id='word_1_95' title='bbox 1303 1289 1482 1340; x_wconf 75' lang='grc' dir='ltr'>πᾶσαν</span> <span class='ocrx_word' id='word_1_96' title='bbox 1515 1287 1799 1357; x_wconf 85' lang='grc' dir='ltr'>σύγκρισιν</span> <span class='ocrx_word' id='word_1_97' title='bbox 1826 1287 1920 1340; x_wconf 75' lang='grc' dir='ltr'>καὶ</span> 
     </span>
    </p>
   </div>
   <div class='ocr_carea' id='block_1_15' title="bbox 351 1376 1920 1450">
    <p class='ocr_par' dir='ltr' id='par_1_15' title="bbox 351 1376 1920 1450">
     <span class='ocr_line' id='line_1_15' title="bbox 351 1376 1920 1450; baseline 0.002 -19"><span class='ocrx_word' id='word_1_98' title='bbox 351 1380 631 1432; x_wconf 81' lang='grc' dir='ltr'>κοινωνίαν</span> <span class='ocrx_word' id='word_1_99' title='bbox 663 1379 760 1450; x_wconf 85' lang='grc' dir='ltr'>τὴν</span> <span class='ocrx_word' id='word_1_100' title='bbox 791 1380 926 1449; x_wconf 83' lang='grc' dir='ltr'>πρὸς</span> <span class='ocrx_word' id='word_1_101' title='bbox 955 1378 1013 1432; x_wconf 84' lang='grc' dir='ltr'>τὸ</span> <span class='ocrx_word' id='word_1_102' title='bbox 1043 1381 1320 1448; x_wconf 89' lang='grc' dir='ltr'>γεννητόν.</span> <span class='ocrx_word' id='word_1_103' title='bbox 1352 1380 1465 1432; x_wconf 79' lang='grc' dir='ltr'>Οὐκ</span> <span class='ocrx_word' id='word_1_104' title='bbox 1494 1376 1664 1442; x_wconf 79' lang='grc' dir='ltr'>εἶπεν,</span> <span class='ocrx_word' id='word_1_105' title='bbox 1695 1381 1775 1432; x_wconf 85' lang='grc' dir='ltr'><strong>ὅτι</strong></span> <span class='ocrx_word' id='word_1_106' title='bbox 1807 1381 1920 1434; x_wconf 81' lang='grc' dir='ltr'><strong>Πα-</strong></span> 
     </span>
    </p>
   </div>
   <div class='ocr_carea' id='block_1_16' title="bbox 349 1469 1919 1543">
    <p class='ocr_par' dir='ltr' id='par_1_16' title="bbox 349 1469 1919 1543">
     <span class='ocr_line' id='line_1_16' title="bbox 349 1469 1919 1543; baseline 0.003 -21"><span class='ocrx_word' id='word_1_107' title='bbox 349 1469 452 1540; x_wconf 84' lang='grc' dir='ltr'>τὴρ</span> <span class='ocrx_word' id='word_1_108' title='bbox 479 1471 572 1522; x_wconf 76' lang='grc' dir='ltr'>καὶ</span> <span class='ocrx_word' id='word_1_109' title='bbox 600 1471 726 1534; x_wconf 84' lang='grc' dir='ltr'>Υἱός</span> <span class='ocrx_word' id='word_1_110' title='bbox 745 1487 759 1501; x_wconf 80' lang='grc'><em>’</em></span> <span class='ocrx_word' id='word_1_111' title='bbox 789 1470 922 1534; x_wconf 79' lang='grc' dir='ltr'>ἀλλ’,</span> <span class='ocrx_word' id='word_1_112' title='bbox 941 1471 1256 1542; x_wconf 83' lang='grc' dir='ltr'>Ἀγέννητος</span> <span class='ocrx_word' id='word_1_113' title='bbox 1287 1471 1380 1524; x_wconf 78' lang='grc' dir='ltr'><strong>καὶ</strong></span> <span class='ocrx_word' id='word_1_114' title='bbox 1411 1472 1670 1542; x_wconf 91' lang='grc' dir='ltr'>γεννητός</span> <span class='ocrx_word' id='word_1_115' title='bbox 1701 1472 1798 1543; x_wconf 86' lang='lat'><strong>(9).</strong></span> <span class='ocrx_word' id='word_1_116' title='bbox 1822 1473 1919 1527; x_wconf 87' lang='grc' dir='ltr'>Ἓν</span> 
     </span>
    </p>
   </div>
   <div class='ocr_carea' id='block_1_17' title="bbox 353 1562 1920 1634">
    <p class='ocr_par' dir='ltr' id='par_1_17' title="bbox 353 1562 1920 1634">
     <span class='ocr_line' id='line_1_17' title="bbox 353 1562 1920 1634; baseline 0.003 -21"><span class='ocrx_word' id='word_1_117' title='bbox 353 1562 452 1631; x_wconf 86' lang='grc' dir='ltr'><strong>μὲν</strong></span> <span class='ocrx_word' id='word_1_118' title='bbox 480 1563 544 1632; x_wconf 86' lang='grc' dir='ltr'>δὴ</span> <span class='ocrx_word' id='word_1_119' title='bbox 573 1563 737 1616; x_wconf 77' lang='grc' dir='ltr'>αὑτοῦ</span> <span class='ocrx_word' id='word_1_120' title='bbox 768 1563 922 1616; x_wconf 86' lang='grc' dir='ltr'>τοῦτο</span> <span class='ocrx_word' id='word_1_121' title='bbox 948 1564 1185 1616; x_wconf 86' lang='grc' dir='ltr'>τοιοῦτον</span> <span class='ocrx_word' id='word_1_122' title='bbox 1219 1564 1616 1634; x_wconf 83' lang='grc' dir='ltr'>κακούργημα·</span> <span class='ocrx_word' id='word_1_123' title='bbox 1648 1563 1836 1634; x_wconf 63' lang='grc' dir='ltr'>ἕτερον</span> <span class='ocrx_word' id='word_1_124' title='bbox 1863 1563 1920 1618; x_wconf 79' lang='grc' dir='ltr'><strong>δὲ</strong></span> 
     </span>
    </p>
   </div>
   <div class='ocr_carea' id='block_1_18' title="bbox 352 1655 1920 1726">
    <p class='ocr_par' dir='ltr' id='par_1_18' title="bbox 352 1655 1920 1726">
     <span class='ocr_line' id='line_1_18' title="bbox 352 1655 1920 1726; baseline 0.001 -20"><span class='ocrx_word' id='word_1_125' title='bbox 352 1656 532 1720; x_wconf 81' lang='grc' dir='ltr'>ποῖον,</span> <span class='ocrx_word' id='word_1_126' title='bbox 583 1658 854 1709; x_wconf 84' lang='grc' dir='ltr'>σκοπεῖτε.</span> <span class='ocrx_word' id='word_1_127' title='bbox 915 1655 1231 1726; x_wconf 87' lang='grc' dir='ltr'>Ἀγέννητος</span> <span class='ocrx_word' id='word_1_128' title='bbox 1260 1655 1317 1707; x_wconf 87' lang='grc' dir='ltr'>δὲ</span> <span class='ocrx_word' id='word_1_129' title='bbox 1359 1655 1454 1720; x_wconf 83' lang='grc' dir='ltr'>ὣν,</span> <span class='ocrx_word' id='word_1_130' title='bbox 1489 1673 1673 1726; x_wconf 73' lang='grc' dir='ltr'>φησιν,</span> <span class='ocrx_word' id='word_1_131' title='bbox 1726 1655 1822 1712; x_wconf 59' lang='grc' dir='ltr'><strong>οὐκ</strong></span> <span class='ocrx_word' id='word_1_132' title='bbox 1855 1656 1920 1708; x_wconf 83' lang='grc' dir='ltr'>ἄν</span> 
     </span>
    </p>
   </div>
   <div class='ocr_carea' id='block_1_19' title="bbox 351 1747 1918 1818">
    <p class='ocr_par' dir='ltr' id='par_1_19' title="bbox 351 1747 1918 1818">
     <span class='ocr_line' id='line_1_19' title="bbox 351 1747 1918 1818; baseline 0.002 -21"><span class='ocrx_word' id='word_1_133' title='bbox 351 1763 482 1798; x_wconf 89' lang='grc' dir='ltr'>ποτε</span> <span class='ocrx_word' id='word_1_134' title='bbox 513 1748 764 1818; x_wconf 85' lang='grc' dir='ltr'>πρόσοιτο</span> <span class='ocrx_word' id='word_1_135' title='bbox 797 1748 1042 1816; x_wconf 79' lang='grc' dir='ltr'>γέννησιν</span> <span class='ocrx_word' id='word_1_136' title='bbox 1065 1761 1077 1777; x_wconf 77' lang='grc'><strong><em>⁵</em></strong></span> <span class='ocrx_word' id='word_1_137' title='bbox 1110 1747 1204 1800; x_wconf 72' lang='grc' dir='ltr'><strong>καὶ</strong></span> <span class='ocrx_word' id='word_1_138' title='bbox 1228 1747 1441 1816; x_wconf 75' lang='grc' dir='ltr'>ἐπάγει,</span> <span class='ocrx_word' id='word_1_139' title='bbox 1479 1747 1618 1800; x_wconf 67' lang='grc' dir='ltr'>ὥστε</span> <span class='ocrx_word' id='word_1_140' title='bbox 1652 1747 1750 1818; x_wconf 82' lang='grc' dir='ltr'>τῆς</span> <span class='ocrx_word' id='word_1_141' title='bbox 1784 1747 1918 1811; x_wconf 84' lang='grc' dir='ltr'>ἰδίας</span> 
     </span>
    </p>
   </div>
   <div class='ocr_carea' id='block_1_20' title="bbox 2027 556 3589 629">
    <p class='ocr_par' dir='ltr' id='par_1_20' title="bbox 2027 556 3589 629">
     <span class='ocr_line' id='line_1_20' title="bbox 2027 556 3589 629; baseline 0.003 -21"><span class='ocrx_word' id='word_1_142' title='bbox 2027 557 2423 624; x_wconf 61' lang='lat' dir='ltr'><strong>praetermitlit,</strong></span> <span class='ocrx_word' id='word_1_143' title='bbox 2459 572 2524 611; x_wconf 92' lang='lat' dir='ltr'><strong>ac</strong></span> <span class='ocrx_word' id='word_1_144' title='bbox 2569 556 2888 626; x_wconf 78' lang='lat' dir='ltr'><strong>simpliciter</strong></span> <span class='ocrx_word' id='word_1_145' title='bbox 2922 563 2990 612; x_wconf 84' lang='lat' dir='ltr'><strong>de</strong></span> <span class='ocrx_word' id='word_1_146' title='bbox 3035 557 3274 627; x_wconf 86' lang='lat' dir='ltr'><strong>ingenito</strong></span> <span class='ocrx_word' id='word_1_147' title='bbox 3317 566 3372 614; x_wconf 89' lang='lat' dir='ltr'><strong>et</strong></span> <span class='ocrx_word' id='word_1_148' title='bbox 3405 564 3589 629; x_wconf 86' lang='lat' dir='ltr'><strong>genitu</strong></span> 
     </span>
    </p>
   </div>
   <div class='ocr_carea' id='block_1_21' title="bbox 2025 647 3589 714">
    <p class='ocr_par' dir='ltr' id='par_1_21' title="bbox 2025 647 3589 714">
     <span class='ocr_line' id='line_1_21' title="bbox 2025 647 3589 714; baseline 0.004 -15"><span class='ocrx_word' id='word_1_149' title='bbox 2025 647 2260 701; x_wconf 72' lang='lat' dir='ltr'><strong>disserit.</strong></span> <span class='ocrx_word' id='word_1_150' title='bbox 2292 647 2432 714; x_wconf 84' lang='lat' dir='ltr'><strong>Quin</strong></span> <span class='ocrx_word' id='word_1_151' title='bbox 2459 657 2514 701; x_wconf 88' lang='lat' dir='ltr'><strong>et</strong></span> <span class='ocrx_word' id='word_1_152' title='bbox 2542 648 2826 702; x_wconf 71' lang='lat' dir='ltr'><strong>occultatis</strong></span> <span class='ocrx_word' id='word_1_153' title='bbox 2857 648 3152 704; x_wconf 66' lang='lat' dir='ltr'><strong>salutiferae</strong></span> <span class='ocrx_word' id='word_1_154' title='bbox 3197 649 3324 704; x_wconf 85' lang='lat' dir='ltr'><strong>fidei</strong></span> <span class='ocrx_word' id='word_1_155' title='bbox 3357 652 3589 706; x_wconf 92' lang='lat' dir='ltr'><strong>nomini-</strong></span> 
     </span>
    </p>
   </div>
   <div class='ocr_carea' id='block_1_22' title="bbox 2025 739 3584 809">
    <p class='ocr_par' dir='ltr' id='par_1_22' title="bbox 2025 739 3584 809">
     <span class='ocr_line' id='line_1_22' title="bbox 2025 739 3584 809; baseline 0.003 -17"><span class='ocrx_word' id='word_1_156' title='bbox 2025 740 2144 802; x_wconf 92' lang='lat' dir='ltr'><strong>bus,</strong></span> <span class='ocrx_word' id='word_1_157' title='bbox 2173 739 2520 808; x_wconf 67' lang='lat' dir='ltr'><strong>blasphemia:</strong></span> <span class='ocrx_word' id='word_1_158' title='bbox 2548 740 2796 806; x_wconf 83' lang='lat' dir='ltr'><strong>dogmata</strong></span> <span class='ocrx_word' id='word_1_159' title='bbox 2825 741 2963 794; x_wconf 90' lang='lat' dir='ltr'><strong>nuda</strong></span> <span class='ocrx_word' id='word_1_160' title='bbox 2997 741 3182 809; x_wconf 83' lang='lat' dir='ltr'><strong>tradit,</strong></span> <span class='ocrx_word' id='word_1_161' title='bbox 3211 750 3289 806; x_wconf 91' lang='lat' dir='ltr'><strong>ut,</strong></span> <span class='ocrx_word' id='word_1_162' title='bbox 3320 743 3584 796; x_wconf 89' lang='lat' dir='ltr'><strong>denudata</strong></span> 
     </span>
    </p>
   </div>
   <div class='ocr_carea' id='block_1_23' title="bbox 2023 829 3590 904">
    <p class='ocr_par' dir='ltr' id='par_1_23' title="bbox 2023 829 3590 904">
     <span class='ocr_line' id='line_1_23' title="bbox 2023 829 3590 904; baseline 0.003 -22"><span class='ocrx_word' id='word_1_163' title='bbox 2023 829 2077 882; x_wconf 91' lang='lat' dir='ltr'><strong>in</strong></span> <span class='ocrx_word' id='word_1_164' title='bbox 2111 829 2238 899; x_wconf 87' lang='lat' dir='ltr'><strong>ipsis</strong></span> <span class='ocrx_word' id='word_1_165' title='bbox 2267 832 2428 884; x_wconf 86' lang='lat' dir='ltr'><strong>rebus</strong></span> <span class='ocrx_word' id='word_1_166' title='bbox 2462 830 2758 898; x_wconf 89' lang='lat' dir='ltr'><strong>impietate,</strong></span> <span class='ocrx_word' id='word_1_167' title='bbox 2790 847 2853 886; x_wconf 88' lang='lat' dir='ltr'><strong>ac</strong></span> <span class='ocrx_word' id='word_1_168' title='bbox 2883 832 3076 886; x_wconf 90' lang='lat' dir='ltr'><strong>deinde</strong></span> <span class='ocrx_word' id='word_1_169' title='bbox 3115 831 3260 887; x_wconf 86' lang='lat' dir='ltr'><strong>facto</strong></span> <span class='ocrx_word' id='word_1_170' title='bbox 3294 833 3359 886; x_wconf 87' lang='lat' dir='ltr'><strong>ad</strong></span> <span class='ocrx_word' id='word_1_171' title='bbox 3399 847 3590 904; x_wconf 88' lang='lat' dir='ltr'><strong>perso-</strong></span> 
     </span>
    </p>
   </div>
   <div class='ocr_carea' id='block_1_24' title="bbox 2023 921 3585 993">
    <p class='ocr_par' dir='ltr' id='par_1_24' title="bbox 2023 921 3585 993">
     <span class='ocr_line' id='line_1_24' title="bbox 2023 921 3585 993; baseline 0.003 -21"><span class='ocrx_word' id='word_1_172' title='bbox 2023 934 2120 974; x_wconf 86' lang='lat' dir='ltr'><strong>nas</strong></span> <span class='ocrx_word' id='word_1_173' title='bbox 2151 921 2403 985; x_wconf 89' lang='lat' dir='ltr'><strong>transilu,</strong></span> <span class='ocrx_word' id='word_1_174' title='bbox 2439 922 2684 976; x_wconf 85' lang='lat' dir='ltr'><strong>videatur</strong></span> <span class='ocrx_word' id='word_1_175' title='bbox 2711 922 2826 990; x_wconf 89' lang='lat' dir='ltr'><strong>ipse</strong></span> <span class='ocrx_word' id='word_1_176' title='bbox 2855 922 2986 976; x_wconf 88' lang='lat' dir='ltr'><strong>nihil</strong></span> <span class='ocrx_word' id='word_1_177' title='bbox 3029 922 3232 978; x_wconf 79' lang='lat' dir='ltr'><strong>dixisse</strong></span> <span class='ocrx_word' id='word_1_178' title='bbox 3259 923 3585 993; x_wconf 86' lang='lat' dir='ltr'><strong>blasphemi,</strong></span> 
     </span>
    </p>
   </div>
   <div class='ocr_carea' id='block_1_25' title="bbox 2023 1011 3587 1083">
    <p class='ocr_par' dir='ltr' id='par_1_25' title="bbox 2023 1011 3587 1083">
     <span class='ocr_line' id='line_1_25' title="bbox 2023 1011 3587 1083; baseline 0.002 -18"><span class='ocrx_word' id='word_1_179' title='bbox 2023 1011 2116 1065; x_wconf 92' lang='lat' dir='ltr'><strong>sed</strong></span> <span class='ocrx_word' id='word_1_180' title='bbox 2141 1011 2402 1066; x_wconf 89' lang='lat' dir='ltr'><strong>orationis</strong></span> <span class='ocrx_word' id='word_1_181' title='bbox 2441 1013 2583 1068; x_wconf 85' lang='lat' dir='ltr'><strong>serie</strong></span> <span class='ocrx_word' id='word_1_182' title='bbox 2622 1013 3018 1083; x_wconf 85' lang='lat' dir='ltr'><strong>blasphemiam</strong></span> <span class='ocrx_word' id='word_1_183' title='bbox 3059 1014 3440 1068; x_wconf 82' lang='lat' dir='ltr'><strong>concinnatam</strong></span> <span class='ocrx_word' id='word_1_184' title='bbox 3483 1015 3587 1068; x_wconf 80' lang='lat' dir='ltr'><strong>ha-</strong></span> 
     </span>
    </p>
   </div>
   <div class='ocr_carea' id='block_1_26' title="bbox 2022 1102 3585 1178">
    <p class='ocr_par' dir='ltr' id='par_1_26' title="bbox 2022 1102 3585 1178">
     <span class='ocr_line' id='line_1_26' title="bbox 2022 1102 3585 1178; baseline 0.003 -22"><span class='ocrx_word' id='word_1_185' title='bbox 2022 1102 2163 1157; x_wconf 86' lang='lat' dir='ltr'><strong>beat.</strong></span> <span class='ocrx_word' id='word_1_186' title='bbox 2193 1103 2470 1172; x_wconf 86' lang='lat' dir='ltr'><strong>lngenitus</strong></span> <span class='ocrx_word' id='word_1_187' title='bbox 2499 1113 2678 1159; x_wconf 90' lang='lat' dir='ltr'><strong>autem</strong></span> <span class='ocrx_word' id='word_1_188' title='bbox 2703 1119 2826 1160; x_wconf 92' lang='lat' dir='ltr'><strong>cum</strong></span> <span class='ocrx_word' id='word_1_189' title='bbox 2849 1106 2938 1170; x_wconf 90' lang='lat' dir='ltr'><strong>sit,</strong></span> <span class='ocrx_word' id='word_1_190' title='bbox 2964 1105 3159 1174; x_wconf 87' lang='lat' dir='ltr'><strong>inquit,</strong></span> <span class='ocrx_word' id='word_1_191' title='bbox 3183 1105 3373 1177; x_wconf 73' lang='lat' dir='ltr'><strong>effugit</strong></span> <span class='ocrx_word' id='word_1_192' title='bbox 3401 1107 3585 1178; x_wconf 86' lang='lat' dir='ltr'><strong>utique</strong></span> 
     </span>
    </p>
   </div>
   <div class='ocr_carea' id='block_1_27' title="bbox 2019 1195 3588 1268">
    <p class='ocr_par' dir='ltr' id='par_1_27' title="bbox 2019 1195 3588 1268">
     <span class='ocr_line' id='line_1_27' title="bbox 2019 1195 3588 1268; baseline 0.003 -21"><span class='ocrx_word' id='word_1_193' title='bbox 2019 1207 2234 1247; x_wconf 91' lang='lat' dir='ltr'><strong>omnem</strong></span> <span class='ocrx_word' id='word_1_194' title='bbox 2275 1195 2731 1261; x_wconf 87' lang='lat' dir='ltr'><strong>comparationem</strong></span> <span class='ocrx_word' id='word_1_195' title='bbox 2771 1210 2835 1250; x_wconf 91' lang='lat' dir='ltr'><strong>ac</strong></span> <span class='ocrx_word' id='word_1_196' title='bbox 2867 1197 3299 1252; x_wconf 90' lang='lat' dir='ltr'><strong>communionem</strong></span> <span class='ocrx_word' id='word_1_197' title='bbox 3331 1211 3452 1252; x_wconf 88' lang='lat' dir='ltr'><strong>cum</strong></span> <span class='ocrx_word' id='word_1_198' title='bbox 3491 1213 3588 1268; x_wconf 84' lang='lat' dir='ltr'><strong>ge-</strong></span> 
     </span>
    </p>
   </div>
   <div class='ocr_carea' id='block_1_28' title="bbox 2023 1281 3586 1359">
    <p class='ocr_par' dir='ltr' id='par_1_28' title="bbox 2023 1281 3586 1359">
     <span class='ocr_line' id='line_1_28' title="bbox 2023 1281 3586 1359; baseline 0.004 -24"><span class='ocrx_word' id='word_1_199' title='bbox 2023 1282 2152 1337; x_wconf 91' lang='lat' dir='ltr'><strong>nito.</strong></span> <span class='ocrx_word' id='word_1_200' title='bbox 2193 1281 2310 1336; x_wconf 93' lang='lat' dir='ltr'><strong>Non</strong></span> <span class='ocrx_word' id='word_1_201' title='bbox 2350 1284 2522 1338; x_wconf 82' lang='lat' dir='ltr'><strong>dixit:</strong></span> <span class='ocrx_word' id='word_1_202' title='bbox 2558 1283 2718 1340; x_wconf 89' lang='lat' dir='ltr'><strong>Pater</strong></span> <span class='ocrx_word' id='word_1_203' title='bbox 2757 1295 2811 1340; x_wconf 92' lang='lat' dir='ltr'><strong>et</strong></span> <span class='ocrx_word' id='word_1_204' title='bbox 2839 1285 3044 1352; x_wconf 88' lang='lat' dir='ltr'><strong>Filius,</strong></span> <span class='ocrx_word' id='word_1_205' title='bbox 3073 1287 3190 1353; x_wconf 85' lang='lat' dir='ltr'><strong>sed,</strong></span> <span class='ocrx_word' id='word_1_206' title='bbox 3222 1285 3502 1359; x_wconf 81' lang='lat' dir='ltr'><strong>lngenitus</strong></span> <span class='ocrx_word' id='word_1_207' title='bbox 3530 1299 3586 1344; x_wconf 92' lang='lat' dir='ltr'><strong>et</strong></span> 
     </span>
    </p>
   </div>
   <div class='ocr_carea' id='block_1_29' title="bbox 2021 1373 3586 1451">
    <p class='ocr_par' dir='ltr' id='par_1_29' title="bbox 2021 1373 3586 1451">
     <span class='ocr_line' id='line_1_29' title="bbox 2021 1373 3586 1451; baseline 0.006 -25"><span class='ocrx_word' id='word_1_208' title='bbox 2021 1374 2254 1442; x_wconf 89' lang='lat' dir='ltr'><strong>genitus.</strong></span> <span class='ocrx_word' id='word_1_209' title='bbox 2289 1373 2420 1428; x_wconf 88' lang='lat' dir='ltr'><strong>Tale</strong></span> <span class='ocrx_word' id='word_1_210' title='bbox 2450 1384 2534 1430; x_wconf 91' lang='lat' dir='ltr'><strong>est</strong></span> <span class='ocrx_word' id='word_1_211' title='bbox 2563 1376 2729 1446; x_wconf 86' lang='lat' dir='ltr'><strong>igitur</strong></span> <span class='ocrx_word' id='word_1_212' title='bbox 2761 1392 2930 1431; x_wconf 90' lang='lat' dir='ltr'><strong>unum</strong></span> <span class='ocrx_word' id='word_1_213' title='bbox 2951 1415 2968 1442; x_wconf 91' lang='lat'><strong>,</strong></span> <span class='ocrx_word' id='word_1_214' title='bbox 2996 1377 3139 1444; x_wconf 89' lang='lat' dir='ltr'><strong>quod</strong></span> <span class='ocrx_word' id='word_1_215' title='bbox 3167 1377 3235 1433; x_wconf 92' lang='lat' dir='ltr'><strong>ab</strong></span> <span class='ocrx_word' id='word_1_216' title='bbox 3273 1393 3339 1434; x_wconf 91' lang='lat' dir='ltr'><strong>eo</strong></span> <span class='ocrx_word' id='word_1_217' title='bbox 3367 1382 3586 1451; x_wconf 80' lang='lat' dir='ltr'><strong>excogi-</strong></span> 
     </span>
    </p>
   </div>
   <div class='ocr_carea' id='block_1_30' title="bbox 2022 1465 3584 1536">
    <p class='ocr_par' dir='ltr' id='par_1_30' title="bbox 2022 1465 3584 1536">
     <span class='ocr_line' id='line_1_30' title="bbox 2022 1465 3584 1536; baseline 0.005 -19"><span class='ocrx_word' id='word_1_218' title='bbox 2022 1472 2190 1518; x_wconf 86' lang='lat' dir='ltr'><strong>tatum</strong></span> <span class='ocrx_word' id='word_1_219' title='bbox 2213 1474 2298 1520; x_wconf 89' lang='lat' dir='ltr'><strong>est</strong></span> <span class='ocrx_word' id='word_1_220' title='bbox 2328 1484 2342 1519; x_wconf 93' lang='lat'>:</span> <span class='ocrx_word' id='word_1_221' title='bbox 2375 1465 2603 1520; x_wconf 89' lang='lat' dir='ltr'><strong>alterum</strong></span> <span class='ocrx_word' id='word_1_222' title='bbox 2635 1481 2764 1521; x_wconf 87' lang='lat' dir='ltr'><strong>vero</strong></span> <span class='ocrx_word' id='word_1_223' title='bbox 2787 1467 2946 1536; x_wconf 87' lang='lat' dir='ltr'><strong>quale</strong></span> <span class='ocrx_word' id='word_1_224' title='bbox 2986 1468 3058 1522; x_wconf 88' lang='lat' dir='ltr'><strong>sit</strong></span> <span class='ocrx_word' id='word_1_225' title='bbox 3101 1469 3466 1527; x_wconf 87' lang='lat' dir='ltr'><strong>considerate.</strong></span> <span class='ocrx_word' id='word_1_226' title='bbox 3496 1471 3584 1525; x_wconf 90' lang='lat' dir='ltr'><strong>ln-</strong></span> 
     </span>
    </p>
   </div>
   <div class='ocr_carea' id='block_1_31' title="bbox 2020 1561 3587 1633">
    <p class='ocr_par' dir='ltr' id='par_1_31' title="bbox 2020 1561 3587 1633">
     <span class='ocr_line' id='line_1_31' title="bbox 2020 1561 3587 1633; baseline 0.004 -18"><span class='ocrx_word' id='word_1_227' title='bbox 2020 1561 2234 1629; x_wconf 87' lang='lat' dir='ltr'><strong>genitus</strong></span> <span class='ocrx_word' id='word_1_228' title='bbox 2258 1574 2388 1615; x_wconf 87' lang='lat' dir='ltr'><strong>vero</strong></span> <span class='ocrx_word' id='word_1_229' title='bbox 2417 1575 2538 1616; x_wconf 92' lang='lat' dir='ltr'><strong>cum</strong></span> <span class='ocrx_word' id='word_1_230' title='bbox 2575 1561 2668 1629; x_wconf 90' lang='lat' dir='ltr'><strong>sit,</strong></span> <span class='ocrx_word' id='word_1_231' title='bbox 2703 1562 2908 1632; x_wconf 84' lang='lat' dir='ltr'><strong>inquit,</strong></span> <span class='ocrx_word' id='word_1_232' title='bbox 2941 1578 3218 1633; x_wconf 89' lang='lat' dir='ltr'><strong>nunquam</strong></span> <span class='ocrx_word' id='word_1_233' title='bbox 3249 1579 3379 1620; x_wconf 87' lang='lat' dir='ltr'><strong>sane</strong></span> <span class='ocrx_word' id='word_1_234' title='bbox 3411 1565 3587 1621; x_wconf 85' lang='lat' dir='ltr'><strong>admi-</strong></span> 
     </span>
    </p>
   </div>
   <div class='ocr_carea' id='block_1_32' title="bbox 2021 1651 3582 1723">
    <p class='ocr_par' dir='ltr' id='par_1_32' title="bbox 2021 1651 3582 1723">
     <span class='ocr_line' id='line_1_32' title="bbox 2021 1651 3582 1723; baseline 0.005 -19"><span class='ocrx_word' id='word_1_235' title='bbox 2021 1651 2156 1706; x_wconf 86' lang='lat' dir='ltr'><strong>serit</strong></span> <span class='ocrx_word' id='word_1_236' title='bbox 2195 1652 2595 1722; x_wconf 80' lang='lat' dir='ltr'><strong>generationem</strong></span> <span class='ocrx_word' id='word_1_237' title='bbox 2637 1669 2651 1706; x_wconf 92' lang='lat'>:</span> <span class='ocrx_word' id='word_1_238' title='bbox 2695 1662 2748 1705; x_wconf 90' lang='lat' dir='ltr'><strong>et</strong></span> <span class='ocrx_word' id='word_1_239' title='bbox 2796 1653 3104 1723; x_wconf 74' lang='lat' dir='ltr'><strong>subiungit,</strong></span> <span class='ocrx_word' id='word_1_240' title='bbox 3151 1654 3286 1711; x_wconf 88' lang='lat' dir='ltr'><strong>adeo</strong></span> <span class='ocrx_word' id='word_1_241' title='bbox 3327 1663 3387 1709; x_wconf 91' lang='lat' dir='ltr'><strong>ut</strong></span> <span class='ocrx_word' id='word_1_242' title='bbox 3429 1671 3582 1712; x_wconf 90' lang='lat' dir='ltr'><strong>suam</strong></span> 
     </span>
    </p>
   </div>
   <div class='ocr_carea' id='block_1_33' title="bbox 2023 1743 3587 1815">
    <p class='ocr_par' dir='ltr' id='par_1_33' title="bbox 2023 1743 3587 1815">
     <span class='ocr_line' id='line_1_33' title="bbox 2023 1743 3587 1815; baseline 0.004 -18"><span class='ocrx_word' id='word_1_243' title='bbox 2023 1743 2192 1810; x_wconf 84' lang='lat' dir='ltr'><strong>ipsius</strong></span> <span class='ocrx_word' id='word_1_244' title='bbox 2217 1753 2466 1798; x_wconf 87' lang='lat' dir='ltr'><strong>naturam</strong></span> <span class='ocrx_word' id='word_1_245' title='bbox 2493 1745 2857 1799; x_wconf 90' lang='lat' dir='ltr'><strong>communicet</strong></span> <span class='ocrx_word' id='word_1_246' title='bbox 2887 1760 3008 1814; x_wconf 84' lang='lat' dir='ltr'><strong>cum</strong></span> <span class='ocrx_word' id='word_1_247' title='bbox 3037 1746 3237 1815; x_wconf 88' lang='lat' dir='ltr'><strong>genito.</strong></span> <span class='ocrx_word' id='word_1_248' title='bbox 3263 1745 3418 1813; x_wconf 85' lang='lat' dir='ltr'><strong>Illud,</strong></span> <span class='ocrx_word' id='word_1_249' title='bbox 3449 1764 3587 1803; x_wconf 79' lang='lat' dir='ltr'><strong>nun-</strong></span> 
     </span>
    </p>
   </div>
   <div class='ocr_carea' id='block_1_34' title="bbox 354 1813 1910 1909">
    <p class='ocr_par' dir='ltr' id='par_1_34' title="bbox 354 1836 1910 1908">
     <span class='ocr_line' id='line_1_34' title="bbox 354 1836 1910 1908; baseline 0.001 -20"><span class='ocrx_word' id='word_1_250' title='bbox 354 1836 670 1906; x_wconf 84' lang='grc' dir='ltr'>μεταδοῦναι</span> <span class='ocrx_word' id='word_1_251' title='bbox 703 1837 778 1907; x_wconf 82' lang='grc' dir='ltr'>τῷ</span> <span class='ocrx_word' id='word_1_252' title='bbox 803 1837 1124 1908; x_wconf 82' lang='grc' dir='ltr'>γεννωμένῳ</span> <span class='ocrx_word' id='word_1_253' title='bbox 1149 1837 1384 1907; x_wconf 85' lang='grc' dir='ltr'>φύσεως.</span> <span class='ocrx_word' id='word_1_254' title='bbox 1417 1838 1510 1902; x_wconf 87' lang='grc' dir='ltr'>Τὸ,</span> <span class='ocrx_word' id='word_1_255' title='bbox 1536 1840 1648 1891; x_wconf 81' lang='grc' dir='ltr'>οὐκ</span> <span class='ocrx_word' id='word_1_256' title='bbox 1678 1837 1756 1891; x_wconf 74' lang='grc' dir='ltr'>ἄν</span> <span class='ocrx_word' id='word_1_257' title='bbox 1777 1851 1910 1891; x_wconf 79' lang='grc' dir='ltr'>ποτε</span> 
     </span>
    </p>
   </div>
   <div class='ocr_carea' id='block_1_35' title="bbox 2008 1813 3580 1909">
    <p class='ocr_par' dir='ltr' id='par_1_35' title="bbox 2023 1813 3580 1909">
     <span class='ocr_line' id='line_1_35' title="bbox 2023 1813 3580 1909; baseline 0.003 -21"><span class='ocrx_word' id='word_1_258' title='bbox 2023 1851 2179 1903; x_wconf 87' lang='lat' dir='ltr'><strong>quam</strong></span> <span class='ocrx_word' id='word_1_259' title='bbox 2210 1852 2336 1890; x_wconf 77' lang='lat' dir='ltr'><strong>sane</strong></span> <span class='ocrx_word' id='word_1_260' title='bbox 2364 1835 2639 1890; x_wconf 81' lang='lat' dir='ltr'><strong>admiserit</strong></span> <span class='ocrx_word' id='word_1_261' title='bbox 2677 1813 3086 1905; x_wconf 77' lang='lat' dir='ltr'><strong>generationem,</strong></span> <span class='ocrx_word' id='word_1_262' title='bbox 3125 1838 3234 1892; x_wconf 91' lang='lat' dir='ltr'><strong>duo</strong></span> <span class='ocrx_word' id='word_1_263' title='bbox 3259 1837 3534 1909; x_wconf 82' lang='lat' dir='ltr'><strong>signiﬁcat</strong></span> <span class='ocrx_word' id='word_1_264' title='bbox 3566 1856 3580 1892; x_wconf 89' lang='lat'><strong>:</strong></span> 
     </span>
    </p>
   </div>
   <div class='ocr_carea' id='block_1_36' title="bbox 350 1927 1916 1999">
    <p class='ocr_par' dir='ltr' id='par_1_36' title="bbox 350 1927 1916 1999">
     <span class='ocr_line' id='line_1_36' title="bbox 350 1927 1916 1999; baseline 0.001 -19"><span class='ocrx_word' id='word_1_265' title='bbox 350 1929 632 1996; x_wconf 80' lang='grc' dir='ltr'>πρόσοιτο</span> <span class='ocrx_word' id='word_1_266' title='bbox 670 1927 978 1998; x_wconf 75' lang='grc' dir='ltr'>γέννησιν,</span> <span class='ocrx_word' id='word_1_267' title='bbox 1008 1930 1099 1982; x_wconf 90' lang='grc' dir='ltr'><strong>δύο</strong></span> <span class='ocrx_word' id='word_1_268' title='bbox 1140 1929 1422 1999; x_wconf 52' lang='grc' dir='ltr'>σημαίνειν</span> <span class='ocrx_word' id='word_1_269' title='bbox 1466 1928 1523 1982; x_wconf 79' lang='grc' dir='ltr'>ἓν</span> <span class='ocrx_word' id='word_1_270' title='bbox 1564 1929 1696 1999; x_wconf 82' lang='grc' dir='ltr'>μὲν,</span> <span class='ocrx_word' id='word_1_271' title='bbox 1728 1931 1808 1982; x_wconf 82' lang='grc' dir='ltr'><strong>ὅτι</strong></span> <span class='ocrx_word' id='word_1_272' title='bbox 1850 1931 1916 1999; x_wconf 89' lang='grc' dir='ltr'>τῇ</span> 
     </span>
    </p>
   </div>
   <div class='ocr_carea' id='block_1_37' title="bbox 354 2020 1919 2093">
    <p class='ocr_par' dir='ltr' id='par_1_37' title="bbox 354 2020 1919 2093">
     <span class='ocr_line' id='line_1_37' title="bbox 354 2020 1919 2093; baseline 0.002 -22"><span class='ocrx_word' id='word_1_273' title='bbox 354 2021 460 2092; x_wconf 76' lang='grc' dir='ltr'>ἰδία</span> <span class='ocrx_word' id='word_1_274' title='bbox 488 2021 650 2073; x_wconf 79' lang='grc' dir='ltr'>αὐτοῦ</span> <span class='ocrx_word' id='word_1_275' title='bbox 686 2021 840 2089; x_wconf 87' lang='grc' dir='ltr'>φύσει</span> <span class='ocrx_word' id='word_1_276' title='bbox 874 2022 974 2074; x_wconf 80' lang='grc' dir='ltr'><strong>οὐκ</strong></span> <span class='ocrx_word' id='word_1_277' title='bbox 1003 2021 1301 2092; x_wconf 75' lang='grc' dir='ltr'>ἐφαρμόζει</span> <span class='ocrx_word' id='word_1_278' title='bbox 1329 2021 1439 2091; x_wconf 79' lang='grc'>(10)</span> <span class='ocrx_word' id='word_1_279' title='bbox 1470 2021 1722 2091; x_wconf 89' lang='grc' dir='ltr'>γέννησις</span> <span class='ocrx_word' id='word_1_280' title='bbox 1751 2020 1919 2093; x_wconf 85' lang='grc' dir='ltr'>(ἀδύ-</span> 
     </span>
    </p>
   </div>
   <div class='ocr_carea' id='block_1_38' title="bbox 349 2111 1917 2184">
    <p class='ocr_par' dir='ltr' id='par_1_38' title="bbox 349 2111 1917 2184">
     <span class='ocr_line' id='line_1_38' title="bbox 349 2111 1917 2184; baseline 0 -19"><span class='ocrx_word' id='word_1_281' title='bbox 349 2129 504 2165; x_wconf 90' lang='grc' dir='ltr'>νατον</span> <span class='ocrx_word' id='word_1_282' title='bbox 537 2112 644 2182; x_wconf 78' lang='grc' dir='ltr'>γὰρ</span> <span class='ocrx_word' id='word_1_283' title='bbox 692 2112 795 2164; x_wconf 78' lang='grc' dir='ltr'>ὑπὸ</span> <span class='ocrx_word' id='word_1_284' title='bbox 829 2113 1079 2184; x_wconf 78' lang='grc' dir='ltr'>γέννησιν</span> <span class='ocrx_word' id='word_1_285' title='bbox 1120 2111 1293 2166; x_wconf 79' lang='grc' dir='ltr'>ἐλθεῖν</span> <span class='ocrx_word' id='word_1_286' title='bbox 1336 2112 1433 2182; x_wconf 85' lang='grc' dir='ltr'>τὴν</span> <span class='ocrx_word' id='word_1_287' title='bbox 1479 2112 1772 2182; x_wconf 83' lang='grc' dir='ltr'>ἀγέννητον</span> <span class='ocrx_word' id='word_1_288' title='bbox 1815 2111 1917 2180; x_wconf 86' lang='grc' dir='ltr'>φύ-</span> 
     </span>
    </p>
   </div>
   <div class='ocr_carea' id='block_1_39' title="bbox 351 2203 1914 2274">
    <p class='ocr_par' dir='ltr' id='par_1_39' title="bbox 351 2203 1914 2274">
     <span class='ocr_line' id='line_1_39' title="bbox 351 2203 1914 2274; baseline 0.002 -20"><span class='ocrx_word' id='word_1_289' title='bbox 351 2203 474 2271; x_wconf 90' lang='grc' dir='ltr'>σιν)</span> <span class='ocrx_word' id='word_1_290' title='bbox 499 2219 512 2231; x_wconf 78' lang='grc'><strong><em>⁸</em></strong></span> <span class='ocrx_word' id='word_1_291' title='bbox 552 2204 737 2274; x_wconf 74' lang='grc' dir='ltr'>ἕτερον</span> <span class='ocrx_word' id='word_1_292' title='bbox 767 2203 844 2266; x_wconf 79' lang='grc' dir='ltr'><strong>δὲ,</strong></span> <span class='ocrx_word' id='word_1_293' title='bbox 880 2203 961 2255; x_wconf 84' lang='grc' dir='ltr'>ὅτι</span> <span class='ocrx_word' id='word_1_294' title='bbox 999 2204 1256 2273; x_wconf 80' lang='grc' dir='ltr'>γεννῆσαι</span> <span class='ocrx_word' id='word_1_295' title='bbox 1289 2203 1350 2255; x_wconf 78' lang='grc' dir='ltr'><strong>οὐ</strong></span> <span class='ocrx_word' id='word_1_296' title='bbox 1387 2203 1739 2272; x_wconf 80' lang='grc' dir='ltr'>καταδέχεται</span> <span class='ocrx_word' id='word_1_297' title='bbox 1780 2203 1914 2274; x_wconf 83' lang='grc' dir='ltr'>(Η).</span> 
     </span>
    </p>
   </div>
   <div class='ocr_carea' id='block_1_40' title="bbox 348 2289 1919 2367">
    <p class='ocr_par' dir='ltr' id='par_1_40' title="bbox 348 2289 1919 2367">
     <span class='ocr_line' id='line_1_40' title="bbox 348 2289 1919 2367; baseline 0.001 -20"><span class='ocrx_word' id='word_1_298' title='bbox 348 2289 515 2356; x_wconf 71' lang='grc' dir='ltr'>Οὗτος</span> <span class='ocrx_word' id='word_1_299' title='bbox 547 2295 645 2365; x_wconf 79' lang='grc' dir='ltr'><strong>μὲν</strong></span> <span class='ocrx_word' id='word_1_300' title='bbox 674 2290 766 2346; x_wconf 76' lang='grc' dir='ltr'><strong>οὖν</strong></span> <span class='ocrx_word' id='word_1_301' title='bbox 795 2295 934 2348; x_wconf 79' lang='grc' dir='ltr'>κατὰ</span> <span class='ocrx_word' id='word_1_302' title='bbox 959 2295 1018 2348; x_wconf 77' lang='grc' dir='ltr'><strong>τὸ</strong></span> <span class='ocrx_word' id='word_1_303' title='bbox 1048 2294 1296 2366; x_wconf 87' lang='grc' dir='ltr'>δεύτερον</span> <span class='ocrx_word' id='word_1_304' title='bbox 1329 2296 1726 2365; x_wconf 85' lang='grc' dir='ltr'>σημαινόμενον</span> <span class='ocrx_word' id='word_1_305' title='bbox 1756 2297 1919 2367; x_wconf 86' lang='grc' dir='ltr'>ἐχρή-</span> 
     </span>
    </p>
   </div>
   <div class='ocr_carea' id='block_1_41' title="bbox 345 2387 1918 2460">
    <p class='ocr_par' dir='ltr' id='par_1_41' title="bbox 345 2387 1918 2460">
     <span class='ocr_line' id='line_1_41' title="bbox 345 2387 1918 2460; baseline 0.001 -22"><span class='ocrx_word' id='word_1_306' title='bbox 345 2403 476 2440; x_wconf 70' lang='grc' dir='ltr'>σατο</span> <span class='ocrx_word' id='word_1_307' title='bbox 515 2390 579 2457; x_wconf 83' lang='grc' dir='ltr'>τῇ</span> <span class='ocrx_word' id='word_1_308' title='bbox 615 2390 764 2458; x_wconf 80' lang='grc' dir='ltr'>φωνῇ</span> <span class='ocrx_word' id='word_1_309' title='bbox 789 2406 800 2418; x_wconf 89' lang='grc'><strong>·</strong></span> <span class='ocrx_word' id='word_1_310' title='bbox 839 2387 1172 2459; x_wconf 74' lang='grc' dir='ltr'>συναρπάζει</span> <span class='ocrx_word' id='word_1_311' title='bbox 1205 2387 1262 2440; x_wconf 85' lang='grc' dir='ltr'>δὲ</span> <span class='ocrx_word' id='word_1_312' title='bbox 1294 2387 1421 2450; x_wconf 76' lang='grc' dir='ltr'>τοὺς</span> <span class='ocrx_word' id='word_1_313' title='bbox 1451 2388 1680 2452; x_wconf 78' lang='grc' dir='ltr'>πολλοὺς</span> <span class='ocrx_word' id='word_1_314' title='bbox 1713 2389 1776 2441; x_wconf 84' lang='grc' dir='ltr'>ὲκ</span> <span class='ocrx_word' id='word_1_315' title='bbox 1820 2390 1918 2460; x_wconf 84' lang='grc' dir='ltr'><strong>τῆς</strong></span> 
     </span>
    </p>
   </div>
   <div class='ocr_carea' id='block_1_42' title="bbox 343 2478 1919 2549">
    <p class='ocr_par' dir='ltr' id='par_1_42' title="bbox 343 2478 1919 2549">
     <span class='ocr_line' id='line_1_42' title="bbox 343 2478 1919 2549; baseline 0.004 -20"><span class='ocrx_word' id='word_1_316' title='bbox 343 2478 615 2549; x_wconf 70' lang='grc' dir='ltr'>’προτέρας</span> <span class='ocrx_word' id='word_1_317' title='bbox 655 2479 884 2542; x_wconf 88' lang='grc' dir='ltr'>ἐννοίας.</span> <span class='ocrx_word' id='word_1_318' title='bbox 928 2479 1079 2531; x_wconf 73' lang='grc' dir='ltr'>Ἐπεὶ</span> <span class='ocrx_word' id='word_1_319' title='bbox 1111 2480 1192 2532; x_wconf 88' lang='grc' dir='ltr'><strong>ὃτι</strong></span> <span class='ocrx_word' id='word_1_320' title='bbox 1229 2496 1292 2547; x_wconf 92' lang='grc' dir='ltr'><strong>γε</strong></span> <span class='ocrx_word' id='word_1_321' title='bbox 1319 2479 1479 2533; x_wconf 88' lang='grc' dir='ltr'>τοῦτό</span> <span class='ocrx_word' id='word_1_322' title='bbox 1516 2483 1630 2534; x_wconf 85' lang='grc' dir='ltr'>ἐστι</span> <span class='ocrx_word' id='word_1_323' title='bbox 1660 2483 1720 2534; x_wconf 77' lang='grc' dir='ltr'><strong>τὸ</strong></span> <span class='ocrx_word' id='word_1_324' title='bbox 1751 2499 1919 2536; x_wconf 89' lang='grc' dir='ltr'>κατα-</span> 
     </span>
    </p>
   </div>
   <div class='ocr_carea' id='block_1_43' title="bbox 348 2570 1912 2644">
    <p class='ocr_par' dir='ltr' id='par_1_43' title="bbox 348 2570 1912 2644">
     <span class='ocr_line' id='line_1_43' title="bbox 348 2570 1912 2644; baseline 0.004 -23"><span class='ocrx_word' id='word_1_325' title='bbox 348 2571 757 2638; x_wconf 76' lang='grc' dir='ltr'>σκευαζόμενον,</span> <span class='ocrx_word' id='word_1_326' title='bbox 821 2570 1007 2640; x_wconf 80' lang='grc' dir='ltr'>σαφῶς</span> <span class='ocrx_word' id='word_1_327' title='bbox 1061 2570 1120 2624; x_wconf 86' lang='grc' dir='ltr'>τὸ</span> <span class='ocrx_word' id='word_1_328' title='bbox 1173 2573 1565 2644; x_wconf 77' lang='grc' dir='ltr'>ἐπιφερόμενον</span> <span class='ocrx_word' id='word_1_329' title='bbox 1626 2574 1912 2628; x_wconf 76' lang='grc' dir='ltr'>δείκνυσιν.</span> 
     </span>
    </p>
   </div>
   <div class='ocr_carea' id='block_1_44' title="bbox 346 2661 1909 2736">
    <p class='ocr_par' dir='ltr' id='par_1_44' title="bbox 346 2661 1909 2736">
     <span class='ocr_line' id='line_1_44' title="bbox 346 2661 1909 2736; baseline 0.006 -24"><span class='ocrx_word' id='word_1_330' title='bbox 346 2661 529 2712; x_wconf 73' lang='grc' dir='ltr'>Εἰπὼν</span> <span class='ocrx_word' id='word_1_331' title='bbox 563 2661 669 2732; x_wconf 83' lang='grc' dir='ltr'>γὰρ</span> <span class='ocrx_word' id='word_1_332' title='bbox 713 2662 814 2725; x_wconf 84' lang='grc' dir='ltr'>ὅτι,</span> <span class='ocrx_word' id='word_1_333' title='bbox 845 2665 965 2715; x_wconf 78' lang='grc' dir='ltr'><strong>Οὐκ</strong></span> <span class='ocrx_word' id='word_1_334' title='bbox 994 2662 1070 2716; x_wconf 82' lang='grc' dir='ltr'>ἄν</span> <span class='ocrx_word' id='word_1_335' title='bbox 1099 2678 1242 2717; x_wconf 78' lang='grc' dir='ltr'>ποτε</span> <span class='ocrx_word' id='word_1_336' title='bbox 1271 2667 1557 2733; x_wconf 83' lang='grc' dir='ltr'>πρόσοιτο</span> <span class='ocrx_word' id='word_1_337' title='bbox 1595 2667 1909 2736; x_wconf 81' lang='grc' dir='ltr'>γέννησιν,</span> 
     </span>
    </p>
   </div>
   <div class='ocr_carea' id='block_1_45' title="bbox 345 2750 1919 2827">
    <p class='ocr_par' dir='ltr' id='par_1_45' title="bbox 345 2750 1919 2827">
     <span class='ocr_line' id='line_1_45' title="bbox 345 2750 1919 2827; baseline 0.007 -25"><span class='ocrx_word' id='word_1_338' title='bbox 345 2752 648 2821; x_wconf 68' lang='grc' dir='ltr'>ἐπήγαγεν·</span> <span class='ocrx_word' id='word_1_339' title='bbox 697 2750 851 2805; x_wconf 83' lang='grc' dir='ltr'>ὥστε</span> <span class='ocrx_word' id='word_1_340' title='bbox 879 2751 989 2822; x_wconf 82' lang='grc' dir='ltr'>τῆς</span> <span class='ocrx_word' id='word_1_341' title='bbox 1025 2752 1178 2820; x_wconf 77' lang='grc' dir='ltr'>ιδίας</span> <span class='ocrx_word' id='word_1_342' title='bbox 1199 2755 1563 2824; x_wconf 81' lang='grc' dir='ltr'>μεταδοῦναι</span> <span class='ocrx_word' id='word_1_343' title='bbox 1596 2757 1676 2822; x_wconf 85' lang='grc' dir='ltr'>τῷ</span> <span class='ocrx_word' id='word_1_344' title='bbox 1704 2775 1919 2827; x_wconf 73' lang='grc' dir='ltr'>γεννω-</span> 
     </span>
    </p>
   </div>
   <div class='ocr_carea' id='block_1_46' title="bbox 341 2843 1917 2920">
    <p class='ocr_par' dir='ltr' id='par_1_46' title="bbox 341 2843 1917 2920">
     <span class='ocr_line' id='line_1_46' title="bbox 341 2843 1917 2920; baseline 0.006 -26"><span class='ocrx_word' id='word_1_345' title='bbox 341 2843 501 2910; x_wconf 78' lang='grc' dir='ltr'>μένῳ</span> <span class='ocrx_word' id='word_1_346' title='bbox 540 2846 795 2912; x_wconf 67' lang='grc' dir='ltr'>φύσεως.</span> <span class='ocrx_word' id='word_1_347' title='bbox 834 2846 912 2916; x_wconf 86' lang='grc' dir='ltr'><strong>Τῇ</strong></span> <span class='ocrx_word' id='word_1_348' title='bbox 953 2844 1062 2916; x_wconf 80' lang='grc' dir='ltr'>γὰρ</span> <span class='ocrx_word' id='word_1_349' title='bbox 1102 2847 1329 2918; x_wconf 72' lang='grc' dir='ltr'>δευτέρᾳ</span> <span class='ocrx_word' id='word_1_350' title='bbox 1379 2847 1489 2919; x_wconf 73' lang='grc'>(19..)</span> <span class='ocrx_word' id='word_1_351' title='bbox 1541 2850 1720 2920; x_wconf 84' lang='grc' dir='ltr'>ἐννοίᾳ.</span> <span class='ocrx_word' id='word_1_352' title='bbox 1761 2850 1917 2905; x_wconf 83' lang='grc' dir='ltr'>τοῦτό</span> 
     </span>
    </p>
   </div>
   <div class='ocr_carea' id='block_1_47' title="bbox 344 2933 1915 3009">
    <p class='ocr_par' dir='ltr' id='par_1_47' title="bbox 344 2933 1915 3009">
     <span class='ocr_line' id='line_1_47' title="bbox 344 2933 1915 3009; baseline 0.008 -26"><span class='ocrx_word' id='word_1_353' title='bbox 344 2933 493 2984; x_wconf 81' lang='grc' dir='ltr'>ἐστιν</span> <span class='ocrx_word' id='word_1_354' title='bbox 531 2934 852 2987; x_wconf 73' lang='grc' dir='ltr'>ἀκόλουθονο</span> <span class='ocrx_word' id='word_1_355' title='bbox 899 2937 979 2989; x_wconf 82' lang='grc' dir='ltr'>ὅτι</span> <span class='ocrx_word' id='word_1_356' title='bbox 1019 2937 1079 2988; x_wconf 77' lang='grc' dir='ltr'>οὐ</span> <span class='ocrx_word' id='word_1_357' title='bbox 1118 2939 1471 3009; x_wconf 86' lang='grc' dir='ltr'>καταδέχεται</span> <span class='ocrx_word' id='word_1_358' title='bbox 1512 2940 1764 3007; x_wconf 83' lang='grc' dir='ltr'>γενέσθαι</span> <span class='ocrx_word' id='word_1_359' title='bbox 1802 2942 1915 2996; x_wconf 89' lang='grc' dir='ltr'><strong>Πα-</strong></span> 
     </span>
    </p>
   </div>
   <div class='ocr_carea' id='block_1_48' title="bbox 343 3023 1917 3102">
    <p class='ocr_par' dir='ltr' id='par_1_48' title="bbox 343 3023 1917 3102">
     <span class='ocr_line' id='line_1_48' title="bbox 343 3023 1917 3102; baseline 0.008 -28"><span class='ocrx_word' id='word_1_360' title='bbox 343 3023 468 3094; x_wconf 69' lang='grc' dir='ltr'>τὴρ,</span> <span class='ocrx_word' id='word_1_361' title='bbox 511 3025 597 3077; x_wconf 82' lang='grc' dir='ltr'>ἵνα</span> <span class='ocrx_word' id='word_1_362' title='bbox 639 3025 711 3096; x_wconf 83' lang='grc' dir='ltr'>μὴ</span> <span class='ocrx_word' id='word_1_363' title='bbox 759 3027 970 3098; x_wconf 81' lang='grc' dir='ltr'>μεταδῷ</span> <span class='ocrx_word' id='word_1_364' title='bbox 1003 3029 1104 3098; x_wconf 78' lang='grc' dir='ltr'>τῆς</span> <span class='ocrx_word' id='word_1_365' title='bbox 1157 3030 1291 3092; x_wconf 84' lang='grc' dir='ltr'>ἰδίας</span> <span class='ocrx_word' id='word_1_366' title='bbox 1341 3029 1552 3099; x_wconf 87' lang='grc' dir='ltr'>φύσεως</span> <span class='ocrx_word' id='word_1_367' title='bbox 1596 3031 1674 3102; x_wconf 81' lang='grc' dir='ltr'>τῷ</span> <span class='ocrx_word' id='word_1_368' title='bbox 1717 3049 1917 3100; x_wconf 87' lang='grc' dir='ltr'>γεννω-</span> 
     </span>
    </p>
   </div>
   <div class='ocr_carea' id='block_1_49' title="bbox 2020 1927 3576 1997">
    <p class='ocr_par' dir='ltr' id='par_1_49' title="bbox 2020 1927 3576 1997">
     <span class='ocr_line' id='line_1_49' title="bbox 2020 1927 3576 1997; baseline 0.004 -18"><span class='ocrx_word' id='word_1_369' title='bbox 2020 1941 2183 1980; x_wconf 88' lang='lat' dir='ltr'><strong>unum</strong></span> <span class='ocrx_word' id='word_1_370' title='bbox 2211 1966 2226 1990; x_wconf 93' lang='lat'><strong>,</strong></span> <span class='ocrx_word' id='word_1_371' title='bbox 2270 1927 2414 1996; x_wconf 91' lang='lat' dir='ltr'><strong>quod</strong></span> <span class='ocrx_word' id='word_1_372' title='bbox 2457 1928 2688 1997; x_wconf 70' lang='lat' dir='ltr'><strong>propriae</strong></span> <span class='ocrx_word' id='word_1_373' title='bbox 2718 1928 2887 1996; x_wconf 90' lang='lat' dir='ltr'><strong>ipsius</strong></span> <span class='ocrx_word' id='word_1_374' title='bbox 2919 1938 3126 1985; x_wconf 74' lang='lat' dir='ltr'><strong>naturae</strong></span> <span class='ocrx_word' id='word_1_375' title='bbox 3169 1945 3276 1986; x_wconf 91' lang='lat' dir='ltr'><strong>non</strong></span> <span class='ocrx_word' id='word_1_376' title='bbox 3322 1931 3576 1996; x_wconf 81' lang='lat' dir='ltr'><strong>congruit</strong></span> 
     </span>
    </p>
   </div>
   <div class='ocr_carea' id='block_1_50' title="bbox 2019 2019 3579 2092">
    <p class='ocr_par' dir='ltr' id='par_1_50' title="bbox 2019 2019 3579 2092">
     <span class='ocr_line' id='line_1_50' title="bbox 2019 2019 3579 2092; baseline 0.003 -19"><span class='ocrx_word' id='word_1_377' title='bbox 2019 2019 2301 2088; x_wconf 83' lang='lat' dir='ltr'><strong>generatio</strong></span> <span class='ocrx_word' id='word_1_378' title='bbox 2341 2019 2579 2090; x_wconf 88' lang='lat' dir='ltr'><strong>(quippe</strong></span> <span class='ocrx_word' id='word_1_379' title='bbox 2619 2020 2734 2074; x_wconf 84' lang='lat' dir='ltr'><strong>fieri</strong></span> <span class='ocrx_word' id='word_1_380' title='bbox 2762 2035 2867 2075; x_wconf 93' lang='lat' dir='ltr'><strong>non</strong></span> <span class='ocrx_word' id='word_1_381' title='bbox 2901 2030 3080 2090; x_wconf 88' lang='lat' dir='ltr'><strong>potest</strong></span> <span class='ocrx_word' id='word_1_382' title='bbox 3109 2030 3168 2077; x_wconf 90' lang='lat' dir='ltr'><strong>ut</strong></span> <span class='ocrx_word' id='word_1_383' title='bbox 3201 2032 3394 2078; x_wconf 85' lang='lat' dir='ltr'><strong>natura</strong></span> <span class='ocrx_word' id='word_1_384' title='bbox 3425 2025 3579 2092; x_wconf 88' lang='lat' dir='ltr'><strong>inge-</strong></span> 
     </span>
    </p>
   </div>
   <div class='ocr_carea' id='block_1_51' title="bbox 2020 2110 3580 2184">
    <p class='ocr_par' dir='ltr' id='par_1_51' title="bbox 2020 2110 3580 2184">
     <span class='ocr_line' id='line_1_51' title="bbox 2020 2110 3580 2184; baseline 0.005 -21"><span class='ocrx_word' id='word_1_385' title='bbox 2020 2110 2128 2164; x_wconf 89' lang='lat' dir='ltr'><strong>nita</strong></span> <span class='ocrx_word' id='word_1_386' title='bbox 2160 2110 2488 2181; x_wconf 88' lang='lat' dir='ltr'><strong>generetur)</strong></span> <span class='ocrx_word' id='word_1_387' title='bbox 2520 2129 2534 2165; x_wconf 91' lang='lat'><strong>:</strong></span> <span class='ocrx_word' id='word_1_388' title='bbox 2572 2111 2826 2179; x_wconf 86' lang='lat' dir='ltr'><strong>alterum,</strong></span> <span class='ocrx_word' id='word_1_389' title='bbox 2851 2114 2994 2184; x_wconf 87' lang='lat' dir='ltr'><strong>quod</strong></span> <span class='ocrx_word' id='word_1_390' title='bbox 3021 2129 3286 2183; x_wconf 88' lang='lat' dir='ltr'><strong>generare</strong></span> <span class='ocrx_word' id='word_1_391' title='bbox 3319 2131 3422 2170; x_wconf 94' lang='lat' dir='ltr'><strong>non</strong></span> <span class='ocrx_word' id='word_1_392' title='bbox 3456 2130 3580 2171; x_wconf 87' lang='lat' dir='ltr'><strong>sus—</strong></span> 
     </span>
    </p>
   </div>
   <div class='ocr_carea' id='block_1_52' title="bbox 2021 2203 3580 2278">
    <p class='ocr_par' dir='ltr' id='par_1_52' title="bbox 2021 2203 3580 2278">
     <span class='ocr_line' id='line_1_52' title="bbox 2021 2203 3580 2278; baseline 0.003 -21"><span class='ocrx_word' id='word_1_393' title='bbox 2021 2203 2174 2258; x_wconf 90' lang='lat' dir='ltr'><strong>tinet.</strong></span> <span class='ocrx_word' id='word_1_394' title='bbox 2205 2203 2307 2258; x_wconf 88' lang='lat' dir='ltr'><strong>Hic</strong></span> <span class='ocrx_word' id='word_1_395' title='bbox 2332 2205 2550 2273; x_wconf 87' lang='lat' dir='ltr'><strong>quidem</strong></span> <span class='ocrx_word' id='word_1_396' title='bbox 2597 2204 2698 2258; x_wconf 89' lang='lat' dir='ltr'><strong>hac</strong></span> <span class='ocrx_word' id='word_1_397' title='bbox 2726 2219 2858 2260; x_wconf 89' lang='lat' dir='ltr'><strong>voce</strong></span> <span class='ocrx_word' id='word_1_398' title='bbox 2900 2209 3194 2262; x_wconf 88' lang='lat' dir='ltr'><strong>secundum</strong></span> <span class='ocrx_word' id='word_1_399' title='bbox 3223 2209 3580 2278; x_wconf 80' lang='lat' dir='ltr'><strong>posteriorem</strong></span> 
     </span>
    </p>
   </div>
   <div class='ocr_carea' id='block_1_53' title="bbox 2017 2297 3582 2371">
    <p class='ocr_par' dir='ltr' id='par_1_53' title="bbox 2017 2297 3582 2371">
     <span class='ocr_line' id='line_1_53' title="bbox 2017 2297 3582 2371; baseline 0.005 -23"><span class='ocrx_word' id='word_1_400' title='bbox 2017 2309 2232 2349; x_wconf 91' lang='lat' dir='ltr'><strong>sensum</strong></span> <span class='ocrx_word' id='word_1_401' title='bbox 2274 2309 2404 2350; x_wconf 91' lang='lat' dir='ltr'><strong>usus</strong></span> <span class='ocrx_word' id='word_1_402' title='bbox 2443 2306 2566 2350; x_wconf 89' lang='lat' dir='ltr'><strong>est:</strong></span> <span class='ocrx_word' id='word_1_403' title='bbox 2610 2297 2704 2350; x_wconf 85' lang='lat' dir='ltr'><strong>sed</strong></span> <span class='ocrx_word' id='word_1_404' title='bbox 2736 2311 2803 2352; x_wconf 78' lang='lat' dir='ltr'><strong>ex</strong></span> <span class='ocrx_word' id='word_1_405' title='bbox 2834 2298 3014 2366; x_wconf 89' lang='lat' dir='ltr'><strong>priore</strong></span> <span class='ocrx_word' id='word_1_406' title='bbox 3051 2313 3211 2354; x_wconf 90' lang='lat' dir='ltr'><strong>sensu</strong></span> <span class='ocrx_word' id='word_1_407' title='bbox 3251 2299 3439 2371; x_wconf 84' lang='lat' dir='ltr'><strong>vulgus</strong></span> <span class='ocrx_word' id='word_1_408' title='bbox 3480 2302 3582 2356; x_wconf 86' lang='lat' dir='ltr'><strong>ho-</strong></span> 
     </span>
    </p>
   </div>
   <div class='ocr_carea' id='block_1_54' title="bbox 2018 2386 3577 2460">
    <p class='ocr_par' dir='ltr' id='par_1_54' title="bbox 2018 2386 3577 2460">
     <span class='ocr_line' id='line_1_54' title="bbox 2018 2386 3577 2460; baseline 0.006 -22"><span class='ocrx_word' id='word_1_409' title='bbox 2018 2386 2222 2440; x_wconf 92' lang='lat' dir='ltr'><strong>minum</strong></span> <span class='ocrx_word' id='word_1_410' title='bbox 2248 2387 2299 2440; x_wconf 90' lang='lat' dir='ltr'><strong>in</strong></span> <span class='ocrx_word' id='word_1_411' title='bbox 2326 2401 2481 2441; x_wconf 84' lang='lat' dir='ltr'><strong>suam</strong></span> <span class='ocrx_word' id='word_1_412' title='bbox 2508 2387 2831 2441; x_wconf 87' lang='lat' dir='ltr'><strong>sententiam</strong></span> <span class='ocrx_word' id='word_1_413' title='bbox 2859 2388 3040 2442; x_wconf 87' lang='lat' dir='ltr'><strong>trahit.</strong></span> <span class='ocrx_word' id='word_1_414' title='bbox 3065 2390 3275 2445; x_wconf 85' lang='lat' dir='ltr'><strong>Etenim</strong></span> <span class='ocrx_word' id='word_1_415' title='bbox 3298 2393 3441 2460; x_wconf 91' lang='lat' dir='ltr'><strong>quod</strong></span> <span class='ocrx_word' id='word_1_416' title='bbox 3474 2391 3577 2447; x_wconf 88' lang='lat' dir='ltr'><strong>hoc</strong></span> 
     </span>
    </p>
   </div>
   <div class='ocr_carea' id='block_1_55' title="bbox 2017 2476 3582 2550">
    <p class='ocr_par' dir='ltr' id='par_1_55' title="bbox 2017 2476 3582 2550">
     <span class='ocr_line' id='line_1_55' title="bbox 2017 2476 3582 2550; baseline 0.004 -20"><span class='ocrx_word' id='word_1_417' title='bbox 2017 2476 2086 2530; x_wconf 89' lang='lat' dir='ltr'><strong>sit</strong></span> <span class='ocrx_word' id='word_1_418' title='bbox 2114 2478 2255 2546; x_wconf 91' lang='lat' dir='ltr'><strong>quod</strong></span> <span class='ocrx_word' id='word_1_419' title='bbox 2301 2478 2585 2542; x_wconf 89' lang='lat' dir='ltr'><strong>astruitur,</strong></span> <span class='ocrx_word' id='word_1_420' title='bbox 2631 2476 2913 2532; x_wconf 80' lang='lat' dir='ltr'><strong>manifeste</strong></span> <span class='ocrx_word' id='word_1_421' title='bbox 2945 2489 3090 2548; x_wconf 90' lang='lat' dir='ltr'><strong>patet</strong></span> <span class='ocrx_word' id='word_1_422' title='bbox 3129 2495 3197 2536; x_wconf 81' lang='lat' dir='ltr'><strong>ex</strong></span> <span class='ocrx_word' id='word_1_423' title='bbox 3234 2495 3298 2535; x_wconf 89' lang='lat' dir='ltr'><strong>eo</strong></span> <span class='ocrx_word' id='word_1_424' title='bbox 3326 2481 3468 2550; x_wconf 87' lang='lat' dir='ltr'><strong>quod</strong></span> <span class='ocrx_word' id='word_1_425' title='bbox 3499 2483 3582 2536; x_wconf 82' lang='lat' dir='ltr'><strong>in—</strong></span> 
     </span>
    </p>
   </div>
   <div class='ocr_carea' id='block_1_56' title="bbox 2019 2567 3581 2643">
    <p class='ocr_par' dir='ltr' id='par_1_56' title="bbox 2019 2567 3581 2643">
     <span class='ocr_line' id='line_1_56' title="bbox 2019 2567 3581 2643; baseline 0.004 -22"><span class='ocrx_word' id='word_1_426' title='bbox 2019 2567 2212 2623; x_wconf 89' lang='lat' dir='ltr'><strong>fertur.</strong></span> <span class='ocrx_word' id='word_1_427' title='bbox 2268 2569 2434 2640; x_wconf 70' lang='lat'><strong>229</strong></span> <span class='ocrx_word' id='word_1_428' title='bbox 2481 2568 2615 2623; x_wconf 86' lang='lat' dir='ltr'><strong>Nam</strong></span> <span class='ocrx_word' id='word_1_429' title='bbox 2665 2579 3013 2639; x_wconf 90' lang='lat' dir='ltr'><strong>posteaquam</strong></span> <span class='ocrx_word' id='word_1_430' title='bbox 3060 2571 3249 2628; x_wconf 78' lang='lat' dir='ltr'><strong>dixit:</strong></span> <span class='ocrx_word' id='word_1_431' title='bbox 3301 2571 3581 2643; x_wconf 81' lang='lat' dir='ltr'><strong>Nunquam</strong></span> 
     </span>
    </p>
   </div>
   <div class='ocr_carea' id='block_1_57' title="bbox 2017 2665 3575 2735">
    <p class='ocr_par' dir='ltr' id='par_1_57' title="bbox 2017 2665 3575 2735">
     <span class='ocr_line' id='line_1_57' title="bbox 2017 2665 3575 2735; baseline 0.003 -20"><span class='ocrx_word' id='word_1_432' title='bbox 2017 2678 2142 2716; x_wconf 78' lang='lat' dir='ltr'><strong>sane</strong></span> <span class='ocrx_word' id='word_1_433' title='bbox 2186 2665 2455 2718; x_wconf 75' lang='lat' dir='ltr'><strong>admiserit</strong></span> <span class='ocrx_word' id='word_1_434' title='bbox 2497 2665 2918 2734; x_wconf 80' lang='lat' dir='ltr'><strong>generationem,</strong></span> <span class='ocrx_word' id='word_1_435' title='bbox 2964 2665 3262 2735; x_wconf 80' lang='lat' dir='ltr'><strong>subjunxit,</strong></span> <span class='ocrx_word' id='word_1_436' title='bbox 3326 2669 3460 2721; x_wconf 84' lang='lat' dir='ltr'><strong>adeo</strong></span> <span class='ocrx_word' id='word_1_437' title='bbox 3521 2678 3575 2722; x_wconf 83' lang='lat' dir='ltr'><strong>ut</strong></span> 
     </span>
    </p>
   </div>
   <div class='ocr_carea' id='block_1_58' title="bbox 2015 2755 3576 2826">
    <p class='ocr_par' dir='ltr' id='par_1_58' title="bbox 2015 2755 3576 2826">
     <span class='ocr_line' id='line_1_58' title="bbox 2015 2755 3576 2826; baseline 0.003 -20"><span class='ocrx_word' id='word_1_438' title='bbox 2015 2771 2165 2807; x_wconf 76' lang='lat' dir='ltr'><strong>suam</strong></span> <span class='ocrx_word' id='word_1_439' title='bbox 2193 2755 2359 2822; x_wconf 77' lang='lat' dir='ltr'><strong>ipsius</strong></span> <span class='ocrx_word' id='word_1_440' title='bbox 2403 2765 2650 2808; x_wconf 87' lang='lat' dir='ltr'><strong>naturam</strong></span> <span class='ocrx_word' id='word_1_441' title='bbox 2686 2756 3029 2809; x_wconf 84' lang='lat' dir='ltr'><strong>communicet</strong></span> <span class='ocrx_word' id='word_1_442' title='bbox 3069 2772 3187 2810; x_wconf 85' lang='lat' dir='ltr'><strong>cum</strong></span> <span class='ocrx_word' id='word_1_443' title='bbox 3231 2759 3427 2826; x_wconf 87' lang='lat' dir='ltr'><strong>genito.</strong></span> <span class='ocrx_word' id='word_1_444' title='bbox 3465 2759 3576 2813; x_wconf 84' lang='lat' dir='ltr'><strong>Hoc</strong></span> 
     </span>
    </p>
   </div>
   <div class='ocr_carea' id='block_1_59' title="bbox 2016 2849 3579 2920">
    <p class='ocr_par' dir='ltr' id='par_1_59' title="bbox 2016 2849 3579 2920">
     <span class='ocr_line' id='line_1_59' title="bbox 2016 2849 3579 2920; baseline 0.003 -19"><span class='ocrx_word' id='word_1_445' title='bbox 2016 2863 2249 2917; x_wconf 87' lang='lat' dir='ltr'><strong>namque</strong></span> <span class='ocrx_word' id='word_1_446' title='bbox 2291 2849 2469 2902; x_wconf 86' lang='lat' dir='ltr'><strong>sensui</strong></span> <span class='ocrx_word' id='word_1_447' title='bbox 2503 2849 2788 2918; x_wconf 90' lang='lat' dir='ltr'><strong>posteriori</strong></span> <span class='ocrx_word' id='word_1_448' title='bbox 2820 2850 3106 2913; x_wconf 86' lang='lat' dir='ltr'><strong>convenit,</strong></span> <span class='ocrx_word' id='word_1_449' title='bbox 3150 2850 3420 2920; x_wconf 88' lang='lat' dir='ltr'><strong>siquidem</strong></span> <span class='ocrx_word' id='word_1_450' title='bbox 3473 2867 3579 2906; x_wconf 76' lang='lat' dir='ltr'><strong>non</strong></span> 
     </span>
    </p>
   </div>
   <div class='ocr_carea' id='block_1_60' title="bbox 2015 2936 3584 3010">
    <p class='ocr_par' dir='ltr' id='par_1_60' title="bbox 2015 2936 3584 3010">
     <span class='ocr_line' id='line_1_60' title="bbox 2015 2936 3584 3010; baseline 0.003 -18"><span class='ocrx_word' id='word_1_451' title='bbox 2015 2938 2244 2992; x_wconf 89' lang='lat' dir='ltr'><strong>sustinet</strong></span> <span class='ocrx_word' id='word_1_452' title='bbox 2275 2936 2438 2992; x_wconf 86' lang='lat' dir='ltr'><strong>Pater</strong></span> <span class='ocrx_word' id='word_1_453' title='bbox 2462 2937 2600 3003; x_wconf 81' lang='lat' dir='ltr'><strong>fieri,</strong></span> <span class='ocrx_word' id='word_1_454' title='bbox 2633 2948 2691 2991; x_wconf 94' lang='lat' dir='ltr'><strong>ut</strong></span> <span class='ocrx_word' id='word_1_455' title='bbox 2722 2955 2788 2994; x_wconf 92' lang='lat' dir='ltr'><strong>ne</strong></span> <span class='ocrx_word' id='word_1_456' title='bbox 2817 2954 2940 2993; x_wconf 92' lang='lat' dir='ltr'><strong>cum</strong></span> <span class='ocrx_word' id='word_1_457' title='bbox 2966 2939 3152 3009; x_wconf 88' lang='lat' dir='ltr'><strong>genito</strong></span> <span class='ocrx_word' id='word_1_458' title='bbox 3179 2949 3430 2994; x_wconf 88' lang='lat' dir='ltr'><strong>naturam</strong></span> <span class='ocrx_word' id='word_1_459' title='bbox 3458 2957 3584 3010; x_wconf 85' lang='lat' dir='ltr'><strong>pro-</strong></span> 
     </span>
    </p>
   </div>
   <div class='ocr_carea' id='block_1_61' title="bbox 2015 3031 3581 3103">
    <p class='ocr_par' dir='ltr' id='par_1_61' title="bbox 2015 3031 3581 3103">
     <span class='ocr_line' id='line_1_61' title="bbox 2015 3031 3581 3103; baseline 0.004 -21"><span class='ocrx_word' id='word_1_460' title='bbox 2015 3031 2188 3098; x_wconf 89' lang='lat' dir='ltr'><strong>priam</strong></span> <span class='ocrx_word' id='word_1_461' title='bbox 2222 3031 2615 3086; x_wconf 84' lang='lat' dir='ltr'><strong>communicet.</strong></span> <span class='ocrx_word' id='word_1_462' title='bbox 2652 3031 2932 3101; x_wconf 86' lang='lat' dir='ltr'><strong>Impietate</strong></span> <span class='ocrx_word' id='word_1_463' title='bbox 2961 3032 3062 3086; x_wconf 90' lang='lat' dir='ltr'><strong>hac</strong></span> <span class='ocrx_word' id='word_1_464' title='bbox 3104 3047 3222 3101; x_wconf 63' lang='lat' dir='ltr'><strong>qua;</strong></span> <span class='ocrx_word' id='word_1_465' title='bbox 3260 3033 3428 3103; x_wconf 84' lang='lat' dir='ltr'><strong>possit</strong></span> <span class='ocrx_word' id='word_1_466' title='bbox 3463 3048 3581 3088; x_wconf 83' lang='lat' dir='ltr'><strong>esse</strong></span> 
     </span>
    </p>
   </div>
   <div class='ocr_carea' id='block_1_62' title="bbox 347 3114 1910 3204">
    <p class='ocr_par' dir='ltr' id='par_1_62' title="bbox 347 3114 1910 3193">
     <span class='ocr_line' id='line_1_62' title="bbox 347 3114 1910 3193; baseline 0.008 -28"><span class='ocrx_word' id='word_1_467' title='bbox 347 3114 512 3184; x_wconf 81' lang='grc' dir='ltr'>μένῳ.</span> <span class='ocrx_word' id='word_1_468' title='bbox 559 3117 652 3180; x_wconf 92' lang='grc' dir='ltr'><strong>Τίς</strong></span> <span class='ocrx_word' id='word_1_469' title='bbox 682 3118 745 3169; x_wconf 87' lang='grc' dir='ltr'>ἂν</span> <span class='ocrx_word' id='word_1_470' title='bbox 777 3118 982 3186; x_wconf 88' lang='grc' dir='ltr'>γένοιτο</span> <span class='ocrx_word' id='word_1_471' title='bbox 1016 3120 1114 3190; x_wconf 84' lang='grc' dir='ltr'>τῆς</span> <span class='ocrx_word' id='word_1_472' title='bbox 1145 3119 1398 3184; x_wconf 75' lang='grc' dir='ltr'>ἀσεϐείας</span> <span class='ocrx_word' id='word_1_473' title='bbox 1434 3122 1634 3193; x_wconf 88' lang='grc' dir='ltr'>ταύτης</span> <span class='ocrx_word' id='word_1_474' title='bbox 1666 3127 1910 3193; x_wconf 86' lang='grc' dir='ltr'>χαλεπω-</span> 
     </span>
    </p>
   </div>
   <div class='ocr_carea' id='block_1_63' title="bbox 2008 3114 3580 3204">
    <p class='ocr_par' dir='ltr' id='par_1_63' title="bbox 2017 3122 3580 3196">
     <span class='ocr_line' id='line_1_63' title="bbox 2017 3122 3580 3196; baseline 0.003 -19"><span class='ocrx_word' id='word_1_475' title='bbox 2017 3122 2412 3190; x_wconf 89' lang='lat' dir='ltr'><strong>perniciosior?</strong></span> <span class='ocrx_word' id='word_1_476' title='bbox 2446 3125 2566 3192; x_wconf 92' lang='lat' dir='ltr'><strong>quis</strong></span> <span class='ocrx_word' id='word_1_477' title='bbox 2611 3139 2847 3192; x_wconf 88' lang='lat' dir='ltr'><strong>unquam</strong></span> <span class='ocrx_word' id='word_1_478' title='bbox 2890 3131 3090 3178; x_wconf 85' lang='lat' dir='ltr'><strong>tantam</strong></span> <span class='ocrx_word' id='word_1_479' title='bbox 3137 3125 3475 3196; x_wconf 87' lang='lat' dir='ltr'><strong>iniquitatem</strong></span> <span class='ocrx_word' id='word_1_480' title='bbox 3503 3125 3580 3182; x_wconf 85' lang='lat' dir='ltr'><strong>lo-</strong></span> 
     </span>
    </p>
   </div>
   <div class='ocr_carea' id='block_1_64' title="bbox 344 3204 1912 3284">
    <p class='ocr_par' dir='ltr' id='par_1_64' title="bbox 344 3204 1912 3284">
     <span class='ocr_line' id='line_1_64' title="bbox 344 3204 1912 3284; baseline 0.007 -28"><span class='ocrx_word' id='word_1_481' title='bbox 344 3204 510 3275; x_wconf 90' lang='grc' dir='ltr'>τέρα;</span> <span class='ocrx_word' id='word_1_482' title='bbox 565 3207 649 3269; x_wconf 88' lang='grc' dir='ltr'><strong>τίς</strong></span> <span class='ocrx_word' id='word_1_483' title='bbox 690 3207 915 3278; x_wconf 81' lang='grc' dir='ltr'>ἐλάλησε</span> <span class='ocrx_word' id='word_1_484' title='bbox 965 3209 1232 3280; x_wconf 87' lang='grc' dir='ltr'>τοσαύτην</span> <span class='ocrx_word' id='word_1_485' title='bbox 1279 3211 1492 3267; x_wconf 84' lang='grc' dir='ltr'>ἀδικίαν</span> <span class='ocrx_word' id='word_1_486' title='bbox 1541 3215 1622 3276; x_wconf 83' lang='grc' dir='ltr'><strong>είς</strong></span> <span class='ocrx_word' id='word_1_487' title='bbox 1669 3215 1730 3267; x_wconf 80' lang='grc' dir='ltr'>τὸ</span> <span class='ocrx_word' id='word_1_488' title='bbox 1781 3214 1912 3284; x_wconf 70' lang='grc' dir='ltr'>ὕψος</span> 
     </span>
    </p>
   </div>
   <div class='ocr_carea' id='block_1_65' title="bbox 345 3297 508 3361">
    <p class='ocr_par' dir='ltr' id='par_1_65' title="bbox 345 3297 508 3361">
     <span class='ocr_line' id='line_1_65' title="bbox 345 3297 508 3361; baseline 0 -13"><span class='ocrx_word' id='word_1_489' title='bbox 345 3297 475 3348; x_wconf 90' lang='grc' dir='ltr'>ποτέ</span> <span class='ocrx_word' id='word_1_490' title='bbox 495 3313 508 3361; x_wconf 91' lang='grc'><strong>;</strong></span> 
     </span>
    </p>
   </div>
   <div class='ocr_carea' id='block_1_66' title="bbox 417 3387 1910 3467">
    <p class='ocr_par' dir='ltr' id='par_1_66' title="bbox 417 3387 1910 3467">
     <span class='ocr_line' id='line_1_66' title="bbox 417 3387 1910 3467; baseline 0.007 -28"><span class='ocrx_word' id='word_1_491' title='bbox 417 3387 503 3442; x_wconf 81' lang='grc'><strong>17.</strong></span> <span class='ocrx_word' id='word_1_492' title='bbox 558 3387 699 3456; x_wconf 88' lang='grc' dir='ltr'><strong>Ἐγὼ</strong></span> <span class='ocrx_word' id='word_1_493' title='bbox 743 3391 840 3460; x_wconf 81' lang='grc' dir='ltr'><strong>μὲν</strong></span> <span class='ocrx_word' id='word_1_494' title='bbox 880 3389 987 3461; x_wconf 88' lang='grc' dir='ltr'>γὰρ</span> <span class='ocrx_word' id='word_1_495' title='bbox 1032 3390 1322 3464; x_wconf 80' lang='grc' dir='ltr'>φοϐοῦμαι,</span> <span class='ocrx_word' id='word_1_496' title='bbox 1370 3395 1444 3464; x_wconf 83' lang='grc' dir='ltr'>μὴ</span> <span class='ocrx_word' id='word_1_497' title='bbox 1479 3396 1573 3449; x_wconf 72' lang='grc' dir='ltr'><strong>καὶ</strong></span> <span class='ocrx_word' id='word_1_498' title='bbox 1612 3397 1806 3467; x_wconf 80' lang='grc' dir='ltr'>ἡμεῖς,</span> <span class='ocrx_word' id='word_1_499' title='bbox 1852 3399 1910 3449; x_wconf 82' lang='grc' dir='ltr'><strong>ἐν</strong></span> 
     </span>
    </p>
   </div>
   <div class='ocr_carea' id='block_1_67' title="bbox 343 3481 1909 3559">
    <p class='ocr_par' dir='ltr' id='par_1_67' title="bbox 343 3481 1909 3559">
     <span class='ocr_line' id='line_1_67' title="bbox 343 3481 1909 3559; baseline 0.006 -25"><span class='ocrx_word' id='word_1_500' title='bbox 343 3481 418 3552; x_wconf 84' lang='grc' dir='ltr'>τῷ</span> <span class='ocrx_word' id='word_1_501' title='bbox 448 3481 546 3545; x_wconf 85' lang='grc' dir='ltr'>τὰς</span> <span class='ocrx_word' id='word_1_502' title='bbox 579 3483 863 3554; x_wconf 86' lang='grc' dir='ltr'>ἀλλοτρίας</span> <span class='ocrx_word' id='word_1_503' title='bbox 895 3484 1291 3555; x_wconf 76' lang='grc' dir='ltr'>ἀναλαμϐάνειν</span> <span class='ocrx_word' id='word_1_504' title='bbox 1321 3486 1667 3559; x_wconf 85' lang='grc' dir='ltr'>βλασφημίας</span> <span class='ocrx_word' id='word_1_505' title='bbox 1701 3491 1786 3543; x_wconf 86' lang='grc' dir='ltr'>διὰ</span> <span class='ocrx_word' id='word_1_506' title='bbox 1816 3490 1909 3544; x_wconf 90' lang='grc' dir='ltr'><strong>τοῦ</strong></span> 
     </span>
    </p>
   </div>
   <div class='ocr_carea' id='block_1_68' title="bbox 345 3574 1912 3652">
    <p class='ocr_par' dir='ltr' id='par_1_68' title="bbox 345 3574 1912 3652">
     <span class='ocr_line' id='line_1_68' title="bbox 345 3574 1912 3652; baseline 0.006 -26"><span class='ocrx_word' id='word_1_507' title='bbox 345 3574 628 3644; x_wconf 84' lang='grc' dir='ltr'>στόματος,</span> <span class='ocrx_word' id='word_1_508' title='bbox 676 3574 988 3646; x_wconf 86' lang='grc' dir='ltr'>μολύνωμεν</span> <span class='ocrx_word' id='word_1_509' title='bbox 1028 3577 1233 3630; x_wconf 77' lang='grc' dir='ltr'>ἑαυτῶν</span> <span class='ocrx_word' id='word_1_510' title='bbox 1268 3578 1363 3649; x_wconf 82' lang='grc' dir='ltr'><strong>τὴν</strong></span> <span class='ocrx_word' id='word_1_511' title='bbox 1393 3579 1651 3642; x_wconf 86' lang='grc' dir='ltr'>διάνοιαν,</span> <span class='ocrx_word' id='word_1_512' title='bbox 1685 3583 1778 3635; x_wconf 78' lang='grc' dir='ltr'>καὶ</span> <span class='ocrx_word' id='word_1_513' title='bbox 1812 3583 1912 3652; x_wconf 81' lang='grc' dir='ltr'>τῆς</span> 
     </span>
    </p>
   </div>
   <div class='ocr_carea' id='block_1_69' title="bbox 342 3665 1909 3744">
    <p class='ocr_par' dir='ltr' id='par_1_69' title="bbox 342 3665 1909 3744">
     <span class='ocr_line' id='line_1_69' title="bbox 342 3665 1909 3744; baseline 0.006 -27"><span class='ocrx_word' id='word_1_514' title='bbox 342 3665 715 3737; x_wconf 87' lang='grc' dir='ltr'>κατακρίσεως</span> <span class='ocrx_word' id='word_1_515' title='bbox 758 3669 940 3731; x_wconf 78' lang='grc' dir='ltr'>αὐτοῖς</span> <span class='ocrx_word' id='word_1_516' title='bbox 993 3670 1407 3740; x_wconf 85' lang='grc' dir='ltr'>κοινωνήσωμεν</span> <span class='ocrx_word' id='word_1_517' title='bbox 1462 3672 1596 3742; x_wconf 81' lang='grc'>(15).</span> <span class='ocrx_word' id='word_1_518' title='bbox 1645 3673 1909 3744; x_wconf 89' lang='grc' dir='ltr'>Παραμυ-</span> 
     </span>
    </p>
   </div>
   <div class='ocr_carea' id='block_1_70' title="bbox 342 3756 1910 3830">
    <p class='ocr_par' dir='ltr' id='par_1_70' title="bbox 342 3756 1910 3830">
     <span class='ocr_line' id='line_1_70' title="bbox 342 3756 1910 3830; baseline 0.006 -21"><span class='ocrx_word' id='word_1_519' title='bbox 342 3756 509 3810; x_wconf 81' lang='grc' dir='ltr'>θεῖται</span> <span class='ocrx_word' id='word_1_520' title='bbox 544 3757 600 3810; x_wconf 88' lang='grc' dir='ltr'><strong>δέ</strong></span> <span class='ocrx_word' id='word_1_521' title='bbox 650 3776 717 3828; x_wconf 92' lang='grc' dir='ltr'><strong>με</strong></span> <span class='ocrx_word' id='word_1_522' title='bbox 766 3759 825 3812; x_wconf 84' lang='grc' dir='ltr'><strong>τὸ</strong></span> <span class='ocrx_word' id='word_1_523' title='bbox 869 3761 926 3812; x_wconf 88' lang='grc' dir='ltr'><strong>ἐν</strong></span> <span class='ocrx_word' id='word_1_524' title='bbox 974 3761 1088 3824; x_wconf 87' lang='grc' dir='ltr'>τοῖς</span> <span class='ocrx_word' id='word_1_525' title='bbox 1137 3761 1509 3830; x_wconf 80' lang='grc' dir='ltr'>Εὐαγγελίοις,</span> <span class='ocrx_word' id='word_1_526' title='bbox 1560 3765 1640 3816; x_wconf 84' lang='grc' dir='ltr'><strong>ὅτι</strong></span> <span class='ocrx_word' id='word_1_527' title='bbox 1701 3765 1794 3818; x_wconf 75' lang='grc' dir='ltr'>καὶ</span> <span class='ocrx_word' id='word_1_528' title='bbox 1847 3766 1910 3820; x_wconf 80' lang='grc' dir='ltr'>τὸ</span> 
     </span>
    </p>
   </div>
   <div class='ocr_carea' id='block_1_71' title="bbox 341 3847 1909 3928">
    <p class='ocr_par' dir='ltr' id='par_1_71' title="bbox 341 3847 1909 3928">
     <span class='ocr_line' id='line_1_71' title="bbox 341 3847 1909 3928; baseline 0.008 -30"><span class='ocrx_word' id='word_1_529' title='bbox 341 3847 560 3918; x_wconf 83' lang='grc' dir='ltr'>Πνεῦμα</span> <span class='ocrx_word' id='word_1_530' title='bbox 593 3850 652 3901; x_wconf 84' lang='grc' dir='ltr'><strong>τὸ</strong></span> <span class='ocrx_word' id='word_1_531' title='bbox 685 3849 836 3917; x_wconf 84' lang='grc' dir='ltr'>ἆγιον</span> <span class='ocrx_word' id='word_1_532' title='bbox 867 3850 964 3922; x_wconf 81' lang='grc' dir='ltr'>τὴν</span> <span class='ocrx_word' id='word_1_533' title='bbox 993 3851 1102 3904; x_wconf 84' lang='grc' dir='ltr'><strong>τῶν</strong></span> <span class='ocrx_word' id='word_1_534' title='bbox 1159 3853 1426 3908; x_wconf 87' lang='grc' dir='ltr'>Ἰουδαίων</span> <span class='ocrx_word' id='word_1_535' title='bbox 1459 3857 1535 3918; x_wconf 86' lang='grc' dir='ltr'><strong>είς</strong></span> <span class='ocrx_word' id='word_1_536' title='bbox 1577 3856 1668 3909; x_wconf 84' lang='grc' dir='ltr'>τὸν</span> <span class='ocrx_word' id='word_1_537' title='bbox 1706 3857 1909 3928; x_wconf 84' lang='grc' dir='ltr'>Κύριον</span> 
     </span>
    </p>
   </div>
   <div class='ocr_carea' id='block_1_72' title="bbox 340 3939 1907 4018">
    <p class='ocr_par' dir='ltr' id='par_1_72' title="bbox 340 3939 1907 4018">
     <span class='ocr_line' id='line_1_72' title="bbox 340 3939 1907 4018; baseline 0.008 -28"><span class='ocrx_word' id='word_1_538' title='bbox 340 3939 684 4009; x_wconf 87' lang='grc' dir='ltr'>βλασφημίαν</span> <span class='ocrx_word' id='word_1_539' title='bbox 726 3941 996 4013; x_wconf 81' lang='grc' dir='ltr'>ἔγγραφον</span> <span class='ocrx_word' id='word_1_540' title='bbox 1038 3945 1150 4007; x_wconf 87' lang='grc' dir='ltr'>τοῖς</span> <span class='ocrx_word' id='word_1_541' title='bbox 1190 3945 1328 4015; x_wconf 86' lang='grc' dir='ltr'>μετὰ</span> <span class='ocrx_word' id='word_1_542' title='bbox 1366 3944 1541 4000; x_wconf 88' lang='grc' dir='ltr'>ταῦτα</span> <span class='ocrx_word' id='word_1_543' title='bbox 1573 3947 1907 4018; x_wconf 86' lang='grc' dir='ltr'>παραδοῦναι</span> 
     </span>
    </p>
   </div>
   <div class='ocr_carea' id='block_1_73' title="bbox 335 4029 1910 4108">
    <p class='ocr_par' dir='ltr' id='par_1_73' title="bbox 335 4029 1910 4108">
     <span class='ocr_line' id='line_1_73' title="bbox 335 4029 1910 4108; baseline 0.008 -29"><span class='ocrx_word' id='word_1_544' title='bbox 427 4032 796 4100; x_wconf 78' lang='grc' dir='ltr'>παρῃτήσατο,</span> <span class='ocrx_word' id='word_1_545' title='bbox 839 4032 1061 4086; x_wconf 87' lang='grc' dir='ltr'>ἐκείνων</span> <span class='ocrx_word' id='word_1_546' title='bbox 1087 4033 1397 4103; x_wconf 84' lang='grc' dir='ltr'>στηλιτεῦον</span> <span class='ocrx_word' id='word_1_547' title='bbox 1429 4037 1508 4098; x_wconf 87' lang='grc' dir='ltr'><strong>είς</strong></span> <span class='ocrx_word' id='word_1_548' title='bbox 1542 4036 1756 4090; x_wconf 81' lang='grc' dir='ltr'>ἅπαντα</span> <span class='ocrx_word' id='word_1_549' title='bbox 1785 4039 1910 4108; x_wconf 88' lang='grc' dir='ltr'>χρό-</span> 
     </span>
    </p>
   </div>
   <div class='ocr_carea' id='block_1_74' title="bbox 335 4120 1909 4198">
    <p class='ocr_par' dir='ltr' id='par_1_74' title="bbox 335 4120 1909 4198">
     <span class='ocr_line' id='line_1_74' title="bbox 335 4120 1909 4198; baseline 0.008 -28"><span class='ocrx_word' id='word_1_550' title='bbox 335 4135 424 4172; x_wconf 87' lang='grc' dir='ltr'><strong>νον</strong></span> <span class='ocrx_word' id='word_1_551' title='bbox 455 4120 550 4190; x_wconf 81' lang='grc' dir='ltr'><strong>τὴν</strong></span> <span class='ocrx_word' id='word_1_552' title='bbox 580 4121 944 4193; x_wconf 83' lang='grc' dir='ltr'>βλασφημίαν,</span> <span class='ocrx_word' id='word_1_553' title='bbox 973 4124 1095 4195; x_wconf 76' lang='grc' dir='ltr'>οὐχ).</span> <span class='ocrx_word' id='word_1_554' title='bbox 1124 4127 1190 4196; x_wconf 84' lang='grc' dir='ltr'>τῇ</span> <span class='ocrx_word' id='word_1_555' title='bbox 1234 4126 1487 4197; x_wconf 84' lang='grc' dir='ltr'>ἀχράντῳ</span> <span class='ocrx_word' id='word_1_556' title='bbox 1511 4127 1636 4198; x_wconf 83' lang='grc' dir='ltr'>δόξῃ</span> <span class='ocrx_word' id='word_1_557' title='bbox 1675 4127 1767 4181; x_wconf 87' lang='grc' dir='ltr'><strong>τοῦ</strong></span> <span class='ocrx_word' id='word_1_558' title='bbox 1795 4131 1909 4183; x_wconf 85' lang='lat' dir='ltr'><strong>Mo-</strong></span> 
     </span>
    </p>
   </div>
   <div class='ocr_carea' id='block_1_75' title="bbox 336 4211 1904 4287">
    <p class='ocr_par' dir='ltr' id='par_1_75' title="bbox 336 4211 1904 4287">
     <span class='ocr_line' id='line_1_75' title="bbox 336 4211 1904 4287; baseline 0.008 -28"><span class='ocrx_word' id='word_1_559' title='bbox 336 4211 584 4276; x_wconf 90' lang='grc' dir='ltr'>νογενοῦς</span> <span class='ocrx_word' id='word_1_560' title='bbox 625 4213 1082 4284; x_wconf 77' lang='grc' dir='ltr'>προστριϐόμενόν</span> <span class='ocrx_word' id='word_1_561' title='bbox 1119 4232 1242 4269; x_wconf 89' lang='grc' dir='ltr'>τινα</span> <span class='ocrx_word' id='word_1_562' title='bbox 1286 4215 1636 4287; x_wconf 84' lang='grc' dir='ltr'>βλασφημίαν</span> <span class='ocrx_word' id='word_1_563' title='bbox 1666 4219 1797 4287; x_wconf 73' lang='grc'>(14).</span> <span class='ocrx_word' id='word_1_564' title='bbox 1839 4221 1904 4272; x_wconf 76' lang='lat' dir='ltr'><strong>Ei</strong></span> 
     </span>
    </p>
   </div>
   <div class='ocr_carea' id='block_1_76' title="bbox 335 4300 1907 4382">
    <p class='ocr_par' dir='ltr' id='par_1_76' title="bbox 335 4300 1907 4382">
     <span class='ocr_line' id='line_1_76' title="bbox 335 4300 1907 4382; baseline 0.008 -30"><span class='ocrx_word' id='word_1_565' title='bbox 335 4300 512 4354; x_wconf 76' lang='grc' dir='ltr'>τοίνυν</span> <span class='ocrx_word' id='word_1_566' title='bbox 535 4304 633 4356; x_wconf 83' lang='grc' dir='ltr'><strong>οὐκ</strong></span> <span class='ocrx_word' id='word_1_567' title='bbox 655 4304 718 4356; x_wconf 79' lang='grc' dir='ltr'>ἄν</span> <span class='ocrx_word' id='word_1_568' title='bbox 742 4321 868 4358; x_wconf 86' lang='grc' dir='ltr'>ποτε</span> <span class='ocrx_word' id='word_1_569' title='bbox 897 4306 1148 4376; x_wconf 84' lang='grc' dir='ltr'>πρόσοιτο</span> <span class='ocrx_word' id='word_1_570' title='bbox 1175 4307 1446 4380; x_wconf 88' lang='grc' dir='ltr'>γέννησιν,</span> <span class='ocrx_word' id='word_1_571' title='bbox 1475 4308 1614 4362; x_wconf 84' lang='grc' dir='ltr'>ὥστε</span> <span class='ocrx_word' id='word_1_572' title='bbox 1641 4311 1738 4382; x_wconf 81' lang='grc' dir='ltr'>τῆς</span> <span class='ocrx_word' id='word_1_573' title='bbox 1771 4311 1907 4376; x_wconf 83' lang='grc' dir='ltr'>ἰδίας</span> 
     </span>
    </p>
   </div>
   <div class='ocr_carea' id='block_1_77' title="bbox 338 4393 1901 4474">
    <p class='ocr_par' dir='ltr' id='par_1_77' title="bbox 338 4393 1901 4474">
     <span class='ocr_line' id='line_1_77' title="bbox 338 4393 1901 4474; baseline 0.008 -31"><span class='ocrx_word' id='word_1_574' title='bbox 338 4393 654 4458; x_wconf 87' lang='grc' dir='ltr'>μεταδοῦναι</span> <span class='ocrx_word' id='word_1_575' title='bbox 703 4395 779 4465; x_wconf 81' lang='grc' dir='ltr'>τῷ</span> <span class='ocrx_word' id='word_1_576' title='bbox 830 4396 1151 4466; x_wconf 85' lang='grc' dir='ltr'>γεννωμένῳ</span> <span class='ocrx_word' id='word_1_577' title='bbox 1208 4398 1445 4466; x_wconf 83' lang='grc' dir='ltr'>φύσεως,</span> <span class='ocrx_word' id='word_1_578' title='bbox 1485 4400 1584 4452; x_wconf 84' lang='grc' dir='ltr'><strong>οὑκ</strong></span> <span class='ocrx_word' id='word_1_579' title='bbox 1640 4400 1755 4454; x_wconf 75' lang='grc' dir='ltr'>ἐστι</span> <span class='ocrx_word' id='word_1_580' title='bbox 1802 4403 1901 4474; x_wconf 84' lang='grc' dir='ltr'>μὲν</span> 
     </span>
    </p>
   </div>
   <div class='ocr_carea' id='block_1_78' title="bbox 2013 3214 2811 3270">
    <p class='ocr_par' dir='ltr' id='par_1_78' title="bbox 2013 3214 2811 3270">
     <span class='ocr_line' id='line_1_78' title="bbox 2013 3214 2811 3270; baseline -0.001 -2"><span class='ocrx_word' id='word_1_581' title='bbox 2013 3224 2171 3270; x_wconf 81' lang='lat' dir='ltr'><strong>cutus</strong></span> <span class='ocrx_word' id='word_1_582' title='bbox 2199 3223 2284 3270; x_wconf 88' lang='lat' dir='ltr'><strong>est</strong></span> <span class='ocrx_word' id='word_1_583' title='bbox 2310 3216 2362 3269; x_wconf 93' lang='lat' dir='ltr'><strong>in</strong></span> <span class='ocrx_word' id='word_1_584' title='bbox 2398 3214 2811 3270; x_wconf 87' lang='lat' dir='ltr'><strong>celsitudinem?</strong></span> 
     </span>
    </p>
   </div>
   <div class='ocr_carea' id='block_1_79' title="bbox 2082 3391 3577 3462">
    <p class='ocr_par' dir='ltr' id='par_1_79' title="bbox 2082 3391 3577 3462">
     <span class='ocr_line' id='line_1_79' title="bbox 2082 3391 3577 3462; baseline 0.002 -18"><span class='ocrx_word' id='word_1_585' title='bbox 2082 3391 2168 3444; x_wconf 84' lang='lat' dir='ltr'><strong>l7.</strong></span> <span class='ocrx_word' id='word_1_586' title='bbox 2227 3391 2334 3461; x_wconf 88' lang='lat' dir='ltr'><strong>Ego</strong></span> <span class='ocrx_word' id='word_1_587' title='bbox 2379 3391 2626 3460; x_wconf 81' lang='lat' dir='ltr'><strong>equidem</strong></span> <span class='ocrx_word' id='word_1_588' title='bbox 2682 3405 2891 3458; x_wconf 89' lang='lat' dir='ltr'><strong>vereor,</strong></span> <span class='ocrx_word' id='word_1_589' title='bbox 2944 3405 3010 3446; x_wconf 92' lang='lat' dir='ltr'><strong>ne</strong></span> <span class='ocrx_word' id='word_1_590' title='bbox 3059 3405 3158 3446; x_wconf 92' lang='lat' dir='ltr'><strong>nos</strong></span> <span class='ocrx_word' id='word_1_591' title='bbox 3199 3407 3413 3462; x_wconf 81' lang='lat' dir='ltr'><strong>quoque</strong></span> <span class='ocrx_word' id='word_1_592' title='bbox 3452 3393 3577 3448; x_wconf 87' lang='lat' dir='ltr'><strong>dum</strong></span> 
     </span>
    </p>
   </div>
   <div class='ocr_carea' id='block_1_80' title="bbox 2011 3486 3575 3556">
    <p class='ocr_par' dir='ltr' id='par_1_80' title="bbox 2011 3486 3575 3556">
     <span class='ocr_line' id='line_1_80' title="bbox 2011 3486 3575 3556; baseline -0.001 -15"><span class='ocrx_word' id='word_1_593' title='bbox 2011 3487 2216 3541; x_wconf 87' lang='lat' dir='ltr'><strong>alienas</strong></span> <span class='ocrx_word' id='word_1_594' title='bbox 2238 3486 2602 3556; x_wconf 75' lang='lat' dir='ltr'><strong>blasphemiae</strong></span> <span class='ocrx_word' id='word_1_595' title='bbox 2621 3500 2716 3541; x_wconf 89' lang='lat' dir='ltr'><strong>ore</strong></span> <span class='ocrx_word' id='word_1_596' title='bbox 2740 3487 3056 3556; x_wconf 89' lang='lat' dir='ltr'><strong>repetimus,</strong></span> <span class='ocrx_word' id='word_1_597' title='bbox 3079 3494 3313 3542; x_wconf 91' lang='lat' dir='ltr'><strong>mentem</strong></span> <span class='ocrx_word' id='word_1_598' title='bbox 3334 3498 3575 3541; x_wconf 86' lang='lat' dir='ltr'><strong>nostram</strong></span> 
     </span>
    </p>
   </div>
   <div class='ocr_carea' id='block_1_81' title="bbox 2010 3576 3574 3648">
    <p class='ocr_par' dir='ltr' id='par_1_81' title="bbox 2010 3576 3574 3648">
     <span class='ocr_line' id='line_1_81' title="bbox 2010 3576 3574 3648; baseline 0 -16"><span class='ocrx_word' id='word_1_599' title='bbox 2010 3577 2346 3648; x_wconf 88' lang='lat' dir='ltr'><strong>polluamus,</strong></span> <span class='ocrx_word' id='word_1_600' title='bbox 2400 3587 2562 3645; x_wconf 88' lang='lat' dir='ltr'><strong>atque</strong></span> <span class='ocrx_word' id='word_1_601' title='bbox 2613 3576 3089 3632; x_wconf 89' lang='lat' dir='ltr'><strong>condemnationis</strong></span> <span class='ocrx_word' id='word_1_602' title='bbox 3131 3590 3318 3631; x_wconf 91' lang='lat' dir='ltr'><strong>eorum</strong></span> <span class='ocrx_word' id='word_1_603' title='bbox 3375 3577 3574 3633; x_wconf 81' lang='lat' dir='ltr'><strong>ﬁamus</strong></span> 
     </span>
    </p>
   </div>
   <div class='ocr_carea' id='block_1_82' title="bbox 2009 3668 3584 3740">
    <p class='ocr_par' dir='ltr' id='par_1_82' title="bbox 2009 3668 3584 3740">
     <span class='ocr_line' id='line_1_82' title="bbox 2009 3668 3584 3740; baseline 0.001 -17"><span class='ocrx_word' id='word_1_604' title='bbox 2009 3669 2320 3740; x_wconf 88' lang='lat' dir='ltr'><strong>participes.</strong></span> <span class='ocrx_word' id='word_1_605' title='bbox 2367 3670 2471 3724; x_wconf 92' lang='lat' dir='ltr'><strong>Sed</strong></span> <span class='ocrx_word' id='word_1_606' title='bbox 2527 3668 2849 3725; x_wconf 88' lang='lat' dir='ltr'><strong>consolatur</strong></span> <span class='ocrx_word' id='word_1_607' title='bbox 2878 3684 2965 3723; x_wconf 91' lang='lat' dir='ltr'><strong>me</strong></span> <span class='ocrx_word' id='word_1_608' title='bbox 3014 3669 3143 3723; x_wconf 91' lang='lat' dir='ltr'><strong>illud</strong></span> <span class='ocrx_word' id='word_1_609' title='bbox 3188 3668 3242 3723; x_wconf 91' lang='lat' dir='ltr'><strong>in</strong></span> <span class='ocrx_word' id='word_1_610' title='bbox 3274 3669 3584 3738; x_wconf 80' lang='lat' dir='ltr'><strong>Evangeliis</strong></span> 
     </span>
    </p>
   </div>
   <div class='ocr_carea' id='block_1_83' title="bbox 2008 3758 3577 3830">
    <p class='ocr_par' dir='ltr' id='par_1_83' title="bbox 2008 3758 3577 3830">
     <span class='ocr_line' id='line_1_83' title="bbox 2008 3758 3577 3830; baseline -0.001 -16"><span class='ocrx_word' id='word_1_611' title='bbox 2008 3762 2282 3830; x_wconf 89' lang='lat' dir='ltr'><strong>proditum</strong></span> <span class='ocrx_word' id='word_1_612' title='bbox 2307 3801 2323 3827; x_wconf 95' lang='lat'><strong>,</strong></span> <span class='ocrx_word' id='word_1_613' title='bbox 2376 3760 2518 3827; x_wconf 89' lang='lat' dir='ltr'><strong>quod</strong></span> <span class='ocrx_word' id='word_1_614' title='bbox 2573 3759 2808 3830; x_wconf 87' lang='lat' dir='ltr'><strong>Spiritus</strong></span> <span class='ocrx_word' id='word_1_615' title='bbox 2852 3771 3072 3815; x_wconf 87' lang='lat' dir='ltr'><strong>sanctus</strong></span> <span class='ocrx_word' id='word_1_616' title='bbox 3110 3773 3322 3830; x_wconf 87' lang='lat' dir='ltr'><strong>quoque</strong></span> <span class='ocrx_word' id='word_1_617' title='bbox 3364 3758 3577 3814; x_wconf 61' lang='lat' dir='ltr'><strong>Judaeu-</strong></span> 
     </span>
    </p>
   </div>
   <div class='ocr_carea' id='block_1_84' title="bbox 2009 3849 3578 3920">
    <p class='ocr_par' dir='ltr' id='par_1_84' title="bbox 2009 3849 3578 3920">
     <span class='ocr_line' id='line_1_84' title="bbox 2009 3849 3578 3920; baseline 0.001 -16"><span class='ocrx_word' id='word_1_618' title='bbox 2009 3866 2129 3906; x_wconf 91' lang='lat' dir='ltr'><strong>rum</strong></span> <span class='ocrx_word' id='word_1_619' title='bbox 2178 3851 2230 3904; x_wconf 92' lang='lat' dir='ltr'><strong>in</strong></span> <span class='ocrx_word' id='word_1_620' title='bbox 2271 3849 2556 3904; x_wconf 89' lang='lat' dir='ltr'><strong>Dominum</strong></span> <span class='ocrx_word' id='word_1_621' title='bbox 2600 3849 2989 3920; x_wconf 87' lang='lat' dir='ltr'><strong>blasphemiam</strong></span> <span class='ocrx_word' id='word_1_622' title='bbox 3039 3849 3294 3918; x_wconf 87' lang='lat' dir='ltr'><strong>scriptam</strong></span> <span class='ocrx_word' id='word_1_623' title='bbox 3346 3851 3578 3920; x_wconf 85' lang='lat' dir='ltr'><strong>posteris</strong></span> 
     </span>
    </p>
   </div>
   <div class='ocr_carea' id='block_1_85' title="bbox 2010 3939 3572 4010">
    <p class='ocr_par' dir='ltr' id='par_1_85' title="bbox 2010 3939 3572 4010">
     <span class='ocr_line' id='line_1_85' title="bbox 2010 3939 3572 4010; baseline -0.001 -14"><span class='ocrx_word' id='word_1_624' title='bbox 2010 3943 2225 3997; x_wconf 90' lang='lat' dir='ltr'><strong>tradere</strong></span> <span class='ocrx_word' id='word_1_625' title='bbox 2265 3955 2372 3996; x_wconf 92' lang='lat' dir='ltr'><strong>non</strong></span> <span class='ocrx_word' id='word_1_626' title='bbox 2419 3941 2776 4008; x_wconf 85' lang='lat' dir='ltr'><strong>abstinuerit,</strong></span> <span class='ocrx_word' id='word_1_627' title='bbox 2829 3939 3043 3996; x_wconf 90' lang='lat' dir='ltr'><strong>illorum</strong></span> <span class='ocrx_word' id='word_1_628' title='bbox 3077 3940 3469 4010; x_wconf 88' lang='lat' dir='ltr'><strong>blasphemiam</strong></span> <span class='ocrx_word' id='word_1_629' title='bbox 3519 3943 3572 3994; x_wconf 93' lang='lat' dir='ltr'><strong>in</strong></span> 
     </span>
    </p>
   </div>
   <div class='ocr_carea' id='block_1_86' title="bbox 2008 4031 3577 4100">
    <p class='ocr_par' dir='ltr' id='par_1_86' title="bbox 2008 4031 3577 4100">
     <span class='ocr_line' id='line_1_86' title="bbox 2008 4031 3577 4100; baseline -0.001 -12"><span class='ocrx_word' id='word_1_630' title='bbox 2008 4047 2172 4088; x_wconf 89' lang='lat' dir='ltr'><strong>omne</strong></span> <span class='ocrx_word' id='word_1_631' title='bbox 2200 4043 2410 4100; x_wconf 87' lang='lat' dir='ltr'><strong>tempus</strong></span> <span class='ocrx_word' id='word_1_632' title='bbox 2436 4032 2506 4087; x_wconf 91' lang='lat' dir='ltr'><strong>ita</strong></span> <span class='ocrx_word' id='word_1_633' title='bbox 2541 4041 2758 4097; x_wconf 90' lang='lat' dir='ltr'><strong>notans,</strong></span> <span class='ocrx_word' id='word_1_634' title='bbox 2793 4042 2854 4086; x_wconf 89' lang='lat' dir='ltr'><strong>ut</strong></span> <span class='ocrx_word' id='word_1_635' title='bbox 2888 4031 3087 4085; x_wconf 89' lang='lat' dir='ltr'><strong>nullam</strong></span> <span class='ocrx_word' id='word_1_636' title='bbox 3117 4041 3292 4086; x_wconf 89' lang='lat' dir='ltr'><strong>tamen</strong></span> <span class='ocrx_word' id='word_1_637' title='bbox 3323 4031 3577 4087; x_wconf 78' lang='lat' dir='ltr'><strong>inconlz-</strong></span> 
     </span>
    </p>
   </div>
   <div class='ocr_carea' id='block_1_87' title="bbox 2009 4118 3577 4192">
    <p class='ocr_par' dir='ltr' id='par_1_87' title="bbox 2009 4118 3577 4192">
     <span class='ocr_line' id='line_1_87' title="bbox 2009 4118 3577 4192; baseline -0.003 -13"><span class='ocrx_word' id='word_1_638' title='bbox 2009 4124 2224 4179; x_wconf 84' lang='lat' dir='ltr'><strong>minatae</strong></span> <span class='ocrx_word' id='word_1_639' title='bbox 2275 4122 2548 4192; x_wconf 88' lang='lat' dir='ltr'><strong>Unigeniti</strong></span> <span class='ocrx_word' id='word_1_640' title='bbox 2588 4121 2851 4189; x_wconf 75' lang='lat' dir='ltr'><strong>maiestati</strong></span> <span class='ocrx_word' id='word_1_641' title='bbox 2906 4120 3297 4190; x_wconf 88' lang='lat' dir='ltr'><strong>blasphemiam</strong></span> <span class='ocrx_word' id='word_1_642' title='bbox 3343 4118 3577 4175; x_wconf 67' lang='lat' dir='ltr'><strong>affricet.</strong></span> 
     </span>
    </p>
   </div>
   <div class='ocr_carea' id='block_1_88' title="bbox 2009 4212 3575 4286">
    <p class='ocr_par' dir='ltr' id='par_1_88' title="bbox 2009 4212 3575 4286">
     <span class='ocr_line' id='line_1_88' title="bbox 2009 4212 3575 4286; baseline -0.001 -16"><span class='ocrx_word' id='word_1_643' title='bbox 2009 4216 2193 4286; x_wconf 89' lang='lat' dir='ltr'><strong>Itaque</strong></span> <span class='ocrx_word' id='word_1_644' title='bbox 2227 4215 2274 4270; x_wconf 88' lang='lat' dir='ltr'><strong>si</strong></span> <span class='ocrx_word' id='word_1_645' title='bbox 2322 4227 2595 4283; x_wconf 90' lang='lat' dir='ltr'><strong>nunquam</strong></span> <span class='ocrx_word' id='word_1_646' title='bbox 2648 4212 3054 4282; x_wconf 90' lang='lat' dir='ltr'><strong>generationem</strong></span> <span class='ocrx_word' id='word_1_647' title='bbox 3101 4213 3405 4279; x_wconf 88' lang='lat' dir='ltr'><strong>admiserit,</strong></span> <span class='ocrx_word' id='word_1_648' title='bbox 3439 4213 3575 4268; x_wconf 86' lang='lat' dir='ltr'><strong>adeo</strong></span> 
     </span>
    </p>
   </div>
   <div class='ocr_carea' id='block_1_89' title="bbox 2009 4303 3571 4378">
    <p class='ocr_par' dir='ltr' id='par_1_89' title="bbox 2009 4303 3571 4378">
     <span class='ocr_line' id='line_1_89' title="bbox 2009 4303 3571 4378; baseline -0.004 -14"><span class='ocrx_word' id='word_1_649' title='bbox 2009 4320 2063 4364; x_wconf 83' lang='lat' dir='ltr'><strong>ut</strong></span> <span class='ocrx_word' id='word_1_650' title='bbox 2097 4308 2328 4378; x_wconf 73' lang='lat' dir='ltr'><strong>propria:</strong></span> <span class='ocrx_word' id='word_1_651' title='bbox 2357 4315 2563 4359; x_wconf 67' lang='lat' dir='ltr'><strong>natura:</strong></span> <span class='ocrx_word' id='word_1_652' title='bbox 2595 4303 2912 4373; x_wconf 89' lang='lat' dir='ltr'><strong>participem</strong></span> <span class='ocrx_word' id='word_1_653' title='bbox 2941 4303 3106 4359; x_wconf 85' lang='lat' dir='ltr'><strong>faciat</strong></span> <span class='ocrx_word' id='word_1_654' title='bbox 3145 4305 3386 4372; x_wconf 87' lang='lat' dir='ltr'><strong>genitum</strong></span> <span class='ocrx_word' id='word_1_655' title='bbox 3411 4341 3430 4369; x_wconf 92' lang='lat'><strong>,</strong></span> <span class='ocrx_word' id='word_1_656' title='bbox 3465 4319 3571 4360; x_wconf 92' lang='lat' dir='ltr'><strong>non</strong></span> 
     </span>
    </p>
   </div>
   <div class='ocr_carea' id='block_1_90' title="bbox 2007 4391 3570 4467">
    <p class='ocr_par' dir='ltr' id='par_1_90' title="bbox 2007 4391 3570 4467">
     <span class='ocr_line' id='line_1_90' title="bbox 2007 4391 3570 4467; baseline -0.006 -13"><span class='ocrx_word' id='word_1_657' title='bbox 2007 4408 2091 4454; x_wconf 84' lang='lat' dir='ltr'><strong>est</strong></span> <span class='ocrx_word' id='word_1_658' title='bbox 2111 4399 2326 4467; x_wconf 77' lang='lat' dir='ltr'><strong>quidem</strong></span> <span class='ocrx_word' id='word_1_659' title='bbox 2360 4394 2520 4448; x_wconf 87' lang='lat' dir='ltr'><strong>Pater</strong></span> <span class='ocrx_word' id='word_1_660' title='bbox 2554 4392 2711 4455; x_wconf 89' lang='lat' dir='ltr'><strong>Deus,</strong></span> <span class='ocrx_word' id='word_1_661' title='bbox 2741 4408 2849 4446; x_wconf 92' lang='lat' dir='ltr'><strong>non</strong></span> <span class='ocrx_word' id='word_1_662' title='bbox 2891 4400 2973 4446; x_wconf 91' lang='lat' dir='ltr'><strong>est</strong></span> <span class='ocrx_word' id='word_1_663' title='bbox 2998 4392 3198 4458; x_wconf 86' lang='lat' dir='ltr'><strong>etiam;</strong></span> <span class='ocrx_word' id='word_1_664' title='bbox 3225 4391 3320 4446; x_wconf 90' lang='lat' dir='ltr'><strong>sed</strong></span> <span class='ocrx_word' id='word_1_665' title='bbox 3346 4399 3570 4461; x_wconf 70' lang='lat' dir='ltr'><strong>praestat</strong></span> 
     </span>
    </p>
   </div>
   <div class='ocr_carea' id='block_1_91' title="bbox 333 4482 1910 4564">
    <p class='ocr_par' dir='ltr' id='par_1_91' title="bbox 333 4482 1897 4564">
     <span class='ocr_line' id='line_1_91' title="bbox 333 4482 1897 4564; baseline 0.007 -29"><span class='ocrx_word' id='word_1_666' title='bbox 333 4482 520 4554; x_wconf 74' lang='grc' dir='ltr'>Πατὴρ</span> <span class='ocrx_word' id='word_1_667' title='bbox 561 4485 590 4535; x_wconf 88' lang='grc' dir='ltr'>ὁ</span> <span class='ocrx_word' id='word_1_668' title='bbox 623 4484 786 4553; x_wconf 77' lang='grc' dir='ltr'>Θεὸς,</span> <span class='ocrx_word' id='word_1_669' title='bbox 823 4488 923 4540; x_wconf 84' lang='grc' dir='ltr'><strong>οὐκ</strong></span> <span class='ocrx_word' id='word_1_670' title='bbox 952 4488 1067 4541; x_wconf 77' lang='grc' dir='ltr'>ἐστι</span> <span class='ocrx_word' id='word_1_671' title='bbox 1097 4489 1154 4542; x_wconf 88' lang='grc' dir='ltr'><strong>δέ</strong></span> <span class='ocrx_word' id='word_1_672' title='bbox 1181 4489 1292 4560; x_wconf 81' lang='grc'>(15)</span> <span class='ocrx_word' id='word_1_673' title='bbox 1313 4509 1325 4520; x_wconf 92' lang='grc'>·</span> <span class='ocrx_word' id='word_1_674' title='bbox 1357 4491 1469 4542; x_wconf 84' lang='grc' dir='ltr'>ἀλλ’</span> <span class='ocrx_word' id='word_1_675' title='bbox 1503 4490 1726 4559; x_wconf 81' lang='grc' dir='ltr'>ἄμεινον</span> <span class='ocrx_word' id='word_1_676' title='bbox 1764 4495 1897 4564; x_wconf 84' lang='grc' dir='ltr'>ἡμῖν</span> 
     </span>
    </p>
   </div>
   <div class='ocr_carea' id='block_1_92' title="bbox 2008 4482 3568 4564">
    <p class='ocr_par' dir='ltr' id='par_1_92' title="bbox 2008 4482 3568 4558">
     <span class='ocr_line' id='line_1_92' title="bbox 2008 4482 3568 4558; baseline -0.007 -11"><span class='ocrx_word' id='word_1_677' title='bbox 2008 4506 2064 4546; x_wconf 84' lang='lat' dir='ltr'><strong>ut</strong></span> <span class='ocrx_word' id='word_1_678' title='bbox 2106 4487 2499 4558; x_wconf 89' lang='lat' dir='ltr'><strong>blasphemiam</strong></span> <span class='ocrx_word' id='word_1_679' title='bbox 2552 4483 2922 4554; x_wconf 85' lang='lat' dir='ltr'><strong>imperfectam</strong></span> <span class='ocrx_word' id='word_1_680' title='bbox 2975 4483 3364 4553; x_wconf 86' lang='lat' dir='ltr'><strong>relinquamus.</strong></span> <span class='ocrx_word' id='word_1_681' title='bbox 3416 4482 3568 4539; x_wconf 83' lang='lat' dir='ltr'><strong>Alter</strong></span> 
     </span>
    </p>
   </div>
   <div class='ocr_carea' id='block_1_93' title="bbox 403 4712 1892 4790">
    <p class='ocr_par' dir='ltr' id='par_1_93' title="bbox 403 4712 1892 4790">
     <span class='ocr_line' id='line_1_93' title="bbox 403 4712 1892 4790; baseline 0.003 -23"><span class='ocrx_word' id='word_1_682' title='bbox 403 4712 478 4782; x_wconf 85' lang='lat'><strong>(8)</strong></span> <span class='ocrx_word' id='word_1_683' title='bbox 521 4713 660 4790; x_wconf 80' lang='lat' dir='ltr'><strong>Editi</strong></span> <span class='ocrx_word' id='word_1_684' title='bbox 689 4717 999 4790; x_wconf 62' lang='lat' dir='ltr'><strong>ytyopévqg.</strong></span> <span class='ocrx_word' id='word_1_685' title='bbox 1025 4716 1401 4790; x_wconf 72' lang='lat' dir='ltr'><strong>Libriantiqui</strong></span> <span class='ocrx_word' id='word_1_686' title='bbox 1426 4719 1748 4790; x_wconf 86' lang='grc' dir='ltr'>γενομένης.</span> <span class='ocrx_word' id='word_1_687' title='bbox 1773 4717 1892 4772; x_wconf 79' lang='lat' dir='ltr'><strong>Mox</strong></span> 
     </span>
    </p>
   </div>
   <div class='ocr_carea' id='block_1_94' title="bbox 331 4732 1283 4857">
    <p class='ocr_par' dir='ltr' id='par_1_94' title="bbox 331 4732 1283 4857">
     <span class='ocr_line' id='line_1_94' title="bbox 403 4732 1283 4785; baseline 0.005 -18"><span class='ocrx_word' id='word_1_688' title='bbox 403 4732 478 4782; x_wconf 78' lang='grc' dir='ltr'>(δ)</span> <span class='ocrx_word' id='word_1_689' title='bbox 521 4732 660 4768; x_wconf 75' lang='lat' dir='ltr'><strong>mnu</strong></span> <span class='ocrx_word' id='word_1_690' title='bbox 689 4732 805 4783; x_wconf 91' lang='grc' dir='ltr'>γινο</span> <span class='ocrx_word' id='word_1_691' title='bbox 855 4732 999 4785; x_wconf 88' lang='grc' dir='ltr'>ενης.</span> <span class='ocrx_word' id='word_1_692' title='bbox 1027 4732 1170 4771; x_wconf 80' lang='lat' dir='ltr'><strong>LIDI‘I</strong></span> <span class='ocrx_word' id='word_1_693' title='bbox 1199 4732 1283 4771; x_wconf 82' lang='lat' dir='ltr'><strong>ant</strong></span> 
     </span>
     <span class='ocr_line' id='line_1_95' title="bbox 331 4732 1283 4857; baseline 0.005 -23"><span class='ocrx_word' id='word_1_694' title='bbox 331 4781 464 4857; x_wconf 68' lang='lat' dir='ltr'><strong>Reg.</strong></span> <span class='ocrx_word' id='word_1_695' title='bbox 491 4785 678 4857; x_wconf 64' lang='lat' dir='ltr'><strong>tertius</strong></span> <span class='ocrx_word' id='word_1_696' title='bbox 709 4732 870 4847; x_wconf 50' lang='grc' dir='ltr'>αὐτζς</span> <span class='ocrx_word' id='word_1_697' title='bbox 904 4787 1002 4857; x_wconf 65' lang='grc' dir='ltr'><strong>μὲν</strong></span> <span class='ocrx_word' id='word_1_698' title='bbox 1035 4786 1112 4857; x_wconf 82' lang='grc' dir='ltr'>μὴ</span> <span class='ocrx_word' id='word_1_699' title='bbox 1139 4786 1283 4857; x_wconf 78' lang='grc' dir='ltr'>δόξῃ.</span> 
     </span>
    </p>
   </div>
   <div class='ocr_carea' id='block_1_95' title="bbox 422 4803 1822 4926">
    <p class='ocr_par' dir='ltr' id='par_1_95' title="bbox 422 4803 1822 4926">
     <span class='ocr_line' id='line_1_96' title="bbox 422 4803 1283 4906; baseline 0.006 -72"><span class='ocrx_word' id='word_1_700' title='bbox 422 4803 460 4850; x_wconf 68' lang='lat' dir='ltr'><strong>g.</strong></span> <span class='ocrx_word' id='word_1_701' title='bbox 491 4803 678 4837; x_wconf 73' lang='lat' dir='ltr'><strong>tertius</strong></span> <span class='ocrx_word' id='word_1_702' title='bbox 709 4803 870 4847; x_wconf 87' lang='grc' dir='ltr'>αυτος</span> <span class='ocrx_word' id='word_1_703' title='bbox 904 4803 1002 4854; x_wconf 82' lang='grc' dir='ltr'><strong>μεν</strong></span> <span class='ocrx_word' id='word_1_704' title='bbox 1024 4803 1112 4906; x_wconf 54' lang='grc' dir='ltr'><strong>&lt;μη</strong></span> <span class='ocrx_word' id='word_1_705' title='bbox 1139 4803 1283 4857; x_wconf 74' lang='grc' dir='ltr'>οοςῃ.</span> 
     </span>
     <span class='ocr_line' id='line_1_97' title="bbox 422 4852 1822 4926; baseline 0.005 -22"><span class='ocrx_word' id='word_1_706' title='bbox 422 4854 497 4926; x_wconf 22' lang='grc'><strong>9).</strong></span> <span class='ocrx_word' id='word_1_707' title='bbox 518 4852 899 4926; x_wconf 39' lang='grc' dir='ltr'>Βοῇίιυθνιιιε</span> <span class='ocrx_word' id='word_1_708' title='bbox 925 4855 1021 4907; x_wconf 83' lang='grc' dir='ltr'>ἀλλ</span> <span class='ocrx_word' id='word_1_709' title='bbox 1092 4857 1381 4924; x_wconf 84' lang='grc' dir='ltr'>ἀγέννητον</span> <span class='ocrx_word' id='word_1_710' title='bbox 1411 4858 1505 4911; x_wconf 79' lang='grc' dir='ltr'><strong>καὶ</strong></span> <span class='ocrx_word' id='word_1_711' title='bbox 1539 4857 1822 4926; x_wconf 88' lang='grc' dir='ltr'>γεννητόν.</span> 
     </span>
    </p>
   </div>
   <div class='ocr_carea' id='block_1_96' title="bbox 425 4921 1265 4996">
    <p class='ocr_par' dir='ltr' id='par_1_96' title="bbox 425 4921 1265 4996">
     <span class='ocr_line' id='line_1_98' title="bbox 425 4921 1265 4996; baseline 0.012 -25"><span class='ocrx_word' id='word_1_712' title='bbox 548 4921 769 4996; x_wconf 67' lang='lat' dir='ltr'><strong>guilices</strong></span> <span class='ocrx_word' id='word_1_713' title='bbox 807 4924 910 4975; x_wconf 91' lang='lat' dir='ltr'><strong>duo</strong></span> <span class='ocrx_word' id='word_1_714' title='bbox 943 4921 1265 4996; x_wconf 79' lang='grc' dir='ltr'>ἐφαρμόσει.</span> 
     </span>
    </p>
   </div>
   <div class='ocr_carea' id='block_1_97' title="bbox 323 4992 1885 5064">
    <p class='ocr_par' dir='ltr' id='par_1_97' title="bbox 323 4992 1885 5064">
     <span class='ocr_line' id='line_1_99' title="bbox 323 4992 1885 5064; baseline 0.001 -20"><span class='ocrx_word' id='word_1_715' title='bbox 323 5004 334 5017; x_wconf 91' lang='lat'><strong>&#39;</strong></span> <span class='ocrx_word' id='word_1_716' title='bbox 396 4992 505 5064; x_wconf 83' lang='lat' dir='ltr'><strong>(ll)</strong></span> <span class='ocrx_word' id='word_1_717' title='bbox 545 4992 850 5060; x_wconf 70' lang='grc' dir='ltr'>Γεννῆσναι</span> <span class='ocrx_word' id='word_1_718' title='bbox 874 4996 945 5045; x_wconf 87' lang='grc' dir='ltr'>οὺ</span> <span class='ocrx_word' id='word_1_719' title='bbox 979 4992 1380 5064; x_wconf 64' lang='grc' dir='ltr'>καταδέχεται,</span> <span class='ocrx_word' id='word_1_720' title='bbox 1412 4997 1466 5048; x_wconf 87' lang='lat' dir='ltr'><strong>id</strong></span> <span class='ocrx_word' id='word_1_721' title='bbox 1500 5012 1602 5050; x_wconf 83' lang='lat' dir='ltr'><strong>non</strong></span> <span class='ocrx_word' id='word_1_722' title='bbox 1635 4995 1885 5059; x_wconf 76' lang='lat' dir='ltr'><strong>admittit,</strong></span> 
     </span>
    </p>
   </div>
   <div class='ocr_carea' id='block_1_98' title="bbox 325 5064 1886 5133">
    <p class='ocr_par' dir='ltr' id='par_1_98' title="bbox 325 5064 1886 5133">
     <span class='ocr_line' id='line_1_100' title="bbox 325 5064 1886 5133; baseline 0.001 -19"><span class='ocrx_word' id='word_1_723' title='bbox 325 5073 382 5114; x_wconf 84' lang='lat' dir='ltr'><strong>ut</strong></span> <span class='ocrx_word' id='word_1_724' title='bbox 429 5071 633 5130; x_wconf 85' lang='lat' dir='ltr'><strong>generet</strong></span> <span class='ocrx_word' id='word_1_725' title='bbox 663 5076 681 5114; x_wconf 89' lang='lat'><strong><em>:</em></strong></span> <span class='ocrx_word' id='word_1_726' title='bbox 713 5064 813 5116; x_wconf 92' lang='lat' dir='ltr'><strong>hoc</strong></span> <span class='ocrx_word' id='word_1_727' title='bbox 851 5072 952 5127; x_wconf 88' lang='lat' dir='ltr'><strong>est,</strong></span> <span class='ocrx_word' id='word_1_728' title='bbox 993 5081 1237 5132; x_wconf 81' lang='lat' dir='ltr'><strong>generare</strong></span> <span class='ocrx_word' id='word_1_729' title='bbox 1268 5082 1370 5118; x_wconf 82' lang='lat' dir='ltr'><strong>non</strong></span> <span class='ocrx_word' id='word_1_730' title='bbox 1417 5075 1580 5133; x_wconf 77' lang='lat' dir='ltr'><strong>potest</strong></span> <span class='ocrx_word' id='word_1_731' title='bbox 1607 5079 1626 5116; x_wconf 89' lang='lat'><strong><em>:</em></strong></span> <span class='ocrx_word' id='word_1_732' title='bbox 1661 5065 1886 5118; x_wconf 78' lang='lat' dir='ltr'><strong>liberant</strong></span> 
     </span>
    </p>
   </div>
   <div class='ocr_carea' id='block_1_99' title="bbox 320 5133 1888 5202">
    <p class='ocr_par' dir='ltr' id='par_1_99' title="bbox 320 5133 1888 5202">
     <span class='ocr_line' id='line_1_101' title="bbox 320 5133 1888 5202; baseline 0.003 -20"><span class='ocrx_word' id='word_1_733' title='bbox 320 5133 369 5183; x_wconf 85' lang='lat' dir='ltr'><strong>ei</strong></span> <span class='ocrx_word' id='word_1_734' title='bbox 407 5148 508 5184; x_wconf 84' lang='lat' dir='ltr'><strong>non</strong></span> <span class='ocrx_word' id='word_1_735' title='bbox 553 5141 627 5184; x_wconf 83' lang='lat' dir='ltr'><strong>est</strong></span> <span class='ocrx_word' id='word_1_736' title='bbox 677 5147 924 5200; x_wconf 85' lang='lat' dir='ltr'><strong>generare</strong></span> <span class='ocrx_word' id='word_1_737' title='bbox 959 5135 1249 5202; x_wconf 74' lang='lat' dir='ltr'><strong>:gignendi</strong></span> <span class='ocrx_word' id='word_1_738' title='bbox 1301 5151 1402 5187; x_wconf 89' lang='lat' dir='ltr'><strong>non</strong></span> <span class='ocrx_word' id='word_1_739' title='bbox 1451 5134 1604 5188; x_wconf 83' lang='lat' dir='ltr'><strong>habet</strong></span> <span class='ocrx_word' id='word_1_740' title='bbox 1658 5135 1888 5202; x_wconf 78' lang='lat' dir='ltr'><strong>faculta-</strong></span> 
     </span>
    </p>
   </div>
   <div class='ocr_carea' id='block_1_100' title="bbox 323 5210 445 5252">
    <p class='ocr_par' dir='ltr' id='par_1_100' title="bbox 323 5210 445 5252">
     <span class='ocr_line' id='line_1_102' title="bbox 323 5210 445 5252; baseline 0.008 -1"><span class='ocrx_word' id='word_1_741' title='bbox 323 5210 445 5252; x_wconf 77' lang='lat' dir='ltr'><strong>lem.</strong></span> 
     </span>
    </p>
   </div>
   <div class='ocr_carea' id='block_1_101' title="bbox 392 5269 1882 5338">
    <p class='ocr_par' dir='ltr' id='par_1_101' title="bbox 392 5269 1882 5338">
     <span class='ocr_line' id='line_1_103' title="bbox 392 5269 1882 5338; baseline -0.001 -15"><span class='ocrx_word' id='word_1_742' title='bbox 392 5270 504 5338; x_wconf 71' lang='grc'>(12)</span> <span class='ocrx_word' id='word_1_743' title='bbox 548 5269 629 5337; x_wconf 77' lang='grc' dir='ltr'><em>Τῇ</em></span> <span class='ocrx_word' id='word_1_744' title='bbox 674 5269 783 5338; x_wconf 81' lang='grc' dir='ltr'>γὰρ</span> <span class='ocrx_word' id='word_1_745' title='bbox 833 5270 1100 5338; x_wconf 78' lang='grc' dir='ltr'>δευτέρᾳ.</span> <span class='ocrx_word' id='word_1_746' title='bbox 1143 5270 1255 5324; x_wconf 90' lang='lat' dir='ltr'><strong>lloc</strong></span> <span class='ocrx_word' id='word_1_747' title='bbox 1287 5281 1372 5324; x_wconf 85' lang='lat' dir='ltr'><strong>est</strong></span> <span class='ocrx_word' id='word_1_748' title='bbox 1405 5271 1582 5336; x_wconf 80' lang='lat' dir='ltr'><strong>:quod</strong></span> <span class='ocrx_word' id='word_1_749' title='bbox 1616 5271 1882 5338; x_wconf 90' lang='lat' dir='ltr'><strong>sequitur,</strong></span> 
     </span>
    </p>
   </div>
   <div class='ocr_carea' id='block_1_102' title="bbox 325 5338 1884 5410">
    <p class='ocr_par' dir='ltr' id='par_1_102' title="bbox 325 5338 1884 5410">
     <span class='ocr_line' id='line_1_104' title="bbox 325 5338 1884 5410; baseline 0 -18"><span class='ocrx_word' id='word_1_750' title='bbox 325 5338 404 5392; x_wconf 72' lang='grc' dir='ltr'>ἵνα</span> <span class='ocrx_word' id='word_1_751' title='bbox 441 5339 513 5409; x_wconf 82' lang='grc' dir='ltr'>μὴ</span> <span class='ocrx_word' id='word_1_752' title='bbox 560 5340 770 5409; x_wconf 82' lang='grc' dir='ltr'>μεταδῷ</span> <span class='ocrx_word' id='word_1_753' title='bbox 796 5341 894 5410; x_wconf 79' lang='grc' dir='ltr'>τῆς</span> <span class='ocrx_word' id='word_1_754' title='bbox 915 5340 1064 5410; x_wconf 16' lang='grc' dir='ltr'>γίδίας</span> <span class='ocrx_word' id='word_1_755' title='bbox 1092 5340 1303 5409; x_wconf 80' lang='grc' dir='ltr'>φύσεως</span> <span class='ocrx_word' id='word_1_756' title='bbox 1337 5340 1414 5410; x_wconf 81' lang='grc' dir='ltr'><strong>τῷ</strong></span> <span class='ocrx_word' id='word_1_757' title='bbox 1446 5339 1786 5410; x_wconf 83' lang='grc' dir='ltr'>γεννωμένῳ,</span> <span class='ocrx_word' id='word_1_758' title='bbox 1834 5340 1884 5392; x_wconf 89' lang='lat' dir='ltr'><strong>id</strong></span> 
     </span>
    </p>
   </div>
   <div class='ocr_carea' id='block_1_103' title="bbox 319 5409 1874 5475">
    <p class='ocr_par' dir='ltr' id='par_1_103' title="bbox 319 5409 1874 5475">
     <span class='ocr_line' id='line_1_105' title="bbox 319 5409 1874 5475; baseline 0 -15"><span class='ocrx_word' id='word_1_759' title='bbox 319 5421 502 5475; x_wconf 70' lang='lat' dir='ltr'><strong>aperte</strong></span> <span class='ocrx_word' id='word_1_760' title='bbox 546 5410 777 5462; x_wconf 79' lang='lat' dir='ltr'><strong>ostendit</strong></span> <span class='ocrx_word' id='word_1_761' title='bbox 815 5409 974 5462; x_wconf 84' lang='lat' dir='ltr'><strong>verba</strong></span> <span class='ocrx_word' id='word_1_762' title='bbox 1022 5411 1109 5463; x_wconf 86' lang='lat' dir='ltr'><strong>illa</strong></span> <span class='ocrx_word' id='word_1_763' title='bbox 1163 5409 1440 5468; x_wconf 84' lang='lat' dir='ltr'><strong>Eunomii.</strong></span> <span class='ocrx_word' id='word_1_764' title='bbox 1490 5411 1588 5462; x_wconf 87' lang='grc' dir='ltr'><strong>ούκ</strong></span> <span class='ocrx_word' id='word_1_765' title='bbox 1628 5409 1698 5462; x_wconf 84' lang='grc' dir='ltr'>ἄν</span> <span class='ocrx_word' id='word_1_766' title='bbox 1745 5425 1874 5460; x_wconf 86' lang='grc' dir='ltr'>ποτε</span> 
     </span>
    </p>
   </div>
   <div class='ocr_carea' id='block_1_104' title="bbox 317 5479 1874 5549">
    <p class='ocr_par' dir='ltr' id='par_1_104' title="bbox 317 5479 1874 5549">
     <span class='ocr_line' id='line_1_106' title="bbox 317 5479 1874 5549; baseline 0.002 -20"><span class='ocrx_word' id='word_1_767' title='bbox 317 5479 570 5549; x_wconf 78' lang='grc' dir='ltr'>πρόσοιτο</span> <span class='ocrx_word' id='word_1_768' title='bbox 596 5479 867 5549; x_wconf 80' lang='grc' dir='ltr'>γέννησιν,</span> <span class='ocrx_word' id='word_1_769' title='bbox 903 5480 966 5532; x_wconf 89' lang='lat' dir='ltr'><strong>de</strong></span> <span class='ocrx_word' id='word_1_770' title='bbox 1001 5479 1168 5532; x_wconf 84' lang='lat' dir='ltr'><strong>activa</strong></span> <span class='ocrx_word' id='word_1_771' title='bbox 1195 5480 1541 5549; x_wconf 84' lang='lat' dir='ltr'><strong>generatione</strong></span> <span class='ocrx_word' id='word_1_772' title='bbox 1575 5479 1748 5546; x_wconf 90' lang='lat' dir='ltr'><strong>accipi</strong></span> <span class='ocrx_word' id='word_1_773' title='bbox 1782 5480 1874 5532; x_wconf 91' lang='lat' dir='ltr'><strong>de-</strong></span> 
     </span>
    </p>
   </div>
   <div class='ocr_carea' id='block_1_105' title="bbox 315 5548 1456 5617">
    <p class='ocr_par' dir='ltr' id='par_1_105' title="bbox 315 5548 1456 5617">
     <span class='ocr_line' id='line_1_107' title="bbox 315 5548 1456 5617; baseline 0.001 -16"><span class='ocrx_word' id='word_1_774' title='bbox 315 5548 464 5603; x_wconf 85' lang='lat' dir='ltr'><strong>bere.</strong></span> <span class='ocrx_word' id='word_1_775' title='bbox 497 5549 572 5617; x_wconf 68' lang='lat' dir='ltr'><strong>sic</strong></span> <span class='ocrx_word' id='word_1_776' title='bbox 607 5558 665 5600; x_wconf 90' lang='lat' dir='ltr'><strong>ut</strong></span> <span class='ocrx_word' id='word_1_777' title='bbox 703 5559 855 5616; x_wconf 89' lang='lat' dir='ltr'><strong>pater</strong></span> <span class='ocrx_word' id='word_1_778' title='bbox 888 5549 1104 5617; x_wconf 80' lang='lat' dir='ltr'><strong>gignere</strong></span> <span class='ocrx_word' id='word_1_779' title='bbox 1133 5548 1236 5601; x_wconf 88' lang='lat' dir='ltr'><strong>non</strong></span> <span class='ocrx_word' id='word_1_780' title='bbox 1269 5549 1456 5614; x_wconf 88' lang='lat' dir='ltr'><strong>possit.</strong></span> 
     </span>
    </p>
   </div>
   <div class='ocr_carea' id='block_1_106' title="bbox 385 5615 1875 5687">
    <p class='ocr_par' dir='ltr' id='par_1_106' title="bbox 385 5615 1875 5687">
     <span class='ocr_line' id='line_1_108' title="bbox 385 5615 1875 5687; baseline 0 -19"><span class='ocrx_word' id='word_1_781' title='bbox 385 5617 494 5687; x_wconf 75' lang='lat' dir='ltr'><strong>(l5)</strong></span> <span class='ocrx_word' id='word_1_782' title='bbox 536 5615 773 5687; x_wconf 17' lang='lat' dir='ltr'><strong>Sicilibri</strong></span> <span class='ocrx_word' id='word_1_783' title='bbox 815 5615 1038 5687; x_wconf 64' lang='lat' dir='ltr'><strong>veteres.</strong></span> <span class='ocrx_word' id='word_1_784' title='bbox 1073 5617 1212 5673; x_wconf 88' lang='lat' dir='ltr'><strong>Editi</strong></span> <span class='ocrx_word' id='word_1_785' title='bbox 1242 5617 1875 5687; x_wconf 83' lang='grc' dir='ltr'>αὑτῆςκοινωνήσωμεν.</span> 
     </span>
    </p>
   </div>
   <div class='ocr_carea' id='block_1_107' title="bbox 383 5685 1875 5756">
    <p class='ocr_par' dir='ltr' id='par_1_107' title="bbox 383 5685 1875 5756">
     <span class='ocr_line' id='line_1_109' title="bbox 383 5685 1875 5756; baseline 0.002 -19"><span class='ocrx_word' id='word_1_786' title='bbox 383 5685 494 5754; x_wconf 74' lang='grc'>(14)</span> <span class='ocrx_word' id='word_1_787' title='bbox 535 5685 683 5756; x_wconf 86' lang='lat' dir='ltr'><strong>Colb.</strong></span> <span class='ocrx_word' id='word_1_788' title='bbox 724 5702 846 5740; x_wconf 88' lang='lat' dir='ltr'><strong>cum</strong></span> <span class='ocrx_word' id='word_1_789' title='bbox 892 5686 1026 5756; x_wconf 77' lang='lat' dir='ltr'><strong>Reg.</strong></span> <span class='ocrx_word' id='word_1_790' title='bbox 1053 5689 1213 5743; x_wconf 87' lang='lat' dir='ltr'><strong>tertio</strong></span> <span class='ocrx_word' id='word_1_791' title='bbox 1249 5685 1377 5742; x_wconf 80' lang='grc' dir='ltr'>τινα</span> <span class='ocrx_word' id='word_1_792' title='bbox 1409 5685 1763 5756; x_wconf 68' lang='grc' dir='ltr'>δυσφημίαν,</span> <span class='ocrx_word' id='word_1_793' title='bbox 1793 5687 1875 5740; x_wconf 87' lang='lat' dir='ltr'><strong>in-</strong></span> 
     </span>
    </p>
   </div>
   <div class='ocr_carea' id='block_1_108' title="bbox 316 5754 813 5812">
    <p class='ocr_par' dir='ltr' id='par_1_108' title="bbox 316 5754 813 5812">
     <span class='ocr_line' id='line_1_110' title="bbox 316 5754 813 5812; baseline 0.008 -6"><span class='ocrx_word' id='word_1_794' title='bbox 316 5756 529 5808; x_wconf 69' lang='lat' dir='ltr'><strong>famiam</strong></span> <span class='ocrx_word' id='word_1_795' title='bbox 561 5754 813 5812; x_wconf 80' lang='lat' dir='ltr'><strong>aliquam.</strong></span> 
     </span>
    </p>
   </div>
   <div class='ocr_carea' id='block_1_109' title="bbox 2069 4712 3566 4787">
    <p class='ocr_par' dir='ltr' id='par_1_109' title="bbox 2069 4712 3566 4787">
     <span class='ocr_line' id='line_1_111' title="bbox 2069 4712 3566 4787; baseline -0.003 -17"><span class='ocrx_word' id='word_1_796' title='bbox 2069 4716 2179 4787; x_wconf 80' lang='lat' dir='ltr'><strong>(l5)</strong></span> <span class='ocrx_word' id='word_1_797' title='bbox 2219 4717 2340 4779; x_wconf 86' lang='lat' dir='ltr'><strong>Illa,</strong></span> <span class='ocrx_word' id='word_1_798' title='bbox 2369 4717 2469 4770; x_wconf 83' lang='grc' dir='ltr'><strong>οὐκ</strong></span> <span class='ocrx_word' id='word_1_799' title='bbox 2512 4716 2627 4770; x_wconf 78' lang='grc' dir='ltr'>ἔστι</span> <span class='ocrx_word' id='word_1_800' title='bbox 2676 4715 2755 4780; x_wconf 85' lang='grc' dir='ltr'><strong>δέ,</strong></span> <span class='ocrx_word' id='word_1_801' title='bbox 2797 4714 2875 4787; x_wconf 87' lang='lat' dir='ltr'><strong>sic</strong></span> <span class='ocrx_word' id='word_1_802' title='bbox 2925 4714 3087 4787; x_wconf 76' lang='lat' dir='ltr'><strong>vertit</strong></span> <span class='ocrx_word' id='word_1_803' title='bbox 3130 4713 3440 4787; x_wconf 77' lang='lat' dir='ltr'><strong>interpres:</strong></span> <span class='ocrx_word' id='word_1_804' title='bbox 3475 4712 3566 4787; x_wconf 78' lang='lat' dir='ltr'><strong>sed</strong></span> 
     </span>
    </p>
   </div>
   <div class='ocr_carea' id='block_1_110' title="bbox 1996 4783 3566 4851">
    <p class='ocr_par' dir='ltr' id='par_1_110' title="bbox 1996 4783 3566 4851">
     <span class='ocr_line' id='line_1_112' title="bbox 1996 4783 3566 4851; baseline -0.005 -10"><span class='ocrx_word' id='word_1_805' title='bbox 1996 4783 2099 4841; x_wconf 80' lang='lat' dir='ltr'><strong>non</strong></span> <span class='ocrx_word' id='word_1_806' title='bbox 2137 4783 2213 4839; x_wconf 77' lang='lat' dir='ltr'><strong>ita</strong></span> <span class='ocrx_word' id='word_1_807' title='bbox 2256 4796 2353 4841; x_wconf 78' lang='lat' dir='ltr'><strong>est.</strong></span> <span class='ocrx_word' id='word_1_808' title='bbox 2399 4788 2535 4851; x_wconf 85' lang='lat' dir='ltr'><strong>Quid</strong></span> <span class='ocrx_word' id='word_1_809' title='bbox 2573 4795 2752 4840; x_wconf 90' lang='lat' dir='ltr'><strong>autem</strong></span> <span class='ocrx_word' id='word_1_810' title='bbox 2799 4786 2913 4839; x_wconf 59' lang='lat' dir='ltr'><strong>hac</strong></span> <span class='ocrx_word' id='word_1_811' title='bbox 2956 4783 3054 4836; x_wconf 89' lang='lat' dir='ltr'><strong>sibi</strong></span> <span class='ocrx_word' id='word_1_812' title='bbox 3091 4783 3278 4845; x_wconf 84' lang='lat' dir='ltr'><strong>velint,</strong></span> <span class='ocrx_word' id='word_1_813' title='bbox 3321 4783 3459 4851; x_wconf 89' lang='lat' dir='ltr'><strong>alius</strong></span> <span class='ocrx_word' id='word_1_814' title='bbox 3491 4783 3566 4833; x_wconf 80' lang='lat' dir='ltr'><strong>vi-</strong></span> 
     </span>
    </p>
   </div>
   <div class='ocr_carea' id='block_1_111' title="bbox 1995 4850 3567 4924">
    <p class='ocr_par' dir='ltr' id='par_1_111' title="bbox 1995 4850 3567 4924">
     <span class='ocr_line' id='line_1_113' title="bbox 1995 4850 3567 4924; baseline -0.003 -16"><span class='ocrx_word' id='word_1_815' title='bbox 1995 4859 2152 4910; x_wconf 88' lang='lat' dir='ltr'><strong>derit.</strong></span> <span class='ocrx_word' id='word_1_816' title='bbox 2197 4858 2304 4924; x_wconf 87' lang='lat' dir='ltr'><strong>Ego</strong></span> <span class='ocrx_word' id='word_1_817' title='bbox 2351 4850 2584 4909; x_wconf 88' lang='lat' dir='ltr'><strong>arbitror</strong></span> <span class='ocrx_word' id='word_1_818' title='bbox 2652 4869 2835 4909; x_wconf 82' lang='lat' dir='ltr'><strong>vocem</strong></span> <span class='ocrx_word' id='word_1_819' title='bbox 2881 4851 2996 4916; x_wconf 86' lang='grc' dir='ltr'>υίὸς</span> <span class='ocrx_word' id='word_1_820' title='bbox 3044 4852 3320 4924; x_wconf 67' lang='lat' dir='ltr'><strong>subaudiri</strong></span> <span class='ocrx_word' id='word_1_821' title='bbox 3368 4850 3567 4904; x_wconf 89' lang='lat' dir='ltr'><strong>debere</strong></span> 
     </span>
    </p>
   </div>
   <div class='ocr_carea' id='block_1_112' title="bbox 1995 4920 3560 4995">
    <p class='ocr_par' dir='ltr' id='par_1_112' title="bbox 1995 4920 3560 4995">
     <span class='ocr_line' id='line_1_114' title="bbox 1995 4920 3560 4995; baseline -0.004 -15"><span class='ocrx_word' id='word_1_822' title='bbox 1995 4936 2118 4995; x_wconf 86' lang='lat' dir='ltr'><strong>post</strong></span> <span class='ocrx_word' id='word_1_823' title='bbox 2153 4920 2280 4980; x_wconf 71' lang='lat' dir='ltr'><strong>illud</strong></span> <span class='ocrx_word' id='word_1_824' title='bbox 2304 4927 2402 4978; x_wconf 78' lang='grc' dir='ltr'><strong>οὐκ</strong></span> <span class='ocrx_word' id='word_1_825' title='bbox 2441 4925 2554 4978; x_wconf 79' lang='grc' dir='ltr'>ἔστι</span> <span class='ocrx_word' id='word_1_826' title='bbox 2589 4924 2668 4986; x_wconf 87' lang='grc' dir='ltr'><strong>δέ,</strong></span> <span class='ocrx_word' id='word_1_827' title='bbox 2699 4923 3130 4995; x_wconf 70' lang='lat' dir='ltr'><strong>hac__sententia:</strong></span> <span class='ocrx_word' id='word_1_828' title='bbox 3168 4930 3227 4976; x_wconf 92' lang='lat' dir='ltr'><strong>ut</strong></span> <span class='ocrx_word' id='word_1_829' title='bbox 3267 4920 3560 4995; x_wconf 89' lang='lat' dir='ltr'><strong>Deus_non</strong></span> 
     </span>
    </p>
   </div>
   <div class='ocr_carea' id='block_1_113' title="bbox 1995 4990 3558 5058">
    <p class='ocr_par' dir='ltr' id='par_1_113' title="bbox 1995 4990 3558 5058">
     <span class='ocr_line' id='line_1_115' title="bbox 1995 4990 3558 5058; baseline -0.003 -12"><span class='ocrx_word' id='word_1_830' title='bbox 1995 4990 2078 5048; x_wconf 71' lang='lat' dir='ltr'><strong>est</strong></span> <span class='ocrx_word' id='word_1_831' title='bbox 2106 4995 2306 5058; x_wconf 87' lang='lat' dir='ltr'><strong>Pater,</strong></span> <span class='ocrx_word' id='word_1_832' title='bbox 2365 4998 2436 5049; x_wconf 88' lang='lat' dir='ltr'><strong>ita</strong></span> <span class='ocrx_word' id='word_1_833' title='bbox 2469 5011 2572 5047; x_wconf 88' lang='lat' dir='ltr'><strong>non</strong></span> <span class='ocrx_word' id='word_1_834' title='bbox 2619 5004 2702 5047; x_wconf 91' lang='lat' dir='ltr'><strong>est</strong></span> <span class='ocrx_word' id='word_1_835' title='bbox 2733 4992 2917 5046; x_wconf 82' lang='lat' dir='ltr'><strong>Filius.</strong></span> <span class='ocrx_word' id='word_1_836' title='bbox 2951 4990 3062 5044; x_wconf 85' lang='lat' dir='ltr'><strong>Hoc</strong></span> <span class='ocrx_word' id='word_1_837' title='bbox 3107 5001 3220 5054; x_wconf 90' lang='lat' dir='ltr'><strong>est,</strong></span> <span class='ocrx_word' id='word_1_838' title='bbox 3267 5003 3367 5043; x_wconf 90' lang='lat' dir='ltr'><strong>nec</strong></span> <span class='ocrx_word' id='word_1_839' title='bbox 3416 4991 3558 5042; x_wconf 89' lang='lat' dir='ltr'><strong>Deus</strong></span> 
     </span>
    </p>
   </div>
   <div class='ocr_carea' id='block_1_114' title="bbox 1985 5059 3558 5126">
    <p class='ocr_par' dir='ltr' id='par_1_114' title="bbox 1985 5059 3558 5126">
     <span class='ocr_line' id='line_1_116' title="bbox 1985 5059 3558 5126; baseline -0.005 -9"><span class='ocrx_word' id='word_1_840' title='bbox 1985 5063 2149 5119; x_wconf 86' lang='lat' dir='ltr'><strong>Pater</strong></span> <span class='ocrx_word' id='word_1_841' title='bbox 2188 5065 2368 5118; x_wconf 83' lang='lat' dir='ltr'><strong>vocari</strong></span> <span class='ocrx_word' id='word_1_842' title='bbox 2437 5063 2596 5118; x_wconf 88' lang='lat' dir='ltr'><strong>debet</strong></span> <span class='ocrx_word' id='word_1_843' title='bbox 2646 5063 2826 5126; x_wconf 84' lang='lat' dir='ltr'><strong>Pater,</strong></span> <span class='ocrx_word' id='word_1_844' title='bbox 2879 5075 2978 5114; x_wconf 87' lang='lat' dir='ltr'><strong>nec</strong></span> <span class='ocrx_word' id='word_1_845' title='bbox 3034 5059 3206 5114; x_wconf 87' lang='lat' dir='ltr'><strong>Filius</strong></span> <span class='ocrx_word' id='word_1_846' title='bbox 3266 5059 3426 5112; x_wconf 87' lang='lat' dir='ltr'><strong>debet</strong></span> <span class='ocrx_word' id='word_1_847' title='bbox 3461 5071 3558 5109; x_wconf 85' lang='lat' dir='ltr'><strong>vo-</strong></span> 
     </span>
    </p>
   </div>
   <div class='ocr_carea' id='block_1_115' title="bbox 1997 5127 3558 5187">
    <p class='ocr_par' dir='ltr' id='par_1_115' title="bbox 1997 5127 3558 5187">
     <span class='ocr_line' id='line_1_117' title="bbox 1997 5127 3558 5187; baseline -0.006 0"><span class='ocrx_word' id='word_1_848' title='bbox 1997 5135 2106 5187; x_wconf 89' lang='lat' dir='ltr'><strong>cari</strong></span> <span class='ocrx_word' id='word_1_849' title='bbox 2187 5133 2373 5187; x_wconf 87' lang='lat' dir='ltr'><strong>Filius.</strong></span> <span class='ocrx_word' id='word_1_850' title='bbox 2419 5132 2488 5187; x_wconf 85' lang='lat' dir='ltr'><strong>Et</strong></span> <span class='ocrx_word' id='word_1_851' title='bbox 2562 5133 2764 5185; x_wconf 80' lang='lat' dir='ltr'><strong>idcirco</strong></span> <span class='ocrx_word' id='word_1_852' title='bbox 2831 5129 3060 5183; x_wconf 86' lang='lat' dir='ltr'><strong>Basilius</strong></span> <span class='ocrx_word' id='word_1_853' title='bbox 3118 5129 3194 5182; x_wconf 86' lang='lat' dir='ltr'><strong>ait</strong></span> <span class='ocrx_word' id='word_1_854' title='bbox 3255 5127 3558 5187; x_wconf 84' lang='lat' dir='ltr'><strong>relinquere</strong></span> 
     </span>
    </p>
   </div>
   <div class='ocr_carea' id='block_1_116' title="bbox 1981 5199 3554 5269">
    <p class='ocr_par' dir='ltr' id='par_1_116' title="bbox 1981 5199 3554 5269">
     <span class='ocr_line' id='line_1_118' title="bbox 1981 5199 3554 5269; baseline -0.006 -13"><span class='ocrx_word' id='word_1_855' title='bbox 1981 5217 2043 5256; x_wconf 90' lang='lat' dir='ltr'><strong>se</strong></span> <span class='ocrx_word' id='word_1_856' title='bbox 2086 5203 2474 5269; x_wconf 86' lang='lat' dir='ltr'><strong>blasphemiam</strong></span> <span class='ocrx_word' id='word_1_857' title='bbox 2527 5199 3230 5269; x_wconf 35' lang='lat' dir='ltr'><strong>Eunomiitimperfectam,</strong></span> <span class='ocrx_word' id='word_1_858' title='bbox 3279 5199 3421 5264; x_wconf 88' lang='lat' dir='ltr'><strong>quod</strong></span> <span class='ocrx_word' id='word_1_859' title='bbox 3453 5210 3554 5269; x_wconf 70' lang='lat' dir='ltr'><strong>no-</strong></span> 
     </span>
    </p>
   </div>
   <div class='ocr_carea' id='block_1_117' title="bbox 1982 5265 3554 5339">
    <p class='ocr_par' dir='ltr' id='par_1_117' title="bbox 1982 5265 3554 5339">
     <span class='ocr_line' id='line_1_119' title="bbox 1982 5265 3554 5339; baseline -0.006 -16"><span class='ocrx_word' id='word_1_860' title='bbox 1982 5287 2105 5325; x_wconf 87' lang='lat' dir='ltr'><strong>men</strong></span> <span class='ocrx_word' id='word_1_861' title='bbox 2163 5265 2277 5334; x_wconf 82' lang='grc' dir='ltr'>υίός</span> <span class='ocrx_word' id='word_1_862' title='bbox 2332 5271 2753 5339; x_wconf 57' lang='lat' dir='ltr'><strong>praetermiserit.</strong></span> <span class='ocrx_word' id='word_1_863' title='bbox 2803 5265 2930 5323; x_wconf 14' lang='lat' dir='ltr'><strong>Nec,</strong></span> <span class='ocrx_word' id='word_1_864' title='bbox 2958 5268 3032 5321; x_wconf 88' lang='lat' dir='ltr'><strong>ita</strong></span> <span class='ocrx_word' id='word_1_865' title='bbox 3070 5267 3237 5339; x_wconf 85' lang='lat' dir='ltr'><strong>multo</strong></span> <span class='ocrx_word' id='word_1_866' title='bbox 3285 5274 3404 5339; x_wconf 81' lang='lat' dir='ltr'><strong>post</strong></span> <span class='ocrx_word' id='word_1_867' title='bbox 3449 5265 3554 5339; x_wconf 49' lang='lat' dir='ltr'><strong>Ba;</strong></span> 
     </span>
    </p>
   </div>
   <div class='ocr_carea' id='block_1_118' title="bbox 1982 5334 3551 5403">
    <p class='ocr_par' dir='ltr' id='par_1_118' title="bbox 1982 5334 3551 5403">
     <span class='ocr_line' id='line_1_120' title="bbox 1982 5334 3551 5403; baseline -0.006 -9"><span class='ocrx_word' id='word_1_868' title='bbox 1982 5341 2137 5394; x_wconf 81' lang='lat' dir='ltr'><strong>silius</strong></span> <span class='ocrx_word' id='word_1_869' title='bbox 2182 5343 2282 5394; x_wconf 90' lang='lat' dir='ltr'><strong>hoc</strong></span> <span class='ocrx_word' id='word_1_870' title='bbox 2322 5334 2460 5394; x_wconf 79' lang='lat' dir='ltr'><strong>idem</strong></span> <span class='ocrx_word' id='word_1_871' title='bbox 2507 5340 2664 5402; x_wconf 84' lang='lat' dir='ltr'><strong>fecit,</strong></span> <span class='ocrx_word' id='word_1_872' title='bbox 2705 5353 2826 5392; x_wconf 90' lang='lat' dir='ltr'><strong>cum</strong></span> <span class='ocrx_word' id='word_1_873' title='bbox 2875 5339 2945 5390; x_wconf 89' lang='lat' dir='ltr'><strong>ita</strong></span> <span class='ocrx_word' id='word_1_874' title='bbox 2983 5337 3218 5401; x_wconf 88' lang='lat' dir='ltr'><strong>scripsit,</strong></span> <span class='ocrx_word' id='word_1_875' title='bbox 3249 5334 3484 5403; x_wconf 36' lang='lat' dir='ltr'><strong>adsitne</strong></span> <span class='ocrx_word' id='word_1_876' title='bbox 3518 5335 3551 5402; x_wconf 87' lang='grc' dir='ltr'>ή</span> 
     </span>
    </p>
   </div>
   <div class='ocr_carea' id='block_1_119' title="bbox 1982 5401 3555 5480">
    <p class='ocr_par' dir='ltr' id='par_1_119' title="bbox 1982 5401 3555 5480">
     <span class='ocr_line' id='line_1_121' title="bbox 1982 5401 3555 5480; baseline -0.004 -19"><span class='ocrx_word' id='word_1_877' title='bbox 1982 5410 2242 5480; x_wconf 84' lang='grc' dir='ltr'>ἀλήθεια,</span> <span class='ocrx_word' id='word_1_878' title='bbox 2289 5413 2316 5462; x_wconf 86' lang='grc' dir='ltr'>ὁ</span> <span class='ocrx_word' id='word_1_879' title='bbox 2360 5409 2572 5480; x_wconf 36' lang='grc' dir='ltr'>-Κύριος</span> <span class='ocrx_word' id='word_1_880' title='bbox 2619 5401 3030 5480; x_wconf 16' lang='grc' dir='ltr'>ἡνμῷν-ἶῐησοῦς</span> <span class='ocrx_word' id='word_1_881' title='bbox 3083 5401 3555 5480; x_wconf 40' lang='grc' dir='ltr'>Χριστόςκᾘρηιυ</span> 
     </span>
    </p>
   </div>
   <div class='ocr_carea' id='block_1_120' title="bbox 1982 5471 3546 5546">
    <p class='ocr_par' dir='ltr' id='par_1_120' title="bbox 1982 5471 3546 5546">
     <span class='ocr_line' id='line_1_122' title="bbox 1982 5471 3546 5546; baseline -0.004 -16"><span class='ocrx_word' id='word_1_882' title='bbox 1982 5471 2122 5532; x_wconf 74' lang='grc' dir='ltr'>οιιίἱιι</span> <span class='ocrx_word' id='word_1_883' title='bbox 2153 5471 2256 5532; x_wconf 85' lang='lat' dir='ltr'><strong>non</strong></span> <span class='ocrx_word' id='word_1_884' title='bbox 2288 5477 2433 5532; x_wconf 84' lang='lat' dir='ltr'><strong>videt</strong></span> <span class='ocrx_word' id='word_1_885' title='bbox 2461 5471 2901 5546; x_wconf 59' lang='grc' dir='ltr'>νοόεηῖψευδής</span> <span class='ocrx_word' id='word_1_886' title='bbox 2937 5477 3022 5546; x_wconf 88' lang='lat' dir='ltr'><strong>hic</strong></span> <span class='ocrx_word' id='word_1_887' title='bbox 3055 5471 3294 5546; x_wconf 83' lang='lat' dir='ltr'><strong>suppleri</strong></span> <span class='ocrx_word' id='word_1_888' title='bbox 3327 5473 3546 5546; x_wconf 82' lang='lat' dir='ltr'><strong>debere,</strong></span> 
     </span>
    </p>
   </div>
   <div class='ocr_carea' id='block_1_121' title="bbox 1985 5543 3551 5619">
    <p class='ocr_par' dir='ltr' id='par_1_121' title="bbox 1985 5543 3551 5619">
     <span class='ocr_line' id='line_1_123' title="bbox 1985 5543 3551 5619; baseline -0.004 -19"><span class='ocrx_word' id='word_1_889' title='bbox 1985 5549 2085 5619; x_wconf 87' lang='lat' dir='ltr'><strong>hoc</strong></span> <span class='ocrx_word' id='word_1_890' title='bbox 2124 5550 2278 5600; x_wconf 90' lang='lat' dir='ltr'><strong>modo</strong></span> <span class='ocrx_word' id='word_1_891' title='bbox 2309 5566 2321 5601; x_wconf 94' lang='lat'>:</span> <span class='ocrx_word' id='word_1_892' title='bbox 2364 5548 2564 5619; x_wconf 75' lang='grc' dir='ltr'>ψευδὴς</span> <span class='ocrx_word' id='word_1_893' title='bbox 2603 5543 2738 5616; x_wconf 78' lang='grc' dir='ltr'>αὐτή</span> <span class='ocrx_word' id='word_1_894' title='bbox 2773 5543 2914 5619; x_wconf 34' lang='grc' dir='ltr'>τεὴ-</span> <span class='ocrx_word' id='word_1_895' title='bbox 2943 5543 3199 5619; x_wconf 73' lang='grc' dir='ltr'>ἀλήθεια,</span> <span class='ocrx_word' id='word_1_896' title='bbox 3233 5543 3468 5619; x_wconf 47' lang='lat' dir='ltr'><strong>mendas.</strong></span> <span class='ocrx_word' id='word_1_897' title='bbox 3500 5551 3551 5594; x_wconf 87' lang='lat' dir='ltr'><strong>et</strong></span> 
     </span>
    </p>
   </div>
   <div class='ocr_carea' id='block_1_122' title="bbox 1982 5608 3553 5682">
    <p class='ocr_par' dir='ltr' id='par_1_122' title="bbox 1982 5608 3553 5682">
     <span class='ocr_line' id='line_1_124' title="bbox 1982 5608 3553 5682; baseline -0.003 -15"><span class='ocrx_word' id='word_1_898' title='bbox 1982 5618 2094 5682; x_wconf 82' lang='lat' dir='ltr'><strong>ipsa</strong></span> <span class='ocrx_word' id='word_1_899' title='bbox 2131 5619 2342 5679; x_wconf 80' lang='lat' dir='ltr'><strong>veritas,</strong></span> <span class='ocrx_word' id='word_1_900' title='bbox 2380 5608 2489 5670; x_wconf 74' lang='lat' dir='ltr'><strong>etc.</strong></span> <span class='ocrx_word' id='word_1_901' title='bbox 2521 5608 2680 5670; x_wconf 70' lang='lat' dir='ltr'><strong>&#39;Saue</strong></span> <span class='ocrx_word' id='word_1_902' title='bbox 2717 5608 2820 5669; x_wconf 84' lang='lat' dir='ltr'><strong>non</strong></span> <span class='ocrx_word' id='word_1_903' title='bbox 2867 5608 2936 5669; x_wconf 80' lang='lat' dir='ltr'><strong>ob</strong></span> <span class='ocrx_word' id='word_1_904' title='bbox 2976 5608 3136 5668; x_wconf 82' lang='lat' dir='ltr'><strong>aliam</strong></span> <span class='ocrx_word' id='word_1_905' title='bbox 3185 5627 3402 5682; x_wconf 84' lang='lat' dir='ltr'><strong>causam</strong></span> <span class='ocrx_word' id='word_1_906' title='bbox 3453 5608 3553 5682; x_wconf 74' lang='lat' dir='ltr'><strong>has</strong></span> 
     </span>
    </p>
   </div>
   <div class='ocr_carea' id='block_1_123' title="bbox 1983 5680 3552 5753">
    <p class='ocr_par' dir='ltr' id='par_1_123' title="bbox 1983 5680 3552 5753">
     <span class='ocr_line' id='line_1_125' title="bbox 1983 5680 3552 5753; baseline -0.004 -16"><span class='ocrx_word' id='word_1_907' title='bbox 1983 5680 2116 5739; x_wconf 85' lang='lat' dir='ltr'><strong>duas</strong></span> <span class='ocrx_word' id='word_1_908' title='bbox 2155 5701 2317 5740; x_wconf 88' lang='lat' dir='ltr'><strong>voces</strong></span> <span class='ocrx_word' id='word_1_909' title='bbox 2350 5686 2696 5753; x_wconf 74' lang='lat' dir='ltr'><strong>praztermisit</strong></span> <span class='ocrx_word' id='word_1_910' title='bbox 2729 5685 2978 5749; x_wconf 87' lang='lat' dir='ltr'><strong>Basilius,</strong></span> <span class='ocrx_word' id='word_1_911' title='bbox 3019 5697 3180 5752; x_wconf 89' lang='lat' dir='ltr'><strong>quam</strong></span> <span class='ocrx_word' id='word_1_912' title='bbox 3213 5683 3353 5752; x_wconf 87' lang='lat' dir='ltr'><strong>quod</strong></span> <span class='ocrx_word' id='word_1_913' title='bbox 3383 5680 3552 5750; x_wconf 86' lang='lat' dir='ltr'><strong>impia</strong></span> 
     </span>
    </p>
   </div>
   <div class='ocr_carea' id='block_1_124' title="bbox 1983 5753 3235 5825">
    <p class='ocr_par' dir='ltr' id='par_1_124' title="bbox 1983 5753 3235 5825">
     <span class='ocr_line' id='line_1_126' title="bbox 1983 5753 3235 5825; baseline -0.002 -15"><span class='ocrx_word' id='word_1_914' title='bbox 1983 5755 2228 5810; x_wconf 89' lang='lat' dir='ltr'><strong>Eunomii</strong></span> <span class='ocrx_word' id='word_1_915' title='bbox 2257 5759 2418 5812; x_wconf 83' lang='lat' dir='ltr'><strong>verba</strong></span> <span class='ocrx_word' id='word_1_916' title='bbox 2447 5756 2628 5813; x_wconf 89' lang='lat' dir='ltr'><strong>omnia</strong></span> <span class='ocrx_word' id='word_1_917' title='bbox 2667 5754 2911 5825; x_wconf 85' lang='lat' dir='ltr'><strong>proferre</strong></span> <span class='ocrx_word' id='word_1_918' title='bbox 2941 5753 3235 5810; x_wconf 90' lang='lat' dir='ltr'><strong>horruerit.</strong></span> 
     </span>
    </p>
   </div>
  </div>
