4016 6220
330 341 437 398 555

1429 340 1799 399 ADVERSUS
1835 344 2209 404 EUNOMIUM
2247 347 2377 403 LIB.
2420 348 2461 404 1.

3472 353 3575 411 εει

322 459 381 511 δὲ
416 457 510 510 καὶ
544 458 625 520 τὸ,
650 457 719 509 ἐν
756 456 867 527 (25)
896 455 1101 525 μορφῇ
1131 458 1279 512 Θεοῦ
1301 458 1614 528 ὑπάρχειν,
1641 462 1742 530 τῆς
1762 461 1904 524 θείας

2019 465 2189 531 [arma
2212 462 2312 516 Dei
2335 480 2468 526 esse,
2505 478 2725 533 prorsus
2752 464 2947 520 divina:
2985 467 3302 521 substantiae
3332 473 3573 537 proprie»

323 550 513 611 οὐσίας
544 550 841 622 παρίστησι
872 549 1089 613 πάντως
1114 552 1212 622 τὴν
1250 550 1506 621 ἰδιότητα.
1546 554 1599 604 '0
1640 552 1911 620 ἑωρακὼς

323 640 448 706 ἐμὲ,
479 639 662 709 φησὶν,
694 636 915 705 ἑώρακε
936 640 1041 692 τὸν
1066 638 1318 706 Πατέρα.
1343 635 1508 703 Οὗτος
1530 640 1585 692 δὲ
1613 639 1910 709 ἀλλοτριῶν

324 730 417 782 τοῦ
452 730 665 799 Πατρὸς
692 730 783 782 τὸν
810 730 1108 799 Μονογενῆ,
1141 730 1235 783 καὶ
1276 730 1555 793 παντελῶς
1600 731 1910 801 ἀποσχίζων

325 822 424 892 τῆς
468 821 608 892 πρὸς
644 822 807 874 αὐτὸν
846 821 1146 885 κοινωνίας,
1187 823 1284 893 τὴν
1309 818 1387 875 ’δι’
1410 824 1573 876 αὐτοῦ
1612 829 1909 894 γενομένην

326 917 426 984 τῆς
452 912 704 982 γνώσεως
736 913 939 978 ἄνοδον,
974 914 1034 966 τὸ
1062 914 1185 967 ὅσον
1230 916 1316 967 ἐπ’
1358 914 1506 983 αὐτῷ
1553 914 1685 985 (24),
1723 916 1907 968 διακό-

328 1020 471 1056 πτει.
504 1002 707 1056 Πάντα
739 1003 855 1056 ὅσα
885 1005 1009 1073 ἔχει
1044 1006 1075 1057 ό
1102 1003 1325 1072 Πατὴρ,
1363 1004 1475 1073 ἐμά
1511 1005 1698 1068 ἐστιν,
1733 1006 1761 1057 ὁ
1794 1005 1908 1057 Κύ-

330 1095 442 1166 ριός
467 1112 648 1166 φησιν.
678 1096 939 1166 Εὐνόμιος
971 1096 1028 1148 δὲ
1064 1097 1318 1168 οὐδεμίαν
1355 1097 1502 1164 λέγει
1526 1097 1807 1150 κοινωνίαν
1834 1094 1908 1149 εῖ-

327 1206 413 1242 ναι
441 1188 517 1257 eq.
543 1188 718 1258 Hatp‘t
751 1189 886 1259 πρὸς
918 1190 1008 1242 τὸν
1037 1191 1095 1255 ἐξ
1119 1189 1306 1243 αὐτοῦ.
1328 1190 1461 1252 Καὶ,
1485 1191 1709 1258 Ὥσπερ
1739 1194 1771 1244 ὁ
1798 1194 1909 1244 Πα-

326 1278 437 1347 τὴρ
467 1278 621 1347 ζωὴν
652 1280 775 1348 ἔχει
804 1281 872 1334 ἐν
903 1280 1116 1345 ἑαυτῷ,
1149 1282 1337 1347 οὕτως
1358 1281 1540 1335 ἔδωκε
1569 1283 1663 1335 καὶ
1690 1280 1769 1346 τῷ
1799 1282 1907 1346 Υἱῴ

325 1371 479 1439 ζωὴν
509 1372 673 1441 ἔχειν
702 1375 771 1427 ἐν
791 1373 1003 1438 ἐαυτῷ.
1036 1372 1206 1426 Τοῦτο
1237 1374 1365 1444 παρ’
1396 1372 1561 1425 αὐτοῦ
1591 1373 1907 1443 δεδιδάγμε-

327 1463 393 1516 θα
418 1464 510 1517 τοῦ
550 1466 753 1535 Κυρίου
774 1482 786 1494 ·
824 1465 972 1535 παρά
994 1465 1049 1517 δὲ
1078 1464 1340 1532 Εὐνομίου
1366 1464 1417 1517 τί
1442 1482 1456 1529 ;
1512 1465 1795 1535 Μηδεμίαν
1824 1460 1905 1516 εἴ·

325 1574 413 1609 ναι
452 1557 738 1626 σύγκρισιν
778 1556 855 1627 τῷ
895 1557 1207 1626 γεννηθέντι
1244 1558 1379 1628 πρὸς
1418 1558 1507 1610 τὸν
1545 1558 1901 1627 γεννήσαντα.

324 1649 435 1702 Καὶ
461 1649 816 1713 ἁπαξαπλῶς,
841 1650 929 1703 διὰ
969 1651 1097 1719 μιᾶς
1124 1649 1329 1718 ταύτης
1356 1648 1540 1718 φωνῆς
1563 1651 1779 1720 ἀναιρεῖ
1808 1649 1905 1718 μὲν

322 1742 415 1794 τὸν
444 1742 541 1811 τῆς
578 1743 785 1805 εἰκόνος
818 1742 997 1809 λόγον,
1029 1741 1212 1794 ἀθετεῖ
1231 1741 1287 1793 δὲ
1320 1741 1381 1793 τὸ
1402 1740 1740 1811 ἀπαύγασμα
1766 1736 1904 1793 εἷναι

324 1832 417 1886 καὶ
445 1833 766 1904 χαρακτῆρα
784 1833 885 1902 τῆς
914 1832 1283 1894 ὑποστάσεως.
1315 1830 1452 1884 Οὔτε
1480 1832 1589 1901 γὰρ
1614 1831 1797 1884 εἰκόνα
1817 1831 1906 1883 δυ-
1935 1820 1976 1873 Β

324 1926 481 1977 νατὺν
512 1926 606 1978 τοῦ
645 1926 978 1996 ἀσυγκρίτου
1005 1924 1263 1987 νοεῖσθαι,
1303 1922 1426 1977 οὔτε
1458 1923 1795 1993 ἀπαύγασμα
1828 1919 1903 1975 εἷ-

323 2037 410 2073 ναι
456 2020 550 2073 τού
589 2020 952 2089 ἀκοινωνὴτου
1005 2018 1147 2071 κατά
1190 2017 1290 2087 τὴν
1325 2015 1501 2084 φύσιν.
1550 2014 1639 2084 Τῷ
1671 2014 1727 2066 δὲ
1757 2013 1903 2083 αὐτῷ

322 2112 452 2165 εῖδει
491 2113 652 2165 πάλιν
688 2111 781 2164 τοῦ
815 2111 1187 2181 τεχνάσματος
1222 2108 1491 2178 ἐπιμένει,
1516 2107 1593 2177 τῷ
1623 2107 1903 2177 ἀγεννήτῳ

322 2201 495 2270 λέγων
536 2203 609 2272 μὴ
645 2200 784 2254 εἶναι
830 2201 965 2270 πρὸς
1012 2200 1073 2252 τὸ
1114 2199 1371 2268 γεννητὸν
1414 2197 1732 2268 σύγκρισιν·
1784 2198 1904 2267 οὐχὶ

319 2294 399 2364 τῷ
425 2296 600 2365 Πατρὶ
636 2294 773 2365 πρὸς
805 2294 895 2347 τὸν
924 2292 981 2356 ἐξ
1015 2291 1200 2355 αὐτοῦ,
1236 2292 1321 2343 ἵνα
1348 2291 1524 2361 ἤνπερ
1550 2290 1615 2342 ἂν
1641 2293 1761 2355 ταῖς
1788 2308 1901 2359 φω-

320 2389 439 2450 ναῖς
471 2387 696 2449 ταύταις
719 2386 1071 2456 ὑπάρχουσαν
1099 2382 1375 2436 ἀντίθεσιν
1397 2382 1659 2453 ἐπιδείξῃ,
1699 2382 1903 2453 ταύτην

320 2479 407 2529 ἐπ’
431 2476 604 2547 αὐτῆς
643 2478 741 2540 τῆς
770 2477 958 2539 οὐσίας
986 2475 1080 2527 τοῦ
1121 2473 1332 2544 Πατρὸς
1367 2475 1457 2526 καὶ
1492 2472 1585 2525 τοῦ
1615 2472 1745 2525 Υἱοῦ
1778 2491 1904 2543 μετ-

320 2569 517 2639 ενέγκῃ
528 2610 540 2622 .
1686 2558 1693 2561 ν

392 2661 478 2714 19.
514 2661 700 2721 Ὅπως
725 2657 782 2710 δὲ
821 2656 914 2728 μὴ,
945 2673 1146 2719 πασαις
1174 2656 1336 2709 αὐτοῦ
1380 2657 1904 2721 κατακολουθοῦντες

321 2753 438 2813 ταῖς
474 2748 868 2819 βλασφημίαις,
905 2747 998 2799 καὶ
1031 2746 1259 2800 ἕκαστον
1285 2746 1528 2801 εὐθύνειν
1554 2748 1661 2799 τῶν
1687 2749 1905 2819 είρημέ-

321 2860 426 2893 νων
456 2840 877 2911 ὲπιχειροῦντες,
904 2840 983 2902 είς
1021 2838 1154 2892 πολὺ
1204 2839 1378 2910 μῆκος
1413 2841 1503 2892 τὸν
1532 2840 1687 2905 λόγον
1725 2840 1904 2893 ἐκτεί-

321 2950 499 3003 νωμεν
530 2931 640 3001 (25η)
663 2949 675 2961 ·
699 2933 799 2985 ὅσα
820 2931 917 3002 μὲν
939 2930 1032 2985 καὶ
1055 2930 1344 3002 πρόχειρον
1367 2930 1480 3001 ἔχει
1505 2933 1601 3001 τὴν
1625 2932 1900 2997 ἀσέϐειαν,

320 3023 413 3075 καὶ
459 3022 683 3075 αὐτόθεν
728 3022 934 3091 φανερὰ
983 3024 1095 3085 τοίς
1138 3022 1556 3092 ὲντυγχάνουσίν
1591 3027 1729 3088 ἐστι,
1765 3044 1905 3098 παρ-

2016 564 2181 608 tatem
2205 555 2446 608 exhibet.
2480 554 2583 619 Qui
2608 556 2735 608 vidit
2771 571 2871 619 me,
2899 558 3091 624 inquit,
3131 558 3261 610 vidit
3291 558 3576 615 Patrem“.

2013 644 2111 698 Hic
2132 655 2313 700 autem
2338 646 2568 701 alienum
2594 661 2622 699 a
2665 647 2825 702 Patre
2856 647 3210 718 Unigeuitum
3249 651 3470 716 faciens,
3513 666 3577 706 ac

2011 752 2238 806 prorsus
2284 739 2598 793 rescindens
2631 738 2699 792 ab
2749 740 2865 805 ejus
2911 741 3196 805 societate,
3250 743 3577 811 cognitionis

2011 844 2295 883 ascensum
2324 830 2416 900 qui
2464 845 2562 900 per
2594 831 2767 900 ipsum
2816 831 2895 898 tit,
2942 842 3201 900 quantum
3235 833 3286 887 in
3325 835 3440 903 ipso
3471 845 3573 900 est,

2008 924 2301 981 abscindit.
2341 923 2675 991 Quwcunque
2720 924 2874 979 habet
2920 924 3098 992 Pater,
3152 943 3266 980 mea
3299 937 3442 992 sunt,
3493 928 3577 982 in-

2009 1016 2128 1083 quit
2151 1014 2409 1069 Dominus
2432 1015 2497 1068 ”.
2528 1015 2598 1068 At
2631 1014 2926 1070 Eunomius
2979 1018 3410 1071 communionem
3451 1019 3574 1072 nul-

2008 1106 2112 1160 lam
2141 1121 2260 1162 esse
2292 1110 2368 1160 ait
2402 1108 2546 1162 Patri
2575 1124 2696 1161 cum
2727 1123 2793 1162 eo
2824 1109 2914 1177 qui
2948 1125 3011 1163 ex
3047 1111 3163 1179 ipso
3192 1120 3296 1165 est.
3319 1111 3403 1175 Et,
3428 1109 3573 1166 Sicut

2015 1198 2176 1253 Pater
2204 1200 2261 1252 in
2298 1200 2466 1266 seipse
2498 1200 2656 1253 vitam
2676 1200 2855 1263 habet,
2881 1203 2955 1255 sic
2986 1202 3126 1255 dedit
3155 1212 3205 1256 et
3246 1201 3390 1256 Filio
3413 1205 3572 1256 vitam

2007 1290 2198 1342 habere
2221 1289 2279 1344 in
2307 1291 2583 1359 semetipso
2617 1290 2685 1348 ⁸⁵.
2719 1289 2834 1345 [loc
2865 1308 3051 1345 sumus
3077 1292 3142 1347 ab
3178 1292 3293 1362 ipso
3345 1294 3573 1347 [terniue

2006 1382 2229 1436 edocti:
2278 1382 2347 1436 ab
2390 1381 2656 1437 Eunomia
2711 1397 2840 1437 vero
2888 1383 3052 1451 quid?
3087 1382 3330 1453 Nempe,
3370 1384 3570 1437 nullam

2005 1488 2126 1527 esse
2167 1473 2633 1542 comparationem
2687 1473 2853 1542 geniti
2895 1489 3020 1529 cum
3066 1474 3328 1545 genitore.
3364 1476 3431 1529 Et
3465 1490 3573 1529 uno

2004 1566 2191 1630 verbo,
2231 1574 2288 1618 ut
2318 1566 2573 1635 imaginis
2605 1567 2868 1620 rationem
2904 1567 3004 1623 bac
3031 1568 3190 1622 unica
3242 1583 3377 1623 voce
3410 1568 3568 1632 tollit,

2006 1657 2077 1709 ita
2115 1655 2459 1725 splendorem
2503 1671 2567 1709 ac
2615 1655 2986 1710 characterem
3015 1670 3135 1711 esse
3180 1657 3499 1713 substantia:
3525 1656 3569 1688 ⁹⁷

2007 1757 2187 1817 negat.
2238 1745 2424 1818 Neque
2467 1748 2612 1801 enim
2660 1747 2773 1801 fieri
2820 1756 3015 1815 potest,
3054 1759 3112 1803 ut
3159 1749 3445 1820 imaginem
3492 1752 3572 1804 in—

2010 1840 2217 1909 telligas
2239 1839 2357 1907 ejus
2380 1839 2469 1909 qui
2504 1839 2703 1891 nullam
2740 1838 2903 1893 habet
2940 1842 3429 1911 comparationem,
3477 1858 3567 1896 ne.

2005 1946 2129 1999 que,
2158 1941 2214 1986 ut
2248 1930 2504 2000 splendor
2533 1930 2605 1984 sit
2626 1929 2743 1997 ejus
2774 1930 2867 2000 qui
2899 1932 3101 1986 nullam
3139 1936 3570 1989 communionem

2002 2023 2295 2076 secundum
2317 2033 2568 2077 naturam
2600 2021 2784 2076 habet.
2832 2023 3100 2078 Caeterum
3129 2024 3183 2078 in
3221 2026 3411 2079 eodem
3437 2026 3571 2079 arti-

2005 2115 2113 2170 ficii
2155 2130 2357 2184 genere
2386 2132 2571 2171 rursus
2596 2120 2859 2188 persistit,
2888 2119 3011 2172 dum
3040 2118 3117 2172 ait
3148 2133 3252 2172 non
3282 2132 3403 2172 esse
3426 2133 3573 2172 com-

2003 2206 2338 2274 parationem
2372 2206 2594 2276 ingeniti
2624 2224 2747 2262 eum
2785 2209 3003 2277 genito:
3058 2223 3163 2262 non
3213 2207 3414 2271 Patris,
3447 2222 3570 2261 cum

2004 2314 2071 2354 eo
2097 2300 2188 2368 qui
2230 2314 2298 2353 ex
2339 2300 2459 2371 ipso
2492 2309 2594 2365 est,
2629 2312 2687 2356 ut
2718 2316 2879 2370 quam
2913 2302 2998 2355 bis
3028 2301 3249 2358 vocibus
3281 2302 3454 2354 inesse
3478 2317 3573 2368 op-

2004 2391 2327 2460 positionem
2363 2393 2684 2459 ostenderit,
2710 2407 2829 2447 eam
2864 2392 2918 2447 in
2950 2393 3122 2463 ipsam
3148 2391 3328 2446 Patris
3364 2401 3419 2445 et
3451 2391 3573 2447 Filii

2003 2484 2365 2539 substantiam
2391 2482 2705 2538 transferat.

2076 2663 2160 2719 t9.
2194 2664 2299 2719 Sed
2331 2679 2416 2730 ne,
2449 2664 2494 2719 si
2536 2678 2725 2719 omnes
2758 2664 2927 2733 ipsius
2972 2662 3338 2733 blasphemias
3393 2677 3574 2731 perse-

2004 2771 2253 2825 quamur,
2289 2767 2343 2810 et
2375 2757 2585 2827 singula
2615 2773 2735 2827 qua:
2761 2757 2898 2811 dixit
2938 2756 3221 2811 confutare
3272 2770 3530 2810 conemur
3556 2795 3571 2820 ,

2005 2849 2215 2919 longius
2267 2851 2566 2904 orationem
2600 2850 2979 2919 protrahamus
3009 2866 3023 2903 :
3057 2864 3175 2917 qua:
3207 2849 3425 2917 quidem
3462 2862 3573 2900 ma-

2006 2942 2256 2996 nifestam
2285 2944 2485 2997 habent
2518 2942 2878 3011 impietatem,
2909 2950 2966 2997 et
3009 2955 3105 3008 per
3147 2955 3207 2994 se
3266 2940 3572 3009 legentibus

2007 3042 2209 3103 patent,
2248 3034 2678 3101 praeteribimus;
2706 3048 2824 3102 quae
2846 3049 2974 3089 vero
2998 3034 3179 3101 aliqua
3210 3032 3418 3086 ratione
3441 3046 3575 3100 opus

320 3118 554 3187 ήσομενι
610 3116 645 3170 δι
677 3117 734 3169 δὲ
772 3117 928 3184 λόγου
976 3116 1119 3179 τινὸς
1156 3115 1291 3186 πρὸς
1322 3116 1412 3170 τὸν
1453 3116 1672 3187 ἔλεγχον
1704 3118 1897 3183 δεῖται,

2007 3138 2087 3183 εει
2133 3130 2474 3197 redarguere,
2534 3129 2647 3182 haec
2683 3126 3019 3195 proferemus
3055 3126 3106 3179 in
3151 3126 3408 3180 medium.
3440 3123 3573 3179 Nam

320 3209 492 3262 ταῦτα
543 3209 993 3280 παραθησόμεθα.
1049 3208 1317 3271 Ποικίλως
1359 3207 1468 3279 γὰρ
1520 3209 1580 3260 τὸ
1632 3209 1767 3279 πρὸς
1808 3210 1901 3263 τὸν

321 3301 447 3353 Υἰὸν
481 3299 839 3369 ἀκοινώνητον
873 3301 970 3370 τῆς
996 3299 1089 3352 τοῦ
1113 3299 1327 3369 Πατρὸς
1351 3299 1536 3364 οὐσίας
1557 3300 1899 3353 κατασκευά-

324 3410 440 3455 σας,
469 3393 563 3445 καὶ
585 3392 939 3462 πανταχόθεν,
970 3392 1044 3455 ὡς
1064 3391 1254 3454 οἴεται,
1287 3390 1349 3443 τὸ
1378 3392 1577 3445 ἄτοπον
1604 3392 1897 3457 ἐπιδείέας,

320 3486 515 3552 ἐπάγει
538 3501 550 3514 '

391 3579 551 3630 ΕΥΝ.
585 3579 659 3630 Οὐ
697 3578 805 3647 γὰρ
869 3577 932 3647 δὴ
987 3576 1143 3629 τοῦτο
1185 3576 1250 3629 ἂν
1294 3577 1561 3647 εἴποιμεν,
1599 3578 1674 3640 ὡς
1732 3575 1888 3650 κοινῂ

325 3670 422 3738 μὲν
470 3670 671 3737 ἀμφοῖν
727 3670 760 3739 ή
810 3668 1003 3721 οὐσία’
1046 3668 1197 3733 τάξει
1239 3668 1297 3721 δὲ
1332 3669 1423 3720 καὶ
1458 3672 1568 3731 τοῖς
1602 3670 1666 3721 ἑκ
1708 3668 1898 3739 χρόνου

320 3760 633 3829 πρεσϐείοις
683 3762 711 3813 ὁ
752 3761 853 3831 μὲν
897 3761 1010 3814 ἔστι
1054 3760 1289 3832 πρῶτος.
1339 3764 1367 3813 ὁ
1399 3760 1455 3812 δὲ
1482 3761 1732 3831 δεύτερος
1765 3761 1896 3830 (26).

334 3853 547 3924 Ἐπειδὴ
592 3870 655 3921 γε
696 3854 777 3906 δεῖ
809 3844 1091 3926 προσεῖναι
1121 3856 1178 3907 ἑν
1215 3856 1326 3916 τοῖς
1365 3854 1688 3924 ὑπερέχουσι
1718 3853 1778 3905 τὸ
1804 3854 1897 3923 τῆς

322 3946 596 4015 ὑπεροχῆς
646 3945 814 3998 αἴτιον
842 3965 854 3977 ο
911 3947 971 3999 οὐ
1017 3945 1366 4009 συνέζευκται
1413 3946 1469 3998 δὲ
1510 3949 1577 4016 τῇ
1615 3945 1775 4017 οὐσίᾳ
1806 3944 1898 3998 τοῦ

321 4038 453 4089 Θεού
484 4039 544 4090 οὐ
585 4038 795 4108 χρόνος,
837 4038 936 4092 οὐκ
981 4038 1135 4101 αίὼν,
1176 4039 1237 4091 οὐ
1270 4036 1443 4102 τάξις.
1482 4039 1554 4090 Ἥ
1578 4054 1636 4090 τε
1669 4037 1778 4108 γάρ
1800 4037 1898 4089 τά-

325 4128 404 4191 ξις
437 4130 668 4201 δευτέρα
701 4130 794 4183 τοῦ
822 4130 1139 4193 τάττοντος’
1180 4131 1331 4183 οὐδὲν
1384 4130 1440 4183 δὲ
1481 4130 1592 4183 τῶν
1633 4128 1727 4183 τοῦ
1763 4128 1899 4182 Θεοῦ

326 4220 415 4286 ὑφ’
448 4220 636 4289 ἑτέρου
663 4221 936 4274 τέτακται.
973 4222 1040 4275 "0
1077 4238 1137 4273 τε
1165 4220 1356 4292 χρόνος
1383 4220 1627 4291 ἀστέρων
1661 4219 1790 4272 ποιά
1816 4219 1899 4283 τίς

325 4312 439 4363 ἐστι
484 4312 696 4381 κίνησις
725 4312 837 4383 ('27)
861 4330 877 4344 ο
908 4312 1223 4384 ἀστέρεςέδὲ
1253 4313 1313 4365 οὐ
1341 4313 1441 4382 τῆς
1473 4312 1766 4381 ἀγεννήτου
1803 4310 1898 4381 μό-

325 4417 413 4453 νον
441 4401 626 4463 οὐσίας
666 4402 757 4454 καὶ
782 4403 988 4473 νοητῶν
1017 4404 1297 4469 ἁπάντων,
1330 4404 1465 4457 ἀλλά
1494 4405 1587 4457 καὶ
1610 4403 1717 4456 τῶν
1749 4402 1871 4474 πρῶ

2005 3220 2092 3274 ubi
2118 3220 2285 3274 variis
2326 3219 2500 3274 modis
2527 3218 2885 3274 substantiam
2915 3217 3091 3274 Patris
3111 3216 3248 3272 Filio
3274 3217 3576 3272 incommu-

2006 3311 2293 3365 nicabilem
2344 3325 2468 3367 esse
2498 3310 2809 3373 affirmavit,
2848 3320 2903 3365 et
2948 3309 3333 3378 undecunque,
3378 3316 3437 3361 ut
3470 3306 3575 3363 sibi

2010 3404 2246 3470 videtur,
2282 3404 2539 3473 ineptiam
2568 3403 2825 3470 ostendit,
2853 3402 2965 3457 haec
2987 3402 3229 3472 adjuugit
3260 3420 3275 3457 :

2075 3585 2208 3641 Eun.
2238 3584 2353 3638 Non
2378 3586 2519 3640 enim
2541 3586 2723 3640 dicere
2744 3598 3051 3654 possumus,
3083 3595 3423 3636 communem
3451 3595 3574 3649 qut-

2005 3678 2125 3731 dem
2156 3677 2398 3747 utrisque
2419 3677 2780 3731 substantiam
2813 3689 2954 3739 esse,
2983 3672 3173 3727 ordine
3193 3685 3321 3726 vero
3348 3681 3404 3725 et
3438 3683 3577 3725 tem-

2003 3768 2151 3837 poris
2201 3766 2559 3838 praerogativa
2595 3767 2743 3819 illum
2790 3767 3019 3833 primum
3073 3776 3228 3825 esse,
3266 3761 3408 3816 hunc
3446 3774 3577 3814 vero

2004 3860 2321 3917 secundum.
2343 3859 2618 3927 Siquidem
2648 3866 2797 3911 certe
2824 3857 2876 3910 in
2898 3856 2963 3909 iis
2987 3869 3106 3925 qua:
3128 3862 3411 3923 praestant,
3438 3867 3578 3922 pra:-

2004 3953 2217 4007 stantia:
2267 3966 2486 4007 causam
2537 3952 2715 4005 inesse
2743 3958 3003 4018 oportet;
3049 3946 3367 4003 substantiae
3394 3953 3575 3998 autem

2009 4046 2099 4098 Dei
2133 4060 2238 4099 non
2284 4054 2520 4113 tempus,
2581 4058 2685 4096 non
2729 4057 2926 4106 :evum,
2949 4055 3056 4094 non
3091 4037 3226 4092 ordo
3260 4035 3579 4104 coniunctus

2005 4145 2108 4189 est.
2145 4133 2278 4189 Nam
2311 4144 2367 4188 et
2402 4135 2537 4189 ordo
2562 4132 2850 4187 ordinante
2869 4130 3134 4199 posterior
3158 4136 3279 4194 est,
3310 4140 3408 4180 nec
3429 4123 3582 4195 quid-

2003 4242 2166 4295 quam
2192 4241 2377 4291 eorum
2404 4240 2523 4294 quae
2552 4224 2643 4278 Dei
2678 4232 2821 4288 sunt,
2847 4225 2916 4276 ab
2938 4223 3108 4276 altero
3142 4220 3447 4276 ordinatum
3474 4224 3575 4269 est.

2006 4316 2071 4371 Et
2104 4325 2315 4386 tempus
2334 4316 2554 4384 quidam
2580 4312 2738 4383 231
2760 4320 2839 4366 est
2863 4312 3138 4368 stellarum
3163 4317 3338 4362 motus
3361 4306 3426 4360 ad
3443 4320 3580 4375 qua-

2004 4407 2212 4461 litatem
2243 4406 2520 4475 pertinens
2551 4422 2565 4458 :
2596 4403 2766 4458 stella:
2804 4413 2983 4457 autem
3011 4417 3117 4457 non
3136 4412 3260 4469 post
3286 4397 3577 4469 ingenitam

323 4511 430 4547 των
502 4495 768 4565 σωμάτων
841 4498 1124 4565 γεγόνασιν
1186 4498 1403 4569 ὕστεροι
1456 4497 1588 4566 (28).
1652 4499 1788 4569 Περὶ
1846 4496 1901 4550 δὲ

2007 4498 2177 4552 solum
2211 4498 2573 4551 substantiam
2605 4511 2669 4550 ae
2700 4505 2925 4549 cunctas
2961 4505 3240 4548 creaturas
3273 4488 3578 4556 intelligen-

325 4582 533 4637 αἰώνων
591 4584 643 4636 τί
708 4584 787 4637 δεῖ
840 4587 932 4639 καὶ
995 4588 1208 4655 λέγειν,
1263 4589 1363 4659 τῆς
1420 4588 1642 4659 Γραφῆς
1713 4587 1896 4657 σαφῶς

323 4674 740 4745 διαγορευούσης
764 4716 777 4740 ,

324 4768 456 4821 Θεόν
478 4786 491 4833 ;

851 4676 957 4746 πρὸ
1020 4677 1127 4729 τῶν
1192 4676 1400 4731 αἰώνων
1472 4678 1734 4749 ὑπάρχειν
1801 4677 1897 4729 τὸν

399 4904 445 4935 ⁸⁸
469 4902 627 4958 Joan.
675 4920 786 4970 xw,
821 4905 873 4959 9.
950 4906 997 4937 ⁸⁸
1021 4903 1176 4961 Joan.
1203 4922 1338 4973 xm,
1386 4909 1473 4963 10.
1509 4930 1513 4934 ~
1550 4909 1596 4940 ⁹⁶
1626 4908 1779 4963 Joan.
1811 4925 1862 4971 ν,
1896 4908 1990 4962 26.

395 5028 508 5098 (25)
542 5027 723 5098 Codex
767 5044 905 5081 unus
955 5043 1075 5081 cum
1116 5029 1276 5083 editis
1317 5029 1460 5083 οὕτω
1500 5031 1673 5098 λέγων
1711 5031 1770 5083 τὸ
1817 5033 1893 5083 ὲν.

320 5095 422 5151 Alii
459 5095 567 5167 tres
594 5095 737 5151 οὕτω
777 5098 949 5166 λέγων
982 5100 1058 5152 ὲν.
1103 5099 1340 5167 Denique
1370 5101 1459 5154 alii
1510 5095 1617 5154 tres
1658 5100 1800 5154 οὕτω
1842 5101 1898 5153 δὲ

323 5170 416 5220 καὶ
463 5166 524 5221 τὸ
553 5169 630 5221 ὲν.
664 5168 905 5237 Respicit
936 5167 1169 5223 Basilius
1196 5166 1268 5224 ad
1311 5170 1435 5223 illud
1472 5170 1744 5237 Apostoli:
1789 5171 1895 5235 Qui

322 5254 440 5290 cum
468 5240 521 5291 in
550 5237 723 5306 forma
756 5238 850 5291 Dei
888 5248 1047 5292 esset.
1075 5281 1087 5295 .
1116 5279 1131 5293 .
1157 5279 1167 5293 .
1195 5275 1210 5292 .
1248 5242 1579 5302 semetipsum
1611 5242 1897 5295 exinanivit

321 5310 713 5379 forrmantiserai
743 5310 1023 5373 accipiens,
1052 5308 1286 5379 Philipp.
1316 5325 1375 5377 It,
1405 5310 1459 5374 6,
1488 5312 1540 5364 7.

395 5377 506 5445 (24)
550 5378 692 5450 Editi
741 5377 1346 5450 γενομένην....“.ίὲφ’
1390 5379 1593 5450 ἐαυτῷ.
1642 5382 1709 5434 At
1768 5396 1896 5435 mss.

324 5460 435 5521 tres
479 5457 537 5521 ut
573 5449 635 5521 in
659 5459 933 5521 contextu.
972 5449 1125 5521 Illud
1150 5449 1597 5521 quodsequitur,
1627 5450 1811 5504 ἀθετεῖ
1841 5451 1899 5504 δὲ

327 5515 406 5579 τό,
431 5518 495 5569 ad
513 5519 748 5590 _verbum
779 5515 1277 5588 ittterpretabimur,
1302 5515 1539 5589 reprobat
1569 5522 1895 5590 splendorem

328 5602 442 5659 esse
512 5588 614 5659 hoc
642 5598 750 5651 est,
787 5599 970 5659 negat.

397 5655 508 5732 (‘25)
543 5658 700 5732 pnus
730 5655 1071 5732 codejtuﬂeg.
1112 5662 1193 5723 είς
1222 5661 1358 5732 πολὺ
1402 5661 1661 5732 μήκιστον
1688 5660 1779 5732 τὸν
1808 5661 1895 5714 λόο

339 5726 807 5802 γον-ξκϐάλωμεν,
836 5728 987 5802 Qolb.
1023 5726 1108 5793 εἰς
1160 5731 1295 5784 πολὺ
1351 5726 1523 5802 μῆκος
1562 5732 1671 5784 τῶν
1722 5731 1894 5799 λόγων

328 5796 809 5864 ἐκϐάλωμενξΑιίἱ
844 5800 947 5855 duo
976 5809 1029 5855 et
1072 5802 1198 5857 editi
1250 5803 1325 5857 uti
1352 5796 1424 5857 'iti
1466 5812 1742 5868 contextu,
1790 5796 1891 5857 nisi

2007 4600 2108 4653 tes,
2146 4590 2236 4642 sed
2267 4598 2387 4658 post
2415 4588 2590 4657 prima
2622 4588 2786 4641 etiam
2820 4600 3048 4654 corpora
3094 4583 3253 4637 facta:
3282 4590 3428 4634 sunt.
3456 4576 3576 4631 Jam

2006 4696 2135 4734 vero
2158 4681 2221 4733 de
2247 4681 2461 4735 saeculis
2490 4679 2617 4749 quid
2666 4678 2860 4732 attinet
2909 4678 3110 4740 dicere,
3139 4690 3259 4731 cum
3294 4671 3576 4741 Scriptura

2009 4782 2196 4840 aperte
2220 4771 2533 4839 pronuntiet
2558 4770 2726 4824 Deum
2758 4778 2885 4823 ante
2910 4767 3105 4824 saecula
3128 4765 3286 4822 esse?

2134 4908 2299 4963 Hebr.
2331 4925 2371 4970 ι.
2393 4909 2445 4963 5.

2006 5031 2145 5099 quod
2178 5046 2317 5085 unus
2353 5047 2449 5098 pro
2472 5030 2802 5099 ὲκτείνωμεν
2829 5029 2994 5099 habet
3024 5024 3399 5099 ἐκβάλλωμεν.

2078 5100 2189 5173 (26)
2229 5090 2449 5173 Antiqui
2482 5118 2573 5154 sex
2606 5090 2725 5173 libri
2756 5098 2990 5173 πρῶτος,
3078 5095 3133 5148 δὲ
3164 5090 3409 5164 ὕστερος.
3442 5090 3579 5173 [ζιίῑιί

2005 5179 2059 5243 et
2085 5162 2473 5243 Beg._.quin'tus
2522 5170 2759 5243 πρῶτος,
2802 5162 3235 5243 ὅδὲ-δεύτερος,
3274 5162 3380 5243 nec
3424 5162 3583 5243 aliter

2005 5233 2200 5308 legitur
2230 5233 2283 5295 in
2313 5233 2776 5307 Eunomii'opere,
2805 5238 2946 5308 quod
2978 5240 3029 5308 in
3062 5233 3242 5308 codice
3268 5233 3581 5308 Golbertino

2005 5304 2276 5379 integrum
2310 5311 2604 5365 invenitur.
2630 5304 2755 5364 Mox
2787 5304 2978 5361 vocula
3010 5307 3067 5358 ὲν
3114 5307 3169 5360 in
3212 5304 3420 5360 duobus
3446 5316 3579 5355 mss.

2004 5383 2172 5434 deest.
2200 5392 2254 5434 et
2286 5384 2337 5434 in
2371 5380 2463 5434 illo
2496 5380 2614 5434 inse
2639 5393 2803 5434 onere
2830 5376 3101 5431 Eunomii.

2040 5394 2172 5443 CCSI,
2200 5394 2254 5434 et
2286 5398 2337 5434 In
2371 5394 2463 5434 lllf)
2496 5395 2614 5443 ιβεθ
2639 5394 2803 5443 opere
2830 5394 3101 5431 Ltlllomll.

2075 5395 2172 5443 est,
2200 5395 2254 5434 et
2286 5398 2337 5434 In
2371 5395 2463 5434 tuo
2496 5395 2614 5445 Ipse
2639 5395 2803 5449 opere
2830 5395 3101 5431 Lllllomll.

2075 5450 2184 5524 (27)
2226 5451 2359 5524 Reg.
2411 5452 2599 5505 tertius
2644 5450 2676 5524 ό
2716 5465 2775 5501 τε
2818 5447 3020 5524 χρόνος.
3052 5444 3180 5524 ποιά
3232 5442 3388 5524 τάσις
3432 5440 3582 5524 ἐστὶν

2002 5510 2249 5592 ἀστέρων
2295 5510 2531 5589 κίνησις,
2564 5530 2617 5574 et
2664 5520 2733 5573 ita
2766 5510 2977 5592 quoque
3011 5518 3199 5569 habuit
3234 5516 3405 5592 podex
3456 5510 3582 5592 (Iul—

2000 5581 2243 5646 bertinus
2292 5581 2451 5645 mauu
2493 5581 2704 5661 prima.
2754 5581 2859 5643 Alii
2894 5581 3014 5642 'duo
3058 5603 3187 5640 mss.
3233 5585 3300 5638 "0
3351 5600 3410 5635 τε
3469 5581 3581 5653 γὰρ

2000 5661 2210 5732 χρόνος,
2230 5670 2335 5715 etc.

2073 5731 2187 5798 (‘28)
2230 5732 2367 5785 Editi
2412 5746 2533 5785 cum
2578 5731 2712 5800 Reg.
2754 5728 2974 5800 quinto
3020 5727 3273 5796 γεγόνασι
3312 5723 3574 5794 δεύτεροι.

2003 5802 2103 5855 Alii
2138 5818 2229 5857 scx
2262 5818 2391 5857 tnss.
2422 5799 2707 5871 γεγόνασιν
2738 5799 2977 5870 ὕστεροι.
