4016 6220
510 321 617 378 555

1806 319 1864 376 S.
1905 317 2155 373 BASlLlI
2192 317 2408 374 MAGNI

3634 324 3735 384 556

581 444 708 501 Bas.
749 443 1041 513 Postquam
1077 441 1312 512 sumpsit
1342 442 1445 497 sibi
1475 442 1528 497 in
1557 441 1802 498 oratione
1838 454 1958 512 quae
1981 455 2067 495 vo-

2246 440 2393 496 ΒΑΣ.
2456 442 2817 513 ’Υποθέμενος
2868 443 2979 513 (29)
3029 443 3206 515 ἐαυτῷ
3255 443 3399 498 κατᾶ
3441 444 3535 499 τὸν
3587 445 3739 516 λόγον

509 535 630 599 luit,
649 543 703 591 et
719 550 781 590 ea
810 550 928 604 quae
948 549 1060 589 suae
1081 548 1258 589 causae
1281 534 1683 590 accommodata
1720 541 1845 589 sunt
1870 534 2069 603 posuit,

513 635 625 681 tum
675 627 729 681 in
772 626 1035 681 absurdos
1065 640 1257 682 sensus
1290 627 1467 695 seipse
1495 624 1805 690 detrudens,
1834 625 1960 679 hinc
1982 625 2073 678 de—

511 728 844 772 monstrasse
891 731 958 772 se
997 724 1171 786 putat,
1225 716 1532 772 necessario
1586 716 1892 786 recipienda
1948 729 2072 770 esse

510 810 759 875 dogmata
791 824 910 863 sua.
938 808 1031 863 Ait
1056 809 1200 863 enim
1228 824 1244 863 :
1268 806 1382 864 Hoc
1410 808 1593 864 dicere
1625 822 1730 862 non
1759 820 2069 877 possumus,

509 899 654 966 quod
684 899 991 953 communis
1023 899 1238 968 quidem
1263 900 1334 954 sit
1359 899 1577 969 utrique
1600 896 1901 953 substantia
1928 912 1943 962 ;
1981 909 2073 950 or-

509 987 636 1043 dine
657 1002 807 1053 vero,
841 996 897 1045 et
938 991 1196 1059 temporis
1228 990 1585 1060 praerogativa
1617 989 1707 1043 hic
1738 987 1809 1044 sit
1845 986 2071 1056 primus,

509 1077 598 1134 ille
620 1094 751 1136 vero
779 1083 1072 1137 secundus.
1098 1082 1250 1149 Quod
1276 1080 1322 1136 si
1344 1096 1683 1136 communem
1713 1079 2072 1136 substantiam

508 1170 587 1225 sic
613 1186 642 1224 a
674 1185 735 1226 se
756 1181 1038 1243 acceptam
1089 1173 1310 1239 dixerit,
1342 1182 1401 1226 ut
1421 1174 1707 1243 quamdam
1745 1187 1812 1226 ex
1844 1170 2070 1225 materia

507 1261 657 1331 prius
678 1265 973 1320 exsistente
993 1264 1428 1321 distributionem
1468 1280 1532 1320 ac
1562 1264 1899 1330 divisionem,
1924 1264 1977 1318 in
2009 1278 2070 1318 ea

508 1370 626 1425 qua:
650 1358 718 1412 ab
745 1359 859 1427 ipsa
889 1366 1040 1425 sunt,
1069 1358 1375 1430 intelligat;
1416 1374 1515 1414 nos
1556 1359 1694 1414 hanc
1747 1358 2070 1414 sententiam

511 1460 615 1498 non
643 1460 931 1515 possumus
958 1447 1265 1517 suscipere;
1301 1449 1444 1503 absit
1474 1450 1488 1503 ἰ
1518 1458 1573 1504 et
1601 1448 1691 1519 qui
1732 1449 1835 1503 hoc
1861 1449 2071 1513 dicunt,

509 1535 555 1591 si
586 1536 679 1604 qui
706 1543 858 1605 sunt,
876 1549 974 1593 eos
997 1537 1063 1594 iis
1090 1538 1181 1608 qui
1196 1535 1702 1595 dissimilitudinem
1728 1539 2069 1610 proﬁtentur,

511 1624 787 1695 impietate
836 1627 1126 1684 inferiores
1173 1643 1282 1685 non
1324 1643 1444 1684 esse
1470 1627 1825 1685 allirmamus.
1855 1628 1911 1684 Si
1945 1644 2071 1685 vero

508 1717 631 1786 quis
668 1718 987 1775 substantiae
1014 1720 1453 1775 communionem
1486 1721 1559 1775 ita
1584 1721 1802 1791 accipit,
1828 1730 1885 1776 ut
1909 1737 2069 1776 unam

446 1861 449 1864 ,
508 1814 563 1860 et
586 1808 830 1863 eamdem
856 1809 1063 1865 essendi
1085 1811 1346 1866 rationem
1379 1811 1431 1866 in
1466 1812 1712 1883 utrisque
1737 1813 2063 1879 consideret,

509 1907 569 1953 ut
594 1899 640 1954 si
677 1914 745 1954 ex
779 1900 1064 1973 bypotbesi
1119 1902 1276 1958 Pater
1307 1902 1398 1957 lux
1428 1904 1671 1972 subjecto
1710 1904 2025 1976 intelligitur
2047 1943 2066 1973 ,

510 1993 786 2065 Unigeniti
810 2012 1025 2066 quoque
1076 1996 1371 2052 essentiam
1418 1997 1594 2053 lucem
1629 1998 1980 2066 conﬁteatur;
2013 2008 2069 2054 ct

508 2101 881 2159 quamcunque
896 2076 1016 2158 quis
1027 2086 1230 2143 extendi
1243 2088 1499 2145 rationem
1519 2089 1806 2144 reddiderit
1822 2090 1872 2144 in
1887 2090 2066 2160 Patre,

508 2179 752 2233 eamdem
786 2188 841 2233 et
865 2179 1004 2233 Filio
1027 2179 1401 2234 accommodet
1425 2196 1440 2245 ;
1466 2179 1510 2234 si
1542 2179 1616 2233 ita
1643 2181 1895 2237 essentia:
1921 2197 2070 2237 com-

508 2269 691 2324 munio
739 2269 1022 2339 accipitur,
1074 2269 1430 2338 admittimus,
1470 2280 1633 2342 atque
1670 2271 1774 2328 hoc
1825 2283 2067 2329 nostrum

507 2362 699 2434 dogma
732 2375 849 2416 esse
880 2360 1271 2431 protitebimur.
1306 2360 1441 2416 Nam
1481 2362 1581 2418 hoc
1603 2372 1764 2434 pacto
1795 2373 1850 2420 et
1895 2365 2070 2421 deitas

507 2467 611 2507 una
636 2452 762 2517 erit,
793 2452 1000 2507 unitate
1028 2452 1283 2507 videlicet
1331 2455 1625 2509 secundum
1677 2457 1925 2511 essentia:
1982 2473 2069 2512 ra-

509 2543 709 2598 tionem
730 2543 1021 2609 intellecta,
1042 2543 1174 2598 adeo
1192 2551 1247 2597 ut
1266 2542 1320 2597 in
1337 2557 1563 2601 numero
1577 2546 1793 2615 quidem
1810 2555 1863 2602 et
1877 2548 1928 2602 in
1954 2563 2071 2618 pro-

504 2635 826 2705 prietatibus
856 2644 1147 2703 utrumque
1174 2634 1582 2703 designautibus
1605 2636 1910 2694 differentia
1945 2640 2017 2696 sit
2050 2656 2065 2695 :

506 2729 557 2783 in
586 2726 803 2783 deitatis
823 2740 950 2782 vero
979 2728 1189 2781 ratione
1210 2726 1387 2782 unitas
1416 2728 1810 2786 consideretur.

570 2903 662 2957 ΞΟ.
690 2902 824 2958 Cum
857 2901 1023 2974 igitur
1056 2903 1404 2959 constitutum
1440 2906 1799 2977 sitquomodo
1823 2923 2073 2981 oporteat

504 2994 948 3049 communitatem
1003 2994 1324 3052 substantiae
1378 3000 1573 3068 accipi,
1625 3015 1743 3071 quae
1771 3015 2070 3072 sequuntur

2173 529 2316 602 άπερ
2344 530 2611 597 ἐϐούλετο,
2650 534 2743 587 καὶ
2773 533 2842 587 τὰ
2876 535 3143 588 ἀκόλουθα
3173 535 3352 590 λαϐὼν
3388 539 3507 599 ταῖς
3545 537 3739 591 ὐποθέ-

2174 638 2342 687 σεσιν,
2394 620 2509 678 εἶτα
2566 627 2646 690 εἰς
2697 626 2932 691 ἀτόπους
2987 628 3194 691 ἐννοίας
3255 629 3446 683 ἑαυτὸν
3502 630 3736 697 ἐξωθῶν,

2173 715 2472 784 ἀναγκαίαν
2512 716 2758 772 ἐντεῦθεν
2797 716 2966 771 οἴεται
2992 718 3091 790 τὴν
3117 720 3427 792 παραδοχὴν
3463 720 3568 776 τῶν
3600 721 3740 775 ἰδίων

2170 804 2454 875 δογμάτων
2488 804 2603 876 (50)
2632 805 3017 859 ἐπιδεικνύναι.
3053 807 3191 876 Φησὶ
3230 806 3340 879 γὰρ
3382 809 3485 873 ὅτι,
3540 810 3653 862 Οὐκ
3676 808 3741 861 ἂν

2170 895 2327 950 τοῦτο
2348 897 2614 966 εἰποιμεν,
2649 896 2725 959 ὡς
2758 896 2910 970 κοινὴ
2946 897 3043 967 μὲν
3076 899 3277 969 ἀμφοῖν
3306 900 3339 969 ἡ
3367 899 3554 952 οὐσία·
3589 899 3741 966 τάξει

2171 988 2229 1041 δέ
2258 988 2352 1043 καὶ
2381 990 2495 1052 τοῖς
2529 990 2592 1042 ἐκ
2618 989 2809 1060 χρόνου
2841 989 3147 1061 πρεσϐείοις
3170 990 3198 1042 ό
3233 990 3332 1061 μὲν
3360 990 3477 1044 ἔστι
3504 992 3736 1061 πρῶτος,

2170 1082 2200 1134 ό
2236 1080 2294 1134 δέ
2319 1080 2469 1134 δεύτε
2480 1098 2589 1151 ρος.
2633 1082 2697 1134 Εἰ
2729 1082 2827 1151 μὲν
2854 1076 2947 1135 οὐν
2967 1081 3029 1134 τὸ
3053 1082 3228 1135 κοινὸν
3257 1081 3359 1153 τῆς
3383 1081 3569 1145 οὐσίας
3597 1083 3740 1136 οὕτω

2171 1172 2374 1244 νοήσας
2409 1167 2583 1237 εἶπεν,
2628 1172 2704 1235 ὡς
2733 1172 2791 1239 ἐξ
2819 1171 2950 1245 ὐλης
2980 1173 3441 1246 προϋπαρχούσης
3479 1176 3740 1245 διανομήν

2168 1281 2292 1319 τινα
2333 1264 2427 1319 καὶ
2455 1263 2858 1335 καταδιαίρεσιν
2896 1264 3007 1336 (51)
3050 1267 3131 1329 εἰς
3150 1265 3219 1319 τὰ
3242 1267 3336 1319 ἀπ’
3372 1266 3540 1337 αὐτῆς
3571 1270 3735 1329 νοεῖν,

2169 1353 2279 1409 οὐτ’
2305 1354 2371 1408 ἂν
2412 1355 2567 1408 αὐτοὶ
2613 1355 3046 1426 καταδεξαίμεθα
3092 1355 3193 1428 τὴν
3231 1356 3468 1410 διάνοιαν
3506 1357 3735 1426 ταύτην*

2173 1448 2247 1519 μὴ
2280 1448 2517 1517 γένοιτοί
2546 1446 2641 1500 καὶ
2678 1448 2806 1510 τούς
2850 1447 3129 1516 λέγοντας,
3179 1448 3236 1501 εἴ
3267 1465 3411 1511 τινες
3456 1448 3548 1501 καί
3577 1450 3735 1510 εἰσιν,

2168 1538 2319 1592 οὐδὲν
2342 1538 2560 1593 ἔλαττον
2594 1538 2810 1592 ἀσεϐεῖν
2840 1538 2949 1593 τῶν
2965 1539 3026 1592 τὸ
3047 1540 3296 1612 ἀνόμοιον
3325 1541 3588 1609 λεγόντων
3616 1542 3739 1594 ἀπο-

2170 1628 2471 1702 φαινόμεθα
2488 1648 2501 1661 ·
2534 1632 2583 1685 εἰ
2617 1629 2675 1684 δὲ
2709 1629 2851 1684 οὐτω
2874 1647 2960 1694 τις
2989 1630 3321 1703 ἐκλαμϐάνοι
3348 1631 3408 1685 τὸ
3434 1633 3533 1703 τῆς
3554 1632 3738 1694 οὐσίας

2171 1721 2369 1786 κοινὸν,
2400 1719 2477 1786 ὡς
2507 1721 2598 1775 τὸν
2632 1720 2725 1774 τοῦ
2757 1714 2899 1775 εἶναι
2922 1720 3079 1790 λόγον
3106 1720 3203 1775 Eva.
3229 1721 3439 1775 καὶτὸν
3465 1722 3630 1776 αὐτὸν
3655 1723 3737 1776 ἐπ’

2101 1776 2145 1832 Β
2168 1776 2375 1886 ἀμφοῖν
2399 1776 2743 1886 Θεωρεῖσθαι,
2764 1811 2906 1867 ὥστε
2937 1776 3034 1867 καὶ
3054 1814 3104 1866 εἰ
3134 1811 3256 1867 καθ’
3289 1812 3544 1867 ὑπόθεσιν
3570 1813 3687 1881 φῶς
3712 1814 3739 1866 ὁ

2166 1906 2357 1976 Πατὴρ
2371 1904 2449 1976 τῷ
2461 1904 2802 1976 ὑποκειμένῳ
2814 1903 2927 1974 ('52)
2945 1906 3136 1968 νοοῖτο,
3151 1903 3266 1974 φῶς
3284 1905 3377 1958 καὶ
3390 1905 3487 1975 τὴν
3510 1903 3603 1962 τοῦ
3634 1905 3740 1957 Mo-

2166 1995 2416 2067 νογενούς
2444 1996 2632 2049 οὐσίαν
2656 1993 3050 2065 ὁμολογεῖσθαι,
3082 1995 3175 2048 καὶ
3205 1995 3373 2066 ὅνπερ
3399 1994 3465 2049 ἄν
3485 2012 3569 2057 τις
3603 1997 3738 2049 ἀπο.

2166 2088 2242 2160 δῷ
2287 2089 2380 2142 ἐπὶ
2434 2086 2528 2141 τοῦ
2566 2085 2777 2158 Πατρδς
2811 2084 2904 2138 τὸν
2944 2083 3039 2138 τοῦ
3075 2081 3220 2140 εἶναι»
3251 2084 3428 2157 λόγον,
3459 2086 3551 2140 τὸν
3582 2086 3737 2140 αὐτὸν

2165 2179 2354 2234 τοῦτον
2377 2179 2471 2233 καὶ
2494 2177 2574 2250 τῷ
2595 2176 2710 2248 Υἰῴ
2737 2176 3067 2248 ἐφαρμόζειν
3084 2193 3098 2207 ο
3121 2177 3169 2229 εί
3196 2173 3339 2230 οὓτω
3362 2176 3423 2230 τὸ
3450 2176 3627 2230 κοινὸν
3646 2178 3736 2247 τῆς

2167 2274 2356 2337 οὐσίας
2378 2270 2731 2343 λαμϐάνοιτο,
2758 2267 3054 2338 δεχόμεθα’
3092 2269 3188 2322 καὶ
3215 2268 3482 2339 ἡμέτερον
3515 2264 3654 2322 εἶναι
3681 2270 3736 2321 τὸ

2167 2365 2344 2434 δόγμα
2366 2365 2630 2434 φήσομεν.
2685 2357 2844 2413 Κατὰ
2893 2357 3053 2411 τοῦτο
3105 2357 3213 2431 γὰρ
3253 2359 3348 2411 καὶ
3389 2358 3580 2430 θεότης
3607 2359 3732 2429 μία·

2167 2455 2408 2523 δηλονότι
2444 2451 2585 2506 κατὰ
2614 2450 2706 2505 τὸν
2733 2449 2831 2520 τῆς
2858 2449 3045 2513 οὐσίας
3073 2449 3227 2517 λόγον
3245 2449 3345 2521 τῆς
3372 2449 3621 2520 ὲνότητος
3655 2466 3735 2501 νο-

2167 2547 2426 2617 ουμένης,
2462 2545 2603 2598 ὥστε
2637 2540 2853 2614 ἀριθμῷ
2890 2541 2985 2611 μὲν
3009 2541 3107 2612 τὴν
3130 2541 3390 2613 διαφορὰν
3418 2542 3531 2611 (55)
3563 2540 3733 2611 ὑπάρ-

2167 2657 2304 2712 χειν,
2339 2637 2434 2692 καὶ
2460 2638 2581 2699 ταῖς
2614 2633 2837 2705 ἰδιότησι
2860 2635 2981 2696 ταῖς
3006 2632 3536 2704 χαρακηριζούσαις
3560 2632 3737 2685 ἐκάτε-

2172 2749 2265 2804 ρον
2284 2747 2298 2762 ’
2332 2732 2387 2783 ἐν
2409 2729 2466 2782 δὲ
2491 2726 2569 2798 τῷ
2588 2726 2730 2797 λόγῳ
2755 2725 2852 2797 τῆς
2872 2724 3122 2794 θεότητος
3147 2723 3244 2790 τὴν
3268 2725 3497 2795 ἑνότητα
3525 2724 3736 2796 θεωρεῖ.

2171 2824 2315 2879 σθαι.

2237 2915 2329 2971 ‘20.
2355 2910 2720 2983 Διωρισμένου
2753 2908 2930 2962 τοίνυν
2961 2905 3079 2969 πῶς
3102 2907 3208 2978 χρὴ
3232 2906 3294 2961 τὺ
3313 2907 3488 2960 κοινὸν
3522 2908 3625 2977 τῆς
3647 2908 3734 2960 οὐ·

2171 3006 2293 3069 σίας
2335 2999 2672 3071 ἐκδέχεσθαι,
2718 2996 2786 3050 τὰ
2826 2993 3021 3067 ἐφεξῆς
3056 2993 3417 3064 ἐξετάσωμεν,
3455 2994 3574 3046 τίνα
3616 3010 3735 3045 συν-

502 3086 892 3154 expendamus,
926 3099 1088 3154 quam
1121 3086 1331 3143 scilicet
1360 3089 1591 3145 habeant
1610 3106 1733 3147 cum
1761 3096 2067 3163 praeceden-

2171 3106 2362 3171 ἀφειαν
2387 3096 2500 3166 ἔχει
2534 3091 2672 3163 πρὸς
2699 3089 2767 3143 τὰ
2796 3089 3122 3161 προάγοντα.
3148 3086 3310 3151 Τάξει
3341 3087 3417 3148 δέ,
3459 3088 3611 3156 φησὶ,
3630 3104 3736 3185 ,και

507 3177 649 3232 tibus
677 3177 1093 3235 connexionem.
1115 3177 1317 3235 Ordine
1352 3195 1503 3249 vero,
1529 3182 1727 3252 inquit,
1760 3194 1817 3240 et
1862 3197 2066 3258 tempo-

506 3268 582 3323 ris
615 3270 995 3339 praerogativa,
1027 3269 1118 3325 ille
1149 3271 1352 3339 primus
1372 3281 1476 3340 est,
1502 3274 1592 3330 hic
1615 3277 1904 3335 secundas.
1929 3280 2069 3346 Quid

505 3376 731 3417 necesse
758 3370 840 3416 est
867 3376 930 3416 ea
966 3376 1197 3433 quorum
1242 3368 1548 3421 communis
1588 3375 1673 3422 est
1711 3370 1966 3436 essentia,
2017 3381 2071 3428 et

505 3452 683 3506 ordini
736 3452 947 3521 subjici,
1001 3459 1057 3505 et
1116 3466 1240 3508 esse
1293 3460 1536 3524 tempore
1566 3457 1909 3526 posteriora?
1952 3457 2067 3514 Non

504 3543 648 3595 enim
685 3542 800 3598 ﬁeri
831 3550 1025 3611 potest,
1084 3552 1144 3597 ut
1197 3543 1569 3601 universorum
1606 3548 1747 3604 Deus
1796 3564 1918 3605 cum
1969 3567 2067 3607 sua

508 3635 680 3703 ipsius
713 3634 947 3704 imagine
974 3650 1094 3706 qua:
1120 3636 1257 3690 citra
1309 3637 1570 3706 temporis
1613 3641 1987 3697 accessionem
2013 3643 2071 3697 il-

506 3723 735 3779 lustrata
785 3734 888 3793 est,
939 3726 1008 3780 ab
1051 3734 1254 3782 aeterno
1285 3740 1395 3783 non
1422 3729 1514 3795 sit,
1541 3738 1596 3785 et
1634 3733 2067 3802 conjunctionem

507 3830 612 3869 non
648 3816 849 3872 habeat
897 3831 1004 3871 non
1066 3818 1239 3873 solum
1275 3820 1416 3875 ultra
1467 3831 1732 3893 tempora,
1776 3828 1869 3882 sed
1906 3831 2069 3886 etiam

507 3906 646 3960 ultra
687 3908 866 3962 omnia
892 3907 1112 3966 saecula.
1142 3906 1278 3964 Nam
1326 3910 1532 3967 idcirco
1568 3912 1825 3981 splendor
1861 3918 1907 3951 "
1935 3919 2072 3975 dici-

507 4010 612 4062 tur,
646 4006 704 4053 ut
750 4000 1182 4068 conjunctiouem
1217 4001 1578 4073 intelligamus
1609 4023 1622 4059 :
1654 4015 1710 4062 et
1742 4009 1910 4079 ﬁgura
1940 4012 2068 4067 6th-

504 4088 719 4143 stantiae
737 4089 805 4154 ”,
832 4098 890 4144 ut
911 4090 1522 4147 consubstantialitatem
1538 4094 1928 4161 perdiscamus.
1955 4100 2060 4159 Sed

580 4205 627 4239 ⁸⁸
656 4204 821 4261 Hebr.
862 4222 903 4267 ι,
942 4207 996 4262 5.
1071 4205 1116 4240 ⁹⁹
1154 4206 1284 4263 ibid.

577 4314 686 4387 (~29)
725 4314 902 4389 ll_lud,_
937 4313 1303 4389 ὑποθέμενος,
1347 4314 1712 4389 _sic_roddidit
1747 4318 2015 4389 interpres
2045 4341 2058 4377 :

506 4382 990 4454 Suppesuitprimo
1034 4382 1171 4454 quod
1221 4385 1400 4439 voluit.
1446 4382 1641 4438 Fateor
1675 4382 1906 4454 quidem-
1939 4407 2062 4446 ver-

2159 3198 2275 3258 τοϊς
2319 3192 2384 3244 ἐκ
2413 3187 2610 3260 χρόνου
2644 3177 2950 3253 πρεσϐείαις
2984 3178 3014 3230 ὁ
3061 3176 3159 3247 μὲν
3202 3176 3317 3231 ἐστι
3348 3176 3582 3247 πρῶτος,
3621 3176 3652 3226 ὁ
3682 3174 3735 3227 δὲ

2159 3285 2432 3356 δεύτερος.
2465 3279 2562 3341 Τίς
2590 3279 2624 3347 ἡ
2658 3272 2870 3342 ἀνάγκη
2911 3269 2995 3338 ἐφ’
3021 3261 3095 3322 ὧν
3126 3270 3161 3339 ἡ
3199 3268 3354 3321 οὐσία
3381 3268 3556 3356 ποινὴ,
3586 3267 3735 3330 τάξει

2160 3396 2222 3432 τε
2285 3354 2691 3439 ὐποδεὸλῆσθαι
2735 3362 2931 3428 ταῦτα,
2988 3360 3082 3413 καὶ
3136 3360 3329 3429 χρόνου
3372 3354 3509 3411 εἶναι
3554 3357 3736 3410 δεύτε-

2167 3487 2235 3544 ρα
2265 3467 2412 3540 (54);
2447 3463 2521 3517 Οὐ
2544 3459 2655 3530 γὰρ
2682 3454 2907 3544 δυνατὸν
3024 3451 3218 3544 supra?
3248 3450 3413 3544 εἰκόνι
3442 3450 3555 3544 βξ)

2161 3539 2714 3623 νωςάπαυγασθείσῃ
2753 3546 2846 3599 τὸν
2880 3543 3012 3597 Θεὸν
3042 3541 3152 3595 τῶν
3176 3542 3313 3595 ὅλων
3349 3541 3422 3611 μὴ
3465 3539 3526 3603 ἐξ
3567 3539 3735 3593 ἀϊδίου

2164 3650 2427 3711 συνεῖναι,
2477 3644 2572 3698 καὶ
2623 3640 2696 3712 μὴ
2734 3636 2924 3709 χρόνον
2955 3633 3135 3705 μόνον,
3183 3633 3278 3687 καὶ
3303 3630 3512 3686 αἰώνων
3541 3630 3596 3683 δὲ
3628 3628 3735 3697 (56)

2163 3739 2382 3794 πάντων
2405 3735 2661 3790 ἐπέκεινα
2683 3728 2781 3800 τὴν
2811 3726 3102 3795 συνάφειαν
3132 3722 3298 3793 ἔχειν.
3334 3720 3432 3775 Διὰ
3455 3720 3611 3774 τοῦτο
3631 3720 3737 3790 γάρ

2163 3829 2507 3899 ἀπαύγασμα
2558 3824 2794 3895 εἴρηται,
2833 3819 2922 3872 ἵνα
2961 3817 3022 3870 τὸ
3063 3815 3404 3885 συνημμένον
3438 3814 3737 3882 νοήσωμεν,

2164 3923 2261 3976 καὶ
2289 3916 2576 3992 χαρακτὴρ
2602 3915 2704 3984 τῆς
2735 3909 3103 3971 ὑποστάσεως,
3138 3908 3224 3959 ἵνα
3249 3905 3309 3958 τὸ
3342 3903 3621 3973 ὁμοούσιον
3643 3903 3738 3956 ἐκ·

2170 4012 2550 4085 μανθάνωμεν.
2582 4004 2741 4061 Ἀλλὰ
2762 4004 2858 4057 καὶ
2880 4000 3030 4065 τάξις
3054 4002 3086 4070 ὴ
3117 3999 3214 4069 μὲν
3242 3996 3442 4067 φυσική
3466 3994 3547 4085 τίς
3571 3996 3738 4051 ἐστιν.

2167 4084 2201 4176 ἦ
2233 4105 2292 4159 δὲ
2324 4104 2445 4157 κατ’
2479 4098 2841 4170 ἐπιτήδευσιν.
2879 4092 3085 4171 Φνσικὴ
3135 4089 3254 4160 μὲν,
3300 4088 3375 4151 ὡς
3418 4088 3453 4158 ἡ
3482 4084 3588 4138 τῶν
3622 4100 3740 4137 κτι-

2170 4332 2365 4400 νοῑυεξ
2401 4321 2467 4375 Et
2503 4329 2956 4400 quantumcunque
2991 4318 3182 4386 aliquis
3222 4312 3374 4400 .Patri
3427 4318 3738 4400 attributio-

2172 4409 2309 4455 nem,
2337 4391 2473 4444 hanc
2503 4392 2670 4457 ipsam
2696 4400 2751 4442 et
2772 4386 2913 4441 Filio
2940 4386 3287 4457 accommodet
3308 4401 3328 4439 :
3355 4387 3447 4437 sed
3478 4398 3736 4457 quantum

506 4439 630 4508 liuui
659 4439 1009 4527 ὑποτίθεσθαι
1045 4439 1383 4527 'ttsitutetlici
1420 4469 1516 4523 pro
1545 4469 1611 4527 eo
1651 4439 1912 4525 (ιὶιοιὶἐὲέι
2097 4439 2143 4494 D
3045 4455 3439 4527 Gl'aecispalet.
3471 4439 3622 4521 lllutl,
3646 4456 3741 4527 τὸν

502 4540 691 4591 ponere
716 4541 735 4577 :
765 4527 857 4578 sed
892 4524 1128 4578 arbitror
1173 4524 1260 4578 hic
1299 4526 1436 4594 idem
1478 4524 1832 4594 valere’quod

502 4594 744 4647 alicunde
772 4594 1045 4646 materiam
1078 4591 1361 4647 scribendi.

575 4663 685 4735 (ἔδυ)
726 4663 943 4735 Antiqui
988 4677 1080 4735 sex
1129 4663 1248 4735 libri
1290 4662 1544 4717 τοιούτων
1589 4662 1892 4735 δογμάτων.
1925 4668 2063 4725 Editi

502 4744 556 4788 et
591 4730 719 4800 Reg.
743 4734 961 4800 quintus
986 4730 1093 4784 τῶν
1130 4731 1295 4786 ἰδίων.

575 4801 683 4874 (51)
725 4802 866 4856 Editi
909 4809 965 4856 et
991 4801 1427 4874 _lleg._quintus
1445 4800 1705 4874 διανομήν
1756 4820 1878 4859 τινα
1925 4808 2066 4862 κατὰ

507 4871 787 4943 διαίρεσιν,
821 4885 923 4943 nec
955 4871 1114 4943 aliter
1157 4872 1359 4943 legerat
1392 4871 1704 4937 Carnarius,
1736 4876 1826 4942 qui
1867 4876 1940 4930 ita
1983 4879 2066 4932 iu—

512 4939 836 5008 terpt'etattts
862 4940 971 4994 sit:
1002 4939 1433 5003 Distributionem
1462 4939 2065 5010 quamdam-secundum

509 5013 813 5066 divisionem
839 5010 902 5085 in
928 5027 990 5065 ea
1015 5027 1132 5078 quw
1162 5012 1225 5085 αὐ
1252 5012 1365 5085 ipsa
1391 5013 1717 5085 suntrquod
1748 5014 1876 5080 quid
1907 5018 2065 5085 signi-

509 5084 673 5135 ticare
709 5080 901 5149 possit,
937 5096 1004 5135 ex
1042 5094 1128 5141 eo,
1168 5080 1214 5134 si
1253 5080 1484 5150 viveret,
1524 5080 1698 5136 libens
1741 5080 2059 5150 quaererEm.

505 5152 614 5224 Alii!
642 5152 879 5224 quinque
907 5165 1054 5224 _mss.
1083 5149 1473 5224 διανομὴνικαὶ
1500 5149 1927 5224 καταδιαίρεσιν,
1958 5171 2064 5210 uno

504 5218 690 5287 verbo,
720 5218 876 5276 bene.
907 5218 1040 5292 Reg.
1068 5218 1277 5292 primus
1302 5218 1563 5292 διανομήν
1605 5239 1725 5275 τινα
1757 5218 1866 5276 ’καὶ
1897 5240 2065 5277 κατα-

503 5291 797 5364 διαίρεσιν,
851 5291 1013 5364 paulo
1064 5290 1273 5345 melius.
1329 5290 1606 5363 Hoc‘ipso
1653 5294 1709 5346 in
1760 5293 1879 5348 loco
1929 5295 2060 5364 Reg.

503 5360 974 5434 quat-ttts_évvoeiv.

574 5431 686 5500 (52)
726 5431 857 5484 Cum
898 5446 1001 5483 vox
1048 5430 1405 5501 ὑποκείμενον
1454 5430 1560 5486 late
1594 5440 1792 5499 pateat,
1833 5430 2064 5488 fortasse

508 5502 663 5555 debet
704 5502 805 5553 hoc
851 5501 968 5554 loco
1011 5504 1148 5553 sumi
1196 5516 1293 5568 pro
1338 5502 1453 5566 ipsa
1504 5502 1815 5566 substantia,
1853 5511 1910 5554 ut
1960 5502 2063 5557 hoc

510 5570 648 5624 dicat
676 5570 907 5625 Basilius
933 5584 947 5621 :
975 5568 1036 5623 Si
1070 5570 1230 5624 Pater
1255 5587 1320 5624 ea:
1343 5570 1609 5636 Itypothesi
1639 5571 1944 5641 intelligitur
1969 5572 2063 5624 lux

507 5656 616 5690 esse
658 5642 714 5692 in
749 5655 803 5692 se
835 5648 883 5692 et
923 5642 977 5692 iu
1011 5656 1107 5692 sua
1140 5641 1454 5705 substantia,
1482 5650 1589 5694 etc.
1624 5641 1773 5706 Quod
1810 5656 1930 5694 mox
1976 5657 2061 5695 se-

510 5709 709 5774 quitur,
760 5710 853 5761 καὶ
899 5709 1087 5778 ὅνπερ,
1124 5721 1251 5775 etc.,
1298 5712 1368 5764 ita
1414 5720 1748 5767 converterat
1797 5712 2061 5782 interpres

1862 4545 2069 4586 sumere

2166 4529 2259 4583 τοῦ
2308 4525 2449 4582 εἶναι
2494 4528 2685 4596 λόγον,
2723 4528 2789 4580 ad
2836 4528 3058 4580 verbum
3129 4524 3741 4596 reddidituustessendi

2167 4600 2459 4664 rationem,
2514 4593 2618 4652 non
2674 4595 2867 4651 Latine
2917 4596 3166 4665 quidem,
3214 4596 3308 4649 sed
3360 4593 3742 4660 signiﬁcantis-

2166 4683 2321 4723 Slllle.

2238 4737 2350 4806 ('55)
2383 4735 2497 4793 Vox
2532 4735 2767 4807 διαφορά
2793 4734 3147 4807 dilferen‘tiam
3168 4731 3398 4807 quidem
3428 4733 3739 4807 signiﬁcat:

2164 4802 2258 4863 sed
2290 4802 2413 4860 cum
2445 4802 2648 4861 nomen
2669 4802 2986 4861 d'ilTerentiae
3010 4802 3272 4858 latissime
3306 4811 3506 4869 pateat,
3538 4804 3607 4854 ita
3648 4805 3740 4859 hic

2165 4887 2220 4929 et
2261 4879 2311 4930 in
2347 4876 2613 4947 similibus
2642 4876 2773 4930 locis
2820 4874 3254 4947 restringendutn
3294 4881 3401 4931 est.
3435 4881 3491 4923 ut
3524 4876 3747 4947 proprie

2166 4961 2263 5011 pro
2288 4945 2635 5015 distinctione
2661 4945 2978 5015 accipiatur.
3005 4943 3201 4998 Statim
3232 4953 3362 4993 mss.
3391 4941 3631 4995 nonnulli
3660 4941 3745 5014 τῷ

2162 5015 2304 5085 λόγῳ
2330 5012 2407 5084 τῷ
2429 5015 2552 5085 τῆς.

2235 5079 2632 5158 (δόγᾼιίιίῳιί
2663 5099 2781 5158 ,εει
2834 5082 2953 5158 libri
3011 5096 3130 5135 cum
3179 5079 3415 5158 editione
3464 5079 3743 5158 Veti_._z:ti

2163 5150 2359 5226 χρόνού
2403 5151 2539 5226 εἶναι
2560 5150 2832 5226 Ἀδεύτερα.
2871 5154 3000 5226 ljeg.
3030 5153 3297 5226 secundus
3330 5163 3453 5226 cum
3499 5150 3746 5226 editione

2163 5214 2336 5280 paris.
2362 5225 2457 5278 καὶ
2487 5222 2679 5295 χρόνου
2728 5214 3036 5292 πρεσϐείοις
3086 5218 3222 5273 εἶναι
3260 5215 3509 5295 δεύτερα.
3542 5214 3739 5282 Nemo,

2162 5298 2375 5362 Opinor,
2419 5287 2578 5348 hoino
2625 5308 2729 5346 non
2762 5287 2909 5346 videt
2942 5307 3126 5344 vocem
3155 5287 3490 5362 Απρεσῧείοις.
3527 5301 3592 5340 ex
3616 5306 3740 5362 _su-

2162 5357 2467 5433 perieribus
2521 5364 2734 5417 incaute
2777 5363 3096 5417 accersitam
3146 5357 3335 5420 fuisse,
3383 5367 3435 5410 et
3478 5357 3581 5411 hoc
3615 5358 3740 5414 loco

2164 5435 2346 5498 inepte
2379 5433 2685 5500 repetitam.

2233 5504 2346 5573 (55)
2385 5497 2562 5558 codex
2598 5517 2736 5573 unus
2756 5503 2823 5571 τῇ
2852 5500 2947 5555 ἀπ’
2972 5499 3139 5573 αὐτοῦ
3165 5497 3352 5573 εἰκόνι.

2235 5567 2349 5643 (56)
2391 5573 2618 5643 Codices
2667 5567 2895 5643 aliquot_
2928 5570 3134 5643 plivov,_
3171 5567 3400 5643 αἰώνων
3423 5569 3513 5643 δέ,
3546 5568 3737 5643 ltitiam

2162 5636 2292 5697 mss.
2330 5636 2579 5698 nonnulli
2647 5636 2988 5711 συνήμμένον
3043 5639 3271 5710 νοῶμεν.
3311 5637 3551 5695 Subinde
3602 5636 3738 5707 Reg.

2162 5722 2384 5784 quartus
2417 5716 2511 5767 καὶ
2539 5710 2740 5782 φυσικὴ
2768 5710 2869 5779 μὲν
2899 5710 2991 5772 ὡς.
