4016 6220
349 341 454 396 557

1440 333 1812 390 ADVERSUS
1852 332 2222 390 EUNOMIUM
2261 333 2390 388 LIB.
2433 333 2472 394 1.

3495 331 3598 383 558

352 455 574 525 σμάτων
609 467 748 505 κατα
783 453 908 515 τοὺς
951 452 1374 521 δημιουργικοὺς
1401 452 1592 520 λόγους
1631 454 1931 524 διαταχθεῖ-

2035 466 2090 510 et
2126 456 2260 510 ordo
2289 455 2428 509 alius
2452 455 2717 508 naturalis
2751 461 2854 520 est,
2887 452 3024 506 alius
3064 449 3382 504 artiﬁcialis.
3429 448 3598 504 Natu-

355 562 422 597 σα
456 545 585 611 εὸἹ),
627 542 719 594 καὶ
745 542 820 604 ὼς
845 544 876 611 ὴ
908 541 1014 594 τῶν
1043 542 1360 612 ἀριθμητῶν
1386 544 1497 614 (58)
1535 542 1704 609 θέσις,
1735 545 1827 596 καὶ
1853 543 1928 606 ὼς

349 639 384 707 ἡ
430 636 538 689 τῶν
572 635 760 688 αἰτίων
795 635 932 704 πρὸς
962 633 1030 687 τὰ
1060 635 1276 687 αἰτιατά
1310 637 1515 706 σχέσις.
1553 637 1760 689 ἐκείνου
1797 654 1928 708 προ-

349 725 822 796 διωμολογημένου
853 724 945 777 τοῦ
974 726 1069 777 καὶ
1103 725 1203 795 τῆς
1244 728 1458 793 φύσεως
1493 728 1664 796 αὐτῆς
1697 728 1930 800 ποιητὴν

351 816 490 872 εἶναι
521 818 614 870 καὶ⁹
645 817 974 888 δημιουργὸν
1012 817 1105 870 τὸν
1135 817 1266 869 Θεόν
1289 834 1301 847 ·
1368 818 1828 888 ὲπιτετηδευμένη
1875 820 1931 872 δὲ

349 911 445 963 καὶ
472 909 714 980 τεχνικὴ,
743 909 818 972 ὡς
860 911 893 978 ὴ
924 911 981 962 ἐν
1008 913 1120 973 τοῖς
1150 910 1656 980 κατασκευάσμασι,
1693 912 1786 963 καὶ
1829 927 1933 981 μα-

351 999 578 1070 θήμασι,
618 999 712 1052 καὶ
749 998 1042 1068 ἀξιώμασι,
1091 1000 1183 1052 και
1213 1000 1450 1071 ἀριθμῷ,
1496 1001 1731 1063 καὶτοῖς
1759 1001 1934 1053 τοιού-

350 1107 484 1152 τοις.
516 1091 731 1142 Τούτων
767 1091 946 1143 τοίνυν
973 1091 1033 1143 τὸ
1073 1091 1335 1161 πρότερον
1359 1092 1814 1162 ἀποκρυψάμενος
1847 1088 1934 1146 οῦ-

351 1199 464 1244 τος,
489 1181 582 1232 τοῦ
617 1182 869 1252 δευτέρου
894 1183 1067 1246 εἴδους
1095 1184 1194 1251 τῆς
1220 1181 1425 1246 τάξεως
1457 1183 1797 1255 ἐπεμνήσθη,
1837 1184 1932 1238 καί

354 1293 504 1345 φησι,
538 1275 610 1345 μὴ
651 1278 848 1344 χρῆναι
887 1275 1066 1341 λέγειν
1106 1275 1198 1326 ἐπὶ
1235 1273 1368 1326 Θεοῦ
1413 1274 1583 1339 τάξιν,
1631 1277 1863 1347 ἐπείπερ
1901 1277 1932 1346 ἡ

351 1368 505 1432 τάξις
543 1367 770 1435 δευτέρα
806 1367 924 1418 ἐστὶ
962 1366 1055 1418 τοῦ
1098 1367 1402 1430 τάττοντος.
1459 1368 1665 1420 Ἐκεῖνο
1705 1366 1763 1420 δὲ
1806 1368 1838 1437 ἢ
1873 1368 1932 1419 οὐ

356 1459 610 1521 συνεῖδεν,
667 1459 699 1528 ἢ
760 1457 898 1510 ἑκὼν
933 1458 1309 1528 ἀπεκρύψατο,
1365 1459 1446 1511 ὅτι
1480 1458 1595 1511 ἐστι
1637 1476 1690 1510 τι
1730 1457 1936 1522 τάξεως

353 1546 512 1611 εἶδος,
559 1550 658 1601 οὐκ
707 1552 796 1602 ἐκ*
812 1549 910 1620 τῆς
951 1547 1260 1620 παρ’-ημῶν
1284 1549 1485 1613 θέσεως
1528 1551 1933 1619 συνιστάμενον,

354 1640 467 1692 ἀλλ’
497 1643 631 1712 αὐτῇ
655 1643 721 1710 τῇ
759 1641 896 1693 κατὰ
922 1641 1081 1710 φύσιν
1107 1642 1395 1713 ἀκολουθίᾳ
1419 1642 1732 1710 συμϐαῖνον,
1756 1642 1831 1705 ὡς
1858 1641 1937 1712 τῷ

356 1733 490 1802 πυρὶ
518 1732 651 1804 πρὸς
680 1734 741 1784 τὸ
768 1750 881 1800 φως
918 1736 1032 1785 ἐστι
1066 1733 1126 1786 τὸ
1150 1732 1210 1798 ἐξ
1238 1733 1424 1786 αὑτοῦ.
1460 1735 1548 1787 Ἐν
1583 1734 1792 1796 τούτοις
1823 1734 1930 1804 γὰρ

355 1821 618 1892 πρότερον
657 1823 718 1874 τὸ
755 1823 924 1874 αἴτιον
965 1823 1215 1894 λέγομεν,
1263 1823 1512 1895 δεύτερον
1553 1824 1611 1876 δὲ
1652 1825 1712 1877 τὸ
1744 1825 1801 1888 ἐξ
1835 1825 1932 1876 αὐ-

352 1908 448 1960 τοῦ
497 1910 644 1979 (59)’
697 1911 759 1962 οὑ
813 1910 1140 1982 διαστήματι
1197 1913 1519 1983 χωρίζοντες
1557 1916 1652 1967 ἀπ’
1688 1915 1932 1983 ἀλλήλων

353 1999 548 2061 ταῦτα,
580 2000 715 2054 ἀλλὰ
759 2002 835 2071 τῷ
866 2003 1110 2074 λογισμῷ
1142 2004 1232 2058 τοῦ
1263 2005 1506 2058 αἰτιατοῦ
1550 2006 1933 2076 προεπινοοῦν-

353 2110 445 2155 τες
474 2093 536 2144 τὸ
564 2093 753 2146 αἴτιον.
790 2095 912 2157 Πῶς
952 2092 1044 2148 οῦν
1077 2094 1294 2163 εὔλογον
1324 2095 1603 2166 ἀρνεῖσθαι
1629 2097 1728 2166 τὴν
1757 2097 1928 2162 τάξιν,

353 2185 438 2253 ἐφ’
464 2178 538 2238 ὧν
564 2185 679 2236 ἐστι
713 2186 976 2256 πρότερον
1007 2188 1099 2239 καὶ
1120 2187 1391 2257 δεύτερον,
1425 2189 1484 2239 οὐ
1503 2188 1643 2241 κατά
1668 2187 1766 2258 τὴν
1791 2189 1932 2257 ἡμε-

352 2274 516 2346 τέραν
549 2275 714 2338 θέσιν,
751 2275 865 2327 ἀλλ’
891 2278 954 2329 ἐκ
984 2278 1082 2347 τῆς
1111 2277 1251 2330 κατὰ
1289 2277 1450 2347 φύσιν
1481 2278 1664 2341 αὐτοῖς
1699 2281 1934 2350 ἐνυπαρ-

352 2369 553 2436 χούσης
582 2367 932 2434 ἀκολουθίας
965 2370 1121 2433 Τίνος
1159 2366 1250 2423 οῦν
1284 2371 1469 2423 ἕνεκεν
1499 2370 1684 2422 ἀθετεῖ
1712 2370 1810 2441 τὴν
1839 2373 1933 2424 τάο

353 2458 433 2522 ξιν
462 2460 552 2510 ἐπὶ
572 2460 706 2512 Θεοῦ
731 2460 1132 2530 λαμϐάνεσθαις
1163 2464 1426 2530 Ἡγεῖται,
1447 2464 1493 2514 εί
1517 2462 1627 2530 (ιο)
1649 2463 1932 2528 ἐπιδείξειε

359 2548 624 2618 μηδαμῶς
673 2549 846 2612 ἄλλως
897 2552 957 2604 τὸ
1011 2553 1274 2623 πρότερον
1327 2553 1419 2604 ἐπὶ
1480 2552 1614 2605 Θεοῦ
1673 2554 1932 2619 νοεῖσθαι,

353 2641 674 2710 λειπόμενον
715 2643 876 2708 ἕξειν,
917 2646 1038 2697 κατ’
1072 2645 1241 2714 αὐτὴν
1271 2645 1368 2716 τὴν
1401 2645 1589 2698 οὐσίαν
1637 2647 1735 2716 τὴν
1770 2648 1935 2718 ὑπερ-

353 2735 483 2804 οχὴν
537 2735 937 2788 ἐπιδείκνυσθαι
976 2735 1107 2798 (di).
1152 2737 1343 2806 Ἡμεῖς
1370 2737 1446 2801 δὲ,
1504 2737 1643 2790 κατά
1697 2738 1794 2808 μὲν
1836 2739 1934 2809 τὴν

354 2825 460 2878 τῶν
527 2829 714 2880 αἰτίων
778 2829 915 2900 πρὸς
966 2828 1040 2882 ’τά
1106 2827 1166 2893 ἐξ
1225 2829 1404 2882 αὐτῶν
1471 2830 1674 2899 σχέσιν,
1741 2848 1934 2903 προτε-

353 2916 546 2985 τάχθαι
571 2917 665 2969 τοῦ
699 2918 828 2970 Υἰοῦ
847 2918 938 2972 τὸν
968 2919 1190 2989 Πατέρα
1221 2918 1398 2990 φαμέν
1421 2937 1433 2948 ·
1472 2921 1612 2974 κατὰ
1633 2921 1688 2974 δὲ
1711 2921 1808 2991 τὴν
1837 2923 1934 2991 τῆς

355 3006 568 3074 φύσεως
603 3008 883 3078 διαφορὰν,
933 3009 1136 3075 οὐκέτι,
1189 3010 1308 3063 οὐδὲ
1355 3009 1495 3062 κατά
1540 3011 1638 3082 τὴν
1675 3013 1769 3064 τοῦ
1805 3013 1932 3083 χρό-

2032 550 2161 604 ralis
2181 549 2419 618 quidem,
2443 561 2500 602 ut
2521 557 2915 610 creaturarum,
2933 546 3022 614 qui
3050 559 3115 598 ex
3139 543 3361 598 creandi
3395 543 3602 596 ratione

2031 640 2320 709 dispositus
2348 648 2450 705 est,
2482 646 2536 695 et:
2565 639 2706 692 sicut
2724 636 3134 692 numerabilium
3159 635 3376 705 positio,
3396 645 3450 688 et
3468 649 3598 687 cau-

2031 745 2213 786 sarum
2250 731 2317 784 ad
2351 731 2612 799 producta
2637 730 2893 796 habitus;
2923 743 3044 783 cum
3097 741 3185 782 res
3233 727 3478 780 confessa
3510 726 3602 788 sit,

2035 822 2200 874 Deum
2229 821 2391 875 etiam
2432 820 2600 889 ipsius
2628 829 2837 874 naturae
2865 820 3198 874 conditorem
3233 833 3356 873 esse
3389 827 3442 872 et
3485 818 3598 885 Opi-

2036 912 2212 965 licem.
2246 912 2598 979 Excogitatus
2632 911 2792 980 232
2832 926 2959 964 vero
2983 919 3038 964 et
3063 910 3384 972 artiﬁcialis,
3413 918 3470 961 ut
3494 907 3602 972 ille,

2033 1003 2123 1070 qui
2159 1003 2584 1070 deprehenditur
2635 1003 2684 1055 in
2735 1003 3162 1070 probationibus,
3197 1002 3246 1053 in
3281 1001 3602 1069 disciplinis.

2037 1094 2088 1146 in
2123 1094 2509 1162 dignitatibus,
2544 1093 2598 1147 in
2635 1108 2862 1146 numero
2908 1102 2962 1145 et
3007 1093 3228 1161 reliquis
3273 1092 3602 1162 huiusmodi.

2039 1186 2337 1239 Eunomius
2374 1187 2560 1256 itaque
2591 1187 2784 1241 horum
2835 1188 3017 1256 priore
3046 1187 3342 1251 occultato,
3395 1185 3463 1238 de
3515 1199 3604 1236 se-

2036 1277 2214 1330 cundo
2245 1277 2452 1331 ordinis
2485 1293 2681 1348 genere
2709 1277 2834 1332 fecit
2866 1277 3190 1331 mentionem
3219 1294 3234 1342 ;
3282 1277 3465 1342 aitque
3499 1290 3604 1326 non

2036 1378 2286 1434 oportere
2318 1369 2497 1421 dicere
2530 1368 2582 1420 in
2612 1368 2720 1420 Deo
2748 1367 2994 1419 ordinem
3026 1379 3166 1431 esse,
3201 1364 3454 1433 quoniam
3473 1369 3607 1417 ordn

2038 1460 2325 1512 ordinante
2356 1459 2623 1525 posterior
2668 1466 2771 1514 est.
2816 1458 2946 1511 illud
2979 1473 3108 1512 vero
3130 1467 3221 1510 ant
3252 1471 3355 1510 non
3392 1455 3604 1509 intelle-

2038 1549 2138 1615 xit,
2176 1557 2267 1601 aut
2303 1548 2445 1602 ultro
2473 1548 2733 1610 occuluit,
2754 1549 3021 1616 quoddam
3049 1548 3254 1602 ordinis
3281 1561 3400 1600 esse
3417 1561 3604 1616 genus,

2039 1656 2144 1694 non
2183 1650 2366 1693 nostra
2402 1641 2757 1694 constitutum
2808 1640 3168 1701 ordinatione,
3206 1641 3301 1691 sed
3358 1639 3474 1707 ipsa
3509 1653 3602 1690 ne-

2041 1731 2377 1787 cessitudine
2437 1730 2667 1784 naturali
2721 1731 3064 1796 contingens,
3106 1743 3212 1797 quo
3241 1744 3301 1783 se
3331 1731 3492 1783 modo
3521 1729 3611 1782 ha-

2039 1823 2170 1876 bent
2199 1823 2340 1891 ignis
2368 1831 2422 1874 et
2457 1822 2570 1886 lux,
2595 1836 2714 1889 qua:
2749 1837 2816 1875 ex
2843 1822 2956 1890 ipso
2981 1831 3083 1875 est.
3122 1820 3256 1874 Nam
3301 1820 3352 1873 in
3391 1820 3458 1875 iis
3489 1833 3611 1871 cau-

2039 1929 2152 1968 sam
2191 1915 2425 1982 priorem
2454 1928 2574 1968 esse
2617 1915 2846 1967 dicimus
2876 1933 2889 1968 :
2929 1914 3199 1982 posterius
3229 1927 3357 1968 vero
3389 1913 3440 1967 id
3466 1912 3610 1981 quod

2039 2006 2107 2060 ab
2131 2006 2242 2074 ipsa
2277 2014 2380 2070 est,
2422 2020 2526 2058 non
2581 2005 2866 2060 intervallo
2895 2005 3008 2058 haec
3058 2021 3086 2057 a
3121 2020 3179 2058 se
3209 2005 3437 2057 invicem
3479 2005 3606 2057 diri-

2040 2103 2267 2160 mentes,
2306 2094 2399 2148 sed
2424 2095 2750 2164 cogitatione
2800 2108 3018 2147 causam
3076 2104 3203 2148 ante
3249 2091 3498 2147 ell‘ectum
3530 2094 3612 2145 in-

2041 2184 2361 2256 telligentes.
2393 2185 2640 2251 Quonam
2684 2184 2850 2253 igitur
2906 2194 3063 2252 pacto
3097 2184 3291 2238 rationi
3321 2195 3610 2237 consenta-

2040 2293 2197 2333 neum
2240 2276 2425 2342 fuerit,
2450 2277 2696 2332 ordinem
2727 2277 2778 2330 in
2821 2277 2888 2330 iis
2929 2291 3147 2346 negare,
3187 2277 3241 2329 in
3286 2277 3481 2342 quibus
3529 2284 3613 2328 est

2039 2373 2189 2440 prius
2216 2381 2271 2425 et
2311 2371 2598 2439 posterius,
2633 2384 2738 2424 non
2775 2384 2841 2424 ex
2871 2379 3059 2423 nostra
3096 2367 3472 2438 dispositione,
3515 2368 3608 2420 sed

2040 2478 2108 2515 ex
2142 2460 2376 2514 naturali
2414 2461 2644 2530 quadam
2676 2475 2855 2513 rerum
2891 2458 3325 2513 consecutione?
3365 2457 3476 2513 Cur
3513 2459 3613 2527 igi—

2044 2562 2130 2606 tur
2163 2553 2368 2606 fastidit
2397 2553 2643 2607 ordinem
2691 2553 2744 2605 in
2772 2552 2884 2606 Deo
2907 2550 3234 2605 admittere?
3274 2549 3608 2612 Arbitratur,

2040 2647 2084 2701 si
2114 2646 2416 2700 ostenderit
2442 2660 2546 2699 non
2582 2645 2742 2699 aliter
2767 2645 2917 2714 prius
2958 2644 3012 2697 in
3054 2645 3164 2698 Deo
3199 2644 3445 2713 intelligi,
3483 2645 3609 2698 relic

2040 2753 2205 2806 quum
2240 2752 2298 2791 se
2334 2738 2666 2800 habiturum,
2703 2737 2754 2790 in
2792 2739 2902 2805 ipsa
2923 2736 3446 2792 scil-icetsubstantia
3474 2750 3611 2804 pra:-

2040 2831 2295 2885 stantiam
2327 2831 2713 2888 dcmonstrari.
2737 2828 2847 2884 Nos
2877 2838 3081 2893 autem,
3113 2843 3210 2898 pro
3253 2829 3438 2882 habitu
3475 2843 3609 2880 can-

2040 2938 2223 2978 sarum
2256 2923 2322 2977 ad
2349 2939 2413 2977 ea
2440 2937 2562 2992 quae
2597 2938 2664 2976 ex
2706 2921 2840 2990 ipsis
2869 2931 3017 2985 sunt,
3060 2919 3270 2974 Patrem
3301 2919 3438 2974 Filio
3473 2934 3610 2987 pra:-

2049 3017 2172 3084 poni
2209 3015 2440 3069 dicimus
2474 3034 2486 3068 :
2515 3025 2568 3068 at
2597 3030 2728 3070 vero
2755 3015 3050 3068 secundum
3090 3013 3608 3067 natum-diversita-

355 3115 446 3149 vou
493 3099 801 3170 ὑπεροχήν·
856 3101 887 3170 ἢ
949 3101 1089 3155 οὕτω
1130 3119 1192 3170 γε
1249 3104 1342 3157 κα)⁸
1389 3104 1518 3156 αὐτὸ
1553 3104 1684 3175 (42),
1722 3105 1779 3157 τὸ
1822 3107 1931 3158 Πα-

2041 3117 2170 3172 tem,
2197 3123 2300 3160 non
2337 3107 2485 3172 item,
2512 3122 2683 3177 neque
2702 3108 2996 3162 secundum
3021 3106 3275 3174 temporis
3295 3118 3607 3160 excessum:

355 3191 486 3261 τέρα
543 3186 680 3244 εἶναι
727 3193 826 3264 τὸν
867 3192 1020 3259 Θεὸν,
1079 3194 1433 3266 ἀθετήσομεν,
1487 3198 1584 3266 τῆς
1642 3196 1780 3250 κατά
1831 3198 1932 3269 τὴν

353 3283 539 3336 οὐσίαν
595 3284 1002 3355 ἀλλοτριότητος
1043 3287 1140 3358 τὴν
1188 3287 1422 3359 φυσικὴν
1473 3290 1765 3359 συνάφειαν
1809 3289 1933 3343 ἀθε-

354 3374 573 3444 τούσης.
1067 3445 1076 3455 ο

423 3463 511 3517 21.
555 3466 706 3519 Ἐπεὶ
737 3468 918 3537 μέντοι
956 3469 1316 3541 ἀφορίσασθαι
1343 3474 1473 3544 ἡμῖν
1498 3472 1590 3526 τοῦ
1613 3473 1804 3544 χρόνου
1834 3475 1933 3542 τὴν

355 3558 516 3624 φύσιν
559 3560 588 3610 ό
626 3560 786 3628 σοφὸς
822 3561 889 3613 τά
922 3563 1097 3615 πάντα
1127 3566 1397 3636 προήχθη,
1430 3567 1522 3619 καὶ
1550 3566 1782 3620 ἐνταῦθα
1821 3566 1931 3637 (45)

355 3650 520 3702 αὑτοῦ
566 3650 625 3703 τό
677 3652 891 3720 βέϐαιον
929 3656 1020 3707 καὶ
1047 3657 1518 3727 περιεσκεμμένον
1555 3659 1652 3726 τῆς
1696 3658 1935 3724 διανοίας

357 3741 574 3810 ἴδωμεν.
621 3744 827 3812 Χρόνον
853 3746 1031 3798 τοίνυν
1077 3743 1214 3799 εἷναί
1242 3765 1374 3818 φησι
1405 3751 1563 3802 ποιάν
1579 3767 1700 3803 τινα
1721 3751 1934 3821 κίνησιν

354 3834 634 3904 ἀστέρων⁸
669 3836 816 3907 ἡλίου
859 3837 1098 3908 δηλονότι
1144 3841 1238 3893 καὶ
1283 3841 1513 3912 σελήνης
1563 3844 1657 3894 καὶ
1693 3843 1802 3895 τῶν
1831 3844 1939 3897 λοι·

353 3925 492 3989 πῶν,
531 3928 674 3992 ὅσοις
721 3929 842 3982 καθ’
873 3931 1042 3984 ἑαυτά
1073 3932 1184 4001 (44)
1233 3932 1496 3985 κινεῖσθαι
1530 3934 1758 4004 δύναμίς
1794 3939 1928 3992 ἐστι,

353 4016 427 4069 Τὸ
464 4017 640 4072 τοίνυν
674 4020 782 4072 ἀπὸ
819 4021 1084 4088 γενέσεως
1120 4021 1350 4092 οὐρανοῦ
1381 4023 1474 4074 καὶ
1505 4023 1608 4092 γῆς
1646 4025 1807 4094 μέχρι
1834 4026 1933 4095 τῆς

430 4221 718 4295 (37)_Editi
749 4221 938 4290 λόγους
967 4223 1247 4294 ταχθεῖσα.
1287 4225 1510 4281 Veteres
1535 4226 1773 4295 quinque
1817 4227 1938 4281 libri

357 4290 725 4350 διαταχθεῖσα.

425 4359 796 4436 (§S)_Antiq_ui
844 4361 950 4415 duo
1002 4363 1269 4436 libriﬂ'r‘oﬁ
1311 4366 1574 4436 ἀριθμοῦ.
1624 4364 1777 4436 Alius
1830 4364 1935 4418 τῶν

359 4427 630 4508 ἀριθμῶνζ
660 4430 761 4481 Alii
793 4439 903 4508 tres
932 4448 1055 4508 cum_
1083 4435 1242 4508 editis
1274 4427 1753 4508 τῶν-ἀριθμητῶν.

433 4498 544 4575 (59)
595 4499 726 4566 Reg.
774 4502 965 4575 tertius
1007 4500 1200 4575 τὸάπ³
1245 4498 1770 4573 αὐτοῦ.ἈΙίιιῖιειιιιο
1817 4517 1934 4575 post

361 4571 528 4644 code}
561 4585 698 4644 unus
724 4569 985 4644 πρότερον
1019 4574 1112 4644 καὶ
1143 4573 1365 4644 ὕστερον
1395 4577 1455 4628 οὐ
1489 4569 1648 4630 κατὰ.

427 4637 957 4720 (ιξθ).11ί8,“ἡγεῖται,
989 4637 1476 4720 ei,_etc.,_.poss_n_nt
1528 4645 1776 4700 fortassis
1801 4647 1932 4720 hoc

356 4710 516 4762 modo
559 4709 778 4783 intelligi
809 4725 822 4762 :
856 4710 1152 4783 Ennomins
1191 4709 1291 4765 sibi
1342 4716 1553 4768 videtur
1597 4717 1930 4783 propositum

355 4788 648 4853 assecutus
680 4778 878 4853 f_uisse,_
904 4780 951 4853 si
990 4782 1336 4848 probaverit,
1384 4778 1641 4853 quidquid
1678 4778 1827 4852 prius
1878 4786 1930 4838 iu

356 4847 466 4900 Deo
496 4849 817 4914 concipitur,
867 4849 918 4921 id
955 4847 1441 4921 necessarioprins
1476 4847 1596 4909 esse
1631 4847 1691 4908 et
1713 4869 1848 4914 aevo,
1879 4865 1933 4906 et

358 4929 628 4985 tempore,
671 4927 725 4971 et
771 4920 979 4977 ordine.
1037 4921 1142 4974 Sed
1194 4920 1307 4976 falli
1357 4938 1478 4976 eum
1527 4933 1759 4978 constat.
1815 4925 1928 4978 Etsi

355 4989 498 5039 enim
533 4987 700 5041 Filius
729 4989 939 5041 dicatur
974 4991 1244 5057 posterior
1277 5007 1399 5047 esse
1426 4995 1638 5055 ordine,
1671 4994 1796 5046 inde
1822 5009 1928 5047 non

353 5057 585 5131 ellicitur
620 5073 740 5111 eum
778 5067 871 5110 aut
904 5060 1052 5113 Patri
1086 5076 1204 5115 esse
1234 5063 1574 5128 dissimilem,
1605 5073 1697 5116 aut
1730 5077 1795 5116 eo
1836 5080 1931 5131 po-

353 5130 637 5262 steriorengt
667 5143 785 5181 esse
811 5139 967 5183 aetate
991 5137 1047 5184 et
1073 5140 1332 5200 tempore.
1361 5133 1494 5202 Reg.
1521 5135 1710 5188 tertius
1732 5130 1927 5200 οἴεται,

353 5213 400 5250 ει
430 5213 602 5250 επιοει
640 5213 736 5250 ειε.

352 5213 400 5250 ει
430 5213 736 5250 επιοειεειε.

575 5267 926 5354 ξριίςξκ“ιιη”ιιε
950 5269 1225 5342 ὑπεροχὴν
1251 5270 1591 5354 θεωρεῖσθαι.

420 5335 533 5410 (4⁵2)
574 5337 726 5410 lllt_t_d,
755 5337 788 5406 ἢ
819 5337 959 5391 οὕτω
985 5335 1073 5407 γε,
1100 5335 1233 5402 οἷό..
1258 5344 1336 5395 sic
1364 5335 1750 5410 interpretatur
1775 5341 1928 5397 Corn-

355 5402 600 5470 Lelisius,
630 5402 935 5475 Hom-quod
969 5402 1241 5464 est’Deum
1276 5410 1489 5465 Patrem
1507 5402 1650 5476 ἐσσε,
1693 5413 1928 5466 destrue-

348 5494 489 5530 mus.
519 5478 578 5531 In
612 5491 718 5545 quo
748 5480 964 5545 quidem
999 5482 1476 5547 reprehendendus
1512 5498 1616 5536 non
1645 5491 1749 5546 est,
1783 5486 1924 5550 quod

349 5562 462 5620 rem
495 5563 599 5620 non
625 5550 962 5620 expresserit
993 5568 1006 5604 :
1040 5551 1158 5614 sed,
1199 5551 1342 5620 quod
1373 5551 1584 5608 locutus
1628 5553 1700 5606 sit
1749 5556 1927 5608 minus

347 5614 556 5682 Latine,
589 5616 638 5670 id
672 5627 773 5681 est,
800 5631 898 5671 suo
929 5634 1100 5674 more.

421 5687 532 5757 (45)
566 5687 787 5764 Editi-et
816 5688 950 5764 Reg.
973 5690 1192 5758 quintus
1218 5691 1314 5746 καὶ
1343 5690 1612 5748 ἐντεῦθεν.
1642 5693 1743 5749 Alii
1775 5694 1926 5764 quin-

349 5772 454 5823 que
487 5773 614 5814 mss.
641 5757 734 5811 καὶ
762 5757 1018 5818 ἐνταῦθα.

2038 3199 2273 3268 alioquin
2307 3199 2410 3253 hoc
2444 3209 2604 3269 pacto
2651 3199 2814 3253 etiam
2847 3197 3012 3252 Deum
3056 3195 3270 3249 Patrem
3302 3209 3421 3248 esse
3449 3208 3610 3263 nega-

2037 3292 2254 3359 bimus;
2317 3307 2443 3346 cum
2498 3291 2757 3345 alienatio
2786 3305 2904 3358 quae
2935 3292 2986 3343 in
3020 3289 3256 3342 essentia
3293 3288 3560 3356 reperitur
3591 3326 3606 3351 ,

2039 3384 2475 3454 coniunctionem
2510 3384 2810 3438 naturalem
2846 3382 3078 3436 aboleat.

2108 3475 2199 3529 21.
2229 3476 2332 3529 Sed
2361 3475 2613 3545 quoniam
2639 3475 2744 3530 huc
2774 3474 2861 3527 ille
2892 3474 2944 3526 in
2969 3471 3218 3528 omnibus
3241 3470 3457 3540 sapiens
3490 3484 3609 3538 pro-

2044 3580 2267 3638 grcSSus
2295 3577 2400 3630 est,
2438 3567 2596 3621 nobis
2629 3574 2686 3620 ut
2705 3566 2957 3620 deﬁniret
2978 3563 3235 3633 temporis
3255 3571 3524 3626 naturam,
3552 3572 3608 3613 et

2035 3662 2120 3715 hic
2157 3646 2534 3730 quam'ﬁrma,
2570 3675 2731 3730 quam
2771 3661 3163 3727 circumspecta
3189 3657 3258 3710 sit
3293 3669 3447 3708 mens
3467 3654 3603 3724 ejus,

2032 3754 2331 3808 videamus.
2363 3751 2600 3822 Tempus
2615 3767 2744 3821 ergo
2770 3762 2976 3805 certum
3011 3749 3298 3818 quemdam
3329 3744 3604 3803 stciiarum

2034 3858 2239 3901 motum
2274 3861 2394 3901 esse
2415 3845 2567 3911 dicit,
2610 3844 2739 3899 solis
2761 3843 3011 3898 videlicet
3039 3852 3094 3898 et
3119 3844 3257 3895 luna:
3281 3856 3344 3894 ac
3376 3840 3607 3909 reliqua-

2039 3953 2181 4000 rum,
2220 3937 2417 4006 quibus
2458 3937 2600 3991 inest
2656 3951 2766 4004 qtta
2813 3951 2911 4004 per
2963 3950 3022 3988 se
3057 3942 3395 3988 moveantur.
3437 3929 3608 3983 inter-

2039 4029 2238 4084 vallum
2281 4030 2446 4100 igitur
2475 4028 2620 4097 quod
2652 4029 2718 4082 ab
2744 4028 2952 4096 origine
2981 4025 3172 4080 cteliet
3192 4033 3350 4079 terra:
3383 4021 3450 4076 ad
3474 4021 3604 4075 stel-

2117 4226 2228 4307 (44)
2269 4227 2409 4307 Editi
2433 4243 2554 4307 cum
2589 4227 2716 4307 [ξος.
2745 4227 2978 4307 secundo
3007 4226 3150 4307 ὅσοις
3175 4225 3231 4276 ἐν
3258 4221 3436 4307 ἄλλοις
3467 4222 3609 4307 κατὰ

2045 4292 2251 4351 τούτων
2286 4297 2409 4351 καθ’
2455 4297 2625 4350 ἑαυτά
2651 4292 2682 4350 τ’
2702 4299 2841 4365 quod
2871 4297 2998 4365 quin
3046 4297 3296 4349 vitiosum
3326 4295 3417 4358 sit,
3449 4292 3607 4365 dubi-

2046 4371 2147 4420 tari
2183 4385 2286 4421 non
2335 4377 2528 4434 potest.
2577 4368 2640 4419 Et
2685 4361 2833 4421 certe
2883 4361 3211 4427 hominibus,
3250 4365 3339 4430 qui
3388 4361 3606 4434 paulum

2045 4440 2204 4490 modo
2232 4441 2284 4490 in
2318 4431 2418 4490 hoc
2447 4437 2743 4491 studiorum
2777 4451 2972 4502 genere
2999 4436 3196 4488 versati
3227 4443 3376 4495 sunt,
3406 4431 3606 4502 erroris

1968 4483 2011 4535 θ
2040 4522 2260 4561 causam
2291 4507 2544 4575 detegere
2573 4483 2804 4558 difﬁcile"
2825 4521 2930 4558 non
2959 4514 3060 4557 est.
3089 4503 3314 4556 Cazcutit
3342 4483 3603 4575 eninrqni

2037 4593 2144 4630 non
2178 4577 2324 4628 videt
2369 4569 2611 4628 ervrorem
2645 4576 2770 4627 hinc
2803 4585 3050 4626 exortum
3090 4587 3230 4635 esse,
3264 4570 3405 4638 quod
3445 4569 3607 4621 libra-

2035 4647 2148 4700 rius
2189 4646 2382 4713 aliquis
2414 4647 2520 4705 illa,
2550 4645 2610 4697 ὲν
2643 4643 2823 4706 ἄλλοις
2868 4643 3010 4696 κατά
3048 4642 3272 4704 τούτων,
3305 4641 3354 4692 in
3386 4654 3479 4692 ora
3523 4640 3603 4713 sui

2035 4715 2158 4768 lihri
2181 4707 2507 4784 scripsisset,
2525 4725 2581 4767 ut
2606 4713 3058 4784 monerenturqui
3087 4715 3344 4784 legerent,
3361 4724 3458 4776 pro
3479 4707 3604 4761 καθ’

2037 4785 2204 4838 ἑαυτά
2251 4781 2508 4852 scriptum
2555 4784 2783 4837 inveniri
2830 4783 2881 4836 in
2917 4782 3038 4836 aliis
3076 4781 3395 4852 quibusdam
3425 4793 3606 4830 excin-

2035 4855 2275 4922 plaribus
2311 4851 2452 4906 κατὰ
2499 4853 2703 4905 τούτων
2733 4868 2747 4906 :
2781 4867 2845 4906 ex
2883 4867 2989 4919 quo
3029 4851 3281 4922 contigit,
3328 4858 3389 4922 ut_
3434 4857 3602 4900 totum

2037 4918 2188 4988 illud,
2221 4927 2278 4977 ὲν
2311 4923 2491 4989 ἄλλοις
2525 4923 2666 4977 κατὰ
2705 4918 2930 4985 τούτων,
2971 4936 3035 4975 ex
3083 4918 3203 4974 libri
3251 4934 3345 4972 ora
3377 4918 3428 4970 in
3477 4933 3605 4970 ron-

2035 5001 2238 5049 textunt
2289 4993 2591 5062 irrepserit.
2622 4993 2981 5047 Combelisius
3013 4991 3123 5044 vitii
3161 4990 3360 5062 aliquid
3406 4989 3456 5039 in
3501 4989 3603 5062 int-_

2033 5065 2239 5133 pressis
2271 5058 2423 5117 libris
2461 5066 2686 5119 subesse
2733 5064 3186 5133 animadverterat
3218 5058 3605 5133 quidemng‘sed

2033 5125 2158 5187 dum
2214 5135 2357 5187 hunc
2408 5133 2583 5187 locum
2631 5135 2704 5185 ita
2752 5132 3088 5193 emendavit,
3137 5125 3281 5191 ὅσοις
3324 5127 3390 5180 ἂν
3425 5125 3606 5189 ἄλλοις

2032 5203 2174 5257 κατὰ
2217 5203 2440 5266 τούτους
2478 5202 2598 5256 καθ’
2628 5202 2816 5266 ἑαυτά,
2852 5203 3022 5269 magis
3068 5200 3228 5253 etiam
3258 5213 3379 5251 etim
3413 5213 3604 5269 corru-

2031 5277 2130 5342 plt.
2159 5273 2282 5327 Haec
2310 5287 2487 5327 autem
2519 5284 2685 5338 recte,
2717 5285 2774 5324 ut
2807 5267 3046 5338 putabat,
3076 5269 3356 5342 emendata
3389 5267 3606 5342 sic_ver-

2032 5337 2176 5398 ierat
2203 5363 2219 5403 ξ
2251 5344 2308 5398 Si
2341 5359 2458 5413 qua:
2488 5343 2609 5395 alite
2643 5337 3021 5410 sunt,’quibus
3058 5349 3114 5413 at
3159 5339 3264 5400 Itis,
3307 5351 3430 5413 ause
3474 5337 3602 5413 ipsis

2029 5429 2200 5468 motus
2233 5415 2308 5480 vis
2353 5405 2616 5478 competit.
2655 5405 2880 5466 Codices
2916 5422 3028 5480 tres
3061 5409 3207 5470 ὅσοις
3256 5405 3379 5460 καθ’
3409 5405 3598 5480 έαυτᾴ.

2027 5484 2134 5538 Alii
2175 5477 2394 5537 totidem
2448 5477 2594 5544 ὅσοις
2645 5482 2764 5535 καθ’
2808 5478 3053 5542 ἑαυτούς.
3105 5480 3267 5532 Certe
3319 5487 3438 5544 utro
3481 5477 3603 5542 quis

2029 5555 2188 5608 modo
2219 5552 2433 5620 legerit,
2481 5543 2829 5620 peccaturum
2865 5566 2986 5602 eum
3038 5563 3144 5620 non
3172 5556 3363 5620 Aputo._
3396 5543 3500 5599 Sed
3524 5613 3534 5620 _
3557 5562 3600 5598 SI

2027 5623 2175 5691 legas
2214 5613 2336 5676 κᾶθ’
2359 5613 2570 5692 ἑαυτά,
2614 5622 2802 5692 supple
2844 5620 3019 5690 ἄστρα
3047 5637 3060 5674 :
3092 5618 3137 5674 si
3171 5613 3316 5688 legas
3346 5613 3600 5684 ἑαυτούς,

2027 5695 2213 5765 supple
2241 5691 2494 5764 ἀστέρας.
