4016 6220
476 334 584 393 559
1788 334 1849 390 S.
1895 334 1978 389 BA
1987 332 2140 390 SlLll
2179 330 2398 389 MAGNI
3616 320 3722 376 560

473 446 647 500 larum
671 459 842 516 usque
877 445 1209 501 creationem
1256 446 1583 511 intercessit,
1628 448 1884 516 quidnam
1922 464 2040 515 esse

2160 449 2415 517 ποιήσεως
2442 460 2553 496 των
2577 445 2823 513 ἀστέρων
2852 439 3125 510 διάστημα
3152 452 3204 491 τι
3231 453 3360 521 ποτε
3391 436 3498 509 άρα
3524 429 3666 488 εἶναι
3694 435 3725 486 ό

475 538 728 590 decernet
754 536 987 590 eximius
1018 536 1106 591 ille
1132 552 1312 591 rerum
1357 537 1665 593 sublimium
1694 540 2040 609 speculator?

472 626 608 680 Nam
642 625 729 694 qui
761 628 943 682 mundi
963 628 1292 682 creationem
1314 629 1513 683 virtute
1546 629 1779 699 Spiritus
1803 631 2043 686 conscri-

474 717 606 786 psit,
635 731 831 787 magna
879 717 967 772 illa
1015 718 1306 773 luminaria
1354 729 1411 775 et
1460 720 1699 789 reliquas
1738 722 1924 777 stellas
1955 723 2042 777 die

475 816 674 876 quarta
716 810 1013 879 productas
1045 825 1166 867 esse
1193 813 1476 880 perspicue
1510 824 1698 869 narrat
1725 816 1765 870 ¹.
1810 813 2043 884 Tempus

476 899 661 969 igitur,
703 909 762 953 ut
806 901 997 970 liquet,
1048 900 1102 956 in
1159 903 1429 970 prioribus
1478 904 1670 959 diebus
1698 918 2040 974 nequaquam

477 1002 638 1045 erat:
680 990 943 1060 siquidem
991 995 1226 1047 nondum
1261 996 1620 1051 movebantur
1670 994 1864 1051 stellas.
1898 994 2042 1063 Quo-

480 1082 640 1139 modo
665 1084 811 1138 enim
850 1083 900 1137 id
935 1083 1053 1138 lieri
1079 1085 1366 1153 potuisset,
1403 1102 1525 1142 cum
1562 1102 1630 1140 ne
1665 1087 1896 1143 conditae
1924 1088 2045 1158 qui-

476 1174 599 1228 dem
637 1173 866 1229 fuissent
889 1176 1084 1230 initio?
1117 1176 1182 1231 Et
1202 1177 1423 1242 iterum,
1454 1192 1578 1232 cum
1597 1175 1756 1233 Jesus
1784 1177 1929 1232 Nave
1951 1178 2047 1232 ad-

476 1279 665 1319 versus
692 1263 1026 1321 Gabaonitas
1064 1276 1345 1337 pugnaret,
1375 1270 1628 1339 quoniam
1663 1270 1747 1325 sol
1777 1276 2045 1339 prmcepto

478 1355 675 1425 ligatus
706 1359 958 1413 manebat
987 1358 1295 1423 immobilis,
1325 1375 1388 1414 ac
1416 1359 1538 1414 luna
1566 1358 1620 1413 in
1648 1359 1765 1415 loco
1791 1359 1968 1414 stabat
2000 1363 2042 1423 ',

480 1456 691 1516 tempus
720 1457 849 1502 tunc
875 1462 980 1502 non
1012 1449 1171 1503 erat?
1201 1449 1483 1515 Quodnam
1516 1449 1682 1519 igitur
1731 1465 1924 1505 nomen
1970 1449 2044 1503 illi

479 1536 584 1591 diei
612 1537 787 1607 spatio
813 1539 1202 1607 imponemus?
1260 1556 1422 1611 quam
1474 1535 1814 1613 excogitabis
1865 1541 2048 1610 appel-

477 1627 731 1683 lationem
774 1629 800 1682 ‘l
832 1628 1045 1685 Etenim
1097 1631 1143 1686 si
1191 1633 1450 1702 temporis
1505 1632 1775 1688 deiecerat
1822 1642 2046 1699 natura,

478 1734 650 1774 aevum
699 1722 882 1791 utique
926 1725 975 1777 ei
1019 1724 1301 1779 successit.
1337 1725 1406 1778 At
1445 1740 1616 1779 aevum
1656 1725 1907 1795 exiguam
1941 1725 2047 1780 diei

2140 539 2314 600 δεινὸς
2341 536 2408 589 τὰ
2441 533 2691 605 μετέωρα
2718 527 2871 595 οὗτος
2897 532 3288 600 ἀποφανεῖται;
3326 526 3520 596 Σαφῶς
3551 526 3666 598 γὰρ
3696 528 3725 578 6

2140 628 2237 699 τὴν
2266 624 2623 697 κοσμογονίαν
2653 624 2764 695 (45)
2793 626 2861 694 τῇ
2882 623 3108 693 δυνάμει
3136 622 3231 675 τοῦ
3264 619 3575 690 Πνεύματος
3597 618 3728 671 ἁνα-

2140 720 2361 792 γράψας
2402 720 2466 789 τῇ
2503 717 2739 788 τετάρτῃ
2764 715 2948 787 ἡμέρᾳ
2975 716 3100 777 τοὺς
3127 712 3398 784 μεγάλους
3426 710 3723 781 φωστῆρας

2141 812 2236 865 καὶ
2297 811 2424 873 τοὺς
2474 808 2695 871 λοιποὺς
2739 807 2974 877 ἀστέρας
3019 803 3347 875 γεγενῆσθαί
3383 820 3537 873 φησι.
3580 801 3725 872 Χρό-

2142 919 2231 965 νος
2285 896 2378 955 οὗν
2423 900 2524 952 οὐκ
2557 894 2646 969 ἦν,
2695 898 2771 961 ὡς
2812 896 3009 960 ἔοικεν,
3054 898 3112 949 ἐν
3154 898 3273 959 ταῖς
3310 894 3540 948 κατόπιν
3584 892 3723 963 ἡμέ-

2146 1010 2266 1065 ραις
2283 1009 2298 1023 ο
2331 991 2392 1046 οὐ
2421 994 2531 1062 γὰρ
2557 988 2831 1043 ὲκινοῦντό
2859 1006 2945 1041 πω
2965 990 3014 1041 οἱ
3038 987 3262 1059 ἀστέρες
3284 986 3418 1057 (ιϐ).
3446 984 3569 1046 Πῶς
3588 984 3723 1055 γάρ,

2143 1086 2198 1138 οἵ
2238 1100 2301 1153 γε
2334 1084 2455 1153 μηδ’
2486 1080 2832 1150 ἐγεγόνεισαν
2862 1081 2961 1151 τὴν
2989 1080 3165 1150 ἀρχήν
3185 1079 3332 1150 (47);
3385 1079 3495 1132 Καὶ
3538 1077 3720 1140 πάλιν,

2144 1177 2231 1229 ὅτε
2284 1173 2539 1243 ἐπολέμει
2585 1174 2699 1235 τοῖς
2760 1170 3131 1233 Γαϐαωνίταις
3182 1172 3212 1223 ὁ
3257 1167 3356 1222 τοῦ
3403 1168 3561 1237 Ναυῆ
3621 1169 3725 1237 ’1η-

2133 1267 2290 1332 οσοῦς.
2325 1265 2514 1336 ἐπειδὴ
2551 1265 2807 1334 ἀκίνητος
2850 1266 2877 1316 ὁ
2918 1263 3070 1333 ἥλιος
3094 1261 3278 1333 ἔμεινε
3313 1262 3424 1332 (48‘:
3454 1259 3530 1331 τῷ
3558 1276 3763 1331 προσο,

2145 1358 2382 1429 τάγματι
2413 1354 2686 1425 πεδηθεὶς,
2728 1356 2823 1409 καὶ
2859 1356 2894 1425 ἡ
2934 1354 3131 1424 σελήνη
3160 1353 3300 1406 κατά
3328 1352 3510 1423 χώραν
3552 1352 3726 1422 εἱστή-

2146 1468 2256 1514 κει,
2309 1448 2498 1520 χρόνος
2542 1448 2643 1501 οὐκ
2691 1443 2759 1518 ἦν
2810 1446 3148 1517 τηνικαῦτα;
3207 1445 3273 1497 Τί
3330 1446 3505 1498 ἐκεῖνο
3534 1439 3627 1498 οὖν
3667 1444 3725 1496 τὸ

2146 1544 2420 1614 διάστημα
2462 1543 2563 1612 τῆς
2593 1541 2806 1613 ἡμέρας
2860 1539 3137 1610 εἷπωμενς
3184 1538 3308 1591 τίνα
3355 1535 3733 1617 προσηγορίαν*

2149 1637 2493 1706 ὲπινοήσεις;
2536 1636 2601 1687 Εἰ
2638 1632 2749 1703 γάρ
2787 1634 2821 1703 ἡ
2858 1631 2953 1685 τοῦ
2985 1631 3093 1701 (49)
3121 1630 3312 1701 χρόνου
3353 1628 3513 1698 φύσις
3543 1627 3723 1681 ἐπιλε-

2148 1725 2345 1788 λοίπει,
2375 1722 2511 1777 αἰὼν
2542 1720 2861 1791 άντεισῆλθε
2895 1719 3167 1790 δηλονότι.
3213 1716 3393 1769 Αίῶνα
3435 1717 3491 1769 δὲ
3535 1715 3723 1787 μικρὸν

477 1810 636 1881 233
687 1821 897 1879 partem
943 1813 1232 1881 appellare,
1286 1829 1446 1883 quem
1508 1815 1794 1871 dementiae
1839 1818 2052 1870 modum

2160 1816 2367 1886 ἡμέρας
2408 1816 2573 1885 μέρος
2601 1810 3032 1885 προσαγορεύειν
3061 1809 3184 1863 τίνα
3208 1808 3306 1878 τῆς
3340 1807 3525 1869 ἀνοίας
3564 1807 3725 1877 ὑπερ-

480 1918 585 1956 non
609 1903 873 1971 superat?
909 1903 1037 1969 Sed,
1073 1921 1192 1975 qua:
1224 1906 1388 1961 multa
1425 1916 1512 1961 est
1545 1906 1661 1975 ejus
1689 1907 1932 1973 solertia,
1959 1923 2052 1976 pu-

480 2002 598 2046 tare
640 1992 876 2059 videtur,
904 1994 1044 2048 diem
1091 2010 1157 2048 ac
1205 2006 1417 2051 noctem
1447 1997 1563 2050 ﬁeri
1591 1998 1840 2066 quapiam
1873 1996 2055 2050 stella-

480 2101 595 2138 rum
647 2087 886 2141 motione
931 2086 997 2140 ad
1043 2088 1359 2157 qualitatem
1395 2090 1720 2157 pertinente,
1747 2096 1911 2157 atque
1957 2089 2055 2142 has

476 2189 600 2231 esse
625 2179 879 2245 temporis
905 2188 1116 2247 partes:
1139 2179 1279 2231 unde
1305 2189 1515 2249 tempus
1545 2179 1737 2234 statuit
1763 2180 2053 2247 quemdam

478 2282 602 2322 esse
659 2268 937 2323 stellarum
994 2277 1197 2324 motum
1230 2270 1491 2338 qualitate
1535 2272 1854 2340 praeditum,
1887 2285 1957 2324 ne
2000 2271 2054 2324 id

478 2359 698 2426 quidem
744 2362 889 2428 quod
937 2360 1066 2415 dicit
1104 2360 1427 2431 intelligens.
1483 2361 1599 2416 Non
1654 2362 1797 2418 enim
1850 2370 2054 2417 motum

481 2451 738 2520 qualitate
766 2450 1048 2521 praeditum
1069 2489 1087 2515 ,
1120 2452 1213 2507 sed
1245 2452 1542 2522 quantitate
1574 2453 1851 2516 donatum,
1888 2456 1933 2509 si
1972 2462 2056 2506 ta-

485 2558 602 2598 men
632 2544 703 2597 ita
732 2543 877 2612 loqui
907 2543 988 2599 fas
1011 2553 1117 2609 est,
1135 2545 1312 2600 dicere
1337 2546 1508 2615 magis
1527 2545 1902 2600 conveniebat.
1926 2545 2058 2612 Quis

484 2637 624 2690 enim
671 2637 752 2693 sic
794 2638 1015 2691 omnino
1048 2651 1180 2706 puer
1221 2646 1306 2693 est
1355 2648 1556 2705 mente,
1593 2647 1654 2691 ut
1680 2639 1889 2708 ignoret
1916 2638 2056 2704 dies,

483 2727 670 2789 horas,
700 2740 932 2793 menses,
963 2741 1155 2791 annos,
1178 2726 1437 2796 temporis
1466 2742 1768 2793 mensuras,
1804 2741 1909 2782 non
1937 2742 2059 2797 par-

484 2830 565 2872 tes
606 2817 1027 2887 esse?'l‘empus
1073 2827 1253 2873 autem
1303 2819 1540 2887 spatium
1574 2827 1681 2882 est,
1712 2817 1855 2887 quod
1906 2833 2059 2887 teque

482 2910 788 2969 extenditur
816 2919 978 2978 atque
1006 2909 1118 2977 ipsa
1141 2909 1323 2964 mundi
1345 2910 1663 2964 constitutio
1687 2927 1702 2964 :
1727 2924 1832 2978 quo
1856 2919 2059 2963 motum

483 3013 698 3053 omnem
730 2999 843 3054 sive
884 2999 1182 3062 stellarum,
1216 2999 1329 3053 sive
1362 2999 1701 3063 animalium,
1735 3000 1848 3053 sive
1880 3000 2061 3067 cujus-

2153 1906 2317 1977 ϐολὴν
2350 1905 2672 1969 ἀπολείπεις
2718 1903 2858 1956 Ἀλλ’
2889 1902 3066 1955 ἔοικεν
3108 1904 3174 1954 ὲκ
3218 1899 3423 1970 πολλῆς
3451 1899 3724 1968 ἀγχινοίας

2155 1999 2368 2070 ἡμέραν
2399 1997 2498 2066 μὲν
2523 1996 2617 2050 καὶ
2641 1995 2813 2050 νύκτα
2837 1996 2896 2049 ἐν
2916 1998 2983 2066 τῇ
3014 1997 3146 2065 ποιᾷ
3174 1992 3281 2046 τῶν
3309 1992 3551 2062 ἀστέρων
3580 1993 3725 2062 κινή-

2157 2108 2241 2143 σει
2292 2088 2536 2160 νομίζειν
2568 2088 2841 2158 γίνεσθαι,
2886 2086 3062 2140 ταῦτα
3101 2086 3159 2139 δὲ
3207 2081 3346 2139 εἶναι
3392 2082 3486 2138 τοῦ
3536 2084 3723 2156 χρόνου

2159 2182 2299 2253 μέρη
2322 2197 2336 2209 ·
2364 2180 2488 2234 ὅθεν
2522 2180 2613 2233 τὸν
2653 2180 2842 2252 χρόνον
2878 2178 3036 2232 ποιάν
3072 2194 3194 2231 τινα
3227 2176 3443 2245 κίνησιν
3487 2174 3725 2244 ἀστέρων

2157 2275 2505 2344 ἀπεφήνατο,
2554 2272 2677 2327 οὐδὲ
2719 2271 2851 2325 αὐτὸ
2889 2269 3049 2324 τοῦτο
3084 2270 3262 2333 συνεὶς
3301 2269 3330 2322 ὅ
3370 2285 3423 2321 τι
3454 2267 3621 2335 λέγει.
3655 2266 3721 2318 Οὐ

2163 2367 2273 2438 γὰρ
2310 2365 2493 2429 ποιὰν,
2528 2365 2642 2418 ἀλλ’
2674 2366 2832 2436 εἴπερ
2867 2364 3001 2435 ἄρα.
3047 2363 3240 2434 ποσὴν,
3285 2360 3488 2432 μᾶλλον
3517 2356 3587 2430 ἦν
3621 2360 3722 2426 (50)

2158 2459 2337 2511 εἰπεῖν
2364 2456 2714 2527 οίκειότερον.
2759 2455 2918 2508 Ἀλλὰ
2960 2455 3045 2518 τίς
3093 2452 3235 2506 οὕτω
3281 2456 3411 2517 παῖς
3457 2449 3725 2510 παντελῶς

2156 2550 2255 2621 τὴν
2269 2551 2531 2615 διάνοιαν,
2550 2549 2691 2603 ὥστε
2716 2549 2952 2617 ἀγνοεῖν,
2982 2548 3062 2600 ὅτι
3093 2546 3295 2618 ἡμέραι
3320 2546 3440 2616 μὲν,
3459 2544 3554 2598 καὶ
3573 2537 3721 2614 ὧραι,

2158 2643 2250 2695 καὶ
2276 2642 2465 2712 μῆνες,
2494 2642 2589 2694 καὶ
2613 2641 2869 2703 ἐνιαυτοὶ,
2901 2641 3072 2712 μέτρα
3100 2639 3193 2692 τοῦ
3209 2638 3403 2708 χρόνου
3433 2637 3572 2690 εἰσὶν
3599 2636 3722 2705 (51),

2158 2732 2278 2803 οὐχὶ
2311 2730 2452 2803 μέρη
2473 2747 2487 2797 ;
2522 2731 2728 2802 Χρόνος
2751 2730 2808 2783 δέ
2824 2731 2939 2782 ἐστι
2962 2729 3021 2782 τὸ
3048 2727 3646 2799 συμπαρεκτεινόμενον
3665 2727 3722 2795 τῇ

2164 2824 2426 2877 συστάσει
2476 2822 2570 2877 τοῦ
2627 2823 2838 2893 κόσμου
2867 2821 3173 2891 διάστημα·
3221 2813 3265 2887 ᾧ
3312 2821 3463 2873 πᾶσα
3487 2834 3726 2889 παραμε-

2158 2920 2371 2986 τρεῖται
2404 2915 2635 2986 κίνησις,
2670 2915 2781 2968 εἴτε
2807 2913 3072 2983 ἀστέρων,
3102 2914 3209 2966 εἴτε
3236 2910 3411 2976 ζώων,
3446 2912 3557 2964 εἴτε
3590 2912 3723 2964 οὑτι-

2160 3006 2349 3061 νοσοῦν
2385 3005 2498 3078 (52)
2532 3007 2641 3060 τῶν
2687 3008 3045 3076 κινουμένων.
3076 3004 3210 3058 καθὸ
3235 3004 3465 3073 λέγομεν
3503 3001 3722 3071 ταχύτε-

486 3104 697 3158 cunque
725 3089 803 3144 rei
827 3104 947 3158 quae
968 3098 1236 3153 movetur,
1265 3089 1621 3153 admetimur,
1648 3098 1808 3158 prout
1829 3088 2055 3143 dicimus

488 3181 629 3203 -I!--J
672 3180 771 3203 -Il-
817 3180 1051 3203 _.-I..-:---
1095 3189 1183 3203 ---ι
1229 3181 1433 3203 a-_.l2---
1477 3196 1590 3203 Α---
1621 3197 1634 3203 -
1669 3180 1903 3203 ---1-Αξ---
1945 3180 2030 3203 ---2

2166 3115 2257 3169 ρον
2290 3098 2323 3169 ἢ
2365 3096 2690 3170 βραδύτερον
2719 3096 2905 3167 ἕτερον
2937 3096 3121 3167 ἑτέρου
3141 3112 3155 3124 ·
3200 3094 3497 3163 ταχύτερον
3540 3092 3639 3162 μὲν
3670 3089 3725 3142 τὸ

487 3181 630 3235 aliud
670 3180 776 3236 alio
817 3180 1054 3236 velocius
1093 3189 1187 3236 aut
1229 3181 1434 3237 tardius
1470 3196 1635 3236 esse:
1669 3180 1906 3236 velocius
1941 3180 2062 3249 qui-

487 3276 629 3335 dem,
657 3273 710 3328 id
735 3274 877 3343 quod
901 3274 1110 3328 minore
1139 3283 1377 3343 tempore
1404 3273 1521 3344 plus
1548 3273 1815 3343 percurrit
1854 3273 2010 3340 spatii
2042 3288 2058 3337 ;

491 3365 694 3419 tardius
716 3379 866 3430 vero,
883 3365 1025 3435 quod
1056 3365 1233 3421 minus
1260 3365 1503 3434 longiore
1529 3375 1771 3434 tempore
1793 3374 2057 3418 movetur.

491 3454 785 3512 Eunomius
814 3471 943 3513 vero
969 3458 1222 3528 quoniam
1256 3458 1308 3513 in
1364 3467 1603 3526 tempore
1628 3456 1794 3512 stellae
1839 3468 2059 3509 moven-

493 3558 599 3614 tur,
629 3550 883 3619 temporis
911 3549 1054 3619 ipsas
1075 3565 1195 3606 esse
1219 3550 1439 3618 opiﬁces
1473 3547 1805 3619 pronuntiat.
1833 3528 2063 3599 Proinde

489 3655 552 3693 ex
587 3641 971 3709 sapientissimi
1008 3642 1152 3697 illius
1188 3641 1480 3706 sententia,
1519 3640 1774 3711 quoniam
1821 3636 2067 3693 scarabei

490 3747 704 3803 quoque
737 3735 794 3788 in
825 3743 1065 3805 tempore
1095 3745 1402 3801 moventur,
1443 3733 1834 3788 constituamus
1860 3740 2066 3796 tempus

493 3824 654 3879 talem
686 3828 982 3896 quamdam
1025 3827 1315 3882 motionem
1351 3840 1473 3880 esse
1518 3826 1942 3878 scarabeorum:
1978 3828 2063 3874 et-

491 3916 634 3970 enim
668 3920 812 3986 quod
838 3918 999 3981 dixit,
1034 3919 1087 3974 id
1139 3919 1208 3975 ab
1242 3919 1343 3973 hoc
1376 3916 1507 3971 nihil
1553 3912 1753 3978 diﬂ‘ert,
1786 3911 2061 3965 nominum

493 4008 751 4076 dignitate
777 4020 1018 4079 excepta.
1043 4010 1109 4065 Et
1143 4010 1256 4065 haec
1277 4009 1491 4078 quidem
1512 4006 1587 4061 ita
1617 4019 1676 4060 se
1701 4000 2064 4068 habent.Qu:e

493 4108 668 4153 autem
708 4110 1005 4168 sequuntur
1023 4141 1039 4165 ,
1063 4101 1418 4156 considerate.

564 4190 655 4243 22.
687 4191 818 4246 Eun.
842 4192 1025 4260 Atqui,
1055 4191 1246 4262 inquit,
1281 4206 1349 4245 ne
1381 4190 1495 4243 ﬁeri
1526 4189 1742 4258 quidem
1782 4196 1975 4257 potest,
2004 4196 2062 4242 ut

550 4303 567 4333 ²
598 4302 732 4360 Gen.
761 4320 799 4370 ι,
832 4306 1019 4362 14-19.
1093 4307 1115 4339 ³
1147 4304 1260 4363 Jos.
1296 4320 1363 4370 κ,
1414 4304 1496 4369 l2,
1522 4303 1607 4360 15.

568 4393 679 4463 (45)
721 4393 813 4450 Sic
845 4397 967 4451 libri
1002 4404 1244 4459 veteres;
1277 4394 1404 4450 editi
1435 4393 1847 4463 κοσμογένειαν.
1878 4403 1891 4430 '

2165 3190 2223 3243 ἐν
2257 3189 2500 3243 ἐλάττονι
2520 3189 2696 3260 χρόνῳ
2730 3187 2912 3242 πλεῖον
2943 3187 3215 3256 διάστημα
3237 3183 3580 3255 μεῖαϐαἰνον,
3612 3182 3727 3253 βρα-

2162 3278 2387 3351 δύτερον
2418 3279 2476 3333 δὲ
2507 3280 2569 3333 τὸ
2605 3278 2827 3332 ἔλαττον
2868 3280 2926 3332 ἐν
2962 3278 3162 3332 πλείονι
3190 3275 3366 3347 χρόνῳ
3399 3274 3721 3344 κινούμενον.

2177 3370 2236 3423 '0
2263 3369 2339 3434 δὲ,
2379 3370 2566 3441 ἐπειδὴ
2601 3372 2659 3422 ἐν
2677 3370 2854 3440 χρόνῳ
2882 3371 2931 3422 οἱ
2968 3368 3195 3436 ἀστέρες
3226 3365 3521 3427 κινοῦνται,
3546 3365 3725 3435 χρόνον

2166 3462 2364 3524 αὐτοὺς
2398 3458 2535 3514 εἶναι
2569 3461 2933 3533 δημιουργοὺς
2966 3458 3322 3528 ἀποφαίνεται
3364 3456 3495 3526 (55).
3529 3454 3726 3509 Οὐκοῦν

2167 3552 2309 3606 κατά
2327 3554 2419 3607 τὸν
2441 3552 2535 3605 τοῦ
2573 3552 2889 3622 σοφωτάτου
2914 3552 3089 3620 λόγον,
3130 3550 3319 3621 ἐπειδὴ
3352 3551 3444 3603 καὶ
3478 3549 3726 3619 κάνθαροι

2171 3645 2228 3697 ἐν
2251 3644 2424 3716 χρόνῳ
2449 3644 2742 3706 κινοῦνται,
2763 3643 3074 3714 ὁρισώμεθα
3098 3644 3190 3695 τὸν
3210 3642 3400 3712 χρόνον
3421 3637 3559 3693 εἶναι
3582 3640 3727 3693 ποιάν

2168 3752 2289 3789 τινα
2326 3735 2615 3807 κανθάρων
2658 3735 2904 3806 κίνησιν·
2940 3734 3092 3788 οὐδὲν
3124 3733 3233 3802 γάρ
3263 3732 3454 3786 τούτου
3499 3733 3561 3785 τὸ
3609 3732 3726 3801 παρ’

2169 3826 2334 3880 αὑτοῦ
2392 3826 2584 3898 λεχθὲν
2633 3826 2901 3897 διαφέρει,
2952 3824 3090 3896 πλὴν
3122 3825 3221 3894 τῆς
3269 3824 3600 3895 σεμνότητος
3631 3822 3728 3873 τῶν

2168 3917 2468 3989 ὀνομάτων.
2504 3919 2613 3971 Καὶ
2640 3916 2815 3971 ταῦτα
2862 3917 2962 3988 μὲν
2989 3915 3233 3983 τοιαῦτα,
3270 3915 3542 3985 σκέψασθε
3576 3916 3633 3968 δὲ
3669 3914 3729 3965 τά

2168 4009 2387 4080 ἐφεξῆς.

2237 4189 2327 4243 ae.
2362 4188 2522 4242 ΕΥΝ.
2558 4186 2718 4241 Ἀλλά
2749 4187 2856 4258 μὴν
2887 4188 3019 4258 (δι),
3051 4189 3234 4259 φησὶν,
3266 4185 3387 4239 οὐδὲ
3415 4180 3728 4252 ἐνυπάρχειν

2096 4410 2143 4464 D
2180 4472 2187 4474 _
2243 4391 2356 4462 (54)
2394 4390 2511 4474 Ῑηῇρ
2556 4391 2717 4474 ’ᾼλξεὰ
2768 4394 2876 4474 μήν
2905 4389 3371 4474 etc...ita.l.atin’e
3401 4386 3631 4474 reddens
3659 4388 3731 4474 in:

567 4458 676 4535 (46)
718 4465 856 4520 Editi
887 4479 1170 4535 operarum
1191 4458 1410 4535 incuria
1433 4462 1507 4517 Οὐ
1541 4458 1651 4535 γάρ
1677 4462 1889 4519 ἐκινοῦν
1917 4464 2055 4535 τόπιγ

2175 4458 2403 4535 (ﬂores.
2434 4461 2613 4535 Atqui,
2659 4458 2856 4535 inquit,
2905 4462 3051 4535 ne‘irl
3080 4460 3285 4535 quidem
3313 4458 3647 4535 ﬁeri-potest,
3678 4463 3727 4534 ut

496 4532 839 4590 “(codices
885 4532 989 4603 duo
1035 4532 1311 4588 ἐκινοῦντό
1362 4551 1467 4588 πω.
1516 4532 1631 4586 Alii
1667 4536 1886 4603 quidam
1934 4532 2066 4589 mss.

496 4602 773 4658 ὲκινοῦντό
803 4621 937 4668 πως.
972 4602 1172 4660 Ibidem
1202 4605 1418 4673 codices
1451 4603 1555 4657 duo
1580 4605 1629 4655 ot
1666 4602 1820 4673 μηδέ.

568 4673 852 4755 μηΑηῶς
890 4673 1023 4755 πὰρ,
1054 4675 1111 4755 ρῖ
1149 4691 1215 4755 γε
1242 4672 1383 4755 μηδ’
1410 4672 1797 4755 ἐγεγόνεισαν
1824 4673 1938 4741 τὴν
1969 4672 2072 4740 ἀρ-

498 4744 653 4813 χήν;
687 4744 960 4811 Quomodo
988 4746 1123 4799 enim
1155 4745 1211 4797 id
1240 4745 1353 4810 fieri
1383 4744 1658 4813 potuisset,
1687 4761 1805 4796 cum
1837 4761 1899 4797 ne
1942 4759 2069 4796 con-

497 4814 624 4866 dita!
654 4815 862 4883 quidem
892 4817 1100 4883 omnino
1133 4814 1344 4883 (stella?)
1375 4813 1642 4882 fuissent?

592 4879 682 4951 48)
720 4883 862 4937 Editi
887 4882 1070 4951 ἔμενε.
1101 4879 1333 4948 Antiqui
1359 4879 1469 4936 tres
1507 4882 1626 4935 libri
1657 4879 1860 4951 ἔμεινε.

598 4950 682 5022 49)
722 4953 887 5025 Editi,
910 4950 973 5025 Et
1001 4952 1111 5025 γὰρ
1127 4952 1242 5025 τοῦ.
1262 4950 1919 5025 ςοᾱίοοεμιτθελΕἱ-γᾲρμὴ
1949 4950 2065 5025 τοῦς

499 5020 587 5093 alii
621 5020 746 5087 duo,
788 5024 860 5076 Ἢ
911 5020 1021 5093 γὰρ
1065 5020 1396 5093 τοῦλχρόνου
1442 5021 1604 5093 φύσις
1645 5020 1994 5082 ἐπιλελοίπει,
2038 5020 2069 5089 ἢ

499 5091 654 5157 αἰών,
680 5102 769 5146 aut
797 5095 931 5146 enim
963 5091 1206 5157 temporis
1230 5091 1430 5145 natura
1467 5091 1747 5159 defecerat,
1780 5100 1870 5143 aut
1905 5105 2070 5144 aevum

500 5164 555 5215 in
590 5162 761 5215 locum
799 5162 943 5215 illius
982 5163 1253 5216 successit.

573 5233 683 5301 (50)
721 5233 862 5287 Editi
896 5230 1099 5301 μᾶλλον
1126 5232 1211 5286 ἄν.
1232 5300 1235 5301 ν
1257 5230 1405 5286 Libri
1440 5238 1651 5285 veteres
1681 5230 1880 5301 μᾶλλον
1910 5225 1998 5301 ἦν.

595 5300 684 5370 51)
727 5302 866 5356 Editi
892 5300 1086 5373 χρόνου
1123 5300 1290 5355 ἐστίν.
1311 5301 1404 5373 At!
1426 5316 1559 5373 mss.
1598 5300 1755 5373 εἰσίν.

595 5305 684 5370 51)
727 5305 866 5356 Editi
892 5305 1086 5373 χρόνου
1123 5305 1290 5355 ἐστίν.
1324 5305 1395 5353 At
1426 5316 1559 5355 mss.
1598 5305 1755 5354 εἰσίν.

572 5305 684 5444 (52)
726 5373 826 5444 δίο
863 5372 985 5444 libri
1026 5382 1258 5444 veteres.
1310 5370 1449 5444 Editi
1584 5367 2068 5444 quttvocoﬁv._Mox

504 5439 634 5495 mss.
667 5439 786 5498 tres
814 5443 873 5496 ἐν
900 5441 1163 5496 ἐλάττονι.
1191 5439 1461 5494 Particula
1490 5439 1548 5493 ἐν
1571 5439 1639 5492 ab
1658 5441 1874 5495 excusis
1896 5439 2071 5494 abest.

505 5509 744 5567 Subinde
779 5527 909 5567 mss.
946 5512 1186 5567 nonnulli
1221 5511 1497 5580 διάστημα
1530 5508 1825 5563 διαϐαῖνον.

574 5581 686 5651 (55)
728 5581 857 5649 Reg.
894 5592 1117 5650 quartus
1165 5575 1529 5651 δημιουργοὺς
1575 5582 1911 5650 ἀπεφήνατο.
1948 5575 2067 5651 Mos

503 5646 628 5728 editi
661 5646 708 5703 οἱ
753 5646 1101 5722 κᾶνθοίῳιαη
1157 5646 1467 5722 ὁριούμεθα.
1502 5646 1875 5705 Οοᾱὶρεὲἰιοη
1914 5646 2068 5718 pauci

504 5730 557 5770 ut
594 5736 645 5772 tn
678 5729 950 5776 contextu.

2173 4526 2345 4596 farina
2372 4526 2654 4597 quapiam,
2706 4526 2783 4583 υέί
2828 4526 3111 4597 crassitie},
3157 4529 3233 4582 vel
3272 4528 3539 4597 quantitas
3584 4526 3651 4579 sit
3676 4526 3730 4597 in

2172 4594 2466 4653 substantia
2493 4594 2633 4663 Dei,
2679 4600 2785 4651 vim
2834 4601 2982 4653 vocis
3031 4594 3141 4652 οἷον
3184 4612 3287 4651 ηοη
3328 4596 3459 4649 satis
3487 4595 3726 4648 attendit.

2174 4668 2449 4738 Suspicari
2493 4667 2724 4738 fortasse
2750 4671 2919 4735 possit
2955 4669 3220 4738 quispiam
3250 4681 3375 4738 cum
3391 4667 3516 4738 viro
3538 4664 3731 4738 doctis-

2174 4732 2311 4793 simo
2367 4732 2895 4799 Combeﬁsioflizec
2949 4732 3094 4792 dicta"
3147 4737 3312 4790 fuisse
3362 4732 3728 4794 ἐλλειπτικῶς,

2172 4821 2465 4872 vocemque
2524 4807 2651 4862 Υἱόν
2706 4808 3128 4861 subaudiendam
3188 4821 3326 4860 esse.
3384 4806 3483 4857 hoc
3537 4807 3726 4855 modo:

2172 4877 2291 4931 οὐδὲ
2321 4875 2542 4949 δυνατὸν
2564 4876 2820 4949 τὸνᾲΥἱῗὸν
2863 4877 3188 4949 ἐνυπάρχειν
3215 4877 3280 4945 τῇ
3305 4874 3483 4949 οὐσία,
3508 4881 3612 4949 etc.
3642 4872 3729 4949 ,ξιτ

2173 4930 2280 5017 qui.
2320 4947 2515 5013 inquit,
2556 4964 2619 5001 ne
2648 4947 2765 5015 ﬁeri
2816 4930 3325 5017 quidcm'p'otesl,.itt
3359 4930 3530 5017 Filius
3552 4942 3609 4994 in
3641 4939 3730 4993 Dei

2174 5013 2471 5069 substantia
2501 5013 2721 5070 exsistat
2759 5013 3009 5083 tanquam
3057 5017 3250 5083 forma,
3294 5024 3383 5065 aut
3415 5013 3593 5083 moles,
3618 5021 3729 5083 _etc_.

2174 5087 2373 5141 Fateor
2398 5086 2618 5153 quidem
2667 5086 2807 5140 hanc
2839 5078 3203 5150 conjecturam
3245 5083 3505 5153 optimam
3542 5078 3728 5137 videri,

2173 5168 2336 5227 atque
2389 5150 2456 5208 ad
2505 5157 2646 5209 liuuc
2694 5155 2868 5227 locum
2920 5155 3077 5227 facile
3110 5150 3507 5227 accommodari
3541 5161 3728 5227 posse:

2173 5220 2427 5293 quoniam
2480 5234 2659 5278 tamen
2713 5226 2850 5293 apud
2878 5225 3054 5277 virum
3099 5222 3520 5293 eruditissimum
3549 5220 3731 5293 Fabri-

2174 5289 2338 5356 cium,
2375 5296 2467 5363 qui
2504 5293 2699 5363 librum
2728 5289 2976 5345 Eunomii
3008 5291 3391 5363 nuperoedidil,
3431 5290 3500 5341 ita
3533 5289 3729 5363 editum

2174 5354 2497 5435 invenimus,
2539 5362 2699 5435 Ἀλλὰ
2735 5363 2841 5435 μὴν
2874 5363 2996 5416 οὐδὲ
3024 5354 3349 5435 ὲνὺπάρχειν
3369 5376 3422 5411 τι
3448 5357 3618 5430 ταύτῃ
3642 5354 3729 5435 οὔτ

2176 5436 2266 5505 σῐᾳ
2305 5433 2528 5505 δυνατὸν
2565 5427 2676 5505 οἷον
2714 5427 2852 5495 εἶδος
2883 5443 3014 5505 etc.,
3051 5427 3545 5505 banc—scripturam
3589 5427 3727 5488 sequi

2173 5498 2345 5558 satius
2394 5504 2552 5558 duco.
2600 5502 2665 5556 Et
2710 5512 2856 5557 certe
2901 5502 3003 5556 hoc
3050 5511 3291 5554 nostrum
3337 5498 3596 5565 judicium
3633 5508 3728 5546 non

2174 5589 2362 5641 parum
2396 5572 2629 5639 adjuvat.
2677 5571 2818 5641 quod
2873 5572 2922 5623 in
2959 5570 3269 5641 Colbcrtino
3292 5567 3523 5641 _codice,
3557 5566 3646 5641 q.ui_
3681 5569 3731 5613 el

2176 5634 2289 5708 ipse
2314 5634 2673 5696 inter—caetera
2696 5634 2830 5709 opus
2853 5639 3099 5694 Eunomii
3132 5637 3531 5709 complectitur.
3555 5634 3728 5709 eodem

2182 5696 2335 5780 plauc
2367 5713 2524 5768 modo
2560 5696 2819 5782 scriptum
2852 5712 2944 5778 sit,
2968 5710 3068 5765 nisi
3097 5709 3235 5777 quod
3257 5696 3324 5761 'in
3358 5708 3473 5775 ipso
3500 5720 3596 5774 pro
3619 5696 3730 5753 οὐδέ
