4016 6220
327 358 432 413 565

1440 359 1818 419 ADVERSUS
1856 356 2230 416 EUNOMIUM
2269 356 2399 413 LIB.
2440 355 2483 413 I.

3475 352 3583 408 566

325 481 358 532 ό
393 475 504 547 (68)
553 478 796 547 πέμψας
815 496 912 549 με,
937 478 1149 549 μείζων
1169 498 1288 551 μου
1317 481 1454 536 ἐστί
1469 500 1480 511 ·
1513 481 1608 534 τοῦ
1650 481 1707 534 δὲ
1748 482 1904 535 Ἀπο-

2011 478 2170 542 misit,
2205 476 2379 544 major
2405 489 2486 527 me
2515 481 2588 528 est
2612 474 2634 506 ³
2664 487 2680 526 ς
2722 483 2822 525 nec
2845 468 2995 525 audit
3021 465 3358 537 Apostolum,
3391 467 3483 536 qui
3505 466 3586 520 di-

327 569 513 622 στόλου
541 569 792 639 λέγοντος
822 572 922 625 οὐκ
948 572 1136 627 ἀκούει
1160 572 1271 644 (69)
1304 574 1408 637 ὅτι,
1440 574 1553 644 Οὐχ
1603 572 1896 644 ἁρπαγμὸν

323 661 570 731 ἡγήσατο
593 659 654 713 τὸ
678 655 819 715 εἶναι
854 660 945 715 ῐσα
988 662 1126 733 Θεῷ.
1159 662 1269 735 (70)
1299 663 1495 715 Καίτοι
1523 664 1572 715 εί
1621 661 1766 715 κατὰ
1803 661 1898 715 τὸν

326 752 418 807 σὺν
448 754 605 824 λόγον
633 758 666 826 ἡ
709 755 1006 827 ἀγεννησία
1056 757 1214 809 οὺσία
1262 751 1361 827 ἦν,
1419 754 1668 809 ἐϐούλετο
1703 755 1760 807 δὲ
1796 755 1897 826 τὴν

326 847 441 899 κατ’
463 846 651 900 οὐσίαν
678 846 951 918 ὑπεροχὴν
991 847 1276 913 ἐπιδεῖξαι,
1317 843 1469 901 εἶπεν
1496 846 1562 900 ἄν
1584 863 1598 876 '
1647 846 1705 898 '0
1734 845 1897 913 ἀγέν-

325 955 483 1009 νητος
509 939 708 1009 μείζων
742 956 844 1011 μου
875 939 1044 994 ἐστίν.
1086 940 1386 1013 Ὑμέτερος
1416 939 1474 992 δέ
1500 942 1647 992 ἐστιν
1668 940 1696 991 6
1714 937 1893 1006 λόγος,

323 1029 408 1081 ὅτι
456 1034 490 1100 ὴ
526 1029 619 1082 τοῦ
660 1029 876 1102 Πατρὸς
921 1031 1265 1103 προσηγορία
1317 1031 1600 1102 ἐνεργείας
1652 1029 1770 1081 ἐστὶ
1803 1028 1896 1081 καὶ

324 1121 425 1174 οὐκ
474 1121 664 1184 οὐσίας
709 1123 1043 1194 σημαντικὴ.
1095 1121 1337 1187 Μείζονα
1388 1117 1482 1175 οὖν
1523 1121 1771 1189 λέγοντες
1798 1119 1892 1173 τοῦ

323 1210 455 1265 Υἱοῢ
483 1212 573 1266 τὸν
604 1212 842 1284 Πατέρα,
873 1212 1097 1284 μείζονα
1125 1211 1220 1266 τοῦ
1244 1212 1406 1285 ἔργου
1439 1212 1575 1283 φατέ
1612 1215 1711 1282 τὴν
1742 1213 1895 1283 ἐνέρ-

323 1320 500 1372 γειαν.
533 1304 691 1357 Πᾶσα
723 1303 781 1357 δέ
809 1304 979 1375 δήπου
1023 1303 1136 1375 (71)
1188 1303 1440 1375 ἐνέργεια
1487 1302 1775 1374 συμϐαίνει
1817 1300 1896 1373 τῷ

328 1393 513 1465 μέτρῳ
547 1396 659 1458 τοῖς
711 1394 770 1461 ἐξ
806 1394 980 1464 αὐτῆς
1008 1395 1347 1467 γινομένοις·
1384 1397 1479 1449 καὶ
1537 1396 1747 1468 μεγάλη
1798 1394 1896 1466 μὲν

322 1484 431 1539 τῶν
465 1484 713 1554 μεγάλων
759 1483 935 1557 ἔργων
978 1485 1114 1551 ἐστὶ,
1151 1487 1360 1557 σμικρὰ
1386 1487 1443 1540 δὲ
1472 1487 1582 1542 τῶν
1609 1485 1899 1561 σμικροτέ-

325 1592 455 1645 ρων.
492 1575 567 1628 Τὸ
616 1570 709 1630 οὖν
755 1575 978 1647 μείζονα
1030 1575 1126 1630 τοῦ
1160 1577 1292 1632 Υίοῦ
1339 1562 1429 1631 τὸν
1487 1578 1706 1649 Πατέρα
1758 1575 1899 1631 κατὰ

321 1665 511 1720 τοῦτον
540 1667 630 1720 τὸν
679 1667 840 1737 λόγον
881 1668 1167 1740 ὁμολογεῖν
1217 1669 1371 1723 οὐδὲν
1417 1669 1604 1741 ἔτερόν
1657 1671 1827 1733 ἐστιν,
1862 1668 1897 1741 ἢ

322 1757 675 1829 ἀσύμμετρον
708 1758 787 1830 τῷ
838 1757 986 1831 ἔργῳ
1034 1758 1280 1814 τίθεσθαι
1324 1761 1423 1832 τὴν
1467 1761 1769 1833 ἐνέργειαν,
1804 1760 1899 1813 καὶ

1999 570 2075 625 cit
2112 568 2254 637 quod
2282 581 2389 621 non
2423 565 2668 634 rapinam
2712 562 3013 617 arbitratus
3043 560 3115 616 sit
3153 574 3273 615 esse
3301 574 3362 614 se
3402 574 3588 629 aequa-

1996 662 2100 717 lem
2155 662 2265 716 Deo
2312 661 2376 716 ³ο.
2420 660 2583 730 Atqui
2610 660 2678 721 si.
2708 659 2796 727 (ιιι
2853 658 3009 720 dicis,
3057 654 3399 726 ingeneratio
3455 654 3587 709 sub-

1999 752 2196 807 stantia
2238 759 2403 818 esset,
2435 749 2802 818 voluissetque
2856 747 3227 817 praestantiam
3284 745 3582 800 secundum

1998 841 2362 897 substantiam
2390 840 2722 905 ;.ostendere,
2759 837 2989 892 dixisset
3039 835 3269 905 utique:
3304 832 3586 903 Ingenitus

1997 933 2170 1002 major
2202 947 2288 985 me
2312 940 2418 987 est.
2450 929 2585 984 Nam
2611 928 2883 984 sententia
2910 938 3087 983 vestra
3120 930 3235 982 haec
3269 937 3374 994 est,
3406 927 3586 981 Patris

1997 1023 2361 1093 appellatione
2376 1021 2742 1092 operationem
2762 1034 2867 1074 non
2887 1018 3246 1073 substantiam
3263 1017 3583 1088 signiﬁcari.

1994 1113 2185 1185 Itaque
2206 1129 2327 1168 cum
2360 1112 2543 1167 dicitis
2576 1112 2794 1166 Patrem
2829 1111 2968 1165 Filio
3000 1110 3283 1179 majorem,
3310 1111 3584 1179 operatio-

1993 1222 2115 1262 nem
2150 1220 2315 1276 opere
2360 1205 2620 1275 majorem
2662 1190 2866 1258 dicitis.
2915 1203 3106 1258 Omnis
3140 1205 3285 1258 enim
3316 1204 3580 1272 operatio,

1993 1300 2348 1372 proportione
2385 1298 2708 1364 servata,iis
2737 1312 2857 1367 quae
2882 1311 2950 1352 ex
2980 1297 3072 1352 illa
3104 1297 3259 1362 ﬁunt,
3291 1288 3585 1367 congruit;

1993 1403 2049 1449 et
2090 1407 2285 1461 magna
2316 1391 2535 1462 quidem
2561 1405 2875 1461 magnorum
2894 1405 3117 1458 operum
3136 1398 3238 1454 est,
3260 1404 3427 1459 parva
3453 1404 3585 1445 vero

1994 1486 2289 1540 minorum.
2323 1482 2560 1538 Proinde
2584 1482 2842 1553 majorem
2877 1480 3017 1535 Filio
3043 1480 3256 1535 Patrem
3287 1482 3392 1537 hoc
3423 1482 3585 1537 modo

1996 1576 2265 1641 conﬁteri,
2300 1574 2434 1629 nihil
2464 1573 2609 1628 aliud
2633 1582 2738 1637 est,
2762 1588 2923 1643 quam
2959 1572 3403 1642 incongruentem
3427 1573 3582 1643 operi

1997 1665 2369 1736 Operationem
2404 1673 2665 1732 statuere,
2697 1674 2753 1718 et
2804 1665 2986 1720 dicere
3041 1665 3243 1720 frustra
3306 1664 3474 1718 Deum
3515 1666 3584 1719 ad

2000 1759 2338 1829 operationis
2361 1758 2791 1829 magnitudinem
2817 1767 3149 1813 commotum
3172 1771 3452 1822 esse,cum
3474 1770 3585 1812 nou

327 1847 504 1918 μάτην
538 1849 767 1917 φάσκειν
796 1849 935 1923 πρὸς
968 1850 1030 1904 τὸ
1063 1851 1177 1922 (72)
1215 1850 1316 1921 τῆς
1345 1852 1627 1923 ἐνεργείας
1672 1851 1900 1923 μέγεθος

2006 1851 2240 1921 potuerit
2271 1849 2530 1907 eﬁ‘ectum
2556 1850 2864 1922 operationi
2901 1851 3206 1921 adaequare.
3242 1849 3424 1917 Quare
3443 1848 3584 1905 duu-

319 1937 413 1991 τὸν
433 1938 564 1992 Θεὸν
585 1938 930 2011 κεκινῆσθαι,
961 1941 1022 1995 οὐ
1051 1940 1345 2013 δυνηθέντα
1370 1945 1436 2015 τῇ
1460 1943 1713 2015 ἐνεργείᾳ
1760 1960 1898 2015 παρ-

324 2029 596 2085 ισῶσαιτὺ
622 2031 773 2098 τέλος
811 2034 972 2087 ’Ὥστε
1000 2034 1062 2088 τὸ
1085 2034 1171 2088 έτε
1179 2051 1271 2107 ρον
1293 2037 1407 2089 τοῖν
1436 2035 1582 2089 δυοῖν
1613 2035 1897 2106 (75)άναγ-

321 2120 495 2188 καίως
515 2125 852 2179 διαπεσεῖται
873 2142 885 2158 θ
926 2126 959 2198 ἢ
997 2127 1072 2198 μὴ
1107 2125 1300 2198 δηλοῦν
1333 2127 1614 2198 ἐνέργειαν
1652 2127 1744 2181 τὸν
1774 2129 1893 2181 Πα-

321 2219 476 2289 τέρα,
534 2218 670 2273 άλλά
698 2218 907 2283 οὐσίαν,
942 2221 1038 2271 καὶ
1064 2218 1238 2283 οῗέτως
1273 2219 1456 2284 αὐτοῖς
1486 2222 1515 2273 6
1565 2220 1892 2291 σεσοφισμέ-

321 2325 411 2374 νος
439 2309 540 2378 τῆς
567 2310 886 2381 ὁμοιότητος
918 2310 1029 2380 (74)
1056 2309 1211 2379 λόγος
1235 2310 1678 2382 διαγεγράψεται,
1709 2311 1893 2380 ὅμοιον

320 2398 397 2470 τῷ
449 2401 625 2473 Πατρὶ
668 2401 759 2454 τὸν
811 2400 939 2453 Υίδν
978 2396 1297 2470 τιθεμένων,
1336 2401 1601 2466 τουτέστι,
1634 2402 1699 2472 τῇ
1747 2402 1897 2470 ἐνερ-

321 2492 474 2562 γείᾳ’
508 2487 619 2544 οἷον
669 2492 780 2562 γὰρ
833 2490 1097 2561 ἠθέλησεν
1128 2494 1157 2545 6
1188 2490 1398 2563 Πατὴρ,
1430 2492 1597 2562 φησὶ,
1653 2492 1896 2545 τοιοῦτον

322 2582 575 2652 ἐποίησε,
626 2582 760 2635 καθὸ
806 2584 901 2635 καὶ
943 2583 1127 2636 εἰκόνα
1181 2582 1485 2653 βουλήσεως
1532 2581 1647 2654 (75)
1695 2582 1897 2653 ὀνομά-

323 2673 535 2738 ζουσινθ
572 2674 606 2745 ἢ
639 2674 797 2727 τοῦτο
831 2674 1225 2744 φυλάσσοντας,
1274 2673 1348 2745 μὴ
1389 2669 1529 2728 εἶναι
1564 2674 1744 2744 λέγειν
1781 2674 1899 2745 μεί-

323 2764 454 2830 ζονα
520 2765 612 2819 τὸν
694 2766 938 2836 Πατέρα.
997 2765 1322 2837 Ἐπειδήπερ
1394 2767 1541 2819 πᾶσα
1622 2765 1902 2836 ἐνέργεια,

327 2853 555 2927 μηδενὸς
593 2856 980 2927 ἁνθισταμένου
1018 2856 1126 2909 τῶν
1149 2855 1368 2921 ἔξωθεν,
1427 2855 1740 2926 σύμμετρός
1788 2858 1905 2910 ἐστι

2001 1958 2121 1998 rum
2148 1943 2380 1998 alterum
2410 1943 2629 1999 eveniat
2660 1956 2886 1998 necesse
2931 1951 3039 2008 est,
3065 1951 3125 1997 ut
3155 1951 3248 1996 aut
3274 1941 3441 1998 Pater
3475 1955 3583 1997 non

1999 2033 2269 2106 signiﬁcet
2300 2033 2698 2105 operationem,
2717 2034 2809 2089 sed
2839 2033 3432 2102 substantiam;sicque
3460 2047 3587 2087 eva-

1996 2135 2182 2181 nescet
2210 2128 2519 2198 excogitata
2538 2128 2604 2182 ab
2635 2127 2715 2181 eis
2740 2125 3111 2181 similitudinis
3137 2128 3296 2187 ratio,
3320 2140 3424 2195 qua
3453 2140 3586 2179 san-

1995 2219 2148 2275 ciunt
2168 2219 2365 2274 Filium
2394 2217 2542 2274 Patri
2573 2218 2804 2274 similem
2842 2232 2983 2282 esse,
2997 2218 3313 2287 operatione
3334 2217 3578 2272 scilicet:

1997 2313 2209 2381 qualem
2236 2313 2378 2367 enim
2410 2311 2575 2367 voluit
2600 2309 2780 2377 Pater,
2811 2310 3080 2380 inquiunt,
3107 2311 3264 2365 talem
3302 2311 3448 2374 fecit,
3478 2327 3586 2382 quo

1997 2405 2165 2460 etiam
2205 2413 2364 2474 pacto
2391 2404 2687 2459 voluntatis
2722 2403 3011 2472 imaginem
3032 2418 3154 2457 eum
3178 2413 3392 2465 .vocant
3424 2421 3437 2456 :
3468 2412 3584 2468 aut,

2004 2496 2049 2552 si
2082 2496 2150 2550 ab
2181 2495 2284 2550 hoc
2317 2494 2421 2549 sibi
2456 2504 2701 2555 caveant,
2732 2509 2838 2547 non
2870 2493 3052 2548 dicent
3084 2491 3300 2547 Patrem
3327 2495 3583 2564 majorem

2008 2600 2153 2641 esse.
2193 2584 2324 2639 Nam
2352 2585 2597 2655 operatio
2625 2586 2822 2648 omnis,
2856 2593 3081 2639 externa
3112 2586 3255 2638 nulla
3278 2601 3335 2639 re
3367 2586 3587 2640 obstan-

2005 2686 2078 2740 te,
2123 2677 2434 2731 habetcum
2466 2674 2748 2730 eﬁ‘ectibus
2794 2676 2907 2730 suis
2958 2675 3383 2744 proportionem.
3410 2674 3588 2743 Atque

2006 2769 2121 2823 haec
2147 2768 2213 2822 ad
2239 2767 2623 2822 confutandam
2652 2767 2891 2835 ipsorum
2925 2767 2978 2820 in
3011 2766 3348 2834 dogmatibus
3372 2764 3585 2820 dissen-

2009 2860 2217 2914 sionem
2246 2862 2385 2914 dicta
2412 2860 2544 2914 sint.

324 2951 436 3011 τοῖς
485 2947 705 3011 οἰκείοις
752 2947 1175 3017 ἀποτελέσμασι.
1222 2946 1410 3000 Ταῦτα
1469 2947 1569 3017 μὲν
1629 2942 1723 3001 οὖν
1769 2947 1904 3017 πρὸς
1943 2947 2164 3021 ἔλεγχον
2188 2950 2289 3021 τῆς
2314 2951 2373 3004 ἐν
2400 2951 2512 3013 τοῖς
2540 2947 2805 3019 δόγμασιν
2861 2947 3039 3001 αὐτῶν
3096 2945 3452 3017 ἀσυμφωνίας
3477 2938 3586 3015 (76)

326 3040 580 3113 εἰρήσθω.

391 3131 483 3187 9.5.
537 3132 743 3185 Ἐκεῖνο
793 3133 850 3186 δὲ
880 3134 984 3187 τίνι
1031 3133 1141 3187 τῶν
1189 3133 1409 3188 πάντων
1458 3132 1674 3204 ἄδηλον,
1718 3133 1800 3187 ὅτι
1837 3133 1899 3187 τὺ

2067 3131 2159 3188 25.
2202 3130 2333 3184 Illud
2355 3141 2533 3186 autem
2566 3132 2650 3184 cui
2681 3145 2784 3184 non
2818 3139 2900 3183 est
2932 3129 3295 3198 perspicuum,
3317 3128 3461 3196 quod
3486 3126 3587 3181 ali-

326 3221 513 3296 μεῖζον
564 3224 597 3294 ἦ
636 3223 777 3278 κατὰ
825 3225 915 3278 τὸν
959 3226 1060 3295 τῆς
1104 3225 1284 3289 αἰτίας
1318 3224 1475 3294 λόγον
1518 3224 1650 3296 (77),
1684 3225 1718 3295 ἢ
1759 3225 1898 3280 κατὰ

327 3314 417 3369 τὸν
461 3316 560 3387 τῆς
610 3316 891 3388 δυνάμεως
954 3317 1321 3390 πλεονασμὸν,
1368 3318 1401 3390 ἢ
1451 3318 1592 3372 κατὰ
1651 3317 1750 3389 τὴν
1800 3317 1896 3371 τοῦ

328 3402 635 3474 ἀξιώματος
666 3406 956 3477 ὑπεροχὴν,
981 3408 1014 3479 ἢ
1046 3407 1187 3462 κατὰ
1216 3408 1324 3479 τὴνσ
1344 3408 1452 3462 τῶν
1475 3408 1654 3475 ὄγκων
1682 3425 1902 3479 περιου-

329 3494 450 3549 σίαν
492 3495 737 3565 λέγεται;
788 3499 945 3552 Κατὰ
990 3499 1087 3569 μὲν
1133 3495 1227 3552 οὖν
1277 3498 1369 3552 τὸν
1415 3498 1576 3568 ὄγκον
1627 3500 1700 3570 μὴ
1760 3499 1904 3570 εἰλῆ-

427 3672 449 3703 ⁹
477 3670 631 3726 Joan.
665 3686 772 3736 xw,
822 3670 916 3726 28.
990 3670 1033 3702 ¹⁰
1067 3669 1260 3741 Phiiip.
1287 3686 1359 3738 ιι,
1384 3671 1440 3728 6.

401 3825 512 3898 (68)
554 3826 801 3898 Veteres
831 3825 1053 3898 aliquot?
1095 3825 1217 3881 libri
1269 3826 1601 3898 compeditis,
1647 3829 1676 3879 6
1716 3826 1905 3898 Πατήρ

332 3897 508 3968 μουφό.
539 3896 642 3968 Alii
685 3897 902 3968 codices
935 3896 1173 3968 melioris
1202 3905 1362 3958 uotae,
1395 3897 1431 3968 6
1450 3897 1639 3968 Πατὴρ
1669 3899 1715 3949 6.

401 3966 514 4037 (69)
550 3965 684 4032 Reg.
727 3966 918 4021 tertius
948 3967 1014 4037 in
1049 3974 1304 4020 contextu
1340 3966 1565 4037 quidem
1592 3965 1767 4020 habet
1806 3967 1904 4020 οὐκ

330 4035 517 4090 ἀκούει
546 4054 559 4090 :
588 4038 682 4089 sed
719 4039 770 4089 in
804 4051 898 4088 ora
947 4036 1068 4089 libri
1105 4038 1268 4090 habet
1298 4036 1398 4089 οὐκ
1436 4035 1677 4099 ἀκούεις.
1712 4038 1908 4090 Statim

331 4109 463 4177 editi
492 4107 741 4177 ἡγήσατο
778 4101 947 4177 εἶναιἒ
966 4104 1114 4160 Libri
1143 4117 1352 4177 veteres
1382 4109 1627 4177 ἡγήσατο
1652 4106 1713 4159 τὸ
1748 4101 1905 4160 εἷναι.

404 4175 523 4247 (70)
546 4175 627 4247 Ita
650 4178 749 4229 hoc
778 4177 898 4231 loco
920 4175 1147 4247 Basilius
1182 4175 1523 4247 adversarios
1550 4178 1814 4239 adoritur,
1851 4188 1909 4229 ut

336 4260 428 4299 eos
465 4244 577 4297 suis
619 4246 859 4311 ipsorum
901 4246 1069 4300 armis
1112 4244 1408 4300 confodiat.
1441 4244 1633 4299 Dicitis
1660 4262 1780 4310 vos,
1827 4247 1908 4299 iu-

336 4317 453 4380 quit
481 4314 728 4377 Basilius,
759 4331 955 4370 nomen
986 4315 1163 4368 Patris
1202 4317 1598 4382 operationem,
1635 4331 1739 4368 non
1779 4318 1909 4370 sub-

336 4385 590 4438 stantiam
621 4384 878 4438 indicare.
916 4385 978 4439 Id
1006 4396 1183 4439 auletn
1220 4384 1262 4438 si
1292 4400 1478 4438 verum
1509 4395 1611 4445 est,
1643 4387 1770 4439 hinc
1800 4387 1910 4438 eili-

337 4455 503 4514 citur,
546 4452 757 4505 Patrem
804 4470 907 4506 non
940 4456 1239 4509 substantia
1275 4454 1412 4509 Filio
1462 4454 1724 4525 majorem
1767 4472 1907 4519 esse,

338 4525 432 4576 sed
466 4524 780 4590 operatione
810 4526 1089 4576 duntaxat.

412 4592 525 4662 (7i)
551 4593 700 4665 Edig
718 4601 775 4665 et
809 4607 948 4665 unus
970 4608 1076 4665 gms.
1100 4593 1257 4646 Πᾶσα
1286 4596 1395 4665 γὰρ
1418 4595 1611 4663 δήπου.
1642 4593 1745 4648 Alii
1780 4609 1914 4663 qua-

341 4672 464 4734 tuor
500 4676 626 4734 mss.
656 4662 812 4714 Πᾶσα
841 4662 897 4734 δὲ
925 4661 1117 4733 δήπου.
1158 4661 1448 4734 Aliquanto
1472 4661 1606 4734 post.
1637 4671 1742 4719 duo
1781 4661 1912 4718 mss.

339 4733 373 4804 ἢ
406 4730 899 4804 ἀίσυμμέτρωςλτῷ.

410 4750 774 4854 ασυμρετρως
798 4750 899 4800 τῳ.

410 4803 523 4873 (72)
570 4802 668 4873 lla,
700 4802 833 4873 πρὸς
856 4801 941 4873 (τό,
973 4810 1105 4862 etc.,
1134 4800 1239 4855 hoc
1264 4818 1424 4858 sensu
1456 4805 1595 4857 dicta
1627 4802 1794 4856 fuisse
1822 4818 1915 4873 ar-

339 4872 536 4926 bit’ror.
566 4872 781 4925 Patrem
826 4872 971 4942 Filio
1002 4872 1261 4942 majorem
1293 4887 1414 4928 esse
1445 4875 1488 4927 si
1528 4872 1914 4941 profiteamini,

342 4957 683 5011 t-onsequens
712 4949 795 4995 est
827 4951 886 4995 ut
922 4941 1118 4996 dicatis
1144 4941 1310 4996 Deum
1358 4944 1556 4997 frustra
1592 4944 1644 4995 in
1676 4944 1726 4995 id
1768 4943 1919 4995 incu-

342 5013 545 5075 buisse,
581 5022 636 5064 ιιι
670 5027 921 5082 magnum
955 5015 1241 5079 quemdam
1272 5011 1522 5082 effectum
1555 5014 1760 5078 ederet,
1792 5026 1915 5065 cum

341 5083 485 5150 quod
507 5082 663 5135 vellet
682 5080 895 5150 assequi
925 5097 1028 5135 non
1056 5082 1311 5151 potuerit.
1338 5080 1443 5135 Ista
1465 5091 1548 5137 est
1570 5082 1712 5135 enim
1740 5090 1918 5151 vestra

342 5153 633 5214 sententia,
671 5154 989 5218 productum
1016 5150 1119 5205 non
1154 5150 1321 5205 fuisse
1345 5165 1376 5204 a
1404 5152 1531 5215 Deo,
1569 5167 1691 5205 cum
1720 5150 1915 5205 Filium

342 5223 547 5289 genuit,
591 5221 843 5275 effectum
878 5222 1210 5290 quempiam,
1244 5223 1336 5288 qui
1366 5230 1461 5275 aut
1499 5221 1799 5290 operationi
1830 5235 1918 5274 re—

345 5294 629 5357 spondeat,
674 5299 767 5343 aut
800 5307 921 5344 cum
953 5306 1012 5343 ea
1048 5293 1450 5358 proportionem
1499 5291 1696 5344 habeat
1730 5290 1915 5344 ullam.

347 5361 421 5414 Ex
450 5378 555 5431 quo
581 5364 638 5414 lit
668 5371 723 5414 ut
747 5361 927 5423 Pater,
962 5375 1083 5432 cum
1107 5359 1301 5413 Filium
1333 5361 1637 5432 generavit,
1672 5375 1783 5415 rem
1812 5376 1919 5415 non

347 5431 420 5485 ita
453 5429 696 5499 magnam
740 5429 1071 5499 produxerit.

417 5498 754 5567 (raram
784 5500 851 5553 τὸ
877 5500 1084 5568 ἕτερον
1107 5498 1237 5553 τοῖν
1268 5498 1462 5564 δυοῖν,
1490 5512 1598 5556 etc.
1629 5499 1797 5552 Totus
1832 5499 1922 5553 hic

348 5571 498 5624 locus
525 5571 605 5625 sic
640 5572 854 5624 videtur
895 5570 1199 5624 reddendus
1230 5587 1244 5623 :
1281 5568 1469 5639 Itaque
1509 5572 1821 5639 aitet-utrum
1856 5585 1922 5622 ea:

349 5640 548 5694 duobus
581 5641 874 5695 necessario
904 5640 1203 5705 admittent,
1240 5641 1317 5693 ita
1346 5638 1401 5693 ut
1426 5640 1505 5693 vel
1533 5638 1697 5692 Pater
1717 5655 1820 5691 non
1847 5639 1921 5692 si-

349 5710 559 5779 gniﬁcet
606 5712 979 5777 operationem,
1016 5711 1106 5763 sed
1158 5710 1509 5763 substantiam
1564 5709 1922 5779 (sicqtte‘illis

350 5775 609 5835 evanesret
638 5775 938 5847 excogitata
986 5779 1353 5834 similitudinis
1400 5775 1719 5848 ratio,dum
1770 5775 1922 5831 Patri

2005 3223 2131 3291 quid
2153 3221 2254 3276 dici
2283 3220 2453 3275 possit
2485 3217 2790 3288 majus,.aut
2818 3219 3029 3273 ratione
3057 3233 3257 3285 causae,
3286 3224 3586 3285 autpoten-

2005 3315 2093 3369 tiae
2123 3312 2500 3377 redundantia,
2522 3319 2616 3364 aut
2642 3309 2960 3364 excellentia
2995 3309 3290 3379 dignitatis,
3316 3319 3409 3363 aut
3430 3309 3587 3364 molis

2010 3405 2380 3475 magnitudine
2411 3404 2435 3456 ‘l
2464 3403 2650 3470 Itaque
2694 3416 2800 3455 non
2858 3400 3029 3469 accipi
3072 3400 3246 3470 majus
3292 3399 3585 3455 secundum

2011 3498 2527 3568 magnitudinem,et
2557 3496 2642 3551 hic
2673 3495 2789 3565 ipse
2819 3494 2966 3563 prior
2991 3493 3405 3564 dixit;236et
3431 3492 3589 3562 plme

2013 3826 2238 3880 similem
2287 3824 2491 3878 Filium
2534 3826 2737 3889 dicunt,
2795 3826 2850 3878 id
2897 3834 2971 3879 est
3011 3822 3304 3889 operationi
3332 3836 3352 3875 :
3382 3826 3590 3892 qualem

2012 3897 2145 3950 enim
2190 3896 2351 3949 voluit
2406 3895 2588 3959 Pater,
2636 3896 2898 3962 inquiunt,
2937 3894 3092 3948 talem
3137 3893 3308 3960 fecit:
3350 3897 3487 3944 unde
3541 3900 3589 3962 et

2010 3967 2287 4034 imaginem
2322 3965 2600 4034 voluntatis
2639 3965 2789 4017 illum
2840 3963 3164 4031 appellant);
3200 3964 3278 4016 vel
3301 3965 3346 4015 si
3378 3963 3434 4014 id
3464 3961 3590 4015 reti-

2018 4032 2157 4099 nent,
2184 4034 2357 4098 maior
2389 4032 2530 4087 Filio
2563 4035 2726 4086 Pater
2758 4035 2863 4086 dici
2900 4049 3002 4086 non
3027 4034 3215 4099 possit.

2088 4104 2201 4172 (74)
2236 4104 2415 4158 Codex
2464 4105 2614 4159 Coll).
2651 4121 2771 4157 cum
2813 4103 2944 4173 Reg.
2981 4103 3140 4174 tertio
3185 4101 3590 4174 ἀνομοιότητος,

2016 4186 2288 4256 corrupte.
2318 4175 2422 4227 Alii
2456 4190 2583 4255 mss.
2615 4185 2668 4256 et
2708 4173 2836 4227 editi
2877 4172 3422 4256 όμοιότητοςηῐεειε.
3456 4172 3590 4256 Illud

2015 4246 2157 4309 quod
2187 4260 2310 4297 mox
2334 4245 2606 4315 sequitur,
2639 4244 2822 4315 δμοιον
2842 4244 2925 4315 τῷ
2953 4244 3185 4315 etc.,»ita
3226 4244 3592 4315 interpretans

2017 4310 2434 4382 'l'rapezuntius,
2468 4331 2586 4366 cum
2639 4310 2789 4366 Patri
2829 4310 3054 4375 Filium,
3090 4313 3144 4365 id
3189 4322 3265 4366 est
3301 4310 3591 4382 operationi

2014 4381 2237 4436 similem
2284 4382 2626 4443 arbitrentur.
2657 4398 2878 4438 sensum
2924 4387 3211 4436 verborum
3261 4383 3366 4434 alio
3398 4381 3585 4432 detor-

1968 4509 1986 4541 \
2016 4456 2104 4535 sit.
2125 4453 2243 4541 Ilioc
2268 4453 2399 4505 dicit
2418 4451 2671 4541 Ilasilius,
2703 4453 2953 4541 arbitrari
2984 4452 3366 4505 Eunomiauos.
3394 4448 3591 4503 Filium

2015 4524 2248 4577 similem
2280 4536 2400 4574 esse
2428 4521 2575 4575 Patri
2605 4522 2939 4590 operatione.

2090 4593 2201 4660 (75)
2240 4593 2368 4658 Reg.
2410 4591 2604 4645 tertius
2642 4585 2836 4644 ἐἰκόνα
2882 4590 3096 4661 βουλῆς.
3124 4589 3304 4661 νΙΙΙυιΙ,
3356 4588 3389 4658 ἢ
3433 4585 3593 4641 τοῦτο

2018 4662 2413 4730 φυλάσσοντας,
2447 4663 2525 4715 sic
2549 4663 2708 4716 debet
2737 4661 2927 4727 accipi.
2954 4660 3060 4713 Aut
3090 4660 3139 4730 si
3167 4660 3351 4712 dicunt
3383 4674 3486 4730 non
3512 4661 3591 4711 si-

2019 4727 2265 4802 gniﬁcari
2313 4732 2695 4802 substantially
2718 4730 3081 4798 appellatione
3113 4727 3311 4792 Patris,
3345 4729 3436 4802 sed
3461 4741 3591 4794 ope-

2021 4796 2306 4863 Fationem,
2334 4800 2417 4854 vel
2466 4800 2621 4853 inviti
2670 4796 2945 4853 fateantur
2987 4812 3208 4852 necesse
3246 4807 3329 4851 est
3373 4796 3591 4850 Patrem

2018 4871 2158 4924 Filio
2197 4870 2457 4937 majorem
2505 4884 2612 4924 non
2658 4884 2798 4925 esse.
2836 4869 3071 4931 Etenim,
3102 4876 3159 4921 ut
3185 4868 3261 4937 ait
3290 4883 3414 4921 mox
3440 4865 3593 4919 Basi-

2019 4942 2146 5003 lius,
2182 4936 2430 5008 operatio
2460 4940 2637 4994 omnis
2664 4939 2822 4994 habet
2853 4955 2975 4993 cum
3007 4939 3121 4991 suis
3147 4936 3427 5008 etTectibus
3469 4949 3593 5008 pro-

2019 5005 2343 5079 portiouem.
2376 5010 2508 5064 Cum
2540 5011 2718 5079 igitur
2764 5008 3008 5077 operatio
3047 5008 3223 5079 Patris
3252 5007 3468 5079 infinita
3496 5005 3589 5079 sit,

2020 5075 2074 5133 et
2104 5081 2217 5148 ipse
2251 5094 2466 5149 quoque
2495 5075 2719 5133 eﬂ'ectus
2755 5075 2997 5131 inﬁnitus
3035 5092 3156 5131 esse
3185 5076 3363 5149 debet,
3392 5075 3592 5149 alioqui

2021 5144 2139 5203 ncc'
2161 5144 2462 5219 similitudo
2492 5163 2591 5204 nec
2626 5150 2905 5219 proportio
2934 5157 3080 5202 esset
3118 5147 3489 5215 operationem
3516 5144 3595 5197 in-

2026 5229 2108 5274 ter
2140 5229 2194 5271 et
2225 5218 2493 5273 effectum.

2092 5287 2202 5358 (76)
2246 5289 2386 5342 Editi
2432 5300 2487 5340 et
2515 5287 2648 5356 Reg.
2681 5287 2900 5355 quintus
2942 5288 3123 5343 αὐτῶν
3170 5282 3509 5358 συμφωνίας,
3540 5293 3593 5339 ει

2022 5359 2096 5412 ita
2128 5355 2330 5427 legerat
2360 5355 2648 5427 interpres,
2676 5374 2799 5412 cum
2832 5360 3078 5420 verterit,
3115 5359 3182 5410 ad
3217 5355 3594 5427 reprehenden-

2021 5430 2145 5481 dam
2184 5425 2419 5497 ipsorum
2471 5425 2527 5480 in
2571 5427 2898 5496 dogmatibus
2940 5427 3296 5481 concordiam.
3347 5425 3450 5477 Alii
3496 5439 3592 5479 sex

2022 5514 2152 5551 mss.
2214 5498 2610 5568 ἀσυμφωνίας,
2652 5499 2720 5549 ad
2776 5500 3192 5568 redarguendam
3247 5497 3478 5564 ipsorum
3537 5498 3593 5547 in

2021 5571 2347 5637 dogmatibus
2383 5569 2726 5627 discordiam,
2759 5568 2979 5634 optimc.

2227 5638 2607 5723 godicesmduo
2633 5637 2667 5708 ἢ
2695 5632 2817 5723 κατ’
2851 5637 3014 5723 αυτόν
3049 5635 3278 5723 τὸνςτῆς
3296 5634 3486 5723 ,αἰτίας

2022 5705 2136 5775 γον.
2167 5705 2375 5779 ibidem
2400 5707 2525 5759 editi
2559 5718 2614 5760 et
2657 5705 2803 5779 unus
2840 5708 3004 5779 ηις.φῆ
3046 5705 3353 5779 κατ’ᾼαύτὸν
3380 5705 3471 5758 τὸν
3497 5705 3593 5774 τῆς

2024 5779 2323 5850 δυνάμεως.
2352 5778 2457 5833 Alii
2484 5792 2577 5835 sex
2606 5793 2737 5835 mss.
2779 5777 2812 5848 ἢ
2840 5777 3104 5854 mam
3129 5777 3415 5849 tijcﬁw...
