4016 6220
458 326 566 385 867

1788 325 1847 380 S.
1886 323 2131 381 BASlLlI
2162 322 2377 377 MAGNI

454 460 546 502 res
569 445 644 500 ita
678 457 737 500 se
766 444 962 507 habet;
994 456 1116 497 cum
1149 441 1201 495 in
1235 440 1610 512 magnitudine
1633 442 1808 512 majus
1831 451 2038 497 tantum

2144 441 2275 510 φθαι
2301 441 2362 493 τὸ
2389 439 2575 510 μεῖζον
2606 439 2721 509 (78)
2751 437 2913 500 αὐτός
2943 453 3001 489 τε
3036 428 3189 499 οὗτος
3219 433 3510 506 προλαϐὼν
3541 434 3751 504 ἔφησε,

455 541 548 603 sit,
579 544 845 605 quantum
872 544 927 590 et
955 534 1135 590 minus
1171 542 1228 589 et
1264 534 1516 604 amplius.
1550 535 1680 602 Quae
1730 536 1876 590 enim
1926 551 2040 589 ma-

457 627 741 696 gnitudine
797 641 900 678 non
951 631 1175 693 possunt
1226 624 1650 691 comprehendi,
1685 626 1794 679 imo
1844 625 2043 693 potius,

457 732 577 786 quae
618 715 989 785 magnitudine
1038 728 1104 769 ac
1133 715 1436 783 quantitate
1485 716 1706 770 omnino
1741 725 1953 779 carent,
1978 730 2041 769 ea

455 807 582 876 quis
604 806 774 875 possit
808 805 949 858 inter
977 820 1037 859 se
1066 804 1299 858 dimetiri
1322 804 1480 875 iiquae
1496 814 1675 860 autem
1704 821 1808 859 non
1837 817 2046 875 queunt

457 899 598 952 inter
624 911 684 952 se
720 897 1046 965 comparari,
1076 897 1346 966 quomodo
1386 900 1442 952 in
1480 899 1544 953 iis
1580 899 1631 954 id
1662 901 1805 969 quod
1833 901 2042 955 excedit

457 997 817 1058 cognoscatur
859 987 883 1042 ?
918 986 1105 1042 Dicere
1144 996 1322 1042 autem
1381 989 1659 1044 Christum
1710 991 1800 1045 Dei
1854 999 2045 1060 poten-

458 1080 612 1145 tiam,
648 1078 887 1147 potentia
912 1078 1223 1133 inferiorem
1259 1094 1400 1143 esse,
1438 1079 1594 1135 valde
1624 1080 1830 1147 puerile
1863 1090 1966 1147 est,
1990 1089 2045 1135 et

454 1187 646 1227 eorum
675 1171 768 1239 qui
796 1185 862 1225 ne
891 1171 1180 1225 audierunt
1207 1172 1423 1239 quidem
1464 1185 1651 1224 vocem
1694 1171 1927 1236 Domini,
1952 1176 2044 1240 qui

457 1265 593 1319 dixit
625 1284 636 1318 :
674 1265 787 1335 Ego
814 1272 863 1317 et
911 1261 1074 1318 Pater
1116 1279 1279 1317 unum
1334 1280 1516 1317 sumus
1546 1263 1588 1294 ¹¹
1618 1280 1630 1314 :
1659 1266 1857 1333 quique
1892 1265 2041 1328 illud,

458 1372 645 1422 unum,
674 1372 771 1425 pro
809 1356 1118 1425 aequalitate
1148 1357 1401 1425 potentiae
1442 1359 1667 1426 accepit,
1711 1369 1768 1412 ut
1812 1373 1876 1413 ex
1916 1360 2045 1427 ipsis

459 1447 733 1517 Evangelii
771 1449 948 1503 verbis
975 1450 1345 1504 ostendemus.
1387 1448 1521 1505 Cum
1560 1450 1703 1504 enim
1726 1450 1952 1506 dixisset
1978 1453 2045 1506 de

458 1540 526 1595 iis
551 1540 642 1609 qtti
673 1540 1044 1595 crediderant:
1072 1539 1270 1594 Nullus
1311 1556 1400 1596 eos
1445 1558 1473 1596 e
1524 1558 1683 1596 manu
1711 1559 1825 1597 mea
1841 1545 2044 1613 rapiet;

452 1639 532 1694 et,
580 1629 744 1684 Pater
791 1632 880 1699 qui
925 1628 1052 1685 mihi
1100 1632 1283 1696 dedit,
1327 1632 1500 1702 major
1551 1634 1791 1689 omnibus
1817 1645 1936 1701 est;
1967 1647 2042 1703 et,

459 1721 660 1778 Nullus
686 1741 714 1778 e
737 1742 896 1778 manu
947 1722 1128 1778 Patris
1162 1725 1264 1777 mei
1290 1735 1455 1794 potest
1508 1742 1713 1792 rapere,
1743 1726 1993 1797 adjunxit
2027 1748 2039 1782 :

2148 534 2243 585 καὶ
2285 531 2346 584 τὸ
2392 532 2540 594 εἰκὸς
2569 529 2746 593 οὕτως
2794 527 2942 600 ἔχει’
2995 528 3293 600 ἐπειδήπερ
3334 527 3396 580 τὸ
3441 526 3657 597 μεῖζον
3686 528 3753 580 ὲν

2139 628 2260 687 τοῖς
2297 623 2552 695 μεγέθεσι
2584 622 2838 676 τοσοῦτόν
2878 623 3048 684 ἐστιν,
3080 620 3206 674 ὅσον
3238 621 3336 674 καὶ
3374 620 3437 673 τὸ
3481 620 3750 682 ἔλαττον,

2144 719 2240 771 καὶ
2283 718 2383 771 ἔτι.
2413 717 2493 769 Τά
2534 718 2591 770 δὲ
2622 716 2970 789 ἀπερίληπτα
3007 716 3086 788 τῷ
3129 716 3379 786 μεγέθει,
3429 717 3641 787 μᾶλλον
3686 715 3752 769 δὲ

2148 811 2394 880 ἀμεγέθη
2433 809 2527 863 κα)⁵
2574 809 2756 863 άποσα
2789 808 3088 874 παντελῶς,
3117 808 3201 873 τίς
3231 807 3299 862 ἂν
3336 808 3592 879 ἀλλήλοις
3639 823 3753 861 πι-

2149 903 2572 974 ραμετρήσειενς
2605 896 2681 955 ὧν
2711 901 2769 954 δὲ
2796 902 3074 973 ἀμήχανος
3107 903 3142 972 ἡ
3182 901 3634 972 παράθεσις,τίνι
3675 900 3751 954 ἂν

2146 997 2332 1068 τρόπῳ
2364 999 2421 1049 ἐν
2448 996 2658 1059 τούτοις
2697 996 2759 1048 τὸ
2795 995 3133 1068 ὑπερϐάλλον
3171 994 3537 1066 ὲπιγνωσθείη
3566 1012 3581 1060 ;
3626 1000 3751 1048 Δυ-

2147 1091 2307 1161 νάμει
2338 1089 2397 1144 δὲ
2428 1088 2609 1158 λέγειν
2643 1089 2910 1142 ἐλλείπειν
2945 1087 3037 1142 τὸν
3070 1087 3306 1159 Χριστὸν
3331 1087 3430 1159 τὴν
3458 1088 3558 1142 τοῦ
3595 1088 3751 1142 Θεοῦ

2147 1180 2379 1250 δύναμιν
2406 1178 2602 1250 κομιδῆ
2639 1179 2848 1249 νηπίων
2892 1180 2989 1233 καὶ
3019 1178 3140 1233 οὐδὲ
3173 1179 3589 1234 κατακουόντων
3636 1180 3753 1250 τῆς

2148 1271 2334 1342 φωνῆς
2364 1271 2459 1325 τοῦ
2483 1272 2692 1343 Κυρίου
2716 1271 2852 1341 (Ἱ9),
2881 1270 3131 1339 λέγοντος
3149 1287 3163 1302 ο
3181 1270 3325 1340 Ἐγὼ
3343 1270 3444 1324 καὶ
3466 1274 3499 1326 ό
3524 1271 3750 1341 Πατήρ

2144 1364 2215 1418 ἐν
2247 1363 2437 1434 ἐσμεν
2455 1379 2469 1394 ’
2510 1363 2605 1416 καὶ
2650 1362 2711 1416 τὸ
2752 1361 2823 1416 ἐν
2862 1362 2983 1416 ἀντὶ
3031 1361 3127 1415 τοῦ
3170 1360 3313 1416 κατὰ
3356 1361 3456 1432 τὴν
3500 1360 3749 1432 δύναμιν

2148 1455 2263 1509 ῐσου
2312 1451 2855 1525 παραλαμϐάνοντος,
2898 1453 2976 1515 ὡς
3024 1450 3085 1517 ἐξ
3134 1450 3316 1507 αὐτῶν
3358 1450 3608 1521 δείξομεν
3636 1451 3746 1506 τοῦ

2145 1543 2479 1614 Εὐαγγελίου
2540 1543 2650 1595 τῶν
2712 1542 2993 1613 ῥημάτων.
3045 1540 3227 1595 Εἰπὼν
3280 1541 3388 1613 γὰρ
3442 1542 3574 1613 περ).
3622 1543 3747 1595 τῶν

2146 1635 2555 1690 πιστευσάντων
2581 1634 2685 1699 ὅτι,
2717 1633 2799 1686 Οὐ
2827 1631 2913 1701 μή
2949 1649 3038 1697 τις
3079 1631 3328 1701 ἁρπάσῃ
3355 1632 3425 1686 ἐκ
3460 1631 3575 1700 τῆς
3607 1648 3744 1700 χει..

2138 1731 2251 1797 ρός
2289 1742 2438 1797 μου’
2477 1725 2569 1778 καὶ
2613 1725 2695 1777 ὅτι
2747 1722 2800 1775 Ὁ
2834 1720 3055 1789 Πατὴρ,
3090 1720 3160 1787 ὃς
3190 1720 3412 1776 δέδωκέ
3441 1739 3577 1791 μοι,
3606 1725 3746 1792 μει-

456 1815 573 1886 Ego
594 1827 640 1870 et
670 1814 836 1870 Pater
857 1833 1020 1870 unum
1042 1833 1223 1871 sumus
1254 1819 1319 1880 “,
1350 1819 1431 1873 sic
1455 1827 1513 1873 ut
1534 1829 1718 1888 aperte
1747 1837 1912 1875 unum
1942 1838 2038 1892 pro

2143 1787 2256 1880 ξων
2289 1787 2541 1871 ’πάντων
2578 1815 2743 1869 ἐστί’
2780 1814 2895 1880 καὶ,
2940 1787 3151 1879 Ούδεὶς
3180 1787 3744 1883 δύναταινῲπιίσαι

449 1906 767 1976 aequalitate
806 1922 871 1962 ac
901 1908 1182 1963 identitate
1212 1909 1465 1977 potentiae
1489 1909 1741 1979 accipiat.
1774 1911 2038 1967 Praeterea

453 1999 500 2052 si
532 1999 623 2052 Dei
654 1998 831 2063 sedes,
868 2008 927 2053 ut
956 2014 1052 2055 nos
1071 2000 1365 2064 credimus,
1386 2000 1667 2071 dignitatis
1704 2016 1900 2059 nomen
1932 2014 2037 2069 est,

456 2091 543 2144 illa
576 2089 712 2145 Filio
739 2105 768 2143 a
819 2090 1028 2147 dextris
1074 2091 1252 2146 Patris
1281 2092 1554 2161 assignata
1591 2093 1747 2149 sedes
1780 2095 2038 2163 quidnam

455 2182 599 2235 aliud
630 2197 790 2250 quam
820 2182 1101 2249 dignitatis
1140 2184 1504 2252 aequalitatem
1538 2184 1810 2254 signiﬁcat
1836 2184 1863 2240 ?
1898 2185 2039 2253 Quin

450 2283 512 2327 et
542 2274 806 2328 Dominus
841 2275 891 2327 in
946 2275 1113 2345 gloria
1168 2275 1347 2331 Patris
1396 2287 1684 2331 venturum
1731 2292 1792 2333 se
1822 2278 2041 2345 pollice—

456 2365 623 2420 tur“.
651 2365 931 2436 Reliquum
964 2375 1046 2422 est
1080 2368 1266 2438 igitttr,
1299 2378 1358 2422 ut
1388 2385 1490 2423 vox
1525 2369 1699 2438 majus
1732 2370 1818 2425 hic
1846 2385 2041 2426 secun-

455 2460 581 2511 dum
613 2474 791 2512 causa:
840 2458 1103 2513 rationem
1143 2460 1378 2517 dicatur.
1410 2460 1544 2514 Nam
1581 2462 1837 2530 quoniam
1869 2477 1900 2517 a
1935 2461 2039 2517 Pa-

460 2556 542 2603 tre
560 2548 714 2619 origo
747 2560 829 2603 est
854 2547 999 2614 Filii,
1034 2550 1135 2605 hoc
1173 2551 1346 2617 major
1367 2563 1449 2607 est
1480 2551 1662 2617 Pater,
1699 2554 1842 2623 quod
1876 2568 2040 2608 causa

457 2639 529 2692 sit
548 2650 603 2692 et
627 2639 972 2709 principium.
998 2640 1342 2710 Quapmpter
1371 2651 1427 2695 et
1448 2641 1711 2698 Dominus
1746 2644 1825 2698 sic
1849 2643 1987 2716 dixit
2024 2664 2037 2699 :

457 2731 622 2785 Pater
648 2749 793 2786 meus
833 2749 914 2786 me
942 2733 1116 2801 major
1147 2744 1243 2801 est,
1276 2743 1436 2801 prout
1484 2734 1646 2790 Pater
1669 2735 1934 2791 videlicet.
1973 2735 2041 2789 ll-

453 2823 546 2876 lud
574 2835 780 2887 autem,
818 2822 1017 2889 Pater,
1055 2824 1187 2893 quid
1241 2824 1385 2880 aliud
1435 2826 1638 2881 indicat
1674 2826 1778 2882 nisi
1822 2842 2039 2883 causam

457 2924 619 2984 atque
658 2914 923 2987 originem
959 2929 1081 2971 esse
1126 2915 1244 2983 ejus
1272 2917 1367 2985 qui
1399 2931 1463 2970 ex
1492 2918 1612 2986 ipso
1656 2919 1875 2989 genitus
1911 2918 2041 2973 est?

456 3006 695 3075 Denique
743 3009 1040 3063 secundum
1088 3017 1322 3062 vestram
1362 3011 1703 3079 sapientiam,
1738 3010 2039 3065 substantia

2141 1912 2214 1966 ἐκ
2246 1910 2357 1978 τῆς
2403 1908 2602 1978 χειρὸς
2638 1907 2745 1963 τοῦ
2780 1908 3012 1975 Πατρός
3035 1924 3176 1975 μου,
3215 1908 3529 1977 ἐπήγαγεν·
3583 1908 3743 1977 Ἐγὼ

2143 2002 2244 2057 καί
2270 2005 2303 2057 ὁ
2333 2000 2537 2069 Πατὴρ
2565 1999 2635 2054 ἒν
2675 1999 2883 2068 ἐσμεν,
2916 1997 3104 2067 σαφῶς
3133 1998 3196 2052 τὸ
3222 1997 3293 2052 ἐν
3320 1999 3443 2053 ἀντὶ
3472 1998 3570 2053 τοῦ
3612 1997 3741 2053 [σου

2146 2096 2241 2149 καὶ
2306 2093 2506 2148 ταύτοῦ
2567 2092 2708 2147 κατὰ
2759 2091 2990 2165 δύναμιν
3046 2090 3511 2163 παραλαμϐάνων.
3572 2089 3742 2145 Ἀλλὰ

2148 2186 2255 2258 μὴν
2284 2187 2339 2239 εί
2364 2204 2427 2255 γε
2461 2186 2558 2239 καὶ
2596 2188 2626 2239 6
2659 2184 2847 2255 θρόνος
2876 2187 2906 2238 6
2948 2183 3043 2238 τοῦ
3076 2183 3213 2238 Θεοῦ
3246 2183 3384 2255 (80),
3413 2183 3607 2256 ὥσπερ
3638 2181 3740 2239 οὖν

2143 2279 2308 2348 ἡμεῖς
2342 2277 2811 2347 πεπιστεύκαμεν,
2854 2276 3163 2347 ἀξιώματός
3204 2278 3352 2330 ἐστιν
3377 2276 3570 2346 ὄνομα,
3604 2277 3639 2347 ἠ
3666 2280 3738 2330 ἐκ

2142 2368 2332 2434 δεξιῶν
2378 2368 2474 2422 τοῦ
2510 2369 2723 2440 Πατρὸς
2761 2369 3116 2440 ἀφωρισμένη
3152 2368 3229 2439 τῷ
3260 2368 3375 2439 Υἱῷ
3412 2368 3650 2440 καθέδρα
3676 2370 3736 2422 τί

2145 2479 2278 2516 ποτε
2306 2461 2514 2532 ἕτερον,
2554 2461 2649 2514 καὶ
2673 2460 2795 2530 οὐχὶ
2826 2461 2886 2513 τὸ
2910 2460 3169 2531 ὁμότιμον
3196 2461 3297 2530 τῆς
3325 2459 3482 2526 ἀξίας
3522 2461 3735 2530 ἀποση-

2149 2551 2362 2624 μαίνει;
2401 2551 2560 2605 Ἀλλὰ
2593 2550 2688 2604 κα).
2737 2548 2887 2620 ἥξειν
2926 2551 2956 2603 6
2984 2549 3191 2620 Κύριος
3233 2548 3627 2617 ἐπαγγέλλεται
3671 2550 3734 2600 ἑν

2143 2649 2208 2716 τῇ
2241 2644 2367 2717 δόξῃ
2396 2643 2490 2697 τοῦ
2536 2644 2769 2715 Πατρός.
2807 2641 3067 2696 Λείπεται
3098 2642 3273 2695 τοίνυν
3318 2640 3460 2695 κατὰ
3491 2640 3584 2694 τὸν
3631 2640 3733 2709 τῆς

2144 2737 2327 2801 αἰτίας
2363 2736 2520 2805 λόγον
2568 2733 2804 2789 ἐνταῦθα
2842 2732 2905 2787 τὸ
2929 2731 3138 2804 μεῖζον
3182 2731 3457 2802 λέγεσθαι.
3512 2731 3732 2801 Ἐπειδὴ

2145 2829 2255 2901 γὰρ
2282 2827 2419 2898 (80‘)
2436 2829 2545 2881 ἀπὸ
2575 2825 2669 2880 τοῦ
2690 2825 2907 2897 Πατρὸς
2934 2825 3131 2897 ήάρχὴ
3160 2823 3238 2894 τῷ
3262 2822 3394 2893 Υίῷ,
3413 2822 3555 2876 κατά
3571 2822 3734 2875 τοῦτο

2149 2919 2351 2990 μείζων
2378 2921 2407 2972 ὁ
2435 2919 2650 2990 Πατὴρ,
2677 2919 2754 2982 ὡς
2785 2917 2961 2980 αἴτιος
2990 2916 3082 2970 καὶ
3109 2916 3271 2987 ἀρχή.
3299 2916 3389 2969 Διὸ
3420 2916 3515 2969 καὶ
3551 2915 3584 2966 6
3613 2913 3733 2968 Κύ-

2149 3029 2262 3082 ριος
2292 3010 2465 3074 οὕτως
2493 3007 2645 3065 εἶπεν
2666 3028 2678 3041 ·
2721 3012 2776 3063 Ὁ
2810 3009 3010 3077 Πατήρ
3040 3025 3159 3077 μου
3184 3006 3397 3078 μείζων
3419 3024 3537 3077 μου
3569 3005 3730 3071 ἐστι,

454 3098 571 3164 ipsa
601 3101 901 3154 substantia
941 3114 1047 3155 non
1078 3100 1276 3154 dicitur
1305 3101 1476 3170 major
1510 3112 1603 3157 aut
1632 3103 1828 3158 minor.
1864 3103 2038 3169 Quare

2145 3102 2282 3156 καθὸ
2327 3101 2516 3174 Πατὴρ
2562 3101 2823 3172 δηλονότι.
2861 3100 2933 3153 Τὸ
2980 3099 3061 3163 δὲ,
3098 3099 3318 3167 Πατὴρ,
3350 3099 3405 3151 τί
3452 3097 3584 3152 ἄλλο
3624 3114 3731 3169 ση-

452 3202 509 3244 et
550 3191 844 3245 secundum
906 3192 1029 3248 illos
1091 3192 1265 3262 ipsos,
1309 3204 1365 3249 et
1409 3194 1704 3250 secundum
1757 3196 2038 3251 veritatem

2145 3193 2324 3265 μαίνει
2352 3194 2384 3264 ἢ
2417 3194 2537 3264 οὐχὶ
2568 3193 2628 3246 τὸ
2654 3192 2802 3246 αίτία
2859 3186 2999 3245 εἶναι
3031 3192 3124 3245 καὶ
3151 3191 3293 3261 ἀρχὴ
3326 3189 3421 3243 τοῦ
3453 3190 3515 3256 ἐξ
3557 3189 3727 3243 αὑτοῦ

455 3282 648 3350 ipsam,
685 3298 787 3337 vox
835 3284 1052 3353 majoris
1102 3300 1223 3355 quae
1277 3295 1536 3356 usurpata
1566 3296 1672 3350 est,
1706 3286 1850 3339 nullo
1881 3300 2041 3355 pacto

454 3374 819 3440 praestantiam
852 3377 1150 3430 secundum
1204 3377 1559 3431 substantiam
1601 3377 1889 3448 signiﬁcat.
1928 3378 2037 3435 Nec

455 3478 585 3519 vero
624 3465 712 3520 hic
747 3466 862 3536 ipse
894 3468 1061 3522 Deum
1097 3467 1310 3524 Patrem
1336 3470 1592 3537 majorem
1625 3471 1825 3526 dixerit
1848 3486 2039 3527 secun-

454 3557 579 3610 dum
617 3559 834 3622 molem,
862 3561 955 3630 qui
1011 3561 1221 3617 scilicet
1264 3564 1536 3629 statuerit,
1577 3564 1932 3632 quantitatem
1984 3566 2037 3620 in

455 3646 564 3701 Deo
591 3649 813 3721 intelligi
847 3667 952 3707 non
994 3664 1265 3723 Oportere.
1288 3655 1543 3722 Superest
1573 3655 1737 3724 igitur
1766 3656 1834 3720 is,
1872 3673 2033 3727 quem

455 3752 553 3792 nos
593 3739 843 3804 diximus,
890 3742 1113 3811 majoris
1162 3745 1370 3810 modus,
1418 3744 2037 3815 principii,inquam,et

453 3841 650 3882 causae.
680 3829 853 3897 Quam
895 3833 1076 3902 itaque
1108 3834 1495 3903 blasphemiam
1532 3836 1678 3890 circa
1708 3852 1892 3894 vocem
1920 3854 2032 3891 ma-

451 3916 537 3983 jus
581 3923 826 3998 tentavit,
857 3939 917 3979 ea
948 3926 1212 3994 ejusmodi
1236 3936 1337 3982 est.

2141 3286 2532 3357 γεννηθέντος;
2565 3284 2742 3347 Ὅλως
2773 3284 2832 3337 δὲ
2865 3283 3022 3337 οὐσία
3059 3282 3282 3346 οὐσίας,
3330 3282 3425 3334 καὶ
3458 3281 3602 3335 κατὰ
3626 3281 3729 3352 τὴν

2145 3378 2418 3450 ὑμετέραν
2451 3376 2562 3449 (Si)
2611 3375 2825 3444 σοφίαν,
2875 3372 3075 3445 μείζων
3125 3375 3221 3428 καὶ
3265 3373 3502 3428 ἐλάττων
3531 3375 3594 3427 οὐ
3641 3374 3729 3427 λέ-

2144 3487 2317 3540 γεται.
2352 3469 2515 3522 Ὥστε
2549 3468 2645 3521 καὶ
2677 3466 2819 3522 κατὰ
2853 3465 3097 3533 τούτους,
3130 3467 3225 3520 καὶ
3271 3466 3393 3520 κατ’
3418 3467 3590 3537 αὐτὴν
3622 3467 3726 3537 τὴν

2144 3563 2426 3635 ἀλήθειαν,
2489 3561 2665 3614 οὐδενὶ
2699 3560 2766 3614 ἂν
2798 3559 2984 3629 τρόπῳ
3028 3559 3128 3630 τὴν
3173 3558 3293 3611 κατ’
3323 3558 3513 3611 οὐσίαν
3554 3559 3729 3629 ὑπερ-

2140 3654 2271 3723 οχὴν
2317 3653 2347 3705 6
2396 3651 2756 3723 προκείμενος
2803 3648 2960 3717 λόγος
2994 3648 3088 3701 τοῦ
3120 3646 3395 3717 μείζονος
3440 3649 3721 3718 ἐμφαίνοι.

2154 3745 2316 3797 Ἀλλά
2367 3744 2473 3816 μὴν
2515 3743 2637 3796 οὐδὲ
2678 3742 2797 3795 κατ’
2844 3740 3007 3808 ὄγκον
3041 3740 3175 3811 φαίη
3229 3739 3296 3794 ἂν
3345 3740 3510 3803 αὐτὸς
3557 3735 3718 3802 οὗτος

2143 3838 2366 3908 μείζονα
2388 3837 2479 3889 τὸν
2503 3836 2636 3889 Θεὸν
2657 3834 2878 3906 Πατέρα
2894 3849 2908 3863 ⁸
2927 3834 2954 3886 ὅ
2978 3849 3039 3900 γε
3060 3832 3480 3903 ἀποφηνάμενος
3504 3831 3616 3901 (82)
3643 3832 3722 3902 μὴ

2139 3931 2335 4001 χρῆναι
2385 3930 2514 4000 περὶ
2552 3928 2645 3982 τὸν
2684 3925 2816 3980 Θεὸν
2857 3927 3107 3978 ὑπονοεῖν
3149 3925 3507 3996 πηλικότητα.
3550 3923 3720 3976 Ὑπό-

450 4011 635 4075 λοιπος
663 4009 756 4070 οὖν
788 4016 937 4070 ἐστιν
967 4021 994 4072 6
1022 4021 1152 4090 παρ’
1225 4020 1382 4092 ἡμῶν
1416 4022 1630 4093 λεχθεὶς
1694 4022 1788 4077 τοῦ
1821 4020 2092 4093 μείζονος
2130 4022 2352 4094 τρόπος,
2382 4023 2412 4074 ὁ
2444 4019 2547 4091 τῆς
2587 4021 2785 4091 ἀρχῆς,
2811 4018 2978 4087 λέγω,
3010 4018 3105 4071 καὶ
3146 4018 3245 4088 τῆς
3276 4017 3475 4079 αἰτίας.
3516 4015 3581 4068 Ἦ
3615 4014 3719 4085 μὲν

450 4103 543 4157 οὖν
574 4105 717 4159 κατὰ
760 4107 820 4160 τὸ
838 4109 1040 4177 μεῖζον
1075 4112 1421 4183 ἐπιχείρησις
1464 4113 1630 4168 αὐτοῦ
1657 4115 1758 4186 τῆς
1804 4113 2154 4185 βλασφημίας
2186 4111 2430 4182 τοιαύτη.

521 4199 612 4252 26.
645 4198 779 4252 lllud
815 4210 994 4255 autem
1026 4202 1384 4257 admiratione
1416 4207 1655 4275 dignum,
1685 4209 1828 4275 quod
1866 4209 1947 4263 sic
1977 4208 2030 4261 in

2206 4204 2297 4258 26.
2353 4204 2559 4256 Ἐκεῖνο
2588 4203 2646 4256 δὲ
2674 4201 2952 4272 θαυμάσαι
2982 4198 3151 4264 ἄξιον,
3178 4200 3259 4252 ὅτι
3290 4199 3462 4262 οὕτως
3492 4202 3551 4253 ὲν
3584 4199 3719 4270 βρα-

452 4292 641 4359 paucis
663 4292 731 4346 ad
762 4307 1043 4348 sermones
1072 4309 1329 4363 perquam
1356 4296 1494 4350 inter
1528 4311 1586 4351 se
1608 4300 1911 4353 contrarios
1937 4299 2035 4353 de-

454 4384 660 4453 lapsus,
686 4385 858 4440 oculis
901 4388 1067 4442 animi
1094 4390 1242 4444 velut
1269 4390 1501 4460 quadam
1536 4391 1779 4446 caecitate
1823 4392 2035 4459 percul-

452 4478 548 4541 sis,
578 4478 865 4534 verborum
913 4481 1053 4536 inter
1081 4497 1141 4538 se
1178 4498 1418 4553 pugnam
1453 4483 1758 4554 intelligere
1800 4498 1910 4539 non
1938 4499 2034 4555 po—

453 4572 553 4623 tuit
581 4589 595 4625 :
620 4571 837 4640 planum
858 4580 914 4627 ut
946 4573 1019 4628 sit
1045 4588 1108 4628 ac
1129 4574 1500 4644 conspicuum,
1525 4589 1646 4629 eum
1673 4582 1780 4629 tam
1798 4574 2031 4629 alienum

452 4677 575 4717 esse
602 4679 630 4717 a
673 4665 763 4718 Dei
796 4681 947 4735 pace,
977 4682 1141 4738 quam
1164 4667 1425 4723 Dominus
1476 4677 1660 4723 noster
1687 4669 1754 4721 iis
1783 4668 1874 4737 qui
1907 4682 2033 4721 vere

453 4769 519 4808 ac
543 4754 754 4809 sincere
794 4756 847 4810 in
900 4757 1075 4827 ipsum
1130 4759 1498 4824 crediderunt,
1527 4759 1764 4828 reliquit,
1797 4760 1980 4813 dicens
2012 4777 2027 4814 :

456 4845 647 4898 Pacem
684 4848 922 4918 relinquo
974 4851 1151 4912 vobis,
1182 4868 1360 4918 pacem
1385 4867 1553 4904 meam
1594 4853 1663 4904 do
1704 4852 1845 4905 vobis
1876 4851 1940 4915 “,
1977 4860 2035 4905 ut

452 4954 557 4992 non
588 4953 710 4994 cum
742 4940 863 4995 aliis
893 4941 1092 5009 solum,
1122 4944 1214 4997 sed
1246 4959 1429 4999 secum
1470 4944 1634 4998 etiam
1670 4943 1785 5012 ipse
1814 4952 2030 5014 pugnet.

526 5140 564 5169 ιι
593 5137 750 5193 Joan.
781 5155 835 5204 x,
863 5140 953 5196 ευ.
1032 5143 1074 5173 ιε
1098 5142 1230 5198 ibid.
1262 5140 1453 5199 28-30.
1533 5143 1576 5174 ιε
1601 5101 1790 5197 Matth.
1812 5158 1926 5209 XVI,
1956 5140 2046 5196 27.

526 5328 635 5397 (78)
666 5328 844 5382 Codex
872 5345 1010 5384 unus
1040 5331 1102 5383 τὸ
1140 5330 1389 5438 μείζονα.
1415 5330 1709 5401 Aliquanto
1745 5341 1862 5402 post
1899 5333 2027 5388 editi

454 5398 574 5438 ἲιτηυ
600 5399 690 5438 νη)
726 5398 786 5438 ιιι-Α
835 5398 1033 5438 Vnnnla
1061 5418 1129 5438 νη
1213 5403 1264 5438 in
1293 5400 1472 5438 mnllic
1506 5418 1612 5438 mea
1666 5404 1811 5438 Λοοει

450 5398 574 5449 630v
600 5399 695 5452 κα).
726 5398 805 5452 τό.
835 5398 1034 5453 Vocula
1061 5398 1156 5453 καί
1213 5403 1264 5455 in
1293 5400 1473 5456 multis
1506 5398 1633 5457 mss.
1666 5398 1839 5457 deest.

2140 4299 2227 4369 χεῖ
2265 4295 2402 4368 πρὸς
2445 4295 2572 4359 τοὺς
2615 4294 3039 4356 ἐναντιωτάτους
3088 4291 3277 4360 λόγους
3318 4292 3715 4363 περιτρεπόμεο

2138 4405 2256 4453 νος,
2306 4386 2554 4458 καθάπερ
2586 4385 2819 4458 ἀορασίᾳ
2850 4385 2956 4437 τινί
2984 4385 3111 4447 τοὺς
3147 4386 3244 4453 τῆς
3283 4383 3463 4453 ψυχῆς
3514 4382 3713 4451 ὀφθαλ-

2140 4481 2274 4551 μοὺς
2317 4478 2719 4549 πεπληγμένος,
2766 4475 2994 4529 συνιδεῖν
3039 4476 3139 4546 τὴν
3185 4478 3243 4528 ὲν
3293 4477 3408 4537 τοῖς
3461 4474 3575 4540 (85)
3628 4474 3713 4527 λε-

2135 4572 2312 4642 χθεῖσι
2350 4571 2530 4641 μάχην
2569 4571 2670 4624 οὐκ
2699 4568 2959 4640 ἐδυνήθηο
2991 4568 3077 4622 ἴνα
3108 4570 3250 4637 φανῇ
3282 4565 3535 4620 τοσοῦτον
3567 4564 3713 4630 ξένος

2135 4661 2211 4715 ὣν
2238 4662 2339 4731 τῆς
2372 4661 2466 4715 τοῦ
2507 4660 2642 4714 Θεοῦ
2677 4663 2934 4732 εἰρήνης,
2981 4661 3049 4730 ἣν
3080 4662 3107 4713 6
3141 4657 3346 4729 Κύριος
3392 4657 3556 4728 ἡμῶν
3601 4659 3712 4720 τοῖς

2134 4753 2373 4823 γνησίως
2419 4753 2515 4805 καὶ
2577 4751 2783 4814 ἀδόλως
2819 4752 2901 4815 είς
2944 4751 3105 4804 αὐτὸν
3150 4748 3573 4802 πεπιστευκόσιν
3611 4748 3712 4817 ἁφ-

2136 4846 2292 4915 ῆκεν,
2318 4843 2517 4899 εἰπών·
2566 4843 2831 4911 Εἰρήνην
2865 4844 3076 4912 ἀφίημι
3108 4839 3273 4910 ὑμῖν,
3300 4838 3550 4908 είρήνην
3597 4839 3712 4907 τὴν

2138 4936 2292 5006 ἐμὴν
2338 4936 2547 5006 δίδωμι
2588 4935 2760 5005 ὑμῖν
2798 4934 2940 4988 ὥστε
2985 4936 3107 5005 οὐχὶ
3150 4936 3262 4998 τοῖς
3305 4932 3483 4997 ἀλλοις
3529 4931 3707 5002 μόνον,

2125 5138 2170 5172 ¹⁶
2192 5138 2346 5194 Joau.
2378 5154 2488 5201 xw,
2522 5138 2613 5192 27.

2208 5332 2342 5401 (80‘)
2374 5332 2504 5397 Reg.
2531 5340 2760 5402 quartus
2784 5330 2937 5402 παρὰ
2957 5332 3074 5385 τοῦ.

2205 5403 2319 5472 (Ri)
2346 5403 2487 5457 Editi
2519 5412 2574 5455 et
2613 5400 2747 5469 Reg.
2780 5400 3050 5473 secundus
3089 5400 3231 5473 κατὰ
3266 5402 3365 5472 τὴν
3406 5401 3703 5473 ἡμετέραν.

526 5468 637 5536 (79)
671 5469 808 5548 Εέιίιί
859 5469 964 5550 τῆς
1007 5472 1195 5550 φωνῆς
1235 5470 1338 5542 τῆς
1379 5473 1609 5544 Κυρίου,
1667 5473 1790 5528 libri
1827 5482 2038 5528 veteres

2143 5468 2498 5550 Nitamur
2526 5486 2655 5550 mse-
2685 5468 2827 5550 ἐατρι
2846 5471 2945 5541 τὴν
2973 5471 3265 5550 ἡμετέραν

451 5536 771 5611 τῆςᾼιρωνῆς
799 5539 894 5611 τοῦ
919 5536 1149 5611 Κυρίου.

528 5604 1040 5681 ιςθλᾼίιιίιιηί-ιίιιὸ
1087 5610 1209 5664 libri
1258 5609 1356 5681 θρό

459 5744 633 5801 deest.

2203 5542 2313 5662 $82)
2346 5542 2485 5596 Editi
2512 5540 2735 5611 μείζονα
2753 5540 2847 5623 τὸν
2868 5540 3097 5623 πατέρα·
3121 5540 3153 5593 ὅ
3166 5558 3232 5609 γε
3253 5540 3701 5624 άποφαινόμενος.

2203 5614 2285 5662 ιι).
2319 5627 2439 5662 eum
2470 5610 2604 5662 Rea.
2646 5622 2804 5662 tertio
2839 5623 2916 5662 uti
2954 5613 3129 5662 legere
3152 5621 3238 5662 est
3269 5628 3320 5662 in
3354 5621 3629 5662 contextu.

1359 5627 1449 5673 νος
1496 5611 1591 5666 τοῦ
1630 5611 1790 5665 Θεοῦ.
1833 5611 2035 5667 Ibidem

2143 5610 2439 5668 Balineum
2470 5610 2604 5679 Reg.
2646 5612 2804 5665 tertio
2839 5612 2916 5665 uti
2954 5610 3129 5679 legere
3152 5621 3238 5679 est
3269 5612 3320 5665 in
3354 5610 3629 5665 contextu.

455 5688 489 5754 εξ
510 5675 611 5735 liti,
642 5675 856 5731 Ὥσπεο
881 5675 971 5732 οὖν
1000 5683 1182 5751 ἡμεῖς.
1218 5675 1502 5754 Ιιίύά,οὖν,
1524 5683 1576 5738 in
1607 5682 1876 5754 aliquibus
1907 5698 2036 5739 mss.

2205 5681 2317 5752 (85)
2347 5680 2494 5735 Libri
2527 5678 2739 5738 veteres
2768 5680 2868 5753 τὴν
2899 5684 2957 5735 ὲν
2982 5678 3114 5743 τοῖς.
3144 5678 3303 5748 Illud,
3338 5681 3437 5753 τήν
3462 5681 3514 5736 in
3538 5682 3705 5738 editis

2136 5753 2494 5810 desideratur.
