4016 6220
309 357 418 411 569

1440 337 1807 440 onen'sus
1844 348 2212 408 EUNOMIUM
2249 348 2378 403 LIB.
2421 349 2464 401 ι.

3461 354 3568 409 570

306 469 442 524 ἀλλὰ
479 475 574 521 καὶ
601 480 762 531 αυτος
806 467 984 538 ἑαυτῷ
1013 433 1358 537 διαμάχεταῖ.
1403 434 1640 526 Μείζονα
1673 465 1780 536 γὰρ
1811 466 1879 516 εί-

1987 465 2121 519 Nam
2153 466 2240 519 ubi
2285 464 2451 516 Deum
2490 472 2544 516 et
2574 462 2784 515 Patrem
2821 464 2954 516 dixit
2983 463 3258 533 unigenito
3288 466 3425 520 Filio
3454 484 3564 524 ma-

307 562 424 614 πὼν
452 560 542 613 τὸν
573 559 703 612 Θεὸν
736 560 830 612 καὶ
863 559 1079 630 Πατέρα
1109 559 1201 611 τοῦ
1239 557 1569 624 Μονογενοῦς
1603 557 1752 618 Υίοῦ,
1788 558 1881 609 κα)⁸

305 656 416 714 τοῖς
439 653 499 705 τὸ
523 651 634 704 ἴσον
658 651 874 720 λέγουσι
899 651 1095 722 μανίαν
1119 651 1445 714 ἐπικαλέσας
1469 651 1602 720 (84),
1625 650 1699 712 ὡς
1719 651 1881 711 αὐτὸς

306 747 732 815 ἀναντιρρήτους
766 744 902 814 ἔχων
947 744 1136 796 τούτου
1170 741 1268 805 τάς
1312 741 1632 806 ἀποδείξεις,
1684 741 1878 813 μικρὸν

307 838 514 900 ὑποϐὰς
541 838 809 906 σκέψασθε
837 833 924 890 οἷα
951 837 1173 908 γράφει.

376 931 534 986 ΕΥΝ.
577 929 716 981 Ἀλλ’
758 929 841 981 ὅτι
895 928 994 998 μὲν
1027 924 1106 990 εἷς
1153 926 1312 980 ὁτῶν
1365 925 1502 979 ὅλων
1548 925 1680 988 Θεὸς
1725 926 1880 992 ἀγέν-

306 1041 464 1094 νητος
500 1024 593 1076 καὶ
622 1020 973 1091 ἀσύγκριτος.
1017 1019 1280 1072 πλειόνων
1325 1019 1494 1071 ὄντων
1539 1018 1649 1070 τῶν
1695 1033 1871 1086 παρα-

306 1115 702 1186 λελειμμένων,
742 1115 1010 1185 ἀποχρῆν,
1050 1111 1310 1182 ήγοῦμαι,
1362 1111 1456 1164 καὶ
1517 1110 1586 1164 τὰ
1645 1110 1878 1181 ρηθέντα

306 1207 444 1276 πρὸς
476 1203 770 1269 ἀπόδειξιν.

377 1299 524 1352 ΒΑΣ.
575 1296 896 1370 Ἑρωτάσθω
928 1295 1126 1360 τοίνυν,
1177 1297 1224 1348 εί
1274 1293 1601 1364 ἀσύγκριτος
1644 1294 1672 1346 6
1710 1292 1872 1355 Θεὸς,

307 1391 471 1444 πόθεν
509 1390 674 1442 αὑτοῦ
705 1391 738 1458 ἡ
779 1388 1016 1459 ὑπεροχὴ
1049 1385 1391 1456 κατελήφθη;
1431 1386 1503 1437 Τὸ
1548 1384 1658 1455 γὰρ
1694 1383 1874 1454 μεῖζον

307 1486 368 1538 ἐκ
396 1483 495 1553 τῆς
534 1482 669 1552 πρὸς
716 1481 783 1534 τὰ
832 1479 1207 1552 ὑπερεχόμενα
1252 1477 1604 1547 παραθέσεως
1659 1476 1878 1548 Θεωρεῖ-

314 1593 414 1629 ται.
459 1573 582 1636 Πῶς
615 1569 707 1626 οὖν
739 1574 766 1624 6
798 1571 960 1634 αὐτὸς
1001 1571 1096 1624 καὶ
1135 1569 1333 1640 μείζων
1371 1569 1487 1621 ἐστὶ
1527 1569 1622 1621 καὶ
1663 1568 1876 1639 ἀπαρά-

307 1666 492 1730 Θετος;
539 1663 676 1717 Ἀλλ’
701 1664 787 1716 ἵνα
819 1664 917 1733 μὲν
953 1660 1415 1732 παρηλλαγμένην
1456 1659 1549 1712 τοῦ
1599 1658 1734 1712 Θεοῦ
1777 1659 1876 1731 τὴν

307 1759 491 1812 οὐσίαν
528 1756 662 1826 πρὸς
705 1755 802 1826 τὴν
847 1752 940 1808 τοῦ
974 1752 1314 1821 Μονογενοῦς
1347 1752 1607 1822 ἐπιδείξῃ,
1652 1768 1876 1824 συγκρι-

1981 558 2177 627 jorem,
2219 568 2273 611 et
2309 573 2402 610 eos
2452 559 2540 625 qui
2574 557 2833 624 mqualem
2879 557 3082 623 dicunt,
3122 559 3405 614 dementiae
3444 561 3564 616 insi-

1988 649 2240 715 mulavit;
2273 649 2425 718 quasi
2455 657 2798 717 suppetereut
2827 649 2929 703 sibi
2953 663 3015 703 ea
3044 653 3109 703 de
3138 664 3195 702 re
3223 652 3565 708 demonstra-

1988 741 2182 802 tiones,
2215 741 2408 808 quibus
2437 755 2539 792 non
2575 738 2745 807 possit
2785 741 3102 804 contradici,
3133 742 3406 810 paululum
3441 758 3566 812 pro-

1986 842 2204 896 gressus
2238 827 2414 894 qualia
2441 827 2663 894 scribat,
2699 827 3007 894 expendite.

2057 918 2187 973 Eua.
2237 917 2462 982 Verum,
2505 921 2645 985 quod
2695 934 2831 972 unus
2887 920 2957 973 sit
3005 921 3374 975 universorum
3421 923 3560 978 Deus

1985 1014 2251 1082 ingenitus
2277 1022 2438 1079 atque
2477 1013 2932 1080 incomparabilis,
2959 1013 3198 1081 pluribus
3229 1016 3473 1081 omissis,
3495 1030 3558 1068 ea

1981 1119 2102 1174 quas
2155 1104 2295 1157 dicta
2343 1111 2485 1166 sunt,
2537 1113 2685 1170 puto,
2715 1102 2985 1158 suiliciunt
3023 1105 3089 1157 ad
3141 1105 3561 1161 demonsuatio—

1982 1210 2124 1250 nem.

2052 1288 2177 1342 Bas.
2203 1287 2570 1355 Interrogetur
2596 1284 2778 1353 itaque
2816 1301 2829 1337 :
2869 1286 2912 1339 si
2939 1285 3372 1353 incomparabilis
3393 1288 3554 1358 237

1982 1388 2063 1432 est
2107 1379 2266 1438 Deus,
2311 1379 2449 1429 unde
2494 1379 2777 1444 prmseutia
2823 1377 2938 1444 ejus
2981 1376 3368 1444 comprehensa
3423 1381 3555 1432 est?

1981 1469 2187 1537 Quippe
2224 1469 2274 1521 id
2310 1467 2451 1535 quod
2481 1467 2652 1533 majus
2687 1478 2771 1523 est
2799 1484 2864 1523 ex
2914 1472 3317 1541 cornparatione
3366 1487 3552 1526 eormn

1981 1574 2100 1628 quae
2133 1569 2476 1628 superantur,
2509 1561 2827 1615 aestimatur.
2865 1560 2965 1626 Qui
3002 1562 3164 1631 igitur
3194 1562 3310 1616 lieri
3354 1573 3552 1632 potest,

1982 1659 2038 1701 ut
2065 1649 2203 1704 idem
2235 1659 2289 1702 et
2335 1650 2508 1719 major
2538 1649 2608 1703 sit
2639 1659 2694 1703 et
2747 1651 3185 1720 incomparabilis
3215 1655 3237 1707 ?
3267 1653 3462 1708 Verum
3498 1666 3555 1708 ut

1984 1741 2074 1793 Dei
2119 1742 2474 1794 substantiam
2521 1743 2588 1798 ab
2629 1742 2896 1812 Unigeniti
2949 1744 3246 1799 substantia
3285 1749 3551 1801 diversam

307 1850 471 1912 τικῶς
515 1848 804 1916 λεγόμενον
842 1845 901 1898 τὸ
916 1843 1118 1914 μεῖζον
1161 1845 1239 1907 εἰς
1277 1843 1376 1914 τὴν
1407 1844 1502 1912 τῆς
1546 1842 1732 1906 ούσίας
1769 1843 1874 1895 δια-

1984 1832 2305 1895 ostenderet,
2326 1829 2474 1896 illud,
2505 1832 2698 1898 majus,
2722 1847 2816 1886 ceu
2853 1836 3213 1902 comparative
3241 1845 3549 1906 usurpatum
3577 1881 3581 1896 ,

308 1944 476 2014 φορὰν
517 1928 823 2007 ἐξεδέξατο·
858 1937 944 1990 ἵνα
971 1937 1027 1989 δὲ
1071 1934 1230 1987 πάλιν
1279 1937 1359 1996 είς
1397 1934 1457 1986 τὸ
1503 1935 1764 2003 ὁμότιμον
1809 1935 1874 2004 τῇ

309 2035 483 2088 κτίσει
525 2033 616 2084 τὸν
665 2028 942 2097 Μονογενῆ
997 2027 1318 2096 καταγάγῃ,
1365 2025 1692 2094 ἀσύγκριτον
1740 2019 1877 2077 εἶναι

308 2127 396 2178 τὸν
437 2124 658 2194 Πατέρα
690 2121 996 2192 νομοθετείο
1038 2119 1228 2189 καινήν
1258 2135 1379 2170 τινα
1412 2117 1506 2169 καὶ
1549 2115 1876 2187 ἀσύγκριτον

307 2217 472 2281 ὅντως
510 2215 608 2287 τὴν
641 2215 758 2267 ὁδὸν
788 2214 887 2282 τῆς
921 2211 1266 2282 βλασφημίας
1314 2209 1576 2261 ἐπινοῶνο
1607 2210 1663 2260 ἐν
1707 2225 1876 2278 προσ-

308 2311 521 2380 ποιήσει
567 2308 631 2379 δὴ
679 2305 772 2359 τοῦ
822 2303 989 2374 ὑψοῦν
1045 2304 1137 2356 καὶ
1187 2301 1423 2372 ἐξαίρειν
1466 2301 1556 2353 τὸν
1600 2299 1732 2352 Θεὸν
1782 2301 1878 2353 καὶ

307 2402 555 2473 Πατέρα,
593 2399 688 2453 τοῦ
731 2395 1069 2466 Μονογενοῦς
1113 2395 1244 2448 Υἱοῦ
1275 2394 1368 2447 καὶ
1399 2393 1534 2445 Θεοῦ
1575 2393 1674 2464 τὴν
1719 2391 1876 2456 δόξαν

307 2490 795 2562 κατασμικρύνων
842 2487 933 2540 τοῦ
974 2485 1175 2557 Κυρίου
1204 2483 1744 2555 διαμαρτυρουμένου
1783 2483 1877 2535 καὶ

307 2585 587 2647 λέγοντος·
625 2583 677 2634 Ὁ
720 2579 805 2649 μὴ
859 2577 1043 2647 τιμῶν
1095 2577 1203 2630 τὸν
1259 2576 1416 2639 Υίὸν,
1460 2577 1531 2626 οὐ
1589 2571 1726 2660 ttng
1768 2573 1877 2625 τὸν

309 2674 564 2742 Πατέρα·
616 2672 742 2726 καί·
791 2673 852 2723 '0
905 2669 1134 2725 ἀθετῶν
1176 2668 1280 2736 ἐμὲ
1331 2669 1442 2722 οὐκ
1493 2666 1598 2735 ἐμὲ
1646 2667 1872 2720 ἀθετεῖ·

308 2768 466 2820 ἀλλὰ
497 2765 603 2818 τὸν
635 2761 953 2833 πέμψαντά
984 2779 1077 2831 με.
1129 2761 1266 2814 Ἀλλ’
1307 2762 1336 2813 6
1372 2759 1563 2830 ἐχθρός
1599 2758 1700 2827 τῆς
1747 2757 1876 2826 ἀλη-

309 2859 486 2924 Θείας,
531 2861 559 2912 6
591 2856 830 2928 ἐνεργῶν
877 2855 948 2908 τὰ
995 2854 1220 2907 τοιαῦτα
1272 2853 1448 2921 λέγειν
1495 2852 1590 2904 καὶ
1640 2850 1874 2920 γράφειν

309 2951 510 3013 αὐτοῖς,
539 2946 673 3000 εἶδεν
717 2949 893 2999 ἐκεῖνο
921 2944 1053 3014 (85),
1090 2946 1192 3008 ὅτι,
1224 2945 1272 2996 εί
1318 2941 1452 3012 πρὸς
1504 2942 1606 3010 τὴν
1660 2940 1874 2993 σύνεσιν

311 3043 503 3102 αὐτοὺς
531 3039 631 3108 τῆς
657 3037 750 3090 τοῦ
785 3034 1116 3103 Μονογενοῦς
1145 3035 1304 3104 δόξης
1330 3032 1755 3101 ἀποτυφλῶσειε,
1782 3031 1874 3084 καὶ

309 3132 404 3202 τὴν
436 3129 598 3182 αὑτοῦ
630 3128 724 3181 τοῦ
771 3126 904 3180 Θεοῦ
937 3126 1030 3180 καὶ
1064 3125 1274 3199 Πατρὸς
1306 3124 1504 3192 γνῶσιν
1539 3122 1874 3192 συναφαιρή-

1978 1936 2074 1990 pro
2124 1922 2440 1976 substantia?
2491 1924 2803 1980 diversitate
2846 1926 3056 1995 accepit
3094 1942 3108 1979 :
3150 1943 3358 1994 rursus,
3393 1941 3451 1984 ut
3485 1931 3550 1984 ad

1977 2020 2239 2066 creaturae
2263 2015 2622 2082 aequalitatem
2657 2015 3000 2086 Unigenitum
3037 2021 3308 2088 detrudat,
3333 2021 3550 2076 Patrem

1977 2106 2150 2158 sancit
2182 2121 2301 2160 esse
2333 2107 2831 2176 incomparabilem.
2855 2109 3056 2166 Novam
3083 2113 3297 2181 quidem
3333 2131 3395 2169 ac
3427 2130 3553 2169 vere

1978 2197 2448 2266 incomparabilem
2501 2201 2852 2269 blasphemiae
2889 2203 3026 2256 viam
3067 2215 3406 2260 commentus
3447 2221 3547 2261 esz.

1975 2291 2064 2357 qui
2110 2290 2314 2345 interea
2347 2293 2472 2344 dum
2510 2292 2750 2345 exaltare
2779 2307 2837 2346 se
2876 2308 2939 2346 ac
2979 2294 3234 2348 extollere
3289 2297 3455 2350 Deum
3497 2307 3551 2352 et

1975 2382 2191 2438 Patrem
2223 2383 2461 2448 simulat,
2493 2382 2774 2438 imminuat
2803 2381 3072 2453 Cnigeniti
3103 2386 3222 2440 Filii
3243 2399 3296 2442 et
3320 2390 3408 2444 Dei
3441 2406 3554 2444 ma-

1971 2479 2225 2543 jestatem
2261 2492 2275 2541 ;
2308 2491 2620 2546 quanquam
2671 2476 2929 2532 Dominus
2986 2487 3218 2532 testatur
3266 2495 3330 2534 ac
3371 2481 3501 2534 dicit
3535 2499 3546 2532 :

1977 2566 2080 2630 Qui
2114 2583 2215 2618 non
2233 2565 2456 2620 honorat
2490 2565 2718 2632 Filium,
2752 2566 2960 2623 Patrem
2991 2587 3092 2624 non
3120 2570 3339 2624 honorat
3372 2572 3416 2605 ⁸⁸
3439 2591 3453 2638 ;
3477 2581 3549 2637 et,

1977 2655 2080 2720 Qui
2108 2671 2186 2708 me
2214 2658 2519 2722 contemnit,
2552 2673 2654 2711 non
2682 2674 2762 2711 me
2781 2662 3186 2724 contemnil,sed
3207 2677 3322 2714 eum
3357 2662 3449 2731 qui
3474 2678 3554 2716 me

1974 2751 2111 2802 misit
2136 2750 2199 2804 ¹⁶.
2237 2752 2342 2805 Sed
2381 2752 2627 2807 veritatis
2663 2753 2936 2818 inimicus,
2965 2755 3114 2824 cujus
3152 2771 3314 2824 opera
3353 2771 3416 2810 ac
3451 2757 3552 2810 im-

1975 2845 2129 2910 pulsu
2160 2842 2248 2895 isti
2295 2841 2408 2896 haec
2446 2843 2629 2896 dicunt
2663 2845 3032 2914 scribuntque,
3070 2845 3196 2899 illud
3232 2847 3381 2909 vidit,
3410 2851 3551 2916 quo.l

1975 2934 2020 2988 si
2051 2947 2146 2987 eos
2191 2933 2334 2986 circa
2380 2933 2563 3003 gloriae
2601 2934 2868 3005 Uuigeniti
2912 2937 3274 3006 cognitionem
3313 2954 3520 2994 cxcaeca

1977 3025 2065 3086 rit,
2097 3025 2260 3079 etiam
2292 3026 2460 3093 ipsius
2519 3026 2612 3079 Dei
2653 3043 2716 3080 ac
2756 3025 2935 3081 Patris
2977 3031 3340 3097 cognitionem
3391 3031 3554 3090 simul

1975 3116 2252 3170 ablaturus
2293 3129 2437 3171 esset
2473 3135 2486 3169 :
2525 3129 2583 3171 ut
2608 3118 2820 3172 etiamsi
2865 3121 3146 3173 videantur
3176 3123 3556 3190 prmrogativas

310 3241 493 3276 σεται·
529 3223 698 3283 ῶστε,
740 3223 787 3273 εἰ
819 3221 911 3272 καὶ
961 3217 1208 3272 δοκοῦσιν
1251 3215 1555 3288 ὑπερϐολάς
1601 3232 1752 3278 τινας
1796 3214 1879 3266 νέ-

1984 3210 2240 3274 quasdam
2277 3207 2386 3261 Deo
2420 3216 2474 3262 et
2504 3207 2992 3274 Patriattribuere,
3030 3210 3232 3264 nullum
3265 3221 3442 3266 tamen
3475 3213 3526 3266 in

313 3333 435 3386 μειν
464 3314 542 3385 τῷ
571 3312 687 3383 Θεῷ
715 3314 808 3365 καὶ
835 3312 1041 3383 Πατρὶ,
1085 3310 1246 3381 μηδὲν
1295 3309 1476 3370 αὐτοῖς
1507 3306 1696 3375 ὄφελος
1743 3301 1880 3358 εἶναι

310 3409 407 3478 τῆς
456 3406 593 3477 πρὸς
633 3404 794 3457 αὑτὸν
838 3402 1078 3473 ἀγούσης
1123 3399 1240 3455 ὁδοῦ
1273 3399 1370 3470 τὴν
1416 3398 1615 3467 γνῶσιν
1661 3399 1878 3468 ἀφῃρη-

314 3501 518 3573 μένοις.
572 3495 787 3567 Ἐπειδὴ
840 3497 935 3549 καὶ
999 3495 1241 3548 Ἰουδαῖοι
1298 3493 1542 3560 δοξάζειν
1601 3491 1691 3543 τὸν
1751 3490 1882 3543 Θεὸν

310 3594 508 3647 οἴονται
527 3629 541 3655 ,
600 3590 693 3642 καὶ
745 3588 1011 3657 Ἑλλήνων
1078 3603 1162 3648 τις
1204 3584 1492 3638 ἀκούσεται
1546 3582 1882 3653 βουλομένων

310 3699 362 3740 τι
397 3684 539 3756 μέγα
590 3680 718 3752 περὶ
759 3677 893 3732 Θεοῦ
947 3677 1158 3746 λέγειν’
1192 3676 1306 3729 ἀλλ’
1351 3677 1501 3746 ὅμως
1549 3676 1649 3728 οὐκ
1689 3674 1752 3728 ἀν
1798 3691 1882 3736 τις

311 3779 451 3830 εἴποι
487 3772 806 3845 μεγαλύνειν
833 3771 1028 3832 αὐτοὺς
1060 3769 1150 3822 τὸν
1179 3768 1311 3821 Θεὸν
1340 3767 1468 3822 ἀνευ
1497 3769 1598 3838 τῆς
1638 3768 1718 3830 είς
1747 3766 1882 3836 Χρι-

312 3869 433 3922 στὸν
483 3867 755 3928 πίστεως,
807 3864 874 3916 δι’
919 3855 979 3915 οὗ
1008 3865 1042 3933 ἡ
1101 3861 1433 3932 προσαγωγὴ
1477 3861 1574 3930 τῆς
1629 3856 1884 3927 γνώσεώς

309 3964 478 4015 ἐστιν.

377 4057 468 4110 27.
523 4054 877 4125 Ἀσύγκριτον
918 4048 1010 4103 οὖν
1058 4047 1150 4101 τὸν
1195 4046 1330 4100 Θεὸν
1386 4044 1555 4113 λέγει,
1601 4044 1688 4096 ἵνα
1735 4041 1884 4114 δείξῃ

311 4148 440 4201 Υίὸν
469 4147 582 4200 ἴσον
627 4147 756 4199 ὄντα
785 4147 851 4214 τῇ
885 4143 1088 4205 κτίσει,
1124 4142 1182 4192 ἐν
1227 4137 1305 4208 τῷ
1343 4137 1543 4207 ὁμοίως
1582 4135 1683 4204 τῆς
1727 4134 1884 4204 δόξης

311 4238 406 4291 τοῦ
438 4236 652 4307 Πατρὸς
696 4231 1114 4290 ἀπολείπεσθαι·
1146 4229 1280 4283 διότι
1313 4227 1382 4280 τὰ
1421 4227 1530 4296 (86)
1571 4225 1669 4294 ίσῳ
1701 4224 1885 4295 μέτρῳ

315 4330 688 4401 ὑπερεχόμενα
731 4327 824 4379 ῐσοι
863 4325 1111 4395 ἀλλήλοις
1152 4320 1465 4389 ἀναγκαίως
1511 4317 1649 4372 ἐστί.
1689 4315 1887 4368 Τοσοῦ-

314 4439 404 4474 τον
433 4421 489 4474 δὲ
524 4418 846 4490 ὑπερέχεται
891 4415 1032 4468 κατά
1073 4414 1164 4473 τὸν
1207 4411 1394 4465 τούτου
1439 4410 1551 4481 (87)
1596 4409 1750 4476 λόγον
1782 4407 1886 4459 ὑπὸ

1983 3301 2050 3353 dc
2078 3298 2501 3352 emolumentum
2553 3309 2972 3366 consequantur,
3008 3316 3130 3356 cum
3173 3303 3252 3356 eis
3290 3302 3406 3374 ejus
3437 3303 3553 3367 viae,

1982 3407 2102 3462 quae
2143 3392 2208 3446 ad
2244 3392 2416 3460 ipsum
2470 3391 2635 3455 ducit,
2669 3395 2918 3462 adempta
2975 3395 3162 3448 notitia
3199 3396 3288 3448 sit.
3328 3393 3462 3448 Nam
3503 3406 3558 3449 et

1981 3483 2149 3538 Judaei
2181 3483 2346 3550 gloria
2371 3483 2534 3536 Deum
2567 3483 2780 3538 allicere
2803 3500 2861 3539 se
2884 3494 3101 3550 putant;
3133 3496 3183 3539 et
3217 3487 3404 3541 audias
3428 3503 3559 3556 gen-

1984 3574 2107 3628 tiles
2145 3574 2450 3637 nonnullos,
2479 3574 2570 3642 qui
2599 3575 2799 3642 aliquid
2837 3575 3001 3629 velint
3033 3577 3208 3644 magni
3239 3577 3305 3630 de
3334 3577 3445 3632 Deo
3471 3580 3556 3630 di-

1982 3679 2140 3722 cere:
2168 3667 2262 3720 sed
2302 3665 2370 3720 ab
2399 3667 2462 3720 iis
2494 3667 2697 3736 absque
2727 3667 2831 3721 ﬁde
2871 3667 2926 3720 in
2956 3667 3228 3722 Christum
3261 3683 3359 3735 per
3397 3684 3554 3738 quem

1981 3759 2046 3813 ad
2080 3757 2438 3828 cognitionem
2469 3774 2718 3814 accessus
2744 3759 2824 3825 ﬁt,
2846 3760 3009 3814 Deum
3047 3760 3377 3828 magniﬁcari
3407 3761 3560 3815 dixe-

1983 3851 2054 3904 rit
2083 3865 2260 3906 nemo.

2051 4047 2140 4100 27.
2179 4046 2662 4117 Incomparabilem
2701 4047 2865 4118 igitur
2902 4049 3032 4103 dicit
3058 4048 3246 4114 Deum,
3277 4059 3336 4103 ut
3365 4051 3558 4105 Filium

1985 4143 2036 4193 in
2066 4156 2130 4194 eo
2158 4140 2422 4194 creaturis
2445 4139 2704 4208 aequalem
2734 4153 2856 4193 esse
2880 4141 3152 4205 ostendat,
3180 4143 3322 4209 quod
3355 4143 3564 4211 pariter

1987 4233 2138 4287 abest
2167 4247 2197 4286 a
2240 4232 2524 4301 majestate
2575 4231 2768 4287 Patris.
2803 4232 2932 4298 Quae
2976 4234 3118 4288 enim
3168 4235 3360 4304 azquali
3400 4251 3562 4305 supe-

1988 4334 2178 4377 rantur
2215 4337 2492 4387 mensura,
2521 4323 2750 4392 aequalia
2798 4325 2938 4378 inter
2967 4339 3028 4380 se
3061 4328 3372 4380 necessario
3413 4337 3560 4382 sunt.

1988 4413 2221 4466 Tantum
2268 4421 2447 4466 autem
2485 4425 2776 4482 superatur
2818 4415 3114 4468 secundum
3149 4415 3304 4482 hujus
3339 4426 3563 4471 senten-

313 4512 407 4566 τοῦ
432 4511 566 4566 Θεοῦ
597 4511 692 4563 καὶ
713 4507 924 4579 Πατρὸς
940 4509 967 4559 6
998 4503 1307 4571 Μονογενὴς
1327 4502 1473 4565 Υἱὸς,
1502 4502 1623 4554 ὅσον
1659 4499 1754 4553 καὶ
1780 4498 1879 4552 τῶν

1993 4505 2117 4557 tiam
2156 4519 2186 4558 a
2225 4505 2332 4557 Deo
2362 4513 2418 4557 et
2452 4503 2612 4556 Patre
2654 4505 2963 4574 unigenitus
2989 4505 3175 4571 Filius,
3213 4517 3473 4575 quantum
3509 4519 3567 4561 et

314 4605 487 4658 ἄλλων
523 4602 770 4656 ἕκαστον.
801 4597 1050 4650 Τοιοῦτον
1102 4597 1214 4664 γάρ
1254 4596 1368 4646 ἐστι
1419 4594 1480 4646 τὸ
1529 4591 1882 4661 ἀσύγκριτον,

313 4697 342 4748 ὃ
369 4696 534 4748 πᾶσιν
563 4691 764 4761 ὁμοίως
791 4689 937 4742 ἐστὶν
966 4685 1411 4754 ἀπροσπέλαστον
1450 4684 1544 4736 καὶ
1569 4682 1878 4751 ἀνέφικτον.

316 4785 464 4840 Εἰδέ
509 4783 621 4836 ῐσον
670 4781 782 4853 (38)
826 4781 940 4841 τοῖς
987 4776 1166 4838 ἄλλοις
1203 4775 1297 4828 τοῦ
1335 4773 1548 4844 Πατρὸς
1594 4771 1887 4826 ἀπολείπε-

314 4898 423 4943 ται,
457 4877 568 4940 ἴσος
606 4876 835 4936 ἐκείνοις
874 4871 990 4924 ἐστί
1027 4867 1145 4940 μεθ’
1174 4861 1248 4920 ὧν
1289 4867 1659 4921 ἀπολείπεται.
1688 4864 1753 4916 Τί
1793 4860 1884 4917 οῦν

315 4975 414 5042 τῆς
445 4970 791 5041 βλασφημίας
823 4964 1024 5034 ταύτης
1057 4965 1237 5033 χεῖρον
1269 4959 1471 5012 εἴποιεν
1501 4957 1566 5011 ἂν
1608 4957 1885 5022 ’1ουδαίοι;

314 5064 449 5116 τίδὲ
494 5063 603 5114 τῶν
641 5059 808 5112 ἐθνῶν
853 5056 1119 5124 λεγόντων
1153 5053 1299 5106 ἐστὶν
1344 5050 1591 5114 ἀκούειν;
1639 5049 1750 5102 Καὶ
1790 5050 1890 5102 ούκ

317 5152 639 5226 ἐρυθριῶσιν
667 5152 715 5202 oi
757 5149 848 5202 τὸν
875 5147 968 5200 τοῦ
1008 5144 1143 5198 Θεοῦ
1175 5145 1346 5210 Λόγον
1390 5140 1710 5212 πρεσϐεύειν
1754 5158 1886 5210 σχη-

319 5242 690 5318 ματιζόμενοι,
725 5237 998 5298 Ἰουδαίοις
1031 5235 1125 5287 καὶ
1155 5233 1378 5301 Ἕλλησι
1413 5231 1540 5282 φίλα
1585 5231 1677 5283 καὶ
1720 5248 1890 5300 προσ-

388 5381 431 5415 ¹⁵
457 5379 613 5434 Joan.
641 5393 694 5442 v,
717 5376 808 5430 25.
887 5374 928 5405 ’⁸
966 5371 1099 5426 Luc.
1140 5387 1195 5435 x,
1225 5369 1318 5422 16.

389 5493 501 5565 (84)
541 5493 672 5558 Reg.
696 5491 896 5565 tertius
931 5490 984 5543 in
1030 5487 1274 5555 margine
1303 5499 1470 5538 manu
1508 5483 1671 5551 paulo
1701 5498 1892 5538 recen-

318 5561 456 5619 tiore
486 5561 876 5630 ὲπγκαλὲσας.
969 5623 1009 5630 ,ί
1133 5629 1139 5630 γ
1221 5628 1241 5630 η
1461 5623 1472 5630 .
1521 5622 1533 5630 .

393 5633 503 5706 (85)
532 5623 662 5706 Reg.
692 5643 914 5706 quartus
941 5623 1091 5706 oISsv_
1127 5628 1323 5706 ἐκεῖνο3
1357 5623 1495 5677 novit
1521 5623 1696 5706 illud,
1728 5635 1782 5678 et
1814 5626 1887 5681 ita

323 5695 534 5776 quoque
553 5695 754 5776 legitur
785 5701 835 5753 in
859 5697 1324 5776 Coib‘ertino_._.s-ed.
1363 5695 1595 5776 secunda
1630 5711 1816 5776 manu.

393 5763 504 5832 (86)
545 5763 724 5828 Codex
756 5785 894 5826 unus
929 5768 1010 5822 διὸ
1036 5769 1126 5823 τά.
1158 5766 1262 5820 Alii
1296 5766 1400 5822 duo
1429 5763 1563 5817 διότι
1598 5766 1692 5818 καὶ
1724 5767 1812 5820 τά.

1993 4597 2220 4650 aliorum
2250 4595 2476 4664 singula.
2501 4594 2631 4647 Nam
2663 4597 2804 4662 quod
2830 4597 3130 4663 comparari
3154 4611 3260 4650 non
3290 4605 3488 4664 potest,
3513 4598 3566 4650 id

1990 4681 2249 4756 ejusmodi
2276 4697 2378 4751 est,
2411 4696 2467 4739 ut
2499 4685 2748 4740 omnibus
2782 4687 2983 4753 pariter
3013 4687 3348 4740 inaccessum
3381 4687 3453 4739 sit
3480 4696 3565 4740 at-

1992 4795 2097 4851 que
2128 4780 2661 4849 impervium.Quare
2689 4779 2734 4834 si
2765 4779 2932 4832 Filius
2957 4794 2985 4831 a
3019 4779 3176 4831 Patre
3197 4793 3348 4847 mque
3380 4761 3562 4841 distat,

1994 4881 2156 4940 atque
2186 4887 2272 4925 res
2299 4871 2440 4934 aliae,
2462 4871 2686 4939 aequalis
2714 4879 2800 4924 est
2833 4871 2898 4924 iis
2929 4871 3245 4939 quibuscum
3281 4875 3348 4924 ab
3374 4871 3462 4923 illo
3490 4871 3569 4924 di-

1994 4970 2122 5014 stat.
2148 4958 2286 5026 Quid
2317 4961 2477 5030 igitur
2509 4960 2614 5015 hac
2656 4960 2986 5028 blasphemia
3016 4959 3167 5028 pejus
3203 4960 3441 5013 dixerint
3471 4958 3567 5012 Ju—

1994 5052 2092 5106 dtei
2128 5053 2152 5104 ?
2184 5052 2312 5120 quid
2358 5054 2597 5108 deterius
2620 5069 2683 5106 ex
2718 5054 2967 5122 gentibus
3013 5053 3200 5106 audire
3236 5053 3570 5121 possumus?

1992 5141 2102 5197 Nec
2143 5146 2304 5212 pudet
2353 5159 2448 5199 eos
2489 5146 2577 5213 qui
2620 5160 2678 5200 se
2710 5143 2944 5199 Verbum
2977 5145 3066 5198 Dei
3116 5143 3292 5198 colere
3341 5143 3567 5210 tingunt,

1995 5232 2194 5290 Judazis
2220 5252 2280 5292 ac
2311 5237 2856 5306 gentilibusjucunda
2883 5237 3201 5291 documenta
3231 5245 3391 5288 atoue
3415 5234 3570 5288 fami-

2092 5487 2182 5556 87)
2213 5486 2440 5542 Codices
2475 5485 2680 5554 aliquot
2712 5484 2802 5537 τὸν
2829 5482 3055 5544 τούτων,
3089 5483 3166 5536 uti
3197 5482 3428 5535 sentiunt
3461 5479 3572 5534 Eu-

1997 5574 2378 5698 noiggmliditi,
2397 5626 2460 5677 Εἰ
2483 5625 2540 5678 δὲ
2563 5624 2624 5677 τὸ
2654 5623 2791 5680 ἴσον.
2819 5627 3031 5678 Atmss.
3058 5621 3413 5692 antiquiores,
3432 5621 3497 5676 Et
3515 5620 3572 5674 δὲ

1998 5703 2131 5755 ἴσον.
