4016 6220
440 316 540 372 571
1770 309 1825 363 S.
1869 308 2109 364 BASILII
2149 309 2369 365 MAGNI
3600 310 3725 364 572

441 430 598 485 liaria
631 443 953 499 proponere.
975 426 1108 481 Nam
1143 425 1187 480 si
1213 425 1320 480 Deo
1345 435 1400 480 et
1429 426 1576 481 Patri
1602 441 1706 480 non
1739 441 1988 494 compara

2126 426 2299 495 ήγορα
2343 423 2457 495 (89)
2502 407 2806 495 διδάγματα
2876 423 3304 495 προτεινόμενοι.
3350 423 3413 476 Εἰ
3465 421 3576 494 γὰρ
3629 423 3723 495 μὴ

443 534 553 585 tur,
595 520 1048 591 quemadmodum
1111 533 1287 586 neque
1342 519 1541 589 angeli,
1580 534 1754 589 neque
1798 518 1994 573 caelum

2128 517 2477 586 συγκρίνεται
2520 516 2597 587 τῷ
2629 516 2749 588 Θεῷ
2794 516 2890 571 καὶ
2932 517 3107 587 Πατρὶ
3156 514 3304 587 (90),
3350 515 3537 586 ὥσπερ
3579 514 3721 569 οὔτε

441 629 618 682 neque
648 614 751 679 sol,
788 627 965 681 neque
995 621 1160 677 terra,
1184 626 1358 681 neque
1386 611 1695 665 animalium
1727 627 1845 681 quae
1876 612 1928 665 in
1953 625 1994 666 ei

2123 605 2378 674 ἄγγελοι,
2424 604 2546 659 οὔτε
2576 605 2837 677 οὐρανὸς,
2885 604 3012 658 οὔτε
3063 606 3234 676 ἥλιος,
3276 603 3400 657 οὔτε
3428 606 3529 675 γῆ,
3581 603 3722 657 οὔτε

438 717 565 761 sunt
590 705 780 769 ullum,
817 720 992 775 neque
1023 706 1328 775 plantarum
1362 705 1467 759 ulla
1497 722 1513 771 ;
1540 704 1810 774 quomodo
1840 720 1869 758 a
1894 719 1991 773 pro

2122 697 2230 750 τῶν
2260 698 2316 751 ἐν
2354 699 2490 769 αὐτῇ
2526 696 2680 762 ζώων
2715 716 2774 752 τε
2807 700 2902 752 καὶ
2931 698 3114 768 φυτῶν
3145 700 3407 752 ἕκαστον·
3441 698 3558 762 πῶς
3603 698 3718 768 μὲν

439 797 574 866 priis
599 797 863 851 creaturis
895 798 999 851 erit
1049 797 1293 852 diversus
1319 797 1343 851 ?
1373 806 1585 860 contra,
1608 796 1750 852 unde
1788 796 1862 849 illi
1895 811 1994 850 cun

2121 790 2221 861 τὴν
2260 791 2521 862 διαφορὰν
2562 791 2676 857 ἕξει
2710 791 2845 863 πρὸς
2874 791 2943 845 τὰ
2973 794 3150 845 οἰκεῖα
3194 791 3498 862 κτίσματα;
3538 791 3718 845 πόθεν

440 888 599 942 Patre
637 886 947 955 conjunctio
973 888 999 941 ?
1031 886 1161 958 Ego,
1195 887 1393 959 inquit,
1429 897 1475 940 et
1535 886 1699 940 Pater
1729 902 1890 939 unum
1926 903 1994 940 sui

2121 881 2179 935 δὲ
2211 882 2360 953 αὐτῷ
2411 883 2550 953 πρὸς
2591 883 2685 937 τὸν
2716 884 3051 955 γεννήσαντα
3100 886 3133 955 ἡ
3180 884 3481 954 οἰκειότηςς
3530 883 3711 952 Ἐγὼ,

438 997 552 1035 mus
592 980 657 1033 ι’.
693 978 900 1034 Rursus
927 980 1072 1034 enim
1111 980 1349 1048 ejusdem
1386 979 1514 1034 dicti
1568 980 1830 1034 faciamus
1864 995 1986 1033 men

2122 975 2275 1046 φησι,
2303 975 2403 1028 καὶ
2432 979 2464 1029 ό
2500 975 2703 1044 Πατὴρ
2734 976 2803 1030 ἐν
2830 976 3038 1045 ἐσμεν.
3066 975 3235 1029 Πάλιν
3274 973 3382 1045 γὰρ
3410 973 3503 1027 τοῦ
3533 974 3710 1027 αὑτοῦ

440 1074 661 1126 tionem.
709 1072 839 1137 Hoc,
876 1072 962 1125 dic
1005 1073 1156 1137 mihi,
1193 1086 1371 1126 nonne
1408 1071 1631 1126 verbum
1676 1081 1759 1125 est
1794 1086 1994 1138 compar

2124 1067 2586 1138 μνημονεύσωμεν
2618 1068 2749 1139 (91).
2796 1068 2987 1128 Τοῦτο,
3017 1067 3138 1120 είπέ
3178 1083 3288 1137 μοι,
3324 1068 3443 1136 οὐχὶ
3477 1065 3711 1137 συγκρί-

436 1164 610 1219 rantis
643 1165 877 1233 seipsum
897 1163 1069 1230 ?Quid
1100 1164 1222 1218 dico
1251 1163 1616 1232 comparantis
1640 1161 1663 1216 ?
1688 1163 1794 1217 imo
1826 1162 1994 1216 unien-

2120 1174 2299 1221 νοντος
2328 1159 2518 1212 ἑαυτόν
2553 1161 2668 1213 ἐστι
2696 1159 2757 1212 τὸ
2791 1159 2977 1230 ρἧας
3006 1158 3072 1211 Τί
3115 1157 3257 1225 λέγω
3283 1158 3703 1230 συγκρίνοντος;

439 1256 529 1321 tis,
564 1264 622 1309 ut
651 1256 724 1309 ita
750 1255 950 1321 dicam,
980 1264 1035 1308 et
1066 1265 1276 1308 natura:
1303 1253 1706 1308 similitudinem
1732 1253 1985 1319 integerri

2119 1248 2361 1313 ὲνοῦντος
2418 1250 2518 1320 μὲν
2552 1247 2680 1316 οὖν,
2748 1251 2823 1315 ὡς
2872 1252 3065 1314 εἰπεῖν,
3116 1249 3305 1303 καὶτὸ
3352 1249 3448 1319 τῆς
3480 1248 3704 1317 φύσεως

439 1361 580 1399 mam
618 1346 747 1401 hinc
788 1345 1116 1400 declarantis
1153 1345 1178 1397 ?
1221 1343 1320 1398 Hie
1355 1359 1486 1397 vero
1539 1343 1994 1411 incomparabilen

2117 1340 2535 1414 ἀπαράλλακτον
2586 1342 2723 1414 (92)
2792 1342 3165 1413 παριστῶντος
3231 1340 3501 1401 ἐντεῦθεν.
3541 1341 3597 1392 '0
3637 1339 3702 1392 δὲ

437 1450 557 1490 esse
589 1437 754 1491 Deum
788 1436 999 1489 statuit.
1026 1435 1091 1488 Et
1140 1435 1358 1489 bonitas
1384 1433 1548 1504 238
1580 1433 1795 1502 quidem
1826 1431 1916 1487 Dei
1949 1449 1994 1486 at

2118 1432 2446 1506 ἀσύγκριτον
2480 1431 2620 1488 εἶναι
2651 1434 2744 1487 τὸν
2781 1433 2916 1487 Θεὸν
2957 1432 3338 1501 ἀποφαίνεται.
3378 1432 3486 1483 Καὶ
3520 1431 3552 1501 ὴ
3596 1430 3699 1499 μὲν

439 1527 741 1582 Salvatoris
758 1528 925 1582 nostri
949 1525 1076 1582 Jesu
1098 1526 1321 1592 Christi,
1346 1527 1610 1590 homines,
1635 1532 1793 1594 prout
1819 1540 1994 1595 capert

2116 1522 2392 1595 ἀγαοότης
2436 1523 2531 1577 τοῦ
2562 1523 2699 1576 Θεοῦ
2730 1523 2826 1577 καὶ
2872 1522 3122 1593 Σωτῆρος
3159 1520 3315 1592 ἡμῶν
3356 1518 3529 1589 Ἰησοῦ
3562 1518 3700 1590 Χρι-

435 1633 719 1688 possumus
738 1659 753 1683 ,
790 1633 886 1689 per
914 1618 1152 1672 studium
1179 1632 1240 1672 ac
1267 1617 1716 1671 esercitationem
1747 1618 1994 1672 bonorun

2119 1615 2244 1668 στοῦ
2270 1616 2396 1680 τοὺς
2427 1614 2745 1689 ἀνθρώπους
2785 1613 2931 1687 (95),
2976 1613 3206 1667 καθόσον
3243 1612 3407 1683 ἐσμὲν
3454 1629 3694 1682 χωρητι-

435 1724 658 1779 operum
690 1724 755 1765 eo
777 1709 1014 1773 adducit,
1036 1718 1094 1763 ut
1123 1710 1255 1763 (iant
1286 1710 1394 1763 Deo
1418 1709 1792 1769 universorum
1828 1707 1994 1762 consi-

2117 1708 2223 1771 κοὶ,
2265 1706 2355 1761 διὰ
2381 1707 2483 1778 τῆς
2516 1707 2745 1778 μελέτης
2786 1707 2881 1760 καὶ
2926 1705 3028 1775 τῆς
3065 1706 3352 1776 ἀσκήσεως
3394 1702 3501 1756 τῶν
3550 1704 3691 1770 ἀγα-

436 1799 613 1863 Iniles,
646 1800 772 1853 dum
806 1798 937 1853 dicit
967 1797 1139 1854 :Sitis
1163 1798 1374 1867 perfecti
1417 1798 1549 1851 sicut
1590 1807 1638 1852 et
1665 1795 1825 1852 Pater
1855 1809 1994 1853 vesle:

2122 1798 2231 1852 θῶν
2263 1798 2439 1870 ἔργων
2490 1803 2557 1871 τῇ
2606 1799 2742 1871 πρὸς
2786 1800 2876 1852 τὸν
2926 1799 3057 1851 Θεὸν
3089 1798 3198 1850 τῶν
3252 1797 3388 1850 ὅλων
3436 1794 3694 1866 ὁμοιώσει

436 1889 656 1944 caelestis
688 1888 943 1958 perfectus
977 1898 1053 1942 est
1081 1887 1152 1954 m;
1188 1888 1275 1942 hic
1312 1897 1492 1942 autem
1535 1886 1880 1957 Uuigenitum
1914 1903 1994 1942 na.

2121 1894 2388 1963 προσάγει
2426 1893 2485 1946 ἐν
2516 1887 2599 1955 οἷς
2628 1909 2759 1964 φησι
2780 1908 2793 1921 °
2832 1893 3088 1946 Γίνεσθε
3117 1889 3333 1944 τέλειοι
3369 1888 3561 1953 καθὼς
3594 1888 3694 1940 καὶ

438 1981 595 2034 turali
631 1995 751 2034 cum
779 1980 938 2034 Patre
964 1980 1367 2051 conjunctione,
1386 1988 1646 2049 quantum
1674 1980 1724 2030 in
1759 1980 1876 2048 ipso
1902 1988 1994 2043 est1

2116 1988 2149 2038 ό
2179 1984 2382 2053 Πατὴρ
2423 1983 2590 2054 ὑμῶν
2620 1988 2653 2039 ὁ
2704 1984 2983 2053 οὐράνιος
3030 1983 3259 2049 τέλειός
3300 1983 3501 2036 ἐστιν·
3538 1972 3691 2043 οὗτος

438 2073 633 2142 privat.
674 2072 779 2128 Sed
809 2082 863 2127 et
909 2072 1025 2127 haec
1065 2072 1207 2127 ratio
1253 2072 1334 2127 sic
1359 2072 1620 2126 adversus
1651 2070 1800 2126 hunc
1835 2072 1994 2140 ipsum

2112 2074 2171 2129 δὲ
2200 2076 2291 2128 τὸν
2332 2076 2613 2147 Μονογενῆ
2660 2074 2763 2146 τὴν
2790 2077 2855 2129 ὲκ
2903 2074 3117 2145 φύσεως
3161 2072 3310 2144 αὐτῷ
3345 2073 3692 2143 ὑπάρχουσαν

437 2163 860 2233 retorquebitur.
896 2162 1108 2217 Etenim
1149 2163 1194 2217 si
1237 2162 1676 2231 incomparabilis
1703 2172 1787 2217 est
1823 2160 1994 2227 Pater,

2114 2167 2251 2239 πρὸς
2282 2167 2375 2220 τὸν
2410 2169 2747 2240 γεννήσαντα
2789 2166 3097 2238 οἰκειότητα
3127 2166 3269 2237 (94),
3309 2165 3372 2218 τὸ
3420 2167 3499 2229 εἰς
3530 2164 3692 2218 αὑτὸν

436 2254 581 2309 unde
608 2253 801 2307 Filium
831 2252 1149 2306 dissimilem
1173 2264 1290 2305 esse
1310 2250 1703 2304 demonstrabit
1723 2250 1745 2303 ?
1764 2250 1829 2303 Et
1854 2264 1994 2314 vero,

2112 2255 2267 2330 ἧκον,
2297 2262 2607 2331 ἀποστερεῖ.
2647 2260 2839 2314 Καίτοι
2869 2259 2964 2315 καὶ
2992 2258 3165 2323 οὓτως
3198 2260 3309 2331 (95)
3344 2259 3490 2330 αὐτῷ
3520 2260 3599 2323 είς
3629 2259 3691 2312 τὸ

436 2347 480 2400 si
509 2361 573 2401 ex
614 2344 975 2401 essentiarum
1029 2345 1173 2399 inter
1199 2359 1258 2399 se
1299 2343 1700 2412 comparatione
1726 2343 1994 2398 dissimili«

2112 2352 2351 2405 ἐναντίον
2384 2353 2413 2404 ὁ
2445 2351 2603 2420 λόγος
2640 2355 3131 2423 περιτραπήσεται.
3160 2351 3224 2404 Εἰ
3267 2351 3378 2423 γὰρ
3422 2350 3688 2421 ἀσύγκρι-

438 2438 676 2492 tudinem
731 2436 1005 2491 invenisse
1034 2451 1095 2491 se
1136 2435 1381 2490 dicturus
1408 2444 1523 2503 est,
1552 2435 1644 2504 qui
1680 2435 1793 2489 lieri
1833 2445 1994 2504 potest

2114 2460 2205 2505 τος
2251 2445 2279 2495 ὁ
2324 2443 2537 2514 Πατὴρ,
2587 2442 2751 2497 πόθεν
2800 2441 2980 2495 λαϐὼν
3025 2442 3126 2512 τῆς
3172 2443 3554 2513 ἀνομοιότητος
3592 2443 3688 2496 τοῦ

436 2538 497 2583 ιιι
529 2529 972 2600 incomparabilis
1005 2529 1076 2584 sit
1122 2528 1213 2598 qui
1262 2527 1384 2582 talis
1427 2527 1557 2582 est?
1594 2526 1689 2581 Sin
1738 2536 1915 2581 autem
1943 2543 1994 2582 nt

2123 2534 2258 2589 Υἱοῢ
2291 2535 2391 2600 τὰς
2428 2535 2731 2603 ἀποδείξεις
2778 2533 3103 2607 παρέξεται;
3135 2536 3197 2588 Ei
3243 2536 3341 2605 μὲν
3383 2534 3512 2607 γάρ,
3544 2536 3689 2589 ἀντε-

437 2630 781 2692 comparatur
810 2619 1028 2691 quidem
1060 2620 1170 2675 ullo
1197 2620 1375 2685 modo,
1405 2621 1674 2688 quomodo
1718 2621 1892 2689 potuit
1926 2622 1994 2674 dii

2117 2628 2499 2699 παρεξετάζων
2530 2629 2631 2693 τὰς
2656 2629 2841 2694 οὐσίας
2880 2630 3156 2702 ἀλλήλαις,
3198 2631 3488 2703 εὑρηκέναι
3529 2631 3689 2701 φήσει

433 2715 746 2769 versitatem
796 2727 1124 2784 cognoscere
1156 2712 1180 2767 ?
1212 2712 1302 2767 Sic
1337 2712 1533 2766 malum
1588 2727 1695 2765 non
1736 2713 1878 2766 bono
1921 2727 1994 2767 so-

2116 2718 2177 2770 τὸ
2217 2718 2490 2789 ἀνόμοιον,
2522 2719 2641 2784 πῶς
2670 2719 3002 2793 ἀσύγκριτος
3038 2724 3066 2774 ὁ
3092 2722 3367 2787 τοιοῦτος;
3396 2724 3448 2775 εί
3475 2721 3531 2774 δὲ
3567 2721 3688 2774 οὐδὲ

433 2804 545 2860 lum
573 2806 788 2862 videtur
813 2806 1116 2865 adversari,
1149 2805 1241 2860 sed
1273 2805 1445 2873 ipsum
1472 2805 1636 2859 etiam
1669 2804 1795 2861 sibi.

2118 2809 2471 2881 συγκρίνεται
2518 2810 2616 2883 τὴν
2670 2813 2846 2884 ἀρχὴν
2903 2812 3049 2882 (96),
3100 2813 3217 2877 πῶς
3277 2814 3573 2881 ἐπιγνῶναι
3624 2812 3687 2864 τὸ

432 2900 687 2973 διάφορον
740 2900 1013 2973 ἠδυνήθη;
1069 2899 1255 2962 Οὕτως
1300 2898 1447 2955 εοικε
1494 2897 1557 2953 τὸ
1605 2897 1778 2955 κακὸν
1821 2899 1886 2954 οὐ
1938 2899 2017 2971 τῷ
2074 2902 2264 2974 ἀγαθῷ
2315 2904 2687 2959 ἐναντιοῦσθαι
2739 2906 2949 2977 ⁸μόνον,
3001 2905 3138 2960 ἀλλά
3203 2907 3298 2961 καὶ
3372 2907 3504 2961 αὐτὸ
3556 2906 3679 2959 ἑαυ-

432 2995 514 3067 τῷ
545 2996 678 3067 (97).

516 3176 557 3207 ⁸⁷
585 3173 745 3230 Joan.
768 3190 824 3240 ι,
847 3173 937 3229 50.
1014 3174 1056 3206 “
1091 3173 1285 3228 Matth.
1319 3189 1376 3242 ν,
1401 3173 1492 3230 48.

504 3349 616 3424 (89)
644 3348 801 3424 lllutl,
828 3349 955 3419 φίλα
984 3352 1077 3405 καὶ
1106 3353 1445 3424 προσήγορα,
1476 3351 1521 3406 si
1556 3351 1851 3424 mavis,ila
1876 3366 1994 3408 cum

2110 3351 2277 3424 multo
2310 3366 2451 3419 esse,
2479 3351 2655 3424 solere
2680 3350 2882 3423 aliquid
2926 3351 3069 3424 lieri,
3119 3350 3262 3424 aliud
3301 3364 3515 3424 semper
3542 3349 3681 3409 ﬁeri.

431 3417 756 3492 Coinliellsio
782 3417 1191 3492 interpretare":
1219 3417 1455 3492 jucunda
1481 3438 1541 3475 ac
1568 3421 1825 3492 faventia.
2112 3420 2286 3492 Verba
2332 3417 2512 3477 autem
2563 3417 2827 3490 privativa
2862 3422 3037 3492 solent
3080 3422 3295 3491 quidem
3341 3417 3578 3490 genitivo
3601 3423 3677 3476 rei

504 3488 618 3559 (90)
654 3488 1174 3561 Dissident'quidem
1207 3488 1350 3546 inter
1372 3507 1432 3547 se
1459 3488 1587 3547 editi
1616 3500 1671 3546 et
1696 3492 1817 3546 libri
1852 3501 2007 3546 vete-
2102 3490 2254 3561 jungi
2278 3494 2403 3547 :sed
2432 3493 2484 3547 id
2510 3488 2615 3546 non
2647 3507 2859 3559 semper
2882 3491 2996 3547 ﬁeri
3019 3488 3267 3557 constat;
3296 3488 3403 3545 imo
3426 3505 3533 3546 non
3557 3506 3679 3546 raro

433 3575 559 3630 res:
584 3560 679 3613 sed
705 3559 801 3622 ita,
827 3569 887 3614 ut
919 3559 1187 3615 sententia
1222 3564 1411 3616 eadem
1446 3576 1661 3630 semper
1700 3572 2001 3617 remaneat.
2109 3559 2304 3630 regunt
2336 3563 2472 3616 duos
2512 3562 2876 3616 accusativos.
2902 3561 3083 3628 Quare
3121 3561 3321 3616 nullam
3357 3561 3514 3615 video
3552 3575 3678 3615 cau-

433 3629 574 3703 Edili
604 3629 943 3703 συγκρίνοιτο
962 3629 1040 3699 τῷ
1064 3630 1261 3703 Πατρί,
1287 3631 1465 3687 Codex
1483 3629 1994 3703 _unlus_cuyxp£veeat

2107 3629 2245 3703 sam,
2275 3646 2373 3687 cur
2400 3632 2667 3703 editiones
2689 3641 2898 3686 veteres
2925 3632 3289 3703 tot_codieum
3317 3644 3546 3687 numero
3567 3630 3678 3703 sul“-

433 3648 574 3711 Luiu
604 3648 943 3710 συγκρινοιτο
958 3648 1040 3711 τῳ
1064 3648 1259 3703 ιιατρι.
1287 3648 1465 3687 uouet
1478 3648 1994 3754 ~unllS~GUYXEWETaI

430 3698 647 3780 τῳβειρ
673 3700 1040 3780 Πατρί.-ΑΙιιιξ
1068 3702 1515 3780 συγκρίνεταιτῳ
1542 3701 1776 3780 Θειρ-καὶ
1857 3701 1994 3773 ατρί,

2107 3648 2245 3697 sam,
2275 3648 2373 3687 cur
2400 3648 2667 3687 coitiones
2689 3648 2898 3686 veteres
2925 3648 3005 3686 ιοι
3041 3648 3289 3686 coateum
3317 3648 3546 3687 numero
3567 3648 3678 3685 sut-

2106 3700 2269 3756 fultas
2298 3702 2450 3780 sequi
2481 3701 2638 3780 nobis
2657 3717 2765 3780 non
2795 3702 2972 3780 liceat.
3011 3701 3153 3770 Lege
3187 3701 3549 3780 :rltesaurum.
3578 3700 3680 3754 Ve-

432 3780 488 3823 et
515 3770 587 3822 ita
616 3770 760 3843 loqui
794 3769 952 3843 τρισὶ
996 3769 1241 3843 Basilius.
1294 3769 1537 3842 Denique
1583 3769 1675 3826 alii
1722 3774 1830 3827 duo
1865 3769 1994 3826 is.

2108 3779 2252 3843 teres
2290 3771 2492 3840 aliquot
2549 3771 2671 3825 libri
2707 3771 3057 3843 ὑπάρχουσαν
3095 3769 3244 3842 ίπρὸς
3283 3770 3376 3824 τὸν
3422 3787 3677 3842 γεγεννη-

434 3838 780 3911 συγκρίνεται
793 3838 883 3911 τῷ
910 3840 1104 3911 Πατρί.

501 3907 612 3982 (91)
662 3907 805 3962 Editi
855 3907 1318 3981 μνημονεύσομεν.
1379 3911 1604 3967 Codices
1643 3920 1754 3966 tres
1788 3927 2003 3982 μνημο-

431 3979 732 4049 νεὺσῳμεν,
763 3991 927 4034 recte.

504 4046 624 4121 (92)
652 4049 800 4121 Illud,
844 4050 913 4121 τὸγ
950 4049 1387 4121 ἀπαράλλακτον,
1434 4066 1538 4104 non
1573 4048 2001 4121 qualemcunque

433 4118 838 4171 similitudinem
875 4118 1162 4187 signiﬁcat,
1188 4122 1281 4174 sed
1308 4136 1450 4183 eam,
1474 4118 1603 4186 quas
1630 4120 1808 4173 omnis
1838 4118 2001 4173 dissi-

434 4188 754 4258 militudinis
780 4204 973 4255 expers
998 4190 1090 4253 sit,
1123 4194 1203 4244 sic
1237 4198 1294 4243 ut
1319 4190 1459 4243 idem
1488 4190 1719 4258 sitquod
1749 4190 1999 4242 identilas

432 4257 571 4324 apud
600 4256 901 4326 theologos.

502 4325 615 4396 (95)
648 4326 819 4397 νΙΙιιηο
890 4327 1062 4382 locum
1120 4328 1193 4381 ita
1255 4327 1652 4397 Trapezuntius
1707 4337 1996 4383 verterat:

432 4410 609 4449 omnes
632 4396 869 4450 homines
900 4400 1142 4464 perducit
1168 4411 1188 4451 :
1218 4398 1271 4452 in
1300 4396 1409 4466 quo
1438 4415 1467 4452 a
1510 4398 1835 4453 Combelisio
1871 4400 1996 4466 jure

431 4466 861 4536 reprehenditur,
889 4469 1031 4536 quod
1060 4482 1244 4521 vocem
1283 4485 1459 4522 omnes
1487 4469 1553 4522 de
1578 4483 1675 4521 suo
1708 4468 1995 4522 addiderit.

503 4534 926 4605 (94)_Editiones
959 4538 1091 4592 Ven.
1134 4548 1185 4591 et
1226 4539 1391 4592 Basil.
1423 4548 1480 4591 et
1524 4537 1784 4605 Stephani
1820 4549 1872 4591 et
1900 4553 1997 4592 sex

431 4603 570 4679 ῃ]ξεῖ
592 4603 687 4679 τῂν
713 4606 777 4679 ὲκ
798 4606 1008 4679 φύσεως
1032 4607 1180 4677 αὐτῷ
1203 4603 1994 4679 ὑπάρχουσαν..,λοίκειότηται

434 4675 609 4749 lﬁdilio
632 4674 804 4749 Paris.
831 4685 883 4729 et
912 4678 1044 4743 lieg.
1072 4674 1462 4749 secundtts't'rijg
1494 4680 1560 4731 ὲκ
1590 4676 1806 4745 φύσεως
1847 4674 1996 4748 αὖτῴ

431 4744 868 4815 6παρχούσης....
917 4747 1266 4817 οἰκειότητος,
1320 4757 1375 4802 et
1418 4744 1498 4801 ita
1546 4744 1825 4815 legendum
1860 4744 1996 4817 esse

431 4826 612 4868 censet
651 4818 893 4869 Duc-reus.
942 4817 1050 4871 Sed
1092 4815 1265 4883 ipsum
1330 4819 1518 4871 audire
1569 4825 1812 4883 praestat.
1846 4815 1991 4870 Solet

430 4886 586 4956 enim,
619 4884 809 4952 inquit,
838 4902 902 4938 ea:
930 4886 1121 4954 regulis
1146 4890 1511 4954 grammatices
1536 4888 1740 4956 στερέω
1771 4886 1991 4954 genitivo

431 4954 505 5026 rei
529 4954 702 5022 jungi,
738 4971 838 5026 qua
874 4956 1116 5026 privatur
1137 4956 1351 5023 aliquis,
1385 4966 1438 5008 ut
1473 4954 1780 5026 στερεῖσθαι
1822 4972 1995 5022 κεφα-

429 5021 550 5095 λῆς,
580 5021 882 5095 στερεῖσθαι
910 5023 1009 5094 τῆς
1035 5021 1263 5088 πόλεως,
1294 5026 1460 5093 capite
1497 5021 1584 5079 vei'
1613 5027 1738 5077 urbe
1771 5021 1993 5095 privari.

433 5091 538 5147 Sed
565 5091 1078 5150 non'animadvertit
1110 5098 1193 5149 vir
1221 5091 1424 5165 alioqui
1450 5091 1819 5162 doctissimus,
1845 5093 1990 5149 aliud

2104 3839 2260 3893 κότα.

2175 3909 2290 3982 (95)
2332 3910 2471 3965 Editi
2500 3910 2594 3982 καὶ
2615 3900 2789 3974 οὗτος.
2813 3909 2958 3966 Libri
2983 3910 3190 3982 antiqui
3222 3910 3316 3964 καὶ
3338 3907 3549 3982 οὕτως,
3568 3907 3666 3962 Vox

2101 3979 2361 4047 τοιοῦτος,
2386 3996 2506 4050 quae
2540 3981 2816 4047 aliquanto
2840 3992 2959 4049 post
2992 3979 3341 4051 legit'ur,_hoc
3369 3979 3490 4033 loco
3521 3980 3666 4051 debet

2105 4052 2243 4104 sumi
2279 4067 2375 4117 pro
2406 4048 2479 4103 'eo
2510 4050 2599 4119 qui
2633 4048 2983 4119 comparatur
3010 4048 3072 4105 ac
3103 4049 3382 4104 confertur
3403 4064 3527 4102 cum
3548 4048 3668 4119 alio.

2174 4118 2289 4191 (96)
2324 4120 2476 4183 Illud,
2515 4118 2613 4190 τὴν
2659 4118 2858 4191 ἀρχήν,
2905 4137 3007 4174 non
3060 4136 3184 4174 raro
3217 4120 3451 4191 sumitur
3492 4118 3677 4171 adver-

2103 4189 2318 4243 bialiter
2341 4204 2439 4256 pro
2478 4189 2579 4252 eo,
2602 4189 2741 4257 quod
2784 4189 2888 4252 est,
2922 4191 3098 4253 initio,
3146 4190 3382 4255 omnino,
3414 4196 3545 4249 etc.,
3580 4201 3678 4241 nec

2103 4258 2365 4313 debuerat
2399 4260 2667 4325 interpres
2693 4258 2773 4311 sic
2803 4271 3016 4314 vertere
3047 4278 3061 4313 :
3094 4258 3249 4325 Quod
3273 4261 3319 4312 si
3352 4274 3442 4311 nec
3464 4258 3676 4310 initium

2100 4329 2308 4393 quidem
2336 4330 2741 4394 comparationis
2776 4328 2950 4381 habet.

2175 4396 2285 4466 (97)
2318 4396 2446 4451 Post
2484 4412 2665 4449 vocem
2698 4397 2874 4467 ἑαυτῴ
2900 4400 2952 4467 i_n
2980 4398 3170 4466 Regiis
3202 4399 3401 4467 primo,
3437 4395 3676 4467 secundo

2102 4475 2162 4539 et
2184 4460 2345 4520 'seito
2373 4476 2689 4539 sequuntur
2736 4460 2857 4539 illa;
2879 4460 2940 4520 οὗ
2981 4460 3498 4539 γίέκῖοιτολυτρῶσαι
3526 4466 3675 4539 ἡμᾶς

2101 4536 2281 4609 χάριτι
2306 4536 2398 4609 ro_5
2427 4536 2815 4609 Kupioujjstbv
2860 4538 3035 4609 Ἰησοῦ
3068 4536 3337 4609 Χριστοῦ,
3355 4536 3472 4609 μεθ’
3512 4538 3573 4594 οὗ
3599 4536 3676 4609 τῷ

2100 4606 2320 4676 ἀνάρχῳ
2344 4606 2532 4678 Πατρὶν
2555 4606 2689 4678 ῥόξα
2732 4608 2828 4660 σὺν
2846 4608 2986 4678 ἁγίῳ
3023 4606 3301 4678 Πνεύματι
3330 4607 3426 4678 νῦν
3467 4611 3559 4662 καὶ
3592 4607 3678 4660 ἀεὶ

2101 4675 2305 4739 καὶεὶς
2336 4675 2686 4745 τοὺςαίῶνας
2715 4695 2728 4731 :
2759 4675 2988 4745 quorum
3020 4675 3305 4731 verborum
3341 4676 3675 4745 interpreta-

2103 4749 2301 4800 tionem
2340 4744 2587 4799 Latinam
2632 4744 3029 4800 cum’vidisset
3076 4746 3302 4801 Ducaaus
3346 4746 3401 4799 in
3434 4744 3677 4802 editione

2100 4815 2417 4885 Parisiensi,
2458 4824 2786 4885 conquestus
2845 4826 2927 4869 est
2979 4814 3167 4871 Graeca
3214 4830 3283 4870 ex
3336 4828 3435 4870 suo
3488 4820 3679 4871 codice

2098 4883 2267 4951 Regio
2300 4884 2482 4937 addita
2514 4883 2619 4938 non
2650 4885 2836 4939 fuisse.
2871 4885 2975 4939 Sed
3007 4900 3071 4938 ea
3100 4886 3152 4940 in
3190 4901 3243 4940 re
3271 4885 3388 4939 viro
3412 4886 3672 4941 doctissi-

2097 4968 2186 5025 mo
2216 4954 2488 5025 assentiri,
2516 4969 2617 5025 non
2658 4968 2817 5021 queo,
2864 4970 2988 5008 cum
3039 4955 3302 5025 ejusmodi
3339 4952 3614 5025 clausulas
3644 4970 3675 5009 a

2099 5022 2489 5097 librariisuaddi
2515 5024 2731 5097 solitas,
2753 5039 2910 5078 nemo
2940 5026 3030 5093 qui
3068 5022 3449 5097 paulummodo
3470 5027 3545 5097 ⁵ἱιι
3576 5040 3675 5081 ve-

2098 5092 2305 5148 teribus
2336 5092 2489 5148 libris
2521 5092 2763 5162 legendis
2795 5092 3043 5150 versatus
3072 5096 3163 5161 sit,
3189 5094 3422 5163 ignoret.
