4016 6220
276 266 380 323 575

1393 266 1766 325 aovansus
1803 267 2174 325 EUNOMIUM
2215 221 2346 324 lJB.
2388 269 2454 327 ιι.

3428 269 3533 322 574

1057 673 1341 758 ΠΡΟΣ
1405 673 1991 760 ΕΥΝΟΜΙΟΝ
2058 662 2168 734 (9⁸)
2213 669 2580 756 ΛΟΓΟΣ
2647 671 2750 754 Β’.

1668 938 1875 991 ΠΕΡΙ
1940 935 2180 990 ΥΙΟΥ.-

627 1275 1244 1371 ADVERSUS
1319 1248 1992 1367 EUNOMIUM
2072 1270 2435 1360 LIBER
2505 1268 3175 1362 SECUNDUS.

1736 1463 1824 1519 DE
1863 1460 2063 1519 FILIO.

352 1785 403 1841 1.
471 1785 558 1839 Ἐν
607 1783 787 1838 τοίνυν
837 1785 949 1847 τοῖς
995 1782 1122 1853 περὶ
1152 1779 1288 1835 Θεοῦ
1334 1780 1440 1834 τῶν
1487 1780 1622 1833 ὅλων
1673 1779 1852 1847 λόγοις

2026 1779 2076 1832 1.
2103 1776 2290 1847 Itaque
2336 1784 2688 1846 posteaquam
2730 1774 2782 1828 in
2820 1773 2886 1828 iis
2910 1786 3046 1842 quos
3082 1773 3147 1828 de
3175 1771 3285 1826 Deo
3314 1772 3536 1826 univero

279 1875 798 1938 ὕποκατασκευάσας
826 1875 948 1928 ὅσον
975 1873 1196 1928 ἐδύνατο
1235 1873 1332 1935 τὰς
1376 1872 1456 1934 εἰς
1493 1871 1582 1923 τὸν
1609 1871 1736 1922 Υἱὺν
1757 1868 1851 1921 τοῦ

277 1970 412 2024 Θεοῦ
445 1967 812 2038 βλασφημίας,
844 1965 990 2037 αὐτῷ
1011 1965 1198 2019 λοιπὸν
1228 1965 1477 2035 ἐπαφῆκε
1508 1963 1586 2033 τῷ
1613 1964 1854 2028 Μονογε-

276 2066 358 2116 νεῖ
381 2061 499 2134 Θεῷ
522 2062 618 2134 τὴν
646 2060 920 2130 γλῶσσαν.
964 2058 1028 2111 Τί
1055 2058 1164 2128 γάρ
1203 2073 1368 2127 φησι;

345 2243 504 2296 ΕΥΝ.
539 2242 651 2296 Καὶ
684 2237 764 2304 εἷς
791 2239 935 2303 Υἱός.
966 2236 1276 2308 Μονογενὴς
1314 2234 1443 2306 γὰρ,
1482 2233 1612 2303 περὶ
1635 2249 1696 2286 ου
1727 2231 1852 2301 ἐνῆν

279 2335 378 2406 μὲν
406 2335 503 2397 τὰς
552 2333 659 2387 τῶν
692 2332 864 2401 ἁγίων
895 2330 1077 2399 φωνὰς
1108 2327 1506 2400 παραθέμενον,
1536 2325 1602 2378 δι’
1631 2318 1705 2377 ὧν
1726 2322 1852 2375 Υἰὸν

277 2427 370 2479 καὶ
408 2426 652 2495 γέννημα
686 2425 780 2478 καὶ
824 2423 1034 2492 ποίημα
1079 2417 1526 2486 καταγγέλλουσι,
1573 2417 1696 2476 ταῖς
1743 2412 1852 2466 τῶν

276 2518 552 2588 ὀνομάτων
581 2516 862 2586 διαφοραῖς
909 2515 1003 2567 καὶ
1048 2513 1147 2582 τὴν
1191 2511 1291 2580 τῆς
1336 2508 1520 2570 οὐσίας
1573 2503 1850 2577 παραλλα-

277 2607 379 2678 γὴν
408 2606 808 2678 ἐμφανίσαντας
827 2643 842 2666 ,
885 2601 1228 2674 ἀπηλλάχθαι
1259 2597 1551 2670 φροντίδων
1587 2596 1681 2648 καὶ
1715 2611 1853 2664 πρα-

276 2699 502 2768 γμάτων
527 2714 538 2726 ·
587 2696 691 2749 διὰ.
710 2696 767 2748 δὲ
792 2696 918 2757 τοὺς
953 2691 1270 2764 σωματικὴν
1306 2689 1403 2760 τὴν
1434 2688 1688 2758 γέννησιν
1717 2687 1852 2739 ὑπο-

277 2788 686 2859 λαμϐάνοντας,
761 2769 854 2839 καὶ
912 2787 1033 2847 ταῖς
1094 2782 1436 2853 ὁμωνυμίαις
1495 2777 1855 2849 προσπταίον-

276 2898 396 2942 τας,
427 2879 720 2947 ἀναγκαῖον
762 2877 889 2938 ἴσως
937 2875 1031 2928 καὶ
1075 2872 1202 2926 περὶ
1243 2869 1446 2924 τούτων
1490 2867 1578 2920 διὰ
1609 2865 1853 2940 βραχέων

278 2987 475 3025 ειπειν.

347 3061 494 3114 ΒΑΣ.
525 3058 711 3113 Ταῦτα
743 3069 840 3128 μέν
873 3055 982 3126 (99)
1011 3057 1039 3108 ὁ
1068 3053 1349 3122 Εὐνόμιος.
1392 3048 1533 3119 Ἐγὼ
1564 3049 1643 3113 δέ,
1679 3049 1727 3100 εξ
1755 3047 1854 3118 μὲν

277 3153 420 3207 οῦτω
469 3151 573 3222 χρὴ
624 3147 945 3202 διανοεῖσθαι
992 3145 1120 3218 περὶ
1169 3142 1264 3197 τοῦ
1302 3141 1462 3210 λόγου
1503 3139 1723 3202 παντὸς,
1781 3138 1857 3201 ὡς
1886 3129 1928 3184 Β

280 3239 595 3309 πλάσματος
618 3231 703 3290 οἷα
736 3239 792 3288 ἐν
822 3238 932 3298 τοῖς
960 3232 1346 3296 διδασκαλείοις
1369 3232 1472 3302 τῆς,
1498 3230 1856 3302 ματαιότητος

279 3332 357 3394 εἰς
392 3329 620 3400 μελέτην
645 3328 740 3381 τοῦ
774 3329 831 3380 ὲν
865 3326 942 3398 τῷ
963 3326 1238 3396 ψεύσματι
1267 3321 1492 3378 πιθανοῦ
1523 3325 1636 3386 τοῖς
1667 3337 1856 3392 μειρα-

279 3423 417 3485 κίοις
441 3421 800 3492 προϐάλλεται
839 3419 1047 3489 (ἐπειδὴ
1079 3416 1172 3470 καὶ
1201 3414 1597 3486 παραπλησίως
1630 3411 1855 3476 ἐκείνοις

279 3513 457 3566 πάντα
500 3511 801 3582 σκιαμαχία
848 3508 1172 3582 προσέοικε·
1227 3508 1363 3580 πρὸς
1410 3505 1745 3578 κατηγόρους
1793 3523 1853 3558 τε

281 3604 428 3674 μάχη
457 3601 530 3673 μὴ
557 3600 898 3670 ὑφεστῶτας·
937 3601 1029 3652 καὶ
1061 3599 1323 3667 ἀπολογία
1351 3599 1487 3669 πρὸς
1520 3597 1855 3667 κατηγορίαν

279 3695 338 3746 ού
369 3692 772 3764 προρρηθεῖσαν
797 3708 810 3721 ⁸
857 3691 954 3744 καλ¹
984 3690 1139 3758 λόγος
1169 3689 1246 3761 (l)
1277 3690 1413 3761 πρὸς
1441 3689 1702 3752 δικαστὰς
1731 3690 1855 3751 τοὺς
1916 3701 1925 3711 ·

278 3781 514 3853 οὐδαμοῦ
583 3779 996 3852 φαινομένους)ο
1055 3782 1104 3832 εί
1155 3777 1294 3831 οὕτω
1349 3779 1454 3850 χρὴ
1509 3779 1603 3832 καὶ
1652 3778 1854 3831 τούτων

276 3873 526 3939 ἀκούειν,
562 3873 722 3936 αὐτός
767 3889 828 3926 τε
871 3872 1073 3942 ἀφίημι
1113 3871 1213 3942 τὴν
1255 3870 1516 3938 ἐξέτασιν,
1566 3871 1656 3923 καὶ
1694 3870 1855 3923 παντὶ

277 3965 526 4036 παραινῶ
568 3965 731 4036 μηδὲν
776 3963 884 4018 τῶν
927 3963 1232 4034 εἰρημένων
1261 3960 1756 4032 περιεργάζεσθαι·
1807 3962 1854 4013 εί

276 4057 332 4108 δὲ
367 4057 548 4127 μεῖζόν
595 4060 711 4110 ἐστι
763 4058 823 4110 τὸ
868 4055 1223 4126 ἐπάγγελμα,
1264 4055 1358 4107 καὶ
1390 4053 1606 4116 πολλοῖς
1632 4053 1855 4122 γέγονεν

280 4147 505 4200 ὑπόνοια
543 4147 618 4219 (2)
645 4189 659 4212 ,
716 4143 855 4203 εἷναί
909 4165 1034 4202 τινα
1082 4149 1214 4219 παρ’
1257 4145 1406 4216 αὑτῷ
1454 4145 1553 4215 τῆς
1599 4145 1856 4216 ἀληθείας

283 4237 558 4308 φροντίδα,
589 4239 798 4310 ἀνάγκη
825 4241 973 4293 πᾶσα
997 4239 1104 4293 τῶν
1128 4236 1432 4309 εἰρημένων
1465 4236 1691 4290 ἕκαστον
1716 4236 1856 4289 διευ-

284 4330 462 4383 θύνειν
486 4332 564 4392 εἰς
588 4330 832 4400 δύναμιν,
871 4331 968 4394 Τίς
997 4330 1062 4384 ἂν
1098 4326 1190 4383 οὖν
1220 4329 1416 4400 τρόπος
1437 4328 1537 4398 τῆς
1559 4327 1855 4392 ἐξετάσεως

1955 1885 2136 1924 sorum
2176 1868 2364 1923 habuit
2407 1867 2752 1922 sermonibus
2804 1863 3150 1934 praestrinxit,
3205 1865 3382 1932 quoad
3437 1879 3536 1932 po-

1955 1961 2077 2022 tuit.
2115 1961 2167 2013 in
2200 1959 2293 2013 Dei
2317 1959 2513 2020 Filium
2549 1957 2912 2027 blaspltemias
2934 1997 2950 2021 ,
2984 1956 3237 2024 deinceps
3271 1955 3324 2008 in
3355 1955 3531 2023 ipsum

1952 2051 2287 2119 unigenitum
2343 2050 2508 2104 Deum
2575 2048 2820 2102 immittit
2873 2046 3129 2117 linguam.
3193 2044 3332 2112 Quid
3385 2046 3530 2100 enin.

1953 2141 2122 2199 dicit?

2022 2235 2153 2289 Eun.
2209 2233 2275 2287 [at
2306 2247 2447 2287 unus
2495 2231 2689 2285 Filius.
2742 2229 3062 2299 Unigenitus
3093 2230 3274 2295 enim,
3312 2231 3379 2286 de
3429 2244 3534 2299 quo

1953 2336 2264 2381 sanctorum
2292 2326 2465 2379 voces'
2494 2339 2591 2392 per
2636 2337 2773 2392 quas
2802 2320 2995 2375 Filium
3042 2330 3097 2375 et
3132 2322 3435 2391 genituram
3482 2335 3535 2375 et

1951 2427 2257 2472 creaturam
2312 2416 2633 2486 praedicant,
2691 2414 2738 2468 si
2791 2413 3239 2482 protulissemus;
3292 2415 3373 2468 sic
3433 2431 3532 2483 po-

1955 2517 2234 2570 teramus,
2272 2505 2589 2561 substantiae
2628 2505 2791 2560 etiam
2840 2505 3153 2559 diversitate
3207 2519 3302 2574 per
3357 2506 3534 2558 nomi-

1951 2615 2078 2652 num
2112 2598 2479 2652 diversitatem
2535 2597 2829 2659 declarata,
2871 2596 3019 2650 curis
3070 2596 3225 2650 liberi
3278 2610 3398 2650 esse
3454 2608 3536 2648 at-

1952 2706 2056 2760 que
2109 2690 2361 2759 negotiis.
2421 2689 2531 2743 Sed
2569 2697 2807 2758 propter
2843 2703 2937 2742 eos
2987 2687 3077 2758 qui
3125 2689 3532 2758 generationem

1954 2797 2269 2851 corpoream
2308 2779 2656 2850 intelligunt,
2697 2788 2752 2833 et
2805 2778 3004 2847 quibus
3054 2793 3216 2833 voces
3271 2778 3535 2847 ambigum

1954 2884 2082 2930 sunt
2113 2872 2422 2937 oﬂensioni,
2476 2886 2701 2927 necesse
2749 2870 2893 2926 forte
2944 2869 3107 2926 fuerit
3151 2872 3217 2926 de
3260 2870 3329 2925 iis
3367 2871 3531 2925 etiam

1954 2982 2124 3037 pauca
2157 2967 2360 3020 dicere.

2024 3061 2149 3116 Bas.
2204 3059 2329 3115 Hzec
2357 3058 2576 3128 quidem
2603 3057 2924 3112 Eunomius.
2969 3056 3081 3127 Ego
3115 3071 3244 3109 vero
3280 3056 3323 3110 si
3375 3069 3534 3125 opor-

1957 3160 2068 3208 teat
2098 3152 2166 3208 de
2195 3160 2305 3206 tota
2342 3152 2588 3204 oratione
2623 3149 2764 3203 sicut
2794 3151 2860 3202 de
2891 3164 2947 3203 re
2980 3148 3102 3202 ﬁcta
3141 3150 3367 3209 sentire,
3402 3162 3535 3216 qua—

1956 3243 2026 3299 lia
2058 3245 2112 3299 in
2147 3243 2404 3298 vanitatis
2449 3241 2654 3297 scholis
2705 3251 3081 3310 proponuntur
3103 3240 3534 3296 adolescentibus

1956 3335 2023 3388 ad
2069 3333 2532 3398 exercitationem,
2563 3341 2618 3385 nt
2654 3343 2914 3400 appareat
2953 3332 3004 3386 in
3039 3333 3323 3387 mendacio
3347 3331 3535 3385 verisi-

1957 3423 2202 3479 militudo
2245 3423 2534 3494 (siquidem
2568 3431 2629 3476 ut
2663 3422 2771 3477 illis
2796 3422 3085 3493 contingit,
3121 3423 3194 3476 ita
3223 3422 3313 3477 hic
3343 3437 3533 3496 pugnae

1957 3517 2290 3572 adumbrata:
2337 3513 2536 3569 similia
2591 3523 2719 3570 sunt
2769 3516 2948 3568 omnia
2991 3532 3005 3568 :
3054 3529 3232 3583 pugna
3284 3515 3535 3568 videlicet

1956 3619 2144 3666 contra
2191 3615 2541 3662 accusatores
2581 3605 2676 3674 qui
2726 3620 2832 3660 non
2886 3615 3145 3660 exstant:
3175 3605 3417 3676 apologia
3469 3621 3533 3660 ac

1959 3701 2237 3770 responsio
2299 3699 2368 3753 ad
2435 3697 2844 3753 accusationem
2906 3712 3014 3752 non
3075 3697 3531 3768 praenuntiatam;

1957 3793 2130 3846 oratio
2161 3791 2227 3845 ad
2261 3789 2473 3858 iudices
2508 3791 2600 3858 qui
2628 3806 2894 3859 nusquam
2930 3792 3307 3862 comparent);
3349 3791 3416 3854 si,
3453 3790 3536 3843 in-

1957 3880 2138 3944 q‘uam,
2193 3884 2249 3930 et
2302 3877 2420 3930 hate
2469 3877 2660 3931 audire
2697 3885 2931 3946 oportet,
2975 3886 3084 3929 tum
3115 3876 3229 3945 ipse
3258 3876 3323 3930 de
3351 3875 3416 3930 iis
3451 3876 3535 3928 in-

1955 3969 2172 4037 quirere
2201 3957 2410 4030 desino,
2461 3975 2572 4021 tum
2615 3982 2805 4022 omnes
2837 3970 3124 4030 admoneo,
3160 3975 3221 4021 ut
3260 3967 3396 4021 nihil
3442 3982 3535 4022 eo-

1955 4078 2074 4116 rum
2119 4077 2240 4132 qnce
2272 4061 2414 4115 dicta
2445 4069 2589 4125 sunt,
2632 4069 2908 4128 satagant.
2942 4059 3034 4113 Sin
3068 4061 3240 4128 majus
3277 4069 3361 4114 est
3393 4059 3536 4128 quod

1955 4154 2260 4223 promittit;
2314 4161 2370 4206 et
2408 4152 2587 4208 multis
2639 4154 2830 4206 aborta
2871 4160 2957 4206 est
2985 4153 3242 4221 suspicio,
3295 4151 3533 4219 aliquam

1955 4260 2076 4300 esse
2122 4245 2262 4313 apud
2311 4257 2432 4298 eum
2481 4242 2728 4296 veritatis
2775 4257 2984 4305 curam,
3041 4257 3267 4298 necesse
3315 4242 3536 4296 omnino

1956 4336 2120 4388 fuerit
2154 4334 2362 4406 singula
2402 4333 2568 4403 239
2606 4334 2764 4389 verba
2816 4349 2914 4403 pro
2961 4346 3142 4389 nostra
3195 4334 3332 4388 virili
3384 4343 3535 4403 parte

283 4421 614 4491 δικαιότερος
658 4421 884 4489 γένοιτο,
920 4423 953 4492 ἢ
987 4424 1097 4484 τοῖς
1139 4421 1426 4491 διδάγμασι
1459 4421 1532 4489 (3)
1561 4423 1670 4483 τοῖς
1703 4420 1853 4491 παρὰ

1958 4426 2263 4482 confutare.
2319 4423 2453 4489 Quis
2503 4433 2684 4476 autem
2731 4425 3070 4494 expendendi
3119 4425 3308 4477 modus
3334 4424 3535 4493 justior

284 4512 378 4566 τοῦ
407 4511 720 4582 Πνεύματος
749 4515 880 4582 ἡμῖν
912 4513 1212 4584 δεδομένοις
1239 4511 1329 4566 τὸν
1355 4511 1510 4579 λόγον
1544 4511 1858 4583 συγκρίνον-

285 4621 404 4668 τας,
443 4605 471 4658 ὃ
508 4605 604 4674 μὲν
639 4603 704 4657 ἂν
735 4604 962 4666 ἐκείνοις
994 4602 1315 4672 συμφωνοῦν
1344 4603 1590 4673 εὕρωμεν
1627 4603 1854 4655 καταδέ-

289 4698 496 4768 χεσθαι,
546 4697 621 4768 τῷ
683 4698 739 4750 δέ
792 4697 1050 4760 ἐναντίως
1107 4697 1281 4767 ἔχοντι
1335 4697 1580 4750 ἀπιστεῖν
1633 4698 1726 4750 καὶ¹
1782 4695 1857 4759 ὡς

288 4789 480 4861 ἐχθρὸν
514 4789 843 4857 ἀποφεύγειν
868 4806 883 4854 ;

361 4972 413 5026 Ξ.
438 4970 659 5042 Πρῶτον
688 4970 865 5023 τοίνυν
894 4971 1066 5022 ἐκεῖνο
1093 4968 1371 5035 δεικνύτω,
1395 4969 1537 5034 τίνες
1557 4969 1665 5022 τῶν
1693 4969 1860 5038 ἁγίων

362 5174 473 5246 (98)
505 5174 654 5244 Regii
681 5172 902 5246 primus
929 5183 1001 5246 e_t_
1027 5181 1210 5226 sextus
1233 5172 1338 5246 Τοῦ
1374 5173 1540 5246 qia-.06
1569 5172 1761 5246 idm;
1781 5171 1849 5241 β’,

291 5241 562 5316 ἀνατροπὴ
588 5241 708 5295 θ’τοῦ
752 5242 1214 5316 ἀθέου-δόγματος
1246 5243 1339 5316 τοῦ
1378 5241 1664 5316 Εὐνομίου.
1693 5242 1856 5316 Ejus-

291 5317 407 5368 dem
428 5312 862 5369 'tibersecundus.
898 5312 1104 5365 Eversio
1133 5313 1276 5371 impii
1303 5313 1558 5380 dogmatis
1587 5312 1854 5364 Eunomii.

293 5386 425 5451 Reg.
452 5387 712 5437 secundus
745 5382 852 5433 Τοῦ
885 5381 1050 5435 αὑτοῦ
1086 5382 1213 5452 περὶ
1245 5381 1374 5433 Υἱοῦ
1406 5381 1559 5446 λόγος
1588 5380 1857 5452 δεύτερος,

292 5453 592 5523 ἀνατροπὴ,
611 5462 740 5523 etc.,_
769 5460 825 5523 nt
846 5451 1228 5523 supra._l£diito
1243 5451 1418 5523 Al’aris.
1443 5453 1578 5504 Κατ’
1597 5451 1860 5523 Εὐνομίου

291 5525 385 5585 τοῦ
415 5513 702 5586 δυσσέϐοῦς
730 5521 886 5592 λόγος
911 5513 988 5591 ’β’.
1020 5521 1199 5574 Codex
1229 5519 1380 5574 Colb.
1419 5530 1472 5575 et
1503 5523 1631 5589 Reg.
1674 5513 1864 5575 tertius
1908 5513 1919 5524 ’

295 5604 854 5723 Μνὲὃξοέἱίῗιῖῗαῦτα
887 5660 985 5728 μὲν
1014 5655 1127 5716 οῦν.
1167 5658 1282 5715 Vox
1309 5653 1400 5714 οὖν
1430 5661 1482 5716 in
1527 5675 1655 5716 mss.
1687 5661 1858 5717 deest.

1963 4517 2144 4580 fuerit,
2196 4530 2358 4582 quam
2395 4515 2442 4568 si
2487 4515 2628 4568 datis
2667 4514 2828 4568 nobis
2881 4530 2910 4568 a
2959 4515 3161 4583 Spiritu
3198 4514 3535 4570 documentis

1963 4606 2260 4660 orationem
2291 4603 2661 4668 conferentes,
2693 4604 2834 4673 quod
2865 4605 3083 4672 quidem
3110 4605 3216 4658 illis
3239 4619 3531 4659 consonum

1966 4697 2348 4760 invenerimus,
2383 4695 2438 4749 id
2475 4696 2840 4765 suscipiamus
2873 4716 2886 4750 :
2924 4697 3064 4764 quod
3092 4711 3220 4751 vero
3248 4697 3310 4750 iis
3336 4697 3534 4749 adver-

1871 4822 1873 4824 -
1962 4795 2134 4851 satur,
2183 4787 2236 4841 id
2285 4801 2627 4857 nequaquam
2655 4788 2940 4844 credamus
2973 4795 3134 4856 atque
3164 4798 3223 4842 ut
3253 4787 3532 4842 inimicum

1962 4878 2278 4947 cﬂ‘ugiamus
2298 4879 2322 4933 ?

2036 4973 2091 5023 2.
2128 4970 2370 5025 Primum
2404 4971 2588 5042 itaque
2630 4971 2762 5026 illud
2795 4973 3068 5039 ostendat,
3103 4973 3192 5042 qui
3220 4973 3326 5028 sint
3360 4973 3532 5029 sancti

1962 5173 2003 5210 ειν
2034 5173 2112 5242 (l)
2140 5173 2323 5228 Codex
2362 5189 2500 5228 unus
2547 5174 2642 5227 καὶ
2682 5173 2848 5243 λόγοι.
2874 5174 2978 5228 Alii
3011 5182 3120 5229 tres
3159 5189 3288 5229 mss.
3329 5174 3421 5228 καὶ
3444 5173 3535 5228 λό-

1962 5259 2096 5311 γοις.
2127 5255 2395 5311 corrupte.

2143 5313 2364 5384 Codices
2395 5315 2500 5366 duo
2529 5315 2814 5384 ἐγγέγονεν
2842 5315 3081 5367 ὑπόνοια.

2037 5382 2130 5456 (5)-
2151 5382 2368 5456 Antiqui
2401 5382 2724 5456 duolibriﬁ
2762 5387 2872 5448 τοῖς
2909 5385 3194 5456 δόγμασιι,
3220 5393 3273 5437 et
3299 5384 3366 5436 it"
3397 5398 3531 5451 quo-

1965 5467 2071 5521 que
2118 5452 2312 5521 legitur
2341 5454 2390 5505 in
2440 5453 2561 5506 aliis
2600 5452 2806 5509 duobus
2855 5452 3022 5518 mss.,'
3070 5457 3160 5508 sed
3194 5457 3244 5506 in
3276 5470 3368 5507 ora
3413 5455 3531 5509 libri

1966 5528 2245 5581 duntaxat,
2279 5522 2332 5573 in
2367 5531 2619 5593 contextu
2652 5539 2783 5579 vero
2810 5525 3066 5593 scriptum
3093 5525 3366 5577 invenitur
3388 5524 3529 5577 διδά-

1965 5606 2138 5665 γμασι
2178 5608 2192 5643 :
2219 5605 2380 5665 quam
2411 5591 2657 5647 ultimam
2690 5591 2974 5651 lectionem
3001 5595 3296 5664 prmferunt
3320 5610 3532 5665 quoque

1923 5742 1925 5744 η
1966 5661 2095 5716 editi
2129 5670 2183 5716 et
2206 5661 2294 5715 alii
2325 5673 2434 5736 tres
2465 5677 2594 5728 mss.
