4016 6220
491 295 598 350 575
1792 291 1871 346 'S.
1912 289 2162 346 BASILII
2198 290 2415 347 MAGNI
3667 292 3778 342 57b

490 413 583 485 qui
632 411 934 481 genituram
977 418 1032 464 et
1079 408 1344 462 iacturam
1389 407 1670 464 Christum
1705 407 2072 478 appellarint?

2179 407 2271 475 γέν
2283 425 2347 479 νη
2357 424 2433 478 μα
2449 407 2542 460 καὶ
2565 407 2691 478 ποίη
2700 423 2776 477 μα
2804 405 2894 458 τὸν
2909 405 3143 477 Χριστὸν
3160 406 3561 477 προσειρήκασι
3578 421 3593 470 ;
3610 403 3779 466 ποίας

490 517 628 572 quas
663 500 1068 569 Scripturarum
1099 513 1261 552 voces
1302 497 1501 553 habeat
1534 498 1600 551 ad
1646 497 2070 552 demonstratio-

2179 497 2480 569 ἔχειφωνὰς
2514 498 2623 551 τῶν
2644 497 2874 569 Γραφῶν
2905 500 2984 561 είς
3014 497 3318 563 ἀπόδειξινς
3353 499 3415 552 Ei
3444 500 3557 568 γὰρ
3582 499 3649 567 τῇ
3676 495 3777 548 τοῦ

491 593 661 649 nem?
714 592 848 646 Nam
888 592 933 647 si
983 591 1124 647 beati
1169 590 1315 647 Petri
1352 607 1482 647 voce
1508 607 1630 661 quae
1661 593 1717 646 in
1753 591 1905 646 Actis
1936 605 2068 661 apo-

2179 591 2444 662 μακαρίου
2479 591 2686 661 Πέτρου
2717 592 2869 660 φωνῇ
2893 592 2959 661 τῇ
2991 592 3048 642 ὲν
3073 593 3195 653 ταῖς
3218 590 3460 661 Πράξεσι
3483 589 3600 642 τῶν
3630 590 3769 641 617:0-

490 684 751 739 stolorum
783 683 1093 752 conscripta
1127 692 1230 748 εει,
1263 683 1534 749 innititur,
1572 682 1661 738 ubi
1696 682 1829 737 dicit
1870 704 1882 738 :
1919 681 2071 737 Sciat

491 784 599 827 tota
629 774 815 827 domus
838 772 1034 839 Israel,
1066 774 1203 843 quod
1230 772 1510 827 Dominum
1536 774 1705 841 ipsum
1729 782 1777 826 et
1801 770 2070 827 Christum

489 864 611 934 fecit
647 865 819 932 Deus,
857 866 997 919 hunc
1040 864 1223 919 Jesum
1271 882 1420 935 quem
1475 881 1562 918 vos
1618 865 1956 935 cruciﬁxistia
1988 864 2065 920 “:

488 961 721 1026 primum
755 958 975 1027 quidem
1006 958 1058 1012 id
1087 958 1453 1011 testimonium
1485 958 1918 1011 convenientiam
1950 956 2071 1010 nul.

491 1050 597 1103 lam
630 1050 794 1104 habet
828 1064 950 1104 cum
1002 1050 1248 1119 quaisito.
1300 1047 1432 1102 Nam
1467 1058 1813 1102 ostensurum
1850 1065 1907 1103 se
1942 1064 2069 1118 pro-

490 1144 687 1208 fessus,
736 1142 936 1197 Filium
984 1158 1013 1196 a
1060 1142 1264 1196 sanctis
1309 1142 1573 1212 facturam
1621 1142 1822 1196 dictum
1879 1142 2066 1206 fuisse,

490 1236 854 1291 testimonium
890 1236 1140 1305 perhibet
1170 1237 1235 1289 de
1268 1235 1377 1289 Deo
1421 1244 1475 1289 et
1513 1233 1700 1298 Patre,
1746 1234 1889 1303 quod
1920 1233 2062 1289 fece-

490 1330 580 1384 rit.
630 1329 745 1383 Non
783 1328 929 1383 enim
963 1327 1095 1382 illud
1136 1328 1370 1391 dixerit,
1424 1325 1591 1381 licere
1641 1326 1765 1393 sibi,
1805 1335 1916 1380 tum
1946 1340 2069 1380 cum

489 1422 557 1475 de
581 1423 744 1475 tantis
769 1421 929 1475 rebus
952 1434 1131 1475 sermo
1168 1420 1493 1484 instituitur,
1518 1418 1881 1473 derivationes
1910 1433 2072 1487 quas-

491 1513 613 1567 dam
644 1527 709 1568 ac
735 1511 1062 1566 variationes
1093 1510 1371 1565 nominum
1401 1510 1727 1577 excogitare.
1782 1510 2072 1567 Enimvero

489 1606 533 1658 si
565 1605 647 1659 vel
687 1603 846 1659 otiosi
895 1603 1046 1656 verbi
1088 1616 1280 1671 poenas
1326 1602 1379 1655 in
1426 1602 1512 1657 die
1545 1601 1731 1670 judicii
1782 1602 2069 1671 dabimus;

489 1696 661 1750 inulto
705 1697 881 1749 minus
920 1694 965 1750 si
1002 1694 1296 1764 quidquam
1334 1696 1387 1749 in
1430 1695 1595 1749 tantis
1649 1695 1810 1749 rebus
1843 1696 2070 1749 innova-

490 1804 633 1853 iiius,
674 1787 727 1841 id
783 1787 942 1841 nobis
990 1788 1125 1841 citra
1166 1800 1382 1856 poenam
1442 1788 1772 1842 remittetur.
1813 1788 2070 1844 Fortasse

490 1882 634 1934 enim
666 1878 794 1934 illud
824 1879 1040 1948 quidem
1099 1891 1357 1950 tanquam
1406 1889 1827 1935 consentaneum
1858 1883 1926 1934 de
1961 1881 2071 1935 Deo

488 1970 751 2039 et,Palre
799 1971 932 2037 dici,
987 1986 1019 2024 a
1078 1971 1259 2025 divina
1294 1970 1792 2039 Scripturaredocti
1841 1986 2068 2027 sumus:

489 2065 595 2118 hoc
619 2079 747 2118 vero
779 2078 885 2118 non
916 2063 1208 2118 convenire
1238 2062 1552 2131 Unigenito,
1585 2063 1822 2132 Spiritus
1845 2073 2070 2119 sanctus

489 2157 700 2212 siiendo
717 2158 976 2211 ostendit.
1008 2155 1288 2223 Quomodo
1327 2156 1489 2226 igitur
1521 2166 1692 2209 tutum
1726 2154 1906 2221 fuerit,
1939 2172 2072 2212 voce

487 2246 638 2303 Fecit
696 2249 999 2311 immutata,
1060 2247 1436 2300 universorum
1485 2245 1746 2301 factorem
1799 2245 2069 2302 facturam

490 2339 706 2394 dicere?
740 2337 955 2392 Etenim
1006 2336 1052 2391 si
1101 2336 1389 2406 appellatio
1433 2335 1699 2404 ejusmodi
1737 2337 1786 2391 ei
1817 2340 2069 2392 conveni-

489 2441 592 2495 ret,
630 2431 816 2498 utique
850 2444 957 2483 non
988 2428 1176 2483 fuisset
1207 2429 1572 2498 praetermissa
1605 2444 1634 2482 a
1670 2429 1874 2499 Spiritu
1906 2431 2070 2485 silen-

490 2520 586 2576 tio.
633 2521 688 2573 lii
732 2520 998 2575 creaturis
1041 2520 1254 2587 quidem
1294 2521 1594 2589 reperimus
1639 2537 1670 2574 a
1716 2522 1882 2575 verbo
1917 2520 2070 2576 Fecit

489 2613 831 2681 desumptain
865 2610 1029 2665 fuisse
1059 2612 1279 2665 factum
1322 2611 1738 2680 appellationem
1773 2634 1783 2667 :
1837 2615 1889 2667 in
1933 2613 2072 2668 Filio

489 2708 671 2753 autem
702 2697 797 2751 Dei
826 2713 930 2752 non
962 2698 1114 2752 item.
1161 2698 1228 2753 In
1277 2701 1534 2768 principio
1577 2704 1713 2756 enim
1771 2703 1910 2758 Deus
1947 2705 2071 2772 fecit

488 2791 675 2845 cretum
701 2800 747 2843 et
785 2798 982 2844 terram
1001 2791 1067 2844 '°.
1102 2790 1170 2844 Et
1198 2807 1387 2845 rursus
1421 2810 1435 2846 :
1470 2791 1539 2845 In
1566 2793 1792 2861 [acturis
1819 2812 2070 2850 manuum

488 2892 702 2935 tuarum
727 2882 1025 2935 meditabar
1053 2881 1119 2936 ".
1163 2881 1265 2944 Et,
1305 2881 1582 2936 Enimvero
1622 2900 1739 2954 qua:
1777 2896 1894 2937 sunt
1937 2888 2071 2939 iuvi-

488 2973 665 3026 sibilia
696 2972 870 3037 illius,
901 2988 965 3026 ea:
1006 2974 1266 3026 creatione
1308 2974 1530 3037 mundi,
1559 2962 1684 3026 dum
1712 2991 1804 3043 per
1832 2977 2069 3042 facturas

2172 682 2375 737 στόλων
2418 683 2887 756 ἁναγεγραμμένῃ
2933 683 3356 754 ὲπιστηρίζοιτο,
3404 679 3534 735 ἔνθα
3588 681 3776 750 φησί·

2169 777 2522 831 Γινωσκέτω
2560 775 2680 843 πᾶς
2710 772 2874 841 οἶκος
2907 775 3178 843 Ἰσραὴλ,
3206 773 3297 827 ὅτι
3318 774 3539 841 Κύριον
3573 772 3777 826 αὐτὸν

2170 869 2268 922 καί
2288 868 2548 936 Χριστὸν
2572 869 2864 935 ἐποίησεν
2885 870 2918 922 ό
2936 867 3103 933 Θεὸς,
3128 866 3344 921 τοῦτον
3364 865 3474 919 τὸν
3498 862 3775 930 Ἰησοῦν,

2170 962 2245 1015 ὃν
2271 960 2440 1031 ὑμεῖς
2480 959 2932 1029 ἐσταυρώσατεο
2969 958 3186 1030 πρῶτον
3223 958 3322 1030 μὲν
3365 957 3515 1009 οὐδὲν
3562 956 3777 1008 οἰκεῖον

2171 1052 2284 1123 ἔχει
2330 1051 2409 1122 τῷ
2456 1051 2774 1122 ζητουμένῳ
2822 1052 2855 1122 ἡ
2911 1050 3205 1122 μαρτυρία.
3260 1049 3775 1118 Ἐπαγγειλάμενος

2170 1148 2279 1217 γὰρ
2308 1144 2502 1211 δείξειν
2536 1144 2689 1216 παρὰ
2734 1143 2842 1197 τῶν
2891 1143 3065 1213 ἁγίων
3113 1143 3365 1214 εἰρῆσθαι
3398 1142 3627 1211 ποίημα
3672 1140 3775 1194 τὸν

2171 1238 2322 1301 Υίὸν,
2360 1237 2459 1309 τὴν
2509 1236 2813 1308 μαρτυρίαν
2863 1236 3159 1306 παρέχεται
3201 1236 3329 1306 περὶ
3371 1234 3465 1288 τοῦ
3492 1233 3630 1287 Θεοῦ
3667 1232 3775 1285 καὶ

2171 1331 2408 1402 Πατρὸς,
2440 1329 2523 1382 ὅτι
2552 1329 2828 1401 ἐποίησεν.
2876 1330 2949 1382 Οὐ
2997 1330 3106 1398 γὰρ
3154 1326 3329 1379 ὲκεῖνό
3362 1343 3425 1395 γε
3470 1324 3536 1378 ἃν
3592 1325 3771 1387 εἴποι,

2171 1421 2252 1473 ὅτι
2281 1418 2488 1484 ἔξεστιν
2520 1418 2671 1490 αὐτῷ
2699 1421 2756 1472 ἐν
2785 1422 2900 1482 τοῖς
2930 1416 3190 1489 περὶτῶν
3216 1415 3548 1487 τηλικούτων
3580 1414 3773 1483 λόγοις

2174 1511 2510 1583 παραγωγάς
2542 1528 2693 1573 τινας
2732 1511 2827 1564 καὶ
2859 1508 3464 1581 παρασχημαστισμοὺς
3496 1507 3608 1560 τῶν
3639 1507 3771 1559 ὀνο-

2177 1604 2361 1674 μάτων
2404 1600 2762 1672 ἐπινοεῖν
2811 1602 2875 1655 Εί
2914 1600 3024 1671 γάρ
3072 1600 3167 1654 καὶ
3196 1597 3369 1671 ἀργοῦ
3413 1597 3572 1666 λόγου
3600 1597 3771 1650 εὐθύ-

2173 1713 2270 1757 νας
2292 1696 2559 1766 ὐφέξομεν
2584 1697 2642 1748 ὲν
2663 1696 2847 1768 ἡμέρᾳ
2872 1696 2969 1767 τῆς
2993 1695 3248 1765 κρίσεως,
3273 1690 3309 1763 ἦ
3334 1692 3434 1745 πού
3461 1709 3522 1759 γε
3548 1691 3609 1744 τὸ
3629 1694 3769 1763 περὶ

2171 1786 2281 1839 τῶν
2311 1787 2640 1858 τηλικούτων
2684 1790 3026 1858 καινοτομεῖν
3057 1785 3346 1840 ἀνεύθυνον
3378 1787 3509 1856 ἡμῖν
3549 1783 3767 1855 ἀφεθή-

2173 1894 2346 1931 σεται.
2382 1879 2536 1949 Τάχα
2563 1879 2671 1951 γάρ
2700 1897 2803 1932 που
2827 1879 2888 1932 τὸ
2924 1878 3023 1949 μὲν
3053 1878 3132 1949 (5)
3162 1877 3239 1941 ὡς
3265 1877 3474 1948 πρέπον
3504 1876 3599 1928 ἐπὶ
3625 1874 3769 1928 Θεοῦ

2171 1972 2266 2024 καὶ
2313 1970 2531 2041 Πατρὸς
2573 1970 2827 2040 λέγεσθαι
2874 1970 3027 2041 παρὰ
3070 1968 3164 2024 τοῦ
3211 1968 3357 2022 θείου
3403 1966 3769 2037 δεδιδάγμεϐα

2170 2060 2329 2129 λόγου
2348 2079 2361 2093 ·
2393 2063 2455 2114 τὸ
2488 2062 2543 2116 δὲ
2574 2064 2673 2134 οὐχ
2705 2062 2942 2134 ἁρμόζον
2993 2061 3073 2132 τῷ
3111 2062 3406 2130 Μονογενεῖ
3436 2060 3503 2112 δι’
3533 2052 3609 2112 ὧν
3654 2059 3767 2111 ἁπ-

2172 2153 2446 2225 εσιώπησε
2479 2155 2541 2208 τὸ
2579 2154 2805 2226 Πνεῦμα
2853 2154 2915 2208 τὸ
2947 2155 3100 2224 ἆγιον
3140 2152 3457 2218 ἐνεδείξατο.
3510 2151 3636 2214 Πῶς
3666 2145 3767 2203 οὖν

2170 2246 2410 2316 ἀσφαλὲς
2472 2247 2593 2318 τὴν,
2670 2248 2966 2316 Ἐποίησε,
3018 2247 3201 2318 φωνὴν
3253 2244 3766 2317 μεταῤῥυθμίζοντα

2172 2337 2272 2409 (6),
2316 2338 2528 2409 ποίημα
2557 2338 2736 2407 λέγειν
2775 2337 2867 2392 τὸν
2901 2338 3133 2409 ποιητὴν
3176 2338 3285 2391 τῶν
3333 2338 3500 2399 ὅλων;
3546 2336 3611 2388 Ei
3652 2333 3765 2405 γὰρ

2171 2429 2411 2502 ἔπρεπεν
2438 2429 2588 2500 αὑτῷ
2604 2431 2943 2502 προσηγορία
2980 2429 3224 2500 τοιαύτη,
3255 2429 3357 2482 οὐκ
3385 2428 3451 2482 ἂν
3479 2425 3759 2496 ὲσιωπήθη

2172 2520 2324 2594 παρὰ
2371 2520 2466 2575 τοῦ
2514 2520 2849 2592 Πνεύματος.
2918 2520 3058 2574 Ἀλλ’
3100 2520 3193 2573 ἐπὶ
3241 2519 3341 2590 μὲν
3384 2518 3485 2589 τῆς
3530 2517 3763 2579 κτίσεως

2171 2614 2404 2686 εὕρομεν
2452 2613 2561 2667 ἀπὸ
2606 2613 2740 2676 τοῦ,
2804 2614 3126 2680 Ἐποίησε,
3181 2610 3279 2682 τὴν
3311 2608 3407 2663 τοῦ
3456 2609 3763 2680 ποιήματος

2171 2706 2542 2779 προσηγορίαν
2594 2704 3028 2775 μεταληφθεῐσαν
3054 2720 3068 2734 ·
3124 2702 3215 2756 ἐπὶ
3258 2702 3319 2755 δὲ
3350 2699 3444 2754 τοῦ
3487 2698 3619 2752 Υίοῦ
3664 2697 3761 2751 τοῦ

2171 2797 2305 2851 Θεοῦ
2354 2797 2429 2867 (7)
2468 2797 2671 2851 οὐκέτι.
2723 2796 2818 2848 Ἐν
2859 2793 3020 2864 ἀρχῇ
3064 2793 3173 2864 γὰρ
3214 2792 3506 2859 ἐποίησεν
3546 2793 3580 2845 ὁ
3618 2789 3764 2855 Θεὸς

2170 2886 2279 2943 τὸν
2319 2888 2582 2957 οὐρανὸν
2619 2886 2720 2941 καί
2761 2886 2876 2954 τὴν
2914 2885 3067 2957 γῆν·
3103 2885 3196 2939 καὶ
3249 2884 3411 2938 πάλιν
3430 2901 3445 2914 ο
3510 2883 3607 2936 Ἐν
3638 2880 3763 2945 τοῖς

2173 2982 2464 3052 ποιήμασι
2492 2979 2613 3035 τῶν
2649 2978 2865 3050 χειρῶν
2888 2995 3003 3032 σου
3041 2976 3338 3047 ἐμελέτων
3360 2994 3374 3007 ·
3428 2975 3543 3039 καὶ,
3579 2973 3657 3029 Τὰ
3681 2971 3759 3043 (8)

489 3064 839 3129 ίηηοῑεδευηι,
877 3064 1264 3133 ΡεηΡίιτίιιηίαν
1291 3065 1358 3118 ²¹ο
1412 3065 1505 3120 Sic
1545 3065 1825 3136 δοτίριυτθ
1862 3067 1914 3120 ill
1951 3068 2069 3135 ψεῖ·
2094 3087 2136 3143 c
2171 3075 2280 3144 γὰρ
2317 3073 2538 3140 ἀόρατα
2565 3071 2753 3125 αὐτοῦ
2796 3068 2913 3124 ἀπὸ
2949 3069 3200 3134 κτίσεως
3223 3068 3453 3136 κόσμου
3485 3063 3610 3131 τοῖς
3633 3081 3763 3117 ποι-

491 3157 595 3212 bus
642 3144 1005 3227 oppOrtunum
1038 3166 1123 3210 est
1172 3171 1441 3225 usurpans
1492 3159 1595 3212 hoc
1646 3173 1862 3222 nomen,
1905 3158 1958 3212 id
2007 3161 2073 3214 de

493 3248 724 3302 Domino
754 3258 940 3302 nostro
973 3258 1028 3304 et
1064 3247 1347 3303 Salvatore
1376 3247 1500 3304 Jesu
1529 3249 1768 3315 Christo,
1820 3261 2073 3320 tanquam

491 3339 675 3412 gloria:
707 3340 823 3410 ejus
856 3339 1192 3408 majestatem
1230 3341 1372 3395 haud
1414 3342 1638 3406 decens,
1675 3343 1930 3398 obticuit.
1964 3344 2073 3397 Sed

494 3441 672 3486 tamen
711 3439 764 3485 et
793 3431 1020 3494 asciam,
1049 3440 1103 3485 et
1132 3432 1361 3500 lapidem
1394 3432 1733 3503 angularem,
1761 3443 1816 3488 et
1842 3434 2073 3503 lapidem

493 3520 831 3586 oﬂ‘ensionis,
873 3531 926 3578 et
970 3532 1178 3592 petram
1225 3523 1503 3590 scandali,
1553 3534 1607 3579 et
1643 3524 1763 3580 aliis
1807 3526 2074 3596 ejusmodi

494 3611 820 3676 nominibus,
880 3611 934 3665 in
974 3610 1171 3681 quibus
1204 3626 1311 3666 non
1362 3612 1589 3667 multum
1638 3614 1852 3669 videtur
1898 3615 2078 3670 inesse

493 3702 689 3770 laudis,
726 3703 812 3769 iis,
863 3703 957 3773 qni
993 3703 1272 3758 nominum
1322 3704 1778 3775 signiﬁcationem
1826 3722 1935 3761 non
1990 3717 2118 3762 as-‘

495 3804 814 3864 sequuntur,
838 3796 1119 3851 Dominum
1143 3795 1328 3867 gloriae
1351 3798 1622 3868 appellare
1650 3813 1755 3854 non
1779 3800 2075 3862 erubescit;

496 3895 549 3941 at
582 3888 846 3957 facturam
891 3904 1161 3959 nusquam
1205 3890 1425 3945 omnino
1478 3892 1805 3947 nominavit.
1852 3884 2076 3947 Alver'o

501 3980 592 4035 hic
628 3981 696 4035 ab
733 3981 865 4050 ipsis
909 3984 1112 4037 sanctis
1155 3982 1261 4037 hoc
1305 3997 1366 4038 se
1412 3983 1644 4037 nominis
1676 3984 1950 4053 accepisse
1977 3985 2076 4048 ait,

498 4079 557 4126 ut
581 4088 686 4127 non
726 4087 854 4127 suos
884 4073 1056 4127 solum
1084 4074 1353 4143 aequales,
1397 4074 1492 4129 sed
1535 4086 1756 4130 sanctos
1786 4076 1948 4130 etiam
1983 4078 2075 4145 qui

495 4162 625 4218 olim
654 4161 895 4228 fuerunt,
928 4165 1218 4220 calumniis
1245 4166 1358 4222 suis
1386 4166 1646 4225 involvat.

2175 3165 2364 3235 ήμασι
2403 3165 2702 3233 νοούμενα
2754 3160 3092 3231 καθορᾶται.
3144 3160 3333 3223 Οὕτως
3390 3160 3475 3227 ἐφ’
3520 3150 3595 3210 ὧν
3644 3157 3762 3209 ἐστι

2175 3258 2447 3329 χρήσιμον
2496 3256 2558 3310 τὸ
2588 3255 2759 3326 ὄνομα
2791 3253 3294 3326 παραλαμϐάνουσα
3329 3254 3362 3322 ἡ
3409 3248 3621 3321 Γρῇιφὴ,
3670 3248 3764 3300 ἐπὶ

2174 3348 2270 3402 τοῦ
2301 3347 2510 3419 Κυρίου
2556 3345 2712 3417 ἡμῶν
2751 3347 2847 3399 καὶ
2880 3345 3134 3416 Σωτῆρος
3175 3342 3353 3414 Ἰησοῦ
3383 3340 3623 3414 Χριστοῦ
3662 3341 3760 3413 (9),

2176 3440 2252 3503 ὼς
2278 3439 2338 3492 οὐ
2374 3439 2584 3511 πρέπον
2610 3437 2689 3510 τῷ
2724 3434 2995 3508 μεγαλείῳ
3020 3434 3119 3503 τῆς
3139 3432 3314 3504 δόξης,
3348 3427 3761 3500 παρεσιὼπησε.

2176 3531 2290 3584 Νῦν
2321 3531 2378 3584 δὲ
2402 3530 2590 3599 ἀξίνην
2635 3529 2732 3601 μὲν
2756 3528 2850 3582 καὶ
2877 3527 3024 3581 λίθον
3055 3527 3470 3598 ἀκρογωνιαίον,
3495 3522 3591 3576 καὶ
3616 3521 3763 3574 λίθον

2178 3624 2625 3694 προσκόμματος,
2667 3622 2761 3675 καὶ
2798 3620 3005 3692 πέτραν
3042 3617 3363 3681 σκανδάλου,
3409 3616 3504 3669 καὶ
3539 3612 3764 3668 τοιαῦτα

2176 3716 2340 3787 ἕτερα
2379 3717 2435 3768 ὲν
2466 3709 2545 3779 οἷς
2573 3716 2635 3767 οὐ
2661 3713 2798 3767 πολὺ
2837 3714 2985 3767 δοκεῖ
3010 3711 3071 3765 τὸ
3102 3710 3348 3780 εὔφημον
3372 3705 3511 3763 εἶναι
3540 3709 3655 3769 τοῖς
3686 3706 3761 3776 μὴ

2177 3807 2624 3878 καθικνουμένοις
2655 3807 2753 3876 τῆς
2786 3805 3058 3876 σημασίας
3085 3802 3192 3856 τῶν
3213 3801 3513 3871 ὀνομάτων,
3541 3798 3631 3851 τὸν
3653 3798 3763 3850 Κύ-

2181 3916 2295 3970 ριον
2345 3897 2445 3969 τῆς
2494 3896 2652 3967 δόξης
2696 3894 3123 3967 προσαγορεύειν
3176 3893 3276 3945 οὐκ
3336 3888 3719 3960 ἐπαισχύνεται
3745 3905 3758 3918 ·

2179 3984 2403 4053 ποίημα
2430 3982 2488 4036 δὲ
2516 3981 2752 4053 οὐδαμοῦ
2779 3982 2843 4034 τὸ
2871 3980 3131 4052 παράπαν
3168 3978 3442 4048 ὠνόμασε.
3481 3974 3674 4028 Καίτοι
3696 3990 3763 4041 γε

2177 4071 2331 4139 οὗτος
2384 4074 2514 4147 παρ’
2550 4072 2728 4127 αὐτῶν
2771 4071 3050 4142 εἰληφέναι
3096 4070 3204 4123 τῶν
3249 4069 3420 4137 ἁγίων
3472 4066 3537 4119 τὸ
3584 4064 3764 4134 δνομα

2178 4166 2335 4220 τοῦτό
2367 4183 2551 4237 φησιν,
2599 4166 2687 4219 ἵνα
2732 4166 2854 4228 ταῖς
2883 4161 3269 4231 συκοφαντίαις
3323 4160 3398 4231 μὴ
3455 4158 3615 4228 μόνον
3646 4155 3762 4227 (10)

2178 4261 2304 4322 τοὺς
2326 4258 2446 4312 κατ’
2472 4257 2632 4312 αὑτὸν
2663 4254 2955 4329 περιϐάλῃ,
2987 4254 3125 4308 ἀλλὰ
3155 4253 3249 4306 καὶ
3274 4252 3401 4315 τοὺς
3432 4250 3600 4305 πάλαι
3628 4248 3765 4302 ποτὲ

2180 4347 2502 4419 γενομένους
2535 4347 2741 4415 ἁγίους.

570 4418 869 4487 δένωυω
916 4440 1273 4500 prmterquam
1321 4431 1462 4501 quod
1514 4432 1583 4486 ob
1632 4434 1932 4503 periculum
1967 4451 2071 4490 non

2246 4439 2300 4493 '5.
2318 4418 2496 4493 νἈνευ
2524 4437 2582 4491 δὲ
2607 4436 2700 4490 τοῦ
2733 4437 2809 4509 μὴ
2839 4437 3039 4508 χρῆναι
3068 4435 3157 4489 διὰ
3183 4436 3245 4488 τὸ
3277 4435 3613 4489 ἐπικίνδυνον
3649 4436 3765 4496 τοῖς

499 4533 713 4593 oportet
749 4524 874 4578 talia
900 4525 1118 4589 audere,
1149 4540 1327 4595 neque
1348 4524 1564 4580 Domini
1595 4526 1813 4581 nomina
1838 4542 1868 4581 a
1898 4527 2076 4596 seipso

501 4616 889 4671 transformare
918 4630 934 4670 :
964 4629 1223 4687 praeterea
1279 4632 1347 4671 ne
1396 4618 1511 4685 ipsa
1565 4618 1784 4688 quidem
1834 4620 2073 4689 Apostoli

500 4709 768 4764 sententia
801 4708 1022 4764 exhibet
1045 4710 1201 4764 nobis
1225 4723 1344 4764 eam
1372 4708 1647 4780 Unigeniti
1678 4725 1800 4779 quae
1826 4722 1953 4764 ante
1977 4725 2078 4764 sa:-

2180 4529 2443 4594 τοιούτοις
2477 4527 2800 4599 ὲπιτολμᾷν,
2829 4528 2925 4582 καὶ
2951 4525 3021 4580 τὰ
3037 4525 3132 4579 τοῦ
3158 4526 3268 4597 (11)
3296 4524 3503 4597 Κυρίου
3526 4524 3765 4593 ὀνόματα

2182 4621 2312 4691 παρ’
2345 4619 2539 4673 ἑαυτοῦ
2577 4619 3006 4690 μεταπλάττειν·
3035 4619 3118 4673 ἔτι
3149 4621 3271 4673 οὐδὲ
3299 4622 3332 4690 ἡ
3368 4618 3462 4673 τοῦ
3507 4617 3766 4672 Ἀποστὸ-

2182 4710 2277 4764 λου
2306 4711 2514 4766 διάνοια
2542 4711 2641 4782 τὴν
2680 4712 2788 4783 πρὸ
2826 4713 3022 4777 αἰῶνος
3067 4713 3361 4766 ὑπόστασιν
3391 4710 3483 4765 τοῦ
3520 4714 3768 4778 Mavors-

574 4849 618 4882 "
642 4850 767 4904 Act.
803 4864 865 4917 ii,
900 4847 988 4905 56.
1065 4850 1111 4881 ¹⁰
1143 4848 1279 4905 Gen.
1316 4866 1355 4918 i,
1388 4852 1438 4906 1.
1516 4851 1560 4882 ²¹
1593 4849 1739 4910 Psal.
1768 4867 1937 4918 cxui,

2179 4852 2312 4908 tom.
2346 4869 2388 4920 ι,
2414 4852 2506 4914 20.

563 5029 650 5118 _(4)
685 5031 821 5103 Reg.
857 5041 1079 5102 quartus
1122 5030 1175 5084 in
1220 5031 1459 5103 margine
1512 5030 1791 5101 ὀνομάτων
1837 5033 2071 5104 ἐπικρα-

501 5120 635 5156 τειν.

576 5173 653 5244 (5)
685 5171 798 5227 Hoc
828 5170 962 5244 dicit
988 5171 1223 5227 Basilius
1260 5185 1279 5244 ξ
1326 5170 1607 5244 Scriptura
1651 5186 1774 5226 cum
1808 5171 1887 5244 de
1915 5172 2076 5244 Patre

504 5240 807 5299 sermonem
842 5242 1022 5307 habet,
1058 5244 1223 5296 verbo
1251 5240 1375 5310 fecit
1403 5241 1594 5308 utitur,
1624 5252 1680 5294 nt
1701 5242 1953 5295 ostendat
1976 5242 2078 5295 lioc

503 5316 726 5368 verbum
777 5312 923 5366 Patri
974 5323 1233 5381 tanquam
1266 5326 1447 5365 rerum
1507 5312 1750 5366 omnium
1804 5311 2072 5365 conditori

504 5384 794 5439 convenire
823 5400 836 5437 :
866 5391 1077 5449 contra,
1100 5398 1219 5434 cuni
1253 5382 1319 5436 de
1345 5381 1481 5435 Filio
1506 5381 1764 5452 loquitur,
1796 5396 2071 5452 nunquam

506 5468 689 5508 vocem
726 5453 948 5521 factum
990 5460 1234 5522 usurpat,
1267 5461 1324 5505 ut
1356 5451 1647 5505 doceamur
1679 5451 1731 5505 id
1763 5466 1957 5505 nomen
1996 5451 2070 5515 ei,

505 5525 595 5589 qni
625 5524 829 5593 pariter
851 5538 1030 5576 rerum
1061 5523 1308 5593 conditor
1333 5531 1435 5593 est,
1468 5522 2074 5593 noncongruere._An-

508 5589 639 5662 tiqui
671 5602 904 5660 quatuor
947 5593 1075 5662 libri,
1101 5591 1252 5662 Τάχα
1278 5590 1387 5660 γάρ
1415 5608 1524 5662 Δπου
1550 5591 1611 5662 τὸ
1641 5590 1741 5662 μὲν
1775 5628 1788 5644 .
1876 5589 2076 5662 λόγου,

505 5659 667 5733 τρδέ,
694 5659 836 5733 Editi
857 5662 998 5732 τάχα
1023 5661 1129 5733 γὰρ
1172 5659 1328 5715 τοῦτο
1361 5659 1468 5731 μὲν
1595 5659 1775 5733 λόγου,
1806 5659 1972 5733 τοῦτο
1999 5660 2077 5715 δέ.

508 5728 619 5784 lloc
659 5732 774 5796 ipso
822 5732 874 5786 in
911 5728 1184 5788 loco'editi
1216 5742 1287 5805 _ct
1321 5728 1424 5789 duo
1466 5746 1595 5807 mss.
1645 5728 1744 5802 οὐχ
1794 5729 2075 5802 ἁρμόζειν.

2176 5029 2559 5103 Aliiqiiinque
2593 5048 2722 5086 mss.
2760 5034 2867 5103 oux
2890 5031 3154 5103 ἁρμόζον.

2251 5101 2327 5170 (6)
2340 5099 2496 5173 ᾼΕιιίίί
2527 5099 3088 5173 μεταρρυθμίζοντας.
3107 5103 3327 5171 Antiqui
3352 5116 3446 5156 sex
3474 5099 3598 5155 libri
3639 5117 3772 5173 μετ-

2185 5170 2617 5255 αρρυθμίζοντα,
2649 5170 2908 5242 quomodo
2930 5183 3105 5255 tutum
3141 5170 3299 5255 [aerii
3321 5174 3367 5226 ei
3388 5175 3476 5241 qui
3509 5187 3575 5224 ea:
3608 5170 3773 5224 verba

2184 5240 2316 5295 fecit
2340 5240 2514 5296 vocem
2543 5240 2771 5297 facturae
2794 5240 3163 5297 concinnavit?

2254 5310 2331 5398 ili
2361 5311 2754 5398 ἑιὲἓ,ῖεοῧ.Υίτὶ³ἓ
2789 5312 3099 5398 καὶβῗέδο..
3156 5396 3190 5398 κο
3237 5396 3263 5398 η

2253 5379 2328 5454 (8)
2365 5380 2506 5435 Editi
2530 5383 2626 5435 καὶ
2655 5382 2816 5436 πάλιν
2842 5382 2933 5436 τά.
2968 5383 3198 5437 Codices
3221 5380 3373 5435 multi
3407 5380 3503 5434 καὶ
3530 5379 3621 5433 τά.

2251 5451 2328 5522 (9)
2366 5450 2509 5524 Editi
2558 5453 2765 5524 Κυρίου
2816 5453 2909 5506 καὶ
2955 5452 3207 5523 Σωτῆρος
3242 5449 3399 5522 ἡμῶν
3457 5447 3658 5521 Ἰησοῦ.
3696 5448 3771 5503 At

2183 5534 2316 5574 mss.
2344 5522 2419 5573 uti
2453 5522 2506 5574 in
2530 5522 2809 5578 contexui.

2255 5589 2369 5781 (10)
2396 5589 2531 5672 Reg.
2557 5603 2781 5660 quartus
2805 5593 2895 5677 μὴ
2929 5591 3175 5672 μόνους.-
3343 5661 3355 5671 ν
3440 5660 3453 5673 .
3662 5662 3675 5673 _
3749 5661 3764 5674 .

2256 5662 2338 5729 (11
2393 5660 2534 5714 Edtti
2561 5662 2883 5733 ἐπιτολμᾳν,
2915 5663 3056 5716 κατὰ
3088 5677 3202 5714 του.
3232 5660 3454 5729 Antiqui
3491 5671 3598 5717 tres
3638 5660 3764 5717 libr!

2261 5748 2339 5781 ιτο
2378 5731 2505 5781 μᾶν-
2542 5734 2635 5781 καὶ
2663 5733 2730 5781 τὰ
2758 5732 2872 5781 τοῦ-
2903 5743 3066 5781 recte.

2185 5732 2506 5801 ὲπιτολμᾷν,
2542 5734 2635 5786 κοιλ⁵
2663 5733 2730 5786 τὰ
2758 5732 2873 5802 τοῦ,
2903 5743 3089 5801 recte,
