4016 6220
344 255 445 312 δτι

1455 261 1822 317 ADVERSUS
1862 259 2230 318 EUNOMIUM
2271 262 2402 318 LIB.
2445 262 2507 319 II.

3481 273 3583 326 5'18

340 351 465 414 νοῦς
490 353 620 422 ἡμῖν
649 352 960 424 παρίστησι,
992 355 1118 426 περὶ
1147 350 1214 426 ἧς
1235 357 1263 408 ὁ
1284 355 1440 424 λόγος
1475 359 1530 410 ἐν
1556 358 1632 428 τῷ
1664 359 1905 430 παρόντι.

2013 359 2130 412 CnIa
2165 359 2262 412 fuit
2296 358 2703 415 subsistentiam
2737 379 2752 414 :
2789 362 2855 417 de
2890 377 2995 432 qua
3034 379 3176 419 nunc
3219 365 3372 421 nobis
3406 383 3586 424 sermo

341 445 477 497 Οὐδὲ
514 443 621 515 γὰρ
653 445 779 516 περὶ
828 447 925 516 τῆς
977 447 1165 510 οὐσίας
1198 450 1366 520 αὐτῆς
1409 451 1503 503 τοῦ
1551 452 1683 505 Θεοῦ
1714 453 1910 522 Λόγου,

340 535 432 588 τοῦ
465 537 520 587 ὲν
566 536 708 606 ἀρχῇ
766 536 918 600 ὄντος
966 539 1100 610 πρὸς
1143 541 1233 593 τὸν
1267 541 1431 604 Θεὸν,
1479 542 1614 595 ἀλλὰ
1651 545 1778 614 περὶ
1818 542 1912 596 τοῦ

339 623 673 688 κενώσαντος
713 627 901 679 ἑαυτὸν
931 629 987 680 ἐν
1020 631 1085 699 τῇ
1123 628 1216 682 τοῦ
1240 630 1424 684 δούλου
1457 634 1658 703 μορφῇ,
1699 633 1794 685 καὶ
1823 650 1916 700 γε-

338 718 562 787 νομένου
618 719 940 790 συμμόρφου
991 719 1068 790 τῷ
1118 721 1330 792 σώματι
1381 724 1482 794 τῆς
1531 717 1913 788 ταπεινώσεως

337 808 515 878 ήμῶν,
548 811 640 862 καὶ
673 813 1078 882 σταυρωθέντος
1120 815 1177 882 ἐξ
1212 815 1512 878 ἀσθενείας,
1567 817 1753 885 σαφῶς
1794 817 1910 869 δια-

338 901 576 970 λέγεται.
617 905 726 957 Καὶ
773 905 929 959 τοῦτο
976 909 1137 960 παντὶ
1177 907 1450 978 γνώριμον
1491 907 1569 977 τῷ
1600 908 1690 959 καὶ
1718 902 1912 979 μικρὸν

337 992 688 1063 ἐπιστήσαντι
719 995 816 1064 τῆς
845 996 1207 1066 ἀποστολικῆς
1250 995 1447 1060 λέξεως
1474 995 1552 1066 τῷ
1589 996 1909 1067 βουλήματι,

336 1083 418 1137 ὅτι
465 1085 583 1154 οὐχὶ
636 1084 909 1154 θεολογίας
961 1088 1089 1158 ἡμῖν
1135 1087 1464 1157 παραδίδωσι
1512 1088 1730 1159 τρόπον,
1777 1087 1914 1142 ἀλλὰ

335 1179 460 1241 τοὺς
492 1179 592 1248 τῆς
624 1181 934 1250 οἰκονομίας
961 1181 1152 1249 λόγους
1181 1181 1500 1254 παραδηλοῖ.
1530 1183 1751 1250 Κύριον
1778 1183 1910 1254 γὰρ,

336 1272 488 1340 φησὶ,
541 1272 638 1324 καὶ
684 1273 941 1340 Χριστὸν
991 1274 1177 1329 αὐτὸν
1219 1274 1329 1342 (I2)
1381 1277 1414 1328 ό
1457 1276 1599 1340 Θεὸς
1641 1275 1909 1343 ἐποίησε,

337 1363 550 1416 τοῦτον
597 1363 703 1417 τὸν
751 1365 985 1431 Ἰησοῦν
1031 1365 1104 1418 ὃν
1139 1366 1307 1434 ὑμεῖς
1340 1364 1791 1430 ἐσταυρώσατε,
1844 1369 1910 1437 τῇ

335 1457 576 1526 δεικτικῇ
605 1459 754 1528 φωνῇ
793 1458 1072 1529 μονονουχὶ
1105 1457 1242 1530 πρὸς
1273 1452 1334 1510 τὸ
1370 1457 1706 1528 ἀνθρώπινον
1746 1457 1910 1512 αὐτοῦ

335 1548 430 1600 καὶ
474 1548 745 1618 ὁρώμενον
797 1551 929 1601 πᾶσι
970 1549 1250 1621 προδήλως
1301 1549 1729 1621 ἐπερειδόμενος.
1771 1551 1827 1602 ὐ
1855 1551 1912 1604 δὲ

334 1638 453 1708 τὴν,
489 1639 796 1706 ἐποίησεν,
827 1640 1008 1711 φωνὴν
1039 1643 1118 1704 είς
1144 1641 1242 1711 τὴν
1266 1639 1500 1710 ἀρχῆθεν
1523 1640 1774 1708 γέννησιν
1803 1642 1910 1711 (15)

332 1730 430 1784 τοῦ
468 1732 802 1799 Μονογενοῦς
857 1732 1170 1804 μεταφέρει.
1218 1732 1328 1786 Καὶ
1376 1733 1494 1786 οὐδὲ
1544 1734 1718 1785 ἐκεῖνο
1753 1732 1914 1786 αὐτὸν

333 1822 591 1885 δυσωπεῖ,
622 1824 702 1876 ὅτι
731 1819 810 1888 τό,
832 1825 1064 1892 Κύριος,
1093 1826 1192 1877 οὐκ
1213 1823 1398 1887 οὐσίας
1428 1825 1595 1888 ἐστὶν,
1627 1823 1739 1877 ἀλλ’
1767 1823 1916 1890 ἐξου-

336 1912 458 1975 σίας
482 1912 672 1984 όνομα.
706 1914 868 1967 Ὥστε
905 1915 932 1965 ὁ
966 1913 1162 1979 εἰπὼν,
1193 1914 1415 1982 Κύριον
1441 1914 1630 1967 αὑτὸν
1656 1914 1753 1967 καὶ
1783 1915 1915 1982 Χρι-

335 2006 488 2058 στὸν
527 2009 558 2059 ό
611 2006 754 2072 Θεὸς
801 2006 1081 2073 ἐποίησε,
1129 2006 1228 2076 τὴν
1278 2004 1421 2059 κατά
1474 2005 1687 2059 πάντων
1743 2007 1915 2076 ἀρχὴν

335 2101 429 2153 καὶ
455 2099 769 2153 δεσποτείαν
811 2097 956 2163 λέγει
988 2098 1085 2169 τὴν
1118 2099 1267 2170 παρὰ
1309 2097 1403 2152 τοῦ
1436 2099 1648 2170 Πατρός
1687 2099 1913 2168 ἐπιτρα-

335 2192 525 2242 πεῖσαν
561 2188 728 2258 αὐτῷ,
761 2189 822 2240 οὐ
852 2189 949 2258 τὴν
984 2188 1092 2258 (Li)
1123 2190 1201 2252 είς
1227 2188 1291 2240 τὸ
1322 2185 1459 2241 εἶναι
1485 2187 1715 2259 πάροδον
1749 2187 1912 2241 αὐτοῦ

332 2281 614 2352 διηγεῖται.
666 2281 852 2334 Ταῦτα
894 2281 989 2350 μὲν
1035 2276 1126 2333 οὖν
1170 2280 1362 2351 μικρὸν
1398 2271 1621 2352 ὕστερον
1656 2280 1915 2347 ἐπιδείξο·

337 2391 455 2445 μεν,
508 2374 636 2424 ὅταν
685 2371 996 2441 ἐλέγχωμεν
1043 2371 1202 2424 αὐτὸν
1236 2370 1386 2441 παρὰ
1427 2370 1486 2422 τὸ
1535 2370 1778 2441 βούλημα
1817 2369 1911 2424 τοῦ

334 2464 652 2535 Πνεύματος
683 2463 782 2526 τὰς
821 2465 883 2516 ὲκ
910 2463 1009 2533 τῆς
1033 2464 1254 2533 Γραφῆς
1286 2463 1590 2534 μαρτυρίας
1621 2462 1914 2533 παρατιθέ-

337 2573 494 2626 μενον
522 2571 535 2584 ·
577 2556 693 2606 νυνὶ
720 2554 775 2607 δὲ
808 2554 898 2606 ἐπὶ
942 2553 1008 2606 τὰ
1040 2553 1237 2623 συνεχῆ
1278 2552 1370 2606 τοῦ
1420 2553 1578 2621 λόγου
1611 2555 1909 2624 προΐωμεν.

333 2647 399 2698 Τί
429 2643 519 2699 οὖν
549 2645 696 2716 αὐτῷ
743 2644 986 2715 βούλεται
1039 2644 1100 2697 τὸ
1155 2645 1324 2714 ὄνομα
1356 2644 1547 2708 τοῦτο;
1589 2645 1685 2697 καὶ
1732 2645 1783 2698 τί
1817 2645 1910 2716 δή-

335 2755 466 2793 ποτε
505 2736 713 2806 ποίημα
763 2726 1188 2807 προσαγορεῦειν
1239 2736 1329 2789 τὸν
1373 2737 1600 2806 ποιητὴν
1633 2735 1738 2787 τῶν
1778 2735 1911 2788 ὅλων

337 2831 630 2899 ἐπιχειρεί;
662 2828 959 2898 Σοφίσματι
983 2829 1217 2900 κιϐδήλῳ
1241 2829 1764 2900 παρακρουσάμενος
1787 2830 1912 2883 ἑαυι

334 2921 444 2982 τὸν,
497 2921 663 2973 οἴεται
709 2922 828 2982 ταῖς
885 2919 992 2972 τῶν
1037 2921 1314 2990 ὀνομάτων
1364 2921 1647 2991 διαφοραῖς
1690 2921 1783 2974 καὶ⁴
1813 2922 1910 2992 τῆς

333 3012 520 3075 οὐσίας
550 3009 901 3080 παραλλαγὴν
935 3009 1384 3079 συνεκφαίνεσοαι
1410 3010 1540 3080 (15).

405 3103 458 3156 4.
496 3103 686 3156 Καίτοι
717 3103 798 3165 τίς
830 3102 893 3155 ἂν
927 3102 1004 3172 τῷ
1048 3103 1190 3172 λόγῳ
1223 3103 1397 3173 τούτῳ
1430 3103 1722 3174 σωφρονῶν
1745 3098 1913 3176 πρόσ-

335 3194 497 3259 θοιτο,
524 3197 605 3248 ὅτι
637 3188 710 3246 ὧν
743 3193 811 3246 τὰ
834 3194 1071 3263 ὀνόματά
1101 3195 1213 3245 ἐστι
1243 3193 1494 3264 διάφορα,
1525 3193 1727 3247 τούτων
1774 3214 1913 3267 παρ-

335 3287 595 3359 ηλλάχθαι
633 3287 725 3338 καὶ
755 3285 853 3348 τὰς
891 3285 1078 3347 οὐσίας
1111 3286 1320 3356 ἀνάγκη
1353 3301 1368 3350 ;
1405 3285 1614 3356 Πέτρου
1661 3285 1770 3358 γὰρ
1818 3288 1912 3340 καὶ

336 3380 569 3442 Παύλου,
613 3379 706 3431 καὶ
748 3376 1082 3440 ἁπαξαπλῶς
1128 3375 1430 3448 ἀνθρώπων
1475 3376 1692 3431 πάντων
1739 3396 1910 3449 προσ-

332 3471 554 3542 ηγορίαι
581 3471 676 3540 μὲν
696 3469 959 3540 διάφοροι,
988 3467 1143 3520 οὐσία
1170 3467 1226 3521 δὲ
1250 3469 1467 3521 πάντων
1493 3469 1607 3539 μία.
1634 3470 1829 3540 Διόπερ
1852 3471 1910 3522 ὲν

335 3565 450 3625 τοῖς
477 3561 748 3622 πλείστοις
777 3561 826 3612 οἱ
852 3560 1003 3614 αὐτοὶ
1025 3558 1276 3630 ἀλλήλοις
1300 3559 1496 3628 ὲσμένο
1537 3561 1649 3622 τοῖς
1686 3559 1742 3611 δὲ
1776 3559 1912 3613 ἰδιώ-

336 3671 470 3724 μασι
489 3654 668 3724 μόνοις
687 3652 731 3722 (I
743 3651 793 3722 6)
811 3653 920 3713 τοῖς
938 3668 1002 3704 πε
1010 3651 1063 3722 ρί
1083 3651 1308 3703 ἕκαστον
1323 3649 1522 3721 Οεωρου
1533 3650 1710 3720 μένοις
1726 3651 1811 3703 ἓτε
1820 3669 1909 3723 ρος

332 3745 518 3815 ὲτέρθυ
547 3743 948 3813 διενηνόχαμεν.
979 3743 1138 3794 Ὅθεν
1174 3741 1268 3795 καὶ
1312 3742 1368 3793 αἱ
1407 3742 1766 3812 προσηγορίαι
1788 3745 1908 3812 οὐχὶ

330 3840 437 3894 τῶν
466 3837 662 3891 οὐσιῶν
692 3838 797 3888 εἰσι
837 3835 1190 3907 σημαντικαὶ,
1222 3833 1356 3886 ἀλλὰ
1383 3833 1488 3886 τῶν
1521 3830 1821 3905 ίδιοτήτων,
1850 3835 1905 3888 αἳ

327 3931 419 3985 τὸν
451 3930 569 3984 καθ’
609 3929 703 3981 ἕνα
742 3925 1255 3999 χαρακτηρίζουσιν.
1294 3925 1460 3978 Ὅταν
1493 3921 1584 3978 οὖν
1622 3924 1907 3996 ἀκούωμεν

332 4024 444 4094 (i7)
484 4021 730 4090 Πέτρον,
776 4020 835 4072 οὐ
881 4018 978 4089 τὴν
1021 4017 1206 4069 οὐσίαν
1243 4015 1408 4069 αὐτοῦ
1444 4015 1670 4086 νοοῦμεν
1715 4018 1780 4068 ἐκ
1812 4017 1904 4069 τοῦ

329 4113 587 4181 ὀνόματος
619 4109 824 4180 χούσίαν
850 4108 905 4161 δὲ
927 4107 1069 4174 λέγω
1090 4106 1183 4159 νῦν
1210 4101 1271 4158 τὸ
1303 4105 1486 4159 ὑλικὸν
1511 4105 1867 4175 ὑποκείμενον
1888 4123 1902 4136 ·

329 4203 465 4273 ὅπερ
496 4201 744 4270 οὐδαμῶς
779 4199 1032 4270 σημαίνει
1069 4197 1349 4269 τοῦνομα),
1385 4198 1519 4251 ἀλλὰ
1547 4199 1653 4252 τῶν
1689 4201 1905 4270 ἰδιωμά-

329 4308 433 4343 των
473 4290 508 4343 ἃ.
541 4291 667 4359 περὶ
708 4289 868 4341 αὐτὸν
907 4287 1188 4358 Θεωρεῖται
1241 4286 1338 4358 τὴν
1387 4287 1594 4340 ἔννοιαν
1646 4290 1902 4342 ἐντυπού-

2017 457 2117 502 est.
2149 447 2330 518 Neque
2348 449 2492 503 enim
2525 450 2591 504 de
2625 451 2924 506 substantia
2960 454 3072 522 ipsa
3108 456 3201 511 Dei
3234 457 3414 522 Verbi,
3441 462 3581 528 quod

2015 538 2067 592 in
2097 541 2360 609 principio
2390 551 2502 595 erat
2534 542 2672 612 apud
2700 543 2862 615 240
2896 544 3060 600 Deum
3092 549 3160 614 ’³,
3187 550 3279 604 sed
3307 552 3374 604 de
3401 566 3466 606 eo
3492 551 3582 622 qui

2015 629 2246 696 seipsum
2275 629 2568 683 exinanivit
2613 631 2663 684 in
2713 631 2882 686 forma
2932 635 3073 688 servi
3101 636 3166 700 η,
3200 647 3254 690 et
3302 638 3475 694 factus
3501 650 3579 696 cst

2013 718 2304 772 conformis
2357 721 2572 788 corpori
2620 721 2935 778 humilitatis
2990 735 3185 781 nostrae
3213 729 3278 792 ³⁵,
3310 744 3374 782 ac
3404 733 3580 786 cruci-

2017 810 2157 864 fixus
2180 820 2263 865 est
2293 826 2359 864 ex
2389 813 2702 868 infirmitate
2725 815 2791 881 ",
2819 816 2966 871 clare
2997 833 3061 872 ac
3092 821 3372 889 perspicue
3407 823 3581 880 disse-

2017 903 2106 957 rit.
2152 902 2220 955 Et
2269 903 2370 958 hoc
2399 914 2582 958 notum
2613 917 2698 962 εει
2731 909 2980 964 omnibus
3031 912 3122 979 qui
3168 912 3248 967 vel
3299 928 3488 982 parum
3517 918 3583 971 ad

2015 996 2322 1064 apostolicre
2358 997 2614 1052 dictionis
2646 1013 2860 1053 sensum
2915 1001 3154 1054 animum
3213 1003 3580 1068 intenderunt,

2012 1089 2155 1158 quod
2195 1104 2298 1142 non
2342 1089 2623 1159 theologia:
2655 1092 2810 1146 nobis
2859 1093 3076 1146 modum
3109 1095 3293 1162 tradit,
3325 1097 3418 1152 sed
3470 1097 3586 1152 dis-

2011 1181 2342 1250 pensationis
2385 1181 2622 1236 rationes
2661 1168 2919 1238 declarat.
2959 1182 3241 1240 Dominum
3286 1187 3452 1254 enim,
3502 1189 3587 1243 in-

2014 1275 2170 1344 quit,
2218 1283 2265 1328 et
2311 1273 2576 1329 Christum
2628 1277 2798 1344 ipsum
2841 1277 2980 1332 Deus
3028 1277 3182 1346 fecit,
3229 1279 3367 1333 [tunc
3401 1280 3584 1336 Jesum

2012 1384 2164 1438 quem
2211 1385 2300 1422 vos
2333 1368 2667 1436 cruciﬁxistis
2695 1369 2740 1399 ⁸⁷
2775 1387 2788 1422 :
2832 1369 2934 1424 hac
2981 1369 3407 1425 demonstrativa
3455 1387 3587 1428 voce

2015 1458 2068 1512 in
2102 1459 2491 1513 humanitatem
2524 1458 2641 1528 ejus
2697 1467 2859 1528 atque
2893 1458 2946 1513 in
2984 1459 3035 1514 id
3083 1461 3421 1534 quodioculis
3463 1477 3582 1518 om-

2011 1549 2163 1604 nium
2229 1548 2526 1618 subjectum
2578 1559 2694 1605 erat
2754 1557 2961 1604 tantum
3020 1566 3124 1606 non
3173 1561 3355 1622 aperte
3403 1554 3586 1609 inten»

2011 1651 2122 1696 tus.
2165 1639 2263 1695 Hic
2306 1656 2436 1696 vero
2471 1655 2656 1696 vocem
2691 1641 2810 1709 fecit
2855 1642 2922 1696 ad
2961 1656 3081 1696 eam
3113 1642 3380 1711 Uuigeniti
3418 1660 3582 1716 gene-

2017 1731 2278 1784 rationem
2315 1746 2434 1802 quaz
2463 1745 2491 1784 a
2531 1731 2798 1801 principio
2841 1731 2966 1795 fuit,
3012 1733 3288 1788 transfert.
3325 1734 3389 1788 Et
3423 1750 3488 1790 ne
3518 1737 3584 1788 il-

2015 1821 2104 1877 lud
2135 1821 2350 1891 quidem
2378 1838 2500 1876 eum
2532 1823 2738 1892 pudore
2779 1822 2942 1877 aiiicit
2965 1863 2980 1887 ,
3021 1825 3162 1894 quod
3191 1840 3292 1879 vox
3327 1827 3580 1882 Dominus

2015 1927 2120 1964 non
2155 1927 2348 1966 nomen
2378 1914 2449 1967 sit
2477 1914 2816 1978 substantiae,
2848 1913 2942 1968 sed
2969 1917 3268 1984 potestatis.
3294 1917 3472 1984 Quare
3493 1919 3585 1987 qui

2015 2004 2170 2068 dixit,
2211 2004 2490 2057 Dominum
2514 2005 2683 2073 ipsum
2715 2015 2763 2058 et
2790 2005 3058 2060 Christum
3085 2007 3221 2062 Deus
3255 2009 3399 2079 fecit,
3434 2011 3586 2080 prin-

2014 2094 2251 2164 cipatum
2287 2109 2349 2148 ac
2376 2096 2670 2149 dominium
2702 2096 2754 2148 in
2783 2109 2973 2151 omnes
2999 2099 3045 2151 ei
3080 2113 3109 2151 a
3144 2097 3303 2153 Patre
3327 2100 3582 2155 traditum

2009 2188 2164 2251 dicit,
2195 2202 2302 2240 non
2345 2186 2487 2240 illius
2528 2187 2596 2240 ad
2635 2201 2746 2240 esse
2789 2189 3077 2242 transitum
3110 2201 3317 2246 narrat.
3361 2189 3427 2245 Et
3459 2193 3584 2261 qui-

2013 2279 2133 2333 dem
2168 2280 2280 2332 haec
2305 2278 2460 2347 paulo
2495 2288 2616 2348 post
2641 2279 3016 2345 ostendemus;
3050 2295 3170 2333 cum
3201 2281 3584 2337 convincemus

2010 2371 2161 2425 illum
2208 2369 2504 2440 Scripturae
2560 2371 2863 2426 testimonia
2897 2382 3094 2441 praeter
3121 2371 3356 2441 Spiritus
3391 2373 3584 2427 volun-

2013 2470 2177 2518 tatem
2206 2463 2449 2532 proferre
2477 2464 2528 2517 in
2570 2459 2810 2518 medium
2847 2478 2861 2516 :
2895 2465 2988 2519 sed
3021 2479 3165 2520 nunc
3196 2465 3263 2519 ad
3299 2466 3462 2521 verba
3493 2481 3587 2520 co—

2014 2554 2272 2608 haerentia
2306 2554 2735 2626 progrediamur.
2785 2555 2923 2622 Quid
2958 2571 3087 2627 ergo
3114 2556 3216 2611 hoc
3248 2571 3444 2612 nomen
3479 2557 3584 2612 sibi

2013 2645 2184 2699 vult?
2246 2661 2351 2715 qua
2413 2647 2626 2701 tandem
2700 2647 2767 2702 de
2834 2663 2995 2703 causa
3063 2647 3326 2704 facturam
3406 2651 3584 2705 facto-

2013 2751 2124 2790 rem
2179 2737 2419 2791 omnium
2471 2737 2741 2807 appellare
2794 2739 3146 2809 aggreditur?
3197 2740 3315 2809 Ipse
3377 2755 3438 2796 se
3498 2740 3585 2794 fu-

2005 2837 2129 2882 cata
2156 2829 2496 2883 cavillatione
2541 2829 2833 2898 decipiens,
2863 2831 3180 2886 substantia:
3213 2832 3376 2887 etiam
3405 2832 3584 2888 diver-

2011 2918 2225 2972 sitatem
2301 2933 2405 2972 una
2474 2935 2596 2974 cum
2661 2923 2940 2976 nominum
2994 2923 3312 2978 discrimine
3369 2927 3582 2980 ostendi

2005 3009 2304 3063 existimat.

2083 3099 2138 3155 4.
2190 3097 2295 3154 Sed
2326 3103 2448 3171 quis
2484 3103 2680 3158 mentis
2718 3118 2938 3175 compos
2983 3105 3049 3157 ad
3082 3104 3225 3160 hanc
3257 3105 3580 3161 sententiam

2012 3193 2323 3258 accesserit,
2364 3195 2508 3263 quod
2536 3210 2762 3264 quorum
2804 3197 3023 3250 nomina
3056 3206 3185 3251 sunt
3213 3197 3447 3264 diversa,
3487 3199 3583 3253 ho-

2013 3299 2131 3337 rum
2172 3285 2330 3338 etiam
2381 3285 2713 3342 substantias
2747 3287 2988 3343 diversas
3042 3303 3163 3343 esse
3199 3304 3420 3344 necesse
3462 3290 3584 3345 sit?

2010 3373 2157 3431 Petri
2195 3377 2336 3431 enim
2382 3386 2436 3432 et
2466 3378 2640 3442 Pauli,
2691 3387 2745 3432 et
2780 3379 2830 3432 in
2868 3394 3099 3446 summa,
3150 3380 3430 3435 hominum
3463 3397 3581 3437 om-

2012 3467 2158 3521 nium
2206 3468 2586 3538 appellationes
2636 3479 2764 3524 sunt
2813 3471 3030 3539 quidem
3071 3471 3297 3527 diversas
3331 3491 3346 3527 :
3375 3473 3469 3527 sed
3501 3484 3583 3528 ta-

2012 3571 2132 3610 men
2187 3558 2430 3612 omnium
2486 3573 2589 3611 una
2637 3557 2939 3612 substantia
2977 3567 3078 3612 est.
3134 3557 3473 3629 Quapropter
3526 3560 3579 3614 in

2009 3645 2254 3716 plurimis
2286 3646 2446 3701 iidem
2479 3648 2616 3702 inter
2653 3663 2752 3702 nos
2789 3663 2999 3712 smnus,
3035 3656 3089 3702 et
3116 3648 3246 3702 solis
3276 3649 3579 3718 proprieta-

2011 3739 2152 3792 tibus
2186 3753 2306 3807 qme
2356 3738 2408 3790 in
2463 3753 2788 3808 unoquoque
2839 3739 3271 3804 considerantur,
3325 3741 3459 3794 alter
3507 3740 3577 3794 ab

2006 3829 2180 3883 altero
2230 3827 2554 3885 diﬂcrimus.
2588 3828 2742 3884 Unde
2775 3839 2830 3884 et
2875 3829 3264 3900 appellationes
3309 3846 3415 3884 non
3449 3831 3578 3886 sub-

2007 3922 2252 3984 stantias,
2288 3921 2382 3974 sed
2428 3921 2784 3990 proprietates
2826 3922 3017 3992 quibus
3065 3921 3293 3991 quisque
3326 3921 3577 3992 designa-

2009 4023 2114 4079 tur,
2153 4013 2480 4085 signiﬁcant.
2522 4013 2711 4085 Itaque
2757 4029 2879 4069 cum
2920 4014 3169 4069 audimus
3195 4011 3434 4075 Petrum,
3466 4028 3574 4068 non

2005 4106 2124 4175 ejus
2152 4107 2506 4160 substantiam
2538 4105 2643 4160 hoc
2671 4107 2887 4160 nomine
2921 4106 3270 4176 intelligimus
3303 4107 3578 4178 (substan-

2006 4199 2138 4252 tiam
2175 4207 2354 4254 aulem
2390 4215 2531 4254 nunc
2571 4199 2691 4253 dico
2740 4198 3019 4253 materiale
3059 4199 3380 4266 subjectum,
3431 4201 3574 4268 quod

2005 4307 2345 4360 nequaquam
2385 4305 2450 4345 eo
2483 4290 2700 4345 nomine
2730 4291 3109 4362 significatur),
3145 4291 3238 4345 sed
3273 4291 3576 4360 proprieta-

333 4382 491 4452 μεΘα.
524 4381 694 4442 Εὐθὺς
722 4379 828 4450 γὰρ
950 4380 1050 4448 τῆς
1095 4381 1276 4450 φωνῆς
1302 4373 1502 4451 ταύτης
1549 4381 1775 4452 νοοῦμεν
1809 4384 1900 4435 τὸν

2009 4390 2086 4436 trs
2136 4397 2255 4452 quae
2308 4382 2451 4436 circa
2494 4397 2616 4435 eum
2660 4383 3092 4446 considerantur,
3127 4383 3451 4454 cogitatione
3481 4385 3576 4439 de-

328 4472 420 4525 τοῦ
463 4472 615 4523 Ἰωνᾶ
650 4470 783 4539 (i8),
834 4469 925 4521 τὸν
975 4471 1039 4521 ἐκ
1080 4470 1180 4539 τῆς
1205 4470 1500 4541 Βηθσαῖδᾶ,
1551 4471 1640 4523 τὸν
1673 4471 1899 4542 ἀδελφὸν

396 4632 681 4696 “Joan.t,
712 4633 768 4686 2.
845 4631 890 4663 ’⁸
923 4632 1118 4702 Philip.
1155 4650 1210 4700 ιι,
1253 4635 1307 4689 7.
1384 4636 1430 4668 ³⁵
1463 4635 1663 4705 Philip.
1697 4652 1780 4701 Ill,
1818 4637 1911 4692 21.

396 4773 508 4843 (12)
542 4770 631 4828 Sic
672 4771 876 4843 antiqui
923 4779 1033 4843 tres
1062 4771 1204 4843 libri.
1231 4771 1344 4827 Vox
1370 4775 1531 4829 αὐτόν
1568 4775 1620 4830 in
1660 4775 1888 4838 vulgatis

327 4841 755 4916 deSiderabalur.
807 4841 940 4916 Illud
962 4842 1110 4916 quod
1145 4858 1269 4916 mox
1314 4847 1576 4911 sequitur,
1607 4845 1888 4916 προδήλως

322 4911 755 4982 ἐπερειδόμενος,
787 4911 874 4983 εἰη
909 4913 973 4983 ad
1002 4910 1220 4964 verbum
1258 4910 1601 4983 interpretari
1653 4910 1884 4983 'potéris,

325 4981 527 5052 tantum
573 4999 674 5034 non
707 4982 896 5052 palam?
943 4981 1264 5036 incumbens.
1305 4981 1418 5036 Hoc
1469 4995 1570 5047 est,
1617 4981 1889 5052 apostolus

322 5050 514 5104 Petrus
543 5067 635 5116 per
667 5065 850 5102 vocem
880 5051 1014 5102 (tunc
1051 5060 1258 5104 tantum
1292 5067 1396 5105 non
1445 5050 1889 5107 commonstravit

321 5121 708 5191 humanitatem
733 5119 931 5172 Christi
966 5120 1173 5191 Domini
1219 5139 1232 5174 :
1275 5131 1386 5183 aut,
1427 5125 1469 5176 si
1527 5125 1716 5184 mavis,
1754 5139 1886 5191 προσ

317 5189 492 5243 stolus
522 5189 714 5242 Petrus
748 5203 842 5259 per
870 5204 1054 5240 vocem
1082 5190 1219 5242 hunc
1254 5202 1357 5242 tam
1387 5194 1670 5259 perspicue
1704 5189 1887 5245 lim—na-

318 5259 540 5311 nitatem
573 5260 776 5314 Christi
819 5258 1030 5311 Domini
1086 5258 1396 5327 iudicavit,
1437 5273 1493 5314 ut
1521 5258 1637 5314 ratu
1674 5274 1879 5315 tantum

311 5343 421 5449 géon
449 5330 622 5384 oculis
653 5328 923 5397 subjiciat.
959 5327 1090 5400 Reg.
1135 5332 1324 5385 tertius
1359 5332 1641 5403 προδήλως
1666 5333 1892 5402 ἀπερει-

377 5415 553 5449 μενος.

447 5415 553 5461 νος.

375 5415 667 5540 ᾕὲῖςίιοε.
698 5468 890 5523 tertius
916 5468 1156 5540 ἀρχῆθεν
1186 5469 1420 5540 γένεσιν.
1462 5471 1569 5525 Alii
1601 5486 1729 5526 mss.
1764 5486 1885 5525 cum

312 5537 484 5608 editis
497 5537 768 5608 γέννησιν.

384 5605 496 5676 (14)
525 5605 676 5682 Illud,
707 5611 767 5661 οὐ
791 5612 912 5682 τήν,
939 5620 1068 5676 etc.,
1105 5612 1174 5666 ita
1204 5621 1440 5666 verterat
1467 5611 1880 5682 Trapezuntius.

312 5691 414 5728 non
436 5681 692 5746 quomodo
715 5697 824 5734 esse
848 5681 1090 5749 coeperit,
1126 5693 1328 5737 narrat.
1370 5681 1880 5752 Interpr’etationetn

592 5773 858 5833 Ριιτιιοι..
891 5776 1009 5833 Gn.
1040 5775 1278 5835 XXIX.

1982 4638 2036 4669 "°
2067 4637 2106 4691 II
2139 4637 2261 4692 Cor.
2299 4652 2418 4701 xm,
2445 4637 2498 4691 4.

2005 4474 2299 4544 pingimus.
2349 4472 2496 4528 Illico
2522 4474 2665 4546 enim
2712 4489 2809 4542 per
2840 4475 2978 4529 hanc
3002 4489 3189 4529 vocem
3224 4474 3574 4544 intelligimus

2573 4637 2617 4669 ⁸⁷
2645 4637 2766 4691 Act.
2797 4653 2861 4701 ιι,
2893 4638 2979 4692 56.

1995 4771 2345 4837 Trapezuntii
2411 4779 2704 4831 emendans
2756 4777 3112 4831 Combelisius
3161 4776 3241 4831 sic
3301 4774 3567 4842 seripsit:

1993 4846 2132 4911 quod
2153 4855 2338 4898 nactus
2370 4857 2465 4910 est,
2517 4860 2569 4901 ut
2597 4858 2750 4908 esset,
2784 4847 3192 4902 subobscurius.
3242 4845 3320 4899 Ad
3344 4846 3569 4900 verbum

1993 4915 2279 4976 vertimus,
2326 4931 2428 4970 non
2457 4918 2644 4970 Latine
2671 4918 2910 4983 quidem,
2958 4919 3051 4972 sed
3082 4915 3317 4970 IitIeIiter
3368 4927 3570 4978 tamen,

1993 5000 2097 5036 non
2131 4984 2244 5050 eius
2293 4989 2359 5036 ad
2391 5002 2511 5042 esse
2545 4990 2821 5040 transitum
2857 4999 3039 5040 narrat
3083 5001 3101 5039 :
3143 4989 3242 5042 hoc
3294 4994 3399 5050 est,
3452 4983 3568 5039 Non

1996 5066 2176 5122 narrat
2207 5058 2475 5122 quomodo
2513 5061 2614 5110 huc
2640 5059 2964 5120 pervenerit,
2992 5069 3052 5111 ut
3085 5059 3176 5113 sit.

2056 5120 2174 5197 (I5)
2212 5120 2338 5197 δεῖς.
2374 5139 2593 5193 quartus
2625 5129 3106 5197 συνεμφαίνεσθαι.

2064 5196 2174 5271 (dli)
2210 5195 2346 5248 Edili
2373 5212 2498 5271 cum
2525 5197 2657 5264 Reg.
2687 5195 2874 5268 quinto
2921 5199 3176 5271 ἰδιώμασι
3225 5197 3403 5269 μόνον.
3462 5195 3567 5252 Alii

1994 5265 2393 5337 quiuqtte_lrtss.
2431 5267 2635 5337 μόνοις.

2065 5333 2176 5422 (17)
2215 5332 2405 5422 έὶοᾱριι
2433 5332 2604 5422 ’τιιιιιιε
2636 5334 3103 5422 ’ρτανγάρτμιξικ
3148 5333 3563 5422 ςοΙῨΙιλθιιίῖθβ.

1991 5401 2181 5458 tertius
2215 5404 2380 5456 Ὅταν
2408 5401 2501 5459 οὖν
2540 5401 3012 5476 ἀκούωμενξίςὶιίιί
3037 5405 3205 5458 Ὅταν
3236 5403 3368 5472 γοῦν
3398 5401 3568 5460 ducti-

1992 5490 2189 5527 σωμεν.

2060 5525 2172 5615 (ιε)
2202 5543 2338 5597 Editi
2385 5542 2612 5614 νοοῦμεν
2660 5545 2885 5614 Πέτρον,
2937 5543 3028 5598 τὸν
3077 5540 3171 5598 τοῦ
3219 5545 3390 5598 Ἰωνᾶ.
3451 5544 3565 5600 Vox

1988 5615 2195 5684 Πέτρον
2224 5616 2372 5668 deest
2400 5616 2450 5666 in
2479 5615 2628 5668 Coll).
2660 5627 2713 5666 et
2741 5617 2791 5668 in
2825 5616 2953 5681 Reg.
2984 5617 3140 5668 tertio
3167 5633 3182 5681 ;
3216 5630 3314 5669 nec
3344 5616 3562 5670 dubium

1987 5695 2090 5750 est,
2129 5686 2255 5752 quin
2291 5685 2482 5740 melius
2513 5685 2672 5738 absit.
2705 5684 2846 5754 Lege
2879 5686 3148 5740 Ducaiutn.

3171 5778 3246 5838 19
