4016 6220
494 290 596 347 579

1830 301 1890 359 S.
1930 301 2178 358 BASILII
2216 302 2433 360 MAGNI

3657 312 3774 367 580

486 409 641 469 denae
674 412 864 480 ﬁlium,
905 417 997 484 qui
1037 415 1140 474 fuit
1185 433 1251 474 ex
1290 418 1606 488 Bethsaida,
1661 424 1892 482 Andrete
1947 426 2054 480 l'ra-

2177 427 2444 498 ’Λνδρέου,
2485 426 2576 481 τὸν
2602 428 2709 482 ἀπὸ
2744 428 2938 485 ἁλιέων
2966 430 3045 495 είς
3068 430 3165 502 τὴν
3199 431 3476 486 διακονίαν
3496 432 3599 502 τῆς
3619 433 3769 486 ἀπο-

494 511 652 571 trem,
704 507 797 576 qui
830 522 894 563 ex
929 508 1201 579 piscatore
1251 511 1316 566 ad
1342 515 1672 580 apostolatus
1706 517 2064 572 ministerium

458 604 717 651 *vocatus
759 607 861 665 est,
910 600 1000 669 qui
1029 601 1286 670 quoniam
1331 604 1435 658 lide
1468 608 1776 674 prtestabat,
1813 608 2067 664 Ecclesiae

492 688 905 745 aediﬁcationem
956 691 1007 745 in
1062 694 1298 762 seipsum
1358 698 1610 766 recepit:
1644 713 1873 768 quorum
1934 700 2068 754 nihil

493 783 787 851 quidquam
816 785 1051 840 essentia
1105 798 1211 854 est,
1273 789 1316 843 si
1377 791 1610 844 essentia
1655 802 1906 861 tanquam
1940 793 2069 848 sub-

493 876 690 930 stantia
719 876 1067 946 intelligatur.
1113 879 1292 948 Quare
1319 898 1515 938 nomen
1543 885 1916 940 characterem
1947 887 2039 956 qui

493 966 614 1022 dem
642 967 787 1022 Petri
834 970 992 1026 nobis
1020 974 1421 1029 circumscribit
1453 993 1466 1029 :
1501 976 1672 1044 ipsam
1724 992 1855 1032 vero
1884 992 2065 1032 essen-

494 1058 622 1111 tiam
646 1073 984 1129 nequaquam
1005 1064 1243 1117 exhibet.
1266 1062 1496 1131 Rursus,
1518 1082 1640 1119 eum
1669 1064 1898 1121 Paulum
1917 1069 2068 1121 audi-

495 1165 637 1216 mus,
666 1151 824 1225 241
864 1154 1095 1208 aliarum
1132 1156 1520 1225 proprietatum
1562 1158 1908 1229 intelligimus
1935 1174 2068 1213 con-

494 1257 731 1310 rursum,
786 1246 1130 1313 Tarsensem,
1183 1247 1492 1313 Hebraeum,
1535 1253 1832 1305 secundum
1897 1253 2065 1319 legem

493 1333 843 1402 Pharisaaum,
865 1336 1178 1393 Gamalielis
1195 1339 1538 1407 discipulum,
1559 1340 1920 1395 aemulationis
1939 1358 2069 1411 ergo

491 1425 855 1482 Eccleslarutn
892 1429 985 1483 Dei
1038 1438 1462 1499 persecutorem,
1511 1446 1574 1487 ex
1627 1436 1906 1488 tremendo
1952 1434 2069 1488 viso

495 1520 561 1573 ad
601 1520 933 1589 agnitionem
960 1525 1306 1592 perductum,
1330 1526 1633 1595 apostolum
1653 1529 1918 1596 gentium.
1944 1526 2069 1581 llzec

489 1613 632 1667 enim
663 1616 843 1669 omnia
890 1632 993 1671 una
1028 1616 1175 1672 Pauli
1215 1634 1347 1674 voce
1397 1620 1936 1675 circutnseribuntur.
1972 1620 2068 1674 At-

486 1706 606 1774 qui,
645 1707 689 1761 si
714 1721 902 1761 verum
932 1718 1076 1763 esset
1104 1710 1368 1764 essentias
1388 1723 1574 1763 eorum
1593 1724 1819 1777 quorum
1850 1710 2066 1765 nomina

2171 518 2365 589 στολῆς
2391 520 2824 592 προσκληθέντα,
2860 522 2951 576 τὸν
2978 522 3064 576 διὰ
3099 523 3334 587 πίστεως
3364 524 3641 596 ὑπεροχὴν
3675 524 3767 594 ἐφ’

2169 610 2357 663 ἑαυτὸν
2408 611 2518 683 (l9)
2560 612 2658 683 τὴν
2707 614 2996 686 οἰκοδομὴν
3035 615 3132 687 τῆς
3169 615 3496 688 Ἐκκλησίας
3526 617 3772 687 δεξάμε-

2167 718 2256 755 νον
2277 718 2291 731 '
2323 695 2398 756 ὧν
2423 703 2575 759 οὐδέν
2606 706 2751 758 ἐστιν
2781 705 2954 771 οὐσία,
2979 705 3053 772 ὡς
3081 709 3114 777 ἡ
3143 707 3442 771 ὑπόστασις
3462 707 3578 778 (20)
3606 725 3772 762 νοου-

2171 792 2329 861 μένη.
2373 793 2533 846 Ὥστε
2566 794 2627 847 τὸ
2654 795 2825 866 ὄνομα
2871 795 2963 849 τὸν
2991 798 3313 869 χαρακτῆρα
3341 798 3441 868 μὲν
3481 799 3616 869 ἡμῖν
3652 800 3771 867 ἀφ-

2167 882 2339 955 ορίζει
2361 884 2453 937 τὸν
2497 884 2704 958 Πέτρου
2725 903 2739 917 ’
2767 886 2938 957 αὐτὴν
2967 888 3024 941 δὲ
3045 887 3284 958 οὐδαμοῦ
3317 889 3616 960 παρίστησι
3656 890 3768 961 τὴν

2167 974 2375 1028 οὐσίαν.
2411 975 2580 1030 Πάλιν
2612 975 2941 1039 ἀκούσαντες
2966 976 3231 1042 Παῦλον,
3273 976 3476 1048 ἑτέρων
3521 977 3767 1048 ἰδιωμά-

2168 1081 2275 1140 των
2304 1065 2607 1137 συνδρομὴν
2638 1066 2959 1137 ὲνοήσαμενσ
2985 1067 3077 1120 τὸν
3093 1065 3332 1138 Ταρσέα,
3362 1068 3452 1121 τὸν
3478 1067 3763 1140 Ἐϐραῖον,

2167 1139 2257 1208 τόν
2284 1156 2423 1210 κατὰ
2452 1157 2616 1227 νόμον
2642 1159 2935 1228 Φαρισαῖον
2956 1195 2973 1223 ,
3013 1158 3104 1213 τὸν
3158 1158 3408 1230 μαθητὴν
3444 1159 3763 1231 Γαμαλιήλ,

2168 1246 2259 1300 τὸν
2290 1247 2431 1301 κατὰ
2464 1247 2623 1319 ζῆλον
2657 1248 2892 1321 διώκτην
2932 1249 3042 1304 τῶν
3083 1250 3421 1322 Ἐκκλησιῶν
3454 1252 3549 1305 τοῦ
3588 1251 3765 1316 Θεοῦ,

2167 1340 2259 1394 τὸν
2313 1341 2376 1392 ἐκ
2423 1339 2524 1410 τῆς
2578 1340 2814 1412 φοϐερᾶς
2870 1340 3135 1405 ὀπτασίας
3192 1342 3273 1405 είς
3315 1341 3413 1413 τὴν
3458 1342 3766 1411 ἐπίγνωσιν

2169 1430 2463 1500 ἐναχθὲντα
2510 1430 2620 1501 (21)
2642 1470 2657 1495 ,
2700 1432 2792 1483 τὸν
2829 1431 3124 1485 ἀπόστολον
3176 1431 3284 1484 τῶν
3332 1430 3522 1485 ἐθνῶν.
3564 1430 3766 1486 Ταῦτα

2168 1520 2277 1595 γάρ
2301 1521 2478 1575 πάντα
2510 1523 2574 1575 ὲκ
2603 1523 2734 1593 μιᾶς
2770 1522 2953 1593 φωνῆς
3003 1522 3103 1593 τῆς
3125 1519 3336 1585 Παῦλος
3360 1521 3758 1592 περιορίζεται.

2168 1615 2448 1683 Καίτοιγε,
2501 1615 2660 1687 εἴπερ
2700 1614 2898 1686 ἀληθὲς
2938 1608 3028 1686 ἦν,
3076 1615 3156 1668 ὅτι
3189 1607 3264 1668 ὧν
3289 1613 3361 1667 τά
3399 1614 3638 1686 ὀνόματα
3675 1614 3763 1667 δι-

2168 1709 2441 1778 ενήνοχεν,
2487 1708 2745 1770 ἐναντίως
2776 1706 2992 1777 ἔχουσιν
3046 1708 3103 1760 αἱ
3149 1706 3349 1769 οὐσίαι,
3388 1705 3553 1778 ἐχρῆν
3576 1705 3759 1777 δήπου

486 1799 698 1853 diversa
726 1808 872 1863 sunt,
903 1801 1179 1855 contrario
1218 1801 1377 1857 modo
1414 1816 1473 1856 se
1513 1801 1737 1865 habere,
1792 1810 2054 1871 oporteret

2161 1778 2263 1851 καὶ
2289 1797 2499 1851 Παῦλον
2533 1798 2627 1851 καὶ
2651 1797 2857 1868 Πέτρον
2904 1798 2999 1851 καὶ
3049 1795 3383 1863 ἁπαξαπλῶς
3432 1794 3760 1867 ἀνθρώπους

490 1898 638 1943 certe
691 1898 747 1943 et
771 1889 1000 1945 Paulum
1027 1899 1082 1945 et
1135 1890 1352 1945 Petrum
1383 1899 1437 1945 et
1466 1893 1764 1961 generatim
1816 1892 2067 1948 homines

486 1996 675 2037 omnes
689 1983 918 2037 diversm
944 1985 1085 2038 inter
1106 1997 1165 2038 se
1187 1984 1435 2039 essentia:
1457 1998 1596 2039 esse.
1622 1985 1729 2039 Sed
1758 2000 1882 2039 cum
1907 2000 2066 2040 nemo

487 2072 559 2125 sit
590 2073 660 2126 ita
693 2074 939 2142 ignarus,
974 2075 1046 2128 ita
1073 2075 1375 2129 communis
1396 2085 1607 2130 naturai
1637 2076 1948 2146 imperitus,
1975 2076 2067 2144 qui

484 2163 540 2217 id
578 2164 761 2219 dicere
807 2165 1044 2218 animum
1088 2167 1309 2221 inducat
1345 2184 1359 2220 :
1392 2166 1439 2220 E
1479 2166 1591 2221 luto
1646 2169 1824 2233 enim,
1870 2168 2063 2238 inquit,

485 2255 747 2321 formatus
783 2268 837 2307 es
865 2262 941 2318 tu,
987 2255 1121 2307 sicut
1146 2266 1197 2308 et
1227 2271 1320 2326 ego
1356 2256 1401 2288 ’⁸
1432 2273 1448 2324 ;
1491 2255 1581 2311 ubi
1620 2256 1753 2310 nihil
1785 2256 1928 2311 aliud
1959 2257 2065 2312 nisi

480 2345 730 2401 eamdem
790 2346 1079 2400 essentiam
1128 2348 1367 2400 omnium
1420 2360 1539 2402 esse
1591 2347 1857 2416 signiﬁcat
1917 2346 2067 2403 Seri-

481 2445 678 2505 ptura;
711 2436 940 2491 mendax
969 2446 1053 2491 est
1099 2436 1192 2506 qui
1222 2451 1290 2493 ex
1324 2437 1605 2492 numinum
1631 2439 1945 2493 diversitate
1977 2439 2063 2493 di-

483 2527 799 2582 versitatem
840 2528 1091 2582 essentia:
1121 2528 1273 2595 sequi
1308 2529 1488 2598 lingit.
1522 2528 1635 2584 Nec
1674 2529 1820 2584 enim
1871 2543 2057 2583 rerum

485 2624 675 2672 natura
724 2617 942 2671 nomina
979 2618 1262 2687 sequitur;
1296 2620 1393 2674 sed
1446 2619 1717 2690 posterius
1760 2619 1925 2674 rebus
1966 2634 2065 2674 no-

483 2711 630 2763 mina
663 2710 879 2765 inventa
911 2718 1056 2764 sunt.
1092 2710 1304 2766 Etenim
1332 2711 1377 2766 si
1409 2711 1463 2765 id
1492 2726 1679 2766 verum
1702 2721 1853 2767 esset
1881 2729 1894 2766 :
1925 2726 2061 2782 quo-

485 2817 604 2854 rum
672 2802 876 2855 eaedem
936 2810 1122 2855 essent
1181 2801 1605 2872 appellationes,
1647 2817 1838 2858 eorum
1894 2803 2060 2857 etiam

482 2901 762 2960 oporteret
799 2905 964 2944 unam
993 2899 1047 2944 et
1074 2894 1326 2946 eamdem
1364 2891 1656 2946 essentiam
1687 2906 1830 2947 esse.
1862 2890 2061 2946 Proin-

483 2984 548 3037 de
576 2998 698 3038 cum
746 2983 836 3037 Dei
882 2982 1298 3051 appellatione”
1336 2982 1539 3052 dignati
1582 2984 1692 3038 sint
1730 2983 1823 3054 qui
1866 2983 1918 3037 in
1950 2983 2062 3037 vir-

483 3084 597 3129 tute
644 3083 772 3129 sunt
799 3073 1047 3144 perfecti,
1076 3083 1259 3127 essent
1286 3073 1475 3143 utique
1501 3072 1757 3129 homines
1789 3074 1901 3130 Deo
1930 3075 2056 3129 uni-

2169 1887 2416 1954 ἅπαντας
2444 1889 2786 1961 ἑτερουσίους
2825 1888 3073 1960 ἀλλήλοις
3103 1885 3265 1943 εἶναι.
3314 1888 3467 1941 Ἐπεὶ
3494 1888 3550 1941 δὲ
3592 1887 3760 1940 τοῦτο

2168 1978 2341 2043 οὐδεὶς
2373 1977 2547 2042 οὕτως
2574 1978 2793 2051 ἀμαθὴς
2820 1978 2914 2032 καὶ
2944 1979 3044 2049 τῆς
3073 1980 3256 2050 κοινῆς
3305 1978 3519 2048 φύσεως
3559 1978 3759 2032 ἀνεπί-

2169 2081 2423 2131 σκεπτος,
2474 2065 2602 2119 ὥστ’
2646 2065 2713 2120 ἂν
2751 2068 2922 2121 εἰπεῖν
2974 2068 3343 2138 προαχθῆναιο
3404 2068 3498 2121 Ἐκ
3551 2068 3757 2135 πηλοῦ

2167 2155 2298 2226 γὰρ,
2339 2157 2508 2229 φησὶ.
2547 2156 2843 2226 διήρτισαι
2878 2158 2999 2229 σὺ,
3028 2160 3108 2226 ὡς
3144 2158 3335 2228 κάγώ·
3369 2159 3522 2212 οὐδὲν
3568 2160 3757 2232 ἕτερον

2165 2248 2259 2302 τοῦ
2278 2248 2438 2317 λόγου
2460 2248 2492 2319 ἢ
2512 2249 2865 2320 τὺόμοούσιον
2884 2251 3103 2306 πάντων
3122 2250 3423 2322 ἀνθρώπων
3438 2254 3757 2323 ἀποσημαίο

2166 2358 2368 2406 νοντος·
2396 2340 2598 2413 ψευδὴς
2616 2341 2727 2414 (22)
2749 2345 2777 2397 ὁ
2799 2346 2865 2415 τῇ
2889 2344 3123 2417 διαφορᾷ
3142 2346 3249 2398 τῶν
3264 2345 3547 2416 ὀνομάτων
3571 2347 3633 2399 τὸ
3651 2348 3755 2418 τῆς

2163 2434 2355 2497 οὐσίας
2370 2433 2623 2505 διάφορον
2639 2433 2868 2488 ἕπεσθαι
2891 2434 3266 2507 σοφιζόμενος.
3298 2434 3373 2489 Οὐ
3391 2436 3501 2509 γὰρ
3517 2440 3629 2502 τοῖς
3641 2439 3755 2493 ὀνό-

2169 2528 2382 2598 μασινή
2405 2525 2512 2580 τῶν
2541 2526 2881 2597 πραγμάτων
2908 2526 3071 2596 φύσις
3092 2526 3394 2590 ἀκολουθεῖ,
3416 2530 3531 2583 ἀλλ’
3548 2529 3752 2600 ὕστερα

2164 2617 2271 2670 τῶν
2317 2619 2661 2688 πραγμάτων
2699 2616 2924 2688 εὓρηται
2963 2616 3033 2671 τὰ
3062 2617 3320 2690 ὀνόματα.
3352 2620 3416 2672 El
3444 2618 3554 2692 γάρ
3591 2620 3753 2674 τοῦτο

2162 2702 2232 2776 ἦν
2265 2705 2484 2776 ἀληθὲς,
2516 2705 2623 2758 ἔδει
2652 2707 2744 2760 καὶ
2766 2700 2842 2760 ὧν
2869 2708 3229 2780 προσηγορίαι
3259 2710 3373 2779 (23)
3395 2709 3534 2763 εἰσὶν
3567 2712 3625 2762 αἱ
3653 2710 3754 2764 αὑ-

2161 2800 2274 2860 ταί.
2308 2799 2437 2868 μίαν
2462 2798 2556 2852 καὶ
2582 2796 2681 2870 τὴν
2704 2799 2874 2871 αὐτὴν
2905 2799 3094 2853 οὐσίαν
3120 2796 3281 2855 εἶναι.
3323 2802 3532 2856 Οὐκοῦν
3562 2802 3753 2874 ἐπειδὴ

2162 2892 2213 2943 οί
2240 2890 2360 2943 κατ’
2400 2889 2602 2962 ἀρετὴν
2647 2888 2845 2942 τέλειοι
2891 2890 2994 2961 τῆς
3043 2890 3138 2944 τοῦ
3190 2891 3325 2945 Θεοῦ
3376 2891 3753 2964 προσηγορίας

2162 2980 2441 3051 ἠξίωνται,
2473 2980 2750 3053 όμοούσιοι
2777 2979 2844 3034 ἂν
2866 2977 2980 3034 εἷεν
3015 2980 3095 3052 τῷ
3123 2981 3243 3053 Θεῷ
3272 2982 3382 3035 τῶν
3411 2983 3550 3035 ὅλων
3578 2984 3630 3035 oi
3657 2983 3754 3035 ἇν-

2165 3076 2394 3147 θρωποι.
2443 3074 2581 3128 Ἀλλ’
2633 3075 2827 3145 ὥσπερ
2880 3072 3039 3127 τοῦτο
3085 3073 3264 3142 λέγειν
3327 3074 3495 3145 μανία
3545 3074 3750 3146 σαφὴς,

482 3179 765 3219 versorum
802 3164 1216 3220 coessentiales.
1243 3163 1314 3218 At
1353 3164 1493 3218 sicut
1526 3164 1630 3219 hoc
1670 3164 1853 3220 dicere
1879 3164 2054 3218 mani-

2161 3165 2304 3220 οὖτω
2324 3165 2574 3228 κάκεῖνος
2594 3165 2624 3218 ὁ
2654 3164 2812 3233 λόγος
2835 3163 2937 3235 τῆς
2967 3164 3087 3235 ίσης
3105 3163 3286 3235 ἔχεται
3316 3164 3638 3236 παρανοίας.

479 3254 618 3311 festa
651 3255 861 3310 insania
888 3265 989 3320 est,
1020 3257 1100 3310 sic
1145 3264 1198 3310 et
1241 3269 1422 3310 sermo
1469 3254 1562 3311 ille
1590 3254 1918 3311 dementiam
1950 3271 2055 3312 non
2092 3257 2412 3312 dissimilem
2443 3257 2605 3327 sapit.

549 3352 605 3407 5.
638 3350 798 3407 Patet
842 3351 1009 3421 igitur
1062 3366 1124 3406 ex
1166 3350 1351 3417 dictis,
1389 3351 1537 3422 quod
1576 3351 1797 3406 nomina
1836 3366 1946 3407 non
1982 3351 2057 3407 si—

478 3443 740 3514 gniﬁcent
774 3457 991 3514 quoque
1039 3443 1091 3497 in
1145 3442 1305 3497 Patre
1331 3452 1387 3497 et
1424 3440 1565 3498 Filio
1601 3442 1921 3509 essentiam,
1958 3445 2052 3499 sed

479 3535 841 3605 proprietates
876 3534 1182 3606 designent.
1212 3533 1429 3588 Nullum
1476 3533 1642 3605 igitur
1676 3532 1853 3588 locum
1892 3534 2055 3589 habet

467 3625 526 3683 is
557 3641 759 3692 sermo,
789 3625 879 3696 qui
910 3642 972 3683 ex
1003 3627 1282 3682 nominum
1332 3627 1651 3682 diversitate
1683 3626 2049 3681 essentiarum

477 3719 920 3774 contrarietatem
960 3716 1420 3775 introducit.'Iioe
1465 3725 1647 3772 autem
1685 3719 1846 3799 modo
1874 3717 2054 3789 seipse

476 3821 608 3866 ante
643 3812 825 3865 omnia
879 3812 1095 3867 evertit.
1155 3809 1291 3864 Nam
1329 3810 1389 3866 si
1444 3811 1657 3866 factura
1706 3820 1763 3868 et
1801 3811 2051 3880 genitura

476 3898 731 3956 diﬂerunt
777 3901 916 3956 inter
947 3916 1039 3966 se;
1072 3898 1361 3972 ‘Unigeniti
1405 3903 1678 3968 essentiae,
1720 3917 1787 3957 ex
1827 3901 2055 3957 diversi-

475 4002 586 4047 tate
602 3992 890 4067 hominum
927 4002 1347 4061 consequentes,
1380 4001 1541 4047 erunt
1586 3993 1834 4048 diversae.
1871 3990 1979 4048 Sed
2006 3992 2053 4046 si

470 4084 579 4138 hoc
606 4083 788 4138 dicere
822 4083 1157 4137 dementiam
1205 4091 1310 4145 est,
1340 4097 1518 4152 neque
1565 4082 1696 4139 illud
1739 4096 1930 4138 eorum
1966 4091 2052 4137 est

471 4174 563 4244 qui
588 4173 1074 4240 mentiscompotes
1104 4182 1248 4228 sunt.
1283 4172 1384 4229 ilic
1412 4183 1594 4231 autem
1624 4174 1850 4230 simulat
1881 4176 2044 4229 etiam

470 4266 675 4321 habere
709 4280 768 4320 se
804 4265 1121 4321 innumeras
1147 4265 1662 4334 demonstrationes,
1687 4267 1831 4337 quod
1860 4267 2046 4322 ‘Filius

469 4372 500 4411 a
530 4358 732 4412 sanctis
756 4356 971 4426 factura
1012 4356 1316 4427 appellatus
1353 4358 1444 4413 sit.
1494 4359 1567 4424 At
1620 4360 1777 4429 quasi
1819 4361 1887 4415 ad
1939 4360 2042 4414 alia

469 4445 716 4515 quandam
774 4444 985 4515 potiora
1049 4444 1377 4514 festinaret,
1415 4447 1467 4503 in
1522 4449 1786 4518 praesenti
1835 4449 2046 4505 scilicet

468 4536 799 4592 mentionem
857 4535 1059 4593 diﬂert.
1102 4536 1208 4592 ‘Est
1259 4548 1439 4595 autem
1489 4540 1684 4595 ethoc
1746 4540 2043 4597 artiﬁciosa

466 4637 796 4698 versutaque
822 4629 1051 4696 malitia,
1076 4631 1376 4700 silentium,
1402 4646 1527 4687 cum
1551 4632 1908 4704 verbisinops
1938 4644 2042 4701 est,

464 4732 819 4792 anteponere.
852 4722 1064 4777 Etenim
1090 4722 1136 4778 si
1178 4725 1428 4780 umbram
1457 4724 1686 4780 haberet
1707 4727 2041 4795 testimonii,

499 4880 547 4913 ³⁸
578 4879 679 4936 Job
711 4896 907 4947 xxxut,
934 4879 987 4936 6.
1086 4884 1133 4916 ”
1160 4883 1301 4940 Psal.
1321 4900 1512 4953 um,
1543 4885 1600 4941 6.

535 4994 807 5069 (ί9)ίΒες.
838 4995 1029 5069 tertius
1076 4997 1160 5067 ἐφ’
1191 4998 1403 5053 ἑαυτοῦ.
1433 4999 1588 5056 Hunc
1621 5001 1797 5059 locum
1835 5003 1891 5059 in
1916 5003 2029 5060 suis

462 5068 607 5123 notis
630 5067 867 5121 illustrat
895 5067 978 5120 vir
998 5069 1396 5123 eruditissimus
1419 5070 1669 5128 Ducaaus'.

532 5136 642 5209 (20)
672 5136 1041 5211 Antiquitres
1056 5137 1363 5211 libriobeiat
1389 5139 1770 5211 ἥίύπόστασις.
1792 5142 1897 5198 Alii
1920 5151 2031 5199 tres

459 5207 593 5265 mss.
621 5207 740 5262 cum
787 5207 946 5279 editis
977 5207 1147 5279 οὐσία
1174 5208 1250 5279 ὡς
1277 5210 1310 5279 ἡ
1344 5207 1663 5279 ὑπόστασις,
1701 5215 1749 5267 si
1794 5215 2028 5268 essentia

459 5289 708 5349 tanquam
730 5276 1024 5349 substantia
1062 5276 1413 5345 intelligatur,
1445 5282 1549 5335 hoc
1574 5276 1678 5348 est,
1717 5284 1762 5338 si
1791 5284 2029 5339 essentia

459 5346 708 5423 sumatur
748 5346 1075 5423 simpliciter
1121 5363 1220 5423 pro
1262 5358 1450 5423 natura
1491 5346 1748 5423 humana,
1788 5367 1894 5423 qua
1922 5352 2026 5406 Pe-

461 5428 575 5473 trus
603 5416 920 5491 simpliciter
953 5427 1074 5491 erat
1106 5416 1304 5491 animal
1329 5419 1617 5491 rationale.
1648 5423 1728 5478 Ex
1748 5416 1854 5491 qu—o
1878 5422 2030 5476 colli-

459 5489 754 5562 gerenlicet,
784 5488 926 5562 hunc
952 5487 1129 5562 locum
1150 5488 1285 5562 verti
1311 5488 1527 5562 debere,
1547 5494 1697 5559 quasi
1723 5487 2030 5562 scripsisset

456 5555 719 5612 Basilius:
751 5556 905 5610 οὐσία
936 5556 1201 5628 νοουμένη
1223 5558 1306 5628 γὼς
1329 5560 1362 5627 ἡ
1400 5555 1715 5626 ὑπόστασις.
1752 5555 1874 5617 M0}
1902 5563 2029 5616 editi

456 5637 511 5703 et
541 5643 676 5703 unus
717 5642 818 5703 m_s.
853 5626 1110 5703 ἔφορίςὲι
1151 5626 1247 5703 τού
1282 5626 1511 5703 Πέτρου.
1539 5633 1610 5686 At
1649 5648 1777 5688 mss.
1794 5632 2033 5703 quinque

455 5696 700 5769 ἀφορίζει
728 5696 820 5748 τὸν
853 5696 1090 5769 Πέτρου,
1112 5697 1261 5769 nobis
1306 5696 1510 5753 exhibet
1542 5696 1820 5769 personant
1846 5696 2031 5758 Pet-i=5:

457 5765 646 5832 vel,‘ut
675 5765 1305 5837 loquuntur'pltilosophi,
1328 5765 1659 5827 individuum
1698 5769 1862 5827 Petri.

2233 3352 2286 3406 5.
2319 3352 2552 3424 Φανερδν
2593 3352 2774 3406 τοίνυν
2803 3353 2869 3406 ὲκ
2900 3350 3011 3405 τῶν
3042 3352 3351 3425 εἰρημένων
3370 3392 3388 3419 ,
3418 3354 3501 3408 ὅτι
3530 3354 3626 3408 καὶ
3652 3353 3750 3409 ἐπὶ

2158 3445 2371 3517 Πατρὸς
2398 3446 2493 3499 καὶ
2520 3443 2651 3498 Υίοῦ
2685 3444 2807 3516 οὐχὶ
2836 3445 3026 3499 οὐσίαν
3053 3445 3351 3517 παρίστησι
3374 3444 3445 3499 τά
3481 3445 3746 3516 ὀνόματα,

2158 3533 2293 3588 ἀλλὰ
2314 3534 2422 3588 τῶν
2447 3534 2754 3604 ἰδιωμάτων
2792 3534 2910 3587 ἐστὶ
2942 3533 3247 3603 δηλωτικὰ·
3282 3533 3422 3588 ὥστε
3470 3534 3749 3605 μηδεμίαν

2153 3619 2506 3697 εἶναιμχώραν
2526 3624 2604 3695 τῷ
2634 3624 2775 3694 λόγῳ
2794 3667 2809 3691 ,
2834 3628 2900 3679 ὲκ
2936 3625 3036 3696 τῆς
3071 3623 3183 3678 τῶν
3211 3624 3492 3696 ὀνομάτων
3532 3627 3748 3696 παραλο

2153 3716 2329 3785 λαγῆς
2386 3716 2483 3788 τὴν
2531 3715 2641 3772 τῶν
2687 3716 2883 3770 οὐσιῶν
2950 3716 3268 3770 ἐναντίωσιν
3326 3716 3739 3789 παρεισάγοντι.

2155 3809 2313 3864 Οῦτω
2351 3810 2395 3863 δ’
2433 3808 2504 3863 ’ἂν
2535 3809 2642 3880 πρὸ
2675 3808 2894 3863 πάντων
2934 3808 3045 3881 (24)
3085 3808 3282 3862 ἑαυτὸν
3319 3808 3637 3863 καταϐάλοι.
3672 3811 3740 3863 Εἰ

2153 3901 2530 3974 γάρ’διαφέρει
2553 3901 2766 3972 ποίημά
2791 3918 2852 3954 τε
2887 3901 2982 3955 καὶ
3006 3900 3274 3971 γέννημα,
3314 3900 3559 3974 διάφοροι
3588 3903 3740 3955 ἔσον-

2152 4010 2242 4046 ται
2266 3991 2361 4045 τοῦ
2393 3991 2732 4060 Μονογενοῦς
2755 3993 2812 4046 αί
2833 3990 3033 4056 οὐσίαι,
3055 3994 3122 4063 τῇ
3149 3991 3383 4063 διαφορᾷ
3404 3992 3513 4046 τῶν
3538 3993 3737 4062 ὀνομά-

2143 4084 2566 4156 ’των’ἐπόμεναι.
2604 4085 2668 4137 Εἰ
2716 4084 2774 4138 δὲ
2817 4083 2971 4139 τοῦτο
3007 4083 3503 4156 παραφρονούντων
3532 4086 3733 4145 εἰπεῖν,

2153 4175 2275 4228 οὐδὲ
2324 4176 2500 4230 ἐκεῖνο
2532 4173 2967 4246 καθεστηκότων.
3011 4174 3072 4227 '0
3118 4173 3175 4227 δὲ
3213 4175 3308 4228 καὶ
3353 4179 3732 4245 προσποιεῖται

2154 4268 2256 4337 μὲν
2288 4268 2486 4338 μυρίας
2504 4267 2649 4339 ἔχειν
2679 4266 2781 4331 τὰς
2799 4264 3101 4331 ἀποδείξεις
3124 4265 3221 4320 τοῦ
3249 4266 3402 4339 παρὰ
3428 4267 3538 4321 τῶν
3557 4269 3730 4337 ἁγίων

2151 4358 2379 4428 ποίημα
2431 4358 2524 4413 τὶν
2579 4359 2710 4412 Υῐὺν
2736 4357 3167 4431 προσειρῆσθαν
3208 4357 3284 4422 ὡς
3340 4358 3398 4412 δὲ
3447 4360 3533 4428 ἐφ’
3562 4359 3730 4429 ἕτερά

2149 4466 2270 4503 τινα
2302 4450 2687 4522 προηγούμενα
2743 4450 3008 4516 σπεύδων,
3056 4450 3410 4522 ὑπερτίθεται
3457 4450 3636 4524 δῆθεν,
3661 4454 3725 4504 ὲν

2148 4539 2228 4612 τῷ
2259 4540 2486 4612 παρόντι
2509 4541 2609 4612 τὴν
2635 4541 2879 4613 μνήμην.
2912 4542 3069 4594 Ἐστι
3096 4542 3153 4594 δὲ
3178 4542 3272 4595 καὶ
3296 4540 3453 4595 τοῦτο
3483 4542 3723 4613 τεχνικὸν

2148 4634 2211 4687 τὸ
2240 4633 2637 4705 κακούργημα,
2673 4635 2730 4687 ἐν
2766 4628 2851 4699 οἷς
2902 4634 3099 4705 ἀπορεῖ
3142 4632 3338 4702 λόγων,
3371 4632 3469 4704 τὴν
3516 4632 3725 4703 σιωπὴν

2151 4725 2422 4798 προτιμᾷν
2446 4722 2581 4796 (‘25).
2609 4725 2674 4777 Εί
2702 4723 2813 4796 γὰρ
2846 4722 3005 4778 σκιὰν
3031 4722 3337 4795 μαρτυρίας
3369 4717 3482 4794 εἶχε
3509 4721 3609 4794 τῆς
3630 4723 3725 4775 τὸν

2200 4995 2322 5068 (Ἡ),
2357 4993 2499 5050 Ειιίιί
2546 4993 2876 5066 ἀναχθέντα.
2935 4991 3009 5049 At
3060 5007 3190 5051 mss.
3234 4991 3479 5063 plerique
3525 5006 3718 5049 omnes

2132 5066 2487 5261 ὲνῐέἓξνὲἔίιί
2536 5135 2692 5189 οὐδὲν
2750 5134 2939 5205 ἕτερον
2991 5133 3024 5205 ἢ
3078 5134 3140 5214 τὸ
3180 5132 3468 5217 ὀμοούσιρν
3496 5129 3718 5185 πάντων

2132 5209 2197 5261 άν
2237 5205 2432 5261 ρώπων
2475 5205 2959 5261 ἀποσημαίνοντος
3013 5221 3107 5257 του
3154 5203 3351 5261 λόγου·
3394 5218 3531 5255 mare
3582 5203 3715 5261 ψευ-

2130 5209 2432 5279 άνθρώπων
2475 5209 2959 5277 άποσημαίνοντος
3013 5209 3107 5257 τοῦ
3154 5209 3351 5271 λόγου·
3394 5209 3531 5255 ὥστε
3582 5209 3715 5271 ψευ-

2128 5282 2249 5350 ang.
2288 5276 2508 5363 Yeteres
2555 5288 2790 5344 quatuor
2844 5275 2969 5329 libri
3010 5283 3069 5328 ut
3098 5275 3151 5329 in
3192 5283 3478 5338 contextu,
3512 5276 3721 5331 omissa

2132 5362 2262 5405 voce
2282 5362 2424 5399 ωστε
3706 5384 3713 5387 .

2197 5417 2310 5501 (Ξὲξ)
2338 5415 2477 5470 Editi
2514 5407 2591 5469 ὧν
2629 5416 2694 5470 ἀί
2735 5414 3125 5489 προσηγορίαι.
3158 5415 3232 5471 At
3265 5430 3395 5472 mss.
3428 5407 3504 5470 ὧν
3543 5429 3717 5486 προσ-

2137 5503 2480 5630 “minus
2542 5532 2783 5630 πάντων,
2832 5565 2952 5630 ante
2979 5555 3176 5610 omnia.
3227 5554 3343 5630 Hoc
3388 5564 3498 5623 est,
3560 5566 3721 5610 suam

2130 5626 2306 5699 prius,
2335 5626 2495 5699 quam
2521 5626 2750 5699 aiierum
2791 5627 3100 5699 opinionem
3134 5627 3352 5699 evertit.

2204 5697 2317 5769 (‘25)
2347 5696 2571 5753 Veteres
2595 5697 2796 5766 aliquot
2823 5697 2947 5752 ltbri
2972 5697 3239 5766 προτιμᾷ.
