4016 6220
263 320 358 377 531

1372 313 1740 372 ADVERSUS
1775 311 2146 370 EUNOMIUM
2185 312 2314 368 LIB.
2356 315 2416 368 ll.

3394 289 3495 363 382

257 438 538 509 Μονογενῆ
566 438 827 508 λεγούσης
856 439 1064 509 ποίημα
1082 482 1096 503 ,
1129 440 1229 492 οὐκ
1258 439 1326 493 ἂν
1357 437 1685 508 ἑκεκὼφωτο
1719 434 1829 506 (26)

1949 451 2041 506 {uo
2072 435 2392 507 Unigenitus
2425 435 2636 490 factura
2666 435 2957 502 diceretur,
2993 451 3170 490 nonne
3197 435 3308 503 jam
3337 450 3492 492 aures

257 531 415 600 ἡμῶν
441 530 539 601 ἤδη
563 530 631 583 τὰ
655 523 771 584 ὦτα
800 530 1322 603 περιθρυλλούμενα.
1368 526 1505 585 Εἶτά
1541 545 1712 601 φησι,
1741 526 1831 581 διὰ

257 622 382 685 τοὺς
428 621 743 692 σωματικὴν
797 623 894 692 τὴν
927 622 1178 692 γέννησιν
1219 621 1700 695 ὑπολαμϐάνοντας
1736 617 1831 672 τοῦ

257 711 484 782 Κυρίου,
522 712 615 764 καὶ
659 714 778 776 ταῖς
807 713 1148 783 ὁμωνυμίαις
1188 713 1619 782 προσπαίοντας,
1666 710 1833 778 ἀναγ-

260 799 411 850 καῖον
451 797 599 868 αὑτῷ
635 800 729 851 καὶ
762 800 889 870 περὶ
942 799 1145 853 τούτων
1181 797 1321 853 εἶναι
1347 800 1436 853 διὰ
1473 799 1720 870 βραχέων
1755 800 1833 851 εί-

260 893 399 943 πεῖν.
431 891 623 944 Καίτοι
663 891 715 944 τί
745 891 970 956 ἐκώλυε,
1002 896 1122 956 ταῖς
1167 895 1231 946 ἐκ
1262 892 1370 946 τῶν
1409 891 1643 962 Γραφῶν
1691 907 1832 962 μαρ-

258 983 472 1049 τδρίαις
497 981 588 1034 τὸν
612 981 766 1050 λόγον
799 981 990 1035 ἐαυτοῦ
1035 984 1448 1052 πιστωσάμενον
1475 1021 1490 1047 ,
1521 982 1690 1046 οὕτως
1742 983 1834 1035 ἐπὶ

258 1075 356 1144 τὴν
387 1073 666 1144 διόρθωσιν
705 1074 814 1126 τῶν
857 1074 1258 1146 ἀσθενεστέρων
1291 1073 1487 1141 ἐλθεῖν,
1519 1074 1612 1127 δια)⁴
1643 1075 1740 1145 τὴν
1771 1076 1833 1127 ἐκ

259 1166 358 1234 τῆς
395 1164 710 1234 ὁμωνυμίας
745 1163 946 1234 βλάϐην
986 1164 1506 1236 παραμυθήσασθαι,
1547 1163 1601 1216 εί
1620 1181 1702 1228 τις
1728 1163 1834 1234 ἄρα

261 1254 454 1322 γέγονέ
483 1253 611 1306 ποτέ
636 1270 775 1305 τισιν
816 1254 848 1324 ἢ
885 1257 1206 1323 γενήσεταις
1238 1254 1334 1316 Τίς
1368 1253 1476 1324 γὰρ
1515 1252 1657 1306 οὑτω
1696 1270 1831 1306 παν-

260 1344 430 1407 τελῶς
471 1344 723 1414 σάρκινος
767 1344 878 1413 (27)
911 1344 1008 1415 τὴν
1037 1344 1274 1397 διάνοιαν
1296 1384 1309 1407 ,
1339 1344 1432 1397 καὶ
1465 1343 1622 1396 θείων
1662 1343 1835 1412 λόγων

261 1437 503 1507 ἄπειρος,
539 1435 700 1500 ὥστε,
746 1437 956 1489 ἀκούων
1003 1435 1154 1500 θείας
1199 1438 1534 1506 γεννήσεως,
1569 1435 1706 1507 πρὸς
1736 1435 1836 1498 τὰς

262 1528 580 1597 σωματικὰς
629 1529 1031 1600 καταφέρεσθαι
1087 1530 1410 1598 φαντασίας,
1455 1531 1513 1581 ἐν
1558 1523 1645 1590 αἷς
1703 1545 1838 1597 συμ-

262 1619 434 1689 πλοκὴ
472 1619 568 1689 μὲν
593 1620 820 1691 ἄρρενος
849 1619 985 1690 πρὸς
1033 1619 1092 1672 τὸ
1140 1619 1293 1690 θῆλυ,
1329 1619 1523 1690 κύησις
1549 1619 1605 1672 δὲ
1641 1621 1698 1672 έν
1733 1617 1837 1690 μή·

263 1727 402 1780 τρᾳ,
430 1711 523 1764 καὶ
554 1711 858 1775 διάπλασις,
904 1711 998 1764 καὶ
1041 1711 1350 1782 μόρφωσιςξ,
1410 1711 1502 1764 καὶ
1541 1713 1655 1775 τοῖς
1702 1709 1837 1763 καθ-

1932 535 2134 581 nostra:
2173 526 2258 581 his
2291 525 2621 581 clamoribus
2670 527 3136 581 circumsonantes
3178 527 3493 582 obsurduis-

1932 618 2092 671 sent?
2127 618 2331 672 Deinde
2373 619 2450 672 ait
2489 633 2714 672 necesse
2745 617 2847 672 sibi
2889 632 3010 673 esse
3039 626 3261 688 propter
3284 633 3379 673 eos
3405 619 3496 689 qui

1933 722 2250 774 corpoream
2306 706 2521 760 Domini
2588 709 2989 776 generationem
3056 709 3394 778 intelligunt,
3446 717 3496 762 et

1933 797 2130 866 quibus
2161 813 2322 852 voces
2347 799 2611 868 ambiguae
2638 808 2765 853 sunt
2791 799 3096 861 oll‘ensioni,
3130 799 3195 851 de
3224 798 3309 852 his
3337 799 3498 852 etiam

1933 889 2174 944 breviter
2189 890 2388 945 dicere.
2410 889 2516 945 Sed
2546 889 2675 960 quid
2703 891 2936 954 vetabat,
2958 891 3167 944 ﬁrmata
3201 890 3503 959 Scriptura!

1935 980 2257 1034 testimoniis
2281 982 2529 1036 oratione
2567 997 2682 1047 sua,
2731 982 2800 1034 ita
2835 983 3048 1035 demum
3081 983 3147 1035 ad
3177 982 3501 1036 debiliorum

1933 1074 2364 1126 emendationem
2396 1076 2678 1135 accedere,
2713 1085 2876 1144 atque
2913 1084 3086 1128 ortam
3130 1089 3195 1128 ex
3234 1074 3502 1144 ambiguis

1933 1163 2154 1218 vocibus
2180 1164 2470 1231 perniciem
2511 1166 2774 1229 emollire,
2811 1166 2856 1219 si
2903 1180 3006 1235 qua
3051 1174 3226 1219 tamen
3267 1179 3500 1233 unquam

1937 1255 2027 1307 ulli
2059 1256 2253 1309 accidit
2284 1265 2374 1309 aut
2403 1257 2799 1321 accidet?Quis
2828 1259 2970 1312 enim
2994 1258 3071 1311 sic
3097 1257 3316 1310 omnino
3350 1271 3504 1310 men-

1938 1356 1987 1399 te
2015 1346 2250 1400 carnalis
2277 1355 2378 1408 est,
2411 1355 2466 1400 et
2511 1347 2582 1399 ita
2614 1347 2918 1414 divinarum
2963 1347 3368 1416 Scripturarum
3417 1361 3508 1399 ru-

1937 1439 2038 1498 dis,
2097 1444 2174 1502 ut,
2213 1437 2396 1490 divina
2438 1439 2785 1506 generatione
2830 1439 3041 1504 audita,
3093 1439 3158 1492 ad
3212 1452 3516 1506 corporeas-

1938 1531 2200 1599 imagines
2230 1527 2528 1593 deferatur,
2561 1529 2614 1582 in
2643 1529 2839 1598 quibus
2870 1543 3194 1598 congressus
3227 1529 3298 1584 sit
3321 1529 3419 1582 viri
3452 1537 3508 1583 et:

1939 1622 2204 1686 mulieris,
2239 1624 2522 1690 conceptio
2563 1623 2617 1676 in
2647 1631 2822 1688 utero,
2855 1621 3234 1688 conformatio,
3268 1621 3509 1690 contigu-

1941 1715 2103 1780 ratio,
2135 1729 2200 1768 ac
2231 1715 2427 1769 debitis
2476 1715 2810 1784 temporibus
2842 1729 3159 1785 progressus
3199 1715 3250 1768 in
3293 1711 3512 1766 lucem?

263 1803 454 1873 ήκουσι
484 1804 706 1874 ,χρόνοις
759 1804 980 1875 πρόοδος
1027 1807 1105 1868 είς
1128 1804 1187 1856 τὸ
1215 1803 1318 1867 ἔξω
1358 1802 1506 1873 (28);
1559 1802 1656 1862 Τίς
1702 1800 1842 1854 οὑτω

1949 1805 2079 1871 Quis
2122 1807 2256 1861 adeo
2285 1805 2573 1873 belluinus,
2597 1817 2680 1872 ut,
2711 1807 2835 1861 dum
2881 1809 3028 1860 audit
3072 1806 3236 1861 Deum
3273 1804 3508 1860 Verbum

264 1894 562 1965 κτηνώδης,
584 1895 746 1962 ὥστε,
773 1897 985 1949 ἀκούων
1017 1896 1150 1948 Θεὸν
1174 1895 1346 1962 Λόγον
1381 1895 1444 1946 ἐκ
1486 1892 1618 1946 Θεοῦ
1649 1891 1843 1964 προελ-

266 1985 445 2050 θόντα,
487 1987 699 2041 ἀκούων
733 1987 788 2040 δὲ
815 1987 1004 2056 σοφίαν
1033 1989 1096 2039 ἐκ
1124 1985 1258 2039 Θεοῦ
1297 1985 1670 2055 γεννηθεῖσαν,
1706 1983 1842 2054 πρὸς

262 2076 333 2131 τὰ
361 2076 609 2147 σώματος
639 2076 784 2148 πάθη
810 2081 923 2140 τοῖς
952 2077 1230 2147 λογισμοῖς
1255 2075 1648 2138 καταπίπτειν;

333 2166 386 2220 6.
437 2167 594 2221 Ἀλλὰ
631 2168 908 2222 καὶτοῦτο
940 2168 1080 2238 μετὰ
1105 2167 1215 2220 τῶν
1260 2166 1434 2220 ἄλλων
1487 2165 1842 2237 εὐπρόσωπον

267 2259 414 2330 αὑτῷ
450 2261 632 2330 σχῆμα
681 2260 788 2313 τῶν
826 2260 999 2328 λόγων
1051 2259 1428 2330 ἐπινενόηται,
1476 2258 1552 2321 ὡς
1581 2258 1680 2326 τῆς
1708 2257 1844 2328 πρὸς

264 2350 390 2412 τοὺς
443 2351 738 2413 ἀσυνέτους
768 2350 874 2403 τῶν
919 2349 1161 2418 ἀδελφῶν
1203 2350 1607 2419 εὐσπλαγχνίας
1658 2349 1843 2402 ἕνεκεν

265 2443 356 2494 τὸν
387 2442 553 2495 κόπον
591 2444 690 2514 τῆς
719 2443 830 2514 (29)
856 2442 1206 2505 διδασκαλίας
1235 2442 1409 2494 δοκεῖν
1431 2441 1839 2510 καταδέχεσθαι.

267 2534 378 2586 Καὶ
412 2534 510 2596 τὰς
561 2535 659 2605 μὲν
702 2535 815 2604 (50)
856 2535 1171 2604 σωματικὰς
1214 2534 1499 2597 ὑπονοίας,
1535 2534 1634 2597 τὰς
1661 2535 1751 2586 ἐπὶ
1775 2537 1841 2604 τῇ

269 2625 609 2696 προσηγορίᾳ
637 2625 810 2697 ταύτῃ
832 2625 1208 2694 ἐγγινομένας,
1230 2624 1624 2696 ἐπανορθοῦται
1647 2624 1804 2696 δῆθεν
1827 2643 1839 2654 '

266 2714 367 2776 τὰς
396 2715 452 2768 δὲ
475 2717 538 2768 ἐκ
564 2716 657 2768 τοῦ
689 2716 897 2786 ποίημα
925 2715 1018 2768 τὸν
1054 2715 1257 2786 Κύριον
1303 2715 1666 2786 ὀνομάζεσθαι
1712 2715 1842 2785 βλά-

269 2804 369 2868 ϐας
396 2806 454 2857 οὑ
481 2809 844 2876 παραιτεῖται.
885 2808 1075 2860 Καίτοι
1104 2807 1132 2860 ὅ
1163 2823 1226 2874 γε
1257 2807 1367 2877 (51)
1408 2809 1724 2878 σωματικὴν
1762 2805 1842 2860 εἷ-

269 2915 356 2950 ναι
387 2899 486 2966 τὴν
513 2899 764 2969 γέννησιν
799 2899 1215 2969 φανταζόμενος,
1255 2901 1284 2952 ὁ
1323 2900 1486 2962 αὐτὸς
1533 2899 1596 2952 ἂν
1627 2901 1720 2953 καὶ
1751 2899 1844 2954 ἐπὶ

267 2990 394 3052 τοὺς
423 2990 639 3053 ὑλικοὺς
665 2992 764 3061 τῆς
808 2993 1075 3062 ποιήσεως
1106 2993 1342 3061 τρόπους
1391 2991 1739 3062 ὑπενεχθείη.
1767 2992 1840 3044 Οὑ

268 3081 378 3150 γὰρ
399 3081 568 3151 δήπου
597 3081 860 3152 μερισμὸν
890 3082 988 3152 μέν
1009 3101 1130 3136 τινα
1150 3084 1246 3136 καὶ
1277 3083 1606 3155 μετάστασιν
1629 3083 1721 3136 καὶ
1751 3083 1844 3153 (lti—

271 3188 356 3227 σιν
388 3175 484 3244 τῆς
518 3173 610 3226 τοῦ
643 3167 937 3242 γεννῶντος
961 3175 1147 3238 οὐσίας
1184 3175 1292 3245 (52)
1321 3178 1385 3227 ἐκ
1410 3175 1512 3244 τῆς
1545 3175 1726 3244 φωνῆς
1751 3173 1844 3226 τοῦ

269 3267 466 3335 γεννᾷν
502 3267 530 3317 ό
570 3264 800 3335 ἀσθενὴς
836 3267 1112 3336 ἐννοήσει’
1150 3265 1282 3337 ὓλην
1323 3266 1378 3319 δέ
1425 3265 1619 3330 ἔξωθεν
1659 3268 1724 3318 ἐκ
1752 3264 1846 3317 τοῦ

274 3357 350 3427 μὴ
380 3356 529 3416 ὖντος
560 3356 954 3430 εἰσενεχθεῖσαν
987 3361 1067 3420 εἰς
1091 3357 1210 3428 τὴν,
1243 3358 1318 3421 ὼς
1360 3359 1516 3427 ὑμεῖς
1550 3374 1716 3426 φατε,
1751 3355 1846 3409 τοῦ

271 3450 576 3519 ποιήματος
617 3449 932 3517 ὑπόστασιν,
975 3450 1375 3521 ὑπολαμϐάνειν
1416 3452 1515 3502 οὑκ
1557 3449 1849 3520 ἐναχθήσε-

269 3554 382 3593 ται.
431 3540 586 3603 Τίνος
627 3535 720 3593 οὖν
772 3522 956 3593 ἐνεέιεν
995 3539 1061 3592 τὰ
1101 3540 1510 3613 ἀρρωστήματα
1565 3538 1670 3590 τῶν
1698 3537 1845 3606 λογι-

274 3629 428 3700 σμῶν
462 3630 571 3683 τῶν
604 3630 844 3699 ἀδελφῶν
877 3629 934 3696 ἐξ
969 3630 1224 3701 ἡμισείας
1265 3631 1428 3693 ἰᾶται,
1464 3630 1560 3683 καὶ
1589 3629 1696 3681 τῶν
1737 3645 1843 3682 σωθ-

275 3718 512 3788 ματικὴν
552 3718 649 3789 τὴν
690 3719 940 3788 γέννησιν
972 3717 1082 3791 (55)
1117 3719 1609 3790 ὑπολαμϐανόντων
1649 3721 1820 3788 ἐπιμε

271 3804 551 3875 λούμενος,
585 3809 711 3870 τοὺς
757 3809 822 3877 τῇ
868 3808 1207 3879 προσηγορίᾳ
1238 3807 1331 3860 τοῦ
1364 3808 1664 3877 ποιήματος
1693 3822 1847 3875 περι-

272 3897 565 3960 πταίοντας
592 3900 840 3969 παρορᾷ;
871 3899 989 3951 ’Ὁτι
1023 3898 1084 3951 τὸ
1126 3899 1223 3969 μὲν
1266 3896 1658 3968 γεγεννῆσθαι
1692 3897 1850 3950 πολέ-

275 4005 398 4059 μιον
426 3985 533 4042 οἶδε
558 3993 667 4052 τοῖς
699 3990 961 4060 δόγμασιν
993 3989 1207 4055 ἑαυτοῦ,
1243 3989 1338 4042 τοῦ
1384 3988 1736 4059 γεννηθέντος
1773 3991 1850 4041 οἰ-

273 4081 436 4143 κείως
479 4081 620 4152 ἔχειν
653 4082 960 4150 ὀφείλοντος
1004 4082 1222 4145 πάντως
1277 4083 1370 4134 καὶ
1417 4081 1851 4152 ἀπαραλλάκτως

276 4170 412 4238 πρὸς
444 4171 534 4222 τὸν
576 4173 944 4242 γεννήσαντα’
976 4170 1037 4223 τὸ
1075 4170 1132 4224 δὲ
1173 4169 1536 4238 πεποιῆσθαι
1573 4170 1722 4238 φίλον
1758 4172 1852 4224 καὶ

281 4259 564 4332 σύμμαχον
579 4266 698 4325 ταῖς
718 4262 906 4316 ἐαυτοῦ
927 4261 1237 4328 ὑποθέσεσι,
1254 4260 1342 4315 διὰ
1358 4262 1418 4315 τὸ
1433 4262 1712 4333 ἀλλοτρίου
1737 4260 1849 4334 (54)

1945 1913 2009 1951 ex
2066 1901 2174 1952 Deo
2213 1900 2501 1967 prodiisse,
2548 1907 2710 1967 atque
2758 1913 2823 1952 ex
2865 1899 2973 1952 Deo
3001 1899 3234 1968 genitam
3274 1911 3396 1950 esse
3425 1911 3513 1950 sa-

1945 1991 2223 2055 pientiam,
2266 1991 2334 2043 ad
2373 2002 2667 2057 corporeus
2717 1987 2944 2042 allectus
2991 1987 3320 2058 cogitatione
3355 1985 3510 2040 dela-

1945 2079 2148 2132 batur?

2015 2169 2067 2222 6.
2110 2168 2215 2223 Sed
2261 2168 2374 2223 haec
2421 2185 2636 2239 quoque
2685 2171 2930 2240 speciosa
2987 2171 3271 2224 verborum
3337 2167 3513 2222 forma

1945 2261 2109 2330 242
2140 2275 2242 2312 una
2277 2274 2398 2312 cum
2437 2260 2558 2314 aliis
2585 2262 2632 2314 ei
2661 2261 2965 2330 excogitata
2997 2271 3098 2321 est,
3124 2269 3203 2322 ut,
3237 2258 3304 2312 ob
3328 2273 3518 2325 quan:-

1946 2353 2071 2405 dam
2129 2365 2256 2420 erga
2308 2351 2587 2419 imperitos
2630 2349 2825 2406 fratres
2858 2349 3399 2413 commiscrationeui,
3435 2346 3518 2400 la-

1945 2443 2215 2497 boriosam
2266 2441 2404 2496 hanc
2455 2443 2680 2496 docendi
2736 2443 3068 2512 provinciam
3101 2441 3402 2508 suscepisse
3432 2441 3514 2491 vi-

1946 2535 2156 2587 deatur.
2199 2533 2269 2587 Et
2322 2549 2611 2603 corporeas
2663 2535 2875 2603 quidem
2917 2533 3250 2603 suspiciones
3284 2547 3403 2602 quae
3450 2546 3516 2584 ex

1946 2626 2050 2680 hac
2077 2625 2441 2694 appellatione
2482 2626 2826 2690 oboriuntur,
2871 2626 3091 2696 corrigit
3130 2625 3339 2680 scilicet
3373 2643 3385 2678 :
3420 2624 3516 2678 seti

1947 2719 2269 2772 detrimenta
2298 2732 2385 2782 ea,
2426 2733 2545 2787 qua:
2571 2720 2640 2773 ob
2666 2719 2890 2773 facturae
2932 2734 3127 2772 nomen
3165 2717 3394 2771 Domino
3418 2716 3519 2769 im-

1945 2808 2181 2878 positum
2219 2816 2539 2874 nascuntur,
2570 2822 2907 2877 nequaquam
2941 2809 3128 2861 evitat.
3162 2807 3226 2860 Et
3261 2822 3388 2860 vero
3421 2821 3519 2876 ge-

1947 2901 2283 2954 nerationem
2333 2914 2649 2968 corpoream
2683 2915 2802 2954 esse
2832 2902 2923 2969 qui
2951 2901 3131 2954 animo
3168 2901 3338 2969 lingit,
3378 2900 3518 2953 idem

1946 2994 2138 3061 utique
2165 2991 2231 3045 ad
2267 2991 2578 3045 materiales
2599 2992 2762 3045 etiam
2800 2991 3056 3046 factionis
3103 2993 3292 3046 modos
3328 2989 3521 3045 deduci

1948 3084 2164 3154 poterit.
2201 3083 2313 3138 Nec
2355 3085 2501 3138 enim
2535 3083 2880 3153 partitionem
2921 3086 3228 3153 quampiam
3257 3093 3312 3138 et
3343 3093 3520 3138 trans-

1951 3178 2083 3230 itum
2123 3173 2465 3257 autiiuxum,
2501 3175 2591 3243 qui
2624 3189 2686 3229 ex
2720 3175 3028 3243 generantis
3063 3175 3362 3229 substantia
3402 3172 3520 3238 ﬂat,

1951 3267 2020 3332 is,
2044 3267 2144 3335 qui
2172 3267 2462 3321 imbecillis
2488 3276 2590 3328 est,
2627 3278 2692 3320 ex
2726 3267 3019 3336 generandi
3059 3279 3191 3320 voce
3227 3266 3521 3335 intelliget;

1951 3359 2235 3411 materiam
2267 3371 2397 3410 vero
2429 3366 2548 3422 qum
2583 3357 2922 3411 extrinsecus
2950 3370 3016 3409 ex
3050 3355 3218 3411 nihilo
3247 3357 3314 3410 ad
3350 3357 3528 3411 factu-

1950 3463 2046 3514 rze,
2085 3458 2144 3502 ut
2167 3462 2263 3502 vos
2299 3448 2498 3513 dicitis,
2545 3449 2978 3501 constituendam
3022 3446 3378 3501 substantiam
3424 3446 3525 3500 ad-

1953 3547 2103 3590 vecta
2150 3538 2240 3602 sit,
2274 3553 2379 3590 non
2414 3537 2714 3592 adducetur
2744 3544 2801 3588 ut
2849 3537 3032 3589 animo
3082 3535 3370 3603 concipiat.
3414 3534 3526 3590 Cur

1953 3628 2119 3697 igitur
2155 3628 2548 3697 cogitationum
2600 3626 2932 3696 aegritudini,
2981 3641 3085 3694 qua
3135 3625 3337 3680 fratres
3377 3625 3526 3680 labo-

1953 3730 2094 3784 rant,
2126 3722 2300 3774 media
2327 3736 2393 3775 ex
2426 3731 2578 3788 parte
2608 3721 2873 3784 medetur,
2897 3726 2955 3773 'et
2979 3735 3165 3773 eorum
3205 3720 3294 3788 qui
3335 3734 3530 3788 corpo-

1953 3824 2103 3863 ream
2139 3810 2544 3878 generationem
2598 3809 2927 3878 intelligunt,
2962 3821 3212 3878 suscepta
3252 3825 3404 3874 cura,
3433 3824 3526 3863 eos

1954 3902 2150 3970 quibus
2189 3902 2413 3956 factum:
2472 3901 2762 3969 appellatio
2803 3900 3088 3956 otl‘cnsioni
3123 3910 3225 3966 est,
3273 3901 3526 3971 negligit?

1956 3992 2222 4057 Quoniam
2267 3995 2367 4046 hoc
2407 3993 2646 4061 quidem,
2672 3994 2899 4060 genitum
2926 4009 3057 4055 esse,
3088 3994 3199 4048 suis
3234 3993 3406 4063 ipsius
3424 3993 3525 4047 tie-

1958 4082 2225 4151 gtnatibus
2256 4083 2585 4136 contrarium
2617 4083 2787 4149 novit,
2819 4097 2941 4136 cum
2979 4086 3197 4152 genitus
3224 4098 3347 4137 cum
3369 4083 3526 4153 geni-
3614 4121 3618 4125 -

1960 4183 2076 4228 tore
2107 4173 2394 4242 conjuucte
2416 4175 2639 4228 omnino
2665 4189 2729 4228 ac
2759 4173 2894 4227 citra
2922 4174 3292 4228 diversitatem
3325 4175 3528 4228 habere

1959 4277 2017 4318 se
2035 4262 2262 4328 debeat;
2281 4262 2408 4317 illud
2428 4277 2576 4327 vero,
2599 4263 2798 4331 factum
2818 4277 2949 4326 esse,
2969 4277 3144 4316 causae
3163 4276 3276 4316 suae
3291 4261 3524 4314 amicum

349 4462 460 4541 (26)
485 4462 710 4518 Codices
750 4471 862 4541 tres
907 4462 1140 4541 ποίημα,
1199 4462 1303 4516 κᾶν
1354 4463 1701 4541 ἐκεκώιρωτο,
1730 4463 1842 4541 sine

1959 4465 2126 4537 ﬁngat
2156 4477 2248 4522 aut
2285 4465 2662 4541 partitionem,
2694 4473 2786 4541 a:t_t
2829 4465 3137 4541 transitum,
3167 4475 3261 4541 aut
3288 4465 3526 4541 aliquem

281 4543 408 4586 nota
447 4533 904 4603 interrogationis,
944 4533 1104 4586 etiam
1133 4549 1286 4585 aures
1327 4543 1519 4586 nostra:
1545 4534 1853 4587 obsurduis-o

280 4616 416 4659 sent.

359 4675 468 4743 (27)
499 4674 718 4742 Legitur
745 4671 794 4724 in
821 4673 1064 4745 margine
1092 4670 1241 4745 Regii
1273 4673 1450 4739 quarti
1483 4675 1768 4745 σαρκικός.

357 4739 468 4814 (28)
510 4739 650 4797 Editi
704 4745 783 4804 εἰς
826 4742 894 4795 τὰ
945 4741 1070 4805 ἔξω.
1117 4739 1194 4794 Δι’
1231 4757 1362 4796 mss.
1395 4739 1624 4810 quatuor
1674 4748 1756 4808 είς
1795 4739 1855 4798 τὸ

281 4814 408 4868 ἔξω.

313 4850 466 4953 ’,(29)
494 4882 672 4936 Codex
701 4895 837 4953 unus
865 4881 958 4935 τὸν
998 4881 1198 4935 σκοπὸν
1222 4881 1341 4952 τῆς,
1383 4885 1706 4951 propositum
1740 4901 1860 4938 con-

283 4955 562 5019 siliumque
592 4952 832 5004 docendi.

356 5023 467 5092 (50)
499 5022 650 5082 Illud,
675 5020 772 5073 καὶ
805 5021 908 5087 τὰς
925 5022 1063 5090 μὲν,
1102 5032 1232 5089 etc.,
1264 5022 1465 5092 dictum
1506 5029 1592 5076 est
1621 5037 1717 5092 per
1742 5022 1855 5076 iro-

289 5089 455 5153 niam,
500 5093 602 5144 hac
639 5095 905 5146 sententia
928 5089 950 5145 ’:
985 5093 1150 5158 Quasi
1180 5107 1311 5147 vero
1351 5089 1646 5147 Eunomius
1680 5092 1852 5157 timet,

289 5179 375 5226 ne,
410 5161 772 5231 generationis
817 5162 1001 5215 audito
1049 5163 1286 5225 nomine,
1345 5161 1592 5230 corporei
1649 5162 1854 5228 aliquid

288 5233 693 5300 excogitemus;
725 5245 826 5284 nec
877 5241 1052 5300 tamen
1085 5243 1301 5286 veretur
1349 5231 1542 5284 Filiqu
1590 5231 1857 5300 {acturam

289 5299 584 5355 nominare.
618 5300 836 5354 Scilicet
875 5299 1008 5355 Filio
1037 5301 1288 5355 convenit
1327 5302 1497 5372 magis
1536 5316 1734 5355 nomen
1774 5299 1858 5351 fa-

288 5383 476 5433 cturae,
503 5385 662 5438 quam
686 5372 1070 5438 generationis.

361 5443 470 5510 (51)
501 5437 592 5493 Sic
620 5437 750 5510 mss.
797 5441 1040 5510 plerique
1083 5455 1292 5496 omnes.
1343 5439 1487 5495 Editi
1515 5437 1776 5510 Καίτοιγε
1799 5440 1856 5510 ό.

289 5502 411 5564 Nox
455 5502 588 5563 'editi
626 5502 885 5574 οῦτος’ἂν
923 5502 1038 5564 aiat.
1096 5513 1165 5564 At
1205 5513 1312 5565 duo
1350 5526 1479 5576 mss.
1521 5511 1549 5561 ό
1589 5502 1751 5570 αὐτὸς
1793 5507 1858 5559 ἂν

290 5582 404 5635 καί.
1168 5606 1188 5615 κ

365 5650 476 5721 (5'2)
510 5649 620 5704 lluc
650 5650 778 5705 diett
809 5650 1078 5705 Basilius:
1107 5650 1331 5721 Siquis,
1364 5648 1730 5721 generationis
1753 5662 1859 5721 au-

297 5719 405 5776 λκιο
431 5723 665 5786 nomine,
697 5723 764 5775 ob
804 5721 1005 5788 ingenii
1055 5719 1482 5775 imbecillitatem
1524 5719 1628 5774 sibi
1675 5720 1859 5771 animo

1959 4534 2370 4606 cx'generantis
2399 4535 2697 4606 substantia
2739 4534 2966 4606 ﬂuxum,
3001 4536 3066 4598 is,
3092 4536 3182 4588 ubi
3223 4551 3413 4589 nomen
3442 4535 3525 4586 fa-

1959 4604 2125 4660 cturaa
2175 4607 2424 4668 audierit,
2471 4605 2640 4656 multo
2666 4604 2834 4671 magis
2882 4606 3208 4673 excogitabit
3243 4607 3527 4657 materiam

1959 4677 2195 4744 aliquam
2229 4690 2294 4728 ex
2323 4673 2495 4727 nihilo
2514 4683 2811 4744 sumptam,
2829 4687 2908 4744 ex
2935 4689 3038 4740 qua
3065 4675 3332 4727 constabit
3355 4674 3529 4726 factu-

1959 4743 2177 4798 ra.’Vos
2215 4745 2397 4813 igitur,
2437 4743 2524 4810 qui
2559 4744 2624 4796 de
2660 4743 2794 4796 Filio
2826 4743 3104 4809 loquentes
3143 4758 3274 4796 voce
3309 4744 3530 4796 iacturae

1961 4816 2194 4878 utimini,
2224 4830 2323 4867 nec
2366 4825 2542 4866 tamen
2577 4813 2942 4879 generationis
2979 4813 3196 4866 nomine
3233 4813 3308 4865 uti
3343 4813 3529 4874 Vultis,

1960 4885 2155 4938 minori
2215 4887 2354 4936 malo
2397 4883 2680 4935 medemini
2721 4897 2930 4947 eorum,
2967 4882 3057 4949 qui
3091 4897 3404 4948 corpoream
3439 4898 3529 4947 ge-

1963 4955 2296 5008 nerationem
2330 4953 2666 5006 comminisci
2709 4961 2933 5018 possunt
2965 4969 2978 5004 :
3029 4951 3123 5003 sed
3163 4953 3316 5004 vobis
3347 4953 3524 5003 ειυιιιη

1961 5039 2068 5076 non
2104 5033 2206 5086 est,
2265 5022 2436 5090 majus
2465 5022 2660 5073 malum
2691 5036 2884 5074 curare
2923 5036 3134 5081 eorum,
3163 5023 3250 5087 qui
3273 5021 3375 5073 sibi
3403 5035 3528 5086 per-

1959 5094 2187 5146 suadere
2233 5101 2475 5162 possunt,
2517 5091 2877 5147 substantiam
2925 5090 3046 5145 Filii
3073 5104 3139 5143 ex
3173 5090 3338 5144 nihilo
3383 5105 3528 5144 sunt-

2001 5172 2105 5214 tam
2135 5178 2273 5216 esse.

1960 5178 2105 5232 piam
2135 5178 2273 5216 esse.

2033 5229 2142 5301 (55)
2176 5229 2306 5300 Reg.
2350 5230 2540 5284 tertius
2591 5228 2689 5301 τὴν
2741 5231 2972 5299 γένεσιν.
3004 5230 3106 5283 Alii
3140 5244 3231 5284 sex
3263 5227 3530 5301 mss._'ri1v

1962 5297 2232 5373 γέννησιν.
2260 5297 2406 5355 idem
2453 5301 2622 5354 codex
2647 5297 3152 5371 ’ὑπολαμϐανόντων
3199 5297 3531 5370 προνοούμε-

1961 5388 2071 5423 νος.

2024 5409 2143 5510 ἶὲι)
2174 5440 2287 5513 tua,
2317 5439 2405 5513 διᾲ
2454 5441 2516 5494 τὸ
2555 5441 2857 5513 ἀλλοτρίου,
2905 5453 3036 5504 etc.,
3088 5441 3227 5513 dicta
3260 5439 3529 5513 suntghoc

1963 5524 2124 5563 sensu
2158 5528 2171 5563 :
2200 5511 2321 5564 Ideo
2352 5511 2641 5565 Eunomius
2668 5510 2896 5565 libenter
2919 5527 3049 5564 voce
3080 5511 3304 5563 factura:
3335 5510 3526 5574 utitur.

1963 5579 2109 5644 quod
2163 5596 2272 5633 suae
2327 5583 2567 5647 opinioni
2627 5582 2804 5633 faveat
2841 5582 3334 5649 patrocineturque.
3393 5579 3529 5634 Nam

1962 5652 2139 5719 omnis
2170 5651 2376 5702 factura
2421 5651 2656 5704 alienum
2690 5653 2944 5718 quiddam
2983 5663 3063 5704 est
3094 5662 3148 5703 et
3186 5651 3529 5719 peregrinum

1966 5717 2269 5783 afaciente,
2306 5736 2405 5774 nec
2467 5717 2781 5791 intelligitur
2822 5723 3120 5776 naturalem
3174 5717 3372 5775 habere
3406 5738 3529 5775 cuin
