4016 6220
464 316 570 374 535
1810 309 1868 360 δ.
1909 306 2156 360 ΒΑδιωι
2198 305 2414 359 MAGNI
3624 308 3735 362 58!

470 452 539 493 ac
569 431 952 491 subsidiarium
984 426 1222 500 agnovit,
1255 423 1399 496 quod
1441 423 1493 478 id
1529 421 1688 478 alieni
1729 420 2030 493 peregr'tui-
2062 474 2066 483 ,

2172 423 2227 476 αἱ
2252 421 2402 487 ξένου
2422 462 2437 487 ,
2468 421 2564 476 καὶ
2592 421 2769 493 πάντη
2799 419 3066 474 ἀνοικείου
3112 420 3247 491 πρὸς
3279 420 3370 474 τὸν
3409 422 3731 493 ποιήσαντα

468 542 596 598 que,
626 534 680 581 et
714 522 914 579 nullam
954 518 1179 575 omnino
1203 531 1328 573 cum
1353 514 1561 571 factore
1598 515 2035 585 coniunctionem

2172 514 2235 585 ὴν
2281 513 2489 568 ἔννοιαν
2534 511 2828 584 παριστᾷν.
2880 504 3017 565 Εἶτα
3088 510 3298 572 τούτοις
3359 509 3738 565 ὲπισυνάπτει

468 618 720 675 babentis
761 613 1036 669 notionem
1080 607 1324 666 exhibet.
1363 607 1568 664 Deinde
1603 606 1670 662 ad
1714 606 1830 662 haec
1863 605 2036 672 addit,
2139 606 2348 675 λέγων’

471 712 656 767 dicens
678 726 695 764 :

541 801 678 859 Eun.
723 801 1040 860 Geuituram
1086 801 1271 870 itaque
1323 799 1521 854 Filium
1581 798 2044 861 dicimus,secuu—

474 895 599 950 dum
631 895 1029 965 Scripturarum
1066 894 1395 955 doctrinam,
1427 906 1532 945 non
1561 889 1707 945 aliud
1737 889 1864 959 quid
1915 889 2043 943 sub-

475 986 730 1041 stantiam
783 984 1165 1055 iutelligeutes,
1196 992 1251 1040 et
1301 984 1447 1039 aliud
1484 982 1618 1051 quid
1670 981 1811 1051 quod
1848 991 2044 1052 praeter

476 1076 647 1147 ipsam
671 1075 1026 1145 signiﬁcetur,
1056 1076 1150 1130 sed
1172 1075 1343 1143 ipsam
1375 1088 1495 1129 esse
1527 1073 2043 1145 bypostasin,quam

479 1182 673 1222 nomen
718 1166 1020 1237 signiﬁcat,
1072 1181 1195 1220 cum
1255 1165 1570 1220 substantiae
1615 1180 1741 1220 vero
1784 1174 2047 1233 congruat

477 1258 594 1313 haec
616 1257 927 1329 appellatio.

550 1348 674 1403 Bas.
715 1348 780 1404 Et
816 1348 867 1403 in
891 1348 975 1403 his
1009 1347 1197 1417 utique
1230 1348 1514 1402 veritatem
1546 1346 1720 1417 palam
1749 1355 2046 1417 oppugnat,

479 1440 685 1510 sibiipsi
741 1449 919 1494 tamen
982 1453 1221 1494 consona
1274 1439 1532 1509 loquitur.
1584 1438 2049 1506 Quemadmodum

480 1533 624 1587 enim
656 1534 708 1586 in
745 1531 1115 1601 superioribus
1144 1531 1474 1586 decernebat
1523 1531 1575 1584 in
1625 1529 1735 1587 Deo
1768 1530 2051 1585 universo-

483 1641 599 1681 rum
624 1624 984 1681 snbstautiam
1017 1623 1130 1691 ejus
1165 1638 1261 1693 per
1292 1622 1751 1693 ingenerationem
1778 1620 2052 1691 signiﬁca-

483 1715 527 1770 ri
557 1732 570 1768 :
601 1702 672 1768 ita
698 1714 788 1768 hic
816 1728 1031 1784 quoque
1060 1682 1412 1767 substantiam
1454 1711 1575 1766 Filii
1614 1727 1708 1781 per
1748 1682 2052 1782 genituram

2172 1688 2415 1743 mvrtxbv
2437 1726 2452 1752 ,
2480 1686 2623 1740 οὕτω
2657 1685 2749 1740 καὶ
2791 1684 3025 1738 ἐνταῦθα
3054 1682 3115 1737 τὸ
3149 1683 3395 1754 γέννημα
3423 1685 3521 1756 τὴν
3544 1685 3743 1738 οὐσίαν

482 1804 773 1876 signiﬁcari
801 1762 972 1859 dicit:
1005 1813 1065 1859 ut
1088 1803 1253 1874 geniti
1280 1804 1347 1858 ad
1372 1762 1663 1873 ingenituirn
1694 1762 2050 1873 opopositione,

2172 1780 2247 1834 τοῦ
2273 1778 2401 1833 Υίοῦ
2447 1778 2731 1850 σημαίνειν
2764 1775 2873 1848 (55)
2917 1775 3102 1844 λέγει·
3139 1776 3205 1828 ἶν’
3248 1775 3307 1827 ὲν
3333 1778 3398 1846 τῇ
3425 1775 3521 1829 τοῦ
3546 1792 3743 1845 γεννη-

483 1898 831 1969 Unigenitum
871 1897 1165 1951 secundum
1200 1897 1368 1965 ipsam
1397 1896 1752 1951 substantiam
1784 1895 2056 1949 contrario

2172 1871 2249 1926 τοῦ
2284 1870 2421 1942 πρός
2448 1869 2511 1924 τὺ
2536 1869 2829 1940 ἀγέννητον
2859 1866 3128 1922 ἀντιθέσει
3151 1867 3406 1930 ἐναντίως
3437 1867 3631 1937 ἔχοντα
3660 1868 3745 1939 τῷ

482 1957 646 2048 modo
696 1991 763 2045 ad
815 1989 1029 2044 Patrem
1061 2004 1121 2042 se
1160 1957 1363 2041 habere
1403 1986 1675 2040 ostendat.
1715 1985 2056 2054 Quapropter

2172 1962 2333 2033 [Ιατρὶ
2362 1962 2454 2015 τὸν
2476 1962 2755 2032 Μονογενῆ
2775 1958 2917 2012 κατά
2938 1958 3038 2030 τὴν
3060 1958 3249 2012 οὐσίαν
3269 1957 3439 2030 αὐτὴν
3464 1958 3740 2030 ἐπιδείξῃ.

485 2099 607 2138 cum
635 2080 828 2135 Filium
857 2080 1162 2149 genituram
1186 2077 1441 2147 appellat,
1471 2077 1632 2130 verba
1664 2049 1781 2145 qua:
1812 2049 1848 2128 at
1871 2049 2056 2130 divino

2172 2052 2254 2106 διὰ
2291 2051 2466 2106 ταῦτα
2487 2050 2765 2122 νομοθετεῖ
2796 2052 3017 2121 ῥήματα
3053 2049 3159 2114 ἔξω
3190 2049 3291 2120 τῆς
3336 2050 3585 2120 χρήσεως
3605 2049 3746 2103 ὄντα

486 2174 692 2244 Spiritu
738 2180 994 2241 usurpata
1039 2184 1144 2223 non
1187 2176 1334 2234 sunt,
1386 2140 1714 2237 praescribit.
1758 2164 1912 2220 Unde
1942 2166 2057 2220 haec

2172 2143 2250 2211 τοῦ
2279 2143 2423 2198 θείου
2462 2143 2798 2214 Πνεύματος,
2841 2142 3088 2213 γέννημα
3131 2140 3223 2194 τὸν
3256 2141 3385 2195 Υίὸν
3420 2140 3740 2213 ὀνομάζων.

485 2233 731 2335 accepit?
764 2233 978 2331 ex'qua
1018 2260 1303 2316 doctrina?
1340 2233 1518 2329 a'quo
1564 2256 1855 2326 propheta?
1890 2272 1918 2309 a
1949 2271 2058 2326 quo

2172 2236 2329 2291 Πόθεν
2350 2234 2561 2301 λαϐὠνς
2585 2237 2651 2289 ὲκ
2671 2235 2829 2299 ποίας
2849 2234 3197 2298 διδασκαλίας
3216 2250 3230 2298 ;
3249 2233 3394 2298 τίνος
3413 2236 3704 2305 προφήτου
3721 2251 3739 2296 ;

487 2325 751 2428 apostolo,
783 2357 873 2426 qui
891 2325 1009 2409 boc
1039 2354 1085 2407 ei
1114 2365 1413 2422 cognomen
1428 2325 1731 2405 tribuerit?
1771 2348 1883 2418 Ego
1907 2325 2061 2416 equi-

2172 2328 2302 2393 τίνος
2329 2327 2438 2382 τῶν
2463 2327 2774 2381 ἀποστόλων
2798 2325 3005 2397 ταύτην
3036 2325 3186 2396 αὐτῷ
3210 2325 3312 2396 τὴν
3345 2325 3741 2395 προσωνυμίαν

495 2451 620 2505 dem
662 2449 804 2504 banc
829 2460 1015 2502 vocem
1044 2446 1124 2500 sic
1151 2457 1462 2513 expressam
1496 2443 1550 2497 in
1587 2439 2062 2510 nullo.Scriptura:

2172 2418 2624 2491 ὲπιφημίσαντοςς
2661 2416 2802 2486 Ἐγὼ
2838 2416 2937 2486 μὲν
2963 2415 3096 2487 ’γάρ
3128 2416 3365 2513 οὐδαμοῦ
3390 2414 3490 2485 τῆς
3511 2414 3741 2487 Γραφῆς

491 2541 608 2597 loco
635 2537 873 2595 invenio.

2172 2510 2419 2581 κειμένην
2438 2508 2581 2562 οὕτω
2607 2511 2706 2580 τὴν
2733 2507 2915 2577 φωνὴν
2945 2507 3149 2578 ταύτην
3180 2499 3362 2578 εὗρον.

563 2595 615 2685 7.
659 2628 823 2697 Atqui
859 2626 948 2683 hic
980 2626 1082 2682 iste
1119 2639 1177 2680 se
1197 2624 1297 2679 has
1323 2621 1714 2693 appellationes
1743 2635 1850 2676 non
1883 2618 2061 2674 aliun-

2232 2601 2287 2655 7.
2313 2601 2504 2654 Καίτοι
2532 2600 2824 2671 οὐδαμόθεν
2846 2595 2999 2662 οὗτος
3023 2599 3055 2669 ἢ
3087 2601 3151 2653 ὲκ
3177 2599 3278 2668 τῆς
3294 2597 3389 2651 τοῦ
3416 2597 3740 2669 Πνεῦματος

494 2725 561 2780 de
582 2689 811 2794 quam'a
848 2718 1084 2787 Spiritus
1118 2689 1376 2771 doctrina
1398 2689 1720 2784 sumpsisse
1776 2711 2060 2779 gloriatur.

2172 2692 2508 2758 διδασκαλίας
2540 2692 2815 2764 είληφέναι
2846 2691 2945 2755 τὰς
2970 2689 3338 2762 προσηγορίας
3368 2690 3574 2753 ταύτας
3607 2690 3745 2743 ἀλα-

496 2781 692 2872 Parum
722 2812 866 2869 enim
901 2811 949 2867 ei
983 2808 1083 2865 fuit
1115 2806 1423 2863 hominibus
1452 2803 1726 2875 negotium
1772 2801 2062 2864 facessere,

2172 2784 2456 2850 ζονεύεται.
2481 2786 2694 2858 Μικρὸν
2731 2784 2842 2855 γὰρ
2875 2784 3023 2855 αὐτῷ
3052 2785 3167 2846 τοῖς
3208 2781 3516 2853 ἀνθρώποις
3549 2783 3742 2848 ἀγῶνα

500 2908 604 2964 nisi
650 2905 705 2960 in
755 2904 931 2975 ipsum
967 2902 1130 2957 etiam
1176 2898 1438 2968 Spiritum
1473 2873 1846 2975 insolesceret.
1903 2890 2063 2964 25.3

2172 2879 2446 2950 παρέχειν,
2472 2879 2520 2930 εί
2555 2876 2630 2948 μὴ
2655 2877 2748 2932 καὶ
2770 2873 2933 2931 αὑτοῦ
2962 2876 3055 2930 τοῦ
3091 2874 3200 2945 (56)
3231 2874 3551 2944 Πνεῦματος
3581 2891 3745 2928 καταο

500 2997 713 3052 Patrem
767 2966 985 3063 quidem
1034 2966 1306 3062 genuisse,
1342 3002 1409 3041 ex
1449 2967 1634 3041 niultis
1685 2983 1819 3039 locis
1874 2982 2066 3037 didici-

2172 2968 2475 3040 τολμήσειε.
2522 2966 2911 3038 Γεγεννηκέναι
2950 2967 3049 3039 μὲν
3085 2966 3194 3038 γὰρ
3227 2967 3318 3021 τὸν
3353 2966 3575 3038 Πατέρα
3612 2966 3745 3018 πσλ-

503 3104 623 3142 mus
658 3104 670 3138 :
706 3085 899 3140 Filium
930 3094 1060 3136 vero
1088 3078 1388 3151 genituram
1413 3091 1552 3141 esse,
1586 3073 1814 3129 necdum
1835 3072 1901 3126 ad
1924 3071 2066 3125 hunc

2172 3058 2331 3130 λαχοῦ
2360 3059 2716 3131 δεδιδάγμεθα
2733 3077 2747 3090 ·
2770 3059 3018 3129 γέννημα
3035 3060 3093 3113 δὲ
3114 3057 3252 3112 εἶναι
3273 3059 3362 3113 τὸν
3379 3059 3505 3112 Υἰὸν
3528 3058 3743 3111 οὐδέπω

502 3192 673 3248 usque
705 3177 848 3231 diem
878 3172 1202 3228 audivimus.
1236 3168 1500 3224 Parvulas
1546 3166 1713 3231 enim,
1742 3164 1936 3234 inquit,
1967 3180 2066 3217 na-

2172 3151 2265 3204 καὶ
2290 3152 2529 3225 τήμερον
2552 3151 2887 3223 ἀκηκόαμεν
2920 3149 3167 3206 Παιδίον
3199 3149 3332 3219 πἰρ,
3367 3151 3553 3220 φησὶν,
3578 3150 3746 3220 ἐγεν-

502 3240 600 3323 ιιιέ
623 3277 696 3321 est
734 3266 881 3319 nobis
903 3279 921 3317 :
947 3262 1091 3330 ﬁlius
1128 3271 1176 3315 et
1219 3260 1376 3313 datus
1401 3266 1476 3311 est
1508 3256 1690 3320 nobis;
1718 3256 1881 3323 atque
1909 3267 2066 3308 voca-

2172 3240 2320 3309 νήθη
2341 3240 2516 3309 ἡμῖν’
2546 3241 2680 3307 υίὸς
2705 3242 2804 3294 καὶ
2824 3240 3001 3309 ἐδόθη
3035 3240 3206 3309 ἡμῖν’
3236 3240 3346 3311 (57)
3370 3241 3467 3294 καὶ
3497 3242 3749 3296 καλεῖται

2211 778 2371 832 ΕΥΝ.
2411 775 2664 846 Γέννημα
2692 772 2871 827 τοίνυν
2899 771 2992 827 τὸν
3021 772 3149 826 Υίὸν
3209 789 3417 843 φαμεν,
3450 773 3596 827 κατά
3631 773 3741 845 τὴν

2141 867 2251 922 τῶν
2301 866 2530 940 Γραφῶν
2575 862 2952 918 διδασκαλίαν
3003 861 3104 933 οὐχ
3144 861 3330 933 ἕτερον
3385 861 3484 933 μέν
3526 879 3580 916 τι
3630 862 3743 935 τὴν

2142 959 2329 1014 οὐσίαν
2369 954 2645 1022 νοοῦντες,
2678 955 2863 1026 ἕτερον
2891 953 2949 1008 δέ
2979 966 3033 1007 τι
3078 955 3209 1025 παρ’
3237 953 3407 1023 αὐτὴν
3428 953 3490 1007 τὸ
3518 970 3743 1025 σημαι-

2144 1050 2385 1120 νόμενον,
2417 1046 2533 1100 ἀλλ’
2569 1045 2739 1118 αὐτὴν
2783 1040 3045 1116 εἶναιτὴν
3076 1043 3394 1107 ὑπόστασιν,
3422 1045 3488 1115 ἦν
3521 1043 3744 1115 σημαί-

2145 1155 2226 1192 νει
2268 1136 2507 1208 τοῦνομα
2596 1132 3034 1205 ὲπαλτιθευούσης
3074 1136 3139 1204 τῇ
3191 1132 3350 1204 οὐσίᾳ
3397 1133 3496 1203 τῆς
3558 1149 3743 1205 προσ-

2146 1227 2399 1300 ηγορίας.

2219 1319 2367 1372 ΒΑΣ.
2402 1318 2512 1371 Καὶ
2562 1317 2620 1370 ὲν
2658 1314 2869 1379 τούτοις
2909 1315 3089 1368 τοίνυν
3134 1317 3201 1386 τῇ
3241 1315 3340 1385 μὲν
3366 1314 3598 1385 ἀληθείᾳ
3627 1332 3744 1384 φα-

2148 1409 2321 1482 νερῶς
2359 1410 2705 1481 διαμάχεται,
2757 1406 2936 1478 ἑαυτῷ
2965 1407 3023 1460 δὲ
3065 1407 3215 1478 ὅμως
3248 1407 3521 1462 ἀκόλουθα
3555 1408 3739 1475 λέγει.

2162 1505 2249 1567 Ὠς
2292 1503 2399 1577 γὰρ
2440 1504 2497 1555 ὲν
2523 1504 2637 1565 τοῖς
2688 1500 2800 1555 ἄνω
2840 1499 3020 1567 λόγοις
3054 1498 3116 1551 τὸ
3159 1498 3452 1569 ἀγέννητον
3495 1498 3591 1552 ἐπὶ
3636 1496 3743 1551 τοῦ

2151 1595 2286 1650 Θεοῦ
2315 1594 2425 1648 τῶν
2455 1594 2591 1648 ὅλων
2617 1592 2717 1663 τῆς
2745 1592 2932 1655 οὐσίας
2964 1590 3130 1645 αὐτοῦ
3158 1589 3439 1661 διωρίζετο
3460 1585 3601 1643 εἶναι
3629 1607 3742 1660 ση-

503 3370 591 3413 tnr
639 3371 833 3412 nomen
885 3355 1022 3422 ejus,
1062 3367 1166 3406 non
1211 3350 1479 3421 genitura,
1518 3347 1611 3403 sed
1642 3345 1828 3415 Magni
1860 3344 2066 3400 consilii

2172 3333 2227 3386 τὸ
2255 3333 2425 3403 ὄνομα
2464 3332 2628 3386 αὑτοῦ
2658 3333 2780 3404 οὐχὶ
2818 3333 3082 3404 γέννημα,
3133 3331 3269 3385 ἀλλά
3291 3331 3576 3401 Μεγάλης
3598 3334 3748 3397 ,βου-

2167 3423 2284 3493 λῆς
2304 3425 2576 3496 ἄγγελος.
2601 3424 2791 3479 Καίτοι
2813 3424 2971 3495 εἴπερ
2988 3422 3048 3476 τὸ
3068 3422 3314 3493 γέννημα
3331 3422 3519 3486 οὐσίας
3531 3424 3746 3494 ὑπῆρχε

2170 3532 2236 3588 ση
2247 3514 2520 3587 μαντικὸν,
2541 3514 2642 3567 οὐκ
2665 3512 2730 3567 ἂν
2751 3513 2935 3586 ἕτερον
2948 3512 3119 3584 ὄνομα
3143 3512 3295 3584 παρὰ
3312 3510 3407 3565 τοῦ
3423 3512 3567 3567 Πνεύ
3576 3530 3748 3584 ματος

2167 3606 2558 3678 ἐδιδάχθημεν,
2598 3605 2633 3675 ἢ
2694 3605 2831 3674 ὅπερ
2875 3602 3136 3674 ἐμφανῶς
3184 3601 3283 3674 τὴν
3333 3601 3520 3654 οὐσίαν
3577 3603 3747 3655 αὐτοῦ

2165 3699 2441 3771 ’παριστᾷν
2471 3695 2682 3767 ἔμελλε.
2717 3696 2829 3749 Καὶ
2852 3695 3011 3749 πάλιν
3030 3696 3063 3750 ό
3084 3694 3310 3766 Πέτρος,
3346 3695 3376 3747 ό
3403 3693 3491 3747 διὰ
3521 3695 3620 3766 τὴν
3646 3695 3748 3765 τῆς

2171 3789 2428 3860 ἀληθείας
2449 3788 2745 3856 ἐπίγνωσιν
2777 3785 2885 3839 τῶν
2920 3785 3285 3857 μακαρισμῶν
3324 3784 3546 3841 ἐκείνων
3578 3786 3742 3849 ἀξιω-

2164 3882 2307 3946 θεὶς,
2335 3882 2437 3934 οὐκ
2480 3876 2634 3944 εἶπε,
2673 3879 2746 3932 Σὺ
2786 3875 2838 3932 εἴ
2884 3879 2945 3932 τὸ
2989 3878 3267 3949 γέννημα·
3312 3877 3469 3943 ἀλλὰ,
3501 3878 3586 3932 Σὺ
3621 3874 3679 3931 εἴ
3711 3880 3748 3931 ὀ

2170 3973 2428 4045 Χριστὸς
2444 3975 2476 4027 ὁ
2495 3972 2626 4037 Υἱὸς
2647 3971 2754 4026 τοῦ
2781 3971 2926 4026 Θεοῦ
2949 3971 3053 4024 τοῦ
3080 3968 3310 4036 ζῶντος.
3336 3970 3447 4025 Καὶ
3469 3973 3496 4024 ό
3514 3969 3742 4033 Παῦλος,

2169 4070 2356 4122 πᾶσαν
2388 4065 2554 4120 αὑτοῦ
2589 4065 2684 4136 τὴν
2715 4064 2932 4136 γραφὴν
2957 4063 3057 4133 τῆς
3084 4061 3178 4116 τοῦ
3215 4061 3342 4115 Υἱοῦ
3377 4062 3747 4133 προσηγορίας

2176 4158 2635 4231 καταπληρώσας,
2663 4157 2898 4227 οὐδαμοῦ
2931 4157 3230 4227 φανήσεται
3254 4156 3588 4225 γεννήματος
3611 4170 3747 4224 μνη-

2174 4251 2477 4325 μονεύσας·
2501 4251 2638 4320 ὅπερ
2676 4248 2787 4319 (58)
2820 4242 2971 4310 οὗτος
3001 4250 3067 4300 ἐκ
3108 4246 3311 4317 πολλῆς
3349 4246 3449 4318 τῆς
3484 4243 3749 4315 ιιιτετιτιοιθή⁸

2181 4361 2338 4407 σεως,
2370 4342 2446 4405 ὡς
2475 4344 2540 4395 ὲκ
2570 4340 2663 4393 τοῦ
2685 4339 2828 4393 θείου
2858 4336 3033 4391 λαϐὼν
3059 4337 3399 4391 διδασκαλίου
3433 4336 3566 4405 (59),
3612 4353 3748 4406 προ-

501 3450 714 3521 angelus
735 3449 801 3506 ³⁰.
833 3446 993 3515 Atqui
1031 3445 1074 3499 si
1108 3443 1355 3514 genitura
1403 3438 1763 3495 substantiam
1795 3435 2072 3505 signiﬁca-

504 3555 606 3612 ret,
640 3558 747 3597 non
782 3540 926 3595 aliud
958 3536 1200 3608 profecto
1241 3547 1437 3590 nomen
1466 3547 1566 3587 nos
1595 3529 1872 3586 docuisset
1895 3528 2070 3598 Spiri-

504 3649 613 3701 tus,
636 3649 796 3707 quam
838 3632 982 3703 quod
1021 3630 1377 3685 substantiam
1421 3625 1540 3695 ejus
1584 3623 1763 3693 palam
1792 3620 2073 3676 declarare

505 3735 705 3794 posset.
735 3724 798 3777 Et
830 3735 1068 3783 rursum,
1097 3718 1286 3773 Petrus
1324 3716 1418 3785 qui
1463 3715 1535 3769 ob
1561 3713 1806 3769 veritatis
1845 3711 2069 3782 agnitio-

504 3833 627 3873 nem
682 3816 791 3869 illis
841 3812 1117 3868 beatilatis
1162 3807 1490 3864 testimoniis
1529 3807 1783 3875 dignatus
1835 3811 1937 3868 est,
1967 3818 2073 3856 non

505 3910 658 3975 dixit,
685 3906 764 3960 Tu
809 3921 867 3960 es
909 3903 1188 3975 genitura:
1232 3902 1325 3956 sed
1358 3917 1373 3954 :
1407 3899 1487 3953 Tu
1519 3915 1573 3953 es
1629 3897 1868 3952 Christus
1902 3894 2074 3949 Filius

510 4000 602 4052 Dei
631 3998 807 4052 viai“.
844 3996 981 4062 Quin
1004 4003 1058 4049 et
1089 3993 1309 4055 Paulus,
1344 3991 1560 4046 etiamsi
1586 3990 1768 4044 omnia
1801 4003 1897 4043 sua
1931 3985 2075 4041 scri-

505 4100 594 4158 pta
641 4088 763 4142 Filii
809 4085 1169 4155 appellatione
1219 4082 1543 4151 impleverit,
1570 4093 1843 4148 nusquam
1891 4087 2073 4131 tamen

506 4179 768 4248 genitura:
802 4175 1127 4229 mentionem
1181 4173 1377 4227 fecisse
1426 4173 1765 4241 reperietur:
1793 4169 1934 4238 quod
1976 4184 2076 4223 uo-

509 4282 630 4321 men
654 4267 743 4320 hic
780 4265 891 4330 ille,
923 4272 1179 4332 tanquam
1207 4262 1250 4315 si
1285 4260 1410 4316 illud
1435 4275 1501 4314 ex
1535 4259 1717 4314 divino
1748 4259 2078 4313 documento

509 4357 828 4426 accepisset,
862 4336 1183 4410 conﬁdentia
1212 4353 1377 4407 multa
1412 4350 1643 4421 profert.
1676 4348 1788 4405 Nec
1813 4349 1957 4403 enim
1991 4347 2079 4401 hic

510 4451 559 4505 ei
590 4448 1006 4518 permittendum
1034 4454 1232 4512 est,ut,
1262 4458 1413 4506 voce,
1443 4443 1647 4514 genuit,
1677 4454 1796 4511 quae
1823 4438 1889 4493 de
1914 4435 2066 4491 Patre

2182 4436 2358 4506 φέρει.
2422 4433 2554 4486 Οὐδὲ
2581 4432 2689 4502 γὰρ
2721 4429 2956 4485 ἐνταῦθα
3000 4428 3379 4500 συγχωρητέον
3412 4426 3589 4498 αὐτῷ,
3622 4428 3745 4497 τὴν,

510 4540 727 4604 dicitur,
771 4545 1128 4592 transmutata
1158 4549 1221 4588 ac
1262 4531 1670 4595 transformata,
1705 4527 1937 4599 appellet
1981 4525 2070 4580 Dei

509 4631 706 4688 Filium
757 4633 1077 4702 genituram.
1127 4627 1239 4682 Non
1283 4625 1427 4681 enim
1475 4622 1729 4677 convenit
1787 4630 1845 4675 ut
1889 4621 1935 4674 is
1978 4617 2072 4688 qui

508 4725 692 4780 divino
722 4723 915 4777 timore
933 4720 1176 4777 eruditus
1213 4725 1315 4780 est,
1347 4716 1399 4769 in
1432 4716 1483 4769 id
1512 4712 1650 4783 quod
1688 4728 1752 4767 ex
1780 4710 2070 4766 verborum

506 4813 891 4868 consecutione
934 4808 1264 4879 apparuerit,
1313 4805 1472 4859 facile
1515 4802 1827 4858 transiliat:
1860 4799 1954 4855 sed
2009 4808 2071 4853 ut

579 4947 749 5003 “lsa.
775 4963 854 5012 ιι,
887 4945 940 5001 6.
1017 4944 1060 4977 ’ί
1094 4943 1280 4998 Matth.
1312 4955 1421 5007 xvt,
1457 4939 1550 4995 16.

511 5069 740 5124 faciente
777 5063 1289 5138 cognationem.___Ex
1318 5062 1534 5138 QII(_)___f_ll
1560 5068 1618 5113 ut
1644 5059 1839 5138 cuique
1880 5071 2065 5138 prom-

551 5153 661 5193 tum
718 5140 789 5194 sit
829 5125 884 5192 εἰ
912 5136 1069 5190 facile
1103 5125 1373 5203 colligere,
1396 5130 1614 5203 Filium.
1661 5130 1707 5203 si
1739 5125 1946 5203 factura
1964 5125 2067 5203 _sit,

554 5211 655 5263 atri
668 5207 943 5279 aequalem
969 5221 1074 5279 non
1099 5197 1263 5259 esse?
1303 5203 1357 5257 id
1381 5201 1523 5271 quod
1547 5200 1599 5253 in
1628 5200 1818 5269 primis
1845 5197 2072 5251 suadere

510 5275 809 5334 conabatur
844 5275 1156 5331 Eunomius.

484 5379 490 5385 -
579 5349 690 5423 ('55)
732 5348 911 5423 Gpdex
937 5345 1090 5400 Colb.
1118 5341 1304 5396 οὐσίαν
1348 5339 1441 5394 τοῦ
1480 5337 1615 5392 Θεοῦ
1659 5336 1964 5409 σημαίνειν,
2002 5350 2082 5388 es-

507 5418 726 5473 umta’m
758 5418 875 5472 Dei.

579 5490 689 5557 (56)
722 5490 812 5542 Sic
843 5500 971 5540 mss.
997 5486 1191 5557 nostri.
1218 5480 1576 5557 Articulus‘in
1606 5479 1766 5557 editis
1789 5479 1998 5557 dﬂeerat.

580 5544 691 5627 ἐστ)
719 5557 859 5627 Editi
883 5570 1004 5627 cum
1040 5553 1171 5627 Reg.
1203 5554 1376 5627 primo
1415 5549 1567 5627 έδόθη
1598 5551 1748 5620 ἡμῖν,
1783 5544 2067 5627 οὖήἀρχὴ

510 5626 602 5679 ἐπὶ
642 5620 735 5679 τοῦ
772 5625 923 5696 ὤμου
945 5620 1143 5688 αὐτοῦ,
1176 5623 1347 5696 cujus_
1365 5623 1684 5696 principatus
1711 5620 2069 5696 superfluum-

511 5711 625 5749 nun
663 5695 795 5764 ejus.
822 5685 942 5751 'Sed
975 5696 1056 5749 ba:
1085 5685 1264 5760 voces,
1292 5686 1353 5745 οὗ
1399 5691 1433 5759 ἡ
1479 5685 1619 5758 ἀρχὴ
1669 5685 1892 5741 ὲπίτοῦ
1920 5685 2069 5754 ὤμου

2169 4527 2480 4595 ἐγέννησε,
2519 4523 2700 4596 φωνὴν
2751 4523 2843 4578 ἐπὶ
2883 4521 2978 4575 τοῦ
3017 4522 3233 4594 Πατρὸς
3275 4520 3533 4591 κειμένην
3578 4536 3747 4591 μετα-

2176 4636 2274 4690 σχη
2285 4617 2559 4687 ματίζοντι
2585 4618 2680 4669 καὶ
2709 4613 3163 4686 μεταπλάσσοντι,
3198 4612 3445 4682 γέννημα
3477 4624 3751 4682 προσαγο-

2175 4712 2350 4781 ρεὺειν
2367 4708 2455 4762 τὸν
2472 4706 2598 4761 Υἱὸν
2611 4705 2703 4760 τοῦ
2716 4705 2869 4759 Θεοῦ.
2885 4705 2958 4759 Οὐ
2977 4705 3085 4777 γὰρ
3094 4705 3231 4776 ὅπερ
3246 4703 3335 4774 (40
3341 4710 3357 4770 )
3374 4702 3439 4757 ἂν
3454 4705 3517 4756 ἐκ
3528 4702 3627 4772 τῆς
3639 4700 3752 4753 τῶν

2172 4800 2431 4872 ῥημάτων
2461 4796 2780 4861 ἀκολουθίας
2826 4796 3190 4867 ὑποφαῑνηται
3216 4793 3453 4857 εὐκόλως
3482 4792 3753 4863 ἐπιπηδᾷν

2175 5038 2367 5114 αὐτοῦ,
2395 5052 2590 5106 desunt
2641 5049 2697 5102 in
2728 5044 3131 5115 antiquioribus
3174 5040 3469 5115 codicibus,
3518 5051 3617 5091 nec
3656 5050 3753 5090 eas

2180 5113 2581 5197 agnovitvetus
2631 5113 3135 5197 interpres._9uare
3176 5113 3423 5181 suspicor
3460 5120 3753 5197 purnmpn-

2181 5184 2290 5252 tu’m
2320 5193 2746 5247 additamentum
2775 5184 2899 5241 esse
2930 5184 3275 5252 librariorqu
3317 5197 3332 5235 :
3362 5192 3535 5246 eoque
3558 5184 3751 5252 magis,

2179 5245 2501 5336 adiutrices
2534 5258 2831 5328 peregrinae
2855 5254 2906 5309 in
2939 5251 3077 5323 Reg.
3103 5251 3279 5321 primo
3313 5264 3417 5305 non
3445 5245 3567 5300 raro
3599 5245 3751 5300 iuve-

2182 5345 2773 5473 ωἷὲθιῖΐζοπερηᾳαοά
2788 5410 3005 5473 _no_men,
3033 5392 3292 5473 genitum
3316 5390 3539 5473 scilicet.

2251 5463 2363 5547 (39)
2397 5463 2957 5547 ΕιΙίίΓδιβὸιςικαλείου,
2985 5479 3050 5516 ex
3074 5464 3253 5547 dii-ina
3276 5463 3475 5547 sfﬁola,
3509 5467 3757 5547 non-rna-

2178 5530 2271 5600 le.‘
2298 5530 2369 5598 At
2409 5557 2539 5596 mss.
2573 5539 2811 5609 plerique
2848 5548 3036 5588 omnes
3076 5531 3441 5596 διδασκαλίου,
3478 5545 3542 5585 ex
3575 5530 3755 5579 diuina

2179 5617 2439 5669 doctrina.

2252 5683 2365 5753 (40)
2391 5680 2570 5736 Codex
2613 5692 2751 5733 unus
2783 5674 2917 5730 Οὐδὲ
2948 5672 3057 5745 γὰρ
3093 5674 3250 5741 ὅπερ.
