4016 6220
264 302 370 359 585

1395 300 1774 359 ADVERSUS
1807 303 2175 362 EUNOMIUM
2218 306 2345 361 LlB.
2385 303 2447 362 11.

3414 308 3517 367 586

253 417 432 486 τούτῳ
458 415 547 468 τόν
569 431 631 482 γε
657 413 734 485 τῷ
762 414 890 486 θείῳ
917 415 1065 486 φόϐῳ
1094 419 1525 490 πεπαιδευμένον
1553 425 1830 494 προσήκει,

1947 434 2236 482 contentus
2276 426 2348 482 sit
2406 424 2622 480 usitatis
2653 425 2705 480 in
2755 422 3034 495 Scriptura
3075 427 3402 493 nominibus,
3459 431 3513 484 in

257 505 371 559 ἀλλ’
401 507 642 577 ἀγαπᾷν,
686 509 796 570 τοῖς
838 507 897 558 ὲν
934 509 999 577 τῇ
1044 508 1232 579 Γραφῇ
1278 509 1553 579 κειμένοις
1580 511 1837 581 ὀνόμασιν

258 597 620 669 ἐπιμένοντα,
659 597 748 651 διὰ
792 598 997 652 τούτων
1045 598 1365 670 θεοπρεπῶς
1405 601 1502 670 τὴν
1529 602 1836 672 δοξολογίαν

256 687 626 758 ἀποπληροῦν.
680 689 744 742 Εί
779 689 889 760 γὰρ
923 690 971 741 οἱ
1009 687 1068 754 ἑξ
1091 690 1268 760 ἀρχῆς
1288 692 1386 761 τὴν
1426 691 1692 763 Ἑϐραίων
1716 693 1834 748 διά-

257 777 442 831 λεκτον
476 781 556 843 είς
585 781 683 852 τὴν
720 781 944 836 Ἐλλάδα
967 782 1218 851 γλῶσσαν
1246 782 1642 853 μεταϐαλόντες
1671 785 1833 839 τινῶν

255 870 534 942 ὀνομάτων
563 873 662 945 τῆς
688 875 983 948 ἑρμηνείας
1035 877 1095 929 οὑ
1125 876 1558 948 κατετόλμησαν,
1591 877 1706 932 ἀλλ’
1737 880 1834 932 αὐ-

255 963 351 1033 τὴν
377 963 475 1035 τὴν
511 963 804 1037 Ἐϐραῖκὴν
842 967 1024 1038 φωνὴν
1072 968 1184 1038 (41)
1236 971 1629 1040 μετεκόμισαν·
1671 971 1747 1034 ὡς
1773 972 1834 1026 τὸ

257 1054 506 1123 Σαϐαὼθ,
541 1058 635 1110 καὶ
679 1058 739 1110 τὸ
799 1059 1043 1125 Ἀδωναῒ,
1092 1063 1185 1115 καὶ
1223 1065 1285 1115 τὸ
1335 1063 1511 1128 Ἐλωῗ,
1555 1066 1649 1118 καὶ
1693 1066 1744 1118 εἴ
1781 1085 1832 1120 τι

253 1146 511 1213 τοιοῦτον,
538 1149 637 1202 οὐκ
655 1151 747 1202 ἐπὶ
769 1149 875 1204 τῶν
895 1151 1055 1205 θείων
1071 1153 1350 1224 ὀνομάτων
1375 1156 1554 1226 μόνον,
1579 1157 1713 1211 ἀλλὰ
1741 1160 1834 1213 καὶ

256 1240 349 1293 ἐπὶ
384 1240 558 1294 ἄλλων
590 1242 849 1296 πλειόνων
876 1243 975 1314 τὴν
998 1245 1284 1300 εὐλάϐειαν
1307 1248 1512 1320 ταύτην
1531 1252 1832 1306 ἐπιδεικνύ-

258 1351 440 1403 μενοι·
469 1336 642 1390 πόσον·
665 1337 787 1390 τινὰ
808 1339 1085 1408 προσῆκεν
1113 1342 1264 1410 ἡμᾶς
1301 1343 1430 1416 περὶ
1460 1343 1568 1396 τῶν
1595 1343 1689 1397 τοῦ
1729 1346 1833 1398 Κυ-

259 1425 374 1495 ρίου
407 1428 685 1499 ὀνομάτων
711 1429 802 1481 τὺν
837 1429 999 1498 φόϐον
1033 1431 1211 1501 ἕχειν;
1242 1433 1434 1487 Καίτοι
1464 1435 1595 1488 πότε
1627 1437 1737 1507 (42)
1764 1436 1831 1490 ἂν

255 1518 430 1570 ἐκεῖνο
477 1518 709 1591 [ἐκεῖνα]
749 1522 879 1592 παρ’
915 1523 1124 1577 ἑαυτῶν
1157 1542 1282 1578 τινα
1323 1525 1524 1580 πλάσαι
1558 1529 1668 1582 τῶν
1713 1531 1830 1582 ὀνο-

1942 516 2119 587 iisque
2150 526 2484 587 permaneat,
2515 527 2570 572 et
2611 532 2707 586 per
2733 519 2867 586 ipsa,
2895 527 2954 571 ut
2990 518 3154 573 Deum
3193 519 3371 585 decet,
3395 521 3510 590 glo-

1943 607 2300 662 rilicationem
2337 609 2628 678 persolvat.
2664 608 2800 662 Nam
2822 610 2866 664 si
2903 609 2956 663 hi
2982 610 3070 678 qui
3097 609 3250 664 initio
3280 610 3527 666 llebrai-.

1940 713 2060 754 eam
2106 698 2345 768 linguam
2394 700 2448 752 in
2507 697 2749 755 Grzecam
2832 707 3239 764 converterunt,
3295 701 3509 754 nomina

1941 788 2188 858 quaedam
2217 789 2565 858 interpretari
2610 789 2728 842 ausi
2764 802 2868 842 non
2900 797 3045 853 sunt,
3075 789 3168 844 sed
3200 789 3368 858 ipsam
3403 787 3511 843 He-

1943 882 2184 937 braicam
2234 896 2420 936 vocem
2479 881 2785 944 retinuere,
2850 890 2909 935 ut
2960 881 3218 946 Sabaoth,
3281 881 3510 947 Adonai,

1943 973 2082 1040 Eloi,
2111 983 2166 1030 et
2199 974 2244 1028 si
2280 973 2410 1043 quid
2447 972 2711 1040 ejusmodi
2756 981 2860 1036 est,
2886 987 2990 1026 non
3021 973 3072 1026 in
3105 973 3301 1027 divinis
3339 973 3508 1028 solum

1944 1065 2279 1130 nominibus,
2322 1065 2415 1120 sed
2451 1066 2503 1118 in
2547 1064 2671 1120 aliis
2711 1065 2875 1119 etiam
2907 1065 3148 1134 pluribus
3193 1065 3330 1119 hanc
3363 1079 3509 1119 reve-

1945 1158 2177 1214 rentiam
2221 1159 2600 1222 ostendentes;
2649 1167 2909 1226 quantum
2963 1156 3119 1210 decet
3169 1172 3268 1210 nos
3311 1156 3510 1211 habere

1947 1255 2195 1308 timorem
2227 1252 2368 1306 circa
2404 1252 2623 1304 nomina
2653 1249 2860 1304 Domini
2885 1249 2907 1302 i
2939 1249 3164 1316 Quando
3186 1258 3364 1302 autem
3390 1261 3510 1303 sus-

1941 1345 2226 1401 tiuuissent
2265 1343 2341 1398 illi
2377 1357 2407 1397 a
2437 1342 2628 1411 seipsis
2659 1341 2911 1396 nonnulla
2935 1342 3150 1397 nomina
3178 1340 3508 1410 contingere,

1939 1439 2028 1509 qui
2054 1451 2120 1491 ne
2160 1435 2506 1504 interpretari
2537 1434 2753 1503 quidem
2789 1434 2903 1488 ausi
2937 1443 3064 1488 sunt
3092 1433 3292 1501 aliqua,
3317 1446 3384 1486 ne
3410 1446 3508 1484 ex-

1939 1527 2239 1598 pressionis
2269 1525 2717 1595 perspicuitatem
2749 1524 2932 1593 inepto
2963 1522 3270 1592 signiﬁcatu
3311 1520 3509 1577 debili-

257 1609 444 1678 μάτων
485 1611 793 1683 ἠνέσχοντο,
845 1614 958 1682 οἵγε
1007 1615 1139 1686 μηδὲ
1188 1617 1286 1686 τῆς
1328 1619 1624 1690 ἑρμηνείας
1675 1623 1836 1675 τινῶν
1868 1624 1908 1678 Β
1942 1618 2161 1675 tarenti

254 1699 766 1773 καταθαῤῥήσαντες
784 1743 797 1766 ,
825 1703 898 1766 ὡς
925 1703 989 1758 ἂν
1016 1704 1089 1776 μὴ
1116 1707 1178 1759 τὸ
1203 1709 1432 1779 ἐναργὲς
1455 1710 1555 1781 τῆς
1570 1713 1857 1782 ἐμφάσεως
1886 1711 1962 1784 τῷ
1984 1708 2338 1780 ἁκαταλλήλῳ
2365 1707 2474 1760 τῶν
2496 1705 2906 1777 σημαινομένων
2939 1703 3250 1769 ἑκλύσειανς

323 1819 376 1874 8.
427 1820 566 1873 ’Ᾱλλ’
589 1823 637 1874 εί
663 1821 942 1894 ἐγέννησε,
989 1825 1152 1895 φησιν
1172 1865 1186 1889 ,
1213 1827 1241 1878 ὀ
1279 1825 1441 1892 Θεὸς,
1475 1827 1596 1892 πῶς
1639 1829 1699 1882 ού
1726 1831 1830 1902 χρὴ

251 1911 343 1963 τὸν
375 1912 701 1982 γεννηθέντα
728 1915 1154 1985 προσαγορεύειν
1186 1916 1429 1988 γέννημα
1457 1935 1472 1984 ;
1517 1919 1637 1971 Ὅτι
1674 1921 1833 1989 φοϐε-

255 2003 348 2073 ρὸν
371 2005 502 2074 ἡμῖν
545 2005 834 2076 ἡμετέροις
885 2007 1045 2059 αὐτὸν
1095 2008 1326 2078 ὀνόμασι,
1371 2015 1740 2080 προσφωνεῖν,
1789 2006 1833 2081 ᾧ

252 2097 544 2168 ἐχαρίσατο
583 2099 611 2151 ὁ
655 2098 787 2161 Θεὸς
820 2099 988 2169 ὄνομα
1021 2100 1081 2152 τὸ
1111 2101 1251 2171 ὑπὲρ
1305 2105 1412 2155 πᾶν
1455 2103 1642 2174 ὄνομα.
1699 2107 1831 2171 Υἱός

248 2204 364 2256 μου
395 2184 452 2242 εἷ
469 2189 571 2253 σὺ,
598 2191 782 2262 φησιν,
810 2192 924 2261 ἐγὼ
946 2193 1213 2262 σήμερον
1235 2195 1562 2265 γεγέννηκά
1583 2214 1667 2251 σε.
1698 2199 1833 2252 Καίέ

253 2295 333 2332 τοι
362 2280 780 2353 ἀκολουθότερον
801 2279 868 2355 ἦν
910 2287 1049 2339 κατὰ
1079 2286 1169 2339 τὸν
1205 2287 1410 2340 τούτων
1442 2287 1620 2356 λόγον,
1654 2290 1740 2344 διὰ
1772 2292 1833 2344 τὸ

252 2371 631 2442 γεγεννῆσθαι,
650 2373 890 2445 γέννημα
914 2378 1438 2449 προσαγορευθῆναι,
1457 2381 1550 2432 καὶ
1567 2381 1664 2451 οὐχ
1681 2381 1826 2436 Υἱόν·

251 2459 364 2512 ἁλλ’
394 2461 494 2514 οὐκ
545 2463 777 2534 εἴρηται.
844 2466 1043 2538 Διόπερ
1100 2469 1204 2539 χρὴ
1259 2468 1349 2521 τὸν
1389 2469 1494 2539 πρὸ
1538 2471 1832 2542 ὀφθαλμῶν

253 2550 442 2619 ἔχοντα
480 2553 540 2606 τὸ
562 2555 796 2625 Χριστοῦ
827 2556 937 2623 (4-5)
969 2557 1334 2629 δικαστήριον,
1372 2562 1465 2612 καὶ
1504 2561 1681 2615 εἰδότα
1710 2565 1833 2628 ὅσος

254 2647 282 2696 ὀ
306 2645 549 2710 κίνδυνος
571 2648 790 2715 ἀφελεῖν
820 2667 871 2702 τι
898 2651 929 2720 ἢ
965 2652 1279 2722 προσθεῖναι
1312 2659 1424 2718 τοῖς
1463 2657 1833 2729 παραδεδομέ-

257 2752 366 2798 νοις
399 2737 506 2789 ὑπὸ
529 2737 622 2790 τοῦ
647 2740 980 2811 Πνεύματος,
1018 2743 1091 2813 μὴ
1139 2745 1268 2816 παρ’
1310 2747 1503 2800 ἑαυτοῦ
1536 2747 1833 2820 φιλοτιμεῖ-

257 2823 378 2878 σθαι
445 2833 814 2900 καινοτομεῖν,
870 2833 1003 2888 ἀλλὰ
1080 2839 1192 2899 τοῖς
1261 2841 1834 2910 προκατηγγελμένοις

254 2918 405 2988 παρὰ
461 2919 571 2973 τῶν
625 2921 796 2990 ἁγίων
858 2925 1243 2996 ἑφησυχάζειν.
1297 2927 1363 2982 Ὃ
1418 2929 1596 2983 τοίνυν
1633 2931 1828 3007 οῦτεή

253 3008 405 3080 κοινὴ
456 3011 732 3083 συνήθεια,
767 3013 888 3069 οὔτε
911 3019 944 3088 ή
968 3017 1077 3071 τῶν
1102 3019 1141 3070 Γ
1146 3019 1333 3090 ραιρῶν
1367 3023 1563 3094 χρῆσις
1604 3025 1851 3095 παραδέο-

2006 1830 2060 1886 8.
2102 1829 2208 1884 Sed
2238 1828 2306 1894 si,
2336 1827 2530 1896 inquit,
2567 1825 2707 1880 Deus
2741 1825 2946 1895 genuit,
2974 1825 3244 1893 quomodo
3267 1837 3368 1893 par
3401 1839 3513 1880 non

1935 1931 2022 1977 est
2053 1921 2298 1992 genitum
2337 1919 2642 1989 genituram
2673 1915 2978 1985 appellare?
3007 1915 3143 1982 Quia
3176 1915 3511 1970 horrendum

1933 2022 2016 2068 est
2054 2012 2208 2067 nobis
2244 2025 2388 2076 eum,
2428 2008 2512 2062 cui
2564 2007 2790 2076 largitus
2835 2015 2917 2062 est
2951 2006 3094 2061 Deus
3136 2021 3331 2060 nomen
3366 2004 3512 2075 quod

1933 2115 2016 2157 est
2047 2116 2211 2170 super
2238 2114 2399 2153 omne
2433 2111 2626 2152 nomen
2652 2096 2717 2161 ³⁸,
2751 2097 3060 2152 nominibus
3089 2098 3291 2151 nostris
3319 2098 3508 2167 appel-

1934 2195 2064 2248 lare.
2100 2191 2274 2245 Filius
2303 2205 2446 2244 meus
2475 2205 2528 2242 es
2558 2197 2639 2254 tu,
2660 2187 2854 2256 inquit,
2880 2203 2972 2257 ego
3006 2186 3159 2240 hodie
3189 2187 3342 2258 genui
3375 2198 3423 2241 te
3438 2186 3506 2240 ³³.

1934 2284 2094 2352 Atqui
2122 2290 2240 2336 erat
2267 2280 2436 2349 magis
2472 2286 2902 2333 consentaneum
2935 2277 3233 2331 secundum
3279 2277 3506 2331 istorum

1935 2377 2224 2437 rationem,
2277 2383 2563 2442 propterea
2605 2370 2750 2440 quod
2812 2369 3027 2440 genitus
3064 2377 3165 2432 est,
3205 2370 3507 2437 genituram

1935 2467 2137 2533 vocari,
2181 2479 2286 2520 non
2344 2463 2573 2530 Filium;
2639 2473 2695 2515 at
2747 2475 3087 2530 nequaquam
3142 2459 3342 2514 dictum
3401 2467 3507 2512 est.

1933 2557 2170 2613 Proinde
2201 2563 2412 2625 oportet
2445 2570 2566 2609 eum
2591 2554 2681 2623 qui
2715 2551 2918 2608 Christi
2942 2550 3203 2622 judicium
3228 2551 3296 2605 ob
3323 2549 3510 2605 oculos

1934 2651 2097 2705 habet
2146 2647 2402 2716 novitque
2451 2662 2612 2717 quam
2672 2644 3036 2715 periculosum
3104 2644 3175 2700 sit
3231 2644 3508 2714 quidpiam

1933 2740 2256 2796 subtrahere
2309 2750 2402 2793 aut
2443 2737 2646 2792 addere
2693 2737 2762 2792 iis
2809 2751 2932 2806 quae
2981 2751 3011 2790 a
3050 2735 3254 2806 Spiritu
3309 2735 3510 2790 tradita

1933 2843 2081 2897 sunt,
2129 2847 2236 2886 non
2270 2831 2454 2886 conari
2489 2830 2784 2900 quidquam
2814 2843 2844 2883 a
2881 2829 3062 2899 seipse
3098 2829 3379 2892 innovare,
3414 2825 3509 2884 sed

1935 2927 1986 2981 in
2025 2926 2089 2982 iis
2135 2940 2256 2995 quae
2305 2924 2456 2994 prius
2485 2938 2514 2977 a
2549 2923 2750 2978 sanctis
2794 2922 3040 2976 nuntiata
3091 2931 3241 2988 sunt,
3289 2920 3516 2990 acquie-

1933 3032 2106 3074 scere.
2142 3017 2293 3085 Quod
2331 3015 2496 3087 igitur
2530 3031 2630 3070 nec
2677 3013 2985 3070 communis
3023 3013 3376 3078 consuetudo,
3407 3028 3509 3068 nec

251 3099 456 3165 δεκται,
515 3104 705 3158 τούτου
754 3109 1101 3181 κατατολμᾷν
1135 3110 1252 3174 πῶς
1293 3114 1414 3184 οὐχὶ
1457 3115 1557 3185 τῆς
1593 3117 1830 3190 ἐσχάτης

1935 3109 2342 3181 Scripturarum
2372 3123 2506 3164 usus
2538 3107 2786 3173 admisit;
2813 3107 2866 3162 id
2897 3100 3117 3169 audere,
3159 3121 3334 3161 nonne
3360 3121 3511 3161 sum-

251 3191 510 3258 ἀπονοίας
537 3197 686 3263 ἑστί;
717 3198 813 3263 Τίς
841 3200 952 3271 γὰρ
986 3203 1168 3276 πατὴρ
1195 3204 1226 3276 ἢ
1261 3207 1440 3278 μήτηρ
1469 3207 1714 3279 εὐμενῶς
1735 3214 1828 3264 καὶ

249 3285 474 3357 ἡμέρως
524 3289 661 3360 πρὸς
699 3291 789 3344 τὸν
831 3293 889 3360 ἐξ
935 3295 1099 3350 αὐτοῦ
1158 3298 1518 3369 διακείμενος,
1561 3303 1719 3371 ἀφεὶς
1767 3305 1831 3357 τὸ

252 3382 675 3452 προσαγορεύειν
731 3385 892 3440 αὑτὸν
947 3387 1056 3459 (Μ)
1106 3389 1219 3443 υἱὸν
1263 3390 1295 3462 ἢ
1346 3392 1552 3462 τέκνον,
1583 3393 1830 3466 γέννημα

249 3467 317 3522 ἂν
353 3474 669 3542 προσείποι;
712 3476 931 3532 Τέκνον
972 3480 1107 3552 γὰρ,
1148 3483 1332 3553 φησὶν,
1362 3483 1553 3553 ὕπαγε
1598 3488 1684 3552 εἰς
1722 3487 1830 3541 τὸν

250 3561 577 3630 ἀμπελῶνα
599 3584 611 3596 ·
645 3569 736 3620 καὶ
766 3569 1001 3642 ἀλλαχοῦ
1027 3588 1041 3604 ’
1101 3574 1162 3626 '0
1208 3574 1352 3641 Θεὸς
1391 3575 1600 3644 ὄψεται
1639 3578 1830 3644 ἑαυτῷ

249 3651 548 3718 πρόϐατον
575 3660 661 3722 εις
697 3659 962 3729 σφαγὴν,
992 3662 1234 3717 τέκνονο
1259 3664 1352 3718 καὶ
1384 3667 1545 3720 πάλιν
1569 3670 1596 3720 ὁ
1613 3669 1793 3723 Ἰσαάκ
1811 3685 1826 3700 ⁶

254 3739 349 3805 Τίς
362 3738 434 3806 εἷ,
452 3743 666 3799 τέκνον
681 3763 701 3811 ;
733 3749 844 3814 καὶ,
879 3749 993 3814 Υἱὲ,
1013 3751 1099 3820 μὴ
1133 3753 1242 3825 (45)
1272 3755 1536 3824 ὀλιγώρει
1561 3757 1830 3825 παιδείας

245 3833 468 3902 Κυρίου
489 3853 502 3866 ·
536 3840 649 3905 καὶ,
679 3840 808 3908 Υἱὸς
829 3843 1022 3912 σοφὸς
1046 3847 1351 3915 εὐφραίνει
1373 3849 1595 3917 πατέρα
1617 3868 1630 3880 θ
1656 3852 1748 3905 καὶ
1780 3853 1834 3906 εἴ

244 3943 296 3979 τι
327 3928 584 3984 τοιοῦτον.
620 3933 870 4004 Ούδαμοῦ
903 3935 958 3988 δὲ
999 3937 1244 4010 γέννημα
1289 3940 1381 3993 τὸν
1418 3941 1481 4008 ἑξ
1509 3943 1670 3995 αὑτοῦ
1701 3943 1830 3996 ἑκα-

247 4031 370 4078 στος
410 4019 726 4088 προσειπὼν
779 4024 1176 4081 ἐπιδείκνυται.⁹
1217 4030 1325 4083 Καὶ
1358 4032 1390 4102 ἡ
1434 4032 1586 4086 αἰτία
1613 4035 1822 4106 σαφής·

244 4107 326 4158 ὅτι
357 4109 385 4160 ό
415 4109 513 4179 μὲν
535 4112 646 4175 υίὸς
669 4114 762 4166 καὶ
791 4115 849 4168 τὸ
873 4117 1062 4171 τέκνον
1093 4119 1354 4191 ἐμψύχων
1392 4123 1528 4176 εἰσιν
1563 4124 1826 4195 ὀνόματα,

245 4200 307 4251 τὸ
348 4201 596 4274 γέννημα
644 4205 700 4258 δὲ
725 4208 784 4260 ού
828 4209 1065 4273 πάντως.
1122 4213 1375 4285 Γέννημα
1413 4216 1511 4286 μὲν
1536 4217 1643 4289 γὰρ
1676 4218 1830 4272 δύναρ

243 4306 332 4342 ται
367 4289 620 4358 λέγεσθαι
648 4296 741 4348 καὶ
783 4299 843 4350 τὸ
872 4300 978 4370 πρὸ
1028 4300 1123 4354 τοῦ
1153 4301 1574 4376 ἑξεικονισθῆναι
1614 4308 1671 4361 ἑν
1706 4313 1826 4375 ταῖς

243 4379 585 4450 ἀμϐλώσεσιν
611 4385 996 4459 ἐκϐαλλόμενον
1016 4409 1030 4422 ο
1059 4393 1117 4445 οὐ
1147 4393 1252 4466 μὴν
1279 4397 1369 4449 καὶ
1394 4397 1492 4469 τῆς
1515 4397 1607 4451 τοῦ
1631 4399 1820 4454 τέκνου

244 4472 616 4564 προσηγορίας
649 4475 798 4539 ἄξιον
837 4457 899 4532 τὸ
927 4457 1185 4536 τοιοῦτον.
1209 4457 1341 4540 ’Καὶ
1374 4457 1690 4562 γεννήματα
1721 4493 1818 4564 μὲν
1852 4457 1898 4512 D

241 4561 520 4656 οἱααρποὶ
552 4565 652 4635 τῆς
685 4568 808 4638 γῆς,
841 4571 1008 4624 τέκνα
1041 4572 1098 4625 δὲ
1143 4575 1315 4630 ταῦτα
1343 4579 1544 4634 οὐκέτι.
1584 4585 1666 4635 Οὐ
1707 4561 1817 4656 γάρ

237 4650 322 4718 μὴ
361 4655 495 4720 πίω,
534 4658 718 4727 φησὶν,
761 4660 831 4714 ἐκ
869 4663 976 4716 τοῦ
1010 4665 1378 4737 γεννήματος
1410 4672 1518 4741 τῆς
1541 4650 1814 4744 dictaei;

240 4744 481 4839 ταύτης.
523 4749 772 4815 Σπανίως
798 4753 855 4805 δὲ
890 4754 983 4808 ἐπὶ
1017 4756 1276 4829 ἐμψύχων
1302 4761 1401 4833 τὴν
1441 4757 1816 4839 προσηγορίαν

238 4834 442 4906 ταύτην
481 4839 930 4912 παραληφθεῖσαν
969 4845 1355 4922 εὕρομενμϐ).
1407 4834 1518 4910 κει
1559 4834 1704 4912 ὅπου.
1751 4877 1832 4930 γε,

307 5041 352 5072 ³³
383 5042 612 5114 Philipp.
642 5062 704 5109 ιι,
738 5050 791 5104 9.

879 5051 924 5082 ³³
956 5051 1096 5107 Psal.
1138 5070 1198 5117 ιι,
1229 5057 1278 5107 7.

240 5114 323 5167 ll.
404 5113 448 5144 ³⁸
473 5113 632 5171 Prov.
662 5135 717 5183 x,
755 5119 804 5174 1.

881 5121 926 5159 ³⁸
959 5121 1148 5180 Matth.
1178 5142 1328 5193 xxvi,
1351 5125 1442 5184 29.

309 5250 419 5334 (ιι)
453 5253 589 5334 ﬁditi
625 5270 753 5334 curn
775 5257 1450 5334 τιιῑηιιοιμιηεεζξέϐραῖκὴν
1475 5261 1808 5334 ἑκφὼνησιν.

235 5321 414 5404 Cogitur
454 5323 605 5404 99th,
637 5334 686 5404 et
720 5321 1638 5404 Reg.’iertinsfnepizxav'«pwvhv.

307 5391 418 5465 (te)
453 5392 590 5465 [alia
628 5396 771 5450 τότε.
801 5391 1026 5465 Ἁυιιηιιι
1061 5399 1180 5454 libri
1207 5391 1363 5455 πότεξ

443 5463 596 5544 _l:3tliti
627 5467 688 5518 τὸ
714 5467 807 5544 τοῦ
835 5463 1095 5544 Χριστοῦ.
1132 5470 1195 5524 At
1235 5489 1362 5544 mss.
1390 5473 1449 5527 τὸ
1483 5473 1739 5544 Χριστοῦ.

251 5533 641 5655 “ﬁtiliocem
676 5538 838 5592 αὐτόν
870 5533 934 5592 ex
972 5540 1146 5596 tribus
1178 5543 1458 5599 codicibus
1500 5533 1682 5614 Regiis
1714 5544 1808 5597 ad-

233 5619 490 5656 (IIIIIIIHIS.

307 5673 420 5743 (45)
450 5673 587 5729 Editi
744 5697 874 5752 μου.
914 5682 1025 5734 Vox
1062 5701 1171 5752 μου
1197 5685 1248 5736 in
1276 5695 1509 5752 quatuor
1551 5700 1684 5738 mss.
1720 5688 1813 5739 de-

230 5752 336 5806 est.
388 5760 482 5799 nec
527 5748 667 5811 apud
699 5748 836 5805 LXX
888 5748 1104 5813 quoque
1137 5748 1362 5818 legitur,
1397 5755 1552 5811 Prov.
1598 5771 1680 5816 ιιι,
1726 5757 1807 5809 it.

1935 3220 2035 3258 ma:
2070 3202 2359 3258 dementia
2381 3200 2506 3256 est?
2543 3200 2672 3266 Quis
2725 3199 2871 3254 enim
2918 3207 3074 3269 pater
3101 3209 3194 3252 aut
3241 3209 3435 3266 mater,
3462 3199 3506 3254 si

1931 3294 2189 3350 benevole
2214 3309 2276 3349 ac
2307 3293 2504 3350 blande
2527 3307 2652 3361 erga
2688 3306 2811 3346 eum
2850 3291 2942 3360 qui
2969 3306 3036 3345 ex
3075 3305 3134 3346 se
3175 3300 3279 3356 est,
3310 3290 3506 3346 allicia-

1934 3396 2040 3451 tur,
2068 3386 2270 3440 omisso
2301 3384 2395 3438 lilii
2437 3393 2532 3438 aut
2563 3383 2674 3437 nati
2730 3382 2971 3447 nomine,
3000 3382 3302 3452 genituram
3332 3382 3509 3450 ipsum

1931 3478 2242 3535 vocaverit?
2273 3477 2434 3542 Nate,
2475 3477 2642 3542 enim,
2691 3475 2889 3545 inquit,
2919 3477 3048 3528 vade
3104 3476 3161 3528 in
3214 3471 3503 3529 vineam“.

1931 3571 1997 3625 Et
2029 3571 2155 3625 alibi
2190 3587 2204 3624 :
2230 3569 2372 3624 Deus
2401 3567 2594 3623 videbit
2630 3584 2769 3622 ovem
2801 3568 2868 3621 ad
2895 3567 3184 3631 victimam,
3213 3565 3413 3619 nate”.
3443 3565 3510 3618 Et

1933 3679 2118 3720 rursus
2143 3663 2332 3719 Isaac:
2367 3661 2500 3728 Quis
2530 3679 2608 3728 es,
2647 3661 2865 3716 nate“?
2889 3660 2953 3714 Et
2983 3677 2996 3713 :
3026 3658 3191 3732 244
3225 3657 3357 3725 Fili,
3398 3659 3506 3712 noli

1931 3759 2190 3828 negligere
2225 3756 2558 3826 disciplinam
2599 3754 2812 3808 Domini
2835 3754 2900 3808 ³⁷.
2933 3753 2995 3807 Ει
3027 3769 3040 3804 :
3078 3751 3252 3806 Filius
3299 3753 3518 3822 sapiens.

1931 3852 2169 3920 lwti/icat
2223 3859 2426 3921 patrem
2448 3849 2514 3903 ³⁸.
2559 3847 2624 3902 Ει
2667 3847 2710 3902 si
2743 3847 2871 3916 quid
2925 3845 3068 3900 aliud
3121 3844 3238 3914 ejus
3269 3844 3502 3915 generis.

1930 3944 2099 3999 Nemo
2156 3951 2333 3997 autem
2389 3956 2513 3996 eum
2568 3940 2661 4009 qui
2717 3953 2780 3992 ex
2848 3939 2964 4008 ipso
3028 3944 3148 4002 est,
3199 3937 3512 4006 genituram.

1931 4035 2228 4106 appellasse
2292 4048 2518 4104 usquam
2583 4031 2922 4103 perhibetur.
3007 4029 3072 4084 Et
3155 4039 3342 4100 aperte
3403 4028 3507 4083 hoc

1928 4139 2011 4184 est
2075 4141 2288 4192 causre,
2347 4126 2489 4196 quod
2545 4125 2686 4180 lilius
2743 4125 2961 4194 quidem
3017 4137 3080 4178 ac
3134 4132 3331 4188 natus,
3393 4119 3524 4174 aui-ﬁ

1929 4229 2197 4274 malorum
2250 4228 2377 4272 sunt
2416 4217 2653 4280 nomina,
2689 4217 2936 4286 genitura
2988 4222 3168 4268 autem
3230 4227 3336 4266 non
3372 4225 3516 4265 conm

1929 4311 2097 4365 tinuo.
2159 4308 2293 4362 Nam
2353 4307 2404 4360 id
2464 4306 2629 4381 etiam
2676 4306 2817 4375 quod
2862 4313 3150 4373 antequam
3201 4302 3509 4357 conforma-

1929 4412 2038 4457 tum
2093 4403 2184 4468 sit,
2238 4401 2290 4454 iu
2335 4398 2618 4453 abortibus
2667 4395 2904 4466 ejicitur,
2947 4396 3194 4466 genitura
3235 4390 3522 4447 nominari.

1928 4505 2124 4566 potest,
2161 4509 2259 4547 nec
2317 4503 2496 4547 tamen
2549 4492 2653 4545 hoc
2714 4492 2825 4544 nati
2874 4490 3239 4560 appellatione
3281 4489 3521 4557 dignum-.-

1926 4599 2028 4645 est.
2073 4588 2380 4655 Quinetiam
2433 4597 2594 4642 terra:
2645 4586 2854 4640 fructus
2905 4594 3174 4639 vocantur
3209 4582 3501 4650 geniturze,

1928 4684 2034 4736 nati
2067 4698 2172 4736 non
2209 4683 2358 4736 item.
2386 4679 2510 4734 Non
2539 4679 2682 4734 enim
2717 4679 2910 4740 bibam,
2937 4677 3132 4746 inquit,
3152 4676 3215 4730 de
3244 4675 3511 4745 genimine-

1927 4776 2048 4829 vitis
2089 4773 2250 4845 hujus
2274 4773 2513 4828 ’9.'Raro
2543 4787 2676 4827 vero
2703 4772 2756 4826 in
2786 4769 3228 4824 animatis-hanc
3265 4765 3505 4837 appella-

1926 4867 2128 4921 tionem
2157 4866 2454 4921 adhibitam
2489 4865 2818 4919 invenimus.
2844 4861 2911 4915 Et
2945 4870 3092 4916 certe
3125 4859 3215 4914 ubi
3245 4868 3511 4928 usurpata-

1360 5058 1411 5130 ff
1452 5059 1638 5116 Matth.
1675 5079 1789 5130 xxi,
1825 5069 1830 5116 Τ

1994 5065 2038 5095 ³⁵
2069 5063 2203 5120 Ceu.
2238 5078 2373 5128 χχιι,
2403 5061 2456 5116 8-.
2533 5061 2582 5093 ³⁶
2609 5059 2952 5125 Gen..xxvn,
2980 5057 3066 5112 18.
3144 5057 3188 5090 ³⁷
3215 5053 3378 5110 Prov.
3414 5069 3497 5119 ιιι,

1919 5267 2026 5323 Sed
2060 5277 2237 5323 tamen
2268 5283 2328 5322 ea
2355 5267 2674 5336 exprimitur
2700 5275 2753 5320 et
2789 5265 2840 5319 in
2869 5265 3119 5336 Vulgata,
3149 5264 3496 5336 Disciplinam

1921 5339 2154 5407 Domini,
2182 5338 2260 5407 ﬁli
2288 5343 2381 5400 mi,
2408 5334 2470 5390 ne
2505 5337 2746 5407 abjicias,
2784 5339 3013 5407 etapud
3054 5335 3302 5407 Paulum,
3331 5334 3494 5407 Hebr.

1919 5424 2016 5467 xu.
2053 5409 2107 5469 5,
2140 5404 2250 5461 Fili
2276 5409 2365 5472 mi,
2393 5407 2500 5460 noli
2541 5404 2797 5474 negligere
2828 5404 3162 5473 disciplinam
3191 5404 3422 5474 Domini.

1997 5479 2110 5550 (46)
2143 5477 2324 5550 Codex
2355 5477 2509 5550 εφη).
2533 5488 2588 5530 et
2609 5473 2744 5550 Vlieg.
2776 5477 2966 5550 tertius
3003 5476 3101 5550 ἐπὶ
3120 5473 3364 5546 ἐμψύχου
3397 5473 3497 5544 τὴν

1923 5543 2290 5620 πφσηγορίαν
2325 5547 2528 5620 ταύτην
2560 5543 3323 5620 μετᾳληφθεῖσανᾼεῢρομενί·
3372 5543 3496 5620 qui—

1921 5616 2021 5705 bus
2055 5616 2121 5673 in
2153 5616 2436 5675 codicibus
2487 5616 2586 5672 pro
2648 5616 2865 5688 εἴρηται
2923 5616 3185 5687 scriptum
3224 5617 3494 5670 invenitur

1919 5706 2166 5761 ευρηταμ
