4016 6220
304 304 410 361 589
1429 304 1796 364 ADVERSUS
1832 306 2206 365 EUNOMIUM
2244 309 2376 365 LIB.
2417 308 2482 365 II.
3441 304 3548 366 590

300 416 437 474 ἀλλά
477 414 647 488 μόνην
692 416 793 489 τὴν
837 416 973 487 πρὸς
1015 417 1201 489 ἕτερον
1255 416 1438 487 σχέσιν
1489 419 1882 491 ἀποσημαίνει,

2007 422 2362 478 iabitudinem
2417 429 2591 489 nutat,
2633 422 2687 478 id
2742 422 3107 480 substantiam
3159 435 3282 479 esse
3311 426 3546 493 sancire,

301 509 458 565 τοῦτο
487 509 673 563 οὑσίαν
705 506 843 564 εἶναι
876 509 1184 581 νομοθετεῖν
1231 511 1349 574 πῶς
1379 512 1438 564 οὑ
1489 513 1586 583 τῆς
1615 512 1879 566 ἀνωτάτω

2007 528 2047 565 ιη
2077 526 2183 567 non
2217 526 2443 568 summa!
2471 514 2724 568 amentiae
2750 512 2876 567 est?
2910 513 3074 583 Atqui
3106 513 3265 584 paulo
3298 517 3549 584 superius

303 602 684 675 παραπληξίας
716 602 864 668 tori;
898 602 1157 671 Καίτοιγε
1205 602 1398 674 μικρὸν
1432 602 1741 675 ἔμπροσθεν
1762 603 1876 672 (54)

2007 632 2012 664 ι
2042 609 2198 666 nobis
2214 609 2649 667 demonstratum
2681 620 2787 674 est,
2827 608 3072 665 absoluta
3102 609 3265 664 etiam
3303 612 3546 678 nomina,

304 694 575 748 ἐδείκνυτο
620 696 749 767 παρ’
782 694 960 766 ήμῶν,
1011 694 1094 747 ὅτι
1132 695 1227 748 καὶ
1258 695 1324 749 τά
1369 695 1744 766 ἀπολελυμένα
1771 697 1882 749 τῶν

304 784 601 856 ὀνομάτων,
630 784 732 838 κᾶν
759 784 828 839 τὰ
876 786 1113 857 μάλιστα
1140 786 1271 857 δοκῇ
1304 786 1665 857 ὑποκείμενόν
1696 803 1750 840 τι
1783 787 1881 857 δη-

306 875 452 941 λοῦν,
483 877 583 930 οὑκ
613 877 784 948 αὑτὴν
815 878 1114 950 παρίστησι
1139 878 1239 949 τὴν
1265 877 1473 942 οὑσίαν,
1525 876 1790 950 ἰδιώματα
1825 878 1883 932 δέ

307 985 427 1023 τινα
452 969 582 1037 περὶ
613 968 783 1038 αὑτὴν
809 969 1078 1041 ἀφορίζει.

380 1058 467 1116 10.
505 1058 642 1112 Ἀλλ’
684 1060 713 1113 ὁ
761 1058 1090 1129 σοφώτατος,
1142 1061 1238 1115 καὶ
1281 1063 1404 1125 ταῖς
1451 1063 1885 1134 ματαιοτεχνίαις

309 1150 524 1207 ἅπαντα
566 1151 658 1206 τὸν
691 1151 804 1222 βίον
835 1151 1169 1223 ὲσχολακὼς,
1208 1153 1308 1207 οὑκ
1343 1153 1568 1226 ἐρυθριᾷ
1593 1155 1765 1228 αὐτὴν
1788 1154 1888 1225 τὴν

309 1244 498 1298 οὐσίαν
524 1242 636 1316 (55)
662 1242 755 1297 τοῦ
789 1244 1123 1315 Μονογενοῦς
1156 1244 1442 1315 σημαίνειν
1479 1245 1652 1314 λέγων
1679 1245 1740 1299 τὸ
1765 1245 1889 1315 γέν-

311 1351 479 1405 νημα.
511 1332 682 1386 Τοῦτο
711 1333 767 1386 δὲ
795 1334 925 1403 ὅσην
952 1332 1049 1404 τὴν
1088 1333 1315 1387 ἀτοπίαν
1347 1332 1482 1405 ἔχει,
1518 1335 1793 1388 σκοπεῖτε.
1822 1335 1886 1387 Ei

311 1426 423 1498 γὰρ
449 1428 482 1498 ή
521 1426 681 1480 οὐσία
708 1425 975 1496 γέννημα,
1006 1424 1102 1479 καὶ
1134 1426 1421 1490 ἀνάπαλιν,
1457 1427 1511 1479 εί
1536 1443 1588 1479 τι
1622 1426 1888 1497 γέννημα,

313 1517 472 1572 τοῦτο
526 1518 719 1571 οὑσίαο
773 1516 1036 1588 ὁμοοὺσια
1085 1517 1155 1570 τά
1199 1518 1517 1588 γεννήματα
1566 1518 1744 1572 πάντα
1778 1518 1890 1587 (58)

315 1603 561 1674 ἀλλήλοις
591 1603 760 1657 ἔσται.
792 1603 886 1655 Ἐκ
906 1601 971 1674 δὴ
996 1602 1183 1655 τούτου
1200 1601 1252 1656 τί
1283 1602 1616 1674 συμϐήσεται
1641 1601 1780 1655 κατὰ
1801 1600 1891 1654 τὸν

1978 703 2192 758 etiamsi
2248 704 2484 759 maxime
2552 700 2855 771 subjectum
2926 704 3185 773 quiddam
3237 702 3549 775 signiﬁcare

1979 793 2286 862 videantur,
2320 810 2427 851 non
2459 804 2640 851 tamen
2672 795 3027 852 substantiam
3061 796 3229 866 ipsam
3269 796 3547 863 exhibere,

1982 886 2076 941 sed
2099 886 2459 957 proprietates
2487 885 2751 957 quasdam
2786 888 2931 943 circa
2967 888 3139 959 ipsam
3171 888 3473 957 designare.

2058 1063 2148 1119 10.
2191 1062 2296 1120 Sed
2331 1063 2763 1134 sapientissimus
2806 1067 2917 1132 ille,
2944 1068 3037 1138 qui
3073 1069 3125 1123 iu
3153 1069 3309 1124 vanis
3338 1054 3558 1123 artibus

1989 1153 2154 1208 vitam
2199 1162 2362 1208 totam
2395 1154 2750 1225 consumpsit,
2786 1156 2968 1211 dicere
2997 1171 3103 1211 non
3133 1156 3425 1219 erubescit,
3456 1170 3551 1224 ge-

1988 1245 2167 1300 nitura
2191 1245 2548 1299 substantiam
2575 1245 2744 1314 ipsam
2770 1243 3045 1315 Unigeniti
3069 1246 3380 1318 signiﬁcari.
3405 1245 3567 1311 Quod

1988 1349 2150 1405 quam
2202 1334 2496 1391 absurdum
2529 1335 2619 1401 sit,
2647 1350 2850 1406 quaeso,
2880 1336 3311 1392 animadvertite.
3343 1335 3566 1390 Etenim

1991 1428 2037 1482 si
2090 1427 2392 1483 substantia
2441 1426 2686 1498 genitura
2732 1428 2825 1494 sit,
2873 1437 2930 1483 et
2966 1429 3083 1485 vice
3130 1442 3307 1493 versa,
3336 1426 3381 1482 si
3413 1429 3559 1497 quod

1991 1516 2240 1586 genitura
2297 1524 2400 1578 est.
2443 1517 2549 1570 hoc
2597 1514 2898 1571 substantia
2943 1516 3035 1581 sit,
3077 1518 3340 1586 geniturae
3368 1529 3559 1571 omnes

1992 1613 2154 1661 erunt
2192 1607 2335 1660 inter
2374 1620 2432 1662 se
2472 1605 2985 1662 consubstantiales.
3020 1606 3158 1663 Hinc
3197 1607 3310 1677 jam
3367 1621 3573 1663 secun—

314 1693 505 1749 τοὺτου
548 1693 742 1763 λόγονς
804 1695 864 1747 Ὀ
906 1692 1237 1765 δημιουργὸς
1287 1693 1396 1747 τῶν
1436 1694 1574 1748 ὅλων
1607 1696 1741 1748 πᾶσι
1780 1696 1894 1757 τοῖς

2007 1698 2119 1752 ium
2174 1695 2334 1766 hujus
2384 1697 2645 1752 rationem
2691 1697 2819 1767 quid
2883 1697 3133 1755 eveniet?
3188 1697 3562 1768 Comperietur

315 1785 620 1855 γεννήσεως
660 1783 1008 1855 μετειληφόσι
1043 1785 1141 1856 τὴν
1172 1784 1344 1856 αὑτὴν
1376 1784 1515 1855 ἔχων
1546 1785 1734 1839 οὐσίαν
1761 1785 1892 1838 ἀνα-

2007 1787 2368 1843 miversormn
2395 1787 2584 1858 opifex
2611 1788 2859 1844 eamdem
2891 1803 3014 1844 cum
3045 1790 3296 1846 omnibus
3325 1803 3562 1862 genera-

318 1876 635 1947 φανήσεται.
673 1876 746 1929 Οὑ
776 1876 884 1949 γὰρ
906 1877 970 1949 δὴ
999 1877 1091 1930 ἐπὶ
1118 1876 1215 1947 μὲν
1241 1875 1337 1929 τοῦ
1362 1875 1494 1930 Υίοῦ
1523 1877 1710 1931 οὐσίαν
1734 1878 1894 1948 φήσει

320 1966 603 2039 σημαίνειν
629 1966 690 2019 τὸ
726 1965 995 2038 γέννημα,
1024 1966 1116 2019 ἐπὶ
1143 1966 1199 2018 δὲ
1242 1965 1348 2019 τῶν
1382 1966 1585 2019 λοιπῶν
1612 1966 1720 2019 τῶν
1764 1984 1899 2037 μετ-η

317 2059 549 2131 εχόντων
590 2059 859 2128 γενέσεως
902 2059 1085 2113 οὐκέτι
1125 2059 1222 2129 τὴν
1248 2059 1418 2131 αὑτὴν
1443 2060 1654 2113 ἔννοιαν
1683 2058 1898 2115 ἀποσώ-

320 2152 434 2216 ζειν
462 2153 594 2224 (57).
634 2152 787 2205 Ἐπεὶ
817 2153 1026 2221 λεγέτω
1054 2152 1175 2206 τινὰ
1202 2154 1383 2208 αἰτίαν
1426 2154 1570 2225 σαφῆ
1609 2153 1703 2208 καὶ
1736 2155 1899 2209 ἀναν-

318 2244 574 2316 τίρρητον
604 2244 701 2298 τοῦ
732 2245 830 2316 τὴν
858 2245 1025 2315 αὑτὴν
1054 2247 1426 2318 προσηγορίαν
1456 2246 1530 2318 μὴ
1563 2248 1657 2301 ἐπὶ
1681 2247 1898 2303 πάντων

320 2336 520 2407 ὁμοίως
546 2336 608 2390 τὸ
637 2337 749 2391 ίσον
781 2336 1057 2390 δύνασθαι.
1100 2337 1239 2389 Ἀλλ’
1273 2338 1371 2391 οὑκ
1394 2338 1459 2393 ἂν
1490 2338 1625 2410 ἔχοι.
1664 2342 1761 2394 Ὃν
1787 2341 1901 2413 γὰρ

321 2426 388 2480 ἂν
442 2428 707 2502 ἐπινοήσῃ
734 2426 845 2499 (58)
907 2429 1243 2499 γεννήματος
1296 2428 1474 2498 λόγον,
1528 2423 1682 2495 οὗτος
1737 2433 1900 2484 πᾶσιν

323 2517 524 2588 ὁμοίως
568 2520 682 2582 τοῖς
733 2522 1011 2588 γεννητοῖς
1053 2520 1373 2590 ἐφαρμόσει.
1412 2520 1685 2588 Μέγιστον
1717 2521 1774 2575 δὲ
1816 2540 1903 2575 τε-

326 2610 559 2680 κμήριον
594 2611 693 2680 τῆς
737 2608 993 2680 ἀληθείας
1038 2609 1134 2662 τοῦ
1180 2609 1338 2678 λόγου
1377 2612 1414 2681 ή
1456 2610 1620 2664 αὑτοῦ
1672 2612 1902 2667 ἑκάστου

327 2697 434 2750 τῶν
458 2698 764 2752 ἀκουόντων
787 2698 1014 2754 διάνοια.
1063 2699 1350 2770 Ἐρωτάτω
1382 2699 1492 2771 γὰρ
1519 2699 1748 2765 ἕκαστος
1774 2703 1902 2754 ἑαυ-

327 2791 440 2857 τὸν,
474 2790 694 2844 ἐπειδὰν
724 2789 930 2862 ἀκούσῃ
955 2789 1085 2861 (59),
1108 2790 1187 2863 ⁹Ὁ
1219 2790 1366 2844 δεῖνα
1398 2791 1489 2843 τοῦ
1522 2790 1692 2855 δεῖνος
1715 2792 1907 2863 γέννη-

333 2897 431 2951 μα,
470 2879 589 2933 τίνα
646 2877 851 2933 ἔννοιαν
887 2879 1229 2933 ὲντυποῦται.
1259 2875 1406 2951 τΑροι
1448 2881 1524 2933 ὅτι
1561 2881 1591 2932 ὀ
1629 2883 1916 2954 γεννηθεὶς.

329 2971 488 3024 οὑσία
528 2968 622 3023 τοῦ
662 2970 1050 3042 γεγεννηκότος
1075 2970 1257 3035 ὲστίν;
1303 2972 1374 3023 Ἢ
1410 2970 1567 3025 τοῦτο
1597 2972 1695 3042 μὲν
1733 2991 1917 3028 κατα-η

329 3061 610 3130 γέλαστον,
641 3063 817 3113 ἐκεῖνο
842 3060 898 3113 δὲ
926 3059 1142 3131 ἀληθὲς,
1173 3061 1255 3114 ὅτι
1285 3063 1411 3132 παρ’
1441 3061 1605 3115 αὑτοῦ
1634 3064 1908 3134 γεννητῶς

332 3156 412 3217 είς
444 3152 506 3207 τὸ
542 3149 695 3207 εἶναι
727 3151 1005 3223 παρήχθη.
1036 3152 1205 3205 Τοῦτο
1249 3152 1429 3205 τοίνυν
1469 3154 1671 3224 ὁμοίως
1709 3155 1801 3207 ὲπί
1845 3173 1905 3208 τε

333 3246 427 3299 τοῦ
455 3246 564 3317 (60)
595 3244 931 3314 Μονογενοῦς
973 3244 1068 3299 καὶ
1100 3246 1185 3313 ἐφ’
1225 3245 1533 3299 οὑτινοσοῦν
1578 3246 1686 3300 τῶν
1718 3264 1909 3321 γεννη-

337 3337 539 3391 θέντων
573 3336 804 3408 ἁρμόσει
835 3336 1106 3405 λέγεσθαι.
1137 3338 1249 3391 Καὶ
1279 3338 1464 3408 μηδεὶς
1496 3338 1707 3410 (ἐπειδὴ
1731 3339 1906 3393 κοινὸν

335 3426 398 3480 τὸ
420 3426 518 3496 τῆς
548 3426 804 3496 σχέσεως)
835 3426 1151 3499 καθαίρεσιν
1177 3424 1316 3482 εἶναι
1362 3431 1463 3499 τῆς
1496 3428 1650 3494 ἀξίας
1678 3430 1771 3482 τοῦ
1796 3432 1910 3484 Μο-

335 3516 586 3586 νογενοῦς
606 3518 891 3588 νομιζέτω.
919 3519 993 3571 υὺ
1026 3518 1133 3589 γὰρ
1161 3520 1219 3571 ἐν
1242 3517 1319 3588 τῷ
1347 3519 1484 3591 πρός
1526 3520 1577 3573 τί
1621 3538 1737 3584 πως
1766 3520 1908 3591 ἔχειν

340 3613 373 3680 ἡ
406 3609 638 3680 διαφορά
672 3609 750 3681 τῷ
780 3610 893 3681 Υἱῷ
925 3610 1060 3681 πρὸς
1092 3609 1159 3662 τὰ
1182 3610 1335 3675 ἄλλα,
1368 3612 1483 3665 ἀλλ’
1510 3614 1568 3665 ὲν
1592 3615 1659 3684 τῇ
1688 3613 1914 3683 ἰδιότητι

338 3701 436 3771 τῆς
469 3700 655 3763 οὐσίας
681 3701 713 3771 ἡ
742 3700 981 3771 ὑπεροχὴ
1009 3699 1101 3752 τοῦ
1145 3699 1278 3752 Θεοῦ
1320 3699 1457 3770 πρὸς
1485 3701 1554 3754 τὰ
1596 3700 1765 3772 θνητὰ
1793 3701 1909 3754 δια-

340 3793 608 3861 φαίνεται.
642 3794 899 3845 Σκοπεῖτε
944 3793 1124 3862 μέντοι
1151 3792 1251 3845 ποῦ
1279 3793 1375 3862 τῆς
1403 3792 1632 3854 ἀτοπίας
1656 3795 1684 3846 ὁ
1706 3793 1910 3848 τούτων

339 3884 495 3952 λόγος
526 3884 766 3953 ἐκφέρει.
797 3884 859 3936 Εἰ
888 3882 949 3936 τὸ
972 3883 1213 3953 γέννημα
1241 3883 1430 3953 ὲτὲρου
1473 3882 1689 3951 λέγεται
1721 3885 1912 3956 γέννη-

343 3992 439 4046 μα,
468 3975 543 4038 ὡς
563 3975 597 4045 ἥ
629 3992 687 4027 τε
713 3973 865 4045 κοινὴ
896 3973 1155 4044 συνήθεια
1179 3972 1403 4043 βεϐαιοῖ,
1436 3974 1531 4026 καὶ
1570 3974 1743 4039 οὐδεὶς
1786 3977 1912 4030 ἀντ-

340 4063 477 4131 ερεῖ,
499 4061 663 4114 ταυτὺ
685 4062 743 4115 δὲ
770 4062 929 4114 τοῦτο
961 4060 1055 4114 καὶ
1081 4060 1281 4114 ὲπὶτοῦ
1301 4061 1437 4114 Υίοῦ
1459 4064 1570 4130 (Gl)
1598 4063 1784 4117 οὑσίαν
1816 4082 1914 4136 σηο

347 4154 522 4222 μαίνει
554 4154 694 4207 κατά
720 4154 810 4208 τὸν
849 4154 1053 4207 τούτων
1086 4152 1272 4221 λόγον’
1301 4155 1510 4207 ἐκείνου
1554 4154 1703 4207 ἔσται
1735 4156 1910 4223 οὐσία,

342 4235 406 4299 οὗ
451 4244 545 4296 καὶ
580 4244 823 4315 γέννημα
850 4243 1091 4313 λέγεται.
1126 4246 1316 4297 Ἔσται
1350 4244 1528 4298 τοίνυν
1554 4248 1617 4299 ἐκ
1648 4247 1746 4316 τῆς
1785 4250 1914 4301 ἀκο-

344 4334 564 4398 λουθίας
586 4336 788 4407 ταύτης
822 4337 1005 4390 οὐκέτι
1042 4335 1137 4389 τοῦ
1163 4335 1502 4405 Μονογενοῦς
1524 4336 1623 4408 τὴν
1647 4339 1834 4391 οὑσίαν
1877 4341 1910 4411 ή

1997 1879 2198 1934 tionem
2253 1879 2709 1949 participantibus
2762 1880 3126 1936 substantiam
3171 1880 3397 1936 habere.
3452 1879 3569 1935 Nec

1995 1971 2140 2025 enim
2191 1970 2434 2025 dicturus
2461 1979 2546 2025 est
2577 1973 2883 2043 genituram
2934 1972 2990 2027 in
3026 1972 3166 2028 Filio
3206 1971 3572 2028 substantiam

1996 2060 2324 2132 signiﬁcare,
2357 2060 2410 2115 in
2452 2061 2677 2131 reliquis
2723 2076 2853 2118 vero
2892 2062 3255 2132 generationis
3289 2061 3565 2132 participi-

1996 2153 2100 2209 bus
2126 2166 2231 2207 non
2262 2152 2512 2207 eamdem
2555 2153 2790 2223 amplius
2827 2155 3100 2211 notionem
3129 2156 3384 2209 retinere.
3414 2153 3564 2208 Alio-

1997 2242 2088 2312 qui
2116 2240 2357 2312 prolerat
2378 2240 2578 2295 claram
2613 2241 2902 2311 quamdam
2928 2256 3150 2297 causam
3185 2242 3270 2297 cui
3304 2255 3407 2296 non
3443 2253 3573 2308 pos-

2001 2336 2073 2390 sit
2107 2332 2432 2397 contradici,
2461 2348 2560 2389 cur
2586 2333 2875 2404 appellatio
2903 2333 3091 2389 eadem
3138 2332 3382 2388 eamdem
3415 2329 3569 2386 simi-

2000 2424 2126 2479 liter
2147 2423 2200 2478 iu
2234 2424 2487 2478 omnibus
2525 2423 2634 2476 vim
2665 2436 2771 2477 non
2818 2422 3035 2477 habeat.
3066 2421 3136 2475 At
3161 2428 3309 2474 certe
3341 2430 3446 2471 non
3471 2429 3570 2484 po-

2002 2514 2149 2568 terit.
2179 2513 2565 2582 Quamcunque
2609 2510 2753 2566 enim
2796 2512 3055 2584 geniturae
3092 2510 3355 2565 rationem
3409 2520 3572 2562 exco-

2003 2604 2275 2674 gitaverit,
2326 2619 2386 2658 ea
2424 2603 2675 2660 omnibus
2721 2603 2971 2659 similiter
3030 2600 3227 2672 genitis
3288 2607 3570 2669 congruet.

2006 2694 2203 2750 Verum
2245 2704 2424 2751 autem
2477 2709 2599 2750 esse
2644 2696 2787 2766 quod
2821 2695 3075 2757 dicimus,
3104 2692 3158 2747 id
3189 2693 3330 2760 quod
3377 2690 3574 2758 cuique

2005 2787 2338 2842 audientium
2396 2787 2446 2841 in
2497 2796 2731 2843 mentem
2777 2788 2944 2852 venit,
3008 2786 3303 2841 maximum
3359 2783 3571 2854 signum

2006 2885 2110 2932 est.
2174 2878 2474 2947 interroget
2535 2877 2681 2933 enim
2727 2877 3105 2949 unusquisque
3167 2876 3428 2945 seipsum,
3482 2871 3572 2927 ubi

2008 2968 2282 3024 audierit:
2314 2968 2412 3024 llic
2462 2969 2622 3039 hujus
2652 2970 2900 3041 genitura
2939 2977 3042 3034 est,
3069 2967 3196 3037 quid
3235 2967 3415 3020 animo
3445 2978 3575 3018 con-

2012 3059 2205 3129 cipiat.
2237 3056 2374 3112 Num
2414 3059 2618 3129 cogitat
2657 3059 2897 3128 genitum
2935 3057 3194 3128 genitoris
3219 3053 3590 3112 substantiam.

2010 3150 2177 3207 esse?
2208 3150 2388 3217 Certe,
2418 3161 2473 3206 ut
2503 3152 2605 3207 hoc
2639 3152 2923 3208 rid-iculum
2953 3160 3057 3218 est,
3097 3150 3170 3205 ita
3204 3148 3333 3205 illud
3363 3162 3593 3211 verum,

2007 3245 2151 3315 qnod
2185 3245 2253 3300 ab
2291 3259 2357 3300 eo
2394 3260 2489 3314 per
2518 3245 2887 3313 generationis
2929 3244 3146 3299 modum
3189 3241 3256 3295 ad
3299 3255 3413 3294 esse
3447 3252 3587 3308 μισ-κ

2008 3335 2202 3391 ductus
2237 3336 2327 3390 sit.
2365 3334 2475 3390 lloc
2505 3338 2698 3406 itaque.
2736 3351 2833 3405 par
2881 3334 3048 3389 fuerit
3094 3332 3347 3389 similiter
3402 3338 3467 3384 et
3511 3330 3589 3383 de

2009 3426 2298 3498 Unigenito
2329 3438 2383 3480 et
2403 3427 2469 3483 de
2495 3443 2820 3498 quocunque
2853 3427 3033 3498 genitu
3066 3425 3266 3481 dicere.
3301 3423 3369 3478 Et
3396 3438 3579 3484 nemo,

2010 3523 2265 3590 quoniam
2296 3518 2601 3575 communis
2636 3519 2855 3575 habitus
2909 3527 3014 3584 est,
3051 3515 3322 3587 Unigeniti
3354 3514 3580 3583 dignita—

2011 3601 2135 3668 tem'
2155 3614 2360 3667 destrui
2388 3613 2682 3667 existimet.
2716 3611 2833 3667 Non
2862 3612 3008 3667 enim
3038 3609 3218 3665 Filius.
3238 3609 3291 3663 in
3313 3623 3378 3664 eo
3403 3604 3581 3663 dill‘ert

2010 3704 2078 3759 ab
2112 3704 2257 3768 aliis,
2286 3702 2432 3772 quod
2479 3715 2599 3757 sese
2645 3702 2711 3757 ad
2750 3702 2952 3771 aliquid
2979 3712 3126 3757 certo
3151 3701 3397 3770 quodam.
3421 3697 3600 3751 πιοιΙη.

2010 3796 2210 3853 habeat
2236 3813 2252 3849 :
2279 3795 2374 3850 sed
2405 3795 2498 3850 Dei
2531 3795 2839 3865 praestantia
2875 3808 2978 3863 qua
3006 3806 3096 3848 res
3127 3788 3383 3846 mortales
3415 3802 3579 3854 supe-

2012 3896 2119 3953 rat,
2152 3887 2205 3941 in
2250 3886 2568 3942 substantiae
2615 3884 2950 3956 preprietate
2990 3882 3308 3939 ostenditur.
3338 3879 3404 3934 At
3446 3892 3602 3933 con-.

2012 3979 2246 4034 siderate
2270 3978 2337 4034 ad
2360 3992 2520 4048 quam
2542 3977 2795 4047 ineptiam
2826 3975 3080 4032 doctrina.
3101 3975 3294 4029 horum
3319 3970 3598 4026 deducat...

2013 4070 2070 4125 Si
2100 4071 2366 4141 genitura,
2393 4071 2615 4126 alterius
2646 4070 2891 4142 genitura
2925 4070 3157 4134 dicatur,
3194 4067 3334 4122 sicut
3351 4072 3407 4120 et
3431 4078 3582 4119 com-

2015 4160 2528 4217 munisconsuetudo
2543 4163 2964 4225 conlirmat,nec
2995 4160 3275 4228 quisquam
3309 4153 3582 4210 contradi-

2013 4261 2119 4315 cet,
2139 4253 2255 4313 haec
2279 4254 2390 4323 ipsa
2424 4264 2601 4308 autem
2629 4255 2871 4323 genitura
2889 4254 2957 4307 .in
2977 4252 3113 4311 Filio
3145 4263 3358 4319 quoque
3385 4261 3584 4303 secun-

2013 4341 2139 4397 dum
2155 4345 2344 4398 horum
2360 4344 2652 4398 doctrinam
2668 4346 3019 4400 substantiam
3037 4343 3321 4413 signiﬁcet,
3338 4340 3600 4397 Sllelaﬂ-p

346 4424 441 4478 τοῦ
472 4426 808 4496 γεννήματος
839 4427 1176 4498 προσηγορία
1221 4429 1577 4499 σημαίνουσα,
1607 4430 1744 4501 ὅπερ
1768 4426 1908 4485 οὗτοι

2016 4434 2088 4489 tia
2111 4436 2213 4489 erit
2235 4435 2393 4499 illius,
2409 4436 2559 4505 cujus
2585 4439 2825 4507 genitura
2845 4438 3055 4491 dicitur.
3072 4436 3321 4508 2MB):
3347 4434 3451 4489 hac
3483 4434 3609 4487 ita-..

352 4515 645 4595 βιᾴζονται,
676 4516 811 4571 ἀλλά
847 4517 937 4570 τοῦ
964 4517 1098 4570 Θεοῦ
1128 4519 1419 4575 τῶνιόλων.
1454 4521 1516 4572 Εἰ
1542 4521 1649 4591 γὰρ
1676 4521 1773 4592 οὑχ
1805 4517 1908 4576 οἷόν

2019 4538 2124 4593 que
2150 4527 2529 4581 consecutioue
2561 4527 2891 4590 conﬁcietur,
2924 4538 2983 4581 ut
3011 4528 3269 4595 genitura:
3302 4524 3611 4593 appellatio.

349 4627 407 4665 τε
432 4610 616 4681 ἓτερον
645 4609 740 4681 μέν
762 4626 814 4662 τι
847 4609 946 4679 τὴν
974 4609 1162 4663 οὑσίαν
1207 4612 1365 4675 νοεῖν,
1397 4611 1581 4683 ἕτερον
1610 4612 1667 4665 δέ
1698 4630 1749 4666 τι
1785 4615 1916 4685 παρ’

425 4802 707 4877 (54)]αζς1ἰῑῑ
733 4812 787 4877 et
817 4802 950 4870 Reg.
985 4810 1180 4877 sextus
1215 4803 1406 4857 Καίτοι
1456 4805 1652 4875 μικρὸν
1696 4805 1909 4877 ἔμπρο-

355 4872 499 4928 σθεν.
528 4872 628 4926 Alii
658 4873 894 4941 quinque
925 4887 1054 4927 mss.
1068 4881 1144 4941 int
1168 4872 1218 4925 in
1246 4872 1523 4928 contextu.

426 4943 540 5016 (55)
569 4943 744 4997 Editio
790 4940 1016 5016 utraque
1041 4940 1249 5016 _Par_is._
1303 4950 1358 4997 et
1387 4943 1543 5016 _Veu_.
1597 4959 1719 4997 cum
1754 4943 1912 5016 Reg.
1954 4972 1957 4975 λ

353 5010 544 5084 quinto
586 5022 641 5084 et
670 5010 974 5084 cum_Colb.
1002 5012 1102 5084 τὴν
1131 5010 1337 5084 οὑσίαν.
1383 5012 1532 5070 Regii
1564 5014 1835 5084 secundus
1860 5010 1917 5068 et

358 5080 550 5140 tertius
575 5080 675 5153 τὴν
705 5081 1023 5153 ὑπόστασιν.
1053 5080 1110 5134 In
1161 5081 1294 5151 Reg.
1322 5091 1518 5150 quarto
1561 5082 1612 5135 in
1653 5094 1913 5138 contextu

357 5151 669 5225 legituryijv
721 5151 1019 5225 ὑπόστασιν
1052 5165 1069 5225 ζ
1116 5153 1169 5225 in
1217 5153 1461 5225 margine
1503 5165 1631 5225 vero
1662 5153 1921 5225 gilvus!)-

359 5225 499 5277 σίαν.
535 5219 661 5275 Mihi
699 5232 875 5276 autem
909 5220 1211 5289 verisimile
1229 5219 1312 5289 lit,
1344 5219 1633 5289 Scripsisse
1662 5219 1943 5279 Ba'silimu,

357 5291 805 5365 emendatorem
834 5291 1154 5365 hypostasim
1196 5287 1471 5365 Unigenili‘
1514 5302 1534 5343 :
1572 5306 1755 5365 vocem
1788 5306 1919 5365 vero

359 5360 547 5416 οὑσίαν
606 5361 837 5429 primum
876 5360 931 5414 in
985 5362 1229 5425 margine
1285 5362 1578 5428 ascriptum
1634 5361 1806 5416 fuisse
1852 5360 1945 5413 ab

363 5433 565 5502 aliquo,
606 5433 697 5500 qui
746 5444 968 5502 monere
1017 5430 1195 5502 vellet,
1229 5444 1417 5502 vocem
1467 5429 1766 5484 ὑπόστασιν
1815 5446 1923 5485 non

363 5500 660 5557 hic‘stricte
693 5501 834 5554 sumi
888 5513 985 5568 pro
1031 5500 1343 5570 hypostasi,
1381 5514 1474 5552 seu
1519 5515 1617 5567 pro
1665 5515 1923 5570 persona,

363 5572 458 5628 sed
491 5571 736 5638 usurpari
778 5571 967 5625 latiore
992 5568 1180 5631 sensu,
1210 5568 1462 5621 videlicet
1496 5584 1594 5635 pro
1644 5568 1760 5638 ipsa
1790 5572 1917 5623 sub-

365 5643 587 5720 stantia.
629 5639 757 5720 Utut
780 5640 906 5695 hzae
928 5648 1075 5706 sunt,
1113 5639 1246 5693 nihil
1273 5638 1326 5692 in
1356 5648 1612 5695 contextu
1643 5641 1947 5698 iiilltllli'dﬂ'.

366 5716 490 5768 dum
512 5716 833 5767 censuimus.

2032 4629 2138 4668 non
2184 4616 2420 4684 amplius
2477 4617 2747 4688 Unigcniti
2801 4617 3160 4672 substantiam
3219 4615 3591 4686 signiﬁcet,id

2094 4787 2206 4863 (56)
2241 4787 2374 4860 Reg.
2417 4802 2641 4862 quartus
2689 4792 2955 4863 ὁμοοὺσιαο
2990 4789 3060 4847 τὰ
3109 4789 3603 4863 γεννητάγπάνταμ

2024 4861 2206 4932 οηηιίιι
2256 4860 2577 4932 quiusa—nque
2627 4860 2873 4932 generata
2933 4871 3077 4922 sunt.
3145 4869 3298 4932 ενιιζιί
3338 4860 3590 4932 ξηιεζλκε

2022 4928 2512 4986 εοησυὸειὶιηιὶαἰίαζ
2547 4928 2744 5002 Ibidem
2783 4948 2911 4987 mss.
2950 4930 3304 5002 quatuorfEx
3331 4928 3410 4984 δέ.
3446 4928 3593 4983 Editi

2022 5012 2146 5072 cum
2160 5016 2279 5072 uno
2307 5017 2434 5072 mss.
2479 5002 2573 5055 Ἐκ
2591 5001 2674 5072 δή.

2095 5069 2213 5137 (57)
2241 5070 2423 5125 Codex
2452 5088 2588 5126 llllllS
2616 5068 3008 5125 ἀναποσώσειν.

2096 5071 2213 5205 (57ζ
2241 5071 2423 5125 Codex
2452 5088 2588 5126 llllllS
2616 5071 3008 5125 ἀναποσώσειν.

2096 5140 2186 5213 (iiii
2234 5140 2369 5213 [ἔθει
2399 5141 2591 5213 tertius
2624 5140 2689 5213 ἂν
2713 5142 3026 5213 ἐπινοήσῃς.

2096 5203 2208 5282 (59)
2233 5203 2371 5282 Editi
2396 5210 2543 5282 ἐπὰν
2556 5211 2766 5282 ἀκούσῃ
2815 5203 2898 5282 _At'
2921 5203 3050 5282 mss.
3082 5203 3553 5282 gwstddvﬁxogc-n.

2096 5267 2201 5346 (δυ’
2243 5280 2468 5334 Codices
2499 5267 2702 5350 aliquot
2732 5267 2826 5334 ἕπί
2854 5296 2914 5332 τε
2934 5278 3046 5333 τοῦ.
3083 5278 3221 5331 Ε(ιὶιί
3247 5276 3341 5331 ἐπὶ
3369 5274 3483 5328 τοῦ.

2099 5282 2210 5419 (Si;
2251 5349 2423 5404 Voces
2464 5349 2588 5415 illae,
2623 5351 2717 5402 ἐπὶ
2741 5348 2837 5403 τοῦ
2884 5348 3036 5413 Υίοῦ,
3074 5363 3179 5403 non
3222 5347 3483 5419 solum__er

2099 5347 2209 5421 (61)
2251 5349 2423 5421 feces
2464 5347 2717 5415 illae,'é1:l.
2741 5348 2837 5403 τοῦ
2884 5348 3036 5413 Υίοῦ,
3074 5363 3179 5403 non
3222 5347 3594 5421 s_olun_1__eras_:e

2027 5414 2229 5495 suntin
2251 5420 2394 5495 βόε.
2424 5414 2603 5495 tertio,
2632 5422 2975 5495 sed_om_nino
3012 5421 3212 5471 desunt
3240 5417 3297 5472 in
3338 5414 3464 5495 aliis
3491 5416 3591 5493 tri.-

2025 5491 2131 5546 bus
2163 5488 2441 5545 codicibus
2490 5488 2673 5544 itidem
2719 5488 2904 5557 Regiis
2939 5506 2951 5540 :
2988 5497 3166 5541 tamen
3219 5501 3313 5541 eas
3369 5488 3594 5557 retinui-

2029 5574 2169 5622 nius.
2202 5561 2343 5628 quod
2370 5559 2423 5613 in
2451 5557 2572 5616 aliis
2618 5553 2840 5616 totidem
2871 5573 3000 5614 mss.
3031 5557 3175 5615 et..iu
3219 5554 3499 5626 impressis
3528 5553 3595 5611 li.-

2027 5632 2140 5687 bris
2164 5631 2431 5702 legantur.
