4016 6220
426 325 527 379 59l

1783 330 1841 387 S.
1877 329 2123 388 BASILII
2160 333 2369 392 MACNI

3575 337 3696 393 599.

427 439 571 509 quod
601 436 653 491 hi
693 436 822 492 totis
852 436 1057 495 viribus
1098 437 1395 505 aﬂlrtnant,
1431 441 1524 496 sed
1564 442 1657 497 Dei
1709 445 1994 501 universo-

2108 449 2270 520 αὐτὴν
2302 448 2364 502 τὸ
2393 448 2659 521 γέννημα,
2711 450 2804 503 καὶ
2849 449 2961 504 ἴσον
2986 450 3208 512 δύναται
3238 450 3371 522 (62),
3405 451 3603 505 οὐσίαν
3631 468 3697 503 τε

425 546 569 587 rum.
597 528 807 584 Etenim
835 529 881 584 si
917 530 1034 584 tieri
1071 545 1176 585 non
1227 541 1423 601 potest,
1454 543 1512 587 ut
1536 535 1680 589 aliud
1707 537 1834 605 quid
1862 537 1991 592 sub-

422 624 679 678 stantiam
730 622 1117 694 intelligamus,
1149 632 1204 677 et
1249 624 1392 679 aliud
1447 629 1750 696 genituram
1796 640 1992 699 praeter

423 713 618 782 ipsam,
644 714 786 769 idem
829 724 913 770 est
958 714 1316 771 substantiam
1346 718 1526 772 dicere
1549 728 1606 775 et
1635 722 1936 789 genituram
1971 738 1986 774 :

421 812 480 858 at
507 802 679 858 Filius
705 805 954 868 genitura
983 807 1073 860 Dei
1104 814 1211 869 est,
1240 806 1332 861 Dei
1357 821 1488 876 ergo
1518 809 1628 862 erit
1660 812 1988 874 substantia,

425 893 473 949 si
504 894 750 966 genitura
775 896 1133 951 substantiam
1178 896 1469 966 signiﬁcat.
1505 900 1679 970 Atque
1704 902 1808 956 hoc
1832 909 1994 971 pacto

420 985 687 1056 genitura,
711 1002 779 1041 es
808 990 1079 1044 sententia
1101 990 1242 1059 ejus,
1278 991 1504 1060 ingeniti
1533 993 1833 1047 substantia
1869 1008 1994 1050 esse

420 1079 807 1146 comperietur.
848 1080 953 1136 Sed
992 1081 1038 1137 si
1074 1083 1360 1136 ridiculum
1406 1093 1493 1139 est
1537 1086 1680 1153 quod
1727 1086 1991 1156 sequitur,

416 1169 511 1238 qui
548 1172 923 1227 antecedentia
944 1176 1144 1243 posuit,
1181 1177 1227 1230 is
1254 1176 1487 1231 dedecus
1509 1177 1609 1233 sibi
1641 1190 1836 1233 sumat.
1860 1177 1995 1234 Ora-

421 1259 499 1313 tio
526 1261 695 1327 enim,
734 1278 857 1319 cum
899 1266 1067 1321 semel
1106 1282 1135 1321 a
1169 1282 1294 1323 vero
1319 1268 1556 1335 deﬂexit,
1583 1271 1649 1323 ad
1694 1271 1893 1327 multas
1928 1285 1993 1325 ac

2101 542 2275 594 εἰπεῖν
2298 542 2389 594 καὶ
2413 542 2657 612 γέννημα
2676 560 2689 571 ’
2724 541 2818 595 τοῦ
2839 542 2973 595 Θεοῦ
2997 542 3053 595 δέ
3079 546 3194 596 ἐστι
3216 544 3458 613 γέννημα
3479 545 3508 595 ὁ
3532 544 3698 607 Υἱὸς,

2103 630 2197 684 τοῦ
2232 631 2366 684 Θεοῦ
2409 632 2560 685 ἔσται
2593 631 2769 697 οὐσία,
2812 633 2970 704 εἴπερ
2994 633 3055 687 τὸ
3080 634 3326 705 γέννημα
3359 635 3458 706 τὴν
3490 635 3697 687 οὐσίαν

2104 721 2272 792 δηλοῖ.
2314 722 2423 774 Καὶ
2466 721 2608 775 οὕτω
2642 721 2704 774 τὸ
2754 722 3000 794 γέννημα
3044 723 3198 778 οὐσία
3240 724 3333 777 τοῦ
3378 726 3698 794 ἀγεννήτου

2107 811 2247 864 κατὰ
2288 811 2379 864 τὸν
2406 811 2598 864 τούτου
2630 811 2785 880 λόγον
2830 812 3252 884 ἀναφανήσεται.
3291 814 3353 866 Εἰ
3385 812 3440 866 δὲ
3469 814 3697 880 γελοῖον

2101 902 2163 954 τὸ
2200 902 2583 972 συναγόμενον,
2620 904 2648 955 ὁ
2694 901 2809 965 θεὶς
2851 902 2920 956 τὰ
2965 903 3225 974 λήμματα
3274 906 3373 975 τῆς
3416 904 3695 974 αἰσχύνης

2104 990 2526 1061 κληρονομείτω.
2584 992 2769 1044 Ἔοικε
2826 992 2935 1062 γάρ
2991 1010 3107 1056 πως
3156 994 3185 1045 ὀ
3234 991 3412 1061 λόγος,
3455 992 3695 1045 ἐπειδὰν

2101 1080 2249 1145 ᾶπαξ
2279 1080 2379 1152 τῆς
2422 1081 2676 1152 ἀληθείας
2708 1082 3037 1155 παρενεχθῇ,
3070 1086 3151 1148 εἰς
3180 1084 3378 1147 πολλὰς
3421 1084 3517 1136 καὶ
3559 1084 3695 1137 ἑπισ-

2100 1171 2380 1235 κινδύνους
2411 1172 2639 1235 ἀτοπίας
2669 1172 2774 1233 ὑπὸ
2802 1173 2901 1244 τῆς
2933 1173 3074 1233 κατὰ
3101 1174 3198 1246 τὴν
3228 1173 3433 1228 πλάνττν
3454 1172 3696 1226 ἀκολου-

2101 1264 2222 1328 θεας
2252 1262 2598 1335 ἐκφέρεσθαι,

422 1353 752 1420 periculosas
792 1356 1024 1425 ineptias
1061 1359 1292 1429 quadam
1340 1361 1546 1417 erroris
1584 1362 1973 1420 consecutione
2000 1358 2171 1417 delabi
2208 1356 2440 1425 quodam
2476 1355 2635 1410 modo
2677 1354 2908 1413 videtur.

497 1488 582 1542 ll.
616 1487 723 1544 Sed
758 1490 871 1545 haec
900 1499 1026 1546 sunt
1057 1492 1211 1562 quasi
1265 1493 1519 1561 praeludia
1568 1496 1812 1565 quaedam
1847 1496 1993 1551 blas-

422 1576 652 1645 phemiae
687 1587 851 1648 atque
890 1590 1218 1651 apparatus;
1255 1592 1418 1652 eaput
1462 1594 1643 1641 autem
1669 1585 1797 1640 mali
1829 1586 1997 1643 infert

422 1667 478 1720 in
503 1669 872 1738 sequentibus,
901 1672 991 1728 ubi
1021 1672 1150 1728 dicit
1176 1690 1188 1722 :

2172 1491 2269 1556 H._
2294 1490 2477 1551 Ταῦτα
2527 1492 2626 1563 μὲν
2666 1486 2761 1546 οῦν
2805 1491 2995 1563 ὥσπερ
3043 1492 3359 1564 προαγῶνες
3395 1506 3539 1554 τινες
3581 1493 3695 1547 καὶ

2099 1582 2436 1641 κατασκευαὶ
2472 1582 2573 1651 τῆς
2621 1580 2969 1653 βλασφημίας
3007 1582 3147 1635 εἰσίο
3182 1582 3243 1635 τὸ
3280 1581 3337 1635 δὲ
3382 1583 3691 1653 κεφάλαιον

2103 1674 2198 1728 τοῦ
2232 1673 2405 1729 κακοῦ
2435 1675 2493 1726 ὲν
2518 1675 2629 1737 τοῖς
2658 1673 2784 1744 ἑξῆς
2815 1673 3065 1744 ἐπιφέρει
3092 1672 3290 1741 λέγων·

498 1781 633 1838 Ean.
661 1783 1033 1841 Substantiam
1063 1786 1187 1843 Filii
1212 1790 1448 1860 genitam
1475 1792 1692 1861 quidem
1718 1808 1844 1849 esse
1869 1809 1991 1849 cum

2165 1788 2325 1843 ΕΥΝ.
2369 1788 2482 1859 Τὴν
2516 1787 2704 1841 οὐσίαν
2732 1786 2824 1841 τοῦ
2874 1785 3005 1840 Υίοῦ
3051 1785 3403 1857 γεγεννῆσθαι
3434 1787 3531 1857 μὲν
3574 1788 3687 1840 οὸκ

423 1889 531 1929 non
568 1885 715 1932 esset
751 1887 878 1933 ante
925 1882 1198 1950 propriam
1242 1884 1712 1950 constitutionem,
1757 1886 1993 1955 genitam

2108 1878 2261 1935 ἦσαν
2289 1880 2394 1951 πρὸ
2417 1880 2518 1949 τῆς
2556 1879 2689 1942 ἰδίας
2725 1878 3056 1942 συστάσεως,
3084 1874 3221 1930 εἶναι
3249 1877 3307 1930 δὲ
3328 1877 3690 1948 γεννηθεῖσαν

424 1971 606 2020 tamen
634 1981 760 2023 esse
792 1978 918 2024 ante
944 1972 1124 2026 omnia
1170 1972 1447 2027 voluntate
1480 1974 1674 2029 Patris.

2108 1974 2203 2045 πρὸ
2234 1973 2455 2035 ’πάντων¹
2487 1970 2685 2044 γνώμῃ
2710 1970 2802 2024 τοῦ
2836 1972 3067 2040 Πατρός.

2165 2087 2311 2139 ΒΑΣ.
2345 2086 2466 2138 Ἔτι
2503 2084 2610 2137 τῶν
2648 2084 2825 2137 αὐτῶν
2869 2083 3053 2152 ἔχεται
3099 2083 3509 2152 τεχνασμάτων.
3543 2084 3695 2154 Περὶ

2093 2181 2192 2251 τῆς
2225 2178 2411 2240 οὐσίας
2451 2178 2582 2247 ἡμῖν
2618 2175 2713 2229 τοῦ
2747 2175 2875 2228 Υἱοῦ
2909 2175 3236 2244 διαλέγεται,
3277 2176 3351 2239 ὡς
3381 2176 3442 2247 δή
3471 2194 3526 2228 τι
3559 2177 3691 2229 ἓτε-

2097 2291 2187 2345 ρον
2218 2272 2392 2340 λὲγων
2436 2272 2565 2341 παρ’
2600 2268 2769 2340 αὐτὴν
2810 2268 2900 2321 τὸν
2931 2267 3061 2321 Υἰὸν
3095 2268 3229 2338 (65),
3265 2268 3358 2321 καί⁹
3390 2267 3568 2338 τούτῳ
3602 2266 3693 2339 τῷ

2092 2367 2279 2437 τρόπῳ
2313 2363 2619 2433 προημεροῖ
2649 2363 2721 2431 τῇ
2752 2358 3070 2430 βλασφημίᾳ
3117 2358 3213 2430 τὴν
3244 2360 3412 2429 ἀκοήν
3431 2378 3445 2390 ·
3477 2361 3581 2412 οὐκ
3614 2363 3690 2413 ἐκ

2092 2452 2188 2507 τοῦ
2223 2450 2531 2524 προφανοῦς
2558 2450 2741 2517 λέγων.
2774 2452 2836 2502 ὲκ
2884 2450 2956 2521 μὴ
2995 2449 3162 2503 ὄντων
3193 2450 3551 2521 γεγεννῆσθαι
3589 2452 3692 2505 τὸν

2094 2544 2243 2607 Υἰδν,
2286 2541 2423 2595 ἀλλὰ
2469 2542 2569 2609 τὴν
2615 2541 2800 2594 οὐσίαν
2842 2540 3009 2595 αὐτοῦ
3057 2541 3411 2611 γεγεννῆσθαι
3434 2542 3546 2610 (64)
3580 2544 3689 2596 οὐκ

2095 2632 2273 2689 οὖσαν.
2309 2632 2423 2703 Πρὸ
2469 2634 2615 2695 τίνος
2645 2633 2745 2685 οὐκ
2790 2628 2986 2698 οὖσαν;
3024 2632 3165 2687 εἰπέ.
3206 2633 3472 2704 Θεωρεῖτε
3512 2634 3688 2687 αὐτοῦ

2094 2727 2154 2779 τὸ
2184 2726 2458 2794 σόφισμας
2509 2724 2688 2794 Αὐτὴν
2735 2725 2901 2794 ἑαυτῇ
2955 2723 3256 2793 συγκρίνει,
3308 2724 3394 2778 ἵνα
3438 2727 3575 2778 πᾶσι
3615 2727 3691 2797 δὴ

2095 2816 2299 2873 ἀνεκτὰ
2324 2816 2461 2893 δόξῃ.
2482 2815 2685 2884 λέγειν,
2720 2815 2838 2886 οὐχὶ
2871 2806 2976 2887 πρὸ
3002 2815 3108 2868 τῶν
3139 2814 3348 2869 αἰώνων
3379 2815 3556 2885 λέγων
3581 2820 3691 2871 αὑ-

496 2075 625 2135 ΒΑε.
667 2079 861 2136 Iisdem
885 2084 1062 2138 adhuc
1092 2084 1292 2139 insistit
1323 2085 1592 2141 artiﬁciis.
1628 2087 1701 2141 De
1736 2088 1993 2143 substan-

425 2166 500 2221 tia
527 2168 648 2223 Filii
688 2170 844 2226 nobis
871 2174 1033 2226 verba
1072 2174 1223 2238 facit,
1270 2176 1424 2245 quasi
1459 2177 1605 2232 dicat
1650 2177 1846 2232 Filium
1869 2195 1991 2235 esse

425 2259 569 2316 aliud
598 2263 726 2331 quid
752 2267 1172 2339 praeterjpsam,
1206 2278 1369 2340 atque
1408 2270 1512 2326 hoc
1552 2272 1711 2326 modo
1744 2289 1904 2328 aures
1929 2275 1995 2329 ad

425 2352 815 2425 blasphemiam
878 2360 1199 2414 audiendam
1275 2362 1636 2418 demulcendo
1702 2374 1990 2435 praeparat,

425 2460 548 2499 eum
600 2462 703 2502 non
741 2458 924 2517 aperte
956 2450 1100 2505 dicat
1138 2452 1376 2522 genitum
1423 2467 1544 2509 esse
1599 2472 1666 2509 ex
1703 2457 1871 2511 nihilo
1902 2456 1993 2515 Fi-

427 2537 591 2603 tiutu;
617 2539 710 2593 sed
743 2539 861 2608 ejus
898 2542 1252 2597 Substantiam
1275 2560 1396 2601 cum
1430 2561 1534 2599 non
1559 2556 1722 2611 esset,
1758 2549 1993 2615 genitam

423 2643 564 2683 esse.
594 2628 713 2695 Dic,
736 2640 861 2686 ante
893 2648 1032 2703 quas
1059 2649 1145 2689 res
1176 2650 1281 2689 non
1316 2637 1472 2691 erat?
1500 2638 1704 2692 Videtis
1750 2640 1871 2710 ejus
1901 2657 1995 2695 ca-

424 2722 795 2777 villationem?
825 2720 1196 2780 Substantiam
1223 2741 1346 2781 cum
1380 2731 1668 2798 semetipsa
1696 2740 1993 2800 comparat,

426 2821 487 2867 ut
543 2814 844 2871 tolerabilia
893 2816 1073 2871 dicere
1105 2818 1356 2872 omnibus
1405 2819 1671 2874 videatur.
1730 2819 2001 2877 Nimirum

429 2920 537 2961 non
557 2907 688 2962 dicit
709 2923 826 2962 eam
854 2917 979 2964 ante
1003 2910 1196 2964 saeula
1226 2924 1330 2963 non
1360 2908 1548 2975 inisse,
1584 2926 1757 2981 neque
1789 2913 1997 2979 simpli-

425 2995 564 3050 citer
586 3012 689 3051 non
724 2995 915 3063 fuisse,
947 3000 1039 3053 sed
1071 3010 1196 3053 ante
1241 3014 1396 3053 suam
1443 3000 1614 3069 ipsius
1645 3002 1993 3056 constitutio-

2095 2911 2193 2980 τὴν
2244 2907 2316 2980 μὴ
2363 2903 2521 2971 εἶναι,
2566 2906 2685 2959 οὐδὲ
2713 2905 2900 2971 ἁπλῶς
2950 2909 3024 2978 μὴ
3067 2901 3228 2971 εἶναι,
3265 2906 3398 2960 ἀλλὰ
3440 2910 3549 2979 πρὸ
3582 2911 3688 2979 τῆς

2101 3001 2236 3062 ἰδίας
2284 2998 2612 3060 συστάσεως.
2662 2996 2773 3068 Τὴν
2820 2997 2877 3055 δὲ
2928 2997 3022 3050 τοῦ
3062 2998 3276 3070 Πατρὸς
3311 2999 3521 3063 οὐσίαν,
3553 3002 3683 3053 εἰπέ

432 3103 553 3141 nem
582 3103 685 3143 non
714 3088 898 3144 fuisse.
931 3090 1059 3156 Sed,
1094 3091 1181 3145 dic
1209 3090 1361 3155 tnihi,
1389 3091 1541 3146 aisne
1566 3100 1619 3145 tu
1659 3090 1834 3148 Patris
1867 3094 1994 3148 sub-

2108 3109 2214 3163 μοι,
2246 3088 2621 3162 πρεσϐυτέραν
2645 3083 2784 3142 εἶναι
2814 3089 2878 3142 σὺ
2902 3090 3007 3160 φῂς
3032 3089 3129 3160 τῆς
3164 3089 3299 3154 ἰδίας
3335 3090 3686 3157 συστάσεωςς

432 3182 692 3236 stantiam
714 3197 810 3237 sua
848 3183 1017 3253 ipsius
1039 3182 1427 3238 constitutione
1447 3198 1567 3239 esse
1595 3184 1997 3254 antiquiorem?

2108 3184 2165 3236 Ei
2202 3183 2297 3253 μὲν
2329 3181 2437 3252 γὰρ
2480 3181 2578 3251 οὐχ
2609 3180 2898 3234 ὑποόάλλει
2926 3181 3136 3252 χρόνοις
3166 3183 3259 3235 τοῦ
3298 3183 3428 3237 Υἱοῦ
3460 3184 3559 3255 τὴν
3591 3184 3689 3236 οὗ-

436 3273 647 3329 Etettim
703 3275 749 3330 si
803 3277 1140 3344 temporibus
1169 3291 1273 3330 non
1310 3274 1527 3346 subjicit
1574 3273 1696 3333 Filii
1746 3277 2001 3331 substan-

439 3362 589 3427 tiam,
633 3376 806 3432 neque
850 3366 996 3433 prius
1035 3366 1135 3420 hac
1167 3366 1375 3421 ratione
1421 3365 1691 3435 intelligit,
1724 3367 1903 3422 inanis
1945 3377 2003 3421 et

432 3463 573 3506 Vana
621 3463 707 3507 est
754 3452 873 3522 ejus
927 3454 1125 3521 oratio,
1176 3466 1505 3526 quapropter
1550 3472 1618 3511 ne
1646 3460 1998 3525 responsione

436 3542 652 3619 quidem
685 3544 842 3615 digna
870 3554 971 3600 est.
1003 3546 1071 3601 Et
1117 3548 1334 3617 quidem
1369 3547 1423 3603 id
1460 3549 1636 3620 ipsum
1677 3565 1783 3605 non
1824 3552 2002 3605 minus

436 3634 505 3690 de
537 3634 643 3691 Deo
679 3636 841 3691 etiam
880 3639 1253 3697 universorum
1306 3641 1413 3695 dici
1452 3642 1672 3711 poterit,
1707 3643 1752 3697 si
1791 3644 1915 3713 quis
1946 3647 1999 3697 in

434 3741 556 3782 eum
588 3728 726 3783 hanc
780 3730 1092 3786 inanitatem
1124 3732 1376 3788 evolucrit
1433 3733 1748 3791 transferre.
1775 3732 1908 3788 Nam
1948 3741 2002 3788 et

433 3818 620 3876 dicere
655 3820 819 3875 Deum
847 3832 972 3878 ante
1014 3837 1170 3878 suam
1205 3825 1646 3881 constitutionem
1679 3840 1782 3881 non
1812 3825 1995 3892 fuisse,

435 3917 493 3965 et
524 3908 715 3965 dicere.
730 3926 852 3965 eum
874 3922 1001 3968 ante
1029 3912 1267 3983 seipsum
1291 3912 1476 3980 fuisse,
1511 3912 1753 3983 ejusdem
1774 3914 2001 3969 demen-

443 4000 530 4063 tiae
560 4009 662 4059 est.
698 4002 850 4079 Quod
879 4005 925 4060 si
959 4004 1325 4081 temporaliter
1369 4019 1555 4061 vocem
1592 4008 1738 4076 prius
1770 4006 1839 4064 de
1879 4006 2007 4071 Filii

2103 3276 2247 3338 σίαν,
2287 3274 2409 3327 οὐδὲ
2441 3273 2502 3325 τὸ
2549 3273 2837 3350 πρότερον
2864 3273 3005 3327 κατὰ
3034 3274 3223 3328 τοῦτον
3255 3277 3345 3329 τὸν
3372 3276 3528 3346 λόγον
3560 3281 3688 3332 ἐπι-

2102 3369 2213 3420 νοεῖ
2237 3366 2370 3436 (63).
2409 3367 2635 3437 μάταιος
2687 3364 2791 3436 μὲν
2818 3365 2965 3436 αὑτῷ
2994 3366 3086 3419 καὶ
3124 3366 3293 3436 ἀργὸς
3316 3369 3345 3420 ό
3367 3366 3544 3436 λόγος,
3574 3368 3686 3423 διό-

2108 3472 2213 3525 περ
2250 3453 2369 3507 οὐδὲ
2412 3453 2755 3524 ἀποκρίσεως
2788 3452 2956 3517 ἄξιος.
3001 3455 3112 3525 Οὐχ
3154 3450 3312 3526 ἦττον
3359 3456 3541 3526 μέντοι
3586 3459 3686 3513 καὶ

2109 3548 2202 3599 ἐπὶ
2226 3545 2319 3599 τοῦ
2346 3544 2478 3598 Θεοῦ
2502 3544 2611 3598 τῶν
2636 3543 2771 3598 ὅλων
2802 3543 3031 3615 ὑπάρξει
3059 3548 3171 3610 τοῖς
3215 3546 3555 3618 βουλομένοις
3584 3567 3684 3619 με-

2109 3636 2422 3709 τακομίζειν
2444 3635 2544 3708 τὴν
2574 3638 2929 3707 ματαιότητα.
2965 3637 3038 3690 Τό
3072 3655 3130 3691 τε
3155 3638 3264 3711 γὰρ
3291 3640 3391 3693 οὐκ
3420 3635 3561 3694 εἶναι
3588 3641 3684 3693 λέ-

2110 3747 2228 3798 γειν
2262 3729 2351 3782 τὸν
2381 3729 2512 3780 Θεὸν
2540 3727 2647 3797 πρὸ
2671 3729 2771 3798 τῆς
2816 3729 2949 3793 ἰδίας
2975 3731 3303 3794 συστάσεως,
3332 3733 3426 3786 καὶ⁹
3452 3733 3512 3786 τὸ
3540 3728 3684 3786 εἶναι

2105 3819 2281 3888 λέγειν
2317 3819 2419 3891 πρὸ
2450 3818 2640 3872 ἑαυτοῦ
2666 3818 2800 3890 (66),
2830 3821 2928 3892 τῆς
2955 3822 3125 3891 αὐτῆς
3171 3825 3319 3876 ἐστιν
3346 3824 3681 3895 ἀφροσύνης.

2109 3913 2173 3965 Εἰ
2200 3912 2257 3964 δὲ
2279 3910 2544 3983 χρονικῶς
2571 3911 2664 3963 ἐπὶ
2687 3912 2785 3982 τῆς
2806 3913 2992 3977 οὐσίας
3014 3914 3107 3967 τοῦ
3137 3915 3266 3968 Υἱοῦ
3301 3916 3361 3968 τὸ
3393 3918 3680 3985 πρότερον

2109 4006 2342 4069 δέγεται,
2387 4003 2482 4057 καὶ
2510 4005 2575 4056 ὲκ
2604 4004 2680 4075 μὴ
2723 4004 2889 4058 ὄντων
2942 4006 3105 4078 φήσει
3150 4006 3247 4077 τὴν
3291 4008 3478 4060 οὐσίαν
3508 4006 3680 4060 αὑτοῦ

513 4288 628 4359 (62)
656 4287 1095 4363 Ειιίιίἑγέννημαμ,
1127 4290 1242 4343 ἴσον
1271 4288 1513 4363 δύναται.
1567 4288 1700 4363 Reg.
1735 4292 2002 4344 secundus

2118 4291 2278 4347 batur
2317 4291 2508 4347 Filium
2543 4307 2761 4363 quoque
2793 4294 3035 4363 genitum
3054 4290 3252 4363 fuisse,
3284 4307 3405 4345 cum
3455 4306 3560 4363 non
3590 4307 3677 4348 es-

440 4360 716 4431 yivvqpa,
741 4359 838 4419 καὶ
872 4359 1244 4431 ῐσονδύναται
1266 4376 1281 4390 ·
1316 4360 1425 4431 ubi,
1462 4369 1518 4413 ut
1548 4359 1671 4431 alibi
1701 4373 2007 4431 smpe,_par-

446 4428 717 4501 ticulagxai
750 4441 927 4485 vacat.
956 4429 1088 4501 Reg.
1117 4430 1762 4501 quartusyéyvqpaJaov
1781 4429 1838 4482 δὲ
1857 4428 2011 4483 δύνα-

442 4518 556 4553 ται.
584 4500 737 4554 0011).
761 4501 993 4553 secunda
1026 4489 1183 4553 manu
1238 4489 1388 4553 mai
1428 4489 1545 4552 ἴσον
1597 4489 1841 4554 δύναται.
1892 4503 2012 4553 Mox
2047 4489 2092 4544 Ῑ)

445 4571 574 4625 editi
603 4581 658 4624 et
688 4569 821 4637 Reg.
849 4569 1071 4638 quintus
1110 4571 1275 4631 εἰτοῦ
1306 4570 1364 4623 δὲ
1394 4569 1528 4624 Θεοῦ
1567 4585 1581 4598 ⁸
1616 4571 1709 4623 sed
1751 4569 2017 4638 particula

446 4642 496 4693 εἰ
531 4641 659 4694 detit
682 4640 734 4693 itt
776 4641 996 4709 reliquis
1036 4642 1336 4705 codicibus,
1365 4644 1434 4696 ob
1463 4642 1623 4709 idque
1650 4654 1771 4692 eam
1809 4654 2019 4708 expun-

450 4712 650 4764 ximus.

521 4779 633 4849 (63)
683 4778 823 4833 Editi
876 4788 932 4835 et
972 4778 1124 4835 Calb.
1174 4794 1295 4835 cum
1348 4780 1531 4848 Regiis
1568 4778 2017 4847 tertioetquinto

452 4849 581 4920 παρ’
605 4850 767 4903 αὐτὸν
814 4850 905 4903 τὸν
944 4849 1094 4907 Υἱόν.
1135 4852 1200 4903 ad
1234 4850 1480 4920 verbum,
1529 4863 1780 4920 tanquam
1815 4849 2016 4917 aliquid

453 4917 600 4974 aliud
635 4919 812 4972 dicens
837 4930 1026 4987 pra'ter
1050 4920 1218 4989 ipsum
1256 4917 1479 4973 Filium.
1505 4919 1755 4989 Atillein
1783 4919 2012 4989 primus,

452 4990 740 5069 secundus,
796 4999 1022 5111 quartus
1049 4987 1105 5043 et
1142 5000 1329 5044 sextus
1381 4992 1511 5060 παρ’
1542 4988 1708 5059 αὐτὴν
1747 4987 1841 5041 τὸν
1864 4987 2011 5050 Υίόν,

452 5060 605 5111 auasi
636 5062 774 5111 dicat
854 5058 1004 5111 ilium
1032 5075 1140 5111 esse
1183 5059 1329 5111 aliud
1359 5076 1392 5110 a
1430 5058 1726 5111 substantia
1783 5073 1802 5111 .'
1848 5073 2010 5111 uuam

452 5060 605 5131 quasi
636 5060 774 5111 dicat
801 5058 1004 5112 Filium
1032 5075 1140 5113 esse
1183 5059 1329 5113 aliud
1359 5076 1392 5110 a
1430 5058 1726 5131 substantia
1783 5073 1802 5112 ε
1848 5073 2010 5131 quam

455 5128 781 5198 Scripturam
817 5143 997 5199 verant
1025 5142 1145 5183 esse
1178 5138 1233 5182 et
1258 5143 1568 5199 germanam
1596 5128 1852 5199 arbitror,
1902 5128 2011 5180 Eu-

460 5197 673 5253 uouiius
702 5200 848 5252 enim
893 5198 1178 5252 videbatur
1212 5197 1280 5251 de
1335 5198 1634 5253 substantia
1689 5197 1806 5251 Filii
1841 5197 2007 5264 loqui,

459 5283 710 5338 tanquam
744 5268 810 5322 de
830 5282 890 5324 re
918 5268 1116 5336 aliqua,
1156 5284 1275 5337 qua:
1303 5269 1372 5338 ab
1415 5268 1531 5335 ipso
1575 5266 1711 5322 Filio
1754 5267 2006 5338 distincta

460 5336 623 5394 esset.
658 5338 926 5406 Sperabat
948 5340 1091 5390 enim
1129 5336 1241 5390 fore
1272 5348 1330 5391 nt
1358 5336 1584 5392 haeresis
1619 5352 1712 5391 sua
1748 5337 1850 5390 hoc
1877 5338 2009 5388 atti—

465 5408 586 5462 lleio
602 5407 811 5462 [acilius
830 5407 880 5460 in
901 5421 1058 5460 aures
1077 5408 1408 5463 audientium
1429 5407 1759 5475 reciperetur
1794 5407 2003 5459 Etenim

462 5479 507 5529 si
564 5488 748 5546 aperte
803 5477 1053 5541 dixisset,
1108 5476 1302 5531 Filium
1346 5477 1417 5528 ita
1482 5477 1721 5545 genitum
1767 5490 1912 5539 esse,
1950 5485 2007 5546 ut

463 5561 530 5599 ex
563 5545 726 5601 nihilo
754 5547 929 5601 lactus
983 5558 1146 5610 esset,
1196 5547 1435 5601 otnnium
1470 5558 1843 5614 exasperasset
1888 5545 2005 5597 aui-

466 5630 615 5680 ntos;
645 5630 743 5670 nec
770 5618 818 5671 ei
841 5632 927 5671 res
953 5616 1089 5671 bene
1118 5616 1485 5671 successisset.
1522 5615 1700 5680 Quare
1740 5616 1873 5669 satis
1909 5614 2005 5667 ha-

468 5686 631 5739 bebat
656 5685 856 5748 dicere,
906 5688 1259 5743 substantiam
1304 5687 1534 5753 genitam
1568 5698 1707 5747 esse,
1745 5700 1866 5738 cum
1896 5700 2000 5737 non

471 5765 627 5809 rsset.
658 5753 765 5809 Sed
787 5770 851 5809 ex
882 5756 984 5811 hoc
1015 5755 1175 5827 impio
1196 5755 1457 5825 principio
1490 5756 1793 5810 necessario
1812 5769 2001 5824 seque-

2119 4374 2221 4426 set,
2263 4377 2377 4433 inec
2416 4360 2618 4433 eutu'a
2666 4360 2932 4416 creaturis
2986 4360 3224 4426 dill'erre,
3274 4377 3396 4416 cum
3446 4375 3502 4416 et
3547 4362 3678 4433 ipsae

2120 4431 2348 4485 conditae
2382 4432 2511 4496 sint,
2546 4448 2666 4485 cum
2698 4448 2801 4486 non
2833 4440 3033 4484 essent.

2192 4501 2302 4572 (64)
2336 4500 2491 4572 Reg.“
2527 4503 2716 4572 tertius
2751 4499 3076 4572 γεγενῆσθαι
3106 4501 3194 4554 τὸν
3230 4500 3377 4564 Υἱὸν,
3405 4500 3538 4554 ἀλλὰ
3574 4500 3678 4572 τὴν

2121 4569 2307 4625 οὐσίαν
2332 4569 2496 4624 αὑτοῦ
2537 4570 2710 4639 λέγων
2738 4569 3089 4640 γεγενῆσθαι.
3141 4572 3461 4635 Notandum,
3490 4569 3674 4626 statim

2123 4652 2242 4708 post
2268 4656 2456 4696 vocem
2489 4641 2731 4710 σόφισμα
2762 4650 2940 4695 notam
2972 4641 3408 4709 interrogationis
3462 4642 3513 4695 in
3564 4642 3668 4694 ali-

2120 4712 2313 4791 quibus
2329 4725 2484 4791 “mss.
2535 4711 2759 4791 reperiri
2793 4727 2808 4762 :
2842 4724 2960 4791 quae
2992 4720 3114 4791 nota
3145 4714 3213 4764 ab
3254 4712 3434 4791 editis
3461 4714 3668 4791 aberat.

2192 4778 2305 4852 (65)
2329 4779 2640 4852 Eunomius,
2667 4790 2724 4852 ut
2745 4794 2809 4833 ex
2834 4778 2993 4852 dictis
3018 4789 3181 4848 patet,
3217 4781 3511 4834 atlirmabat
3542 4782 3674 4833 sub-

2120 4849 2374 4907 stantiam
2407 4849 2527 4907 Filii
2576 4850 2811 4917 genitam
2850 4849 3037 4917 tuissc,
3065 4863 3189 4904 cum
3234 4867 3336 4904 non
3382 4858 3523 4904 esset
3544 4860 3670 4902 ante

2119 4936 2272 4973 suam
2317 4916 2783 4974 constitutionem.
2844 4916 3075 4973 Basilius
3107 4930 3282 4974 autem
3331 4919 3667 4988 prtepositio-

2119 5007 2239 5043 nem
2288 4998 2410 5044 ante
2473 4990 2575 5044 hoc
2617 4988 2735 5059 loco
2770 4988 3083 5059 impugnat;
3115 4990 3317 5059 aitque,
3345 5000 3437 5059 aut
3491 4989 3671 5059 Euno-

2120 5060 2284 5111 mium
2316 5070 2449 5113 vana
2468 5069 2630 5127 atque
2660 5056 3103 5123 inania'eﬂ‘utire,
3127 5056 3223 5112 aut
3247 5072 3313 5112 ex
3346 5057 3463 5124 ejus
3487 5058 3666 5111 verbis

2116 5130 2277 5190 eﬂici,
2315 5127 2527 5197 Patrem
2556 5128 2691 5183 Filio
2719 5128 2952 5197 priorem
2981 5141 3102 5182 esse
3129 5138 3387 5197 tempore,
3426 5129 3503 5197 \el
3528 5143 3659 5197 azvo.

2188 5197 2299 5269 (66)
2330 5196 2553 5269 Legitur
2600 5209 2657 5251 et
2709 5192 2759 5269 in
2793 5196 2961 5269 editis
2987 5207 3041 5249 et
3073 5192 3283 5269 inlusis.
3307 5200 3403 5251 καὶ
3437 5196 3498 5249 τὸ
3524 5192 3662 5269 εἶναι

2114 5265 2289 5335 λέγειν
2322 5286 2337 5299 ⁶
2372 5265 2466 5322 sed
2486 5265 2874 5335 ¥COIIIb908iUS
2921 5275 3071 5333 putat
3127 5268 3199 5322 ita
3254 5268 3661 5327 enendandntn,

2113 5332 2209 5401 καὶ
2239 5339 2299 5392 τὸ
2329 5338 2431 5401 οὐκ
2458 5332 2605 5398 εἶναι,
2625 5336 2825 5402 λέγειν,
2859 5332 2931 5388 et,
2957 5338 3126 5390 dicere
3159 5350 3280 5391 ante
3312 5339 3535 5405 seipsum
3562 5351 3664 5388 non

2108 5426 2238 5463 esse.
2274 5410 2434 5464 Certe
2461 5410 2504 5460 si
2539 5407 2705 5461 semel
2737 5406 2930 5470 cuique
2965 5421 3061 5475 pro
3087 5407 3347 5461 arbitratu
3389 5409 3544 5461 liceat
3572 5415 3663 5458 aut

2109 5480 2307 5533 addere
2351 5478 2529 5533 verbis
2584 5477 2824 5539 Patrum,
2858 5483 2950 5528 aut
2999 5478 3066 5530 de
3124 5477 3191 5531 iis
3246 5479 3546 5539 detrahere,
3574 5485 3666 5528 aut

2107 5551 2300 5614 quovis
2332 5550 2491 5601 modo
2540 5560 2729 5606 eorum
2772 5545 2971 5613 scripta
3025 5547 3335 5612 immutare,
3388 5546 3518 5599 nihil
3553 5559 3661 5614 non

2106 5613 2373 5671 malorum
2410 5617 2534 5671 inde
2585 5616 2877 5685 timendum
2922 5625 3025 5669 est.
3070 5616 3264 5672 Statim
3311 5616 3441 5672 editi
3499 5613 3668 5685 αὐτῆς

2107 5687 2281 5745 ἔσται.
2313 5688 2537 5758 Antiqui
2575 5697 2683 5743 tres
2718 5684 2839 5742 libri
2868 5684 3034 5740 ἐστίν.
