4016 6220
283 365 386 421 593

1367 357 1741 412 aovsnses
1779 357 2144 413 aesonius:
2187 360 2312 414 LIB.
2340 343 2416 413 ἠ.

3420 361 3528 416 594

277 481 630 555 γεγεννῆσθαι
661 478 794 550 (67),
844 477 1041 547 μᾶλλον
1083 476 1137 528 δὲ
1178 476 1338 528 αὑτὸν
1381 475 1472 527 τὸν
1506 474 1664 526 Υίὸν⁸
1704 473 1853 527 οὐδὲν

1961 476 2258 529 substantia
2295 475 2508 542 accipit,
2550 474 2800 542 dicetque
2855 473 3088 544 genitam
3126 473 3292 528 fuisse
3340 489 3402 527 ex
3447 476 3527 529 ni-

277 576 386 644 γὰρ
417 572 660 641 διαφέρει
700 568 836 641 πρός
877 584 941 635 γε
992 567 1158 637 αὐτὴν
1204 567 1301 637 τὴν
1347 565 1585 619 διάνοιαν
1609 563 1783 626 οὕτως
1815 563 1848 633 ἢ

279 663 420 717 οὕτω
463 661 640 729 λέγειν
665 677 678 690 ο
727 658 943 730 πρῶτον
973 658 1071 728 μὲν
1096 657 1286 728 χρόνον
1319 653 1572 727 [χρόνων]
1601 653 1852 725 δεύτερον

277 756 502 812 τίθεται,
545 754 594 804 εί
635 751 691 804 δὲ
731 750 930 820 βούλει,
963 749 1057 802 καὶ
1096 747 1329 814 αἰώνων,
1373 747 1462 800 τὸν
1494 745 1720 817 ποιητὴν
1743 744 1852 797 τῶν

237 895 241 901 .
278 847 488 901 αἰώνων
513 844 644 915 (68)’
673 842 866 896 ἔπειτα
913 840 1092 911 μέντοι
1142 837 1447 891 ἀκολουθῶν
1497 839 1616 901 ταῖς
1658 833 1851 888 ἑαυτοῦ

235 921 244 958 λ
280 941 388 1008 (69)
433 935 822 1008 βλασφημίαις,
858 934 953 987 καὶ
992 933 1085 984 τὸν
1122 931 1343 1001 Πατέρα
1373 931 1558 1000 (ρήσει,
1601 930 1702 981 οὐκ
1723 928 1855 982 ὄντα

278 1031 498 1101 Πατέρα
521 1029 580 1082 τὸ
604 1027 663 1092 ἐξ
693 1027 886 1098 ἀρχῆς,
929 1019 1046 1078 εἶτα
1079 1023 1303 1093 ὕστερον
1332 1023 1636 1090 γεγονέναι.

351 1207 438 1260 12.
479 1205 672 1258 Καίτοι
709 1206 756 1257 εί
789 1204 884 1274 μὲν
915 1202 1076 1257 καλὸν
1119 1202 1213 1256 καὶ
1248 1201 1456 1272 πρέπον
1492 1203 1557 1272 τῇ
1593 1218 1856 1274 μακαριο-

279 1316 400 1367 τητι
417 1296 511 1350 τοῦ
537 1297 670 1350 Θεοῦ
687 1296 748 1349 τὸ
772 1293 908 1348 εἶναι
934 1293 1176 1364 Πατέρα,
1203 1293 1319 1356 πῶς
1339 1294 1438 1347 οὒκ
1463 1293 1522 1357 ὲξ
1547 1295 1720 1364 ἀρχῆς
1743 1294 1852 1365 (70)

279 1391 339 1443 τὸ
365 1390 569 1461 πρέπον
591 1389 738 1459 αὐτῷ
763 1387 944 1459 παρῆν
964 1405 982 1452 ;
1005 1388 1074 1438 Ἢ
1093 1385 1203 1456 γὰρ
1228 1385 1424 1456 ἀγνοίᾳ,
1447 1384 1540 1439 τοῦ
1569 1385 1854 1456 βελτίονος,

279 1483 312 1553 ἢ
345 1482 613 1552 ἀδυναμία
646 1481 860 1543 πάντως
888 1479 1192 1547 λογιοῦνται
1230 1480 1327 1548 τὴν
1361 1477 1592 1547 ἔλλειψιν
1612 1495 1624 1506 ·
1663 1477 1857 1549 ἀγνοίᾳ

285 1574 404 1645 μὲν,
444 1572 601 1640 εἴπερ
630 1571 852 1642 ὕστερον
881 1570 1064 1642 ἐξεῦρε
1109 1571 1168 1623 τὸ
1211 1570 1444 1640 βέλτιον,
1475 1567 1746 1638 ἀδυναμίᾳ
1777 1567 1854 1630 δὲ,

281 1665 439 1736 εἴπερ
472 1663 626 1728 εἰδὼς
659 1664 753 1716 καὶ
801 1665 1000 1726 συνιεὶς
1039 1663 1379 1732 ἀπετύγχανε
1411 1661 1504 1713 τοῦ
1545 1659 1853 1715 καλλίστου.

281 1758 343 1809 Εἰ
373 1756 434 1809 δὲ-
469 1755 632 1828 (ὂ-μὴ
666 1754 822 1825 θέμις
863 1752 1077 1823 εἰπεῖν.)
1127 1753 1188 1805 οὐ
1222 1751 1385 1805 καλὸν
1431 1749 1578 1820 αύτῷ
1615 1749 1676 1801 τὸ
1720 1746 1858 1800 εἶναι

1957 566 2065 618 hilo
2090 566 2446 619 substantiam
2473 565 2606 632 ejus.
2641 569 2748 618 imo
2774 566 2963 620 Filium
2991 566 3195 634 ipsum;
3231 566 3361 619 nihil
3383 569 3523 620 enim

1956 659 2138 723 rel'ert,
2181 658 2324 724 quod
2377 658 2442 710 ad
2504 657 2828 715 sententiam
2874 656 3088 722 attinet,
3123 657 3202 710 sic
3226 657 3307 710 vel
3345 659 3423 710 sic
3449 659 3524 712 di-

1955 766 2078 805 cere
2104 767 2118 804 :
2144 750 2374 818 primum
2408 750 2621 818 quidem
2660 749 3014 818 temporibus,
3040 758 3222 816 atque,
3249 749 3293 803 si
3323 749 3398 803 ita
3426 751 3526 814 vis,

1956 841 2170 896 saeculis
2197 842 2532 895 conditorem
2578 841 2896 896 smeulorum
2949 842 3229 894 constituit
3261 843 3528 910 posterio-

1957 949 2070 988 rem
2097 953 2112 988 :
2137 934 2331 988 deinde
2356 949 2482 988 vero
2517 933 2866 1002 blasphemiis
2907 934 3020 987 suis
3071 933 3326 986 insistens
3357 933 3529 986 dictu-

1956 1040 2049 1079 rus
2077 1036 2159 1080 est
2195 1026 2356 1080 etiam
2393 1026 2630 1091 Patrem,
2667 1041 2787 1080 eum
2827 1025 2987 1079 Pater
3015 1040 3120 1079 non
3154 1035 3299 1077 esset
3326 1025 3390 1077 ab
3428 1025 3529 1078 ini-

1959 1119 2051 1185 tio,
2087 1129 2196 1171 tum
2229 1120 2443 1172 demum
2481 1119 2681 1172 factum
2710 1119 2894 1173 fuisse.

2029 1209 2193 1282 247
2236 1210 2320 1264 12.
2363 1209 2524 1279 Atqui
2553 1211 2597 1263 si
2622 1210 2902 1263 honestmn
2937 1224 3000 1263 ac
3035 1211 3288 1262 decorum
3326 1216 3410 1261 est
3436 1206 3529 1260 Dei

1956 1302 2276 1357 beatitudini
2312 1301 2528 1356 Patrem
2554 1316 2701 1364 esse;
2732 1301 2821 1368 qui
2852 1301 2907 1354 lit
2946 1311 3003 1353 ut
3027 1300 3076 1352 id
3104 1299 3243 1368 quod
3270 1300 3527 1363 decebat,

1957 1393 2007 1446 ei
2046 1393 2112 1447 ab
2161 1392 2316 1447 initio
2353 1407 2457 1446 non
2501 1389 2749 1445 adesset?
2778 1391 2885 1443 Aut
2921 1390 3062 1444 enim
3101 1390 3340 1443 melioris
3378 1389 3527 1456 igno-

1959 1485 2179 1549 rationi,
2214 1493 2305 1538 aut
2333 1485 2554 1538 omnino
2585 1483 2916 1551 impotentiae
2955 1481 3098 1536 hunc
3123 1482 3388 1535 delectum
3429 1481 3528 1532 im-

1958 1578 2223 1646 putabunt
2262 1593 2277 1629 :
2332 1575 2654 1645 iguoratioui
2701 1574 2940 1642 quidem,
2995 1574 3038 1626 si
3081 1573 3338 1642 deinceps
3386 1573 3527 1638 quod

1961 1665 2150 1719 melius
2183 1675 2266 1718 est
2299 1666 2656 1734 excogitavit;
2709 1662 3041 1732 impotentiae
3083 1678 3234 1728 vero,
3273 1666 3316 1716 si
3351 1663 3528 1715 sciens

1960 1767 2122 1825 atque
2153 1758 2496 1824 intelligens,
2538 1757 2678 1825 quod
2713 1756 2975 1825 optimum
3010 1764 3129 1810 erat
3155 1755 3368 1822 assequi
3421 1768 3526 1806 non

280 1848 532 1919 Πατέρα,
578 1847 719 1910 τίνος
751 1847 934 1898 ἕνεκεν
970 1847 1034 1897 ἐκ
1085 1843 1385 1914 μεταῆολῆς
1416 1843 1478 1894 τὸ
1507 1843 1689 1912 χεῖρον
1725 1857 1853 1910 προ-

1964 1850 2156 1918 potuit.
2204 1847 2356 1914 Quod
2388 1849 2432 1903 si
2472 1848 2645 1920 (quod
2681 1845 2758 1901 las
2792 1864 2895 1900 non
2930 1858 3011 1901 est
3043 1845 3262 1917 dicere)
3298 1862 3400 1898 non
3448 1854 3532 1898 est

280 1939 484 2003 είλετο;
537 1939 695 1990 Ἀλλά
733 1938 984 2008 τρέποιτο
1016 1937 1114 2006 μὲν
1155 1939 1233 2006 εἰς
1279 1935 1406 1997 τοὺς
1441 1935 1548 2002 (71)
1583 1932 1786 1993 αἰτίους
1817 1933 1851 2001 ἠ

282 2030 630 2101 βλασφημίαο
661 2031 688 2082 ὁ
740 2029 795 2080 δὲ
842 2027 973 2091 Θεὸς
1009 2026 1117 2079 τῶν
1167 2027 1302 2079 ὅλων
1350 2025 1409 2088 ἐξ
1456 2023 1685 2094 ἀπείρου
1739 2023 1855 2074 ἐστὶ

280 2121 467 2193 Πατὴρ
488 2161 501 2183 ,
530 2123 628 2174 οὐκ
661 2121 964 2192 ἀρξάμενός
1007 2135 1136 2170 ποτε
1166 2117 1259 2169 τοῦ
1294 2113 1431 2169 εἷναι
1465 2115 1673 2184 Πατήρ.
1717 2112 1853 2166 Οὖτε

281 2216 387 2284 γὰρ
422 2217 486 2285 τῇ
524 2215 626 2283 τῆς
655 2213 936 2282 δυνάμεως
979 2211 1156 2281 ἐνδείᾳ
1191 2209 1326 2281 πρὸς
1370 2208 1467 2278 τὴν
1510 2205 1854 2275 ἐκπλήρωσιν

278 2304 371 2357 τοῦ
401 2305 702 2376 θελήματος
725 2303 1014 2364 ἐκωλύετο,
1043 2301 1162 2354 οὔτε
1188 2299 1395 2354 αἰώνων
1421 2297 1580 2350 τινῶν
1609 2294 1854 2366 περίοδος

276 2395 554 2465 ἀνέμενεν,
601 2397 708 2459 ἵνα,
760 2395 947 2462 ὥσπερ
993 2395 1086 2446 ἐπὶ
1129 2391 1235 2450 τῶν
1277 2389 1576 2459 ἀνθρώπων
1625 2387 1716 2440 καὶ
1745 2385 1857 2440 τῶν

276 2486 478 2542 λοιπῶν
510 2487 684 2551 ζώων,
730 2487 866 2557 μετά
914 2487 1013 2555 τὴν
1058 2485 1155 2554 τῆς
1202 2483 1416 2554 ἡλικίας
1466 2480 1855 2550 συμπλήρωσιν

275 2580 378 2647 τῆς
404 2581 482 2640 είς
508 2579 568 2630 τὸ
592 2580 785 2648 γεννᾷν
811 2577 960 2646 αύτῷ
987 2577 1265 2645 δυνάμεως
1288 2571 1688 2645 προσελθούσης
1715 2570 1851 2640 (72),

278 2669 339 2720 τὸ
395 2670 826 2738 σπουδαζόμενον
889 2669 1248 2738 περιγένηται
1305 2664 1682 2736 (μαινομένων
1746 2662 1855 2733 γὰρ

277 2761 448 2816 ταῦτα
479 2762 573 2814 καὶ
599 2762 847 2831 ἐννοῆσαι
877 2761 972 2813 καὶ
999 2757 1374 2829 φθέγξασθαι),
1404 2756 1539 2809 ἀλλὰ
1567 2758 1632 2826 τῇ
1660 2754 1852 2806 ἑαυτοῦ

281 2854 538 2925 ἀῖδιότητι
579 2854 1187 2926 συμπαρεκτεινομένην
1237 2851 1348 2921 ἔχει
1398 2850 1496 2920 τὴν
1558 2850 1644 2916 (ἵν’
1681 2847 1854 2910 οὕτως

278 2945 566 3015 ὀνομάσω)
629 2946 956 3016 πατρότητα.
1018 2944 1224 2997 Οὐκοῦν
1276 2942 1369 2996 καὶ
1439 2942 1468 2991 ὁ
1541 2941 1686 3002 Υἱὸς,
1749 2939 1854 3009 πρὸ

279 3037 470 3101 αίῶνος
517 3038 626 3107 (75)
660 3037 756 3102 ὢν,
805 3038 898 3090 καὶ
946 3038 1032 3089 ἀεὶ
1082 3035 1184 3100 ὢν,
1220 3036 1318 3087 ούκ
1352 3033 1551 3104 ἤρξατο
1589 3032 1680 3084 τοῦ
1714 3028 1854 3084 εἷναί

279 3147 430 3192 ποτε,
459 3129 575 3183 ἀλλ’
601 3131 694 3198 ἀφ’
724 3125 784 3184 οὗ
808 3130 1017 3200 Πατὴρ,
1051 3129 1145 3182 καὶ
1176 3128 1324 3194 Υἱὸς,
1355 3128 1446 3180 καὶ
1478 3126 1638 3189 εὐθὺς
1667 3128 1732 3195 τῇ
1759 3125 1852 3177 τοῦ

1962 1943 2009 1995 ei
2048 1941 2244 1995 bonum
2284 1939 2496 1993 Patrem
2539 1954 2679 2003 esse,
2720 1940 2873 2008 cujus
2907 1939 2980 1992 rei
3013 1939 3186 2008 gratia
3227 1943 3528 1990 commuta-

1964 2041 2049 2086 tus
2076 2030 2227 2100 pejus
2258 2030 2460 2099 elegit?
2492 2029 2594 2081 Sed
2625 2029 2831 2082 recidat
2863 2029 2916 2081 in
2948 2044 3072 2080 suos
3106 2037 3354 2079 auctores
3388 2023 3532 2077 blas-

1964 2123 2199 2191 phemia.
2248 2121 2379 2173 Nam
2435 2126 2570 2174 Deus
2623 2121 3002 2174 universorum
3039 2120 3196 2171 Pater
3231 2127 3313 2190 est
3346 2133 3409 2168 ex
3450 2117 3532 2167 in-

1964 2214 2148 2276 liuito,
2197 2227 2296 2265 nec
2327 2227 2561 2280 unquam
2608 2210 2768 2263 Pater
2799 2225 2920 2263 esse
2949 2209 3134 2278 εωρίι.
3169 2207 3351 2276 Neque
3386 2207 3530 2259 enim

1964 2305 2215 2376 potentiae
2245 2305 2476 2368 delectu,
2508 2320 2574 2356 ne
2601 2303 2840 2371 expleret
2871 2301 3227 2363 voluntatem,
3254 2297 3532 2353 detineba-

1965 2410 2050 2453 tur
2082 2419 2094 2452 :
2131 2412 2306 2465 neque
2332 2396 2563 2448 ullorum
2603 2395 2920 2449 saeculorum
2955 2391 3216 2446 circuitus
3249 2401 3530 2460 exspecta-

1962 2492 2056 2555 vit,
2091 2500 2148 2542 ut
2175 2491 2315 2543 sicut
2339 2491 2389 2541 in
2427 2488 2729 2540 hominibus
2761 2502 2823 2540 ac
2858 2485 3078 2552 reliquis
3108 2483 3452 2545 animalibus,
3483 2482 3530 2534 ei

1963 2582 2256 2653 generandi
2294 2580 2552 2634 facultate
2597 2590 2717 2649 post
2757 2578 3078 2648 completam
3126 2585 3338 2630 aetatem
3380 2591 3533 2627 acce-

1965 2679 2148 2743 dente,
2209 2675 2351 2744 quod
2412 2673 2629 2728 volebat
2682 2681 3084 2742 assequeretur.
3145 2668 3531 2723 Insanientium

1962 2772 2104 2824 enim
2140 2779 2224 2824 est
2256 2771 2366 2822 hare
2401 2775 2455 2821 et
2500 2768 2757 2837 cogitare,
2793 2777 2845 2819 et
2885 2765 3050 2832 loqui.
3087 2761 3227 2826 Sed,
3265 2771 3323 2814 ut
3354 2763 3423 2814 ita
3453 2761 3533 2813 di-

1961 2879 2102 2926 cam,
2136 2868 2406 2915 extentam
2437 2859 2599 2912 habet
2638 2875 2758 2911 cum
2794 2873 2889 2911 sua
2941 2857 3247 2910 :eternitate
3289 2853 3532 2924 paterni-

1964 2964 2150 3007 tatem.
2189 2951 2550 3018 Quamobrem
2584 2961 2637 3005 et
2673 2949 2840 3002 Filius
2872 2965 2993 3002 cum
3028 2955 3154 3001 ante
3196 2945 3392 2999 smeula
3427 2944 3492 2998 sit
3515 2983 3528 3006 ,

1961 3059 2014 3100 et
2045 3061 2257 3114 semper
2283 3046 2374 3109 sit,
2413 3059 2682 3114 nunquam
2720 3057 2839 3096 esse
2873 3041 3094 3110 incoepit
3125 3059 3138 3093 :
3179 3040 3270 3092 sed
3326 3054 3391 3090 ex
3427 3052 3530 3104 quo

1961 3137 2125 3192 Pater
2151 3148 2256 3200 est,
2293 3149 2348 3190 et
2382 3136 2552 3190 Filius
2579 3146 2682 3200 est,
2732 3141 2786 3187 et
2826 3134 3009 3187 statim
3057 3146 3162 3184 una
3193 3146 3313 3183 cum
3357 3129 3530 3181 Patris

279 3219 493 3290 Πατρὸς
524 3220 702 3290 ἐννοίᾳ
731 3222 763 3290 ἠ
791 3220 885 3273 τοῦ
916 3219 1053 3274 Υίοῦ.
1077 3219 1502 3288 συνεισέρχεται.
1542 3217 1599 3269 '0
1621 3217 1729 3286 γὰρ
1751 3219 1853 3271 Πα-

1965 3231 2202 3295 notione,
2252 3228 2375 3284 Filii
2415 3242 2630 3298 quoque
2668 3227 2816 3280 notio
2860 3224 3121 3292 subrepit.
3174 3221 3307 3274 Nam
3349 3219 3530 3281 Pater,

280 3310 383 3380 τὴρ
428 3310 560 3364 Υίοῧ
609 3311 800 3382 Πατὴρ
843 3311 1104 3382 δηλονότι.
1152 3309 1321 3381 Ἀρχὴ
1369 3310 1466 3379 μὲν
1505 3305 1596 3362 οὖν
1641 3308 1854 3379 Πατρὸς

278 3404 524 3476 οὐδεμία,
553 3406 695 3477 ἀρχὴ
716 3407 770 3458 δὲ
799 3405 894 3459 τοῦ
919 3405 1048 3462 Υἱοῦ
1072 3407 1100 3457 ὁ
1126 3405 1314 3477 Πατήρ
1332 3421 1347 3437 ο
1379 3405 1541 3476 μέσον
1570 3403 1626 3456 δὲ
1650 3401 1854 3455 τούτων]

279 3496 452 3551 οὐδέν.
491 3498 610 3561 Πῶς
635 3494 728 3552 οὖν
755 3499 853 3552 οὐκ
884 3493 953 3568 ἦν
985 3498 1045 3550 τὸ
1074 3497 1133 3562 ἐξ
1159 3498 1334 3568 ἀρχῆς
1365 3499 1380 3567 l
1405 3496 1562 3549 τοῦτο
1598 3496 1707 3567 γάρ
1739 3498 1859 3548 ἐστι

277 3588 360 3649 τὸ,
388 3588 500 3657 πρὸ
534 3588 644 3658 τῆς
677 3589 830 3654 ἰδίας
856 3589 1230 3655 συστάσεως,
1265 3593 1324 3642 ὲν
1359 3589 1652 3659 σοφίσμασι
1697 3587 1854 3655 λεγό-

285 3696 444 3749 μενον
486 3680 637 3750 παρά
661 3680 906 3749 τούτων)
933 3683 960 3734 ὁ
1002 3681 1166 3752 μηδὲν
1200 3681 1336 3751 ἔχων
1370 3679 1855 3750 προεπινοούμενον

279 3769 496 3834 ἑαυτοῦ,
527 3773 575 3824 εί
610 3772 682 3843 μὴ
710 3771 799 3825 τὸν
834 3773 891 3839 ἐξ
922 3767 981 3826 οὗ
1009 3771 1120 3843 ἔχει
1147 3772 1209 3825 τὸ
1239 3770 1398 3838 εἶναι,
1436 3773 1495 3824 ού
1528 3771 1854 3841 διαστήματι

278 3861 632 3933 ὑπερέχοντα,
678 3863 812 3917 ἀλλά
848 3867 913 3933 τῇ
945 3863 1092 3933 αἰτίᾳ.
1125 3863 1566 3936 προτεταγμένον
1614 3861 1763 3932 (74);
1795 3863 1854 3914 Εἰ

276 3954 454 4006 τοίνυν
489 3955 656 4017 ἀΐδιος
685 3958 717 4024 ἡ
752 3955 845 4008 τοῦ
875 3955 1003 4008 Υἱοῦ
1040 3955 1292 4008 κοινωνία
1322 3955 1456 4024 πρὸς
1480 3955 1570 4006 τὸν
1598 3954 1729 4005 Θεὸν
1761 3955 1856 4006 καὶ

276 4045 495 4116 Πατέρα
544 4047 940 4116 ἀναπέφανται,
989 4048 1085 4118 τῆς
1134 4047 1372 4109 διανοίας
1418 4045 1575 4117 ἡμῶν
1615 4045 1722 4097 ἀπὸ
1761 4046 1854 4098 τοῦ

278 4136 409 4188 Υίοῦ
447 4137 513 4190 δι’
543 4139 754 4202 οὐδενὸς
800 4139 956 4193 κενοῦ
1000 4139 1137 4211 πρὸς
1167 4143 1258 4192 τὸν
1293 4139 1512 4210 Πατέρα
1548 4137 1852 4210 χωρούσης,

279 4226 392 4280 ἀλλ’
426 4228 761 4293 ἀδιαστὰτως
791 4232 882 4285 τὸν
919 4232 1046 4284 Υἱδν
1086 4232 1162 4302 τῷ
1197 4233 1370 4304 Πατρὶ
1403 4230 1798 4302 συναπτούσης,
1827 4232 1865 4282 ὁ.

285 4319 471 4389 μηδενὶ
499 4321 646 4392 μέσῳ
669 4323 1032 4394 διοριζόμενος
1058 4327 1180 4378 τίνα
1208 4325 1288 4377 ἔτι
1318 4325 1670 4395 παρείσδυσιν
1698 4341 1858 4376 καταο

281 4409 458 4462 λείπει
493 4413 557 4482 τῇ
603 4416 812 4485 πονηρᾷ
848 4414 1165 4488 βλασφημία
1209 4416 1315 4470 τῶν
1344 4417 1632 4486 λεγόντων,
1668 4419 1740 4469 ἐκ.
1763 4416 1863 4471 τοῦ.

285 4500 360 4572 μὴ
385 4501 536 4566 ὄντος
564 4504 727 4557 αὑτὸν
755 4506 833 4568 είς
862 4506 920 4559 τὸ
952 4503 1090 4560 εἶναι
1119 4508 1392 4580 παρῆχοαι
1415 4525 1438 4574 ;-

357 4595 442 4649 15.
489 4596 719 4648 Ἔπειτα
754 4597 934 4667 μέντοι
964 4599 1056 4651 κα)⁵
1082 4598 1181 4668 τῆς
1207 4599 1390 4662 ἀνοίας
1423 4599 1618 4663 αὐτοὺς
1643 4599 1857 4669 θαυμάε

1959 3322 2080 3377 Filii
2127 3321 2314 3390 utique
2347 3329 2429 3376 est
2477 3319 2658 3374 Pater.
2708 3318 2889 3372 Patris
2935 3318 3098 3385 igitur
3137 3316 3290 3384 Otigo
3325 3312 3466 3366 nulla
3514 3327 3530 3366 :

1960 3417 2113 3484 origo
2143 3429 2272 3468 vero
2303 3411 2449 3478 Filii,
2489 3411 2686 3474 Pater;
2728 3409 2870 3462 inter
2906 3409 3006 3462 hos
3053 3406 3184 3460 nihil
3223 3416 3304 3459 est
3346 3404 3529 3458 medii.

1960 3505 2242 3572 Quomodo
2289 3504 2450 3572 igitur
2488 3517 2516 3555 a
2561 3500 2822 3570 principio
2874 3514 2981 3552 non
3022 3507 3138 3552 erat
3174 3493 3334 3567 (nam
3372 3496 3530 3559 illud,

1962 3608 2082 3651 ante
2111 3613 2261 3651 suam
2291 3594 2752 3658 constitutionmn,
2781 3592 2921 3660 quod
2956 3591 3022 3642 ab
3059 3589 3140 3642 his
3187 3604 3280 3657 per
3311 3586 3525 3640 cavilla-

1965 3688 2162 3742 tionem
2192 3686 2482 3754 profertur,
2515 3685 2617 3738 hoc
2644 3684 2745 3737 sibi
2779 3681 2946 3750 vult,)
2978 3682 3041 3748 is,
3075 3681 3165 3750 qui
3211 3679 3341 3733 nihil
3372 3679 3534 3734 habet.

1962 3779 2104 3848 quod
2136 3788 2269 3832 ante
2293 3793 2353 3832 se
2385 3776 2740 3846 intelligatur,
2770 3774 2873 3828 nisi
2905 3773 3072 3839 illum,
3108 3789 3135 3824 a
3165 3787 3270 3841 quo
3300 3786 3408 3824 esse
3439 3770 3534 3822 ha-

1963 3873 2072 3935 bet,
2113 3884 2219 3923 non
2247 3865 2535 3922 intervallo
2565 3865 2983 3934 prmcedentem,
3017 3863 3109 3916 sed
3150 3877 3327 3915 causa:
3353 3860 3535 3928 digni-

1965 3972 2074 4016 tate
2120 3958 2509 4032 praepositum?
2545 3958 2780 4012 Proinde
2819 3956 2864 4010 si
2918 3955 3036 4010 Filii
3094 3970 3216 4008 cum
3266 3953 3430 4006 Patre
3482 3962 3537 4006 et;

1965 4058 2076 4110 Deo
2111 4054 2424 4125 conjunctio
2452 4061 2668 4106 ostensa
2698 4059 2783 4104 est
2809 4060 3030 4113 aeterna,
3065 4063 3188 4101 cum
3231 4055 3408 4101 nostra
3441 4060 3536 4100 co-

1965 4149 2156 4218 gitatio
2189 4164 2218 4201 a
2252 4147 2390 4202 Filio
2423 4148 2488 4199 ad
2533 4145 2746 4200 Patrem
2793 4158 2887 4212 per
2922 4141 3126 4196 nullum
3168 4139 3404 4195 medium
3436 4140 3534 4193 de-

1966 4241 2167 4304 veniat,
2198 4239 2308 4293 imo
2345 4239 2550 4306 alisque
2582 4235 2868 4291 intervallo
2915 4234 3058 4287 Patri
3089 4234 3286 4288 Filium
3314 4230 3538 4301 conjun-

1962 4343 2083 4401 gat;
2116 4333 2162 4386 is
2197 4332 2287 4399 qui
2320 4331 2467 4383 nullo
2511 4329 2688 4383 medio
2719 4327 3040 4396 seiungitur,
3082 4341 3242 4395 quem
3276 4324 3387 4395 jam
3422 4324 3538 4377 adi-

1965 4436 2076 4477 tum
2126 4436 2303 4490 prav:e
2342 4419 2691 4488 blasphemiae
2727 4419 2984 4487 relinquit
3020 4434 3207 4473 eorum
3231 4457 3246 4482 ,
3282 4416 3371 4486 qui
3406 4431 3528 4469 eum

1963 4508 2149 4560 dicunt
2183 4521 2246 4558 ex
2285 4519 2386 4556 non
2421 4504 2720 4556 exsisteute
2749 4503 2815 4555 ad
2844 4518 2953 4555 esse
2980 4502 3300 4570 productum
3325 4499 3485 4554 esse?

2039 4597 2131 4651 4‘5.
2173 4597 2253 4650 Ad
2298 4595 2413 4649 hac
2449 4595 2688 4663 ipsorum
2720 4608 2933 4662 quoque
2976 4592 3301 4648 dementiam
3345 4590 3538 4645 mirari

354 4793 466 4864 (67)
499 4793 733 4868 Editiuet
760 4811 888 4868 mss.
920 4812 1024 4868 non
1065 4795 1220 4864 pauci
1267 4797 1623 4868 γεγενῆσθαι,
1657 4797 1852 4864 factum
1885 4802 1937 4855 Ι)
1960 4811 2060 4848 une
2087 4799 2206 4868 duae
2239 4808 2398 4849 voces
2422 4794 2619 4849 desunt
2650 4793 2703 4846 in
2741 4807 2899 4868 mss.,
2935 4807 3038 4868 nec
3061 4792 3248 4868 dubito
3278 4789 3411 4861 quin
3438 4790 3536 4846 de-

282 4881 393 4919 esse
418 4881 437 4918 :
468 4878 566 4936 nec
595 4864 975 4936 aliterlegitur
1010 4867 1061 4919 in
1103 4881 1169 4919 eo
1199 4869 1406 4929 codice,
1449 4864 1502 4920 in
1556 4883 1665 4936 quo
1717 4883 1854 4935 opus

287 4935 531 5007 Eunomii
569 4934 824 5007 inveniri
872 4936 1149 5007 disimus.
1178 4937 1358 4990 Codex
1406 4934 1855 5007 cumquem-

287 5005 431 5067 σθαι,
462 5005 687 5070 genitam
709 5021 848 5074 esse.
905 5004 1029 5059 Mihi
1064 5006 1280 5074 quidem
1328 5009 1548 5059 dubium
1598 5004 1702 5060 non
1744 5004 1848 5070 est,

283 5077 411 5142 quin
444 5074 592 5137 illttd,
629 5073 827 5142 μᾶλλον
880 5074 960 5139 δέ,
1011 5073 1143 5135 ειε..
1175 5078 1254 5129 sic
1304 5076 1677 5144 accipiendum
1727 5077 1797 5130 sit
1833 5093 1847 5129 :

285 5144 398 5198 lmo
428 5158 575 5206 vero,
607 5145 649 5213 si
682 5159 806 5198 vera
836 5143 992 5199 fateri
1033 5145 1328 5199 Eunomius
1365 5143 1500 5208 vult,
1543 5148 1718 5213 palam
1763 5147 1847 5200 di-

284 5225 469 5268 cturus
492 5223 574 5268 est
607 5211 800 5268 Filium
849 5215 1021 5282 ipsum
1063 5231 1128 5267 ex
1165 5215 1332 5268 nihilo
1372 5211 1612 5284 genitum
1659 5216 1847 5271 fuisse.

280 5285 452 5340 Aliter
477 5293 653 5338 tamen
703 5285 845 5338 hunc
897 5286 1069 5338 locum
1100 5285 1442 5338 intellexerat
1491 5297 1645 5339 vetus
1685 5287 1852 5340 inter-

281 5369 427 5423 pres,
453 5355 545 5422 qui
578 5356 646 5407 ita
680 5355 969 5408 vertisset:
1000 5353 1118 5408 Ima
1164 5355 1392 5421 primum
1423 5357 1591 5423 ipsum
1647 5354 1852 5408 Filium

283 5424 438 5494 (nihil
470 5423 610 5494 enim
641 5424 795 5491 refert
827 5436 1081 5491 quantum
1127 5426 1195 5477 ad
1248 5440 1374 5487 rem,
1401 5425 1497 5478 hoc
1539 5425 1616 5478 vel
1647 5425 1736 5478 illo
1771 5427 1853 5476 di—

281 5493 398 5548 eare
421 5493 596 5564 modo)
631 5495 966 5564 posteriorem
980 5512 1147 5564 iquam
1183 5505 1414 5556 tempora
1445 5507 1620 5560 ponet.
1651 5496 1847 5548 Ibidem

281 5564 410 5618 editi
440 5562 586 5626 Υίὸν,
620 5564 711 5616 καὶ
738 5563 911 5616 οὐδέν.
950 5563 1203 5616 Voculam
1227 5564 1320 5614 καί
1339 5566 1716 5631 expuuximas,
1753 5580 1848 5618 co-

282 5634 460 5687 dieum
488 5631 716 5703 duorum
757 5637 916 5686 tidem
966 5635 1164 5688 secuti.
1214 5633 1336 5687 Mox
1371 5635 1501 5688 editi
1552 5633 1584 5703 ἢ
1630 5635 1851 5687 οὑτωσί.

281 5706 352 5758 At
385 5716 516 5754 mss.
541 5702 574 5771 ἢ
605 5701 794 5765 οὕτως.

352 5771 466 5843 (68)
491 5769 631 5826 Editi
672 5772 778 5826 τῶν
831 5773 1040 5829 αἰώνων
1087 5772 1341 5846 δεύτερον
1383 5769 1544 5829 εἶναι.
1581 5773 1689 5829 Sed
1722 5774 1847 5830 ulti-

1965 4869 2128 4919 heaut
2163 4867 2372 4927 abesse,
2412 4880 2538 4918 cum
2581 4866 2914 4918 sententiam
2956 4861 3193 4918 elIiciaut
3219 4871 3532 4917 contortam

1961 4946 2125 5000 atque
2159 4935 2496 4988 intricatam.

2031 5005 2142 5072 (69)
2175 5005 2316 5058 Editi
2353 5003 2541 5057 αὑτοῦ.
2593 5003 2663 5056 At
2713 5018 2844 5072 mss:
2904 5000 3122 5055 ἑαυτοῦ.
3177 5000 3373 5057 Statim
3405 5001 3532 5058 editi

1957 5075 2072 5128 ἀλλ’
2107 5067 2355 5146 ὕστερον.
2380 5075 2524 5129 Libri
2550 5083 2761 5146 veteres
2777 5067 3186 5146 εἷταλύσίιιερον,

2030 5147 2142 5215 (70)
2178 5139 2312 5214 Reg.
2344 5154 2568 5215 quartus
2594 5141 2712 5215 πῶς
2734 5139 2837 5215 οὖν
2872 5143 2946 5214 μὴ
2967 5142 3027 5206 ἐξ
3056 5139 3252 5214 ἀρχῆς.

2031 5211 2144 5286 (71)
2178 5211 2321 5286 Ειίῖιί
2357 5214 2494 5284 πρὸς
2520 5213 2667 5276 τούς.
2716 5211 2944 5286 Antiqui
2970 5227 3064 5286 sex
3097 5211 3232 5286 'libri
3258 5213 3343 5286 εἰς
3375 5211 3524 5274 τούς.

2030 5281 2145 5353 (Ἡ)
2175 5281 2413 5356 Editi‘et'
2438 5299 2531 5337 sex
2575 5299 2705 5338 mss.
2741 5281 3134 5356 προελθούσης.
3155 5284 3225 5338 At
3257 5282 3389 5353 Reg.
3423 5293 3534 5336 ter-

1962 5357 2069 5408 tius
2105 5354 2534 5426 προσελθούσης,
2567 5362 2734 5407 recte.

2033 5420 2318 5496 (73)'Editi
2354 5435 2409 5478 et
2468 5420 2601 5476 iuss.
2651 5425 2800 5478 multi
2850 5423 2981 5496 Υίὸς
3038 5421 3145 5493 πρὸ
3186 5420 3408 5496 αἰῶνος.
3465 5422 3534 5475 At

1963 5491 2090 5560 Heg.
2123 5491 2322 5548 tertius
2359 5497 2594 5547 secunda
2619 5499 2802 5550 {litauit
2841 5495 2969 5557 Υἱὸς
2998 5491 3324 5562 προαιώνιος
3346 5491 3442 5544 ὢν.

2029 5567 2141 5635 (74)
2185 5564 2361 5618 Ἀλλά
2384 5563 2458 5632 τῇ
2473 5564 2630 5628 αἰτίῃ
2647 5561 3143 5635 προτεταγμένον,
3175 5579 3349 5635 causa!
3364 5561 3533 5635 nomi-

1965 5632 2415 5704 ne'prtvpositum.
2471 5637 2610 5704 Lege
2646 5637 2874 5702 primum
2913 5632 3062 5687 num.
3098 5633 3150 5694 8,
3191 5633 3283 5698 25,
3319 5635 3406 5685 ubi
3440 5632 3532 5684 i'lla

1960 5703 2183 5759 Joannis
2208 5720 2318 5768 xw,
2356 5706 2444 5768 28,
2476 5703 2638 5756 I’aler
2669 5705 2840 5771 major
2863 5721 2941 5759 me
2971 5714 3066 5771 est,
3095 5714 3150 5758 ut
3171 5704 3325 5760 docte
3347 5704 3418 5758 ita
3447 5717 3536 5757 co-

1963 5777 2107 5841 piose
2139 5791 2170 5831 a
2201 5773 2401 5832 Basilio
2431 5773 2795 5844 explicantur.
