4016 6220
583 310 694 368 595
1928 320 1987 376 S.
2028 319 2281 376 BASILII
2320 319 2539 376 MAGNI
3719 324 3793 381 596

581 442 764 498 opera.-
808 430 1038 500 pretium
1070 441 1190 501 est,
1220 434 1364 504 quod
1408 435 1539 492 dum
1574 450 1643 492 ex
1682 452 1789 494 non
1821 442 2163 495 exstantibus

2269 456 2365 493 σαι
2390 437 2560 505 ἄξιον,
2600 438 2661 491 οὐ
2697 438 2998 503 συνιέντας,
3041 436 3145 502 δτι,
3177 438 3241 491 ἐκ
3281 438 3361 508 μὴ
3395 437 3566 492 ὄντων
3600 439 3796 508 λέγοντες

581 533 708 575 esse
751 518 935 574 dicunt
978 521 1214 586 Filium,
1266 536 1606 597 nequaquam
1654 526 1967 598 intelligunt
2016 533 2161 598 quod

2266 528 2359 582 τὸν
2394 527 2545 593 Υἰὸν,
2572 528 2634 581 οὐ
2662 526 2759 581 τοῦ
2791 526 3006 599 Πατρὸς
3034 526 3192 598 μόνον
3220 525 3488 600 νεώτερον
3518 529 3795 599 ἀποφαίνου-

583 626 709 667 eum
755 627 860 666 non
898 612 1058 667 Patre
1102 615 1302 678 solum.
1351 619 1448 672 sed
1489 631 1553 672 ea
1581 618 1746 673 etiam
1782 635 1843 675 re
1875 636 1974 691 per
2002 638 2162 691 quam

2271 638 2376 684 σιν,
2408 619 2546 674 una
2575 620 2671 673 καὶ
2697 618 2811 685 τοῦ,
2845 612 2889 687 ᾧ
2914 619 3004 672 τὸν
3025 619 3306 689 Μονογενῆ
3335 618 3455 690 (75)
3477 620 3582 673 ἀπὸ
3602 620 3687 673 τοῦ
3715 623 3796 676 Πα-

589 702 934 772 Unigenitum
960 721 989 758 a
1015 705 1171 761 Patre
1197 716 1477 776 separant,
1506 710 1865 778 posteriorem
1897 720 2160 767 statuunt.

2267 715 2397 786 τρὸς
2430 714 2774 784 διορίζουσιν.
2831 713 3069 782 Ἀνάγκη
3112 711 3240 784 γὰρ,
3293 710 3459 783 εἴπερ
3509 729 3561 765 τι
3612 713 3687 782 εἴη
3727 733 3796 783 με-

583 794 717 848 Nam
748 810 970 851 necesse
996 809 1103 857 est.
1127 800 1170 852 si
1201 800 1327 868 quid
1353 799 1425 853 sit
1449 800 1588 854 inter
1618 800 1833 856 Patrem
1862 813 1915 856 et
1940 803 2162 869 Filium,

2267 803 2402 869 ταξὺ
2433 802 2544 872 (76)
2569 802 2781 874 Πατρὸς
2813 802 2905 854 καὶ
2934 801 3089 865 Υίοῦ,
3119 800 3496 874 πρεσϐύτερον
3525 800 3656 855 εἶναι
3679 805 3796 855 τοῦτι

584 886 636 939 id
675 884 796 940 Filii
827 889 1142 943 exsislentia
1183 892 1458 960 antiquius
1498 906 1636 947 esse.
1681 892 1822 959 Quid
1859 894 2021 963 igitur
2056 896 2159 949 lioc

2267 895 2370 966 τῆς
2412 893 2698 967 ὑπάρξεως
2745 893 2838 948 τοῦ
2883 893 3034 947 Υἱοῦ.
3081 893 3147 945 Τί
3193 887 3285 947 οὖν
3317 893 3388 946 ἂν
3428 893 3512 965 εἴη
3552 894 3719 961 τοῦτος
3753 896 3796 946 Ti

581 992 704 1033 esse
728 980 964 1049 poterit?
992 979 1255 1046 Quidnam
1284 982 1428 1038 aliud
1458 984 1561 1039 nisi
1588 996 1682 1039 aut
1706 1000 1882 1039 sevum
1905 996 1999 1040 aut
2026 995 2164 1040 tem-

2270 988 2398 1042 ἄλλο
2430 1004 2494 1057 γε
2521 987 2554 1059 ἢ
2581 986 2715 1042 αἰὼν
2744 987 2962 1050 πάντως
2988 986 3021 1058 ἢ
3046 985 3269 1056 χρόνος;
3309 987 3373 1039 '0
3406 986 3513 1058 γάρ
3543 1005 3620 1039 τοι
3645 1004 3790 1057 περισ-

582 1072 722 1142 pus‘!
746 1071 846 1139 Qui
879 1074 1024 1128 enim
1056 1073 1233 1131 Patris
1259 1078 1425 1131 vitam
1452 1077 1560 1131 vita
1597 1076 1872 1147 Unigenili
1909 1078 2156 1149 intelligit

2272 1080 2497 1152 σοτέραν
2523 1081 2624 1150 τὴν
2666 1078 2762 1133 τοῦ
2795 1077 3009 1150 Πατρὸς
3058 1076 3202 1149 ζωὴν
3245 1077 3346 1148 τῆς
3388 1077 3484 1131 τοῦ
3518 1078 3794 1147 Μονογενοῦς

584 1166 945 1230 anteriorem,
978 1182 1084 1237 qua
1114 1182 1173 1222 re
1211 1168 1319 1222 alia
1349 1184 1511 1238 quam
1542 1168 1867 1224 surculorum
1900 1179 1992 1224 aut
2028 1179 2165 1225 tem-

2270 1171 2467 1227 ἐννοῶν
2516 1171 2653 1241 (77),
2699 1170 2806 1223 τίνι
2840 1186 2905 1239 γε
2954 1168 3099 1239 ἄλλῳ
3131 1169 3527 1240 παραμετρῶν,
3555 1169 3792 1240 εὑρηκέναι

584 1269 776 1324 porum
830 1259 1189 1327 quorumdam
1251 1260 1429 1330 spatio
1483 1261 1808 1325 admetieus,
1871 1276 2157 1317 excessum

2270 1260 2336 1317 ἂν
2366 1261 2507 1316 εζποι
2534 1260 2595 1313 τὸ
2629 1259 2906 1332 περισσὸν,
2937 1258 2970 1329 ἢ
3013 1259 3134 1329 οὐχὶ
3180 1257 3290 1328 (78)
3326 1257 3537 1313 αἰώνων
3566 1259 3597 1328 ἦ
3635 1258 3793 1330 χρόνων

584 1347 859 1404 invenisse
885 1363 944 1404 se
980 1349 1218 1406 dixerit?
1252 1352 1396 1422 quod
1432 1351 1478 1405 si
1523 1351 1626 1405 lioc
1666 1366 1855 1406 verum
1887 1361 1994 1416 est,
2029 1351 2166 1408 falsa

2270 1351 2432 1406 τινῶν
2459 1351 2787 1422 διαστήματι
2809 1368 2824 1416 ;
2858 1352 2921 1404 Ei
2959 1350 3016 1404 δὲ
3042 1349 3198 1404 τοῦτο
3222 1349 3445 1421 ἀληθὲς,
3473 1349 3658 1421 ψευδὴς
3682 1352 3710 1420 ή
3730 1349 3789 1401 λέ-

586 1438 868 1509 Scriptura
908 1450 1025 1509 est,
1052 1458 1172 1511 qua:
1212 1444 1345 1497 dicit
1390 1443 1532 1519 facta
1563 1457 1683 1497 esse
1716 1458 1814 1514 per
1854 1445 2032 1514 ipsum
2070 1461 2170 1499 ειν-

2271 1455 2444 1508 γουσα
2485 1439 2675 1511 Γραφὴ
2702 1440 2828 1502 τοὺς
2857 1438 3057 1502 αἰῶνας
3087 1438 3153 1491 δι’
3181 1438 3349 1491 αὐτοῦ
3377 1438 3700 1508 γεγενῆσθαι,
3723 1440 3789 1491 καὶ

586 1526 704 1581 cula
725 1528 792 1595 “;
821 1544 1050 1600 quaeque
1079 1533 1235 1586 docet
1258 1530 1396 1587 facta
1424 1546 1546 1585 esse
1570 1545 1663 1600 per
1688 1531 1862 1599 ipsum
1888 1534 2069 1587 omnia
2096 1535 2164 1602 ",

587 1637 711 1676 cum
742 1633 889 1677 certe
921 1624 973 1676 in
998 1624 1238 1678 omnium
1292 1640 1518 1679 numero
1559 1624 1761 1678 saecula
1816 1626 1979 1680 etiam
2019 1644 2168 1683 com-

2273 1623 2429 1685 πᾶσι,
2464 1620 2729 1691 δηλονότι,
2770 1620 3319 1691 ἐμπεριειλημμένων
3354 1620 3580 1674 καὶτῶν
3608 1617 3785 1672 αἰώνων.

586 1714 1013 1784 preliendantur.
1050 1715 1106 1769 Si
1138 1731 1265 1771 vero
1304 1716 1500 1769 dicturi
1536 1726 1658 1769 sunt
1709 1730 1769 1769 se
1808 1733 1913 1770 non
1965 1735 2166 1789 negare

2273 1714 2337 1771 Ei
2362 1713 2421 1766 δέ
2453 1714 2685 1784 φήσουσι
2725 1711 2800 1785 μὴ
2829 1712 3191 1785 ἀπαρνεῖσθαι
3222 1712 3332 1783 πρὸ
3365 1712 3473 1767 τῶν
3513 1709 3695 1766 αἰώνων
3724 1711 3785 1763 τὸν

590 1803 787 1859 Filium
811 1814 938 1861 ante
964 1808 1155 1862 secula
1187 1808 1352 1881 248
1380 1810 1617 1880 genitum
1644 1826 1784 1876 esse,
1802 1810 1997 1874 sciant,
2022 1813 2162 1880 qttod

2269 1805 2395 1859 Υἰὸν
2446 1804 2827 1875 γεγεννῆσθαι,
2883 1805 2958 1876 μὴ
3028 1804 3462 1873 λανθανέτωσαν,
3506 1803 3534 1856 ὃ
3576 1803 3644 1873 τῷ
3684 1803 3784 1872 λόγῳ

588 1896 770 1952 verbis
799 1900 1118 1966 concedunt,
1139 1900 1189 1954 id
1211 1916 1396 1955 revera
1420 1903 1486 1955 ab
1503 1902 1634 1971 ipsis
1651 1903 1785 1957 tolli.
1801 1901 2165 1973 Interrogabi-

2266 1899 2628 1970 συγχωροῦσι,
2669 1897 2811 1953 κατὰ
2842 1897 3097 1970 ἀλήθειαν
3136 1897 3550 1970 ἀφαιρούμενοι.
3602 1896 3772 1967 Ἐρωτή-

2273 1532 2307 1602 ή
2350 1528 2707 1596 διδάσκουσα,
2762 1531 2844 1584 ὅτι
2902 1529 3078 1585 πάντα
3123 1529 3189 1583 δι’
3227 1530 3395 1583 αὐτοῦ
3448 1529 3674 1598 ἐγένετο·
3707 1534 3787 1593 τοῖς

590 2001 710 2041 mus
746 1988 891 2041 enim
923 2004 1038 2055 eos,
1071 1990 1163 2059 qui
1194 2005 1260 2045 ex
1296 2006 1401 2045 non
1434 1994 1774 2049 exstantibus
1805 1994 2162 2048 substantiam

589 2078 893 2148 producunt
929 2078 1200 2150 Unigeniti
1258 2097 1272 2134 :
1315 2083 1538 2148 Quando
1574 2099 1677 2137 non
1708 2093 1844 2150 erat,
1880 2093 1941 2139 ut
1965 2084 2161 2148 dicitis,

586 2169 719 2239 quid
739 2178 859 2224 erat
898 2170 1024 2224 illud
1059 2172 1435 2226 intervallum?
1468 2188 1628 2241 quam
1665 2176 1712 2228 ei
1750 2175 2162 2244 appellationem

588 2259 1005 2330 excogitabitis?
1039 2260 1171 2314 Nam
1213 2265 1514 2319 communis
1546 2268 1887 2321 consuetudo
1923 2268 2158 2336 spatium

587 2366 751 2407 omne
806 2364 901 2406 aut.
952 2354 1286 2423 temporibus
1333 2364 1425 2410 aut
1469 2358 1683 2413 szeculis
1733 2358 1975 2425 subiicit.
2026 2360 2161 2415 Nam

592 2443 736 2512 quod
769 2444 821 2497 in
859 2446 1206 2501 sensibilibus
1234 2459 1318 2503 est
1356 2458 1590 2519 tempus,
1623 2452 1726 2506 hoc
1749 2453 1932 2507 surculi
1957 2463 2038 2509 est
2072 2471 2167 2506 na-

592 2544 714 2588 tura
745 2535 797 2588 in
828 2537 986 2592 rebus
1010 2540 1211 2594 mundo
1238 2542 1633 2611 superioribus.
1659 2543 1749 2598 Isti
1776 2560 1932 2610 vero,
1962 2547 2006 2601 si
2038 2548 2164 2615 quid

590 2628 808 2682 tertiqu
840 2644 937 2698 pro
963 2646 1059 2685 sua
1091 2633 1357 2700 sapientia
1393 2623 1908 2704 eorumiuiscuntur,
1948 2639 2158 2697 dicant.

590 2717 699 2773 Sed
735 2721 858 2774 dum
892 2724 1167 2786 tacebunt,
1196 2724 1337 2780 haud
1371 2726 1618 2796 ignorent
1642 2743 1703 2783 se
1730 2727 2003 2800 Unigeniti
2039 2733 2168 2789 sult-

594 2810 850 2865 stantiam
887 2815 1102 2870 sreculis
1148 2818 1503 2884 posteriorem
1560 2821 1918 2874 constituere.
1955 2821 2165 2877 Etenim

591 2900 641 2955 si
673 2905 815 2971 quod
843 2905 1077 2973 spatium
1112 2907 1213 2960 fuit
1240 2906 1380 2960 Filio
1407 2909 1704 2977 antiquius,
1737 2911 1882 2980 quod
1918 2911 2169 2966 videlicet

591 3012 653 3052 se
688 3011 844 3066 mque
873 3012 938 3051 ac
972 2996 1149 3051 Patris
1184 2999 1290 3052 vita
1323 3001 1662 3065 extenderit,
1709 3002 1898 3070 utique
1935 3001 2164 3055 alterum

592 3103 661 3142 ex
688 3087 773 3143 bis
808 3098 947 3143 erat.
1001 3089 1105 3144 Sed
1152 3106 1253 3147 nec
1285 3100 1405 3160 est,
1448 3107 1549 3147 nec
1597 3093 1702 3148 erit
1744 3095 2003 3163 cogitatio
2043 3096 2164 3151 Filii

591 3180 863 3234 exstantia
902 3181 1199 3250 antiquior.
1236 3183 1369 3238 Nam
1404 3185 1551 3239 omni
1590 3200 1667 3249 re,
1701 3200 1821 3253 qua:
1854 3186 2049 3240 ordine
2078 3204 2169 3238 an-

595 3270 861 3339 tiquitatis
891 3274 1185 3343 excogitari
1214 3284 1409 3344 potest,
1450 3275 1695 3330 anterior
1729 3278 2037 3332 invenietur
2083 3280 2172 3331 illa

594 3361 690 3416 Dei
732 3360 894 3418 Verbi
920 3363 1068 3433 quod
1096 3366 1234 3436 apud
1265 3349 1434 3421 Deum
1476 3383 1504 3421 a
1544 3368 1815 3436 principio
1854 3377 1994 3433 erat,
2031 3369 2174 3422 exsi-

595 3453 810 3511 olentia.
845 3453 955 3509 Etsi
980 3455 1122 3509 enim
1147 3471 1206 3511 se
1228 3457 1344 3527 ipsa
1372 3457 1650 3527 decipiens
1682 3473 1834 3515 mens
1869 3459 2173 3515 innumeris

600 3545 1116 3614 imaginationibus,
1167 3564 1334 3619 seque
1376 3566 1557 3606 rerum
1607 3567 1714 3606 non
1761 3551 2170 3606 subsistentiqu

598 3639 920 3692 commentis
957 3654 1248 3710 occupans,
1277 3657 1339 3694 ea
1372 3657 1493 3711 qum
1527 3658 1633 3697 non
1674 3651 1801 3698 sunt
1827 3643 2172 3712 excogitare-

601 3729 701 3791 rit;
747 3729 948 3784 nullam
992 3733 1212 3787 omnino
1254 3733 1495 3788 inveniet
1536 3743 1745 3796 artem,
1796 3749 1900 3802 qua
1938 3735 2171 3803 seipsam

602 3821 776 3889 possit
816 3820 956 3875 ultra
1000 3820 1271 3893 Unigeniti
1326 3825 1651 3893 principium
1701 3824 2026 3887 extendere,
2080 3833 2174 3881 aut

603 3912 767 3966 vitam
799 3912 916 3981 ejus
948 3917 1039 3984 qui
1072 3932 1169 3985 per
1198 3914 1257 3972 se
1289 3917 1396 3970 vita
1428 3926 1531 3982 est,
1582 3932 1683 3970 suo
1709 3918 1878 3986 ipsius
1911 3927 2059 3970 motu
2093 3918 2175 3975 iu-

604 4000 854 4056 l'eriorem
903 4006 1228 4074 relinquere,
1265 4014 1358 4060 aut
1405 4023 1502 4060 sua
1536 4008 1866 4078 cogitatione
1909 4007 2170 4076 originem

603 4090 699 4151 Dei
738 4096 896 4150 Verbi
929 4101 1332 4164 transcendere,
1360 4111 1451 4154 aut
1479 4100 1676 4155 saecula
1716 4099 1826 4155 Deo
1853 4100 2172 4155 saeculorum

603 4182 858 4239 deStituta
884 4187 983 4242 sibi
1017 4188 1234 4259 ﬁngere.
1502 4166 1509 4173 ’

670 4366 715 4398 ⁸¹
742 4366 905 4422 llebr.
938 4384 975 4431 ι,
1010 4369 1063 4423 2.
1143 4369 1189 4402 “
1215 4367 1374 4424 Joan.
1418 4387 1453 4435 ι,
1480 4373 1534 4427 5.

676 4486 791 4558 (75)
840 4485 1016 4558 Editio
1069 4494 1300 4555 utraque
1366 4487 1500 4543 Ven.
1551 4496 1607 4544 et
1659 4489 1831 4543 Paris.
1897 4487 2034 4543 ἀλλὰ
2087 4490 2183 4544 καὶ

603 4557 783 4627 τούτῳ
814 4557 906 4629 τὸν
926 4557 1256 4629 ᾹΜονογενῆ,
1285 4568 1565 4629 corrupte.
1624 4559 1779 4629 Regii
1831 4562 2100 4614 secundus
2129 4569 2184 4613 et

606 4623 834 4702 quartus
858 4626 993 4702 ἁλλᾲ
1028 4623 1139 4702 καὶ.
1166 4623 1284 4692 τοῦ,
1397 4623 1488 4681 τὸν
1538 4623 1845 4702 Μονο-ίένῆ,
1876 4631 2180 4702 emendate.

610 4699 778 4766 Igitur
809 4698 999 4751 horum
1032 4700 1323 4753 verborum
1357 4702 1631 4754 sententia
1669 4701 1783 4752 huic
1817 4710 1901 4753 est
1932 4716 1945 4751 :
1995 4698 2180 4752 Mirari

609 4768 760 4824 subit
808 4767 1200 4832 Eunoniianos,
1237 4769 1327 4837 qui
1392 4784 1499 4823 non
1559 4771 1868 4836 intelligunt
1920 4769 2072 4837 sequi
2116 4785 2190 4823 ex

610 4840 727 4892 suis
754 4838 955 4900 verbis,
1006 4837 1203 4893 Filium
1237 4853 1342 4892 non
1390 4839 1552 4893 Patre
1608 4840 1780 4894 solum
1830 4841 2182 4906 posteriorem

609 4923 752 4974 esse,
779 4909 871 4963 sed
899 4923 1021 4962 eum
1057 4909 1223 4963 etiam
1276 4909 1635 4977 posteriorem
1668 4925 1789 4964 esse
1816 4927 1879 4964 ea
1930 4912 2041 4977 ipsa
2102 4924 2180 4971 re,

613 4993 708 5047 per
762 4993 921 5046 quam
972 4981 1143 5046 ipsmn
1205 4995 1235 5032 a
1291 4979 1453 5031 Patre
1513 4992 1792 5047 separant.
1845 4980 2004 5042 Illud,
2063 4977 2180 5042 τοῦ,

617 5048 823 5115 optime
847 5049 1235 5116 interpretatus
1258 5059 1342 5103 est
1379 5049 1635 5118 librarius
1669 5051 1719 5104 in
1754 5051 1998 5118 margine
2028 5049 2182 5116 ltegji

615 5118 865 5191 secundi,
900 5134 1021 5172 cum
1059 5118 1405 5191 ita/scripsit,
1437 5117 1470 5187 ἢ
1516 5118 1769 5191 αἰῶνοςῆ
1820 5121 2036 5191 χρόνου.
2074 5120 2186 5172 lloe

614 5198 722 5254 est,
754 5186 1073 5241 Eunomiani
1100 5186 1338 5242 eliiciunt
1360 5186 1576 5257 quoque
1601 5186 1794 5242 Filium
1820 5186 2181 5256 posteriorem

618 5260 738 5328 ipso
767 5274 905 5320 aevo,
938 5271 1031 5311 aut
1056 5260 1172 5328 ipso
1197 5269 1460 5327 tempore,
1487 5275 1717 5328 quarunt
1746 5259 2034 5313 intervallo
2060 5273 2183 5313 eum

618 5346 648 5383 a
680 5328 839 5382 Patre
866 5328 1174 5397 sejungunt.

689 5398 800 5472 (7G)
822 5397 1000 5472 (inde;
1017 5416 1248 5472 rnnusﬂtt
1341 5399 1565 5471 μεταξύ.

690 5470 804 5540 (77)
843 5468 982 5540 Editi
1011 5469 1261 5523 ἐπινοῶν.
1286 5468 1359 5525 "At.
1382 5487 1517 5540 mss.
1553 5469 1706 5524 multi
1738 5470 1956 5525 ἐννοῶν.

693 5538 807 5612 (78)
843 5542 934 5612 ξιίιξ
957 5538 1077 5612 libri
1110 5550 1342 5612 vaste-res.
1374 5539 1514 5612 Editi
1551 5541 1811 5612 περισσὸν
1843 5544 1937 5596 καὶ
1970 5539 2112 5610 οὐχί.

839 5609 1129 5663 Etlitinnes.
1153 5592 1560 5679 venietisairis.
1599 5592 2183 5679 5':epltanaraquencum

624 5678 755 5746 Ρινα.
787 5681 977 5750 quiu'o
1003 5680 1068 5730 ἐκ
1106 5678 1180 5750 μὴ
1202 5680 1392 5734 ὄντων.
1426 5681 1603 5736 Codex
1640 5681 1790 5735 Coll).
1835 5693 1885 5734 et
1910 5678 2021 5748 Reg
2076 5690 2186 5733 ler-

627 5750 730 5808 tius
756 5752 820 5804 ὲκ
851 5747 923 5816 μὴ
956 5747 1125 5815 ὄντος.
1165 5747 1266 5807 Alii
1292 5760 1522 5822 quatuor
1555 5767 1683 5808 mss.
1703 5753 1765 5804 ἐκ
1786 5751 1878 5805 τοῦ
1910 5753 1988 5818 μὴ
2013 5750 2184 5814 ὄντος.

2266 2006 2448 2060 σωμεν
2475 1989 2587 2062 γὰρ
2616 1990 2813 2053 αὐτοὺς
2841 1990 2968 2053 τοὺς
3002 1990 3068 2042 ὲκ
3113 1989 3187 2062 μὴ
3217 1989 3392 2043 ὄντων
3437 1988 3544 2057 (79)
3574 1986 3780 2057 παράγνιν-

2262 2099 2363 2145 τας
2398 2080 2494 2135 τοῦ
2527 2081 2867 2151 Μονογενοῦς
2908 2082 3009 2154 τὴν
3044 2083 3231 2138 οὐσίαν
3256 2101 3270 2114 ·
3323 2083 3455 2137 Ὅτε
3493 2082 3587 2135 οὐκ
3622 2074 3693 2151 ἦν,
3729 2078 3779 2138 ὥς

2265 2192 2424 2243 φατε,
2450 2176 2505 2227 τί
2528 2170 2595 2246 ἦν
2618 2176 2796 2229 ἐκεῖνο
2826 2175 2887 2229 τὸ
2910 2176 3216 2248 διάστημα;
3244 2175 3372 2251 τινα
3401 2172 3546 2244 αὐτῷ
3577 2185 3776 2244 προσηγο-
3876 2170 3877 2197 λ

2266 2264 2388 2334 ρίαν
2410 2265 2761 2335 ἐπινοήσετε;
2805 2264 2868 2317 Ἦ
2905 2265 3004 2336 μὲν
3034 2266 3145 2336 γὰρ
3183 2264 3342 2336 κοινὴ
3377 2261 3663 2334 συνήθειαῆ
3689 2259 3774 2331 χίλι-

2266 2374 2376 2421 νοις
2424 2357 2457 2429 ἢ
2507 2357 2700 2413 αἰῶσιν
2744 2358 2889 2412 ἆπαν
2954 2357 3228 2431 διάστημα
3283 2357 3596 2412 ὑποϐάλλει·
3643 2352 3773 2420 ἐπειδὴ

2265 2450 2401 2520 ὅπερ
2435 2452 2493 2502 ἐν
2527 2452 2639 2514 τοῖς
2669 2449 2947 2521 αἰσθητοῖς
2978 2451 3007 2504 ὁ
3033 2450 3245 2521 χρόνος,
3274 2450 3439 2505 τοῦτο
3467 2451 3522 2503 ἐν
3547 2449 3641 2510 σι·οῇ
3662 2446 3771 2514 ὑπερ·

2268 2541 2516 2612 κοσμίοις
2554 2544 2588 2612 ἡ
2619 2541 2713 2594 τοῦ
2759 2540 2956 2607 αἰῶνος
2988 2540 3150 2611 φύσις
3186 2540 3362 2596 ἐστίν.
3400 2534 3551 2594 Οὗτοι
3578 2538 3654 2601 δὲ,
3679 2535 3770 2587 εἴτι

2265 2634 2447 2705 τρίτον
2490 2636 2556 2687 ἐκ
2582 2633 2682 2704 τῆς
2719 2632 2926 2687 ἑαυτῶν
2966 2633 3158 2702 σοφίας
3188 2631 3486 2695 ἐπινοοῦσι,
3519 2629 3769 2698 λεγέτωσαν.

2269 2722 2416 2785 Ἕως
2470 2720 2514 2774 δ’
2570 2722 2637 2776 ἂν
2697 2720 2964 2788 σιωπῶσι,
3017 2722 3092 2792 μὴ
3140 2720 3548 2775 λανθανέτωσαν
3584 2717 3770 2787 δευτέραν

2268 2812 2479 2865 αἰώνων
2507 2812 2607 2884 τὴν
2632 2812 2724 2866 τοῦ
2753 2814 3090 2883 Μονογενοῦς
3111 2811 3304 2867 οὐσίαν
3332 2813 3609 2882 τιθέμενοι.
3631 2808 3681 2860 Ei
3700 2806 3771 2874 γὰρ

2265 2901 2345 2976 ἧν.
2366 2905 2475 2976 (80)
2512 2923 2564 2960 τι
2591 2905 2867 2977 διάστημα
2886 2906 3254 2979 πρεσϐύτερον
3297 2905 3392 2960 τοῦ
3417 2904 3558 2968 Υἱοῦ,
3589 2913 3764 2971 συμπαρ

2268 2997 2641 3068 εκτεινόμενον
2697 3000 2765 3070 τῇ
2802 2997 2912 3071 ζωῇ
2953 2997 3049 3053 τοῦ
3084 2998 3326 3070 Πατρὸς,
3365 2999 3423 3051 ἐν
3455 3015 3506 3051 τι
3532 2994 3697 3049 τούτων
3725 2984 3769 3057 ἦν

2270 3086 2532 3156 δηλονότι.
2593 3087 2731 3140 Ἀλλ’
2769 3087 2879 3141 οὔτ’
2912 3088 3077 3151 ἐστιν,
3129 3086 3256 3141 οὔτε
3312 3087 3388 3160 μὴ
3414 3087 3617 3156 γένηται
3646 3082 3766 3134 ἔννοια

2275 3176 2620 3248 πρεσϐυτέρα
2660 3178 2763 3248 τῆς
2792 3178 2886 3231 τοῦ
2921 3177 3263 3246 Μονογενοῦς
3299 3176 3643 3235 ὑποστάσεως.
3670 3169 3768 3222 Παν-

2271 3267 2363 3330 τδς
2393 3268 2501 3338 γὰρ
2529 3267 2624 3321 τοῦ
2667 3268 2962 3340 δυναμένου
3006 3270 3086 3331 εἰς
3128 3269 3488 3340 ἀρχαιότητος
3528 3265 3659 3332 λόγον
3692 3261 3762 3312 ἐπιο

2272 3359 2507 3416 νοεῖσθαι
2539 3361 2785 3432 ἀνωτέρα
2821 3362 2855 3431 ἡ
2903 3359 3135 3432 ῦπαρξις
3165 3359 3262 3414 τοῦ
3297 3360 3431 3414 Θεοῦ
3464 3357 3618 3425 Λόγου
3639 3351 3710 3405 τοῦ
3733 3351 3768 3399 ἐν

2272 3453 2411 3523 ἀρχῇ
2439 3451 2591 3515 ὄντος
2615 3452 2749 3522 πρὸς
2773 3452 2863 3505 τὸν
2890 3451 3022 3504 Θεὸν
3052 3451 3429 3524 εὑρεθήσεται.
3459 3448 3587 3513 Κᾶν,
3613 3443 3767 3517 μυρίαις

2272 3542 2593 3611 φαντασίαις
2622 3542 2812 3597 ἐαυτὸν
2845 3541 3193 3615 ἐξαπατήσας
3226 3545 3256 3596 ὁ
3299 3542 3440 3608 νοῦς,
3474 3540 3559 3593 καὶ
3586 3539 3676 3597 τοῖς
3700 3530 3768 3583 τῶν

2280 3635 2641 3707 ἀνυπάρκτων
2689 3635 3064 3708 ὰναπλασμοῖς
3117 3635 3445 3699 ἐπιϐάλλων,
3487 3631 3551 3686 τὰ
3586 3628 3648 3701 μὴ
3685 3624 3770 3678 ὄντα

2281 3730 2503 3799 περινοῇ
2538 3726 2670 3798 (Si),
2700 3726 2953 3798 οὐδεμίαν
2986 3726 3092 3780 τῶν
3122 3727 3316 3782 πασῶν
3350 3724 3579 3797 μηχανὴν
3612 3713 3771 3784 ἐξευρῆ

2281 3837 2386 3884 σει,
2414 3819 2480 3872 δι’
2503 3814 2572 3891 ἧς
2600 3819 2885 3891 δυνήσεται
2916 3819 3018 3889 τῆς
3046 3819 3221 3892 ἀρχῆς
3254 3818 3350 3872 τοῦ
3379 3810 3677 3884 Μονογενοῦς
3694 3808 3773 3858 ἑαν-

2279 3910 2371 3965 τὸν
2405 3908 2716 3981 ὑπερθεῖναι
2737 3928 2752 3942 ·
2788 3910 2881 3963 καὶ
2918 3910 3233 3981 κατωτέραν
3266 3909 3358 3963 τοῦ
3397 3908 3517 3962 ἰδίου
3548 3903 3772 3970 κινήματος

2279 4003 2379 4074 τὴν
2425 4004 2569 4072 ζωὴν
2621 4002 2939 4058 καταλιπεῖν
2976 4003 3075 4073 τῆς
3112 4001 3425 4073 αὑτοζωῆς’
3470 3998 3555 4053 καὶ
3596 3993 3659 4063 τῷ
3695 3986 3773 4053 ἰδίῳ

2279 4073 2422 4167 λόγῳ
2465 4094 2559 4148 τοῦ
2607 4093 2741 4148 Θεοῦ
2801 4094 2975 4163 Λόγου
3016 4095 3117 4165 τὴν
3162 4094 3340 4165 ἀρχὴν
3382 4089 3674 4181 ὑπερϐῆναι·

2280 4187 2483 4251 αἰῶνας
2518 4184 2848 4240 ἐποπτεῦσαι
2877 4186 2988 4259 (82)
3019 4186 3259 4259 ἐρήμους
3300 4184 3394 4239 τοῦ
3420 4179 3544 4236 Θεοῦ
3572 4176 3661 4231 τῶν
3684 4172 3774 4225 αἰὼ-

2211 4269 2254 4322 D
2282 4298 2409 4334 νων.

2355 4483 2465 4558 (80)
2495 4483 2633 4539 Editi
2658 4485 2830 4567 Εἴπερ
2855 4483 2961 4556 γὰρ
2984 4480 3072 4555 ἦν.
3106 4484 3175 4537 At
3207 4499 3339 4538 mss.
3377 4484 3437 4536 Ei
3461 4479 3558 4602 γὰρ
3585 4470 3656 4545 ἦν.
3686 4470 3774 4562 Sta:

2355 4573 2380 4602 n
2413 4570 2544 4602 mss.
2587 4556 2829 4602 nonnulli
2875 4555 2999 4602 οὐδὲ
3046 4555 3214 4602 ἐστιν-
3242 4554 3366 4602 οὐδὲ
3414 4553 3504 4602 μή.
3551 4555 3773 4602 nterpres.

2287 4551 2392 4631 t_iui_
2413 4551 2544 4609 mss.
2587 4551 2829 4609 nonnulli
2861 4551 3215 4631 putassem,
3242 4554 3366 4608 οὐδὲ
3413 4551 3773 4631 ιιῄηιηιεςριξςξῖ

2286 4626 2392 4681 Sed
2421 4641 2513 4679 nec
2534 4634 2633 4689 est,
2672 4641 2762 4679 nec
2795 4625 2897 4678 erit
2923 4611 3661 4690 antiquior'sensus'Uitigeniti
3686 4611 3776 4664 sub-

2284 4697 2549 4750 sistentia.
2584 4694 2857 4768 S¢tl,___nisi
2883 4694 3041 4768 valde
3069 4694 3251 4758 fallor,
3276 4709 3376 4768 vox
3407 4690 3671 4768 ὑπόστασις
3696 4691 3775 4768 ιξιξιξ

2287 4768 2418 4826 hoc.
2449 4774 2561 4818 tum
2595 4764 2868 4819 similibus
2902 4764 3061 4830 locis,
3096 4779 3199 4818 non
3247 4763 3436 4819 stricte
3462 4760 3679 4830 sumitur,
3707 4760 3775 4817 ρτο

2287 4820 2519 4906 persona
2576 4834 2847 4907 videlicet.
2905 4820 3160 4907 Arbitror
3197 4835 3357 4907 igitur
3391 4843 3560 4907 vocem
3593 4820 3775 4907 ὺταξσξξξ

2287 4898 2373 4969 et;
2402 4907 2490 4959 hic
2528 4904 2669 4960 sumi
2695 4903 2894 4958 debere
2925 4904 3111 4966 latius,
3145 4898 3241 4972 pro
3272 4899 3584 4972 substantia._
3604 4901 3680 4972 aut
3705 4898 3774 4972 Pl":

2287 4952 2505 5047 ,
2870 4952 3332 5047 Ῑῌοῖδῦπόστασις
3361 4973 3497 5047 idem
3512 4952 3775 5047 valealqllqd

2287 5044 2573 5108 σύστασις,
2604 5054 2699 5115 aut
2724 5040 2980 5115 ῦπαρξις,
3014 5045 3334 5115 constitutio,
3364 5038 3777 5115 sttbs‘isteutior'ff:

2285 5126 2429 5177 tum,
2467 5103 2575 5168 elo.
2606 5103 2909 5166 Notanddni
2941 5103 3131 5166 etiam
3183 5103 3366 5166 vocem
3408 5103 3696 5179 subsistentia
3723 5103 3773 5179 ’ξπ

2289 5176 2611 5238 familiarem
2644 5182 2813 5237 fuisse
2842 5183 3149 5249 interpreti,
3188 5194 3246 5237 ut
3274 5180 3474 5250 quoties
3498 5188 3587 5227 vox
3626 5176 3772 5250 aliast:

2289 5272 2376 5318 στις
2421 5253 2682 5317 occurrit,
2718 5254 2960 5306 occurrit
2990 5243 3186 5306 autem
3235 5243 3442 5317 :aEpius,
3468 5259 3573 5297 eam
3612 5243 3774 5318 scalpir

2287 5312 2480 5379 reddat
2513 5312 2707 5377 Latine
2749 5322 3147 5376 subsistendum
3180 5339 3199 5377 :
3232 5312 3368 5390 quod
3422 5325 3581 5390 nemo,
3611 5312 3775 5390 opilio?

2288 5396 2449 5450 homo
2478 5392 2815 5462 probaverit,
2858 5392 3080 5462 cum_iis
3120 5392 3174 5445 in
3226 5383 3357 5445 locis
3388 5400 3489 5462 non
3509 5383 3772 5462 obscuris:-

2287 5451 2511 5545 guiﬁce't
2543 5462 2771 5557 aliquid,
2803 5451 2955 5557 quod
2987 5460 3134 5557 Patri
3155 5451 3771 5557 Iteqttemacmﬂiovmfgglzt

2287 5521 2400 5588 Hiat
2438 5551 2452 5585 ι
2484 5521 2721 5601 quod-de
2749 5521 3109 5601 subsistentia
3136 5521 3243 5585 dici
3275 5543 3375 5601 non
3408 5535 3552 5595 posse
3588 5521 3773 5570 constat.

2359 5603 2469 5675 (81)
2494 5598 2644 5675 lies.
2677 5611 2907 5675 quartus
2944 5598 3171 5670 μὴίὸντα
3201 5598 3400 5675 ἐπινοῇ.
3434 5662 3457 5675 υ
3592 5652 3666 5675 ..τε

2361 5653 2473 5745 (εει
2494 5653 2646 5725 Ἐιιῖἶῑ
2663 5653 2759 5745 _"et
2796 5653 3033 5745 'atiqiioi’
3052 5653 3192 5728 mss.
3222 5653 3559 5724 ῠποέἒεῠςαι.
3582 5653 3667 5710 Alii
3689 5655 3770 5701 tres

2288 5739 2417 5801 mss.
2453 5739 2807 5809 ἐποπτεῦσαι,
2834 5740 3050 5798 rectius.
