4016 6220
346 363 451 422 597

419 475 508 530 Η.
561 473 989 547 Ἀφαιρούμενος
1016 475 1073 528 δὲ
1105 474 1205 546 τὴν
1234 476 1592 550 ὀφειλομένην
1634 478 1710 550 τῷ
1747 481 1924 534 Μονο‹
1953 489 1995 545 Α

345 569 494 636 γενεῖ
536 566 725 633 δόξαν,
760 570 1011 620 σκοπεῖτε
1042 568 1217 633 ποίοις
1252 568 1414 622 αὑτὸν
1442 570 1807 642 ἀποσεμνύνει
1839 571 1925 624 λό-

345 677 484 730 τοις.

413 753 576 806 ΕΥΝ.
609 752 764 805 Ἔστι
784 752 860 814 δὲ,
887 753 1072 824 φησιν,
1099 755 1132 823 ἡ
1159 753 1316 807 οὑσία
1335 752 1428 806 τοῦ
1451 754 1581 808 Υίοῦ
1605 756 1926 826 γεννηθεῖσα

344 843 452 914 πρὸ
493 844 731 905 πάντων,
771 841 962 914 γνώμῃ
990 843 1082 896 τοῦ
1113 843 1247 896 Θεοῦ
1282 845 1376 897 καὶ
1411 845 1644 916 Πατρός.

413 934 562 990 ΒΑΣ.
599 935 773 988 Τοῦτο,
798 933 942 1004 μέγα
965 934 1288 1004 προστίθησι
1317 933 1395 1004 τῷ
1426 935 1562 1005 Υἱῷ,
1594 935 1654 988 τὸ
1687 934 1926 1007 πρεσϐύ-

343 1039 502 1093 τερον
548 1023 686 1079 εἶναι
715 1026 817 1096 τῆς
853 1024 1114 1090 κτίσεως,
1148 1026 1244 1080 καὶ
1279 1026 1384 1079 τῶν
1418 1027 1736 1099 ποιημάτων
1765 1029 1926 1082 αὑτὸν

345 1116 454 1170 τῶν
499 1117 701 1170 ἑαυτοῦ.
731 1118 1127 1189 προϋπάρχειν,
1169 1117 1373 1188 ἀρκοῦν
1406 1119 1486 1181 είς
1529 1117 1685 1182 δόξαν
1718 1119 1796 1189 τῷ
1821 1123 1928 1191 Δη-

349 1207 608 1280 μιουργῷκ
623 1207 730 1261 τῶν
758 1209 894 1261 ὅλων
927 1208 1206 1279 τιθέμενος
1243 1208 1305 1261 τὸ
1334 1209 1648 1280 κτισμάτων
1681 1211 1792 1279 (85)
1830 1212 1927 1263 αὑ-

344 1303 448 1356 τὸν.
479 1302 588 1355 τῶν
634 1303 827 1356 ἑαυτοῦ
881 1303 1266 1374 προτετάχθαι.
1328 1304 1440 1372 Τῆς
1492 1303 1602 1374 γάρ
1654 1305 1790 1375 πρὸς
1836 1305 1927 1360 τὸν

345 1394 478 1448 Θεὸν
512 1397 607 1448 καὶ
643 1395 863 1467 Πατέρα
893 1395 1178 1459 κοινωνίας
1205 1396 1265 1448 τὸ
1299 1397 1379 1460 εἰς
1418 1396 1580 1450 αὑτὸν
1607 1391 1740 1470 ἧκον
1774 1399 1928 1452 ἀλλο-

344 1483 583 1556 τριώσας
613 1484 746 1554 (84),
783 1486 840 1538 ὲν
870 1489 936 1556 τῇ
977 1485 1085 1538 τῶν
1125 1487 1441 1556 κτισμάτων
1470 1489 1798 1559 προτιμήσει
1829 1489 1927 1560 τὴν

342 1574 499 1642 δόξαν
525 1576 671 1648 αὑτῷ
713 1581 1001 1650 μαρτυρεῖ.
1037 1573 1168 1632 Εἶτα
1193 1579 1330 1650 πρὸς
1358 1579 1416 1632 τὸ
1448 1580 1798 1650 ἀναίσχυντον
1828 1581 1930 1652 τὴν

346 1666 690 1739 βλασφημίαν
717 1670 964 1741 ἐκφέρων
993 1673 1113 1734 ταῖς
1141 1671 1404 1739 ἀφύκτοις
1434 1673 1604 1742 ἡμᾶς,
1631 1673 1705 1737 ὡς
1734 1675 1926 1742 οἴεται,

341 1753 450 1808 τῶν
475 1755 749 1828 λογισμῶν
771 1759 1040 1827 ἀνάγκαις
1069 1761 1547 1832 περιστοιχίζεται.

1449 365 1823 423 ADVERSUS
1861 367 2230 425 EUNOMIUM
2263 369 2392 424 LIB.
2437 368 2500 422 ll.

3496 364 3603 421 598

2101 482 2188 536 Μ.
2263 482 2528 537 Caeterum
2586 479 2674 533 ubi
2731 477 2968 533 debitam
3029 473 3318 547 Unigenito
3373 476 3599 547 gloriam

2030 574 2285 640 abstulit,
2317 572 2730 628 animadvertite
2765 572 2960 640 quibus
2986 585 3108 624 eum
3139 569 3317 624 verbis
3349 580 3598 624 exornet.

2100 758 2235 813 EUN.
2277 756 2374 813 Est
2415 765 2630 821 autem,
2663 739 2861 824 inquit,
2895 752 3198 809 substantia
3247 751 3370 806 Filii
3415 753 3596 823 genita

2028 861 2153 906 ante
2187 851 2391 915 omnia,
2421 850 2697 903 voluntate
2731 849 2819 901 Dei
2853 856 2907 900 ct
2935 845 3133 900 Patris.

2101 943 2226 998 Bas.
2269 943 2405 997 Filio
2437 943 2539 996 hoc
2582 939 2768 995 tribuit
2804 939 3018 1006 magni,
3062 936 3202 1004 quod
3232 934 3504 1002 antiquior
3532 938 3604 987 sit

2027 1037 2312 1099 creaturis,
2341 1045 2394 1088 et
2420 1042 2543 1086 ante
2572 1047 2634 1086 ea
2658 1045 2776 1100 quae
2807 1030 2924 1097 ipse
2955 1026 3114 1092 fecit;
3149 1035 3296 1080 ratus
3319 1026 3449 1079 satis
3480 1039 3604 1078 esse

2029 1131 2093 1184 ad
2121 1129 2348 1199 gloriam
2374 1123 2683 1180 Conditoris
2716 1123 3118 1182 universorum,
3147 1118 3189 1171 si
3221 1119 3289 1171 sit
3312 1127 3436 1171 ante
3468 1132 3596 1171 suas

2028 1221 2200 1290 ipsius
2235 1226 2514 1273 creaturas
2539 1213 2856 1269 collocatus.
2889 1208 3024 1264 Nam
3057 1214 3408 1277 posteaquam
3443 1223 3599 1267 eum,

2027 1317 2290 1380 quantum
2324 1309 2376 1362 in
2405 1322 2463 1362 se
2496 1305 2614 1371 fuit,
2646 1320 2675 1358 a
2712 1302 3096 1373 conjunctione
3132 1316 3290 1370 quam
3330 1315 3448 1354 cum
3488 1299 3598 1353 Deo

2027 1412 2081 1458 et
2126 1401 2286 1456 Patre
2319 1398 2510 1464 habet,
2539 1395 2824 1459 alienavit;
2865 1395 2913 1448 ei
2950 1393 3000 1446 in
3033 1406 3098 1445 eo
3130 1389 3302 1444 defert
3331 1389 3591 1459 gloriam,

2029 1493 2172 1561 quod
2204 1491 2376 1560 ipsum
2405 1487 2677 1542 creaturis
2706 1485 2978 1554 prmferat.
3010 1481 3212 1536 Deinde
3236 1479 3303 1534 ad
3332 1495 3598 1534 summam

2030 1583 2419 1654 impudentiam
2462 1578 2692 1634 etierens
2735 1575 3146 1645 blasphemiam,
3190 1571 3508 1639 inevitabili,
3540 1579 3600 1625 ut

2029 1682 2200 1744 putat,
2234 1670 2667 1742 syllogismorum
2704 1667 2754 1720 vi
2780 1680 2878 1721 nos
2903 1661 3296 1719 circumvallat.

415 1847 574 1902 ΕΥΝ.
620 1850 777 1902 Ἤτοι
809 1849 917 1921 γὰρ
955 1849 1082 1902 ὄντα
1103 1889 1116 1912 ,
1161 1851 1324 1919 φησὶν
1345 1892 1360 1916 ,
1395 1851 1683 1922 ἐγέννησεν
1717 1853 1746 1904 6
1792 1853 1922 1917 Θεὸς

2097 1851 2232 1906 Eua.
2273 1850 2378 1902 Aut
2410 1846 2553 1902 enim
2582 1844 2956 1905 exsisteutem,
2999 1840 3196 1910 inquit,
3234 1840 3418 1910 genuit
3457 1839 3598 1893 Deus

342 1937 433 1990 τὸν
471 1937 617 2002 Υἱὸν,
650 1939 681 2009 ἢ
715 1941 814 1992 οὑκ
842 1941 990 1996 ὄντα.
1033 1941 1170 1994 Ἀλλ’
1201 1943 1250 1993 εί
1287 1943 1383 2011 μὲν
1408 1943 1507 1994 οὑκ
1539 1942 1686 2004 ὄντα,
1735 1943 1924 2014 μηδείς

345 2045 453 2096 μοι.
485 2030 637 2098 φησι,
663 2031 866 2101 τόλμαν
895 2033 1268 2100 ἐπεγκαλείτω
1301 2032 1412 2103 (85)
1434 2049 1448 2062 ⁸
1479 2035 1527 2085 εί
1561 2031 1616 2084 δὲ
1645 2032 1793 2092 ὄντα,
1821 2034 1922 2086 οὐκ

341 2118 567 2182 ἀτοπίας
594 2121 752 2190 μόνον
783 2123 877 2174 καὶ
918 2123 1284 2194 βλασφημίας,
1316 2122 1452 2176 άλλά
1476 2123 1570 2176 καὶ
1597 2123 1779 2195 πάσης
1808 2123 1920 2196 (86)

341 2209 594 2279 εὐηθείας
627 2213 934 2286 ὑπερϐολὴν
967 2215 994 2266 6
1025 2214 1182 2284 λόγος
1210 2214 1342 2286 ἔχει·
1372 2213 1453 2286 τῷ
1481 2215 1590 2287 γὰρ
1615 2214 1729 2269 ὄντι
1752 2217 1812 2269 οὑ
1841 2215 1922 2268 δεῖ

338 2303 649 2373 γεννήσεως
685 2304 820 2374 (87).

410 2393 556 2448 ΒΑΣ.
585 2396 657 2448 Τὸ
685 2397 782 2467 μὲν
813 2394 906 2452 οὖν
941 2397 1376 2471 πολυθρύλλητον
1417 2399 1676 2470 σόφισμα,
1712 2399 1773 2453 τὸ
1817 2401 1922 2454 πά-

337 2482 428 2544 λαι
475 2486 570 2556 μὲν
611 2488 893 2559 ἐξευρεθὲν
943 2491 1072 2562 παρ’
1118 2489 1342 2562 ἐτέρων,
1385 2491 1609 2554 τελείως
1642 2491 1698 2543 δὲ
1736 2491 1829 2546 νῦν
1863 2495 1920 2545 ἐν

339 2571 459 2631 ταῖς
507 2573 1050 2646 ἀπηρυθριασμέναις
1097 2578 1192 2631 καὶ
1233 2578 1608 2648 ἀναισχύντοις
1651 2578 1922 2648 γλώσσαις

342 2658 448 2711 ὑπὸ
501 2661 706 2715 τούτων
753 2664 1104 2736 ἐξεργασθὲν,
1157 2667 1316 2721 τοῦτό
1372 2671 1540 2723 ἐστιν.
1621 2671 1813 2740 Ἡμεῖς
1865 2671 1921 2723 δὲ

342 2749 555 2818 πρῶτον
588 2755 764 2808 ἐκεῖνο
790 2759 915 2821 τοὺς
947 2761 1221 2831 ἀκροατάς
1251 2763 1638 2832 ὑπομνήσωμεν
1673 2762 1806 2833 (88),
1841 2764 1921 2817 ὅτι

341 2836 496 2904 οὗτός
526 2845 672 2897 ἐστιν
703 2849 730 2899 6
761 2847 850 2900 διὰ
881 2851 979 2914 τὴν
1010 2852 1119 2905 τῶν
1151 2853 1360 2908 πολλῶν
1389 2855 1611 2922 ἄγνοιαν
1644 2853 1920 2926 ἀνθρωπι-

342 2931 454 2995 κῶς
491 2932 851 2998 ὲξακουόντων
879 2944 978 3012 τῆς
1007 2945 1310 3014 γεννήσεως
1342 2946 1434 2998 τοῦ
1470 2946 1600 3000 Υίοῦ
1635 2948 1715 3010 εἰς
1749 2948 1922 3016 ἀνάγ-

341 3039 444 3093 κην
481 3025 751 3096 ἐληλυθὼς
795 3030 903 3083 τῶν
957 3032 1131 3101 λόγων
1165 3034 1371 3088 τούτων
1395 3053 1408 3065 ·
1441 3031 1594 3101 οὗτος
1622 3037 1650 3088 6
1679 3036 1786 3090 ἀπὸ
1813 3038 1937 3104 τῶν)

344 3121 668 3188 σωματικῶν
689 3124 905 3178 ἐννοιῶν
931 3127 1022 3178 ἐπὶ
1043 3126 1140 3197 τὴν
1169 3129 1542 3200 πνευματικὴν
1565 3129 1799 3200 θεωρίαν
1822 3129 1922 3194 τὰς

341 3208 698 3277 ἀπαιδεύτους
723 3214 1216 3299 ψυχὰςὲπανάγων
1238 3235 1254 3252 ο
1287 3221 1369 3284 ὃς,
1401 3221 1586 3293 ἐπειδὴ
1615 3221 1683 3274 τά
1718 3221 1920 3290 γεννῶ-

346 3316 482 3376 μενα
529 3302 642 3366 ζῶα
680 3306 780 3358 οὑκ
811 3306 937 3359 ὅντα
986 3309 1272 3380 πρότερον,
1310 3306 1428 3363 εἶτα
1457 3313 1733 3379 γεννᾶται,
1763 3313 1856 3365 καὶ
1892 3314 1920 3364 ὁ

345 3399 582 3470 σήμερον
613 3402 894 3472 γεννηθεὶς
922 3405 1048 3475 χθὲς
1076 3407 1174 3477 οὑχ
1201 3409 1431 3478 ὑπῆρχε,
1462 3407 1665 3480 ταύτην
1688 3409 1781 3462 καὶ
1806 3409 1918 3481 (89)

342 3490 435 3543 ἐπὶ
489 3495 588 3564 τὴν
635 3493 728 3547 τοῦ
767 3497 1104 3565 Μονογενοῦς
1165 3499 1515 3565 ὑποστάσεως
1563 3501 1661 3572 τὴν
1714 3501 1920 3554 ἔννοιαν

346 3582 658 3656 μεταφέρει.
727 3587 836 3640 Καὶ
894 3589 1078 3660 ἐπειδὴ
1150 3592 1509 3660 γεγέννηται,
1571 3592 1768 3661 φησιν,
1823 3593 1920 3662 οὑχ

343 3671 555 3744 ὑπῆρχε
593 3675 698 3746 πρὸ
741 3677 840 3747 τῆς
867 3680 1192 3749 γεννήσεως.
1229 3680 1385 3735 Οὕτω
1418 3682 1774 3751 μεγαλοφυῶς
1821 3684 1919 3754 τὴν

342 3764 588 3836 γέννησιν
616 3768 744 3839 ἡμῖν
769 3769 859 3822 τοῦ
884 3770 1216 3840 Μονογενοῦς
1231 3773 1488 3842 θεολογεῖ,
1519 3774 1618 3826 καὶ
1643 3774 1732 3827 διὰ
1755 3773 1923 3827 τοιού-

338 3873 446 3916 των
470 3857 642 3926 λόγων
669 3860 735 3914 τὰ
763 3863 1170 3934 ἀρρωστήματα
1230 3865 1337 3918 τῶν
1369 3866 1615 3935 ἀδελφῶν
1639 3866 1798 3938 ἡμῶν
1829 3869 1919 3920 ὲπο

338 3951 679 4023 ανορθοῦται,
713 3953 860 4018 ἄξιος
889 3954 983 4021 ὢν,
1004 3957 1160 4028 εἴπερ
1197 3975 1299 4021 τις,
1338 3957 1565 4012 ἀκούσαι
1601 3960 1700 4030 τῆς
1729 3976 1920 4029 παροι-

343 4042 492 4110 μίας,
525 4045 606 4096 ὃτι
645 4044 841 4112 Ἰατρὲ,
872 4047 1248 4114 θεράπευσον
1273 4049 1554 4103 σεαυτόν.
1579 4049 1710 4101 Τίνα
1739 4049 1919 4118 μέντοι

341 4134 436 4185 καὶ
464 4137 815 4206 παραμυθίαν
857 4138 960 4208 τῆς
1001 4139 1203 4192 ἀτόπου
1238 4139 1442 4209 ταύτης
1486 4139 1640 4192 νόσου
1678 4141 1786 4192 τῶν
1829 4140 1918 4192 λο-

342 4223 554 4292 γισμῶν
586 4225 734 4296 αὑτῷ
776 4228 1231 4299 προσενέγκωμεν
1264 4228 1298 4299 ἢ
1347 4227 1416 4281 τά
1450 4228 1601 4300 παρά
1638 4228 1732 4282 τοῦ
1764 4230 1918 4296 ἁγίου

343 4315 658 4403 Πνεύματος
701 4317 789 4371 διὰ
836 4320 928 4372 τοῦ
978 4321 1248 4397 μακαρίου
1321 4321 1567 4374 Ἰωάννου
1622 4319 1920 4391 λαληθέντα

343 4410 494 4478 ἡμῖν,
531 4410 610 4462 ὅτι
653 4411 755 4463 Ἐν
789 4410 947 4480 ἀρχῇ
995 4409 1073 4482 ἦν
1106 4417 1138 4466 0'
1165 4413 1376 4481 Λόγος,
1421 4412 1520 4466 καὶ
1553 4416 1585 4465 ό
1620 4414 1810 4482 Λόγος
1841 4409 1920 4482 ἦν

343 4502 491 4569 πρὸς
509 4501 615 4554 τὸν
632 4503 800 4568 Θεὸν,
825 4505 922 4556 καὶ
943 4505 1085 4570 Θεὸς
1096 4501 1174 4574 ἦν
1191 4508 1222 4558 ό
1236 4507 1454 4575 Λόγος
1482 4505 1579 4557 Διά
1595 4506 1795 4558 τούτοιν
1812 4505 1918 4558 τῶν

341 4593 433 4646 δύο
483 4595 693 4665 ῥήσεων
741 4595 1060 4649 ἀπέκλεισεν
1101 4597 1128 4647 6
1171 4595 1593 4668 εὑαγγελιστὴς,
1641 4599 1768 4668 μιᾶς
1818 4598 1912 4656 ἀν-

415 4771 460 4803 ⁸⁸
490 4771 620 4828 Luc.
653 4788 726 4838 ιν,
767 4773 856 4828 25.
933 4773 978 4804 ⁸³
1005 4773 1160 4827 Juau.
1200 4791 1241 4838 ι,
1275 4776 1328 4830 1.

411 4945 688 5030 (85)Editi
714 4956 768 5003 et
796 4964 928 5030 mss.
959 4951 1204 5006 nonnulli
1236 4951 1522 5030 τιθέμενος
1545 4951 1652 5004 τῶν
1679 4952 1914 5030 κτισμά-

339 5034 467 5099 των.
500 5017 652 5088 Regii
706 5021 978 5076 secundus
1025 5030 1080 5076 et
1113 5032 1342 5090 quartus
1363 5017 1660 5092 ’τιθέμενος
1694 5023 1754 5073 τὸ
1801 5017 1918 5076 κτι-

347 5098 595 5157 σματων,
618 5098 781 5142 recte.

365 5227 377 5240 .
411 5159 521 5228 (84)
563 5157 741 5238 blonet
767 5159 1276 5240 vir'eruditissimus
1324 5162 1916 5240 Ducteus,_anatliema-

342 5228 559 5309 tismuﬁm
596 5228 648 5309 in
677 5228 908 5309 con_ci_l_i_o
931 5231 1265 5286 Arimineusi
1285 5232 1376 5309 _ab
1402 5228 1621 5309 Arianis
1645 5236 1914 5300 prolatum

340 5299 419 5379 sic
444 5297 620 5379 efferri
651 5301 792 5378 apud
819 5299 1476 5379 HieronyntiLmudve:.sus
1501 5297 1872 5365 Luciferianos
1897 5318 1917 5357 .°

342 5366 403 5422 Si
429 5369 546 5436 quis
565 5366 754 5422 dixerit
787 5366 1088 5424 creatur-(im
1122 5371 1322 5424 Filium
1348 5371 1464 5436 Dei,
1490 5384 1544 5426 ut
1573 5383 1692 5427 sunt
1715 5385 1919 5427 uetera:

340 5447 617 5501 creaturae,
643 5440 931 5492 anathema
969 5442 1060 5492 sit.
1113 5442 1307 5495 Filium
1333 5453 1646 5497 creaturam
1678 5458 1785 5498 non
1824 5458 1919 5496 ne-

342 5506 560 5573 gabant,
595 5509 688 5562 sed
721 5509 953 5562 similem
991 5513 1205 5564 caeteris
1228 5513 1518 5566 creaturis.

340 5643 360 5661 κ
408 5575 706 5661 (85)]ἰι1ἰιί
747 5588 800 5658 et
850 5581 954 5632 duo
1006 5596 1136 5661 mss.
1173 5581 1494 5661 ἐγκαλείτωζ
1533 5582 1686 5661 Colb.
1717 5583 1912 5636 ἐπικα-

341 5648 675 5721 λείτωηιιεε.
713 5650 941 5721 primus,
986 5652 1070 5702 cui
1113 5648 1489 5721 ,suli‘ragautur
1519 5654 1610 5707 alii
1637 5655 1742 5707 duo
1774 5670 1905 5708 lllrS.

342 5718 574 5770 secunda
607 5733 786 5780 malm,
822 5719 1220 5785 ἐπεγκαλείτω.

411 5785 524 5843 (86)
557 5786 694 5841 Editi
723 5787 860 5842 ἀλλά
893 5789 1094 5853 πάσης.
1133 5793 1200 5846 At
1232 5807 1363 5851 mss.
1402 5793 1534 5848 ἀλλὰ
1581 5793 1673 5846 καὶ
1720 5794 1917 5864 πάσης.

1948 3182 1990 3238 (Σ

2023 1944 2240 2006 Filium,
2272 1951 2364 1994 aut
2391 1955 2496 1993 non
2525 1942 2902 1993 exsistentem.
2937 1935 3098 2003 Atqui
3127 1933 3170 1988 si
3199 1949 3302 1987 non
3333 1933 3600 1986 exsisten-

2025 2045 2154 2099 tem,
2186 2047 2371 2097 nemo,
2397 2031 2591 2100 inquit,
2617 2030 2828 2083 incuset
2853 2041 2938 2080 me
2966 2026 3308 2081 temeritatis.
3333 2025 3428 2078 Sin
3453 2023 3599 2079 exsi-

2021 2136 2276 2188 stentem,
2313 2138 2416 2177 non
2444 2121 2837 2174 absurditatem
2871 2119 3068 2183 solum,
3101 2128 3154 2172 et
3178 2117 3594 2186 blasphemiam,

2021 2218 2113 2273 sed
2143 2215 2494 2272 stoliditatem
2525 2212 2689 2266 etiam
2727 2225 2946 2264 omnem
2980 2210 3067 2264 hic
3109 2225 3290 2265 sermo
3325 2209 3540 2264 excedit
3578 2230 3592 2263 ;

2020 2309 2218 2366 etenim
2242 2307 2331 2377 qui
2369 2313 2468 2371 est,
2497 2303 2846 2376 generatione
2878 2319 2982 2358 non
3017 2303 3241 2373 indiget.

2089 2403 2216 2457 Bas.
2261 2401 2387 2456 llaec
2412 2396 2743 2468 estquidem
2771 2395 2858 2449 illa
2888 2395 3261 2465 uulgatissima
3295 2394 3593 2458 cavillatio.

2022 2495 2090 2549 ab
2119 2493 2239 2547 aliis
2279 2493 2406 2546 olim
2458 2491 2743 2543 adinventa
2780 2502 2799 2539 ξ
2840 2501 2985 2541 nunc
3024 2501 3153 2540 vero
3195 2483 3597 2556 impudentibus

2021 2592 2077 2638 et
2109 2579 2488 2636 inverecundis
2519 2577 2744 2630 istorum
2778 2575 2977 2642 linguis
3003 2574 3247 2630 absolute
3279 2584 3440 2643 atque
3463 2589 3591 2643 per-

2022 2675 2161 2729 fecte
2203 2671 2438 2741 expleta.
2486 2667 2686 2722 Verum
2737 2682 2832 2721 nos
2870 2665 2997 2720 illud
3037 2666 3267 2734 primum
3319 2665 3595 2718 auditores

2023 2763 2457 2828 admonebimus,
2501 2761 2645 2815 hunc
2689 2759 2837 2813 illum
2878 2771 3034 2822 esse,
3073 2755 3239 2828 249
3280 2756 3406 2825 qui.
3451 2756 3594 2826 quod

2023 2873 2130 2914 non
2160 2855 2320 2927 pauci
2343 2870 2411 2909 ex
2444 2851 2748 2924 ignorantia
2775 2850 3181 2921 generationem
3208 2848 3328 2903 Filii
3360 2849 3598 2902 humano

2018 2961 2175 3005 more
2213 2948 2541 3018 acciperent,
2589 2955 2812 2999 coactus
2843 2944 2894 2997 in
2928 2945 3024 2997 hos
3054 2955 3334 2997 sermones
3363 2938 3552 2994 incidit
3580 2955 3596 2992 :

2022 3044 2167 3097 hunc
2193 3041 2341 3093 illum
2371 3053 2511 3104 esse,
2542 3037 2687 3106 quia
2719 3035 2996 3105 corporeis
3032 3033 3346 3088 notionibus
3384 3033 3448 3085 ad
3478 3030 3592 3098 spi-

2024 3133 2267 3187 ritualem
2307 3128 2817 3198 contemplationem
2860 3125 3141 3195 imperitas
3174 3125 3386 3178 animas
3434 3137 3592 3176 revo-

2026 3236 2113 3280 cat
2138 3243 2151 3278 :
2180 3225 2292 3294 qui,
2315 3224 2458 3292 quod
2488 3221 2764 3285 animalia,
2793 3235 2915 3273 cum
2939 3219 3089 3289 prius
3117 3233 3220 3272 non
3249 3217 3378 3282 sint,
3405 3214 3598 3268 deinde

2025 3323 2374 3385 generantur,
2403 3323 2455 3366 et
2485 3313 2624 3381 quod
2659 3311 2747 3380 qui
2786 3310 2944 3363 hodie
2969 3309 3186 3379 genitus
3213 3317 3314 3371 est,
3351 3307 3464 3360 heri
3491 3321 3596 3358 non

2025 3419 2162 3470 erat,
2186 3409 2322 3461 banc
2341 3406 2613 3459 notionem
2642 3405 2694 3456 in
2725 3402 2997 3471 Unigeniti
3030 3399 3387 3455 substantiam
3418 3408 3599 3450 trans-

2027 3500 2148 3554 fert.
2194 3499 2258 3552 Et
2286 3497 2542 3566 quoniam
2577 3495 2791 3564 genitus
2827 3503 2940 3557 est,
2979 3493 3175 3562 inquit,
3209 3501 3335 3546 ante
3366 3504 3595 3561 genera-

2026 3592 2226 3645 tiOnem
2277 3606 2384 3644 non
2433 3599 2568 3642 erat.
2620 3588 2770 3644 Adeo
2827 3585 3114 3656 magniﬁce
3170 3597 3264 3637 ceu
3322 3581 3599 3649 theologus

2031 3681 2297 3752 [linigeiiiti
2345 3679 2496 3733 nobis
2529 3677 2931 3748 generationem
2965 3674 3210 3743 exponit,
3254 3681 3416 3741 atque
3458 3671 3600 3738 ejus-

2028 3774 2167 3826 modi
2202 3772 2380 3825 verbis
2413 3769 2641 3823 fratrum
2673 3760 2986 3822 uostrorum
3041 3763 3447 3818 infirmitatibus
3487 3777 3599 3813 me-

2025 3867 2218 3920 detur:
2251 3863 2463 3932 dignus,
2493 3863 2537 3915 si
2568 3862 2689 3930 quis
2719 3859 2876 3920 alius,
2902 3858 2990 3925 qui
3018 3857 3203 3910 audiat
3229 3852 3596 3924 proverbium,

2028 3955 2248 4018 Medice,
2284 3969 2411 4005 cura
2439 3955 2660 4020 teipsum
2684 3949 2753 4002 ⁸³.
2783 3948 2943 4016 Atqui
2986 3961 3150 4015 quam
3175 3945 3225 4000 ei
3257 3941 3518 3996 medelam
3543 3940 3596 3992 in

2027 4047 2130 4100 hoc
2177 4043 2411 4098 absurdo
2452 4043 2615 4096 animi
2671 4041 2861 4093 morbo
2908 4037 3234 4101 aﬂ'eremns,
3286 4032 3388 4086 nisi
3435 4031 3597 4083 verba

2025 4151 2144 4205 quae
2188 4134 2424 4202 Spiritus
2457 4141 2678 4185 sanctus
2722 4145 2818 4198 per
2868 4129 3082 4183 beatum
3128 4124 3389 4179 Joannem
3443 4121 3598 4172 nobis

2025 4227 2239 4282 locutus
2264 4235 2346 4279 est
2389 4243 2402 4277 :
2440 4223 2504 4276 In
2539 4221 2797 4290 principio
2836 4230 2946 4274 erat
2990 4217 3237 4280 Verbum,
3271 4224 3318 4267 et
3375 4211 3599 4266 Verbum

2025 4330 2134 4374 erat
2162 4319 2300 4385 apud
2325 4316 2512 4378 Deum,
2540 4326 2584 4368 et
2616 4315 2752 4368 Deus
2777 4323 2887 4367 erat
2928 4311 3149 4366 Verbum
3176 4309 3256 4360 “?
3275 4308 3367 4361 llis
3393 4303 3598 4359 duabus

2027 4413 2353 4468 dictionibus
2373 4410 2514 4462 hunc
2540 4408 2970 4460 aniu'iimorb—um
2996 4401 3226 4456 exclusit
3247 4396 3597 4467 evangelista,

2025 4521 2147 4560 cum
2196 4503 2423 4558 alterunt
2475 4501 2890 4563 transcendere,
2938 4496 3164 4549 alteram
3216 4491 3428 4559 assequi
3491 4503 3595 4541 non

2023 4597 2312 4668 possimus.
2361 4590 2547 4661 Neque
2591 4591 2733 4644 cnim
2773 4589 2892 4643 lieri
2938 4595 3136 4656 potest,
3179 4593 3237 4638 ut
3307 4579 3597 4659 quidquam

2100 4949 2215 5021 (87)
2247 4950 2349 5004 Pro
2397 4949 2714 5021 γεννήσεως,
2745 4945 2797 4999 in
2827 4944 2986 5021 “Reg.
3019 4939 3179 5021 tertiq
3220 4937 3417 5008 legitur
3443 4934 3598 5021 γενέ-

2030 5009 2170 5083 σεως
2197 5009 2220 5052 ὀ
2245 5036 2364 5089 qua:
2393 5009 2560 5072 varia'
2587 5016 2857 5072 scribendi
2886 5009 3026 5067 ratio
3055 5013 3126 5064 ila
3153 5010 3407 5089 frequens
3433 5016 3516 5086 est
3546 5009 3597 5060 in

2027 5078 2188 5145 libris
2217 5078 2327 5144 lu'm
2369 5090 2588 5144 excusis
2621 5098 2731 5139 tum
2769 5100 2926 5137 manu
2959 5082 3215 5144 exaratis,
3251 5078 3307 5132 ιιι
3339 5091 3431 5131 eos
3460 5078 3600 5130 inter

2025 5177 2085 5214 se
2120 5161 2453 5224 consentire,
2480 5174 2603 5212 cum
2636 5158 2898 5209 alterutra
2924 5150 3344 5224 vox_occurrit,.
3369 5149 3457 5199 vix
3496 5162 3596 5224 un:

2027 5246 2189 5300 quam
2225 5215 2558 5283 videasJHic
2589 5228 2740 5300 locus
2780 5221 3140 5300 alitereditus
3173 5215 3598 5300 iuveriitur'apud

2030 5286 2208 5354 virum
2229 5299 2602 5354 doctissimqu
2632 5296 2894 5350 Joannem
2924 5293 3206 5346 Alliertum
3240 5286 3543 5341 Fabricium
3582 5301 3594 5336 :

2031 5373 2126 5425 sed
2158 5371 2227 5422 ita
2263 5380 2464 5431 tamen,
2495 5377 2552 5420 ut
2599 5369 2787 5420 eadem
2828 5362 3097 5416 sententia
3151 5359 3435 5431 ciliciatur.
3489 5354 3600 5407 Illic

2026 5441 2191 5508 igitur
2242 5440 2322 5492 sic
2377 5426 2604 5507 legimus
2643 5456 2655 5490 :
2701 5433 2791 5503 Τῷ
2820 5429 3163 5508 γὰρ-ὅντιΔτί
3195 5427 3273 5480 δεῖ
3313 5426 3598 5496 γενέσεως,

2025 5502 2165 5574 Quid
2191 5511 2327 5562 enim
2373 5502 2503 5576 opus
2529 5515 2604 5558 est
2632 5502 2771 5576 ortu,
2808 5507 2850 5556 ei
2869 5502 2958 5576 qui
2991 5513 3064 5553 est
3085 5502 3110 5554 Σ)

2099 5581 2215 5648 (88)
2246 5573 2472 5648 Codices
2499 5577 2703 5644 aliquot
2727 5573 3150 5648 ὑπομνήσωμεν,

2101 5633 2337 5772 (89ᾖιξίο
2365 5647 2494 5714 lleg.
2525 5633 2772 5716 quartus.
2814 5633 3011 5698 Vocula
3034 5633 3144 5693 ’καί
3174 5639 3324 5694 deest
3358 5633 3603 5693 ineditis

2112 5737 2160 5772 Ill
2195 5737 2218 5772 a
2250 5735 2311 5772 us
2333 5733 2460 5772 Iitss.

2031 5731 2080 5775 et
2111 5721 2160 5772 in
2195 5720 2311 5772 aliis
2333 5733 2460 5772 Inss.
