4016 6220
307 310 406 368 601
1408 319 1780 377 ADVERSUS
1812 322 2186 378 EUNOMIUM
2230 327 2357 381 LIB.
2397 328 2459 381 ll.
3466 339 3573 398 602

311 428 423 490 σοῖς
451 426 776 500 οἰκειότερον
823 442 959 500 προς
999 429 1059 481 σὲ
1091 430 1365 502 χρήσομαι
1399 435 1660 504 ῥήμασιν,
1708 436 1791 489 ὃτι
1824 436 1882 490 οὑ

1990 450 2068 492 est
2116 437 2319 500 dicere,
2368 439 2475 493 tuis
2522 438 2808 497 adversum
2865 452 2917 499 te
2966 446 3150 502 verbis
3205 449 3384 519 aptius
3425 462 3570 519 utar,

312 516 660 590 βλασφημίας
692 520 873 589 μόνον,
901 521 1037 575 ἀλλὰ
1066 524 1163 576 καὶ
1192 524 1497 595 παρανοίας
1523 528 1831 601 ὑπερϐολὴν
1866 532 1882 583 ἐ

1997 531 2142 600 quod
2174 545 2279 584 nou
2309 531 2660 602 blasphemiae
2693 536 2886 600 solum,
2924 539 3018 593 sed
3055 516 3370 598 stoliditatis
3407 516 3571 601 etiam

310 609 463 678 λόγος
492 609 625 681 ἔχει,
652 610 973 683 ἀνθρώπους
1007 614 1260 668 ἀπαιτεῖν
1285 615 1394 669 τῶν
1417 616 1590 686 λόγων
1609 619 1706 672 τοῦ
1730 620 1899 674 Πνεύ-

314 719 485 773 ματος
512 702 610 767 τὰς
637 703 884 768 εὐθύνας,
921 705 1015 759 καὶ
1047 706 1295 779 μαθητὴν
1344 710 1442 779 μὲν
1481 706 1618 765 εἶναι
1650 712 1758 766 τῶν
1793 714 1929 767 Εὑ-“

309 794 578 863 αγγελίων
615 796 917 866 ὁμολογεῖν,
960 799 1140 852 αὑτῶν
1177 800 1235 854 δὲ
1264 800 1468 856 τούτων
1511 805 1896 870 κατεξανίστα-

311 885 453 940 σθαι.
483 886 686 940 Σκόπει
723 887 830 959 γὰρ
860 887 960 953 τὰς
986 888 1136 955 θείας
1172 892 1377 963 φωνὰς,
1407 894 1484 959 ὡς
1522 896 1766 968 ἀκριϐῶς
1799 900 1895 953 καὶ

310 979 497 1050 σαφῶς
525 982 592 1051 τῇ
626 981 731 1053 πρὸ
769 980 980 1036 αἰώνων
1013 983 1227 1052 γενέσει
1259 987 1371 1057 (97)
1397 986 1493 1044 τοῦ
1525 989 1656 1043 Υἱοῦ
1691 1008 1894 1062 μαρτυο

309 1071 516 1144 ροῦσιν.
561 1073 777 1144 Ἐπειδὴ
805 1073 915 1145 γὰρ
942 1076 971 1129 ό
1002 1074 1102 1146 μὲν
1124 1077 1400 1142 Ματθαῖος
1426 1081 1524 1152 τῆς
1554 1082 1696 1136 κατὰ
1719 1084 1894 1155 σάρκα

308 1165 612 1235 γεννήσεως
633 1162 904 1238 ἐξηγητὴς
925 1166 1168 1237 γέγονεν,
1187 1168 1263 1234 ὡς
1288 1170 1454 1236 αὑτός
1481 1189 1645 1244 φησι·
1674 1175 1894 1243 Βίϐλος

308 1255 602 1326 γενέσεως
642 1259 838 1326 Ἰησοῦ
881 1261 1139 1328 Χριστοῦ
1191 1265 1327 1319 υἱοῦ
1349 1266 1528 1320 Δαϐἱδ
1575 1267 1719 1339 (98)°
1777 1271 1806 1323 ὁ
1836 1268 1892 1323 δὲ

308 1347 535 1419 Μάρκος
562 1348 736 1420 ἀρχὴν
764 1349 858 1403 τοῦ
888 1351 1221 1421 Βὺαγγελίου
1246 1353 1308 1408 τὸ
1345 1356 1594 1412 Ἰωάννου
1623 1359 1891 1432 πεποίηκε

308 1440 594 1511 κήρυγμα,
642 1438 843 1494 εἰπών·
886 1440 1068 1513 Ἀρχὴ
1120 1444 1228 1499 τοῦ
1266 1448 1636 1517 Εὑαγτελίου
1687 1450 1890 1516 Ἰησοῦ

306 1531 586 1599 Χριστοῦ,
629 1529 822 1599 καθὼς
851 1532 1171 1605 γέγραπται
1195 1536 1265 1590 ἐν
1308 1538 1510 1607 Ἡσαΐᾳ
1552 1538 1633 1605 τῷ
1657 1542 1889 1611 προφή-

1997 620 2213 674 modum
2250 633 2472 691 superat
2514 624 2601 680 hic
2644 641 2850 696 sermo,
2891 629 3139 687 homines
3171 632 3420 689 videlicet
3447 650 3572 690 ver-

1994 708 2186 765 borum
2227 710 2463 782 Spiritus
2506 716 2772 772 rationem
2803 734 3119 791 exposcere,
3155 732 3209 778 et
3241 725 3480 793 proﬁteri
3513 741 3575 782 se

1995 801 2269 874 Evangelii
2304 803 2648 874 discipulum,
2678 818 2737 865 et
2789 820 2964 867 tamen
3016 813 3070 868 in
3122 815 3297 884 ipsum
3330 816 3574 888 Evange-
3636 842 3639 847 ι

1993 894 2124 950 lium
2144 897 2447 967 insurgere.
2472 901 2708 957 Adverte
2731 904 2875 960 enim
2894 908 3385 979 quam‘dlligenter,
3406 927 3568 981 quam

1994 998 2184 1058 aperte
2231 989 2429 1047 divinae
2471 1007 2633 1049 voces
2675 998 3084 1065 generationem
3122 1000 3268 1067 Filii,
3299 1017 3419 1071 quae
3471 1003 3573 1058 fuit

1994 1087 2122 1130 ante
2148 1079 2366 1142 smcula,
2396 1083 2704 1140 testimonio
2733 1101 2832 1143 suo
2863 1090 3238 1160 comprobent.
3273 1092 3404 1148 Nam
3435 1109 3571 1165 quo-

1996 1167 2139 1220 niam
2166 1167 2451 1227 Matabmus
2477 1175 2695 1243 quidem
2722 1182 3093 1247 generationis
3124 1187 3416 1239 secundum
3449 1200 3571 1241 car-

1994 1271 2115 1310 nem
2147 1256 2322 1315 factus
2349 1271 2433 1315 est
2464 1262 2757 1333 interpres,
2790 1276 2848 1322 ut
2875 1268 2990 1340 ipse
3019 1272 3093 1325 ait
3128 1289 3143 1326 :
3172 1272 3328 1327 Liber
3354 1290 3571 1341 genera-

1993 1351 2153 1404 tionis
2195 1350 2327 1407 Jesu
2382 1353 2580 1410 Christi
2626 1358 2727 1426 ﬁlii
2781 1359 2954 1415 David
2994 1363 3063 1431 l'°;
3116 1364 3329 1421 Marcus
3390 1374 3568 1423 autem

1987 1436 2215 1496 Joannis
2276 1446 2715 1511 praedicationem
2783 1452 2998 1507 initium
3053 1453 3332 1527 Evangelii
3401 1458 3567 1525 fecit,

1993 1532 2176 1588 (licens
2204 1552 2218 1588 :
2248 1535 2471 1591 Initium
2520 1538 2795 1610 Evangelii
2829 1542 2958 1597 Jesu
3007 1546 3223 1610 Christi,
3257 1550 3393 1604 sicut
3434 1554 3568 1605 scri-

307 1639 379 1691 τῃ
403 1621 512 1694 (99)
533 1640 548 1656 ο
573 1621 745 1693 Φωνὴ
761 1623 1036 1694 ,βοῶντος
1062 1628 1135 1681 ἐν
1162 1627 1239 1699 τῇ
1264 1629 1463 1700 ἐρήμῳ
1481 1646 1497 1662 ·
1538 1632 1566 1684 ὁ
1589 1632 1646 1686 δὲ
1675 1634 1882 1698 Λουκᾶς

1989 1635 2133 1691 plum
2161 1637 2233 1680 est
2268 1628 2322 1681 in
2371 1629 2522 1684 lania
2554 1635 2806 1702 propheta
2845 1650 2864 1688 :
2896 1635 3010 1691 Vox
3053 1640 3332 1696 clamantis
3376 1644 3434 1697 in
3478 1644 3569 1696 de-

308 1717 402 1770 καὶ⁵
441 1716 603 1785 αὐτὸς
641 1716 731 1771 διὰ
769 1718 876 1775 τῶν
914 1723 1242 1792 σωματικῶν
1293 1723 1476 1797 ἀρχῶν
1522 1728 1588 1798 τῇ
1644 1726 1882 1800 θεολογίᾳ

1990 1727 2129 1770 serto
2166 1717 2232 1784 5';
2268 1718 2444 1775 Lucas
2474 1738 2601 1778 vero
2628 1733 2681 1779 et
2715 1726 2828 1794 ipse
2857 1743 2955 1797 per
2981 1731 3282 1801 corporalia
3316 1733 3471 1788 initia
3501 1737 3569 1791 ad

308 1805 551 1877 προσέϐη
568 1822 581 1836 θ
611 1807 927 1877 ἀναγκαίως
950 1811 977 1863 ὁ
1000 1811 1389 1886 εύαγγελιστὴς
1421 1815 1694 1888 Ἰωάννης,
1715 1817 1882 1871 τελευ-

1997 1806 2319 1877 theologiam
2343 1813 2593 1879 accessit,
2622 1818 2936 1872 necessario
2958 1821 3290 1891 evangelista
3306 1821 3565 1894 Joannes,

305 1899 455 1961 ταίος
491 1897 661 1952 ἐλθὼν
714 1901 794 1964 εἰς
839 1901 901 1954 τὸ
940 1903 1195 1974 γράφειν,
1232 1906 1433 1970 παντὸς
1471 1907 1752 1977 αἰσθητοῦ,
1798 1912 1882 1963 καὶ

1992 1912 2114 1951 cum
2160 1901 2383 1958 ultimus
2424 1905 2491 1957 ad
2535 1906 2882 1962 scribendum
2917 1916 3177 1979 venisset,
3214 1925 3448 1971 mentem
3479 1933 3570 1971 su-

308 1988 499 2062 χρόνου
523 1990 613 2044 τοῦ
636 1994 747 2057 τοῖς
779 1994 1043 2059 τοιούτοις
1079 1998 1485 2068 παρεπομένου,
1514 2002 1614 2072 τὴν
1651 2002 1882 2057 διάνοιαν

1992 2005 2088 2058 ρει·
2112 2007 2271 2046 omne
2304 1997 2578 2061 sensibile,
2610 2014 2674 2053 ac
2719 2009 2929 2070 tempus
2977 2006 3119 2073 quod
3164 2009 3440 2064 sensibilia
3481 2025 3568 2065 sc-

309 2081 609 2158 ὑπεράρας,
670 2083 869 2153 μᾶλλον
913 2084 971 2137 δὲ
1021 2085 1254 2155 ὑψωθεὶς
1282 2088 1358 2159 (l)
1401 2093 1467 2160 τῇ
1516 2092 1741 2163 δυνάμει
1796 2094 1889 2147 τοῦ

308 2171 642 2243 Πνεύματος,
668 2174 817 2247 αὑτῷ
840 2177 1081 2249 προσέϐη
1111 2177 1189 2249 τῷ
1220 2179 1437 2235 πάντων
1472 2183 1748 2252 ἐπέκεινα,
1789 2202 1878 2257 μοι

305 2264 518 2334 νονουχὶ
543 2265 1045 2339 διαμαρτυρόμενος
1073 2271 1166 2324 καί
1191 2271 1371 2340 αὐτὸς,
1399 2275 1501 2336 ὅτι.
1537 2277 1585 2328 εἰ
1609 2278 1703 2330 καὶ
1723 2276 1891 2347 ἐγνώ-

305 2372 482 2426 καμεν
539 2359 680 2412 κατὰ
732 2359 910 2430 σάρκα
954 2360 1210 2434 Χριστὸν,
1264 2363 1403 2419 ἀλλά
1450 2367 1543 2422 νῦν
1582 2370 1763 2424 οὐκέτι
1805 2388 1891 2440 γι·

304 2445 604 2518 νὼσκομεν.
638 2450 950 2521 Λαϐόμενος
974 2454 1084 2526 γὰρ
1121 2456 1292 2527 αὐτῆς
1317 2457 1416 2529 τῆς
1445 2459 1641 2530 ἀρχῆς,
1669 2462 1763 2514 καὶ
1786 2463 1890 2516 πά-

304 2554 405 2603 σας
432 2539 531 2604 τὰς
562 2544 881 2612 σωματικάς
912 2563 973 2599 τε
1004 2548 1099 2601 καὶ
1125 2549 1382 2618 χρονικὰς
1410 2551 1618 2617 ἐννοίας
1648 2553 1887 2608 κατωτέ-

310 2644 407 2698 ρας
441 2628 543 2699 τῆς
575 2630 767 2685 ἑαυτοῦ
815 2631 1093 2703 θεολογίας
1138 2637 1442 2704 ἀπολιπὼν,
1496 2640 1887 2718 ὑπερεφὼνησε

303 2715 373 2769 τὰ
398 2718 735 2788 προλαϐόντα
766 2721 1096 2794 κηρύγματα
1128 2728 1194 2798 τῇ
1225 2727 1564 2801 μεγαλοφυῖᾳ
1611 2733 1710 2803 τῆς
1743 2715 1886 2803 γνῶ-

306 2825 462 2872 σεως.
502 2810 616 2863 Οὑκ
652 2812 760 2865 ἀπὸ
792 2815 1029 2884 Μαρίας,
1095 2819 1280 2889 φησιν.
1324 2822 1359 2893 ὴ
1402 2821 1567 2894 ἀρχὴ,
1618 2824 1738 2877 οὐδὲ
1780 2826 1889 2880 ἀπὸ

304 2898 472 2952 τῶνδε
499 2901 607 2954 τῶν
640 2902 865 2973 χρόνων.
914 2907 1076 2961 Ἀλλὰ
1103 2909 1195 2974 τί;
1241 2911 1337 2965 Ἐν
1363 2911 1518 2982 ἀρχῇ
1566 2911 1646 2985 ἦν
1693 2920 1726 2971 ό
1772 2921 1885 2973 Λό-

304 3008 427 3059 γος,
459 2992 556 3046 καὶ
582 2996 615 3047 ό
638 2997 829 3064 Λόγος
856 2994 935 3067 ἦν
962 3000 1112 3068 πρὸς
1141 3001 1251 3056 τὸν
1275 3005 1441 3071 Θεὸν,
1488 3008 1586 3060 καὶ
1624 3009 1768 3075 Θεὸς
1806 3007 1886 3081 ἦν

304 3085 338 3134 ό
361 3084 580 3153 Λόγιοςυ
614 3085 712 3157 τὴν
744 3085 804 3151 ἐξ
837 3089 1007 3142 ἀϊδίου
1050 3089 1304 3164 ὓπαρξιν,
1334 3095 1433 3167 τὴν
1463 3097 1648 3169 ἀπαθῆ
1692 3100 1883 3173 γέννη-

1989 2084 2193 2150 quitur,
2226 2085 2501 2153 attollens,
2534 2089 2641 2143 imo
2677 2089 2872 2146 virtute
2913 2093 3147 2161 Spiritus
3193 2109 3429 2165 erectus,
3470 2114 3566 2156 ac-

1989 2174 2158 2227 cessit
2186 2175 2252 2228 ad
2296 2192 2419 2231 eum
2471 2178 2668 2248 ipsum,
2694 2183 2784 2250 qui
2818 2194 2901 2239 est
2935 2186 3075 2241 ultra
3110 2189 3314 2255 omnia,
3360 2200 3566 2247 tantum

1989 2277 2097 2317 non
2125 2273 2391 2321 attestans
2415 2277 2470 2322 et
2502 2269 2638 2339 ipse,
2669 2274 2811 2340 quod
2841 2275 2940 2329 etsi
2966 2275 3244 2332 Christum
3270 2282 3563 2338 secundum

1989 2369 2209 2409 carnem
2240 2360 2616 2428 cognovimus,
2651 2366 2889 2419 nondum
2925 2376 3102 2423 tamen
3140 2383 3261 2424 eum
3306 2374 3448 2428 nunc
3473 2389 3567 2430 co-

1989 2448 2297 2515 gnoscimus
2326 2450 2394 2503 “.
2426 2449 2560 2506 Nam
2600 2465 2866 2525 occupato
2907 2458 3025 2527 ipso
3071 2462 3361 2531 principio,
3392 2469 3569 2520 omni-

1990 2535 2205 2603 busque
2238 2540 2515 2606 corporeis
2545 2551 2600 2596 et
2631 2547 3021 2613 temporalibus
3066 2550 3374 2635 notionibus
3421 2555 3563 2611 intra

1990 2640 2143 2679 suam
2205 2629 2527 2700 theologiam
2582 2634 2809 2698 relictis,
2861 2654 2953 2694 eas
3003 2655 3125 2710 quae
3177 2629 3568 2711 pra‘cesseraut

1987 2711 2405 2779 praedicationes
2448 2718 2846 2786 magniﬁcentia
2894 2725 3220 2793 cognitionis
3266 2734 3563 2796 superavit.

1987 2800 2105 2857 Non
2158 2818 2188 2858 a
2237 2805 2431 2871 Maria,
2491 2809 2686 2880 inquit,
2739 2815 3084 2884 principium,
3128 2834 3303 2887 neque
3357 2824 3426 2877 ab
3482 2823 3565 2880 his

1988 2898 2340 2964 temporibus.
2367 2900 2476 2955 Sed
2505 2903 2672 2971 quid?
2699 2902 2765 2959 In
2802 2907 3060 2975 principio
3097 2922 3212 2966 erat
3243 2911 3488 2982 Verbum,
3514 2929 3563 2970 et

1997 2985 2225 3041 Verbum
2266 3000 2378 3044 erat
2417 2995 2559 3061 apud
2604 2994 2793 3059 Deum,
2824 3008 2872 3051 et
2904 2998 3044 3055 Deus
3078 3014 3191 3057 erat
3239 3004 3457 3060 Veritum
3492 3009 3558 3063 ⁸³.

1988 3077 2362 3137 Subslantiam
2424 3096 2724 3155 aeternam,
2778 3093 3186 3158 generationem
3262 3097 3564 3157 all'ectionis

306 3189 409 3237 σιν,
431 3175 490 3227 τὸ
518 3177 760 3247 συμφυὲς
788 3178 864 3249 τῷ
885 3182 1080 3253 Πατρὶ,
1114 3185 1175 3237 τὸ
1210 3186 1494 3258 μεγαλεῖον
1518 3167 1882 3259 τῆς-φύσεως,

1988 3179 2291 3240 expertem,
2324 3189 2443 3229 eam
2475 3190 2635 3244 quam
2670 3192 2794 3233 cum
2826 3178 2988 3236 Patre
3031 3183 3195 3241 habet
3236 3187 3565 3256 conjunctio-

304 3266 482 3321 πάντα
511 3269 570 3321 ὲν
594 3271 706 3332 τοῖς
730 3269 928 3340 ὀλίγοις
953 3275 1158 3346 ῥήμασι
1188 3277 1487 3344 συλλαϐὼν,
1513 3281 1608 3334 καὶ
1631 3285 1695 3353 τῇ
1722 3300 1888 3355 προσ-

305 3356 448 3430 θήκῃ
491 3359 584 3411 τοῦ
610 3355 721 3413 Ἦν
764 3363 1056 3434 ἀναγαγὼν
1094 3367 1171 3439 (2)
1202 3370 1283 3432 είς
1335 3370 1436 3443 τὴν
1466 3372 1660 3445 ἀρχὴν,
1696 3374 1885 3448 ῶσπερ

302 3450 660 3522 ἀποφράττων
692 3453 760 3507 τὰ
793 3456 1034 3527 στόματα
1064 3459 1193 3525 τῶν,
1232 3463 1313 3516 ὅτι
1358 3465 1469 3518 οὐκ
1498 3461 1596 3534 ἦν,
1643 3466 1884 3540 βλασφη-

306 3543 569 3611 μούντων,
602 3545 698 3598 καὶ
731 3546 1013 3619 πόρρωθεν
1048 3551 1147 3615 τὰς
1176 3553 1286 3607 τῶν
1315 3555 1575 3611 τοιούτων
1617 3562 1884 3630 σοφισμά-

300 3648 408 3685 των
442 3634 822 3704 παρεισδύσεις
866 3638 1300 3713 ὑποτεμνόμενος
1333 3643 1431 3715 (3).
1485 3644 1618 3702 Εἶτα
1654 3649 1741 3702 διὰ
1783 3651 1882 3721 τῆς

302 3723 577 3794 θεολογίας
612 3720 724 3781 οἷον
764 3728 1087 3802 ὑπογραφὴν
1129 3751 1253 3788 τινα
1296 3739 1500 3809 ἐναργῆ
1535 3741 1633 3810 τῆς
1668 3720 1883 3810 φύσεως

299 3814 392 3868 τοῦ
420 3817 758 3886 Μονογενοῦς
785 3820 1120 3888 ἐπυπιῦσας,
1145 3826 1220 3889 ὡς
1243 3826 1344 3897 ήδη
1374 3828 1730 3900 γνωρίζουσιν
1750 3834 1881 3887 ὑπο-

297 3905 536 3961 δείκνυσι
564 3911 629 3980 τῇ
663 3912 812 3982 φωνῇ
842 3911 1049 3980 λέγων’
1090 3910 1279 3983 Οὗτος
1317 3913 1397 3985 ἦν
1440 3919 1511 3971 ἐν
1538 3920 1697 3990 ἀρχῇ
1731 3924 1878 3991 πρὸς

298 3997 403 4049 τὸν
441 3998 623 4051 Θεόν·
668 3998 832 4055 πάλιν
888 4001 1120 4057 ἐνταῦθα
1168 4007 1233 4076 τῇ
1275 4006 1557 4080 προσθήκῃ
1612 4009 1704 4063 τοῦ
1746 4007 1876 4075 Ἦν,

295 4090 362 4157 τῇ
391 4088 649 4161 αῖδιότητι
687 4091 781 4145 τοῦ
822 4093 1038 4166 Πατρὸς
1074 4094 1169 4149 τοῦ
1208 4098 1543 4167 Μονογενοῦς
1593 4103 1877 4156 συνάπτων

298 4178 394 4249 τὴν
418 4179 669 4251 γέννησιν
688 4199 701 4212 ’
730 4184 823 4236 καὶ
851 4183 1040 4239 πάλιν·
1079 4184 1211 4254 Ζωὴ
1238 4183 1337 4257 ἦν,
1370 4188 1470 4243 καὶ
1503 4190 1541 4257 ἡ
1567 4187 1680 4259 ζωὴ
1701 4187 1779 4261 ἦν
1810 4193 1877 4246 τὸ

297 4267 420 4336 φῶς
443 4269 562 4323 τῶν
581 4273 922 4341 ἀνθρώπων,
965 4278 1064 4330 καὶ
1099 4271 1181 4349 ἦν
1208 4277 1275 4331 τὸ
1306 4276 1433 4347 φῶς
1462 4278 1528 4333 τὸ
1557 4281 1873 4349 ἀληθινόν.

310 4358 447 4412 Ἀλλ’
488 4360 636 4430 ὅμως
667 4361 808 4415 οὓτω
830 4363 1164 4435 πανταχόθεν
1192 4364 1287 4419 τοῦ
1319 4366 1478 4435 λόγου
1508 4370 1628 4431 ταῖς
1653 4368 1748 4421 τοῦ
1785 4368 1873 4420 ἁῖ-

295 4451 409 4503 δίου
446 4450 521 4521 (ιι)
553 4451 887 4524 προσθήκαις
918 4455 1344 4527 ήσφαλισμένου,
1389 4458 1568 4523 πάσας
1615 4459 1873 4531 παρωσά-

1986 3276 2129 3325 nem,
2159 3271 2365 3319 natura:
2390 3267 2751 3336 majestatem,
2780 3274 2962 3326 omnia
2990 3278 3178 3344 paucis
3206 3281 3385 3337 verbis
3416 3296 3561 3338 com-

1983 3355 2189 3422 plexos,
2244 3371 2381 3412 voce
2417 3357 2548 3414 Erat
2602 3363 2805 3428 addita,
2852 3365 3076 3421 deduxit
3113 3370 3179 3423 ad
3209 3372 3559 3443 principium,

1984 3446 2139 3514 quasi
2194 3463 2289 3501 ora
2351 3450 2644 3507 occludens
2702 3469 2925 3521 eorum,
2979 3459 3073 3527 qui
3121 3460 3561 3532 blasphemantes

1983 3537 2191 3605 dicunt,
2225 3542 2366 3609 quod
2420 3558 2525 3598 non
2579 3555 2720 3612 erat,
2747 3559 2801 3602 et
2853 3549 3008 3622 longe
3061 3561 3187 3608 ante
3237 3557 3561 3613 exscindens

1980 3626 2242 3695 ejusmodi
2295 3633 2699 3690 Cavillutionutn
2763 3640 2993 3696 aditum.
3045 3643 3245 3700 Deinde
3307 3661 3562 3706 sermone

1981 3721 2284 3793 theologico
2316 3726 2462 3780 velut
2491 3727 2695 3782 claram
2726 3732 3016 3799 quamdam
3049 3743 3255 3790 natura;
3282 3734 3557 3805 Unigeniti

1977 3812 2399 3885 descriptionem
2446 3819 2781 3889 exprimens,
2816 3825 2973 3893 quasi
3016 3825 3131 3893 jam
3180 3831 3557 3899 cognoscenti-

1981 3904 2082 3958 hus
2114 3920 2231 3960 eam
2266 3918 2660 3965 commonstrat
2693 3912 2797 3968 hac
2828 3927 2981 3981 voce,
3015 3917 3202 3974 dicens
3234 3935 3248 3971 :
3290 3919 3405 3975 Hoc
3443 3933 3557 3977 erat

1979 3997 2033 4049 in
2071 3997 2331 4066 principio
2379 4002 2520 4068 apud
2564 4001 2730 4057 Deum
2758 4003 2825 4062 “.
2866 4005 3095 4079 Rursus,
3130 4025 3262 4066 voce
3306 4010 3432 4067 Erat
3468 4015 3557 4070 hic

1980 4089 2211 4157 adjecta,
2246 4094 2539 4148 mternitati
2591 4093 2770 4151 Patris
2825 4101 3227 4167 generationem
3282 4102 3554 4174 Unigeniti

1979 4185 2274 4240 connectit.
2317 4183 2383 4239 Et
2437 4201 2670 4242 rursus:
2714 4187 2836 4243 Vita
2885 4202 3018 4260 erat,
3065 4203 3112 4247 et
3157 4196 3263 4249 vita
3306 4206 3417 4252 erat
3462 4197 3557 4253 lux

1975 4272 2266 4342 hominum,
2293 4283 2344 4328 et
2368 4285 2481 4330 erat
2510 4277 2603 4331 lux
2632 4295 2751 4333 vera
2783 4278 2850 4334 ".
2877 4279 2983 4338 Sed
3013 4285 3113 4339 etsi
3143 4286 3389 4341 doctrina
3418 4288 3555 4343 adeo

1978 4366 2218 4436 undique
2271 4367 2657 4423 additamentis
2701 4373 3022 4427 :eternitatis
3069 4378 3399 4430 communita
3446 4389 3552 4444 est,

1977 4463 2156 4510 tamen
2219 4457 2473 4512 omnibus
2527 4456 2763 4529 Spiritus
2817 4463 3144 4520 testimoniis
3201 4464 3447 4533 rejectis,
3498 4480 3555 4522 et

299 4557 462 4611 μενος
517 4542 616 4605 τὰς
674 4544 977 4616 μαρτυρίας
1039 4545 1133 4599 τοῦ
1186 4548 1531 4618 Πνεύματος,
1595 4551 1691 4605 καὶ
1753 4550 1873 4605 οὑδὲ

1985 4548 2133 4616 quasi
2185 4563 2252 4602 ne
2306 4548 2492 4604 audire
2535 4523 2751 4620 quidem
2797 4554 3077 4610 videretur
3112 4556 3375 4613 Joannem
3415 4560 3553 4615 adeo

294 4631 512 4687 ἀκούειν
525 4633 694 4688 δοκῶν
712 4634 882 4700 οὕτως
904 4638 1034 4709 ἡμῖν
1060 4639 1279 4704 πυκνῶς
1305 4640 1610 4712 ἐμϐοῶντος
1638 4642 1699 4696 τὸ
1727 4637 1849 4697 Ἦν

365 4817 414 4850 ⁸⁸
444 4816 637 4875 Mattn.
668 4833 707 4882 ι,
738 4818 791 4873 l.
867 4820 909 4851 '"
938 4819 1180 4891 Marc.'_t,
1213 4820 1276 4893 1:;
1305 4821 1405 4879 lsa.
1432 4839 1518 4887 xc,
1550 4825 1605 4878 5.
1680 4824 1727 4856 δ’
1758 4823 1801 4879 ll
1839 4825 1964 4880 Cor.
1997 4839 2051 4893 ν,
2087 4822 2176 4878 l6.

364 4973 473 5044 (97)
497 4972 678 5030 Codex
709 4974 861 5031 Colb.
898 4977 1150 5049 γεννήσει
1177 4977 1295 5035 τοῦ.
1327 4978 1458 5051 Reg.
1489 4981 1680 5036 tertius
1706 4983 1860 5052 vavi-

293 5061 471 5192 σεξθξ)
495 5112 681 5192 Codex
708 5130 844 5192 unus
875 5116 1208 5192 TioiiAaSto,
1242 5117 1671 5192 ΥἱοῦᾉἈϐραάμ.

364 5185 474 5261 (99)
495 5184 720 5261 variare
748 5186 890 5240 inter
914 5189 1169 5261 se‘libros
1200 5192 1350 5244 initio
1369 5184 1643 5261 Evangelii
1666 5191 1856 5257 Marci,

288 5253 378 5308 vel
421 5257 488 5309 de
543 5253 903 5329 Testamento
962 5257 1256 5329 Oxouiensi
1320 5253 1590 5329 coguos‘ci
1652 5253 1852 5329 potest.

273 5326 473 5400 ἰ(ἱνςεεςι
504 5325 718 5400 vulgata
763 5326 832 5378 ita
894 5328 1111 5400 habent,
1142 5328 1218 5391 ὡς
1265 5325 1578 5400 γέγραπται
1630 5325 1692 5400 ἐν
1738 5335 1856 5397 τοῖς

270 5377 626 5483 ξπροφήταιςξ
651 5396 783 5483 aiant
826 5377 1597 5483 εεὲὲρξᾶἦίὶεῐᾷἐῥὲᾇιῆἑὲιῧζ,
1625 5377 1852 5457 Codice;

289 5480 392 5515 non
424 5467 577 5531 pauci
606 5467 664 5518 ὲν
697 5466 895 5538 Ἡσαΐᾳ
921 5466 998 5536 τῷ
1023 5471 1296 5541 προφήτῃ,
1325 5470 1460 5523 sicut
1493 5471 1749 5541 scriptum
1777 5484 1850 5527 est

286 5535 356 5611 in'
380 5531 527 5611 lsa'ia
549 5534 838 5603 prop/tela;
870 5546 928 5591 et
958 5540 1032 5591 ita
1057 5554 1271 5608 quoque
1299 5539 1527 5608 legimus
1551 5540 1602 5595 in
1627 5541 1848 5611 Vulgata

285 5603 599 5755 Lat.
620 5685 867 5755 quartus
890 5674 1090 5755 μᾶλλον
1116 5676 1173 5732 δὲ
1200 5677 1609 5755 ὑττερυψωθείς,Δ

354 5743 431 5805 (2)
457 5745 636 5798 Codex
674 5746 814 5801 idem
843 5743 1079 5813 ἀνάγων.

1981 4638 2290 4693 freauenter
2337 4653 2521 4695 vocem
2580 4640 2712 4697 Erat
2776 4644 3153 4703 inclamautem
3194 4648 3356 4705 :Non
3406 4652 3551 4708 exsi-

2272 4821 2575 4890 “103ml,
2622 4826 2671 4879 1.
2775 4824 2823 4858 “
2847 4825 2978 4881 ibid.
3006 4828 3061 4883 2.
3137 4830 3183 4862 ⁵⁸
3212 4830 3344 4886 ibid.
3395 4832 3450 4900 4,
3491 4833 3545 4889 9.

2041 4981 2249 5059 (5)_Pro
2275 4973 2715 5059 ὑποτεμνόμενος
2738 4978 2936 5059 tegili?!
2966 4978 3017 5040 In
3049 4988 3186 5059 Reg.
3225 4981 3387 5047 (ἐῒθιιο
3408 4993 3548 5048 aeto:

1967 5049 2317 5131 τεμνόμενος.
2348 5049 2828 5131 lhi_den_t:t_i.uo_ms§.
2866 5049 2978 5131 οἷον
3003 5049 3355 5131 ὑπογνραφήν.
3395 5064 3545 5117 Alius

1966 5122 2491 5201 οἱονεξὺπογραφήν.
2522 5122 2658 5177 Etliti
2681 5123 2982 5201 θεολογίας,
3009 5122 3358 5201 ὑπογραξρήν.
3387 5131 3543 5193 Illud.

1965 5190 2052 5244 διὰ
2079 5193 2178 5263 τῆς
2216 5190 2517 5260 θεολογίας,
2548 5204 2678 5262 puto
2701 5196 2780 5249 sic
2814 5190 2983 5264 accipi
3008 5190 3211 5253 dehé're
3242 5190 3255 5253 Ξ
3293 5190 3399 5256 Per
3422 5190 3544 5257 ser;

1967 5275 2179 5316 monent
2209 5277 2369 5330 quem
2416 5263 2485 5317 de
2521 5264 2807 5320 divinitate
2839 5263 2997 5321 Verbi
3032 5267 3240 5325 habuit.

2032 5332 2108 5404 (τί)
2140 5332 2276 5404 Editi
2300 5330 2457 5400 λόγου
2484 5331 2579 5386 τοῦ
2610 5333 2806 5389 ἀϊδίου.
2848 5336 2994 5391 Libri
3039 5349 3249 5395 veteres
3294 5342 3416 5404 ταῖς
3448 5341 3543 5396 τοῦ

1960 5399 2153 5453 ἀϊδίου.
2184 5400 2281 5480 llic
2331 5399 2483 5456 lacus
2516 5418 2621 5480 non
2682 5405 2755 5458 ita
2800 5405 3184 5480 intelligendus
3240 5423 3348 5476 εει,
3384 5399 3538 5480 quasi

1961 5486 2063 5551 vox
2093 5473 2362 5551 (sterilitas
2398 5473 2705 5551 reperiatur
2749 5473 3032 5551 expresse
3063 5477 3229 5551 initio,
3256 5473 3536 5551 Evangelii
3570 5533 3575 5548 ,

1960 5537 2184 5617 Joannis
2219 5558 2234 5593 :
2264 5544 2358 5596 sed
2397 5537 2631 5617 Basilius
2679 5537 2908 5617 reperiri
2945 5545 3231 5617 vultapud
3267 5537 3533 5607 Joannem
3570 5537 3579 5605 ’.

1962 5609 2097 5663 alias
2132 5624 2314 5690 voces,
2360 5626 2480 5681 quae
2540 5612 2682 5668 idem
2717 5609 2944 5672 Omnino
2995 5609 3206 5685 valent,
3234 5622 3377 5691 quod
3426 5621 3545 5693 ipsa

1965 5693 2066 5734 νοχ
2099 5690 2385 5736 a'ternttas.
