3956 6216
411 314 531 380 ,6θὸ

1771 308 1830 365 S.
1869 307 2115 363 BASILII
2153 306 2369 363 MAGNI

3582 311 3703 366 604

428 435 595 488 stetis,
631 420 824 492 inquit,
854 422 1072 491 genitus
1109 432 1212 479 est.
1244 422 1384 491 Ergo
1421 432 1603 491 postea
1637 423 1691 476 in
1735 423 2004 477 accessio-

2115 421 2221 474 υύκ
2253 420 2349 486 ὢν,
2385 420 2569 489 φησιν,
2604 421 2886 492 ἐγεννήθη.
2919 423 3125 477 Οὐκοῦν
3150 423 3226 495 (5)
3259 421 3485 496 ὕστερον
3514 441 3705 496 προσ-

430 518 516 570 nis
542 513 699 585 251
735 514 955 568 modum
989 514 1202 584 genitus
1226 523 1326 569 est.
1365 512 1518 581 Quod
1548 515 1591 568 si
1623 515 1725 568 hoc
1754 529 1859 568 non
1889 522 2010 568 erat

428 605 482 659 iu
518 602 807 674 principio,
838 613 896 656 ut
936 617 1033 658 vos
1071 603 1289 670 dicitis;
1328 619 1494 675 quam
1544 617 1780 674 pugnam
1820 602 2011 657 clario-

432 708 548 748 rem
598 694 861 770 adversus
898 693 1316 765 Evangeliorum
1356 710 1520 752 voces
1552 695 1750 765 quibus
1779 694 2009 751 credidi-

430 800 568 848 mus,
600 784 774 854 possit
801 785 926 853 quis
957 786 1286 840 ostendere?

500 874 587 929 16.
632 874 697 927 Ει
725 875 943 942 quidem
991 876 1077 929 cui
1122 891 1302 929 rerum
1349 891 1504 945 atque
1531 875 1848 930 mstimatori
1874 875 2007 931 illud

428 981 535 1021 non
582 966 926 1035 probabitur,
960 967 1104 1035 quod
1135 975 1192 1020 ut
1213 968 1403 1021 oculus
1429 983 1496 1020 ex
1525 967 1659 1022 locis
1689 966 2007 1021 illuminatis

428 1071 714 1125 egressus,
769 1058 1081 1112 necessario
1126 1058 1195 1111 ob
1246 1057 1605 1126 privationem
1662 1056 1883 1112 luminis
1938 1058 2007 1112 ab

429 1148 647 1204 actione
690 1158 902 1217 cessat;
952 1148 1028 1202 ita
1071 1163 1287 1218 quoque
1313 1158 1366 1202 et
1403 1164 1556 1204 mens
1586 1149 1635 1203 si
1668 1148 2009 1219 imaginatio-

427 1238 592 1294 nibus
626 1248 777 1293 extra
810 1239 863 1293 id
882 1241 1022 1308 quod
1057 1250 1140 1295 est
1166 1239 1548 1309 compellatur,
1575 1240 1804 1296 veritate
1836 1241 2007 1297 instar

427 1329 706 1399 cujusdam
759 1329 895 1386 lucis
944 1329 1256 1397 deficiente,
1303 1330 1549 1399 confusa,
1598 1347 1663 1387 ac
1712 1332 2006 1389 stoliditate

428 1419 706 1484 laborans,
735 1420 1037 1491 intelligere
1075 1422 1319 1477 desinit?
1350 1422 1583 1478 Proinde
1616 1438 1791 1493 neque
1817 1425 2004 1481 oculus

426 1518 581 1563 extra
624 1509 799 1564 lucem
849 1509 967 1564 visu
1021 1510 1223 1579 poterit
1271 1511 1374 1576 uti,
1419 1526 1596 1581 neque
1638 1513 1818 1567 anima
1849 1522 2002 1569 extra

428 1598 703 1670 Unigeniti
769 1602 1047 1655 notionem
1116 1600 1379 1670 abrepta,
1442 1603 1777 1674 intelligendi
1843 1620 2002 1661 usum

2110 512 2453 583 γεγέννηται.
2490 512 2554 565 Ei
2597 512 2655 565 δὲ
2695 512 2852 566 τοῦτο
2884 514 2942 568 ἐν
2970 517 3111 587 ἀρχῇ
3152 515 3253 568 οὐκ
3286 511 3376 587 ἦν,
3406 516 3482 580 ὥς
3526 535 3703 587 φατε,

2107 603 2228 657 τίνα
2276 603 2742 675 περιφανεστέραν
2784 605 2963 677 μάχην
3002 606 3290 672 ἐπιδείξειέ
3319 625 3404 672 τις
3439 607 3519 679 (6)
3551 610 3709 681 πρὸς

2108 690 2212 756 τὰς
2233 691 2418 762 φωνὰς
2446 691 2554 746 τῶν
2580 693 2927 762 Εὑαγγελίων
2955 689 3043 759 αἶς
3067 695 3543 766 πεπιστεύκαμεν;

2180 875 2267 930 16.
2290 876 2406 931 Καὶ
2435 874 2539 947 μὴν
2562 876 2737 929 ἐκεῖνό
2757 893 2822 945 γε
2845 877 2953 931 τίνι
2978 878 3075 930 οὐκ
3098 878 3164 932 ἂν
3191 877 3298 932 τῶν
3327 879 3706 950 εὐγνωμόνων

2109 966 2430 1032 συνδόξειεν,
2462 967 2546 1020 ὄτι
2580 967 2767 1040 ὥσπερ
2795 968 3234 1038 ὀφθαλμὸς-..τῶν
3268 970 3706 1043 περιλαμπομέ-

2106 1071 2214 1108 νων
2241 1056 2422 1108 τόπων
2459 1055 2706 1111 ἐκπεσὼν
2741 1058 2840 1125 (7),
2870 1059 3182 1128 ἀναγκαίως
3229 1060 3296 1113 δι’
3328 1063 3566 1133 ἐρημίαν
3596 1063 3707 1116 τοῦ

2108 1145 2283 1215 φωτὸς
2305 1147 2404 1217 τῆς
2432 1147 2712 1219 ἐνεργείας
2733 1149 2969 1217 ἵσταται,
2993 1149 3136 1204 οὕτω
3166 1151 3224 1204 δὲ
3256 1153 3350 1205 καὶ
3373 1154 3400 1205 ὁ
3428 1153 3581 1217 νοῦς,
3599 1154 3707 1207 ἐπὶ

2104 1240 2166 1293 τὸ
2198 1239 2303 1304 ἔξω
2330 1239 2426 1292 τοῦ
2449 1240 2601 1304 ὄντος
2625 1244 2745 1305 ταῖς
2769 1243 3093 1310 φαντασίαις
3120 1244 3551 1315 εἰσϐιαζόμενος,
3577 1242 3705 1299 οἷόν

2106 1348 2250 1394 τινος
2281 1330 2457 1399 φωτὸς
2497 1332 2596 1403 τῆς
2638 1332 2897 1403 ἀληθείας
2936 1333 3323 1403 ἐπιλειπούσης
3346 1334 3444 1404 (8),
3486 1353 3709 1405 συγχυ-

2106 1419 2218 1484 θεὶς
2248 1421 2341 1474 καὶ
2378 1423 2708 1492 ἀνοηταίνων
2745 1426 2843 1497 τῆς
2873 1426 3111 1496 νοήσεως
3139 1428 3428 1498 armisin“;
3460 1427 3591 1482 056
3625 1429 3704 1482 ἂν

2104 1508 2197 1566 οὖν
2221 1512 2496 1584 ὀφθαλμὸς
2516 1511 2621 1579 ἔξω
2652 1515 2746 1569 τοῦ
2779 1517 2954 1584 φωτὸς
2979 1517 3057 1588 τῷ
3088 1520 3219 1590 όρςῖν
3240 1518 3474 1589 χρῆσθαι
3498 1519 3705 1572 δύναι-

2103 1621 2185 1669 το,
2209 1603 2334 1659 οὗτε
2363 1604 2528 1676 ψυχὴ,
2564 1607 2667 1676 τῆς
2730 1607 2828 1661 τοῦ
2864 1609 3201 1676 Μονογενοῦς
3243 1610 3448 1675 ἐννοίας
3486 1628 3705 1682 παρεν-

426 1691 652 1747 babere.
685 1688 822 1746 Nam
870 1705 903 1746 a
954 1692 1188 1747 veritate
1237 1694 1511 1761 excidere,
1548 1696 1793 1764 quadam
1819 1704 1910 1751 est
1946 1696 2000 1753 in

2115 1696 2353 1768 εχθεῖσα,
2381 1701 2447 1769 τῇ
2474 1700 2659 1769 νοήσει
2688 1700 3007 1770 κεχρῆσθαι.
3056 1702 3121 1754 Ἦ
3155 1700 3263 1773 γὰρ
3307 1701 3407 1773 τῆς
3428 1702 3703 1773 ἀληθείας

427 1785 611 1840 animo
634 1783 870 1855 privatio
901 1782 1051 1838 visus
1079 1794 1244 1854 atque
1273 1785 1515 1841 catellas.
1547 1787 1727 1851 Quare
1758 1801 1895 1841 vana
1921 1798 2006 1843 est

2115 1791 2417 1854 ὶπόπτωσις
2445 1790 2677 1862 ἀορασία
2695 1792 2811 1844 ἐστὶ
2831 1791 3066 1857 διανοίας
3089 1793 3182 1847 καὶ
3204 1792 3493 1862 τύφλωσις.
3520 1792 3698 1847 ’Ὥστε

427 1887 613 1941 mens,
668 1880 1074 1943 excaecataque,
1126 1884 1183 1928 et
1228 1874 1389 1943 plane
1443 1874 1802 1944 intelligentia
1856 1878 2001 1931 omni

427 1965 721 2030 destituta,
768 1979 889 2035 qua:
936 1980 998 2022 se
1028 1964 1318 2037 Unigenito
1358 1965 1667 2036 antiquiora
1713 1968 2007 2035 apprehen-

429 2057 576 2114 disse
613 2057 936 2122 arbitratur,
977 2058 1121 2114 baud
1154 2057 1332 2125 aliter,
1371 2065 1537 2126 atque
1585 2057 1632 2113 si
1680 2058 1802 2128 quis
1848 2058 2005 2114 oculo

414 2149 521 2218 'qui
556 2149 611 2203 in
642 2148 892 2205 tenebras
926 2148 1098 2204 aciem
1138 2148 1346 2218 deﬁgit,
1374 2162 1606 2202 acumen
1646 2147 1794 2203 visus
1826 2148 2005 2205 inesse

432 2241 677 2287 testetur.
715 2226 785 2286 In
817 2233 1013 2290 lumine
1050 2233 1192 2288 enim
1226 2244 1339 2299 tuo,
1366 2233 1559 2301 inquit,
1594 2232 1879 2287 videbimus
1922 2233 2005 2287 lu—

429 2339 547 2376 men
578 2323 647 2378 ⁸⁸.
698 2323 800 2391 Qui
845 2333 1025 2379 autem
1076 2323 1416 2380 intellexisse
1469 2337 1530 2379 se
1582 2324 1748 2389 dicit,
1790 2326 2006 2393 quando

430 2417 668 2483 nondum
699 2425 822 2470 erat
853 2415 1069 2481 lumen;
1105 2415 1300 2471 similis
1329 2417 1395 2472 iis
1428 2424 1534 2480 est,
1566 2416 1655 2486 qui
1690 2415 1743 2470 in
1775 2416 2006 2487 phrene-

432 2508 535 2563 tica
576 2506 773 2562 mentis
817 2506 1114 2572 emotione,
1144 2521 1206 2560 ca
1258 2522 1378 2577 quae
1420 2523 1525 2562 non
1573 2508 1792 2572 adsunt,
1825 2509 2007 2563 videre

430 2600 535 2654 sibi
584 2600 852 2655 videntur.
910 2597 1046 2653 Nam
1091 2616 1212 2670 qua:
1267 2600 1409 2653 ultra
1458 2598 1656 2654 Filium
1708 2608 1855 2667 sunt,
1897 2615 2004 2656 non

430 2691 809 2762 intelliguntur
839 2708 853 2745 :
887 2691 1153 2762 siquidem
1186 2692 1329 2761 quod
1361 2692 1521 2747 oculo
1552 2701 1637 2746 cst
1666 2690 1843 2747 lumen
1875 2706 2003 2746 seu-

431 2782 608 2847 sibile,
646 2783 747 2837 boc
802 2783 988 2838 animo
1035 2793 1119 2836 est
1164 2784 1301 2838 Deus
1338 2781 1597 2838 Verbum.
1649 2782 1780 2836 Erat
1828 2782 2003 2847 enim,

431 2868 628 2938 inquit,
661 2867 755 2923 ius;
801 2885 946 2935 vera,
992 2886 1110 2940 qua'
1158 2868 1421 2923 illuminat
1487 2885 1693 2923 onmem
1747 2870 2006 2921 hominem

429 2961 716 3013 venientem
741 2960 801 3014 in
840 2961 978 3015 lianc
1023 2961 1275 3014 mundum
1311 2959 1377 3014 ⁵⁷.
1414 2958 1756 3031 Quapropter
1802 2958 2005 3022 anima,

431 3064 555 3119 quas
610 3049 915 3105 illuminata
970 3064 1076 3103 non
1132 3061 1236 3114 est,
1271 3049 1402 3104 nihil
1455 3060 1633 3120 potest
1684 3048 2003 3118 intelligere.

431 3141 713 3210 Quomodo
750 3141 913 3212 igitur
961 3140 1102 3196 ultra
1150 3141 1375 3196 luminis
1411 3141 1812 3212 generationem
1846 3141 2006 3211 quid-

431 3246 593 3301 quam
623 3231 1009 3301 comprehendi
1040 3233 1259 3301 possit?
1293 3231 1588 3302 Oportebat
1620 3241 1822 3298 autem,
1856 3241 2007 3301 puto,

431 3338 526 3380 eos
556 3324 752 3394 quibus
779 3323 863 3380 vel
902 3324 1167 3378 tantulum
1198 3339 1343 3381 curae.
1373 3335 1519 3380 esset
1549 3327 1771 3389 veritas,
1795 3335 2010 3395 postea-

432 3432 621 3486 quam,
657 3416 932 3487 corporeis
984 3416 1431 3472 similitudinibus
1479 3416 1720 3481 omissis,
1764 3417 2011 3472 notiones

432 3508 527 3565 Dei
564 3524 663 3580 per
690 3508 996 3563 materiales
1030 3507 1448 3574 imaginationes
1482 3507 1839 3578 coinquinare
1865 3508 2012 3563 desi-

431 3602 625 3666 issent,
650 3610 761 3656 tum
800 3602 1016 3656 demum
1052 3601 1305 3656 traditam
1337 3600 1494 3655 nobis
1522 3617 1549 3652 a
1582 3612 1770 3655 sancto
1806 3600 2010 3670 Spiritu

433 3694 758 3763 theologiam
809 3693 985 3762 sequi,
1017 3702 1180 3762 atque
1222 3707 1323 3763 pro
1364 3693 1432 3747 iis
1464 3694 1853 3763 quaestionibus
1894 3710 2014 3765 qua:

431 3784 501 3839 ab
530 3786 911 3856 aenigmatibus
940 3784 1076 3839 nihil
1108 3784 1328 3851 absunt,
1367 3795 1423 3840 et
1457 3801 1596 3855 quas
1637 3787 1693 3841 in
1727 3797 2016 3857 utramque

431 3884 642 3946 partem
689 3877 938 3946 accipere
984 3876 1349 3947 periculosum
1383 3886 1490 3938 est.
1522 3876 1741 3947 dignam
1774 3876 1885 3932 Deo
1916 3891 2012 3946 ge-

433 3968 771 4050 nerationem
824 3968 1150 4039 intelligere,
1187 3969 1593 4039 impassibilem,
1633 3969 2002 4035 insecabilem,

434 4043 840 4125 indivisibileui,
877 4062 995 4115 sine
1049 4071 1306 4128 tempore,
1342 4060 1518 4114 instar
1553 4061 1943 4130 resplendentis
1973 4077 2002 4115 a

432 4150 555 4206 luce
581 4151 737 4217 radii,
771 4153 837 4204 ad
866 4150 1104 4206 divinam
1145 4150 1552 4219 generationem
1587 4151 1811 4217 ductos;
1846 4151 2006 4207 intel-

500 4285 704 4342 "Psal.
730 4300 896 4353 xxxv,
919 4285 1009 4344 10.
1070 4283 1116 4320 ⁸⁷
1147 4283 1306 4341 Joan.
1340 4300 1382 4353 t,
1413 4285 1468 4342 9.

505 4454 584 4527 (5)
616 4452 757 4509 Editi
778 4462 837 4509 et
864 4453 970 4510 duo
998 4469 1131 4510 mss.
1169 4456 1286 4510 Οὐκ
1314 4454 1410 4509 ῶν.
1440 4454 1734 4526 lnterpres,
1777 4477 1878 4515 non
1912 4472 2007 4515 επ-
2040 4468 2085 4524 1)

433 4525 622 4580 sistens
673 4534 853 4595 postea
888 4535 1042 4578 natus
1090 4534 1186 4580 est.
1219 4529 1290 4580 At
1323 4527 1488 4580 codex
1538 4525 1692 4582 caui.
1734 4545 1858 4584 cum
1892 4530 2005 4586 Re-

435 4595 537 4666 giis
556 4593 815 4671 seetludo,
851 4595 1010 4671 tertio
1040 4604 1094 4649 et
1116 4606 1314 4671 quarto
1352 4595 1559 4671 Οὐκοῦν
1601 4615 1617 4651 :
1650 4597 1880 4653 Proinde
1908 4618 2004 4671 ge-

436 4664 646 4718 neratus
670 4675 745 4718 est
765 4664 829 4733 ing
856 4665 1068 4717 modum
1100 4669 1439 4724 accessionis.
1470 4682 1588 4725 seu.
1613 4684 1703 4733 per
1739 4664 2005 4726 accessio-

434 4748 576 4807 nem,
605 4743 771 4807 recte.
811 4731 1014 4807 Ibidem
1042 4734 1147 4788 duo
1172 4751 1301 4807 mss.
1330 4731 1788 4807 προσγεγένηται.

506 4777 584 4874 ῐέ)
606 4777 1146 4878 ὃόιὶἷὲεξξιῖὅὶιῖῌ
1172 4777 1671 4878 ῖιῖῖἰίέῗὲἷπέἑέί⁸ξέὶέ
1690 4777 1832 4870 ’ῗεί’ς.
1864 4809 1999 4878 Reg.

436 4870 702 4996 iracundus
722 4870 1034 4937 ἐπιδείξειεν
1062 4873 1127 4927 ἄν
1145 4890 1248 4939 τις.
1274 4876 1375 4929 Alii
1402 4880 1509 4930 duo
1530 4870 1662 4934 mss.
1690 4870 2004 4944 ἐπιδείξαίτ’

474 4958 503 4996 ν
526 4959 633 4996 τις.

474 4958 503 4996 ν
526 4959 633 5006 τις.

456 5061 463 5084 τ
507 5010 584 5082 (7)
615 5011 750 5084 Editi
774 5011 1245 5084 etlieg._quinttts
1290 5015 1563 5073 ἐκπεσών.
1595 5014 1699 5069 Alii
1731 5031 1826 5072 sex
1870 5034 1999 5074 mss.

436 5080 782 5152 ὑπερπεσών.
816 5080 967 5137 Μοι(
993 5080 1129 5152 Reg.
1163 5086 1351 5138 tertius
1392 5087 1627 5140 secunda
1670 5101 1830 5141 manu
1863 5087 2004 5143 οὕτω

434 5151 524 5224 δή.
549 5150 757 5208 ibidem
780 5153 909 5207 editi
924 5151 1028 5224 τοῦ
1057 5150 1246 5224 ὅντως.
1286 5153 1356 5206 At
1386 5171 1514 5209 mss.
1542 5154 1636 5207 τοῦ
1669 5155 2006 5221 ὅντος,ε;εινα

436 5222 546 5277 rem
571 5237 687 5292 qua
715 5233 787 5275 est
811 5238 831 5276 :
855 5222 936 5276 vel
966 5222 1302 5292 simpliciter,
1338 5234 1487 5277 extra
1517 5237 1627 5278 rem
1655 5241 1674 5278 :
1722 5239 1873 5281 eastra
1914 5245 2006 5282 ve-

436 5308 555 5343 rum
574 5305 594 5344 :
614 5301 765 5344 extra
794 5308 1017 5361 mquam.
1045 5291 1252 5348 Rursus
1276 5293 1382 5348 boc
1404 5295 1517 5364 ipso
1535 5295 1587 5348 in
1612 5295 1733 5350 loco
1750 5297 1859 5351 duo
1875 5315 2004 5354 mss.

436 5359 844 5425 ἐκϐιαζόμενος.

469 5376 844 5424 κοιαςομενος.

509 5377 844 5432 οιαςομενος.

509 5431 757 5505 (8)_lj$dit_i
797 5441 852 5505 et
888 5446 1027 5505 unus
1063 5445 1166 5484 ms.
1198 5431 1577 5505 ἐπιλιπούσης.
1604 5432 1834 5490 Veteres
1862 5453 2002 5505 qua-

441 5500 562 5572 tuur
591 5501 708 5572 libri
734 5500 1151 5572 ἐπιλειπούσης.Δ
1189 5503 1481 5572 Aliquanto
1514 5500 1646 5572 post
1680 5506 1812 5560 editi
1860 5500 2004 5560 Οὔτε

437 5562 551 5641 οὖν.
581 5570 809 5641 Codices
842 5571 1055 5641 aliquot
1075 5562 1206 5641 'Oiit’
1244 5562 1309 5625 ἂν
1342 5569 1456 5630 οὖν.
1480 5562 1722 5629 Subinde
1753 5591 1882 5633 mss.
1901 5580 2008 5633 duo

437 5636 998 5757 ζῖἓέεόιαῖεχρήσεται.
1030 5639 1135 5695 Alii
1164 5643 1381 5711 quidam
1417 5659 1546 5700 mss.
1579 5657 1701 5700 cum
1720 5646 1881 5704 editis
1914 5665 2007 5700 κε-

437 5721 688 5774 κρησυαι.

2107 1879 2338 1950 μάταιός
2363 1882 2480 1934 ἐστι
2508 1880 2631 1944 νοῦς
2670 1883 2764 1936 καὶ
2783 1882 3122 1950 τετύφλωται
3146 1881 3243 1953 (9),
3268 1882 3344 1954 τῷ
3368 1883 3483 1937 ὄντι
3515 1884 3698 1954 μηδὲν

2103 1970 2486 2040 ἐπιστάμενος,
2516 1973 2545 2025 ὁ
2574 1971 2642 2025 τὰ
2680 1972 2775 2025 τοῦ
2806 1972 3143 2041 Μονογενοῦς
3176 1972 3522 2044 πρεσϐύτερα
3556 1991 3703 2026 κατ-

2104 2062 2384 2133 ειληφέναι
2413 2062 2654 2134 φρονῶψ
2679 2063 2869 2135 ὥσπερ
2890 2063 2956 2118 ἂν
2984 2064 3032 2117 εί
3062 2066 3157 2118 καὶ
3180 2063 3443 2134 ὀφθαλμῷ
3462 2082 3547 2130 τις
3577 2065 3700 2132 ὀξυν-

2102 2156 2280 2211 ωτιίαν
2306 2158 2756 2230 προσμαρτυροίη
2782 2157 2916 2228 (i0),
2942 2160 3055 2222 τοῖς
3080 2158 3485 2228 ὲσκοτισμένοις
3505 2160 3702 2212 ὲνατει-

2103 2248 2322 2313 νίζοντι.
2390 2249 2493 2302 Ἐν
2544 2248 2625 2314 τῷ
2673 2252 2822 2318 φωτί
2870 2266 2989 2304 σου
3028 2250 3158 2322 γὰρ,
3187 2252 3373 2323 φησιν,
3414 2253 3702 2321 ὀψόμεθα

2104 2338 2250 2410 φῶς.
2291 2341 2348 2393 Ὀ
2372 2340 2428 2393 δὲ
2453 2341 2511 2393 ὲν
2534 2342 2833 2413 καταλήψει
2863 2339 2959 2394 τοῦ
2988 2341 3076 2394 ὅτε
3101 2339 3254 2395 οὔπω
3272 2338 3339 2413 ἦν
3364 2343 3429 2395 τὺ
3459 2342 3582 2411 φῶς
3610 2360 3699 2412 γε·

2104 2433 2318 2502 γονέναι
2369 2432 2593 2502 φάσκων
2646 2432 3022 2505 παραπλήσιον
3059 2432 3295 2488 πέπονθε
3335 2433 3450 2504 (11)
3487 2436 3609 2499 τοῖς
3639 2437 3700 2488 ἰν

2108 2525 2363 2578 ἐκστάσει
2398 2527 2681 2595 φρενιτικῇ
2714 2526 2845 2596 ὀρᾷν
2889 2522 3313 2595 φανταζομένοις
3340 2526 3410 2578 τὰ
3444 2526 3522 2597 μὴ
3554 2543 3702 2597 παρ-

2104 2615 2254 2669 όντα.
2282 2615 2363 2669 Τὰ
2389 2615 2498 2687 γὰρ
2532 2615 2672 2688 ὑπὲρ
2695 2615 2786 2669 τὸν
2815 2616 2939 2669 Υίδν
2966 2616 3027 2669 οὐ
3060 2618 3283 2670 νοεῖται.
3321 2616 3549 2685 Ἐπειδὴ
3595 2618 3626 2670 ὃ
3646 2634 3702 2670 τι

2107 2723 2215 2777 περ
2246 2704 2510 2777 ὀφθαλμῷ
2539 2706 2598 2759 τὸ
2638 2706 2893 2778 αἰσθητόν
2939 2709 3054 2760 ἐστι
3095 2706 3232 2775 φῶς,
3280 2706 3443 2760 τοῦτο
3483 2707 3639 2779 ψυχῇ
3672 2711 3702 2760 ὁ

2105 2796 2239 2862 Θεός
2270 2800 2387 2852 ἐστι
2415 2798 2606 2866 Λόγος.
2637 2794 2749 2853 ’Ἦν
2779 2798 2909 2868 γὰρ,
2945 2798 3096 2869 φησι,
3131 2798 3200 2851 τὸ
3221 2796 3349 2868 φῶς
3376 2798 3446 2852 τὸ
3484 2800 3702 2867 (1.1110:-

2105 2886 2239 2952 νόν,
2286 2887 2320 2941 ὃ
2370 2886 2599 2957 φωτίζει
2644 2887 2843 2941 πάντα
2885 2886 3198 2956 ἄνθρωπον
3237 2888 3577 2957 ἐρχόμενον
3610 2893 3701 2956 εἰς

2105 2978 2212 3033 τὸν
2242 2979 2496 3049 κόσμον.
2541 2978 2704 3033 ’Ὥστε
2734 2978 3034 3047 ἀφώτιστος
3075 2977 3219 3050 ψυχὴ
3265 2979 3527 3042 ἀδύνατός
3579 2982 3701 3034 ἐστι

2109 3070 2246 3142 πρὸς
2273 3071 2477 3141 νόησιν.
2512 3070 2637 3134 Πῶς
2671 3070 2736 3124 ἂν
2761 3066 2854 3125 οὖν
2900 3069 2969 3123 τά
3006 3070 3262 3142 ὑπεράνω
3288 3071 3389 3141 τῆς
3420 3070 3701 3140 γενέσεως

2106 3159 2201 3213 τοῦ
2241 3160 2417 3230 φωτὸς
2466 3160 2873 3232 καταληφθεῐη;
2908 3162 3061 3233 Χρῆν
3095 3161 3173 3226 δὲ,
3216 3157 3390 3232 οἶμαι,
3427 3163 3559 3227 τοὺς
3603 3164 3702 3216 καὶ

2111 3253 2305 3325 μικρὸν
2335 3251 2466 3322 γοῦν
2497 3255 2598 3325 τῆς
2635 3253 2892 3324 ἀληθείας
2918 3253 3364 3325 πεφροντικότας,
3385 3254 3702 3323 ἀφεμένους

2105 3343 2216 3397 τῶν
2260 3343 2589 3414 σωματικῶν
2633 3343 2968 3415 ὁμοιώσεων,
3015 3344 3110 3399 καὶ
3158 3344 3254 3398 τοῦ
3306 3348 3429 3409 ταῖς
3478 3345 3701 3407 olunt;

2108 3435 2431 3506 φαντασίαις
2470 3434 2569 3499 τὰς
2607 3437 2737 3507 περὶ
2774 3434 2909 3490 Θεοῦ
2942 3422 3165 3500 ’ἑννοίας
3201 3436 3699 3509 καταρρυπαίνειν,

2106 3528 2221 3589 τοῖς
2266 3525 2417 3597 παρά
2445 3526 2538 3579 τοῦ
2571 3526 2728 3594 ἁγίου
2762 3525 3078 3597 Πνεύματος
3112 3526 3532 3598 παραδοθείσαις
3561 3530 3701 3598 ἡμῖν

2110 3616 2409 3685 θεολογίαις
2469 3617 2800 3682 ἀκολουθεῖν,
2851 3617 2946 3671 καὶ
2995 3617 3117 3672 ἀντὶ
3173 3616 3280 3672 τῶν
3320 3619 3703 3688 ἐρωτημάτων

2108 3708 2333 3772 τούτων,
2362 3708 2399 3762 ὃ.
2428 3709 2537 3762 τῶν
2570 3710 2781 3781 γρίφων
2828 3711 2941 3783 (12)
2985 3709 3137 3764 οὐδὲν
3172 3709 3554 3769 ἀπολείπεται.
3591 3712 3697 3781 τὴν

2109 3799 2194 3869 ἐφ’
2219 3800 2456 3871 ἑκάτερα
2488 3801 2752 3872 ὑπόληψιν
2775 3800 3109 3855 ἐπικίνδυνον
3136 3800 3388 3871 ἑχόντων,
3411 3804 3556 3855 νοεῖν
3596 3803 3699 3872 μὲν

2110 3890 2267 3957 ἀξίαν
2304 3891 2397 3944 τοῦ
2421 3890 2558 3945 Θεοῦ
2597 3892 2850 3962 γέννησιν
2876 3874 3086 3961 ἀπαθῆ.
3105 3890 3419 3962 ἀμέριστον,
3443 3892 3712 3964 ἀδιαίρε-ο

2108 3999 2201 4037 τον
2233 3983 2368 4053 (15),
2402 3983 2649 4055 ἄχρονον,
2686 3984 2829 4038 κατά
2862 3984 2961 4055 τὴν
2990 3984 3418 4053 ἀπολάμπονσαν
3446 3985 3543 4039 τοῦ
3581 4005 3704 4055 φω-

2109 4071 2201 4136 τὸς
2236 4073 2409 4145 αὐγὴν
2430 4077 2497 4146 τῇ
2529 4074 2648 4145 θείᾳ
2675 4076 2924 4145 γεννήσει
2953 4075 3425 4146 προσαγομένους’
3460 4079 3612 4130 νοεῖν
3642 4077 3703 4130 δὲ

2109 4160 2293 4216 εἰκόνα
2322 4161 2416 4216 τοῦ
2448 4162 2584 4217 Θεοῦ
2618 4163 2711 4218 τοῦ
2739 4165 2993 4236 ἀοράτου,
3025 4164 3087 4218 οὐ
3119 4164 3260 4219 θιατά
3293 4165 3392 4228 τὰς
3420 4168 3704 4239 τεχνητὰς

2186 4460 2511 4542 (9)ἷᾹιιιῖῳιί
2547 4467 2657 4542 duo
2680 4468 2802 4542 libri
2825 4484 2920 4525 και
2952 4462 3281 4542 τετῦφιυται,
3312 4480 3361 4525 et
3388 4473 3582 4542 inﬂata
3610 4475 3701 4529 ni—

2108 4532 2415 4611 hil‘ainnjno
2438 4532 2702 4607 intelligit.
2727 4538 2883 4611 Illud,
2912 4540 2991 4611 τῷ
3022 4532 3165 4607 ὄντι,
3196 4532 3458 4596 ἤι’θόίιίἐ
3506 4544 3698 4600 locum

2106 4604 2416 4680 occupabat
2450 4621 2557 4680 non
2587 4604 2766 4671 suum,
2801 4609 2876 4680 uti
2911 4604 2981 4664 ex
3012 4604 3539 4680 mssicognovimus.

2177 4672 2293 4758 (ll?)
2322 4674 2464 4749 Editi
2495 4678 2912 4753 προσμαρτύρῃ.
2952 4680 3100 4737 Libri
3131 4672 3344 4736 veteres
3387 4698 3698 4756 προσμαρ-

2178 4760 2497 4896 ῗῗίῖϐοᾷοχ
2525 4814 2760 4896 Colb._et
2788 4817 3141 4896 Begltertius
3180 4819 3565 4896 repaginato;
3601 4824 3702 4892 ’ξέ-

2106 4898 2250 4961 γονε.
2283 4883 2477 4962 S_tatim
2511 4901 2644 4962 mss.
2662 4883 2968 4962 du_o__é_7:et6_i]
2992 4891 3073 4962 ὅτι
3107 4883 3696 4962 ὅπερ.’5υ1›ἰὶιιιθέιῐιιί

2104 4953 2268 5030 τοῖιῖὲ
2280 4953 2495 5030 ,ψρχῆςςι
2521 4955 2740 5030 ᾼηιὶοιιί
2765 4957 2886 5012 libri
2914 4953 3281 5030 ψνχῇντεοὶο.

2159 5022 2749 5104 ,(12)Ιὴξεᾳίιὶοηίὺζιιε-
2783 5022 3060 5104 veteribus
3094 5029 3370 5096 legebatur
3407 5030 3698 5104 satureu-

2108 5094 2227 5166 φῶν
2261 5094 2401 5166 :_sed
2425 5094 2506 5146 vir
2553 5095 2956 5166 eruditissimus
2989 5094 3212 5153 Daca-its
3249 5109 3395 5155 recte
3416 5094 3698 5166 judicavit

2109 5161 2392 5243 legendum
2420 5177 2541 5243 esse
2562 5177 2637 5243 _ex
2668 5163 2807 5243 Reg:
2841 5168 3082 5243 secundo
3114 5168 3224 5243 τῶν
3265 5161 3479 5243 γρίφων
3509 5184 3561 5243 :g
3587 5189 3698 5228 nec

2111 5232 2269 5353 aiiter
2293 5233 2346 5353 in
2382 5234 2607 5302 reliquis
2637 5232 2840 5292 nostris
2870 5253 3004 5294 mss.
3040 5239 3234 5310 legitur
3257 5232 3416 5309 quain
3455 5241 3513 5296 in
3541 5241 3692 5312 Reg.

2111 5316 2136 5353 s
2160 5316 2293 5353 .cum
2313 5316 2367 5353 ο.

2107 5315 2367 5356 secundo.

2178 5369 2290 5447 (ιβ)
2320 5369 2433 5425 Vox
2458 5371 2762 5447 ἀδιαίρετον
2794 5376 2846 5429 ἱη
2878 5375 3147 5446 aliquibus
3177 5391 3308 5433 mss.
3339 5380 3511 5435 deest.
3527 5379 3695 5447 Quod

2178 5391 2290 5441 (io)
2330 5391 2433 5425 vox
2458 5391 2602 5425 αοιαι
2642 5391 2762 5428 ετον
2794 5391 2846 5429 ιη
2878 5391 3147 5446 aliqutous
3177 5391 3308 5433 mss.
3339 5391 3511 5435 deest.
3527 5391 3693 5447 quod

2108 5441 2536 5520 sequitur,_xata
2558 5391 2849 5520 nfv,_e_t_c.,
2880 5448 2961 5502 sic
3008 5449 3384 5520 accipiendum
3429 5463 3555 5504 esse
3594 5468 3693 5506 ar-

2109 5509 2280 5564 bitror
2311 5526 2326 5566 :
2368 5511 2519 5567 Adeo
2533 5509 2695 5587 _ut_'ad
2714 5509 2963 5587 divinam
2998 5509 3410 5587 generationem
3439 5521 3693 5578 deduce-

2110 5591 2316 5658 rentur,
2352 5595 2474 5658 eam
2501 5584 2603 5640 sibi
2637 5586 2821 5644 animo
2842 5584 3108 5658 tingentes
3130 5588 3302 5643 instar
3330 5588 3471 5645 radii
3502 5605 3535 5646 a
3561 5591 3697 5649 luce

2109 5650 2528 5719 resplendentis.

2106 4760 2172 4795 τυ

3744 5337 3752 5366 l

3742 5374 3755 5392 ι
