3956 6216
242 323 347 381 (-05

1342 324 1711 381 ADVERSUS
1749 322 2122 381 EUNOMIUM
2163 324 2292 380 LIB.
2329 326 2394 381 ll.

3404 331 3514 388 606

238 445 441 508 ταύτας
472 442 697 518 ὕστερον
734 443 1177 519 ἀπεργασθεῶαν
1220 444 1356 517 πρὸς
1389 447 1456 500 τὸ
1497 445 1782 519 ἀρχέτυποε

1892 474 1903 503 ι
1934 442 2106 510 ligere
2150 444 2335 499 itidem
2383 443 2674 514 imaginem
2711 443 3001 499 invisibilis
3029 443 3142 511 Dei,
3174 459 3279 499 non
3314 459 3524 501 sectio--

238 535 374 590 ἀλλά
410 536 860 608 συνυπάρχουσαν
902 536 997 589 καὶ
1030 540 1517 608 παρυφεστηκυῖαν
1565 536 1644 607 τῷ
1675 554 1825 607 πρω-

246 627 454 697 τοτύπῳ
500 628 889 701 ὑποστήσαντι,
944 628 1021 700 τῷ
1067 625 1206 683 εἶναι
1252 628 1315 682 τὸ
1359 630 1688 700 ἀρχέτυπον,
1742 624 1824 683 οὗ·

238 733 337 771 σαν
386 718 521 787 (14),
580 721 681 774 οὐκ
739 721 1148 775 ἑκτυπωθεῖσαν
1201 721 1288 775 διὰ
1343 723 1649 794 μιμήσεως,
1710 721 1821 774 ὣσ-

234 821 337 878 περ
358 806 469 876 (15)
486 808 545 860 ἐν
570 808 827 877 σφραγῖδί
850 826 956 862 τινι
984 812 1086 880 τῆς
1110 810 1237 881 ὅλης
1262 809 1582 880 φύσεωςτοῦ
1607 811 1820 882 Πατρὸς

231 898 779 969 ὲναποσημανθείσης
820 900 898 970 τῷ
939 900 1071 972 Υἱῷ.
1111 902 1174 955 Εἰ
1202 901 1259 955 δὲ
1286 900 1486 972 βούλει,
1518 902 1682 957 ὁποία
1709 902 1819 956 τῶν

229 990 433 1060 τεχνῶν
489 993 522 1062 ὴ
565 991 856 1055 ὑπόστασις
904 992 1017 1063 (16)
1063 995 1128 1047 ἐκ
1172 993 1281 1046 τῶν
1318 993 1677 1049 διδασκόντων
1720 994 1814 1067 ὅλη

227 1086 339 1145 τοῖς
373 1082 835 1156 μαθητευομένοις
865 1083 1192 1158 ἐγγινομένη
1214 1103 1229 1117 ·
1268 1084 1393 1139 οὔτε
1428 1086 1707 1152 λείποντός
1731 1106 1815 1141 τι-

226 1192 317 1238 νος
342 1181 451 1240 τοῖς
479 1176 810 1242 διδάσκουσι,
845 1180 941 1232 καὶ
972 1179 1071 1250 τῆς
1102 1177 1433 1241 τελειώσεως
1471 1180 1586 1241 τοίς
1615 1181 1813 1250 ὲκμανσ

226 1263 447 1319 θάνουσι
510 1270 965 1340 προσγινομένης.
1021 1271 1092 1322 ’Ἡ
1143 1273 1302 1323 τοῦτο
1356 1268 1454 1339 μὲν
1510 1269 1610 1322 οὐκ
1659 1271 1817 1343 ἀκρι-

225 1352 319 1417 εὲς
364 1353 501 1425 πρὸς
528 1357 787 1427 ὁμοίωσιν
838 1358 927 1411 διά
975 1358 1074 1430 τὴν
1115 1357 1211 1411 τοῦ
1243 1356 1437 1429 χρόνου
1480 1358 1810 1430 παράτασιν.

225 1446 565 1519 Οίκειότερον
609 1448 667 1502 δὲ
725 1452 934 1513 εἰπεῖν,
999 1453 1082 1505 ὅτι
1142 1451 1304 1503 ὁποία
1359 1448 1468 1502 τῶν
1526 1452 1814 1523 νοημάτων

224 1542 258 1611 ἡ
294 1540 456 1610 φύσις
480 1546 591 1607 τοῖς
622 1542 718 1597 τοῦ
747 1545 838 1599 νοῦ
869 1546 1163 1617 κινήμασιν
1205 1543 1450 1616 ἀχρόνως
1485 1560 1814 1615 συνυφιστα-

225 1634 385 1706 μένη.

1925 535 2053 586 dum
2106 536 2203 588 bas
2259 534 2586 590 artiﬁciosas
2640 535 2802 606 252
2855 535 3116 605 imagines
3182 537 3381 592 exinde
3445 539 3508 592 ad

1922 626 2201 695 exemplar
2243 627 2601 692 elaboratam,
2633 628 2727 682 sed
2777 628 3129 682 exsisteutem
3183 637 3346 697 atque
3391 630 3491 683 sub

1922 717 2210 771 sisteutcm
2262 733 2385 771 cum
2435 718 2732 788 archetypo
2760 720 2902 787 quod
2934 734 3054 773 eam
3087 718 3362 789 produxit.
3391 735 3505 789 qua:

1918 824 1983 863 ex
2030 810 2133 865 ltoc
2181 821 2268 864 est
2315 812 2456 878 quod
2492 820 2578 865 est
2608 813 2960 883 archetypum
2995 829 3008 866 :
3043 827 3162 881 qua:
3204 828 3302 882 pcr
3340 812 3489 866 imita

1921 901 2123 955 tionem
2181 917 2445 971 expressa
2504 917 2612 955 non
2665 912 2770 968 est,
2813 912 2920 957 tota
2981 903 3158 957 Patris
3207 914 3398 957 natura
3450 903 3504 957 in

1917 993 2056 1047 Filio
2080 994 2226 1048 velut
2247 996 2302 1049 in
2328 995 2511 1066 aliquo
2539 996 2720 1065 sigillo
2748 997 3034 1066 impressa.
3066 995 3219 1063 Quod
3242 997 3285 1049 si
3314 995 3502 1057 mavis,

1916 1086 2095 1154 qualis
2123 1098 2205 1141 est
2235 1089 2434 1141 artium
2476 1088 2779 1143 substantia
2811 1103 2877 1143 ex
2908 1088 3227 1142 docentibus
3257 1088 3308 1140 in
3340 1086 3498 1141 disci-

1914 1180 2073 1247 pulos
2104 1180 2377 1235 transiens
2414 1190 2550 1247 tota,
2585 1183 2722 1237 adeo
2747 1190 2807 1236 ut
2832 1196 3011 1249 neque
3040 1181 3181 1236 desit
3208 1181 3500 1252 quidquam

1915 1271 2261 1335 docentibus,
2305 1282 2360 1327 et
2413 1273 2677 1342 perfectio
2711 1274 3082 1330 ediscentibus
3114 1275 3359 1329 accedat.
3392 1274 3499 1329 Cae-

1916 1362 2166 1432 teroquiu
2214 1365 2315 1420 hoc
2361 1365 2773 1421 similitudinem
2801 1367 3095 1436 perlectam
3126 1382 3233 1422 non
3259 1367 3499 1434 exhibet,

1913 1454 1983 1510 olt
2014 1455 2275 1524 temporis
2307 1471 2540 1511 moram.
2575 1456 2684 1513 Sed
2718 1458 2846 1513 illud
2875 1459 3287 1515 convenientius
3322 1467 3496 1529 potest

1913 1545 2017 1599 dici
2049 1563 2063 1599 :
2092 1546 2267 1615 qualis
2292 1556 2377 1601 est
2401 1547 2792 1618 cogitationum
2825 1559 3019 1603 natura
3054 1565 3160 1604 una
3188 1564 3311 1604 cum
3342 1565 3496 1605 meu-

1916 1636 1985 1690 tis
2032 1636 2267 1691 motibus
2308 1637 2446 1692 citra
2495 1637 2656 1693 ullam
2701 1642 2963 1709 temporis
3008 1639 3323 1694 dilationem
3372 1653 3488 1694 con-

1912 1727 2128 1784 sistens.

292 1815 377 1871 l7.
416 1818 524 1871 Καὶ
561 1818 750 1890 μηδείς
783 1838 873 1892 μοι
902 1825 1307 1893 συκοφαντείτω
1340 1827 1430 1881 τὸν
1463 1828 1639 1897 λόγον,
1670 1831 1723 1884 εἴ
1750 1848 1781 1883 τ

1976 1821 2066 1876 17.
2102 1821 2214 1878 Nec
2256 1822 2542 1893 quisquam
2605 1823 2737 1879 mihi
2784 1825 2929 1878 hunc
2960 1836 3263 1879 sermonem
3297 1821 3491 1877 calum.

221 1906 328 1961 τῶν
355 1909 767 1980 ὑποδειγμάτων
800 1912 873 1983 μὴ
905 1914 1083 1986 πάντη
1114 1917 1402 1988 συμϐαίνοι
1433 1924 1546 1984 τοῖς
1576 1939 1802 1992 προκει-

219 2000 422 2071 μένοις.
479 2004 612 2057 Οὐδὲ
661 2005 770 2075 γὰρ
821 2006 1047 2061 δυνατὸν
1106 2008 1178 2062 τὰ
1240 2011 1411 2083 μικρά
1469 2013 1562 2066 καὶ
1622 2014 1801 2082 φαῦλα

212 2096 331 2157 τοῖς
354 2094 518 2159 Θείοις
547 2096 642 2149 καὶ
663 2097 852 2161 ἀϊδίοις
886 2098 1022 2169 μετά
1051 2100 1339 2171 ἀκριϐείας
1360 2103 1646 2175 ἁρμόζειν,
1683 2106 1798 2159 ἀλλ’

214 2186 339 2239 ὅσον
388 2186 606 2255 ἐλέγξαι
652 2189 754 2261 τὴν
798 2191 1081 2261 εἰρωνείαν
1137 2192 1246 2246 τῶν
1294 2194 1355 2247 οὐ
1387 2194 1700 2267 δυναμένων
1732 2198 1798 2271 δὴ

212 2280 464 2350 γέννησιν
521 2279 704 2352 ἀπαθῆ
751 2284 816 2353 τῇ
882 2283 1091 2356 διανοίᾳ
1138 2284 1547 2340 λαϐεῖν.Είκὼν
1611 2288 1668 2340 δὲ
1721 2291 1800 2344 εί·-

214 2388 374 2441 ρηται
397 2372 491 2427 καὶ⁵
510 2372 658 2428 ἔστιν
683 2377 712 2428 ό
738 2374 867 2438 Υἱὸς
886 2376 1138 2447 γεννητὴ,
1177 2379 1271 2432 καὶ
1303 2379 1646 2450 ἀπαύγασμά
1678 2383 1791 2436 ἐστι

206 2463 309 2533 τῆς
371 2463 529 2536 δόξης
591 2466 687 2520 τοῦ
756 2467 915 2531 Θεοῦ,
979 2470 1073 2523 καὶ
1132 2471 1313 2537 σοφία,
1386 2472 1483 2526 καὶ
1542 2473 1793 2544 δύναμις,

208 2555 304 2607 καὶ
334 2554 646 2627 δικαιοσύνη
679 2557 837 2623 Θεοῦ,
889 2560 988 2630 οὐχ
1034 2560 1111 2623 ὼς
1158 2561 1292 2627 ἕξις,
1333 2561 1455 2615 οὐδὲ
1492 2563 1569 2626 ὡς
1604 2565 1795 2637 ἐπιτη-

206 2644 437 2715 δειότης,
486 2646 601 2700 ἀλλ’
643 2648 801 2703 οὐσία
843 2649 993 2714 ζῶσα
1049 2652 1142 2704 καὶ
1182 2652 1433 2725 ἐνεργὴς,
1480 2653 1576 2707 καὶ
1625 2654 1797 2708 ἀπαύ-

207 2739 399 2810 γασμά
461 2741 577 2793 ἐστι
637 2741 737 2811 τῆς
780 2741 939 2813 δόξης
981 2741 1074 2796 τοῦ
1116 2743 1273 2799 Θεοῦ.
1315 2745 1515 2817 Διόπερ
1554 2746 1650 2799 καὶ
1673 2746 1792 2802 ὅλον

205 2830 267 2883 ὲν
311 2831 489 2902 ἐαυτῷ
531 2831 772 2887 δείκνυσι
815 2834 907 2886 τὸν
955 2834 1195 2905 Πατέρα,
1237 2835 1297 2900 ἐξ
1324 2835 1452 2907 ὅλης
1493 2838 1659 2891 αὐτοῦ
1691 2840 1791 2910 τῆς

205 2919 363 2992 δόξης
386 2922 778 2992 ἀπαυγασθείς.
816 2923 925 2996 Τὴν
956 2925 1134 2979 τοίνυν
1184 2925 1342 2993 δόξαν
1392 2926 1487 2980 τοῦ
1519 2927 1655 2982 Θεοῦ
1710 2929 1785 3001 μὴ

204 3012 351 3085 ἔχειν
382 3013 726 3084 ἀπαύγασμα
750 3014 952 3083 λέγειν,
987 3016 1019 3088 ἢ
1050 3018 1148 3088 τὴν
1178 3017 1373 3086 σοφίαν
1417 3018 1512 3072 τοῦ
1545 3019 1680 3073 Θεοῦ
1713 3020 1788 3093 μὴ

206 3107 445 3161 συνεῖναί
477 3124 607 3161 ποτε
635 3106 712 3177 τῷ
740 3105 879 3178 Θεῷ,
918 3108 1097 3179 πάσης
1120 3109 1220 3178 τῆς
1257 3109 1527 3176 ἀτοπίας;
1568 3110 1708 3164 Ἀλλ’
1737 3115 1786 3166 εί
1815 3143 1858 3201 C

179 3190 295 3268 νῆν,
327 3197 510 3267 φησιν,
535 3196 594 3248 ού
618 3196 956 3267 γεγέννηται.
992 3197 1438 3269 Ἀποκρινώμεθα
1462 3199 1640 3253 τοίνυν
1682 3201 1785 3266 ὅτι,

215 3287 431 3359 Ἐπειδὴ
454 3287 796 3359 γεγέννηται,
827 3284 1029 3360 ἦψοὺκ
1051 3289 1344 3360 ἀγέννητον
1372 3291 1510 3362 ἔχων
1535 3291 1597 3345 τὸ
1626 3288 1784 3358 εἶναι,

203 3379 281 3434 ὣν
307 3380 364 3433 δὲ
394 3381 481 3433 ἀεὶ
513 3381 608 3433 καὶ
659 3380 833 3435 συνὼν
858 3380 938 3453 τῷ
967 3382 1164 3453 Πατρὶ,
1202 3382 1262 3448 ἐξ
1298 3375 1360 3435 οὗ
1393 3385 1490 3438 καὶ
1524 3384 1635 3456 (17)
1685 3385 1783 3457 τὴν

202 3472 385 3524 αἰτίαν
415 3471 515 3540 τῆς
562 3470 850 3542 ὑπάρξεως
888 3473 1021 3544 ἔχει.
1066 3475 1203 3527 Πότε
1257 3469 1350 3528 οὖν
1402 3477 1482 3539 είς
1526 3475 1587 3529 τὸ
1641 3471 1781 3531 εἶναι

202 3563 357 3634 παρά
386 3563 481 3617 τοῦ
508 3565 717 3637 [ἰατρὸς
749 3566 1004 3638 παρήχθη
1028 3583 1045 3632 ;
1085 3566 1201 3636 Ἀφ’
1228 3561 1290 3621 οῦ
1320 3567 1467 3620 ἐστιν
1497 3570 1526 3619 ὁ
1552 3568 1780 3640 Πατήρ;

216 3656 353 3707 Ἀλλ’
378 3655 436 3722 ἐξ
461 3655 651 3719 ἀϊδίου,
681 3657 866 3727 φησὶν,
898 3657 927 3710 ὁ
957 3658 1176 3729 Πατήρ·
1207 3655 1266 3722 ἐξ
1289 3658 1458 3712 ἀϊδίου
1481 3659 1658 3714 τοίνυν
1688 3662 1784 3715 καὶ

200 3750 231 3802 ὁ
256 3747 398 3812 Υἱὸς,
428 3749 701 3819 γεννητῶς
724 3753 790 3821 τῇ
817 3750 1113 3821 ἀγεννησίᾳ
1146 3750 1240 3804 τοῦ
1271 3750 1484 3822 Πατρὸς
1510 3752 1780 3807 συναπτό-

204 3858 386 3911 μενος.
411 3841 533 3894 ’Ότι
564 3841 620 3894 δὲ
639 3836 793 3905 οὗτος
817 3842 915 3913 οὐχ
941 3834 1211 3913 ἡμέτερος
1235 3844 1264 3895 ό
1289 3842 1469 3910 λόγος,
1499 3844 1670 3905 αὑτὰς
1685 3843 1786 3908 τὰς

197 3933 357 4002 ἁγίου
387 3932 702 4003 Πνεύματος
731 3933 914 3987 φωνάο·
942 3934 1125 3987 αὐτοῖς
1146 3931 1513 4005 παρεξόμεθα.
1560 3935 1653 3987 Ἐκ
1678 3935 1778 4006 μὲν

272 4160 384 4231 (lt)
409 4160 564 4217 Hunc
591 4161 770 4218 locum
798 4161 1071 4222 diﬂicilem
1100 4177 1224 4220 esse
1244 4163 1328 4219 vel
1357 4178 1423 4219 ex
1464 4177 1530 4218 eo
1564 4161 1765 4216 intelli-

200 4231 363 4307 gitur,
396 4233 536 4299 quod
567 4246 671 4307 non
700 4247 891 4307 parum
935 4235 1138 4307 negotii
1184 4232 1421 4289 librariis
1437 4232 1769 4307 exhibuisse

201 4301 451 4372 videatu_r
481 4316 496 4354 :
532 4301 731 4372 quippe
784 4305 875 4359 alii
907 4301 1067 4361 aliter
1093 4320 1219 4360 eum
1258 4304 1551 4360 emendare
1585 4304 1766 4358 conati

199 4379 351 4444 sunt.
395 4369 646 4444 Fortasse
663 4369 906 4444 alienum
934 4392 1039 4431 non
1066 4376 1248 4434 fuerit.
1270 4376 1373 4429 etsi
1405 4375 1642 4444 longum,
1676 4389 1769 4444 va-

202 4442 314 4513 rias
339 4454 528 4495 omnes
549 4441 809 4498 lectiones
842 4444 895 4498 in
929 4446 1166 4501 medium
1206 4444 1472 4513 proferre.
1499 4441 1586 4504 ut.
1617 4443 1761 4512 quod

197 4509 465 4582 optimum
503 4520 611 4582 est,
642 4513 709 4567 ab
748 4514 977 4571 eruditis
1013 4509 1324 4571 hominibus
1366 4515 1516 4579 seligi
1562 4509 1753 4582 possit.

201 4579 342 4633 Editi
398 4580 561 4648 igitur
593 4581 673 4656 ita
708 4584 909 4656 habent
942 4602 957 4639 :
1004 4583 1142 4656 ἀλλὰ
1182 4579 1636 4656 συνυπάρχουσάν
1669 4584 1763 4656 κα)Σ

198 4653 677 4726 παρυφεστηκυῖαν
724 4652 803 4725 τῷ
826 4654 1193 4726 ’πρωτοτύπῳ
1240 4652 1625 4726 ὑποστήσαντι,
1672 4653 1766 4707 τοῦ

197 4715 338 4796 εἶναι
364 4715 983 4796 Ἆτιὶάῥ)ίέτυπον,’οὖσανἶ
1011 4724 1146 4796 Reg.
1165 4715 1382 4793 'primus
1414 4715 1767 4796 παρυφεστη-

195 4792 356 4866 κυῖαν
379 4789 457 4860 τῷ
630 4791 708 4866 τῷ
738 4788 1468 4866 πρωτοτύπῳύποστήσαντι
1491 4788 1763 4866 ἐφεῖναι,

196 4860 408 4935 reliqua
441 4861 570 4935 ut‘iu
612 4860 864 4932 vulgatis.
902 4864 1001 4921 Hic
1036 4860 1210 4918 notari
1255 4860 1455 4934 potest.
1499 4860 1660 4935 voces
1683 4866 1762 4935 τῷ

195 4930 317 5014 ὑπό,
346 4930 634 5014 manifeste
667 4930 991 5014 redundare;
1038 4936 1167 5004 Reg.
1200 4930 1576 5014 secundtts_tqi
1610 4930 1761 5014 πρωζ

191 4999 412 5074 ⁴Ξοτύπῳ
437 5002 800 5074 ὑποστήσαντι
832 5003 893 5057 τὸ
934 5000 1095 5068 εἶναι,
1118 4999 1342 5074 “reliqua
1380 5013 1440 5059 ut
1486 4999 1757 5074 iu'editis.

163 5070 329 5139 .Reg.
362 5070 553 5145 tertius
598 5070 785 5145 prima
829 5089 988 5145 manu
1040 5070 1409 5145 ὑποστήσαντι
1464 5073 1544 5145 τῷ
1598 5071 1758 5137 εἶναι,

172 5155 389 5220 ιεεειειτι
431 5142 568 5196 utin
603 5143 838 5220 excusis.
877 5143 995 5220 Hic‘
1026 5145 1117 5220 ille
1166 5142 1280 5220 ipse
1322 5146 1489 5199 codex
1515 5142 1756 5220 secunda

162 5209 353 5287 manu
393 5216 885 5287 atatpugpearqxuigv
928 5209 1422 5287 «eammeam
1481 5214 1559 5285 τῷ
1616 5209 1757 5287 εἶναι

160 5280 330 5353 ίξπρδς
357 5281 426 5355 to
438 5280 742 5355 ἀρχέτυπον
776 5280 1060 5338 οὖσαν.“Ει
1088 5286 1177 5340 hic
1208 5280 1478 5339 adnotabo
1514 5280 1656 5339 liunc
1677 5285 1758 5337 ln-

158 5358 315 5425 ⁸ςειιιιι
339 5366 367 5404 a
390 5353 885 5425 Con‘ubeﬁsioaliud
916 5356 1180 5425 cogitanti
1220 5370 1327 5409 non
1361 5364 1619 5425 accurate
1654 5369 1753 5425 ett-

160 5442 163 5447 ·
194 5419 450 5497 scriptum
485 5420 865 5497 [urisseaRegii
890 5419 1118 5495 quartus
1156 5434 1212 5480 et
1254 5427 1478 5497 quintus
1515 5420 1756 5497 ῦποστή-

194 5490 441 5564 σαντιτῷ
462 5486 599 5564 εἷναι
633 5508 648 5547 :
683 5494 734 5547 in
774 5486 996 5564 reliquis
1034 5509 1164 5549 vero
1192 5486 1325 5564 cum
1346 5493 1579 5563 vulgatis
1609 5486 1745 5548 cou'-

192 5561 447 5643 sentiunt.
482 5562 612 5643 Reg.
656 5573 842 5643 sextus
871 5561 1040 5643 prima
1074 5580 1233 5643 manu
1260 5562 1338 5635 τῷ
1381 5561 1749 5635 ὑποστήσαντι

193 5627 252 5680 τὸ
280 5627 440 5693 εἶναι,
471 5627 673 5701 reliqua
706 5642 765 5687 ut
804 5627 883 5687 in'
904 5635 1105 5690 editis:
1144 5635 1285 5689 idem
1310 5627 1433 5689 'ms.
1475 5627 1631 5701 manu
1667 5650 1753 5690 re-

191 5701 428 5776 cetttiore
454 5700 532 5776 τῷ
560 5700 900 5776 πρωτοτύπῳ
949 5705 1313 5776 ύποστήσαντι
1351 5704 1414 5776 τὸ
1450 5700 1609 5776 silvai.
1644 5703 1747 5758 De-

191 5770 352 5839 nique
379 5770 531 5825 Colb.
567 5770 738 5843 prima
776 5770 937 5830 manu
965 5770 1333 5844 ὑποστῆσαντι
1364 5774 1425 5828 τὸ
1463 5772 1626 5845 εἶναι,
1665 5790 1748 5832 reo

1905 1914 2056 1970 niose
2088 1915 2330 1982 objiciat,
2373 1917 2416 1972 si
2461 1917 2589 1985 quid
2622 1918 2674 1971 in
2708 1916 2973 1986 exemplis
2994 1932 3099 1972 non
3127 1916 3491 1985 omniuopro-

1903 2007 2078 2072 posito
2108 2007 2421 2061 conveniat.
2456 2006 2643 2076 Neque
2673 2006 2816 2061 enim
2857 2007 2974 2061 licri
3006 2016 3205 2075 potest,
3235 2016 3295 2060 ut
3325 2018 3489 2074 parva

1905 2110 1968 2149 ac
1994 2096 2123 2150 vilia
2154 2097 2354 2152 divinis
2383 2109 2548 2168 atque
2578 2099 2798 2152 arteruis
2819 2098 3058 2166 perfecte
3081 2098 3489 2152 accommoden-

1902 2198 1989 2243 tur
2018 2204 2033 2242 :
2061 2189 2154 2241 sed
2186 2198 2447 2256 quantum
2478 2188 2611 2242 satis
2636 2198 2740 2251 εει,
2775 2200 2828 2243 ιιι
2850 2188 3214 2245 dissimulatio
3244 2189 3487 2245 confute-

1900 2289 1988 2334 tur
2037 2294 2250 2347 eorum,
2304 2279 2403 2349 qui
2465 2280 2874 2348 generationem
2931 2281 3319 2351 impassibilem
3378 2297 3485 2336 non

1898 2381 2106 2442 queunt
2158 2381 2338 2427 mente
2381 2371 2690 2441 concipere.
2734 2371 2917 2443 Imago
2965 2384 3147 2428 autem
3184 2371 3361 2429 dictus
3402 2384 3486 2429 est

1898 2464 2088 2528 Filius,
2110 2472 2268 2518 etest
2288 2464 2465 2534 imago
2485 2466 2689 2534 genita,
2710 2475 2765 2519 et
2782 2465 3044 2535 splendor
3064 2475 3146 2521 est
3162 2467 3344 2536 gloria:
3363 2467 3483 2531 Dei,

1898 2569 1954 2611 et
1983 2557 2275 2626 sapientia,
2299 2566 2355 2610 et
2380 2557 2647 2626 potentia,
2667 2557 2944 2626 etjustitia
2970 2558 3086 2623 Dei,
3121 2576 3224 2613 non
3250 2570 3307 2613 ut
3328 2561 3483 2617 habi-

1899 2656 2008 2710 tus,
2044 2660 2220 2715 neque
2250 2655 2309 2700 ut
2336 2646 2605 2715 aptitudo,
2637 2647 2729 2702 sed
2774 2647 3071 2703 substantia
3109 2650 3226 2703 viva
3259 2659 3314 2705 et
3349 2666 3481 2720 ope-

1894 2752 2045 2802 rans,
2065 2752 2128 2792 ac
2153 2737 2416 2807 splendor
2431 2737 2618 2807 glorias
2647 2739 2760 2794 D‘ei.
2781 2738 3123 2810 Quapmpter
3145 2751 3199 2795 et
3230 2752 3399 2796 totum
3427 2744 3478 2797 in

1892 2831 2072 2899 seipso
2103 2829 2314 2885 Patrem
2351 2832 2609 2896 ostendit,
2654 2845 2721 2886 cx
2760 2841 2868 2887 tota
2914 2833 3033 2901 ejus
3067 2833 3352 2903 majestate
3391 2850 3480 2889 re-

1892 2923 2200 2995 splendeus.
2236 2923 2408 2990 Quam
2462 2925 2755 2979 absurdum
2808 2934 2891 2979 est
2948 2939 3081 2993 ergo
3130 2929 3329 2991 dicere,
3360 2927 3479 2998 glo-

1892 3015 2030 3069 riam
2072 3014 2163 3069 Dei
2204 3029 2310 3068 non
2350 3014 2559 3069 habere
2607 3014 2969 3083 splendorem,
3006 3026 3100 3070 aut
3155 3018 3492 3087 sapientiam.

1892 3105 1986 3159 Dei
2011 3105 2305 3174 aliquando
2332 3121 2436 3159 una
2469 3120 2593 3160 cum
2626 3105 2735 3160 Deo
2770 3121 2876 3160 non
2907 3105 3236 3163 luisse?Sed
3270 3109 3315 3163 si
3339 3120 3475 3173 erat,

1897 3198 2095 3267 inquit,
2141 3199 2355 3266 genitus
2397 3212 2502 3252 nou
2548 3206 2652 3252 est.
2688 3197 3131 3267 ReSpondcamus
3156 3214 3305 3271 ergo,
3333 3203 3480 3271 quod

1894 3290 2149 3360 quoniam
2187 3291 2401 3359 genitus
2427 3299 2531 3357 est,
2566 3299 2705 3356 erat,
2735 3305 2857 3347 cum
2888 3291 3183 3360 ingenitum
3213 3309 3325 3347 esse
3366 3310 3474 3349 non

1892 3381 2128 3446 babeat,
2159 3381 2253 3435 sed
2293 3381 2521 3436 exsistat
2549 3395 2792 3450 semper,
2820 3393 2874 3436 et
2920 3383 3214 3438 coexsistat
3263 3384 3413 3440 Patri
3442 3402 3476 3441 a

1889 3489 1998 3545 quo
2030 3474 2190 3529 etiam
2227 3475 2525 3530 cxsislendi
2568 3474 2731 3529 liabet
2754 3489 2994 3530 causam.
3032 3476 3259 3542 Quando
3310 3478 3476 3547 igitur

1891 3565 2090 3619 adesse
2112 3581 2141 3618 a
2187 3564 2349 3619 Patre
2389 3566 2684 3634 productus
2715 3576 2801 3620 est
2835 3565 2861 3620 τ
2886 3565 2964 3620 Ex
3008 3581 3114 3637 quo
3143 3565 3308 3623 Pater
3337 3579 3421 3624 est
3449 3570 3478 3611 ν

1893 3656 2000 3711 Sed
2042 3658 2108 3713 ab
2140 3668 2365 3724 aeterno,
2408 3658 2604 3728 inquit,
2636 3656 2801 3713 Pater
2834 3676 2850 3714 :
2882 3660 2950 3715 ab
2980 3669 3188 3715 mterno
3228 3661 3393 3732 igitur
3418 3672 3471 3718 et

1888 3748 2089 3814 Filius,
2128 3764 2223 3820 per
2268 3750 2671 3820 generationem
2728 3750 2980 3821 ingeniun
3029 3750 3206 3807 Patris
3264 3764 3474 3809 natura:

1892 3841 2232 3909 conjnnetus.
2266 3843 2418 3908 Quod
2448 3852 2629 3899 autem
2667 3858 2771 3899 non
2802 3853 2987 3898 nostra
3017 3844 3088 3898 sit
3119 3844 3235 3899 lucc
3268 3846 3465 3909 oratio.

1899 3933 2045 4001 ipsas
2074 3934 2245 3987 sancti
2276 3933 2509 4002 Spiritus
2530 3947 2691 3990 voces
2707 3934 2787 3990 eis
2806 3935 2875 3990 ob
2887 3934 3077 3990 oculos
3097 3951 3378 4007 ponemus.
3402 3937 3467 3994 Et

1876 4161 2021 4230 liqua
2068 4171 2125 4214 ut
2165 4162 2217 4215 in
2274 4160 2559 4230 impressis
2612 4161 2970 4230 librisaldem
3003 4162 3173 4218 codex
3220 4163 3460 4218 secunda

1878 4224 2037 4285 manu
2076 4224 2619 4303 cuwzpsarqxuiav...
2660 4231 2738 4303 τῷ
2761 4224 2922 4286 εἶναι.
2974 4231 3049 4288 Ex
3077 4235 3273 4300 quibus
3314 4233 3465 4287 colli-

1876 4317 2006 4369 gere
2041 4303 2188 4364 licet,
2219 4305 2318 4370 has
2366 4315 2557 4356 omnes
2611 4302 2872 4357 lectiones
2899 4303 3141 4370 revocari
3186 4318 3345 4370 posse
3378 4304 3463 4356 vel

1875 4368 1943 4443 ad
1971 4373 2132 4443 hanc,
2167 4371 2248 4443 τῷ
2272 4369 2442 4443 εἶναι,
2508 4370 2590 4425 vel
2627 4372 2692 4425 ad
2722 4373 2890 4434 illam.
2916 4373 2979 4426 τὸ
3010 4368 3261 4443 εἶναι.ξί
3290 4372 3461 4441 leges.

1872 4439 1951 4514 τῷ
1974 4437 2458 4514 εἶναι,Ανει;1)οι·ιιιιι
2496 4443 2833 4514 constructio
2867 4445 2982 4498 haec
3016 4445 3139 4503 erit,
3168 4437 3463 4514 οὖσαν’τῷ

1863 4507 2005 4585 εἶναι
2038 4512 2098 4566 τὺ
2124 4507 2463 4585 ἀρχέτυπον.
2490 4512 2569 4585 Ad
2600 4513 2849 4576 verbum,
2876 4529 2994 4582 quia
3035 4514 3208 4581 imago
3247 4519 3325 4585 est
3369 4507 3462 4580 per

1873 4581 2382 4653 hoc,qu0d'ipsum
2426 4581 2767 4653 archetypum
2801 4581 2898 4648 est,
2944 4597 3064 4645 seu,
3115 4598 3234 4653 qum
3284 4582 3460 4653 imago

1873 4661 1952 4722 εει
1982 4651 2078 4705 hoc
2105 4653 2236 4721 ipso,
2274 4654 2415 4722 quod
2440 4651 2783 4720 archetypum
2817 4665 2892 4705 εει
2918 4666 2937 4706 .'
2968 4653 3012 4707 si
3044 4667 3175 4707 vero
3210 4652 3377 4722 legas,
3398 4652 3460 4707 τὸ

1870 4716 2038 4783 εἶναι.
2069 4716 2324 4789 videntur
2353 4723 2468 4791 hac
2492 4716 2923 4777 verbaroustrui
2949 4725 3027 4777 sic
3057 4737 3215 4791 posse
3245 4716 3452 4776 ἰοῦσαν

1868 4791 2236 4864 ὑποστήσαντι
2282 4788 2344 4846 τὸ
2370 4788 2534 4864 εἶναι
2585 4791 2920 4862 ἀρχέτυπον.
2946 4793 3028 4846 Ad
3059 4788 3305 4864 verbum,
3335 4809 3456 4862 quia

1867 4863 2043 4932 imago
2065 4862 2142 4918 est
2173 4863 2380 4916 auctori
2409 4865 2529 4924 hoc,
2581 4878 2763 4932 nempe
2797 4878 2915 4915 eum
2956 4878 3067 4916 esse
3091 4862 3452 4932 archetypum.

1866 4932 1921 4986 Id
1944 4930 2053 4996 est,
2087 4944 2275 4986 auctor
2303 4933 2552 5001 imaginis
2581 4930 2649 4984 ab
2684 4934 2798 4996 ipsa
2840 4934 3071 5001 imagine
3110 4930 3289 4996 habet;
3311 4933 3454 5002 quod

1865 5014 1940 5056 est
1977 5004 2344 5074 archetypum.
2373 5003 2439 5057 Et
2466 5017 2596 5057 vero
2621 5002 2977 5073 archetypum
3015 5003 3453 5074 proprieuullum

1864 5082 1977 5143 est,
2004 5072 2106 5143 uisi
2161 5072 2340 5143 imago
2368 5074 2464 5137 sit,
2488 5142 2491 5143 ν
2517 5087 2637 5141 quae
2671 5087 2738 5127 ex
2786 5072 2905 5142 ipso
2946 5073 3306 5142 exprimatur.
3335 5072 3453 5128 Hoc

1863 5157 1932 5196 an
1969 5142 2061 5196 illo
2114 5142 2591 5211 modo’legendum
2640 5143 2732 5207 sit,
2760 5144 2972 5211 nescio
3004 5143 3220 5208 quidem
3256 5160 3269 5197 :
3322 5150 3452 5211 puto

1865 5221 2042 5283 tamen
2074 5213 2255 5283 potius
2287 5208 2388 5283 legi
2440 5212 2658 5283 debere:
2698 5210 2777 5283 τῷ
2804 5208 2969 5283 εἶναι.
2996 5208 3451 5283 Aliittteliora.—

1866 5280 1951 5353 Τῷ
1982 5277 2137 5337 εἶναι
2165 5277 2535 5353 ἀρχέτύπον,
2584 5277 2800 5337 οὖσαῦρ.
2854 5282 3301 5353 νει-ιεηιηιαρο,
3332 5298 3449 5353 qua:

1858 5352 1958 5405 hoc
1996 5354 2109 5421 ipso
2133 5351 2273 5421 quod
2294 5364 2367 5405 est
2399 5351 2760 5421 archetypum,
2797 5352 3024 5411 exsistit.
3055 5351 3269 5405 MARAN.

1929 5420 2043 5494 (15)
2076 5420 2217 5476 Editi
2255 5421 2562 5494 μιμήσεως,
2581 5420 2713 5494 [ἀλλ’
2743 5422 2956 5494 ὥσπερ.
2981 5423 3203 5491 Aliquot
3235 5421 3448 5478 lodices

1859 5493 2165 5576 μιμίρεως,
2201 5494 2297 5546 κα)⁵
2321 5492 2531 5564 ὥσπερ.
2562 5493 2666 5547 Alii
2692 5492 2914 5564 quidam
2960 5508 3091 5548 mss.
3130 5494 3442 5564 μιμήσεως,

1855 5578 2067 5623 ωσπερ.
3464 5614 3471 5623 .

1926 5581 2340 5704 ῗὶῗῑῩΤεχνῶνή
2373 5632 2694 5701 ὑπόστασις,
2722 5643 2915 5689 natura
2949 5633 3145 5688 artium
3185 5647 3339 5706 atque
3360 5633 3447 5689 itt-

1853 5705 2085 5759 dustria.

1925 5774 2035 5845 (l-7)
2062 5773 2191 5844 Reg.
2222 5784 2448 5843 quartus
2483 5775 2680 5848 Πατρὶ,
2714 5776 2846 5850 παρ’
2882 5770 2943 5831 οὗ
2984 5777 3097 5841 καί.
