3956 6216
468 321 570 380 607

1812 313 1870 368 S.
1910 312 2160 368 BASlLll
2195 311 2411 369 MAGNI

3628 308 3743 363 608

470 453 538 495 ex
574 430 861 503 Evangelio
890 429 1105 502 quidem
1149 443 1428 485 sumamus
1460 429 1630 485 illud:
1664 429 1734 485 In
1781 431 2035 500 principio

2160 424 2228 483 ,ὗν
2247 428 2341 482 τοῦ
2367 426 2696 497 Εύαγγελίου
2719 427 2974 497 λάὁωμεν
2995 425 3074 492 τὸ,
3114 426 3217 479 Ἐν
3240 423 3401 495 ἀρχῇ
3436 424 3525 494 ἦν
3554 429 3591 478 ὁ
3623 425 3738 478 Λό-

470 537 581 584 erat
623 523 842 580 Verbum
858 522 941 588 ⁸⁸;
976 523 1077 577 hoc
1133 535 1264 575 vero
1302 535 1366 574 ex
1400 520 1617 575 Psalmo
1659 521 1804 576 velut
1846 535 1878 574 e
1920 537 2041 590 per-

473 634 605 675 sona
634 616 812 672 Patris
847 615 1052 670 dictum
1081 630 1097 668 :
1128 612 1207 664 Ab
1230 623 1376 666 utero
1409 626 1531 666 ante
1572 611 1851 681 luciferum
1884 610 2041 682 genui

477 721 526 765 te
549 710 631 776 ⁸⁹;
661 718 824 776 atque
859 704 1103 771 utrisque
1135 702 1278 757 inter
1309 716 1369 757 so
1413 701 1725 771 compositis
1752 701 1994 756 dicamus
2021 714 2038 751 :

476 803 542 857 Et
569 813 708 865 erat,
736 808 794 854 et
829 797 1040 865 genitus
1060 806 1165 851 est.
1197 794 1393 851 Verum
1418 809 1522 849 vox
1555 792 1723 847 Genui
1755 808 1973 848 causam
2012 807 2041 845 a

476 908 583 963 qua
632 890 956 963 principium
992 890 1155 945 liabet
1193 888 1417 952 escendi,
1449 887 1760 956 signiﬁcat:
1801 901 1902 940 vox
1949 900 2043 938 au-

479 996 608 1051 tem,
639 982 795 1051 Erat,
841 982 1043 1038 indicat
1085 979 1204 1049 ejus
1240 978 1615 1035 exsistentiatu
1667 986 1909 1046 tempore
1950 991 2045 1030 ca-

476 1085 687 1132 rentem
729 1089 796 1130 ac
826 1073 1231 1143 sempiternam.
1275 1070 1382 1125 Sed
1422 1084 1551 1123 vero
1595 1082 1695 1137 pro
1725 1083 1821 1123 sua
1860 1066 2046 1121 fraude

476 1168 760 1223 decertans
790 1164 1419 1228 Eunomius,oratiouem
1450 1160 1517 1215 ad
1544 1159 1840 1216 absurdum
1876 1158 2046 1213 addu-

475 1275 599 1315 cere
629 1275 688 1314 se
719 1268 890 1327 putat.

547 1350 683 1404 Eun.
719 1348 778 1402 Si
821 1348 965 1401 enim
994 1386 1010 1411 ,
1042 1346 1234 1415 inquit,
1286 1353 1412 1400 ante
1459 1358 1611 1400 suam
1645 1343 2045 1414 generationem

476 1440 647 1495 Filius
671 1447 812 1502 erat,
848 1439 1118 1508 ingenitus
1145 1446 1285 1491 erat.

547 1533 673 1586 Bas.
698 1532 768 1587 At
798 1531 946 1595 illud,
983 1538 1104 1584 ante
1141 1528 1550 1600 generationem,
1573 1543 1605 1583 ο
1642 1528 1729 1582 vir
1758 1541 1919 1592 vane,
1953 1535 2051 1582 aut

476 1624 623 1678 nullo
648 1622 806 1676 modo
845 1620 1109 1685 subsistit,
1168 1621 1476 1688 mentisque
1516 1618 1647 1672 nulli
1687 1618 1935 1688 subjecto
1966 1618 2050 1671 in—

2140 538 2245 591 γος
2264 535 2277 548 ·
2313 522 2375 572 ἐκ
2398 520 2454 571 δὲ
2476 518 2569 572 τοῦ
2591 517 2808 589 ψαλμοῦ
2844 519 2919 581 ὡς
2947 520 3012 570 ἐκ
3053 515 3344 589 προσώπω
3373 515 3470 569 τοῦ
3508 515 3745 586 Πατρὸς

2139 610 2427 684 εἰρημένον
2459 610 2540 677 τὸ,
2573 611 2669 664 Ἐκ
2691 610 2955 679 γαστρὸς
2991 609 3106 677 πρὸ
3139 610 3451 679 (imagode
3485 609 3611 681 (i8)
3642 626 3745 679 τε·

2139 701 2406 772 γέννηκὰ
2436 717 2512 757 σε
2529 720 2543 733 ·
2573 703 2667 755 καὶ
2692 701 2974 766 συνθέντες
3001 701 3308 773 ἀμφότερα,
3342 702 3628 773 εἴπωμεν,
3653 704 3748 756 ὅτι

2141 795 2241 849 καῖ
2270 790 2338 866 ἦν
2383 796 2476 849 καὶ
2503 794 2847 864 γεγέννηται.
2891 794 3051 848 Ἀλλά
3076 794 3138 846 τὸ
3183 795 3302 865 μὲν,
3336 794 3744 864 Γεγέννηκα.

2141 887 2241 957 τὴν
2271 886 2448 939 αἰτίαν
2469 887 2560 955 ἀφ’
2588 881 2657 959 ἧς
2685 886 2797 956 ἔχει
2820 886 2918 957 τὴν
2941 885 3118 956 ἀρχὴν
3141 884 3237 938 τοῦ
3266 881 3408 938 εἶναι
3435 886 3741 955 σημαίνει·

2141 978 2203 1031 τὸ
2225 977 2304 1041 δὲ,
2332 974 2472 1042 Ἦν,
2505 978 2604 1049 τὴν
2631 979 2857 1048 ἄχρονον
2882 976 3046 1030 αὐτοῦ
3068 978 3162 1031 καί
3184 975 3513 1046 προαιιὶινιον
3543 976 3748 1046 ῦπαρ-

2145 1067 2246 1133 ξιν.
2289 1070 2347 1123 '0
2388 1068 2466 1132 δὲ,
2518 1068 2989 1140 ἐπαγωνιζόμενος
3024 1072 3089 1140 τῇ
3143 1068 3339 1123 ἐαυτοῦ
3373 1069 3606 1141 ἀπάτῃ,
3654 1071 3746 1132 εἰς

2144 1160 2342 1214 ἄτοπον
2370 1160 2462 1214 τὸν
2499 1161 2654 1230 λόγον
2673 1161 2852 1230 ἀπάγε
2861 1179 2907 1214 ιν
2932 1161 3125 1214 οἴεται.

2215 1344 2375 1397 ΕΥΝ.
2434 1344 2497 1396 Ei
2529 1344 2654 1414 γὰρ,
2702 1344 2855 1415 φησὶ,
2907 1344 3012 1415 πρὸ
3041 1344 3141 1415 τῆς
3164 1346 3472 1417 γεννήσεως
3506 1344 3629 1415 (19)
3672 1341 3748 1415 ἦν

2144 1435 2243 1504 τῆς
2278 1433 2470 1487 ἑαυτοῦ
2497 1435 2527 1484 6
2555 1434 2701 1498 Υἱὸς,
2739 1434 3031 1506 ὰγέννητος
3062 1431 3150 1506 ἦν.

2216 1526 2365 1579 ΒΑΣ.
2408 1524 2567 1579 Ἀλλά
2615 1519 2678 1579 τὸ
2718 1524 2832 1593 πρὸ
2874 1524 2986 1595 τῆς
3043 1525 3380 1595 γεννήσεως
3445 1526 3650 1590 τοῦτο,
3698 1523 3746 1581 ὦ

2152 1619 2369 1690 μάταιε,
2418 1618 2536 1687 ἦτοι
2578 1616 2929 1689 ἀνύπαρκτόν
2973 1618 3088 1670 ἐστι
3132 1617 3441 1682 παντελῶς,
3476 1619 3579 1672 καί
3621 1620 3747 1673 δια-

478 1714 732 1769 Ιιωτειιιίε
770 1722 1131 1767 commentum
1182 1719 1283 1767 est.
1315 1710 1420 1765 Sed
1461 1710 1590 1780 quid
1625 1710 1821 1763 attinet
1870 1708 2048 1763 stultis

2160 1711 2299 1776 νοίας
2328 1709 2685 1781 ἀναπλασμὸς
2713 1710 2890 1764 οὐδενὶ
2930 1709 3278 1782 ἐρειδομένης
3326 1711 3692 1785 ὑποκειμένῳ
3724 1732 3740 1743 ·

476 1804 855 1862 contradicere
885 1803 910 1857 ?
936 1805 1039 1858 hoc
1070 1808 1214 1858 enim
1260 1801 1486 1873 perinde
1522 1812 1607 1856 est
1636 1811 1801 1871 atque
1832 1814 1953 1855 cum
1984 1814 2049 1854 eo

2160 1805 2245 1859 καὶ
2302 1803 2354 1857 τί
2404 1803 2483 1856 δεῖ
2530 1801 2832 1870 ἀντιλέγειν
2862 1804 2975 1865 τοῖς
3023 1803 3305 1873 ἀνοήτοις;
3339 1803 3746 1875 παραπλήσιον

480 1897 850 1962 contendere,
879 1896 967 1951 cui
995 1895 1219 1950 rationis
1256 1909 1410 1950 usum
1445 1894 1727 1964 phrenesis
1766 1892 2047 1946 ademerit.

358 2056 369 2069 θ
478 1994 587 2045 Aut
611 1991 654 2044 si
686 1988 753 2042 ad
779 1989 1278 2057 quidpiam-eorum
1312 2001 1432 2056 qua:
1470 1994 1597 2040 sunt
1630 1985 1827 2048 tendit,
1856 1983 1922 2038 ad
1952 1999 2051 2038 stc-

478 2082 722 2137 rulorum
754 2094 975 2151 quoque
1002 2080 1277 2135 notionem
1302 2078 1618 2133 deducetur.
1651 2075 1852 2130 Verum
1883 2076 1929 2130 si
1957 2091 2053 2130 sa:-

479 2172 597 2227 cula
635 2174 815 2227 omnia
851 2170 990 2226 intra
1015 2168 1416 2241 generationem
1445 2166 1719 2237 Unigeniti
1744 2166 2053 2237 intelligun-

481 2272 587 2327 tur,
618 2279 742 2318 cum
784 2262 930 2317 illius
971 2260 1143 2331 ipsius
1190 2262 1300 2315 sint
1327 2267 1611 2325 creaturae,
1635 2272 1808 2312 vanus
1844 2268 1927 2312 est
1957 2258 2047 2327 qni

479 2354 608 2425 quid
664 2353 969 2409 substantia
998 2350 1123 2406 Filii
1176 2350 1454 2420 antiquius
1486 2351 1701 2419 quaerit.
1724 2348 1870 2404 Nihil
1907 2352 2050 2404 enim

479 2447 707 2502 alienius
736 2445 948 2515 quaerit,
967 2458 1130 2513 quam
1163 2443 1208 2498 si
1237 2444 1304 2498 de
1330 2442 1488 2497 Patre
1509 2443 1672 2497 etiam
1708 2450 2054 2512 percontare-

482 2550 591 2602 tur,
613 2548 789 2591 utrnm
818 2546 943 2590 ante
972 2551 1123 2592 suam
1149 2533 1590 2590 constitutionem
1626 2533 1889 2597 fuerit,an
1924 2548 2050 2589 non.

480 2629 693 2683 Etenim
724 2628 910 2682 utillic
935 2627 1025 2681 hic
1049 2627 1274 2696 quasslio
1295 2626 1456 2681 stulta
1487 2625 1774 2696 est,.253
1814 2640 2054 2695 quaerere

479 2722 733 2777 videlicet
760 2722 813 2774 in
836 2735 900 2775 eo
922 2718 1012 2789 qui
1038 2719 1301 2789 principio
1334 2728 1559 2773 caretac
1585 2718 1854 2788 ingenitus
1870 2725 2055 2771 estsu~

479 2813 662 2883 perius
688 2812 941 2882 quiddam
958 2826 977 2862 -:
1014 2811 1085 2865 ita
1106 2811 1194 2866 hic
1221 2824 1437 2880 quoque
1459 2810 1525 2864 de
1546 2824 1612 2864 eo
1641 2809 1732 2878 qui
1758 2808 1825 2863 ab
1850 2817 2054 2864 aeterno

481 2916 565 2961 est
592 2920 713 2959 cum
746 2904 931 2966 Patre.
957 2902 1201 2973 nihilque
1234 2902 1393 2957 habet
1424 2901 1586 2956 medii
1628 2901 1767 2956 inter
1799 2915 1858 2956 se
1880 2910 1937 2955 et
1966 2915 2057 2969 ge-

481 2995 750 3061 nitorem,
787 2993 1111 3063 temporales
1143 2993 1325 3048 l'acere
1366 2999 1432 3049 de
1460 2993 1639 3063 priore
1689 2992 2051 3061 qtlEBSllOIiCS;

481 3085 703 3154 aequalis
743 3085 901 3154 plane
939 3085 1225 3138 dementia:
1262 3093 1366 3139 est.
1395 3082 1528 3137 Nam
1571 3084 1792 3151 perinde
1831 3085 1959 3147 erit,
1992 3098 2054 3138 ac
2081 3118 2126 3177 ρ

481 3178 528 3232 ai
568 3178 688 3245 quis
714 3177 1011 3244 interroget
1037 3174 1165 3244 quid
1191 3173 1429 3228 futurum
1462 3174 1533 3228 sit
1558 3184 1679 3242 post
1698 3174 1904 3228 obitum
1941 3171 2057 3240 ejus

484 3272 574 3340 qui
605 3269 926 3324 immortalis
958 3277 1061 3335 est,
1103 3276 1416 3337 quzeratque
1457 3268 1585 3336 quid
1628 3265 1901 3321 exstiterit
1933 3276 2059 3321 ante

483 3360 885 3431 generationem
918 3359 1249 3429 sempiterni.
1300 3357 1363 3412 Hi
1400 3370 1599 3421 autem,
1634 3358 1761 3429 quia
1810 3357 2057 3428 principii

484 3452 540 3506 in
567 3450 727 3506 Patre
761 3451 991 3520 privatio
1020 3452 1293 3505 aeternitas
1332 3451 1660 3515 nominatur,
1699 3450 2056 3519 privationem

482 3544 736 3614 principii
769 3542 1226 3598 decernuntidem
1261 3557 1382 3598 esse
1417 3552 1580 3611 atque
1608 3541 2058 3604 aeternitatein,et

483 3635 738 3705 quoniam
761 3633 932 3690 Filius
960 3649 1065 3689 non
1089 3643 1172 3689 est
1211 3635 1507 3705 ingenitus,
1536 3649 1604 3688 ne
1635 3644 1895 3686 internum
1931 3633 2055 3700 qui—

482 3722 605 3780 dem
645 3739 765 3779 esse
796 3723 1257 3795 proﬁtentur-.Scd
1297 3734 1477 3805 tamen
1511 3726 1626 3781 haec
1662 3723 1912 3780 diﬂ'erunt
1935 3725 2057 3794 plu-

485 3816 682 3870 rimum
730 3815 1144 3884 signiﬁcatione.
1174 3815 1308 3869 Nam
1345 3817 1640 3887 ingenitum
1667 3817 1885 3882 dicitur,
1916 3816 2056 3884 quod

485 3920 663 3976 neque
717 3906 1041 3975 principium
1074 3909 1157 3962 sui
1197 3907 1387 3977 ipsius,
1429 3921 1601 3976 neque
1640 3923 1857 3962 causam
1902 3916 1958 3960 ut
1989 3908 2060 3960 sit

485 3996 693 4051 habet:
730 4006 990 4053 aeternum
1022 4014 1174 4064 vero,
1214 4000 1355 4067 quod
1394 4008 1635 4069 tempore
1675 3999 1821 4052 omni
1855 4006 1909 4052 et
1944 4012 2058 4051 aevo

486 4087 782 4140 secundum
813 4103 923 4142 esse
950 4090 1225 4158 antiquius
1277 4098 1383 4144 est.
1424 4089 1574 4145 Unde
1610 4099 1663 4142 et
1688 4088 1857 4142 Filius
1889 4095 1947 4142 ut
1976 4096 2058 4142 est

488 4193 595 4233 non
615 4178 904 4248 ingenitus,
924 4181 1000 4235 ita
1020 4189 1251 4237 internus
1269 4190 1371 4236 est.
1388 4179 1509 4235 Jam
1534 4196 1660 4235 vero
1681 4180 1873 4235 saecula
1895 4181 2055 4235 etiam

488 4272 676 4324 :etcrni
707 4272 1065 4342 appellatione
1096 4274 1338 4328 nonnulli
1373 4274 1683 4343 dignantur,
1718 4272 1871 4341 quasi
1894 4287 1960 4326 ex
1986 4285 2057 4327 eo

488 4364 633 4431 quod
664 4376 876 4433 semper
897 4364 1027 4429 sint,
1068 4365 1169 4421 hoc
1192 4365 1423 4420 nominis
1442 4366 1638 4436 adepta
1666 4366 1794 4420 sint.
1820 4364 1927 4420 Nos
1961 4380 2058 4417 au-

2150 1894 2260 1965 γὰρ
2288 1893 2464 1956 τοῦτο,
2492 1892 2681 1964 ὥσπερ
2703 1892 2769 1946 ἂν
2801 1894 2850 1945 εί
2880 1893 2971 1946 καὶ
3000 1892 3077 1964 τῷ
3106 1892 3196 1946 τὸν
3216 1892 3477 1965 λογισμὸν
3501 1897 3574 1947 ὲκ
3600 1911 3745 1967 φρε-

2150 1984 2344 2048 νίτιδος
2376 1984 2761 2055 παρενεχθέντι
2783 1983 3151 2056 διεμαχόμεθα
3179 2000 3194 2015 υ
3231 1984 3264 2055 ἦ
3290 1986 3339 2038 εί
3371 1986 3512 2054 πρός
3535 2003 3599 2038 τι
3627 1987 3745 2039 τῶν

2150 2078 2319 2131 ὅντων
2367 2077 2617 2148 φέρεται,
2664 2077 2757 2131 καὶ
2815 2077 2948 2149 πρὸς
2972 2077 3070 2148 τὴν
3121 2076 3227 2130 τῶν
3257 2077 3470 2130 αἰώνων
3523 2079 3745 2132 ἔννοιαν

2152 2169 2526 2240 ἐνεχθήσεται.
2582 2168 2719 2221 Ἀλλ’
2748 2169 2904 2243 εἴπερ
2936 2160 3131 2233 αίῶνές
3178 2170 3377 2234 πάντες
3425 2171 3590 2224 κάτω
3635 2189 3744 2224 που

2150 2261 2250 2333 τῆς
2277 2260 2544 2330 γενέσεως
2586 2260 2697 2331 (20)
2741 2260 2836 2314 τοῦ
2878 2260 3213 2329 Μονογενοῦς
3257 2261 3534 2326 νοοῦνται,
3570 2265 3744 2317 αὐτος

2152 2353 2362 2407 ἐκείνου
2407 2353 2559 2417 ὄντες
2592 2354 2893 2425 ποιήματα,
2951 2353 3178 2423 μάταιος
3228 2355 3257 2407 6
3311 2354 3601 2424 ἐπιζητῶν
3643 2358 3745 2426 τῆς

2153 2446 2501 2510 ὑποστάσεως
2550 2444 2644 2498 τοῦ
2703 2444 2834 2499 Υἱοῦ
2886 2444 2957 2498 τὰ
3006 2445 3369 2517 πρεσϐύτερα.
3402 2447 3582 2499 Οὐδὲν
3631 2448 3743 2518 γὰρ

2148 2536 2490 2607 ἀλλοιότερον
2510 2537 2708 2606 ἐρωτᾷ,
2741 2536 2775 2607 ἢ
2808 2536 2856 2588 εί
2876 2536 2969 2589 καὶ
3010 2536 3139 2607 περὶ
3169 2535 3262 2588 τοῦ
3313 2536 3538 2607 Πατρός
3578 2540 3746 2590 ἐπεν-

2159 2628 2372 2694 θάνετο,
2409 2630 2638 2698 πότερον
2686 2629 2897 2700 ὑπῆρχε
2942 2628 3047 2699 πρὸ
3082 2629 3181 2699 τῆς
3214 2628 3351 2691 ἰδίας
3392 2630 3743 2694 συστάσεως.

2154 2720 2188 2790 ἢ
2213 2719 2353 2790 ούχί.
2391 2720 2478 2783 Ὠς
2508 2720 2617 2791 γὰρ
2651 2721 2767 2773 ἐκεῖ
2795 2720 3022 2791 ἀνόητον
3067 2719 3127 2772 τὸ
3163 2717 3428 2790 ἐρώτημα
3450 2761 3466 2785 ,
3509 2722 3614 2773 ἐπὶ
3648 2724 3748 2777 τοῦ

2155 2812 2391 2883 ἀνάρχου
2446 2811 2541 2864 καὶ
2595 2812 2892 2883 ἀγεννήτου
2933 2810 3113 2880 ζητεῖν
3143 2810 3204 2863 τὺ
3245 2810 3527 2885 ἀνώτερον
3549 2829 3566 2842 ·
3603 2813 3749 2867 οὕτω

2156 2904 2249 2957 καὶ
2277 2903 2529 2967 ἐνταῦθα,
2569 2903 2663 2955 ἐπὶ
2699 2905 2792 2956 τοῦ
2824 2902 2883 2969 ἐξ
2921 2902 3088 2956 ἀϊδίου
3117 2903 3195 2972 τῷ
3232 2903 3409 2974 Πατρὶ
3462 2905 3746 2968 συνόντος,

2157 2998 2250 3052 καὶ
2275 2997 2424 3051 οὐδὲν
2446 2996 2659 3068 ἔχοντος
2697 2996 2861 3068 μέσον
2892 2995 3085 3050 ἑαυτοῦ
3108 3012 3167 3048 τε
3193 2997 3287 3049 καϊ⁷
3311 2996 3407 3049 τοῦ
3436 3000 3749 3069 γεννήσαν-

2155 3106 2264 3153 τος,
2291 3088 2544 3160 χρονικὰς
2580 3089 2846 3141 ποιεῖσθαι
2872 3086 2964 3141 τοῦ
2992 3088 3257 3159 προτέρου
3287 3088 3385 3151 τὰς
3408 3091 3746 3161 ἐρωτήσεις,

2153 3183 2252 3252 τῆς
2276 3183 2397 3252 ἴσης
2418 3181 2586 3244 ὅντως
2609 3181 2811 3244 ἀνοίας.
2836 3180 3223 3253 Παραπλήσιω
3238 3180 3346 3253 γὰρ
3366 3182 3587 3252 ἐρωτᾷν
3608 3182 3745 3253 (9.1),

2154 3274 2207 3325 τί
2241 3271 2389 3325 ἔσται
2421 3270 2561 3341 μετὰ
2591 3272 2689 3342 τὴν
2729 3271 2986 3343 τελευτὴν
3014 3270 3111 3324 τοῦ
3146 3270 3439 3333 ἀθανάτου,
3484 3274 3588 3325 καὶ
3621 3274 3747 3325 ἑπι-

2157 3365 2338 3436 ζητείν
2382 3363 2435 3416 τί
2475 3364 2687 3434 ὑπῆρχε
2728 3363 2834 3434 πρὸ
2859 3367 2957 3435 τῆς
2980 3365 3281 3435 γεννήσεως
3318 3361 3414 3415 τοῦ
3441 3363 3652 3417 ἀϊδίου.
3682 3366 3749 3417 Οί

2155 3458 2233 3522 δὲ,
2261 3457 2446 3528 ἐπειδὴ
2481 3456 2540 3509 τὸ
2559 3458 2794 3527 ἄναρχον
2823 3456 2913 3510 τοῦ
2954 3457 3166 3527 Πατρδς
3186 3455 3355 3510 ἀΐδιον
3384 3456 3748 3525 ὀνομάζεται,

2154 3549 2349 3603 ταυτὸν
2382 3549 2443 3602 τὸ
2464 3549 2686 3619 ἀνάρχῳ
2711 3549 2771 3601 τὸ
2794 3548 2961 3602 ἀΐδιον
2990 3548 3373 3616 ἀποφαίνουσι,
3420 3548 3519 3601 καὶ
3550 3549 3749 3619 ἐπειδὴ

2158 3640 2233 3711 μὴ
2280 3641 2574 3712 ἀγέννητος
2620 3643 2648 3694 6
2686 3640 2835 3704 Υἱὸς,
2861 3639 2981 3692 ούδέ
3010 3640 3177 3692 αἳδιον
3199 3634 3341 3692 εἶναι
3388 3640 3749 3710 ὁμολογοῦσι.

2156 3730 2413 3783 Πλεῖστον
2460 3729 2517 3782 δὲ
2565 3729 2811 3799 διαφέρει
2840 3728 2985 3783 κατὰ
3011 3727 3110 3799 τὴν
3147 3728 3374 3783 ἔννοιαν.
3412 3730 3751 3801 ’Δγέννητον

2160 3821 2256 3891 μὲν
2308 3821 2416 3892 γὰρ
2446 3821 2665 3890 λέγεται
2697 3821 2757 3875 τὸ
2786 3821 3057 3894 μηδεμίαν
3099 3821 3273 3893 ἀρχὴν
3324 3821 3548 3884 ἐαυτοῦ,
3611 3824 3753 3894 μηδὲ

2158 3910 2334 3964 αἰτίαν
2368 3911 2489 3982 ἔχον
2518 3910 2612 3966 τοῦ
2644 3907 2814 3966 εἶναι·
2842 3913 3009 3967 ἀΐδιον
3037 3913 3094 3966 δὲ
3113 3913 3174 3965 τὸ
3196 3913 3384 3984 χρόνον
3414 3912 3632 3977 παντὸς
3653 3915 3754 3967 καὶ

2156 4002 2349 4065 αἰῶνος
2378 4003 2518 4057 κατὰ
2536 4004 2597 4057 τὸ
2623 3999 2764 4058 εἶναι
2786 4004 3174 4075 πρεσϐύτερον.
3204 4003 3367 4056 Ὅθεν
3401 4005 3500 4057 καὶ
3526 4006 3561 4056 6
3588 4005 3749 4067 Υἱὸς,

2157 4090 2252 4143 καὶ
2302 4091 2401 4144 οὐκ
2437 4092 2749 4163 ἀγέννητος,
2801 4093 2897 4146 καὶ
2946 4092 3133 4156 ἀΐδιος.
3180 4091 3319 4163 Ἤδη
3366 4092 3423 4145 δὲ
3454 4093 3557 4145 καὶ
3620 4094 3755 4157 τοὺς

2157 4180 2364 4247 αἰῶνας
2394 4180 2605 4245 ἀξιοῦσί
2644 4199 2790 4246 τινες
2842 4183 2938 4254 τῆς
2973 4182 3066 4236 τοῦ
3102 4181 3273 4235 ἀϊδίου
3311 4180 3424 4251 (22)
3463 4197 3760 4254 προσηγο-

2158 4272 2299 4345 ρίας,
2336 4272 2413 4336 ὡς
2436 4274 2502 4327 ἐκ
2526 4272 2620 4327 τοῦ
2649 4273 2737 4327 ἀεὶ
2765 4269 2904 4328 εἶναι
2939 4274 3040 4343 τῆς
3064 4273 3307 4344 κλήσεως
3330 4271 3538 4343 ταύτης
3582 4291 3759 4327 τετυ-ι

2154 4369 2409 4441 χηκότας.
2464 4369 2653 4441 Ἡμεῖς
2706 4369 2764 4423 δὲ
2799 4370 2897 4440 τῆς
2954 4368 3123 4438 αὐτῆς
3181 4365 3510 4436 λογιζόμεθα
3566 4385 3763 4441 παρα-

493 4463 600 4508 tem
635 4463 689 4508 et
720 4457 985 4510 creaturis
1031 4455 1352 4511 aeternitatis
1386 4456 1747 4511 testimonium
1792 4456 2052 4526 praebere,

2161 4460 2306 4523 νοίας
2329 4460 2423 4513 καὶ
2457 4462 2522 4530 τῇ
2550 4459 2724 4513 κτίσει
2759 4458 3202 4531 προσμαρτυρεῖν
3225 4457 3286 4509 τὺ
3313 4456 3503 4519 ἀΐδιον,
3531 4459 3638 4510 καὶ
3662 4459 3762 4512 τὸν

490 4553 546 4600 et
578 4552 947 4600 creaturarum
990 4547 1271 4601 Dominum
1314 4547 1414 4602 hac
1454 4545 1793 4601 confessione
1818 4544 2054 4614 privare,

493 4635 734 4707 ejusdem
766 4652 886 4693 esse
911 4640 1160 4695 amentiae
1182 4637 1531 4693 arbitramur.

480 4748 486 4773 τ
563 4730 653 4785 18.
692 4730 1081 4787 Atorationem
1120 4732 1187 4787 ad
1209 4733 1609 4803 impudentiam
1648 4730 1918 4786 deducens
1953 4724 2058 4782 Eu-

495 4822 728 4887 nomius,
753 4825 878 4893 quid
900 4825 1029 4880 dicit
1058 4823 1083 4879 τ

481 4934 488 4967 ι
567 4914 703 4971 Eun.
732 4914 841 4971 Nos
864 4925 1042 4973 autem
1068 4914 1123 4971 in
1164 4915 1230 4971 iis
1271 4930 1392 4985 qua
1419 4924 1473 4970 et
1508 4914 1637 4969 olim
1671 4929 1703 4968 a
1748 4914 1972 4982 sanctis,
2005 4922 2060 4968 et

490 5019 638 5061 nunc
671 5019 701 5059 a
738 5005 892 5060 nobis
921 5007 1286 5061 demonstrata
1314 5012 1461 5071 sunt,
1494 5012 2057 5082 pernianentes,acum

571 5200 624 5237 "
651 5202 805 5258 Joan.
838 5219 876 5269 ι,
919 5205 973 5259 l.
1048 5205 1093 5237 ⁸⁹
1133 5203 1275 5260 Psal.
1302 5221 1415 5268 cur,
1439 5203 1495 5258 3.

559 5386 679 5458 (18)
704 5385 922 5458 Antiqui
955 5386 1057 5458 duo
1081 5385 1200 5440 libri
1232 5385 1509 5458 ἑωσφόρον
1542 5381 1654 5453 ἐγὼ
1690 5383 1951 5457 σήμερον.

569 5456 677 5526 (l9)
706 5457 932 5512 Codices
955 5457 1153 5525 aliquot
1182 5456 1469 5526 γενέσεως.

569 5511 680 5597 (ευ)
708 5511 841 5597 cod.
869 5526 973 5580 503
998 5511 1205 5597 omittit.
1219 5525 1330 5594 τῆς
1356 5511 1671 5593 τεὶηέσεως.

710 5594 840 5718 ιέεὲ.
853 5612 967 5676 _qna
977 5607 1089 5651 rtus
1104 5596 1424 5718 1§ﬂésorf®h

812 5674 867 5718 ιιι
898 5681 1042 5718 τινες
1094 5682 1189 5718 τη..
1262 5666 1412 5718 ιδιου.

485 5662 681 5783 διέὲἳδ
728 5662 1042 5727 Ειῐίιὶτινες
1094 5665 1191 5734 τῆς
1221 5662 1412 5719 ἀϊδίου.
1459 5668 1529 5721 At
1575 5681 1705 5722 mss.
1737 5665 1834 5736 τῆς
1855 5662 1948 5717 τοῦ
1980 5666 2066 5719 ἀϊ-

579 5748 628 5787 υ.

2160 4552 2437 4621 Δεσπότην
2466 4552 2566 4620 τῆς
2590 4551 2819 4614 κτίσεως
2844 4550 2941 4619 τῆς
2973 4547 3261 4619 ὁμολογίας
3286 4545 3489 4617 ταύτης
3512 4548 3765 4604 ἀποστε-

2199 4643 2298 4697 εἰν.

2231 4660 2298 4697 ιν.

2163 4660 2322 4786 ρε18.
2358 4733 2416 4785 '0
2438 4731 2513 4796 δὲ,
2540 4731 2675 4803 πρὸς
2703 4729 2763 4783 τὸ
2783 4729 3136 4800 ἀναίσχυντον
3169 4727 3415 4800 ἐκφέρων
3434 4728 3527 4780 τὸν
3560 4729 3762 4799 λόγον,

2161 4823 2217 4877 τί
2237 4840 2431 4893 φησιν;

2235 4913 2396 4965 ΕΥΝ.
2433 4912 2623 4981 Ἡμεῖς
2650 4909 2729 4973 δὲ,
2779 4912 2891 4974 τοῖς
2934 4926 2995 4962 τε
3024 4906 3130 4962 ὑπὸ
3158 4908 3265 4961 τῶν
3295 4905 3465 4974 ἁγίων
3507 4908 3614 4960 καὶ
3652 4910 3767 4962 πάι

2167 5003 2257 5057 λαι
2281 5003 2395 5074 (25)
2425 5003 2522 5056 καὶ
2560 5002 2656 5057 νῦν
2679 5003 2765 5071 ἐφ’
2789 5003 2822 5073 ἡ
2832 5001 2947 5072 μῶν
2975 4999 3457 5069 ἀποδεικνυμένοις
3483 4998 3765 5068 ἐμμένον-

2236 5380 2351 5455 (25)
2375 5379 2518 5455 Editi
2538 5379 2656 5455 τῶν
2668 5376 2840 5455 ἁγίων
2867 5380 3126 5455 Πατέρων
3164 5381 3353 5455 πάλαι,
3373 5377 3511 5452 Reg.
3543 5396 3765 5438 secun—

2170 5452 2269 5507 dus
2284 5452 2393 5506 τῶν
2415 5452 2585 5521 ἁγίων
2608 5452 2873 5523 Πατέρων
2901 5453 2993 5523 καὶ
3019 5452 3216 5507 πάλαι.
3244 5453 3347 5506 Alii
3376 5462 3487 5506 tres
3517 5467 3664 5506 mss.
3680 5465 3764 5523 ius

2171 5525 2224 5578 in
2255 5535 2536 5578 contextu.
2588 5521 2785 5578 Vocem
2817 5521 3077 5593 Πατέρων
3104 5538 3219 5593 non,
3257 5524 3373 5578 sine
3399 5536 3565 5576 causa
3599 5522 3762 5593 dele-

2176 5604 2284 5646 tam
2314 5607 2433 5648 esse
2465 5593 2590 5647 hinc
2618 5592 2813 5662 conjici
2849 5592 3047 5659 potest,
3081 5592 3224 5662 quod
3272 5607 3378 5647 non
3433 5592 3759 5662 reperiatur

2174 5663 2430 5732 nequejii
2458 5676 2621 5730 opere
2647 5662 2895 5719 Eunomii
2931 5662 3072 5732 quod
3106 5675 3268 5732 penes
3297 5676 3398 5719 nos
3423 5673 3531 5729 eat,
3561 5676 3757 5732 neque

2179 5733 2317 5801 apud
2350 5731 2679 5787 Fabricium.
