3956 6216
358 281 464 335 609

1459 285 1824 342 ADVERSUS
1863 287 2234 344 EUNOMIUM
2275 288 2404 344 LIB.
2448 290 2512 344 ll.

3501 291 3602 344 610

357 411 468 458 τες,
500 397 636 466 μήτε
667 397 764 467 τῆς
792 399 976 462 οὐσίας
1009 399 1101 452 τοῦ
1145 399 1278 453 Θεοῦ
1327 402 1691 472 προσιεμένης
1734 404 1902 474 γέννη

2031 420 2200 474 neque
2229 406 2320 459 Dei
2351 409 2654 462 substantia
2687 412 3089 475 generationem
3129 409 3399 470 admittat,
3429 420 3602 474 neque

358 505 462 550 σιν,
521 493 654 558 μήτε
700 491 804 561 μὴν
849 491 1041 562 ἐτέρας
1085 492 1229 555 τινος
1279 493 1642 563 ὑποκειμένης
1673 496 1752 557 είς
1798 495 1925 547 Υίοῦ

729 584 803 653 μὴ
871 583 1000 637 ὄντα
1067 585 1244 654 φαμὲν
1323 584 1412 638 τόν
1487 575 1613 638 Υίὸν
1672 590 1928 658 γεγεννῆ-

291 635 294 637 ,
353 581 603 651 γέννησιν
631 622 645 645 ,

353 671 476 726 σθαι
512 673 646 746 (24).

421 765 568 818 ΒΑΣ.
602 768 696 831 Τίς
726 769 899 835 οὕτως
944 774 1031 825 ἐπ’
1060 775 1308 846 εὐσεϐείᾳ
1339 775 1647 847 φιλότιμοςς
1700 775 1782 840 τίς
1831 779 1924 830 ἐπὶ

350 855 427 926 τῷ
483 859 829 932 φιλόχριστος
876 861 1014 918 εἶναι
1063 867 1313 920 τοσοῦτον
1343 867 1770 932 ὲκαλλωπίσατο,
1801 869 1923 921 ὅσον

348 941 493 1000 οὗτοι
527 953 639 1013 τοῖς
668 953 768 1022 τῆς
793 953 1004 1024 ὓϐρεως
1034 957 1127 1009 καὶ
1153 957 1374 1026 ἀτιμίας
1404 959 1514 1030 (‘25)
1547 961 1773 1031 ῥήμασι,
1828 964 1920 1014 καὶ

349 1039 752 1111 καθαιρετικοίς
780 1046 878 1114 τῆς
916 1046 1072 1118 δόξης
1097 1048 1190 1101 τοῦ
1229 1050 1565 1116 Μονογενοῦς
1589 1051 1919 1119 ὲπαγάλλον-

347 1147 469 1194 ται;
506 1133 578 1185 Ob
612 1134 793 1208 παύσῃ
825 1137 898 1206 μὴ
923 1138 1050 1189 ὄντα
1084 1140 1521 1210 προσαγορεύων,
1553 1138 1597 1194 ὦ
1631 1143 1777 1204 ἄθεε,
1830 1147 1918 1197 τὸν

345 1221 514 1286 ὄντως
540 1224 686 1292 ὅντα,
720 1227 818 1298 τὴν
842 1229 1022 1300 πηγὴν
1060 1231 1159 1300 τῆς
1192 1232 1354 1302 ζωῆς,
1382 1233 1471 1284 τὸν
1501 1235 1633 1286 πᾶσι
1660 1239 1772 1299 τοῖς
1801 1232 1918 1290 οὖσι

345 1315 439 1368 τοῦ
490 1313 628 1370 εἶναι
669 1321 1026 1390 παρεκτικόν;
1059 1324 1154 1385 Ὃς
1186 1325 1390 1377 οἰκείαν
1434 1325 1612 1396 ἑαυτῷ
1657 1329 1750 1380 καὶ
1786 1330 1917 1398 πρέ-

346 1422 550 1460 πουσαν
596 1411 660 1479 τῇ
697 1410 887 1462 ἑαυτοῦ
919 1412 1179 1483 ἀῖδιότητι
1230 1415 1288 1466 ἐν
1333 1415 1412 1484 τῷ
1459 1417 1594 1486 πρὸς
1645 1417 1736 1472 τὸν
1788 1421 1916 1473 ἴδιον

345 1496 648 1566 θεράποντα
683 1503 918 1555 Μωῦσέα
951 1505 1321 1575 χρηματισμῷ
1352 1509 1718 1578 προσηγορίαν
1765 1511 1914 1576 ἐξεῦ-

345 1604 467 1656 ρεν,
501 1588 628 1642 ὄντα
656 1591 845 1645 ἑαυτὸν
877 1593 1184 1664 ὀνομάσας;
1227 1593 1376 1663 Ἐγὼ
1419 1594 1524 1663 γάρ
1557 1598 1692 1664 εἰμι,
1728 1599 1914 1666 φησὶν,

343 1680 376 1729 ὁ
408 1677 510 1732 ὤν.
537 1680 647 1732 Καὶ¹
675 1682 887 1745 τούτοις
913 1684 1086 1747 οὐδεὶς
1114 1686 1327 1757 ἀντερεῖ
1358 1687 1430 1758 μὴ
1464 1688 1582 1757 ούχὶ
1632 1691 1696 1740 ὲκ
1744 1707 1909 1760 προσ-

343 1765 490 1820 ώπου
516 1770 610 1822 τοῦ
640 1773 843 1840 Κυρίου
875 1773 982 1845 (‘26)
1013 1776 1262 1846 εἰρῆσθαι
1284 1793 1295 1804 °
1332 1777 1524 1830 οῧκουν
1555 1780 1702 1841 ὅστις
1737 1797 1799 1848 γε
1838 1783 1910 1850 μὴ

343 1859 400 1909 τί)
436 1860 725 1915 Ἰουδαϊκὸν
764 1865 1026 1936 κάλυμμα
1060 1868 1150 1919 ἐπὶ
1180 1871 1245 1938 τῇ
1276 1868 1575 1937 ἀναγνώσει
1630 1872 1908 1934 Μωῡσέως

343 1949 481 2003 κατά
531 1953 629 2022 τῆς
663 1955 854 2008 ἑαυτοῦ
888 1957 1113 2027 καρδίας
1162 1959 1504 2029 ἐπικείμενον
1533 1959 1665 2029 ἔχει.
1701 1962 1740 2012 Γ
1744 1961 1907 2032 ἐγρα-

343 2059 472 2095 πται
499 2043 628 2113 γάρ,
663 2047 744 2099 ὅτι
770 2046 925 2118 ὤφθη
959 2049 1035 2119 τῷ
1072 2051 1294 2103 Μωῡσεῖ
1319 2050 1546 2119 ἄγγελος
1577 2052 1782 2122 Κυρίου
1817 2055 1906 2106 ὲπί

341 2134 431 2185 τοῦ
457 2134 616 2204 βάτου
649 2138 706 2190 ὲν
739 2142 870 2210 πυρὶ
896 2141 1092 2208 φλογός
1115 2141 1248 2210 (27).
1279 2142 1542 2210 ’Ἄγγελον
1569 2143 1746 2196 τοίνυν
1773 2163 1906 2214 προ-

340 2227 549 2291 τάξασα
596 2233 694 2300 τῆς
741 2231 1042 2303 διηγήσεως
1088 2235 1120 2304 ἡ
1171 2234 1384 2305 Γραφὴ,
1418 2234 1552 2288 Θεοῦ
1584 2236 1781 2302 ἐπάγει
1811 2238 1907 2306 τὴν

339 2316 539 2385 φωνήν.
577 2313 723 2370 Eine
760 2319 892 2387 γὰρ,
925 2322 1078 2390 φησὶ,
1106 2321 1184 2385 τῷ
1229 2323 1500 2375 Μωῢσεῖο
1552 2324 1690 2392 Ἐγώ
1718 2328 1835 2394 ειμι
1877 2328 1906 2378 ὁ

341 2405 483 2469 Θεὸς
522 2407 626 2459 τοῦ
666 2411 888 2476 πατρός
926 2426 1043 2464 σου
1101 2413 1378 2482 Ἁϐραάμο
1442 2415 1533 2466 καὶ
1590 2419 1706 2485 μετ’
1757 2418 1910 2485 ὀλίγα

341 2497 500 2550 πάλιν
522 2516 536 2529 ο
581 2498 726 2568 Ἐγώ
751 2503 865 2568 εἰμι
897 2504 929 2555 ό
959 2501 1056 2554 ὧν.
1096 2503 1194 2564 Τίς
1221 2501 1312 2555 οὖν
1338 2506 1364 2555 ὁ
1400 2506 1559 2568 αὐτὸς
1602 2508 1695 2558 καὶ
1742 2509 1906 2575 ἄγγε-

339 2589 427 2653 λος
459 2589 570 2659 (28)
599 2593 691 2644 καὶ
723 2592 850 2654 Θεός
874 2611 886 2657 ;
915 2589 1058 2665 τΛρα
1085 2594 1204 2663 οὐχὶ
1237 2596 1364 2666 περὶ
1391 2590 1450 2648 οὗ
1486 2598 1906 2670 μεμαθήκαμεν,

339 2682 421 2733 ὅτι
453 2682 695 2734 καλεῖται
728 2685 788 2735 τὸ
816 2684 985 2753 ὄνομα
1011 2684 1170 2737 αὐτοῦ
1207 2686 1446 2758 μεγάλης
1486 2687 1678 2758 βουλῆς
1716 2693 1910 2758 Ἄγγε-

339 2775 460 2840 λος;
505 2775 644 2844 Ἐγὼ
679 2777 774 2847 μὲν
803 2779 902 2830 οὐκ
927 2775 1076 2848 οἶμαι
1096 2779 1352 2832 πλειόνων
1373 2780 1483 2833 δεῖν
1506 2781 1639 2852 πρὸς
1659 2783 1756 2852 τὴν
1789 2785 1912 2836 ὀιπό-

340 2867 526 2933 δειξιν,
562 2868 694 2921 ἀλλὰ
729 2872 841 2932 τοῖς
877 2871 975 2940 μὲν
1006 2871 1371 2943 φιλοχρίστοις
1406 2873 1653 2943 ἐξαρκεῖν
1686 2875 1774 2926 καὶ
1809 2877 1905 2946 τὴν

340 2960 662 3029 ὑπόμνησιν,
694 2963 805 3022 τοῖς
831 2961 885 3012 δὲ
939 2961 1172 3024 ἀνιάτως
1199 2961 1381 3032 ἔχουσι.
1425 2963 1588 3032 μηδὲν
1619 2962 1807 3032 ὄφελος
1847 2969 1908 3019 ἐκ

337 3050 429 3103 τοῦ
466 3052 700 3123 πλήθους
754 3051 862 3104 τῶν
909 3053 1214 3124 λεγομένων
1249 3054 1464 3107 ἔσεσθαι
1518 3055 1650 3125 (9.9).
1706 3058 1766 3109 EE
1802 3059 1910 3128 γὰρ

2036 497 2139 548 ulla
2193 498 2295 551 alia
2356 500 2420 552 ad
2479 485 2598 553 Filii
2666 502 3065 566 generationem
3126 499 3438 569 subjaceat,
3492 512 3598 551 non

2032 592 2382 643 exsistentem
2428 590 2620 644 Filium
2670 592 2908 659 genitum
2945 607 3063 648 esse
3109 591 3357 645 dicimus.

2102 764 2226 820 Bas.
2269 765 2401 831 Quis
2433 769 2566 822 adeo
2613 769 2711 822 fuit
2760 770 2945 838 gloria:
2987 769 3210 838 cupidus
3252 768 3462 836 pietatis
3501 782 3598 820 no-

2031 859 2175 912 mine
2201 859 2222 910 ?
2247 860 2368 928 quis
2390 860 2441 913 in
2465 860 2685 914 Christo
2707 861 2938 915 amando
2969 870 3173 914 tantum
3217 860 3476 930 gloriatus
3494 870 3597 920 est,

2027 961 2285 1016 quantum
2319 951 2369 1004 bi
2411 953 2476 1005 de
2527 952 2864 1006 contumeliae
2910 967 2974 1007 ac
3025 953 3334 1022 ignominiae
3384 951 3594 1014 verbis,

2030 1041 2204 1108 iisque
2256 1043 2590 1110 majestatem
2644 1043 2921 1114 Unigeniti
2969 1044 3445 1109 subvertentibus,
3479 1057 3598 1097 sese

2020 1133 2226 1203 jactant
2259 1131 2281 1187 ?
2312 1134 2447 1188 Num
2484 1136 2720 1188 cessabis
2755 1151 2860 1189 non
2904 1137 3250 1190 exsisteutem
3310 1135 3592 1205 appellare,

2025 1240 2056 1277 ο
2086 1226 2265 1293 impie,
2306 1240 2456 1290 eum,
2500 1227 2588 1295 qui
2625 1242 2750 1281 vere
2790 1227 3031 1290 exsistit,
3069 1227 3159 1296 qui
3203 1227 3321 1280 l‘ons
3347 1229 3467 1279 vitae
3491 1233 3592 1286 est,

2024 1317 2114 1383 qui
2155 1318 2404 1372 omnibus
2439 1333 2556 1388 qua:
2606 1329 2730 1372 sunt
2767 1328 2959 1371 auctor
3008 1327 3089 1371 est
3124 1327 3180 1371 ut
3229 1319 3336 1372 sint
3372 1316 3509 1384 ?qui
3541 1316 3592 1368 in

2023 1411 2147 1462 dato
2187 1410 2253 1461 ad
2281 1425 2434 1463 suum
2461 1425 2676 1463 servum
2704 1409 2944 1480 Moysem
2992 1424 3273 1480 responso,
3293 1408 3594 1478 appellatio-

2023 1515 2143 1553 nem
2173 1501 2277 1556 sibi
2308 1501 2579 1570 propriam
2616 1513 2776 1570 atque
2815 1501 3102 1555 mteruitati
3139 1515 3249 1554 sua:
3276 1499 3592 1553 convenien-

2023 1602 2126 1644 tem
2166 1593 2392 1661 invenit,
2421 1609 2542 1648 eum
2592 1595 2682 1663 qui
2717 1604 2818 1660 est,
2847 1593 3081 1661 seipsum
3112 1591 3444 1646 nominans?
3476 1587 3589 1660 Ego

2019 1687 2174 1749 enim,
2211 1685 2403 1752 inquit,
2437 1703 2553 1738 sum
2586 1688 2677 1752 qui
2718 1702 2832 1739 sum
2849 1684 2916 1738 ⁸ο.
2941 1687 3116 1753 Atque
3154 1685 3266 1738 haec
3317 1697 3474 1738 nemo
3497 1697 3591 1736 ne~

2015 1778 2221 1844 gaverit
2255 1777 2306 1830 in
2342 1792 2567 1846 persona
2600 1778 2808 1832 Domini
2863 1778 3002 1832 dicta
3048 1778 3237 1841 fuisse,
3273 1790 3432 1830 nemo
3484 1777 3591 1829 uti-

2014 1881 2137 1932 que,
2163 1867 2284 1933 nisi,
2305 1870 2432 1922 dum
2453 1870 2683 1939 Moysem
2706 1867 3145 1939 legit,.|udaicum
3169 1868 3414 1922 velamen
3437 1867 3586 1922 cordi

2010 1970 2106 2009 suo
2138 1957 2445 2026 impositum
2494 1960 2688 2013 habeat
2713 1961 2775 2014 “.
2817 1958 3090 2028 Scriptum
3123 1967 3205 2013 est
3244 1959 3409 2025 enim,
3445 1959 3587 2026 quod

2010 2048 2160 2100 visus
2201 2058 2285 2102 est
2339 2047 2507 2120 Moysi
2561 2051 2782 2120 angelus
2831 2051 3038 2104 Domini
3087 2051 3140 2104 in
3181 2051 3316 2104 rubo
3364 2050 3418 2102 in
3469 2050 3587 2119 igne

2009 2137 2259 2194 ﬂammae.
2291 2140 2418 2208 Sed,
2449 2151 2732 2212 postquam
2760 2144 3006 2213 angelum
3033 2144 3085 2198 in
3126 2143 3432 2198 narratione
3451 2156 3588 2212 pra!-

2011 2232 2187 2299 posuit
2219 2231 2514 2302 Scriptura,
2563 2233 2654 2288 Dei
2687 2250 2869 2288 vocem
2918 2237 3214 2305 subiungit.
3247 2237 3390 2290 Dixit
3417 2238 3578 2303 enim,

2012 2325 2203 2393 inquit,
2233 2322 2401 2395 Moysi
2427 2344 2443 2381 :
2471 2327 2582 2397 Ego
2607 2345 2721 2381 sum
2759 2329 2894 2400 Deus
2917 2331 3078 2397 patris
3102 2331 3457 2384 tuiAbra/mm
3503 2333 3581 2398 ";

2010 2417 2249 2490 Etpaulo
2272 2431 2392 2490 post
2423 2436 2638 2476 mrsns:
2664 2420 2773 2490 Ego
2795 2439 2907 2475 sum
2934 2422 3023 2492 qui
3041 2439 3158 2476 sum
3189 2424 3250 2475 ⁸³.
3273 2422 3404 2490 Quis
3425 2423 3586 2493 igitur

2012 2512 2148 2566 idem
2181 2525 2233 2566 et
2261 2513 2486 2583 angelus
2515 2523 2566 2568 et
2591 2514 2732 2568 Deus
2762 2513 2785 2567 ?
2819 2514 3004 2567 Nonne
3027 2515 3138 2579 ille,
3165 2515 3230 2568 de
3258 2530 3364 2585 quo
3395 2517 3584 2570 didici-

2012 2617 2151 2666 mus,
2180 2605 2319 2672 quod
2355 2614 2576 2658 vocatur
2613 2620 2806 2658 nomen
2832 2606 2999 2673 ipsius
3029 2608 3200 2675 magni
3233 2606 3442 2660 consilii
3473 2605 3584 2659 An-

2012 2694 2162 2761 gelus
2187 2691 2271 2746 “tl
2301 2695 2410 2764 Ego
2441 2696 2655 2761 quidem
2689 2712 2791 2748 non
2815 2696 2976 2766 254
2993 2709 3120 2766 puto
3143 2713 3277 2765 opus
3308 2714 3429 2753 esse
3465 2701 3582 2767 plu-

2013 2785 2160 2839 ribus
2188 2787 2252 2839 ad
2289 2785 2822 2850 demonstrationem,
2849 2787 2940 2840 sed
2972 2787 3389 2842 admonitionem
3420 2790 3579 2844 Cbri-

2012 2876 2083 2931 sti
2141 2875 2445 2930 amantibus
2492 2877 2736 2931 sullicere
2769 2893 2782 2928 :
2819 2878 2886 2932 iis
2938 2893 3085 2939 vero,
3126 2881 3216 2947 qui
3251 2882 3430 2935 curari
3471 2897 3577 2937 non

2013 2976 2258 3034 possunt,
2292 2967 2491 3020 nullum
2548 2967 2970 3020 emolumentum
3011 2968 3246 3023 arbitror
3292 2984 3356 3024 ex
3397 2973 3579 3026 multi-

2013 3057 2195 3110 tudine
2218 3072 2403 3130 eorum
2425 3073 2542 3127 quae
2560 3060 2884 3124 dicerentur,
2914 3075 3279 3116 accessurum.
3299 3062 3452 3120 Nam.
3475 3071 3577 3122 etsi

338 3143 430 3195 καὶ
484 3143 706 3214 ὕστερον
739 3145 953 3213 ἐγένετο
978 3146 1081 3215 τὴς
1133 3146 1372 3216 μεγάλης
1416 3145 1606 3217 βουλῆς
1635 3149 1893 3218 Ἀγγελος

2021 3158 2200 3219 postea
2229 3149 2402 3204 factus
2449 3159 2532 3203 est.
2575 3151 2751 3219 magni
2780 3151 2987 3206 consilii
3018 3153 3273 3222 Angelus,
3303 3164 3478 3213 tamen
3513 3177 3579 3214 ne

337 3233 448 3286 ἀλλ’
471 3234 589 3288 οὐδὲ
619 3235 879 3306 πρότερον
917 3236 1146 3304 ἀπηξίου
1193 3237 1290 3307 τὴν
1338 3238 1429 3289 τοῦ
1466 3239 1696 3306 ἀγγέλου
1739 3258 1909 3310 προσ-

337 3327 582 3398 ηγορίαν.
625 3328 698 3380 Οὐ
735 3328 842 3399 γὰρ
873 3327 981 3398 (50)
1037 3328 1267 3382 ἐνταῦθα
1301 3329 1458 3398 μόνον
1486 3331 1788 3401 εὑρήσομεν
1820 3334 1909 3385 τὸν

340 3420 541 3490 Κύριον
571 3419 726 3490 ἡμῶν
761 3421 852 3472 καὶ
886 3420 1114 3487 ἄγγελον
1140 3421 1234 3473 καὶ
1265 3420 1394 3472 Θεὸν
1423 3421 1529 3473 ὑπὸ
1566 3422 1665 3491 τῆς
1687 3423 1908 3493 Γραφῆς

336 3513 704 3582 ὀιομασθέντα
730 3529 742 3540 '
796 3511 930 3564 ἀλλὰ
969 3513 1057 3564 καὶ
1106 3508 1315 3574 Ἰακὼϐ,
1347 3513 1443 3580 τὴν
1481 3513 1742 3566 ὀπτασίαν
1790 3518 1908 3578 ταῖς

336 3604 548 3671 γυναιξὶ
580 3603 952 3673 διηγούμενος,
990 3603 1120 3672 φησί
1140 3621 1151 3633 ·
1184 3601 1293 3656 Καὶ
1322 3602 1450 3656 εἷπέ
1469 3622 1570 3671 μοι
1593 3605 1624 3657 ό
1651 3605 1906 3674 ἅγγελος

336 3697 441 3750 τοῦ
483 3697 628 3750 Θεοῦ
649 3713 661 3725 ’
695 3698 784 3749 καὶ
805 3695 918 3764 μετ’
946 3696 1100 3763 ὀλίγα
1129 3696 1276 3766 παρὰ
1303 3695 1395 3747 τοῦ
1424 3696 1586 3748 αὐτοῦ
1607 3698 1738 3767 (51)·
1767 3698 1906 3768 Ἐγώ

333 3790 448 3856 εἰμι
474 3791 506 3840 ό
537 3786 679 3850 Θεὸς
717 3789 748 3840 ὀ
778 3781 979 3854 ὀφθείς
1006 3800 1104 3839 σοι
1135 3785 1204 3837 ἐν
1232 3783 1310 3850 τῷ
1337 3787 1496 3850 τόπῳ
1550 3783 1614 3842 οὗ
1645 3786 1904 3857 ἧλειψάς

327 3895 428 3945 μοι
467 3877 592 3930 ἐκεῖ
622 3875 878 3944 στήλην.
922 3876 1110 3928 Καίτοι
1160 3878 1275 3928 ἐκεῖ
1319 3877 1408 3929 ἐπὶ
1457 3877 1555 3947 τῆς
1598 3879 1796 3949 στήλης
1827 3879 1904 3949 τῷ

345 3967 536 4021 ’ἰακὼό
583 3969 828 4041 εἴρηται·
870 3967 1008 4036 Ἐγὼ
1049 3969 1263 4034 Κύριος
1293 3971 1323 4021 ὁ
1357 3969 1499 4033 Θεὸς
1543 3971 1783 4040 Ἀϐραὰμ
1801 3969 1904 4022 τοῦ

332 4061 553 4127 πατρός
565 4076 700 4123 σου,
714 4061 808 4112 καί
828 4062 859 4112 ὁ
876 4058 1018 4124 Θεὸς
1042 4058 1245 4114 Ἰσαάκ
1262 4060 1391 4128 (52).
1408 4061 1465 4113 Ὀ
1477 4061 1651 4112 τοίνυν
1668 4061 1900 4114 ἐνταῦθα

333 4151 558 4219 ἄγγελος
590 4150 896 4221 εἰρημένος,
957 4143 1110 4212 οὗτος
1153 4151 1268 4202 ἐκεῖ
1297 4150 1442 4217 λέγει
1483 4150 1900 4220 πεφανερῶσθαι

405 4333 448 4362 ⁸ο
485 4333 647 4384 Exod.
680 4349 761 4395 ιιι,
793 4334 876 4386 Μ.
999 4336 1040 4364 ⁶¹
1075 4333 1116 4387 ll
1156 4333 1280 4386 Cor.
1313 4347 1394 4397 ιιι,
1430 4334 1511 4388 l5.

333 4402 378 4434 “
413 4402 538 4455 ibid.
574 4403 676 4456 13;.
750 4405 790 4433 ⁸⁷
823 4403 954 4456 Gen.
992 4419 1174 4466 xxvm,
1214 4403 1297 4456 15.

1604 4334 1648 4364 ⁸³
1678 4331 1846 4386 Exod.
1869 4347 1945 4396 ιιι,
1963 4331 2012 4384 6.

2014 3242 2163 3308 prius
2213 3240 2429 3310 quidem
2479 3242 2871 3312 dedignabatur
2917 3244 3090 3311 angeli
3136 3246 3576 3314 appellationem.

2011 3329 2126 3382 Non
2153 3332 2296 3384 enim
2326 3332 2413 3386 hic
2439 3333 2608 3386 solum
2634 3333 2969 3388 invenieu'ms
2995 3335 3276 3390 Dominum
3312 3351 3578 3408 nostrum,

2010 3433 2066 3476 et
2099 3423 2346 3492 angelum
2379 3434 2432 3478 et
2470 3423 2636 3478 Deum
2674 3441 2701 3477 ιι
2760 3424 3033 3494 Scriptura
3068 3428 3400 3486 nominatum
3437 3451 3449 3486 :
3481 3438 3576 3488 sed

2007 3513 2175 3570 Jacob
2209 3517 2531 3579 etiam,cum
2566 3517 2824 3569 visionem
2853 3517 3166 3574 mulieribus
3188 3532 3451 3588 narraret,
3471 3526 3572 3580 ait:

2011 3600 2077 3653 Et
2105 3603 2240 3655 dixit
2288 3604 2418 3656 mihi
2459 3605 2671 3672 angelus
2709 3604 2801 3657 Dei
2836 3606 2899 3658 ⁵⁵.
2938 3605 3002 3658 Ει
3036 3618 3154 3675 post
3181 3623 3349 3676 pauca
3379 3613 3447 3667 ab
3477 3628 3572 3669 eo-

2007 3693 2126 3745 dem
2182 3695 2468 3748 audimus:
2509 3694 2620 3764 Ego
2662 3713 2777 3748 sum
2819 3697 2955 3748 Deus
2989 3700 3078 3765 qui
3125 3702 3345 3767 apparui
3380 3703 3474 3756 tibi
3519 3705 3590 3758 in

1968 3818 1976 3824 η
2007 3784 2141 3849 loco,
2189 3785 2275 3836 ubi
2305 3787 2502 3838 unxisti
2533 3787 2660 3838 milii
2694 3788 2802 3839 illic
2858 3789 3152 3842 columnam
3171 3791 3236 3847 “.
3265 3791 3426 3863 Atqui
3464 3794 3573 3850 illic

2005 3875 2537 3942 prmsenterolunma
2578 3877 2645 3932 ad
2671 3875 2836 3932 Jacob
2865 3878 3063 3932 dictum
3094 3887 3213 3933 est:
3249 3880 3360 3950 Ego
3393 3881 3572 3936 Domi-

2007 3981 2102 4016 nus
2141 3966 2281 4019 Deus
2308 3967 2570 4020 Abraham
2608 3971 2772 4034 patris
2809 3971 2906 4032 tui,
2939 3981 2985 4022 et
3015 3969 3153 4023 Deus
3185 3969 3342 4025 Isaac
3369 3973 3433 4027 ⁸⁷.
3466 3975 3568 4039 Qui

2005 4058 2186 4125 itaque
2214 4058 2302 4112 hic
2329 4056 2553 4126 angelus
2592 4059 2768 4112 dictus
2803 4069 2907 4122 est,
2941 4059 2984 4114 is
3015 4061 3122 4115 illic
3167 4062 3297 4116 dicit
3344 4065 3572 4119 manife-

2008 4159 2204 4201 statum
2235 4164 2294 4201 se
2321 4147 2487 4202 Jacob
2514 4150 2888 4215 fuisse.Quare
2917 4162 3247 4221 compertum
3277 4162 3362 4208 est
3389 4158 3567 4209 omni-

2137 4332 2180 4362 ⁸³
2215 4331 2344 4384 ibid.
2384 4332 2468 4384 14.

2578 4332 2622 4361 ⁸³
2657 4333 2757 4384 lsa.
2803 4347 2877 4396 ix,
2907 4333 2958 4384 6.
3061 4333 3259 4388 “Gen.
3301 4353 3444 4398 xm,
3477 4339 3562 4391 Η.

405 4517 516 4590 (ei)
552 4517 911 4590 énliquiuduo
956 4517 1078 4590 libri
1111 4515 1456 4590 γεγενῆσθαι,
1489 4526 1544 4570 et
1573 4517 1645 4570 ita
1684 4530 1896 4585 quoque

2013 4515 2224 4590 giturﬁv
2259 4512 2422 4590 ςρλογ),
2451 4511 2644 4590 πυρός,
2671 4515 2742 4590 Δἑιι
2779 4515 2995 4580 ﬂamma
3039 4516 3191 4590 ignis.
3219 4515 3334 4590 Sed
3365 4517 3414 4568 in
3443 4516 3564 4590 γυι-

332 4591 384 4644 in
416 4587 530 4653 ipso
556 4587 799 4639 Eunomii
839 4601 1005 4652 opere
1032 4588 1244 4651 legitur.

412 4658 529 4779 (9.5)
549 4656 680 4724 Reg.
707 4667 931 4736 quartus
947 4654 1162 4736 ὕϐρεως
1185 4659 1278 4708 καὶ
1298 4655 1570 4718 ἀσεϐείας.
1602 4653 1892 4723 Aliquanto

412 4741 450 4779 st
488 4729 506 4779 Ι
535 4744 617 4779 εει.
649 4738 835 4779 tertius
866 4727 1201 4779 Μονογενουε
1232 4726 1642 4779 ὲπαγάλλοιντο.

332 4726 450 4798 post
488 4726 617 4795 Reg.
649 4726 1201 4798 tertiusiMovoyevoD;
1232 4726 1642 4798 énaydnowto:

399 4799 512 4870 (‘26)
545 4792 696 4870 Etl_iti_
735 4797 934 4870 e‘tuduo
963 4792 1090 4870 mss.
1135 4799 1199 4850 ὲκ
1230 4792 1518 4870 προσώπου
1544 4793 1637 4870 τού
1667 4792 1823 4857 Θεοῦ,
1853 4810 1888 4870 _e

328 4861 550 4938 persona
605 4866 717 4918 Dei.
750 4866 852 4917 Alii
897 4866 1132 4938 quinque
1165 4861 1294 4938 mss'.
1353 4868 1422 4938 ὲκ
1455 4861 1747 4938 προσώπου
1785 4863 1880 4938 τοῦ

329 4934 555 5008 Κυρίου,
590 4953 616 4989 e
653 4951 883 5008 persong
906 4934 1138 5008 Domini,
1167 4937 1218 4987 id
1246 4945 1347 4999 est,
1383 4934 1651 4997 Verbi,-et
1688 4934 1758 5008 ita
1803 4935 1878 4986 le-

328 5003 480 5078 ςιπὶιι
511 5003 796 5078 interpres.
839 5003 972 5078 Ut_ut
1006 5007 1142 5078 haec“
1165 5015 1307 5078 sunt,
1344 5020 1516 5078 nemo
1532 5012 1639 5063 est,
1663 5005 1878 5078 opinor,

329 5073 414 5141 qui
457 5078 568 5129 haec
593 5075 881 5141 Seripturae
906 5074 1020 5125 loca
1047 5090 1074 5125 a
1114 5075 1306 5128 Basilio
1333 5077 1396 5126 de
1420 5073 1554 5127 Filio
1573 5073 1743 5137 accipi
1773 5088 1875 5124 non

328 5149 521 5198 videat.
561 5145 758 5214 Ibidem
779 5143 906 5197 editi
935 5143 1034 5214 τῆς
1060 5143 1244 5199 αὐτοῦ.
1287 5143 1506 5198 Veteres
1539 5142 1777 5211 quinque
1823 5143 1890 5194 li-

325 5218 404 5270 bri
437 5213 652 5268 ἑαυτοῦ.

397 5284 508 5356 (27)
535 5284 758 5356 Etlttiet
792 5284 964 5356 nostri
991 5299 1121 5356 mss.
1170 5285 1230 5356 ἐι
1251 5284 1386 5355 πυρὶ
1419 5280 1720 5356 φλογόςέρη
1764 5280 1882 5356 igua

325 5349 571 5422 ﬂanmiw,
593 5365 647 5407 et
676 5355 749 5407 ita
777 5355 979 5416 editum
1003 5354 1309 5406 invenimus
1331 5349 1478 5421 apud
1516 5349 1687 5422 LXX,
1720 5363 1775 5402 et
1809 5351 1880 5403 ita

325 5421 536 5491 quoque
563 5423 737 5489 legere
761 5421 1004 5476 Justinus
1036 5435 1241 5493 martyr
1261 5425 1508 5493 adversus
1531 5421 1879 5493 Tryglzouem,

326 5487 379 5562 et
408 5487 659 5562 Cyrinus,
704 5507 759 5545 ιιι
789 5494 972 5546 videre
1001 5504 1085 5544 est
1125 5487 1193 5545 ιη’
1215 5494 1357 5546 nmis
1395 5487 1878 5562 Nobilii.‘Vulgata

325 5560 512 5615 Latina
539 5563 719 5616 Exodo
743 5578 827 5626 ιιι,
850 5563 906 5624 ‘2,
928 5563 984 5614 in
1017 5564 1235 5631 ﬂamma
1264 5564 1421 5630 ignis,
1441 5571 1495 5614 et
1527 5564 1596 5612 ita
1632 5560 1879 5625 legerunt

328 5633 476 5684 ιιιιιΙιί
513 5649 578 5684 ex
607 5634 864 5700 antiquis,
895 5643 952 5684 ut
981 5634 1048 5692 is.
1075 5647 1235 5700 quem
1275 5635 1432 5684 modo
1461 5633 1594 5693 dixi,
1634 5631 1872 5700 vit-Aeru-

323 5704 620 5766 ditissimus
651 5697 850 5755 monet.
880 5702 934 5753 ιιι
982 5697 1132 5755 Actis
1171 5702 1530 5768 apostolorum
1557 5714 1649 5763 ιιι,
1678 5697 1766 5762 ⁸50,
1802 5699 1874 5750 le-

636 5793 908 5854 ΡΑι-ιιοι..
955 5793 1073 5856 Gn.
1121 5793 1354 5854 XXIX.

1999 4583 2120 4654 gata
2154 4583 2367 4654 Latina,
2398 4584 2453 4634 in
2490 4585 2631 4654 igne_
2656 4583 2884 4649 ﬂamma:
2917 4599 2934 4634 :
2980 4586 3063 4636 cui
3109 4587 3324 4638 lectioni
3369 4587 3566 4643 multos

1996 4651 2447 4725 codicesjavere,
2475 4666 2541 4725 ex
2591 4651 2939 4725 '[estaiiieiitgi
2984 4654 3272 4708 Oxoniensi
3331 4659 3564 4725 perspici

1997 4730 2193 4792 petest.
2228 4721 2359 4792 ﬂeg.
2383 4723 2710 4792 (tertiusq'sn‘t
2732 4721 2831 4788 τῆς
2859 4719 3042 4788 βάτου.

2069 4789 2178 4861 (28)
2243 4789 2395 4859 Regii
2442 4792 2548 4843 duo
2593 4790 2714 4844 libri
2771 4791 2864 4842 καὶ
2931 4793 3181 4860 ἄγγελος.
3211 4791 3412 4848 Vocula
3473 4796 3568 4849 καί

1995 4861 2148 4915 abest
2189 4875 2216 4912 a
2248 4861 2498 4928 vulgatis.

2060 4929 2172 5001 (99)
2192 4930 2424 5001 _Antiqui
2449 4929 2707 5001 duolibri
2742 4929 3052 4999 λεγομένων
3081 4931 3350 4999 γίνεσθαι..

2079 4999 2325 5072 51))Ει1ἰιί
2358 4998 2494 5072 Οὔτε
2518 5000 2648 5072 γάρ.
2686 5001 2752 5072 At
2779 4998 2904 5053 mss.
2939 5001 3012 5072 υὺ
3044 4998 3173 5072 γάρ.

2079 5007 2325 5062 δυΗςιιιιι
2358 5007 2494 5052 Οῠτε
2518 5007 2648 5069 γάρ.
2686 5007 2752 5051 At
2779 5018 2904 5053 "iss.
2939 5007 3012 5051 υὺ
3044 5007 3173 5072 γάρ.

2056 5007 2166 5139 (Si)
2189 5069 2341 5133 Illud,
2369 5069 2785 5138 καὶμετ¹όλίγα
2806 5069 2964 5139 παρὰ
2979 5071 3084 5123 τοῦ
3104 5072 3312 5136 αὐτοῦ,
3329 5071 3409 5126 sic
3439 5087 3562 5126 ver-

1995 5147 2136 5194 mrat
2183 5141 2472 5206 interpres,
2504 5152 2550 5192 et
2575 5151 2684 5206 post
2725 5156 2899 5210 pauca
2929 5141 2992 5192 de
3043 5146 3222 5193 cadent
3248 5159 3268 5196 :
3294 5157 3453 5210 quam
3481 5143 3562 5193 in-

1995 5210 2432 5276 terpretationem
2464 5225 2569 5262 non
2603 5210 2838 5274 probans
2867 5209 3244 5274 Combelisius,
3279 5209 3358 5264 sic
3393 5213 3558 5264 inter-

1991 5279 2192 5344 pretari
2251 5279 2458 5338 maluit,
2514 5281 2732 5346 ipsomet
2773 5280 3012 5347 loquente
3053 5289 3102 5330 et
3155 5297 3187 5331 a
3233 5296 3308 5332 se.
3337 5278 3458 5344 Vix,
3502 5291 3561 5332 ιιι

1991 5349 2119 5400 milii
2145 5348 2362 5418 quidem
2390 5348 2620 5418 videtur,
2658 5347 2890 5401 dubitari
2919 5358 3119 5416 potest,
3153 5349 3282 5418 quin
3311 5350 3413 5402 hoc
3439 5351 3559 5402 loco

1988 5423 2210 5470 verbum
2269 5417 2538 5486 ἀκούομεν
2587 5420 2938 5486 supplendum
2997 5419 3108 5484 sit;
3155 5417 3224 5472 ob
3272 5419 3430 5486 idque
3487 5420 3556 5471 ita

1987 5491 2248 5539 vertimus
2275 5505 2289 5539 :
2321 5485 2392 5539 Et
2438 5485 2554 5553 ppu
2594 5502 2762 5551 pauca
2793 5485 2855 5538 ab
2900 5488 3079 5539 eodem
3111 5485 3377 5541 audimus.
3405 5488 3558 5553 Quod

1987 5572 2106 5626 mox
2143 5558 2404 5624 sequitur,
2429 5549 2491 5608 οὗ
2520 5549 2746 5626 meum;
2773 5571 2902 5626 μοι,
2937 5568 3067 5620 etc.,
3103 5558 3177 5610 ita
3217 5557 3406 5610 Latine
3429 5549 3556 5611 red-

1984 5625 2121 5680 didit
2155 5626 2293 5679 idem
2316 5625 2681 5680 Combelisius
2708 5641 2722 5677 :
2764 5625 2865 5676 Ubi
2893 5627 3094 5680 unaisti
3130 5629 3258 5679 mihi
3285 5627 3514 5685 titulum.

2053 5695 2166 5766 (52)
2189 5695 2407 5765 Antiqui
2438 5697 2544 5751 duo
2563 5695 2686 5749 libri
2716 5697 2811 5747 nl.
2856 5695 3060 5748 Ἰσαάκ.

3161 5788 3239 5850 '20
