3956 6216
400 267 493 319 Cll

1708 266 1767 326 S.
1810 268 2055 327 BASlLll
2100 266 2315 328 .‘llAGNl

3564 280 3676 333 6ῑῖ

401 384 501 436 bus
552 389 606 435 et
643 380 981 448 exploratum
1008 422 1021 443 ,
1059 382 1366 451 ubicunque
1400 382 1542 437 idem
1587 394 1641 439 et
1678 388 1902 455 angelus
1934 406 1962 441 e

2090 389 2166 457 τῷ
2210 389 2423 443 Ἰακώϐ.
2458 391 2626 444 Παντὶ
2658 387 2751 444 οὖν
2793 391 2971 462 δῆλον,
3023 392 3104 445 ὅτι
3152 392 3279 447 ἔνθα
3314 395 3409 448 καὶ
3436 397 3677 466 ἄγγελος

390 476 545 529 Deus
578 472 875 543 appellatus
908 484 1009 539 est,
1039 472 1384 545 Unigcnitum
1420 475 1738 545 signiﬁcari,
1773 493 1894 533 cum
1924 495 1981 533 se

400 566 708 620 hominibus
752 580 848 635 per
908 566 1146 635 singulas
1200 568 1581 637 generationes
1635 570 1977 632 manilestet.

398 662 618 730 suisque
665 660 870 714 sanctis
914 658 1093 713 Patris
1143 659 1357 713 nuntiet
1399 660 1753 716 voluntatem.
1795 662 1981 731 Itaque

396 755 486 824 qui
517 762 571 805 et
617 766 800 807 coram
835 751 1015 822 Moyse
1051 766 1109 806 se
1140 752 1256 823 ipse
1285 768 1407 807 eum
1439 754 1529 822 qui
1557 761 1640 810 est
1666 755 1979 819 nominavit,

396 863 501 901 non
530 847 668 901 alius
696 856 890 915 praeter
920 845 1086 899 Deum
1115 845 1371 911 Verbum,
1399 847 1491 917 qui
1526 856 1646 903 erat
1688 848 1741 901 in
1777 849 1982 919 princi-

396 940 484 1008 pio
518 937 653 1007 apud
681 936 871 1001 Deum,
900 936 1126 1007 intelligi
1160 940 1383 1006 poterit.

466 1029 552 1085 19.
582 1028 687 1083 Sed
713 1028 1049 1097 iniquitatem
1085 1030 1136 1080 in
1170 1029 1444 1083 excelsum
1473 1030 1563 1098 qui
1600 1030 1893 1101 loquuntur
1910 1030 1977 1099 ⁸⁸,

390 1124 550 1179 veriti
570 1139 674 1178 non
709 1132 833 1177 sunt
861 1139 966 1177 non
985 1123 1333 1176 assistentem
1368 1126 1650 1177 nominare
1674 1124 1892 1179 Filium.
1916 1126 1983 1180 Et

391 1216 641 1283 insipiens
662 1216 877 1284 quidem
899 1215 952 1269 in
978 1216 1134 1268 corde
1153 1232 1245 1268 suo
1265 1216 1401 1268 dixit
1427 1229 1445 1268 :
1468 1214 1591 1270 Non
1615 1227 1690 1270 est
1720 1217 1857 1272 Deus
1888 1219 1977 1290 “9.:

391 1307 448 1362 hi
472 1322 601 1363 vero
624 1322 727 1361 non
750 1307 1054 1377 cogitavere
1083 1307 1275 1368 solum,
1294 1308 1386 1361 sed
1415 1307 1576 1362 locuti
1599 1310 1901 1364 suntetiam
1926 1312 1979 1365 in

393 1398 677 1465 pravitate.
697 1398 806 1452 imo
834 1396 1029 1453 futuris
1059 1399 1391 1466 temporibus
1414 1399 1615 1468 scripto
1640 1401 1852 1455 tradere
1875 1417 1978 1455 non

380 1500 670 1556 caverunt,
687 1491 853 1546 Deum
875 1490 989 1545 ausi
1023 1507 1127 1544 non
1146 1492 1495 1546 exsistentem
1526 1507 1740 1547 vocare.
1763 1493 1828 1547 Et
1854 1510 1981 1564 quo—

380 1583 534 1635 niam
564 1595 631 1635 ne
663 1582 809 1651 ipsos
836 1580 1050 1649 quidem
1076 1580 1347 1635 «Ιαειιιοηρε
1371 1581 1553 1635 vident.
1575 1580 1675 1635 hoc
1698 1583 1979 1651 negare",

394 1688 585 1744 nempe
631 1673 798 1728 Deum
850 1687 968 1727 esse
1002 1688 1017 1725 :
1048 1673 1101 1727 hi
1140 1675 1206 1727 ad
1251 1675 1500 1742 superius
1548 1683 1762 1741 tempus
1799 1686 1981 1729 mente

390 1767 617 1832 reversi,
650 1766 759 1823 illic
789 1765 1010 1835 impiam
1039 1781 1193 1820 suam
1218 1766 1569 1831 cupiditatem
1603 1767 1843 1836 esplent.
1868 1781 1973 1820 non
2012 1743 2052 1797 Β

392 1861 556 1916 fuisse
582 1860 874 1930 aliquando
901 1859 1095 1914 Filiqu
1130 1858 1445 1927 blasphemo
1476 1872 1574 1912 ore
1619 1857 1972 1922 aliirmantes,

391 1954 546 2021 quasi
582 1969 681 2011 sua
710 1953 877 2024 ipsius
901 1963 1093 2006 natura
1135 1966 1240 2005 non
1270 1952 1362 2016 sit,
1397 1949 1491 2003 sed
1534 1951 1675 2004 dono
1703 1949 1829 2003 sita
1868 1951 1974 2005 Deo

379 2066 498 2103 esse
532 2046 846 2116 productus.
877 2045 1081 2100 Deinde
1111 2059 1270 2112 quam
1302 2042 1500 2096 Paulus
1522 2042 1587 2096 de
1614 2042 1773 2097 idolis
1795 2043 1971 2096 emisit

391 2154 600 2205 vocem,
633 2138 757 2194 dum
793 2138 868 2191 ait
903 2157 916 2190 :
956 2136 1250 2191 Serviuistis
1284 2136 1348 2188 iis
1376 2134 1463 2205 qui
1494 2143 1685 2186 natura
1709 2149 1813 2187 non
1851 2143 1972 2203 sunt

389 2232 465 2283 dii
487 2231 569 2296 7‘;
598 2238 652 2284 et
681 2227 946 2283 Jercmias
996 2248 1008 2281 :
1056 2224 1121 2278 Et
1171 2228 1482 2293 juraverunt
1519 2240 1611 2292 per
1653 2240 1740 2278 eos
1780 2224 1869 2295 qui
1900 2224 1975 2276 dii

391 2342 496 2379 non
547 2331 671 2378 sunt
698 2322 786 2387 τίς
820 2331 877 2374 et
921 2319 1321 2389 sapientissima
1369 2318 1590 2371 Esther:
1635 2313 1716 2370 Ne
1753 2316 1971 2379 tradas,

393 2414 630 2479 Domine,
652 2420 912 2480 sceptrum
930 2411 995 2464 iis
1013 2411 1102 2480 qui
1136 2425 1240 2463 non
1272 2407 1488 2469 sunt";
1525 2408 1664 2460 hanc
1688 2405 1777 2459 isti
1802 2406 1845 2459 si
1864 2404 1973 2459 Deo

390 2520 523 2561 vero
555 2505 761 2567 dicant,
790 2502 1061 2572 quomodo
1105 2500 1314 2569 possint
1361 2499 1592 2568 amplius
1633 2496 1971 2551 Christiano-

388 2611 508 2650 rum
540 2594 644 2650 sibi
671 2590 1085 2664 appellationem
1126 2589 1249 2660 jure
1283 2588 1564 2642 vindicare
1598 2587 1620 2640 ἲ
1656 2585 1792 2641 Nam
1845 2586 1971 2640 alibi

388 2689 552 2741 etiam
584 2687 726 2743 idem
751 2684 839 2740 ille
863 2682 1170 2752 Apostolus,
1204 2681 1295 2749 qui
1325 2681 1378 2734 in
1410 2680 1613 2746 Spiritu
1654 2679 1746 2733 Dei
1786 2679 1972 2747 loque-

391 2783 570 2844 batur,
602 2792 709 2833 non
737 2776 1064 2831 exsistentes
1091 2772 1326 2844 appellat
1369 2781 1582 2842 gentes,
1609 2770 1751 2841 quod
1791 2779 1974 2824 essent

390 2869 481 2924 Dei
523 2867 832 2937 cognitione
885 2866 1131 2933 privatae,
1171 2877 1293 2916 cum
1350 2863 1469 2914 ait:
1506 2861 1638 2924 Qua:
1696 2875 1800 2912 non
1851 2866 1971 2911 sunt

381 2959 540 3028 elegit
574 2958 714 3011 Deus
743 2956 810 3012 “.
842 2953 1004 3022 Nam,
1051 2953 1306 3020 quoniam
1342 2951 1476 3005 Deus
1508 2959 1608 3013 est,
1641 2950 1730 3020 qui
1772 2958 1876 3015 est,
1919 2959 1974 3002 et

389 3048 677 3110 veritas,et
699 3046 833 3111 vita,
862 3045 1168 3113 quicunque
1191 3042 1302 3097 Deo
1324 3042 1541 3111 quiest,
1571 3039 1846 3108 conjuncti
1878 3053 1973 3109 per

390 3140 546 3194 ﬁdem
576 3152 681 3192 non
703 3148 852 3200 sunt,
883 3138 975 3191 sed
1009 3150 1105 3191 oer
1128 3150 1285 3188 suum
1318 3135 1461 3188 circa
1498 3132 1786 3188 simulacra
1819 3148 1972 3187 erro-

388 3246 502 3285 rem
525 3230 725 3284 addicti
757 3239 882 3283 sunt
912 3227 1196 3283 mendacio
1219 3242 1325 3280 non
1355 3227 1660 3290 exsistenti,
1685 3224 1830 3295 jure,
1858 3226 1974 3292 opi-

385 3338 507 3386 nor,
542 3331 763 3392 propter
796 3320 1043 3376 veritatis
1076 3319 1536 3390 privationem,et
1563 3332 1593 3371 a
1630 3317 1738 3371 vita
1767 3318 1973 3370 aliena-

387 3416 609 3478 tionem,
642 3431 749 3471 non
782 3414 1112 3469 exsistentes
1141 3410 1390 3483 appellati
1420 3422 1566 3464 sunt.
1596 3409 1703 3465 Sed
1723 3418 1776 3463 et
1799 3407 1971 3480 Ephe-

386 3506 482 3561 siis
510 3522 631 3562 cum
670 3505 955 3569 scriberet,
983 3518 1078 3559 eos
1119 3518 1216 3573 per
1254 3501 1630 3556 excellentiam
1675 3501 1973 3555 nominavit

382 3601 730 3669 pssistentes,
754 3608 1005 3666 tanquam
1047 3597 1139 3667 qui
1171 3596 1244 3662 ei,
1270 3596 1360 3664 qui
1389 3604 1503 3658 est,-
1522 3606 1647 3649 vere
1668 3603 1851 3647 essent
1877 3607 1974 3661 per

385 3692 714 3761 agnitionem
757 3689 1289 3761 conjunctizquippe
1314 3687 1420 3741 ait:
1447 3686 1660 3742 Sanctis
1703 3686 1789 3755 qui
1829 3695 1970 3751 sunt,

384 3791 433 3836 et
461 3780 621 3852 255
638 3781 880 3851 ﬁdelibus
916 3784 968 3834 in
1000 3780 1208 3835 Christo
1238 3778 1458 3832 Jesu".
1487 3777 1578 3831 Sic
1606 3778 1750 3831 enim
1792 3786 1845 3831 et
1881 3777 1970 3842 qui

386 3886 511 3929 ante
545 3890 643 3929 nos
673 3874 823 3929 fuere
855 3874 1214 3937 tradiderunt,
1238 3883 1292 3925 et
1316 3886 1411 3925 nos
1446 3872 1500 3925 in
1529 3869 1768 3939 antiquis
1785 3885 1966 3924 exetn-

388 3969 623 4034 plaribus
651 3966 977 4021 invenimus.
1020 3963 1119 4018 Hic
1140 3976 1319 4018 autem
1353 3975 1419 4016 ne
1446 3975 1506 4015 ea
1538 3960 1780 4029 quidem,
1812 3962 1968 4029 cujus

456 4082 504 4115 ⁸⁸
531 4079 677 4136 Psal.
707 4096 879 4143 uxn,
904 4080 956 4133 8.
1033 4078 1076 4109 ⁸³
1104 4075 1246 4131 Psal.
1280 4076 1466 4143 xm,l.
1540 4074 1586 4106 7°
1614 4071 1730 4129 Jac.
1753 4090 1813 4142 tt,
1849 4074 1935 4131 19.

384 4155 431 4185 ⁷⁵
461 4153 480 4207 l
519 4152 644 4206 Cor.
674 4165 711 4213 ι,
752 4149 842 4203 28.
919 4150 966 4180 ’⁸
1009 4148 1207 4217 Epttes.
1236 4164 1277 4214 ι,
1307 4148 1359 4200 1.

455 4263 568 4388 (55)
593 4261 731 4318 Editi
757 4262 921 4315 Ὥστε
947 4260 1043 4315 καὶ
1067 4260 1181 4314 ἐπί.
1215 4261 1287 4320 At
1316 4260 1422 4313 duo
1449 4272 1579 4313 mss.
1616 4256 1782 4310 ’Ὥστε
1811 4259 1903 4311 καὶ
1934 4261 1961 4311 6

455 4356 498 4388 λ.
554 4335 843 4388 Aliquanto
886 4343 1007 4388 uost
1064 4333 1212 4388 editi.
1247 4331 1329 4383 ὅτι
1378 4330 1478 4383 οὐκ
1524 4328 1663 4381 ἐστι.
1715 4326 1825 4382 Vox
1876 4329 1960 4381 ὅτι

382 4329 498 4391 ἐπί.
549 4329 843 4402 Aliquanto
886 4343 1007 4401 post
1064 4333 1212 4394 editi,
1247 4331 1329 4383 ὅτι
1378 4330 1478 4383 οὐκ
1524 4329 1663 4381 ἐστι.
1716 4329 1825 4382 Vox
1876 4329 1960 4381 ὅτι

323 4444 327 4461 ι
386 4403 1047 4481 dee§t_in__au_tiqt_tioribus
1089 4403 1392 4481 codicibus:
1540 4471 1553 4481 _
1760 4480 1763 4481 ν
1861 4470 1875 4481 _
1913 4470 1960 4481 Η

459 4474 572 4547 (54)
601 4473 753 4538 Illud,
778 4469 1273 4547 εὶςτὸνκατόπιν,
1307 4469 1773 4547 τςίετεηᾶιιιηηεεῑ
1811 4470 1894 4547 ad_
1913 4470 1962 4524 id

390 4538 622 4616 tempus,
662 4556 769 4613 quo
808 4538 1040 4614 primum
1086 4545 1301 4613 genitus
1343 4538 1526 4595 fuerat
1581 4542 1752 4596 Filius
1781 4558 1809 4594 a
1861 4540 1965 4593 Pa-

389 4628 750 4765 Ἰίῗξὸλβόίιὶ
781 4692 836 4737 et
863 4690 1115 4765 recentes
1156 4681 1373 4765 quidam
1393 4694 1540 4765 .mss.
1575 4680 1667 4733 τὸν
1709 4676 1962 4765 Ϊςίὸνῃτοῦ

383 4749 519 4809 Θεοῦ
551 4749 1033 4825 βλασφημοῦντες.
1066 4752 1292 4808 Codices
1320 4749 1653 4819 antiquiores
1703 4752 1796 4804 τὸν
1840 4751 1963 4804 Υἰὸν

421 4828 584 4880 λασω.

387 4828 584 4968 “facii
627 4893 743 4968 illa,
787 4893 875 4965 μὴ
911 4889 1211 4968 παραδῷς,
1268 4898 1557 4968 etc.,_n_on
1619 4891 1964 4968 reperiuptur

387 4958 605 5037 quidem
644 4967 697 5037 in
728 4958 965 5037 editione
991 4958 1256 5037 iliomana
1285 4961 1431 5037 _:_sed
1471 4958 1721 5033 leguntur
1750 4964 1801 5014 in
1827 4958 1961 5015 Vul-

384 5031 531 5108 g'ata,
552 5036 743 5108 Latina
777 5035 870 5108 lib».
891 5034 1094 5108 _Es_tlter
1126 5047 1240 5108 x_tv,
1278 5031 1363 5084 11.

460 5108 572 5180 (57)
599 5104 689 5160 Vir
711 5103 1105 5180 eruditissimus
1143 5103 1366 5180 Duezens
1395 5101 1483 5180 hic
1524 5101 1873 5180 vehementer
1907 5100 1959 5154 in

388 5170 580 5234 licium
616 5176 903 5230 invehitur.
939 5171 1395 5240 Mirorlequidem.
1424 5170 1621 5237 inquit,
1670 5171 1959 5223 audaciam

386 5230 676 5314 aevlﬁ‘potius
705 5245 1086 5313 impudentiam
1110 5230 1285 5304 Beate,
1310 5243 1411 5314 qui
1450 5230 1643 5314 meram
1671 5240 1957 5314 et‘inanem

386 5311 650 5387 argutiam
673 5311 953 5387 essedicit1
977 5328 1095 5382 qua:
1115 5330 1145 5363 a
1168 5313 1514 5387 sanctissimg
1537 5311 1694 5362 Patre
1717 5311 1814 5363 hoc
1844 5312 1958 5362 loco

387 5380 746 5456 proferuntur,
781 5394 887 5456 etc.
922 5380 1035 5456 Par
1062 5393 1180 5436 erat
1212 5381 1438 5456 quidem
1478 5380 1673 5456 Bezaut
1709 5394 1961 5456 reveren-

389 5450 494 5510 tius
520 5459 585 5511 de
638 5455 958 5526 gravissimo
1000 5451 1161 5526 Patre
1208 5462 1370 5519 atque
1409 5451 1720 5526 doctissimo
1757 5450 1902 5526 loqui
1940 5464 1955 5501 :

387 5527 482 5593 sed
506 5527 551 5580 si
586 5520 718 5578 sa'tis
747 5526 1027 5579 habuisset
1062 5523 1214 5593 illius
1256 5521 1722 5593 sententiutnnon
1759 5520 1958 5593 proba-

390 5589 469 5661 re,
498 5593 627 5648 nihil
649 5605 812 5659 esset,
841 5594 1056 5663 Opinor,
1075 5592 1220 5661 quod
1255 5601 1542 5663 tanmpere
1564 5589 1842 5663 objurgari
1868 5589 1960 5643 de-

385 5657 613 5719 buisset.
642 5663 710 5717 Et
734 5657 890 5718 vero'
912 5657 1275 5730 Hieronymus
1311 5657 1717 5730 ipseBasilith
1736 5657 1751 5659 “
1772 5669 1959 5728 petere

389 5737 616 5799 videtur,
647 5745 807 5800 atque
831 5728 1155 5787 sententiam
1179 5732 1294 5801 ejus
1322 5728 1627 5786 confutare.
1643 5728 1770 5798 Ejus
1793 5730 1956 5783 verba

2027 4076 2069 4105 '“
2096 4076 2274 4131 Galat.
2303 4091 2376 4142 tv,
2403 4075 2457 4129 8.

2090 479 2183 531 καὶ
2213 478 2345 543 Θεὸς
2390 480 2418 530 6
2464 478 2626 543 αὐτὸς
2658 482 3113 551 προσηγόρευται,
3141 485 3171 535 ό
3200 484 3516 555 Μονογενής
3554 488 3681 539 ἐστι

2087 570 2432 641 δηλούμενος,
2467 570 2782 643 ἐμφανίζων
2810 573 3003 627 ἑαυτὸν
3032 574 3173 627 κατὰ
3209 576 3406 643 γενεάν
3426 580 3541 640 τοῖς
3582 580 3681 631 ἀν-

2089 662 2345 734 θρώποις,
2382 665 2477 718 καὶ
2506 654 2565 717 τὸ
2598 664 2809 735 θέλημα
2838 666 2930 718 τοῦ
2967 666 3178 737 Πατρὸς
3209 670 3320 730 τοῖς
3349 668 3526 737 ἁγίοις
3548 670 3675 722 ἐαυ-

2088 754 2180 807 τοῦ
2206 755 2557 824 διαγγέλλων.
2585 757 2747 809 ’Ὠστε
2771 758 2865 810 καὶ
2882 757 2972 810 ἐπὶ
2997 758 3110 827 (55)
3127 757 3223 810 τοῦ
3243 760 3525 823 Μωῦσὲως
3540 760 3684 812 ὄντα

2089 848 2279 900 ἑαυτὸν
2310 847 2602 919 ὀνομάσας,
2636 849 2735 901 οὐκ
2766 849 2922 912 ἄλλος
2955 867 3040 913 τις
3075 850 3228 921 παρὰ
3261 851 3352 903 τὸν
3389 850 3525 904 Θεὸν
3570 838 3682 904 A6-

2088 956 2201 1007 γον.
2227 939 2320 993 τὸν
2350 942 2408 993 ὲν
2440 942 2581 1011 ἀρχῇ
2614 940 2743 994 ὄντα
2764 941 2901 1012 πρὸς
2926 933 3017 995 τὸν
3050 943 3205 1007 Θεὸν,
3234 942 3477 1014 νοηθείη.

2158 1030 2244 1086 19.
2284 1031 2420 1085 Ἀλλ’
2443 1033 2493 1085 οἱ
2523 1031 2620 1103 τὴν
2660 1032 2873 1086 ἀδικίαν
2903 1035 2983 1096 είς
3011 1033 3071 1086 τὸ
3114 1033 3247 1103 ὕψος
3271 1034 3564 1097 λαλοῦντες
3601 1034 3681 1103 μὴ

2086 1124 2214 1178 ὄντα
2248 1126 2563 1195 προσειπεῖν
2613 1124 2703 1177 τὸν
2740 1123 2869 1177 Υἱὸν
2910 1127 3010 1177 οὐκ
3041 1126 3396 1195 ἀπώκνησαν.
3444 1128 3564 1179 Καὶ
3614 1127 3682 1178 '0

2082 1215 2198 1285 μὲν
2222 1215 2423 1284 ἄφρων
2436 1216 2505 1268 ἐν
2523 1214 2734 1282 καρδίᾳ
2758 1216 2943 1269 αὐτοῦ
2965 1205 3150 1277 εἶπεν,
3186 1220 3306 1271 Οὐκ
3333 1219 3470 1271 ἐστι
3499 1220 3676 1282 Θεός·

2086 1306 2135 1359 oi
2191 1305 2247 1358 δὲ
2294 1306 2354 1358 οὐ
2388 1306 2743 1377 διενοήθησαν
2788 1306 2968 1378 μόνον,
3005 1306 3142 1360 ἀλλὰ
3175 1306 3269 1361 καὶ
3309 1308 3589 1377 ἐλάλησαν
3620 1310 3681 1361 ἐν

2087 1397 2342 1468 πονηρίᾳ,
2371 1397 2466 1450 καὶ
2495 1400 2680 1469 γραφῇ
2717 1397 3051 1470 παραδοῦναι
3087 1400 3165 1462 εἰς
3195 1398 3285 1452 τὸν
3319 1399 3511 1452 ἔπειτα
3537 1400 3679 1470 χρό-

2084 1505 2173 1540 νον
2195 1489 2255 1540 οὺ
2286 1489 2692 1561 παρῃτήσαντο,
2732 1489 2806 1560 μὴ
2846 1490 2977 1542 ὄντα
3012 1489 3384 1559 τολμήσαντες
3417 1490 3511 1542 τὸν
3534 1489 3679 1542 Θεὸν

2085 1579 2370 1650 ὀνομάσαι.
2404 1574 2512 1631 Καὶ
2538 1580 2724 1648 ἐπειδὴ
2765 1597 2827 1649 γε
2872 1581 3072 1650 ὁρῶσιν
3098 1580 3220 1634 οὐδὲ
3244 1582 3372 1644 τοὺς
3399 1581 3677 1649 δαίμονας

2086 1671 2283 1734 αὐτοὺς
2320 1671 2765 1742 άπαρνουμένους
2791 1672 2852 1725 τὸ
2890 1667 3029 1725 εἶναι
3063 1669 3215 1739 Θεὸν,
3252 1668 3416 1736 οὗτοι,
3454 1673 3536 1735 είς
3577 1674 3677 1724 τὸν

2082 1762 2310 1816 κατόπιν
2341 1760 2451 1833 (54)
2477 1763 2666 1833 χρόνον
2697 1764 3082 1828 ἐπανελθόντες
3114 1763 3193 1835 τῷ
3224 1764 3387 1835 λόγῳ,
3418 1764 3540 1817 ἐκεῖ
3567 1764 3675 1835 τὴν

2082 1855 2251 1926 ἀσεϐῆ
2281 1855 2487 1908 ἑαυτῶν
2506 1856 2799 1927 ἐπιθυμίαν
2824 1855 3226 1927 ἁποπληροῦσι,
3261 1857 3334 1927 μὴ
3366 1850 3510 1908 εἷναί
3533 1871 3673 1907 ποτε

2081 1949 2170 2001 τὸν
2201 1949 2325 2001 Υἰὸν
2356 1948 2799 2020 βλασφημοῦντες
2834 1950 2968 2021 (55),
3009 1950 3085 2012 ῶς
3110 1952 3177 2020 τῇ
3211 1948 3307 2014 μὲν
3332 1945 3531 2000 ἑαυτοῦ
3568 1946 3677 2014 φῦ-

2082 2058 2163 2093 σει
2197 2042 2270 2110 μὴ
2299 2040 2446 2101 ὄντα,
2474 2043 2655 2111 χάριτι
2678 2041 2734 2093 δὲ
2769 2042 2847 2104 εἰς
2872 2042 2932 2095 τὸ
2955 2039 3093 2095 εἶναι
3113 2040 3217 2094 ὑπὸ
3240 2039 3333 2092 τοῦ
3359 2038 3497 2092 Θεοῦ
3524 2055 3674 2106 παρ-

2081 2132 2331 2203 αχθέντα.
2394 2128 2529 2186 Εἶτα
2556 2133 2623 2203 ἢν
2642 2134 2671 2186 6
2700 2132 2911 2196 Παῦλος
2927 2134 3056 2206 περὶ
3084 2132 3192 2186 τῶν
3219 2132 3455 2186 εἰδώλων
3483 2132 3672 2202 ἀφῆκε

2082 2224 2287 2295 φωνὴν,
2338 2223 2529 2277 εἰπών⁹
2579 2224 3017 2279 Ἐδουλεύσατε
3042 2225 3166 2289 τοῖς
3191 2226 3371 2294 φύσει
3400 2225 3494 2293 μὴ
3522 2220 3672 2279 οὖσι

2081 2318 2272 2383 θεοῖς·
2306 2318 2402 2371 καὶ
2438 2319 2467 2370 6
2507 2317 2805 2389 Ἱερεμίαςο
2840 2318 2953 2371 Kal
2988 2317 3278 2387 ὤμνυσαν
3319 2317 3391 2370 ἐν
3420 2316 3550 2381 τοῖς
3583 2315 3668 2386 μὴ

2081 2408 2223 2465 οὖσι
2264 2410 2452 2477 θεοῖς’
2479 2410 2573 2465 καὶ
2604 2414 2637 2482 η
2665 2411 2955 2481 σοφωτάτη
3018 2411 3254 2481 Ἐσθῆρ’
3309 2409 3408 2479 Μὴ
3468 2424 3664 2478 παρα·

2080 2502 2198 2569 δῷς
2226 2501 2359 2574 (56),
2402 2505 2607 2571 Κύριε,
2633 2503 2700 2556 τὸ
2727 2502 3045 2571 σκῆπτρόν
3076 2518 3191 2556 σου
3224 2500 3346 2567 τοῖς
3377 2500 3465 2570 μὴ
3489 2496 3664 2555 οὖσι·

2080 2597 2288 2666 ταύτην
2333 2586 2480 2648 οὗτοι
2515 2594 2643 2664 περὶ
2666 2594 2759 2648 τοῦ
2788 2593 3041 2666 ἀληθινοῦ
3071 2592 3206 2645 Θεοῦ
3245 2592 3514 2656 εἰπόντες,
3544 2592 3669 2654 πῶς

2080 2684 2146 2739 ἂν
2174 2685 2399 2749 δικαίως
2446 2684 2527 2737 ἔτι
2569 2687 2670 2755 τῆς
2712 2682 3053 2754 Χριστιανῶν
3094 2679 3469 2752 προσηγορίας
3506 2696 3668 2749 μετα-

2080 2778 2353 2842 ποιοῖντο;
2401 2777 2512 2829 Καὶ¹
2555 2776 2663 2846 γάρ
2693 2793 2795 2828 που
2846 2775 2939 2828 καὶ
2982 2770 3208 2845 ἑτέρωθι
3238 2775 3267 2826 6
3313 2772 3477 2834 αὐτὸς
3509 2765 3668 2834 οὗτος

2094 2868 2431 2932 Ἀπόστολος,
2454 2870 2483 2922 6
2507 2870 2563 2922 ὲν
2593 2868 2870 2937 Πνεύματι
2901 2866 3034 2920 Θεοῦ
3067 2865 3264 2929 λαλῶν,
3295 2863 3369 2935 μὴ
3389 2865 3522 2917 ὄντα
3547 2864 3669 2918 ὀνο·

2083 2959 2242 3031 μάζει
2273 2961 2341 3014 τὰ
2373 2960 2501 3031 ἔθνη
2524 2959 2612 3012 διὰ
2636 2960 2697 3012 τὸ
2723 2959 2824 3029 τῆς
2848 2956 3102 3028 γνώσεως
3137 2956 3234 3009 τοῦ
3260 2954 3393 3009 Θεοῦ
3432 2954 3669 3024 ὲστερῆο

2081 3049 2224 3112 σθαι,
2285 3050 2478 3111 εἰπὼν,
2513 3049 2595 3101 ὅτι
2648 3049 2725 3103 Τὰ
2766 3045 2850 3117 μὴ
2883 3047 3030 3100 ὄντα
3059 3045 3379 3111 ἐξελέξατο
3411 3047 3445 3098 d
3494 3046 3665 3110 Θεός.

2093 3140 2246 3193 Ἐπεὶ
2289 3139 2397 3210 γὰρ
2435 3139 2510 3192 ὣν
2540 3141 2635 3192 καὶ
2667 3139 2894 3211 ἀλήθεια
2928 3139 3023 3192 καὶ
3070 3135 3183 3208 ζωὴ
3210 3140 3238 3190 6
3265 3136 3416 3199 Θεὸς,
3480 3138 3531 3188 οἱ
3586 3135 3669 3205 τῷ

2079 3231 2198 3301 Θεῷ
2227 3231 2304 3300 τῷ
2331 3230 2445 3285 ὸντι
2498 3229 2574 3302 μὴ
2628 3231 2900 3302 ήνωμένοι
2942 3230 3085 3284 κατὰ
3120 3229 3219 3300 τὴν
3260 3230 3466 3291 πίστιν,
3495 3230 3562 3297 τῇ
3612 3228 3671 3280 δὲ

2080 3323 2389 3395 ἁνυπαρξίᾳ
2421 3323 2516 3376 τοῦ
2562 3322 2793 3393 ψεύδους
2841 3320 3216 3384 οίκειωθέντες
3251 3320 3339 3373 διὰ
3374 3319 3479 3390 τῆς
3533 3320 3670 3390 περὶ

2076 3415 2147 3467 τὰ
2199 3414 2392 3467 εἴδωλα
2438 3414 2665 3485 πλάνης,
2721 3412 2965 3481 εἰκότως,
2997 3411 3170 3486 οἶμαι,
3205 3414 3294 3466 διὰ
3321 3412 3420 3483 τὴν
3462 3412 3669 3483 στέρη-

2082 3525 2167 3562 σιν
2202 3509 2303 3579 τῆς
2336 3507 2613 3578 ἀληθείας,
2644 3509 2739 3561 καὶ
2781 3509 2881 3580 τὴν
2914 3509 3022 3566 ἀπὸ
3059 3508 3159 3577 τῆς
3188 3506 3333 3575 ζωῆς
3362 3506 3669 3577 ἀλλοτρίω-

2080 3617 2185 3666 σιν,
2238 3600 2312 3671 μὴ
2358 3601 2507 3663 ὄντες
2584 3599 3126 3672 προσηγορεύθησαν.
3185 3597 3351 3651 Ἀλλὰ
3398 3598 3498 3650 καὶ
3546 3602 3670 3661 τοῖς

2091 3693 2361 3763 Ἐφεσίοις
2416 3691 2747 3746 ἐπιστέλλων
2804 3692 2879 3755 ὡς
2932 3692 3172 3764 γνησίως
3224 3691 3531 3762 ήνωμένοις
3587 3691 3669 3761 τῷ

2079 3782 2191 3836 ὄντι
2224 3782 2290 3836 δι’
2326 3781 2694 3851 ἐπιγνώσεως,
2718 3780 2877 3844 ὄντας
2892 3781 3090 3844 αὐτοὺς
3111 3780 3420 3845 ἰδιαζόντως
3441 3780 3672 3852 ὠνόμα-

2078 3889 2192 3936 σεν,
2222 3870 2411 3925 εἰπών·
2445 3873 2554 3940 (⁸57)
2581 3873 2706 3936 Τοῖς
2733 3872 2925 3941 ἁγίοις
2942 3871 3065 3935 τοῖς
3095 3866 3259 3934 οὖσι,
3282 3872 3384 3924 καὶ
3414 3871 3672 3936 πιστοῖς

2075 3964 2146 4015 ἐν
2172 3962 2405 4032 Χριστῷ
2448 3964 2673 4031 Ἰησοῦ.
2702 3963 2859 4016 Οῦτω
2885 3961 2994 4034 γὰρ
3020 3963 3114 4016 καὶ
3145 3963 3195 4014 oi.
3232 3960 3338 4033 πρὸ
3365 3961 3527 4032 ἡμῶν
3555 3978 3673 4014 πα-

2560 4077 2603 4106 ⁷²
2630 4076 2827 4130 Jerem.
2863 4090 2916 4140 v,
2951 4074 3001 4128 7.
3130 4074 3175 4112 ⁷³
3208 4073 3401 4128 Esther
3426 4087 3539 4137 XIV,
3572 4074 3666 4128 11.

2070 4268 2198 4312 sunt
2230 4258 2347 4312 haec
2379 4256 2537 4312 initio
2566 4256 2954 4310 Commentarii
2980 4256 3061 4310 sui
3083 4256 3138 4309 in
3176 4255 3349 4325 Epist.
3378 4254 3446 4307 ad
3486 4254 3671 4322 Ephe-

2038 4330 2173 4381 -sios
2198 4344 2217 4381 :
2247 4324 2504 4392 Quidam,
2527 4329 2784 4381 curiosius
2821 4343 2976 4394 quant
3001 4342 3205 4379 neaesse
3226 4324 3339 4384 est,
3368 4336 3557 4392 putant
3595 4342 3671 4385 ex

2000 4422 2040 4475 ι)
2069 4416 2125 4475 eo
2157 4397 2295 4475 quod
2331 4395 2506 4475 Moysi
2556 4399 2753 4475 dictum
2789 4398 2856 4449 sit
2895 4413 2913 4450 :
2944 4395 3401 4475 Hae_c_diees.liliis
3424 4395 3604 4449 Israel
3644 4416 3664 4475 :_

2070 4464 2178 4535 Qui
2197 4480 2299 4526 est.
2340 4464 2485 4519 misit
2514 4482 2620 4530 me,
2652 4469 2812 4520 etiam
2839 4482 2927 4521 eos
2950 4468 3041 4535 qui
3066 4464 3260 4532 Ephesi
3312 4475 3433 4535 sunt
3483 4468 3670 4519 sancti

2067 4534 2112 4591 et
2138 4537 2344 4604 ﬁdeles,
2368 4539 2608 4590 essentia:
2636 4537 2885 4589 vocabulo
2918 4534 3267 4602 nuncupatos.
3304 4534 3370 4588 Ut
3386 4538 3665 4601 quomodo

2067 4627 2099 4659 η
2135 4618 2317 4661 sancto
2347 4609 2538 4673 sancti,
2566 4606 2764 4674 ajusto
2791 4605 2952 4673 justi,
2992 4621 3024 4657 a
3057 4606 3313 4671 sapientia
3340 4606 3611 4673 sapientes
3642 4623 3664 4658 :

2067 4678 2143 4729 ita
2179 4678 2242 4729 ab
2286 4694 2345 4731 eo
2387 4679 2475 4744 qui
2511 4675 2702 4741 est,hi
2735 4677 2826 4745 qui
2857 4687 2978 4729 sunt
3011 4675 3359 4741 appellentur,
3399 4685 3446 4727 et
3491 4674 3663 4743 juxta

2065 4750 2304 4799 eumdem
2337 4748 2647 4811 Apostoium
2674 4747 2896 4814 elegisse
2931 4746 3091 4799 Deum
3124 4762 3185 4797 ea
3213 4762 3330 4807 quae
3346 4761 3448 4814 non
3478 4758 3662 4813 erant,

2068 4827 2123 4868 ut
2169 4820 2461 4871 destrueret
2506 4833 2568 4870 ea
2621 4813 2959 4884 quaerant.
2996 4815 3252 4884 Basiliam
3304 4814 3395 4882 qui
3430 4813 3661 4883 legerit,

2065 4903 2190 4940 eum
2227 4887 2296 4941 ab
2328 4883 2662 4955 Hieronymo
2697 4885 2885 4954 itnpeti
2931 4885 3091 4938 facile
3129 4883 3243 4955 sibi
3278 4885 3661 4953 persuadebit.

2068 4959 2173 5010 Sed
2205 4957 2258 5010 id
2313 4956 2442 5009 facit
2497 4954 2772 5015 modeste.
2823 4956 3152 5023 prudenter,
3205 4954 3603 5023 circumspeae
3644 4973 3662 5008 :

2068 5041 2228 5091 quam
2273 5027 2638 5093 redarguendi
2668 5020 2939 5078 rationem
2978 5022 3180 5078 imitari
3206 5020 3659 5077 debueratBeza.

2064 5095 2378 5151 Fatehimur
2412 5112 2532 5156 nos,
2566 5095 2737 5149 videri
2798 5094 3052 5147 Basilium
3099 5108 3212 5146 rem
3247 5109 3357 5147 non
3391 5093 3523 5145 satis
3566 5104 3663 5143 at-

2067 5168 2325 5220 tendisse.
2384 5165 2735 5219 Arbitramur
2808 5165 2991 5233 itaque
3023 5201 3040 5229 ,
3094 5160 3378 5217 Usserium
3429 5165 3659 5233 set-uti,

2064 5236 2215 5288 Pauli
2275 5235 2343 5288 ad
2391 5236 2655 5303 Ephesios
2713 5230 3008 5303 Epistolam
3057 5235 3371 5287 circularem
3438 5230 3659 5303 fuisse,

2064 5319 2228 5374 atque
2281 5321 2347 5358 ex
2389 5302 2544 5371 aequo
2594 5306 2660 5357 ad
2697 5318 2887 5374 omnes
2918 5303 3260 5374 Asimjurbes
3297 5302 3657 5374 pertinuisse.

2067 5370 2203 5429 llinc
2237 5370 2466 5444 contigit
2487 5383 2545 5427 ut
2567 5373 2888 5443 simpliciter
2915 5372 3175 5444 inscripta
3203 5370 3433 5444 signat;
3464 5370 3661 5444 ἁγίοις

2062 5447 2177 5506 τοῖς
2206 5440 2343 5510 οὖσι,
2373 5440 2430 5499 ut
2476 5458 2598 5497 cum
2636 5440 2947 5497 mitteretur
2972 5444 3040 5497 ad
3077 5442 3240 5495 aliam
3280 5443 3465 5496 urbem
3496 5481 3511 5504 ,
3539 5441 3659 5495 alio

2066 5516 2285 5570 nomine
2320 5515 2734 5569 inscriberetur.
2754 5512 2868 5567 lloe
2895 5514 2948 5566 in
2977 5527 3141 5567 causa
3175 5511 3296 5571 fuit.
3324 5521 3384 5564 ut
3405 5512 3655 5573 videtur,

2065 5601 2164 5639 cur
2202 5585 2403 5639 Marcio
2451 5584 2737 5651 epistolam
2785 5597 2906 5637 eam
2930 5597 3051 5650 quae.
3094 5583 3162 5634 ad
3192 5582 3458 5651 Ephesios
3481 5582 3655 5636 missa

2067 5656 2263 5721 fuerat,
2296 5654 2515 5709 nomine
2555 5652 2804 5721 Epistolze
2840 5652 2906 5705 ad
2947 5652 3291 5707 Laodicenos
3312 5654 3463 5706 citet.
3502 5651 3656 5721 Lege

2067 5723 2456 5781 Tertullianum
2503 5724 2557 5778 in
2589 5723 2914 5807 Margionem
2953 5724 3045 5778 lib.
3083 5737 3136 5783 γ,
3164 5739 3286 5795 cap.
3322 5723 3410 5789 11,
3434 5735 3492 5777 et
3527 5739 3659 5777 rur-
