3956 6216
331 355 436 409 615

1419 353 1791 409 ADVERSUS
1829 353 2194 411 EUNOMIUM
2235 354 2365 410 LIB.
2409 356 2471 409 Il.

3483 357 3586 409 6H

335 469 691 543 ραδεδώκασι,
722 471 815 522 καὶ
851 473 1012 540 ἡμεῖς
1046 473 1103 523 ὲν
1165 475 1269 535 τοῖς
1324 473 1574 535 παλαιοῖς
1609 472 1716 525 τῶν
1762 473 1907 524 ἀντι-

2038 473 2149 526 ervi
2180 471 2384 527 Christi
2417 471 2705 540 participes
2740 479 2869 524 sunt
2903 471 3264 540 appellatione
3297 471 3462 525 Deum
3499 490 3584 525 no-

331 562 559 632 γράφων
582 560 915 630 εὑρήκαμεν.
974 561 1034 612 '0
1060 561 1115 613 δὲ
1146 562 1266 613 οὐδὲ
1293 557 1361 631 ἧς
1390 561 1502 633 (58)
1532 565 1581 616 oi
1614 563 1790 615 δοῦλοι
1812 562 1906 614 τοῦ

333 649 568 722 Χριστοῦ
592 652 962 721 προσηγορίας
997 653 1333 722 μετέχουσιν,
1363 653 1485 706 οὑδὲ
1513 655 1715 724 ταύτης
1746 653 1911 718 ἀξιῶ-

335 759 420 793 σαι
491 740 583 793 τὸν
632 741 764 793 Θεὸν
829 741 983 811 ἡμῶν
1027 742 1314 811 ¹ἠνέσχετο,
1363 743 1500 796 ἀλλὰ
1557 745 1646 797 τὸν
1702 746 1766 797 ὲκ
1816 744 1908 798 τοῦ

336 834 409 903 μὴ
439 833 590 895 ὄντος
622 834 700 894 είς
746 832 805 884 τὸ
849 830 987 886 εἷναι
1031 835 1421 904 παραγαγόντα
1450 836 1550 904 τὴν
1595 835 1792 899 κτίσιν,
1838 835 1910 905 μὴ

2017 570 2190 616 strum
2223 561 2390 615 voluit
2416 562 2776 614 cohonestare
2814 578 2826 612 :
2866 562 2958 613 sed
2989 575 3134 625 eum,
3174 562 3264 630 qui
3301 575 3366 614 ex
3418 560 3588 614 nihilo

2017 653 2084 706 ad
2112 669 2222 705 esse
2249 661 2529 707 creaturas
2557 652 2832 720 produxit,
2882 666 2984 702 non
3022 653 3372 706 exsistentem
3409 651 3591 719 appel-

2019 742 2169 795 lavit.
2203 742 2308 795 Sed
2335 743 2516 809 quivis
2549 741 2674 794 inde
2700 741 2871 809 magis
2899 741 3149 795 didicerit
3193 740 3311 808 ejus
3347 752 3592 796 contem-

2022 842 2198 901 ptum,
2234 833 2373 885 unde
2407 833 2662 885 decorare
2696 845 2756 885 se
2795 831 3078 885 Dominum
3119 831 3359 885 simulat.

333 925 458 977 δντα
496 927 778 995 προσεῖπε.
842 926 1009 978 Πλέον
1073 926 1117 980 δ’
1167 929 1232 980 ἄν
1296 944 1380 990 τις
1436 927 1599 981 αὑτοῦ
1644 929 1741 1000 τὴν
1804 925 2208 995 καταφρόνησιν
2261 925 2599 994 καταμάθοι,
2656 925 2714 990 ἐξ
2749 919 2823 979 ὧν
2863 927 3238 999 προσποιεῖται
3270 925 3426 997 δῆθεν
3453 928 3590 980 ἀπομ-

338 1019 616 1088 σεμνύνειν
663 1020 753 1073 τὸν
783 1019 985 1090 Κύριον
1016 1022 1144 1091 (59).

405 1111 563 1164 ΕΥΝ.
608 1113 682 1163 Οὑ
729 1111 1161 1183 κοινοποιοῦμεν,
1220 1116 1386 1185 φησὶ,
1429 1114 1522 1167 τοῦ
1571 1115 1910 1182 Μονογενοῦς

335 1204 430 1273 τὴν
462 1202 648 1256 οὐσίαν
691 1205 825 1273 πρὸς
854 1204 919 1256 τὰ
951 1205 1013 1256 ὲκ
1059 1206 1132 1275 μὴ
1156 1206 1321 1258 ὄντων
1354 1205 1642 1276 γενόμενα,
1680 1207 1908 1278 ἐπείπερ

334 1297 434 1348 οὑκ
461 1296 618 1348 οὐσία
642 1295 703 1348 τὸ
756 1297 828 1365 μὴ
876 1296 934 1348 6v
960 1313 972 1326 ·
1009 1296 1148 1349 ἀλλὰ
1194 1296 1462 1364 τοσαύτην
1493 1297 1641 1366 αὑτῴ
1673 1297 1908 1368 νέμομεν

336 1389 432 1458 τὴν
461 1387 754 1457 ὑπεροχὴν,
782 1388 912 1457 ὅσην
947 1387 1091 1457 ἔχειν
1121 1390 1416 1457 ἀναγκαῖον
1441 1389 1550 1442 τῶν
1587 1389 1734 1443 ἰδίων
1759 1407 1916 1460 ποιη-

339 1475 523 1546 μάτων
557 1476 647 1528 τὸν
671 1475 924 1546 ποιητήν.

406 1567 553 1617 ΒΑΣ.
589 1564 689 1617 Διὰ
734 1565 842 1616 τῶν
888 1565 1245 1618 κατασκευῶν
1299 1569 1378 1629 εἰς
1410 1565 1567 1618 τοῦτο
1613 1567 1703 1619 τὸν
1761 1565 1915 1634 λόγον

337 1655 697 1728 προαγαγὼν,
759 1655 838 1724 τῷ
897 1658 1099 1727 ῥήματι
1154 1656 1312 1726 δῆθεν
1389 1657 1912 1728 φιλανθρωπεύεται,

335 1741 429 1793 καί
464 1757 614 1809 φησι,
654 1739 728 1809 μὴ
767 1742 1092 1792 κοινοποιεῖν
1125 1741 1262 1810 πρὸς
1294 1740 1361 1792 τὰ
1413 1743 1476 1793 ἐκ
1505 1740 1579 1810 μὴ
1619 1741 1786 1793 ὄντων
1817 1743 1915 1810 τὴν

333 1831 518 1885 οὐσίαν
558 1830 651 1884 τοῦ
695 1831 1055 1898 Μονογενοῦς.
1088 1830 1280 1884 Καίτοι
1329 1834 1376 1884 εἰ
1405 1835 1432 1884 6
1460 1831 1591 1895 Θεὸς
1617 1832 1726 1884 τῶν
1756 1832 1912 1894 ὅλων,

333 1925 420 1978 διὰ
472 1925 534 1977 τὸ
575 1925 868 1996 ἀγέννητος
920 1922 1092 1990 εἶναι,
1131 1927 1434 1993 ἀναγκαίαν
1489 1926 1604 1996 ἔχει
1652 1926 1751 1996 τὴν
1782 1925 1917 1994 πρὸς

335 2017 404 2069 τὰ
457 2017 688 2087 γεννητὰ
722 2016 1099 2087 παραλλαγὴν,
1141 2017 1210 2070 τὰ
1255 2019 1310 2070 δὲ
1361 2017 1598 2087 γεννητὰ
1625 2017 1919 2088 σύμπαντα

337 2107 517 2177 κοινὴν
567 2106 679 2178 ἔχει
743 2108 838 2177 τὴν
889 2111 953 2160 ὲκ
1003 2107 1076 2178 μὴ
1103 2109 1272 2161 ὄντων
1309 2108 1418 2177 (40)
1460 2108 1774 2170 ὑπόστασιν,
1802 2107 1917 2170 πῶς

335 2200 454 2268 οὐχὶ
496 2197 805 2266 ἀναγκαίως
847 2197 1022 2252 ταῦτα
1063 2198 1204 2252 κατὰ
1232 2199 1329 2270 τὴν
1357 2199 1518 2268 φύσιν
1547 2199 1875 2253 συνάπτεται
1903 2215 1916 2263 ;

345 2290 432 2350 Ὡς
462 2291 570 2361 γὰρ
611 2291 729 2342 ἐκεῖ
755 2290 817 2342 τὸ
851 2290 1147 2359 ἀπρόσιτον
1178 2290 1287 2361 (41)
1311 2290 1544 2360 διίστησι
1573 2291 1671 2354 τὰς
1704 2291 1915 2359 φύσεις,

334 2378 506 2443 οὕτως
531 2380 764 2433 ἐνταῦθα
782 2379 842 2432 τὸ
867 2383 1128 2450 ὁμότιμον
1153 2384 1232 2444 εὶς
1256 2382 1451 2434 ταυτόν
1501 2381 1752 2452 ἀλλήλοις
1801 2399 1921 2433 συν-

339 2475 483 2540 άγει.
530 2474 624 2526 Ἐκ
661 2473 736 2543 μὴ
776 2472 944 2526 ὄντων
965 2473 1021 2525 δὲ
1050 2473 1302 2540 λέγοντες
1345 2474 1434 2526 τὸν
1463 2474 1586 2526 Υἱὸν
1613 2473 1706 2526 καὶ
1729 2474 1799 2527 τὰ
1829 2475 1918 2526 ὑπ’

336 2564 499 2616 αὑτοῦ
554 2563 850 2633 γενόμενα,
903 2565 998 2617 κα.)¹
1050 2564 1481 2628 κοινοποιοῦντες
1543 2565 1724 2618 αὐτῶν
1782 2566 1922 2618 κατὰ

336 2655 496 2708 τοῦτο
529 2656 628 2728 τὴν
670 2658 859 2726 φύσιν,
894 2656 954 2708 οὑ
986 2674 1149 2726 φασιν
1177 2658 1366 2728 ὁμοίαν
1401 2657 1550 2728 αὑτῷ
1585 2658 1723 2729 πρὸς
1755 2657 1825 2710 τὰ
1859 2661 1921 2711 ὲκ

343 2748 415 2816 μὴ
453 2746 619 2799 ὄντων
657 2746 853 2800 διδόναι
878 2748 975 2817 τὴν
1009 2748 1214 2801 οὐσίαν.
1246 2749 1355 2801 Καὶ
1379 2749 1485 2818 γὰρ
1519 2744 1585 2801 αὖ
1618 2749 1711 2801 καὶ
1740 2749 1918 2812 τοῦτο,

339 2838 415 2900 ὡς
449 2836 609 2900 αὑτὸς
641 2838 844 2908 Κύριος
866 2838 960 2903 ὣν,
985 2841 1108 2893 ὅσον
1148 2839 1394 2909 βούλεται
1424 2840 1684 2912 παρέχειν
1709 2840 1817 2911 (42)
1846 2842 1924 2912 τῷ

340 2929 634 2996 Μονογενεῖ
681 2929 783 2998 τῆς
831 2930 1016 2996 ἀξίας,
1062 2931 1204 2985 οὑτω
1248 2934 1481 2984 ποιεῖται
1527 2935 1656 2995 τοὺς
1711 2933 1920 3001 λόγους

338 3019 618 3089 Τοσαύτην
663 3021 773 3090 γὰρ
806 3021 953 3091 αὑτῴ
981 3021 1216 3092 νέμομεν
1236 3064 1251 3088 ,
1297 3022 1463 3092 φησὶ,
1499 3025 1600 3093 τὴν
1629 3023 1920 3094 ὑπεροχὴν,

2094 1106 2226 1160 ΕυΝ,
2254 1105 2620 1159 Substantiam
2667 1103 2961 1172 Uuigeniti,
2989 1105 3180 1173 inquit,
3220 1120 3324 1158 non
3360 1105 3590 1162 facimus

2017 1211 2356 1251 communem
2414 1197 2480 1250 iis
2513 1211 2631 1264 quae
2661 1214 2723 1250 ex
2770 1198 2937 1251 nihilo
2981 1198 3118 1251 facta
3185 1206 3332 1250 sunt.
3376 1198 3588 1253 Etenim

2015 1288 2321 1342 substantia
2377 1303 2480 1342 non
2517 1296 2599 1342 est
2633 1289 2774 1354 quod
2821 1305 2925 1343 non
2979 1298 3066 1343 est
3102 1306 3114 1341 :
3155 1291 3246 1342 sed
3297 1298 3498 1344 tantam
3539 1294 3586 1345 (εἰ

2013 1379 2387 1448 praestantiam
2426 1379 2733 1442 tribuimus,
2765 1389 3021 1449 quantam
3063 1394 3285 1434 necesse
3319 1390 3404 1435 est
3429 1397 3589 1436 crea-

2013 1475 2185 1521 torem
2222 1481 2330 1535 prae
2362 1467 2475 1520 suis
2504 1467 2672 1536 ipsius
2701 1469 2966 1522 creaturis
3013 1469 3234 1524 habere.

2093 1557 2216 1611 Bas.
2246 1557 2605 1627 Posteaquam
2635 1562 2972 1629 argumentis
3013 1562 3124 1616 suis
3155 1563 3259 1616 huc
3291 1562 3591 1617 orationem

2021 1649 2262 1710 deduxit,
2292 1649 2578 1703 humanior
2611 1649 2803 1714 factus,
2840 1653 3002 1706 verbo
3025 1652 3251 1717 scilicet,
3281 1655 3354 1706 ait
3378 1668 3435 1708 se
3463 1653 3594 1708 Uni-

2023 1740 2187 1808 geniti
2213 1740 2576 1794 substantiam
2622 1741 2690 1794 iis
2725 1758 2844 1810 quae
2875 1758 2941 1797 ex
2983 1743 3152 1797 nihilo
3186 1754 3330 1807 sunt,
3368 1759 3475 1799 non
3513 1745 3595 1797 fa—

2024 1844 2148 1883 cere
2182 1845 2545 1884 communem.
2577 1831 2737 1900 Atqui
2768 1835 2812 1887 si
2840 1831 2980 1887 Deus
3018 1834 3418 1902 universorum,
3451 1841 3592 1907 qumt

2022 1921 2287 1989 ingenitus
2317 1931 2420 1988 est,
2473 1937 2504 1974 a
2549 1923 2744 1991 genitis
2776 1928 3110 1980 inecessario
3144 1927 3356 1993 differt,
3413 1931 3593 1998 genita

2020 2022 2198 2064 autem
2227 2011 2408 2064 omnia
2439 2026 2786 2066 communem
2815 2014 3014 2068 habent
3037 2032 3100 2071 ex
3139 2018 3308 2072 nihilo
3329 2020 3596 2074 exsisten-

2023 2099 2172 2165 tiam,
2226 2114 2404 2154 nonne
2435 2105 2550 2154 haec
2589 2102 2729 2156 inter
2777 2117 2838 2156 se
2887 2114 3076 2159 natura
3121 2108 3431 2163 necessario
3463 2123 3596 2163 con-

2015 2187 2354 2258 junguntur?
2408 2189 2871 2254 Quemadmodum
2929 2195 3070 2251 enim
3104 2195 3215 2249 illic
3261 2197 3593 2254 inaccessum

2020 2280 2277 2347 quiddam
2337 2279 2570 2350 sejungit
2632 2291 2852 2338 naturas
2907 2303 2919 2336 :
2986 2285 3062 2338 ita
3124 2286 3212 2340 hic
3267 2288 3594 2344 conditionis

2021 2370 2330 2440 asqualitate
2353 2374 2496 2426 inter
2517 2388 2576 2428 se
2597 2373 2648 2426 in
2675 2389 2838 2428 unum
2860 2385 2916 2430 et
2949 2377 3088 2430 idem
3121 2379 3593 2448 colliguntur.Etsi

2023 2463 2168 2516 enim
2197 2463 2390 2516 Filium
2432 2475 2486 2519 et
2509 2479 2572 2520 ea
2607 2481 2727 2535 quae
2759 2467 2827 2520 ab
2849 2468 2964 2536 ipso
2988 2468 3131 2524 facta
3153 2481 3297 2534 sunt,
3331 2472 3515 2528 dicant
3539 2490 3598 2528 se

2023 2569 2088 2608 ex
2121 2554 2306 2622 nihilo,
2332 2571 2629 2626 eorumque
2657 2568 2903 2612 naturam
2937 2562 3233 2616 secundum
3263 2563 3365 2615 hoc
3398 2563 3598 2616 faciant

2026 2661 2390 2710 communem,
2425 2658 2622 2716 negant
2655 2657 2831 2702 tamen
2864 2665 2923 2704 se
2952 2650 3002 2704 ei
3049 2653 3409 2706 substantiam
3441 2655 3598 2708 factis

2024 2751 2089 2790 ex
2128 2738 2296 2791 nihilo
2326 2739 2486 2794 rebus
2512 2740 2745 2794 similem
2781 2742 3041 2798 tribuere.
3077 2743 3210 2798 Nam
3233 2759 3442 2809 rursus,
3475 2755 3596 2799 tan-

2025 2843 2184 2894 quam
2226 2829 2270 2883 si
2308 2830 2422 2898 ipse
2457 2830 2718 2885 Dominus
2741 2833 2834 2897 sit,
2865 2843 2924 2886 ut
2951 2843 3210 2902 quantum
3247 2836 3363 2889 vult
3410 2836 3600 2905 imper-

2028 2921 2126 2974 tiat
2152 2922 2432 2990 dignitatis
2472 2922 2780 2992 Unigenito,
2811 2925 2894 2979 sic
2922 2925 3197 2994 loquitur:
3240 2926 3600 2992 Tantam,in-

2025 3014 2163 3082 quit,
2194 3015 2483 3070 tribuimus
2516 3016 2565 3070 ei
2593 3017 2988 3081 excellentiam,
3015 3027 3219 3088 quanta
3262 3031 3600 3092 necesseest

338 3113 458 3164 ὅσον
487 3113 776 3184 ὑπερέχειν
802 3115 1097 3183 ἀναγκαῖον
1135 3117 1244 3169 τῶν
1294 3118 1440 3170 ἰδίων
1486 3118 1808 3188 ποιημάτων
1832 3118 1919 3170 τὸν

2036 3117 2339 3160 creatorem
2369 3108 2620 3177 proprias
2650 3119 2930 3169 creaturas
2958 3125 3233 3179 superare.
3267 3109 3382 3165 Non
3422 3112 3558 3165 dixit
3583 3131 3596 3166 :

340 3206 587 3275 ποιητήν.
631 3205 742 3257 Οὑκ
767 3200 916 3267 εἷπε,
950 3207 1368 3277 Κατειλήφαμεν
1395 3207 1428 3277 ἢ
1457 3205 1752 3277 δοξάζομεν
1784 3207 1916 3278 (45),

341 3298 415 3359 ὡς
450 3297 543 3349 ἐπὶ
584 3294 719 3348 Θεοῦ
764 3296 1037 3367 προσῆκον
1072 3293 1139 3364 ἦν
1164 3315 1176 3326 ’
1211 3297 1379 3362 ἀλλὰ,
1412 3298 1688 3369 Νέμομεν,
1721 3299 1797 3362 ὡς
1823 3301 1920 3351 αὑ-

341 3389 431 3452 τὸς
459 3390 551 3441 τοῦ
584 3390 782 3460 μέτρου
809 3391 908 3460 τῆς
928 3391 1188 3460 διανομῆς
1212 3392 1518 3462 κατάρχων.
1546 3392 1724 3462 Πόσην
1749 3393 1805 3445 δὲ
1830 3394 1922 3445 καὶ

342 3482 522 3533 δίδωσι
559 3482 654 3550 τὴν
693 3483 996 3554 ὑπεροχήν;
1033 3485 1194 3538 Ὅσον
1224 3486 1508 3555 ὑπερέχειν
1553 3485 1697 3555 (44),
1735 3487 1920 3556 φησὶν,

343 3574 637 3639 ἀναγκαῖον
660 3573 769 3624 τῶν
806 3573 948 3626 ἰδίων
984 3577 1302 3652 ποιημάτων
1335 3576 1426 3627 τὸν
1465 3578 1714 3645 ποιητήν.
1759 3574 1923 3628 Οὔπω

343 3665 498 3717 τοῦτο
533 3666 630 3734 τῆς
658 3664 799 3718 κατὰ
831 3665 930 3734 τὴν
959 3665 1146 3718 οὐσίαν
1179 3667 1440 3737 διαφορᾶς
1480 3667 1580 3737 τὴν
1617 3669 1923 3739 μαρτυρίαν

345 3756 476 3827 ἔχει.
513 3757 824 3828 ’Ἄνθρωποι
858 3759 965 3827 γὰρ
995 3758 1158 3830 τέχνῃ
1195 3759 1292 3828 μὲν
1332 3759 1657 3830 ὑπερέχουσι
1702 3760 1810 3813 τῶν
1844 3764 1924 3814 οἰ-

345 3849 507 3900 κείων
544 3848 738 3920 έργων,
775 3849 1051 3919 ὁμοούσιοι
1099 3850 1156 3902 δὲ
1187 3851 1336 3920 ὅμως
1368 3852 1550 3914 αὐτοῖς
1582 3850 1922 3922 καθεστήκα-

346 3956 461 3991 σιν·
496 3939 570 4002 ὼς
597 3940 625 3990 6
669 3941 948 4010 κεραμεὺς
992 3939 1070 4009 τῷ
1100 3938 1255 4010 πηλῷ
1275 3980 1289 4003 ,
1319 3941 1412 3992 καὶ
1453 3941 1480 3993 6
1511 3939 1786 4009 ναυπηγὸς
1817 3943 1926 4004 τοῖς

346 4030 539 4094 ξύλοις.
578 4028 816 4102 Σώματα
852 4031 960 4104 γὰρ
1000 4031 1201 4103 ὁμοίως
1227 4013 1535 4103 ἀμφότερα,
1573 4031 1667 4084 καὶ
1695 4031 1928 4103 αἰσθητὰ

345 4123 566 4191 ὁμοίως,
589 4123 683 4175 καὶ
704 4124 888 4194 γήινα.

416 4213 504 4265 20.
548 4215 812 4268 Τοσοῦτον
848 4217 904 4268 δὲ
929 4215 1006 4286 τῷ
1039 4217 1152 4286 Υἱῷ
1183 4216 1320 4287 πρὸς
1340 4215 1438 4286 τὴν
1464 4217 1642 4268 κτίσιν
1665 4215 1724 4268 τὸ
1747 4215 1928 4284 διάφο-

353 4319 440 4373 ρον
475 4306 789 4376 συγχωρῶν,
832 4308 931 4378 ἤδη
979 4309 1072 4361 καὶ
1107 4308 1236 4380 περὶ
1274 4308 1445 4380 αὐτὴν
1472 4307 1570 4378 τὴν
1597 4307 1805 4360 ἔννοιαν
1835 4307 1926 4360 τοῦ

350 4395 685 4462 Μονογενοῦς
710 4402 1020 4468 κακουργεῖ.

421 4485 581 4540 ΕΥΝ.
619 4487 716 4540 Διὰ
756 4488 914 4540 τοῦτο
958 4489 1068 4560 γὰρ
1090 4530 1104 4553 ,
1136 4490 1268 4560 φησὶ
1289 4530 1302 4552 ,
1341 4491 1650 4562 Μονογενὴς
1671 4530 1684 4554 ,
1716 4490 1922 4562 ἐπειδὴ,

355 4579 512 4649 μόνος
565 4579 714 4650 παρὰ
756 4580 916 4649 μόνου
945 4583 1011 4650 τῇ
1056 4580 1149 4632 τοῦ
1190 4581 1300 4651 (45)
1354 4582 1648 4652 ἆγεννήτου
1700 4581 1927 4652 δυνάμει

352 4671 630 4742 γεννηθεὶς
656 4673 749 4724 καὶ
792 4672 1049 4734 κτισθεὶς,
1089 4671 1422 4736 τελειότατος
1451 4673 1673 4741 γέγονεν
1712 4674 1930 4744 ὑπουρ-

353 4763 470 4831 γός.

369 4895 461 4934 sus
487 4893 605 4947 cap.
640 4879 727 4933 l7.
785 4876 890 4948 Nec
919 4877 1114 4931 mirum
1147 4878 1192 4932 si
1231 4877 1377 4931 Pauli
1436 4878 1662 4948 epistola
1724 4893 1918 4933 nomen

353 4949 604 5018 Epistolas
666 4949 731 5001 ad
777 4947 1063 5018 Ephesios
1121 4952 1436 5018 retinuerit.
1475 4947 1608 5001 cum
1651 4947 1918 5016 Ephesus,

351 5017 472 5089 quae
505 5019 667 5071 tutius
697 5017 837 5070 Asiae
871 5017 1184 5085 metropolis
1211 5029 1317 5080 est,
1344 5033 1500 5072 suum
1524 5019 1572 5073 ei
1600 5031 1793 5072 nomen
1819 5036 1919 5084 po-

359 5092 466 5145 tius
496 5103 656 5156 quam
687 5089 812 5140 urbs
833 5089 934 5139 alia
955 5089 1100 5156 _t|are
1131 5089 1396 5141 debuerit.

423 5152 535 5230 (58)
567 5158 705 5210 Etliti
744 5157 802 5209 ’0
831 5157 909 5221 δὲ,
949 5152 1036 5227 ἧς.
1072 5158 1293 5226 Antiqui
1334 5173 1429 5210 sex
1461 5155 1582 5210 libri
1621 5156 1678 5209 Ὁ
1721 5157 1780 5210 δὲ
1809 5157 1930 5210 οὐδὲ

392 5265 438 5293 ς.

351 5226 535 5366 ἦ’(39)
565 5297 743 5352 (.odex
771 5312 909 5350 unus
936 5295 1331 5366 ἀποσεμνύνειν
1361 5295 1451 5348 τὸν
1488 5295 1639 5350 Υίόν.

425 5359 536 5440 (40)
566 5369 778 5440 Eilitiet
807 5382 946 5420 unus
977 5383 1078 5420 ms.
1114 5359 1184 5418 εκ
1220 5366 1294 5437 μὴ
1330 5366 1503 5428 ὄντος.
1545 5366 1646 5420 Alii
1692 5368 1929 5437 quinque

356 5436 484 5492 mss.
508 5440 571 5490 ὲκ
603 5438 675 5506 μὴ
707 5436 896 5489 ὄντων.

427 5509 538 5578 (41)
563 5505 673 5569 Illa,
709 5505 948 5578 'chpip,
982 5517 1113 5572 etc.,
1162 5519 1289 5574 puto
1312 5506 1482 5578 accipi
1527 5506 1604 5558 sic
1658 5507 1858 5561 debere
1903 5523 1918 5559 ε

355 5576 810 5643 Quemadmodqu
842 5576 1002 5629 Pater
1026 5587 1080 5630 ct
1114 5587 1380 5630 creatura:
1410 5577 1526 5628 ideo
1551 5583 1743 5628 natura
1780 5578 1925 5632 inter

355 5662 414 5701 se
439 5647 711 5706 ditiorum,
739 5649 879 5714 quod
909 5645 1084 5700 Patris
1116 5657 1310 5698 natura
1339 5647 1643 5698 communis
1659 5661 1779 5700 esse
1814 5661 1922 5699 non

355 5719 523 5786 possit
552 5719 816 5768 creaturis
845 5732 859 5767 :
893 5717 990 5775 ita,
1017 5731 1080 5768 ex
1121 5716 1390 5786 sententia
1435 5715 1920 5778 Eunomianorum,

357 5785 524 5843 Filius
548 5793 602 5841 et
629 5796 894 5841 creaturae
932 5786 1051 5841 ideo
1090 5794 1284 5839 natura
1317 5785 1460 5840 inter
1490 5798 1548 5840 se
1575 5786 1921 5852 convenient,

2025 3194 2397 3264 Concipimus,
2446 3207 2538 3252 aut
2578 3200 2887 3268 opinamur,
2937 3202 3078 3257 sicut
3111 3217 3207 3272 par
3251 3211 3369 3258 erat
3394 3203 3460 3258 de
3491 3203 3600 3258 Deo

2024 3287 2204 3341 dicere
2235 3305 2248 3340 :
2275 3289 2388 3353 sed,
2432 3289 2764 3356 Tribuimus,
2791 3291 2942 3360 quasi
2975 3307 3228 3348 mensura
3261 3292 3601 3349 distributio-

2024 3379 2107 3432 nis
2137 3393 2301 3446 penes
2322 3381 2495 3448 ipsum
2515 3381 2603 3434 sit.
2628 3379 2892 3446 Quantam
2923 3397 3048 3437 vero
3073 3384 3323 3439 concedit
3341 3392 3602 3453 praestan-

2027 3469 2193 3523 tiam?
2220 3471 2448 3538 Quanta,
2477 3473 2684 3542 inquit,
2721 3489 2941 3530 necesse
2993 3483 3075 3531 est
3125 3486 3432 3532 creatorem
3471 3493 3600 3547 pro-

2024 3561 2174 3628 prias
2209 3576 2488 3618 creaturas
2519 3566 2867 3620 antecellere.
2891 3567 3137 3622 Nondum
3171 3569 3276 3623 hoc
3305 3569 3598 3624 diversita-

2027 3660 2134 3707 tem
2159 3655 2476 3710 substantia:
2499 3655 2764 3712 declarat.
2791 3657 3044 3713 llomines
3067 3661 3210 3713 enim
3243 3669 3361 3712 arte
3383 3660 3600 3728 quidem

2027 3756 2288 3814 snperant
2323 3765 2419 3803 sua
2451 3751 2687 3818 ipsorum
2713 3764 2898 3820 opera,
2921 3759 2973 3803 et
3003 3758 3178 3804 tamen
3207 3751 3453 3804 eamdem
3477 3765 3599 3802 cum

2028 3839 2105 3892 eis
2133 3838 2330 3894 habent
2361 3841 2750 3903 substantiam,
2783 3850 2841 3893 ut
2873 3839 3063 3909 ﬁgulus
3103 3855 3223 3894 cum
3255 3840 3390 3904 luto,
3425 3851 3480 3893 ut
3507 3856 3602 3892 na-

2030 3930 2110 3982 vis
2141 3927 2436 3984 fabricator
2456 3946 2578 3984 cum
2613 3930 2792 3998 lignis.
2828 3929 3069 3999 Utraque
3110 3929 3254 3984 enim
3295 3939 3418 3986 sunt
3449 3931 3600 3985 simi-

2031 4017 2153 4074 liter
2185 4036 2439 4090 corpora,
2466 4020 2744 4077 sensibilia
2778 4021 2982 4090 pariter
3006 4030 3060 4075 et
3089 4029 3328 4075 terrena.

2101 4221 2190 4276 20.
2215 4222 2505 4290 Postquam
2543 4235 2720 4276 autem
2759 4222 2896 4276 Filio
2926 4221 3200 4277 concessit
3227 4220 3598 4276 diversitatem

2032 4323 2235 4366 tantam
2273 4330 2302 4367 a
2342 4313 2630 4373 creaturis.
2674 4314 2786 4380 jam
2822 4322 2880 4367 et
2913 4313 2965 4365 in
2996 4314 3164 4382 ipsam
3201 4310 3473 4382 Unigeniti
3506 4328 3603 4367 no-

2035 4405 2232 4459 tionem
2265 4405 2496 4475 maligne
2525 4405 2655 4473 agit.

2105 4494 2239 4549 Eun.
2277 4493 2412 4548 Nam
2454 4495 2678 4560 idcirco,
2716 4494 2914 4562 inquit,
2947 4493 3269 4564 Unigenitus
3304 4503 3420 4559 est,
3465 4509 3602 4565 quo-

2036 4586 2178 4638 niam
2206 4585 2354 4640 solus
2383 4600 2411 4637 a
2444 4584 2560 4639 solo
2580 4585 2820 4652 potentia
2862 4586 3084 4653 ingeniti
3109 4586 3324 4654 genitus
3356 4595 3411 4641 et
3438 4600 3596 4641 crea-

2040 4687 2145 4740 tus,
2171 4675 2597 4744 perfectissimus
2627 4677 2801 4732 factus
2827 4687 2911 4730 est
2946 4678 3213 4732 minister.

2031 4880 2172 4948 quod
2208 4881 2446 4950 ejusdem
2478 4881 2805 4936 conditionis
2827 4880 3120 4947 participes
3146 4880 3274 4936 sint.
3322 4881 3444 4935 Mox
3475 4883 3607 4937 editi

2031 4962 2084 5004 et
2111 4960 2221 5004 tres
2264 4966 2395 5004 mss.
2435 4960 2681 5005 recentes
2711 4951 2959 5020 ἀλλήλοις
3011 4951 3295 5004 συνάπτει.
3330 4952 3437 5005 Alii
3473 4968 3578 5021 qua

2037 5031 2318 5090 tuorimss.
2346 5021 2680 5086 antiquiores
2713 5021 2962 5090 ἀλλήλοις
2994 5022 3237 5088 συνάγει.

2105 5089 2213 5161 (42)
2245 5089 2355 5154 Reg
2441 5101 2662 5161 quartus
2709 5089 2958 5161 παρέχει.
3003 5092 3105 5143 Alii
3133 5105 3420 5161 mss.rcum
3445 5090 3609 5161 editis

2031 5159 2316 5228 παρέχειν,
2350 5168 2519 5228 recte.
2577 5158 2927 5213 Constructio
2975 5161 3118 5212 enim
3171 5160 3606 5228 verborumbans

2029 5226 2150 5282 esse
2181 5226 2344 5298 debet
2378 5247 2389 5281 :
2416 5226 2728 5298 ὣνίΚύριος
2753 5229 3035 5298 παρέχειν,
3062 5245 3186 5298 seu,
3209 5228 3305 5280 τοῦ
3343 5227 3606 5298 παρέχειν

2027 5299 2148 5368 ὅσον
2179 5297 2425 5368 βοὺᾎεται
2445 5297 2522 5367 τῷ
2550 5297 2863 5367 Μονογενεῖ,
2893 5297 3043 5368 quasi
3083 5299 3152 5352 sit
3182 5297 3451 5351 Dominus
3480 5301 3605 5368 _m'-

2029 5367 2214 5420 buendi
2248 5366 2522 5436 Unigenito
2555 5366 2759 5421 tantum
2788 5366 3082 5436 dignitatis,
3121 5379 3373 5434 quantum
3402 5366 3529 5419 vult.

2101 5438 2214 5504 (43)
2250 5438 2444 5490 Verte:
2490 5436 2614 5490 Non
2643 5438 2803 5503 dixit,
2834 5439 3154 5498 concipimus
3194 5448 3285 5490 aut
3335 5437 3604 5504 gloriﬁca-

2023 5523 2158 5560 mus.
2196 5506 2404 5559 MARAN.

2094 5575 2206 5646 (44)
2241 5576 2378 5629 Editi
2415 5577 2547 5646 ὅσην
2577 5576 2883 5647 ὑπερέχειν.
2920 5576 3144 5647 Antiqui
3186 5587 3422 5645 quatuor
3481 5576 3599 5629 libri

2022 5645 2164 5698 ὅσον.

2097 5714 2212 5788 (45)
2254 5715 2713 5788 Regiisecundus
2767 5727 2820 5770 et.
2877 5718 3066 5772 tertius
3102 5717 3290 5788 ἐπειδὴ
3341 5716 3600 5788 μόνος-τῇ

2024 5785 2114 5839 τοῦ
2147 5802 2159 5838 :
2195 5784 2367 5851 'quam
2415 5786 2700 5841 lectionem
2740 5798 2960 5845 secutus
3003 5788 3172 5845 fuisse
3225 5784 3435 5843 videtur
3468 5784 3601 5838 'l‘rao'
