3956 6216
296 351 402 406 617

1400 335 1772 392 ADVERSITS
1813 332 2184 391 EUNOMIUM
2223 327 2350 384 LIB.
2396 328 2460 383 ll.

3450 325 3554 378 613

299 469 497 540 μασίας
533 467 638 519 τῶν
676 461 983 534 Ἐὃραῖκῶν
1019 459 1394 529 καθικόμενοι,
1425 457 1762 523 Ἐκτήσατό
1790 473 1885 525 με,

2006 450 2229 507 assecuti
2264 457 2408 509 sunt,
2463 444 2698 498 Possedit
2741 459 2820 496 me
2857 458 2952 512 pro
3003 439 3232 507 σηενξε,
3287 440 3558 496 edidisse:

296 556 416 614 ἀντὶ
457 559 573 622 τοῦ,
611 559 908 618 "Eumer,
955 553 1334 606 ὲκδεδώκασιν.
1392 552 1570 621 Ὅπερ
1631 547 1882 619 μέγιστον

297 654 480 714 αὐτοῖς
509 650 767 721 ἐμπόδιον
796 648 946 700 ἔσται
975 647 1110 716 πρὸς
1141 647 1240 714 τὴν
1265 641 1609 713 βλασφημίαν
1639 640 1732 692 τοῦ
1764 639 1882 692 κτί-

300 762 518 814 σματος.
566 744 622 794 Ὀ
645 741 750 811 γὰρ
796 739 982 800 εἰπὼν,
1027 735 1409 803 Ἐκτησάμην
1435 733 1749 799 ἄνθρωπον
1789 730 1884 782 διὰ

298 834 405 888 τοῦ
442 832 588 886 Θεοῦ
613 873 628 896 ,
666 831 786 900 οὐχ).
830 829 1021 890 κτίσας
1071 827 1159 879 τὸν
1192 826 1353 885 Κάῐν,
1405 822 1539 876 ἀλλά
1593 822 1880 889 γεννήσας,

299 926 474 996 ταύτῃ
503 923 751 992 φαίνεται
785 919 1129 990 χρησάμενος
1159 919 1222 986 τῇ
1262 916 1434 983 φωνῇ.

374 1015 462 1067 2!.
512 1011 648 1067 Ἀλλ’
678 1013 769 1062 ἐπὶ
800 1010 860 1061 τὸ
896 1007 953 1072 ἐξ
1005 1007 1181 1078 ἀρχῆς
1214 1005 1544 1074 ὲπανίωμεν.

375 1101 532 1156 ΕΥΝ.
561 1100 660 1154 Διὰ
684 1100 842 1152 τοῦτο
863 1138 876 1160 ,
913 1098 1074 1168 φησι,
1112 1093 1448 1164 Μονογενὴς,
1488 1092 1670 1161 ἐπειδὴ
1695 1131 1708 1151 ,
1739 1090 1886 1156 παρά

309 1198 472 1265 μόνου
505 1194 787 1263 γεννηθεὶς
836 1192 928 1243 καὶ
979 1188 1237 1252 κτισθεὶς,
1286 1186 1617 1247 τελειότατος
1666 1185 1886 1252 γέγονεν

307 1285 600 1357 ὑπουργὸς.

379 1376 526 1429 ΒΑΣ.
558 1376 618 1428 Et
669 1373 846 1426 τοίνυν
890 1373 964 1444 μὴ
1011 1371 1159 1444 παρὰ
1201 1371 1260 1423 τὸ
1307 1370 1466 1439 μόνος
1511 1367 1885 1438 γεγεννῆσθαι,

309 1467 442 1521 ἀλλὰ
473 1465 560 1518 διὰ
598 1465 660 1517 τὸ
705 1462 859 1534 παρά
892 1462 1053 1533 μόνου
1086 1459 1392 1529 Μονογενὴς
1431 1458 1664 1529 εἴρηται,
1696 1455 1888 1509 ταυτὸν

308 1562 364 1614 δέ
395 1558 506 1631 (51)
537 1561 651 1611 ἐστι
704 1556 843 1609 κατά
871 1555 929 1608 σὲ
961 1554 1021 1612 τὸ
1043 1551 1289 1611 ἐκτίσθαι
1315 1549 1390 1621 τῷ
1418 1547 1804 1619 γεγεννῆσθαι·
1838 1548 1889 1599 τί

309 1651 429 1720 οὐχὶ
473 1649 564 1706 καὶ
614 1648 958 1718 μονόκτιστον
998 1645 1158 1697 αὐτὸν
1192 1639 1510 1711 ὀνομάζεις,
1544 1635 1588 1694 ὧ
1618 1641 1794 1694 πάντα
1825 1643 1888 1692 σὺ

313 1740 508 1817 ῥᾳδίως
537 1739 628 1790 καὶ
649 1737 1022 1806 διανοούμενος
1043 1733 1136 1787 καὶ
1165 1733 1410 1802 ἐκφέρων
1434 1748 1448 1796 ;
1479 1731 1788 1801 Μονογενὴς
1811 1729 1886 1787 δὲ,

1988 544 2130 611 quod
2179 543 2258 596 eis
2299 542 2402 594 erit
2457 540 2692 593 maximo
2749 538 3132 607 impedimento
3170 539 3234 590 ad
3299 547 3561 592 creatura:

1993 633 2412 701 blasphemiam.
2450 629 2554 695 Qui
2601 629 2742 683 enim
2804 628 2986 682 dixit:
3042 625 3260 682 Possedi
3300 627 3562 680 hominem

1986 742 2076 793 per
2110 725 2273 778 Deum
2297 723 2364 786 ⁸ο,
2389 731 2600 776 constat
2620 735 2740 774 cum
2772 721 2874 775 hac
2897 734 3026 773 voce
3062 734 3215 770 usum
3260 733 3396 781 esse,
3453 733 3558 772 non

1987 819 2128 886 quod
2167 824 2405 870 creasset
2439 814 2596 879 Cain,
2636 813 2731 868 sed
2759 813 3226 882 quod'genuisse-t.

2057 1003 2146 1055 2|.
2175 1000 2281 1055 Sed
2313 1000 2454 1056 unde
2481 999 2779 1069 incepimus
2811 998 3115 1051 redeamus.

2060 1097 2192 1151 Eun.
2229 1094 2456 1156 Idcirco,
2487 1092 2694 1161 inquit,’
2729 1090 3069 1158 Unigenitus,
3107 1087 3360 1157 quoniam
3389 1101 3417 1140 a
3444 1087 3558 1140 solo

1988 1190 2203 1258 genitus
2260 1195 2315 1240 et
2367 1195 2606 1248 creatus,
2659 1182 3090 1254 perfectiSsimus
3136 1182 3308 1234 factus
3335 1188 3418 1234 est
3459 1181 3558 1232 mi-

1991 1282 2173 1334 nister.

2062 1373 2184 1426 Bas.
2214 1371 2268 1426 Si
2317 1385 2445 1438 ergo
2475 1386 2581 1426 non
2631 1369 2886 1438 quoniam
2914 1368 3061 1421 solus
3083 1367 3297 1435 genitus
3327 1375 3432 1429 est,
3461 1365 3556 1419 sed

1989 1466 2240 1535 quoniam
2305 1481 2332 1518 a
2365 1465 2496 1527 solo,
2552 1463 2868 1530 Unigenitus
2924 1462 3097 1515 dictus
3125 1458 3242 1526 estf.
3286 1459 3329 1512 si
3372 1472 3560 1512 rursus

1991 1560 2129 1612 idem
2156 1567 2238 1611 est
2260 1557 2555 1617 secundum
2589 1566 2639 1609 te
2661 1555 2897 1622 genitum
2928 1568 3046 1609 esse
3063 1563 3113 1607 et
3133 1562 3374 1606 creatum
3402 1565 3551 1614 esse;

1990 1665 2087 1704 eut-
2120 1665 2223 1702 non
2272 1650 2436 1703 etiam
2489 1649 2824 1701 nnicreatum
2878 1660 2998 1700 eum
3059 1644 3294 1714 appellas
3325 1654 3416 1706 tu,
3467 1644 3555 1712 qui
3627 1674 3633 1680 -

1990 1740 2170 1793 omnia
2201 1740 2357 1793 facile
2399 1750 2453 1792 et
2483 1740 2760 1808 excogitas
2786 1748 2840 1791 et
2885 1735 3131 1806 profers?
3162 1735 3330 1791 Nemo
3380 1744 3562 1788 autem

308 1831 382 1895 ᾡς
407 1830 601 1892 ἔοικεν,
645 1827 946 1898 ἀνθρώπων
984 1826 1154 1889 οὐδεὶς
1174 1865 1188 1887 ,
1235 1825 1374 1878 κατά
1400 1841 1464 1891 γε
1491 1824 1580 1875 τὸν
1623 1823 1889 1893 ἡμέτερον

2009 1847 2174 1894 mmo,
2215 1841 2272 1884 ttt
2307 1832 2482 1893 video,
2507 1846 2570 1884 ex
2609 1839 2783 1884 vestra
2812 1831 3078 1883 sententia
3112 1839 3196 1883 cst
3225 1827 3557 1896 ttuigenitus,

309 1923 466 1990 λόγον
490 1920 578 1974 διὰ
605 1921 663 1973 τὸ
691 1924 753 1972 ἐκ
782 1917 1114 1996 συνδυασμοῦ
1148 1918 1311 1968 πᾶσιν
1343 1916 1606 1985 ὑπάρχειν
1642 1914 1739 1983 τὴν
1769 1913 1890 1980 γέν-

312 2031 487 2083 νησιν.
537 2013 672 2065 Οὐδὲ
718 2014 749 2081 ὴ
793 2012 940 2081 Σάρα
986 2011 1169 2080 μήτηρ
1222 2007 1542 2079 μονογενοῦς
1566 2003 1635 2077 ἦν
1675 2007 1887 2069 παιδὸς,

308 2105 442 2157 διότι
475 2104 597 2174 οὐχὶ
643 2104 776 2174 μόνη
801 2101 982 2162 αὑτὸν,
1013 2100 1148 2153 ἀλλά
1186 2100 1322 2169 μετὰ
1355 2099 1447 2151 τοῦ
1486 2099 1737 2168 Ἀδραάμ
1769 2099 1886 2149 ἐτε-

311 2196 574 2250 κνώσατο.
607 2195 715 2248 Καὶ
737 2194 831 2246 ἐάν
862 2211 918 2260 γε
951 2192 1212 2262 κρατῇτὰ
1233 2192 1494 2262 ὑμέτερα,
1528 2191 1741 2258 ἀνάγκη
1771 2189 1889 2242 ὅλον

311 2289 400 2344 τὸν
452 2289 565 2358 βίον
629 2285 960 2357 μεταμαθεῖν
986 2285 1118 2355 (52),
1160 2285 1232 2354 μὴ
1289 2282 1571 2353 μονώσεως
1625 2282 1886 2350 ἀδελφῶν,

311 2379 424 2433 ἀλλ’
459 2380 694 2451 ἐρημίας
724 2378 831 2430 τῶν
863 2376 1249 2429 συντικτόντων
1275 2373 1566 2444 δηλωτικὸν
1599 2369 1737 2426 εἶναι
1771 2372 1890 2425 τοῦ-

315 2489 471 2542 νομα,
505 2471 644 2537 Ἤδη
666 2471 720 2522 δὲ
755 2469 846 2520 καὶ
879 2471 911 2537 ἡ
946 2468 1120 2531 κτίσις
1147 2467 1299 2538 παρὰ
1328 2467 1426 2535 τὴν
1448 2466 1626 2520 αἰτίαν
1645 2463 1738 2516 τοῦ
1756 2464 1891 2516 Θεοῦ

315 2565 480 2630 Λόγον
504 2564 637 2633 πρὸς
663 2563 760 2631 τὴν
791 2561 944 2625 ἀξίαν
979 2560 1310 2628 ἠλάττωται,
1349 2559 1501 2629 παρὰ
1529 2557 1777 2610 τοσοῦτον
1799 2557 1891 2609 τοῦ

317 2657 410 2707 καὶ
445 2653 580 2724 αὑτὴ
633 2653 926 2722 μονογενὴς
964 2648 1101 2704 εἶναι
1141 2650 1534 2722 διαμαρτοῦσα,
1567 2651 1692 2719 παρ’
1720 2650 1842 2701 ὅσον
1866 2650 1894 2700 ὁ

322 2747 443 2807 Υἱὸς
487 2746 583 2814 τῆς
611 2745 972 2816 δημιουργίας
1016 2741 1092 2812 τῷ
1129 2743 1303 2813 [Ιατρὶ
1343 2741 1686 2812 συνεφήψατο
1712 2757 1723 2769 ·
1779 2741 1896 2792 καί-

318 2856 465 2907 τοιγε
513 2838 835 2892 οὐδὲτοῦτο
900 2840 1027 2908 παρ’
1087 2837 1266 2890 αὐτῶν
1334 2835 1442 2905 (55)
1508 2837 1890 2906 συγχωρεῖται.

330 2929 634 3001 ’Υπουργὸν
687 2931 794 2999 γὰρ
828 2928 1161 2991 τελειότατον
1209 2927 1366 2979 αὑτὸν
1400 2925 1746 2995 ὀνομάζουσι.
1772 2924 1894 2988 Πῶς

319 3019 408 3075 οὖν
439 3000 559 3092 οὐχ).
589 3001 748 3091 παρὰ·
781 3021 942 3091 μόνον
971 3021 1064 3073 καὶ
1092 3022 1124 3090 ἡ
1165 3021 1339 3082 κτίσις
1367 3000 1700 3086 γέγονερκαθ
1729 3019 1894 3086 ὑμᾶς,

320 3109 426 3178 οἷόν
468 3132 517 3167 τι
570 3114 797 3184 ὄργανον
843 3112 1047 3182 ἄψυχον
1101 3113 1191 3164 τὸν
1228 3112 1357 3164 Θεὸν
1391 3113 1561 3176 Λόγον
1596 3110 1673 3179 τῷ
1720 3110 1896 3180 Πατρὶ

322 3205 705 3278 προστιθέντας
725 3247 738 3268 ,
777 3207 823 3257 εἰ
870 3205 942 3274 μὴ
973 3206 1063 3258 καὶ
1092 3204 1183 3256 τὸν
1222 3204 1498 3271 ναυπηγὸν
1527 3202 1891 3273 ἀφαιρήσεταί

325 3314 402 3359 τις
461 3298 618 3367 μόνον
677 3297 1029 3366 πεποιηκέναι
1085 3296 1178 3365 τὴν
1228 3296 1378 3353 ναῦν,
1427 3295 1509 3346 ὅτι
1554 3294 1615 3363 δὴ
1646 3294 1893 3364 ὀργάνοις

323 3386 454 3457 πρὸς
475 3384 571 3460 τὴν
603 3386 946 3455 κατασκευὴν
981 3387 1384 3454 συνεχρήσατος
1418 3384 1578 3436 Ὥστε
1613 3384 1903 3454 μονογενὴς

322 3478 417 3529 καὶ
462 3479 495 3548 ἠ
541 3479 733 3541 κτίσις,
765 3479 856 3531 καὶ
876 3479 946 3530 τὰ
982 3479 1119 3549 μέρη
1150 3479 1352 3547 ταύτης
1381 3477 1522 3546 (54)·
1566 3479 1626 3530 οὐ
1662 3479 1823 3548 μόνον
1849 3492 1904 3531 αι

323 3570 542 3640 ἀόρατοι
574 3570 849 3638 δυνάμεις.
882 3571 1016 3623 ἀλλὰ
1049 3571 1140 3624 καὶ
1170 3571 1237 3622 τά
1267 3570 1500 3640 αἰσθητὰ
1530 3569 1777 3640 σώματα,
1813 3573 1905 3624 καὶ

325 3661 528 3713 τούτων
564 3661 631 3714 τὰ
675 3661 1053 3724 εὐτελέστατα,
1088 3665 1330 3725 σκνῖπες,
1381 3662 1474 3715 καὶ
1521 3664 1760 3734 ἀκρίδες,
1811 3665 1904 3716 καὶ

326 3751 603 3823 βάτραχοι.
631 3754 816 3818 Αὐτὸς
861 3755 969 3822 γὰρ
1014 3751 1174 3818 εἷπε,
1215 3755 1311 3808 καὶ
1354 3755 1733 3824 ἐγενήθησαν
1768 3757 1901 3826 (53).

331 3844 487 3905 Τίνος
519 3843 628 3914 γὰρ
660 3845 724 3897 ἂν
775 3846 868 3898 καὶ
903 3847 1202 3917 ὑπουργίας
1243 3846 1412 3899 δέοιτο
1454 3847 1482 3898 ὁ
1516 3846 1779 3917 θελήματι
1811 3848 1904 3918 μό-

323 3952 399 4003 νῳ
449 3934 558 4004 (5(5)
589 3934 957 4006 δημιουργῶν,
996 3936 1129 4005 ὁμοῦ
1176 3939 1241 4005 τῇ
1291 3935 1539 4006 βουλήσει
1580 3953 1907 4004 συνυφιστα-

327 4026 393 4095 μέ
411 4045 493 4096 -ης
520 4027 618 4096 τῆς
651 4027 878 4091 κτίσεως
897 4045 910 4092 ;
930 4027 1090 4080 Ἀλλά
1111 4030 1197 4092 ti;
1231 4029 1346 4091 πῶς
1375 4028 1486 4095 (57)
1507 4029 1600 4081 καὶ
1623 4029 1742 4082 καθ’
1761 4032 1910 4100 ἡμᾶς

326 4118 416 4171 διὰ
442 4119 535 4171 τοῦ
565 4119 694 4172 Υίοῦ
720 4121 788 4173 τὰ
823 4121 1038 4185 πάντας
1075 4121 1197 4174 Ὅτι
1232 4122 1289 4173 τὸ
1329 4121 1470 4173 θεῖον
1505 4120 1766 4191 βούλημα,
1801 4116 1910 4175 οἷον

330 4209 512 4278 πηγῆς
548 4228 690 4274 τινος
727 4211 823 4281 τῆς
859 4211 1078 4281 πρώτης
1122 4212 1300 4273 αἰτίας
1337 4210 1674 4282 ἀφορμηθὲν,
1706 4212 1790 4265 διὰ
1814 4213 1911 4282 τῆς

400 4407 446 4438 ’θ
479 4406 608 4459 Gen.
671 4423 720 4460 tv
757 4450 769 4470 ,
837 4409 885 4461 l.
972 4409 1018 4440 ’ί
1067 4409 1203 4464 l’sal.
1247 4426 1468 4476 CXLVIII,
1499 4410 1552 4466 5.

402 4604 514 4670 (5|)
549 4603 688 4656 Editi
720 4607 766 4658 τ’
802 4606 932 4658 αὐτὸ
959 4606 1037 4659 δέ.
1064 4606 1206 4660 Libri
1232 4620 1440 4662 veteres
1465 4610 1682 4664 ταυτόν.

402 4674 513 4741 (52)
540 4674 742 4747 Horum
775 4679 1083 4739 verborum,
1103 4675 1332 4747 ἀνάγκη
1358 4679 1504 4732 ὅλον
1518 4680 1643 4746 τόν,
1666 4692 1792 4741 etc.,
1819 4679 1899 4732 in-

333 4746 780 4814 terpretationem
813 4756 1048 4797 veterem
1089 4763 1190 4799 non
1232 4746 1467 4814 probans
1520 4750 1899 4812 Cmubelisius,

335 4817 451 4879 ejus
509 4813 626 4866 loco
669 4814 810 4868 hanc
858 4816 1137 4867 substituit
1176 4833 1188 4868 :
1232 4813 1454 4869 Necesse
1511 4828 1586 4870 est
1649 4820 1902 4872 mundum

335 4901 558 4944 onmem,
591 4883 770 4954 relicto
795 4900 879 4946 eo,
915 4887 1053 4954 quod
1075 4887 1318 4938 Immanis
1351 4888 1641 4940 rationibus
1671 4889 1901 4950 sedebat,

335 4970 520 5025 novum
539 4952 825 5025 addiscere,
855 4952 1108 5025 unigeniti
1151 4972 1334 5008 nomen
1361 4974 1462 5009 non
1503 4958 1556 5008 id
1583 4958 1902 5025 significare,

333 5024 472 5092 quod
499 5021 670 5075 nullo:
694 5024 810 5088 quis
835 5024 1028 5092 fratres
1049 5023 1259 5088 habeat,
1289 5030 1374 5078 sed
1418 5030 1556 5094 quod
1599 5021 1790 5079 u'no'et
1824 5029 1904 5076 nl-

333 5104 442 5145 tero
484 5104 697 5159 parente
739 5105 1026 5160 prognatus
1084 5111 1187 5148 non
1215 5103 1310 5147 est.
1358 5094 1471 5149 Hoc
1500 5107 1604 5159 est,
1658 5098 1904 5148 homines

333 5177 544 5226 otttnes,
573 5163 615 5215 si
678 5164 844 5216 semel
879 5163 1146 5217 Eunomio
1202 5165 1334 5217 lides
1386 5165 1666 5232 habeatur,
1703 5177 1901 5217 mutata

335 5233 606 5302 sententia
626 5232 837 5286 discant
866 5243 1095 5301 oportet,
1129 5234 1387 5302 unigeniti
1418 5237 1632 5286 nomine
1663 5250 1768 5288 non
1803 5236 1907 5288 hoc

336 5301 653 5365 significari,
689 5304 830 5370 quod
861 5317 998 5355 unus
1029 5301 1331 5369 aliquis’sit
1387 5305 1533 5358 solus
1568 5307 1686 5358 sine
1714 5305 1902 5369 fratre,

331 5372 426 5422 sed
459 5371 602 5444 quod
633 5388 738 5423 non
770 5373 879 5425 sint
905 5373 1201 5442 genitores,
1233 5375 1323 5442 qui
1366 5374 1525 5427 simul
1564 5376 1634 5428 ad
1667 5390 1790 5428 eum
1827 5377 1905 5444 gi-

334 5443 604 5511 gnendum
636 5447 1029 5495 concurrerint.

410 5511 519 5584 (535)
551 5512 725 5584 Editio
743 5512 914 5584 Paris.
938 5511 1058 5584 οὐδὲ
1084 5511 1242 5584 τοῦτο
1259 5513 1316 5566 τὸ
1345 5513 1752 5584 συνεφάψασθαι
1775 5515 1905 5584 παρ’

338 5579 728 5651 αὐτῶνεριιιιιιι,
765 5581 825 5634 τὸ
859 5582 1302 5651 συνεφάψασθαι,
1335 5579 1604 5638 addidisse
1637 5600 1696 5638 se
1728 5600 1792 5638 ex
1815 5579 1906 5638 cu—

342 5653 462 5730 dice
525 5649 869 5730 ilettriciano,
909 5649 1090 5730 monet
1144 5657 1398 5730 ρηοδιυς..
1449 5655 1730 5716 Sed,dum
1764 5657 1903 5707 hunc

341 5721 581 5799 codicem
651 5721 928 5799 legerem,“
972 5724 1330 5799 animadverti
1387 5725 1438 5777 itt
1488 5739 1551 5777 eo
1588 5741 1692 5777 non
1736 5740 1904 5793 pauca

345 5792 593 5853 reperiri,
620 5806 739 5851 quae
762 5792 850 5852 qui
883 5792 1080 5847 dixerit
1110 5793 1478 5848 additamenta
1508 5809 1627 5848 esse
1651 5792 1904 5848 librariu-

1992 1938 2114 1974 cum
2143 1924 2420 1991 generatio
2448 1939 2512 1975 ex
2541 1923 2768 1977 duorum
2794 1921 2936 1975 coitu
2983 1921 3110 1975 insit
3145 1920 3417 1975 omnibus.
3450 1917 3560 1974 Nec

1995 2013 2128 2068 Sara
2158 2015 2416 2083 unigeniti
2451 2014 2543 2067 lilii
2573 2011 2734 2083 257
2769 2025 2942 2066 mater
2966 2021 3106 2077 erat,
3136 2026 3258 2067 cum
3305 2027 3410 2066 non
3439 2010 3550 2065 sola

1991 2121 2136 2169 eum,
2173 2107 2267 2160 sed
2294 2120 2414 2159 cum
2442 2105 2714 2158 Abraham
2755 2103 3023 2173 genuerit.
3055 2102 3121 2157 Et
3153 2112 3326 2166 certe,
3367 2103 3410 2156 si
3445 2101 3562 2169 opi-

1994 2201 2084 2253 nio
2123 2206 2302 2252 vestra
2326 2196 2556 2257 obtinet,
2588 2209 2810 2249 necesse
2839 2204 2922 2248 est
2949 2208 3111 2248 omne
3154 2194 3432 2248 hominum
3467 2206 3561 2262 ge-

1994 2307 2093 2345 nus
2121 2289 2388 2344 sententia
2423 2297 2627 2340 mutata
2667 2288 2897 2349 discere,
2937 2301 3042 2340 non
3071 2299 3191 2340 eam
3217 2285 3561 2340 solitudinem

1993 2399 2112 2451 qua:
2144 2381 2403 2434 fratribus
2429 2389 2601 2444 caret,
2643 2379 2737 2434 sed
2765 2393 2883 2432 eam
2916 2392 3034 2447 quae
3056 2377 3431 2448 congenitores
3455 2391 3562 2430 non

1996 2475 2193 2538 habet,
2254 2477 2354 2528 hoc
2410 2475 2513 2528 isto
2566 2474 2781 2527 nomine
2838 2472 3152 2543 signiﬁcari.
3201 2469 3320 2525 Jam
3357 2485 3482 2526 vero
3511 2481 3564 2524 ct

1995 2578 2239 2621 creatura
2277 2568 2386 2620 Deo
2428 2565 2605 2619 Verbo
2656 2565 2920 2634 dignitate
2978 2563 3201 2618 inferior
3257 2572 3340 2617 est
3385 2577 3566 2617 causa:

1997 2659 2236 2721 nomine,
2268 2673 2388 2713 cum
2417 2659 2486 2713 ob
2509 2658 2558 2712 id
2588 2657 2759 2712 solum
2799 2666 2853 2711 et
2889 2657 3000 2725 ipsa
3029 2654 3300 2725 unigenita
3329 2648 3561 2719 non'sit;

1996 2753 2138 2822 quod
2172 2753 2342 2807 Filius
2371 2767 2474 2807 una
2501 2767 2620 2806 cum
2645 2750 2808 2806 Patre
2834 2750 3162 2805 creationem
3181 2748 3380 2816 attigit,
3398 2762 3567 2817 quan.

1997 2861 2155 2911 quam
2193 2861 2257 2898 ne
2294 2846 2394 2900 hoc
2422 2845 2637 2913 quidem
2672 2843 2740 2898 ab
2769 2844 2896 2914 ipsis
2929 2841 3260 2898 conceditur.
3282 2841 3414 2894 Nam
3440 2855 3565 2910 per-

2000 2932 2349 2988 fectissimum
2383 2933 2687 2987 ministrum
2739 2948 2860 2985 eum
2931 2931 3224 2986 nominant.
3283 2928 3563 2996 Quomodo

1999 3027 2159 3097 igitur
2184 3043 2286 3080 non
2313 3042 2341 3078 a
2368 3026 2476 3080 sola
2507 3036 2754 3079 creatura
2785 3025 2946 3078 etiam
2987 3022 3126 3077 facta
3148 3033 3229 3075 est
3264 3022 3559 3076 secundum

1999 3132 2112 3181 vos,
2139 3117 2228 3186 qui
2255 3117 2396 3170 velut
2429 3117 2781 3170 inanimatum
2831 3115 3099 3184 quoddam
3146 3116 3563 3168 instrumentum

2001 3211 2166 3263 Deum
2189 3209 2422 3262 Verbum
2452 3208 2594 3262 Patri
2623 3207 2910 3278 adjungitis
2929 3207 2953 3260 ?
2969 3206 3081 3261 Nisi
3105 3207 3227 3277 quis
3255 3205 3406 3260 navis
3424 3218 3562 3274 quo-

1998 3315 2104 3370 que
2137 3300 2517 3354 fabricatorem
2551 3298 2764 3368 negabit
2794 3299 2965 3351 solum
2995 3311 3185 3352 navem
3243 3296 3562 3359 fabricasse,

2000 3373 2144 3457 quod
2172 3388 2546 3442 instrumentis
2579 3389 2646 3440 ad
2676 3403 2796 3441 eam
2843 3387 3267 3441 construentlam
3304 3401 3433 3439 usus
3462 3394 3564 3438 est.

1999 3482 2178 3548 Quare
2206 3479 2476 3549 unigenita
2502 3489 2584 3534 est
2605 3489 2659 3532 et
2678 3490 2948 3544 creatura,
2972 3479 3082 3533 imo
3112 3486 3165 3532 et
3196 3476 3338 3531 illius
3362 3486 3566 3545 partes,

2002 3586 2106 3624 non
2133 3570 2432 3624 invisibiles
2461 3571 2691 3624 virtutes
2733 3570 2929 3633 solum,
2988 3569 3080 3622 sed
3128 3583 3353 3636 corpora
3401 3567 3564 3620 etiam

2002 3662 2301 3726 sensibilia,
2345 3671 2398 3715 et
2451 3663 2642 3716 borum
2681 3662 2999 3726 humillima,
3053 3660 3271 3720 culices,
3310 3659 3567 3722 locustam.

2003 3772 2165 3810 ranae.
2203 3755 2325 3824 Ipse
2354 3757 2491 3810 enim
2526 3757 2684 3818 dixit,
2733 3765 2780 3808 et
2813 3754 2958 3823 facta
3003 3765 3123 3806 sunt
3157 3754 3224 3808 ⁸“¹.
3264 3752 3379 3818 Quo
3423 3753 3568 3806 enim

2007 3832 2310 3901 ministerio
2335 3847 2582 3917 indigere
2613 3848 2807 3916 possit,
2839 3847 2928 3915 qui
2958 3856 3087 3898 nutu
3113 3846 3226 3899 solo
3259 3855 3428 3907 creat,
3465 3860 3570 3896 una

2013 3953 2135 3994 cum
2193 3939 2467 3993 voluntate
2519 3948 2768 3993 creatura
2813 3938 3198 3992 subsistente?
3240 3936 3346 3990 Sed
3397 3933 3574 4004 quid?

2005 4031 2277 4099 quomodo
2309 4032 2473 4086 etiam
2511 4034 2806 4086 secundum
2838 4046 2935 4085 nos
2969 4032 3150 4085 omnia
3182 4037 3309 4084 sunt
3349 4025 3569 4097 per'Fi-

2009 4123 2180 4177 lium?
2205 4124 2468 4188 Quoniam
2498 4122 2678 4175 divina
2710 4123 2956 4175 voluntas
2986 4137 3013 4173 a
3048 4120 3224 4188 prima
3272 4132 3431 4172 causa
3466 4127 3578 4169 tan-

2008 4231 2169 4286 quam
2201 4232 2228 4268 a
2263 4217 2492 4286 quodam
2517 4215 2660 4269 fonte
2691 4215 2952 4284 profecta,
2980 4227 3074 4283 per
3105 4227 3258 4266 suam
3290 4209 3574 4278 imaginem

1931 4593 1974 4647 ί)
2014 4627 2272 4672 ειιιη.ιι,οη
2305 4610 2527 4664 errabit.
2564 4607 2774 4678 Reliqui
2801 4624 2891 4662 sex
2923 4623 3053 4664 mss.
3081 4607 3399 4676 simpliciter
3421 4604 3579 4659 τοῦτο

2007 4683 2136 4734 παρ’
2172 4680 2369 4732 αὐτῶν.

2077 4698 2369 4820 iiii/53%;.
2408 4749 2507 4802 loci
2537 4749 2804 4820 sententia
2838 4749 2954 4820 haec
2991 4757 3074 4802 est
3105 4765 3118 4800 :
3148 4746 3221 4820 _llt
3265 4747 3496 4820 mundus
3524 4746 3576 4797 in

2005 4817 2324 4874 universum
2360 4820 2463 4872 erit
2494 4818 2805 4887 unigenitus
2832 4857 2848 4884 ,
2881 4819 2952 4872 ita
2985 4817 3208 4888 singulae
3233 4817 3350 4886 ejus
3394 4825 3579 4885 partes

2006 4901 2161 4945 erunt
2193 4903 2410 4956 quoque
2441 4889 2754 4952 unigenitm.

2077 4953 2446 5030 (55)}‘et'eres
2469 4959 2708 5025 quinque
2735 4957 2856 5030 libri
2883 4966 2938 5013 et
2965 4955 3091 5010 editi
3116 4956 3265 5030 genti.“
3287 4953 3580 5030 ἐγεννήθη-

2008 5025 2127 5082 σαν.
2163 5028 2619 5095 Umleintcrpres,
2654 5037 2704 5078 et
2741 5028 2916 5095 genita
2941 5035 3083 5079 sunt.
3115 5025 3266 5094 Regii
3306 5025 3500 5095 tertius
3523 5033 3580 5076 et

2004 5108 2229 5165 quartus
2277 5098 2372 5149 xui.
2426 5092 2858 5218 ὲγενῇθησανβι
2896 5097 3037 5165 facta
3080 5092 3224 5155 sunt,
3287 5109 3389 5148 nec
3421 5092 3582 5146 aliter

2007 5169 2201 5218 legitur
2261 5165 2400 5218 apud
2451 5166 2543 5218 LX
2602 5206 2614 5218 .
2677 5168 2732 5218 In
2773 5167 3009 5218 editione
3072 5163 3370 5218 Parisiensi
3418 5173 3476 5216 et
3523 5165 3579 5216 in

2007 5163 2201 5234 legitur
2261 5165 2400 5235 apud
2451 5163 2614 5220 LXX.
2650 5163 2732 5219 'ln
2773 5163 3009 5220 editione
3072 5163 3370 5218 Parisiensi
3418 5165 3579 5235 etin

2007 5231 2213 5290 duobus
2250 5231 2376 5306 mss.
2420 5246 2544 5305 post
2575 5250 2759 5306 vocem
2801 5235 3172 5306 ἐγεννήθησαν
3211 5235 3451 5306 additum
3502 5231 3584 5284 in-

2005 5309 2212 5361 venitur
2277 5304 2404 5357 illud
2421 5302 2444 5368 ⁷,
2486 5305 2650 5368 αὐτὸς
2690 5302 3013 5368 ἐνετείλατο,
3054 5302 3172 5357 ’καὶ
3225 5302 3580 5374 ἐκτίσθησαν,

2005 5380 2113 5445 ipse
2160 5375 2472 5445 mandauit,
2501 5387 2550 5429 et
2603 5387 2781 5428 creata
2836 5387 2955 5428 sunt
2996 5389 3015 5426 :
3061 5385 3239 5445 tamen
3299 5373 3584 5445 cutn'ltaec

2007 5443 2168 5500 verba
2203 5445 2255 5496 in
2287 5443 2511 5511 reliquis
2539 5447 2780 5512 quinque
2807 5445 3088 5498 codicibus
3119 5443 3316 5509 desint,
3346 5453 3403 5497 et
3445 5443 3581 5512 alio-

2007 5517 2135 5585 quin
2157 5512 2387 5566 Basilius
2411 5511 2590 5567 brevis
2615 5511 2736 5567 esse
2766 5514 3001 5566 maxime
3033 5513 3398 5585 stttdeat,_non
3428 5511 3584 5585 valde

2009 5583 2296 5640 admodum
2337 5585 2599 5648 dubitavi,
2633 5585 2760 5651 quin
2814 5584 3046 5653 expungi
3099 5593 3152 5634 et
3209 5583 3374 5635 deleri
3413 5583 3580 5634 debe-

2011 5665 2148 5709 rent.

2081 5726 2193 5792 (56)
2225 5724 2450 5780 Codices
2488 5723 2689 5790 aliquot
2712 5723 2976 5792 θελήματι
3012 5723 3192 5792 μόνον.

2084 5787 2195 5863 (57)
2234 5798 2368 5850 litlili
2415 5787 2588 5846 Ἀλλά-
2615 5811 2695 5846 τοι
2728 5787 2864 5856 πῶς.
2895 5797 2963 5847 At
2999 5787 3130 5847 lites.
3173 5791 3328 5850 Ἀλλά
3358 5787 3580 5850 τικπῶς.
