3956 6216
416 258 521 316 619
1731 254 1788 310 S.
1830 252 2076 311 BASlLll
2118 255 2333 312 MAGNI
3576 258 3692 316 630

420 372 590 424 Deum
625 368 858 425 Verbum
894 370 962 425 ad
987 371 1365 439 operationem
1411 371 1775 442 progreditur.
1809 373 1987 427 Enno-

2098 372 2297 434 οἰκείας
2342 372 2548 435 εἰκόνος
2594 370 2689 424 τοῦ
2727 371 2860 425 Θεοῦ
2902 371 3074 440 Λόγου
3112 371 3362 443 πρόεισιν
3409 373 3489 435 είς
3522 371 3696 443 ἐνέρ-

420 462 561 516 unius
593 475 724 516 vero
747 460 1086 528 unigenitum
1112 460 1310 515 Filium
1343 462 1647 516 ministrum
1680 463 1987 532 appellavit,

419 558 522 608 hoc
575 556 626 610 ei
684 570 937 625 magnum
979 555 1308 621 attribuens,
1360 555 1504 625 quod
1547 558 1613 610 ad
1644 571 1832 610 eorum
1869 571 1987 625 quae

420 643 813 714 praecipiuntur
843 644 1203 699 ministerium
1240 645 1466 700 idoneus
1497 655 1599 701 est.
1630 644 1687 700 Si
1714 645 1860 699 enim
1883 659 1988 700 non

420 738 471 787 in
496 749 562 788 eo
589 735 737 803 quod
772 734 916 789 Deus
950 734 1225 803 perfectus
1244 736 1336 798 sit,
1364 737 1701 806 majeSIatcm
1730 737 1987 807 possidet,

417 827 510 880 sed
541 827 595 879 in
622 841 688 881 eo
705 826 849 895 quod
874 826 1094 881 sedulus
1112 828 1183 881 sit
1212 828 1482 891 minister,
1508 827 1619 895 jam
1652 842 1683 882 a
1717 828 1991 882 ministra-

419 918 573 971 toriis
600 918 908 985 spiritibus,
936 919 1028 987 qui
1060 918 1330 987 inculpate
1375 920 1665 974 ministerii
1699 934 1835 990 Opus
1860 936 1986 989 per-

414 1008 629 1075 Iit-iant,
660 1024 764 1078 qua
788 1009 843 1063 in
876 1024 936 1063 re
966 1008 1215 1065 dill'eret?
1240 1010 1336 1066 His
1372 1011 1441 1065 de
1475 1012 1653 1066 causis
1690 1013 1808 1067 voci
1852 1015 1993 1082 geni-

416 1113 502 1155 tus
528 1116 714 1155 vocem
762 1111 971 1155 creatus
1010 1102 1313 1171 conjunxit,
1349 1112 1408 1157 ut
1439 1103 1601 1157 etiam
1632 1102 1759 1157 hinc
1786 1104 1986 1158 nullam

418 1195 561 1248 inter
589 1193 783 1247 Filium
816 1202 870 1247 et
896 1200 1202 1247 creaturam
1242 1194 1609 1249 diversitatem
1650 1209 1772 1249 esse
1807 1205 1991 1252 osten-

415 1286 526 1340 dat.

488 1378 577 1432 22.
611 1377 726 1432 Jam
754 1393 882 1433 vero
912 1393 1091 1447 operte
1126 1378 1358 1448 pretium
1395 1377 1560 1434 fuerit
1599 1378 1743 1433 illius
1774 1393 1990 1449 quoque

417 1470 838 1526 admonitionem
870 1470 1081 1524 audire.

484 1560 620 1615 Eun.
652 1560 768 1615 Non
803 1569 1038 1630 oportet,
1068 1560 1265 1629 inquit,
1299 1575 1421 1615 cum
1453 1558 1630 1619 Patris
1657 1580 1720 1619 ac
1745 1564 1865 1619 Filii
1890 1578 1989 1633 ap-

416 1651 762 1720 pellationem
807 1652 1083 1717 audimus,
1114 1650 1230 1720 ejus
1259 1653 1659 1723 generationem
1694 1641 1984 1709 humanam

417 1743 755 1813 intelligere:
810 1757 912 1798 nec
972 1745 1252 1798 hominum
1301 1745 1650 1816 generatione
1679 1747 1940 1802 adductos
1968 1787 1985 1814 ,

418 1837 582 1891 Deum
614 1836 1013 1892 communionis
1041 1838 1350 1893 nominibus
1376 1846 1472 1891 aut
1495 1839 1836 1906 passionibus
1862 1840 1989 1894 sub-

411 1931 600 1997 jicere.

491 2018 614 2073 Bas.
676 2017 859 2074 Monet
921 2017 1115 2072 Filium
1181 2017 1328 2072 Patri
1379 2021 1675 2074 secundum
1733 2020 1987 2076 substan-

416 2112 546 2164 tiam
579 2112 811 2165 similem
849 2110 1074 2182 intelligi
1113 2126 1223 2165 non
1265 2122 1535 2181 oportere.
1574 2111 1689 2167 Hoc
1711 2115 1855 2166 enim
1885 2114 1986 2170 sibi

414 2203 529 2255 vult
567 2202 651 2255 illa
701 2202 1131 2272 participationis
1174 2203 1410 2272 negatio,
1460 2204 1615 2271 quasi
1666 2203 1973 2259 substantia

416 2292 596 2345 Patris
641 2306 765 2345 cum
803 2292 1107 2347 substantia
1140 2290 1263 2346 Filii
1313 2307 1419 2346 non
1452 2301 1618 2362 queat
1650 2295 1991 2359 communio-

414 2398 537 2436 nem
573 2382 733 2437 ullam
784 2383 1007 2438 habere.
1058 2382 1352 2452 Propterea
1388 2385 1661 2452 przeclarae
1696 2384 1823 2453 illae,
1856 2402 1990 2456 qua-

417 2492 534 2530 runt
585 2491 682 2529 nos
744 2476 959 2531 turbam
1002 2476 1482 2544 pratermisimus,
1533 2479 1811 2533 nominum
1870 2482 1987 2539 dis-

418 2567 731 2629 tinetiones,
797 2566 940 2637 quod
971 2566 1227 2621 videlicet
1259 2581 1367 2622 non
1406 2582 1854 2641 quormncunque
1885 2586 1990 2626 ea:—

417 2657 539 2711 dem
589 2668 716 2710 sunt
764 2657 1202 2725 enuntiationes,
1249 2674 1312 2713 ea
1349 2661 1615 2716 continuo
1660 2677 1720 2717 re
1773 2678 1989 2735 quoque

413 2747 715 2817 signiﬁcata
744 2750 934 2803 eadem
965 2749 1074 2803 sint
1103 2768 1117 2803 :
1152 2759 1211 2804 nt
1243 2761 1469 2822 propter
1500 2768 1595 2809 eos
1629 2756 1719 2823 qni
1757 2756 1807 2810 in
1844 2767 1986 2813 terra

414 2850 595 2907 patres
624 2839 997 2904 nominantur,
1033 2850 1194 2911 neget
1234 2843 1400 2896 Deum
1435 2842 1560 2897 Filii
1597 2843 1811 2900 Patrem
1843 2862 1983 2903 esse.

414 2930 527 3001 Ego
565 2945 717 2997 vero,
763 2946 886 2986 cum
928 2931 1095 2985 multa
1145 2932 1255 2986 sint
1300 2946 1422 3002 quae
1469 2933 1635 3005 258
1671 2936 1988 3000 christiani-

2094 481 2269 532 γειαν.
2314 463 2371 516 '0
2418 464 2474 517 δὲ
2512 463 2601 515 τὸν
2641 462 2905 533 μονογενῆ
2945 462 3072 516 Υίὸν
3093 463 3369 535 ὑπουργὸν
3397 462 3695 532 προσηγό-

2098 572 2274 626 ρευσε,
2301 554 2459 608 τοῦτο
2491 553 2639 624 αὑτῷ
2666 555 2774 626 (58)
2803 554 3112 625 προστιθεὶς
3149 554 3310 625 μέγα,
3336 554 3422 607 ὅτι
3454 552 3696 617 εὔθετος

2093 644 2229 715 πρὸς
2249 644 2346 715 τὴν
2366 643 2639 698 διακονίαν
2666 645 2773 697 τῶν
2793 643 3234 714 ἐπιτασσομένων
3263 643 3428 697 ἐστίν.
3464 645 3532 696 Εἰ
3569 644 3694 713 γάρ

2091 734 2191 801 οὑκ
2216 735 2275 786 ἐν
2295 732 2374 804 τῷ
2395 733 2527 797 Θεὸς
2551 729 2691 786 εἷναι
2714 733 2915 795 τέλειος
2942 731 3039 802 τὴν
3065 730 3220 796 δόξαν
3243 730 3530 801 κέκτηται,
3562 729 3692 783 ἀλλ’

2092 828 2150 878 ὲν
2179 825 2255 895 τῷ
2282 824 2552 897 ὑπουργὸς
2581 824 2834 895 ἀκριϐὴς,
2858 823 2911 876 τί
2938 822 3124 876 διοίσει
3151 822 3258 875 τῶν
3281 821 3693 891 λειτουργικῶν

2093 917 2418 987 πνευμάτων
2444 958 2459 981 ,
2504 916 2809 987 ἀμέμπτως
2842 915 2902 967 τὸ
2933 914 3091 986 ἔργον
3117 915 3216 983 τῆς
3247 913 3522 977 διακονίας
3560 914 3688 967 ἐπι-

2089 1004 2426 1071 τελούντων;
2460 1004 2559 1057 Διά
2604 1004 2780 1057 ταῦτα
2828 1002 2905 1073 τῷ
2965 1002 3274 1072 γεννηθεὶς
3305 1002 3367 1054 τὸ
3406 1005 3693 1066 κτισθεὶς

2092 1098 2345 1167 συνῆψεν,
2395 1097 2482 1151 ἵνα
2532 1096 2823 1150 κάντεῦθεν
2883 1094 3153 1166 μηδεμίαν
3194 1091 3359 1149 οὖσαν
3408 1094 3547 1147 Υίοῦ
3586 1096 3693 1149 καὶ

2089 1188 2381 1257 κτίσματος
2407 1186 2670 1259 διαφορὰν
2699 1186 2962 1258 ἐπιδείξῃ.

2160 1372 2254 1429 22.
2292 1372 2474 1439 ’Δξιον
2499 1372 2555 1427 δὲ
2577 1371 2806 1426 ἀκοῦσαι
2838 1375 2933 1426 καὶ
2950 1371 3050 1442 τῆς
3081 1372 3474 1442 παραινέσεως.

2157 1558 2319 1613 ΕΥΝ.
2381 1556 2458 1612 Οὑ
2504 1556 2631 1628 χρὴ,
2693 1556 2848 1628 φησὶ,
2890 1559 2957 1628 τῇ
2995 1553 3088 1609 τοῦ
3145 1554 3357 1626 Πατρὸς
3421 1556 3521 1607 καὶ
3581 1555 3686 1608 τοῦ

2088 1650 2219 1706 Υίοῦ
2243 1649 2354 1723 (59)
2377 1651 2742 1724 προσέχοντας
2767 1652 3107 1724 προσηγορίᾳ
3130 1651 3225 1704 ἀνθ
3236 1650 3483 1722 ρωπικὴν
3502 1650 3685 1703 αὑτοῦ

2090 1744 2187 1814 τὴν
2222 1744 2475 1815 γέννησιν
2508 1746 2728 1809 ἐννοεῖν,
2781 1746 2891 1799 κάκ
2926 1746 3034 1799 τῶν
3064 1747 3122 1799 ὲν
3159 1743 3470 1815 ἀνθρώποις
3511 1746 3683 1812 γενέ-

2092 1850 2228 1886 σεων
2275 1833 2670 1902 ἀναγομένους,
2695 1837 2806 1899 τοῖς
2831 1836 2933 1905 τῆς
2968 1835 3254 1905 μετουσίας
3297 1833 3407 1907 (60)
3442 1835 3685 1906 ὀνόμασι

2090 1927 2187 1980 καὶ
2219 1924 2451 1980 πάθεσιν
2468 1926 2702 1994 ὑπάγειν
2733 1926 2824 1979 τὸν
2850 1926 3000 1980 Θεόν.

2160 2016 2307 2070 ΒΑΣ.
2364 2018 2428 2069 Ἡ
2475 2018 2572 2087 μὲν
2631 2017 2981 2089 παραίνεσις,
3023 2016 3096 2089 μὴ
3133 2017 3242 2070 δεῖν
3276 2016 3372 2089 τὴν
3414 2017 3544 2070 κατ’
3592 2019 3688 2070 οὑ-

2092 2107 2213 2161 σίαν
2248 2106 2377 2160 Υἱοῦ
2431 2108 2524 2160 καὶ
2555 2108 2769 2178 Πατρὸς
2793 2108 3084 2178 ὁμοιότητα
3122 2110 3339 2163 ἐννοεῖν.
3366 2106 3549 2161 Τοῦτο
3570 2108 3687 2178 γὰρ

2090 2199 2236 2271 αὑτῷ
2288 2200 2531 2270 βούλεται
2573 2204 2604 2272 ἡ
2652 2202 2750 2271 τῆς
2804 2201 3090 2271 μετουσίας
3138 2201 3552 2272 ἀπαγόρευσις,
3603 2202 3684 2263 ὡς

2089 2293 2450 2363 ἁκοινωνήτου
2502 2291 2601 2362 τῆς
2635 2292 2727 2344 τοῦ
2781 2292 2991 2363 Πατρὸς
3027 2293 3213 2356 οὑσίας
3258 2292 3395 2363 πρὸς
3429 2293 3536 2362 τὴν
3582 2293 3683 2345 τοῦ

2089 2381 2427 2450 Μονογενοῦς
2462 2382 2830 2454 ὑπαρχούσης.
2867 2383 2966 2436 Διά
3009 2382 3182 2438 ταῦτα.
3221 2384 3333 2454 (61)
3365 2384 3425 2435 αἱ
3475 2386 3684 2453 σεμναὶ

2092 2477 2295 2528 ἐκεῖναι
2331 2474 2440 2527 τῶν
2473 2475 2750 2545 ὀνομάτων
2784 2475 3077 2540 διαστολαὶ,
3108 2469 3183 2530 ὧν
3208 2476 3299 2529 τὸν
3325 2475 3485 2547 ὄχλον
3515 2479 3683 2547 ἡμεῖς

2090 2568 2461 2640 ὑπερέϐημεν·
2491 2568 2566 2632 ὡς
2610 2567 2731 2638 οὑχὶ
2758 2568 2897 2621 ὅσων
2948 2570 3002 2620 αἱ
3036 2570 3368 2639 ἐκφωνήσεις
3397 2571 3457 2621 αἱ
3486 2569 3682 2628 αὑταὶ,

2088 2662 2258 2715 ταῦτα
2300 2661 2395 2714 καὶ
2418 2660 2497 2731 τῷ
2531 2662 2911 2731 σημαινομένῳ
2950 2661 3048 2731 ῆδη
3088 2660 3289 2725 ταυτά,
3330 2660 3421 2714 ἵνα
3456 2661 3522 2714 τὸ
3570 2663 3686 2716 Πα-

2087 2758 2221 2828 τέρα
2251 2752 2388 2810 εἷναι
2420 2755 2514 2810 τοῦ
2548 2756 2680 2810 Υίοῦ
2712 2756 2801 2810 τὸν
2832 2755 2963 2808 Θεὸν
3005 2756 3093 2808 διά
3123 2756 3250 2817 τοὺς
3284 2753 3378 2807 ἐπὶ
3419 2756 3533 2826 γῆς
3580 2774 3686 2810 πα-

2088 2849 2253 2919 τέρας
2307 2846 2737 2919 ὀνομαζομένους
2788 2847 3074 2916 ἀφέληται.
3130 2844 3269 2913 Ἐγὼ
3313 2844 3405 2908 δὲ,
3460 2847 3685 2901 πολλῶν

2089 2940 2279 3002 ὄντων,
2318 2939 2354 2994 ἃ
2413 2939 2504 2994 τὸν
2556 2938 2983 3011 Χριστιανισμὸν
3034 2937 3144 2991 ἀπὸ
3198 2938 3297 3008 τῆς
3350 2937 3683 3009 Ἑλληνικῆς

417 3039 593 3079 smum
626 3039 656 3077 a
705 3024 893 3093 gentili
933 3039 1123 3079 errore
1152 3039 1216 3079 ac
1243 3023 1465 3081 Judaica
1502 3028 1807 3097 ignorantia
1856 3031 1989 3085 diri-

2098 3030 2299 3100 πλάνης
2334 3030 2428 3085 κα)⁸
2472 3031 2568 3102 τῆς
2611 3030 2908 3100 Ἰουδαϊκῆς
2948 3029 3224 3097 ἀγνωσίας
3259 3029 3561 3100 διίστησιν.
3590 3032 3679 3087 οὑ.

415 3124 583 3182 mant,
612 3115 819 3175 nullum
853 3116 1094 3172 arbitror
1120 3116 1172 3170 in
1219 3125 1418 3172 nostrae
1457 3118 1648 3175 salutis
1694 3120 1987 3192 Evangelio

414 3206 595 3260 inesse
642 3206 820 3272 potius
857 3218 923 3267 ac
964 3201 1139 3272 majus
1189 3205 1404 3271 dogma,
1453 3220 1617 3275 quam
1661 3207 1718 3261 in
1769 3207 1985 3264 Patrem

414 3309 469 3350 et
503 3294 701 3351 Filium
737 3294 920 3357 ﬁdem.
949 3293 1084 3349 Nam
1125 3295 1208 3350 vel
1242 3296 1279 3350 ii
1312 3297 1403 3371 qui
1444 3311 1769 3368 quocunque
1802 3314 1990 3361 errore

416 3387 579 3442 scissi
608 3396 758 3452 sunt,
802 3388 969 3441 Deum
1000 3397 1302 3441 creatorem
1337 3403 1401 3441 ac
1431 3390 1681 3458 opiﬁcem
1712 3405 1831 3447 esse
1859 3406 1990 3448 con-

420 3481 667 3533 titentur.
719 3478 822 3546 Qui
878 3493 1009 3534 vero
1068 3477 1205 3533 falso
1257 3481 1589 3549 appellatum
1627 3481 1887 3551 Patrem,
1937 3494 1992 3541 et

416 3572 611 3627 Filium
646 3574 789 3627 nuda
845 3573 1209 3644 appellatione
1258 3575 1555 3643 praedicat,
1592 3577 1835 3648 nihilque
1883 3577 1990 3632 dif-

415 3668 562 3723 ferre
609 3667 929 3732 arbitratur,
963 3666 1043 3720 vel
1079 3664 1294 3720 Patrem
1336 3665 1418 3718 vel
1475 3676 1776 3721 creatorem
1826 3667 1993 3736 proli-

415 3760 538 3823 teri,
563 3766 617 3812 et
643 3766 737 3812 aut
765 3759 959 3812 Filium
992 3767 1085 3811 aut
1120 3757 1384 3811 facturam
1414 3758 1622 3830 dicere,
1651 3760 1742 3814 ubi
1775 3775 1806 3813 a
1837 3760 1993 3815 nobis

415 3851 805 3907 collocabitnr?
841 3861 935 3906 aut
982 3866 1090 3920 qua
1139 3852 1193 3919 in
1242 3861 1389 3906 secta
1441 3852 1849 3906 numerabitur?
1893 3851 1990 3909 Ju-

414 3943 723 3999 dzeorumne
764 3959 832 3996 an
877 3945 1163 4012 gentium?
1211 3941 1321 3999 Nec
1370 3944 1517 3998 enim
1562 3942 1892 4000 Christianis
1934 3961 1994 4000 se

415 4034 689 4102 adiunget,
719 4036 810 4104 qui
847 4036 1062 4104 pietatis
1095 4036 1262 4089 robur
1285 4044 1338 4089 et
1376 4035 1524 4091 velut
1575 4035 1852 4105 religionis
1895 4053 1994 4092 no-

417 4136 541 4180 straa
570 4127 940 4182 characterem
970 4127 1262 4183 inliciatur.
1307 4126 1424 4183 Non
1460 4128 1607 4185 enim
1644 4131 1697 4184 in
1744 4129 1990 4198 Opiﬁcem

417 4217 769 4284 credidimus,
799 4229 854 4272 et
891 4219 944 4272 in
978 4217 1242 4283 facturam
1273 4238 1286 4272 :
1330 4220 1424 4273 sed
1470 4223 1521 4274 in
1559 4220 1774 4275 Patrem
1808 4232 1863 4276 et
1908 4222 1994 4277 Fi—

418 4308 548 4360 lium
580 4322 677 4377 per
702 4308 955 4377 baptismi
987 4309 1219 4377 gratiam
1257 4309 1527 4379 obsignati
1560 4325 1770 4365 sumus.
1799 4309 1993 4378 Quam-

2087 3124 2173 3176 δὲν
2205 3122 2445 3193 ἡγοῦμαι
2491 3122 2825 3193 κυριώτερον
2872 3122 3048 3193 δόγμα
3078 3121 3176 3191 τῆς
3202 3122 3283 3184 εἰς
3314 3122 3545 3193 Πατέρα
3591 3124 3686 3177 καὶ

2090 3216 2218 3269 Υἱὸν
2265 3215 2503 3278 πίστεως
2554 3215 2632 3284 τῷ
2682 3213 2999 3284 Εὑαγγελίῳ
3054 3214 3152 3284 τῆς
3198 3213 3481 3284 σωτηρίας
3519 3215 3686 3284 ἡμῶν

2092 3310 2416 3379 ἐνυπάρχειν
2447 3308 2577 3378 (6‘2).
2620 3307 2769 3359 Ἐπεὶ
2805 3306 2863 3358 τό
2893 3322 2957 3374 γε
2992 3305 3217 3376 κτίστην
3257 3299 3399 3358 εῗναι
3451 3306 3555 3358 καὶ
3589 3307 3686 3377 δη-

2094 3399 2350 3472 μιουργὸν
2388 3399 2481 3454 τὸν
2509 3398 2644 3453 Θεὸν
2669 3398 2763 3451 καὶ
2791 3398 2841 3450 οἱ
2871 3396 2991 3450 καθ’
3028 3396 3427 3467 ὁποιανδήποτε
3463 3397 3688 3468 πλάνην

2091 3491 2478 3562 ἀπεσχισμένοι
2525 3489 2879 3544 συντίθενται.
2917 3489 2974 3541 Ὁ
3024 3487 3080 3540 δὲ
3131 3486 3355 3558 Πατέρα
3403 3487 3692 3557 ψευδώνυ-

2094 3602 2212 3655 μον,
2245 3584 2340 3637 καὶ
2396 3581 2720 3652 Υἰὸν’μέχρι
2767 3578 3138 3651 προσηγορίας
3174 3577 3337 3648 ψιλῆς
3392 3577 3513 3649 (65)
3554 3598 3692 3634 κατ-

2091 3676 2389 3745 ἀγγέλλων,
2452 3676 2547 3728 καὶ
2604 3672 2757 3726 οὑδὲν
2808 3670 3108 3741 ἡγούμενος
3156 3669 3456 3741 διαφέρειν,
3497 3671 3537 3742 ἢ
3579 3674 3693 3725 Πα-

2091 3770 2223 3839 τέρα
2279 3766 2558 3838 ὁμολογεῖν
2630 3764 2664 3834 ἢ
2746 3764 2991 3833 κτίστην,
3063 3764 3156 3817 καὶ
3216 3765 3337 3834 ἦτοι
3396 3763 3535 3816 Υξὸν
3604 3764 3691 3817 λέ-

2092 3875 2210 3927 γειν
2251 3856 2285 3928 ἢ
2320 3855 2565 3926 ποίημα,
2608 3853 2709 3906 ποῦ
2755 3853 3035 3919 τετάξεται
3085 3856 3213 3924 παρ’
3253 3852 3447 3923 ὴμῶν;
3500 3854 3539 3923 ἢ
3589 3855 3693 3923 τῆς

2094 3949 2254 4013 ποίας
2306 3944 2444 4001 εἶναι
2487 3945 2702 4018 μερίδος
2734 3946 3176 4018 ἀριθμηθήσεται
3207 3945 3353 4015 (64);
3398 3946 3504 4015 τῆς
3536 3948 3695 4025 ’Ἰου-

2092 4040 2277 4103 δαίων,
2323 4039 2356 4108 ἢ
2416 4039 2513 4109 τῆς
2568 4036 2867 4108 Ἑλλήνωνς
2918 4040 2993 4090 Οὑ
3055 4036 3165 4107 γὰρ
3217 4035 3281 4106 δὴ
3325 4036 3695 4106 Χριστιανοξ
3746 4110 3753 4115 Ι

2093 4132 2282 4185 ἑαυτὸν
2315 4132 2633 4201 είσποιήσει,
2659 4131 2688 4182 ὁ
2720 4129 2818 4200 τὴν
2847 4129 3072 4200 δύναμιν
3102 4128 3202 4198 τῆς
3236 4127 3558 4193 εὐσεϐείας,
3592 4131 3693 4184 καὶ

2091 4225 2183 4277 τὸν
2225 4223 2385 4276 οἱονεὶ
2419 4222 2739 4293 χαρακτῆρα
2768 4221 2866 4291 τῆς
2909 4220 3158 4292 λατρείας
3201 4218 3360 4289 ήμῶν
3395 4221 3695 4291 ἀρνούμε-

2093 4333 2181 4378 νος
2207 4315 2339 4384 (63).
2365 4314 2437 4367 Οὑ
2467 4312 2576 4382 γὰρ
2601 4313 2681 4374 εἰς
2711 4312 3039 4383 δημιουργὸν
3068 4311 3164 4363 καὶ
3190 4310 3404 4380 ποίημα
3436 4312 3701 4364 ἐπιστεύ-

415 4402 601 4455 obrem
641 4401 732 4470 qui
766 4403 863 4455 has
895 4401 1125 4470 rejicere
1156 4414 1319 4455 voces
1351 4402 1536 4464 audet,
1580 4415 1795 4481 omnem
1829 4402 1988 4455 simul

2098 4422 2297 4476 σαμενο
2347 4404 2462 4459 ἀλλ’
2502 4405 2583 4466 εἰς
2634 4402 2853 4474 Πατέρα
2901 4404 2998 4457 καὶ
3048 4401 3177 4455 Υίὸν
3217 4401 3305 4454 διὰ
3351 4401 3454 4471 τῆς
3503 4403 3574 4454 ὲν
3616 4405 3700 4475 τῷ

417 4492 827 4563 Evangeliorum
868 4492 973 4546 vim
1021 4491 1149 4547 facit
1197 4492 1430 4554 irritam,
1463 4503 1586 4546 cum
1630 4506 1734 4547 nec
1772 4492 1986 4547 Patrem

2098 4495 2436 4566 βαπτίσματι
2461 4493 2682 4564 χάριτος
2712 4490 3174 4564 ὲσφραγίσθημεν.
3204 4491 3437 4550 Ὣστε,ὀ
3474 4492 3699 4556 ταύτας

416 4595 800 4658 generantem,
844 4600 943 4639 nec
988 4583 1184 4638 Filium
1251 4584 1491 4653 genitum
1558 4585 1831 4653 praedicet.
1883 4586 1986 4640 Sed

2098 4585 2309 4657 τολμῶν
2349 4584 2560 4639 ἀθετεῖν
2579 4582 2695 4646 τὰς
2746 4582 2929 4652 φωνὰς
2973 4584 3151 4636 πᾶσαν
3180 4572 3327 4653 όμοῦ
3384 4585 3698 4654 παραγρά-

416 4678 531 4732 haec
593 4676 736 4743 dico,
787 4676 995 4745 inquit,
1049 4685 1110 4730 ut
1159 4676 1432 4746 passionis
1496 4676 1908 4748 intelligentiam
1959 4692 1989 4730 e

2099 4697 2187 4746 φει
2231 4677 2341 4749 (66)
2372 4677 2480 4731 τῶν
2509 4675 2856 4745 Εὑαγγελίων
2901 4675 3001 4746 τὴν
3032 4674 3280 4746 δύναμιν,
3326 4675 3563 4747 Πατέρα
3618 4677 3699 4749 μὴ

488 4894 599 4966 (58)
635 4893 774 4966 ΕιΙίιίί
806 4893 965 4947 τοῦτο
996 4893 1053 4947 δὲ
1086 4893 1256 4963 αὑτῲ.
1282 4892 1485 4949 Vocula
1527 4894 1587 4946 δέ
1619 4895 1778 4950 abest
1808 4909 1839 4948 a
1897 4910 1995 4951 no-

418 4968 545 5020 stris
573 4965 872 5019 codicibus.
1525 5011 1530 5017 .

489 5036 602 5108 (59)
632 5033 1052 5108 Librihvetems,
1086 5034 1184 5108 xui.
1212 5033 1365 5108 Ϊίοῦ.
1400 5033 1565 5108 Ειιίιί,
1590 5034 1684 5108 κα).
1710 5034 1804 5089 τοῦ
1841 5033 1992 5108 Υἱοῦ.

419 5103 621 5162 Ibidem
646 5106 699 5159 in
733 5105 895 5159 editis
926 5105 1125 5174 legitur
1157 5103 1511 5174 ἀνθρωπίνην
1537 5121 1551 5158 :
1584 5106 1676 5158 sed
1708 5107 1759 5158 in
1794 5107 1996 5161 nostris

418 5177 698 5232 radicibus
713 5176 973 5243 scriptum
988 5173 1338 5239 invenimus,
1361 5173 1745 5244 ἀνθρωπικήν.

487 5246 603 5317 (60)
644 5245 880 5317 Basilius
911 5246 1069 5317 docet
1122 5244 1400 5317 aliquanto
1431 5243 1617 5317 infra,
1668 5243 1995 5317 Eunomium

415 5313 601 5388 vocem
628 5314 887 5386 μετουσία
918 5329 1025 5388 non
1050 5314 1125 5368 ita
1147 5315 1418 5388 accipere,
1450 5321 1509 5367 ut
1538 5314 1809 5388 signiﬁcet
1846 5329 1998 5369 coni-
2109 5387 2115 5388 γ
2167 5316 2282 5388 (65)
2320 5317 2541 5388 Antiqu_i
2586 5331 2680 5370 sex
2703 5316 2847 5388 ‘libri
2897 5331 3030 5388 cum_
3071 5315 3310 5370 editione
3338 5313 3475 5388 Yen.
3517 5318 3701 5388 ἡμῶν

422 5384 732 5463 inunionem
785 5384 1109 5455 quamlibet,
1161 5384 1257 5439 sed
1306 5384 1745 5438 communionem
1804 5397 1994 5439 essen-
2096 5384 2672 5463 ἀρνούμενοςζΕιιὶιὶο
2703 5385 2876 5443 Paris.
2901 5395 2956 5441 et
3000 5385 3133 5457 Reg.
3162 5386 3437 5443 secundus
3467 5384 3694 5460 μῆᾶς-

418 5457 525 5508 tia.

2098 5457 2186 5508 νοὺ
2196 5474 2373 5510 μενος.

488 5475 601 5591 ibi)
639 5524 821 5581 Codex
870 5539 1009 5579 unus
1052 5538 1175 5580 cum
1207 5523 1368 5580 editis
1418 5522 1507 5576 διὰ
1554 5522 1731 5579 τοῦτο.
1785 5520 1989 5592 Reliqui

489 5609 510 5644 ι
546 5609 676 5648 mss.
703 5595 792 5648 διὰ
820 5595 1014 5647 ταῦτα.

2098 5475 2547 5649 νῗῖίῆξῖοὲὸόἰροε
2575 5542 2680 5602 non
2716 5527 2873 5603 pauci
2902 5527 3220 5605 διαγράφει,
3240 5542 3403 5585 sensu
3436 5541 3548 5582 non
3589 5528 3701 5585 dis-

2098 5612 2215 5649 sum
2244 5614 2279 5649 Ι.

418 5606 510 5647 set
546 5609 676 5648 mss.
703 5599 792 5648 διὰ
820 5599 1014 5647 ταῦτα.

2098 5599 2279 5653 simili.

491 5663 601 5733 (62)
644 5664 783 5719 Edili
808 5665 1159 5737 ἐνυπάρχειν.
1193 5665 1372 5720 Editio
1402 5664 1533 5719 Ven.
1561 5674 1614 5718 et
1662 5674 1868 5732 septem
1909 5678 1997 5717 no-

2092 4899 2189 4953 stri
2208 4912 2354 4967 mss.
2379 4897 2664 4967 ὑπάρχειν.

2164 4966 2279 5038 (65)
2316 4967 2461 5040 lteg.
2496 4964 2733 5034 quartus
2780 4965 2832 5040 in
2889 4974 3175 5040 contextu,
3222 4964 3387 5034 ψιλῆς
3443 4970 3646 5040 φωνῆς
3677 4985 3697 5023 ε

2095 5038 2148 5091 in
2175 5033 2284 5089 ‘ora
2315 5033 2460 5103 libri,
2488 5033 2863 5106 προσηγορίας
2894 5034 3077 5105 ψιλῆς.

2167 5106 2281 5177 (64)
2318 5106 2502 5162 Codex
2533 5103 2761 5177 unuset
2804 5103 2931 5177 editi
2981 5103 3549 5177 abvgpteuqOﬁasmt.
3582 5108 3696 5162 Alii

2095 5170 2191 5232 sei
2239 5170 2372 5231 mss.
2400 5176 2855 5248 ἀριθμηθήσεται.
2892 5174 3006 5230 Vox
3042 5170 3185 5229 εἶναι
3215 5170 3389 5231 'deest
3444 5177 3499 5230 in
3550 5193 3697 5247 qua-

2096 5257 2220 5301 tuor
2247 5247 2546 5301 codicibus.

2096 5257 2220 5301 tuor
2247 5247 2546 5301 codicibus.
