3956 6216
279 305 377 358 6⁸21
1381 316 1758 371 ΑΙΠΕΠΞΙΞΞ
1801 318 1864 373 ΕΙ

1978 318 2109 373 ibi")
2122 320 2169 373 Μ
2212 318 2340 373 LIB.
2383 317 2444 373 ll.

3437 321 3545 378 622

279 429 644 499 γεννήσαντα,
699 432 793 483 καὶ⁴
848 431 974 483 Υίὸν
1031 432 1105 503 μὴ
1154 436 1482 505 γεννηθέντα
1549 440 1857 508 κηρύσσων.

1978 441 2144 496 Patris
2179 457 2312 495 voce
2341 448 2686 496 enascenlem
2724 439 2946 508 fugiam.
3002 440 3199 496 Verum
3253 442 3543 509 oportebat

293 516 452 570 Ἀλλὰ
484 518 654 570 ταῦτα
694 520 836 588 λέγω
871 520 1016 590 (67),
1057 525 1209 592 φησὶ,
1244 525 1342 595 τὴν
1382 526 1476 584 τοῦ
1526 529 1731 592 πάθους
1775 531 1860 582 ἒν-

279 624 426 661 νοιαν
461 611 558 681 τὴν
601 613 664 663 ἐκ
707 613 806 682 τῆς
862 613 955 665 τοῦ
999 614 1212 686 Πατρὸς
1267 618 1450 687 φωνῆς
1506 620 1861 692 ἐγγινομένην

277 700 559 754 ἐκκλίνων.
599 703 797 775 Ἐχρῆν
845 704 901 757 δὲ
947 705 1120 776 δήπου
1167 707 1260 760 τόν
1305 727 1368 776 γε
1403 711 1648 763 εὐσεϐεῖν
1691 714 1859 780 ἐγνω-

277 791 442 851 κότα,
485 793 544 844 τὸ
597 794 938 864 ἀπεμςραῖνον
984 796 1084 865 τῆς
1134 800 1192 849 ἐν
1234 803 1344 863 τοῖς
1393 802 1598 870 ῥήμασι
1655 802 1862 864 τούτοις

273 881 535 944 διανοίας,
566 882 618 934 εἴ
643 900 694 934 τι
736 884 843 955 ἄρα
879 885 975 940 καὶ
1022 888 1313 960 ἐνυπῆρχε,
1359 891 1856 961 παραιτησάμενον,

279 975 352 1041 μὴ
389 973 567 1024 πᾶσαν
611 973 822 1043 ἁθρόως
855 975 952 1047 τὴν
987 978 1168 1048 φωνὴν
1197 979 1436 1043 ἀθετεῖν,
1464 982 1600 1050 μηδὲ
1629 986 1695 1053 τῇ
1729 1001 1862 1053 προ-

277 1063 440 1132 φάσει
469 1065 563 1116 τοῦ
593 1066 874 1135 ἀπρεποῦς
915 1070 1102 1122 καὶτὸ
1146 1071 1270 1124 ὅσον
1309 1073 1404 1126 ἀπ’
1449 1075 1619 1144 αὐτῆς
1667 1079 1858 1147 χρήσι-

280 1171 378 1224 μον
419 1157 830 1210 συνεκϐάλλειν·
865 1159 978 1212 ἀλλ’
1014 1160 1121 1214 ἀπὸ
1166 1162 1264 1232 μὲν
1299 1163 1407 1215 τῶν
1451 1165 1720 1222 ταπεινῶν
1768 1169 1860 1220 καὶ

279 1246 557 1317 σαρκικῶν
585 1250 868 1319 νοημάτων
904 1256 961 1303 εν
994 1255 1106 1314 τοῖς
1147 1256 1272 1325 περὶ
1305 1255 1440 1308 Θεοῦ
1478 1243 1709 1327 δόγμασι
1758 1276 1860 1312 κα-

282 1340 566 1410 θαρεύειν,
607 1342 860 1413 γέννησιν
889 1344 944 1396 δὲ
989 1348 1054 1415 τῇ
1085 1347 1363 1419 ἁγιωσύνῃ
1395 1349 1487 1403 καὶ
1527 1354 1593 1421 τῇ
1631 1352 1858 1424 ὰποθείᾳ

280 1434 374 1486 τοῦ
414 1434 548 1487 Θεοῦ
590 1437 908 1506 πρέπουσαν
936 1440 1168 1500 ἐννοεῖν·
1207 1441 1296 1493 τὸν
1342 1443 1440 1512 μὲν
1472 1442 1693 1514 τρόπον,
1740 1446 1857 1498 καθ’

279 1529 336 1580 ὃν
385 1529 672 1596 ἐγέννησεν
704 1532 732 1582 ὁ
768 1528 918 1594 Θεὸς,
961 1531 1035 1594 ὡς
1068 1531 1304 1603 ἄρρητον
1355 1534 1448 1586 καὶ
1502 1535 1859 1606 ἁπερινόητον

279 1621 530 1690 ἀφιέντα,
561 1621 696 1692 πρὸς
723 1621 778 1673 δὲ
811 1621 906 1691 τὴν
938 1622 1055 1676 κατ’
1099 1624 1288 1676 οὐσίαν
1327 1625 1623 1694 ὁμοιότητα
1653 1628 1717 1678 ἐκ
1761 1627 1858 1695 τῆς

278 1712 374 1766 τοῦ
418 1714 609 1782 γεννᾷν
645 1713 1018 1784 προσηγορίας
1038 1715 1428 1785 ὁδηγούμενον,
1461 1717 1718 1786 Καίτοιγε
1758 1736 1860 1787 φα-

279 1806 434 1876 νερὸν
467 1807 841 1876 σκοπουμένῳ,
869 1808 950 1861 ὅτι
985 1808 1046 1860 οὑ
1080 1809 1408 1875 σωματικῶν
1435 1809 1626 1862 παθῶν
1657 1810 1862 1876 κυρίως

280 1899 374 1951 καὶ
415 1897 645 1969 πρώτως
678 1898 886 1952 ἔννοιαν
925 1901 1173 1969 ἐμποιεῖν
1211 1903 1368 1954 ταυτὶ
1406 1902 1616 1970 πέφυκε
1651 1901 1717 1954 τὰ
1746 1901 1858 1954 ὀνό-

283 2008 450 2064 ματα,
478 1992 506 2043 6
536 1989 736 2062 πατὴρ,
781 1991 943 2059 λέγω,
985 1991 1079 2045 καὶ
1119 1993 1147 2043 6
1174 1992 1288 2054 υἱός
1310 2010 1322 2022 ·
1358 1993 1496 2046 ἀλλὰ
1543 1995 1664 2046 καθ’
1692 1996 1860 2048 ἑαυτὰ

284 2082 382 2151 μὲν
424 2082 712 2152 λεγόμενα,
756 2083 856 2153 τὴν
911 2084 1046 2154 πρὸς
1094 2083 1300 2154 ἄλληλα
1363 2086 1546 2156 σχέσιν
1589 2087 1859 2141 ἐνδείκνυ-

279 2193 369 2227 ται
413 2176 522 2245 (68)
561 2177 746 2247 μόνην.
796 2177 985 2246 Πατὴρ
1027 2177 1124 2246 μὲν
1159 2177 1267 2248 γάρ
1311 2180 1459 2232 ἐστιν
1492 2182 1520 2233 6
1559 2180 1730 2251 ἑτέρῳ
1767 2180 1861 2232 τοῦ

1970 547 2092 583 eum
2121 531 2212 600 qui
2246 531 2330 600 pie
2378 545 2539 598 agere
2569 533 2872 592 statuisset,
2903 531 3164 584 absonum
3203 531 3393 586 horum
3429 547 3547 585 ver-

1972 622 2160 674 borum
2195 635 2436 685 sensum,
2466 622 2510 676 si
2543 623 2632 691 qui
2672 632 2848 676 tamen
2886 623 3077 684 inerat,
3106 623 3404 690 adversari,
3438 640 3545 677 non

1972 721 2138 767 totam
2199 714 2363 768 simul
2418 729 2605 768 vocem
2677 717 3009 784 reprobare;
3068 729 3244 784 neque
3305 715 3542 770 indecori

1969 805 2216 873 obtentu,
2246 806 2509 875 quidquid
2542 809 2609 860 ab
2639 822 2702 860 ea
2732 808 2942 860 accedit
2989 807 3262 872 utilitatis,
3297 807 3346 860 id
3383 804 3544 859 simul

1973 898 2197 964 rejicere
2240 917 2252 952 :
2290 900 2385 952 sed
2427 907 2485 951 ut
2525 899 2592 952 ab
2649 898 2945 954 humilibus
2985 899 3402 966 carnalibusque
3453 913 3544 951 co-

1969 989 2318 1058 gitationibus
2360 990 2410 1046 in
2461 989 2661 1043 divinis
2719 990 2986 1060 dogmatis
3029 1005 3221 1059 purum
3270 1005 3422 1054 esse,
3469 991 3541 1042 ita

1974 1082 2378 1148 generationem
2414 1082 2686 1135 sanctitati
2727 1092 2889 1150 atque
2934 1082 3163 1150 apathiae
3213 1081 3302 1134 Dei
3349 1095 3545 1135 conve—

1970 1177 2205 1229 nieutem
2259 1174 2596 1242 intelligere:
2630 1174 2764 1226 adeo
2816 1182 2873 1225 ut
2909 1175 3126 1226 modum
3182 1171 3397 1239 quidem
3437 1186 3543 1238 quo

1969 1266 2110 1320 Deus
2152 1267 2357 1334 genuit,
2403 1275 2656 1333 tanquam
2690 1267 2777 1333 qui
2819 1264 3109 1318 iueﬂ‘abilis
3139 1279 3202 1318 ac
3234 1264 3546 1332 incompre-

1970 1359 2252 1413 hensibilis
2287 1359 2379 1422 sit,
2428 1359 2905 1427 praetermitteret,
2953 1357 3021 1410 ad
3064 1354 3383 1410 substantiae
3415 1368 3543 1407 veto

1968 1450 2373 1504 similitudinem
2421 1464 2519 1517 per
2565 1450 2859 1519 generandi
2914 1447 3324 1517 appellationem
3373 1445 3542 1500 dedu-

1969 1551 2205 1596 ceretur.
2234 1540 2554 1609 Quanquam
2589 1541 2935 1610 perspicuum
2967 1549 3052 1594 est
3086 1538 3381 1607 reputanti,
3429 1537 3542 1591 huic

1969 1636 2222 1700 nomina,
2280 1644 2435 1704 pater
2479 1644 2535 1691 et
2570 1634 2733 1697 ﬁlius,
2778 1634 3139 1704 corporalium
3195 1632 3538 1686 atlectionuin

1968 1726 2351 1796 cogitationem
2413 1727 2628 1796 proprie
2671 1742 2735 1779 ac
2769 1726 3028 1795 primario
3074 1741 3264 1795 parere
3299 1740 3403 1778 non
3453 1739 3543 1778 so-

1895 1816 1934 1868 B
1965 1817 2078 1871 lere
2117 1835 2129 1870 :
2169 1820 2262 1873 sed
2299 1833 2420 1873 cum
2469 1833 2564 1886 per
2609 1833 2670 1874 se
2713 1820 2828 1872 sola
2865 1819 3141 1883 dicuntur,
3181 1818 3354 1872 solum
3390 1815 3535 1870 habi-

1970 1918 2081 1963 tum
2118 1920 2361 1975 mutuum
2397 1911 2657 1964 indicare.
2711 1908 2871 1962 Pater
2905 1907 3048 1962 enim
3081 1917 3192 1972 est,
3241 1906 3330 1976 qui
3385 1906 3538 1959 alteri

1967 2002 2267 2056 exsistendi
2328 2002 2652 2070 principium
2702 2001 3001 2056 secundum
3053 2000 3286 2054 similem
3334 1999 3540 2068 sibiipsi

1976 2103 2224 2146 naturam
2257 2092 2490 2146 contulit
2515 2110 2528 2144 :
2557 2091 2698 2146 ﬁlius
2727 2107 2874 2156 vero,
2905 2091 2994 2158 qui
3019 2106 3081 2144 ex
3115 2092 3220 2144 alio
3252 2105 3349 2158 per
3377 2105 3541 2159 gene—

1973 2182 2235 2237 rationem
2272 2182 2596 2251 principium
2627 2194 2683 2234 ut
2714 2182 2785 2236 sit
2821 2183 3029 2237 habuit.

279 2267 419 2324 εἶναι
449 2272 588 2325 κατὰ
614 2271 712 2342 τὴν
745 2273 935 2343 ὁμοίαν
983 2273 1160 2343 ἑαυτῷ
1191 2273 1355 2343 φύσιν.
1402 2276 1500 2346 τὴν
1543 2275 1716 2346 ἀρχὴν
1787 2277 2114 2348 παρασχών·
2149 2277 2264 2340 υίὸς
2294 2279 2352 2330 δὲ
2413 2281 2442 2330 ὁ
2504 2277 2563 2348 ἐξ
2629 2277 2814 2347 ἐτέρου
2842 2278 3113 2347 γεννητῶς
3137 2277 3232 2335 τοῦ
3271 2271 3406 2332 εἶναι
3447 2279 3541 2347 τὴν

277 2365 453 2436 ἀρχὴν
485 2366 754 2437 ἐσχηκώς.

350 2457 440 2511 25.
484 2458 654 2511 Ὅταν
691 2459 788 2528 μὲν
817 2454 907 2512 οὖν
937 2457 1282 2529 ἀκούσωμεν,
1311 2461 1393 2513 ὅτι
1434 2461 1719 2532 ἄνθρωπος
1755 2461 1868 2533 (69)

281 2548 480 2619 πατὴρ,
522 2550 642 2602 τότε
684 2553 776 2602 καὶ
814 2552 912 2621 τὴν
950 2550 1043 2604 τοῦ
1081 2551 1287 2615 πάθους
1321 2552 1530 2606 ἔννοιαν
1576 2554 1865 2625 προσλαμ-

282 2642 517 2710 ϐάνομεν
536 2659 548 2671 ο
584 2642 709 2694 ὅταν
739 2642 796 2694 δὲ
815 2685 827 2704 ,
857 2644 940 2695 ὅτι
975 2645 1002 2695 6
1035 2643 1167 2707 Θεὸς
1206 2645 1417 2716 Πατὴρ,
1446 2646 1539 2698 ἐπὶ
1559 2648 1657 2716 τὴν
1680 2647 1866 2717 ἀπαθῆ

284 2731 463 2785 αἰτίαν
496 2735 609 2795 τοῖς
659 2733 942 2803 λογισμοῖς
993 2735 1386 2806 ἀνατρέχομεν.
1425 2737 1482 2789 Ὁ
1511 2736 1590 2799 δὲ,
1625 2738 1719 2788 ἐπὶ
1768 2738 1867 2807 τῆς

284 2823 563 2892 ἐμπαθοῦς
590 2823 803 2891 φύσεως
831 2828 893 2895 τῇ
929 2826 1273 2897 προσηγορίᾳ
1304 2825 1476 2899 ταύτῃ
1507 2826 1861 2890 συνεθισθεὶς,

283 2916 346 2966 τὸ
393 2915 534 2984 ὑπὲρ
588 2915 687 2985 τὴν
723 2916 1027 2986 κατάληψιν
1079 2917 1186 2970 τῶν
1236 2917 1427 2970 ἑαυτοῦ
1481 2916 1757 2988 λογισμῶν
1789 2916 1864 2980 ῶς

2037 2461 2128 2514 25.
2151 2460 2356 2529 Itaque,
2389 2475 2510 2514 cum
2543 2459 2816 2522 audimus,
2850 2459 3120 2513 hominem
3153 2469 3361 2525 patrem
3393 2475 3537 2524 esse,

1970 2563 2096 2607 tunc
2129 2553 2321 2606 incidit
2367 2553 2524 2607 nobis
2555 2550 2777 2605 affectus
2811 2551 3067 2620 cogitatio
3096 2571 3107 2605 :
3149 2559 3206 2604 at
3253 2566 3382 2607 vero
3410 2568 3530 2606 cum

1968 2641 2136 2696 Deum
2166 2641 2402 2705 Patrem,
2429 2651 2539 2696 tum
2568 2643 2635 2696 ad
2665 2643 3052 2711 impassibilem
3087 2658 3305 2697 causam
3356 2655 3540 2698 mente

1973 2736 2294 2792 attollimur.
2322 2737 2616 2791 Eunomius
2647 2746 2828 2793 autem
2862 2739 3001 2791 hanc
3031 2737 3442 2806 appellationem
3476 2738 3564 2796 de.

1974 2826 2211 2894 subjecta
2271 2825 2646 2882 affectionibus
2717 2838 2905 2881 natura
2969 2830 3216 2898 accipere
3269 2839 3538 2893 assuetus,

1973 2919 2115 2988 quod
2152 2919 2376 2973 rationis
2405 2921 2521 2987 ejus
2558 2926 2770 2988 captum
2818 2929 3059 2989 superat,
3109 2921 3159 2972 id
3197 2929 3255 2972 ut
3291 2919 3542 2987 impossi-

284 3004 543 3058 ἀδύνατον
577 3007 925 3076 ἁπαρνεῖται.
961 3008 1035 3060 Οὐ
1069 3007 1199 3078 γάρ,
1231 3008 1307 3078 τῷ
1341 3008 1506 3062 πάθει
1551 3008 1658 3062 τῶν
1693 3009 1864 3080 φθαρ-

1978 3010 2080 3066 bile
2119 3019 2398 3081 pernegat.
2450 3009 2566 3064 Non
2614 3013 2756 3065 enim
2795 3027 2894 3080 par
2928 3023 3042 3066 erat
3078 3026 3231 3077 eum,
3276 3014 3542 3081 corrupti-

282 3099 391 3150 τῶν
441 3100 802 3169 προσέχοντα,
845 3102 913 3170 τῇ
967 3099 1207 3170 ἀπαθείᾳ
1268 3099 1360 3152 τοῦ
1421 3100 1556 3154 Θεοῦ
1619 3103 1869 3155 ἀπιστεῖν

285 3190 582 3259 προσῆκεν,
624 3190 762 3255 οὐδὲ,
794 3193 858 3260 τῇ
900 3193 1096 3261 ρευστῇ
1140 3191 1296 3259 φύσει
1330 3193 1424 3245 καὶ
1465 3192 1688 3263 μυρίαις
1737 3194 1869 3247 ὑπο-

288 3282 515 3354 κειμένῃ
553 3282 902 3351 μεταὸολαῖς,
934 3282 1033 3351 τὴν
1068 3285 1333 3354 ἄτρεπτον
1371 3285 1465 3338 καὶ
1515 3283 1869 3341 ἀναλλοίωτον

285 3375 468 3428 οὐσίαν
501 3375 869 3446 παρατιθέντα
905 3375 1034 3445 (70).
1081 3377 1218 3446 Μηδ⁹
1240 3378 1319 3429 ὅτι
1346 3377 1414 3429 τὰ
1443 3377 1614 3449 θνητὰ
1643 3377 1755 3442 ζῶα
1784 3378 1868 3430 διὰ

289 3467 490 3530 πάθους
538 3470 730 3538 γεννᾷ,
776 3469 870 3521 καὶ
910 3469 1002 3522 τὸν
1037 3469 1168 3522 Θεὸν
1203 3471 1378 3540 ἐχρῆν
1407 3469 1580 3533 οὕτως
1627 3470 1864 3524 οἴεσθαι·

287 3560 404 3612 ἀλλ’
430 3561 680 3614 ἐντεῦθεν
714 3562 912 3632 μᾶλλον
940 3563 1249 3634 ὁδηγεῖσθαι
1283 3565 1419 3635 πρὸς
1451 3564 1547 3634 τὴν
1577 3563 1866 3633 ἀλήθειαν·

289 3654 392 3719 ὅτι,
427 3655 616 3724 ἐπειδὴ
648 3655 716 3707 τὰ
746 3655 962 3727 φθαρτὰ
999 3656 1192 3720 οὕτως,
1223 3659 1250 3707 6
1285 3656 1561 3726 ἄφθαρτος
1588 3658 1866 3720 ἐναντίως.

289 3746 400 3796 Καὶ
435 3746 541 3815 μὴν
598 3746 717 3798 οὐδὲ
751 3748 928 3799 ἐκεῖνό
967 3764 1031 3816 γε
1078 3747 1142 3800 ἂν
1193 3749 1355 3808 εἴποι,
1407 3747 1480 3809 ὼς
1529 3747 1732 3818 κυρίως
1777 3749 1871 3800 καὶ

288 3836 521 3907 πρώτως
573 3839 664 3891 ἐπὶ
711 3838 818 3892 τῶν
859 3839 1160 3910 ἀνθρώπων
1201 3839 1556 3909 τεταγμένων
1600 3839 1709 3892 τῶν
1749 3841 1870 3892 ὀνο-

292 3931 476 4000 μάτων
501 3931 726 3993 τούτων,
750 3932 1204 4003 καταχρηστικῶς
1225 3934 1387 4001 ἡμεῖς
1410 3930 1732 4000 ἐπιλέγομεν
1755 3931 1870 4000 (7i)

288 4022 366 4092 τῷ
394 4023 533 4091 Θεῷ.
578 4024 634 4075 Ὀ
667 4025 776 4093 γάρ
807 4041 888 4076 τοι
935 4022 1136 4092 Κύριος
1179 4022 1336 4091 ἡμῶν
1375 4020 1581 4091 Ἰησοῦς
1614 4021 1869 4091 Χριστὸς,

290 4118 424 4185 πρὸς
458 4117 555 4187 τὴν
591 4116 808 4169 πάντων
858 4117 1031 4186 ἀρχὴν
1075 4116 1170 4168 καὶ
1205 4116 1303 4184 τὴν
1335 4114 1506 4183 ἁληθῆ
1552 4113 1662 4166 τῶν
1703 4113 1871 4167 ὄντων

290 4207 468 4257 αἰτίαν
517 4208 805 4274 ἐπανάγων
850 4209 1018 4277 ἡμᾶς,
1062 4206 1260 4274 ’Υμεῐς
1303 4205 1370 4257 δὲ
1410 4203 1497 4273 μὴ
1548 4203 1866 4270 καλέσητε,

293 4295 444 4364 φησι,
487 4295 713 4362 πατέρα
768 4294 933 4364 ὑμῶν
985 4296 1083 4348 ἐπὶ
1136 4293 1248 4363 τῆς
1299 4294 1440 4363 γῆς·
1471 4288 1560 4358 εἷς
1596 4291 1707 4362 γάρ
1739 4293 1868 4346 ἐστι

1973 3103 2159 3158 bilium
2212 3100 2556 3158 ali‘ectionem
2615 3103 3022 3170 attendentem,
3069 3113 3232 3173 atque
3286 3105 3542 3158 substan-

1973 3196 2101 3250 tiam
2148 3195 2538 3250 immutabilem
2591 3211 2656 3250 ac
2695 3195 3088 3250 inalterabilem
3139 3208 3345 3252 natura:
3386 3195 3544 3251 ﬂuxae

1972 3297 2026 3338 et
2064 3285 2369 3340 innumeris
2404 3285 2794 3340 mutationibus
2825 3287 3071 3340 obnoxiae
3111 3297 3540 3355 comparantem,

1971 3373 2139 3429 Deum
2195 3389 2299 3428 non
2356 3375 2583 3430 credere
2643 3375 3014 3432 aﬂ'ectionibns
3067 3379 3378 3433 immunem.
3434 3378 3544 3433 Nec

1971 3466 2225 3533 quoniam
2265 3465 2514 3521 mortalia
2543 3466 2796 3520 animalia
2833 3482 2930 3537 per
2964 3466 3212 3521 all'eclum
3245 3479 3535 3537 generant,

1971 3557 2046 3610 ita
2083 3570 2300 3625 quoque
2350 3555 2418 3610 de
2467 3555 2578 3610 Deo
2627 3557 2830 3610 sentire
2885 3559 3166 3626 oportebat
3209 3575 3223 3610 :
3271 3559 3366 3612 sed
3417 3558 3545 3614 hinc

1972 3650 2152 3716 magis
2197 3650 2390 3704 deduci
2425 3647 2494 3702 ad
2545 3649 2852 3710 veritatem,
2895 3650 3035 3718 quod
3068 3650 3319 3717 quoniam
3357 3665 3544 3705 corru-

1973 3741 2178 3811 ptibilia
2213 3741 2316 3795 hoc
2345 3742 2528 3805 modo,
2559 3739 2607 3795 is
2644 3741 2738 3810 qui
2778 3740 3204 3809 incorruptiliilis
3234 3751 3339 3802 est,
3384 3743 3572 3797 modo.

1971 3836 2250 3891 contrario
2297 3845 2540 3905 generat.
2590 3834 2776 3905 Neque
2821 3849 2950 3888 vero
2986 3835 3114 3888 illud
3162 3834 3392 3898 dixerit,
3442 3850 3542 3888 no-

1975 3928 2116 3981 mina
2142 3928 2258 3982 haec
2280 3942 2401 3996 qua:
2431 3926 2596 3996 259
2625 3929 2845 3998 proprie
2877 3942 2940 3982 ac
2985 3927 3245 3997 primario
3275 3927 3341 3982 de
3368 3929 3545 3982 homi-

1973 4020 2128 4074 nibus
2180 4029 2437 4088 usurpata
2483 4029 2638 4084 sunt,
2677 4021 2742 4073 de
2795 4019 2901 4073 Deo
2931 4035 2956 4072 a
2997 4019 3152 4072 nobis
3184 4018 3288 4072 dici
3321 4033 3416 4088 per
3460 4020 3547 4074 ab-

1971 4129 2154 4167 usum.
2204 4111 2413 4166 Etenim
2454 4111 2712 4167 Dominus
2750 4121 2933 4165 noster
2962 4111 3121 4165 Jesus
3165 4111 3432 4177 Christus,
3478 4113 3544 4164 ad

1972 4205 2211 4256 omnium
2258 4203 2580 4271 principium
2622 4212 2676 4256 et
2721 4218 2904 4254 veram
2955 4217 3135 4255 rerum
3180 4217 3400 4256 causam
3449 4215 3546 4255 nos

1975 4297 2236 4350 reducens
2266 4314 2278 4347 :
2325 4293 2426 4346 Vos
2467 4306 2641 4348 autem
2677 4295 2838 4347 nolite
2882 4309 3087 4356 uocare,
3122 4293 3312 4360 inquit,
3346 4303 3546 4362 patrem

289 4384 493 4452 Πατὴρ
523 4385 633 4455 (72)
667 4385 833 4454 ὑμῶν
865 4391 897 4439 ὁ
931 4387 1233 4454 οὐράνιος.
1279 4385 1404 4448 Πῶς
1443 4380 1533 4437 οὖν
1565 4383 1641 4445 ὡς
1685 4400 1864 4454 σαρκι-

1978 4397 2200 4441 uestrum
2240 4387 2293 4438 in
2330 4397 2509 4448 terra;
2534 4400 2684 4452 unus
2724 4387 2864 4438 enim
2912 4396 2985 4438 est
3025 4384 3185 4440 Pater
3233 4397 3395 4439 vester
3440 4401 3543 4439 cce-

290 4477 400 4530 κῶν
429 4476 618 4529 παθῶν
650 4479 1075 4548 προηγουμένως
1116 4477 1449 4540 ἐπιδεικτικὰς
1481 4477 1684 4538 ταύτας
1722 4477 1870 4545 ἡμᾶς

291 4571 432 4635 ἀξιοῖ
460 4569 559 4633 τὰς
602 4572 784 4638 φωνὰς
823 4571 1280 4640 ἀποπέμπεσθαι,
1329 4571 1394 4634 ἃς
1423 4571 1452 4622 6
1482 4569 1684 4640 Κύριος
1737 4569 1865 4637 (75),

290 4662 363 4722 ὡς
409 4664 471 4732 τῇ
510 4661 745 4733 ἀπαθείᾳ.
781 4660 873 4712 τοῦ
919 4661 1053 4713 Θεοῦ
1106 4660 1438 4730 πρεπούσας,
1483 4661 1590 4713 ἀπὸ
1627 4658 1735 4712 τῶν
1775 4659 1870 4712 ἁν-

291 4750 527 4822 θρώπων
570 4752 707 4824 πρὸς
755 4752 919 4804 αὑτὸν
973 4751 1086 4823 (74)
1145 4753 1528 4822 μετατίθησιν;
1565 4752 1628 4804 Εἰ
1681 4750 1736 4804 δὲ
1784 4750 1877 4802 καὶ

360 4866 406 4896 δ’
448 4864 636 4918 Matth.
665 4881 823 4933 xxiii,
851 4867 903 4922 9.

361 4978 472 5048 (67)
516 4978 667 5049 Unus
709 4991 802 5032 aut
837 4981 974 5034 alter
1010 4995 1108 5036 ms.
1137 4998 1258 5034 cum
1304 4983 1462 5037 editis
1493 4982 1666 5049 λέγων
1689 5022 1701 5034 .
1729 5025 1739 5035 .
1767 5023 1778 5035 .
1811 5023 1822 5034 .
1853 5025 1864 5037 .

289 5051 556 5120 ἐκκλίνωᾷ
576 5048 680 5102 Alii
710 5051 950 5120 quinque
992 5067 1120 5105 mss.
1151 5052 1412 5120 λέγω.....
1441 5048 1726 5108 ἐκκλίνων.

363 5121 476 5187 (68)
516 5118 659 5172 Editi
707 5119 1100 5175 ἐνδείκνυνται.
1160 5118 1387 5177 Veteres
1457 5125 1697 5192 quinque
1746 5122 1869 5178 libri

289 5192 645 5246 ἐνδείκνυται.

363 5262 476 5333 (69)
519 5260 660 5314 Editi
688 5260 860 5336 Paris.
883 5263 1228 5336 ἀκούσωμεν,
1254 5264 1331 5336 61:
1361 5263 1667 5336 ἄνθρωπος.
1696 5261 1872 5317 Editio

293 5333 422 5391 Victi.
452 5331 503 5386 ct
540 5345 634 5386 sex
667 5347 796 5403 mss.
823 5331 1149 5403 ἀκούσωμεν
1195 5331 1498 5403 ἄνθρωπος.
1540 5333 1646 5387 Sed
1683 5349 1868 5388 vocem

289 5404 371 5455 ὅτι
401 5404 597 5474 inepte
645 5401 900 5474 omissam
933 5401 1078 5474 esse
1128 5419 1194 5458 ex
1243 5401 1313 5457 eo
1343 5404 1681 5474 intelligitur,
1725 5405 1868 5472 quod

291 5472 469 5544 statim
499 5474 744 5544 legamus
771 5473 900 5527 ὅταν
925 5473 1000 5536 δὲ,
1032 5475 1114 5527 ὅτι
1141 5476 1168 5527 6
1208 5474 1340 5535 Θεὸς
1374 5472 1585 5544 Πατήρ.

361 5542 472 5608 (70)
516 5542 737 5619 Veteres
784 5555 1018 5612 quatuor
1077 5544 1194 5598 libri
1252 5559 1374 5619 cum
1430 5542 1592 5619 editis
1640 5560 1870 5619 Rapa.th

291 5612 479 5685 θέντα.
526 5613 626 5665 Alii
683 5619 787 5667 duo
857 5630 987 5671 mss.
1037 5614 1417 5685 παρατιθέναι.
1485 5613 1684 5685 Ibidem
1722 5612 1868 5667 "editi

293 5683 448 5767 μηδὲ⁴
468 5684 546 5735 ὅτι
570 5723 579 5736 .
607 5723 616 5735 .
646 5727 655 5736 .
684 5723 694 5734 .
719 5725 729 5737 .
778 5686 991 5754 γεννᾷν.
1026 5683 1172 5740 Libri
1209 5686 1413 5754 antiqui
1449 5683 1570 5755 μηδ’
1600 5686 1713 5736 ὅτι.
1745 5724 1754 5736 .
1780 5721 1792 5736 .
1819 5724 1829 5736 .

289 5770 470 5822 γεννᾳ.

1977 4479 2209 4531 lestis".
2262 4477 2543 4542 Quomodo
2595 4477 2756 4547 igitur
2809 4491 2966 4531 voces
3013 4477 3145 4538 has,
3197 4486 3450 4544 tanquam
3501 4476 3544 4528 si

1979 4568 2249 4636 praecipue
2303 4566 2554 4618 carnales
2621 4564 2845 4620 all'ectus
2919 4565 3319 4634 signiﬁcarent,
3385 4579 3545 4633 repu-

1983 4659 2206 4712 diendas
2253 4668 2434 4712 censet
2477 4673 2660 4726 :quas
2711 4658 2990 4711 Dominus‘
3019 4669 3202 4712 noster
3251 4656 3399 4712 velut
3456 4657 3546 4708 Dei

1987 4751 2256 4818 aput/tiam
2307 4750 2561 4803 decentes
2591 4749 2660 4802 ab
2697 4748 3002 4803 hominibus
3046 4748 3111 4802 ad
3149 4749 3321 4817 ipsum
3369 4757 3547 4801 trans—

2043 4981 2156 5051 (71)
2200 4979 2341 5035 Editi
2393 4989 2448 5032 et
2492 4995 2624 5034 mss.
2671 4994 2780 5032 non
2820 4979 2975 5047 pauci
3026 4975 3370 5046 ἐπιλέγομεν.
3415 4976 3546 5048 Rrg.

1972 5054 2162 5106 tertius
2199 5051 2564 5119 ὲπιλέγωμεν.

2043 5123 2157 5192 (72)
2198 5121 2337 5174 Editi
2367 5115 2395 5173 6
2422 5115 2634 5189 Πατήρ.
2667 5118 2942 5173 Articulus
2975 5117 3027 5170 in
3061 5132 3189 5170 mss.
3215 5115 3414 5170 nostris
3442 5133 3548 5169 non

1971 5192 2260 5246 invenitur.

2044 5261 2155 5332 (75)
2199 5261 2337 5316 Editi
2397 5260 2604 5332 Κύριος
2661 5259 2839 5330 ἡμῶν.
2900 5258 3008 5312 Vox
3067 5257 3253 5311 ultima
3299 5257 3353 5309 in
3415 5270 3546 5309 mss.

1974 5334 2142 5389 deest.
3251 5379 3256 5383 .

2050 5405 2160 5471 (74)
2201 5403 2340 5456 Editi
2373 5410 2427 5454 et
2452 5401 2558 5455 duo
2589 5416 2717 5454 mss.
2746 5400 2882 5471 πρὸς
2922 5399 3131 5452 ἑαυτόν.
3181 5395 3340 5471 Unde
3378 5396 3549 5471 inter—

1979 5467 2102 5541 pres
2129 5467 2153 5525 ε’
2185 5475 2254 5526 ad
2291 5489 2344 5526 se
2381 5474 2550 5536 ipsum
2601 5467 2852 5539 transfert
2881 5485 2900 5521 :
2935 5471 3073 5541 quod
3121 5469 3248 5541 quin
3288 5467 3547 5541 _vitio_snin

1978 5537 2068 5604 sit,
2100 5543 2331 5597 dubitari
2363 5543 2507 5594 nullo
2541 5543 2697 5594 modo
2729 5537 2926 5610 potest.
2961 5540 3074 5593 Non
3103 5538 3248 5592 enim
3288 5537 3581 5610 Dominust

1979 5629 2037 5668 se
2073 5615 2185 5682 ipse
2217 5622 2369 5666 vocat
2411 5611 2623 5665 Patrem
2655 5629 2670 5664 :
2703 5605 2796 5665 sed
2839 5610 2895 5682 id
2945 5624 3138 5682 nomen
3183 5605 3444 5682 transfert
3484 5609 3548 5667 ad
3596 5605 3614 5631 ‘

1981 5675 2146 5736 Deum
2184 5685 2595 5742 universorum,
2645 5697 2738 5734 seti
2786 5680 2850 5732 ad
2891 5696 3044 5732 suum
3097 5675 3266 5746 ipsius
3313 5675 3546 5731 Patrem.

1981 5755 2158 5808 ‘Jodcx
2192 5753 2342 5807 Colb.
2372 5763 2424 5807 et
2456 5751 2544 5806 alii
2586 5760 2695 5806 tres
2727 5751 2857 5815 πρὸς
2889 5749 3071 5813 αὑτὸν,
3101 5759 3265 5804 recte.
